4130 6312
634 301 709 358 53
1394 319 1450 372 s.
1491 318 1769 375 JOANNIS
1805 317 2278 376 cnuvsosrom
2319 319 2639 379 ARCUIEP.
2679 329 3206 385 CONSTANTlNOP.
3941 348 4011 403 54

638 410 824 465 ἔδοσαν
845 417 1056 472 οὐδέπω
1091 423 1181 474 καὶ
1210 426 1480 495 σήμερον;
1511 429 1621 481 Ἵνα
1651 430 1825 498 μάθῃς
1851 431 1931 482 ὅτι
1962 429 2094 481 πολὺ
2119 428 2270 498 χαλε-

638 501 856 571 πωτέρᾳ
879 505 1165 574 τηροῦνται
1191 515 1446 584 τιμωρίᾳ.

715 619 898 674 ι’.Ὂτι
922 624 1030 694 γάρ
1049 625 1165 679 ἐστι
1182 629 1526 702 χαλεπώτερα
1551 634 1795 703 Σοδόμων
1811 634 2020 696 παθεῖν,
2050 635 2276 688 ἄκουσον

637 704 731 757 τοῦ
763 706 999 776 Χριστοῦ
1033 712 1307 779 λέγοντος-
1352 716 1757 787 Ἀνεκτότερον·
1781 721 1948 773 ἔσται
1989 719 2064 787 γῇ
2104 719 2274 772 Σοδό-

633 807 762 857 μων
793 794 888 846 καί
936 798 1237 865 Γομόρῤας
1273 802 1340 854 ἐν
1376 803 1564 870 ἡμέρᾳ
1608 807 1876 872 κρίσεως,
1915 806 1951 871 ἢ
1999 805 2073 872 τῇ
2108 807 2277 857 πόλει

637 875 1011 943 ταύτῃ.Ὢστε
1038 882 1135 934 κᾶν
1168 884 1629 955 καλλωπιζόμεναι
1660 889 1751 942 νῦν
1795 892 2044 956 γυναῖκες
2073 889 2144 958 μὴ
2174 889 2276 941 πά-

638 959 821 1022 θωσιν,
851 963 991 1034 ἅπερ
1014 967 1210 1020 ἔπαθον
1234 972 1289 1023 αί
1317 973 1435 1025 τότε
1456 974 1934 1043 καλλωπιζόμεναι,
1965 975 2038 1043 μὴ
2067 975 2277 1043 θαρρεί-

637 1049 913 1131 tamafo
952 1050 1060 1120 γάρ
1090 1054 1252 1124 ἀνοχὴ
1292 1057 1427 1127 αὐτὴ
1459 1061 1550 1112 καὶ
1581 1062 1612 1129 ή
1651 1061 1996 1131 μακροθυμία
2036 1061 2275 1130 χαλεπω-

637 1130 800 1216 τέραν
832 1136 1055 1202 σωρεύει
1083 1139 1175 1191 τοῦ
1207 1141 1372 1211 πυρὸς
1397 1143 1491 1212 τήν
1517 1146 1758 1214 κάμινον,
1789 1148 1881 1198 καὶ
1920 1146 2136 1214 μείζονα
2181 1147 2276 1216 τὴν

637 1214 808 1282 φλόγα
833 1217 1139 1285 ἐργάζεται.
1161 1223 1329 1277 Τοῦτο
1359 1228 1449 1279 καὶ
1475 1228 1568 1280 ἐπὶ
1598 1229 1832 1283 Ἀνανίου
1857 1231 1948 1282 καὶ
1972 1214 2275 1298 Σαπφείρας

637 1301 845 1368 γέγονε.
877 1303 979 1357 Kal
1015 1307 1122 1376 γὰρ
1153 1309 1345 1362 ἐκεῖνοι
1381 1314 1439 1364 ἐν
1483 1314 1620 1384 ἀρχῇ
1652 1315 1744 1367 καὶ
1772 1315 2033 1384 προοιμίῳ
2058 1317 2148 1367 τοῦ
2176 1334 2276 1384 κη-

640 1385 912 1454 ρύγματος
966 1391 1279 1462 ὑφελόμενοι
1319 1396 1430 1450 τῶν
1479 1399 1770 1468 χρημάτων
1819 1400 2055 1459 ἐκείνων.
2089 1399 2276 1469 ἀθρόον

635 1472 1078 1544 ἀνηρπάσθησαν,
1112 1479 1244 1544 μετά
1276 1480 1332 1532 δὲ
1369 1482 1603 1546 ἐκείνους
1635 1484 1814 1537 πολλοὶ
1844 1485 2059 1537 τοιαῦτα
2082 1485 2275 1555 τολμή-

638 1573 846 1620 σαντες,
869 1561 1020 1612 οὑδὲν
1047 1562 1263 1615 ἔπαθον.
1292 1565 1413 1626 Πῶς
1436 1562 1525 1619 οὖν
1547 1567 1612 1620 ἂν
1640 1567 1748 1636 ἐχοι
1766 1569 1938 1634 λόγον,
1967 1570 2054 1621 τὸν
2074 1570 2276 1623 δίκαιον

636 1642 823 1711 κριτὴν
855 1645 945 1696 καὶ
992 1649 1124 1698 πᾶσι
1155 1647 1223 1699 τά
1256 1647 1368 1719 [Π]
1406 1649 1492 1702 ἴσα
1538 1652 1784 1720 νέμοντα.
1820 1655 1941 1715 τοὺς
1989 1655 2084 1721 μὲν
2117 1650 2275 1725 ἦττον

635 1727 1016 1796 ἡμαρτηκότας
1043 1731 1289 1796 κολάσαι,
1323 1735 1444 1797 τοὺς
1475 1737 1529 1788 δὲ
1564 1737 1910 1806 χαλεπώτερα
1953 1740 2275 1807 ποιήσαντας

637 1811 883 1880 meum;
919 1817 1031 1868 Οὐκ
1057 1817 1296 1888 εῦδηλον,
1323 1820 1402 1873 ὅτι
1440 1823 1621 1892 ἐπειδὴ
1659 1823 1878 1892 ἔστησεν
1905 1825 2129 1893 ἡμέραν,
2159 1826 2214 1876 ἐν

637 1897 816 1962 μέλλει
846 1901 1047 1968 κρίνειν
1075 1903 1170 1972 τὴν
1201 1907 1537 1976 οἰκουμένην,
1561 1908 1647 1960 διὰ
1671 1908 1824 1960 τοῦτο
1849 1910 2158 1962 ἀνεϐάλλετο
2181 1911 2275 1978 τὴν

634 1984 918 2051 τιμωρίαν,
950 1985 1033 2038 ἵνα
1083 1988 1114 2056 ἢ
1164 1992 1228 2060 τῇ
1278 1992 1621 2062 μακροθυμίᾳ
1666 1993 1923 2060 γένωνται
1956 1993 2273 2064 βελτίους,ἣ

634 2069 744 2127 τοῖς
793 2069 973 2132 αὐτοῖς
1018 2075 1362 2141 ἐπιμένοντες
1411 2077 1759 2148 χαλεπώτερα
1808 2078 2078 2140 πάθωσιν;
2114 2079 2276 2130 Ὅταν

633 2151 806 2203 τοίνυν
837 2155 1169 2225 ἁμαρτόντες
1191 2171 1215 2199 α
1261 2160 1330 2213 τὰ
1361 2162 1496 2214 αύτά
1526 2165 1636 2224 τοῖς
1666 2164 1765 2232 ἤδη
1796 2163 2276 2232 πεπλημμεληκὸσι

633 2238 724 2286 καὶ
757 2239 1079 2300 κολασθεῖσι.
1112 2245 1183 2313 μὴ
1235 2245 1303 2297 τά
1345 2248 1482 2298 αὺτά
1523 2248 1799 2318 πάθωμεν,
1846 2249 1917 2318 μὴ
1970 2248 2271 2318 θαρρῶμεν,

631 2321 765 2373 ἀλλά
797 2326 993 2391 μᾶλλον
1027 2329 1548 2403 φοϐώμεθαῘΩσπρ
1585 2334 1692 2402 γὰρ
1721 2335 1878 2403 νόμον
1905 2335 2001 2404 τὴν
2031 2337 2114 2386 ἐπ’
2135 2336 2275 2387 ἐκεί-

631 2425 735 2458 νων
784 2413 1049 2481 τιμωρίαν
1097 2412 1382 2484 ἐξήνεγκεν
1429 2419 1457 2470 6
1506 2419 1654 2482 Θεὸς,
1691 2421 1821 2472 πᾶσι
1855 2421 2150 2488 παραινῶν,
2183 2421 2275 2472 καὶ

632 2493 832 2560 λέγων,
858 2499 937 2549 ὅτι
969 2501 1065 2552 Διὰ
1105 2501 1259 2554 τοῦτο
1285 2503 1375 2555 τὸν
1404 2504 1460 2568 ἐξ
1489 2505 1659 2573 ἀρχῆς
1689 2505 1994 2574 ἁμαρτόντα
2025 2505 2272 2569 ἐκόλασα,

632 2577 718 2631 ἵνα
750 2581 842 2631 καὶ
872 2582 936 2633 σὺ
971 2585 999 2635 ό
1025 2585 1140 2650 μετ’
1167 2588 1401 2650 ἐκείνους
1430 2589 1777 2658 πλημμελῶν,
1805 2591 1872 2641 τὰ
1897 2591 2031 2641 αὐτὰ
2073 2590 2272 2658 ἀναμέ-

633 2680 747 2735 νῃς,
775 2668 858 2719 ἵνα
883 2671 1191 2742 μεταϐάλλῃ
1217 2674 1308 2724 καὶ
1332 2673 1461 2746 γένῃ
1481 2674 1719 2743 βελτίων.
1743 2675 1865 2737 Τοῖς
1894 2675 2000 2744 γὰρ
2019 2674 2272 2735 τοιούτοις

632 2750 983 2823 ἁμαρτήμασι
1012 2756 1254 2809 τοιαῦται
1297 2762 1498 2812 κεῖνται
1543 2761 1818 2830 τιμωρίαι,
1852 2760 1949 2812 κᾶν
1983 2762 2054 2830 μὴ
2096 2778 2271 2829 παρα-

632 2838 818 2905 χρῆμα
847 2838 1128 2908 ἐρχωνται.
1158 2844 1373 2906 Τούτοις
1404 2845 1460 2897 δέ
1493 2845 1587 2914 οὐχ
1610 2847 1789 2909 ἁπλῶς
1815 2846 2131 2916 ἐνδιέτριψα,
2159 2845 2271 2898 ἀλλ’

632 2924 813 2992 ἐπειδὴ
848 2927 1079 2996 πονηρὸν
1109 2929 1316 2998 νόσημα
1345 2933 1422 2992 είς
1449 2931 1546 2994 τὰς
1576 2933 1680 2983 τῶν
1707 2933 2000 3002 ἀνθρώπων
2029 2932 2272 3002 είσῆλθεν

631 3010 804 3074 οἰκίας
825 3011 909 3065 διὰ
931 3014 1028 3082 τῆς
1049 3015 1154 3067 τῶν
1175 3017 1442 3083 γυναικῶν
1468 3017 1736 3086 βλακείας,
1762 3019 1789 3069 ό
1809 3019 1906 3087 τῆς
1926 3019 2269 3088 φιλοκοσμίας

631 3095 789 3165 ἔρως,
830 3099 887 3161 ὃς
917 3102 1010 3153 καὶ
1044 3102 1142 3171 τὴν
1171 3103 1278 3156 τῶν
1313 3106 1605 3175 χρημάτων
1645 3105 1881 3158 ἐπέτεινε
1911 3106 2095 3175 ρανίδα
2113 3108 2161 3168 b,
2194 3110 2271 3168 εἰς

630 3182 889 3252 ἀκαίρους
936 3186 1176 3250 δαπάνας
1222 3190 1346 3252 τοὺς
1384 3191 1575 3260 ἄνδρας
1605 3190 1870 3260 ἐμϐαλὼν,
1902 3193 1993 3243 καὶ
2038 3193 2269 3260 πολέμου

635 3268 725 3320 καὶ
775 3270 1013 3335 στάσεως
1053 3277 1147 3326 καὶ
1191 3275 1512 3343 φιλονεικίας
1543 3277 1791 3340 ὑπόθεσις
1835 3279 2108 3347 γινόμενος
2139 3279 2269 3330 καθ-

634 3355 917 3424 ημερινῆς,
947 3358 1038 3410 καὶ
1068 3359 1167 3421 τὰς
1208 3359 1312 3412 τῶν
1344 3363 1583 3432 πενήτων
1616 3362 1938 3414 κατατείνων
1984 3364 2267 3431 γαστέρας.

634 3435 803 3490 Ὅταν
832 3440 940 3510 γάρ
967 3441 1182 3495 ἅπασαν
1208 3443 1304 3514 τὴν
1328 3444 1510 3497 οὐσίαν
1539 3445 1691 3515 γυνὴ,
1729 3447 1761 3515 ἢ
1797 3448 1886 3498 καὶ
1907 3447 1966 3498 τὸ
1987 3447 2142 3498 πλέον
2165 3448 2270 3499 τῶν

630 3522 817 3586 ὄντων,
846 3527 925 3585 είς
966 3527 1064 3598 τὴν
1096 3527 1190 3581 τοῦ
1226 3529 1469 3600 σώματος
1503 3531 1656 3601 ὕϐριν
1683 3532 1958 3603 ἀναγκάζῃ
1993 3532 2080 3584 τὸν
2107 3533 2270 3602 ἄνδρα

631 3610 871 3681 δαταινᾷν
905 3613 1081 3684 (ὕϐρις
1113 3615 1219 3685 γὰρ
1245 3616 1504 3684 σώματος,
1526 3618 1586 3668 τὸ
1611 3619 1981 3688 περικείμενον
2005 3621 2268 3688 χρυσίον),

629 3696 842 3767 ἀνάγκη
872 3697 967 3767 τὴν
991 3702 1146 3769 χεῖρα
1179 3701 1549 3754 συστέλλεσθαι
1572 3705 1704 3772 πρὸς
1731 3705 1827 3772 τὴν
1854 3706 1950 3772 τῆς
1980 3707 2270 3775 ἐλεημοσύ-

630 3799 724 3850 νης
744 3782 1067 3852 φιλοτιμίαν.
1093 3787 1200 3838 Καὶ
1224 3787 1390 3839 πολλά
1408 3788 1460 3840 δὲ
1489 3789 1646 3856 ἕτερα
1679 3790 1741 3841 ἐκ
1771 3789 1954 3842 τούτου
1980 3793 2270 3861 τικτόμενα

629 3868 775 3923 ἔστιν
810 3871 934 3924 [δεῖν
963 3872 1365 3943 ἁμαρτημάτων
1396 3875 1527 3944 εἴδη.
1577 3876 1734 3928 Ἀλλά
1760 3877 1928 3929 ταῦτα
1960 3880 2182 3945 ἀφέντες
2202 3881 2266 3947 τῇ

626 3955 792 4025 πείρᾳ
833 3957 942 4009 τῶν
999 3959 1309 4027 πασχόντων
1358 3961 1549 4013 εἰδέναι
1599 3963 1800 4028 σαφῶς,
1850 3964 1954 4014 τῶν
2003 3965 2268 4032 ἐχομένων

627 4041 943 4110 ἁπτώμεθα.
978 4043 1122 4096 Μετὰ
1151 4045 1258 4114 γὰρ
1295 4046 1355 4097 τὸ
1398 4049 1737 4116 παραστῆσαι
1763 4049 1861 4118 τῆς
1901 4050 2269 4118 αἰχμαλωσίας

625 4128 686 4179 τὸ
714 4127 915 4197 σχῆμα,
949 4129 1040 4181 καὶ
1067 4129 1256 4194 είπεῖν,
1283 4131 1362 4182 ὅτι
1403 4133 1544 4185 Ἀντὶ
1559 4133 1651 4185 τοῦ
1667 4134 2042 4204 καλλωπισμοῦ
2068 4136 2267 4206 ταύτην

625 4215 830 4281 ἐπάγω,
856 4214 1109 4267 ἐπιτείνει
1130 4214 1226 4284 τὴν
1258 4217 1552 4288 συμφοράν,
1583 4218 1752 4285 λέγων
1772 4236 1784 4248 ·
1813 4221 1918 4271 Καί
1947 4223 1978 4272 ό
2007 4222 2132 4285 υἱός
2152 4237 2266 4277 σου

624 4305 657 4354 ὀ
689 4301 1030 4367 κάλλιστος,
1060 4302 1130 4352 ὃν
1173 4301 1424 4370 ἀγαπᾷς,
1452 4305 1709 4372 μαχαίρᾳ
1758 4304 2034 4366 πεσεῖται,
2075 4306 2171 4358 καὶ
2215 4309 2266 4359 οἱ

625 4389 936 4456 ισχύοντες
973 4387 1138 4456 ὑμῶν
1161 4389 1418 4456 μαχαίρᾳ
1453 4389 1795 4444 πεσοῦνται.
1828 4390 1992 4441 Τοῦτο
2033 4391 2138 4459 γὰρ
2186 4392 2268 4443 al-

623 4472 933 4541 χμαλωσίας
958 4473 1350 4542 χαλεπώτερον.
1381 4474 1486 4526 Kal
1513 4475 1618 4544 γάρ
1645 4477 1759 4526 ἐστι
1794 4473 1903 4542 ζωὴ
1935 4474 2160 4526 θανάτου
2179 4493 2266 4527 πι-

625 4559 1045 4628 κροτέρα.”οταν
1087 4560 1193 4628 γὰρ
1237 4559 1371 4627 μετὰ
1401 4560 1496 4628 τῆς
1525 4560 1761 4622 δουλείας
1791 4562 1880 4612 καὶ
1913 4561 2064 4630 ἄωρα
2096 4561 2262 4632 πένθη

623 4645 837 4714 θρηνεῖν
865 4643 1290 4711 ἀναγκάζωνται,
1319 4646 1563 4714 ἐννόησον
1610 4647 1730 4697 ὅσον
1774 4647 1869 4712 τῆς
1904 4649 2180 4716 συμφορᾶς
2205 4649 2263 4698 τὸ

625 4731 870 4799 μέγεθος,
897 4730 1004 4783 τῶν
1035 4730 1154 4783 καθ’
1176 4729 1381 4781 ἐαυτὰα
1416 4731 1624 4799 πικρῶν
1659 4731 1822 4782 ὄντων
1855 4735 2264 4801 συναπτομένων

621 4817 882 4886 ἀλλήλοις.
919 4818 1027 4869 Kal
1056 4817 1163 4886 γάρ
1209 4817 1256 4868 εί
1301 4817 1639 4885 αίχμαλωσία
1682 4817 1812 4885 μόνη
1860 4813 1948 4886 ἦν,
1999 4821 2263 4889 ἀφόρητον

620 4898 689 4972 ἦν
721 4903 782 4953 τὸ
828 4903 1026 4955 δεινόν·
1082 4903 1175 4955 καὶ
1239 4903 1286 4953 εί
1354 4903 1409 4952 ἐν
1467 4901 1742 4970 ἐλευθερία
1792 4901 2004 4964 ζώντων
2043 4907 2263 4957 τοιαῦτα

623 4989 896 5042 συνέϐαινε
947 4987 1136 5057 πένθη,
1173 4989 1396 5041 θανάτου
1440 4989 1732 5057 πικροτέρα
1776 4984 1841 5057 ἦν
1871 4991 1903 5058 ή
1934 4991 2063 5060 ζωή.
2106 4992 2263 5044 Ἀλλά

620 5074 715 5127 νῦν
746 5076 1026 5144 ἀμφότερα
1056 5074 1225 5134 ἔσται,
1256 5074 1405 5142 φησὶ,
1434 5076 1740 5143 συνηγμένα
1762 5076 2021 5144 ἀλλήλοις.
2052 5079 2261 5131 Μᾶλλον

620 5160 676 5212 δέ
703 5161 891 5230 διπλῆν
915 5162 996 5213 δεῖ
1020 5159 1220 5229 ταύτην
1250 5159 1430 5212 καλεῖν
1465 5161 1760 5230 συμφορὰν,
1787 5163 1878 5213 καὶ
1899 5164 2148 5233 τριπλῆν,
2171 5167 2262 5217 καὶ

654 5354 696 5427 _'
725 5355 1192 5462 Reg.r&u.aptﬁ)wec,
1215 5361 1267 5403 et
1291 5357 1360 5403 sic
1400 5355 1625 5417 superius
1665 5360 1983 5420 ἀμαρτιῖωτας,
2025 5367 2074 5410 el.
2114 5367 2262 5427 ἁμαρ-

654 5432 771 5462 ωντα
798 5429 844 5462 ιιι
870 5429 935 5462 ra.

619 5432 771 5462 τωντα
798 5429 935 5462 11111⁸8.

681 5476 708 5514 h
743 5477 888 5524 Savll.
917 5474 1190 5538 suspicatur
1213 5476 1469 5536 legendum
1501 5480 1758 5538 τυραννίδα,
1787 5481 1849 5527 ita
1887 5485 2044 5530 tamen
2071 5485 2261 5534 uthanc

620 5538 765 5584 etiam
790 5549 958 5584 vocem
990 5537 1104 5598 huic
1124 5537 1232 5598 loco
1254 5550 1347 5583 non
1387 5537 1578 5596 prorsm
1600 5549 1754 5598 aplnm
1784 5544 2046 5590 existimet.
2077 5545 2261 5593 Boisius

621 5598 816 5670 conﬁcit.
839 5600 1006 5668 ἐρωτα.
1035 5597 1133 5665 8ςὸ
1172 5597 1902 5670 ῐιίιηξενιζυυιηηιίὶνρςεὶιαε.,υἱ
1948 5611 2001 5650 ιιι
2035 5618 2114 5651 res
2165 5615 2258 5661 est.

621 5655 880 5730 ῥανίδαχιὶιξ
903 5655 1211 5730 poeniegrinum
1235 5658 1353 5706 olet.
1381 5657 1485 5704 Mox
1513 5661 1624 5720 Reg.
1658 5663 1866 5721 ἐμϐαλών
1895 5671 2043 5712 recte.
2091 5655 2255 5715 Morel:

619 5727 671 5766 et
693 5719 839 5764 SaVil-
863 5719 1086 5764 ἐκϐαλών.

683 5781 704 5807 ε
733 5779 853 5839 Reg.
878 5786 930 5828 et
951 5777 1099 5829 Savil.
1126 5778 1227 5826 καθ’
1247 5778 1422 5826 ἑαυτῶν

2379 436 2702 505 τετραπλῆν,
2731 439 2854 490 ὅταν
2896 440 2988 491 καὶ
3018 440 3147 501 υίὸς,
3180 441 3268 492 καὶ
3298 440 3592 503 κάλλιστος,
3627 443 3720 495 καὶ
3750 444 4015 512 ποθούμε-

2379 535 2482 583 νος,
2510 522 2601 573 καὶ
2646 523 2748 575 ύπδ
2780 524 3083 594 βαρϐάρων,
3118 525 3250 577 ἀλλά
3280 525 3355 594 μὴ
3382 526 3457 594 τῷ
3489 527 3648 596 κοινῷ
3683 529 3782 598 τῆς
3805 529 4012 598 φύσεως

2381 607 2628 660 καταλύει
2656 609 2801 678 νόμῳ
2827 609 2916 662 τὸν
2944 609 3054 678 βίον
3072 625 3086 639 ο
3117 611 3208 662 καὶ¹
3247 611 3382 677 μετά
3412 611 3595 664 τούτου
3625 615 3715 666 καὶ
3737 616 3785 666 οί
3817 617 3872 666 ἐν
3896 615 4009 682 ήλι⁴

2377 692 2470 762 κίᾳ
2517 694 2733 756 πάντες,
2766 695 2903 747 ὥστε
2952 696 3082 765 μηδὲ
3123 696 3308 747 ἐλπίδα
3347 695 3525 759 αὐτοῖς
3573 695 3706 750 εἶναι
3753 700 4008 769 χρηστὴν,

2376 777 2496 829 ὅσον
2528 781 2605 841 είς
2633 779 2970 851 ἀνθρωπίνην
3006 776 3106 851 ἦκε
3147 781 3393 849 βοήθειαν
3423 782 3512 834 καὶ
3543 784 3866 852 συμμαχίαν.
3905 787 4011 837 Καὶ

2377 863 2869 929 ταπεινωθήσεται
2892 865 2919 904 ἀ
2947 883 2959 896 ·
2991 867 3087 919 καί
3124 864 3238 936 [48]
3279 867 3684 932 πενθήσουσιν
3729 871 3786 920 al
3835 869 4011 936 θῆκαι

2375 948 2482 1001 τοῦ
2512 951 2738 1019 κόσμου
2779 953 2960 1021 ὑμῶν,
2990 953 3085 1007 καὶ
3113 953 3551 1022 καταλειφθήσῃ
3581 954 3758 1022 μόνη,
3788 957 3884 1008 καί
3928 959 4012 1021 είς

2375 1033 2490 1100 τὴν
2519 1035 2636 1103 τῆν
2662 1035 3052 1106 ἐδαφισθήσῃ.
3085 1038 3182 1092 Διά
3214 1040 3426 1092 πάντων
3465 1039 3614 1102 αῦξει
3661 1039 3749 1091 τὸν
3797 1039 4010 1109 θρῆνον,

2377 1121 2628 1174 ἐπιτείνει
2649 1123 2738 1176 τὸν
2758 1123 2937 1191 φόϐον,
2967 1124 3312 1194 ἀκμάζουσαν
3333 1126 3426 1193 τὴν
3447 1121 3680 1192 ἀγωνίαν
3705 1126 4010 1196 ἐργάζεται,

2377 1206 2465 1257 ὑπ’
2498 1206 2614 1275 ὄψιν
2647 1207 2765 1275 ἄγει
2803 1209 2870 1260 τὰ
2893 1210 3059 1274 δεινὰ,
3089 1211 3298 1279 εὐρύνει
3339 1214 3435 1280 τῆς
3467 1212 3743 1281 συμφορᾶς
3790 1211 3887 1280 τὴν
3934 1212 4012 1263 δι-

2376 1292 2588 1359 ήγησιν,
2615 1293 2881 1362 πανταχοῦ
2915 1295 3262 1364 περιτρέχων,
3288 1296 3540 1348 πάντοθεν
3561 1297 3799 1362 συνάγων
3831 1297 3898 1347 τὰ
3923 1295 4012 1346 λυ-

2377 1376 2524 1442 πηρά
2567 1377 2653 1429 διὰ
2702 1378 2799 1449 τὴν
2839 1379 2946 1430 τῶν
2991 1380 3289 1432 ἀκουόντων
3327 1379 4013 1450 ἀναισθησίαν.’Λγαπητὸν

2376 1461 2482 1530 γὰρ
2516 1457 2583 1531 ἦν
2625 1462 2905 1526 τοσαύταις
2953 1465 3366 1535 κατασειομένας
3396 1465 3562 1528 αὑτὰς
3587 1466 3830 1527 ἀπειλαῖς
3859 1466 4014 1517 ἀνενο

2376 1551 2572 1613 εγκεῖν,
2601 1549 2692 1601 καὶ
2718 1548 2896 1603 λαϐεῖν
2923 1551 3166 1620 αἴσθησιν
3196 1551 3302 1604 τῶν
3329 1552 3621 1622 μελλόντων
3645 1551 4014 1620 συμϐήσεσθαι

2376 1632 2648 1702 λυπηρῶν.
2678 1635 2776 1686 Διά
2801 1634 2863 1704 δὴ
2889 1635 3043 1687 τοῦτο
3071 1637 3162 1688 καὶ
3197 1639 3488 1706 ἐπήγαγεν,
3511 1636 3539 1689 ὃ
3562 1637 3760 1706 σφόδρα
3785 1636 4014 1689 ἐλεεινὸν

2376 1715 2510 1770 εἶναι
2538 1720 2696 1781 δοκεῖ,
2726 1721 2785 1771 τὸ
2827 1720 3047 1789 χρυσίου
3092 1721 3262 1791 θήκην
3289 1723 3419 1792 όρᾷν
3451 1723 3845 1792 κεκενωμένην,
3877 1721 4015 1774 ὑπό-

2379 1821 2565 1873 μνημα
2607 1805 2706 1873 τῆς
2748 1806 2978 1868 παλαιᾶς
3014 1807 3330 1874 εὐπραγίας,
3365 1807 3452 1859 διὰ
3494 1807 3590 1876 τῆς
3632 1808 3801 1874 ὅψεως
3835 1808 4016 1876 ἀκμά-

2376 1888 2568 1952 ζουσαν
2596 1889 2878 1958 διατηροῦν
2910 1891 3008 1959 τὴν
3048 1890 3330 1959 ἀλγηδόνα.
3362 1892 3466 1943 Kal
3502 1891 3607 1960 γὰρ
3633 1891 3749 1942 τότε
3779 1891 4018 1959 μάλιστα

2374 1973 2583 2026 δάκνειν
2617 1976 2758 2041 ὑμᾶς
2803 1974 3048 2027 εἰώθασιν
3079 1977 3137 2027 αἱ
3191 1978 3478 2044 συμφοραὶ,
3508 1975 3633 2027 ὅταν
3685 1976 3851 2037 αύτάς
3895 1977 4016 2037 ταῖς

2377 2061 2663 2130 προτέραις
2708 2060 3130 2131 παραϐάλλωμεν
3168 2061 3511 2131 εὐημερίαις⁹
3543 2061 3692 2129 καὶή
3733 2062 4018 2129 σύγκρισις

2376 2146 2742 2215 χαλεπώτερον
2768 2147 2828 2198 τὸ
2853 2147 3004 2208 ἕλκος
3038 2145 3340 2214 ἐργάζεται.
3375 2145 3542 2197 Τοῦτο
3589 2144 3716 2211 γοῦν
3761 2161 3890 2196 ποτε
3920 2144 4018 2196 καὶ

2375 2233 2402 2282 ό
2439 2230 2554 2282 Ἰὼϐ
2585 2231 2790 2302 θρηνῶν
2817 2232 2965 2298 ἔλεγε
2986 2247 2999 2259 ·
3035 2233 3129 2296 Τίς
3161 2233 3238 2283 ἄν
3258 2248 3332 2299 με
3362 2231 3484 2298 θείη
3509 2231 3652 2300 μετὰ
3682 2230 3846 2298 μῆνα
3870 2231 4018 2298 ἠμε-

2369 2316 2491 2382 ρῶν
2512 2315 2625 2367 τῶν
2648 2317 2979 2384 ἔμπροσθεν
2992 2332 3010 2377 ;
3029 2317 3120 2369 καὶ
3139 2317 3401 2387 διηγεῖται
3419 2317 3508 2369 τὸν
3529 2315 3751 2368 πλοῦτον
3775 2316 4019 2378 ἅπαντα,

2375 2402 2466 2454 καὶ
2499 2402 2565 2453 τὰ
2593 2401 2773 2472 ὥσπερ
2799 2404 2862 2454 ἐκ
2890 2403 3078 2473 πηγῶν
3112 2404 3427 2473 ἐπιρρέοντα
3458 2403 3653 2469 ἀγαθὰ,
3684 2403 3781 2471 τὰς
3825 2403 4018 2470 τιμὰς,

2371 2487 2470 2548 τὰς
2497 2489 2800 2557 προσόδους,
2833 2489 2930 2558 τὴν
2968 2490 3315 2557 περιφάνειαν
3349 2488 3583 2547 ἅπασαν,
3619 2487 3756 2538 ὥστε
3784 2489 3848 2556 τῇ
3887 2504 4020 2554 συγ-

2371 2572 2546 2641 κρίσει
2572 2575 2772 2625 τούτων
2804 2573 2978 2642 πολλῷ
3005 2575 3350 2645 χαλεπώτερα
3377 2575 3540 2637 δεῖξαι
3565 2574 3631 2626 τά
3659 2575 3900 2643 παρόντα
3926 2576 4022 2626 καὶ

2374 2658 2723 2728 κατειληφότα
2775 2660 2931 2712 αὑτὸν
2983 2660 3145 2714 δεινά.
3178 2664 3242 2712 Ὃ
3286 2661 3349 2730 δὴ
3383 2661 3472 2712 καλ⁵
3519 2661 3546 2711 6
3592 2661 3872 2730 προφήτης
3920 2660 4022 2711 νῦν

2375 2745 2611 2813 ἐποίησε,
2645 2746 2749 2797 τῶν
2783 2746 2960 2814 θηκῶν
2988 2749 3319 2816 ἀναμνήσας,
3347 2749 3438 2799 καὶ
3470 2747 3586 2798 οὐδὲ
3613 2747 3817 2808 τούτοις
3842 2747 4020 2816 ἀρκε-

2375 2829 2538 2892 σθεὶς,
2575 2829 2708 2882 ἀλλά
2737 2830 2827 2882 καὶ
2860 2831 3162 2898 εἰσαγαγὼν
3192 2832 3355 2894 αὑτάς
3391 2832 3701 2894 πενθούσας.
3720 2832 4020 2901 Ἐμφαντι-

2374 2917 2606 2987 κώτερον
2651 2918 2757 2987 γὰρ
2804 2917 2958 2971 τοῦτο
2995 2919 3088 2971 τοῦ
3131 2919 3286 2986 λόγου
3316 2921 3374 2971 τὸ
3403 2915 3559 2982 εἶδος.
3596 2921 3721 2972 ὅταν
3757 2920 4020 2983 τοιαύτας

2372 3003 2666 3073 ἐργάζηται
2697 3005 3293 3076 προσωποποιίας.Ἦδη
3326 3006 3453 3072 γοῦν
3477 3006 3568 3058 καὶ
3595 3006 3868 3074 ἀμπέλους
3887 3006 4023 3074 θρη-

2371 3090 2560 3152 νούσας
2587 3090 2813 3158 είσάγει,
2850 3092 2939 3143 καὶ
2959 3088 3117 3154 οἶνον,
3151 3091 3288 3145 ὥστε
3325 3093 3519 3160 μᾶλλον
3552 3091 3866 3144 καθικέσθαι
3901 3093 4021 3143 τῶν

2370 3176 2747 3246 ἀκροωμένων,
2780 3178 2872 3229 καὶ
2898 3177 2994 3245 τῆς
3019 3176 3322 3246 παχύτητος
3352 3176 3526 3229 αὐτῶν
3555 3176 3918 3245 καθάψασθαι.
3951 3178 4021 3227 Τί

2368 3261 2424 3313 δέ
2456 3263 2590 3321 ἐστι,
2634 3260 3085 3328 Καταλειςρθήσῃ
3129 3263 3323 3329 μόνης
3355 3260 3462 3313 Kal
3501 3261 3817 3330 συμμάχων,
3853 3261 4018 3328 φησὶ,

2372 3347 2460 3397 καὶ
2487 3347 2583 3413 τῆς
2616 3346 2705 3398 τοῦ
2737 3345 2868 3398 Θεοῦ
2913 3345 3163 3414 προνοίας
3207 3345 3566 3415 ἐρημωθεῖσα,
3594 3346 3686 3398 καὶ
3717 3346 3814 3413 τῆς
3843 3345 4023 3413 ἄλλης

2375 3430 2717 3500 περιφανείας
2760 3431 3100 3500 γυμνωθεῖσα
3146 3432 3341 3498 πάσης,
3388 3431 3480 3483 καὶ
3529 3430 3857 3498 πανταχόθεν
3907 3431 4024 3482 ὑπὸ

2368 3517 2474 3568 τῶν
2519 3515 2785 3585 πολεμίων
2816 3516 3172 3584 κυκλουμένη,
3209 3517 3300 3569 καὶ
3332 3517 3387 3567 ἐν
3422 3516 3602 3584 μέσοις
3627 3515 4020 3584 ἀπειλημμένη

2371 3602 2679 3672 βαρϐάροις.
2709 3599 2840 3654 Εἶτα
2866 3603 2961 3670 τὴν
2983 3601 3280 3672 ὑπερϐολὴν
3301 3602 3397 3670 τῆς
3418 3600 3788 3662 ταπεινώσεως
3825 3618 4023 3670 παρα-

2370 3689 2562 3756 στῆσαι
2612 3688 2797 3750 θέλων,
2827 3687 2983 3757 φησί·
3023 3687 3129 3740 Καὶ
3174 3688 3258 3751 είς
3306 3687 3420 3753 τὴν
3454 3686 3569 3754 γῆν
3607 3685 4022 3754 ἐδαφισθήσῃ.

2370 3776 2519 3835 Οὐδὲ,
2551 3774 2716 3842 Πέσῃ,
2737 3769 2904 3838 εἶπεν,
2939 3773 3078 3837 οὐδὲ,
3113 3773 3512 3842 Κατενεχθήσῃ,
3543 3771 3653 3825 ἀλλ’
3685 3772 3843 3842 ἐτέρᾳ
3866 3771 4024 3835 λέξει

2371 3860 2692 3926 σαφέστερον
2724 3857 3097 3929 ἐνδεικνυμένῃ
3136 3857 3231 3928 τὴν
3274 3857 3539 3910 εὐτέλειαν
3583 3858 3747 3925 αὐτῆς
3789 3857 4026 3912 ἅπασαν

2367 3945 2726 4016 ἀπεχρήσατο.

3013 4044 3256 4098 ΚΕΦΛΛ.
3295 4046 3368 4100 Δ⁹.

2367 4173 2471 4225 Καὶ
2502 4171 2895 4240 ἐπιλήψονται
2918 4169 3065 4240 ἑπτὰ
3095 4169 3371 4240 γυναῖκες
3495 4168 3570 4236 τῇ
3601 4168 3784 4240 ἡμέρᾳ
3803 4168 4029 4240 ἐκείνῃ

2435 4237 2742 4307 ἀνθρώπου
2761 4239 2914 4303 ἐνὸς,
2937 4237 3220 4307 λέγουσαι
3240 4254 3253 4270 ·
3286 4238 3397 4291 Τὸν
3428 4239 3606 4304 ἇρτον
3628 4237 3792 4305 ἡμῶν
3813 4237 4030 4306 φαγὼζ

2431 4306 2599 4377 mea,
2631 4309 2726 4361 καὶ
2756 4309 2828 4359 τὰ
2855 4306 3048 4377 ἱμάτια
3075 4308 3239 4377 ἡμῶν
3266 4307 3725 4377 περιϐαλώμεθα·
3749 4307 3919 4377 πλὴν
3943 4308 4026 4360 τὸ

2435 4375 2621 4443 ὄνομά
2648 4394 2760 4444 σοι)
2792 4375 3101 4442 κεκλήσθω
3126 4376 3215 4444 ἐφ’
3246 4375 3420 4444 ἡμᾶς,
3451 4376 3634 4443 ἄφελε
3661 4377 3764 4427 τὸν
3791 4375 4030 4430 ὀνειδι-

2434 4449 2592 4513 σμὸν
2621 4443 2806 4512 ἡμῶν.

2436 4549 2620 4617 α’.Τὴν
2638 4550 2700 4600 ἐκ
2726 4547 2818 4599 τοῦ
2844 4545 3074 4616 πολέμου
3095 4546 3373 4616 συμϐᾶσαν
3400 4544 3820 4616 ὀλιγανθρωπίαν
3837 4547 4034 4618 ἐμφῆ-

2367 4652 2450 4685 ναι
2481 4635 2742 4703 βούλεται,
2776 4634 2866 4684 καὶ
2896 4632 3010 4693 πῶς
3038 4634 3116 4695 εἰς
3143 4633 3415 4701 ἐλάχιστον
3454 4633 3707 4703 περιέστη
3728 4645 3752 4671 ο
3781 4633 3808 4684 6
3837 4634 4032 4702 δῆμος

2365 4721 2471 4772 τῶν
2516 4720 2798 4772 Ἰουδαίων.
2857 4718 2987 4771 Οὐδὲ
3030 4718 3136 4787 γὰρ
3197 4719 3520 4788 προστασίας
3558 4719 3758 4788 ἔφησαν
3797 4720 4033 4774 δεῖσθαι

2363 4810 2478 4868 ταῖς
2510 4806 2717 4873 γυναιξὶ
2747 4805 3120 4874 προσηκούσης
3140 4804 3243 4856 ὑπὸ
3274 4805 3477 4874 ἀνδρῶν
3506 4805 3851 4875 παρέχεσθαι.
3870 4807 4036 4861 ἀλλὰ

2364 4893 2525 4960 ἀτελῆ
2553 4892 2650 4960 τῆς
2682 4892 3012 4961 λειτουργίας
3044 4893 3205 4943 αὐτὸν
3236 4893 3448 4959 ἀφεῖναι
3477 4892 3696 4959 ταύτης,
3729 4892 3821 4942 καὶ
3852 4894 4035 4962 στέρ-

2363 4996 2476 5046 γειν
2509 4979 2600 5031 καὶ
2630 4980 2863 5045 ἀγαπᾷν,
2893 4979 2939 5028 εί
2962 4977 3148 5038 ἁπλῶς
3195 4977 3323 5043 γοῦν
3369 4979 3459 5029 καὶ
3499 4979 3571 5039 ὡς
3601 4977 3751 5043 ἔτυχε
3782 4975 3878 5028 τοῦ
3909 4980 4033 5048 τῆς

2364 5067 2581 5136 χηρείας
2611 5066 2963 5132 ἀπαλλαγεῖεν
2993 5065 3271 5133 ὀνόματος.
3305 5066 3473 5117 Τοῦτο
3512 5066 3615 5131 γάρ
3657 5067 3798 5115 ἐστιν
3819 5103 3833 5125 ,
3871 5067 4036 5135 Ἃρ.

2361 5159 2460 5206 ελε
2493 5153 2597 5205 τόν
2628 5151 2964 5218 ὀνειδισμὸν
3002 5152 3164 5217 ἡμῶν
3188 5169 3200 5181 ·
3237 5152 3419 5220 ἐπειδὴ
3448 5152 3504 5202 τὸ
3541 5151 3759 5201 παλαιὸν
3802 5150 4036 5218 δνειδος

2361 5238 2552 5290 τοῦτοί
2595 5234 2731 5289 εἶναι
2777 5237 2965 5287 ἐδόκει.
3005 5235 3080 5302 Τῇ
3121 5236 3186 5287 δὲ
3234 5237 3416 5303 ἡμέρᾳ
3447 5237 3642 5302 ἐκείνῃ
3681 5237 4037 5306 Mam/465‘

2363 5329 2392 5377 ό
2423 5326 2563 5386 Θεὸς
2594 5325 2661 5375 ἐν
2695 5321 2894 5387 βουλῇ
2915 5321 3060 5388 μετὰ
3097 5322 3278 5389 δόξης
3307 5323 3400 5374 ἐπὶ
3435 5321 3542 5391 [49]
3574 5323 3679 5388 τῆς
3724 5322 3855 5390 γῆς.
3897 5332 4037 5384 τοῦ

2362 5411 2595 5478 ὑψῶσαι
2619 5412 2713 5461 καὶ
2738 5408 2839 5461 τοῦ
2855 5407 3104 5471 δοξάσαι
3125 5408 3188 5461 τὸ
3207 5409 3594 5475 καταλειφθὲν
3614 5410 3715 5462 τοῦ
3732 5409 4034 5481 Ἰσραήλ,

2422 5550 2445 5587 ιι
2475 5551 2676 5611 Allenus
2699 5547 2958 5608 legendum
2977 5549 3156 5596 indicat
3186 5549 3266 5594 καὶ
3298 5548 3734 5605 ταπεινωθήσονται,
3760 5553 3815 5595 ul
3836 5561 4034 5611 supra.

2362 5614 2456 5660 Sed
2481 5609 2592 5656 nihil
2624 5611 2724 5656 ausi
2750 5621 2912 5654 sumus
2936 5615 3140 5657 mutare.

2426 5687 2446 5711 c
2476 5671 2553 5717 Sic
2575 5671 2688 5716 Mor.
2719 5675 2770 5715 et
2804 5667 3056 5716 Bavaricus
3081 5687 3093 5728 ;
3122 5670 3239 5731 Reg.
3284 5674 3332 5716 et
3383 5668 3529 5716 Savil.
3557 5668 3801 5728 περίεστιν,
3842 5673 4040 5725 minus

2363 5742 2548 5839 "urg-iv
2581 5791 2740 5837 “mur.
2771 5797 2820 5837 Cl
2844 5789 2990 5838 Morel
3021 5810 3031 5850 ς
3077 5795 3120 5839 iu
3146 5792 3246 5850 Ilog
3291 5800 3339 5839 (τι
3388 5790 3532 5838 Savil.
3560 5788 3694 5836 τοῦτο
3728 5791 3878 5840 dm-sl.
