4156 6312
188 331 259 386 53
1432 309 1495 363 IN
1535 306 1733 363 ISAIAI

1847 306 1970 361 IAP.
2016 307 2100 362 IV.
3331 321 3403 376 54

174 429 287 483 illos
318 435 521 481 tautam
546 428 928 501 providentiam
956 427 1093 480 nacti
1123 434 1281 487 sunt,
1314 438 1481 493 neque
1505 422 1750 489 exemplo

171 520 613 589 temperantiores
650 526 933 575 evaserunt
957 557 971 583 ,
1000 516 1050 571 id
1078 515 1216 585 quod
1258 524 1531 582 peccatum
1580 511 1749 565 reddit

170 613 323 682 longe
348 614 581 682 gravius,
608 626 818 681 poenam
849 611 976 679 ipsis
1004 608 1321 664 destinatam
1342 603 1613 674 ellugere?
1643 601 1748 656 Cur

175 717 296 771 ergo
335 701 594 757 hactenus
621 716 804 772 pcenas
835 714 939 754 non
969 697 1264 753 dederunt?
1291 695 1358 752 Ut
1396 693 1601 750 ediscas
1629 691 1748 745 illos

174 793 330 862 longe
357 793 586 863 graviori
616 792 876 847 reservari
906 789 1185 858 supplicio.

242 884 331 937 10.
359 882 515 950 Quod
546 884 687 937 enim
718 883 923 952 possint
947 881 1207 934 atrociora
1236 877 1423 946 inﬂigi,
1455 890 1613 945 quam
1642 874 1743 929 So-

166 973 421 1038 domitis,
468 972 590 1027 audi
626 972 891 1027 Christum
936 970 1197 1026 dicentem
1227 985 1241 1021 :
1272 966 1610 1023 Tolerabilius
1650 965 1743 1017 erit

169 1074 317 1115 terrm
335 1063 673 1117 Sodomorum
693 1071 738 1116 et
758 1061 1052 1115 Gomorrltaz
1077 1060 1132 1113 in
1153 1060 1234 1113 die
1251 1058 1454 1128 judicii,
1487 1072 1637 1125 quant
1662 1056 1736 1109 ci-

170 1152 310 1203 ritati
345 1153 465 1205 huic
496 1152 724 1221 (Matth.
760 1151 847 1206 l0.
880 1151 1008 1219 15).
1040 1150 1115 1203 lta
1146 1157 1204 1202 ut
1234 1150 1389 1203 etiam
1427 1147 1469 1203 si
1495 1162 1612 1214 quae
1643 1146 1744 1197 hoc

167 1254 361 1299 ornatu
387 1245 588 1314 fulgent
625 1245 871 1299 mulieres
901 1259 1006 1297 non
1033 1244 1181 1314 paria
1208 1244 1473 1311 patiantur
1500 1242 1562 1295 iis
1585 1281 1599 1305 ,
1629 1254 1746 1307 qum

169 1344 290 1389 tunc
321 1335 666 1401 ornabantur,
692 1350 757 1390 ne
782 1334 1071 1389 confidant.
1093 1334 1223 1386 Nam
1246 1332 1519 1387 tolerantia
1544 1330 1746 1399 patien—

168 1426 340 1492 tiaque
368 1426 665 1494 graviorem
681 1426 976 1480 accumulat
998 1425 1132 1493 ignis
1158 1423 1445 1488 fornacem,
1470 1423 1745 1489 majorem-

166 1527 263 1580 que
292 1515 560 1569 ﬂammam
584 1515 760 1571 cllicit.
783 1515 894 1570 Hoc
914 1514 1131 1569 Ananiae
1158 1524 1209 1568 et
1230 1512 1500 1582 Sapphiraa
1529 1512 1745 1579 contigit

166 1605 299 1671 (Act.
326 1604 406 1674 5).
429 1605 559 1659 Nam
580 1606 651 1659 illi
674 1607 727 1659 in
748 1606 1005 1674 principio
1026 1615 1079 1660 et
1098 1604 1315 1659 exordio
1336 1601 1740 1671 prtedieationis,

166 1709 283 1748 cum
314 1710 387 1749 ex
429 1696 660 1762 pecuniis
688 1696 789 1749 illis
813 1696 1081 1766 quidpiam
1121 1693 1358 1748 sullurati
1388 1701 1585 1756 essent,
1616 1707 1744 1745 eon-

168 1786 340 1840 lestim
374 1788 581 1856 abrepti
619 1795 776 1852 sunt;
801 1795 922 1855 post
945 1787 1063 1840 illos
1101 1794 1275 1839 autem
1323 1784 1471 1838 multi
1497 1783 1584 1852 qui
1622 1782 1740 1835 talia

165 1874 275 1928 ausi
304 1874 551 1939 fuerant,
595 1875 722 1929 nihil
761 1875 999 1945 perpessi
1044 1883 1186 1931 sunt.
1217 1874 1314 1942 Qui
1358 1874 1513 1943 igitur
1550 1870 1739 1925 rationi

167 1975 582 2019 consentaneum
612 1980 729 2021 esse
755 1966 939 2034 possit,
966 1965 1168 2035 justum
1190 1963 1455 2033 judicem,
1482 1961 1570 2030 qui
1594 1960 1737 2028 paria
1770 2014 1778 2023 ,

169 2056 415 2110 omnibus
437 2056 731 2122 distribuit,
762 2071 854 2111 eos
874 2057 962 2126 qui
985 2056 1157 2109 minus
1178 2053 1512 2124 peccaverint
1534 2050 1739 2114 ulcisci,

169 2159 257 2199 eos
283 2155 465 2199 autem
504 2147 591 2215 qui
627 2146 865 2215 graviora
908 2145 1173 2198 admisere
1205 2144 1401 2198 scelera
1440 2141 1741 2197 dimittere?

170 2237 358 2288 Annon
384 2234 556 2304 palam
579 2247 679 2301 est,
695 2236 815 2304 quia
839 2234 976 2289 diem
998 2234 1201 2299 statuit,
1222 2235 1272 2287 in
1294 2248 1393 2303 qua
1411 2232 1739 2302 iudicaturus

168 2335 245 2378 cst
264 2326 483 2392 orbem,
518 2326 635 2381 ideo
664 2327 972 2396 supplicium
994 2326 1212 2381 dilferre
1231 2367 1246 2391 ,
1281 2335 1337 2379 ut
1370 2334 1461 2379 aut
1490 2324 1739 2393 patientia

170 2417 279 2484 ejus
298 2417 552 2473 meliores
573 2418 891 2484 reddantur,
916 2427 1007 2471 aut
1052 2419 1176 2471 siin
1213 2419 1400 2472 iisdem
1436 2418 1736 2485 persistant,

168 2508 430 2560 atrociora
461 2509 760 2575 patiantur?
785 2508 912 2562 Cum
936 2508 1091 2577 igitur
1116 2508 1298 2562 eadem
1324 2510 1521 2563 scelera
1547 2508 1739 2561 admit-

170 2597 350 2658 timus,
382 2612 500 2665 qua:
529 2598 852 2652 admiserunt
874 2598 946 2650 illi
980 2599 1068 2667 qui
1094 2599 1349 2666 supplicio
1389 2597 1558 2652 allecti
1590 2607 1732 2663 sunt,

171 2702 265 2741 nec
293 2687 483 2742 eadem
512 2703 628 2757 qute
660 2688 732 2741 illi
762 2688 1009 2757 patimur,
1038 2704 1104 2743 ne
1124 2688 1472 2753 confidamus,
1502 2690 1594 2743 sed
1622 2704 1735 2742 ma-

168 2779 248 2847 gis
271 2778 571 2833 timeamus.
604 2778 749 2835 Sicut
778 2778 915 2834 enim
957 2779 1127 2850 legem
1156 2780 1273 2834 tulit
1312 2780 1449 2836 Deus
1488 2795 1584 2849 per
1620 2781 1735 2835 illo-

168 2884 283 2922 rum
312 2868 625 2939 supplicium
646 2911 662 2935 ,
690 2884 874 2924 omnes
899 2869 1188 2925 admonens
1207 2911 1220 2934 ,
1252 2870 1537 2940 dicensque
1570 2886 1582 2923 :
1612 2870 1736 2924 Ideo

166 2974 288 3013 eum
316 2960 407 3027 qui
435 2959 503 3013 ab
533 2960 678 3013 initio
714 2960 948 3028 peccavit
974 2960 1231 3029 supplicio
1256 2960 1402 3015 ali‘cci
1425 3001 1439 3025 ,
1477 2968 1535 3014 ut
1566 2970 1618 3015 et
1648 2970 1734 3027 tu,

165 3049 257 3117 qui
293 3058 413 3117 post
441 3049 558 3104 illos
578 3049 778 3104 scelera
804 3049 1058 3116 admittis,
1085 3050 1270 3104 eadem
1302 3052 1414 3120 ipsa
1436 3059 1731 3119 exspectes,

164 3150 219 3193 ct
239 3140 570 3193 convertaris
608 3148 663 3194 ct
695 3140 884 3194 melior
922 3140 1135 3195 evadas.
1162 3140 1432 3196 Similibus
1464 3141 1603 3195 enim
1632 3141 1735 3194 cri-

165 3231 401 3286 minibus
429 3232 629 3286 similes
672 3245 841 3300 pmna:
879 3232 1177 3287 constitutae
1215 3241 1365 3298 sunt,
1396 3232 1601 3287 etiamsi
1628 3246 1731 3285 non

164 3321 346 3375 statim
401 3323 631 3377 veniant.
678 3321 734 3376 In
765 3321 846 3376 his
900 3337 1059 3391 porro
1107 3337 1213 3376 non
1259 3324 1374 3377 sine
1414 3336 1573 3377 causa
1616 3337 1732 3376 sum

166 3413 512 3475 immoratus;
540 3413 633 3467 sed
657 3414 777 3482 quia
800 3413 987 3467 noxius
1011 3412 1097 3467 ille
1124 3414 1337 3467 morbus
1368 3415 1421 3467 in
1460 3411 1730 3468 hominum

162 3503 308 3557 aedes
336 3503 606 3572 ingressus
631 3511 711 3556 est
747 3503 814 3557 ob
836 3502 1115 3557 mulierum
1155 3503 1449 3571 mollitiem,
1477 3519 1626 3557 amor
1650 3505 1730 3557 vi-

161 3594 358 3647 delicet
407 3604 874 3658 ornamentorum,
928 3594 1016 3663 qui
1067 3594 1404 3662 pecuniarum
1466 3595 1731 3662 impensas

159 3685 328 3748 anxit,
366 3685 417 3737 iu
451 3694 693 3753 sumptus
723 3685 1122 3754 intempestivos
1151 3685 1391 3738 homines
1418 3684 1727 3753 conjicicns,

156 3790 222 3829 ac
258 3776 405 3839 belli,
442 3776 806 3841 dissensionis,
839 3783 893 3829 et
933 3775 1251 3844 quotidianae
1293 3776 1402 3829 litis
1441 3790 1597 3829 causa
1624 3782 1727 3839 est,

160 3879 558 3935 pauperumque
588 3873 798 3919 ventres
822 3866 1021 3918 atterit.
1059 3863 1189 3919 Cum
1216 3865 1356 3917 enim
1388 3873 1522 3918 totas
1559 3864 1728 3918 facul-

159 3964 315 4018 tates,
345 3967 437 4009 aut
475 3970 613 4025 smpe
652 3958 787 4010 ultra
830 3956 1127 4021 facultates,
1159 3956 1349 4011 mulier
1379 3957 1430 4010 in
1455 3966 1728 4011 contume-

162 4049 282 4101 liam
326 4048 569 4115 corporis
593 4049 670 4101 sui
698 4050 866 4101 virum
906 4056 1060 4115 cogat
1087 4048 1388 4115 impendere
1415 4047 1557 4117 (nam
1585 4056 1728 4100 certe

158 4138 483 4193 contumelia
524 4139 758 4206 corporis
782 4146 864 4191 est
888 4152 1073 4191 aurum
1115 4134 1596 4206 circumpositum),
1631 4150 1726 4189 ne-

157 4242 309 4283 cesse
342 4241 557 4295 prorsus
599 4237 680 4281 est
724 4241 939 4281 manum
981 4226 1250 4281 retrahere
1286 4228 1352 4281 ab
1389 4228 1726 4295 eleemosyna

156 4318 450 4389 eroganda.
480 4317 742 4386 Multaque
768 4318 867 4371 alia
899 4317 1023 4371 hinc
1042 4325 1153 4371 orta
1182 4326 1395 4386 peccata
1420 4316 1597 4371 videre
1623 4326 1725 4371 est.

160 4410 356 4465 Verum
387 4407 470 4461 bis
494 4408 759 4474 dimissis,
789 4415 845 4461 ut
874 4422 936 4461 ea
959 4408 1280 4475 experientia
1308 4407 1514 4461 discant
1540 4407 1607 4469 ii,
1638 4407 1727 4475 qui

158 4500 267 4554 lucc
298 4500 596 4568 patientur,
629 4513 687 4553 ea
724 4514 843 4567 qua:
876 4508 1167 4567 sequuntur
1206 4501 1544 4568 attingamus.
1574 4498 1727 4552 Post-

153 4603 311 4656 quam
363 4588 681 4655 captivitatis
718 4588 938 4641 formam
986 4589 1302 4655 declaravit,
1334 4599 1386 4642 et
1412 4589 1583 4643 dixit:
1624 4589 1727 4643 Pro

152 4688 345 4732 ornatu
374 4679 541 4746 ipsam
587 4679 828 4731 inducam
848 4718 862 4741 ,
893 4687 1051 4746 auget
1078 4680 1430 4733 calamitatem
1450 4719 1466 4745 ,
1497 4679 1677 4733 dicens
1709 4696 1722 4732 :

155 4767 219 4821 Et
248 4770 391 4838 [ilius
418 4778 532 4820 tuus
556 4767 936 4836 pulcherrimus,
967 4783 1112 4835 quem
1147 4768 1335 4835 diligis,
1366 4768 1536 4836 gladio
1560 4768 1723 4833 cadet,

150 4875 192 4915 et
223 4866 383 4932 fortes
412 4860 559 4912 vestri
584 4857 752 4927 gladio
786 4858 984 4909 cadent.
1015 4856 1127 4911 Hoc
1168 4859 1360 4925 quippe
1400 4866 1484 4911 est
1520 4858 1599 4911 vel
1631 4871 1725 4912 ca-

150 4957 398 5024 ptivitate
430 4954 659 5022 gravius.
692 4951 786 5004 Est
813 4952 954 5004 enim
987 4951 1088 5004 vita
1118 4952 1358 5021 quaedam
1388 4959 1557 5005 morte
1575 4966 1726 5004 acer-

151 5050 291 5101 bior.
317 5045 452 5099 Nam
478 5042 688 5113 quando
706 5057 825 5096 cum
847 5042 1103 5096 servitute
1132 5042 1527 5110 intempestivos
1554 5042 1726 5095 luctus

152 5137 408 5205 prosequi
436 5144 711 5204 coguntur,
739 5134 907 5201 cogita
935 5142 1132 5200 quanta
1160 5134 1229 5187 sit
1264 5134 1574 5187 calamitatis
1608 5148 1723 5185 ma-

147 5227 407 5295 gnitudo,
452 5241 571 5279 cum
609 5225 906 5278 continuata
945 5223 1081 5277 serie
1120 5239 1369 5277 atrumna:
1405 5223 1501 5276 sibi
1543 5232 1725 5276 mutuo

147 5315 465 5370 succedunt.
497 5313 626 5367 Nam
653 5314 749 5367 etsi
777 5311 1050 5380 captivitas
1074 5312 1184 5365 sola
1208 5312 1434 5377 adesset,
1462 5326 1523 5365 ea
1550 5321 1721 5364 tamen

147 5414 297 5457 esset
327 5402 709 5456 intolerandqu
740 5402 933 5453 malum
967 5417 980 5452 :
1012 5409 1063 5453 et
1098 5402 1141 5453 si
1173 5402 1221 5453 in
1257 5400 1497 5453 libertate
1538 5400 1721 5452 viven-

150 5497 292 5548 tibus
328 5494 455 5547 tales
494 5502 664 5545 luctus
705 5490 1104 5558 contingerent,
1136 5500 1308 5543 morte
1346 5489 1590 5541 acerbior
1617 5489 1719 5539 vita

148 5594 314 5637 esset.
349 5584 453 5637 Sed
486 5597 624 5634 nunc
647 5583 756 5634 lucc
777 5581 932 5633 ambo
962 5589 1135 5643 erunt,
1168 5580 1355 5648 inquit,
1390 5589 1570 5631 mutuo
1591 5593 1719 5631 eon-

147 5678 351 5729 iuncta.
386 5674 495 5729 Ima
516 5674 687 5740 potius
710 5672 843 5726 hanc
868 5670 1214 5725 calamitatem
1248 5671 1508 5738 duplicem
1540 5669 1717 5737 appel-

1858 417 1968 473 lare
2008 433 2100 487 par
2138 426 2236 485 est,
2278 421 2542 489 etiamque
2591 421 2847 491 triplicem
2897 433 2951 478 et
2996 425 3422 498 quadruplicem,

1857 507 2064 574 qbando
2111 516 2164 562 ct
2206 507 2362 574 ﬁlius,
2409 519 2463 564 et
2505 510 2907 578 pulcherrimus,
2931 524 2984 567 et
3031 514 3273 584 dilectus,
3313 528 3367 575 et
3393 536 3422 574 a

1856 596 2093 651 barbaris
2124 611 2291 653 caesus
2313 639 2326 663 ,
2359 599 2453 652 sed
2487 614 2656 668 neque
2685 616 2749 654 ex
2775 604 3040 656 communi
3073 614 3272 659 natura:
3307 608 3419 677 lege

1857 689 2013 741 vitam
2055 690 2273 753 clausit;
2312 699 2365 745 et
2389 705 2505 743 cum
2538 691 2627 745 illo
2660 706 2845 747 omnes
2883 694 2970 763 qui
3001 695 3051 750 in
3082 696 3251 749 aetatis
3289 696 3417 753 ﬂore

1854 787 2021 841 erant,
2053 780 2122 832 ita
2150 788 2204 833 ut
2232 781 2425 835 nullam
2452 795 2600 851 Spem
2627 782 2817 836 bonam
2854 783 3136 851 haberent,
3163 794 3416 855 quantum

1853 870 2104 923 attinebat
2131 870 2195 923 ad
2223 870 2506 924 humanum
2550 872 2798 925 auxilium
2829 881 2881 928 et
2918 874 3302 929 commilitimn.
3347 873 3415 929 Et

1854 958 2193 1012 humiliabitur
2226 971 2306 1013 :et
2332 962 2566 1031 lugebant
2595 962 2750 1017 theca:
2776 974 2983 1018 ornatus
3014 966 3182 1030 vestri,
3209 975 3256 1020 et
3276 966 3414 1021 dere-

1853 1051 2086 1119 linquem's
2136 1054 2277 1119 sola,
2327 1064 2370 1107 et
2413 1054 2480 1106 ad
2529 1063 2710 1108 terram
2758 1058 3102 1125 prosterneris.
3150 1058 3251 1114 Per
3299 1058 3411 1114 hinc

1851 1143 2025 1196 omnia
2074 1143 2268 1197 luctum
2313 1145 2620 1214 ampliﬁcat,
2658 1157 2811 1215 auget
2855 1148 3119 1214 timorem,
3162 1164 3409 1220 angorem

1852 1232 2025 1286 reddit
2061 1233 2334 1302 majorem.
2362 1235 2470 1289 Sub
2506 1246 2775 1304 aspectum
2812 1238 2955 1293 ducit
2994 1253 3285 1308 atrumnas,
3314 1257 3412 1296 ex-

1853 1322 2017 1376 tendit
2059 1323 2373 1377 calamitatis
2412 1328 2787 1391 narrationem,
2828 1343 3255 1398 quoquoversum
3310 1333 3415 1386 cir-

1850 1424 2220 1476 cumcurrcns,
2254 1414 2483 1483 undique
2529 1417 2694 1469 tristia
2732 1418 2983 1488 colligens
3010 1420 3079 1473 ob
3115 1421 3412 1477 auditorum

1849 1502 2208 1557 stoliditatem.
2238 1505 2365 1558 Nam
2400 1506 2628 1575 optabile
2663 1508 2846 1562 luisset
2874 1510 2989 1565 illas
3030 1520 3107 1565 tot
3135 1513 3291 1567 minis
3317 1528 3410 1568 ex-

1848 1594 2068 1661 agitatas
2110 1609 2228 1650 sese
2265 1599 2472 1667 erigere
2492 1640 2505 1665 ,
2535 1610 2589 1655 et
2616 1601 2667 1653 in
2696 1616 2908 1657 sensum
2945 1603 3235 1661 futurarum
3262 1608 3408 1661 cala-

1849 1682 2085 1737 mitatum
2115 1687 2312 1740 venire.
2358 1688 2481 1741 Ideo
2527 1690 2801 1758 subjunxit
2848 1692 2897 1745 id
2924 1693 3062 1761 quod
3108 1695 3408 1751 miserabile

1849 1788 2063 1842 prorsus
2088 1791 2206 1832 esse
2236 1778 2530 1847 videbatur,
2562 1780 2700 1849 quod
2731 1782 2844 1836 auri
2872 1784 3075 1838 thecam
3102 1796 3404 1841 cvacuatam

1849 1869 2035 1921 visurze
2062 1879 2277 1933 essent,
2308 1872 2360 1925 in
2392 1884 2787 1928 monumentum
2827 1876 3061 1944 pristinae
3089 1880 3407 1947 prosperita-

1848 1958 1933 2023 tis,
1963 1967 2019 2012 ut
2047 1974 2138 2028 per
2167 1962 2347 2015 oculos
2382 1976 2663 2018 mterorcm
2704 1967 2964 2033 vigentem
2992 1976 3278 2022 servarent.
3308 1969 3401 2023 Et-

1845 2050 1985 2102 enim
2016 2058 2138 2103 tunc
2166 2066 2261 2105 nos
2298 2054 2462 2121 magis
2489 2068 2682 2121 angere
2710 2055 2881 2109 solent
2912 2055 3253 2118 calamitates.
3279 2071 3401 2113 eum

1848 2139 1959 2192 illas
1979 2153 2095 2193 cum
2127 2141 2341 2209 pristina
2369 2141 2617 2197 felicitate
2643 2159 3040 2213 comparamus;
3078 2148 3402 2215 comparatio

1844 2228 2037 2296 quippe
2067 2230 2273 2298 gravius
2320 2232 2468 2285 ulcus
2497 2231 2677 2287 ellicit.
2712 2234 2821 2288 l‘loc
2862 2236 3016 2305 igitur
3054 2245 3108 2291 et
3150 2237 3249 2291 Job
3276 2238 3401 2292 olim

1843 2319 2050 2375 dicebat
2092 2339 2103 2373 :
2149 2322 2273 2385 Quis
2313 2340 2391 2376 me
2442 2335 2593 2393 ponat
2636 2328 2909 2380 secundum
2946 2345 3163 2382 mensem
3208 2330 3403 2384 dierum

1844 2410 2169 2478 pristinorum
2204 2410 2321 2479 (Job
2355 2412 2441 2466 29.
2471 2414 2504 2465 2
2532 2415 2590 2482 )?
2629 2425 2912 2483 narratque
2952 2417 3155 2471 divitias
3190 2432 3397 2483 omnes,

1843 2510 1895 2553 et
1930 2500 2063 2555 bona
2108 2501 2211 2556 sibi
2255 2504 2402 2570 quasi
2450 2518 2515 2557 ex
2544 2502 2772 2558 fontibus
2814 2506 3098 2572 atﬂuentia,
3145 2506 3398 2574 honores,

1846 2601 2129 2659 proventus
2149 2633 2163 2657 ,
2196 2594 2528 2661 splendorem
2568 2612 2808 2661 omnem;
2840 2599 2908 2650 ita
2938 2608 2993 2652 ut
3021 2600 3227 2654 illorum
3254 2615 3399 2655 com-

1844 2683 2115 2751 paratione
2144 2684 2311 2737 multo
2332 2688 2602 2753 graviores
2620 2688 2860 2742 ostendat
2886 2704 3145 2744 aerumnas
3165 2705 3397 2759 prtcsen-

1842 2782 1955 2837 tes,
1984 2787 2102 2842 qua:
2130 2774 2301 2842 ipsum
2340 2786 2676 2845 exceperant.
2710 2778 2859 2841 Quod
2900 2781 3055 2834 etiam
3097 2797 3234 2836 nunc
3272 2797 3397 2850 pro-

1842 2864 2001 2931 pheta
2030 2863 2171 2930 fecit,
2198 2864 2376 2921 thecas
2403 2882 2841 2937 commemorans,
2867 2887 3037 2941 neque
3073 2872 3153 2927 bis
3176 2884 3395 2928 canten-

1842 2962 1943 3022 tus,
1975 2955 2088 3010 illas
2108 2956 2359 3013 inducens
2382 2959 2636 3030 lugentes.
2658 2962 2778 3017 Haec
2794 2966 2933 3018 enim
2948 2964 3150 3020 dicendi
3170 2965 3397 3023 formula

1840 3044 2076 3113 emphasi
2109 3047 2317 3115 plenior
2339 3057 2447 3113 est,
2475 3065 2592 3104 cum
2630 3053 2758 3106 tales
2791 3056 3183 3123 prosopOpmias
3210 3056 3392 3113 efﬁcit.

1838 3133 1953 3188 Jam
1979 3150 2104 3204 ergo
2128 3145 2181 3191 et
2208 3141 2388 3192 vineas
2414 3140 2650 3209 lugentes
2678 3142 2876 3197 inducit
2903 3154 2955 3198 et
2979 3144 3154 3199 vinum
3174 3186 3189 3213 ,
3219 3157 3276 3203 ut
3303 3165 3396 3204 au-

1839 3225 2039 3281 ditores
2061 3228 2228 3297 magis
2257 3240 2480 3299 pungat,
2514 3240 2567 3287 et
2605 3234 2810 3288 illorum
2840 3239 3129 3291 crassitiem
3152 3240 3390 3310 attingat.

1837 3316 1972 3384 Quid
1997 3327 2173 3373 autem
2200 3331 2299 3387 est,
2326 3321 2696 3392 Derelinqueris
2723 3325 2868 3379 sola?
2918 3326 2976 3379 Et
2997 3329 3391 3392 auxliatoribus,

1839 3407 2033 3478 inquit,
2069 3420 2123 3464 et
2152 3411 2245 3465 Dei
2283 3412 2609 3480 providentia
2638 3415 2742 3469 eris
2788 3430 2968 3480 vacua,
3002 3426 3055 3473 et
3101 3424 3243 3474 omni
3291 3421 3394 3476 alio

1836 3500 2117 3568 splendore
2164 3503 2406 3572 spoliata,
2449 3504 2789 3575 hostibusque
2846 3509 3073 3579 undique
3111 3512 3298 3572 cincta.
3340 3512 3393 3566 in

1837 3590 2128 3661 mediisque
2156 3595 2400 3648 conclusa
2427 3594 2683 3649 barbaris.
2712 3596 2819 3651 Sub
2860 3596 2972 3653 haec
3000 3600 3183 3654 volens
3213 3602 3391 3657 bumi-

1834 3681 2063 3737 liationis
2089 3686 2499 3755 magnitudinem
2531 3688 2809 3744 ostendere
2832 3730 2847 3757 ,
2876 3691 2949 3745 ait
2984 3706 2997 3744 :
3024 3690 3088 3745 Et
3114 3694 3180 3745 ad
3208 3703 3388 3749 terram

1834 3775 2177 3842 prosterneris.
2207 3775 2323 3830 Non
2351 3776 2455 3843 ait,
2480 3776 2668 3843 Lades,
2701 3780 2812 3846 vel,
2841 3781 3142 3850 Dejicieris;
3174 3786 3265 3842 sed
3289 3787 3389 3840 alia

1836 3880 1960 3919 usus
1987 3874 2069 3920 est
2095 3866 2326 3923 dictione
2345 3909 2361 3935 ,
2398 3883 2515 3939 qua:
2544 3869 2793 3925 vilitatem
2823 3871 2936 3941 ejus
2963 3887 3173 3930 omnem
3199 3875 3389 3932 clarius

1834 3956 2172 4025 exprimeret.

2438 4070 2662 4126 CAPUT
2702 4071 2786 4126 IV.

1834 4178 1886 4231 1.
1928 4174 1994 4230 Et
2018 4178 2393 4248 appreltcndent
2419 4190 2603 4250 septem
2641 4183 2867 4235 mulieres
2899 4184 2953 4237 in
2987 4184 3068 4237 die
3104 4185 3194 4240 illa
3230 4187 3388 4241 uirum

1902 4284 2076 4331 unum,
2108 4269 2322 4322 dicentes
2349 4285 2369 4323 :
2402 4268 2587 4322 Panem
2614 4281 2836 4326 nostrum
2861 4274 3168 4327 comedemus
3186 4316 3201 4343 ,
3227 4286 3273 4329 et
3312 4293 3392 4330 ve-

1901 4361 2144 4413 stimentis
2188 4362 2370 4415 nostris
2414 4363 2730 4431 opericmur:
2756 4374 2983 4416 cwterum
3027 4382 3205 4420 nomen
3250 4375 3391 4422 tuum

1903 4452 2153 4505 invocetur
2173 4467 2323 4518 super
2343 4468 2451 4517 nos,
2474 4453 2617 4520 aufer
2644 4455 2961 4522 opprobrium
2988 4465 3232 4512 nostrum.

1904 4585 1955 4637 1.
1999 4584 2321 4639 Paucitatem
2352 4584 2582 4638 virorum
2623 4601 2687 4639 ex
2734 4586 2870 4641 bello
2911 4588 3244 4645 residuorum
3283 4593 3390 4646 vult

1833 4672 2131 4738 ostendere,
2177 4682 2229 4727 et
2254 4674 2520 4743 quomodo
2548 4675 2613 4729 ad
2644 4677 2915 4731 minimum
2944 4695 3217 4734 numerum
3258 4684 3391 4735 red-

1831 4774 1977 4818 actus
2005 4766 2073 4818 sit
2092 4766 2314 4834 populus
2335 4765 2656 4821 Judmnrum.
2675 4767 2853 4836 Neque
2870 4769 3007 4823 enim
3034 4771 3131 4823 sibi
3158 4771 3390 4825 subsidio

1831 4868 1961 4922 opus
1987 4868 2104 4908 esse
2132 4855 2413 4919 dixerunt,
2446 4857 2583 4924 quod
2608 4857 2913 4911 mulieribus
2937 4872 2967 4909 a
2997 4858 3120 4913 viris
3150 4858 3270 4913 lerri
3299 4878 3391 4930 par

1832 4954 1912 4998 est
1934 4986 1948 5009 ,
1978 4944 2070 4998 scd
2096 4959 2153 4999 se
2178 4945 2323 4997 illum
2348 4960 2376 4998 a
2404 4947 2488 4998 tali
2514 4945 2685 4999 ofﬁcio
2728 4946 3015 5001 immunem
3043 4950 3317 5018 complecd
3344 4962 3391 5005 et

1832 5049 2039 5099 amare,
2078 5035 2120 5087 si
2162 5043 2443 5102 utcumque
2473 5035 2640 5087 solum
2670 5050 2697 5086 a
2727 5036 2987 5090 viduitatis
3017 5039 3227 5093 nomine
3260 5041 3390 5093 libe-

1832 5136 2032 5181 rentur.
2066 5126 2119 5179 ld
2146 5128 2283 5179 enim
2312 5127 2408 5180 sibi
2440 5127 2551 5180 vult
2577 5128 2701 5180 illud
2735 5146 2748 5180 :
2777 5129 2932 5199 Aufer
2956 5131 3274 5199 Opprobrium
3307 5149 3387 5183 no-

1830 5227 1986 5269 strmn
2032 5234 2049 5269 :
2090 5216 2331 5284 quoniam
2361 5216 2485 5269 olim
2513 5217 2560 5269 id
2592 5217 2847 5285 vituperio
2873 5232 2988 5271 esse
3013 5219 3300 5275 videbatur.
3338 5221 3387 5272 2.

1831 5305 1897 5358 In
1923 5307 2001 5359 die
2023 5308 2111 5357 illa
2131 5306 2402 5373 splendebit
2434 5306 2567 5360 Deus
2594 5308 2645 5359 in
2674 5308 2879 5359 consilio
2910 5324 3022 5360 cum
3052 5310 3212 5378 gloria
3242 5325 3386 5378 super

1832 5407 2013 5447 terram
2034 5438 2046 5456 ,
2075 5405 2128 5447 ut
2154 5397 2331 5447 exultet
2359 5406 2403 5448 et
2430 5397 2672 5465 glori/lcet
2700 5398 2835 5465 quod
2864 5398 3087 5451 relictum
3112 5409 3180 5452 est
3210 5400 3377 5453 Israe-

1830 5488 1907 5537 lis.
1952 5486 2080 5552 Quia
2117 5502 2179 5538 ex
2227 5486 2448 5539 tristium
2491 5485 2896 5540 comminatione
2923 5489 3155 5542 animum
3183 5490 3385 5544 illorum

1829 5576 2109 5628 admodum
2154 5578 2452 5641 concussit,
2494 5585 2545 5629 et
2582 5577 2931 5631 calamitatem
2960 5578 3085 5631 saLis
3117 5579 3381 5643 traduxit,

1838 5668 2089 5737 longoque
2118 5679 2361 5720 sermone
2392 5665 2640 5721 terribilia
2670 5669 2932 5735 narravit,
2962 5667 3023 5721 ad
3054 5668 3262 5721 meliora
3295 5668 3375 5724 de
