4156 6312
775 347 847 402 55
1523 336 1578 391 S.
1619 334 1894 391 JOANNIS
1919 330 2384 389 CHRYSOSTOMI
2426 333 2739 389 ARCIIIEP.
2778 337 3309 394 CONSTANTINOP.

764 464 904 503 nnun
945 464 1002 505 se
1041 451 1318 506 convertit.
1365 451 1452 505 Illa
1495 452 1634 505 enim
1671 451 1942 505 medicina:
1967 451 2162 520 optima
2193 451 2327 502 ratio

759 551 860 606 est,
896 556 995 594 non
1025 542 1193 596 solum
1219 557 1401 596 secare
1428 551 1481 596 et
1511 557 1682 604 urere,
1711 543 1802 595 sed
1832 541 2042 594 dolores
2070 541 2188 594 inde
2209 556 2329 608 par-

763 643 846 687 tos
879 633 1199 690 dulcioribus
1244 633 1537 703 pharmacis
1564 634 1728 688 lenire
1758 650 1770 686 :
1804 633 1852 686 id
1883 634 1994 701 ipse
2021 647 2159 686 nunc
2187 633 2326 686 facit.

760 723 941 792 Neque
985 725 1121 778 enim
1174 726 1223 778 in
1255 726 1420 779 tristia
1448 734 1612 779 totum
1640 726 1928 780 desiturum
1955 740 2075 780 esse
2101 724 2206 788 ait,
2234 725 2326 778 sed

759 816 913 870 malis
933 816 997 869 de.
1023 816 1195 870 medio
1222 817 1442 871 sublatis
1463 817 1541 888 (τι)
1560 818 1776 872 meliora
1803 826 2053 871 eventura
2071 832 2218 871 esse:
2237 834 2329 870 nc-

758 922 859 976 que
906 918 1106 962 tantum
1153 924 1506 962 aerumnarum
1556 908 1872 961 solutionem
1919 910 2031 962 fore
2081 907 2189 972 ait,
2235 909 2326 961 scd

755 1000 913 1051 etiam
965 1000 1186 1053 multum
1231 999 1562 1068 Splendorcm
1614 1015 1964 1070 magnamque
2011 1000 2322 1054 claritatem.

761 1091 869 1142 lloc
889 1091 1029 1143 enim
1051 1089 1448 1144 illustrationem
1480 1090 1568 1144 Dei
1600 1099 1751 1144 vocat
1777 1105 1894 1159 quae
1923 1090 2151 1143 tristitia:
2179 1099 2322 1144 tene-

754 1181 875 1234 bras
904 1181 1092 1246 solvat,
1125 1180 1400 1249 la:tamque
1420 1180 1560 1234 diem
1585 1181 1772 1248 pariat,
1803 1180 2046 1249 ipsosque
2073 1180 2322 1233 illustrio-

756 1285 843 1324 res
890 1271 1094 1326 reddat.
1141 1270 1272 1325 Illud
1320 1281 1533 1336 autem,
1565 1269 1888 1334 Inconsilio,
1917 1271 2320 1339 signiﬁcaleutn

757 1361 1039 1430 prudenter
1060 1363 1233 1414 omnia
1262 1360 1433 1415 facere
1451 1401 1465 1422 .
1493 1369 1547 1413 et
1567 1375 1687 1414 cum
1717 1359 1968 1428 sapientia
1992 1359 2089 1412 sibi
2111 1374 2322 1426 compe-

757 1454 902 1508 tenti.
934 1455 986 1508 5.
1019 1451 1085 1506 Et
1111 1453 1202 1506 erit
1227 1453 1362 1523 quod
1383 1452 1635 1506 residuum
1661 1453 1809 1520 fuerit
1838 1449 2044 1504 lsraelis
2071 1451 2122 1502 in
2154 1449 2278 1504 Sion
2302 1493 2314 1516 ,

753 1557 797 1600 et
837 1548 969 1615 quod
1000 1548 1224 1600 relictum
1251 1547 1401 1616 fuerit
1425 1548 1475 1598 in
1499 1544 1808 1608 Jerusalem,
1836 1544 1996 1597 sancti
2021 1541 2320 1594 vocabuntur

751 1654 920 1690 onmes
951 1638 1034 1706 qui
1070 1639 1244 1706 scripti
1268 1646 1385 1690 sunt
1409 1637 1476 1689 ad
1502 1637 1650 1690 vitam
1679 1638 1731 1688 in
1759 1635 2059 1688 Jerusalem.
2090 1633 2156 1689 Ut
2182 1635 2317 1687 scias

752 1742 855 1779 non
882 1726 1096 1781 fortuito
1124 1742 1248 1780 casu
1277 1727 1499 1781 salutem
1531 1737 1714 1781 nactos
1739 1741 1857 1780 esse
1879 1740 1971 1780 eos
1995 1725 2083 1794 qui
2114 1725 2318 1792 pericu-

751 1816 859 1869 lum
883 1816 1177 1885 effugerunt
1199 1858 1213 1882 ,
1243 1818 1336 1872 sed
1357 1817 1581 1872 celestis
1607 1817 1880 1872 sententia:
1903 1816 2117 1871 decreto
2141 1815 2315 1868 muni-

749 1918 864 1974 tos,
906 1909 1062 1962 etiam
1111 1909 1161 1963 in
1207 1909 1394 1964 mediis
1436 1909 1590 1964 malis
1621 1926 1724 1964 non
1764 1920 1943 1978 captos
1975 1909 2166 1973 fuisse,
2198 1909 2314 1962 ideo

747 2000 819 2052 ait
853 2018 863 2051 :
895 1999 1073 2053 Sancti
1110 2001 1410 2054 vocabuntur
1434 2017 1601 2055 omnes
1625 2002 1709 2070 qui
1737 2002 1905 2070 scripti
1931 2011 2043 2054 sunt
2069 2002 2134 2051 ad
2163 2000 2314 2052 vitam

746 2095 797 2144 in
821 2091 1120 2145 Jerusalem.
1155 2093 1251 2161 Qui
1280 2094 1535 2163 segregati
1563 2104 1715 2160 sunt,
1746 2094 1910 2163 inquit
1931 2134 1943 2155 ,
1973 2093 2060 2162 qui
2087 2092 2310 2161 probati,

747 2184 831 2252 qui
876 2183 1092 2252 signati,
1134 2194 1188 2237 ut
1226 2185 1355 2238 nihil
1387 2185 1507 2238 mali
1541 2194 1863 2254 paterentur.
1895 2184 2019 2238 Jure
2047 2195 2220 2237 autem
2251 2185 2312 2238 il-

748 2274 827 2328 los
867 2287 1073 2329 sanctos
1110 2286 1292 2342 vocat,
1336 2278 1621 2332 ostendens
1646 2278 2060 2346 segregationcm
2094 2293 2195 2331 non
2229 2288 2308 2331 te-

746 2380 888 2418 mere
913 2406 926 2426 ,
972 2381 1068 2418 nec
1113 2367 1227 2420 sine
1266 2381 1421 2420 causa
1458 2367 1550 2421 Dei
1577 2368 1844 2421 decretum
1878 2367 1994 2419 illos
2024 2381 2260 2420 servasse
2293 2383 2307 2420 :

745 2456 838 2509 sed
876 2455 1073 2525 aliquid
1113 2457 1182 2510 illi
1215 2457 1289 2511 rei
1317 2458 1604 2512 contulisse
1630 2459 1876 2511 virtutem
1899 2499 1912 2522 ,
1944 2459 2054 2510 sive
2083 2472 2142 2510 ea
2172 2472 2307 2524 prm-

745 2547 996 2608 cesscrit.
1026 2547 1136 2602 sive
1163 2558 1280 2616 post
1305 2548 1621 2617 subsequuta
1652 2547 1739 2600 sit.
1771 2546 1989 2601 Etiamsi
2018 2548 2155 2602 enim
2186 2547 2308 2600 boni

745 2637 954 2706 quidam
989 2639 1178 2692 fuerint
1208 2651 1261 2692 et
1286 2640 1418 2707 :equi
1439 2679 1455 2704 ,
1492 2649 1721 2692 attamen
1748 2655 1813 2693 ex
1841 2639 1903 2692 iis
1931 2654 2046 2707 qua:
2074 2640 2309 2705 contige-

745 2738 865 2781 runt
885 2728 1129 2782 meliores
1157 2744 1219 2782 ac
1245 2729 1604 2798 diligentiores
1624 2740 1923 2783 evaserunt.
1948 2729 2306 2796 Quemadmo-

743 2819 866 2872 dum
891 2820 1027 2871 enim
1055 2835 1239 2872 aurum
1261 2820 1364 2888 igni
1391 2820 1638 2873 traditum
1661 2835 1871 2873 omnem
1894 2820 2118 2873 scoriam
2140 2819 2303 2886 depo-

746 2911 855 2974 nit,
904 2913 979 2964 sic
1023 2921 1075 2964 et
1119 2913 1266 2978 probi
1313 2911 1364 2965 in
1413 2911 1786 2966 tentationibus
1828 2912 2098 2980 probiores
2137 2911 2303 2975 lium,

742 3017 950 3058 omnem
976 3005 1247 3058 abluentes
1282 3004 1597 3059 socordiam.
1631 3007 1681 3059 4.
1719 3004 1847 3070 Quia
1874 3004 2036 3056 abluet
2059 3001 2306 3056 Dominus

741 3095 936 3148 sordem
963 3095 1182 3160 ﬁliorum
1205 3105 1250 3148 et
1278 3095 1494 3163 ﬁliarum
1517 3095 1663 3158 Sion,
1691 3105 1734 3147 et
1747 3097 2037 3165 sanguinem
2056 3111 2306 3163 expurga-

743 3186 810 3237 bit
852 3187 913 3239 de
959 3187 1118 3239 medio
1160 3203 1327 3241 eorum
1363 3187 1542 3254 spiritu
1561 3187 1771 3256 judicii,
1805 3196 1848 3240 et
1877 3185 2056 3255 spiritu
2085 3185 2303 3238 ardoris.

741 3277 1012 3346 Duplicem
1043 3278 1127 3332 hic
1155 3277 1283 3332 mihi
1316 3279 1522 3332 videtur
1550 3279 1726 3332 dicere
1755 3278 2184 3347 expurgationem
2205 3318 2220 3343 ,
2251 3288 2306 3333 ct

738 3369 878 3438 quod
911 3369 1036 3423 dent
1074 3380 1403 3437 peccatorum
1432 3384 1641 3437 poenas,
1670 3380 1722 3422 et
1749 3370 1889 3438 quod
1919 3370 2109 3424 exhinc
2141 3371 2190 3423 in
2220 3370 2302 3424 fu-

739 3470 914 3514 turum
936 3458 1292 3528 diligentiores
1314 3459 1558 3513 evadant.
1591 3460 1910 3528 Sanguinem
1937 3476 2060 3513 vero
2084 3460 2301 3514 Jerusa-

740 3551 845 3606 lem
893 3553 1065 3607 ctedes
1108 3561 1256 3606 vocat
1296 3553 1575 3622 caedesque
1613 3553 1852 3622 injustas.
1884 3554 2078 3608 Deinde
2104 3568 2301 3620 augens

736 3645 1122 3698 accusationem
1167 3644 1271 3708 ait,
1329 3644 1401 3696 De
1427 3645 1588 3696 medio
1629 3661 1817 3698 eorum.
1853 3644 1965 3699 Non
1994 3646 2133 3698 enim
2165 3645 2297 3699 clam

739 3733 1016 3789 homicidia
1047 3737 1276 3804 aggressi
1299 3745 1453 3800 sunt,
1485 3737 1576 3790 sed
1603 3741 1752 3804 pejus
1778 3753 1933 3806 quam
1968 3738 2219 3803 latrones,
2250 3751 2303 3792 et

737 3825 770 3877 ii
810 3825 897 3894 qui
944 3827 991 3878 in
1033 3826 1253 3892 publicis
1293 3826 1388 3880 viis
1429 3827 1642 3879 insidias
1669 3828 1862 3881 locant.
1894 3829 1968 3881 llli
1997 3845 2222 3898 namque
2250 3831 2297 3882 in

737 3916 964 3970 tenebris
991 3917 1212 3972 latentes
1235 3926 1288 3972 et
1313 3918 1364 3972 in
1392 3917 1782 3986 solitudinibus,
1808 3929 2054 3973 consueta
2073 3919 2296 3973 facinora

735 4007 1145 4076 aggrediuntur;
1198 4007 1250 4062 hi
1300 4018 1476 4062 autem
1524 4009 1697 4062 medio
1746 4010 1796 4063 in
1843 4009 1987 4075 foro,
2037 4010 2090 4063 in
2125 4009 2297 4063 media

737 4098 867 4152 urbe
910 4109 962 4152 et
1009 4099 1058 4150 in
1105 4099 1230 4166 ipsis
1272 4101 1616 4154 tribunalibus
1640 4099 1821 4156 eadem
1851 4116 1965 4170 qua:
1997 4101 2067 4154 illi
2099 4102 2297 4155 scelera

738 4187 1128 4256 perpetrabant.
1159 4188 1262 4242 Sed
1292 4199 1342 4242 et
1371 4192 1628 4244 maculam
1657 4190 1778 4245 inde
1803 4203 1972 4244 ortam
2000 4190 2192 4244 bellum
2221 4192 2301 4243 in-

735 4294 927 4349 gruens
971 4290 1263 4335 consumet.
1311 4281 1515 4335 Etenim
1560 4283 1610 4334 in
1657 4291 1890 4350 tempore
1934 4281 2188 4336 bonorum
2233 4283 2299 4336 dc

736 4375 983 4426 arrumnis
1025 4374 1169 4440 prius
1208 4373 1362 4426 illatis
1402 4388 1459 4426 se
1501 4372 1767 4438 defendit,
1797 4372 1936 4442 quod
1966 4373 2170 4426 scilicet
2196 4373 2297 4425 ilhc

736 4461 853 4517 ideo
884 4463 1218 4529 acciderent,
1253 4473 1307 4516 ut
1326 4465 1695 4527 abluerentur,
1723 4479 1784 4517 ac
1809 4464 1992 4516 sordes
2018 4474 2294 4531 ponerent,

733 4562 790 4606 ut
821 4554 938 4621 igne
966 4564 1313 4623 purgarentur
1344 4554 1389 4619 ⁸,
1421 4565 1476 4608 ut
1502 4570 1713 4608 omnem
1739 4555 1995 4607 tnaculam
2025 4554 2294 4617 absterge-

734 4654 850 4697 rent
872 4685 885 4707 ,
913 4655 964 4697 ut
991 4646 1238 4711 probrum
1259 4663 1320 4701 ex
1349 4647 1575 4715 peccatis
1597 4656 1649 4700 et
1670 4647 1897 4701 ccedibus
1921 4654 2124 4712 partum
2149 4644 2296 4698 eluc-

733 4744 868 4790 rent.
919 4735 1052 4801 Quid
1097 4751 1223 4791 vero
1263 4747 1344 4791 εει
1387 4737 1525 4805 quod
1549 4739 1657 4801 ait,
1690 4738 1887 4806 Spiritu
1907 4737 2089 4806 judicii
2116 4745 2162 4789 et
2191 4737 2295 4804 spi-

731 4825 829 4877 ritu
873 4825 1115 4880 ardoris?
1141 4825 1196 4878 in
1227 4827 1528 4894 metaphora
1557 4825 1796 4880 conﬂatm
1827 4827 2103 4880 metallica:
2129 4836 2296 4877 matc-

732 4919 823 4971 riu:
868 4915 1116 4970 substitit.
1159 4917 1606 4981 Quemadmodum
1652 4919 1794 4971 enim
1838 4919 1941 4972 illic
1982 4919 2195 4985 spiritus
2244 4920 2296 4970 in

730 5012 1092 5064 conllatoriam
1121 5009 1384 5063 fornacem
1417 5009 1683 5062 immissus
1707 5021 1759 5063 et
1785 5009 2046 5062 ﬂammam
2077 5009 2260 5063 amans
2280 5049 2295 5073 ,

729 5101 1162 5172 ardentioresque
1191 5116 1384 5172 prunas
1410 5102 1665 5166 reddens,
1695 5116 1909 5155 omnem
1935 5102 2162 5155 absumit
2182 5116 2300 5156 sco-

793 5259 808 5290 ¹
847 5265 968 5317 Haec,
992 5265 1041 5306 ut
1062 5258 1170 5319 igne
1193 5265 1526 5322 purgarentnr,
1553 5259 1729 5307 desunt
1765 5260 1810 5307 in
1837 5266 1946 5322 neg.
1978 5265 2027 5322 et
2049 5257 2186 5306 savii.
2208 5259 2300 5308 Sed

731 5321 776 5367 in
804 5325 958 5382 navar.
982 5328 1031 5369 et
1053 5322 1213 5370 Morel.
1241 5321 1495 5380 habentur,
1524 5329 1573 5370 et
1589 5323 1822 5382 quadram
1843 5321 1898 5367 ad
1918 5321 2113 5367 seriem.

795 5381 866 5441 (α)
901 5380 1143 5448 lacrumo.
1170 5401 1239 5432 τε...
1261 5402 1416 5448 πογηρειν
1452 5397 1488 5433 ιι
1519 5380 1626 5442 me;
1657 5395 1867 5448 ?.Vj;°t‘.rur\t.
1891 5383 2010 5448 lltusi
2034 5382 2298 5448 aliquantu-

733 5441 828 5505 lum
849 5456 908 5489 an
930 5443 1321 5505 sicinterpretari
1348 5441 1594 5504 oporteret
1617 5459 1628 5492 :
1654 5441 1875 5505 improbis
1892 5443 1951 5491 de
1968 5441 2122 5490 medio
2140 5441 2299 5490 subla-

731 5502 805 5560 tis,
821 5517 899 5562 an,
919 5504 1054 5553 malis
1077 5502 1164 5552 seu
1189 5502 1401 5554 tristibus
1427 5506 1486 5555 de
1513 5507 1670 5555 medio
1694 5502 1904 5554 sublatis.
1927 5512 1983 5552 t-‘a
2007 5506 2184 5564 quippe
2205 5518 2296 5551 vox

731 5583 884 5628 ιονημ-η,
903 5567 1109 5626 priorem
1147 5568 1305 5626 potius
1325 5571 1577 5628 requirere
1612 5568 1884 5615 versionem
1909 5568 2185 5628 videbatur;
2211 5567 2296 5612 sed

732 5637 793 5689 ex
820 5625 950 5675 Serie
973 5635 1023 5674 et
1043 5625 1341 5689 connexione
1367 5625 1672 5689 sequentium
1708 5630 2020 5689 posteriorem
2045 5625 2206 5685 malui,
2250 5634 2299 5674 et

731 5687 798 5736 sic
821 5689 966 5738 vertit
986 5700 1178 5752 quoque
1202 5687 1490 5742 't‘ilmannuS.

3948 359 4012 414 56

2440 450 2570 504 riam
2616 468 2631 505 :
2676 453 2746 506 ita
2785 463 2838 508 et
2869 454 2953 508 hic
2983 455 3215 508 immissa
3242 471 3272 509 a
3304 456 3410 510 Deo
3438 457 3511 511 ira
3532 500 3545 521 ,
3577 469 3623 513 et
3656 461 3891 518 incidens
3917 467 4005 518 ho-

2437 541 2594 593 stium
2640 542 2919 609 incursus,
2963 545 3132 598 instar
3171 546 3306 615 ignis
3351 549 3464 602 nrbi
3512 550 3676 604 factus
3712 561 3825 620 est,
3876 556 4004 626 ignis

2437 645 2539 684 non
2571 633 2856 699 perniciem
2885 633 3188 700 inferentis,
3219 637 3312 690 sed
3346 641 3564 702 urentis,
3597 646 3883 710 purgantis,
3911 663 4000 713 pu-

2435 721 2629 774 nienlis
2653 733 2705 776 et
2734 723 3081 778 emendantis.
3108 725 3256 779 Hunc
3276 728 3414 780 enim
3442 743 3652 784 sensum
3677 731 3831 786 habet
3855 735 3999 800 illud,

2435 811 2630 876 Spiritu
2651 812 2875 878 judicii;
2905 813 3006 867 hoc
3032 825 3147 880 est,
3180 817 3464 883 punitionis
3487 860 3501 884 ,
3533 819 3810 888 vindictte,
3843 825 3998 876 ultio-

2434 900 2533 953 nis.
2577 901 2628 954 5.
2664 900 2728 953 Et
2772 904 2928 956 veniet
2969 903 3234 957 Dominus.
3265 907 3561 961 Adventum
3592 911 3706 977 ejus
3735 915 3997 981 operatio-

2433 1004 2552 1044 nem
2578 1001 2744 1044 vocat.
2778 991 2842 1044 Et
2869 995 2960 1045 erit
2992 1001 3150 1048 onmis
3179 996 3318 1049 locus
3347 999 3527 1052 montis
3558 999 3714 1066 Sion,
3745 1013 3790 1054 et
3812 1005 3997 1067 omnia,

2429 1098 2540 1150 qua
2573 1083 2625 1135 in
2657 1085 2867 1137 circuitu
2895 1087 3002 1155 ejus
3031 1098 3146 1140 sunt
3165 1129 3182 1154 ,
3215 1088 3523 1143 obumbrabit
3547 1094 3699 1147 nubes
3722 1111 3810 1164 per
3833 1096 3960 1149 diem
3982 1139 3996 1163 ,

2429 1182 2474 1226 et
2503 1174 2648 1240 quasi
2676 1177 2816 1243 [iuno
2839 1216 2855 1241 ,
2885 1186 2929 1227 et
2957 1178 3102 1244 quasi
3128 1178 3239 1230 luce
3261 1179 3390 1249 ignis
3415 1182 3635 1235 ardentis
3659 1201 3746 1251 per
3773 1197 3994 1253 noctem,

2428 1267 2562 1316 omni
2589 1265 2751 1333 gloria
2769 1277 3066 1336 protegetur.
3096 1268 3148 1322 6.
3180 1268 3246 1321 Et
3272 1274 3364 1323 erit
3388 1273 3439 1324 in
3460 1274 3804 1328 umbraculum
3826 1279 3925 1330 diei
3941 1280 3996 1331 ub

2425 1363 2548 1405 testu
2573 1395 2587 1417 ,
2632 1365 2678 1407 et
2712 1356 2763 1407 in
2791 1366 3069 1425 tegumenta
3102 1368 3148 1411 et
3173 1359 3226 1411 in
3255 1361 3547 1414 abscondito
3572 1365 3632 1416 ab
3661 1369 3930 1434 asperitate
3953 1379 3994 1421 et

2423 1443 2610 1512 pluvia.
2656 1444 2859 1499 Nubem
2907 1445 2991 1499 hic
3019 1457 3170 1502 vocat
3196 1451 3613 1506 consolationem
3645 1455 3694 1506 in
3725 1457 3878 1509 malis
3903 1458 3994 1510 da-

2425 1545 2529 1589 tam
2553 1553 2566 1594 ;
2594 1552 2774 1605 rogum
2803 1539 2875 1608 (α)
2907 1555 3033 1594 vero
3061 1541 3341 1596 adventum
3366 1545 3479 1612 ejus
3495 1560 3614 1599 cum
3636 1551 3994 1604 constitutione

2421 1627 2741 1695 adjunctnm.
2784 1631 2931 1696 Quod
2965 1634 3103 1686 enim
3131 1634 3183 1687 iu
3212 1646 3342 1688 a:stu
3371 1645 3451 1690 est
3479 1638 3674 1702 nubes,
3706 1639 3806 1694 hoc
3834 1643 3885 1694 in
3918 1654 3992 1697 te-

2423 1719 2600 1772 nebris
2627 1731 2678 1772 et
2707 1723 2962 1788 prolunda
2993 1734 3145 1778 nocte
3173 1740 3330 1793 rogus
3355 1728 3612 1794 Splendidi
3645 1730 3776 1798 ignis
3807 1749 3992 1786 acren-

2419 1823 2532 1863 sus.
2555 1811 2645 1865 llla
2675 1812 2814 1864 enim
2843 1824 3026 1867 aestum
3053 1814 3291 1883 depellit,
3312 1817 3398 1870 hic
3424 1834 3548 1872 vero
3573 1820 3849 1890 caliginem
3879 1824 3989 1876 dis-

2417 1900 2569 1955 cutit.
2593 1900 2887 1955 Adventum
2925 1919 3051 1972 ergo
3086 1904 3200 1974 ejus
3228 1921 3372 1974 pyra:
3392 1909 3692 1975 splendori,
3725 1913 3992 1965 remissio.

2419 2005 2538 2043 nem
2578 2007 2704 2045 vero
2751 2001 2804 2046 et
2831 1995 3211 2050 recreationem
3240 1998 3441 2052 umbra:
3467 1999 3617 2052 nobis
3643 2007 3984 2068 comparavit.

2419 2081 2618 2136 Deinde
2659 2085 2946 2138 ostendens
2984 2101 3087 2139 non
3127 2087 3378 2155 paulatim
3404 2089 3586 2143 solutis
3614 2091 3851 2145 tristibus
3881 2095 3989 2147 lin-c

2415 2183 2664 2227 eventura
2695 2191 2813 2230 esse
2836 2218 2852 2242 ,
2884 2177 2976 2230 sed
3005 2178 3293 2247 derepente
3317 2179 3366 2232 in
3395 2181 3607 2248 ipsaque
3633 2197 3987 2237 :erumnartnn

2417 2265 2464 2318 vi
2492 2266 2602 2321 fore
2629 2268 2970 2322 mutationem
2991 2309 3006 2336 ,
3035 2278 3091 2323 ut
3113 2280 3164 2324 et
3191 2271 3313 2325 inde
3339 2271 3576 2340 discant,
3607 2291 3709 2327 non
3740 2291 3802 2328 ex
3829 2293 3985 2330 revo-

2416 2356 2612 2413 lutione
2639 2359 2863 2427 quadam
2890 2371 2942 2414 et
2963 2361 3182 2416 fortuito
3205 2365 3547 2417 mutationem
3579 2365 3630 2418 in
3659 2367 3845 2419 melius
3867 2382 3985 2420 esse

2413 2447 2652 2514 factam;
2698 2449 2791 2503 sed
2835 2465 2898 2504 ex
2943 2467 3170 2520 superna
3214 2452 3408 2506 virtute
3452 2464 3615 2506 totum
3653 2470 3771 2508 esse
3804 2457 3986 2509 confe-

2411 2547 2552 2593 ctum
2573 2581 2588 2606 ,
2622 2541 2766 2596 Sicut
2791 2543 2907 2612 igne
2930 2543 3134 2596 ardente
3157 2545 3208 2597 in
3237 2554 3380 2597 nocte
3397 2587 3411 2606 ,
3444 2545 3637 2613 inquit,
3663 2549 3739 2600 sic
3761 2547 3848 2599 lict
3869 2564 3985 2600 mn-

2412 2633 2540 2686 tatio
2559 2675 2573 2696 ,
2605 2632 2670 2685 Et
2695 2635 2784 2687 erit
2811 2636 2863 2687 in
2891 2637 3117 2688 umbram
3143 2652 3232 2704 per
3257 2637 3410 2690 diem.
3438 2639 3687 2700 Quantam
3719 2638 3831 2690 haec
3861 2655 3982 2691 um-

2412 2725 2504 2778 bra
2525 2725 2548 2778 τ
2578 2725 2669 2780 Dei
2696 2726 2970 2792 auxilium,
3002 2725 3189 2796 inquit,
3212 2738 3266 2781 et
3292 2726 3602 2788 subsidium,
3627 2729 3773 2795 quasi
3798 2729 3982 2781 umbra

2411 2815 2462 2868 in
2493 2825 2626 2869 aestu
2645 2857 2662 2881 ,
2692 2825 2743 2870 et
2770 2818 2917 2884 quasi
2941 2826 3135 2871 tectum
3163 2817 3244 2872 vel
3271 2833 3516 2872 caverna:
3544 2818 3814 2872 latibulum
3833 2861 3848 2882 ,
3881 2820 3982 2872 im-

2407 2905 2503 2961 bre
2541 2906 2841 2962 vehementi
2885 2909 3140 2977 cadente,
3192 2909 3244 2963 in
3291 2919 3403 2963 luto
3429 2919 3604 2964 servat
3626 2926 3746 2965 eum
3771 2913 3861 2982 qui
3893 2913 3982 2966 illo

2408 2997 2642 3065 confugit
2687 3016 2699 3051 :
2741 3000 2817 3052 sic
2843 3009 2896 3053 et
2922 3000 3012 3053 Dei
3043 3001 3412 3055 commilitium
3436 3002 3566 3056 nihil
3592 3002 3729 3057 sinet
3754 3004 3862 3071 pati
3890 3004 3984 3057 de-

2408 3087 2641 3142 trimenti
2667 3129 2682 3153 ,
2716 3097 2862 3144 tanto
2891 3090 3162 3162 ingruente
3190 3091 3328 3147 bello
3349 3133 3366 3160 ,
3396 3107 3488 3147 eos
3512 3108 3646 3162 quos
3665 3108 3695 3147 a
3721 3093 3982 3164 principio

2407 3193 2621 3235 servare
2648 3180 2890 3237 Voluerit.

3028 3313 3253 3370 CAPUT
3294 3314 3358 3369 V.

2410 3427 2461 3481 1.
2505 3426 2728 3479 Cantabo
2767 3426 2947 3479 dilecto
2997 3427 3247 3480 canticum
3285 3429 3453 3481 dilecti
3500 3429 3597 3483 mei
3641 3429 3796 3484 vinea
3829 3448 3981 3486 mete.

2479 3539 2528 3592 1.
2571 3539 2853 3606 Postquam
2895 3538 3119 3591 tristium
3159 3541 3570 3595 comminatione
3606 3545 3886 3608 exterruit,
3928 3558 3981 3600 et

2405 3629 2662 3683 bonorum
2693 3628 3045 3697 promissione
3071 3627 3381 3683 exhilaravit
3401 3670 3417 3695 ,
3460 3631 3764 3702 variamque
3791 3637 3979 3690 mede-

2404 3719 2506 3772 lam
2535 3717 2804 3783 adhibuit,
2852 3717 2903 3771 iu
2940 3718 3080 3772 aliud
3109 3719 3283 3772 denuo
3314 3719 3624 3789 principium
3668 3737 3979 3780 sermonem

2405 3811 2629 3876 reducit,
2664 3811 2972 3880 principium
2995 3853 3009 3876 ,
3052 3811 3263 3879 inquam
3282 3854 3296 3876 ,
3331 3813 3470 3880 quod
3500 3816 3785 3883 prophetia:
3814 3833 3979 3873 exor-

2404 3901 2547 3954 dium
2579 3901 2835 3954 videatur.
2875 3901 3327 3966 Quemadmodum
3353 3904 3491 3956 enim
3522 3920 3550 3958 a
3582 3906 3836 3974 principio
3865 3919 3980 3961 sta-

2405 3990 2496 4042 tim
2529 3989 2782 4043 beneficia
2829 3990 2955 4057 ipsis
2998 4006 3026 4043 a
3070 3991 3182 4044 Deo
3223 3992 3410 4045 collata
3459 3997 3723 4048 recensuit
3765 3997 3976 4062 dicens,

2404 4079 2564 4132 Filios
2592 4080 2740 4149 genui
2763 4089 2806 4132 et
2832 4081 3044 4132 exaltari
3076 4079 3241 4150 (lsai.
3270 4083 3320 4134 1.
3349 4082 3439 4150 2),
3465 4083 3702 4137 adductis
3727 4089 3978 4154 proposi-

2404 4171 2572 4239 tisque
2601 4171 2888 4224 sceleribus
2907 4212 2921 4235 ,
2955 4186 3070 4238 quae
3101 4171 3172 4224 illi
3205 4179 3538 4240 patraverant
3560 4215 3576 4240 ,
3605 4189 3792 4243 nempe
3811 4217 3828 4242 ,
3867 4176 3895 4228 1
3902 4181 3980 4246 psi

2402 4272 2690 4330 spreverunt
2716 4279 2808 4326 me,
2839 4272 2910 4328 et,
2936 4261 3102 4315 Israel
3126 4274 3290 4316 autem
3318 4281 3396 4316 me
3414 4282 3511 4317 non
3536 4268 3782 4335 cognovit,
3807 4279 3857 4320 et
3887 4288 3978 4336 ρος

2403 4351 2552 4421 pulus
2580 4369 2714 4406 meus
2756 4368 2836 4405 me
2879 4369 2976 4404 non
3013 4353 3254 4405 intellexit
3282 4352 3440 4422 (lsai.
3472 4354 3520 4406 1.
3549 4354 3616 4425 5)
3642 4373 3654 4408 :
3687 4356 3763 4409 sic
3791 4366 3847 4408 et
3878 4359 3979 4410 hoc

2401 4444 2516 4497 loco
2545 4444 2660 4496 aliis
2691 4443 2881 4508 dictis,
2923 4443 3016 4497 sed
3056 4444 3242 4497 eadem
3288 4445 3544 4498 sententia
3593 4461 3652 4498 ea
3697 4446 3808 4514 ipsa
3856 4464 3978 4516 qua:

2403 4537 2544 4604 prius
2572 4535 2802 4588 exhibet.
2838 4534 3031 4588 Verum
3071 4550 3172 4603 qua
3217 4535 3284 4589 de
3329 4551 3485 4589 causa
3528 4536 3974 4604 reprehensurus,

2401 4625 2863 4692 reprehensionem
2887 4624 3147 4677 canticum
3170 4625 3364 4678 vocat?
3391 4626 3589 4696 Moyses
3611 4629 3751 4680 enim
3779 4627 3831 4680 id
3856 4629 3978 4696 jure

2403 4719 2522 4771 fecit
2547 4733 2664 4769 cum
2692 4717 2870 4779 Maria,
2899 4725 3078 4784 utpote
3104 4715 3418 4785 triumphale
3445 4717 3703 4771 canticum
3733 4721 3978 4774 modula-

2404 4820 2551 4862 turus
2571 4851 2585 4874 ,
2617 4809 2906 4875 meritoque
2933 4809 3008 4860 sic
3037 4806 3220 4876 incipit
3251 4825 3262 4858 :
3289 4806 3551 4860 Cantemus
3574 4807 3789 4861 Domino
3811 4826 3834 4862 :
3861 4812 3977 4881 glo-

2401 4902 2531 4952 riose
2555 4900 2686 4953 enim
2715 4899 3064 4967 magniﬁcatus
3094 4906 3199 4963 est,
3241 4913 3418 4963 equum
3447 4905 3492 4949 et
3517 4913 3825 4950 ascensorem
3859 4917 3979 4966 pro-

2392 4993 2512 5061 jecit
2556 4991 2605 5042 in
2650 5007 2786 5042 mare
2831 4987 3038 5057 (Exod.
3067 4988 3153 5042 15.
3188 4989 3280 5056 1).
3324 4990 3391 5041 Et
3434 4989 3631 5043 chora
3680 5001 3798 5057 post
3839 4992 3975 5045 illud

2401 5082 2707 5136 admirabile
2738 5092 3026 5148 tropaeum,
3070 5088 3126 5134 ct
3162 5079 3480 5148 insperatam
3520 5081 3789 5134 victoriam
3812 5124 3824 5146 ,
3855 5084 3976 5152 jure

2402 5174 2662 5227 Canticum
2689 5172 2816 5226 illud
2848 5169 3164 5239 triumphale
3185 5171 3479 5237 contexuit,
3501 5171 3705 5225 laudem
3732 5172 3977 5231 referens

2405 5265 2512 5319 Deo
2540 5263 2747 5333 (Judic.
2776 5263 2860 5332 5).
2904 5262 2998 5316 Hic
3027 5269 3205 5316 autem
3230 5262 3629 5327 criminaturus,
3661 5277 3782 5318 cum
3812 5269 3980 5322 vehe-

2479 5445 2546 5505 (n,
2579 5448 3058 5519 (i.t‘.1tupoiv.."icnt‘l
3098 5449 3216 5519 infra
3258 5453 3403 5513 πυρὰν
3428 5463 3789 5519 commemorat,
3833 5463 3975 5519 quasi

2414 5519 2472 5553 ea
2498 5520 2582 5578 vox
2613 5510 2657 5553 in
2694 5510 3080 5578 prmcedcntibus
3116 5510 3390 5578 Scripturae
3408 5513 3657 5578 versiculis
3682 5510 3974 5578 haberetur,

2413 5581 2534 5634 que
2556 5575 2714 5634 tamen
2751 5569 2815 5616 ibi
2857 5583 2949 5634 non
2993 5569 3256 5631 comparet.
3295 5573 3390 5620 Sed
3436 5583 3550 5632 puto
3573 5569 3975 5633 Chrysoslnnmni

2414 5629 2496 5674 llas
2521 5627 2652 5674 [snite
2675 5641 2837 5700 V9065,
2864 5633 2924 5697 ti);
2963 5627 3114 5690 φωτὸέ
3137 5637 3279 5696 πυρὸς
3311 5627 3557 5695 χαιοιλένου
3580 5627 3760 5697 νυκξὸς,
3783 5638 3865 5687 hic.

2411 5701 2581 5736 vocem
2604 5706 2749 5751 πνραν
2777 5704 2802 5738 0
2814 5706 2833 5736 λ
2846 5705 3070 5750 prnucrc.
