4130 6312
190 372 252 429 55
1498 354 1565 412 IN
1608 351 1861 419 ISMAM,
1903 350 2054 407 CAP.
2110 349 2175 405 ν.
3508 351 3584 408 56
3667 371 3672 375 ,

187 474 390 548 Ἐπειδὴ
439 479 649 551 σφόδρα
691 482 972 535 κατέσεισε
1012 481 1111 551 τὴν
1154 478 1386 532 διάνοιαν
1415 473 1594 528 αὐτῶν
1622 475 1689 542 τῇ
1725 469 1831 522 τῶν

178 563 418 632 λυπηρῶν
445 566 666 636 ἀπειλῇ,
690 568 781 619 καὶ
803 569 896 635 τὴν
925 564 1208 636 συμφορὰν
1236 560 1430 624 ἱκανῶς
1465 557 1831 630 ἐτραγῲδησε.

179 651 259 702 καὶ
292 653 499 721 μακρὸν
541 654 795 706 ἀπέτεινε
824 653 976 720 λόγον
1003 653 1071 706 τὰ
1097 650 1300 721 φοϐερά
1333 647 1702 717 διηγούμενος,
1738 660 1832 713 με-

178 737 453 791 ταϐάλλει·
483 739 668 792 λοιπὸν
691 741 782 792 ἐπὶ
804 739 868 792 τά
893 740 1244 810 χρηστότερα.
1272 735 1441 789 Τοῦτο
1465 734 1570 803 γάρ
1597 730 1834 800 ἰατρείας

180 821 396 892 ἀρίστης
441 824 658 894 τρόπος,
696 824 770 894 μὴ
820 825 1035 893 τέμνειν
1073 821 1207 892 μηδέ
1256 821 1431 873 καίειν
1491 818 1669 888 μόνον,
1698 815 1832 868 ἀλλὰ

179 908 262 960 καὶ
293 911 394 972 τὰς
419 911 626 963 ἐκεῖθεν
657 912 940 980 γινομένας
964 910 1153 972 ὀδύνας
1180 907 1474 979 προσηνέσι
1504 902 1835 974 παραμυθεῖ-

181 994 294 1047 σθαι
341 997 680 1066 φαρμάκοις·
722 997 875 1050 τοῦτο
907 997 968 1066 δὴ
1002 996 1096 1050 ml
1123 995 1283 1057 αὐτὸς
1309 995 1469 1046 ποιεῖ.
1499 991 1572 1044 Οὐ
1618 991 1726 1057 γὰρ
1770 987 1833 1056 δὴ

181 1079 247 1141 είς
293 1082 360 1132 τά
401 1082 697 1153 σκυθρωπά
744 1082 1065 1135 καταλύσειν
1097 1081 1264 1150 ἔφησε
1301 1079 1362 1131 τὸ
1391 1078 1516 1135 πᾶν,
1552 1075 1686 1126 ἀλλὰ
1728 1074 1834 1126 τῶν

183 1167 423 1237 πονηρῶν
440 1170 503 1222 ἐκ
527 1170 688 1239 μέσου
708 1168 1016 1239 ληφθέντων
1036 1166 1369 1236 διαδέχεσθαι
1389 1165 1455 1218 τά
1477 1163 1831 1234 χρηστότερα·

187 1254 268 1307 καὶ
299 1255 402 1308 οὐκ
430 1257 745 1326 ἀπαλλαγὴν
774 1256 987 1308 ἔσεσθαι
1021 1256 1175 1326 μόνον
1207 1254 1314 1306 τῶν
1343 1251 1542 1324 ἀηδῶν,
1574 1248 1709 1303 ἀλλά
1744 1250 1838 1301 καὶ

188 1341 379 1413 πολλὴν
414 1343 512 1410 τὴν
539 1344 890 1413 περιφάνειαν
934 1343 1028 1395 καὶ
1060 1341 1300 1411 μεγάλην
1331 1339 1429 1410 τὴν
1455 1335 1828 1407 λαμπρότητα.

186 1427 346 1482 Τοῦτο
374 1429 484 1500 γὰρ
517 1429 809 1498 ἐπίλαμψιν
845 1428 979 1480 Θεοῦ
1013 1428 1185 1490 καλεῖ,
1218 1427 1281 1478 τὸ
1324 1426 1511 1487 σκότος
1557 1422 1654 1492 τῆς
1704 1422 1835 1474 ἀθυ-

189 1515 302 1585 μίας
333 1516 587 1582 λύουσαν,
618 1519 709 1570 ml
739 1516 967 1587 φαιδρὰν
997 1516 1254 1569 ποιοῦσαν
1287 1515 1520 1586 ἡμέραν,
1561 1513 1658 1566 καὶ
1686 1529 1838 1583 περι-

185 1605 359 1670 φανεῖς
390 1601 750 1659 καθιστῶσαν.
777 1605 848 1656 Τὸ
873 1604 950 1666 δὲ,
968 1604 1061 1655 Ἑν
1084 1601 1306 1669 βουλῇ,
1331 1603 1409 1654 ὅτι
1441 1598 1692 1662 συνετῶς,
1736 1616 1839 1668 φη-

186 1691 248 1752 σὶ,
282 1689 464 1744 πάντα
493 1693 802 1760 ἐργάσεται,
833 1692 928 1744 ml
974 1691 1112 1761 μετά
1139 1691 1239 1760 τῆς
1284 1687 1666 1760 προσηκούσης
1691 1686 1838 1756 αὐτῷ

187 1779 386 1846 σοφίας.
423 1779 534 1833 Kal
573 1779 741 1832 ἕσται
787 1779 853 1832 τὸ
893 1778 1289 1846 καταλειφθὲν
1331 1777 1438 1831 τοῦ
1482 1775 1728 1844 Ἰσραὴλ
1770 1775 1840 1829 ἐν

184 1863 342 1926 Σιὼν,
368 1865 470 1917 καί
494 1866 558 1918 τό
581 1864 973 1934 καταλειφθὲν
994 1864 1064 1917 ἐν
1092 1863 1496 1932 Ἰερουσαλὴμ,
1521 1861 1672 1930 ἅγιοι
1697 1863 1840 1928 κλη-

186 1949 464 2016 θήσονται
494 1949 714 2016 πὰντες
736 1954 790 2004 οὶ
812 1949 1132 2020 γραφέντες
1157 1953 1244 2016 εὶς
1269 1947 1421 2017 ζωὴν
1449 1950 1520 2002 ἐν
1550 1950 1837 2017 Ἰερουσα-

183 2035 447 2104 λήμ.¹’Ῑνα
497 2037 672 2109 μάθῃς
704 2039 786 2090 ὅτι
817 2040 876 2091 οὐ
919 2038 1200 2106 συντυχίας
1232 2035 1375 2098 τινὸς
1412 2037 1446 2106 ἡ
1483 2035 1721 2106 σωτηρία
1745 2037 1838 2103 γέ·-

185 2140 294 2190 γονε
326 2124 435 2176 τῶν
464 2124 832 2193 διαφυγόντων
864 2125 953 2177 τὸν
980 2124 1241 2187 κίνδυνον,
1273 2123 1392 2176 ἀλλ’
1415 2123 1478 2176 ἐκ
1505 2120 1604 2191 τῆς
1637 2121 1840 2176 ἄνωθεν

185 2208 353 2280 ψήφου
381 2211 769 2280 τειχισθέντες,
799 2212 888 2264 καὶ
916 2210 972 2264 ἐν
1003 2211 1188 2282 μέσοις
1217 2213 1326 2274 τοῖς
1358 2211 1549 2273 δεινοῖς
1573 2209 1721 2273 ὅντες
1745 2210 1842 2280 οὐχ

185 2298 441 2364 ἑάλωσαν,
474 2298 560 2352 διὰ
590 2299 746 2353 τοῦτό
780 2317 942 2370 φησιν
965 2317 978 2330 ·
1010 2301 1197 2370 Ἀγιοι
1237 2298 1645 2366 κληθήσονται
1693 2296 1842 2350 πᾶν·

185 2399 276 2446 τες
300 2387 355 2438 οι
381 2385 708 2454 γραφέντες
737 2389 822 2451 είς
848 2385 999 2454 ζὶυὴν
1024 2387 1092 2439 ὲν
1117 2385 1530 2454 Ἰερουσαλήμ·
1560 2385 1620 2437 οἶ
1651 2386 1840 2454 ἀφορι-

187 2465 414 2530 σθέντες,
453 2468 638 2538 φησὶν,
669 2470 716 2521 οἱ
749 2469 1183 2539 δοκιμασθέντες,
1214 2472 1260 2522 οί
1289 2468 1627 2530 τυπωθέντες
1645 2467 1693 2531 ιι,
1736 2486 1841 2537 μη-

186 2551 266 2603 δέν
315 2554 512 2607 παθεῖν
558 2556 747 2609 δεινόν.
794 2557 1029 2620 Είκότως
1077 2557 1134 2609 δέ
1178 2555 1374 2618 αὐτοὺς
1429 2555 1615 2624 ἁγίους
1663 2554 1836 2618 καλεῖ,

187 2637 409 2703 δεικνὺς,
442 2642 527 2693 ὅτι
556 2642 653 2710 οὐχ
681 2642 863 2705 ἁπλῶς
891 2645 917 2696 ό
955 2641 1255 2713 άφορισμδς
1287 2641 1482 2704 αὐτοὺς
1516 2640 1838 2711 ἀπήλλαξεν.

187 2726 300 2780 οὐδὲ
324 2727 513 2791 ἁπλῶς
536 2731 569 2798 ἠ
601 2728 693 2781 τοῦ
725 2728 857 2782 Θεοῦ
890 2729 1066 2800 ψῆφος
1085 2745 1098 2760 ·
1132 2729 1268 2783 ἀλλά
1302 2747 1355 2783 τι
1390 2729 1482 2782 ml
1509 2728 1540 2798 ἡ
1570 2728 1677 2780 τῶν
1723 2727 1844 2798 τρό·

189 2830 299 2868 πων
323 2815 640 2884 εἰσήνεγκεν
670 2816 857 2888 ἀρετὴ,
891 2818 998 2870 εἴτε
1031 2818 1289 2887 προτέρα,
1325 2817 1434 2870 εῖτε
1486 2817 1623 2886 μετὰ
1650 2816 1841 2870 ταῦτα.

189 2897 246 2951 El
271 2898 376 2968 γάρ
405 2901 503 2952 καὶ
535 2903 758 2972 χρηστοί
782 2919 926 2965 τινες
956 2896 1094 2972 ἦσαν
1124 2904 1216 2956 ml
1245 2903 1524 2968 ἐπιεικεῖς,
1562 2901 1676 2956 ἀλλ’
1696 2902 1845 2972 ὅμως

191 2983 287 3035 ύπδ
308 2985 414 3038 τῶν
444 3003 507 3038 συ
516 2986 764 3055 μϐάντων
789 2987 1028 3057 βελτίους
1052 2988 1296 3056 ἐγένοντο
1325 2989 1417 3041 ml
1444 2987 1842 3059 ἀκριϐέστεροι.

188 3068 446 3142 Καθάπερ
484 3073 593 3142 γὰρ
620 3073 682 3125 τὸ
709 3076 928 3144 χρυσίον
953 3074 1029 3144 τῷ
1055 3076 1185 3145 πυρὶ
1216 3074 1638 3145 παραδιδόμενον
1667 3077 1845 3127 πᾶσαν

191 3153 499 3210 ἀποτίθεται
525 3158 736 3228 κηλῖδα,
766 3160 906 3212 οῦτω
939 3163 1031 3213 ml
1056 3163 1102 3214 οἱ
1137 3163 1410 3215 σπουδαῖοι
1444 3159 1844 3233 σπουδαιότεροι

188 3241 535 3296 καθίστανται
582 3246 639 3297 ἐν
686 3248 796 3309 τοῖς
839 3249 1184 3317 πειρασμοῖς,
1217 3249 1394 3301 πᾶσαν
1429 3246 1844 3316 ἀπονιπτόμενοι

191 3327 615 3398 ρᾳθυμίαν.”οτι
645 3332 934 3386 έκπλυνεῖ
955 3336 1169 3402 Κύριος
1197 3334 1304 3386 τὸν
1327 3334 1525 3401 ῥύπον
1552 3334 1670 3387 τῶν
1701 3332 1848 3387 υίῶν

190 3413 284 3466 καὶ
307 3414 426 3468 τῶν
449 3418 785 3485 θυγατέρων
814 3418 983 3484 Σιὼν,
1027 3419 1125 3473 καὶ
1153 3419 1217 3473 τὸ
1250 3416 1391 3489 αἷμα
1416 3421 1755 3489 έκκαθιιριεῐ
1779 3421 1846 3474 ἐκ

184 3498 375 3562 μέσου
415 3501 612 3555 αὐτῶν
644 3506 934 3573 πνεύματι
965 3506 1216 3574 κρίσεως
1255 3507 1352 3560 καί
1384 3507 1673 3575 πνεύματι
1716 3509 1850 3562 καύ-

188 3600 356 3652 σεως.
391 3590 618 3642 Διπλοῦν
648 3591 880 3645 ἐνταῦθά
915 3610 1003 3663 μοι
1037 3593 1182 3645 δοκεῖ
1221 3594 1394 3661 λέγειν
1425 3593 1726 3663 καθαρμὸν,
1753 3596 1848 3647 καὶ⁹

186 3673 242 3724 τὸ
271 3673 458 3727 δοῦναι
488 3676 643 3746 δίκην
670 3671 745 3730 ὧν
773 3679 1038 3749 ἥμαρτον,
1075 3679 1168 3732 καὶ
1199 3679 1260 3731 τὸ
1290 3680 1732 3749 σπουδαιοτέρους
1757 3696 1848 3746 γε-

187 3761 368 3813 νέσθαι
416 3763 548 3832 πρὸς
581 3764 640 3816 τὸ
677 3764 865 3831 μέλλον
910 3765 1174 3818 ἐντεῦθεν.
1208 3761 1357 3833 Αἷμα
1403 3766 1461 3819 δέ
1500 3765 1849 3837 Ἰερουσαλὴμ

187 3848 308 3910 τοὺς
343 3849 537 3917 φόνους
566 3849 732 3918 λέγει,
763 3851 860 3914 τὰς
885 3853 1096 3919 σφαγάς
1120 3852 1217 3914 τὰς
1241 3852 1476 3915 ἀδίκους.
1509 3851 1643 3907 Εἶτα
1673 3851 1849 3918 αὔξων

187 3933 245 3986 τὸ
270 3934 526 4005 ἔγκλημά
555 3949 741 4007 φησιν’
757 3938 849 3990 Ὲκ
888 3937 1081 4005 μέσου
1111 3937 1326 3993 αὐτῶν.
1356 3939 1488 3994 Οὐδὲ
1518 3940 1625 4010 γὰρ
1652 3940 1852 3994 λανθά-

189 4036 370 4083 νοντες
405 4024 501 4075 καὶ
532 4024 894 4092 κρυπτόμενοι
923 4024 1021 4087 τὰς
1048 4025 1395 4094 ἀνδροφονίας
1424 4026 1684 4094 ἐτόλμων,
1719 4026 1852 4080 ἀλλά

188 4107 290 4161 τῶν
323 4109 540 4180 λῃστῶν
587 4111 681 4163 καὶ
711 4110 818 4163 τῶν
863 4111 959 4174 τὰς
990 4110 1294 4182 λεωφόρους
1323 4113 1716 4183 ἐφεδρευόντων
1741 4115 1852 4182 χεῖ-

192 4210 297 4263 ρον.
317 4196 548 4248 Ἐκεῖνοι
596 4196 703 4266 γὰρ
750 4198 840 4248 καὶ
868 4196 945 4264 τῷ
975 4197 1148 4266 σκότῳ
1181 4197 1542 4267 κρυπτόμενοι
1591 4200 1685 4252 καὶ
1731 4201 1852 4259 ταῖς

190 4282 445 4352 ἐρημίαις
469 4282 708 4351 τολμῶσι
746 4282 816 4334 τά
860 4283 1118 4335 εἰωθότα·
1154 4275 1297 4335 οὗτοι
1326 4282 1382 4335 δὲ
1416 4284 1472 4337 ὲν
1514 4284 1706 4354 μέσαις
1734 4287 1853 4348 ταῖς

189 4367 438 4438 ἀγοραῖς,
467 4368 525 4419 ἐν
554 4367 692 4438 μέσῃ
737 4370 803 4437 τῇ
848 4369 1019 4431 πόλει,
1046 4370 1102 4420 ἐν
1133 4370 1313 4432 αὐτοῖς
1341 4373 1450 4432 τοῖς
1487 4369 1855 4441 δικαστηρίοις

187 4451 254 4504 τά
303 4454 533 4505 ἐκείνων
590 4452 1133 4522 παρηνόμουν.Ἀλλά
1161 4455 1254 4508 καὶ
1301 4454 1400 4524 τὴν
1439 4455 1666 4518 ἐκεῖθεν,
1699 4458 1850 4526 φησὶ,

187 4539 489 4608 γενομένην
511 4538 704 4608 κηλῖδα
729 4538 968 4592 ἐπελθὼν
994 4540 1020 4592 ό
1054 4539 1286 4609 πόλεμος
1310 4540 1593 4596 ἀναλώσει.
1619 4543 1726 4595 Καὶ
1747 4542 1854 4613 γὰρ

187 4625 242 4675 ἐν
267 4624 350 4693 τῷ
385 4625 564 4694 καιρῷ
600 4626 710 4678 τῶν
742 4626 989 4695 χρηστῶν
1030 4627 1168 4696 ὑπὲρ
1198 4626 1305 4680 τῶν
1335 4629 1613 4698 προτέρων
1656 4628 1854 4681 ἀπολο-

188 4710 364 4775 γεῖται
407 4711 688 4780 λυπηρῶν,
716 4712 795 4763 ὅτι
829 4714 920 4768 καὶ
964 4713 1100 4764 αύτά
1142 4715 1323 4764 ἐκεῖνα
1361 4714 1427 4765 τά
1461 4714 1742 4782 συμϐάντα
1769 4715 1856 4767 διὰ

187 4795 343 4850 τοῦτο
397 4797 616 4864 συνέϐη,
661 4796 775 4868 [50]
807 4797 891 4849 ἵνα
943 4797 1300 4861 ἐκπλυθῶσιν,
1348 4799 1432 4852 ἵνα
1486 4801 1852 4870 καθαρθῶσιν,

190 4883 275 4938 ῖνα
300 4882 700 4954 πυρωθῶσινε,
729 4884 816 4936 ῖνα
861 4885 1039 4937 πᾶσαν
1083 4885 1387 4938 ἀποθῶνται
1425 4886 1633 4954 κηλῖδα,
1673 4888 1759 4940 ῖνα
1797 4889 1858 4942 τὸ

190 4970 254 5023 ἐκ
274 4969 390 5022 τῶν
418 4969 825 5039 ἁμαρτημάτων
849 4971 938 5022 καὶ
962 4969 1070 5022 τῶν
1090 4970 1310 5039 σφαγῶν
1332 4971 1697 5040 ἀπονίψωνται
1722 4972 1858 5025 ὄνει-

193 5057 298 5121 δος.
330 5057 402 5109 Τί
433 5056 488 5109 δέ
522 5057 667 5109 ἐστιν
694 5056 722 5108 ὃ
751 5072 903 5124 φησι,
936 5057 1230 5126 Πνεύματι
1256 5058 1507 5125 κρίσεως
1551 5059 1647 5111 καὶ
1688 5062 1861 5114 mret}.

187 5159 325 5212 ματι
364 5145 673 5208 καύσεως;
703 5142 780 5210 Τῇ
814 5145 1093 5213 μεταφορᾷ
1138 5144 1244 5196 τῶν
1287 5145 1668 5215 χωνευομένων
1718 5147 1858 5200 ὑλῶν

192 5229 700 5298 ἐπέμενεν.Ὦσπερ
725 5227 829 5296 γὰρ
854 5229 967 5279 ἐκεῖ
984 5229 1044 5279 τὸ
1073 5227 1288 5298 πνεῦμα
1317 5232 1395 5292 είς
1421 5229 1482 5282 τὺ
1504 5233 1858 5303 χωνευτήριον

192 5319 470 5387 ἐμπῖπτον
516 5319 611 5369 καὶ
654 5316 751 5386 τὴν
781 5315 950 5384 φλόγα
980 5317 1351 5388 ἀναρριπίζον,
1388 5319 1478 5372 ml
1503 5319 1862 5392 θερμοτέρους

193 5403 382 5458 ποιοῦν
416 5405 537 5466 τοὺς
568 5403 862 5474 ἄνθρακας,
890 5401 1101 5455 ἅπαντα
1134 5404 1345 5475 δαπανᾷ
1373 5405 1540 5476 ῥύπον
1560 5423 1572 5435 ·
1602 5405 1743 5460 οῦτω
1769 5411 1860 5463 ml

191 5490 436 5545 ἐνταῦθα
466 5492 497 5560 ἡ
532 5490 789 5560 Θεήλατος
813 5489 967 5560 ὀργὴ,
1002 5491 1095 5542 ml
1145 5493 1177 5559 ἡ
1223 5492 1328 5544 τῶν
1362 5493 1631 5562 πολεμίων
1674 5495 1860 5563 ἔφοδος

255 5654 491 5726 ξηοτει.
517 5656 810 5726 μεταϐάλλει.
868 5654 1015 5704 Savil.
1060 5659 1421 5719 μεταλαμϐάνει,
1464 5668 1516 5711 et
1549 5664 1598 5710 in
1639 5664 1859 5726 margine

199 5722 324 5763 ποιεί.
346 5717 473 5769 ἴσως
493 5718 774 5774 μεταϐαίνει.

255 5779 281 5843 ξ
307 5780 371 5843 ρὶ
395 5778 685 5843 τνπωθέντες
713 5779 856 5843 όρεει
887 5781 934 5843 in
963 5778 1108 5843 Savil,
1136 5785 1189 5843 et
1222 5780 1341 5843 Reg.

253 5840 276 5867 ‘
307 5837 451 5895 Hac,
473 5838 546 5884 ἵνα
570 5840 866 5900 πυρωθῶσιν,
901 5841 1076 5888 desum
1095 5842 1142 5887 in
1171 5842 1273 5901 "9g
1297 5837 1363 5891 ὀι
1392 5843 1500 5893 Sav.

625 5941 890 6001 PATBOL.
939 5935 1055 5999 Gn.
1104 5934 1254 5995 LVI.

1941 467 2273 539 ἐμπεσοῦσα,
2299 465 2412 516 ἀντὶ
2437 479 2506 516 πυ
2517 463 2604 533 ρδς
2632 463 2695 531 τῇ
2719 459 2868 512 πόλει
2889 454 3097 525 γέγονε,
3123 451 3289 524 πυρὸς
3315 450 3414 505 οὐκ
3434 449 3596 503 ἀπολο

1940 535 2146 616 λύντος,
2177 552 2310 604 ἀλλά
2335 551 2598 611 καίοντος,
2631 547 2722 599 ml
2751 544 3120 613 καθαίροντος,
3145 539 3238 592 ml
3258 535 3596 600 κολάζοντος,

1932 642 2026 694 καὶ
2075 637 2473 709 διορθουμένου.
2506 635 2580 688 Τὸ
2628 633 2756 702 γὰρ,
2801 631 3097 697 Πνεύματι
3143 628 3416 695 κρίσεως,
3445 638 3598 709 τουτ-

1935 728 2069 788 έστι,
2101 708 2394 786 κολάσεως,
2431 720 2718 790 τιμωρίας,
2757 717 3105 786 ἐκδικήσεως.
3149 713 3257 766 Καὶ
3305 711 3438 777 ἣξει
3484 708 3601 762 Κύ-

1925 831 2075 881 ριος.
2109 811 2416 881 Παρουσίαν
2457 807 2618 861 αὑτοῦ
2645 805 2743 875 τὴν
2775 805 3054 875 ἐνέργειαν
3083 799 3256 854 καλεῖ.
3285 797 3392 852 Kal
3428 797 3601 851 ἔσται

1933 900 2050 966 πᾶς
2078 903 2260 962 τόπος
2286 897 2393 950 τοῦ
2423 897 2598 965 ὅρους
2625 893 2794 956 Σιὼν,
2813 893 2911 945 καί
2940 890 3137 943 πάντα
3169 887 3241 941 τὰ
3264 886 3600 955 περικύκλῳ

1933 987 2123 1053 αὐτῆς
2149 985 2388 1037 σκιάσει
2418 981 2640 1050 νεφέλη
2673 979 2917 1047 ἡμέρας,
2960 976 3060 1029 καὶ
3091 976 3171 1040 ὡς
3219 970 3473 1036 καπνοῦ,
3502 974 3604 1024 και

1933 1074 2013 1137 ὡς
2051 1071 2241 1140 φωτὸς
2272 1069 2461 1136 πυρὸς
2499 1065 2817 1136 καιομένου
2846 1064 3082 1128 νυκτὸς,
3127 1061 3294 1128 πάσῃ
3333 1059 3409 1126 τῇ
3452 1057 3602 1124 δόξῃ

1934 1157 2440 1224 σκεπασθήσεται.
2493 1155 2599 1208 Kal
2642 1154 2813 1206 ἔσται
2851 1154 2937 1216 εις
2986 1149 3168 1204 σκιὰν
3211 1146 3434 1216 ⁸ἡμέρας
3483 1143 3606 1198 ἀπὸ

1935 1246 2253 1312 καύματος,
2279 1244 2378 1295 καὶ
2406 1243 2474 1294 ἐν
2494 1243 2692 1306 σκέπη
2721 1239 2816 1293 καὶ
2839 1239 2908 1290 έν
2930 1236 3257 1303 ἀποκρύφῳ
3281 1232 3399 1287 ἀπὸ
3419 1233 3604 1296 σκλη-

1931 1331 2180 1398 ρότητος
2205 1328 2304 1381 καὶ
2330 1326 2526 1382 ὑετοῦ.
2548 1325 2794 1394 Νεφέλην
2825 1322 3057 1376 ἐνταῦθα
3079 1321 3176 1391 τὴν
3203 1321 3267 1372 ἐκ
3289 1317 3396 1371 τῶν
3417 1315 3604 1370 κακῶν

1935 1415 2287 1486 ἐγγινομένην
2319 1413 2644 1483 παραψυχήν
2673 1426 2836 1482 φησιν
2870 1409 3049 1480 πυρὰν
3094 1407 3151 1460 δέ
3182 1406 3282 1476 τὴν
3325 1402 3464 1475 μετά
3503 1403 3606 1486 τῆς

1938 1485 2285 1571 παραμυθίας
2349 1498 2702 1569 περιφάνειαν
2766 1491 3218 1565 προσγινομένην.
3253 1490 3427 1559 Ὅπερ
3494 1485 3605 1556 γάρ

1935 1589 2081 1640 ἐστιν
2108 1588 2165 1640 ἐν
2197 1585 2436 1655 καύματι
2480 1582 2696 1653 νεφέλη,
2725 1580 2883 1634 τοῦτο
2911 1581 2967 1632 ἐν
2998 1579 3173 1647 σκότῳ
3201 1575 3296 1630 ml
3325 1574 3480 1628 νυκτὶ
3509 1572 3606 1642 βα-

1937 1674 2138 1743 θυτάτῃ
2168 1672 2316 1743 πυρὰ
2339 1669 2590 1741 λαμπροῦ
2606 1667 2634 1706 ἀ
2665 1666 3032 1737 ἀναπταμένη.
3051 1666 3115 1718 Ἦ
3144 1664 3241 1734 μὲν
3270 1660 3380 1732 γὰρ
3399 1660 3491 1713 τδν
3509 1659 3607 1743 “9'

1936 1760 2073 1830 χμδν
2108 1741 2494 1831 ἀποκρούεται,
2528 1759 2562 1828 ἡ
2587 1757 2643 1808 δέ
2666 1753 2870 1809 διαλύει
2891 1754 2982 1806 τὸν
3014 1750 3197 1820 ζόφον.
3225 1749 3337 1818 Τὴν
3382 1745 3482 1816 μὲν
3512 1741 3606 1798 οὖν

1937 1848 2292 1918 περιφάνειαν
2317 1847 2383 1915 τῇ
2413 1843 2754 1914 λαμπρότητι
2778 1841 2874 1910 τῆς
2895 1839 3092 1908 πυρᾶς,
3119 1837 3219 1908 τὴν
3247 1835 3305 1888 δέ
3330 1832 3514 1887 άνεσιν
3537 1834 3604 1902 τῇ

1939 1934 2066 2003 σκιᾷ
2102 1933 2200 2002 τῆς
2230 1931 2457 2001 νεφέλης
2487 1927 2811 1999 παρέϐαλεν.
2843 1921 2978 1980 Εἶτα
3014 1923 3226 1985 δεικνὺς
3265 1919 3339 1984 ῶς
3369 1919 3430 1972 οὐ
3463 1918 3607 1972 κατά

1940 2020 2133 2090 μικρὸν
2172 2019 2279 2072 τῶν
2317 2018 2504 2072 δεινῶν
2529 2016 2802 2086 λυομένων
2829 2013 3000 2066 ταῦτα
3034 2010 3209 2070 ἐσται,
3239 2005 3374 2062 ἀλλά
3411 2004 3606 2075 ἀθρόον

1938 2107 1995 2158 ἐν
2019 2089 2156 2176 αὐτῇ
2187 2105 2292 2157 τῶν
2317 2103 2576 2172 λυπηρῶν
2614 2103 2766 2170 ἀκμῇ
2801 2101 2835 2169 ή
2872 2095 3141 2168 μεταϐολὴ
3173 2094 3478 2162 γενήσεται,
3519 2089 3608 2142 ἵνα

1939 2193 2033 2246 καὶ
2060 2191 2306 2245 ἐντεῦθεν
2343 2191 2605 2262 μάθωσιν,
2632 2190 2714 2242 ὅτι
2749 2187 2866 2257 οὐχὶ
2909 2187 2974 2237 ἐκ
3002 2181 3299 2254 περιφορᾶς
3336 2181 3480 2240 τινος
3511 2178 3608 2230 ml

1945 2279 2237 2349 συντυχίας
2264 2280 2296 2348 ἡ
2324 2279 2459 2350 πρὸς
2490 2278 2551 2329 τὸ
2578 2277 2782 2347 βέλτιον
2808 2273 2996 2342 γέγονε
3031 2268 3375 2340 μετάστασις,
3401 2263 3513 2319 ἀλλ’
3540 2264 3607 2316 ἐκ

1939 2366 2037 2435 τῆς
2076 2365 2282 2420 ἀνωθεν
2315 2365 2598 2433 δυνάμεως
2637 2362 2714 2416 τὸ·
2740 2363 2847 2414 πᾶν
2895 2353 3380 2428 κατώρθωται,⁹Ως
3418 2350 3600 2418 πυρὸς

1939 2454 2252 2523 καιομένου
2274 2455 2526 2518 νυκτὸς,
2558 2452 2720 2520 φησὶν
2744 2490 2758 2514 ,
2794 2449 2964 2512 οὕτως
2999 2450 3033 2518 ὴ
3071 2443 3342 2515 μεταϐολὴ
3380 2443 3605 2510 γενήσε-

1939 2558 2051 2594 ται.
2083 2541 2190 2594 Kal
2222 2540 2394 2594 ἔσται
2430 2542 2516 2604 είς
2561 2538 2745 2592 σκιὰν
2789 2535 3030 2604 ἡμέρας.
3065 2534 3160 2594 Τίς
3191 2531 3374 2594 ἐσταις
3416 2529 3480 2581 Ἦ
3510 2526 3604 2580 τοῦ

1939 2625 2074 2679 Θεοῦ
2127 2627 2368 2697 βοήθεια,
2398 2627 2551 2696 φησὶ,
2584 2627 2677 2678 καὶ
2721 2626 2755 2694 ἠ
2806 2621 3108 2692 συμμαχία,
3147 2618 3333 2690 ὥσπερ
3380 2615 3509 2669 σκιά
3549 2615 3610 2666 ἐν

1941 2715 2204 2783 καύματι,
2235 2716 2329 2768 καὶ
2357 2714 2543 2784 ὥσπερ
2572 2713 2765 2785 δροφος
2795 2709 2828 2781 ἢ
2862 2709 3149 2769 κατάδυσις
3191 2723 3275 2766 τις
3319 2701 3605 2771 σπηλαίου.

1941 2801 2144 2870 δμϐρου
2175 2800 2692 2871 καταρῤηγνυμένου
2731 2797 2981 2867 σφοδροῦ,
3005 2799 3062 2848 ἐν
3089 2791 3357 2862 ἀσφαλείᾳ
3374 2790 3465 2842 τὸν
3492 2788 3611 2842 ἐκεῖ

1943 2889 2323 2956 καταφυγόντα
2355 2887 2722 2958 διατηροῦσα·
2747 2903 2761 2918 ο
2810 2885 2951 2938 οὕτω
2994 2883 3058 2953 δὴ
3107 2880 3201 2934 καὶ
3240 2881 3276 2950 ἡ
3324 2878 3418 2931 τοῦ
3471 2875 3608 2929 Θεοῦ

1944 2975 2227 3045 συμμαχία
2254 2976 2355 3028 οὐκ
2379 2975 2577 3044 ἀφήσει
2598 2972 2767 3026 δεινὸν
2801 2971 2955 3024 οὐδὲν
2981 2969 3194 3029 παθεῖν,
3237 2965 3329 3019 καὶ
3352 2961 3610 3016 τοσούτου

1943 3061 2461 3133 καταρῤηγνυμένου
2493 3060 2750 3129 πολέμου,
2777 3057 2871 3120 οὓς
2905 3057 2969 3110 ἂν
3001 3056 3188 3126 ἕληται
3213 3051 3273 3118 ἐξ
3296 3053 3466 3122 ἀρχῆς
3490 3049 3610 3102 δια-

1946 3165 2136 3202 σωσαι.

2590 3292 2842 3346 ΚΕΦΑΛ.
2883 3291 2957 3346 Ε¹.

1949 3438 2111 3507 ’ᾼσω
2139 3437 2214 3502 δὴ
2246 3435 2326 3500 τῷ
2353 3435 2710 3505 ἠγαπημένῳ
2748 3428 2911 3500 ᾆσμα
2932 3432 3037 3486 τοῦ
3062 3428 3370 3500 ἀγαπητοῦ
3387 3445 3505 3497 μου
3532 3424 3613 3492 τῷ

2181 3531 2184 3534 ’
2528 3513 2836 3582 ἀμπελῶνί
2879 3528 3018 3578 μου.

2020 3683 2086 3730 α’.
2127 3673 2372 3742 Φοϐήσας
2419 3675 2531 3734 τοῖς
2581 3671 2862 3743 λυπηροῖς,
2893 3669 3167 3739 εὐφράνας
3191 3670 3303 3731 τοῖς
3342 3667 3618 3736 χρηστοῖς,

1947 3762 2196 3831 ποικίλην
2226 3761 2323 3830 τὴν
2373 3758 2668 3828 θεραπείαν
2715 3756 3110 3827 ἐργασάμενος,
3146 3756 3224 3817 είς
3253 3755 3426 3823 ἀρχὴν
3457 3752 3618 3805 πάλιν

1950 3848 2144 3919 ἐτέραν
2184 3846 2373 3913 ἀνάγει
2406 3845 2497 3897 τὸν
2533 3843 2720 3911 λόγον,
2757 3842 2929 3912 ἀρχὴν
2966 3843 3204 3894 ἐοικυῖαν
3233 3839 3312 3909 τῷ
3349 3839 3620 3908 προοιμίῳ

1953 3933 2067 4005 [51]
2094 3934 2192 4003 τῆς
2216 3931 2570 4002 προφητείας.
2599 3929 2864 3996 Καθάπερ
2887 3927 2993 3996 γὰρ
3021 3926 3320 3996 ἀρχόμενος
3340 3924 3438 3987 τάς
3464 3927 3618 3995 εὐερ-

1950 4021 2139 4088 γεσίας
2173 4017 2471 4088 ἀπήγγειλε
2491 4016 2584 4068 τοῦ
2611 4015 2746 4067 Θεοῦ
2771 4015 2868 4077 τὰς
2893 4015 2971 4076 είς
2995 4013 3190 4075 αὐτοὺς
3224 4012 3618 4082 γεγενημένας,

1950 4107 2143 4175 λέγων,
2184 4103 2356 4169 Υὶοὺς
2381 4103 2681 4171 ἐγέννησα
2704 4101 2802 4154 καὶ
2845 4100 3081 4167 ὒψωσα,
3114 4101 3209 4152 ml
3239 4099 3338 4161 τὰς
3380 4116 3618 4170 παρανοσ

1957 4195 2083 4263 μίας
2106 4193 2204 4255 τὰς
2228 4192 2318 4242 ὑπ’
2341 4189 2518 4241 αὐτῶν
2541 4187 2899 4258 τολμηθείσας
2921 4188 3139 4255 ἐπάγων
3155 4186 3247 4239 ml
3271 4185 3541 4256 προτιθεὶς
3575 4185 3620 4248 ί,

1953 4280 2228 4334 ὃτιΑὑτοί
2248 4295 2324 4347 με
2350 4276 2681 4344 ἠθέτησαν,
2709 4275 2822 4338 ml,
2868 4275 2951 4325 ὅτι
2993 4273 3228 4340 Ἰσραήλ
3270 4272 3338 4324 δέ
3376 4289 3453 4340 με
3508 4273 3620 4324 οὐκ

1954 4368 2126 4439 ἔγνω,
2151 4365 2248 4419 καὶ
2277 4369 2310 4418 ό
2341 4365 2486 4429 λαός
2517 4382 2634 4431 μου
2659 4362 2762 4431 ἐμὲ
2803 4364 2873 4414 οὐ
2903 4360 3178 4428 συνῆκεν
3203 4375 3218 4390 °
3250 4359 3391 4411 οὕτω
3421 4360 3484 4430 δὴ
3529 4360 3622 4412 καὶ

1957 4454 2191 4508 ἐνταῦθα
2213 4453 2387 4518 λέξεσι
2425 4452 2522 4520 μὲν
2560 4450 2792 4519 ἑτέραις,
2830 4451 3062 4516 νοήμασι
3103 4446 3158 4500 δὲ
3192 4449 3304 4509 τοῖς
3341 4448 3524 4510 αὐτοῖς
3555 4449 3624 4499 τά

1957 4542 2095 4595 αὐτά
2123 4543 2234 4602 τοῖς
2255 4538 2534 4608 προτέροις
2556 4537 2905 4589 ἐνδείκνυται.
2936 4535 3098 4588 Ἀλλά
3119 4533 3265 4598 τίνος
3284 4534 3468 4587 ἱνεκεν
3491 4552 3625 4587 κατ-

1958 4629 2175 4697 ηγορεῖν
2228 4624 2456 4694 μέλλων,
2484 4619 2634 4692 ᾇσμα
2661 4621 2759 4691 τὴν
2785 4622 3117 4692 κατηγορίαν
3155 4622 3338 4683 καλεῖς
3381 4623 3623 4691 Μωῦσῆς

1962 4715 2060 4783 μέν
2090 4713 2196 4782 γὰρ
2231 4711 2454 4772 εἰκότως
2483 4709 2637 4761 τοῦτο
2675 4709 2898 4778 ἐποίησε
2937 4708 3071 4778 μετὰ
3103 4709 3202 4778 τῆς
3244 4707 3462 4778 Μαρίας
3483 4747 3497 4770 ,
3528 4707 3625 4760 ἆτε

1958 4800 2056 4869 τὴν
2107 4798 2368 4851 ἐπινίκιον
2405 4796 2612 4866 μέλλων
2649 4795 2796 4865 ᾄδειν
2835 4793 3013 4864 ᾠδὴν,
3047 4794 3138 4847 ml
3186 4796 3409 4856 είκότως
3451 4793 3623 4857 οὕτως

1959 4887 2257 4958 ἀρχόμενος
2285 4886 2466 4952 ἔλεγεν
2486 4902 2497 4913 ·
2533 4886 2807 4953 ’ᾼσωμεν
2853 4881 2932 4947 τῷ
2967 4883 3162 4949 Κυρίῳ
3181 4898 3193 4910 °
3229 4881 3482 4946 ἐνδόξως
3510 4884 3621 4950 γὰρ

1959 4974 2336 5037 δεδόξασται,
2358 4975 2545 5024 ἵππον
2566 4970 2661 5023 καὶ
2684 4967 2987 5035 ἀναϐάτην
3012 4968 3257 5037 έρῤιψεν
3283 4970 3368 5034 είς
3399 4969 3623 5022 θάλασ-

1960 5075 2099 5114 σαν.
2130 5061 2239 5112 Καὶ
2269 5062 2302 5130 ὴ
2329 5057 2532 5128 Δεϐόρα
2570 5057 2626 5109 δέ
2654 5055 2792 5126 μετά
2825 5055 2884 5109 τὸ
2917 5056 3225 5126 θαυμαστὸν
3271 5058 3444 5109 ἐκεῖνο
3496 5058 3624 5129 τρό-

1963 5164 2144 5210 παιον,
2175 5148 2269 5201 καὶ.
2291 5147 2388 5215 τὴν
2426 5142 2725 5214 παράδοξον
2754 5143 2928 5212 νίκην,
2976 5145 3201 5206 εἰκότως
3239 5143 3386 5213 ᾠδὴν
3412 5143 3626 5212 ὑφαίνει

1962 5236 2060 5303 τὴν
2104 5234 2366 5287 ἐπινίκιον
2411 5231 2645 5301 ἐκείνην,
2680 5232 2954 5302 εὐφημίαν
3004 5231 3349 5302 ἀναφέρουσα
3379 5232 3457 5301 τῷ
3485 5232 3620 5300 Θεῷ.

1964 5315 2134 5384 Οὗτος
2175 5321 2230 5372 δὲ
2259 5321 2581 5390 κατηγορεῖν
2617 5317 2852 5388 μέλλων.
2895 5318 2989 5371 καὶ
3035 5319 3286 5370 συντόνου
3325 5317 3484 5386 λόγου
3509 5317 3625 5370 δεό-

1969 5425 2147 5477 μενος,
2175 5408 2268 5458 καὶ
2302 5405 2482 5476 ψυχῆς
2514 5407 2613 5458 οὐκ
2653 5405 2941 5474 ἀνειμένης
2966 5445 2980 5471 ,
3015 5405 3148 5459 ἀλλά
3193 5405 3623 5472 συντεταμένης,

1964 5495 2113 5565 ᾀσειν
2137 5495 2266 5562 ὑμῖν
2297 5492 2708 5560 ἐπαγγέλλεται,
2733 5493 2826 5544 καὶ
2849 5488 3089 5562 ᾇσιιακτά
3111 5491 3427 5561 ἐγκλήματα
3449 5491 3623 5544 καλεῖ.

2027 5655 2216 5731 έρηεει
2244 5656 2454 5731 Ξειιίὶιίειξς
2474 5656 2553 5731 hjc
2572 5653 2753 5726 aliquid
2788 5654 2984 5701 deesse.
3033 5651 3220 5731 Boi‘sius
3267 5649 3369 5715 vglt
3391 5647 3488 5722 legi
3510 5649 3629 5709 λαμο

1962 5721 2106 5780 πρῶς.
2135 5719 2234 5774 Ego
2263 5724 2380 5776 pulo
2399 5717 2475 5763 hic
2497 5713 2827 5770 ἀποσιώπησιν
2859 5726 2973 5762 esse
2999 5727 3084 5772 pro
3105 5713 3323 5772 λαμπροῦ
3343 5713 3505 5772 πυρός.

2040 5779 2283 5826 eSaviiius
2306 5778 2511 5838 διατηρεῖ
2553 5777 2674 5838 (ζωῇ.
2703 5776 2799 5822 Sed
2823 5771 3106 5835 διατηροῦσα
3139 5773 3360 5832 quadrat.

2039 5846 2060 5881 ἲ
2091 5841 2205 5901 Reg.
2237 5848 2286 5888 el
2308 5811 2712 5895 διιγ.’προστιθὲίς.
2946 5811 2954 5829 Ι

3209 5934 3245 5993 lo
