4130 6312
511 318 583 374 57
1303 321 1363 375 S.
1404 319 1688 375 JOANNIS
1728 319 2219 378 CIIRYSOSTOMI
2261 325 2580 383 AIKCIIIEP.
2619 325 3164 383 CONS’I‘ANTINOP.
3854 348 3932 405 58

492 426 605 478 υύκ
628 426 788 490 αὐτὸς
815 427 870 481 δὲ
905 427 1081 499 μόνος,
1111 431 1247 484 ἀλλὰ
1287 437 1378 486 καὶ
1408 434 1437 485 ό
1476 436 1646 504 μέγας
1678 437 1881 500 ἐκεῖνος
1920 437 2163 506 Μωῦσῆς

489 514 590 584 τὴν
617 517 877 571 ἐπινίκιον
899 519 1017 571 τότε
1047 520 1181 590 ᾄσας
1208 522 1370 592 ᾠδὴν,
1397 524 1717 593 κατηγορῶν
1738 525 1846 576 τῶν
1872 525 2159 588 Ἰουδαίων,

494 603 712 671 μακρὰν
740 604 882 674 ᾠδὴν
912 606 977 657 τά
1012 606 1330 676 ἐγκλήματα
1364 609 1630 677 πεποίηκε
1665 624 1690 650 ει
1731 611 1936 678 λέγων·
1974 612 2165 665 Ταῦτα

492 686 574 751 τῷ
602 686 799 755 Κυρίῳ
836 690 1299 758 ἀνταποδίδοτε;
1336 692 1525 760 Οὗτος
1552 699 1585 749 ό
1611 695 1763 761 λαὸς
1786 697 1983 765 μωρὸς
2001 738 2015 761 ,
2066 699 2165 751 καί

494 774 631 842 οὐχί
662 776 853 842 σοφός
878 793 892 806 ·
923 778 1016 829 καὶ
1046 779 1247 842 πολλὰς
1283 781 1497 845 συνθεὶς
1538 784 1890 853 κατηγορίας,
1939 784 2167 854 ᾅδοντας

493 858 689 921 αὐτοὺς
714 860 887 914 ταῦτα
907 862 1084 929 λέγειν
1115 866 1419 935 ἐνομοθέτει
1445 883 1458 895 '
1493 867 1587 919 καὶ
1615 868 1695 921 ἔτι
1716 871 1809 921 καὶ
1833 869 1926 922 νῦν
1948 868 2166 939 ᾄδοντες

490 942 659 996 ταῦτα
692 945 920 1015 λέγομεν
945 950 1038 1000 καὶ
1066 952 1242 1019 ἡμεῖς.

562 1032 718 1096 Τίνος
747 1030 840 1088 οῦν
861 1036 1045 1089 ἕνεκεν
1074 1040 1170 1101 τὰς
1196 1042 1525 1110 κατηγορίας
1550 1042 1692 1114 ᾠδὴν
1720 1043 1933 1097 ποιοῦσι
1954 1059 1968 1108 ;
1992 1043 2164 1116 Σοφίᾳ

492 1120 822 1189 κεχρημένοι
844 1129 1181 1195 πνευματικῇ
1211 1127 1300 1179 καὶ
1324 1128 1456 1181 πολὺ
1478 1129 1539 1181 τὸ
1567 1130 1757 1200 κέρδος
1783 1129 2015 1183 ἐνθεῖναι
2044 1131 2164 1193 ταῖς

489 1205 598 1257 τῶν
644 1207 947 1262 ἀκουόντων
992 1210 1303 1281 βουλόμενοι
1336 1214 1555 1285 ψυχαῖς.
1609 1216 1829 1287 Ἐπειδὴ
1862 1216 1970 1286 γάρ
2011 1216 2163 1269 οὐδὲν

489 1291 631 1345 οὕτω
663 1295 950 1365 χρήσιμον,
988 1296 1063 1359 ὡς
1095 1298 1155 1349 τὸ
1188 1298 1676 1371 πλημμελημάτων
1721 1303 2028 1374 μεμνῆσθαι
2084 1302 2164 1355 δι-

496 1378 722 1446 ηνεκῶς,
747 1382 968 1451 μνήμην
990 1382 1045 1435 δὲ
1065 1384 1215 1437 οὐδὲν
1242 1385 1385 1439 οῦτω
1404 1388 1629 1457 μόνιμον
1649 1390 1724 1452 ὡς
1742 1388 1975 1460 μελῳδία
1996 1391 2160 1452 ποιεῖ,

492 1464 579 1517 ἵνα
613 1465 687 1535 μὴ
719 1466 809 1519 διὰ
852 1468 952 1538 τὴν
987 1470 1291 1542 ὑπερϐολὴν
1324 1473 1435 1528 τῶν
1480 1475 1828 1547 κατηγοριῶν
1875 1475 2161 1539 ὀκνοῦντες

491 1551 841 1615 ἀναδυόμενοι
881 1556 1123 1624 φεύγωσι
1175 1559 1236 1612 τὸ
1284 1561 1523 1631 συνεχῶς
1578 1561 1888 1632 μεμνῆσθαι
1922 1562 2033 1615 τῶν
2083 1563 2163 1615 ol-

488 1639 652 1693 κείων
689 1643 1127 1713 ἁμαρτημάτων,
1165 1647 1245 1717 τῷ
1292 1648 1443 1720 μέλει
1490 1650 1590 1722 τῆς
1621 1650 1764 1722 ᾠδῆς
1807 1651 2162 1706 ὐποκλέπτων

489 1726 589 1795 τὴν
620 1727 728 1780 ἀπὸ
756 1730 855 1798 τῆς
882 1732 1102 1803 μνήμης
1130 1734 1412 1806 αἰσχύνην,
1445 1738 1541 1791 καὶ
1572 1738 1672 1809 τὴν
1720 1738 1993 1809 ἀφόρητον
2025 1737 2160 1792 ἀθυ-

492 1813 622 1883 μίαν
645 1816 1156 1889 παραμυθούμενος,
1193 1821 1412 1892 ᾅσματα
1448 1824 1589 1878 αὐτά
1617 1825 1935 1897 πεποίηκεν,
1968 1826 2057 1879 ἵνα
2081 1824 2162 1896 τῷ

430 1956 434 1959 .
489 1899 641 1970 πόθῳ
693 1903 956 1973 μελῳδίας
1004 1907 1433 1979 ἀναγκαζόμενοι
1465 1910 1704 1982 συνεχῶς
1742 1913 1883 1966 αὐτά
1926 1911 2162 1983 φθέγγε-

489 1987 635 2049 σθαι,
671 1990 907 2059 συνεχῶς
939 1992 1118 2045 αὐτῶν
1161 1987 1263 2047 ὦσι
1302 1998 1640 2068 μεμνημένοι
1665 2038 1680 2063 ,
1712 1999 1806 2053 καὶ
1840 1997 2104 2070 διηνεκῶς
2129 1995 2158 2037 δ

486 2070 654 2142 ἔχωσί
710 2092 826 2128 τινα
849 2076 1197 2133 διδασκαλίαν
1234 2082 1434 2153 ἀρετῆς
1461 2083 1562 2155 τὴν
1591 2084 1811 2155 διηνεκῆ
1840 2085 1951 2137 τῶν
1979 2086 2154 2155 ἁμαρ·

486 2161 745 2229 τημάτων
779 2170 1017 2235 μνήμην.
1054 2166 1193 2221 Ἴστε
1225 2168 1376 2237 γοῦν,
1414 2170 1494 2223 ὅτι
1532 2172 1628 2225 καὶ
1654 2170 1750 2225 νῦν
1779 2172 1848 2225 τὰ
1888 2173 1985 2242 μὲν
2024 2171 2159 2226 ἄλλα

484 2246 595 2299 οὐδ’
629 2248 687 2313 ἐξ
710 2248 967 2319 ὀνόματος
991 2254 1103 2315 τοῖς
1132 2253 1345 2319 πολλοῖς
1374 2258 1490 2309 ἐστι
1519 2257 1709 2311 Βιϐλία
1743 2259 2025 2329 γνώριμα⁶
2054 2258 2156 2327 τὴν

484 2332 542 2386 δὲ
568 2334 677 2387 τῶν
700 2336 944 2407 Ψαλμῶν
976 2343 1359 2411 πραγματείαν
1384 2343 1480 2396 ἐπὶ
1503 2345 1767 2414 στόματος
1788 2346 2025 2408 ἅπαντες
2055 2345 2155 2413 φέ-

488 2437 661 2489 ρουσι,
692 2424 784 2476 καὶ
810 2425 979 2488 αὐτάς
1010 2427 1212 2491 ταύτας
1246 2429 1343 2491 τάς
1375 2429 1547 2500 ᾠδάς·
1582 2430 1727 2485 οὕτω
1750 2432 1818 2484 δι’
1845 2432 2023 2485 αὐτῶν
2045 2431 2155 2484 τῶν

485 2510 825 2579 πραγμάτων
852 2512 1146 2580 δείκνυται,
1180 2516 1345 2571 πόσον
1368 2518 1476 2572 ἀπὸ
1510 2519 1610 2590 τῆς
1644 2520 1908 2590 μελῳδίας
1938 2519 1999 2573 τὸ
2024 2519 2154 2590 κέρ·

483 2592 574 2657 δος
603 2597 738 2650 ἐστί.
784 2600 883 2652 Διὰ
908 2599 971 2670 δὴ
1016 2601 1175 2655 τοῦτο
1224 2604 1318 2657 καὶ
1362 2604 1526 2669 αὐτός
1553 2624 1717 2676 φησιν
1738 2625 1752 2639 ο
1782 2608 1946 2676 ’ᾼσω
1971 2606 2047 2674 δὴ
2075 2601 2158 2671 τῷ

482 2680 846 2750 ἠγαπημένῳ
889 2678 1053 2755 ᾆσμα
1085 2687 1190 2741 τοῦ
1235 2690 1545 2757 ἀγαπητοῦ
1580 2709 1703 2760 μου
1743 2692 1825 2757 τῷ
1846 2691 2157 2761 ἀμπελῶνί

477 2785 618 2837 μου.
652 2766 855 2840 τᾼσμα
888 2772 967 2837 τῷ
1007 2775 1386 2845 ἠγαπημένῳ,
1428 2780 1620 2849 φησιν,
1660 2779 1967 2848 ἀμπελῶνι
1990 2796 2002 2809 ·
2038 2779 2155 2851 ᾄσω

482 2854 612 2923 περὶ
639 2855 801 2908 αὐτοῦ
829 2855 920 2909 τοῦ
952 2859 1329 2929 ἠγαπημένον.
1360 2863 1470 2915 Καὶ
1506 2862 1653 2933 αὐτῷ
1680 2864 1787 2934 γὰρ
1816 2865 1927 2935 ᾄδω
1945 2906 1959 2929 ,
1988 2865 2152 2935 φησὶ,

482 2954 577 2993 και
609 2941 642 3010 ὴ
669 2940 1032 3012 ὐπόθεσιςτῆς
1062 2945 1203 3015 ᾠδῆς
1232 2947 1360 3017 περὶ
1383 2947 1548 3001 αὐτοῦ
1575 2948 1797 3002 καὶτῶν
1820 2950 1981 3003 αὐτοῦ
2015 2968 2156 3020 πρα-

482 3025 709 3095 γμάτων
737 3027 901 3080 ἐστίν.
922 3029 985 3081 Εί
1002 3029 1057 3081 δὲ
1083 3030 1288 3100 μέλλων
1317 3037 1664 3103 κατηγορεῖν,
1696 3035 1977 3105 ἀγαπητὸν
2000 3035 2157 3088 καλεῖ

482 3116 577 3165 καὶ
597 3114 973 3185 ἠγαπημένον,
996 3117 1070 3187 μὴ
1095 3117 1398 3191 θαυμάσῃς.
1423 3121 1531 3173 Kal
1550 3120 1709 3174 10610
1724 3121 1833 3192 γάρ
1856 3122 2108 3192 μέγιστον
2128 3132 2149 3161 α

481 3203 814 3270 κατηγορίας
846 3202 1074 3271 ἐφόδιον,
1106 3204 1187 3257 ὅτι
1220 3204 1282 3275 δὴ
1312 3206 1725 3277 ἀγαπηθέντες,
1760 3210 1854 3261 καὶ
1879 3209 2151 3277 τοσαύτης

481 3282 883 3349 ἀπολαύσαντες
929 3287 1077 3357 παρά
1107 3286 1240 3339 Θεοῦ
1271 3288 1373 3358 τῆς
1420 3287 1535 3359 [52]
1571 3290 1812 3353 εὐνοίας,
1856 3291 1976 3343 οὐδὲ
2012 3291 2153 3343 οὕτω

482 3368 724 3437 βελτίους
746 3371 1009 3438 ἐγένοντο.
1040 3372 1208 3424 Τοῦτο
1245 3373 1375 3441 γοῦν
1406 3375 1501 3427 καὶ
1531 3377 1716 3447 ἕτερος
1744 3377 2029 3446 προφήτης
2068 3378 2154 3429 αἰ-

481 3456 789 3524 νιττόμενος
817 3457 998 3526 ἔλεγεν
1019 3476 1031 3490 ·
1069 3458 1162 3524 Ὠς
1186 3461 1514 3530 σταφυλὴν
1539 3463 1608 3515 ἐν
1634 3461 1829 3531 ἐρήμῳ
1842 3458 2024 3531 εὗρον
2048 3464 2154 3517 τὸν

492 3541 758 3608 Ἰσραὴλ,
780 3543 858 3608 ὡς
887 3546 1123 3599 σκοπὸν
1146 3546 1215 3599 ἐν
1234 3547 1397 3615 συκῇ
1418 3548 1681 3617 πρώτμον
1707 3546 1870 3603 εἶδον
1890 3549 2153 3616 πατέρας

478 3625 709 3680 αὐτῶν·
742 3628 801 3680 τὸ
831 3628 1073 3683 ποθεινὸν
1105 3632 1282 3685 αὐτῶν
1315 3632 1409 3686 καὶ
1436 3634 1733 3704 ἐπέραστον
1766 3634 1852 3687 διὰ
1873 3634 1981 3687 τῶν
2014 3650 2152 3705 καρ-

481 3711 600 3766 πῶν
628 3713 831 3766 τούτων
860 3714 1262 3787 ἐνδεικνύμενος
1282 3733 1295 3747 ·
1327 3718 1574 3772 ποθεινὸν
1603 3719 1660 3772 δὲ
1699 3720 1861 3772 αὐτὸν
1914 3721 2009 3774 καὶ
2053 3720 2152 3772 ἐπ-

484 3799 712 3869 έραστον
734 3801 794 3853 οὐ
827 3803 977 3874 παρὰ
1001 3803 1097 3874 τὴν
1120 3805 1324 3859 οἰκείαν
1340 3806 1540 3876 ἀρετὴν
1562 3846 1576 3871 ,
1603 3805 1735 3859 ἀλλὰ
1762 3805 1915 3878 παρά
1936 3808 2031 3876 τὴν
2056 3806 2149 3860 τοῦ

478 3884 617 3939 Θεοῦ
649 3885 975 3957 ἀγαθὸτητα.
1016 3891 1079 3943 "0
1108 3890 1165 3943 δὲ
1200 3890 1378 3959 λέγει,
1405 3891 1640 3945 τοιοῦτόν
1668 3893 1814 3945 ἐστιν
1836 3934 1851 3956 ,
1885 3893 1968 3945 δτι
2012 3892 2150 3960 Ἐγὼ

481 3971 581 4041 μὲν
603 3971 775 4035 οῦτως
802 3975 1083 4045 ἠγάπησα,
1124 3977 1198 4041 ὡς
1222 3978 1288 4031 ἀν
1316 3995 1399 4041 τις
1432 3977 1706 4048 σταφυλὴν
1744 3978 1916 4050 εὐρὼν
1948 3980 2004 4031 ὲν
2023 3980 2152 4049 ἐρή-

481 4076 585 4127 μῳ.
622 4058 654 4127 ἢ
681 4059 754 4121 ὡς
780 4060 843 4112 ἄν
873 4077 957 4124 τις
994 4062 1194 4115 σκοπὸν
1215 4065 1272 4116 ὲν
1303 4069 1461 4136 συκῇ.
1501 4067 1565 4118 El
1593 4065 1701 4136 γάρ
1723 4066 1818 4118 καὶ
1842 4067 2037 4130 ἀνάξια
2055 4066 2149 4120 τοῦ

476 4143 610 4197 Θεοῦ
645 4144 712 4197 τὰ
760 4147 1209 4217 παραδείγματα,
1242 4150 1377 4203 ἀλλά
1419 4151 1730 4222 κατάλληλα
1773 4152 1877 4222 τῆς
1927 4153 2149 4207 ἐκείνοιν

476 4234 932 4304 γαστριμαργίας.
962 4237 1140 4289 Αὐτοὶ
1180 4237 1268 4300 δὲ,
1302 4238 1468 4307 φησὶ,
1505 4240 1773 4309 τοσαύτης
1805 4239 2150 4294 ἀπολαύσαν-

476 4336 566 4382 τες
616 4320 714 4389 τῆς
751 4321 1004 4391 ἀγάπης,
1052 4323 1669 4391 ἀπηλλοτριώθησαν,
1706 4324 1805 4377 καὶ
1857 4325 2150 4393 εἰσῆλθον

476 4406 625 4472 πρὸς
663 4406 769 4459 τόν
794 4408 1157 4477 Βεελφεγώρ.
1190 4409 1345 4462 Οῦτω
1379 4410 1442 4481 δὴ
1467 4410 1562 4462 καὶ
1595 4410 1827 4464 ἐνταῦθα
1852 4412 2145 4483 ἠγαπημέ-

475 4508 565 4543 νον
597 4492 759 4545 αὐτὸν
796 4495 950 4548 καλεῖ
982 4496 1076 4549 καὶ
1107 4496 1422 4567 ἀγαπητὸν,
1464 4496 1672 4560 δεικνὺς
1701 4499 1781 4551 ὅτι
1813 4500 1841 4551 ὁ
1880 4499 1978 4567 μὲν
2016 4499 2146 4562 Θεὸς

473 4575 544 4629 τά
567 4580 694 4647 παρ’
716 4580 907 4632 ἐαυτοῦ
932 4582 1107 4634 πάντα
1131 4582 1461 4647 ἐπεδείξατο,
1483 4584 1584 4636 οὐκ
1606 4583 1784 4636 αὐτῶν
1799 4584 2145 4655 ἀρξαμένων,

475 4663 610 4718 ἀλλά
636 4663 728 4716 τοῦ
755 4663 888 4717 Θεοῦ
921 4667 1289 4736 ἡγησαμένου.
1333 4669 1559 4721 Ἐκεῖνοι
1579 4668 1635 4722 δὲ
1662 4670 1783 4722 οὐδὲ
1815 4670 1954 4739 μετά
1974 4670 2146 4725 ταῦτα

476 4750 661 4815 ἀξίους
694 4751 917 4814 ἑαυτοὺς
956 4753 1057 4820 τῆς
1105 4753 1423 4821 εὐεργεσίας
1454 4754 1683 4819 ἔδειξαν,
1718 4754 1851 4809 ἀλλὰ
1889 4759 2147 4814 τάναντία

475 4837 818 4903 ἐπεδείξαντο
872 4837 1107 4893 ἅπαντα.
1156 4839 1465 4906 Ἀμπελὼν
1511 4841 1763 4910 ἐγενήθη
1800 4844 1881 4908 τῷ
1916 4845 2148 4913 ἠγαπη-

470 4924 652 4992 μένῳ,
678 4926 747 4978 ἐν
771 4924 992 4993 κέρατι,
1030 4926 1099 4977 ὲν
1129 4926 1287 4988 τόπῳ
1315 4927 1497 4979 πίονι.
1533 4928 1623 4998 Τῷ
1653 4928 1878 4999 ὀνόματι
1907 4931 2000 4983 τοῦ
2033 4932 2144 5001 άμ-

476 5009 713 5074 πελῶνος
741 5013 919 5064 πᾶσαν
944 5013 1171 5084 ἐνέφηνε
1202 5014 1299 5084 τὴν
1327 5013 1612 5083 πρόνοιαν,
1643 5016 1734 5067 καὶ
1760 5015 1859 5087 τὴν
1885 5017 2012 5088 περὶ
2042 5018 2142 5071 αὐ-

472 5094 581 5146 τῶν
607 5093 633 5132 ἀ
666 5098 755 5147 ἐπι
764 5097 1006 5165 μέλειαν.

547 5180 610 5249 β’.
649 5181 720 5233 υύ
769 5181 873 5252 μὴν
908 5183 1119 5237 ἵσταται
1152 5186 1313 5255 μέχρι
1343 5186 1551 5252 τούτου,
1581 5187 1718 5241 ἀλλά
1763 5188 1857 5241 καὶ
1890 5188 1957 5241 τὰ
1979 5189 2145 5261 ἕτερα

475 5266 866 5338 ἀπαριθμεῖται
921 5270 1370 5342 εὐεργετήματα·
1431 5275 1527 5327 καὶ
1573 5275 1834 5347 πρότερον
1892 5276 2001 5330 ἀπὸ
2044 5280 2143 5349 τῆς

536 5436 563 5465 ⁸
588 5436 829 5494 “moi-nu
850 5436 995 5484 deest
1016 5436 1063 5501 in
1085 5438 1211 5500 Reg.
1236 5448 1288 5487 et
1325 5440 1475 5490 Savil.
1499 5441 1586 5491 Illa
1613 5450 1775 5490 autem
1796 5444 1981 5493 sublata
2002 5457 2142 5501 voce,

474 5494 613 5566 locas
631 5511 828 5566 quatiens
848 5509 958 5566 esge
980 5494 1197 5566 yidetuF,
1244 5503 1320 5566 qui
1346 5506 1668 5566 restant-mdo
1691 5517 1856 5552 vocem
1874 5506 2008 5553 καλεῖ
2032 5494 2141 5566 [ιι-οξ

475 5560 610 5663 ροιιὶι
636 5559 863 5631 Savilins.
895 5559 991 5607 Sed
1014 5572 1123 5607 cum
1144 5562 1374 5618 πεποίηκε
1396 5564 1445 5610 in
1474 5564 1639 5613 Bavar.
1662 5571 1715 5613 et
1735 5566 1904 5615 Morel.
1931 5559 2143 5628 legitur,

494 5629 611 5663 onus
639 5632 731 5663 Iam
751 5625 949 5663 inleaer
972 5626 1063 5663 est.

494 5629 615 5681 oeug
634 5619 731 5679 jam
751 5619 949 5681 integer
972 5626 1063 5668 est.

538 5678 1041 5741 lgSa’viLneannévot
1079 5682 1315 5739 διηνεκῶς.
1342 5681 1441 5729 Sed
1484 5682 1589 5733 haec
1608 5686 1759 5736 lectio
1777 5689 1956 5736 seriem
1985 5690 2145 5737 inter-

473 5736 654 5795 turbat,
683 5736 873 5789 sublata
894 5736 1225 5791 distinctione.

539 5801 565 5870 ξ
586 5799 705 5870 ξξεε.
732 5806 783 5848 et
816 5802 964 5870 ξενίη.
984 5806 1070 5870 καὶ
1088 5801 1229 5853 τοῦτο
1251 5804 1469 5866 μέγιστον
1489 5803 1668 5857 omisso
1690 5808 1794 5870 γάρ.

538 5858 706 5924 “Reg.
732 5862 834 5925 περὶ
856 5862 1039 5921 αὐτούς.
1251 5858 1262 5866 ’
1318 5858 1329 5866 ’
1701 5858 1711 5869 ’
1754 5858 1781 5870 ”

2270 439 2468 504 θέσεως
2496 441 2589 494 τοῦ
2619 443 2784 494 τόπου
2821 441 2979 493 τοῦτο
3014 442 3191 493 ποιεῖ’
3220 438 3281 491 τὸ
3308 437 3435 509 γὰρ,
3473 438 3575 491 Ἔν
3615 436 3833 503 κέρατι,
3858 437 3935 490 ἐν

2269 527 2426 587 τόπῳ
2448 528 2633 587 πίονι,
2665 527 2727 579 τὸ
2761 527 2857 596 μὲν
2889 527 2987 596 τὴν
3026 526 3185 594 φύσιν
3220 526 3319 595 τῆς
3353 524 3455 593 γῆς
3484 524 3715 576 ἐπαινῶν
3752 523 3932 591 ἔλεγε,

2262 612 2323 664 τὺ
2354 612 2409 664 δὲ
2442 613 2541 682 τὴν
2572 613 2719 665 θέσιν
2738 630 2753 643 ο
2782 613 2919 682 ὅπερ
2954 612 3045 664 καὶ
3074 614 3103 664 ὁ
3132 611 3292 663 Δαυῒδ
3321 609 3534 679 ψάλλων
3564 609 3761 679 ἔφησεν
3781 650 3795 663 .
3843 611 3932 663 ὅτι

2274 699 2647 769 Ἰερουσαλὴμ,
2688 702 2833 766 Ὀρη
2866 700 3071 763 κύκλῳ
3099 697 3287 765 αὐτῆς
3309 737 3323 758 ,
3356 698 3452 752 καί
3487 697 3696 763 Κύριος
3724 696 3932 757 κύκλῳ

2263 784 2368 837 τοῦ
2406 784 2558 838 ,λαοῦ
2591 783 2796 837 αὐτοῦ.
2846 784 3106 852 Ἐτείχισε
3143 782 3239 851 μὲν
3264 782 3369 852 γάρ
3408 781 3576 851 αὐτὴν
3599 821 3615 843 ,
3647 780 3797 851 φησὶ,
3829 781 3929 833 καὶ

2263 874 2328 940 τῇ
2362 870 2508 923 θέσει
2536 871 2630 923 τοῦ
2657 871 2824 924 τόπου
2844 886 2858 899 ·
2906 869 3043 940 πλὴν
3072 869 3170 921 οὐκ
3208 868 3445 940 ἠρκέσθη
3480 868 3671 937 τούτῳ,
3707 867 3839 920 ἀλλά
3866 867 3931 919 τὸ

2267 956 2521 1025 μέγιστον
2552 959 2727 1027 τεῖχος
2775 955 2937 1018 αὐτὸς
2983 956 3116 1025 αὐτῇ
3156 956 3408 1024 γέγονεν’
3456 955 3484 1006 δ
3529 954 3591 1024 δὴ
3643 955 3735 1006 καὶ
3773 949 3931 1017 οὗτος

2262 1044 2556 1097 αἰνίττεται
2588 1044 2781 1111 λέγων.
2828 1043 2925 1096 Ἐν
2954 1042 3172 1111 κέρατι,
3202 1043 3263 1095 τό
3302 1059 3359 1093 τε
3408 1042 3700 1111 ἀχείρωτον
3736 1042 3830 1093 καὶ
3865 1039 3933 1093 τὺ

2263 1130 2703 1199 ἀωταγώνιστον
2756 1129 2849 1183 τοῦ
2898 1130 3085 1193 τόπου,
3118 1130 3211 1182 καὶ
3246 1128 3351 1199 πρὸ
3378 1129 3587 1192 τούτου,
3629 1127 3726 1198 τὴν
3774 1126 3930 1197 παρά

2260 1217 2355 1271 τοῦ
2395 1217 2528 1271 Θεοῦ
2570 1217 2817 1288 βοήθειαν
2834 1215 3042 1285 δηλῶν,
3090 1213 3197 1268 ἀπὸ
3248 1215 3558 1284 μεταφορᾶς
3601 1213 3692 1265 τοῦ
3747 1213 3929 1283 κέρως

2260 1303 2354 1355 τοῦ
2380 1302 2521 1372 βοός.
2552 1303 2664 1356 Kal
2692 1302 2799 1371 γὰρ
2819 1302 2913 1354 καὶ
2938 1302 3205 1372 παροιμία
3224 1299 3445 1369 τοιαύτη
3464 1297 3716 1368 δημώδης
3741 1298 3930 1368 ἐξενήο

2262 1406 2446 1442 νεκται
2479 1388 2607 1459 περὶ
2638 1388 2748 1440 τῶν
2776 1390 2854 1451 είς
2880 1387 3117 1455 ἀσφαλές
3144 1404 3195 1438 τι
3228 1387 3423 1457 χωρίον
3452 1384 3927 1453 καταφευγόντων.

2274 1474 2492 1545 Ἐπειδὴ
2524 1474 2632 1545 γὰρ
2660 1474 3005 1545 ἰσχυρότερον
3026 1472 3241 1526 πάντων
3260 1474 3289 1524 ό
3315 1471 3535 1543 ταῦρος,
3570 1470 3729 1524 αὐτοῦ
3752 1471 3807 1523 δὲ
3830 1471 3928 1523 τοῦ

2262 1560 2401 1625 ζώου
2430 1559 2489 1613 τὸ
2520 1561 2863 1632 ἰσχυρότερον
2900 1560 2959 1612 τὺ
2987 1559 3185 1630 κέρας·
3222 1558 3368 1627 ὅπλῳ
3403 1557 3512 1627 γὰρ
3550 1557 3697 1627 αὐτῷ
3724 1551 3931 1628 κέχρη-

2259 1664 2377 1702 ται·
2411 1647 2499 1701 διὰ
2524 1648 2584 1700 τὸ
2606 1647 2984 1717 δυσχείρωτον,
3014 1645 3170 1699 τοῦτο
3204 1656 3229 1684 ε
3262 1644 3479 1697 εἰώθασι
3518 1643 3695 1711 λέγειν
3721 1644 3769 1695 οί
3797 1643 3929 1695 πολ-

2260 1732 2374 1786 λοί’
2410 1734 2500 1787 καὶ
2525 1734 2557 1803 ἡ
2594 1733 2782 1802 Γραφὴ
2805 1732 2865 1785 δὲ
2893 1731 3151 1795 πολλάκις
3179 1730 3348 1802 κέρας
3384 1730 3571 1800 μονοκέ
3582 1745 3744 1799 ρωτος
3771 1728 3933 1781 καλεῖ

2258 1820 2386 1882 τοὺς
2404 1820 2461 1871 ἐν
2488 1819 2757 1889 ἀσφαλείᾳ
2786 1819 2961 1882 ὄντας.
3000 1819 3102 1871 Ἐν
3121 1821 3322 1884 κέρατι
3344 1813 3437 1869 οὖν
3473 1815 3707 1868 ἐνταῦθά
3737 1831 3927 1885 φησιν,

2260 1905 2319 1960 ἐν
2346 1904 2634 1975 ἀσφαλείᾳ,
2674 1905 2731 1957 ἐν
2774 1903 2917 1973 ῦψει,
2960 1905 3096 1975 ὅπερ
3139 1904 3434 1973 ἀρχόμενος
3481 1902 3697 1969 ἔλεγενο
3753 1899 3930 1967 Υίοὺς

2258 1991 2575 2061 ἐγέννησα,
2607 1991 2704 2044 καὶ
2732 1992 2971 2059 ὕψωσα.
3018 1993 3116 2043 Ἐν
3135 1993 3293 2056 τόπῳ
3311 1990 3473 2043 πίονι
3497 2005 3509 2018 ⁸
3539 1991 3676 2057 ὅπερ
3706 1990 3733 2040 ὁ
3754 1988 3930 2040 Μωῦ-
4000 2042 4011 2049 ,

2262 2078 2361 2147 σῆς
2394 2075 2538 2144 εἷπε,
2569 2078 2701 2147 Γῆν
2723 2078 2993 2146 ῥέουσαν
3019 2077 3173 2147 τάλα
3213 2077 3311 2130 καὶ
3324 2075 3481 2145 μέλι.
3513 2075 3620 2128 Kal
3655 2074 3932 2142 φραγμὸν

2259 2166 2600 2232 περιέθηκα,
2630 2166 2729 2219 καὶ
2757 2164 3133 2234 ἐχαράκωσα.
3168 2161 3493 2231 Φραγμὸνῆ
3532 2162 3590 2215 τὸ
3624 2161 3798 2230 τεῖχός
3822 2176 3930 2228 φη-

2261 2269 2345 2305 σιν
2363 2291 2375 2315 ,
2403 2251 2434 2321 ἢ
2461 2251 2553 2304 τὸν
2588 2252 2771 2321 νόμον,
2796 2253 2828 2322 ἢ
2851 2252 2946 2322 τὴν
2972 2251 3136 2304 αὐτοῦ
3162 2250 3438 2321 πρόνοιαν.
3458 2249 3565 2301 Kal
3585 2248 3692 2317 γὰρ
3722 2246 3930 2315 όνὸμος

2255 2337 2469 2406 τείχους
2480 2336 2685 2404 ἀσφαλέ
2693 2354 2780 2389 στε
2789 2354 2880 2407 ρον
2891 2338 3074 2399 αὐτοῖς
3090 2354 3156 2389 πε
3165 2353 3193 2406 ρ
3202 2337 3310 2387 ιέκε
3320 2352 3414 2387 ιτο.
3431 2335 3533 2387 Kal
3548 2332 3927 2401 ἐχαράκωσα,

2252 2424 2549 2486 τουτέστιν,
2591 2423 2834 2494 ’ἰσχυρὰν
2860 2425 2958 2493 τὴν
2986 2424 3283 2492 ἀσφάλειαν
3313 2421 3674 2489 ἐποιησάμην.
3706 2417 3929 2488 Ἐπειδὴ

2257 2509 2366 2581 γὰρ
2388 2508 2644 2573 πολλάκις
2666 2510 2916 2579 φραγμὸς
2946 2508 3374 2579 εὐεπιχείρητον,
3402 2504 3495 2559 καὶ
3528 2504 3739 2575 ἑτέραν,
3766 2503 3925 2573 φησὶ,

2258 2594 2577 2667 περιέϐαλον
2603 2595 2784 2658 αὐτοῖς
2814 2594 3147 2665 συμμαχίαν.
3173 2593 3283 2647 Kal
3316 2592 3618 2661 ἐφύτευσα
3651 2590 3929 2659 ἄμπελον

2255 2681 2484 2749 Σωρήχ.
2526 2681 2800 2750 Ἐπιμένει
2826 2684 2890 2751 τῇ
2918 2683 3213 2750 μεταφορᾷ,
3241 2681 3305 2750 ἣν
3322 2681 3381 2732 οὐ
3405 2680 3484 2732 δεῖ
3505 2678 3643 2730 κατά
3675 2677 3819 2741 λέξιν
3842 2678 3929 2746 έρ-

2259 2768 2534 2836 μηνεύειν,
2585 2766 2720 2819 ἀλλὰ
2776 2768 2867 2819 τὸν
2918 2769 3116 2819 σκοπὸν
3149 2766 3357 2828 εἰδότας
3396 2763 3677 2835 ἀρκεῖσθαι
3726 2762 3923 2833 τούτῳ.

2255 2853 2449 2924 Σωρὴχ
2488 2854 2546 2906 δὲ
2596 2854 2829 2905 ἐνταῦθα
2880 2852 3139 2923 ἀληθινήν
3178 2869 3362 2923 φησιν,
3404 2851 3618 2920 εὐγενῆ,
3650 2849 3769 2920 οὐχί
3812 2848 3926 2902 τῶν

2255 2939 2473 3008 φαύλων
2512 2938 2715 3006 φυτῶν,
2744 2940 2862 2992 οὐδὲ
2892 2939 2998 2990 τῶν
3033 2938 3487 3008 καταδεεστέρων,
3526 2937 3657 2990 ἀλλὰ
3690 2937 3795 2990 τῶν
3830 2936 3924 2989 δο-

2254 3026 2432 3095 κίμων
2461 3027 2556 3079 καὶ
2582 3025 2831 3098 πρώτων.
2863 3026 3039 3080 Πολλὰ
3068 3025 3177 3096 γὰρ
3197 3024 3313 3097 [55]
3338 3025 3595 3096 ἀμπέλων
3623 3025 3773 3094 γένη.
3810 3023 3924 3078 Kal

2252 3112 2613 3181 ᾠκοδόμησα
2654 3113 2885 3182 πύργον
2916 3111 3013 3164 καί
3056 3111 3383 3180 προλήνιον
3408 3112 3477 3164 ἐν
3505 3111 3674 3178 μέσῳ
3710 3109 3922 3164 αὑτοῦ.

2255 3198 2412 3261 Τινὲς
2438 3198 2458 3237 ί
2496 3198 2586 3252 τὸν
2617 3199 2740 3251 ναόν
2772 3216 2903 3267 φασι
2925 3236 2939 3262 ,
2967 3200 3060 3251 καὶ
3095 3199 3380 3268 προλήνιον
3412 3197 3471 3250 τὸ
3500 3198 3885 3267 θυσιαστήριον
3906 3236 3923 3261 ,

2254 3284 2349 3336 ἅτε
2375 3284 2483 3337 τῶν
2515 3286 2740 3355 καρπῶν
2755 3288 2871 3338 ἐκεῖ
2902 3285 3280 3355 συναγομένων
3313 3286 3408 3354 τῆς
3435 3285 3633 3354 ἀρετῆς
3663 3284 3762 3353 τῆς
3786 3285 3925 3339 ἐκά-

2254 3386 2402 3431 στου,
2422 3370 2642 3422 καὶτῶν
2672 3370 3017 3441 προσφορῶν,
3045 3373 3139 3423 καὶ
3167 3372 3273 3423 τῶν
3302 3371 3497 3423 θυσιῶν
3528 3369 3750 3423 ἀπασῶν
3770 3385 3783 3399 ⁸
3810 3370 3926 3437 ἐγὼ

2255 3452 2435 3521 μέντοι
2460 3451 2636 3513 τοῦτο,
2679 3454 2815 3522 ὅπερ
2845 3453 3015 3522 ἔφθην
3056 3457 3258 3520 εἰπὼν,
3287 3454 3381 3506 καὶ
3416 3453 3508 3505 νῦν
3539 3454 3680 3522 ἐρῶ,
3729 3454 3810 3504 ὅτι
3842 3452 3925 3523 τῷ

2254 3537 2437 3607 σκοπῷ
2467 3538 2548 3590 δεῖ
2590 3538 2877 3607 προσέχειν
2917 3540 3014 3609 τῆς
3046 3541 3377 3610 μεταφορᾶς.
3413 3539 3510 3592 Διά
3554 3539 3659 3609 γὰρ
3701 3539 3924 3592 πάντων

2250 3622 2408 3676 τοῦτο
2469 3623 2713 3692 βούλεται
2765 3627 2957 3689 εἰπεῖν,
3012 3626 3092 3677 ὅτι
3130 3626 3212 3677 Τὰ
3266 3626 3394 3696 παρ’
3444 3624 3681 3695 ἐμαυτοῦ
3741 3625 3926 3680 πάντα

2252 3711 2562 3781 ὲπλήρωσα,
2589 3710 2767 3764 πᾶσαν
2794 3711 3103 3781 ἐπιμέλειαν
3131 3712 3507 3782 ἐπεδειξάμην.
3532 3713 3606 3765 Οὐ
3636 3713 3923 3767 κατέτεινα

2252 3799 2535 3864 καμάτοις,
2572 3798 2632 3848 ού
2666 3798 2957 3869 συνέτριψα
2980 3800 3180 3862 πόνοις,
3210 3800 3311 3852 οὐκ
3334 3800 3529 3863 αὐτοὺς
3566 3800 3924 3869 οἰκοδομῆσαι

2250 3884 2530 3945 ἐκέλευσα,
2555 3884 2655 3935 οὐκ
2686 3885 2881 3947 αὐτοὺς
2908 3885 3132 3954 σκάψαι,
3156 3886 3255 3939 οὐκ
3275 3888 3471 3948 αὐτοὺς
3499 3886 3779 3953 φυτεῦσαι,
3803 3885 3924 3939 ἀλλ’

2250 3969 2655 4041 ἀπηρτισμένον
2684 3968 2745 4021 τὸ
2786 3969 2942 4038 ἔργον
2967 3972 3273 4038 παρέδωκα.
3319 3973 3428 4024 Kal
3460 3972 3575 4024 οὐδὲ
3602 3973 3763 4042 μέχρι
3796 3975 3925 4025 τού-

2248 4071 2340 4108 του
2360 4054 2428 4107 τά
2451 4056 2549 4125 τῆς
2576 4054 2983 4125 φιλανθρωπίας
3002 4054 3202 4126 ἔστησα
3228 4057 3405 4126 μόνον,
3426 4056 3559 4110 ἀλλὰ
3584 4058 3691 4112 Kal
3714 4057 3925 4127 ἔμεινα

2249 4141 2356 4195 τοῦ
2380 4140 2632 4209 ποιῆσαι
2664 4141 3008 4210 σταφυλὴν,
3046 4142 3137 4195 καὶ
3166 4144 3422 4213 ἀνέμεινα
3450 4143 3540 4195 τὸν
3573 4146 3925 4215 προσήκοντα

2250 4229 2440 4299 καιρὸν
2467 4230 2568 4297 τῆς
2608 4229 2983 4300 καρποφορίας
3006 4268 3021 4287 ,
3054 4230 3400 4302 μακροθυμίᾳ
3438 4231 3606 4302 πολλῇ
3647 4232 3927 4303 χρησάμει-

2248 4329 2357 4375 νος.
2382 4312 2455 4364 Τὸ
2486 4313 2614 4382 γὰρ,
2641 4315 2906 4381 Ἔμεινα,
2938 4313 3096 4367 τοῦτο
3127 4315 3294 4385 δηλοῖ.
3337 4317 3617 4384 Ἐποίησε
3637 4315 3703 4370 δὲ
3731 4316 3921 4371 ἀκάν-

2247 4404 2375 4465 θας.
2421 4402 2524 4452 Τὸν
2544 4402 2789 4471 ἄκαρπον
2818 4402 2995 4455 αὐτῶν
3036 4403 3149 4471 βίον
3190 4404 3540 4468 ἐνδείκνυται,
3568 4404 3658 4457 τὸν
3686 4405 3915 4474 τραχὺν,

2244 4488 2336 4540 τὸν
2376 4487 2629 4556 σκληρόν.
2681 4488 2835 4552 Τίνος
2861 4485 2952 4542 οῦν
2990 4490 3055 4544 ἂν
3098 4487 3206 4544 εἷεν
3248 4490 3577 4563 συγγνώμης
3608 4491 3748 4556 ἄξιοι
3778 4492 3921 4563 μετὰ

2244 4573 2515 4644 τοσαύτην
2541 4575 2858 4645 ἐπιμέλειαν
2888 4577 3109 4640 τούτους
3128 4579 3415 4642 ἀποδόντες
3442 4579 3517 4649 τῷ
3540 4580 3767 4650 γεωργῷ
3789 4582 3921 4644 τοὺς

2246 4662 2527 4733 καρπούςς
2562 4663 2672 4715 Kal
2700 4663 2838 4727 νῦν,
2858 4663 3165 4732 ἅνθρωπος
3192 4665 3298 4719 τοῦ
3342 4666 3537 4720 Ἰούδα
3566 4668 3661 4721 καὶ
3692 4669 3745 4719 οί
3775 4684 3922 4721 κατ-

2246 4748 2555 4815 οικοῦντες
2609 4750 2996 4819 Ἰερουσαλὴμ
3020 4790 3035 4815 ,
3085 4753 3326 4820 κρίνατε
3368 4753 3437 4805 ἐν
3481 4753 3610 4822 ἐμοὶ
3648 4752 3747 4807 καί
3795 4754 3922 4808 ἀνὰ

2240 4836 2437 4904 μέσον
2484 4834 2593 4889 τοῦ
2627 4836 2979 4903 ἀμπελῶνος
3016 4855 3154 4905 μου.
3189 4838 3366 4908 Πολλὴ
3394 4840 3500 4892 τῶν
3533 4838 3919 4909 δικαιωμάτων

2244 4923 2277 4992 ή
2318 4921 2627 4992 περιουσία,
2677 4923 2805 4974 ὅταν
2854 4923 3052 4987 αὐτοὺς
3102 4924 3229 4987 τούς
3270 4924 3600 4987 ὑπευθύνους
3651 4924 3917 4992 δικαστάς

2245 5007 2445 5080 καθίζῃ
2467 5012 2578 5071 τοῖς
2608 5009 2699 5060 ὐπ’
2726 5008 2889 5061 αὐτοῦ
2924 5012 3341 5082 γεγενημένοις,
3370 5013 3462 5066 καὶ
3497 5014 3609 5074 τοῖς
3636 5012 3727 5065 ὐπ’
3767 5012 3918 5066 ἐκεί-

2245 5113 2369 5148 νων.
2406 5094 2513 5148 Kal
2534 5093 2670 5147 νῦν.
2700 5096 2773 5148 Οὐ
2807 5095 2950 5163 λέγω
2978 5097 3046 5150 τὰ
3074 5098 3296 5163 παλαιὰ,
3333 5100 3511 5168 φησὶν,
3540 5098 3674 5152 ἀλλὰ
3700 5100 3787 5153 καὶ
3814 5100 3918 5170 σή-

2248 5198 2412 5252 μερον
2441 5181 2655 5251 ἕτοιμός
2675 5183 2789 5252 εἰμι
2814 5182 3148 5248 δικάζεσθαι.
3174 5185 3357 5249 Οῦτως
3376 5185 3624 5239 οὐδέποτε
3648 5185 3916 5241 διαλείπω

2243 5268 2310 5321 τά
2343 5268 2581 5338 ἐμαυτοῦ
2624 5268 2849 5340 πληρῶν
2872 5312 2887 5336 ,
2918 5272 3038 5324 οὐδέ
3081 5274 3239 5343 ὑμεῖς
3277 5275 3345 5325 τά
3380 5273 3587 5325 ἑαυτῶν
3614 5273 3913 5346 πληροῦτε.

2250 5355 2311 5409 Τί
2336 5354 2564 5420 ποιήσω
2592 5354 2678 5407 ἔτι
2707 5354 2786 5420 τῷ
2825 5358 3135 5425 ἀμπελῶνί
3150 5377 3267 5429 μου
3286 5362 3311 5399 ε
3336 5376 3353 5426 ;
3380 5359 3527 5413 διότι
3547 5360 3749 5427 ἔμεινα
3766 5404 3780 5426 ,
3806 5363 3916 5417 ἵνα

2244 5441 2469 5511 ποιήσῃ
2500 5443 2843 5511 σταφυλὴν,
2874 5445 3124 5513 ἐποίησε
3150 5447 3217 5500 δὲ
3242 5446 3527 5513 ἀκάνθας.
3568 5448 3629 5501 Ἠ
3667 5449 3910 5522 συνθήκη

2310 5580 2335 5608 e
2355 5566 2410 5614 In
2436 5567 2556 5628 Reg.
2582 5573 2636 5616 et
2675 5570 2824 5618 Savil.
2848 5570 2990 5618 10610
3014 5573 3173 5621 deest.

2278 5690 2288 5700 .
2311 5628 2332 5700 ξ
2363 5629 2641 5700 Secundum
2664 5628 2906 5680 Tilmanni
2924 5632 3378 5695 interpretationem
3400 5635 3567 5698 πύργοι
3592 5635 3911 5685 inserendum

2243 5690 2481 5819 νῗάεεὸιιέξε
2508 5756 2791 5819 βραυυηιιιιζ
2807 5761 2919 5819 po_st
2938 5756 3189 5819 ἀμπελῶνί
3208 5772 3319 5819 μου,
3342 5767 3498 5817 usque
3534 5757 3592 5805 ad
3618 5757 3774 5812 ἐπειδή
3816 5757 3910 5819 τήν

2243 5811 2392 5867 νίκην,
2416 5811 2757 5863 desiderantur
2778 5811 2830 5864 in
2860 5811 2984 5881 Regi
3007 5824 3060 5865 et
3081 5811 3320 5879 S:nril'.,6ti
3338 5811 3709 5879 «mammam,
3739 5811 3791 5866 ut
3829 5811 3907 5866 ιιι·

2244 5873 2406 5930 detur,
2431 5872 2624 5923 omissa.
