4156 6312
169 435 233 491 57

157 527 314 587 menti
343 536 592 580 sermone
611 525 781 590 egeat,
810 524 862 572 et
888 512 1063 568 animo
1082 522 1186 565 non
1208 504 1450 567 remissio,
1477 502 1568 556 sed
1590 515 1716 555 con-

156 622 334 681 citato.
364 634 421 673 se
450 622 776 671 cantaturum
803 606 954 661 nobis
980 600 1254 673 promittit,
1282 603 1336 651 et
1357 592 1718 649 accusationes

154 710 415 768 canticum
457 712 633 759 vocat.
679 701 749 754 At
786 712 893 753 non
935 696 1050 765 ipse
1077 692 1221 748 solus
1244 729 1259 754 ,
1289 686 1383 742 sed
1411 695 1459 740 et
1500 695 1719 752 magnus

161 801 241 856 ille
266 798 501 868 Moyses,
529 796 616 862 qui
646 799 768 844 tunc
792 783 1109 855 triumphale
1144 778 1271 834 illud
1294 776 1553 832 canticum
1577 771 1719 826 ceci-

163 900 311 946 nerat
333 865 368 954 ς⁷
394 887 520 941 dum
552 882 763 938 Judmos
795 872 1160 948 reprehendit,
1194 871 1403 939 longum
1435 865 1560 921 illud
1590 874 1721 919 can-

163 982 323 1035 ticum
348 977 477 1032 fecit
494 968 989 1043 reprehensionibus
1002 960 1425 1032 plenum,dicens
1448 976 1462 1012 :
1490 954 1722 1009 Ha'ccine

165 1070 379 1125 Domino
399 1063 643 1119 redditis?
668 1060 766 1114 Hic
792 1058 1006 1128 populus
1031 1053 1212 1108 stultus
1230 1059 1276 1104 et
1297 1049 1531 1119 insipiens
1545 1043 1719 1117 (Deut.

162 1162 246 1218 3%.
280 1162 313 1215 6
334 1159 396 1231 );
426 1167 481 1212 et
507 1154 682 1211 multis
715 1148 952 1206 collectis
980 1142 1413 1201 accusationibus,
1446 1139 1559 1191 haec
1583 1137 1725 1205 ipsos

166 1228 361 1307 canere
389 1250 503 1318 lege
530 1242 814 1316 praecepit;
844 1247 899 1293 et
923 1250 1022 1290 nos
1045 1232 1306 1302 hodieque
1340 1236 1587 1285 canentes
1613 1228 1726 1279 ham

168 1343 409 1398 dicimus.

228 1433 493 1489 Canticum
538 1442 629 1481 cur
673 1420 1041 1478 criminationes
1082 1416 1348 1472 contineat.
1371 1442 1442 1454 -—
1468 1411 1575 1467 Cur
1602 1421 1728 1479 ergo

167 1522 562 1579 criminationes
583 1524 640 1570 ut
657 1513 917 1570 canticum
940 1507 1295 1565 concinnant?
1320 1502 1588 1572 Sapientia
1613 1514 1731 1554 cer-

170 1626 216 1669 te
242 1612 328 1667 usi
373 1606 665 1679 spirituali,
706 1613 759 1658 et
795 1602 1017 1657 multum
1053 1595 1393 1653 emolumenti
1434 1591 1728 1647 auditorum

168 1702 356 1757 animis
386 1698 579 1754 inferre
602 1696 861 1750 volentes.
891 1691 1022 1757 Quia
1048 1688 1189 1743 enim
1215 1685 1343 1739 nihil
1370 1685 1447 1739 sic
1473 1682 1602 1736 utile
1627 1689 1728 1745 est,

172 1803 223 1847 ut
259 1790 529 1845 scelerum
560 1784 769 1841 assidue
813 1779 1118 1843 recordari,
1165 1776 1398 1845 nihilque
1424 1774 1730 1827 memoriam

168 1887 232 1941 ita
278 1886 489 1939 firmam
531 1879 698 1949 parit,
728 1883 784 1930 ut
812 1871 1037 1928 melodis
1060 1909 1077 1937 ,
1119 1883 1185 1924 ne
1211 1868 1282 1922 ob
1308 1866 1730 1922 criminationum

171 1973 583 2044 magnitudinem
614 1966 834 2021 taederet
866 1976 958 2018 eos
977 2001 993 2027 ,
1023 1969 1076 2016 et
1103 1958 1367 2013 assiduam
1397 1965 1733 2029 peccatorum

173 2064 483 2121 memoriam
512 2058 953 2127 subterfugerent,
981 2052 1167 2108 cantici
1193 2051 1545 2105 modulatione
1570 2046 1735 2115 pudo-

170 2171 277 2212 rem
305 2153 606 2222 subripiens
632 2164 697 2204 ex
726 2144 979 2203 memoria
1009 2152 1212 2213 partum
1232 2180 1247 2204 ,
1275 2149 1326 2195 et
1353 2136 1734 2193 intolerabilem

171 2258 459 2302 mmrorem
505 2240 729 2303 leniens,
784 2236 896 2290 haec
936 2232 1141 2289 cantica
1189 2230 1348 2294 fecit,
1392 2236 1451 2281 ut
1495 2223 1735 2280 meloditn

172 2347 353 2387 amore
395 2330 564 2385 coacti
598 2327 665 2382 ad
714 2340 777 2381 ea
806 2325 1106 2391 frequenter
1149 2315 1529 2389 pronuntianda
1553 2354 1567 2374 .
1598 2327 1739 2382 saepe

175 2424 384 2478 illorum
413 2419 826 2476 recordarentur
844 2456 860 2482 ,
887 2413 1200 2481 assidueque
1226 2408 1516 2464 doctrinam
1544 2405 1612 2460 de
1647 2418 1739 2459 co-

174 2513 326 2569 lenda
354 2512 553 2565 virtute
581 2508 837 2563 haberent
855 2546 869 2571 ,
899 2516 1090 2572 nempe
1117 2499 1377 2555 assiduam
1408 2505 1739 2566 peccatorum

176 2602 624 2658 recordationem.
670 2596 827 2653 Scitis
872 2594 1030 2664 igitur
1074 2591 1207 2645 alios
1248 2588 1532 2657 Scriptura:
1576 2585 1741 2639 libros

174 2694 355 2748 multis
394 2690 658 2759 hodieque
699 2701 770 2740 ne
810 2684 877 2740 de
904 2682 1115 2737 nomine
1155 2679 1365 2750 quidem
1408 2685 1561 2731 notos
1588 2689 1740 2740 esse;

176 2784 510 2838 Psalmorum
540 2789 713 2833 autem
741 2790 873 2844 opus
910 2785 1095 2827 omnes
1133 2772 1185 2823 in
1214 2783 1307 2822 ore
1342 2767 1509 2829 ferre,
1548 2774 1602 2819 et
1631 2763 1744 2817 hazc

178 2874 341 2928 etiam
365 2871 571 2925 cantica
595 2884 608 2920 :
632 2866 813 2934 sicque
834 2879 898 2918 ex
922 2861 1081 2916 rebus
1104 2859 1231 2928 ipsis
1252 2855 1562 2921 ostenditur,
1588 2870 1746 2921 quan-

177 2975 287 3019 tum
315 2978 386 3018 ex
415 2968 574 3016 cantu
596 2958 799 3013 lucrum
825 2952 1059 3008 accedat.
1100 2948 1301 3004 Idcirco
1328 2946 1441 3015 ipse
1467 2946 1541 3000 ait
1566 2962 1580 2997 :
1606 2942 1745 2999 Can-

178 3054 294 3108 tabo
321 3051 505 3105 dilecto
534 3064 642 3102 meo
670 3044 918 3100 canticum
945 3040 1109 3095 dilecti
1138 3039 1234 3091 mei
1258 3038 1412 3091 vinea:
1447 3050 1587 3090 mea.
1616 3033 1749 3089 Can-

179 3145 335 3198 ticum
364 3142 545 3195 dilecto
564 3179 578 3204 ,
606 3136 709 3200 ait,
742 3136 934 3188 vineta:
962 3128 1186 3185 cantabo
1212 3128 1351 3182 circa
1394 3127 1563 3195 ipsum
1607 3123 1745 3178 dile-

177 3247 345 3293 ctum.
392 3236 463 3290 Et
490 3233 589 3305 ipsi
628 3238 803 3296 canto,
848 3226 1033 3296 inquit,
1072 3232 1125 3279 et
1151 3230 1514 3294 argumentum
1561 3217 1749 3273 cantici

178 3331 323 3385 circa
356 3328 506 3381 illum
534 3333 586 3379 et
614 3338 701 3378 res
726 3321 793 3375 ad
829 3333 951 3373 eum
993 3323 1289 3386 spectantes
1313 3321 1567 3367 versatur.
1598 3307 1749 3376 Quod

180 3420 226 3474 si
256 3419 633 3487 objurgaturus
655 3420 709 3467 et
742 3411 989 3465 dilectum
1013 3414 1166 3460 vocat
1192 3412 1247 3458 et
1274 3410 1525 3464 amatum,
1554 3416 1621 3453 ne
1648 3400 1750 3451 mi-

179 3508 341 3563 reris.
392 3506 526 3559 Nam
570 3513 623 3556 et
667 3502 769 3555 hoc
814 3510 1059 3565 magnum
1102 3501 1184 3548 est
1223 3492 1289 3545 ad
1332 3489 1750 3545 criminationem

179 3594 469 3660 viaticum,
515 3590 653 3658 quod
696 3589 900 3644 scilicet
943 3599 1062 3640 cum
1104 3582 1467 3650 diligerentur,
1512 3587 1566 3633 et
1607 3585 1752 3632 tanta

180 3690 490 3743 fruerentur
520 3682 614 3737 Dei
640 3676 1030 3741 benevolentia,
1054 3688 1226 3743 neque
1252 3672 1329 3726 sic
1356 3671 1601 3725 meliores
1630 3667 1755 3722 eﬂ‘e—

179 3778 251 3831 cti
283 3777 415 3830 sint.
466 3772 577 3827 Hoc
612 3778 666 3825 et
693 3768 828 3822 alius
867 3766 1124 3835 propheta
1150 3761 1485 3817 subindicans
1506 3758 1750 3813 dicebat:

181 3868 345 3933 Quasi
373 3881 525 3919 uvam
564 3864 616 3916 in
655 3861 846 3915 deserto
873 3858 1034 3911 inveni
1068 3854 1272 3918 Israel,
1299 3852 1441 3923 quasi
1468 3866 1675 3919 scopum
1701 3850 1755 3901 in

182 3960 287 4027 ﬁcu
333 3954 412 4028 (a)
459 3967 727 4022 pracocem
768 3950 869 4004 vidi
912 3957 1076 4017 patres
1119 3960 1290 3999 eorum
1326 3941 1493 4013 (Osee
1523 3940 1575 3996 9.
1610 3938 1752 4009 10):

178 4050 455 4121 optabiles
483 4046 603 4100 illos
643 4042 997 4109 amabilesque
1039 4052 1157 4093 esse
1184 4050 1280 4105 per
1309 4034 1407 4089 hos
1449 4032 1648 4088 fructus
1677 4031 1757 4085 in-

179 4141 374 4195 dicans
403 4155 418 4191 :
448 4135 704 4206 optabiles
724 4173 739 4198 ,
770 4131 982 4200 inquam
1002 4170 1017 4194 ,
1050 4127 1406 4195 amabilesque
1430 4138 1533 4178 non
1572 4137 1636 4177 ex
1661 4135 1753 4175 sua

178 4232 421 4292 virtute,
469 4224 563 4281 sed
601 4238 669 4280 ex
708 4222 802 4276 Dei
846 4219 1184 4288 benignitate.
1216 4214 1365 4282 Quod
1392 4221 1564 4267 autem
1608 4211 1753 4277 dicit,

182 4318 499 4391 bujusmodi
525 4325 605 4372 est
636 4334 650 4369 :
680 4314 800 4385 Ego
825 4312 897 4367 ita
925 4311 1103 4372 dilexi,
1131 4315 1191 4362 ut
1212 4308 1257 4363 si
1284 4307 1402 4376 quis
1430 4320 1583 4360 uvam
1612 4305 1758 4358 inve-

180 4412 331 4467 nerit
360 4410 416 4464 in
442 4407 672 4469 deserto,
700 4412 792 4458 aut
817 4403 862 4456 si
890 4401 1008 4471 quis
1031 4412 1248 4468 scopum
1274 4396 1529 4465 repererit
1554 4396 1605 4449 in
1635 4394 1754 4448 ficu.

177 4502 412 4560 Etiamsi
444 4499 585 4555 enim
612 4496 726 4550 haec
752 4491 993 4561 exempla
1026 4489 1236 4559 indigna
1264 4486 1371 4541 sint
1399 4486 1527 4548 Deo,
1555 4494 1608 4538 at
1638 4483 1758 4537 illo~

177 4609 301 4650 rum
333 4588 585 4661 ingluviei
627 4590 980 4640 consentanea
1008 4587 1149 4635 sunt.
1176 4576 1286 4646 Ipsi
1312 4590 1471 4640 vero,
1503 4575 1609 4637 ait,
1637 4589 1757 4628 cum

177 4693 331 4738 tanta
358 4677 648 4736 dilectione
669 4673 994 4734 fruerentur,
1016 4666 1285 4722 abalienati
1303 4674 1436 4730 sunt,
1458 4664 1761 4734 ingressique

177 4782 300 4827 sunt
327 4772 401 4823 ad
428 4765 755 4836 Beelphegor.
783 4762 872 4817 Sic
897 4774 1025 4815 sane
1048 4759 1192 4813 illum
1222 4757 1307 4811 hic
1332 4762 1488 4809 vocat
1508 4755 1758 4808 dilectum

175 4877 232 4919 et
274 4869 526 4917 amatum
552 4898 569 4925 ,
608 4853 895 4911 ostendens
932 4852 1094 4905 Deum
1136 4848 1313 4903 omnia
1354 4861 1471 4915 qua:
1510 4859 1540 4897 a
1585 4844 1759 4911 seipso

174 4960 338 5009 erant
363 4947 669 5006 exhibuisse
687 4985 703 5009 ,
730 4957 837 4998 non
866 4940 1006 5011 quod
1044 4939 1143 5009 ipsi
1185 4937 1437 5006 coeperint
1458 4974 1473 5000 ,
1502 4933 1593 4988 sed
1620 4933 1756 5001 quod

176 5048 329 5101 Deus
365 5041 516 5113 prior
541 5038 748 5094 amarit.
780 5033 858 5090 Illi
881 5046 1007 5088 vero
1030 5044 1200 5100 neque
1226 5036 1409 5098 postea
1433 5027 1618 5095 dignos
1641 5040 1759 5080 sese

174 5134 461 5193 beneﬂcio
488 5130 875 5191 exhibuerunt;
912 5122 1007 5179 sed
1031 5135 1193 5192 opere
1230 5120 1345 5188 ipso
1384 5118 1560 5171 omnia
1604 5115 1757 5170 exhi-

173 5231 354 5283 buero
402 5218 690 5277 coritraria.
731 5215 889 5269 Vinea
928 5213 1063 5282 facta
1111 5218 1180 5264 est
1234 5208 1446 5270 dilecto,
1476 5207 1529 5259 in
1566 5221 1756 5267 cornu,

173 5321 231 5372 in
281 5318 403 5371 loco
452 5310 643 5382 pingui.
688 5306 867 5362 Vinea:
915 5302 1129 5359 nomine
1162 5314 1372 5354 omnem
1415 5296 1761 5352 subindicavit

235 5452 316 5512 (α)
352 5448 417 5512 ιιι
641 5454 687 5497 αις
708 5450 839 5490 me
861 5427 1763 5512 ‘3Wtf9'!§“§-f§§:91‘ﬂiii?f£“f.‘f‘

170 5491 333 5563 θοι-ὶΣῶ
350 5491 536 5569 iri
555 5491 823 5570 "uno;
832 5491 1109 5570 paulorante
1128 5495 1176 5570 in
1201 5492 1376 5570 eodem
1387 5491 1588 5570 capite?
1606 5500 1758 5570 esea,

172 5550 231 5621 3T
767 5550 875 5631 “llic
897 5565 1059 5631 autem
1091 5566 1235 5631 versu
1260 5553 1317 5601 lO
1339 5550 1541 5631 Vulgata
1564 5550 1709 5631 habet
1744 5564 1758 5600 :

356 5612 553 5691 ’ᾱέίὴἱᾱ
577 5635 717 5693 coms
759 5618 991 5693 βεριηεεε-
1032 5616 1091 5693 ἒυ
1129 5618 1335 5693 .¹¹θ¹’¹’³⁸⁰
1378 5612 1538 5682 ³¹Ρί⁶¹ῖ¹
1584 5612 1761 5693 ’θείῳ

173 5673 419 5748 ς
622 5673 801 5747 primus
824 5680 1004 5743 fructus
1026 5673 1260 5740 ﬁculnew,
1294 5674 1429 5737 quasi
1452 5673 1761 5737 piimugcnira

174 5756 422 5806 hculuew.

1440 391 1505 447 IN
1546 382 1744 446 ISAIM

1844 388 1984 444 CAP.
2030 384 2087 445 ν.
3327 414 3402 472 58

1825 502 2198 570 providentiam
2226 542 2241 571 ,
2277 518 2531 575 suamque
2569 504 2705 560 circa
2746 502 2861 557 illos
2897 502 3323 562 sollicitudinem.

1890 594 1944 648 2.
1985 595 2166 664 Neque
2190 596 2276 649 hic
2300 596 2518 664 gradum
2547 596 2718 661 sistit,
2750 596 2841 650 sed
2868 598 2967 651 alia
2996 598 3152 651 etiam
3185 597 3386 651 bent-fl-

1820 686 1900 739 cia
1928 695 2205 740 enumerat
2232 702 2244 738 :
2274 687 2552 756 primoque
2584 686 2632 741 id
2661 695 2873 756 praestat
2902 702 2932 741 a
2961 686 3063 742 situ
3092 688 3190 743 loci
3214 705 3229 753 ;
3262 688 3387 743 illud

1823 777 1963 829 enim
1984 814 2001 844 ,
2028 774 2095 828 In
2124 791 2314 839 cornu,
2355 776 2406 829 in
2435 776 2545 830 loco
2566 777 2773 847 pingui,
2806 786 2913 831 tum
2943 787 3182 832 naturam
3209 789 3386 837 terrm.

1826 875 1938 920 tum
1964 866 2125 919 situm
2152 865 2378 922 laudans
2403 867 2530 921 dicit
2558 886 2571 921 :
2601 868 2652 921 id
2681 867 2820 937 quod
2848 876 2900 922 et
2928 868 3089 922 David
3119 869 3391 938 psallendo

1824 954 1957 1009 dixit
1982 954 2050 1010 de
2073 954 2365 1010 Jerusalem
2393 972 2407 1009 :
2438 955 2635 1011 Montes
2656 958 2710 1011 in
2739 958 2949 1011 circuitu
2980 959 3107 1028 ejus,
3139 967 3186 1012 et
3209 957 3389 1014 Domi-

1827 1061 1920 1098 nus
1945 1044 1998 1098 in
2024 1045 2238 1099 circuitu
2269 1046 2442 1115 populi
2464 1046 2541 1099 sui
2569 1045 2736 1116 (Psal.
2763 1046 2881 1102 124.
2905 1046 2985 1117 2).
3015 1046 3252 1117 Namque
3279 1046 3391 1099 cin-

1828 1137 1904 1190 xit
1926 1150 2076 1201 eam,
2111 1136 2311 1205 inquit,
2338 1135 2419 1191 vel
2445 1150 2511 1190 ex
2552 1137 2652 1189 situ
2684 1136 2782 1191 loci
2813 1154 2827 1190 :
2858 1147 3106 1193 cteterum
3138 1139 3237 1191 hoc
3259 1151 3391 1191 con-

1829 1235 2003 1282 tentus
2027 1242 2132 1281 non
2160 1226 2288 1295 fuit,
2322 1227 2413 1283 sed
2453 1227 2713 1281 maximus
2738 1228 2849 1298 ipse
2884 1242 3067 1282 murus
3108 1228 3183 1282 illi
3226 1229 3393 1283 factus

1828 1330 1911 1375 est
1939 1337 1953 1373 :
1979 1320 2118 1389 quod
2148 1319 2235 1375 hic
2276 1320 2572 1375 subindicat
2600 1320 2781 1374 dicens
2803 1359 2818 1385 ,
2849 1318 2916 1372 In
2957 1335 3111 1372 cornu
3133 1360 3146 1380 ,
3175 1319 3394 1389 inexpu-

1827 1411 2092 1480 gnabilem
2120 1425 2311 1479 nempe
2334 1426 2453 1466 esse
2476 1411 2647 1465 locum
2674 1426 2689 1475 ;
2718 1419 2773 1463 at
2796 1408 2934 1479 quod
2960 1408 3129 1479 majus
3158 1418 3270 1475 est,
3302 1409 3391 1461 Dei

1831 1500 2120 1555 subsidium
2146 1500 2378 1555 declarat
2413 1516 2479 1555 ex
2519 1501 2822 1570 metaphora
2863 1499 3039 1554 bovini
3066 1514 3251 1554 cornu.
3297 1498 3391 1552 Et-

1830 1593 1971 1646 enim
2001 1591 2103 1644 tale
2126 1589 2368 1661 adagium
2398 1592 2448 1644 in
2474 1590 2659 1659 vulgus
2682 1590 2808 1644 exiit
2845 1589 2911 1644 de
2940 1589 3005 1643 iis
3028 1588 3114 1658 qui
3142 1589 3195 1642 in
3227 1596 3392 1642 tutum

1831 1680 2059 1750 aliquem
2083 1679 2255 1733 locum
2280 1679 2604 1749 confugiunt.
2630 1680 2761 1745 Quia
2786 1679 2928 1734 enim
2950 1678 3182 1732 omnium
3220 1677 3396 1731 fortis-

1833 1770 1999 1825 simus
2027 1779 2109 1825 est
2141 1779 2320 1825 taurus
2338 1811 2355 1836 ,
2381 1770 2519 1840 quod
2551 1784 2676 1824 vero
2701 1768 2887 1823 fortius
2913 1770 2964 1823 in
2990 1783 3075 1835 eo,
3103 1776 3182 1823 est
3207 1782 3393 1832 cornu,

1832 1875 1939 1929 quo
1959 1874 2056 1915 ceu
2078 1861 2241 1914 armis
2267 1860 2448 1925 utitur,
2472 1860 2593 1929 quia
2612 1870 2768 1929 captu
2789 1858 3004 1915 difllcile
3027 1868 3127 1925 est,
3152 1859 3201 1914 id
3227 1860 3400 1913 solent

1834 1951 1985 2004 multi
2013 1949 2192 2005 dicere
2221 1966 2235 2004 :
2267 1963 2331 2005 ac
2358 1950 2624 2020 Scriptura
2654 1965 2795 2019 saepe
2823 1964 2990 2004 cornu
3016 1948 3283 2004 unicornis
3306 1962 3399 2003 vo-

1835 2048 1923 2094 cat
1946 2053 2039 2095 eos
2062 2080 2076 2103 ,
2116 2039 2206 2110 qui
2236 2040 2289 2094 in
2330 2048 2442 2094 tuto
2470 2041 2625 2108 positi
2651 2049 2792 2094 sunt.
2840 2038 2905 2093 In
2930 2056 3084 2094 cornu
3114 2040 3286 2110 itaque
3315 2039 3401 2093 hic

1837 2130 1985 2191 dicit.
2014 2130 2170 2199 quasi
2197 2130 2249 2183 in
2276 2137 2409 2194 tuto,
2433 2128 2485 2183 in
2516 2130 2622 2183 alto
2651 2130 2767 2183 loco
2798 2148 2811 2184 :
2837 2130 2888 2184 id
2919 2130 3056 2199 quod
3083 2129 3231 2183 initio
3258 2129 3401 2183 diee-

1838 2218 1929 2272 bat
1948 2234 1963 2271 :
1984 2217 2146 2271 Filios
2168 2219 2317 2287 genui
2338 2228 2384 2272 et
2402 2218 2616 2272 excitavi
2635 2218 2782 2286 (Isai.
2806 2221 2857 2272 1.
2874 2217 2951 2277 2).
2976 2218 3042 2272 In
3063 2220 3171 2273 loco
3192 2218 3401 2289 pingui:

1839 2307 1980 2375 quod
2023 2307 2232 2377 Moyses
2275 2307 2484 2362 dicebat
2522 2323 2537 2361 :
2576 2308 2782 2361 Terram
2824 2310 3056 2378 fluentem
3098 2309 3178 2362 lac
3215 2317 3265 2362 et
3305 2306 3403 2361 mel

1844 2398 2035 2469 (Exod.
2053 2400 2106 2454 3.
2126 2400 2203 2467 8).
2226 2398 2281 2452 2.
2309 2399 2369 2452 Et
2390 2416 2555 2468 sepem
2575 2400 2928 2468 circumposui,
2947 2410 2992 2453 et
3013 2399 3400 2453 circumvallari.

1843 2491 2028 2562 Sepem
2052 2500 2143 2545 aut
2164 2506 2369 2544 murum
2393 2490 2540 2555 dicit,
2572 2500 2662 2544 aut
2687 2490 2873 2560 legem,
2904 2497 2995 2543 aut
3023 2488 3402 2559 providentiam

1844 2599 2015 2639 suam.
2047 2583 2255 2638 Etenim
2297 2584 2379 2637 lex
2422 2584 2584 2637 tutius
2623 2598 2778 2652 quam
2809 2597 2989 2636 murus
3026 2581 3142 2636 ilios
3173 2583 3404 2636 circum-

1842 2676 2101 2745 cingebat.
2134 2673 2201 2727 Et
2238 2674 2609 2727 circunwallavi
2632 2690 2651 2737 ,'
2696 2682 2856 2726 tutam
2898 2672 3049 2741 posui
3091 2672 3403 2726 custodiam.

1844 2767 1975 2831 Quia
1997 2766 2137 2818 enim
2159 2779 2311 2833 sepes
2331 2765 2467 2818 solet
2491 2779 2610 2818 esse
2629 2772 2875 2832 superato
2904 2762 3088 2826 facilis,
3115 2761 3252 2816 aliud
3281 2762 3407 2831 ipsis

1848 2854 2147 2925 praesidium
2181 2854 2551 2924 circumposui.
2583 2853 2651 2907 Et
2676 2854 2894 2921 plantaoi
2922 2853 3113 2906 vineam
3144 2853 3317 2907 Sorec.
3350 2851 3406 2905 In

1846 2946 2157 3016 metaphora
2187 2945 2454 3014 persistit,
2485 2958 2602 3014 quae
2644 2957 2751 2998 non
2779 2953 2859 2998 est
2899 2942 2964 2997 ad
3006 2943 3211 2998 literam
3237 2942 3407 3012 expli-

1847 3037 2036 3102 canda,
2064 3034 2157 3091 sed
2182 3050 2301 3089 cum
2331 3049 2551 3104 scopum
2580 3034 2864 3103 attigimus,
2894 3033 2995 3088 hoc
3020 3033 3146 3087 satis
3171 3048 3287 3088 esse
3312 3032 3410 3087 de-

1850 3128 1959 3182 bet.
1985 3125 2149 3181 Sorec
2176 3134 2351 3180 autem
2398 3124 2485 3179 hic
2525 3124 2816 3194 significat,
2840 3137 3017 3179 veram
3037 3163 3052 3187 .
3078 3135 3409 3192 generosam,

1851 3234 1957 3274 non
1978 3217 2129 3271 malis
2146 3232 2243 3272 nec
2262 3215 2522 3270 inferioris
2538 3223 2674 3269 notae
2695 3213 3063 3284 propaginibus
3082 3214 3410 3278 instructam,

1851 3308 1944 3364 sed
1982 3307 2212 3375 probatis
2248 3315 2300 3360 et
2334 3305 2629 3375 prmcipuis.
2666 3304 2825 3359 Multa
2852 3318 3076 3373 namque
3103 3303 3288 3359 vitium
3317 3318 3414 3373 ge-

1854 3415 1978 3454 nera
2006 3406 2148 3452 sunt.
2195 3397 2263 3451 Et
2302 3397 2545 3464 (εάὶρεαυὶ
2587 3397 2763 3449 turrim
2786 3433 2802 3461 ,
2841 3404 2889 3448 et
2929 3396 3145 3449 torcular
3170 3396 3222 3448 in
3250 3395 3414 3447 medio

1854 3493 1980 3562 ejus.
2011 3489 2232 3557 Quidam
2262 3488 2447 3542 turrim
2486 3485 2896 3554 interpretantur
2926 3485 3195 3555 templum,
3226 3492 3280 3539 et
3310 3493 3416 3537 tor-

1854 3584 2002 3640 cular
2024 3583 2229 3637 altare:
2260 3580 2381 3650 quia
2412 3579 2516 3633 illic
2546 3578 2749 3632 fructus
2779 3576 2985 3631 virtutis
3009 3580 3262 3645 cujusque
3288 3588 3418 3628 con-

1856 3675 2225 3745 gregabantur,
2251 3685 2454 3726 necnon
2474 3669 2766 3724 oblationes
2788 3678 2841 3723 et
2865 3668 3049 3723 hostiae
3071 3682 3256 3723 omnes
3279 3683 3293 3720 :
3316 3680 3417 3735 ego

1857 3762 2199 3834 utique,quod
2224 3762 2400 3816 dicere
2424 3773 2709 3829 coeperam,
2740 3772 2880 3812 nunc
2905 3757 3063 3813 etiam
3084 3758 3275 3822 dicam,
3299 3756 3416 3810 Illi-

1857 3870 1999 3909 mum
2030 3867 2220 3923 nempe
2245 3850 2566 3922 metaphora:
2587 3863 2751 3919 scopo
2774 3847 3126 3903 adhibendum
3153 3860 3290 3902 esse.
3316 3844 3417 3901 Per

1858 3948 1972 4002 hac
1995 3947 2134 4002 enim
2156 3945 2332 4000 omnia
2355 3944 2455 3998 hoc
2476 3942 2774 4012 significare
2797 3941 2908 3995 vult
2936 3957 2949 3993 :
2976 3938 3103 4006 Quze
3128 3952 3244 3993 mea
3266 3945 3418 3992 erant

1857 4040 2070 4111 implevi
2097 4038 2296 4101 omnia,
2326 4050 2537 4090 omnem
2564 4033 2779 4088 exhibui
2802 4030 3145 4101 diligentiam.
3188 4028 3302 4084 Non
3332 4036 3418 4082 at-

1857 4135 1976 4190 trivi
2006 4129 2271 4185 laboribus
2292 4168 2308 4194 ,
2338 4141 2443 4181 non
2472 4124 2605 4195 fregi
2632 4121 2911 4177 sudoribus
2932 4158 2947 4186 ,
2976 4134 3081 4173 non
3117 4119 3260 4186 ipsos
3284 4116 3417 4185 jussi

1858 4223 2154 4286 aadilicare,
2193 4233 2299 4272 non
2329 4214 2543 4278 fodere,
2585 4226 2689 4267 non
2715 4212 2972 4280 plantare,
3002 4206 3094 4262 sed
3123 4206 3416 4262 absolutum

1859 4313 1985 4383 ipsis
2012 4324 2146 4380 opus
2172 4305 2381 4361 tradidi.
2420 4303 2601 4372 Neque
2624 4301 2727 4355 huc
2750 4299 2881 4354 desii
2908 4296 3278 4365 benignitatem
3320 4310 3419 4348 ex-

1860 4408 2071 4470 hibere,
2100 4402 2192 4457 sed
2217 4399 2513 4469 Exspectavi
2542 4405 2592 4449 ut
2623 4400 2807 4466 faceret
2830 4406 3008 4455 uvam,
3039 4398 3093 4443 et
3118 4388 3420 4457 exspectavi

1861 4507 2067 4567 tempus
2107 4502 2457 4563 Opportunum
2502 4496 2561 4542 ut
2603 4485 2824 4539 fructum
2869 4481 3062 4544 ferret,
3095 4480 3256 4533 multa
3294 4492 3421 4531 usus

1860 4566 2109 4657 patientia
2141 4597 2155 4636 :
2186 4581 2314 4636 illud
2343 4578 2482 4632 enim
2503 4616 2519 4642 ,
2540 4572 2867 4643 Exspectavi,
2898 4571 2949 4625 id
2978 4568 3253 4638 signiﬁcat.
3283 4566 3423 4618 Fecit

1861 4656 2024 4731 autem
2065 4676 2256 4743 spinas.
2298 4670 2682 4724 lnfructuosam
2725 4665 2932 4717 illorum
2970 4662 3129 4713 vitam
3170 4656 3418 4721 ostendit,

1861 4781 2125 4837 asperam,
2153 4764 2359 4818 duram.
2384 4761 2496 4825 Qua
2526 4770 2655 4826 ergo
2683 4754 2837 4808 venia
2862 4751 3002 4821 digni
3026 4749 3219 4804 fuerint
3244 4748 3301 4814 ii,
3331 4749 3421 4817 qui

1861 4866 1981 4927 post
2007 4863 2201 4909 tantam
2232 4850 2473 4920 agricolas
2516 4860 2717 4911 curam,
2754 4843 2885 4897 tales
2927 4844 3124 4895 fructus
3158 4841 3254 4909 ipsi
3297 4838 3420 4892 red-

1861 4947 2029 5003 dunt?
2060 4947 2114 5000 '5.
2140 4944 2203 4997 Et
2233 4958 2384 5005 nunc,
2412 4939 2557 4992 homo
2577 4935 2717 4989 Juda
2743 4944 2789 4988 et
2816 4933 3094 4987 habitantes
3116 4929 3420 4994 Jerusalem,

1855 5040 2079 5111 judicate
2105 5036 2236 5086 inter
2260 5047 2339 5084 me
2364 5039 2409 5083 et
2437 5028 2631 5082 vineam
2663 5040 2841 5078 meam.
2870 5022 3054 5091 Magna
3088 5021 3222 5090 juris
3245 5019 3420 5088 copia,

1862 5145 1983 5184 cum
2008 5128 2150 5196 ipsos
2175 5138 2294 5177 reos
2337 5119 2607 5175 constituit
2642 5116 2846 5185 judiees
2880 5114 3017 5168 inter
3052 5127 3114 5167 ea
3144 5126 3259 5182 qua:
3287 5112 3419 5181 ipse,

1863 5229 1917 5274 et
1942 5221 2075 5272 inter
2097 5231 2156 5269 ea
2187 5227 2305 5283 quae
2346 5211 2420 5265 illi
2463 5210 2716 5265 fecerunt.
2758 5204 2827 5259 Et
2865 5221 3012 5258 nunc.
3041 5202 3156 5257 Non
3184 5217 3418 5256 comme-

1865 5328 2015 5369 moro
2041 5320 2241 5373 vetera,
2270 5307 2467 5376 inquit,
2496 5303 2588 5360 sed
2615 5303 2769 5357 hodie
2801 5311 3010 5371 paratus
3033 5313 3148 5353 sum
3169 5294 3420 5366 judicium

1864 5407 2061 5461 subire.
2093 5404 2181 5457 Sic
2217 5414 2496 5467 numquam
2524 5411 2675 5451 cesso
2710 5394 2929 5463 implere
2958 5406 3095 5452 mea,
3133 5404 3225 5443 vos
3251 5396 3419 5439 vestra

1864 5513 1970 5552 non
2010 5492 2256 5562 impletis.
2298 5490 2349 5543 4.
2396 5487 2528 5555 Quid
2557 5487 2743 5556 faciam
2781 5483 2999 5552 amplius
3040 5482 3193 5533 vinea:
3220 5475 3421 5530 mete‘?

1940 5615 1955 5645 ¹
1983 5613 2100 5669 Ome
2121 5615 2397 5672 sequuntur
2420 5608 2650 5672 postth
2674 5605 2838 5672 verba,
2864 5603 2987 5672 Quid
3010 5600 3184 5665 faciam
3200 5597 3422 5672 amplius

1879 5664 2027 5740 vineti:
2052 5664 2374 5740 mewil'usque
2408 5664 2483 5718 ad.
2510 5667 2935 5740 Quid__vittoriam,
2960 5664 3085 5715 bene
3114 5664 3263 5712 multa
3280 5666 3423 5710 certe

1881 5732 2218 5786 desiderantur
2253 5733 2299 5781 iu
2328 5733 2445 5792 llcg.
2474 5738 2525 5779 ct
2549 5732 2694 5779 Sat'il.
