4156 6312
745 371 818 426 59
1459 358 1512 412 S.
1555 356 1826 412 JOANNIS
1865 356 2329 412 CllltYSOSTOllI
2369 358 2682 416 ARClllEP.
2721 362 3249 424 CONSTANTINOP.
3909 386 3984 440 (50

737 473 976 538 quoniam
998 475 1269 539 exspectavi
1297 485 1348 528 ut
1373 479 1553 544 faceret
1581 493 1743 541 uvam,
1775 478 1890 546 fecit
1915 489 2077 532 autem
2107 478 2296 546 spinas.

741 559 1004 616 Orationis
1033 573 1294 617 structura
1327 566 1534 617 videtur
1557 581 1674 619 esse
1710 567 1983 620 obscurior
2013 589 2026 623 :
2059 570 2303 637 quocirca

738 666 958 705 necesse
987 661 1066 706 est
1097 655 1236 707 illam
1263 654 1626 708 dilucidioretn
1655 656 1956 713 reddamus.
1985 660 2132 726 Quod
2154 661 2299 727 dicit,

735 742 837 794 hoc
874 741 970 794 sibi
1004 743 1112 796 vult
1145 761 1157 797 :
1187 743 1320 810 Quid
1363 745 1637 813 Oportebat
1683 748 1870 812 facere,
1918 757 1972 802 et
2013 765 2114 804 non
2160 750 2304 804 feci?

732 831 1027 896 Nimirum,
1061 843 1116 886 ut
1145 834 1265 886 talia
1309 845 1519 902 peccata
1549 837 1909 892 admitterent.
1954 838 2089 906 Quid
2123 851 2301 896 autem

734 923 966 991 objiccre
997 923 1258 991 possunt?
1287 939 1352 978 an
1383 926 1520 994 quod
1551 927 1864 997 quibusdam
1908 932 2297 998 praetermissis,

730 1014 829 1081 ipsi
858 1015 938 1067 sic
965 1013 1324 1083 deliquerint?
1357 1017 1489 1083 Quid
1519 1019 1700 1086 faciam
1733 1019 1865 1071 ultra
1889 1021 2045 1074 vinea:
2071 1039 2224 1088 ntere,
2254 1034 2298 1077 et

729 1121 826 1158 non
871 1105 967 1173 feci
995 1105 1138 1173 ipsi?
1182 1105 1308 1173 Qua:
1349 1107 1476 1174 feci,
1521 1109 1726 1178 inquit,
1776 1109 1889 1165 haec
1917 1121 2038 1166 sunt
2070 1132 2081 1166 :
2117 1129 2297 1168 verum

722 1197 832 1261 jam
865 1195 1014 1252 factis
1049 1213 1152 1251 non
1179 1209 1459 1254 contentus
1493 1215 1630 1268 sum,
1675 1217 1845 1272 neque
1883 1205 2000 1260 dico
2025 1221 2110 1261 me
2136 1209 2297 1262 multa

724 1287 980 1342 beneficia
1027 1290 1315 1345 contulisse
1360 1309 1374 1345 :
1420 1291 1513 1345 sed
1550 1293 1595 1345 si
1641 1309 1745 1347 non
1788 1297 1962 1350 omnia
2004 1298 2135 1363 feci,
2179 1310 2298 1367 post

725 1392 841 1442 qua:
887 1377 1015 1432 nihil
1053 1380 1350 1434 faciendum
1395 1382 1825 1451 relinquebatur,
1862 1387 1914 1440 id
1951 1403 2080 1457 rogo
2109 1389 2296 1444 dicatis

725 1468 886 1534 mihi,
927 1485 1023 1524 vos
1066 1472 1155 1538 qui
1196 1471 1308 1524 haec
1350 1476 1696 1543 consequuti,
1737 1488 1787 1532 et
1830 1487 2100 1547 gestorum
2131 1488 2294 1536 testes

722 1561 870 1626 estis,
915 1578 980 1616 ex
1021 1564 1345 1631 experientia
1387 1567 1499 1620 haec
1536 1566 1817 1636 didicistis,
1857 1586 1964 1625 non
2003 1571 2202 1628 alienos
2243 1582 2296 1628 et

722 1653 1032 1722 peregrinos
1056 1655 1342 1725 interrogo.
1371 1659 1423 1710 5.
1453 1658 1600 1712 Nunc
1623 1669 1787 1714 autem
1807 1662 2113 1716 annuntiabo
2137 1664 2291 1729 vobis,

722 1743 843 1808 quid
881 1745 1064 1812 faciqm
1110 1747 1262 1799 vinea:
1302 1763 1443 1801 mere.
1490 1748 1623 1815 Quia
1667 1751 1941 1807 victoriam
1983 1755 2290 1824 reportavit,

723 1832 1092 1904 ingratumque
1115 1835 1324 1890 illorum
1353 1838 1586 1892 animum
1612 1839 2011 1911 demonstravit,
2049 1853 2172 1899 tunc
2199 1845 2291 1900 de-

722 1937 866 1976 mum
893 1925 1093 1992 profert
1129 1929 1467 1992 sententiam,
1509 1937 1562 1983 et
1601 1945 1718 1999 qua:
1757 1933 1992 1988 facturus
2033 1935 2101 1988 sit
2141 1935 2286 2002 dicit,

724 2029 831 2067 non
857 2025 910 2068 ut
937 2016 1276 2086 condemnet,
1306 2019 1400 2075 sed
1423 2030 1479 2075 ut
1500 2037 1566 2076 ex
1601 2032 1745 2078 metu
1769 2040 1861 2094 per
1883 2027 2052 2082 minas
2079 2029 2293 2086 incusso

723 2104 1107 2161 moderatiores
1148 2109 1354 2163 reddat.
1396 2111 1636 2179 Auferam
1677 2131 1844 2185 sepem
1873 2118 2000 2187 ejus,
2042 2129 2088 2173 et
2124 2121 2216 2174 erit
2239 2122 2292 2176 in

721 2193 1048 2261 direptionem
1080 2214 1097 2250 :
1124 2209 1169 2250 et
1205 2199 1455 2254 destruam
1485 2219 1684 2257 murum
1713 2207 1848 2276 ejus,
1879 2219 1928 2262 et
1956 2211 2050 2264 erit
2090 2212 2142 2264 in
2167 2227 2291 2266 con-

719 2286 1068 2341 culcationem.

795 2375 847 2427 3.
890 2375 1160 2443 Auferam,
1196 2380 1382 2448 inquit,
1414 2384 1663 2439 auxilium
1688 2403 1886 2454 meum,
1915 2392 2162 2459 praesidio
2186 2409 2288 2449 nu-

719 2465 877 2530 dabo,
906 2467 991 2519 tali
1027 2469 1352 2536 providentia
1382 2488 1573 2528 vacuos
1594 2476 1831 2545 reddam,
1863 2489 1918 2534 et
1945 2480 2288 2538 adversorum

713 2559 1046 2629 experientia
1068 2562 1256 2630 scient,
1281 2568 1489 2634 quantis
1509 2577 1632 2624 ante
1650 2569 1803 2626 bonis
1825 2571 2143 2640 fruerentur,
2168 2590 2292 2635 cum

715 2649 912 2703 fuerint
949 2652 1192 2708 omnibus
1212 2654 1277 2709 ad
1298 2655 1646 2726 direptionem
1670 2664 1914 2733 expositi.
1943 2666 1995 2721 6.
2021 2667 2086 2720 Et
2117 2670 2288 2724 dimit-

716 2749 819 2792 tam
859 2742 1050 2794 vineam
1089 2761 1282 2812 meam,
1315 2756 1360 2800 et
1401 2765 1500 2802 non
1539 2753 1825 2819 putabitur,
1864 2773 2020 2830 neque
2046 2761 2283 2826 fodietur.

715 2829 919 2886 Rursus
959 2833 1076 2888 dico
1099 2875 1114 2902 ,
1155 2850 1276 2890 eum
1312 2841 1620 2909 metaphora
1650 2845 1744 2899 uti.
1792 2845 1846 2902 Si
1885 2829 2002 2918 quis
2029 2862 2201 2909 tamen
2233 2856 2285 2911 id

714 2922 1009 2976 accuratius
1042 2925 1317 2993 explorare
1362 2929 1617 2998 voluerit,
1666 2935 1732 2990 de
1766 2937 2021 2995 doctrina:
2049 2953 2103 2996 et
2132 2960 2286 2999 man-

712 3010 956 3065 datorum
988 3014 1341 3073 sollicitudine
1371 3020 1617 3089 loquitur.
1649 3024 1764 3079 Non
1792 3029 1932 3083 enim
1964 3032 2150 3087 iisdem
2179 3035 2285 3089 fru-

713 3113 870 3156 entur
916 3105 1106 3173 quibus
1151 3116 1327 3175 antea,
1380 3127 1483 3165 non
1529 3113 1778 3172 doctores
1823 3118 2124 3190 habebunt,
2177 3142 2283 3182 non

712 3188 1000 3264 principes,
1034 3212 1140 3251 non
1171 3199 1454 3269 prophetas
1481 3203 1615 3260 sicut
1643 3207 1792 3277 olim,
1823 3212 1914 3279 qui
1945 3213 2087 3282 ipsos
2111 3188 2281 3271 corri-

711 3295 872 3354 gant,
925 3288 1011 3356 qui
1058 3290 1290 3359 ipsorum
1333 3309 1515 3349 curam
1560 3309 1763 3366 gerant.
1818 3302 1968 3358 Sicut
2007 3307 2146 3360 enim
2193 3311 2279 3378 qui

709 3377 893 3432 vineas
923 3381 1121 3448 colunt,
1156 3383 1380 3453 fodiunt,
1413 3397 1615 3455 putant,
1646 3392 1722 3446 sic
1750 3395 1837 3463 qui
1864 3397 2066 3454 animas
2092 3377 2276 3456 emen-

710 3466 858 3531 dant,
882 3471 1288 3539 comminantur,
1312 3485 1596 3541 exterrent,
1617 3481 1830 3548 docent,
1853 3489 2271 3555 reprehendunt:

707 3573 890 3614 verum
924 3562 987 3615 iis
1016 3562 1249 3619 destituti
1278 3579 1464 3637 erunt,
1504 3571 1704 3642 inquit,
1735 3577 1786 3631 iu
1810 3579 2035 3634 alienam
2066 3583 2278 3640 abducti

709 3661 924 3705 terram.
974 3653 1036 3706 Et
1067 3659 1294 3711 ascendet
1325 3678 1413 3729 per
1447 3679 1556 3716 eam
1575 3707 1587 3729 ,
1615 3669 1760 3734 quasi
1789 3687 1879 3739 per
1916 3673 2156 3729 incultam
2183 3688 2279 3731 ter-

705 3758 848 3808 ram,
879 3745 1025 3810 spina
1054 3761 1072 3798 :
1101 3757 1147 3801 et
1185 3751 1394 3805 nubibus
1433 3757 1713 3825 mandabo,
1760 3777 1821 3813 ne
1856 3764 2036 3833 pluunt
2077 3768 2129 3820 in
2167 3785 2277 3823 eam

705 3833 931 3888 imbrem.
961 3839 1065 3890 Aut
1093 3837 1472 3897 desolationem
1503 3847 1645 3903 urbis
1677 3864 1967 3920 memorat,
1999 3867 2086 3911 aut
2116 3859 2276 3914 deso-

706 3923 958 3980 lationem
1008 3943 1189 3985 eorum
1238 3942 1291 3987 et
1335 3936 1746 4010 uniuscujusque
1806 3946 1996 4002 anima:
2043 3966 2268 4019 eorum;

705 4019 875 4073 nubes
901 4030 1075 4075 autem
1099 4023 1184 4078 hic
1209 4026 1421 4095 quidam
1443 4029 1625 4085 dicunt
1652 4049 1770 4089 esse
1797 4040 2100 4108 prophetas,
2123 4046 2276 4114 quip-

705 4123 772 4177 pe
800 4111 889 4178 qui
919 4110 1148 4178 pluviam
1177 4114 1407 4185 desuper
1447 4121 1780 4191 aceiperent,
1813 4137 1867 4181 et
1896 4130 1995 4184 sibi
2040 4110 2174 4187 dicta
2207 4110 2272 4190 ad

707 4203 962 4269 p0pulum
991 4207 1431 4263 transmitterent.
1463 4211 1657 4268 Verum
1702 4232 1769 4270 ne
1810 4219 1860 4272 hi
1903 4223 2116 4290 quidem
2155 4241 2272 4296 quae

704 4305 1090 4350 consueverant
1133 4297 1344 4353 facient.
1390 4303 1607 4360 Etiamsi
1651 4311 1790 4362 enim
1837 4327 1972 4367 unus
2015 4316 2097 4370 vel
2141 4319 2273 4373 alter

706 4383 965 4452 propheta
990 4401 1109 4440 cum
1135 4389 1261 4456 ipsis
1277 4395 1665 4462 commigrarat,
1691 4401 2064 4470 prophetarum
2094 4417 2268 4464 tamen

707 4475 855 4530 turba
887 4485 1012 4532 tunc
1040 4479 1246 4534 silebat.
1278 4483 1326 4535 7.
1362 4482 1517 4538 Vinea
1541 4489 1670 4541 enim
1698 4489 1904 4547 Domini
1931 4497 2152 4552 Sabaoth
2179 4503 2271 4555 do-

701 4582 812 4620 mus
839 4565 1005 4620 Israel
1028 4579 1118 4632 est,
1149 4580 1198 4623 et
1225 4573 1372 4625 homo
1400 4575 1538 4629 Juda
1563 4579 1759 4633 novella
1785 4582 2031 4650 plantatio
2060 4591 2266 4644 dilecta.

711 4656 998 4726 Exspectavi
1019 4700 1035 4723 ,
1067 4669 1118 4712 ut
1146 4661 1330 4730 faceret
1361 4666 1613 4734 judicium
1632 4712 1644 4733 ,
1690 4674 1806 4741 fecit
1845 4685 2011 4729 autent
2037 4679 2270 4749 iniquita-

700 4757 818 4809 tem,
847 4762 893 4803 et
926 4769 1025 4808 non
1040 4756 1323 4825 justitiam,
1366 4762 1454 4813 sed
1495 4762 1783 4819 clamorem.
1816 4768 2071 4835 Quoniam
2106 4777 2268 4831 multa

702 4841 972 4897 nominum
1000 4848 1306 4915 metaphora
1339 4868 1463 4907 usus
1489 4864 1588 4920 est,
1623 4859 1862 4924 vineam,
1908 4865 2122 4930 turrim,
2158 4877 2269 4922 tor-

697 4930 866 4995 cular,
908 4948 1085 5002 sepem
1105 4979 1118 5000 ,
1151 4937 1432 4996 fossionem
1451 4985 1468 5008 ,
1498 4954 1551 4998 et
1583 4950 1903 5014 putationem
1934 4956 2099 5010 vinea:
2125 4973 2270 5013 COlll-

697 5037 1032 5088 memorans;
1065 5043 1132 5081 ne
1174 5031 1290 5097 quis
1334 5033 1688 5102 insipientium
1727 5041 1796 5095 de
1824 5043 1972 5097 vinea
2024 5048 2136 5103 haec
2165 5051 2265 5106 dici

697 5122 935 5178 putaret,
969 5117 1068 5172 sub
1098 5119 1253 5173 linem
1285 5135 1501 5190 repente
1545 5136 1706 5182 totum
1751 5132 2122 5202 interpretatus
2162 5151 2261 5195 est.

705 5201 860 5256 Vmea
896 5208 1027 5260 enim
1071 5208 1277 5264 Domini
1318 5215 1541 5270 Sabaoth
1586 5220 1761 5275 domus
1806 5225 1970 5280 Israel
2011 5241 2101 5283 est.
2151 5232 2262 5288 Non

695 5299 834 5349 enim
862 5299 927 5353 de
957 5301 1148 5368 plantis
1174 5307 1301 5359 mihi
1344 5324 1520 5362 sermo
1546 5323 1646 5376 est,
1684 5332 1850 5384 neque
1875 5320 1942 5373 de
1973 5333 2153 5377 natura
2186 5326 2256 5378 in-

693 5388 922 5444 animata
952 5391 1048 5463 (a),
1077 5411 1245 5464 neque
1271 5398 1336 5451 de
1368 5400 1624 5470 lapidibus
1651 5417 1700 5458 et
1731 5410 1892 5463 muris
1917 5427 1930 5474 ;
1964 5414 2053 5465 sed
2081 5415 2144 5468 de
2172 5431 2265 5484 po-

757 5646 830 5718 (uj
866 5647 923 5726 lu
941 5655 1118 5726 Griecq,
1142 5666 1220 5714 up
1241 5667 1539 5726 pllege-tals:
1566 5659 1635 5707 Ad
1662 5659 1845 5710 literam
1889 5674 1979 5724 est,
2023 5669 2082 5716 de
2104 5670 2264 5721 anima

995 5705 1466 5796 qualem'esse'dicit'
1492 5705 1850 5784 Chrysostomus
1879 5705 2082 5779 anitnam

694 5767 874 5817 tantem
899 5772 944 5818 in
971 5767 1166 5834 plantis.

2417 479 2538 547 pulo
2568 491 2765 536 nostro.
2820 484 2938 540 Ideo
2977 487 3278 558 subjunxit,
3321 489 3388 544 Et
3426 491 3574 545 homo
3605 492 3750 546 Juda
3786 492 3984 546 novella

2414 571 2657 638 plantatio
2699 576 2878 630 dilecta
2908 595 2927 632 :
2968 581 3088 649 quia
3127 583 3328 637 scilicet
3371 583 3504 638 Juda
3552 584 3670 654 plus
3717 582 3995 638 obtineret

2411 679 2564 732 quam
2611 678 2816 723 etetcrte
2863 672 3032 726 tribus
3071 691 3084 726 :
3129 684 3348 745 eratque
3391 677 3498 731 illic
3544 692 3576 731 e
3605 677 3777 732 vicino
3816 679 3982 734 situm

2410 754 2660 822 templum
2680 797 2695 822 ,
2726 769 2778 812 et
2805 761 3041 830 reliquus
3077 765 3248 818 cultus
3284 783 3296 818 :
3323 775 3481 836 atque
3510 767 3597 820 illa
3629 767 3792 837 magis
3816 783 3982 836 quam

2407 852 2615 898 caztera:
2634 861 2818 902 omnes
2837 849 3075 917 florebat,
3099 852 3165 906 ad
3187 853 3487 924 regiamque
3507 857 3672 926 magis
3693 857 3980 919 accedens,

2406 936 2673 999 potentior
2696 949 2825 993 erat.
2850 941 3104 996 Dilectum
3130 953 3303 998 autem
3325 945 3474 1011 dixit,
3503 962 3683 1001 rursus
3714 948 3830 1001 illos
3853 963 3980 1016 per-

2405 1022 2691 1092 stringens.
2720 1030 2856 1095 quod
2890 1032 3021 1086 tales
3045 1047 3167 1101 erga
3193 1049 3250 1088 se
3275 1035 3425 1089 valde
3453 1046 3715 1090 amantem
3740 1053 3855 1091 sese
3881 1054 3982 1091 ex-

2404 1109 2715 1170 hibuissent.
2747 1119 2821 1174 Ea
2848 1125 3040 1192 quippe
3063 1126 3147 1180 lex
3175 1135 3256 1180 est
3282 1127 3627 1196 diligentium,
3651 1145 3718 1184 ne
3743 1130 3793 1184 in
3822 1129 3980 1185 obla-

2404 1205 2472 1260 tis
2502 1209 2712 1276 quidem
2752 1213 3205 1273 criminationibus
3251 1235 3495 1289 magnum
3537 1236 3689 1274 suum
3734 1238 3979 1278 amorem

2403 1298 2686 1355 occultare.
2717 1302 2849 1358 [line
2877 1306 3014 1360 aliud
3043 1309 3309 1378 quidpiam
3341 1325 3442 1365 non
3473 1312 3828 1380 spernendum
3855 1315 3979 1370 edi-

2401 1388 2618 1443 scimus.
2645 1390 2809 1458 Quale
2833 1393 3003 1449 illud?
3027 1397 3226 1467 Nempe
3245 1402 3455 1470 quando
3474 1414 3526 1456 et
3546 1419 3663 1472 quae
3684 1403 3980 1473 Scriptura:

2402 1479 2518 1534 loca
2567 1482 2850 1554 allegorice
2897 1487 3233 1558 interpretari
3279 1503 3558 1563 oporteat:
3591 1510 3763 1565 neque
3807 1513 3979 1566 penes

2401 1581 2632 1628 nostram
2663 1590 2780 1630 esse
2823 1577 3124 1635 facultatem
3153 1582 3248 1636 has
3276 1582 3417 1652 leges
3456 1600 3554 1653 pro
3595 1587 3760 1642 lubito
3797 1588 3976 1656 expli-

2400 1675 2556 1729 care,
2593 1665 2686 1719 sed
2717 1667 2882 1736 ipsam
2922 1669 3204 1739 Scriptum
3245 1684 3476 1727 mentem
3520 1677 3668 1743 sequi
3698 1689 3974 1745 oportere,

2400 1750 2578 1819 sicque
2604 1754 2852 1825 allegoria
2883 1760 2976 1813 uti.
3017 1760 3168 1826 Quod
3196 1772 3372 1817 autem
3397 1762 3538 1828 dico,
3568 1765 3644 1818 sic
3671 1765 3976 1834 intelligen-

2398 1841 2542 1896 dum.
2571 1844 2841 1917 Scriptura
2868 1867 3007 1907 nunc
3030 1854 3234 1908 vineam
3266 1855 3418 1922 dixit,
3461 1871 3663 1925 sepem,
3700 1859 3973 1913 torcular:

2399 1948 2498 1988 nec
2525 1949 2686 2004 penes
2713 1939 3006 1996 auditorem
3037 1943 3279 2013 reliquit,
3309 1955 3366 1999 ut
3395 1961 3488 2015 pro
3517 1947 3680 2001 lubito
3711 1948 3824 2003 haec
3850 1952 3974 2018 qui-

2398 2020 2619 2079 busdam
2643 2027 2802 2083 rebus
2831 2039 2923 2084 aut
2949 2035 3187 2100 personis
3212 2043 3452 2103 aptaret;
3494 2038 3587 2092 sed
3617 2039 3667 2092 in
3695 2041 3974 2108 sequenti-

2398 2111 2497 2168 bus
2522 2129 2640 2171 sese
2669 2118 3009 2189 interpretata
3038 2134 3119 2177 est
3157 2125 3339 2180 dicens
3364 2143 3378 2182 :
3411 2127 3566 2181 Vinea
3594 2130 3727 2182 enim
3761 2129 3974 2184 Domini

2398 2205 2624 2261 Sabaoth
2667 2209 2845 2266 domus
2887 2213 3056 2269 Israel
3100 2229 3170 2270 est
3215 2217 3436 2287 (Ezech.
3464 2220 3548 2274 l7.
3583 2221 3676 2289 5).
3719 2221 3972 2278 Ezechiel

2395 2311 2524 2351 vero
2569 2315 2815 2368 rursum,
2865 2319 2983 2358 cum
3026 2307 3255 2376 aquilam
3302 2324 3544 2380 magnam
3575 2320 3630 2366 et
3654 2328 3973 2382 magnarum

2393 2388 2599 2445 alarum
2621 2393 3000 2462 ingredientem
3029 2398 3080 2452 in
3109 2399 3388 2468 Libanum,
3410 2412 3464 2456 et
3482 2405 3799 2473 avellentem
3825 2419 3975 2458 Sum-

2396 2492 2540 2532 mum
2568 2483 2818 2536 verticem
2843 2485 2988 2539 cedri
3024 2499 3435 2556 commemorat,
3468 2508 3570 2546 non
3601 2493 3854 2563 relinquit
3881 2509 3973 2562 pe-

2393 2579 2490 2621 nes
2517 2568 2795 2625 arbitrium
2833 2573 3130 2630 auditorum
3161 2577 3314 2648 hujus
3351 2581 3616 2650 allegoria:
3645 2583 3973 2652 interpreta-

2397 2658 2631 2724 tionem;
2662 2660 2755 2715 sed
2783 2664 3013 2732 explicat
3041 2666 3146 2733 ille,
3178 2683 3333 2737 quam
3359 2671 3588 2739 aquilam
3612 2670 3782 2738 dicat,
3810 2690 3971 2742 quam

2391 2745 2632 2800 cedrum.
2674 2748 2742 2804 Et
2788 2751 2873 2806 hic
2901 2768 3107 2809 rursum
3140 2756 3189 2809 in
3221 2760 3594 2827 sequentibus,
3629 2761 3716 2815 ubi
3747 2762 3969 2817 uvium

2392 2837 2673 2904 quemdam
2705 2840 2993 2898 violentum
3038 2846 3237 2901 inducit
3281 2849 3332 2901 in
3378 2849 3635 2918 Judazam,
3682 2867 3752 2906 ne
3782 2855 3970 2907 liceret

2390 2927 2613 2982 auditori
2638 2931 2802 2984 cuivis
2827 2947 3068 3000 personae
3097 2951 3192 3004 pro
3216 2937 3436 2993 arbitrio
3461 2939 3575 2994 haec
3601 2951 3811 3010 aptare,
3832 2942 3969 2996 dixit

2388 3031 2566 3085 regem
2598 3034 2717 3074 esse
2742 3036 2863 3075 eum
2886 3064 2900 3087 ,
2931 3040 3086 3092 quem
3115 3027 3328 3081 uvium
3358 3033 3681 3087 nominasset
3711 3034 3876 3105 (lsai.
3908 3036 3966 3091 8.

2389 3106 2421 3159 7
2448 3107 2487 3174 ).
2514 3106 2636 3162 Haac
2661 3125 2788 3164 vero
2813 3113 2894 3165 lex
2924 3115 3118 3182 ubique
3147 3118 3380 3172 locorum
3407 3122 3459 3174 in
3483 3122 3758 3190 Scriptura
3784 3140 3969 3180 serva-

2390 3203 2496 3261 tur,
2528 3209 2586 3251 ut
2613 3214 2731 3253 cum
2759 3203 3038 3272 allegorice
3065 3206 3317 3276 loquitur,
3346 3212 3612 3280 allegoriae
3643 3215 3970 3285 interpreta

2390 3287 2588 3342 tionem
2629 3289 2851 3354 afl'erat,
2894 3303 2949 3348 ut
2992 3312 3058 3350 ne
3105 3313 3286 3352 eorum
3327 3302 3415 3370 qui
3453 3303 3734 3372 allegorias
3787 3318 3970 3362 amant

2387 3378 2608 3445 cupidus
2639 3382 2845 3436 animus
2878 3394 3074 3441 temere
3103 3400 3155 3442 et
3195 3390 3412 3446 fortuito
3451 3404 3594 3449 erret
3623 3406 3678 3450 et
3703 3413 3969 3466 quocum-

2387 3483 2490 3536 que
2516 3470 2732 3527 feratur.
2769 3473 2836 3527 Et
2863 3477 2988 3544 quid
3015 3480 3242 3547 miraris,
3275 3484 3318 3536 si
3351 3485 3400 3537 id
3433 3487 3705 3554 propheta:
3732 3489 3970 3545 faciant?

2387 3558 2795 3618 Proverbiorum
2839 3578 2984 3623 certe
3030 3581 3213 3626 auctor
3259 3575 3307 3627 id
3350 3576 3615 3633 observat.
3649 3581 3781 3634 Cum
3822 3585 3968 3638 enim

2385 3651 2607 3707 dixisset
2637 3671 2648 3707 :
2680 3655 2861 3712 Cervus
2887 3662 3149 3728 amicitiae,
3184 3676 3228 3718 et
3257 3668 3428 3735 pullus
3454 3673 3733 3738 gratiarum
3762 3684 3969 3727 tuarum

2383 3757 2697 3800 conversetur
2723 3758 2884 3803 tecum
2912 3768 2930 3806 :
2954 3764 3000 3806 et
3045 3756 3157 3823 fons
3184 3775 3328 3825 aqua:
3367 3771 3466 3813 tute
3506 3763 3593 3814 tibi
3637 3763 3734 3816 soli
3778 3767 3845 3818 sit
3885 3768 3970 3836 (a)

2381 3836 2564 3906 (Prov.
2579 3839 2759 3909 5.19):
2781 3842 3155 3913 interpretatus
3175 3858 3275 3916 est,
3292 3865 3387 3904 cur
3405 3851 3516 3905 hzec
3531 3853 3754 3918 diceret,
3771 3872 3970 3926 nempe

2384 3933 2452 3987 de
2482 3948 2645 3988 uxore
2685 3934 2914 4004 legitima
2954 3948 3006 3993 et
3033 3940 3217 4006 libera,
3336 3954 3598 4000 averteret
3627 3961 3655 3999 a
3681 3951 3969 4005 meretrice

2381 4034 2434 4077 et
2460 4025 2649 4079 aliena.
2695 4027 2814 4082 Pari
2844 4029 3000 4083 modo
3039 4031 3125 4085 hic
3163 4033 3446 4102 explicavit
3493 4035 3593 4090 hoc
3634 4038 3774 4102 loco,
3802 4057 3967 4109 quam

2380 4114 2581 4172 diceret
2625 4135 2744 4174 esse
2784 4122 3012 4174 vineam.
3072 4123 3272 4179 Deinde
3313 4140 3433 4179 cum
3491 4142 3678 4182 eorum
3733 4131 3967 4187 crimina

2381 4208 2725 4276 enuntiasset,
2770 4213 3134 4282 suppliciaque
3158 4214 3398 4280 dixisset,
3439 4232 3622 4272 rursus
3648 4220 3700 4274 in
3733 4221 3840 4276 line
3867 4224 3967 4277 de-

2379 4296 2672 4354 fensionem
2705 4312 2856 4371 parat
2896 4303 3076 4357 dicens
3107 4321 3120 4357 :
3151 4304 3450 4376 Exspectavi
3472 4351 3486 4373 ,
3515 4320 3570 4362 ut
3599 4312 3788 4378 faceret
3810 4316 3962 4384 judi-

2379 4387 2511 4439 cium
2537 4429 2550 4450 ,
2596 4390 2712 4457 fecit
2755 4401 2921 4446 autem
2963 4394 3275 4464 iniquitatem
3298 4437 3311 4459 ,
3348 4408 3393 4449 et
3421 4415 3520 4451 non
3540 4401 3798 4468 justitiam
3818 4445 3834 4468 ,
3876 4407 3965 4459 sed

2376 4479 2666 4533 clamorem.
2695 4480 2845 4537 Juste
2871 4524 2888 4548 ,
2922 4484 3128 4552 inquit,
3158 4501 3367 4554 pmnam
3413 4490 3586 4560 exigo.
3637 4491 3962 4563 Exspectari

2377 4569 2539 4633 enim,
2573 4569 2640 4624 Ut
2664 4571 2845 4639 faceret
2862 4574 3136 4643 judicium,
3168 4577 3218 4630 id
3249 4587 3348 4642 est,
3374 4578 3630 4646 justitiam
3657 4600 3670 4647 ;
3709 4584 3810 4652 ipsi
3835 4603 3964 4640 vero

2375 4662 2638 4714 contraria
2689 4662 3082 4730 exhibueruut,
3131 4667 3498 4736 iniquitatem,
3544 4670 3860 4739 injustitiam
3908 4689 3962 4733 et

2376 4747 2681 4804 clamorem.
2729 4752 3026 4808 Clamorem
3073 4756 3157 4810 hic
3195 4768 3347 4812 vocat
3383 4762 3694 4831 acquirendi
3751 4771 3960 4837 cupidi-

2377 4845 2562 4904 tatem,
2607 4840 2856 4908 injustam
2899 4843 3152 4909 furorem,
3195 4848 3608 4906 irrationabilem
3656 4855 3811 4923 iram,
3856 4876 3959 4929 pu-

2374 4945 2524 4997 gnas,
2556 4934 2938 4990 contentiones.
2984 4937 3036 4992 8.
3077 4938 3159 4992 Va:
3193 4942 3276 5006 qui
3313 4945 3627 5014 conjungunl
3657 4949 3866 5003 domum
3889 4955 3960 5006 ad

2374 5022 2612 5087 domum,
2639 5042 2817 5095 agrum
2841 5029 2908 5081 ad
2948 5046 3124 5099 agrum
3155 5043 3403 5102 aptantes,
3446 5047 3498 5089 ut
3536 5054 3566 5090 a
3601 5043 3836 5107 proximo
3863 5062 3940 5097 au-

2373 5115 2539 5182 ferant
2569 5117 2776 5185 aliquid.
2810 5118 2941 5172 Cum
2965 5121 3187 5175 dixisset
3215 5124 3383 5191 ipsum
3411 5127 3699 5183 clamorem
3737 5132 3949 5196 fecisse,

2374 5202 2424 5255 id
2462 5213 2544 5256 est
2585 5208 2891 5274 acquirendi
2935 5210 3308 5277 cupiditatem,
3353 5225 3405 5267 et
3445 5218 3692 5284 rapinas,
3738 5223 3954 5290 subjicit

2375 5295 2663 5363 iniquitatis
2689 5299 2919 5364 speciem
2951 5301 3110 5353 multa
3140 5303 3345 5370 plenam
3374 5308 3603 5374 nequitia
3628 5326 3642 5374 ;
3677 5326 3740 5364 ac
3768 5330 3952 5368 rursus

2371 5401 2397 5436 a
2434 5385 2676 5440 lamentis
2717 5389 2918 5442 initium
2959 5391 3119 5455 ducit,
3159 5395 3568 5462 magnitudinem
3605 5412 3948 5466 peccatorum

2370 5475 2652 5529 ostendens
2681 5511 2700 5541 ,
2740 5493 2934 5548 eosque
2978 5481 3245 5538 insinuans
3287 5485 3373 5554 qui
3420 5486 3696 5542 incurabili
3757 5496 3949 5548 morbo

2372 5566 2695 5621 laborabant.

2433 5678 2504 5737 (a)
2539 5685 2646 5726 Haec
2668 5692 2759 5726 non
2805 5683 2866 5748 ita
2906 5680 3134 5748 leguntur
3179 5687 3223 5732 in
3258 5685 3379 5748 libro
3401 5690 3766 5741 Proverbiorum
3793 5697 3839 5744 5.
3873 5699 3947 5748 19.

2370 5739 2440 5809 sic
2463 5747 2623 5787 autern
2643 5741 2914 5819 smjienstilet
2927 5739 3290 5815 Chrysostomus
3304 5747 3404 5797 loca
3422 5753 3676 5819 Scriptura).
3692 5739 3788 5802 alio
3803 5739 3944 5819 quani

2366 5801 2553 5858 jaerarit
2579 5803 2716 5852 modo
2740 5803 2934 5864 atl'erre,
2954 5801 3064 5868 quia
3089 5820 3266 5870 nempe
3287 5801 3568 5863 memoriter
3590 5801 3850 5869 adurebat:
