4130 6312
511 312 580 367 61
1275 301 1331 357 S.
1371 299 1652 355 JUANNIS
1681 300 2162 360 CHRYSOSTOMI
2190 304 2505 364 ARCHIEP.
2542 307 3082 366 CONSTANTINOP.
3857 305 3931 360 62

576 417 641 470 δ’.
667 416 848 471 ταῦτα
872 417 927 470 δὲ
953 418 1046 471 καὶ
1083 417 1177 470 νῦν
1215 416 1534 486 τολμώμενα
1561 417 1655 470 ίδοι
1678 434 1762 480 τις
1808 418 1873 470 ἂν
1891 420 2039 490 παρὰ
2057 420 2164 472 τῶν

505 510 690 572 κακῶς
715 509 792 580 τῷ
828 505 1040 578 πλούτῳ
1073 508 1445 577 κεχρημένων,
1480 509 1530 560 οἳ
1555 507 1654 570 τὰς
1690 510 2013 577 γειτνιάσεις
2039 514 2164 563 ἐπι-

504 595 746 657 νοοῦσιν,
782 594 882 646 ούκ
927 595 1008 656 εἰς
1061 593 1355 660 ἀσφάλειαν
1380 631 1394 654 ,
1434 592 1550 644 ἀλλ’
1584 595 1663 656 εἰς
1718 594 2010 664 ἐπιϐουλὴν
2055 598 2163 648 τῶν

507 683 752 753 πλησίον,
787 682 1034 751 καθάπερ
1064 680 1174 751 πῦρ
1204 679 1308 750 όδῷ
1338 680 1570 750 βαδίζον,
1600 681 1741 734 οὕτω
1774 684 1898 745 τοὺς
1939 687 2003 737 ἐκ
2049 703 2164 752 γει-

503 768 673 822 τόνων
709 769 913 830 πάντας
957 766 1355 837 ἐπινεμόμενοι.
1402 767 1496 834 Μὴ
1547 766 1823 832 οἰκήσετε
1861 771 2032 838 μόνοι
2066 772 2164 824 ἐπὶ

505 853 616 921 τῆς
639 851 781 922 γῆς;
810 853 1098 919 Ἠκούσθη
1132 853 1243 921 γὰρ
1270 851 1387 905 νῦν
1417 855 1504 917 εἰς
1532 853 1606 908 τὰ
1642 848 1760 906 ὦτα
1802 856 2023 921 Κυρίου
2058 859 2169 909 Σα-

506 938 660 994 ϐαὼθ
703 939 907 993 ταῦτα.
958 939 1236 992 Δείκνυσιν
1262 939 1492 1010 ἀνόνητα
1549 941 1854 1011 κάμνοντας
1897 943 1989 995 καὶ
2040 943 2167 1014 εἰκῆ

506 1025 600 1078 καὶ
641 1025 836 1094 μάτην.
886 1025 1099 1096 Ἐπειδὴ
1164 1026 1270 1097 γὰρ
1318 1027 1415 1095 οὐχ
1446 1025 1618 1090 οὕτως
1680 1029 1735 1080 αἰ
1781 1028 2029 1093 κολάσεις
2075 1032 2169 1082 καὶ

505 1114 560 1164 αἱ
611 1113 870 1183 τιμωρίαι
902 1113 1027 1175 τοὺς
1065 1111 1334 1176 τοιούτους
1371 1113 1594 1181 ἀγαγεῖν
1654 1113 1934 1179 εἰώθασιν,
1988 1116 2064 1178 ὡς
2108 1117 2169 1168 τὸ

509 1198 699 1266 μαθεῖν
734 1199 1010 1268 ἀκριϐῶς,
1060 1199 1141 1252 ὅτι
1183 1199 1282 1252 οὐκ
1328 1200 1722 1254 ἀπολαύσονται
1755 1202 1852 1271 τῆς
1893 1203 2164 1272 ἁρπαγῆς,

504 1285 708 1354 ταύτην
738 1287 920 1347 αὐτοῖς
959 1284 1150 1353 ἐπάγει
1182 1285 1280 1355 τὴν
1311 1286 1556 1357 ἀπειλὴν,
1589 1286 1780 1355 λέγων,
1816 1289 1896 1341 ὅτι
1926 1288 2168 1358 καμοῦν-

505 1387 596 1424 ται
627 1372 724 1441 μὲν
751 1372 842 1424 καὶ
866 1371 1361 1441 ταλαιπωρήσουσι,
1391 1373 1484 1424 καὶ
1511 1371 1609 1442 τὴν
1640 1374 1910 1442 ἁμαρτίαν
1948 1374 2170 1443 καρπώ-

508 1475 708 1522 σονται,
749 1459 850 1528 τῆς
891 1458 947 1510 δέ
976 1457 1323 1521 ἀπολαύσεως
1355 1459 1709 1512 ἐκπεσοῦνται
1753 1459 1890 1530 [56].
1925 1462 2038 1513 Οὐκ
2072 1462 2168 1530 ἐφ-

506 1544 766 1613 ησυχάζει
796 1543 924 1614 γὰρ.
954 1545 1108 1614 φησὶ,
1131 1547 1244 1607 τοῖς
1273 1546 1577 1614 γινομένοις
1605 1547 1632 1598 ό
1654 1548 1947 1615 ἀκοίμητος
1969 1548 2169 1614 ὀφθαλ-

510 1629 626 1698 μός.
660 1631 732 1681 Τὸ
761 1631 840 1692 δέ,
872 1629 1139 1701 Ἠκούσθη
1165 1629 1280 1695 νῦν,
1305 1631 1406 1700 οὐχ
1436 1631 1511 1694 ώς
1547 1631 1666 1683 τότε
1688 1631 1796 1683 τῶν
1831 1633 2170 1702 πραγμάτων

505 1716 797 1788 γνωρίμων
839 1721 1140 1786 γενομένων
1182 1717 1331 1786 αύτῷ
1379 1717 1553 1770 ταῦτά
1592 1734 1776 1787 φησιν,
1819 1718 1932 1770 ἀλλ’
1968 1718 2043 1781 ὼς
2071 1719 2170 1788 τῆς

505 1800 660 1872 δίκης
691 1801 832 1855 κατά
863 1803 1024 1865 πόδας
1057 1801 1241 1871 ἰούσης
1276 1802 1478 1865 λοιπὸν,
1511 1804 1604 1856 καὶ
1639 1805 1736 1873 τῆς
1766 1803 2171 1868 ἀνταποδόσεως

506 1887 818 1959 γινομένης.
876 1889 1016 1945 Ἐὰν
1070 1888 1180 1958 γὰρ
1222 1888 1506 1957 γένωνται
1548 1890 1726 1943 οἰκίαι
1773 1890 2030 1955 πολλαί,
2083 1892 2172 1958 είς

506 1973 729 2040 ἔρημον
754 1974 997 2028 ἔσονται
1021 1975 1276 2044 μεγάλαι
1307 1975 1405 2028 καὶ
1427 1977 1627 2042 καλαί,
1659 1975 1758 2030 καὶ
1783 1977 1895 2030 οὐκ
1926 1975 2170 2033 ἔσονται

506 2062 560 2112 οἰ
599 2062 1017 2127 κατοικοῦντες
1039 2063 1106 2115 ἐν
1131 2061 1359 2128 αὐταῖς.

577 2145 828 2199 Τοιοῦτον
868 2148 974 2217 γὰρ
1015 2151 1046 2217 ή
1085 2148 1398 2214 πλεονεξία·
1438 2150 1565 2203 ὅταν
1615 2149 1833 2204 πλείονα
1871 2150 2172 2223 περιϐάλλῃ

506 2236 618 2296 τοῖς
649 2233 854 2303 έχουσι,
886 2236 979 2288 καὶ
1009 2235 1117 2288 τῶν
1143 2237 1420 2307 προτέρων
1459 2237 1655 2298 αὐτοὺς
1687 2235 1970 2307 ἐξήγαγεν.
2012 2239 2077 2288 Ὃ
2107 2237 2171 2308 δὴ

508 2319 603 2372 καὶ
642 2319 871 2372 ἐνταῦθα
901 2322 1192 2375 αἰνίττεται
1225 2322 1395 2389 λέγων
1417 2361 1432 2385 ,
1467 2323 1548 2375 ὅτι
1577 2324 1748 2376 ’Ὅταν
1781 2323 2172 2394 οἰκοδομήσητε

507 2406 791 2476 λαμπρῶς,
824 2409 914 2460 καὶ
947 2409 1014 2462 τά
1050 2410 1264 2463 πάντων
1295 2409 1446 2480 ὑμῶν
1476 2410 1653 2463 αὐτῶν
1695 2411 2010 2483 ποιήσησθε,
2051 2412 2172 2464 τότε

508 2495 601 2546 καὶ
626 2495 734 2547 τῶν
759 2497 1036 2567 προτέρων
1061 2498 1452 2570 ἀποστήσεσθε.
1473 2500 1580 2552 Καὶ
1604 2501 1891 2570 στήσονται
1923 2503 1977 2553 αἱ
2003 2502 2173 2553 οἰκίαι

507 2584 795 2652 οἰκήτορας
829 2585 927 2653 μὲν
965 2585 1062 2637 ούκ
1109 2585 1348 2655 ἔχουσαι,
1377 2586 1673 2654 σάλπιγγος
1714 2589 1772 2640 δὲ
1803 2589 1984 2658 πάσης
2029 2589 2171 2658 λαμ-

508 2670 778 2740 προτέραν
821 2671 1061 2738 ἀφιεῖσαι
1101 2672 1283 2740 φωνὴν
1335 2673 1475 2725 κατὰ
1505 2673 1614 2725 τῶν
1661 2675 1812 2742 παρὰ
1851 2675 1950 2745 τὴν
1999 2676 2173 2744 ἀρχὴν

506 2755 833 2824 ἠρπακότων
880 2757 1079 2823 αὐτάς,
1127 2759 1225 2829 τῆς
1271 2758 1599 2828 ἐρημώσεως
1631 2760 1730 2827 τῆς
1781 2761 2173 2830 ἐπιτεταμένης

509 2843 632 2896 ἀντὶ
654 2844 911 2914 τροπαίου
942 2844 1084 2908 τινὸς
1107 2845 1458 2916 φαινομένης.
1489 2842 1571 2902 Οὖ
1595 2848 1702 2916 γὰρ
1724 2846 2006 2915 ὲργῶνται
2027 2846 2173 2900 δέκα

510 2928 682 2997 ζεύγη
723 2929 907 2994 βοῶν,
953 2930 1187 2997 ποιήσει
1235 2932 1516 3001 κεράμιον
1553 2932 1653 2985 ἓν·
1701 2935 1795 2986 καί
1839 2937 1870 2986 ὁ
1912 2935 2174 3002 σπείρων

508 3017 768 3082 ἀρτάϐας
792 3016 881 3082 ἐξ,
907 3017 1144 3084 ποιήσει
1173 3019 1358 3088 μέτρα
1385 3022 1534 3089 τρία.
1568 3021 1698 3073 ’Λπὸ
1726 3023 1822 3091 τῆς
1851 3021 2059 3083 πόλεως
2083 3021 2174 3074 ἐπὶ

508 3102 606 3173 τὴν
638 3104 736 3173 τῆς
777 3105 957 3175 χώρας
988 3107 1221 3177 ἐρημίαν
1257 3107 1437 3175 ἐξάγει
1470 3109 1561 3160 τὸν
1594 3108 1767 3176 λόγον,
1803 3109 1944 3161 ὥστε
1980 3108 2175 3161 πάντο-

511 3190 602 3243 θεν
628 3193 966 3262 καταπλῆξαι
993 3196 1082 3246 τὸν
1108 3198 1399 3266 ἀκροατήν.
1437 3197 1572 3248 Οὔτε
1602 3196 1709 3267 γὰρ
1731 3200 1784 3248 αἰ
1809 3197 1995 3261 οἰκίαι,
2018 3198 2170 3266 φησι,

514 3277 798 3343 καθέξουσι
845 3282 969 3342 τοὺς
997 3280 1357 3343 ἐνοικοῦντας,
1393 3280 1514 3333 οὔτε
1549 3283 1582 3351 ἡ
1617 3283 1688 3350 γῆ
1718 3283 1816 3350 τὴν
1848 3284 2014 3353 αὐτῆς
2054 3286 2173 3336 ἐπι-

508 3364 736 3429 δείξεται
764 3365 1007 3435 δύναμιν.
1042 3367 1150 3418 Καὶ
1180 3366 1286 3437 γάρ
1320 3367 1376 3432 ἐξ
1411 3367 1582 3437 ἀρχῆς
1612 3367 1698 3420 διὰ
1730 3369 1829 3437 τὴν
1870 3368 1964 3420 τοῦ
2002 3369 2170 3437 Ἀδὰμ

513 3453 788 3522 ἁμαρτίαν
827 3453 1066 3516 ἀκάνθας
1117 3455 1211 3505 καὶ
1249 3453 1525 3523 τριϐόλους
1570 3453 1860 3524 ἐξήνεγκε*
1898 3456 1991 3508 καὶ
2052 3455 2169 3525 μετ’

511 3539 740 3604 ἐκεῖνον,
773 3539 861 3592 διὰ
889 3541 985 3611 τὴν
1013 3540 1106 3592 τοῦ
1142 3541 1281 3593 Κάἷν
1315 3541 1678 3611 παρανομίαν,
1703 3541 1960 3594 ἐλάττονα
1992 3541 2171 3612 πολλῷ

508 3627 599 3679 τὸν
630 3629 788 3681 πόνον
817 3629 906 3682 τὸν
934 3631 1140 3683 ἐκείνου
1165 3644 1189 3671 ι
1216 3631 1428 3699 καὶτῆς
1455 3632 1657 3695 οἰκείας
1682 3634 1862 3702 ἰσχύος
1881 3635 1978 3703 τὴν
2003 3634 2171 3704 φοράν

508 3717 872 3771 ἐπεδείκνυτο.
921 3719 1029 3772 Καὶ¹
1065 3719 1331 3789 πολλαχοῦ
1371 3719 1426 3772 δὲ
1465 3721 1697 3790 ἀλλαχοῦ
1735 3721 1832 3774 ίδοι
1863 3739 1947 3786 τις
1987 3722 2052 3776 ἂν
2084 3724 2171 3776 διὰ

507 3804 606 3865 τὰς
649 3805 757 3857 τῶν
791 3805 1088 3878 ἀνθρώπων
1130 3808 1402 3877 ἁμαρτίας
1441 3808 1609 3877 αὐτὴν
1645 3808 2028 3879 κολαζομένην.
2067 3810 2173 3862 Καὶ

505 3892 557 3943 τί
591 3892 907 3964 θαυμάζεις,
942 3900 990 3952 εἰ
1026 3901 1190 3967 πηροῖ
1211 3899 1307 3962 τὰς
1335 3900 1496 3968 γονὰς
1534 3901 1701 3971 αὐτῆς
1731 3905 1821 3956 καὶ
1856 3907 1954 3966 τὰς
1980 3905 2171 3967 ὠδῖνας

505 3979 616 4030 τῶν
649 3981 950 4052 ἀνθρώπων
995 3986 1386 4056 ήπαρανομία,
1420 3989 1553 4040 ὅπου
1601 4007 1663 4057 γε
1706 3992 1797 4042 καὶ
1846 3992 2057 4062 φθαρτή
2103 3993 2169 4046 δι’

508 4070 655 4138 ἡμᾶς
700 4069 939 4134 ἐγένετο,
981 4072 1072 4122 καὶ
1110 4071 1381 4140 ἄφθαρτος
1433 4073 1593 4126 πάλιν
1637 4074 1702 4126 δι’
1736 4077 1879 4145 ἡμᾶς
1923 4078 2168 4144 γίνεται;

521 4157 736 4226 Ἐπειδὴ
769 4157 876 4228 γάρ
907 4157 1042 4219 ὅλως
1070 4158 1130 4209 τὸ
1161 4153 1298 4210 εἶναι
1325 4159 1390 4210 δι’
1420 4161 1566 4228 ἡμᾶς
1602 4161 1758 4214 ἔλαϐε
1795 4166 1886 4215 κιιιί¹
1913 4166 2008 4235 τὴν
2034 4167 2174 4234 ἡμε-

507 4245 670 4313 τέραν
718 4244 1023 4307 διακονίαν,
1057 4247 1149 4297 καί¹
1181 4246 1243 4297 τὸ
1282 4245 1448 4309 οὕτως
1490 4248 1521 4316 ἢ
1570 4249 1792 4312 ἐκείνως
1842 4248 1980 4303 εἶναι
2017 4252 2175 4305 πάλιν

509 4331 758 4384 ἐντεῦθεν
789 4331 1052 4401 λαμϐάνει
1086 4332 1182 4402 τὴν
1211 4333 1381 4403 ἀρχὴν
1410 4335 1499 4386 καὶ
1533 4335 1631 4405 τὴν
1658 4335 1830 4405 ῥίζαν.
1858 4338 2013 4390 Οῦτω
2043 4339 2174 4406 γοῦν

510 4418 606 4470 καὶ
636 4420 729 4471 ἐπὶ
758 4419 849 4471 τοῦ
877 4420 1019 4475 Νῶε.
1051 4421 1265 4491 Ἐπειδὴ
1287 4422 1418 4491 πρὸς
1443 4423 1637 4474 κακίαν
1663 4424 1892 4493 ἐσχάτην
1923 4425 2173 4488 ἐξώκειλε

508 4504 618 4558 τῶν
659 4505 959 4574 ἀνθρώπων
991 4509 1024 4575 ἡ
1054 4507 1234 4575 φύσις,
1279 4510 1454 4566 πάντα.
1490 4511 1716 4582 ἐφύρετο
1748 4513 1812 4564 τὰ
1854 4514 2172 4584 πράγματα,

511 4594 605 4645 καὶ
637 4593 944 4661 σπέρματα,
993 4595 1084 4644 καὶ
1120 4596 1283 4662 φυτὰ,
1333 4598 1422 4648 καὶ
1454 4598 1660 4665 ἀλόγων
1699 4599 1851 4668 γένη,
1885 4601 1975 4652 καὶ
2010 4602 2042 4671 ἡ
2077 4600 2172 4670 γῆ,

511 4680 604 4731 καὶ
639 4678 897 4743 θάλαττα,
928 4679 1021 4731 καὶ
1051 4679 1179 4749 ἀὴρ,
1221 4682 1312 4732 καὶ
1345 4681 1464 4750 ὅρη,
1497 4685 1592 4736 καὶ
1618 4687 1804 4750 νάπαι,
1843 4689 1935 4739 καὶ
1976 4689 2172 4758 βουνοί,

511 4767 606 4819 καὶ
641 4767 842 4828 πόλεις,
867 4767 958 4818 καὶ
979 4765 1150 4834 τείχη,
1175 4767 1266 4820 καὶ
1293 4767 1476 4828 οἰκίαι,
1500 4772 1592 4821 καὶ
1620 4771 1850 4840 πύργοι·
1879 4775 1972 4826 καὶ
2002 4773 2176 4826 πάντα

514 4854 701 4916 ἁπλῶς
733 4853 921 4922 ἐκείνῳ
951 4852 1028 4920 τῷ
1055 4852 1266 4922 φοϐερῷ
1299 4851 1418 4903 τότε
1457 4853 1756 4922 ἐκρύπτετο
1785 4858 2031 4925 πελάγει.
2068 4861 2178 4911 Καὶ

519 4941 704 5009 ἐπειδὴ
732 4941 893 4993 πάλιν
925 4939 1199 4992 ἐπιδοῦναι
1229 4938 1290 4990 τὸ
1322 4938 1478 5004 γένος
1509 4939 1631 5000 ἔδει,
1653 4939 1750 5009 τὴν
1784 4943 1988 4994 οἰκείαν
2021 4944 2178 4995 εὐτα-

517 5029 634 5094 ξίαν
668 5027 1052 5096 ἀπελάμϐανεν
1079 5027 1112 5095 ἡ
1136 5025 1228 5094 γῆ,
1251 5025 1342 5077 καὶ
1363 5026 1438 5086 εἰς
1460 5025 1554 5095 τὴν
1581 5025 1848 5096 προτέραν
1874 5029 2176 5097 εὐμορφίαν

515 5113 742 5183 ἐπανῄει
780 5114 957 5166 πάλιν.
981 5113 1106 5169 Ἵδοι
1129 5113 1171 5168 δ’
1198 5113 1260 5166 ἄν
1287 5130 1368 5173 τις
1387 5112 1543 5164 τοῦτο
1573 5113 1666 5164 καὶ
1696 5113 1786 5164 ἐπὶ
1809 5113 2004 5182 μέρους
2035 5118 2176 5180 γινό-

520 5217 680 5270 μενον
714 5200 799 5253 διὰ
842 5201 940 5267 τὴν
974 5201 1052 5261 είς
1091 5199 1405 5268 ἀνθρώπους
1443 5200 1624 5266 τιμήν.
1667 5200 1774 5250 Καὶ
1809 5199 1915 5270 γάρ
1948 5201 2176 5268 πέλαγος

518 5288 809 5356 ἠφανίσθη,
843 5285 935 5336 καὶ
975 5285 1132 5337 πάλιν
1171 5287 1365 5355 ἐφάνη,
1409 5288 1500 5338 καὶ
1534 5286 1680 5355 ἣλιος
1712 5288 2004 5357 ἐχαλινώθη
2043 5290 2178 5357 μετὰ

520 5372 767 5439 σελήνης,
813 5370 902 5420 καὶ
931 5367 1020 5419 τὸν
1053 5370 1246 5420 οἰκεῖον
1295 5369 1490 5438 δρόμον
1525 5370 1744 5422 ἐπέλιπε
1769 5411 1783 5434 ,
1826 5373 1917 5423 καὶ
1972 5372 2079 5442 πῦρ
2111 5374 2180 5424 τὰ

521 5459 707 5516 ὓδατος
737 5456 1061 5520 ἐπεδείξατο,
1098 5457 1190 5509 καὶ
1213 5458 1282 5526 γῆ
1315 5457 1381 5509 τὰ
1405 5459 1692 5525 πελάγους,
1717 5462 1809 5513 καὶ
1842 5462 2073 5529 πέλαγος
2113 5463 2182 5515 τά

519 5547 618 5614 τῆς
659 5546 763 5615 γῆς
787 5563 799 5578 ο
833 5547 923 5598 καὶ
970 5547 1166 5612 πάντα,
1203 5546 1278 5609 ώς
1323 5548 1493 5599 εἰπεῖν
1525 5547 1730 5612 ἀπλῶς,
1760 5549 1895 5620 πρὸς
1931 5552 2030 5621 τὴν
2075 5551 2182 5604 τῶν

590 5781 614 5848 ξ
640 5775 731 5823 llic
751 5778 948 5850 qmni‘no
968 5779 1232 5850 ιςεειιᾱυιη
1270 5782 1462 5832 videtur
1490 5784 1582 5830 τῶν
1609 5783 1764 5833 πόνων
1789 5786 1882 5833 τῶν
1907 5786 2104 5850 ἐκείνου,
2133 5792 2186 5839 ut

528 5837 673 5886 etiam
700 5837 1043 5892 auimadverlif
1055 5841 1280 5893 Savilius.

2269 424 2570 493 ἀνθρώπων
2619 421 3151 495 μετασχηματίζεται
3195 418 3545 472 λυσιτέλειαν.
3579 413 3688 468 Καὶ
3739 413 3932 483 ἐπειδὴ

2270 512 2486 564 πάντων
2511 511 2830 581 τιμιώτερος
2859 510 3158 579 ἄνθρωπος,
3178 507 3269 560 καὶ
3291 507 3358 559 δι’
3389 505 3549 559 αὐτὸν
3567 503 3634 556 τὰ
3661 502 3930 570 γενόμενα

2264 598 2494 658 ἅπαντα,
2518 599 2605 650 διά
2619 615 2701 650 τοι
2723 597 2877 649 τοῦτο
2901 596 2992 648 καὶ
3016 595 3131 658 νῦν,
3153 592 3264 665 [57]
3295 593 3480 660 ἐπειδὴ
3496 592 3739 662 ἥμαρτεν
3764 591 3792 640 ό
3819 589 3932 640 τῶν

2276 684 2544 737 Ἰουδαίων
2571 685 2757 755 δῆμος,
2792 683 2973 752 ἐπέχει
3003 681 3100 744 τῆς
3124 682 3228 751 γῆς
3257 681 3355 742 τὰς
3387 678 3579 740 ὠδῖνας
3611 677 3802 738 ὁΘεὸς,
3832 676 3932 728 καὶ

2270 772 2404 841 μετά
2431 773 2655 835 πολλοὺς
2677 772 2867 835 πόνους
2888 770 2979 823 καὶ
3003 769 3229 838 ἱδρῶτας
3254 769 3353 820 οὐκ
3376 765 3566 835 ἀφίησι
3584 765 3683 826 τὰς
3714 763 3930 828 ἐκείνης

2266 858 2499 925 λαγόνας
2524 861 2623 930 τὴν
2643 859 2892 911 εἰωθυῖαν
2922 855 3093 927 φοράν
3114 856 3372 922 ἐνεγκεῖν,
3397 853 3482 905 ἴνα
3503 848 3795 904 κάντεῦθεν
3825 849 3932 916 μά-

2269 945 2455 1008 θωσιν,
2488 947 2570 998 δτι
2611 946 2672 998 οὐ
2701 945 3020 1016 γεωργικῶν
3060 941 3255 1012 χειρῶν
3288 941 3472 1008 τέχνη,
3510 938 3631 991 οὺδέ
3678 937 3796 1004 βόες
3834 937 3932 988 καὶ

2266 1033 2522 1102 ἄροτρον,
2557 1034 2675 1086 οὐδὲ
2705 1034 2806 1104 γῆς
2858 1031 3036 1100 φύσις,
3072 1031 3171 1084 οὐκ
3217 1029 3344 1083 ἄλλο
3391 1029 3498 1081 τῶν
3540 1026 3796 1079 τοιούτων
3837 1028 3932 1078 οὑ-

2266 1119 2373 1182 δὲν,
2403 1120 2516 1174 ἀλλ’
2537 1119 2782 1172 ὁτούτων
2821 1118 3071 1172 ἀπάντων
3104 1117 3377 1184 Δεσπότης
3405 1110 3558 1177 οὗτος
3582 1116 3728 1165 ἐστιν
3773 1113 3802 1163 ὁ
3832 1111 3932 1163 καὶ

2265 1205 2475 1274 δαψιλεῖ
2505 1209 2570 1276 τῇ
2607 1207 2750 1275 χειρὶ
2773 1206 2946 1259 πάντα
2969 1204 3194 1272 ἐκχέων,
3215 1203 3309 1255 καὶ
3339 1202 3519 1265 πάλιν,
3550 1199 3766 1252 ἐπειδάν
3801 1195 3929 1266 βού-

2267 1291 2445 1360 ληται,
2466 1293 2763 1345 συστέλλων
2785 1292 3015 1344 ἅπαντα.
3039 1292 3180 1344 Οὐαὶ
3209 1292 3262 1344 οἰ
3285 1289 3638 1357 ἐγειρόμενοι
3663 1285 3727 1338 τὸ
3756 1284 3928 1350 πρωῒ,

2266 1376 2364 1430 καὶ
2398 1378 2462 1429 τό
2489 1378 2701 1444 σίκερα
2727 1375 3126 1441 διώκοντες,οί
3149 1375 3436 1442 μένοντες
3464 1374 3529 1424 τὸ
3561 1371 3694 1438 ὀψέ.
3735 1371 3796 1421 '0
3819 1370 3932 1437 γὰρ

2266 1459 2428 1528 οἶνος
2459 1463 2676 1528 αὐτοὺς
2697 1463 3050 1531 συγκαύσει.
3067 1460 3223 1515 Μετὰ
3250 1459 3360 1528 γὰρ
3391 1457 3632 1524 κιθάρας
3655 1455 3749 1508 καί
3771 1459 3930 1522 ψαλ-

2266 1551 2474 1617 τηρίου
2501 1548 2596 1601 καί
2627 1547 2953 1617 τυμπάνων
2971 1549 3066 1601 καί
3093 1546 3294 1601 αὐλῶν
3321 1547 3425 1598 τὸν
3458 1540 3624 1598 οἶνον
3643 1543 3892 1594 πίνουσι
3913 1557 3927 1571 ·

2265 1635 2337 1688 τὰ
2369 1635 2437 1688 δὲ
2471 1635 2613 1704 ἔργα
2643 1635 2750 1688 τοῦ
2783 1633 2928 1687 Θεοῦ
2970 1637 3080 1689 οὐκ
3119 1634 3507 1703 ἐμϐλέπουσι,
3537 1629 3633 1682 καὶ
3672 1628 3743 1681 τὰ
3786 1627 3933 1696 ἔργα

2266 1722 2386 1776 τῶν
2405 1722 2618 1790 χειρῶν
2637 1722 2820 1776 αὑτοῦ
2842 1723 2914 1774 οὐ
2941 1720 3728 1790 κατανοοῦσι.Κατηγορήσας
3751 1715 3933 1770 αὐτῶν

2269 1808 2576 1872 πλεονεξίαν
2627 1807 2844 1878 πολλὴν,
2875 1807 2966 1860 καὶ
3019 1806 3114 1877 τὴν
3149 1805 3306 1876 ῥίζαν
3347 1804 3440 1858 τοῦ
3483 1804 3656 1857 κακοῦ
3693 1803 3930 1871 τίθησιν.

2267 1895 2415 1967 Δῦτη
2445 1896 2500 1947 δὲ
2531 1891 2598 1966 ἦν
2635 1897 2668 1966 ὴ
2700 1894 2858 1966 μέθη,
2891 1894 3097 1966 μυρίων
3126 1892 3381 1963 γινομένη
3429 1891 3616 1943 κακῶν
3649 1890 3930 1951 ὑπόθεσις,

2269 1983 2362 2036 καὶ
2399 1983 2632 2054 μάλιστα
2679 1983 2806 2037 ὅταν
2837 1983 2975 2053 μετά
3017 1981 3282 2050 τοσαύτης
3310 1978 3572 2048 τολμᾶται
3611 1977 3710 2046 τῆς
3758 1977 3935 2045 ὑπερο

2269 2070 2452 2140 ϐολῆς.

2340 2156 2405 2209 ε’.
2433 2157 2628 2208 Σκόπει
2658 2156 2788 2224 γοῦν
2819 2155 2933 2218 πῶς
2965 2154 3102 2225 μετὰ
3134 2151 3416 2224 ἀκριϐείας
3433 2151 3630 2212 αὐτοὺς
3659 2148 3933 2219 κωμῳδεῖ.

2269 2242 2455 2294 Πᾶσαν
2482 2241 2588 2312 γὰρ
2620 2242 2717 2311 τὴν
2750 2241 2962 2310 ἡμέραν
2989 2242 3067 2301 εἰς
3092 2238 3249 2291 τοῦτο
3278 2236 3616 2289 δαπανᾶσθαι
3644 2251 3830 2303 φησιν.
3857 2234 3930 2285 Ού

2267 2327 2376 2398 γάρ
2410 2329 2538 2381 ὅταν
2567 2327 3023 2398 ἀριστοποιεῖσθαι
3054 2325 3168 2394 δέῃ,
3198 2323 3357 2376 τοῦτο
3397 2322 3716 2392 πράττουσι,
3741 2321 3934 2388 φησὶν,

2269 2416 2402 2468 ἀλλὰ
2435 2417 2611 2468 πάντα
2645 2415 2735 2467 τὸν
2773 2414 2961 2485 καιρὸν
2999 2412 3166 2482 μέθης
3198 2410 3470 2472 ποιοῦντες
3500 2409 3710 2478 καιρὸν,
3742 2407 3835 2459 καὶ
3872 2408 3938 2459 ἐκ

2269 2502 2566 2572 προοιμίων
2609 2502 2706 2569 τῆς
2735 2501 2966 2571 ἡμέρας,
3023 2500 3110 2551 ὅτε
3149 2497 3380 2567 μάλιστα
3425 2497 3606 2557 αὐτοῖς
3647 2493 3938 2564 προσέχειν

2271 2591 2458 2660 ἐχρῆν,
2486 2589 2665 2658 πολλῶ
2693 2589 2770 2659 τῷ
2805 2588 3026 2659 ἀκράτῳ
3061 2586 3290 2647 διδόντες
3313 2584 3558 2644 ἑαυτοὺς,
3587 2581 3682 2635 καὶ
3711 2581 3940 2642 ἄκοντες

2269 2674 2454 2728 λοιπὸν
2489 2677 2582 2727 καὶ
2615 2676 2775 2744 μέχρι
2802 2677 2898 2744 τῆς
2937 2673 3173 2742 ἑσπέρας
3220 2670 3640 2739 ἐναπομένοντες
3673 2667 3748 2735 τῷ
3776 2669 3941 2734 νοσήο

2272 2778 2421 2830 ματι.
2458 2760 2706 2811 Ἐπειδὰν
2737 2759 2844 2828 γὰρ
2874 2758 3019 2821 ἅπαξ
3056 2758 3300 2825 φθάσωσι
3335 2754 3824 2821 καταποντισθῆναι
3857 2755 3940 2812 εἰς

2267 2845 2356 2899 τὸν
2378 2845 2475 2915 τῆς
2511 2845 2776 2914 ἀκρασίας
2805 2843 2981 2911 βυθὸν,
3018 2843 3112 2894 καὶ
3147 2842 3256 2892 τῶν
3289 2839 3430 2893 κατά
3467 2839 3627 2906 φύσιν
3656 2838 3939 2889 ἐκπέσωσι

2269 2933 2505 3002 φρενῶν,
2536 2933 2629 2984 καὶ
2663 2931 2761 3000 τὴν
2786 2930 2962 3001 ψυχὴν
2993 2928 3335 2999 αἰχμάλωτον
3367 2928 3432 2997 τῇ
3463 2926 3673 2996 πονηρᾷ
3712 2925 3809 2994 τῆς
3840 2926 3942 2995 μέ·-

2271 3020 2371 3089 θης
2412 3017 2774 3090 παραδώσωσι
2803 3017 3092 3087 τυραννίδι,
3136 3015 3386 3084 καθάπερ
3420 3014 3604 3067 πλοῖον
3640 3014 3943 3081 ἀνερμάτι-

2271 3122 2415 3168 στον,
2439 3106 2531 3157 καὶ
2553 3104 2886 3175 κυϐερνήτου
2911 3104 3006 3156 καὶ
3037 3101 3246 3156 ναυτῶν
3267 3100 3726 3171 ἀπεστερημένον,
3748 3099 3941 3162 ἁπλῶς

2269 3194 2364 3246 καὶ
2392 3192 2513 3262 εἰκῆ
2541 3193 2787 3262 φέρεται,
2817 3194 2881 3260 τῇ
2909 3190 3016 3242 τῶν
3048 3189 3252 3242 ὑδάτων
3291 3189 3510 3257 ἀτάκτῳ
3540 3187 3685 3258 ῥύμῃ
3727 3203 3940 3237 παντα-

2269 3282 2366 3350 χοῦ
2404 3281 2826 3350 περιαγόμενον,
2873 3279 2964 3332 τὸν
2996 3278 3158 3330 αὑτὸν
3185 3277 3249 3347 δὴ
3289 3277 3490 3347 τρόπον
3528 3277 3622 3328 καὶ
3651 3268 3794 3326 οὗτοι
3831 3274 3944 3327 ὑπὸ

2270 3368 2370 3436 τῆς
2400 3367 2570 3436 μέθης
2618 3366 2934 3435 ὑποϐρύχιοι
2986 3365 3284 3434 γενόμενοι.
3328 3364 3417 3415 Διό
3461 3378 3653 3432 φησιν·
3701 3361 3846 3414 οὺαί
3883 3365 3942 3414 οι

2269 3454 2625 3521 ἐγειρόμενοι
2666 3452 2730 3505 τὸ
2766 3453 2945 3519 πρωϊ,
2990 3451 3085 3503 καὶ
3127 3452 3192 3503 τὸ
3243 3451 3454 3516 σίκερα
3486 3447 3820 3511 διώκοντες.
3859 3447 3940 3499 Οὐ

2269 3541 2377 3610 γάρ
2405 3541 2502 3609 τὴν
2532 3540 2720 3610 χρείαν
2760 3539 3048 3609 ἐπλήρουν,
3079 3536 3198 3589 ούδέ
3232 3536 3490 3604 ἀνέμενον
3522 3534 3812 3603 ἐπιθυμίας
3843 3549 3941 3599 γε-

2268 3629 2500 3698 νομένης
2551 3626 2834 3696 πληρῶσαι
2876 3625 2974 3695 τὴν
3008 3623 3243 3686 ἔνδειαν,
3289 3622 3402 3675 ἀλλ’
3451 3621 3610 3691 ἔργον
3655 3619 3942 3672 ἐποιοῦντο

2269 3715 2426 3769 τοῦτο
2455 3717 2547 3767 καὶ
2579 3714 2828 3783 μελέτην,
2859 3712 2920 3764 τὸ
2949 3709 3207 3779 διηνεκῶς
3241 3709 3478 3779 μεθύειν.
3521 3707 3613 3760 Διό
3653 3722 3836 3776 φησιν’
3875 3711 3944 3760 οι

2270 3804 2582 3868 διώκοντες
2610 3805 2837 3869 σίκερα.
2878 3801 3076 3870 Σίκερα
3112 3799 3168 3851 δέ
3208 3797 3439 3851 ἐνταῦθά
3470 3813 3601 3866 φησι
3631 3797 3737 3847 τῶν
3766 3797 3945 3864 φοινί-

2271 3910 2382 3945 κων
2409 3892 2499 3944 τὸν
2532 3890 2682 3952 ὀπὸν,
2721 3890 2780 3942 ὃν
2827 3888 3166 3959 ἐπετήδευον,
3201 3886 3568 3956 συντρίϐοντες
3603 3884 3692 3935 τὸν
3724 3885 3945 3952 καρπὸν

2273 3981 2368 4033 καὶ
2401 3978 2792 4042 καταθλῶντες,
2820 3979 2897 4040 εἰς
2917 3977 3059 4029 οἴνου
3102 3969 3595 4045 μετασχηματίζειν
3625 3969 3803 4038 φύσιν.
3832 3971 3946 4022 Κα-

2276 4065 2503 4138 ρωτικδν
2550 4065 2606 4119 δέ
2657 4067 2772 4118 ἐστι
2821 4065 2881 4116 τὸ
2927 4062 3186 4126 τοιοῦτον,
3237 4060 3330 4113 καὶ
3386 4059 3553 4128 μέθης
3587 4057 3939 4126 ἐργαστικόν.

2285 4155 2424 4205 Ἀλλ’
2446 4154 2596 4206 οὐδὲν
2623 4151 2915 4223 ύφωρῶντο
2937 4150 3137 4203 τούτων
3162 4151 3374 4212 ἐκεῖνοι,
3399 4145 3494 4216 τὴν
3519 4143 3709 4214 ἡδονὴν
3738 4159 3946 4195 παντα-

2273 4241 2368 4310 χοῦ
2400 4240 2710 4301 διώκοντες,
2749 4239 2999 4306 μένοντες
3037 4237 3096 4289 τὸ
3130 4235 3244 4304 ὀψέ.
3287 4236 3338 4286 '0
3371 4235 3480 4302 γὰρ
3516 4229 3673 4294 οἶνος
3713 4230 3944 4295 αὐτοὺς

2273 4329 2624 4395 συγκαύσει.
2658 4326 2889 4393 Τοιαύτη
2924 4323 3031 4392 γὰρ
3057 4323 3153 4390 τῆς
3183 4321 3349 4392 μέθης
3384 4323 3416 4390 ή
3459 4318 3636 4387 φύσις·
3673 4316 3944 4385 προϊοῦσα

2273 4415 2512 4479 αὒξεται,
2536 4413 2629 4466 καὶ
2657 4410 3034 4481 χαλεπώτερον
3059 4410 3117 4459 τὸ
3153 4407 3302 4475 δίψος
3333 4407 3494 4458 ποιεῖ.
3535 4401 3668 4456 Εἶτα
3698 4404 3791 4455 καὶ
3819 4404 3945 4456 ἐτε-

2275 4517 2364 4570 ρον
2391 4499 2489 4550 οὑκ
2526 4497 2741 4549 ἔλαττον
2767 4495 3014 4563 ἔγκλημα
3041 4492 3134 4545 τοῦ
3166 4491 3430 4562 προτέρου
3466 4488 3809 4559 προστίθησι,
3852 4488 3948 4539 λέο

2271 4601 2404 4654 γων·
2427 4587 2586 4637 Μετὰ
2613 4585 2720 4652 γὰρ
2739 4579 2980 4648 κιθάρας
3011 4580 3107 4633 καί
3132 4579 3468 4647 ψαλτηρίου
3492 4577 3588 4629 καὶ
3615 4575 3946 4644 τυμπάνων

2273 4673 2370 4725 καί
2406 4670 2610 4724 αὐλῶν
2649 4671 2755 4723 τὸν
2797 4665 2965 4721 οἶνον
2993 4668 3258 4720 πίνουσι.
3297 4664 3468 4717 Τοῦτο
3500 4665 3593 4717 καὶ
3631 4664 3817 4732 ἕτερος
3851 4665 3946 4731 ἐγ-

2275 4759 2428 4814 καλεῖ
2457 4758 2738 4827 προφήτης
2778 4757 3056 4822 λέγων·οί
3089 4755 3364 4817 πίνοντες
3401 4751 3507 4805 τὸν
3546 4751 3948 4817 διυλισμένον

2273 4841 2459 4908 οἶνον,
2489 4845 2585 4896 καί
2634 4845 2704 4895 τὰ
2733 4842 2931 4910 πρῶτα
2967 4843 3125 4909 μύρα
3152 4841 3471 4908 χριόμενοι,
3502 4840 3556 4890 οί
3587 4837 3946 4904 κροτοῦντες

2273 4935 2421 5000 πρὸς
2454 4933 2568 4998 τὴν
2605 4931 2814 4998 φωνὴν
2850 4931 2876 4969 b
2901 4929 3018 4982 τῶν
3046 4929 3330 4995 ὀργάνων.
3372 4927 3463 4991 Ὠς
3486 4925 3714 4979 ἑστῶτα
3743 4923 3945 4994 ἐλογί-

2273 5037 2481 5081 σιιντο,
2509 5019 2607 5070 καί
2642 5021 2753 5086 οὐχ
2782 5019 2861 5082 ὠς
2887 5019 3203 5085 φεύγοντα.
3235 5016 3346 5069 Καὶ
3373 5016 3479 5086 γὰρ
3510 5013 3742 5082 ἐσχάτης
3775 5012 3942 5063 ἀναλ-

2274 5106 2470 5174 γησίας
2520 5103 2677 5155 τοῦτο
2723 5105 2782 5155 τὸ
2830 5105 3071 5172 σημεῖον.
3105 5103 3197 5154 καὶ
3237 5102 3411 5172 ψυχῆς
3459 5098 3841 5167 έκλε)“υμένης’
3877 5098 3945 5151 τὸ

2276 5198 2502 5268 θέατρον
2559 5199 2730 5248 ποιεῖν
2782 5196 2878 5265 τὴν
2933 5198 3109 5248 οἰκίαν
3156 5196 3254 5265 τὴν
3298 5194 3509 5255 ἐαυτοῦ,
3545 5193 3638 5244 καὶ
3672 5190 3942 5254 τοιούτοις

2276 5286 2511 5356 ᾄσμασιν
2573 5284 2796 5345 ἑαυτοὺς
2855 5284 3141 5338 ἐκδιδόναι.
3171 5285 3344 5353 Ὅπερ
3397 5281 3489 5334 καὶ
3537 5281 3569 5348 ἡ
3617 5277 3753 5347 μέθη
3793 5281 3944 5330 ποιεῖ

2278 5372 2563 5436 σκοτοῦσα,
2609 5372 2764 5424 τοῦτο
2792 5373 2826 5439 ἡ
2868 5372 3096 5441 μουσικὴ
3131 5373 3465 5440 μαλάττουσα
3493 5367 3552 5418 τὸ
3584 5365 3796 5417 εὔτονον
3837 5365 3942 5433 τῆς

2276 5459 2531 5521 διανοίας,
2580 5459 2672 5510 καὶ
2712 5457 3034 5510 κατακλῶσα
3206 5459 3301 5526 τῆς
3327 5455 3504 5524 ψυχῆς
3532 5453 3630 5523 τὴν
3661 5451 3939 5520 ἀνδρείαν,

2279 5547 2372 5600 καὶ
2401 5546 2490 5597 ἐπὶ
2516 5545 2763 5615 μείζονας
2803 5543 3066 5610 ἐξάγουσα
3105 5542 3404 5610 ἀσελγείας.
3441 5539 3515 5592 Τὰ
3549 5537 3615 5589 δὲ
3649 5538 3788 5606 ἔργα
3828 5535 3942 5591 τοῦ

2341 5787 2370 5826 Ῑι
2395 5787 2444 5834 1η
2474 5785 2843 5843 Βίίιιιὶςὶομίιιιι·
2867 5789 2911 5833 οἱ
2957 5782 3308 5839 ἔπικοατοῦντες
3350 5783 3463 5844 προς
3509 5799 3592 5838 την
3635 5781 3809 5844 φωνήν·
3861 5780 3941 5828 lo-

2283 5864 2464 5911 cusque
2491 5850 2566 5897 hic
2595 5842 2755 5898 AumSi
2796 5851 3022 5897 imcrsus
3064 5849 3281 5904 alfcrlur,
3316 5842 3552 5905 uu‘supra
3579 5842 3877 5893 dicebamus.
