4156 6312
218 376 284 431 61
1469 351 1534 408 lN
1573 350 1825 416 lSAlAM,
1865 350 2014 407 CAP.
2059 350 2123 407 ν.
3398 371 3471 427 62

278 482 330 534 4.
362 479 483 533 ΙΙωο
503 479 660 533 etiam
676 492 811 533 nunc
825 476 1011 531 tentari
1031 474 1209 527 videre
1226 477 1305 525 est
1324 468 1391 523 ab
1415 467 1499 534 iis,
1529 467 1617 537 qui
1649 466 1787 520 male

206 572 406 626 divitiis
445 581 685 636 utuntur,
732 571 821 640 qui
867 568 1038 622 vicina
1084 565 1197 619 loca
1252 560 1500 616 invadere
1525 558 1781 627 cogitant,

205 679 319 718 non
340 672 395 716 ut
416 664 753 717 securitatem
783 660 1005 729 pariant,
1039 660 1131 711 sed
1173 666 1229 708 ut
1276 651 1495 707 insidias
1525 649 1786 719 proximis

212 756 523 817 moliantur,
567 754 655 824 qui
686 762 742 806 ut
771 752 903 821 ignis
940 763 1186 819 grassans
1208 788 1223 811 ,
1252 746 1321 798 ita
1353 743 1555 797 vicinos
1599 755 1787 794 omnes

202 844 457 914 spoliant.
494 844 754 913 Numquid
784 838 1067 895 habitabilis
1092 838 1189 892 soli
1200 852 1348 905 super
1366 832 1655 889 terram?9.
1684 834 1789 885 Au-

202 939 320 991 dita
344 949 457 993 sunt
480 940 612 993 enim
660 955 792 992 nunc
844 942 895 991 in
944 936 1148 989 auribus
1178 933 1382 988 Domini
1408 931 1632 988 Sabaoth
1661 930 1786 983 hac.

206 1029 456 1086 Ostendit
486 1031 603 1085 illos
627 1030 819 1084 frustra
863 1028 1106 1083 laborare
1148 1034 1201 1080 et
1227 1025 1375 1079 nullo
1415 1024 1611 1077 fructu.
1653 1020 1787 1088 Quia

205 1121 358 1174 enim
383 1136 487 1173 non
514 1120 583 1174 ita
604 1121 860 1189 supplicia
888 1128 941 1172 et
977 1118 1243 1172 cruciatus
1270 1113 1571 1184 hujusmodi
1613 1111 1787 1166 homi-

206 1224 312 1263 nes
335 1209 598 1264 abducere
628 1211 820 1273 solent,
852 1216 908 1261 ut
935 1222 1059 1261 cum
1079 1207 1244 1276 probe
1290 1204 1589 1267 didicerint,
1619 1218 1675 1257 se
1696 1216 1787 1256 ra-

209 1300 355 1367 pina:
379 1301 603 1353 fructum
632 1314 735 1354 non
761 1308 1125 1368 percepturos,
1159 1298 1293 1351 hanc
1314 1297 1364 1350 in
1392 1310 1484 1351 eos
1506 1297 1606 1350 fert
1634 1308 1786 1349 com-

206 1390 554 1443 minationem
600 1390 818 1455 dicens,
862 1388 1005 1457 ipsos
1057 1388 1421 1451 laboraturos,
1466 1392 1521 1440 et
1561 1384 1788 1438 miseriis

202 1478 428 1532 allectos
453 1489 721 1549 peccatum
741 1479 1086 1545 admissuros,
1115 1478 1207 1533 sed
1238 1478 1305 1532 ab
1331 1478 1443 1547 ejus
1476 1492 1574 1531 usu
1603 1485 1655 1531 et
1677 1477 1788 1529 fru-

202 1578 299 1622 ctu
332 1571 570 1639 lapsuros
600 1586 736 1626 esse.
756 1572 869 1626 Non
895 1572 1036 1625 enim
1063 1571 1320 1626 insomnis
1346 1570 1434 1624 ille
1457 1571 1642 1625 oculus
1668 1570 1787 1622 tali-

204 1660 311 1715 bus
340 1664 465 1716 visis
495 1662 811 1717 facinoribus
836 1663 1091 1733 quiescet.
1126 1662 1255 1716 Illud
1286 1676 1431 1727 vero,
1465 1661 1650 1714 Audita
1675 1668 1789 1713 sunt

203 1770 360 1817 nunc,
387 1769 489 1808 non
520 1754 647 1808 dicit
667 1754 814 1825 quasi
842 1765 964 1808 tunc
989 1768 1074 1809 res
1104 1761 1265 1823 gestae
1291 1761 1431 1807 notae
1460 1751 1559 1806 sibi
1586 1758 1784 1815 essent,

202 1844 304 1898 sed
338 1845 487 1914 quasi
522 1846 653 1899 ultio
692 1862 723 1900 e
763 1846 981 1915 vestigio
1034 1853 1377 1913 sequeretur,
1408 1842 1790 1909 retributioqne

203 1935 449 1990 instaret.
479 1935 541 1990 Si
568 1936 699 1990 enim
725 1937 909 2003 fuerint
953 1937 1130 1989 domus
1173 1934 1363 1999 multas,
1388 1936 1441 1987 in
1469 1933 1787 1987 solitudinem

202 2037 353 2080 erunt
384 2043 579 2095 ntagntz
598 2037 643 2081 et
665 2028 907 2097 pulchrar,
934 2044 1021 2081 nec
1050 2037 1190 2080 erunt
1222 2028 1305 2095 qui
1332 2026 1549 2079 habitent
1571 2026 1622 2079 in
1649 2027 1741 2079 eis.

282 2118 521 2172 Avaritia
558 2120 778 2173 morbus.
806 2150 877 2160 ——
912 2119 1218 2187 llujusmodi
1264 2126 1347 2173 est
1375 2118 1595 2173 avaritia
1625 2136 1638 2172 :
1666 2133 1787 2173 cum

202 2208 359 2277 plura
385 2208 781 2277 possessoribus
822 2209 985 2272 addit,
1023 2209 1167 2278 ipsos
1206 2208 1364 2262 etiam
1396 2224 1457 2263 ex
1492 2209 1634 2277 prius
1661 2223 1788 2278 pos-

204 2299 370 2353 sessis
395 2300 590 2368 dcjicit.
620 2299 768 2368 Quod
796 2301 955 2355 etiam
980 2300 1064 2354 hic
1092 2300 1622 2356 subindicatdicens:
1655 2301 1785 2356 Cum

203 2391 487 2461 splendide
529 2392 935 2457 aediﬁcaveritis,
973 2401 1025 2447 et
1062 2393 1294 2446 omnium
1323 2393 1459 2447 bona
1491 2393 1639 2446 vobis
1666 2407 1785 2447 eor-

205 2484 485 2548 raseritis,
528 2492 653 2537 tunc
701 2483 858 2537 etiam
904 2483 971 2537 ab
998 2483 1097 2545 iis,
1129 2498 1247 2551 quae
1290 2488 1434 2552 prius
1475 2483 1785 2546 habebatis,

204 2573 485 2627 excidetis.
518 2574 581 2627 Et
602 2575 815 2628 Stabunt
855 2574 996 2627 mdes
1036 2573 1207 2627 nullos
1235 2572 1558 2628 habitatores
1586 2572 1786 2628 haben-

207 2672 311 2728 tes,
342 2665 433 2717 sed
470 2664 589 2717 tuba
616 2664 894 2719 clariorem
940 2664 1238 2718 emittentes
1270 2679 1450 2718 vocem
1477 2674 1661 2718 contra
1688 2678 1784 2717 eos

202 2754 297 2821 qui
349 2754 468 2808 illas
497 2754 642 2821 prius
672 2761 975 2822 rapuerant,
1015 2754 1261 2808 vastitate
1299 2755 1389 2808 illa
1419 2762 1561 2808 tanta
1604 2753 1787 2823 tropaei

205 2845 378 2897 instar
422 2845 675 2899 exhibita.
707 2845 792 2899 10.
828 2843 925 2898 Ubi
966 2844 1099 2897 enim
1141 2854 1413 2913 operantur
1451 2843 1619 2897 decem
1657 2845 1788 2914 juga

204 2936 379 2995 boum,
413 2936 563 3005 faciet
593 2934 914 3005 lagunculam
938 2951 1091 2987 unam
1119 2949 1138 2988 :
1158 2944 1202 2988 et
1226 2935 1312 3004 qui
1338 2934 1551 2988 seminat
1587 2936 1788 2990 artabas

204 3044 315 3089 sex,
347 3029 495 3097 faciet
534 3044 790 3080 mensuras
820 3037 935 3081 tres.
967 3027 1049 3081 Ab
1096 3026 1229 3081 urbe
1257 3026 1309 3080 in
1338 3028 1447 3095 agri
1490 3028 1788 3080 vastitatem

206 3133 514 3172 sermonem
548 3119 743 3181 educit,
776 3120 841 3170 ita
874 3127 928 3171 ut
964 3116 1194 3186 undique
1241 3116 1532 3170 auditorem
1582 3118 1786 3185 percel-

207 3210 304 3261 lat.
339 3207 519 3276 Neque
563 3210 704 3262 cnim
732 3207 941 3273 domus,
985 3208 1182 3277 inquit,
1217 3207 1542 3261 habitatores
1580 3208 1787 3262 detine-

205 3300 372 3363 bunt,
420 3315 590 3368 neque
635 3311 771 3353 terra
810 3315 956 3354 suam
985 3300 1225 3354 ostendet
1257 3298 1486 3352 nativam
1514 3300 1783 3356 virtutem.

204 3392 423 3446 Etenim
453 3392 518 3446 ab
540 3393 688 3447 initio
711 3393 777 3447 ob
803 3390 931 3446 Adae
961 3400 1237 3462 peceatum
1277 3390 1457 3459 spinas
1484 3398 1537 3444 et
1563 3391 1787 3444 tribulos

207 3484 461 3551 protulit;
504 3498 564 3537 ac
619 3492 735 3552 post
776 3483 945 3548 illum,
977 3492 1192 3551 propter
1238 3480 1384 3535 Caini
1434 3482 1782 3552 iniquitatem,

205 3575 379 3626 multo
402 3574 659 3628 minorem
686 3588 843 3643 quam
870 3574 1077 3627 labores
1096 3572 1211 3642 ejus
1228 3573 1528 3642 exigebant,
1551 3580 1606 3626 et
1625 3586 1784 3640 quam

202 3666 285 3718 vis
312 3665 487 3718 nativa
521 3673 673 3718 terra:
715 3666 1047 3733 postulabat,
1078 3673 1390 3732 proventum
1423 3664 1559 3718 tulit.
1606 3664 1785 3732 Smpe-

202 3772 308 3825 que
335 3757 459 3809 alibi
490 3756 670 3811 videre
692 3765 775 3811 est
801 3764 995 3809 terram
1021 3756 1088 3809 ob
1118 3765 1329 3824 peccata
1360 3755 1630 3808 hominum
1664 3756 1780 3823 ple-

202 3847 294 3901 cti.
332 3846 396 3899 Et
426 3845 550 3913 quid
594 3845 820 3909 miraris,
862 3845 904 3898 si
950 3845 1199 3913 iniquitas
1245 3853 1400 3898 terra:
1458 3845 1780 3899 fertilitatem

200 3938 466 3991 obtundat
515 3936 892 4006 hominumque
926 3936 1301 3990 fecunditatem
1324 3977 1338 4002 ,
1372 3936 1585 4006 quando
1621 3938 1780 3991 etiam

201 4038 423 4097 propter
467 4041 564 4082 nos
611 4027 967 4096 corruptibilis
1006 4026 1142 4081 faeta
1193 4036 1295 4092 est,
1321 4035 1374 4081 et
1423 4036 1637 4096 propter
1684 4044 1780 4083 nos

200 4133 419 4173 rursum
492 4118 899 4187 incorruptibilis
967 4117 1231 4173 efﬁcitur?
1286 4117 1418 4184 Quia
1467 4120 1611 4173 enim
1660 4134 1783 4187 pro-

197 4218 321 4277 pter
360 4223 457 4262 nos
505 4209 740 4272 omnino,
769 4216 821 4262 et
862 4218 1077 4276 propter
1110 4209 1459 4261 ministerium
1513 4218 1774 4275 nostrum,

199 4297 565 4351 exsistentiam
602 4296 823 4364 accepit,
871 4295 993 4348 hinc
1034 4294 1195 4349 etiam
1218 4296 1406 4365 accipit
1452 4305 1508 4351 ut
1552 4297 1652 4352 hac
1693 4299 1779 4353 vel

198 4389 287 4443 illa
310 4386 616 4440 conditione
639 4386 744 4439 sint
762 4385 874 4455 ejus
900 4386 1214 4455 principium
1238 4397 1289 4441 et
1315 4388 1486 4441 radix.
1515 4388 1603 4442 Sic
1617 4390 1777 4444 etiam

203 4490 451 4546 tempore
499 4476 610 4531 Noe
644 4476 860 4530 factum.
902 4476 1033 4543 Quia
1063 4478 1113 4531 in
1143 4488 1432 4532 extremam
1487 4481 1777 4548 nequitiam

199 4579 387 4623 natura
418 4567 687 4621 hominum
721 4566 1010 4621 deﬂexerat
1029 4608 1045 4633 ,
1074 4581 1160 4622 res
1181 4582 1367 4622 omnes
1394 4570 1771 4635 miscebantur,

198 4659 426 4723 semina,
460 4657 672 4727 plantae,
703 4657 975 4711 brutorum
1002 4672 1216 4727 genera,
1256 4667 1392 4713 terra
1417 4700 1432 4725 ,
1466 4676 1631 4726 mare,
1660 4677 1771 4728 aer,

195 4757 430 4810 montes,
462 4747 646 4809 saltus,
684 4748 867 4810 colles,
906 4748 1085 4809 urbes,
1118 4749 1274 4811 muri,
1308 4748 1518 4815 domus,
1553 4761 1725 4805 turres
1756 4769 1769 4804 :

193 4836 482 4904 omniaque
526 4850 743 4904 prorsus
772 4837 991 4892 terribili
1036 4839 1125 4891 illo
1166 4840 1350 4909 pelago
1380 4842 1765 4898 obruebantur.

192 4931 332 4996 Quia
374 4944 501 4984 vero
540 4944 750 4984 rursum
789 4945 1007 4985 necesse
1046 4940 1158 4984 erat
1186 4940 1242 4985 ut
1282 4933 1568 4987 humanum
1608 4950 1773 5004 genus

193 5030 548 5085 accresceret,
584 5030 721 5075 terra
749 5022 985 5075 nativum
1009 5036 1160 5075 suum
1194 5022 1434 5077 ordinem
1463 5027 1687 5093 accepit,
1719 5036 1772 5079 et

189 5120 244 5173 in
282 5114 515 5183 priorem
546 5112 859 5181 elegantiam
900 5112 1137 5165 resﬁtuta
1167 5122 1269 5166 est.
1300 5112 1354 5167 ld
1386 5124 1559 5168 autem
1592 5116 1770 5170 videas

189 5220 255 5259 ex
288 5212 438 5270 parte
471 5201 663 5255 factum
689 5200 740 5253 in
767 5199 1036 5253 hominum
1082 5201 1357 5254 honorem.
1388 5204 1593 5256 Etenim
1623 5207 1770 5273 pela-

188 5308 291 5364 gus
333 5307 391 5345 se
421 5290 728 5353 summovit,
758 5299 811 5344 et
840 5292 1029 5345 iterum
1057 5294 1315 5360 apparuit,
1366 5293 1442 5345 sol
1476 5293 1769 5348 refrenatus

188 5392 274 5440 est
294 5398 415 5437 cum
446 5383 591 5447 luna,
622 5382 943 5449 solitumque
964 5398 1175 5437 cursum
1202 5384 1461 5447 deseruit,
1494 5386 1625 5453 ignis
1648 5402 1769 5455 qua:

187 5475 255 5529 ad
277 5490 468 5544 aquam
486 5472 819 5543 pertinebant
838 5474 1096 5541 prmstitit,
1133 5483 1270 5527 terra
1297 5490 1416 5542 qua:
1440 5476 1503 5528 ad
1530 5476 1760 5544 pelagus,

187 5565 406 5635 pelagus
435 5579 553 5631 qua:
585 5563 650 5615 ad
684 5572 876 5615 terram
908 5579 921 5615 :
957 5565 1261 5633 omniaque,
1295 5574 1351 5618 ut
1380 5567 1542 5619 semel
1570 5566 1763 5631 dicam,

189 5659 243 5711 in
275 5654 555 5709 utilitatem
583 5655 857 5709 hominum
887 5671 943 5710 se
974 5657 1369 5712 lransformant.
1409 5659 1473 5713 Et
1499 5660 1619 5727 quia
1646 5674 1762 5711 om-

187 5748 273 5802 nia
307 5749 507 5803 honore
538 5744 789 5818 prteccdit
817 5745 1008 5814 homo,
1044 5760 1360 5819 propterque
1384 5750 1555 5820 ipsum
1584 5750 1761 5805 omnia

1892 465 2028 519 facta
2058 474 2213 527 sunt;
2271 466 2391 522 ideo
2416 476 2469 523 et
2498 482 2660 536 nunc,
2687 468 2808 538 quia
2823 470 3330 545 Iudaicus-populus
3356 494 3469 547 pee-

1890 558 2061 625 cavit,
2093 569 2248 613 terra:
2274 569 2454 628 partus
2487 561 2625 615 Deus
2653 562 2882 628 cohibet,
2921 582 2983 620 ac
3010 578 3131 636 post
3156 572 3349 625 multos
3381 571 3460 625 lao

1892 654 2051 708 bores
2078 653 2404 723 sudoresque
2430 671 2534 708 non
2567 656 2694 709 sinit
2719 657 2834 725 ejus
2864 660 3064 714 viscera
3096 662 3309 719 solitum
3340 680 3466 734 pro-

1891 754 2104 797 ventum
2149 742 2389 807 referre;
2440 754 2499 799 ut
2544 745 2667 799 inde
2711 747 2939 815 discant,
2983 765 3085 805 non
3132 755 3465 823 agricultura:

1891 843 2080 898 artem,
2109 849 2206 888 nec
2246 834 2410 890 boves
2438 845 2488 891 et
2516 846 2751 892 aratrum
2774 880 2788 902 ,
2820 856 2991 911 neque
3023 853 3175 899 terra:
3202 857 3467 915 naturam,

1892 942 1991 981 nec
2020 928 2161 983 aliud
2192 929 2363 983 simile
2383 930 2675 999 quidpiam,
2700 931 2795 986 sed
2824 933 3011 987 horum
3034 936 3267 990 omnium
3293 939 3477 993 Domi-

1894 1036 2017 1073 num
2047 1035 2188 1087 esse,
2234 1023 2324 1092 qui
2380 1022 2586 1077 liberali
2616 1038 2774 1077 manu
2803 1026 2979 1079 omnia
3024 1027 3264 1093 effundit,
3293 1041 3346 1084 et
3373 1032 3471 1085 ite-

1892 1124 2033 1177 rum,
2077 1127 2197 1165 cum
2229 1112 2361 1178 vult,
2401 1111 2578 1167 omnia
2622 1112 2855 1169 cohibet.
2883 1118 2968 1170 lt.
3011 1115 3100 1171 Va:
3134 1122 3220 1189 qui
3257 1134 3471 1191 surgunt

1891 1216 2056 1267 mane,
2075 1212 2120 1256 et
2140 1204 2349 1256 siceram
2377 1214 2756 1272 persequuntur,
2781 1206 2865 1273 qui
2885 1218 3086 1261 manent
3110 1210 3174 1262 ad
3190 1226 3464 1281 vesperam.

1904 1291 2084 1346 Vinum
2123 1310 2252 1347 enim
2301 1296 2574 1348 succendat
2611 1311 2717 1349 eos.
2753 1295 2842 1350 12.
2876 1295 3013 1350 Nam
3058 1316 3172 1353 cum
3199 1301 3395 1355 cit/rara
3420 1314 3470 1357 et

1895 1384 2134 1452 psalterio
2157 1394 2204 1437 et
2244 1386 2497 1454 tympanis
2521 1395 2568 1439 et
2608 1386 2742 1440 tibiis
2770 1389 2941 1440 vinum
2961 1388 3134 1443 bibunt
3159 1408 3177 1445 :
3199 1410 3351 1461 opera
3378 1410 3474 1447 au-

1892 1490 1988 1527 tem
2016 1473 2113 1527 Dei
2135 1492 2235 1528 non
2256 1478 2549 1545 respiciunt,
2583 1487 2628 1531 et
2647 1493 2800 1545 opera
2822 1496 3061 1533 manuum
3089 1482 3196 1550 ejus
3221 1500 3320 1537 non
3342 1496 3462 1538 con-

1891 1567 2131 1621 siderant.
2158 1568 2441 1636 Postquam
2471 1569 2741 1639 ingentem
2766 1571 2975 1626 illorum
2996 1575 3271 1630 avaritiam
3289 1577 3472 1633 redar-

1890 1661 2019 1729 guit,
2052 1660 2178 1714 mali
2217 1661 2450 1715 radicem
2473 1662 2556 1714 hic
2583 1662 2752 1731 ponit.
2782 1661 2908 1717 lltec
2933 1680 3059 1719 vero
3079 1677 3192 1720 erat
3218 1669 3469 1736 ebrietas,

1892 1762 2264 1809 sexcentorum
2296 1768 2453 1809 causa
2496 1756 2755 1809 malorum
2785 1773 2797 1810 :
2826 1772 2945 1811 cum
2987 1760 3213 1815 maxime
3241 1761 3328 1816 illa
3356 1778 3471 1817 mo-

1891 1842 2021 1898 dum
2050 1859 2265 1900 omnem
2294 1847 2523 1900 excedit.

1961 1934 2015 1988 5.
2074 1934 2264 1989 Contra
2311 1936 2613 1990 ebrietatem.
2666 1968 2738 1978 —
2785 1939 3017 1993 Observa
3068 1941 3261 2011 igitur,
3310 1960 3468 2007 quam

1889 2033 2134 2080 accurate
2157 2026 2275 2079 illos
2324 2026 2582 2081 traducat.
2613 2028 2803 2081 Totum
2843 2031 2983 2083 enim
3009 2032 3147 2085 diem
3175 2033 3225 2086 in
3252 2034 3363 2087 hare
3390 2036 3473 2089 in-

1891 2114 2029 2167 sumi
2056 2114 2205 2169 dicit.
2244 2113 2426 2184 Neque
2453 2116 2593 2170 enim
2622 2131 2742 2171 cum
2780 2119 3143 2186 prandendum
3175 2124 3345 2189 est,id
3394 2124 3471 2178 fa-

1891 2203 2070 2267 ciunt,
2096 2203 2284 2273 inquit,
2311 2205 2404 2259 sed
2431 2220 2588 2260 omne
2616 2216 2823 2276 tempus
2870 2208 2921 2261 in
2948 2209 3217 2264 ebrietatis
3263 2222 3472 2281 tempus

1892 2304 2160 2349 vertentes
2180 2335 2195 2359 ,
2225 2295 2293 2350 ab
2319 2305 2440 2350 ortu
2464 2296 2566 2351 dici
2590 2336 2605 2363 ,
2648 2298 2861 2367 quando
2900 2302 3130 2357 maxime
3166 2303 3265 2357 sibi
3296 2314 3485 2360 attcn-i

1890 2384 2017 2439 dere
2041 2384 2305 2440 debebant
2329 2426 2343 2453 ,
2375 2388 2539 2441 multo
2565 2403 2714 2444 mero
2741 2404 2799 2444 se
2827 2390 3101 2456 dedentes,
3134 2395 3328 2451 vellent
3354 2400 3471 2452 nol~

1890 2474 2000 2528 lent
2034 2474 2286 2544 deinceps
2326 2492 2493 2546 usque
2522 2478 2588 2532 ad
2614 2493 2891 2549 vesperam
2921 2482 2971 2535 in
3006 2486 3192 2539 morbo
3222 2504 3471 2555 perseve-

1890 2563 2097 2619 rabant.
2134 2563 2357 2630 Quando
2398 2566 2539 2621 enim
2581 2569 2747 2624 semel
2786 2570 2837 2623 in
2877 2574 3177 2642 voraginem
3207 2576 3468 2649 intempe-

1890 2656 2075 2710 rantite
2101 2671 2221 2712 sese
2245 2656 2610 2714 demerserant
2636 2701 2651 2728 ,
2678 2676 2741 2716 ac
2767 2661 2835 2716 de
2864 2667 3087 2718 naturali
3114 2672 3303 2723 mentis
3324 2682 3465 2726 statu

1890 2744 2226 2813 deciderant,
2275 2749 2612 2820 animamque
2647 2753 2911 2821 captivam
2964 2770 3137 2823 pravae
3190 2760 3464 2818 ebrietatis

1891 2837 2153 2907 tyrannidi
2190 2838 2549 2905 tradiderant;
2580 2843 3024 2910 quemadmodum
3065 2848 3213 2904 navis
3241 2865 3342 2904 non
3378 2868 3475 2906 εει--

1891 2926 2127 2994 burrata,
2156 2931 2622 3001 gubernatoreque
2651 2940 2706 2986 et
2735 2935 2908 2989 nautis
2937 2934 3207 3003 destituta,
3242 2939 3465 2997 fortuito

1891 3030 1945 3075 et
1975 3036 2386 3091 quoquoversus
2432 3023 2632 3089 fertur,
2666 3028 2949 3082 temerario
2973 3044 3228 3097 aquarum
3268 3034 3468 3104 impetu

1890 3112 2195 3180 exagitata:
2228 3111 2475 3167 eumdem
2508 3114 2559 3167 in
2600 3116 2815 3169 modum
2842 3117 2898 3171 hi
2934 3120 3191 3175 ebrietate
3237 3122 3471 3181 demersi

1892 3202 2150 3257 feruntur.
2183 3202 2308 3257 ldco
2337 3203 2410 3257 ait
2440 3222 2453 3257 :
2494 3202 2582 3257 Va:
2611 3207 2698 3275 qui
2726 3219 2937 3276 surgant
2975 3226 3118 3265 mane
3143 3252 3155 3274 ,
3183 3221 3232 3265 et
3256 3215 3467 3269 siceram

1891 3307 2273 3364 persequuntur.
2302 3296 2418 3352 Non
2446 3296 2588 3351 enim
2611 3301 2985 3355 necessitatem
3020 3305 3339 3374 explebant,
3373 3326 3470 3364 ne-

1888 3400 1992 3454 que
2020 3387 2310 3455 appetitum
2356 3388 2754 3457 exspectabant,
2806 3400 2862 3445 ut
2895 3392 2971 3446 illi
3025 3393 3260 3450 facerent
3304 3410 3464 3466 satis;

1888 3476 1982 3530 sed
2009 3476 2061 3530 in
2092 3476 2194 3531 hoc
2221 3479 2312 3531 toti
2340 3477 2738 3544 incumbebant,
2774 3479 2872 3536 hoc
2892 3484 3167 3552 curabant,
3198 3497 3252 3539 ut
3282 3503 3468 3557 perpe-

1889 3574 1981 3619 tuo
2012 3567 2289 3621 temulenti
2317 3577 2514 3622 essent.
2548 3568 2749 3625 Idcirco
2772 3572 2845 3624 ait
2880 3589 2892 3624 :
2922 3572 3021 3639 Qui
3049 3576 3259 3629 siceram
3290 3595 3464 3645 perse-

1887 3668 2128 3724 quuntur.
2148 3658 2381 3713 Siceram
2400 3659 2543 3713 enim
2566 3659 2651 3714 hic
2664 3660 2793 3715 dicit
2810 3662 3101 3732 palmarum
3122 3680 3336 3721 succum
3362 3669 3459 3741 (a),

1886 3766 2045 3819 quam
2075 3749 2447 3817 conficiebant,
2494 3752 2724 3806 fructum
2773 3764 3111 3811 conterentes
3156 3768 3210 3811 et
3237 3770 3461 3817 contun-

1885 3841 2075 3896 dentes
2099 3882 2113 3906 ,
2143 3849 2201 3895 ut
2232 3842 2283 3896 in
2323 3843 2431 3896 vini
2464 3843 2902 3900 transformarent
2945 3858 3209 3905 naturam.
3244 3853 3460 3922 Sopori-

1888 3933 2045 3987 ﬁcum
2088 3943 2265 3987 autem
2294 3946 2376 3989 est
2415 3934 2566 3999 illud,
2610 3934 3028 4007 ehrietatemque
3073 3942 3227 4007 parit.
3272 3950 3339 3997 At
3386 3947 3460 4001 illi

1886 4024 2013 4078 nihil
2048 4024 2235 4077 horum
2268 4025 2659 4091 observabant,
2694 4026 3016 4096 voluptatem
3045 4031 3236 4102 ubique
3282 4050 3461 4103 perse-

1884 4126 2127 4185 quentes,
2181 4124 2236 4171 et
2267 4130 2431 4186 usque
2476 4116 2543 4170 ad
2595 4133 2877 4187 vesperam
2924 4134 3218 4181 manentes.
3279 4127 3461 4185 Vinum

1884 4210 2015 4261 enim
2035 4210 2299 4263 succende:
2325 4226 2426 4264 eos.
2447 4210 2590 4265 Talis
2618 4213 2812 4282 quippe
2828 4223 2910 4269 est
2933 4217 3208 4273 ebrietatis
3231 4233 3412 4277 natura
3438 4245 3451 4280 :

1884 4313 2163 4369 progressa
2191 4311 2434 4369 augetur,
2456 4311 2514 4356 et
2541 4306 2838 4372 graviorem
2861 4306 3001 4360 sitim
3019 4310 3230 4364 excitat.
3260 4313 3459 4369 Deinde

1882 4392 2022 4446 aliud
2053 4408 2157 4447 non
2190 4394 2365 4448 minus
2406 4396 2582 4464 priore
2606 4397 2808 4452 crimen
2841 4399 3024 4467 objicit
3058 4401 3238 4456 dicens
3268 4422 3280 4457 :
3314 4406 3451 4459 Nam

1882 4501 1996 4537 cum
2024 4486 2218 4538 cithara
2249 4496 2296 4539 et
2326 4488 2566 4555 psalterio
2587 4527 2601 4550 ,
2648 4497 2695 4541 et
2729 4491 2980 4559 tympanis
3017 4502 3065 4545 et
3110 4494 3240 4549 tibiis
3285 4499 3455 4552 vinum

1882 4576 2073 4629 bibunt.
2118 4577 2263 4630 lianc
2311 4576 2736 4632 criminationem
2783 4582 2982 4648 profert
3030 4583 3165 4637 alter
3197 4590 3452 4655 propheta

1880 4666 2061 4721 dicens
2102 4683 2115 4719 ε
2158 4666 2253 4730 Qui
2283 4666 2456 4719 bibunt
2496 4668 2793 4737 defwcatum
2832 4670 3020 4736 vinum,
3065 4684 3111 4727 et
3148 4678 3323 4744 primis
3349 4696 3445 4733 un-

1880 4758 2075 4826 guentis
2103 4757 2259 4823 uncti,
2286 4758 2370 4825 qui
2391 4758 2643 4826 plaudunt
2659 4760 2724 4811 ad
2745 4776 2910 4814 vocem
2929 4780 3256 4834 organorum.
3294 4769 3449 4832 Quasi

1878 4849 2067 4901 stantia
2092 4858 2468 4918 reputaverunt,
2500 4860 2546 4903 et
2569 4867 2668 4905 non
2710 4854 2855 4919 quasi
2878 4856 3120 4925 fugientia
3169 4859 3187 4925 (
3211 4860 3360 4914 Amos
3396 4862 3447 4917 6.

1880 4940 1931 4993 6.
1963 4939 2051 5009 ὅ).
2084 4936 2315 4994 Etenim“
2341 4950 2594 4995 extremae
2624 4943 2929 4997 stoliditatis
2963 4946 3170 5013 signum
3201 4959 3302 5011 est,
3336 4954 3455 5005 ani-

1878 5030 2054 5097 mique
2092 5030 2334 5083 dissoluti
2381 5029 2597 5084 domum
2634 5046 2783 5085 suam
2816 5034 2867 5086 in
2899 5034 3162 5089 theatrum
3195 5048 3447 5105 vertere,

1876 5132 1929 5175 et
1962 5122 2261 5191 hujusmodi
2300 5123 2521 5177 canticis
2560 5138 2620 5178 se
2662 5124 2877 5180 dedere.
2912 5126 3064 5192 Quod
3112 5136 3168 5181 et
3217 5131 3448 5189 ebrietas

1937 5253 2007 5319 (n)
2041 5252 2303 5319 Singularis
2329 5261 2483 5319 certe
2527 5255 2673 5313 vocis,
2721 5254 2892 5319 sisere,
2928 5257 3282 5319 interpretatio.
3308 5268 3456 5312 Nemo

1874 5317 2055 5377 quippe
2100 5318 2281 5373 nescit,
2328 5316 2452 5363 hanc
2494 5329 2665 5364 vocem
2706 5318 2987 5365 Hebraicam
3034 5316 3145 5368 esse
3180 5334 3191 5369 :
3240 5334 3299 5370 ex
3340 5327 3455 5379 Ὄτυ

1873 5390 2095 5453 nimirum
2121 5399 2408 5453 expressum
2434 5394 2527 5453 est,
2552 5386 2726 5453 sicera.
2764 5387 3000 5453 significat
3020 5397 3181 5439 autem
3202 5403 3344 5440 omne
3369 5406 3452 5453 po-

1874 5450 2016 5495 tionis
2039 5462 2195 5509 genus
2235 5448 2501 5495 inebriandi
2535 5450 2629 5497 vim
2653 5448 2862 5508 habens;
2887 5450 3015 5500 unde
3037 5463 3065 5499 a
3090 5455 3279 5501 caeteris
3302 5448 3451 5501 inter-

1872 5512 2093 5573 pretibus
2115 5509 2348 5573 redditur.
2374 5509 2593 5559 ebrietas.
2620 5510 2883 5573 Hesychius
2904 5509 3267 5573 interpretatur,
3293 5514 3449 5562 einun-

1871 5570 2180 5637 condimentis
2203 5570 2423 5618 mixtum.
2450 5578 2686 5637 Tempore
2708 5570 2913 5637 fortasse
2936 5570 3270 5637 Chrisostumi,
3296 5575 3453 5637 liquor

1872 5644 1931 5679 ex
1959 5631 2221 5699 palmarum
2240 5645 2385 5699 succo
2420 5631 2687 5699 confectus,
2705 5632 2859 5683 sicera
2887 5631 3159 5683 vocabatur.
3185 5631 3290 5682 Eam
3314 5631 3457 5699 qnip-

1870 5706 1931 5763 pe
1957 5694 2407 5756 interpretationem
2434 5696 2590 5757 ipsum
2630 5709 2744 5747 esse
2775 5706 3097 5748 commentum
3122 5710 3217 5746 non
3246 5694 3448 5761 put-auls

1868 5769 1975 5805 l'llll.
