4156 6312
707 337 780 391 63
1410 324 1467 380 s.
1508 324 1784 383 JOANNJS
1819 328 2290 390 cunvsosrout
2328 336 2643 395 ARCHIEP.
2685 340 3191 410 consraurmor

701 434 828 489 facit
871 434 1102 493 tenebris
1149 436 1450 505 ot‘fundens,
1475 438 1577 495 hoc
1611 451 1665 495 et
1690 440 1889 497 musica
1913 450 2168 513 operatur
2196 442 2278 499 vi-

697 539 880 594 gorem
920 527 1114 581 mentis
1153 527 1471 595 emolliens,
1511 530 1779 602 roburque
1806 534 1969 587 animi
2000 532 2278 605 frangens,

697 623 750 670 et
790 614 856 669 ad
882 616 1140 684 majorem
1167 617 1407 673 alliciens
1431 618 1723 675 lasciviam.
1763 621 1935 691 Opera
1976 631 2143 679 autem
2183 623 2280 678 Dei

696 720 798 759 non
828 707 1120 775 respiciunt,
1148 716 1194 761 et
1220 723 1374 778 opera
1402 726 1643 764 manuum
1670 712 1780 782 ejus
1806 729 1907 767 non
1932 715 2275 769 considerant.

700 792 793 852 Vel
820 796 1077 851 miracula
1106 798 1222 867 ejus
1241 797 1388 865 dicit,
1410 800 1493 855 vel
1515 810 1718 858 naturae
1746 806 2273 876 contemplationem.

695 885 976 952 Quomodo
995 898 1172 944 autem
1192 891 1397 959 possint
1420 890 1612 947 horum
1637 904 1966 965 spectatores
1985 911 2124 962 esse,
2153 912 2276 953 cum

694 977 835 1034 diem
864 978 918 1033 in
960 991 1169 1037 noctem
1212 992 1450 1053 vertant,
1506 994 1667 1042 noctu
1713 1002 1842 1042 vero
1886 989 2056 1045 nihilo
2085 990 2277 1045 melius

694 1070 803 1124 sint
829 1069 1003 1125 allecti
1024 1112 1041 1137 ,
1074 1086 1236 1141 quam
1262 1075 1495 1130 mortui?
1518 1077 1792 1147 quomodo
1823 1088 2075 1148 poterunt
2100 1080 2269 1136 solem

695 1162 967 1218 orientem
1014 1162 1213 1230 videre,
1247 1165 1366 1222 caeli
1390 1166 1758 1237 splendentem
1788 1170 2234 1240 pulchritudinem
2256 1214 2271 1242 ,

693 1269 1019 1327 vespereqne
1047 1257 1249 1313 varium
1288 1259 1433 1314 illum
1463 1261 1736 1316 stellarum
1767 1262 2013 1332 chorum,
2043 1275 2275 1321 caetera-

693 1354 921 1417 rumque
948 1357 1314 1405 creaturarum
1345 1350 1590 1407 ordinem
1613 1362 1668 1409 et
1692 1356 2047 1412 ministerium
2075 1398 2092 1424 ,
2120 1374 2184 1413 ex
2197 1367 2276 1414 te-

693 1437 922 1494 rioribus
960 1439 1405 1512 interioribusque
1451 1444 1619 1498 oculis
1666 1445 1902 1513 privati?
1942 1446 2059 1503 Non
2087 1462 2271 1517 parum

691 1544 823 1600 ergo
866 1530 918 1585 in
949 1530 1050 1587 hoc
1098 1531 1209 1587 lipsi
1236 1542 1394 1601 sunt,
1426 1534 1568 1604 quod
1609 1551 1897 1607 numquam
1928 1540 2272 1609 contemplati

694 1621 788 1677 Dei
809 1622 1067 1679 mirabilia
1108 1640 1173 1680 ex
1208 1625 1308 1680 hac
1348 1626 1453 1681 vita
1483 1626 1780 1696 discedant,
1810 1642 1932 1684 cum
1963 1632 2106 1686 omni
2138 1641 2274 1689 tem-

695 1727 826 1781 pore
850 1713 1124 1770 ebrietatis
1160 1715 1394 1771 tenebris
1421 1716 1595 1772 obruti
1632 1719 1843 1775 fuerint.
1875 1722 1962 1777 15.
1987 1721 2154 1792 lgitur
2181 1739 2272 1777 ca-

693 1804 858 1873 ptivus
878 1804 1043 1874 factus
1065 1815 1136 1860 est
1164 1808 1380 1878 papulas
1405 1824 1564 1874 meus,
1588 1825 1644 1863 eo
1665 1811 1798 1880 quod
1826 1827 1926 1866 non
1948 1819 2271 1884 cognoverint

691 1893 987 1949 Dominum.
1017 1895 1219 1952 Rursus
1245 1899 1385 1969 quod
1427 1899 1657 1955 futurum
1685 1912 1799 1956 erat
1847 1912 1904 1957 ut
1944 1904 2270 1972 praeteritum

693 1988 996 2053 annuntiat,
1027 1996 1081 2042 et
1119 2004 1329 2060 poenam
1374 1990 1535 2046 infert
1560 1991 1754 2048 delicto
1798 1992 1945 2048 huic.
1994 1994 2269 2065 Siquidem

689 2076 773 2130 vel
796 2076 907 2147 ipsa
935 2078 1163 2134 ebrietas
1188 2080 1413 2149 quodvis
1436 2083 1755 2152 supplicium
1784 2094 2049 2154 exmquat,
2076 2087 2272 2141 tumul-

690 2176 799 2220 tum
852 2166 903 2221 in
947 2168 1123 2223 anima
1180 2171 1411 2240 pariens,
1457 2173 1683 2242 caligine
1721 2184 1953 2229 mentem
2010 2176 2267 2245 replens,

688 2261 949 2329 captivam
978 2262 1146 2333 ipsam
1175 2266 1528 2333 constituens,
1570 2268 1868 2324 innumeris
1897 2270 2019 2324 illos
2049 2272 2271 2327 interius

688 2361 742 2407 et
789 2356 1020 2410 exterius
1061 2360 1294 2412 obruens
1345 2360 1563 2412 morbis.
1608 2359 1723 2415 lloe
1774 2371 1999 2416 noverat
2040 2361 2267 2429 Paulus,

687 2461 879 2516 nempe
929 2438 1183 2503 maliiiam
1224 2464 1319 2518 pro
1359 2450 1620 2519 supplicio
1668 2467 1819 2518 esse;
1866 2453 1987 2507 ideo
2030 2454 2100 2508 ait
2137 2472 2151 2508 :
2201 2453 2270 2509 Et

687 2537 961 2591 mercedem
986 2555 1135 2608 quant
1164 2541 1404 2608 oportuit,
1437 2542 1620 2595 erroris
1649 2544 1728 2595 sui
1758 2543 1808 2595 in
1832 2545 2109 2613 semetipsis
2137 2545 2268 2599 rcci-

686 2628 874 2694 pientes
896 2628 914 2697 (
932 2627 1076 2683 Rom.
1107 2626 1157 2681 Ι.
1180 2627 1294 2698 27).
1335 2629 1530 2685 Verum
1558 2632 1769 2700 quando
1799 2633 1851 2687 id
1876 2635 2037 2688 etiam
2067 2635 2269 2690 stolidi-

687 2720 807 2774 tatis
832 2735 1015 2774 corum
1052 2721 1325 2791 proprium
1368 2732 1486 2787 est,
1527 2723 1669 2793 quod
1699 2725 2023 2793 puniantur,
2073 2741 2171 2781 nec
2210 2740 2269 2782 se

684 2813 859 2881 puniri
888 2814 1140 2880 sentiant,
1174 2814 1317 2885 quod
1352 2825 1631 2886 aegrotent.
1679 2831 1779 2871 nec
1819 2818 1989 2872 sciant
2019 2833 2080 2873 se
2108 2834 2271 2887 :egro-

685 2914 819 2970 tare,
858 2906 925 2960 ab
961 2906 1160 2961 exteris
1200 2908 1363 2963 etiam
1394 2908 1715 2977 supplicium
1764 2907 1987 2975 inducit,
2041 2909 2264 2979 aitque:

683 2996 852 3070 Igitur
889 2997 1111 3066 captivus
1154 2999 1317 3069 factus
1344 3009 1416 3051 est
1443 2999 1661 3068 populus
1689 3015 1851 3063 meus,
1901 3016 1958 3053 eo
2006 3000 2140 3069 quod
2163 3015 2265 3053 non

683 3088 1002 3162 cognoverint
1047 3087 1342 3142 Dominum.
1376 3088 1443 3142 Et
1471 3090 1743 3143 multitudo
1778 3093 1914 3159 facta
1945 3100 2015 3144 est
2040 3100 2265 3143 mortuo-

681 3198 797 3235 rum
825 3192 1030 3251 propter
1055 3187 1238 3253 famem
1258 3188 1305 3238 et
1328 3180 1461 3237 sitim
1492 3196 1657 3252 aqua.
1689 3179 1815 3237 Vide
1843 3179 2060 3235 multam
2100 3181 2267 3238 inser-

682 3282 791 3326 tam
841 3273 893 3326 in
941 3272 1202 3343 supplicio
1243 3274 1615 3338 monitionem,
1666 3288 1839 3343 neque
1892 3275 2261 3343 gravissimam

681 3362 860 3417 statim
889 3362 1070 3418 induci
1102 3364 1420 3419 sectionem.
1452 3364 1634 3433 Neque
1661 3366 1805 3419 enim
1834 3367 2014 3420 subito
2042 3366 2264 3435 captivi-

683 3464 846 3508 tatem
889 3454 1104 3521 intulit,
1135 3454 1230 3509 sed
1273 3454 1463 3509 famem
1503 3456 1651 3524 prius
1688 3464 1743 3510 et
1797 3455 1967 3522 sitim,
2009 3466 2066 3510 ut
2118 3456 2262 3510 domi

680 3555 993 3611 manentes,
1029 3546 1275 3601 meliores
1310 3546 1643 3612 evaderent,
1686 3561 1857 3617 neque
1883 3548 1954 3602 ob
1995 3548 2262 3602 ineurabi-

683 3638 790 3693 lem
809 3638 1053 3693 morbum
1073 3637 1417 3693 barbarorum
1438 3638 1728 3693 exercitum
1752 3637 2103 3693 attraherent.
2126 3638 2259 3704 Quia

679 3744 808 3784 vero
832 3744 939 3784 non
960 3738 1255 3794 cesserunt,
1276 3728 1513 3798 nihilque
1543 3728 1666 3782 inde
1683 3728 1871 3783 lucrati
1894 3738 2018 3783 sunt
2041 3770 2055 3796 ,
2092 3738 2261 3785 extre-

680 3834 829 3874 mum
859 3819 1089 3890 denique
1112 3820 1239 3890 ipsis
1256 3817 1459 3876 inducit
1481 3820 1823 3888 supplicium.
1856 3822 2109 3874 Attamen
2137 3831 2260 3877 ante

678 3911 770 3965 illa
795 3953 811 3979 ,
843 3912 1021 3967 verbis
1048 3911 1257 3967 extollit
1282 3920 1339 3965 et
1366 3911 1658 3981 ampliﬁcat
1684 3910 1840 3965 famis
1868 3912 2255 3981 calamitatem,

677 4008 862 4062 dicens
893 4024 908 4061 :
944 4007 1029 4061 14.
1076 4003 1323 4059 Dllataeit
1364 4005 1592 4073 infernus
1629 4004 1853 4057 animant
1904 4020 2048 4058 suam
2095 4021 2115 4059 :
2154 4020 2260 4061 non

676 4097 820 4168 quod
864 4095 1103 4151 infernus
1131 4097 1363 4150 animam
1408 4096 1598 4150 habeat
1632 4114 1645 4150 :
1680 4096 1775 4151 sed
1804 4112 2048 4166 persona:
2092 4097 2259 4154 forma

679 4189 851 4242 minas
898 4187 1161 4251 intentat,
1195 4195 1254 4240 ut
1292 4186 1494 4255 majore
1524 4202 1647 4241 eum
1692 4188 1934 4258 emphasi
1985 4190 2255 4259 loquatur,

678 4277 983 4349 ingentique
1023 4278 1213 4332 timore
1241 4276 1542 4331 auditorum
1572 4278 1783 4332 animos
1826 4280 2095 4347 percellat.
2134 4279 2260 4335 ideo

679 4372 735 4424 in
771 4369 1138 4439 pr050popteia
1165 4370 1403 4439 persistit
1430 4369 1647 4424 dicens:
1676 4368 1745 4423 Et
1770 4372 1968 4437 aperuit
1999 4388 2056 4425 os
2082 4389 2247 4437 suum,

680 4472 734 4515 ut
777 4477 877 4514 non
902 4471 1055 4514 cesset
1089 4462 1278 4530 :quasi
1302 4461 1371 4516 de
1404 4460 1514 4515 fera
1547 4452 1705 4515 verba
1733 4462 1968 4529 faciens,
1991 4474 2046 4518 et
2071 4464 2258 4533 imagi-

680 4568 804 4608 nem
843 4567 1023 4607 rerum
1069 4566 1233 4621 prope
1264 4553 1408 4620 ipsos
1437 4552 1728 4607 adducens.
1758 4552 2017 4623 Quodque
2046 4556 2261 4624 gravius

679 4652 784 4709 est,
836 4656 941 4696 non
977 4642 1137 4696 modo
1164 4643 1373 4710 aperuit
1398 4658 1459 4697 os
1495 4658 1669 4707 suum,
1694 4643 1793 4699 sed
1821 4644 1988 4702 hianti
2015 4660 2109 4700 ore
2139 4661 2258 4699 ma-

681 4743 791 4798 net,
825 4748 922 4788 nec
965 4748 1031 4787 ex
1054 4733 1164 4801 jam
1198 4732 1463 4800 absorptis
1491 4736 1735 4787 satiatur.
1774 4734 1840 4787 Et
1868 4736 2163 4789 descendent
2191 4737 2258 4789 ad

677 4842 791 4879 eum
820 4824 1063 4895 gloriosi,
1092 4834 1137 4876 et
1166 4834 1423 4893 magnetes
1447 4864 1461 4887 ,
1490 4835 1535 4877 et
1578 4824 1753 4879 divites
1777 4866 1791 4889 ,
1843 4839 1888 4879 et
1922 4837 2083 4895 pestes
2126 4830 2254 4897 ejus.

678 4914 906 4977 Exhinc,
945 4925 1001 4969 ut
1029 4914 1167 4969 scias
1193 4930 1298 4969 non
1323 4914 1615 4970 secundum
1642 4927 1845 4971 naturae
1874 4919 2117 4974 ordinem
2146 4920 2259 4976 haec

679 5005 816 5068 ﬁeri,
842 5004 935 5059 sed
962 5021 992 5057 a
1018 5006 1125 5058 Deo
1153 5005 1444 5060 immissam
1481 5020 1602 5060 esse
1630 5007 1869 5076 plagam,
1900 5020 1953 5062 et
1984 5009 2255 5063 decretum

674 5111 740 5150 ex
769 5096 901 5150 caelo
915 5095 1150 5150 delatum
1170 5136 1183 5158 .
1204 5097 1255 5150 in
1287 5096 1543 5165 dignitate
1560 5108 1613 5152 et
1643 5099 1877 5166 potentia
1906 5098 2254 5164 constitutos,

674 5184 765 5253 qui
784 5184 961 5239 omnia
988 5186 1300 5253 miscebant,
1318 5202 1509 5257 resque
1524 5187 1831 5243 Judmorum
1855 5190 2253 5256 subvertebant,

676 5290 741 5329 eo
766 5274 1118 5330 descensuros
1147 5291 1265 5330 esse
1294 5278 1388 5331 ait.

749 5368 802 5422 6.
833 5369 1015 5424 Pestes
1053 5380 1225 5425 autem
1268 5371 1387 5427 illos
1416 5371 1536 5440 jure
1580 5381 1731 5426 vocat
1755 5413 1769 5437 ,
1812 5382 1996 5441 utpote
2033 5375 2120 5443 qui
2166 5390 2258 5427 ne-

679 5460 894 5528 quitiam
934 5473 1037 5513 non
1071 5475 1232 5528 penes
1272 5477 1329 5515 se
1363 5472 1676 5525 servarent,
1720 5462 1813 5515 sed
1844 5463 2000 5517 etiam
2031 5464 2095 5516 ad
2128 5464 2259 5516 alios

678 5550 919 5609 morbum
948 5551 1388 5606 transmitterent.
1420 5554 1563 5609 Talis
1592 5554 1787 5622 quippe
1820 5561 1904 5607 est
1941 5554 2257 5622 pestilentiae

678 5652 863 5696 natura
897 5658 1053 5697 zeum
1092 5643 1162 5698 ab
1199 5658 1304 5697 uno
1344 5658 1569 5712 corpore
1604 5645 1821 5711 cmperit
1845 5686 1859 5707 ,
1904 5644 2162 5713 gradatim
2205 5645 2255 5699 in

684 5730 1065 5794 multitudinem
1097 5745 1387 5805 grassatur.
1426 5734 1487 5791 Et
1514 5734 1769 5790 exsultans
1800 5737 1850 5790 in
1883 5753 1959 5791 ea.
1989 5737 2087 5803 Qui
2119 5739 2249 5795 deli-

3880 387 3948 441 64

2383 446 2479 551 eiis
2506 463 2672 551 vacat,
2702 457 2790 551 qui
2816 462 3074 528 exsultat,
3102 468 3190 537 qui
3223 476 3367 540 putat
3388 487 3444 528 se
3469 474 3759 534 immobilia
3784 481 3950 551 possi~

2381 536 2509 633 dere
2528 540 2685 633 bona,
2719 545 2832 617 ipse
2856 566 3065 624 quoque
3093 536 3246 613 cadet
3274 570 3326 617 et
3354 564 3609 633 capietur.
3641 569 3731 625 l5.
3763 536 3833 624 Iit
3860 573 3954 626 hu-

2380 631 2657 688 miliabitur
2677 638 2846 708 homo,
2873 654 2919 695 et
2947 645 3324 703 inhonorabitur
3349 631 3464 709 viri:
3488 666 3534 711 et
3559 660 3691 713 oculi
3717 660 3953 716 sublimes

2382 721 2792 783 Itumiliabuntur.
2840 733 2924 787 16.
2958 734 3023 788 Et
3058 740 3359 796 excitabitur
3392 743 3638 802 Dominus
3670 752 3813 804 solus
3854 751 3954 804 Sa-

2378 812 2527 905 baoth
2554 818 2606 870 in
2620 819 2837 888 judicio.
2874 823 3001 881 Vide
3027 844 3210 884 rursus
3252 833 3342 888 Dei
3380 838 3787 905 providentiam.
3834 840 3950 895 Non

2377 904 2520 959 enim
2562 907 2977 969 internecionem
3019 918 3264 987 adducit,
3297 904 3466 995 neque
3507 936 3670 982 totum
3704 946 3735 984 e
3775 932 3953 985 medio

2376 992 2544 1090 abripi
2571 999 2822 1090 populum
2854 1007 3129 1075 permittit,
3162 1011 3253 1065 sed
3283 992 3535 1081 quosdam
3573 1019 3861 1090 relinquit,
3896 1030 3951 1076 ut

2376 1094 2440 1135 es
2462 1082 2766 1177 abeuntium
2789 1095 3047 1162 supplicio
3068 1099 3398 1168 resipiscam.
3427 1104 3536 1161 lloc
3560 1121 3686 1177 ergo
3708 1082 3953 1163 subindi-

2376 1186 2503 1269 cans
2531 1176 2638 1243 ait,
2671 1178 3106 1254 Ilumiliabuntur,
3143 1190 3193 1244 id
3224 1204 3323 1255 est,
3356 1196 3441 1264 qui
3469 1176 3713 1265 manent,
3742 1201 3831 1269 qui
3866 1215 3953 1253 re-

2374 1262 2483 1319 licti
2522 1278 2665 1323 sunt.
2692 1268 2757 1323 Et
2780 1275 3081 1329 exaltabitur
3104 1278 3350 1336 Dominus
3374 1262 3603 1339 VSabaot/t
3643 1262 3951 1359 in-judicio,

2374 1364 2421 1409 et
2443 1355 2580 1411 Deus
2597 1371 2797 1416 sanctus
2815 1364 3173 1435 glori/imbitur
3192 1371 3241 1424 in
3248 1373 3474 1441 justitia.
3496 1377 3606 1431 Duo
3624 1355 3772 1447 ponit
3790 1384 3950 1447 bona,

2373 1456 2427 1501 et
2454 1448 2575 1504 illos
2595 1466 2785 1521 nempe
2812 1457 3050 1513 timorem
3079 1460 3413 1531 deposituros
3433 1481 3572 1531 esse,
3595 1471 3956 1542 melioresque

2372 1537 2617 1607 futuros,
2656 1552 2709 1597 et
2754 1545 2917 1602 Deum
2959 1550 3291 1608 admirationi
3323 1554 3437 1610 fore
3478 1559 3614 1627 apud
3647 1577 3834 1617 omnes
3858 1537 3887 1630 ς-
3903 1563 3955 1617 id

2373 1630 2514 1684 enim
2541 1633 2638 1687 sibi
2664 1636 2772 1690 vult
2796 1636 2923 1692 illud
2947 1679 2963 1704 ,
2993 1638 3316 1697 Exaltabitur
3342 1656 3386 1699 et
3414 1648 3818 1718 glori/imbitur;
3864 1668 3957 1722 per

2373 1722 2689 1792 supplicium
2717 1741 2925 1797 nempe,
2951 1744 3011 1784 ac
3038 1746 3132 1800 per
3156 1733 3323 1803 ipsam
3347 1737 3622 1799 ultionem.
3694 1741 3836 1807 Quid
3864 1757 3959 1796 an-

2375 1820 2481 1867 tem
2507 1822 2585 1868 est
2604 1813 2716 1886 ‘,In
2730 1818 2928 1887 judicio
2949 1821 2975 1874 2
3002 1820 3103 1875 Per
3128 1824 3400 1880 ultionem.
3435 1829 3521 1882 l7.
3547 1829 3612 1882 Et
3642 1842 3853 1897 pascant
3878 1833 3960 1886 di-

2372 1907 2533 1975 spersi
2554 1909 2697 1977 quasi
2719 1915 2870 1975 tauri,
2893 1921 2940 1965 et
2965 1912 3161 1967 deserta
3180 1931 3370 1985 eorum,
3392 1922 3475 1988 qui
3495 1923 3741 1992 assumpti
3768 1934 3890 1978 sunt
3914 1934 3956 1992 ί,

2372 1998 2494 2067 agni
2518 2000 2794 2055 comedent.
2817 2001 3142 2059 Relictorum
3175 2010 3489 2075 paucitatem
3517 2012 3599 2066 his
3623 2013 3957 2081 subindieat,

2371 2098 2424 2143 et
2452 2088 2718 2159 ingentem
2749 2093 2981 2163 regionis
3019 2095 3378 2155 solitudinem.
3423 2101 3509 2156 18.
3550 2100 3639 2155 Va:
3669 2105 3758 2172 qui
3787 2115 3961 2157 attra-

2372 2178 2497 2233 Itunt
2525 2192 2730 2247 peccata
2754 2200 2847 2239 sua
2876 2194 2929 2239 ut
2957 2189 3183 2256 funiculo
3210 2189 3379 2261 longo,
3407 2202 3452 2245 et
3478 2195 3620 2262 quasi
3642 2195 3763 2265 jngi
3787 2196 3958 2249 corri-

2371 2272 2455 2339 gia
2481 2271 2649 2327 vitulis
2671 2274 2955 2345 iniquitates
2980 2294 3115 2333 suas.
3148 2280 3233 2335 i9.
3260 2281 3358 2345 Qui
3384 2284 3555 2337 dicunt
3579 2299 3597 2337 :
3623 2283 3734 2339 Cito
3762 2302 3961 2357 appro-

2373 2362 2608 2433 pinquent
2628 2380 2741 2433 qute
2770 2366 2921 2434 faciet
2943 2366 3081 2422 Deus
3100 2410 3113 2433 ,
3144 2380 3198 2422 ut
3233 2372 3484 2425 rideamus
3514 2388 3532 2425 :
3559 2383 3604 2427 et
3634 2376 3804 2428 veniat
3834 2392 3961 2429 con-

2370 2451 2537 2506 silium
2567 2456 2725 2508 sancti
2752 2456 2917 2510 Israel
2940 2498 2953 2522 ,
2989 2468 3041 2511 ut
3069 2461 3301 2513 sciamus.
3332 2461 3611 2531 Prophetis
3638 2464 3962 2535 frequenter

2370 2546 2811 2602 comminantibus
2837 2562 2891 2604 et
2917 2549 3164 2604 terribilia
3188 2554 3687 2621 praenuntiantibus,
3716 2557 3961 2626 pseudo-

2370 2636 2642 2706 prophetze
2680 2638 2747 2694 ad
2785 2642 3007 2710 gratiam
3046 2642 3322 2711 loquentes
3346 2686 3359 2710 ,
3396 2647 3683 2717 populique
3714 2650 3961 2719 vigorem

2371 2728 2723 2786 dissolventes
2743 2772 2758 2798 ,
2788 2732 2999 2787 illorum
3023 2733 3158 2789 dicta
3188 2735 3336 2801 falsa,
3363 2751 3457 2792 sua
3485 2754 3610 2794 vera
3642 2755 3766 2795 esse
3796 2741 3962 2796 dicti-

2371 2820 2569 2874 tabant.
2599 2822 2747 2875 Multi
2776 2837 2901 2893 ergo
2926 2825 3127 2879 seducti
3156 2826 3366 2881 illorum
3402 2830 3578 2883 verbis
3620 2845 3727 2885 non
3760 2832 3963 2887 crede-

2369 2910 2514 2965 bant.
2559 2912 2762 2969 Deinde
2789 2914 2907 2984 quia
2940 2915 3227 2985 pr0pltetiae
3262 2932 3367 2972 non
3404 2920 3579 2974 statim
3619 2931 3783 2991 atque
3826 2940 3961 2992 prn-

2368 3002 2625 3057 nuntiatte
2639 3012 2812 3069 erant,
2834 3004 3169 3071 eveniebant;
3195 3007 3482 3076 prophetia:
3504 3025 3740 3081 namque
3762 3023 3960 3075 natura

2367 3101 2477 3146 erat
2499 3134 2513 3157 ,
2544 3094 2712 3147 multo
2748 3101 2872 3148 ante
2900 3103 3135 3165 tempore
3162 3110 3222 3150 ea
3252 3098 3595 3165 pronuntiare
3621 3116 3746 3170 qua:
3786 3118 3962 3158 even-

2372 3189 2488 3238 tura
2526 3189 2709 3247 erant;
2750 3184 2997 3253 quoniam
3037 3199 3162 3255 ergo
3198 3186 3504 3257 frequenter
3540 3195 3826 3265 prophetae
3865 3198 3953 3251 l‘a-

2365 3291 2506 3331 mem
2531 3315 2545 3342 ,
2578 3285 2781 3346 pestem
2805 3317 2821 3344 ,
2858 3276 3099 3349 bellaque
3126 3280 3478 3348 pracdicebant
3501 3323 3516 3346 ,
3549 3298 3650 3337 nec
3680 3294 3863 3339 tamen
3896 3301 3965 3340 ea

2366 3366 2538 3434 rcipsa
2560 3366 2941 3434 ostendebant,
2973 3369 3184 3423 interim
3210 3371 3357 3424 multi
3386 3387 3449 3425 ex
3480 3372 3544 3426 iis
3566 3412 3585 3438 ,
3616 3375 3709 3442 qui
3738 3374 3962 3444 decepti

2365 3464 2518 3510 erant
2540 3497 2553 3520 ,
2583 3471 2647 3511 ex
2674 3458 3008 3514 cunctatione
3037 3459 3101 3513 ad
3129 3476 3230 3515 non
3262 3462 3586 3517 credendum
3608 3468 3966 3528 occasionem

2365 3547 2707 3617 accipientes,
2733 3548 2979 3603 dicebant
3005 3568 3017 3604 :
3039 3550 3261 3605 Veniant
3291 3568 3409 3622 quae
3433 3552 3723 3621 dicuntur;
3754 3559 3801 3612 si
3829 3574 3963 3613 vere

2364 3638 2557 3707 dicitis,
2588 3639 2840 3695 accedant
2866 3654 2950 3695 res
2973 3640 3130 3710 ipsaz;
3159 3643 3402 3699 exhibete
3426 3646 3580 3700 nobis
3602 3661 3667 3700 ex
3695 3650 3968 3717 operibus

2362 3729 2494 3797 ipsis
2513 3729 2790 3784 consilium
2819 3730 2930 3784 Dei.
2955 3730 3085 3797 Quia
3114 3734 3269 3800 igitur
3294 3734 3406 3803 ejus
3433 3736 3748 3804 patientiam
3782 3741 3967 3796 incre—

2363 3817 2599 3874 dulitatis
2624 3821 2955 3876 occasionem
2984 3821 3284 3878 efficiebant
3308 3866 3321 3889 ,
3351 3834 3404 3880 et
3429 3828 3668 3897 peccatis
3706 3833 3827 3886 suis
3858 3834 3966 3889 hoc

2363 3908 2699 3977 adjiciebant,
2723 3920 2831 3963 tum
2861 3911 3000 3979 quod
3031 3927 3133 3967 non
3163 3914 3462 3981 crederent,
3489 3926 3599 3971 tum
3618 3921 3767 3989 quod
3792 3922 3861 3977 ob
3881 3924 3968 3977 in-

2364 4000 2730 4055 credulitatem
2752 4003 3021 4071 segniores
3048 4005 3348 4071 evaderent,
3370 4008 3489 4075 jure
3513 4010 3661 4077 ipsos
3689 4013 3969 4082 prepheta

2363 4091 2509 4161 luget
2528 4093 2709 4147 dicens
2729 4109 2742 4144 :
2766 4092 2923 4159 Quasi
2949 4092 3177 4149 funiculo
3200 4096 3375 4166 longo,
3402 4099 3480 4151 sie
3504 4108 3695 4154 contra
3724 4117 3826 4156 vos
3849 4113 3932 4157 tra
3949 4135 3969 4147 -

2364 4182 2491 4237 hitis
2520 4183 2649 4237 iram
2683 4184 2815 4250 Dei,
2860 4193 2913 4239 et
2953 4186 3235 4255 nequitiam
3274 4195 3504 4241 vestram
3544 4192 3782 4259 augetis.
3826 4193 3968 4259 Quia
4042 4262 4045 4264 η

2364 4273 2505 4327 enim
2532 4273 2685 4329 dictis
2710 4289 2814 4328 non
2842 4274 3077 4342 creditis,
3102 4274 3154 4329 id
3180 4278 3490 4346 relinquitur
3510 4279 3757 4348 demum,
3788 4293 3849 4339 ut
3872 4300 3967 4340 re-

2364 4379 2485 4418 rum
2527 4364 2676 4418 vobis
2702 4364 3025 4432 experientia
3066 4367 3335 4421 alieratur.
3373 4368 3444 4422 lta
3473 4379 3529 4423 ut
3556 4385 3653 4424 vos
3683 4373 3788 4442 ipsi
3822 4377 3969 4431 male

2364 4456 2516 4511 vobis
2546 4457 2855 4521 attrahatis,
2879 4458 2969 4526 qui
3002 4459 3177 4513 verbis
3211 4459 3366 4513 iidem
3401 4477 3503 4516 non
3549 4463 3789 4521 habetis.
3837 4468 3971 4523 ldeo

2364 4546 2440 4599 ait
2470 4564 2483 4599 :
2520 4544 2607 4601 Vw
2631 4547 2713 4615 qui
2739 4550 2994 4600 attrahunt
3022 4560 3223 4616 peccata
3250 4566 3371 4613 sua;
3404 4551 3452 4603 id
3482 4562 3563 4605 est
3583 4593 3603 4620 ,
3636 4558 3969 4612 retributio.

2366 4652 2493 4692 nem
2534 4647 2867 4707 peccatorum
2898 4656 2910 4690 :
2944 4638 3093 4706 quasi
3134 4640 3289 4708 longo
3332 4640 3566 4695 funiculo
3596 4659 3627 4696 e
3660 4647 3971 4718 longinquo

2367 4729 2575 4782 tmhitis
2598 4769 2612 4794 ,
2646 4729 2846 4799 inquit,
2887 4729 3153 4782 deﬁnitam
3194 4733 3420 4799 peccatis
3445 4735 3639 4789 vestris
3670 4739 3968 4807 ultionem,

2366 4827 2422 4874 et
2446 4818 2593 4886 quasi
2616 4819 2726 4888 jugi
2754 4818 2977 4888 corrigio
3011 4819 3185 4872 VilllllB
3229 4820 3515 4890 subjugalis
3540 4864 3555 4886 ,
3585 4834 3645 4878 ut
3686 4830 3973 4897 exprimat

2366 4911 2577 4964 illorum
2601 4911 2828 4965 studium
2854 4920 2907 4966 et
2926 4926 3104 4965 curam
3126 4913 3178 4964 in
3205 4914 3491 4979 peccando.
3520 4914 3591 4970 Ut
3619 4919 3666 4971 si
3699 4922 3828 4989 quis
3850 4928 3974 4977 loro

2366 5001 2491 5055 forti
2518 5002 2640 5070 quid
2670 5003 3013 5070 pertraxerit,
3046 5003 3122 5055 sic
3149 5017 3242 5055 vos
3268 5018 3362 5069 per
3392 5004 3835 5065 incredulitatem
3872 5012 3971 5066 Dei

2365 5093 2499 5146 iram
2540 5100 2723 5145 contra
2764 5105 2856 5146 vos
2887 5089 3110 5146 trahitis.
3155 5091 3351 5147 Deinde
3390 5093 3517 5150 dicit
3543 5100 3828 5165 quomodo
3860 5111 3975 5158 tra-

2434 5250 2448 5279 ι
2486 5254 2594 5296 Hzec
2618 5249 2782 5312 verba,
2808 5253 2864 5312 et
2884 5259 2970 5310 per
2994 5247 3155 5312 ipsum
3172 5247 3469 5297 ultionem...
3490 5263 3578 5310 per
3594 5251 3857 5312 ultionem,
3875 5258 3973 5307 de-

2366 5313 2567 5361 erantin
2588 5309 2767 5365 Morel,
2782 5310 2867 5357 sed
2887 5307 2948 5356 ex
2969 5307 3111 5368 Regio
3128 5307 3372 5368 desumpta
3389 5307 3515 5359 sunt.
3533 5316 3800 5363 Bavaricus
3817 5307 3975 5368 etiam

2364 5372 2532 5428 habet,
2557 5371 2643 5419 sed
2663 5370 2845 5431 aliquot
2860 5370 3057 5431 adjectis
3082 5370 3289 5418 vocibus.
3312 5369 3497 5433 Illaque
3521 5372 3727 5433 legerat
3748 5376 3974 5428 Tilman.

2364 5445 2459 5485 nus
2482 5434 2740 5485 interpres.

2428 5447 2459 5526 ξ
2482 5447 2740 5549 ἴῗιιὲᾙὲἒξ
2762 5504 3037 5553 ἀκιιλημμινψ,
3064 5503 3223 5553 eorum
3247 5490 3329 5553 qui
3349 5493 3581 5550 assmupti
3593 5500 3729 5543 sunt.
3747 5499 3976 5549 'nlman.

2366 5568 2459 5606 nus
2482 5562 2716 5622 verterat,
2741 5549 2998 5622 eorum
3018 5549 3171 5622 relicti
3192 5549 3316 5609 sunt,
3328 5556 3463 5622 quasi
3487 5553 3718 5622 legisset,
3737 5571 3976 5622 ἀκοωιφ.

2365 5635 2489 5678 μενων.
2530 5618 2799 5674 Antimum
2840 5619 2976 5678 certe
2997 5619 3117 5678 _est,
3150 5626 3314 5678 eorum
3355 5618 3437 5671 qui
3472 5618 3713 5678 assumpti
3747 5630 3865 5672 sunt
3908 5618 3979 5672 ab

2364 5674 2635 5742 λίπωημςάηιλ
2664 5686 2713 5724 et
2734 5682 2892 5742 tamen
2932 5674 3117 5742 videtur
3142 5674 3503 5737 Chrjsostomus
3538 5677 3585 5724 in
3623 5674 3977 5742 Sequentibus

2370 5759 2454 5794 eos
2482 5733 2779 5801 intelligere,
2799 5738 2877 5803 qui
2900 5733 3048 5785 relicti
3074 5745 3197 5785 sunt.
