4130 6312
487 272 561 329 σε)
1322 260 1380 316 s.
1409 259 1692 316 JOANNIS
1719 249 2204 315 cnnvsoswom
2235 248 2554 306 ARCHIEP.
2594 245 3133 305 CONSTANTINOP.
3840 251 3916 307 66

477 371 717 440 ποιήσει
747 375 781 429 ό
825 375 988 442 Θεὸς,
1026 377 1126 432 ἳνα
1154 377 1389 446 ϊδωμεν.
1417 379 1483 432 '0
1513 376 1607 430 καί⁸
1637 377 1823 448 ἔτερος
1855 374 2142 446 προφήτης

477 459 718 530 ἐγκαλεῖ,
745 461 937 531 λέγων’
994 464 1137 517 Οὐαὶ
1192 467 1246 517 οἰ
1278 465 1708 533 ἐπιθυμοῦντες
1751 464 1867 529 τὴν
1915 460 2142 529 ἡμέραν

477 546 725 615 Κυρίου.
764 549 874 603 Kal
915 550 1014 602 Ira
1051 551 1110 604 τί
1145 550 1288 620 ὑμῖν
1324 552 1364 619 ἠ
1401 551 1590 620 ⁴ἡμέρα
1618 552 1768 618 αὕτη
1787 567 1805 614 ;
1841 549 1951 602 Kal
1986 547 2139 616 αὕτη

479 631 610 686 ἐστί
642 633 862 701 σκότος
892 634 990 690 καί
1012 638 1085 690 οὺ
1114 636 1259 706 φῶς,
1295 638 1393 692 καί
1429 639 1653 707 γνόφος
1684 640 1797 692 οὐκ
1825 637 1981 706 ἔχων
2005 631 2145 704 εέέΐο

481 735 586 785 τος
608 718 816 788 αὐτῆς.
863 721 973 775 Kal
1012 722 1117 794 γὰρ
1162 724 1254 776 καί⁵
1298 725 1496 778 ἐκεῖνοι
1547 723 1901 786 ἀπιστοῦντες
1939 722 2141 788 ἔλεγον·

482 803 620 858 Πότε
663 805 782 877 ήξει
819 809 852 879 ή
900 808 1082 879 ήμέρα
1125 810 1223 878 τῆς
1260 811 1534 874 κολάσεως
1579 811 1671 864 κα)⁸
1715 809 1815 880 τῆς
1843 809 2141 879 τιμωρίαςς

490 891 629 946 οὐαὶ
669 896 724 946 ol
751 894 1032 964 λέγοντες
1071 896 1136 949 τὸ
1162 897 1429 964 πονηρὸν
1471 898 1677 962 καλὸν,
1712 898 1808 951 καί
1847 896 1914 950 τὸ
1955 896 2146 949 καλὸν

482 979 768 1047 πονηρόνο
804 983 858 1033 οὶ
887 981 1148 1047 τιθέντες
1185 983 1250 1036 τὸ
1277 982 1401 1050 φῶς
1433 986 1669 1049 σκότος,
1701 985 1796 1036 καί
1828 982 1892 1035 τὸ
1925 983 2145 1048 σκότος

481 1061 629 1130 φῶςο
673 1066 729 1118 ol
777 1065 1035 1132 τιθέντες
1073 1067 1142 1120 τὸ
1180 1069 1374 1136 γλυκὺ
1416 1071 1649 1137 πικρὸν,
1693 1070 1791 1123 καί
1834 1068 1902 1122 τὸ
1932 1067 2148 1136 πικρὸν

487 1151 696 1218 γλυκύ.
733 1151 900 1206 Πάλιν
928 1155 1055 1223 περὶ
1081 1155 1188 1207 τῶν
1210 1157 1388 1209 αὐτῶν
1418 1157 1741 1224 διαλέγεται.
1783 1155 2001 1227 Ἐπειδὴ
2022 1155 2147 1218 τοὺς

487 1235 588 1306 μὲν
619 1240 901 1310 προφήτας
941 1239 1159 1311 ὕϐριζον
1200 1243 1290 1296 καί
1331 1243 1649 1306 ἀπατεῶνας
1682 1242 1886 1312 ἔλεγον,
1920 1243 2046 1306 τοὺς
2090 1242 2146 1295 δὲ

481 1321 926 1397 ψευδοπροφήτας
949 1327 1170 1397 ἐτίμων,
1195 1331 1288 1383 καὶ
1315 1331 1646 1402 ἀνέστρεφον
1672 1330 1778 1384 τῶν
1805 1330 2146 1400 πραγμάτων

480 1408 580 1482 τὴν
617 1411 790 1478 τάξιν,
823 1413 1095 1478 ταλανίζει
1135 1416 1330 1479 αὐτοὺς
1366 1418 1458 1470 ἐπὶ
1490 1419 1552 1487 τῇ
1586 1416 1763 1487 κρίσει
1794 1417 1860 1486 τῇ
1888 1415 2146 1486 διεφθαρ-

486 1494 645 1568 μένη.
688 1498 852 1563 0ὐαί,
897 1501 1081 1570 φησὶν,
1122 1503 1176 1554 οἰ
1211 1500 1493 1570 λέγοντες
1534 1502 1601 1555 τὸ
1639 1500 1908 1570 πονηρὸν
1957 1502 2148 1556 καλὸν

484 1581 768 1652 (τουτέστι,
789 1585 887 1656 τήν
905 1586 1542 1660 ψευδοπροφητείαν),καί
1561 1589 1629 1643 τὸ
1654 1589 1845 1644 καλὸν
1890 1591 2156 1661 πονηρόν

483 1669 601 1741 (τὴν
632 1672 1008 1743 προφητείαν)·
1031 1678 1083 1729 οἰ
1110 1677 1368 1741 τιθέντες
1407 1676 1474 1730 τὸ
1516 1675 1643 1745 φῶς
1679 1678 1917 1744 σκότος,
1946 1678 2046 1732 καί
2080 1676 2146 1731 τὸ

481 1759 704 1824 σκότος
739 1756 884 1827 φῶς·
928 1763 983 1814 οἰ
1032 1763 1294 1827 τιθέντες
1332 1764 1397 1816 τὸ
1441 1764 1634 1833 γλυκὺ
1662 1764 1897 1832 πικρὸν,
1939 1764 2040 1818 καί
2079 1765 2148 1818 τὸ

482 1843 698 1910 πικρὸν
735 1847 946 1914 γλυκύ.
984 1847 1046 1901 Εἰ
1079 1849 1188 1920 γὰρ
1222 1849 1316 1902 καὶ
1343 1850 1598 1919 φορτικά,
1625 1853 1779 1920 φησὶ,
1811 1850 1880 1904 τὰ
1908 1852 2148 1921 ῥήματα,

481 1930 598 1985 ἀλλ’
633 1933 788 1987 οὐδὲν
820 1935 1147 2009 γλυκύτερον
1177 1938 1284 1993 τῶν
1322 1940 1636 2011 προφητῶν,
1667 1944 1731 2012 τῇ
1758 1941 1866 1994 τῶν
1890 1943 2148 2012 ῥημάτων

483 2019 679 2091 ἀπειλῇ
710 2022 808 2092 τὴν
840 2023 928 2076 διὰ
952 2023 1062 2076 τῶν
1088 2025 1428 2095 πραγμάτων
1447 2026 1903 2096 ἀποκρουομένων
1930 2029 2146 2098 πεῖραν.

483 2107 545 2160 Εἰ
580 2108 675 2162 καὶ
705 2109 906 2177 γλυκέα
926 2110 994 2164 τά
1015 2112 1122 2164 τῶν
1143 2113 1619 2184 ψευδοπροφητῶν,
1650 2116 1764 2169 ἀλλ’
1789 2116 1941 2170 οὐδὲν
1968 2119 2148 2172 αὐτῶν

483 2194 824 2266 πικρότερον,
845 2200 910 2268 τῇ
939 2197 1122 2269 χάριτι
1143 2199 1252 2253 τῶν
1282 2200 1456 2269 λόγων
1475 2201 1572 2272 τὴν
1593 2201 1680 2256 διά
1709 2203 1817 2256 τῶν
1838 2203 2012 2275 ἐργων
2048 2205 2148 2256 ἐπ-

482 2280 724 2348 αγόντων
757 2281 1006 2355 ἀπειλήν.

551 2367 614 2432 ζ’.
634 2368 762 2422 Ἰδοὺ
795 2373 1073 2442 προφήτου
1110 2374 1321 2443 σοφίαν,
1347 2375 1465 2438 πῶς
1501 2377 1827 2449 ἀνέστρεψεν
1854 2376 2030 2432 αὐτῶν
2052 2379 2148 2450 τὴν

481 2452 755 2509 ὑπόνοιαν.
786 2456 1002 2530 Ἐπειδὴ
1032 2460 1138 2530 γὰρ
1171 2464 1280 2525 τοῖς
1318 2461 1415 2530 μὲν
1452 2463 1527 2527 ὡς
1567 2465 1868 2536 πικρότατα
1910 2465 2147 2535 φθεγγο-

485 2540 666 2611 μένοις
686 2542 744 2595 οὐ
779 2547 1086 2616 προσεῖχον,
1115 2551 1226 2611 τοῖς
1253 2549 1309 2601 δὲ
1335 2549 1409 2612 ὡς
1437 2551 1889 2621 προσηνεστάτοις
1916 2552 2008 2605 καὶ
2029 2553 2148 2621 γλυο

482 2625 691 2698 κύτητα
724 2628 924 2702 πολλὴν
950 2630 1184 2701 ἔχουσιν,
1227 2634 1444 2706 ἔφησεν,
1477 2638 1556 2689 ὅτι
1585 2638 1892 2691 τούναντίον
1929 2638 2028 2708 μέν
2058 2635 2149 2693 οὖν

482 2715 619 2766 ἐστι·
644 2713 777 2768 πολὺ
803 2715 911 2769 τῶν
940 2719 1232 2789 προφητῶν
1265 2722 1324 2774 τὸ
1359 2721 1500 2791 μέλι,
1535 2723 1701 2793 πολλὴ
1734 2723 1790 2776 δὲ
1826 2725 1933 2778 τῶν
1960 2725 2150 2794 ψευδο-

480 2800 778 2871 προφητῶν
819 2803 852 2873 ή
900 2804 1108 2875 πικρία-
1155 2807 1296 2860 οὕτω
1336 2811 1430 2862 καὶ
1461 2810 1552 2863 ἐπὶ
1598 2809 1692 2863 τοῦ
1728 2811 1904 2879 φωτὸς
1933 2811 2149 2866 καὶτοῦ

483 2886 708 2952 σκότους
737 2889 827 2942 τὸν
852 2889 1008 2960 λόγον
1036 2896 1469 2964 μεταχειριστέον
1490 2898 1644 2967 ἡμῖν.
1673 2899 1735 2950 Ol
1767 2897 1864 2967 μὲν
1886 2897 1994 2970 γὰρ
2013 2898 2150 2970 πρὸς

482 2973 581 3045 τὴν
616 2974 820 3046 πλάνην
847 2978 1076 3048 ήγαγον,
1112 2982 1162 3034 οἰ
1191 2981 1246 3034 δὲ
1281 2983 1374 3035 καὶ
1409 2983 1544 3054 πρὸς
1572 2984 1670 3053 τὴν
1695 2983 1949 3050 ἀλήθειαν
1973 2987 2151 3056 ἐχειρ-

486 3057 750 3129 αγώγουψ
796 3064 891 3117 καὶ
934 3066 984 3118 οἰ
1015 3065 1114 3136 μὲν
1146 3065 1221 3137 τῷ
1251 3065 1398 3137 ζόφῳ
1424 3068 1522 3132 τῆς
1555 3069 1930 3140 αἰχμαλωσίας
1965 3088 2152 3142 μονον-

488 3146 603 3217 ουχί
625 3145 722 3212 τὰς
751 3151 938 3221 χεῖρας
964 3150 1223 3223 δήσαντες
1252 3154 1626 3224 παρεδίδοσαν,
1655 3157 1703 3208 οἰ
1731 3157 1788 3209 δὲ
1815 3157 1960 3220 ὅπως
1988 3159 2045 3210 ἐν
2072 3157 2151 3229 τῷ

488 3234 626 3299 φωτί
657 3234 755 3304 τῆς
793 3235 1105 3309 ἐλευθερίας
1153 3240 1423 3308 ἀγάγωσι,
1460 3241 1636 3295 πάντα
1668 3242 1953 3311 ἔπραττον.
1997 3245 2151 3299 Ἐπεὶ

487 3313 578 3373 οὖν
625 3318 724 3383 τὰς
771 3323 1016 3388 ἐναντίας
1055 3326 1182 3396 περί
1215 3326 1417 3382 τούτων
1454 3329 1612 3394 δόξας
1651 3323 1798 3400 εἶχον
1837 3331 1930 3384 καὶ
1964 3331 2063 3394 τὰς
2088 3333 2148 3386 οὐ

486 3407 902 3476 προσηκούσας,
951 3409 1174 3474 εἰκότως
1225 3411 1422 3476 αὐτοὺς
1473 3414 1777 3485 διορθοῦται
1837 3414 2043 3485 λέγων·
2085 3419 2152 3470 Ol

483 3489 744 3558 τιθέντες
766 3492 831 3546 τὸ
857 3493 982 3563 φῶς
1003 3497 1244 3565 σκότος,
1271 3500 1367 3552 καί
1402 3500 1467 3554 τὸ
1497 3503 1716 3570 σκότος
1746 3503 1892 3572 φῶς.
1920 3504 2064 3558 0ὑαί
2096 3507 2153 3560 οἰ

485 3577 729 3630 συνετθί
774 3578 844 3632 ἐν
880 3579 1132 3647 ἑαυτοῖς,
1177 3583 1276 3636 καὶ
1314 3583 1568 3639 ἐνώπιον
1593 3587 1792 3642 αὐτῶν
1829 3589 2154 3659 ἐπιστήμο-

485 3677 607 3727 νες.
629 3662 704 3715 Οὐ
745 3665 938 3736 μικρὸν
969 3667 1064 3720 καὶ
1097 3667 1255 3722 τοῦτο
1285 3670 1590 3741 ἐλάττωμα,
1642 3672 1703 3727 τὸ
1734 3676 1895 3743 σοφόν
1924 3693 2044 3728 τινα
2067 3693 2153 3729 νο-

489 3752 666 3823 μίζειν
702 3755 910 3820 ἐαυτὸν,
960 3759 1054 3810 καὶ
1089 3763 1202 3823 τοῖς
1245 3761 1435 3815 ἐαυτοῦ
1479 3761 1593 3834 [61]
1633 3763 1910 3833 λογισμοῖς
1950 3765 2012 3817 τὸ
2044 3767 2152 3818 πᾶν

485 3841 822 3912 ἐπιτρέπειν.
856 3845 964 3898 Kal
995 3846 1102 3918 γάρ
1130 3847 1376 3902 ἐντεῦθεν
1403 3851 1576 3903 ἐκεῖνο
1603 3851 1843 3924 γίνεται[
1867 3864 1892 3893 ε
1919 3852 2059 3920 λέγω
2089 3853 2152 3925 δὴ

487 3927 549 3982 τὺ
569 3929 796 3996 φάσκειν
821 3931 881 3983 τὸ
906 3935 1140 4005 πονηρὸν
1164 3936 1348 4003 καλὸν,
1376 3937 1471 3990 καὶ
1499 3939 1559 3992 τὸ
1592 3939 1753 3993 καλὸν
1777 3939 2029 4012 πονηρὸν,
2057 3940 2153 3994 καὶ

486 4014 556 4067 τὰ
576 4015 746 4088 ἐξῆς].
774 4018 942 4072 Τοῦτο
966 4022 1060 4074 καὶ
1086 4022 1114 4074 ὁ
1137 4022 1348 4087 Παῦλος
1371 4027 1484 4089 τοῖς
1510 4025 1614 4090 ἔξω
1641 4026 1949 4096 φιλοσόφοις
1987 4029 2153 4096 ἐγκα-

488 4098 597 4154 λῶν
623 4101 826 4172 ἔλεγεν,
846 4105 926 4159 δτι
948 4105 1285 4175 Φάσκοντες
1308 4107 1457 4164 εἶναι
1474 4113 1674 4181 σοφοὶ,
1697 4113 2148 4182 ἐμωράνθησαν.

489 4187 601 4242 Καὶ
631 4189 660 4241 ό
691 4191 1060 4264 παροιμιώδης
1102 4194 1257 4263 λόγος
1301 4196 1460 4250 πάλιν
1500 4199 1683 4268 φησίν·
1717 4195 1898 4252 Εἶδον
1929 4200 2152 4268 ἅνθρω-

489 4288 609 4328 πον
653 4274 946 4333 δοκοῦντα
987 4275 1140 4333 εἶναι
1184 4282 1382 4350 σοφὸν
1412 4284 1547 4350 παρ’
1587 4283 1796 4349 ἐαυτῷο
1836 4285 2051 4339 ἐλπίδα
2085 4285 2153 4340 δὲ

488 4359 612 4428 ἔχει
628 4359 870 4429 μᾶλλον
899 4363 1102 4433 ἄφρων
1124 4368 1330 4422 αὐτοῦ.
1362 4369 1532 4422 Τοῦτο
1571 4370 1664 4423 καὶ
1692 4370 1900 4434 Παῦλος
1934 4371 2153 4439 ἐγκαλεῖ

493 4446 654 4500 πάλιν
687 4447 879 4515 λέγων’
907 4451 1004 4518 Μὴ
1035 4454 1274 4522 γίνεσθε
1303 4457 1577 4525 φρόνιμοι
1611 4456 1746 4524 παρ’
1778 4457 2030 4522 ἐαυτοῒςο
2063 4457 2155 4511 καὶ

490 4532 672 4585 πάλιν·
707 4534 783 4591 El
814 4552 901 4602 τις
929 4536 1100 4592 δοκεῖ
1124 4541 1316 4610 σοφὸς
1342 4540 1495 4596 εἶναι
1520 4543 1591 4596 ἐν
1615 4542 1759 4610 ὑμῖν
1784 4544 1856 4596 ἐν
1883 4543 1964 4608 τῷ
1988 4543 2154 4598 αἰῶνι

489 4619 699 4686 τούτῳ,
727 4619 988 4688 γενέσθω
1005 4627 1220 4694 μωρὸς,
1249 4629 1349 4680 ἵνα
1379 4628 1616 4698 γένηται
1640 4631 1851 4698 σοφός.
1879 4630 1970 4702 Μὴ
1992 4634 2056 4701 τῇ
2079 4633 2157 4684 οἰ-

492 4706 615 4778 κείᾳ
652 4707 830 4778 σοφίᾳ,
876 4711 1031 4782 φησί,
1078 4714 1213 4783 μηδὲ
1248 4716 1358 4776 τοῖς
1400 4716 1591 4768 ἑαυτοῦ
1635 4717 1976 4786 ὲπιτρεπέτω
2012 4716 2156 4785 λογι-

493 4795 647 4862 σμοῖς
677 4795 725 4858 1),
759 4795 870 4849 ἀλλ’
899 4797 1138 4862 ἐκείνους
1164 4801 1521 4865 κατευνάσας,
1560 4804 1811 4857 ἐκδιδότω
1840 4805 1938 4876 τήν
1979 4805 2154 4876 ψυχὴν

492 4880 558 4951 τῇ
586 4880 679 4934 τοῦ
710 4882 1021 4954 Πνεύματος
1051 4887 1384 4959 διδασκαλίᾳ.
1424 4890 1577 4942 Ἑπεί
1599 4886 1691 4944 οὖν
1718 4893 1810 4943 καί⁸
1835 4891 1984 4961 παρά
2021 4893 2154 4946 ’1ου-

492 4964 660 5031 δαίοις
685 4969 912 5023 τοιοῦτοί
933 4990 1075 5036 τινες
1098 4970 1236 5044 ἦσαν
1271 4976 1643 5046 ὑπερορῶντες
1671 4978 1767 5046 μὲν
1798 4978 1906 5031 τῶν
1944 4998 2157 5051 προφη-

493 5052 600 5105 τῶν
627 5052 702 5117 ὼς
731 5056 1000 5128 ποιμένων
1029 5060 1121 5111 καὶ
1150 5061 1404 5126 αἰπόλων,
1434 5063 1743 5133 βουλόμενοι
1768 5064 1823 5118 δὲ
1846 5065 2153 5135 σοφίζεσθαι

495 5139 721 5206 οἴκοθεν,
752 5144 781 5196 ὃ
823 5147 916 5199 καὶ
957 5146 1211 5210 ἀπονοίας
1261 5150 1442 5213 αὐτοῖς
1488 5151 1741 5215 ὑπόθεσις
1793 5153 2017 5220 ἐγίνετο,
2061 5155 2156 5207 καὶ

495 5231 589 5284 τοῦ
626 5239 981 5304 καταφρονεῖν
1009 5238 1118 5291 τῶν
1142 5238 1467 5308 λεγομένων,
1498 5241 1718 5303 εἰκότως
1744 5243 1938 5306 αὐτοὺς
1972 5245 2157 5314 θρηνεῖ

497 5317 690 5387 λέγων’
721 5321 863 5375 Οὺαί
900 5326 952 5376 οἰ
979 5325 1219 5378 συνετοί
1257 5326 1325 5378 ἐν
1360 5325 1614 5392 ἑαυτοῖς,
1643 5326 1740 5380 καί
1768 5328 2022 5382 ἐνώπιον
2052 5333 2157 5383 αὐ-

499 5404 618 5459 τῶν
664 5408 1080 5477 ἐπιστήμονες.
1129 5413 1271 5465 Ούαί
1309 5417 1364 5466 οἱ
1403 5415 1716 5482 ἰσχύοντες
1749 5413 1934 5482 ὑμῶν,
1975 5419 2028 5470 οἰ
2052 5416 2158 5470 τὸν

492 5489 666 5550 οἶνον
720 5497 1016 5563 πίνοντες,
1059 5499 1157 5552 καί
1201 5503 1256 5553 οἰ
1295 5501 1604 5568 δυνάσται,
1651 5506 1705 5558 οἰ
1741 5503 2058 5573 κιρνῶντες
2093 5511 2156 5563 τὸ

499 5583 730 5649 σίκερα.
759 5585 851 5656 Μὴ
881 5585 1182 5657 θαυμάσῃς,
1211 5589 1258 5639 εἰ
1285 5589 1390 5658 πρὸ
1422 5591 1615 5658 μικροῦ
1645 5593 1882 5646 τοσαῦτα
1902 5596 2040 5650 κατὰ
2072 5598 2159 5666 μὲ-

560 5669 728 5741 {Quqa
749 5672 933 5741 alleluia:
952 5672 1248 5741 claqdugtur
1270 5673 1512 5741 desunljn
1541 5678 1661 5741 Reg.
1686 5685 1738 5730 cl
1770 5679 1915 5731 Savil.
1942 5681 2042 5732 Sed
2073 5684 2155 5733 ha-

497 5728 680 5782 bentur
699 5732 749 5779 in
784 5731 951 5783 Morel.
978 5735 1094 5782 etin
1124 5735 1351 5782 Bavarico
1375 5737 1562 5785 codice.

563 5792 590 5832 1⁵⁸
611 5791 733 5854 ἰίρε.
770 5798 821 5842 οἰ
851 5792 997 5844 Savil.
1036 5795 1290 5859 ἐπιτρέπω-ι
1315 5797 1570 5859 λογισμοῖς,

2248 368 2346 439 θης
2365 368 2553 428 εἰπὼν.
2583 367 2744 420 πάλιν
2769 367 2861 421 τὸν
2881 366 3040 419 αὑτὸν
3060 363 3499 433 ἐπαναλαμϐάνει
3527 363 3699 431 λόγον.
3740 364 3917 417 Ἐπει-

2246 456 2310 526 δὴ
2337 458 2444 527 γὰρ
2475 454 2709 526 χαλεπὸν
2743 454 2804 506 τὸ
2827 454 2984 516 ἕλκος
3010 452 3103 504 καὶ
3133 451 3410 504 δύσεικτον
3435 461 3482 515 ο,
3512 450 3597 504 διά
3629 450 3782 504 τοῦτο
3815 452 3913 504 καὶ

2247 542 2487 613 συνεχῶς
2519 540 2803 595 ἐπαπλεῖν
2837 540 2964 591 ἔδει.
3001 539 3252 592 Χαλεπὸν
3291 539 3344 590 δὲ
3377 539 3468 592 καί
3495 537 3788 602 δύσεικτον,
3831 538 3913 608 τῷ

2248 630 2324 700 μὴ
2368 629 2541 683 δοκεῖν
2581 627 2731 699 παρὰ
2771 629 2884 690 τοῖς
2921 626 3135 689 πολλοῖς
3171 625 3472 696 ἁμάρτημα
3500 619 3657 689 εἰναι,
3691 627 3915 678 πάντων

2244 715 2655 786 ἁμαρτημάτων
2683 712 3057 784 χαλεπώτερον
3077 713 3156 776 ὃν,
3187 713 3281 765 καὶ
3307 712 3471 782 μυρία
3503 712 3789 782 βλαστάνον
3819 729 3911 765 νο⁶

2246 803 2487 873 σήματα.
2543 801 2633 853 Διό
2676 816 2857 871 φησιν·
2912 801 2978 852 Ol
3014 798 3122 852 τὸν
3165 793 3334 852 οἶνον
3379 797 3675 865 πίνοντες,
3717 799 3816 852 καί
3855 801 3914 852 οι

2245 888 2562 953 δυνάσται,
2584 890 2638 941 οί
2658 887 2973 956 κιρνῶντες
2990 886 3056 940 τὸ
3084 885 3315 954 σίκερα.
3339 885 3567 948 Διπλοῦς
3594 887 3622 938 ό
3647 886 3912 957 κρημνὸς,

2245 975 2497 1046 τυραννὶς
2521 974 2710 1044 μέθης,
2744 974 2837 1027 καὶ
2861 971 3171 1036 δυναστείας
3197 973 3297 1026 ὐπε
3308 971 3488 1043 ρϐολή.
3514 972 3651 1025 Πᾶσι
3686 973 3779 1042 μὲν
3799 973 3913 1041 γὰρ

2246 1061 2554 1133 ἀνθρώποις
2577 1060 2837 1131 λογισμοῦ
2869 1059 3043 1131 χρεία,
3078 1060 3310 1130 μάλιστα
3336 1059 3392 1112 δέ
3421 1062 3530 1122 τοῖς
3559 1061 3616 1112 ἐν
3640 1057 3915 1129 ἀξιώμασι

2248 1149 2341 1201 καὶ
2357 1148 2694 1211 δυναστείαις
2725 1143 2894 1210 οὖσιν,
2919 1145 3063 1200 ὥστε
3093 1147 3190 1216 μή,
3223 1145 3472 1216 καθάπερ
3500 1146 3746 1199 ἀτάκτων
3778 1145 3915 1198 66d-

2247 1253 2354 1288 των
2392 1235 2538 1305 ῥύμῃ
2565 1235 2691 1300 τινὶ,
2722 1234 2798 1304 τῷ
2818 1237 2915 1304 τῆς
2942 1233 3115 1304 ἀρχῆς
3148 1232 3542 1302 ἐκφερομένους
3574 1232 3721 1301 ὄγκῳ
3753 1250 3920 1285 κατα-

2248 1324 2664 1396 κρημνίζεσθαι.
2707 1327 2773 1377 οι
2806 1324 3177 1388 δικαιοῦντες
3214 1323 3320 1376 τὸν
3350 1323 3538 1391 ἀσεϐῆ
3565 1324 3771 1376 ἕνεκεν
3805 1322 3920 1376 δώ-

2244 1429 2385 1480 ρων,
2416 1411 2515 1465 καί
2542 1413 2606 1466 τὸ
2640 1411 2873 1465 δίκαιον
2900 1410 3006 1464 τοῦ
3039 1410 3272 1464 δικαίου
3291 1412 3560 1478 αἰροντες
3583 1411 3681 1465 ἀπ’
3702 1411 3918 1467 αὐτοῦ.

2249 1497 2480 1552 Διπλοῦν
2523 1499 2584 1550 τὸ
2634 1497 2883 1568 ἔγκλημα
2923 1495 3166 1550 πάλιντὸ
3201 1497 3294 1550 τὸν
3340 1497 3632 1550 ὑπεύθυνον
3674 1500 3921 1566 ἀφιέναι,

2249 1586 2341 1638 καὶ
2363 1585 2452 1636 τὸν
2471 1584 2758 1638 ἀνεύθυνον
2782 1582 3182 1646 καταδικάζειν.
3206 1583 3494 1653 Ἕκατέρου
3527 1585 3923 1654 ἁμαρτήματος

2249 1673 2284 1741 ή
2316 1671 2440 1742 ῥίζα
2477 1671 2790 1742 δωροδοκία.
2835 1670 2940 1723 Διά
2979 1669 3154 1724 τοῦτο
3197 1670 3270 1723 ὃν
3296 1671 3517 1736 τρόπον
3555 1670 3921 1737 καυθήσεται

2249 1757 2482 1827 καλάμη
2527 1758 2646 1812 ὑπὸ
2689 1758 2984 1827 ἄνθρακος
3037 1756 3246 1826 πυρὸς,
3282 1757 3380 1810 καί
3433 1757 3924 1827 συγκαυθήσεται

2248 1844 2368 1900 ὑπὸ
2391 1845 2615 1914 φλογὸς
2642 1845 3010 1914 ἁνημμένης.
3040 1844 3115 1897 Τὸ
3139 1844 3237 1914 τῆς
3264 1845 3528 1913 τιμωρίας
3554 1845 3711 1914 ταχὺ,
3738 1845 3798 1897 τὸ
3827 1844 3924 1897 εὖ·

2249 1931 2404 1984 κολον
2424 1932 2522 2002 τῆς
2550 1929 2822 1994 κολάσεως
2851 1932 3168 2002 παρίστησι,
3193 1929 3280 1982 διά
3305 1929 3406 1999 τῆς
3431 1930 3630 1993 εἰκόνος
3658 1929 3756 2000 τὴν
3782 1947 3927 1984 παν-

2249 2016 2518 2088 ωλεθρίαν
2548 2015 2728 2071 αὐτῶν
2761 2018 2957 2088 δηλῶν.

2319 2105 2648 2175 η’.”Απαντα
2678 2103 2784 2174 γάρ
2823 2104 2994 2158 ταῦτα
3026 2106 3060 2176 ή
3089 2104 3219 2174 φλὸξ
3251 2105 3342 2158 καὶ
3371 2105 3420 2157 οἰ
3449 2103 3734 2176 ἄνθρακες,
3763 2105 3861 2156 καὶ
3887 2105 3925 2175 ή

2250 2189 2495 2260 καλάμη,
2525 2190 2620 2242 καὶ
2655 2189 2725 2242 τὰ
2750 2190 2871 2260 ἐξῆς
2899 2192 3028 2260 ἡμῖν
3053 2192 3452 2261 παρεδήλωσεν.
3492 2191 3552 2244 Ἠ
3564 2188 3696 2256 ῥίζα
3721 2187 3928 2243 αὐτῶν

2250 2280 2330 2344 ὡς
2366 2279 2554 2348 χνοῦς
2577 2280 2766 2342 ἐσται,
2805 2279 2901 2331 καί
2953 2279 3017 2332 τὸ
3059 2279 3240 2345 ἄνθος
3273 2278 3470 2332 αὐτῶν
3504 2279 3584 2344 ὡς
3616 2276 3926 2346 κονιορτὸς

2249 2366 2630 2435 ἀναϐήσεται.
2664 2366 2745 2419 Τά
2771 2366 3053 2436 πεπηγότα
3079 2366 3170 2418 καὶ
3189 2366 3257 2417 τὰ
3282 2365 3471 2435 βέϐαια
3503 2363 3798 2424 ἀπολεῖται,
3830 2365 3928 2416 καὶ

2249 2453 2630 2523 διαχυθήσεται
2662 2452 2730 2504 τά
2760 2451 3007 2523 λαμπρὰ,
3048 2453 3140 2505 καὶ
3176 2451 3246 2505 τά
3288 2451 3488 2524 φαιδρά
3519 2453 3791 2522 οἰχήσεται
3827 2451 3926 2504 και

2250 2540 2656 2611 διαρῤυήσεται.
2701 2541 2784 2593 Οὑ
2825 2539 2936 2608 γὰρ
2975 2538 3287 2606 ἠθέλησαν
3329 2538 3436 2591 τόν
3483 2539 3668 2606 νόμον
3699 2539 3927 2604 Κυρίου

2251 2631 2492 2684 Σαϐαὼθ
2534 2630 2745 2693 ποιεῖν,
2793 2630 2953 2684 ἀλλὰ
2981 2628 3045 2683 τὸ
3070 2630 3278 2699 λόγιον
3314 2627 3421 2682 τοῦ
3449 2628 3618 2696 ἁγίου
3655 2627 3930 2694 παρώξυ-

2250 2733 2389 2772 ναν.
2447 2716 2640 2784 Λόγιον
2683 2717 2773 2768 τὸν
2824 2717 2984 2783 νόμον
3027 2714 3195 2783 λέγει.
3237 2716 3345 2768 Καὶ
3389 2715 3652 2783 ἐθυμώθη
3705 2717 3922 2782 Κύριος

2251 2803 2493 2859 Σαϐαὼθ
2522 2802 2666 2872 ὀργῇ
2707 2801 2806 2856 ἐπὶ
2839 2803 2946 2856 τὸν
2979 2805 3133 2856 λαὸν
3159 2803 3363 2856 αὐτοῦ·
3391 2802 3488 2855 καί
3525 2803 3774 2857 ἐπέϐαλε
3806 2803 3930 2871 τὴν

2251 2890 2418 2959 χεῖρα
2451 2889 2639 2944 αὑτοῦ
2670 2890 2764 2941 ἐπ’
2790 2888 3032 2956 αὐτοὺς.
3059 2888 3158 2946 καί
3192 2888 3491 2953 ἐπάταξεν
3530 2891 3766 2956 αὐτούς.
3803 2889 3932 2964 [62]

2250 2979 2360 3033 Καὶ
2387 2977 2743 3045 παρωξύνθη
2763 2976 2861 3028 ἐπὶ
2886 2978 2958 3029 τὰ
2984 2977 3114 3044 ὅρη,
3136 2976 3235 3030 καί
3252 2976 3487 3045 ἐγένετο
3509 2978 3578 3031 τὰ
3601 2978 3930 3046 θνησιμαῖα

2251 3063 2447 3120 αὐτῶν
2472 3065 2552 3127 ὠς
2571 3063 2785 3132 κοπρία
2813 3064 2881 3116 ἐν
2906 3063 3070 3132 μέσῳ
3093 3061 3259 3117 όδοῦ.
3283 3063 3388 3116 Καὶ
3420 3064 3488 3116 ἐν
3519 3062 3663 3117 πᾶσι
3690 3067 3930 3131 τούτοις

2250 3152 2361 3204 οὐκ
2394 3150 2745 3218 ἀπεστράφη
2780 3153 2812 3204 ό
2836 3150 3023 3222 θυμὸς
3064 3149 3272 3212 αὐτοῦ,
3296 3150 3433 3203 ἀλλ’
3459 3150 3547 3202 ἔτι
3588 3151 3626 3218 ὴ
3664 3150 3791 3219 χείρ
3824 3153 3934 3205 ai:-

2251 3239 2358 3293 τοῦ
2390 3237 2622 3307 ὑψηλή.
2671 3237 2932 3292 Ἐνταῦοα
2954 3237 3184 3308 πόλεμον
3215 3236 3243 3276 ἀ
3273 3239 3562 3291 αἰνίττεται
3586 3238 3840 3308 χαλεπὸν,
3865 3240 3929 3305 ὃς

2251 3327 2373 3381 οὑδέ
2393 3329 2535 3396 ταφῇ
2565 3345 2632 3380 τα
2662 3325 2889 3396 σώματα
2917 3327 3260 3398 συγχωρήσει
3295 3328 3683 3398 παραδοθῆναι,
3707 3330 3803 3398 οὐχ
3839 3331 3930 3385 ἵνα

2252 3414 2450 3467 ἐκεῖνοι
2489 3413 2707 3466 κόλασιν
2731 3413 2913 3476 δῶσιν,
2938 3412 3054 3465 ἀλλ’
3080 3413 3166 3466 ἵνα
3213 3413 3262 3464 οἰ
3304 3413 3501 3476 ζῶντες
3534 3416 3592 3468 ἐν
3615 3417 3733 3478 ταῖς
3761 3416 3927 3470 ἀλλο-

2250 3499 2431 3570 τρίαις
2459 3501 2762 3569 συμφοραῖς
2795 3499 2893 3569 τῆς
2920 3498 3126 3562 οἰκείας
3160 3499 3573 3568 ἀποτέμνωνταί
3606 3518 3660 3554 τι
3700 3504 3925 3567 κακίας.

2252 3585 2362 3638 Kal
2389 3585 2490 3656 ὅρα
2519 3584 2636 3649 πῶς
2677 3584 3056 3656 χαλεπώτερον
3084 3584 3175 3637 τὸν
3210 3585 3366 3654 λόγον
3397 3587 3666 3656 ἐποίησεν.
3701 3590 3774 3641 Οὐ
3810 3592 3927 3662 γὰρ

2252 3670 2426 3736 εἶπεν,
2457 3675 2538 3726 ὅτι
2568 3674 2667 3725 οὑκ
2690 3673 2985 3743 ἐτάφησαν,
3019 3672 3134 3726 ἀλλ’
3166 3674 3248 3726 ὅτι
3285 3673 3490 3743 κόπρου
3523 3676 3702 3744 πάσης
3729 3676 3926 3746 ἀτιμό-

2252 3775 2409 3830 τερον
2439 3759 2758 3829 ἐρριμμένοι
2802 3756 2943 3828 ἦσαν
2978 3761 3026 3812 οἰ
3059 3759 3526 3829 τετελευτηκότες,
3577 3760 3605 3812 ὂ
3636 3764 3746 3824 τοῖς
3785 3763 3925 3827 ζῶσι

2255 3846 2684 3916 φρικωδέστερον
2725 3846 2978 3898 ἁπάντων
3021 3841 3158 3899 εἶναι
3197 3847 3364 3912 δοκεῖ,
3404 3847 3496 3900 καὶ
3530 3851 3626 3918 τῆς
3665 3851 3925 3919 τελευτῆς

2254 3933 2425 4002 αὐτῆς
2464 3931 2858 4002 χαλεπώτερον.
2895 3933 3004 3984 Kal
3028 3931 3088 3984 τὺ
3117 3932 3181 4002 δή
3214 3935 3416 4001 χεῖρον,
3451 3935 3532 3986 ὅτι
3566 3936 3682 3987 οὐδὲ
3714 3937 3927 3991 τούτων

2252 4021 2574 4092 γινομένων,
2593 4021 2777 4092 φησὶν,
2805 4020 3194 4092 ἐπιεικέστεροι
3214 4026 3519 4089 γεγόνασιν,
3536 4022 3667 4075 ἀλλά
3693 4027 3802 4085 τοῖς
3826 4027 3929 4078 αὖ·

2251 4112 2364 4172 τοῖς
2416 4108 2782 4178 ἐπιμένουσιν.
2844 4106 2996 4160 Ἐπεὶ
3038 4104 3130 4160 οὖν
3168 4108 3320 4160 οὐδὲν
3367 4108 3604 4178 βελτίους
3653 4111 3922 4179 ἐγένοντο,

2253 4195 2466 4250 ἀπειλεῖ
2501 4195 2660 4248 πάλιν
2691 4196 2871 4258 αὐτοῖς
2900 4195 2997 4264 τὴν
3029 4195 3418 4264 χαλεπωτάτην
3447 4197 3657 4266 ἐκείνην
3683 4199 3926 4270 πληγὴν,

2254 4282 2350 4352 τὴν
2387 4283 2497 4334 τῶν
2534 4281 2842 4353 βαρϐάρων.
2874 4281 2965 4333 Διὸ
2997 4282 3091 4334 καὶ
3133 4282 3330 4349 ἐπάγει
3372 4282 3562 4351 λέγων’
3607 4286 3928 4351 Τοιγαροῦν

2255 4367 2386 4434 ἀρεῖ
2411 4369 2737 4435 σύσσημον
2773 4368 2842 4420 ἐν
2870 4368 2991 4432 τοῖς
3021 4369 3222 4423 ἔθνεσι
3251 4369 3375 4433 τοῖς
3403 4370 3658 4437 μακράν.
3695 4371 3810 4424 Ἵνα
3847 4374 3925 4446 μὴ

2253 4455 2350 4524 τῆς
2378 4454 2495 4507 ὀδοῦ
2527 4454 2588 4506 τὸ
2625 4455 2796 4523 μῆκος
2821 4455 2899 4517 εἰς
2934 4455 3206 4524 ῥαθυμίαν
3237 4458 3434 4519 αὐτοὺς
3463 4456 3724 4527 ἐμϐάλλῃ,
3757 4463 3927 4528 φησιν

2254 4542 2334 4594 ὅτι
2360 4539 2501 4594 οὕτω
2535 4539 2610 4609 τῷ
2631 4540 2747 4610 Θεῴ
2780 4541 2960 4612 ῥᾴδιον
2985 4543 3211 4609 ἀγαγεῖν
3235 4542 3449 4606 αὐτοὺς,
3485 4544 3558 4608 ὡς
3585 4543 3658 4612 τῷ
3691 4545 3752 4597 τὸ
3791 4545 3925 4599 σύσο

2257 4645 2428 4698 σημον
2457 4628 2684 4696 αἴροντι,
2711 4627 2804 4680 καὶ
2829 4629 2953 4690 τοὺς
2979 4630 3524 4700 παρεσκευασμένους
3554 4633 3645 4684 καὶ
3673 4633 3926 4702 ἑτοίμους

2256 4717 2502 4784 ἐξάγοντι
2539 4715 2673 4785 πρὸς
2704 4715 3028 4786 παράταξιν,
3057 4718 3194 4786 ὅπερ
3222 4719 3314 4769 καὶ
3341 4718 3558 4770 ἐπὶτῶν
3583 4719 3761 4772 ἵππων
3783 4722 3929 4787 γίνε-

2253 4820 2342 4855 ται
2370 4802 2476 4855 τῶν
2503 4803 2926 4872 ἁμιλλητηρίων.
2962 4802 3126 4872 Ὀμοῦ
3167 4821 3225 4855 τε
3264 4803 3372 4871 γάρ
3408 4805 3470 4856 τὸ
3504 4805 3767 4876 σύμϐολον
3820 4809 3925 4872 τῆς

2256 4891 2505 4958 ἀφέσεως
2554 4891 2800 4959 αἴρεται,
2852 4891 3091 4942 κάκεῖνοι
3149 4889 3257 4943 τῶν
3319 4891 3576 4959 βαλϐίδων
3612 4893 3922 4960 ἐκπηδῶσιν

2255 4976 2475 5038 εὐθέως.
2509 4975 2611 5027 Δύο
2637 4975 2813 5027 τοίνυν
2855 4976 3086 5030 ἐνταῦθα
3118 4975 3148 5027 ὁ
3182 4980 3467 5048 προφήτης
3493 4978 3802 5042 αἰνίττεται,
3841 4981 3923 5034 ὅτι

2257 5067 2348 5117 καὶ
2375 5063 2592 5117 εὔκολον
2617 5063 2815 5125 αὐτοὺς
2840 5062 3030 5127 ἐλθεῖν,
3067 5064 3159 5118 τοῦ
3193 5066 3326 5117 Θεοῦ
3359 5064 3661 5128 καλοῦντος,
3691 5065 3786 5117 καὶ
3815 5069 3923 5118 πάι

2255 5151 2344 5204 λαι
2383 5151 2448 5204 ἂν
2471 5147 2650 5222 ἦλθον.
2684 5152 2732 5202 εἰ
2767 5150 2839 5219 μὴ
2875 5151 2906 5219 ή
2948 5150 3113 5221 πολλή
3140 5155 3390 5220 κατεῖχεν
3429 5150 3619 5213 αὐτοὺς
3648 5153 3925 5220 μακροθυρ

2263 5239 2378 5308 μία.
2409 5235 2539 5290 Εἶτα
2562 5240 2628 5307 τῇ
2655 5235 2977 5306 ἐπεξηγήσει
3009 5237 3226 5290 πλείονα
3259 5238 3356 5306 τὴν
3385 5235 3628 5288 εὐκολίαν
3658 5236 3926 5290 ἐνδείκνυ-

2257 5343 2348 5380 ται
2374 5325 2563 5394 λέγων·
2596 5325 2706 5380 Kal
2725 5325 2921 5392 συριεῖ
2941 5325 3162 5390 αὐτοὺς
3197 5324 3295 5378 ἀπ’
3320 5324 3504 5391 ἄκρου
3538 5322 3644 5390 τῆς
3673 5323 3804 5392 γῆς.
3830 5326 3932 5397 Μὴ

2323 5500 2345 5527 ο
2372 5497 2465 5544 Καὶ
2493 5495 2752 5544 δύσεικτον.
2787 5492 2933 5541 Palat
2984 5493 3191 5542 Alienus
3234 5490 3495 5551 legendum
3531 5501 3639 5551 esse
3680 5488 3921 5540 δυσίατον.

2259 5560 2358 5609 Sed
2384 5560 2626 5604 δύσεικτον
2650 5554 2796 5602 etiam
2826 5555 3048 5613 quadrat,
3091 5562 3143 5602 el.
3184 5549 3399 5612 alioQuin
3422 5563 3529 5598 cum
3550 5549 3625 5597 bis
3648 5559 3925 5612 r9pelalur,

2261 5622 2374 5668 hinc
2397 5624 2536 5665 (ιρι-[ε
2560 5618 2874 5664 conﬁrmatur
2895 5616 3062 5662 lectio.

2323 5680 2349 5717 ἀ
2374 5677 2428 5726 In
2451 5677 2556 5736 Reg
2598 5685 2648 5722 et
2671 5676 2816 5722 Savil.
2845 5677 3050 5735 πόλεμον
3069 5674 3227 5722 deest.
3249 5672 3346 5736 δέξό
3371 5673 3612 5736 interpr-03
3631 5670 3923 5736 legit._lh_id‘.

2265 5741 2387 5800 Reg.
2411 5745 2461 5785 et
2487 5732 2636 5800 Sivil.
2661 5739 2724 5800 ὡς
2756 5736 2864 5783 οὐδέ
2915 5732 3077 5800 minus
3104 5743 3256 5785 recte.
3299 5733 3354 5782 In
3378 5732 3550 5783 iisdem
3571 5733 3693 5792 ἰιεεε,
3738 5733 3824 5794 οὐχ
3851 5733 3931 5783 in

2273 5797 2444 5852 ἐκεῖνοι
2477 5799 2670 5846 κόλασιν
2706 5797 2868 5859 δῶσιν,
2898 5798 3093 5847 desunt.
