4156 6312
198 354 275 408 οδ
1481 332 1546 387 IN
1585 330 1799 387 lSAlMl

1902 330 2027 388 IAP.
2068 331 2131 389 ν.
3409 349 3480 403 66

200 454 334 506 haut
362 467 375 504 :
413 450 516 520 Qui
545 452 737 517 dicunt,
760 450 870 507 Cito
899 450 1303 522 appropinquent
1326 464 1439 517 qua:
1467 450 1699 520 facturus
1722 458 1795 503 est

199 540 363 605 Dens,
390 554 447 595 ut
476 544 753 597 videamus.
783 542 836 595 Id
860 541 1002 611 quod
1032 549 1086 595 et
1109 540 1245 595 alius
1274 538 1529 609 propheta
1557 541 1636 596 eis
1664 540 1794 595 vitio

197 636 361 689 vertit
389 634 607 688 dicens:
642 633 729 688 Vw
747 632 1143 687 desiderantibus
1170 631 1299 685 diem
1330 628 1558 684 Domini.
1584 628 1651 684 Et
1671 631 1799 700 quid

200 727 342 779 vobis
372 727 478 779 lucc
508 724 613 778 dies
632 726 657 778 .’
686 723 750 777 Et
780 724 887 778 hcc
911 732 982 778 est
1008 724 1240 788 tenebris,
1272 739 1375 776 non
1403 722 1526 786 lux,
1557 731 1604 776 et
1630 722 1795 792 caligo

200 832 305 869 non
353 816 540 867 habens
586 814 902 884 splendorem
938 830 1083 868 suum
1117 812 1290 883 (Amos
1336 813 1390 868 5.
1423 812 1507 868 18.
1538 812 1667 883 20).
1697 812 1796 867 Et-

198 906 349 959 enim
392 904 467 958 illi
505 919 718 974 quoque
762 902 1015 959 increduli
1052 902 1297 958 dicebant
1327 920 1341 958 :
1373 902 1593 971 Quando
1621 903 1797 958 veniet

197 996 319 1049 dies
344 996 592 1064 supplicii
622 1005 677 1049 et
719 993 974 1049 ultionis?
1011 993 1103 1047 20.
1148 993 1234 1049 Va:
1263 994 1348 1065 qui
1391 994 1567 1048 dicunt
1606 994 1795 1047 malum

200 1090 411 1155 bonum,
443 1098 489 1141 et
516 1090 696 1141 bonum
724 1087 945 1152 malum;
972 1086 1059 1157 qui
1082 1097 1274 1157 ponunt
1298 1085 1458 1141 lucem
1483 1086 1727 1153 tenebras,
1748 1096 1797 1141 et

201 1181 433 1233 tenebras
470 1180 663 1245 lucem;
688 1181 772 1248 qui
803 1188 994 1250 ponunt
1022 1180 1168 1234 dulce
1195 1194 1427 1233 amarum
1447 1220 1461 1243 ,
1490 1188 1537 1233 et
1564 1195 1796 1233 amarum

201 1273 369 1325 dulce.
396 1271 629 1326 Rursum
650 1271 716 1326 de
734 1270 920 1326 iisdem
941 1270 1193 1341 loquitur.
1221 1269 1480 1338 Quoniam
1509 1270 1796 1341 pr0phetas

199 1361 547 1416 contumeliis
576 1360 863 1416 onerabant
891 1371 944 1415 et
969 1360 1283 1430 deceptores
1307 1361 1568 1415 vocabant
1594 1379 1606 1414 :
1638 1375 1798 1430 pseu-

201 1453 569 1523 doprophetas
598 1468 724 1509 vero
754 1453 1105 1516 honorabant,
1132 1467 1418 1522 rerumque
1448 1452 1688 1509 ordinem
1714 1453 1796 1507 in-

199 1547 505 1611 vertebant,
530 1546 673 1613 ipsos
700 1545 923 1599 miseros
945 1543 1195 1613 praedicat
1224 1545 1293 1599 ob
1318 1554 1623 1615 corruptum
1647 1545 1794 1615 judi-

199 1639 369 1691 cium.
408 1636 531 1703 Vte,
567 1637 771 1706 inquit,
798 1637 883 1707 qui
910 1637 1083 1689 dicunt
1109 1639 1301 1690 malum
1325 1635 1513 1691 bonum
1535 1677 1550 1699 ,
1579 1636 1630 1690 id
1670 1646 1751 1691 est
1775 1677 1791 1701 ,

200 1727 769 1798 pseudoprophetiam,
797 1737 845 1780 et
869 1726 1054 1781 bonum
1081 1725 1292 1793 malum,
1323 1725 1686 1797 prophetiam;
1711 1727 1797 1796 qui

201 1828 401 1886 ponunt
438 1817 599 1872 lucem
635 1819 894 1885 tenebras,
926 1828 971 1871 et
1009 1817 1233 1871 tenebras
1262 1816 1457 1883 lucem;
1485 1818 1572 1889 qui
1599 1825 1794 1887 ponunt

201 1909 354 1960 dulce
381 1925 615 1961 amarum
638 1950 653 1975 ,
683 1918 726 1963 et
755 1925 986 1961 amarum
1014 1908 1180 1963 dulce.
1208 1907 1431 1963 Etiamsi
1458 1909 1599 1963 enim
1626 1908 1795 1963 mole-

201 2008 285 2051 sta
310 1999 417 2052 sint
447 1999 626 2064 verba,
659 1999 847 2069 inquit,
880 1998 973 2054 sed
1006 1998 1136 2053 nihil
1163 1997 1367 2052 dulcius
1387 2007 1469 2053 est
1495 1998 1794 2071 prophetis,

200 2089 293 2155 qui
318 2090 599 2143 verborum
623 2089 1141 2145 interminationibns
1167 2104 1343 2143 rerum
1363 2090 1794 2159 experimentum

202 2182 499 2250 depellunt.
533 2183 642 2236 Etsi
667 2182 839 2237 dulcia
866 2183 971 2236 sint
996 2181 1159 2236 verba
1187 2181 1791 2252 pseudoprophetarum,

201 2274 297 2325 sed
330 2272 461 2325 nihil
494 2270 596 2325 illis
623 2273 875 2337 amarius,
902 2273 992 2342 qui
1020 2288 1113 2342 per
1135 2271 1357 2343 gratiam
1387 2272 1670 2328 verborum
1696 2272 1795 2327 mi-

202 2380 301 2419 nas
334 2364 387 2417 in
418 2380 530 2419 rem
561 2373 613 2417 et
638 2379 797 2432 opera
825 2374 1058 2419 vertunt.

279 2460 333 2513 7.
365 2459 443 2513 En
474 2458 746 2527 praphetae
770 2458 1105 2526 sapientiam,
1137 2457 1403 2528 quomodo
1429 2457 1642 2512 illorum
1673 2456 1793 2528 Opi-

202 2550 422 2603 nionem
453 2550 697 2602 invertat.
732 2548 863 2615 Quia
892 2550 1034 2603 enim
1056 2549 1159 2600 illis
1184 2557 1240 2600 ut
1266 2547 1536 2601 acerbiora
1566 2559 1792 2598 narran-

205 2640 351 2695 tibus
380 2654 487 2692 non
518 2638 902 2701 attendebant;
940 2638 1021 2691 his
1057 2650 1212 2691 secus
1241 2646 1296 2690 ut
1331 2635 1626 2689 mitioribus
1653 2633 1793 2687 mul-

203 2742 423 2801 tamque
439 2730 773 2785 dulcedinetn
795 2728 1193 2792 exhibentibus,
1216 2727 1366 2791 dixit,
1390 2743 1501 2781 rem
1524 2727 1794 2781 contrario

201 2837 265 2876 se
288 2821 489 2876 habere
514 2820 693 2885 modo,
719 2817 1045 2888 multamque
1072 2831 1189 2873 esse
1214 2817 1589 2886 prophetarum
1612 2816 1795 2870 dulce-

201 2912 390 2967 dinem
414 2951 432 2977 ,
464 2910 684 2965 multam
723 2907 1307 2979 pseudoprophetarum
1336 2907 1745 2962 amaritudinem
1778 2923 1791 2960 :

202 3005 283 3057 sic
305 3005 468 3058 etiam
492 3002 561 3058 de
586 3002 704 3057 luce
727 3010 779 3056 ct
798 3000 865 3056 de
890 3000 1122 3056 tenebris
1143 3014 1319 3055 sermo
1341 2999 1491 3053 nobis
1519 2998 1795 3053 habendus

202 3102 313 3147 est.
340 3092 469 3146 Nam
496 3093 569 3148 illi
594 3094 660 3147 ad
682 3107 939 3156 errorem,
962 3091 1015 3144 hi
1037 3091 1099 3145 ad
1124 3092 1398 3145 veritatem
1425 3090 1754 3144 deducebant
1777 3106 1791 3142 :

201 3196 258 3239 et
290 3184 368 3237 illi
397 3184 607 3253 quidem
632 3184 952 3253 captivitatis
980 3182 1187 3251 caligini
1220 3195 1408 3233 manus
1438 3180 1603 3233 ferme
1629 3179 1797 3248 ligan-

205 3287 289 3330 tes
318 3275 635 3338 tradebant,
673 3275 725 3327 hi
754 3283 932 3327 autem
975 3272 1103 3326 nihil
1134 3287 1239 3325 non
1269 3271 1530 3340 agebant,
1563 3284 1618 3323 ut
1646 3270 1696 3323 in
1727 3269 1791 3323 li-

204 3366 436 3422 bertatis
463 3364 631 3419 lucem
667 3364 1015 3418 adducerent.
1049 3363 1307 3430 Quoniam
1341 3376 1467 3430 ergo
1498 3359 1794 3430 oppositam

202 3468 260 3511 et
295 3471 403 3509 non
435 3464 845 3508 consentaneam
885 3453 953 3508 de
995 3453 1122 3522 ipsis
1149 3452 1463 3505 sententiam
1493 3450 1793 3512 habebant,

203 3550 333 3619 jure
358 3546 481 3602 illos
505 3546 720 3616 corrigit
746 3544 929 3600 dicens
962 3560 978 3599 :
1013 3543 1113 3611 Qui
1139 3552 1329 3613 ponunt
1359 3542 1518 3595 lucem
1550 3540 1795 3603 tenebras,

204 3654 252 3696 et
295 3638 525 3693 tenebras
563 3639 745 3691 lucem.
786 3634 879 3689 21.
920 3633 1010 3689 ναν
1046 3634 1127 3702 qui
1155 3633 1483 3702 intelligentes
1519 3640 1633 3685 sunt
1662 3629 1799 3699 apud

204 3731 509 3798 semetipsos
532 3770 547 3795 ,
576 3740 623 3782 et
651 3744 822 3781 coram
848 3743 901 3781 se
937 3727 1163 3780 scientes.
1204 3724 1317 3778 Non
1360 3738 1585 3793 parvum
1616 3731 1667 3775 et
1699 3720 1801 3775 hoc

209 3819 404 3873 vitium
427 3858 443 3883 ,
471 3833 592 3871 cum
619 3816 879 3886 quispiam
901 3830 959 3870 se
988 3814 1279 3883 sapientem
1306 3821 1491 3881 putat,
1521 3822 1572 3866 et
1597 3812 1800 3881 cogita-

207 3912 453 3965 tionibus
473 3910 581 3963 suis
606 3908 782 3963 omnia
808 3906 1083 3978 permittit.
1118 3904 1250 3960 Nam
1280 3904 1405 3959 hinc
1434 3904 1561 3958 illud
1590 3904 1797 3970 oritur;

207 4002 471 4057 nimirum
509 3998 649 4069 quod
677 3999 857 4052 dicant
887 3997 1081 4051 malum
1111 3996 1306 4049 bonum
1332 4036 1346 4061 ,
1376 4003 1429 4048 et
1455 3994 1650 4048 bonum
1691 4008 1801 4045 ma-

211 4094 349 4153 lum,
370 4099 428 4145 et
448 4100 661 4145 eaatera.
688 4088 799 4143 Hoc
819 4088 979 4143 etiam
1002 4086 1195 4141 Paulus
1218 4085 1450 4139 externis
1472 4082 1803 4153 philosophis

209 4184 429 4239 crimini
463 4183 595 4236 dans
623 4182 866 4235 dicebat:
889 4177 1122 4231 Dicentes
1160 4193 1213 4229 se
1238 4177 1485 4246 sapientes
1514 4191 1637 4240 esse,
1665 4174 1804 4227 stulti

210 4276 345 4347 {acti
363 4284 477 4328 sunt
510 4273 683 4341 (Rom.
706 4273 754 4326 i.
773 4271 890 4338 22).
915 4268 1371 4336 Proverbialisque
1397 4280 1573 4320 sermo
1595 4279 1805 4319 rursum

210 4368 298 4421 sic
329 4365 485 4419 habet
507 4380 521 4417 :
559 4360 669 4415 Vidi
695 4362 964 4423 hominem,
984 4359 1067 4429 qui
1090 4358 1185 4411 sibi
1206 4358 1405 4427 sapiens
1430 4356 1686 4408 videbatur
1702 4371 1808 4408 esse

211 4458 357 4529 apud
382 4457 735 4522 semetipsum;
761 4454 1001 4521 majorem
1025 4466 1171 4517 quam
1194 4449 1283 4502 ille
1307 4463 1445 4517 spem
1463 4447 1605 4499 habet
1626 4444 1807 4499 stultus

214 4553 406 4623 (Prov.
424 4548 513 4604 26.
535 4549 641 4619 12).
667 4547 777 4601 lloc
794 4545 965 4613 ipsum
985 4544 1173 4596 iterum
1190 4539 1359 4609 arguit
1381 4538 1575 4591 Paulus
1591 4535 1673 4589 his
1698 4551 1807 4589 ver-

214 4643 305 4695 bis
327 4658 342 4695 :
367 4638 451 4692 Ne
470 4640 575 4691 sitis
602 4636 872 4707 prudentes
891 4633 1027 4701 apud
1047 4631 1369 4697 vosmetipsos
1394 4627 1669 4699 (Rom.l2.
1692 4627 1805 4696 l6);

214 4746 281 4784 ac
302 4744 509 4783 rursum
530 4726 613 4779 :Si
631 4724 740 4793 quis
758 4726 809 4775 in
829 4726 964 4775 vobis
980 4721 1201 4772 videatur
1218 4718 1417 4785 sapiens
1435 4717 1601 4769 essein
1618 4718 1711 4766 Itoc
1723 4729 1809 4767 saa-

214 4825 355 4885 culo,
373 4821 554 4874 stultus
569 4816 821 4885 ﬁat,utsit
836 4810 1123 4879 sapiens(i.
1148 4808 1263 4862 Cor.
1288 4807 1475 4875 5.18).
1490 4805 1565 4859 Ne
1582 4805 1808 4873 propriae

218 4911 518 4984 sapientia),
534 4908 723 4977 inquit,
744 4919 915 4974 neque
931 4898 1335 4972 cogitationibus
1354 4896 1463 4951 suis
1477 4896 1619 4958 ﬁdat,
1637 4895 1729 4948 sed
1749 4894 1811 4947 il-

220 5011 309 5064 las
329 5003 646 5073 reprimens,
674 4997 904 5066 Spiritus
927 4994 1181 5048 doctrina:
1206 4989 1438 5043 animum
1462 4985 1651 5041 tradat.
1676 4985 1807 5051 Quia

220 5103 383 5169 igitur
402 5095 537 5165 apud
556 5092 767 5147 iudazos
786 5088 997 5158 quidam
1018 5092 1170 5139 erant
1184 5078 1504 5151 hujusmodi,
1525 5077 1809 5147 prophetas

219 5183 752 5260 de‘spicientes,quasi
771 5190 1005 5249 pastores
1018 5187 1069 5232 et
1082 5192 1141 5231 ea
1150 5171 1722 5245 prarios,vo|enlesque
1738 5183 1825 5222 sa—

221 5258 432 5355 pientes
450 5281 503 5332 in
526 5273 825 5344 semetipsis
843 5269 1030 5333 videri,
1054 5267 1194 5337 quod
1218 5274 1327 5318 tum
1348 5260 1659 5348 arrogantia:
1682 5258 1809 5355 ipsis

222 5348 437 5427 occasio
463 5378 600 5433 erat,
624 5378 733 5421 tum
757 5371 815 5418 ut
836 5360 934 5415 sibi
952 5360 1088 5415 dicta
1109 5361 1532 5415 contemnerent,
1551 5351 1669 5420 jure
1692 5348 1811 5402 illos

226 5471 368 5531 luget
387 5463 572 5517 dicens
592 5479 604 5513 :
628 5457 709 5512 νω
721 5457 805 5527 qui
820 5452 1150 5521 intelligentcs
1166 5442 1809 5517 suntapudsemetipsos,et

224 5563 279 5613 in
299 5565 560 5623 conspectu
588 5568 679 5603 suo
700 5549 925 5603 scientes.
943 5542 1032 5595 22.
1049 5540 1137 5595 Vte
1157 5539 1241 5609 qui
1265 5541 1414 5609 fortes
1430 5543 1543 5589 sunt
1560 5534 1683 5585 inter
1700 5546 1804 5595 vos,

225 5652 311 5720 qui
331 5651 496 5703 trinum
518 5645 711 5706 bibunt,
732 5640 814 5708 qui
842 5643 1059 5707 potentes
1080 5640 1213 5697 sunt,
1237 5630 1321 5701 qui
1348 5628 1553 5680 miscent
1577 5626 1805 5678 siceram.

224 5718 301 5798 liis
320 5738 530 5796 mireris
554 5736 598 5790 si
616 5748 734 5789 cum
757 5732 913 5801 paulo
934 5737 1052 5782 ante
1066 5736 1208 5780 tanta
1231 5722 1422 5778 dixerit
1439 5730 1619 5777 contra
1637 5718 1807 5775 ebrie-

1903 457 2087 515 tatem,
2110 462 2293 505 rursus
2313 449 2560 507 eumdem
2586 460 2819 508 resumat
2838 465 3161 511 sermonem.
3184 452 3317 521 Quia
3337 455 3485 509 enim

1899 556 2062 611 grave
2100 542 2250 597 ulcus
2274 550 2428 609 erat,
2461 557 2560 598 nec
2585 543 2808 599 cedebat
2829 584 2845 610 ,
2874 543 2995 598 ideo
3023 544 3149 597 illud
3180 544 3489 613 frequenter

1900 632 2208 704 abstergere
2236 634 2537 703 oportebat.
2577 633 2751 688 Grave
2783 642 2837 689 et
2878 643 3063 689 curatu
3108 632 3323 688 dimcile
3354 634 3484 688 illud

1900 732 2015 789 est,
2045 737 2167 777 cum
2196 722 2248 778 id
2276 723 2417 793 quod
2442 723 2622 778 multis
2646 724 2858 779 videtur
2884 739 2988 778 non
3019 738 3140 779 esse
3170 731 3444 792 peccaturo
3468 764 3485 789 ,

1898 813 2268 883 gravissimum
2310 822 2487 869 tamen
2541 815 2777 869 omnium
2834 824 2916 870 est
2962 825 3238 884 peccatum
3269 856 3285 879 ,
3339 812 3484 883 quod

1900 912 2181 960 sexcentos
2211 904 2484 973 ingeneret
2512 904 2747 959 morbos.
2779 904 2904 959 ldeo
2927 906 3003 959 ait
3030 922 3046 959 :
3080 904 3178 971 Qui
3208 904 3377 956 vinum
3405 905 3485 956 bi-

1900 995 2058 1064 bunt,
2089 1007 2135 1052 et
2160 1006 2382 1068 potentes
2406 1038 2421 1064 ,
2447 998 2533 1068 qui
2560 997 2767 1051 miscent
2796 996 3028 1050 siceram.
3062 995 3265 1064 Duplex
3295 995 3485 1064 pra-ci-

1900 1088 2121 1158 pitium,
2151 1089 2387 1161 tyrannis
2424 1087 2731 1154 ebrietatis,
2771 1096 2826 1141 et
2863 1086 3111 1155 potentiae
3150 1085 3485 1154 magnitudo.

1900 1179 2157 1234 Omnibus
2185 1179 2379 1248 quippe
2406 1177 2711 1232 hominibus
2746 1176 3026 1231 ratiocinio
3054 1185 3136 1231 est
3160 1189 3293 1247 opus
3315 1214 3334 1242 ,
3365 1191 3484 1230 ma-

1900 1270 2043 1324 xime
2073 1284 2201 1323 vero
2227 1270 2289 1324 iis
2313 1268 2403 1338 qui
2432 1268 2484 1322 in
2509 1267 2766 1337 dignitate
2789 1275 2844 1321 et
2873 1266 2923 1320 in
2955 1265 3186 1335 potentia
3221 1274 3380 1331 sunt,
3411 1280 3483 1320 ne

1901 1361 2225 1431 principatus
2248 1372 2476 1426 tumore,
2500 1373 2600 1413 ceu
2627 1357 2993 1411 inundantium
3010 1371 3264 1425 aquarum
3284 1357 3487 1425 impetu

1899 1451 2199 1522 praecipites
2224 1459 2464 1520 agantur.
2487 1449 2578 1504 25.
2613 1448 2712 1514 Qui
2728 1448 3014 1519 justiﬁcant
3038 1447 3249 1517 impium
3276 1456 3486 1517 prapter

1899 1559 2124 1607 munera,
2155 1552 2202 1596 et
2220 1542 2312 1613 jus
2328 1541 2454 1611 justi
2482 1540 2662 1594 tollunt
2689 1540 2753 1591 ab
2783 1539 2893 1591 illo.
2926 1537 3131 1606 Duplex
3162 1552 3346 1591 rursus
3373 1538 3482 1592 cri-

1897 1650 2019 1689 men
2049 1633 2205 1690 oﬂ‘ert
2225 1675 2240 1699 ,
2263 1632 2403 1704 quod
2441 1647 2589 1687 reum
2617 1631 2916 1698 dimittant,
2945 1638 2998 1684 et
3026 1629 3168 1699 quod
3196 1630 3482 1685 innoxium

1897 1723 2275 1778 condemnem.
2322 1721 2607 1792 Utriusque
2654 1721 2856 1791 peccati
2898 1719 3049 1775 radix
3093 1728 3218 1775 sunt
3261 1730 3485 1790 accepta

1897 1830 2138 1871 munera.
2166 1818 2255 1871 24.
2287 1815 2413 1870 Ideo
2439 1814 2860 1888 quemadmodum
2884 1815 3210 1869 succendetur
3236 1813 3427 1883 stipula
3450 1831 3489 1868 αι

1896 1909 2112 1964 carbone
2134 1908 2285 1981 ignis,
2314 1919 2360 1965 et
2384 1908 2710 1963 succendetur
2731 1924 2762 1960 a
2788 1908 2998 1978 ﬂamma
3021 1922 3251 1959 accensa.
3278 1905 3485 1961 Celeri-

1900 2010 2057 2055 tatem
2076 2000 2289 2057 ultionis
2304 2011 2357 2057 et
2375 2000 2679 2057 facilitatem
2704 1998 2945 2054 sumendi
2969 1998 3214 2067 supplicii
3241 1997 3478 2065 exhibet,

1897 2102 2191 2148 extremam
2216 2092 2427 2147 illorum
2448 2091 2735 2162 perniciem
2766 2089 2995 2160 imagine
3021 2089 3350 2157 exprimens.

1967 2184 2021 2239 8.
2063 2184 2187 2239 Haec
2212 2184 2406 2255 quippe
2425 2186 2603 2239 omnia
2625 2183 2859 2247 llamma,
2888 2179 3169 2247 carbones,
3200 2180 3392 2251 stipula
3425 2189 3483 2235 et

1898 2290 2016 2345 qua:
2061 2287 2354 2345 sequuntur
2394 2275 2547 2330 nobis
2588 2274 2841 2329 indicant.
2890 2273 3063 2327 Radix
3114 2290 3287 2327 eorum
3335 2275 3483 2338 quasi

1898 2368 2059 2438 pulvis
2088 2370 2210 2434 erit,
2257 2377 2304 2422 et
2344 2369 2439 2438 ﬂos
2468 2384 2639 2422 eorum
2670 2366 2813 2433 quasi
2856 2366 3020 2434 pulvis
3061 2365 3314 2417 ascendet.
3351 2364 3482 2430 Quas

1897 2457 2000 2511 ﬁxa
2030 2468 2153 2513 sunt
2182 2467 2236 2513 et
2264 2459 2410 2511 lirma
2437 2457 2701 2525 peribunt,
2734 2472 2851 2523 quae
2877 2455 3153 2522 splendida
3203 2454 3487 2509 ellunden-

1897 2558 2002 2614 tur,
2030 2566 2149 2620 qua:
2176 2550 2297 2605 laeta
2332 2550 2554 2603 abibunt
2582 2558 2636 2603 et
2676 2547 2938 2602 dimuent.
2983 2546 3105 2600 Non
3146 2548 3278 2601 enim
3306 2549 3483 2601 volue-

1895 2649 2013 2693 runt
2042 2643 2197 2711 legem
2227 2640 2432 2694 Domini
2456 2638 2681 2695 Sabaoth
2713 2643 2899 2710 facere,
2930 2639 3020 2691 sed
3041 2636 3295 2701 eloquium
3322 2641 3483 2693 sancti

1897 2739 2339 2800 exasperaverunt.
2374 2729 2656 2799 Eloquium
2678 2737 2833 2782 vocat
2869 2728 3062 2798 legem.
3090 2727 3178 2782 25.
3219 2727 3287 2780 Et
3324 2728 3483 2781 iratus

1897 2833 1968 2878 est
1988 2826 2158 2895 furore
2180 2821 2427 2875 Dominus
2452 2819 2679 2876 Sabaoth
2708 2819 2757 2874 in
2794 2819 3037 2889 papulum
3059 2835 3204 2871 suum
3236 2833 3255 2872 :
3276 2829 3322 2871 et
3347 2816 3483 2889 inje-

1897 2918 1963 2970 cit
1990 2932 2193 2971 mnnum
2221 2932 2362 2969 suam
2384 2916 2436 2968 in
2456 2931 2559 2979 eos,
2591 2924 2637 2967 et
2677 2913 2919 2984 percussit
2939 2927 3038 2965 eos.
3074 2909 3135 2962 Et
3162 2911 3483 2963 exacerbatus

1898 3017 1971 3061 est
2007 3007 2247 3060 adversus
2296 3015 2523 3070 montes,
2570 3014 2618 3059 et
2651 3005 2788 3073 facta
2833 3010 2952 3055 sunt
3004 3001 3272 3053 ntorticina
3311 3016 3483 3052 eorum

1896 3098 2040 3165 quasi
2062 3107 2253 3149 stercus
2291 3096 2343 3148 in
2370 3094 2532 3147 medio
2574 3094 2686 3145 vice.
2723 3092 2792 3144 Et
2832 3092 2884 3143 in
2924 3090 3152 3144 omnibus
3180 3090 3258 3140 Itis
3284 3105 3385 3141 non
3407 3098 3481 3142 est

1897 3204 2097 3241 aversus
2126 3188 2270 3256 furor
2294 3187 2409 3257 ejus
2440 3185 2564 3238 :sed
2584 3184 2752 3236 adhuc
2775 3197 2956 3236 manus
2981 3181 3090 3251 ejus
3105 3179 3322 3233 excelsa.
3370 3180 3481 3235 Hoc

1898 3282 2015 3335 loco
2058 3281 2253 3336 bellum
2301 3292 2462 3348 grave
2493 3279 2509 3309 ¹
2536 3275 2853 3339 subindicat,
2902 3274 2952 3327 in
2998 3289 3101 3343 quo
3145 3288 3212 3327 ne
3258 3287 3483 3340 corpora

1897 3372 2109 3441 quidem
2154 3369 2366 3439 sepeliri
2413 3376 2679 3438 poterunt,
2713 3381 2819 3419 non
2857 3372 2916 3419 ut
2958 3364 3033 3418 illi
3064 3377 3248 3432 pmnas
3280 3362 3407 3416 dent
3436 3364 3481 3429 ⁸,

1900 3463 1994 3517 sed
2021 3471 2075 3516 ut
2098 3462 2184 3533 qui
2212 3461 2391 3516 vivent
2419 3459 2606 3514 alienis
2627 3457 2779 3513 malis
2818 3454 3031 3511 abducti
3061 3453 3259 3524 aliquid
3286 3454 3481 3508 saltem

1900 3555 1968 3609 de
1994 3554 2229 3624 nequitia
2282 3550 2575 3607 succidant.
2617 3551 2695 3603 Ae
2721 3546 2843 3603 vide
2869 3545 3137 3618 quomodo
3160 3545 3482 3599 atrociorem

1903 3646 2192 3703 reddiderit
2221 3641 2679 3700 sermonem.1\'on
2722 3640 2864 3695 enim
2906 3638 3064 3703 dixit,
3094 3655 3197 3691 non
3244 3638 3484 3707 sepultos

1904 3740 2088 3805 fuisse,
2118 3738 2210 3793 sed
2234 3736 2493 3793 cadavera
2521 3732 2835 3803 abjeetiora,
2864 3745 3021 3801 quam
3048 3740 3258 3783 stercus
3286 3730 3484 3797 ipsum,

1904 3831 2063 3887 modo
2086 3830 2321 3899 projecta
2362 3842 2481 3883 esse
2508 3844 2523 3881 :
2548 3822 2687 3895 quod
2717 3822 3016 3877 viventibus
3042 3820 3279 3873 omnium
3313 3821 3485 3874 horri-

1906 3924 2220 3978 bilissimum
2268 3934 2388 3975 esse
2442 3918 2683 3981 videtur,
2732 3923 2787 3968 et
2833 3913 2947 3982 ipsa
2995 3921 3167 3966 morte
3218 3911 3484 3965 acerbius.

1905 4015 2056 4081 Quod
2084 4029 2206 4067 vero
2232 4012 2380 4080 pejus
2403 4017 2501 4073 est,
2523 4022 2589 4061 ne
2608 4006 2689 4060 his
2718 4004 2933 4075 quidem
2962 4003 3030 4057 ita
3059 4017 3119 4057 se
3145 3998 3485 4067 habentibus,

1907 4107 2096 4177 inquit,
2124 4103 2511 4159 moderatiores
2540 4099 2667 4154 facti
2690 4104 2845 4163 sunt;
2884 4095 2978 4152 sed
3012 4095 3063 4148 in
3093 4093 3281 4148 iisdem
3316 4092 3487 4161 persi-

1907 4209 2072 4255 stnnt.
2101 4198 2232 4265 Quia
2261 4196 2419 4265 igitur
2465 4206 2570 4246 non
2614 4190 2863 4245 meliores
2887 4194 3204 4250 evaserunt,
3253 4184 3491 4237 minatur

1908 4310 2119 4350 rursum
2162 4292 2262 4345 illis
2292 4287 2659 4361 gravissimam
2689 4284 2833 4337 illam
2865 4282 3216 4334 barbarorum
3256 4275 3487 4343 plagam.

1909 4383 2264 4451 Quamobrem
2293 4378 2463 4449 pergit
2484 4378 2667 4431 dicens
2697 4390 2711 4425 ε
2741 4371 2832 4425 26.
2860 4368 3030 4437 Igitur
3062 4364 3247 4419 levabit
3287 4362 3490 4432 signum

1908 4478 1961 4531 in
1986 4473 2270 4529 nationibus
2300 4467 2494 4539 procul.
2536 4463 2615 4517 Ne
2650 4461 2749 4514 vice
2788 4455 3061 4526 longitudo
3103 4454 3155 4506 in
3205 4453 3488 4521 segnitiem

1911 4568 2030 4622 illos
2058 4562 2320 4630 conjiciat,
2350 4557 2421 4610 ait
2439 4557 2506 4609 ita
2534 4551 2690 4606 facile
2717 4563 2874 4619 posse
2891 4548 3051 4601 Deum
3079 4542 3489 4606 illosinducere,

1912 4670 1970 4713 ut
2000 4657 2151 4710 facile
2182 4662 2261 4707 est
2288 4653 2464 4704 levare
2490 4646 2721 4716 signum,
2752 4650 2806 4697 et
2832 4654 2924 4695 eos
2946 4638 3037 4709 qui
3066 4636 3306 4691 adornati
3335 4650 3489 4704 para-

1914 4752 2055 4819 tique
2082 4754 2204 4801 sunt
2234 4744 2461 4799 educere
2488 4740 2539 4793 in
2568 4738 2764 4799 aciem,
2792 4731 2934 4803 quod
2963 4732 3142 4800 utique
3170 4727 3229 4782 ﬁt
3253 4728 3304 4781 in
3337 4728 3484 4795 equis

1911 4844 1975 4898 ad
2001 4840 2311 4899 certandum
2339 4831 2634 4890 instructis.
2686 4826 2855 4884 Simul
2902 4826 3043 4878 enim
3088 4830 3247 4887 atque
3277 4820 3487 4886 signum

1911 4930 2212 4990 emissionis
2238 4929 2287 4982 in
2318 4924 2545 4979 sublime
2593 4919 2843 4989 erigitur,
2868 4930 2932 4969 ex
2959 4909 3264 4965 carceribus
3310 4907 3491 4961 confe-

1912 5028 2034 5082 stim
2066 5023 2138 5077 illi
2168 5017 2437 5076 exsiliunt.
2463 5010 2722 5080 Propheta
2754 5007 2911 5075 igitur
2938 5002 3043 5055 duo
3063 5000 3147 5052 hic
3170 4997 3487 5062 subindicat,

1914 5118 2067 5173 facile
2094 5128 2284 5181 nempe
2307 5124 2424 5164 esse
2446 5121 2537 5161 eos
2565 5099 2821 5156 accedere
2862 5096 2967 5147 Deo
3012 5099 3256 5155 vocante.
3284 5098 3339 5143 (η
3383 5089 3489 5158 iam

1914 5211 2040 5265 olim
2070 5180 2319 5262 venturos
2363 5198 2546 5260 fuisse,
2601 5190 2701 5245 nisi
2737 5203 2828 5242 eos
2875 5186 3057 5253 ingens
3099 5182 3193 5235 Dei
3244 5180 3488 5248 patientia

1914 5298 2245 5355 detinuisset.
2276 5286 2474 5344 Deinde
2512 5284 2649 5337 inter
2680 5274 3003 5333 narrandum
3050 5272 3304 5341 majorem
3342 5271 3487 5324 exhi-

1913 5394 2003 5446 bet
2040 5387 2342 5443 facilitatem
2386 5378 2566 5431 dicens
2596 5392 2610 5426 :
2638 5368 2709 5424 Et
2754 5368 2968 5422 sibilavit
3038 5381 3120 5419 eos
3159 5365 3221 5417 ab
3260 5376 3483 5418 extremo

1916 5496 2079 5537 terra.
2108 5477 2185 5532 Ne
2211 5471 2419 5527 mireris
2444 5478 2620 5522 autem
2650 5460 2718 5517 dc
2746 5461 2855 5515 Deo
2892 5460 3194 5529 loquentem
3228 5454 3299 5505 ita
3342 5470 3488 5507 cras-

1978 5594 1994 5626 ¹
2031 5593 2083 5641 ln
2109 5599 2223 5651 tteg.
2250 5591 2302 5635 et
2330 5581 2471 5634 Savil.
2504 5579 2704 5642 legitur,
2737 5573 2921 5636 aliquid
2952 5579 3113 5634 grave,
3161 5578 3266 5627 pro,
3320 5559 3489 5612 bellant

1914 5668 2077 5720 grave°
2327 5716 2336 5720 -
2367 5706 2431 5720 ...ι
2499 5716 2616 5720 __.___
2654 5705 2753 5720 _._-_.
2798 5699 2966 5720 .1--....s
3003 5692 3048 5720 in
3076 5696 3173 5720 nnn
3213 5691 3259 5720 nl
3302 5686 3412 5720 ﬂavi

1978 5686 2155 5777 :uiltcc,
2178 5724 2267 5762 nrm
2290 5716 2337 5759 ut
2360 5706 2431 5759 illi
2454 5716 2617 5767 pomus
2645 5705 2772 5763 deut,
2795 5699 2971 5749 desunt
3003 5692 3050 5739 in
3076 5696 3191 5749 Reg.
3213 5691 3264 5735 ct
3302 5686 3451 5737 Savil.
