4156 6312
682 342 755 398 67
1382 327 1441 384 S.
1477 328 1752 385 JOANNIS
1786 325 2254 383 CIIRYSOSTOMI
2293 328 2605 388 ARCHILP.
2647 336 3177 402 CONSTANTINOP.
3857 376 3933 428 68

681 440 904 499 sissimis
933 443 1007 498 uti
1037 444 1213 498 verbis
1246 459 1260 495 :
1292 458 1413 497 nam
1444 442 1736 497 secundum
1772 441 2242 510 insipientiamsau-

680 530 911 585 ditorum
948 532 1108 586 verba
1134 540 1469 601 attemperat,
1502 546 1664 585 unum
1692 531 1773 585 his
1793 530 2039 584 omnibus
2075 530 2251 584 decla-

680 634 802 674 rare
826 620 1034 688 volens,
1057 620 1109 675 id
1132 635 1321 690 nempe
1348 622 1458 675 Deo
1477 620 1632 676 facile
1658 635 1797 687 esse,
1817 630 1867 675 et
1897 636 2008 674 rem
2031 635 2248 689 prorsus

680 718 1028 775 eventuram;
1061 710 1182 766 ideo
1206 712 1478 781 subjunxit
1508 730 1521 765 :
1551 712 1620 765 Et
1646 728 1755 765 ecce
1781 715 1876 764 cito
1902 712 2131 765 velociter
2163 728 2247 766 ve-

679 799 944 853 nient.27.
975 798 1099 853 Non
1146 802 1384 864 esurient,
1424 817 1579 871 neque
1605 799 1914 865 laborabunt,
1946 817 2101 870 neque
2130 801 2249 855 dor-

680 891 944 944 mitabunt.
970 890 1095 946 Haec
1125 891 1462 962 hyperbolice
1479 900 1600 944 sunt
1626 891 1784 945 dicta.
1807 891 2083 958 Quomodo
2103 894 2245 948 enim

677 978 793 1033 fleri
821 989 1033 1048 poterat
1069 989 1131 1035 ut
1177 996 1348 1051 neque
1389 981 1670 1044 esurirent,
1718 997 1889 1051 neque
1930 982 2241 1047 dormirent,

676 1069 925 1126 homines
942 1086 1066 1126 cum
1094 1080 1273 1126 essent
1294 1111 1310 1137 ,
1355 1085 1797 1140 communemque
1841 1080 2039 1127 naturae
2064 1072 2246 1128 condi-

678 1160 877 1216 tionem
928 1161 1101 1216 sortiti
1152 1161 1367 1216 essent?
1416 1161 1520 1217 Sed
1572 1162 1905 1216 velocitatem
1957 1164 2239 1232 exercitus,

675 1248 1005 1319 facilitatem,
1027 1251 1371 1314 celeritatem,
1399 1259 1459 1305 ut
1477 1250 1586 1320 jam
1607 1251 1734 1317 dixi,
1760 1251 1843 1306 his
1878 1253 2121 1309 omnibus
2149 1252 2243 1310 de-

676 1352 963 1397 monstrat.
1009 1341 1189 1412 Neque
1222 1344 1410 1397 solcent
1442 1359 1597 1397 sonas
1640 1359 1759 1398 suas
1789 1362 1823 1397 a
1855 1344 2032 1399 lumbis
2064 1346 2167 1399 suis
2196 1347 2236 1413 ί,

676 1447 833 1502 neque
876 1432 1249 1502 disrumpentur
1300 1434 1528 1503 corrigit:
1564 1433 2008 1489 calceamentorum
2047 1451 2235 1539 eorum.

673 1519 765 1576 28.
792 1520 1016 1587 Quorum
1035 1523 1230 1592 sagitta:
1254 1532 1417 1576 aeutis
1440 1532 1573 1588 sunt,
1590 1532 1638 1576 et
1660 1538 1808 1578 arcus
1835 1540 2007 1577 eorum
2030 1527 2237 1580 extenti.

677 1609 845 1665 Pedes
871 1626 1110 1680 equorum
1159 1626 1332 1665 eorum
1358 1621 1414 1666 ut
1456 1613 1620 1667 solida
1657 1623 1798 1682 petra
1835 1616 2053 1683 reputati
2086 1627 2237 1685 sunt,

670 1710 798 1754 rota
819 1715 1056 1753 curruum
1091 1716 1262 1755 eorum
1296 1710 1351 1755 ut
1383 1703 1632 1770 procellas.
1659 1702 1747 1759 29.
1776 1703 1977 1774 [mpetu
2012 1706 2240 1775 feruntur

672 1800 729 1846 ut
752 1793 939 1858 leones,
964 1800 1012 1846 et
1039 1792 1336 1847 adstiterunt
1357 1804 1410 1846 ut
1434 1794 1588 1847 catuli
1610 1793 1830 1849 leonum.
1862 1794 1929 1850 Et
1960 1801 2238 1867 apprehen-

671 1881 777 1950 det,
802 1892 851 1936 et
875 1882 1111 1937 clamabit
1146 1883 1290 1953 quasi
1324 1882 1454 1953 fera,
1484 1893 1531 1939 et
1572 1885 1769 1955 ejiciet;
1804 1895 1853 1941 et
1886 1904 1988 1943 non
2024 1890 2117 1943 erit
2152 1891 2239 1960 qui

670 1971 842 2027 liberet
869 1988 971 2027 eos.
1000 1971 1089 2027 30.
1120 1971 1188 2027 Et
1202 1973 1436 2027 clamabit
1464 1985 1670 2043 propter
1695 1991 1778 2031 eos
1800 1977 1853 2031 in
1872 1978 1953 2032 die
1976 1979 2087 2047 illa,
2108 1981 2237 2034 sicut

668 2077 767 2117 vos:
783 2064 934 2119 maris
956 2064 1228 2119 testuantis.
1254 2062 1325 2119 Et
1346 2067 1586 2135 aspicient
1605 2067 1658 2121 in
1677 2067 1853 2121 ctelum
1874 2084 2092 2137 sursum,
2118 2079 2164 2124 et
2184 2073 2235 2126 in

668 2162 856 2206 terram
883 2153 1118 2207 deorsum
1145 2170 1166 2209 :
1194 2162 1241 2207 et
1266 2171 1377 2209 ecce
1396 2156 1608 2209 tenebrat
1635 2156 1798 2223 dum,
1830 2160 2042 2213 tenebrae
2065 2161 2117 2214 in
2137 2178 2234 2215 an-

667 2242 834 2311 gustia
856 2258 1048 2296 eorum.
1082 2243 1237 2299 Hisce
1265 2246 1509 2300 omnibus
1530 2259 1830 2302 sermonem
1860 2250 2229 2320 amplificavit,

666 2342 724 2387 et
762 2336 1006 2389 timorem
1050 2336 1217 2403 auxit,
1248 2337 1548 2393 minutatim
1594 2340 1798 2410 singula
1845 2356 2119 2413 enarrans,
2166 2346 2232 2402 de

666 2422 904 2487 decreto,
932 2425 1000 2479 de
1026 2424 1351 2494 fortitudine,
1380 2428 1447 2483 de
1471 2429 1651 2495 armis,
1674 2429 1742 2485 de
1764 2433 1933 2501 equis,
1953 2433 2018 2489 de
2061 2437 2231 2490 curri-

665 2514 786 2581 bus,
818 2516 889 2569 ita
927 2524 984 2570 ut
1027 2516 1289 2572 dictorum
1338 2521 1674 2578 multitudine
1722 2538 1964 2595 magnam
2014 2528 2234 2585 inferret

664 2604 1006 2671 anxietatem,
1031 2614 1083 2660 et
1105 2606 1391 2677 imaginum
1418 2612 1658 2668 claritate
1680 2628 1765 2669 res
1788 2630 1953 2685 prope
1982 2619 2081 2674 sub
2108 2635 2234 2675 ocu-

665 2692 748 2747 los
786 2702 986 2764 ageret.
1030 2695 1154 2751 Ideo
1192 2697 1431 2753 leonibus
1474 2700 1594 2754 illos
1630 2714 1935 2771 comparat,
1977 2721 2149 2778 neque
2177 2711 2234 2766 in

666 2781 770 2838 hoc
796 2786 1040 2854 exemplo
1059 2785 1310 2852 substitit,
1344 2788 1437 2843 sed
1462 2789 1667 2861 efﬁngit
1694 2806 1872 2847 vocem
1897 2805 1949 2849 et
1978 2797 2228 2866 impetum

664 2872 815 2941 ferte,
842 2876 1002 2944 inque
1027 2877 1339 2946 metaphora
1360 2877 1574 2947 insistit,
1600 2880 1868 2952 multaque
1906 2886 2068 2940 utitur
2093 2888 2227 2956 figu-

664 2973 778 3019 rata
804 2964 1061 3021 dictione.
1075 2966 1207 3021 Hinc
1223 2968 1287 3022 ad
1304 2983 1450 3023 mare
1464 2984 1764 3026 sermonem
1781 2973 2022 3041 traducit,
2046 2977 2228 3033 dicens

665 3066 869 3111 tantum
888 3056 999 3113 fore
1020 3059 1318 3123 tumultum,
1344 3069 1537 3116 tantam
1556 3064 2017 3134 perturbationem,
2034 3079 2228 3138 quanta

662 3147 823 3202 fuerit
842 3149 1137 3205 insaniente
1165 3160 1221 3207 et
1242 3160 1498 3209 aestuante
1519 3154 1703 3225 pelago
1728 3173 1743 3209 :
1772 3172 1833 3211 ac
1861 3160 2034 3214 modis
2055 3162 2225 3217 omni-

662 3236 762 3293 bus
789 3241 1046 3294 annititur
1072 3251 1130 3295 ut
1153 3252 1351 3297 metum
1371 3255 1580 3313 augeat,
1598 3255 1655 3299 ut
1674 3246 1750 3300 illi
1776 3262 1879 3302 non
1901 3260 2091 3319 egeant
2115 3252 2226 3321 ipsa

662 3341 843 3382 rerum
871 3328 1227 3399 experientia.
1254 3332 1510 3401 Quodque
1533 3334 1741 3403 gravius
1768 3345 1869 3400 est,
1890 3354 2048 3394 nemo
2072 3342 2225 3396 adfu-

660 3424 811 3473 turus
836 3427 937 3486 est,
957 3419 1146 3490 inquit,
1177 3436 1348 3492 neque
1373 3439 1438 3477 ex
1467 3432 1625 3491 terra,
1653 3440 1822 3495 neque
1841 3442 1905 3482 ex
1932 3428 2103 3494 caelis;
2132 3432 2224 3487 sed

660 3505 897 3561 destituti
936 3523 1169 3578 superno
1196 3511 1423 3577 auxilio,
1454 3520 1509 3567 et
1537 3521 1742 3568 terrena
1781 3529 1912 3585 ope,
1957 3518 2230 3576 tradentur

660 3594 925 3653 hostibus.
947 3599 1217 3657 Tenebras
1240 3614 1415 3657 autem
1441 3603 1526 3658 hic
1550 3603 1676 3659 dicit
1695 3620 1807 3673 eas,
1842 3622 1960 3677 qua:
1980 3623 2043 3664 ex
2080 3608 2221 3665 cala-

665 3687 850 3743 mitate
880 3689 1007 3757 ipsis
1033 3690 1281 3747 immissa:
1312 3702 1464 3758 sunt,
1489 3709 1593 3749 non
1622 3695 1761 3765 quod
1790 3698 1918 3752 radii
1942 3699 2069 3755 solis
2095 3700 2224 3756 sub.

659 3774 751 3830 lati
785 3788 985 3846 essent,
1018 3779 1113 3835 sed
1152 3782 1291 3852 quod
1317 3798 1412 3852 pro
1435 3783 1623 3839 affectu
1651 3785 1959 3855 patientium
1987 3790 2039 3843 in
2060 3792 2223 3847 meri-

660 3866 750 3923 die
775 3868 847 3923 illi
875 3885 971 3940 pro
1010 3870 1129 3927 luce
1177 3873 1421 3931 tenebras
1452 3875 1680 3931 viderint
1710 3896 1725 3932 :
1755 3876 1807 3933 id
1833 3880 1973 3949 quod
2000 3881 2099 3936 illis
2132 3882 2223 3953 qui

658 3957 844 4015 dolore
862 3969 917 4015 et
947 3963 1198 4018 aerumnis
1228 3976 1538 4034 premuntur
1561 3969 1867 4039 contingere
1895 3972 2046 4027 solet.
2077 3974 2142 4027 Et
2168 3982 2226 4030 ut

656 4049 832 4106 discas
858 4066 963 4107 non
984 4068 1051 4109 ex
1071 4064 1255 4109 natura
1304 4058 1444 4113 aeris
1473 4059 1717 4115 tenebras
1752 4064 2059 4131 provenisse
2082 4107 2097 4131 ,
2128 4066 2221 4121 sed

655 4152 723 4193 ex
752 4139 964 4196 illorum
988 4141 1199 4212 affectu,
1231 4144 1422 4214 adjecit
1448 4164 1461 4201 :
1496 4148 1729 4205 Tenebras
1756 4153 1896 4207 dum
1918 4155 1969 4207 in
1994 4158 2223 4225 angustia

654 4245 845 4285 eorum.

1261 4346 1481 4405 CAPUT
1522 4350 1609 4405 Vl.

728 4454 781 4507 Ι.
822 4454 890 4508 Et
916 4460 1107 4526 factum
1130 4468 1206 4512 est
1225 4460 1278 4513 in
1305 4476 1460 4526 anno,
1486 4477 1583 4529 quo
1604 4471 1827 4517 mortuus
1857 4481 1947 4519 rex
1978 4465 2149 4522 Ozias.

733 4583 782 4637 l.
825 4582 929 4639 Cur
963 4596 1156 4642 caetera
1202 4592 1375 4645 omnia
1403 4603 1637 4664 tempora
1683 4611 1711 4649 a
1754 4598 1860 4653 vita
1890 4615 2095 4669 regum,
2123 4603 2223 4658 hoc

656 4684 834 4730 autem
861 4686 1078 4731 amorte
1126 4695 1262 4734 nunc
1290 4685 1545 4751 propheta
1575 4689 1763 4745 notat?
1788 4690 1900 4744 Non
1937 4695 2075 4749 enim
2102 4697 2173 4749 ait
2205 4712 2219 4750 :

657 4764 875 4820 Factum
907 4777 987 4821 est
1015 4768 1066 4821 in
1089 4767 1273 4823 diebus
1299 4770 1460 4836 Ozize,
1491 4788 1619 4841 non,
1646 4789 1897 4845 regnante
1925 4780 2048 4837 Ozia
2067 4826 2079 4847 ,
2106 4785 2220 4851 sed,

658 4854 878 4910 Factum
933 4866 1014 4911 est
1058 4873 1179 4912 cum
1228 4868 1465 4914 mortuus
1506 4870 1605 4915 est.
1653 4863 1785 4930 Quid
1832 4882 1957 4937 ergo
1992 4874 2100 4927 vult
2137 4873 2222 4929 hic

660 4946 855 5016 agere?
881 4946 993 5001 Non
1026 4956 1260 5015 temere,
1292 4964 1389 5004 nec
1419 4950 1633 5005 fortuito
1678 4953 1761 5006 hic
1798 4958 1935 5023 agit;
1968 4962 2058 5013 sed
2099 4964 2221 5029 quid

659 5053 909 5093 arcanum
934 5040 1087 5095 nobis
1112 5041 1435 5095 subindicat.
1474 5042 1607 5109 Quid
1642 5044 1768 5098 illud
1791 5048 1907 5099 est?
1935 5049 2027 5103 llic
2071 5053 2222 5108 Ozias

659 5141 722 5180 ex
748 5127 908 5182 rebus
955 5130 1225 5199 gestisque
1269 5135 1535 5201 prosperis
1557 5134 1754 5201 ebrius,
1783 5146 1836 5191 et
1862 5136 2111 5194 felicitate
2141 5143 2221 5195 in-

661 5214 836 5281 flatus,
866 5220 1035 5285 majus
1063 5222 1327 5290 quidpiam
1357 5239 1511 5291 quam
1542 5240 1632 5279 sua
1672 5226 1896 5297 dignitas
1916 5228 2117 5287 ferebat
2142 5236 2221 5287 af-

660 5305 873 5361 fectavit
896 5307 970 5372 (4.
996 5308 1120 5379 Reg.
1152 5313 1236 5367 15.
1260 5314 1321 5377 2;
1343 5313 1395 5367 2.
1414 5313 1592 5370 Paral.
1616 5317 1725 5388 26).
1758 5320 1820 5373 Et
1841 5322 1959 5391 quia
1978 5338 2062 5377 rex
2086 5335 2223 5395 erat,

663 5399 865 5467 putavit
897 5399 992 5453 sibi
1022 5412 1342 5470 competere,
1366 5417 1425 5459 ut
1450 5409 1745 5465 sacerdotio
1784 5411 2114 5484 fungeretur,
2140 5418 2223 5470 in-

736 5548 908 5630 ιηιίειλε»
942 5548 1175 5630 illum"?
1211 5547 1311 5630 θρίξ
1339 5550 1578 5630 tum
1598 5554 1776 5630 δεφύρε
1806 5558 2012 5630 «sui.
2047 5562 2221 5614 desunt

673 5608 721 5658 in
754 5610 877 5677 Reg.
913 5618 965 5658 et
985 5609 1167 5679 _Savil.,
1210 5612 1293 5659 sed
1332 5608 1579 5679 habentur
1622 5608 1676 5663 in
1715 5608 1881 5667 Morel.
1918 5608 2050 5671 etuin
2079 5608 2219 5675 mihi

674 5669 881 5732 Biblico,
906 5678 959 5721 et
985 5672 1108 5721 lecta
1145 5680 1256 5722 sunt
1278 5685 1304 5721 a
1332 5671 1598 5722 Titmanno.

2361 443 2489 497 siliit
2519 447 2569 500 in
2594 454 2875 522 templum,
2893 457 3157 526 ingressus
3177 473 3259 519 est
3284 466 3334 520 in
3362 481 3542 524 sancta
3576 482 3880 533 sanctorum
3902 520 3923 542 ,

2352 543 2406 588 et
2425 536 2717 595 reluctante
2742 548 3039 613 sacerdote,
3075 562 3233 622 atque
3263 556 3553 627 ingressum
3584 563 3707 619 illuc
3735 569 3923 635 prohi-

2352 621 2529 690 bente,
2579 643 2681 683 non
2737 634 2853 688 tulit
2891 637 3000 701 ille,
3029 640 3121 694 sed
3169 644 3219 697 in
3261 621 3489 703 amentia
3532 621 3917 724 perseveravit,

2350 728 2564 782 parvam
2611 724 2903 779 sacerdotis
2943 729 3200 785 rationem
3240 734 3457 791 habens.
3492 740 3569 797 Ob
3596 752 3793 799 tantam
3821 749 3925 801 im-

2350 804 2652 870 pudentiam
2685 811 2905 868 immisit
2932 816 3004 870 illi
3024 818 3161 874 Deus
3193 823 3390 891 lepram
3419 828 3470 880 in
3501 830 3752 888 frontem.
3779 836 3919 891 Cum

2348 893 2488 946 enim
2517 897 2791 967 majorem,
2820 919 2975 973 quam
3004 909 3101 963 sibi
3124 925 3468 982 competeret,
3503 920 3759 979 honorem
3785 931 3922 983 affe-

2346 991 2535 1052 ctaret,
2563 990 2630 1042 ab
2654 991 2743 1046 illo
2764 997 2923 1051 etiam
2946 1014 3103 1068 quem
3131 1005 3355 1061 habebat
3380 1013 3590 1067 excidit.
3610 1015 3725 1070 Non
3751 1021 3922 1074 modo

2346 1075 2487 1129 enim
2508 1081 2858 1139 sacerdotium
2889 1103 2992 1143 non
3019 1096 3244 1163 accepit,
3273 1100 3365 1153 sed
3397 1101 3697 1163 immundus
3724 1110 3916 1176 factus,

2344 1181 2376 1220 a
2401 1183 2566 1239 regno
2590 1175 2751 1230 etiam
2792 1182 3041 1248 expulsus
3062 1195 3161 1248 est,
3194 1203 3257 1243 ac
3296 1206 3388 1259 per
3422 1210 3577 1252 omne
3618 1209 3824 1270 tempus
3860 1205 3918 1257 in

2343 1255 2503 1315 domo
2521 1263 2746 1331 quadam
2771 1271 3005 1327 occultus
3036 1255 3325 1346 habitabat,
3354 1285 3495 1352 quod
3522 1255 3914 1356 pudoreinnoii

2341 1344 2528 1403 ferret.
2557 1350 2787 1422 Populus
2811 1374 3020 1430 quoque
3044 1369 3214 1421 omnis
3246 1344 3534 1440 inpartem
3558 1382 3672 1435 talis
3696 1383 3916 1438 ultionis

2342 1448 2562 1495 vocatus
2581 1453 2686 1509 est,
2717 1448 2837 1513 quia
2866 1450 3009 1521 leges
3035 1454 3125 1509 Dei
3148 1457 3481 1528 despexerat,
3503 1477 3557 1520 et
3582 1475 3914 1528 contumelia

2341 1525 2587 1584 allectum
2641 1537 2993 1595 sacerdotium
3038 1559 3145 1599 non
3190 1550 3568 1609 vindicaverat.
3631 1559 3922 1626 Quomodo

2340 1715 2568 1765 retracta
2589 1722 2708 1767 est:
2737 1715 2900 1771 iratus
2939 1722 3133 1791 quippe
3174 1726 3312 1783 Deus
3341 1733 3481 1787 circa
3510 1715 3636 1789 remi
3669 1715 3914 1807 quamvis

2340 1797 2471 1852 nihil
2515 1804 2799 1870 respondit.
2856 1810 2966 1867 Hoc
3021 1828 3150 1870 vero
3236 1835 3341 1874 non
3388 1824 3453 1877 ad
3496 1840 3655 1883 omne
3684 1797 3914 1900 tempus

2338 1886 2483 1955 fecit,
2512 1891 2608 1945 sed
2637 1897 2926 1952 secundum
2952 1916 3251 1961 mensuram
3277 1911 3392 1966 vitze
3421 1917 3581 1986 regis,
3601 1935 3916 1979 mensuram

2337 1991 2547 2048 quoque
2574 1982 2787 2040 ultionis
2811 1987 3067 2049 definivit.
3093 1994 3258 2051 Simul
3290 2015 3415 2070 ergo
3443 1982 3601 2074 atque
3627 2010 3717 2064 ille
3744 2012 3907 2067 vitam

2338 2068 2489 2137 obiit,
2526 2072 2668 2128 Deus
2708 2077 2838 2132 iram
2868 2081 3059 2148 solvit,
3101 2095 3155 2140 et
3200 2068 3567 2150 fores—iterum
3611 2101 3911 2168 prophetiae

2337 2161 2561 2226 aperuit.
2592 2163 2701 2220 Hoc
2728 2167 2903 2238 itaque
2923 2173 3261 2233 subindicans
3283 2182 3561 2253 propheta,
3593 2161 3908 2250 memoriam

2336 2249 2489 2304 nobis
2520 2260 2788 2311 revocavit
2815 2262 2989 2318 obitus
3016 2269 3175 2337 regis.

2404 2336 2542 2392 Deus
2570 2345 2818 2409 quomodo
2844 2349 2999 2403 videri
3023 2357 3195 2420 possit.
3220 2389 3289 2398 —
3313 2361 3663 2427 Quamobrem
3691 2375 3769 2427 sic
3782 2390 3907 2443 pro-

2333 2426 2563 2496 pheliam
2589 2433 2789 2487 orditur
2821 2451 2840 2489 :
2867 2437 3080 2495 Factum
3109 2456 3177 2498 est
3205 2448 3256 2500 in
3279 2466 3430 2518 anno,
3459 2472 3555 2523 quo
3583 2472 3806 2517 mortuus
3829 2478 3904 2518 est

2334 2533 2424 2571 rea:
2445 2518 2614 2586 Ozias,
2637 2526 2736 2578 vidi
2754 2526 3019 2585 Dominum
3040 2536 3303 2591 sedentem.
3331 2518 3492 2613 Atqui
3526 2547 3767 2608 Christus
3786 2558 3861 2609 ait
3883 2577 3897 2609 :

2336 2603 2497 2661 Deum
2522 2628 2664 2665 nemo
2703 2616 2821 2670 vidit
2859 2636 3115 2689 umquam.
3148 2626 3442 2698 Unigem'tus
3476 2640 3561 2705 qui
3593 2652 3664 2693 est
3694 2643 3746 2695 in
3784 2647 3901 2699 sinu

2336 2695 2523 2765 Patris,
2556 2703 2645 2756 ille
2675 2711 2896 2762 narravit
2923 2712 2940 2779 (
2967 2711 3120 2768 Joan.
3153 2718 3203 2771 1.
3232 2695 3296 2773 1⁷8
3320 2723 3361 2791 ).
3402 2695 3701 2786 Et'rursum
3734 2752 3746 2786 :

2331 2799 2448 2851 quta
2470 2786 2673 2844 Patrem
2692 2796 2803 2861 quis
2827 2799 2967 2864 vidit,
2992 2804 3087 2856 nisi
3105 2808 3191 2872 qui
3218 2820 3286 2861 est
3316 2786 3345 2863 λι
3373 2813 3478 2867 Deo
3495 2832 3513 2868 .'
3536 2820 3621 2871 ille
3646 2823 3765 2874 vidit

2332 2882 2458 2926 trem
2488 2876 2666 2946 (Joan.
2701 2882 2751 2935 6.
2781 2885 2897 2952 46).
2930 2887 3124 2959 lllcque
3146 2895 3308 2965 Moysi
3334 2900 3495 2955 dixit:
3522 2904 3686 2960 Nemo
3716 2913 3901 2966 videbit

2331 2965 2511 3033 faciem
2534 2986 2692 3023 meam
2716 2983 2762 3027 et
2782 2976 2902 3029 vivet
2927 2978 2945 3048 (
2974 2979 3140 3036 Exod.
3161 2986 3248 3040 55.
3270 2987 3338 3045 20
3364 2991 3402 3058 ).
3435 2993 3711 3058 Quomodo
3743 3002 3901 3071 igitur

2332 3054 2418 3110 hic
2442 3059 2514 3111 ait
2537 3076 2594 3115 se
2614 3064 2806 3120 vidisse
2834 3068 3146 3128 Dominum?
3166 3076 3295 3131 Nam
3326 3083 3415 3146 ait,
3448 3083 3563 3139 Vidi
3586 3088 3857 3145 Dominum
3878 3116 3899 3149 :

2332 3160 2435 3200 non
2465 3154 2724 3207 contraria
2746 3157 2817 3211 ait
2847 3174 2972 3215 vero
2990 3163 3074 3230 iis,
3102 3180 3218 3234 qua:
3246 3169 3484 3227 Christus
3508 3176 3657 3242 dixit,
3685 3183 3775 3235 sed
3804 3186 3901 3236 ad-

2331 3237 2545 3293 modum
2590 3248 2992 3306 consona.Nain
3024 3253 3264 3314 Christus
3310 3261 3379 3316 de
3420 3279 3663 3322 accurata
3713 3276 3901 3345 cogni-

2330 3326 2472 3382 tione
2492 3331 2750 3401 loquitur,
2782 3342 3069 3398 secundum
3114 3363 3270 3416 quam
3312 3368 3467 3409 nemo
3497 3359 3626 3413 vidit
3656 3379 3670 3416 :
3702 3326 3905 3420 nudans

2325 3420 2466 3473 cnim
2485 3422 2812 3483 divinitatem
2843 3446 3132 3504 puramque
3170 3441 3516 3500 substantiam
3566 3466 3722 3506 nemo
3766 3456 3899 3510 vidit

2326 3520 2519 3579 praeter
2550 3513 2919 3587 Unigeuitum;
2949 3527 3199 3596 pr0pheta
3229 3549 3355 3588 vero
3383 3548 3602 3595 eatenus
3621 3559 3678 3598 sc
3701 3547 3898 3602 vidisse

2322 3612 2526 3669 narrat,
2557 3617 2817 3674 quatenus
2846 3623 3074 3681 poterat.
3109 3620 3295 3691 Neque
3316 3628 3455 3681 enim
3503 3632 3615 3696 ipse
3654 3635 3702 3687 id
3748 3642 3890 3705 quod

2325 3690 2463 3747 Deus
2488 3704 2567 3749 est
2592 3697 2768 3755 videre
2795 3712 3016 3771 poterat,
3055 3711 3149 3764 sed
3196 3690 3293 3768 sub
3321 3715 3481 3785 ﬁgura
3497 3690 3719 3789 quadam
3749 3690 3895 3783 illum

2324 3788 2796 3858 cuntemplabatur,
2838 3796 2925 3864 qui
2968 3806 3173 3856 tantum
3220 3788 3586 3877 descenderat,
3639 3831 3896 3887 quantum

2324 3877 2732 3944 contemplantis
2788 3882 3064 3943 infirmitas
3109 3896 3397 3952 ascendere
3456 3877 3687 3968 poterat:
3744 3908 3895 3972 Quod

2325 3962 2464 4016 enim
2494 3980 2665 4035 neque
2691 3970 2822 4038 ipse,
2848 3989 3020 4044 neque
3047 3980 3319 4049 quisquam
3335 3962 3472 4041 alius
3493 3992 3683 4046 nudam
3706 3997 3899 4052 viderit

2325 4051 2673 4124 divinitatem,
2696 4061 2763 4115 ab
2792 4062 2856 4116 iis
2881 4080 2997 4133 quae
3034 4084 3249 4126 narrant
3278 4080 3607 4145 perspicuum
3640 4094 3739 4137 est.
3780 4086 3898 4140 Vidi

2325 4147 2487 4211 enim,
2519 4148 2706 4218 inquit,
2758 4152 3029 4211 Dominum
3073 4163 3342 4219 sedentem.
3389 4167 3526 4223 Deus
3571 4183 3746 4227 autem
3787 4194 3895 4234 non

2324 4234 2477 4289 sedet
2505 4253 2519 4291 :
2548 4238 2662 4294 lucc
2679 4244 2872 4312 quippe
2893 4246 3054 4316 figura
3071 4265 3351 4321 corporum
3374 4268 3471 4311 est.
3498 4262 3565 4313 At
3590 4279 3693 4316 non
3711 4268 3892 4334 modo,

2326 4323 2613 4392 Sedentem,
2645 4332 2758 4395 sed,
2781 4333 2948 4401 Super
2977 4339 3175 4392 saliunt.
3214 4344 3348 4398 Deus
3369 4362 3494 4401 vero
3526 4366 3626 4403 non
3655 4355 3898 4410 contine-

2326 4424 2412 4469 tur
2440 4434 2453 4471 :
2486 4422 2749 4487 quomodo
2778 4426 2919 4479 enim
2959 4432 3215 4485 contineri
3247 4438 3431 4505 possit,
3460 4442 3547 4507 qui
3579 4444 3771 4513 ubique
3795 4449 3892 4500 ad-

2324 4516 2427 4572 est,
2456 4519 2511 4563 et
2528 4514 2703 4566 omnia
2733 4514 2948 4582 implet,
2980 4518 3044 4572 In
3071 4525 3214 4590 cuius
3246 4543 3397 4581 manu
3437 4543 3553 4585 sunt
3589 4536 3711 4601 ﬁnes
3751 4548 3896 4593 terra

2325 4599 2494 4668 (Ρεαι.
2527 4603 2614 4657 9t.
2647 4606 2739 4674 ψ
2770 4607 2916 4663 Unde
2947 4612 3114 4678 palam
3139 4626 3217 4670 est
3249 4619 3298 4671 id
3331 4623 3470 4689 quod
3501 4599 3794 4695 videbatur,
3828 4649 3893 4686 ex

2325 4698 2760 4761 attemperatinne
2817 4701 3041 4768 quadam
3090 4706 3272 4763 fuisse.
3309 4712 3395 4765 Sic
3432 4714 3589 4782 igitur
3618 4719 3751 4773 alter
3774 4738 3896 4789 pro-

2326 4782 2487 4849 pheta
2517 4800 2581 4838 ex
2612 4802 2835 4855 persona
2863 4793 2950 4847 Dei
2971 4796 3310 4854 subindicaus
3331 4802 3535 4859 dicebat
3568 4808 3711 4879 :Ego
3742 4782 3895 4866 visio-

2327 4888 2413 4924 nes
2442 4876 2770 4943 mnltiplicasi
2805 4881 3057 4946 (Oseelﬁ.
3085 4887 3151 4940 10
3177 4889 3215 4956 ),
3248 4891 3297 4943 id
3328 4903 3440 4957 est,
3472 4876 3689 4953 Diverso
3737 4905 3895 4959 modo

2325 4964 2469 5017 visus
2500 4980 2636 5017 sum.
2671 4968 2723 5021 Si
2758 4984 2911 5036 porro
2934 4974 3043 5039 ipsa
3074 4977 3364 5034 substantia
3392 4987 3527 5039 nuda
3569 4992 3890 5057 apparebat,

2325 5068 2429 5106 non
2477 5054 2686 5110 diverso
2734 5061 2891 5113 modo
2926 5064 3235 5124 videbatur:
3271 5075 3362 5127 sed
3403 5079 3522 5144 quia
3565 5079 3892 5140 descendens

2327 5160 2465 5200 nunc
2512 5148 2604 5200 illo
2636 5166 2775 5204 nunc
2810 5154 2915 5207 alio
2946 5158 3102 5213 modo
3141 5164 3409 5231 prophetis
3453 5170 3679 5235 seipsnni
3707 5182 3893 5228 osten-

2324 5239 2499 5305 debat,
2533 5245 2857 5312 temporibus
2873 5262 3247 5315 congruentcm
3276 5256 3486 5323 figuram
3511 5274 3609 5327 qua
3626 5262 3895 5320 videretur

2326 5345 2617 5395 assumens,
2653 5333 2770 5387 ideo
2797 5335 2926 5391 dicit
2952 5357 2965 5391 ε
3003 5338 3223 5395 Visiones
3240 5346 3582 5414 multiplicavi,
3607 5359 3649 5401 et
3680 5353 3732 5405 in
3769 5371 3895 5406 ma—

2326 5424 2467 5479 nibus
2513 5426 2866 5494 prophetarum
2901 5432 3203 5488 assimilatus
3248 5454 3375 5490 sum.
3407 5438 3516 5493 Non
3558 5442 3693 5497 sicut
3722 5461 3890 5515 eram,

2329 5516 2663 5583 appareham,
2695 5518 2879 5588 inquit,
2912 5522 3006 5575 sed
3044 5526 3362 5582 assimilatus
3388 5530 3433 5583 ci
3469 5530 3647 5586 forma:
3672 5576 3687 5597 ,
3730 5554 3893 5606 quam

2328 5608 2744 5673 contemplantes
2791 5610 2969 5667 videre
3010 5626 3272 5683 poterant.
3317 5618 3471 5674 Vides
3519 5623 3675 5691 igitur
3716 5626 3891 5694 ipsum

2333 5712 2469 5750 nunc
2492 5697 2787 5764 sedentem,
2817 5716 2955 5758 nunc
2979 5717 3260 5774 armatum,
3300 5724 3439 5765 nunc
3472 5716 3620 5770 canis
3649 5718 3852 5789 capillis
3873 5762 3890 5790 ,
