4130 6312
188 389 242 444 67
1478 363 1547 420 IN
1586 357 1845 428 ISAIAM,
1883 356 2035 416 CAP.
2082 359 2171 415 VI.
3499 379 3573 434 68

191 487 434 558 θαυμάσῃς
468 485 546 550 δὲ,
589 487 636 538 εί
661 483 786 555 περὶ
816 483 949 536 Θεοῦ
982 482 1375 551 διαλεγόμενος,
1404 481 1544 535 οὕτω
1577 478 1814 548 παχυτά-

193 591 285 636 ταις
311 573 568 642 κέχρηται
598 574 794 637 λέξεσι’
827 573 964 644 πρὸς
989 573 1096 642 γὰρ
1120 571 1217 640 τὴν
1244 571 1426 623 ἀνοιαν
1451 570 1558 622 τῶν
1590 567 1813 621 ἀκουόν-

194 679 273 712 των
306 661 625 729 σχηματίζει
664 659 732 712 τὰ
767 661 1008 730 ῥήματα,
1047 659 1104 711 ἐν
1154 657 1470 728 βουλόμενος
1513 656 1682 720 δεῖξαι
1729 652 1818 704 διά

196 747 388 808 πάντων,
433 748 517 798 ὅτι
561 747 655 799 καὶ
687 747 766 816 τῷ
795 746 911 817 Θεῷ
949 746 1128 816 ῥᾴδιον
1155 744 1330 808 τοῦτο,
1365 746 1459 796 καὶ
1489 745 1570 796 ὃτι
1605 741 1819 804 πάντως

194 834 575 902 ἀπαντήσονται·
621 833 700 884 διὸ
737 834 829 885 καὶ
862 835 1105 903 ἐπήγαγε
1138 831 1329 899 λέγων’
1369 831 1474 884 Καὶ
1503 829 1632 883 ίδοὺ
1666 827 1819 896 ταχὺ

195 921 389 984 κούφως
405 919 702 985 ἔρχονται.
717 921 797 971 Οὐ
813 919 1226 979 πεινάσουσιν,
1243 917 1382 970 οὐδὲ
1398 915 1818 977 κοπιάσουσιν,

193 1005 304 1058 οὐδὲ
323 1005 711 1068 νυστάζουσι.
736 1006 916 1058 Ταῦτα
936 1003 1306 1075 ὑπερϐολικῶς
1323 1003 1551 1074 εἴρηται.
1572 1000 1695 1064 Πῶς
1712 999 1820 1070 γὰρ

192 1094 292 1160 ἐνῆν
316 1096 448 1162 μήτε
476 1096 684 1163 πεινῇν,
718 1095 851 1163 μήτε
873 1092 1171 1156 καθεύδειν,
1195 1091 1506 1159 ἀνθρώπους
1526 1090 1704 1152 ὄντας,
1729 1087 1821 1141 καὶ

191 1181 266 1236 τὴν
295 1181 472 1249 κοινὴν
507 1180 767 1249 λαχόντας
799 1181 979 1250 λῆξιν;
1028 1179 1186 1231 Ἀλλά
1224 1179 1284 1232 τὸ
1319 1180 1479 1248 τάχος
1527 1178 1625 1249 τῆς
1658 1193 1823 1246 στρα-

190 1267 306 1326 τιᾶς,
337 1265 431 1335 τὴν
479 1265 748 1335 εὐκολίαν,
783 1265 879 1335 τὴν
909 1264 1202 1334 ταχύτητα,
1241 1266 1374 1334 ὅπερ
1418 1263 1587 1333 ἔφθην
1631 1262 1818 1324 εἰπὼν,

188 1353 260 1403 διά
285 1354 495 1405 πάντων
524 1354 872 1406 ἐνδείκνυται.
912 1351 1063 1405 Οὐδὲ
1085 1353 1350 1405 λύσουσι
1382 1353 1488 1414 τὰς
1513 1349 1695 1412 ζώνας
1714 1350 1822 1401 αὺ-

187 1439 286 1492 τῶν
331 1441 448 1492 ἀπὸ
496 1439 602 1504 τῆς
646 1440 874 1506 ὀσφύος
921 1437 1147 1500 αὐτῶν,
1193 1437 1334 1491 οὐδὲ
1375 1438 1460 1505 μὴ
1495 1434 1722 1504 ῥαγῶσι
1768 1437 1823 1486 οι

188 1526 396 1592 ἱμάντες
428 1524 546 1577 τῶν
579 1524 971 1593 ὑποδημάτων
1005 1525 1220 1579 αὐτῶν.
1259 1519 1368 1577 Ὧν
1397 1524 1468 1577 τὰ
1492 1523 1649 1589 ,ϐέλη
1682 1521 1824 1584 ὀξέα

186 1613 315 1675 ἐστὶ,
349 1613 440 1665 καί
485 1615 555 1666 τὰ
586 1612 730 1676 τόξα
769 1612 966 1665 αὐτῶν
994 1611 1371 1678 ἐντεταμένα.
1399 1613 1461 1662 Οἱ
1496 1609 1676 1674 πόδες
1706 1607 1824 1661 τῶν

187 1703 362 1751 ἵππων
384 1699 587 1752 αὐτῶν
615 1701 694 1765 ὡς
724 1702 936 1766 στερεὰ
963 1698 1144 1764 πέτρα
1168 1697 1594 1764 ἐλογίσθησαν,
1616 1697 1668 1749 οί
1694 1711 1825 1764 τρο-

185 1789 264 1856 χοὶ
294 1786 408 1839 τῶν
427 1785 703 1854 ἁρμάτων
721 1785 918 1838 αὐτῶν
944 1787 1024 1850 ὡς
1055 1785 1404 1852 καταιγίδες.
1425 1783 1726 1853 Ὀργιῶσιν
1745 1784 1826 1846 ὡς

185 1875 425 1937 λέοντες,
472 1873 571 1927 καί
613 1873 1070 1941 παρεστήκασιν
1118 1872 1197 1937 ὡς
1241 1873 1500 1941 σκύμνοι
1539 1875 1822 1925 λεόντων.

185 1961 276 2014 Καὶ
307 1962 688 2027 ἐπιλήψεται,
709 1959 805 2012 καὶ
829 1959 1050 2026 βοήσει
1076 1958 1156 2022 ὠς
1188 1959 1410 2026 θηρίον,
1437 1957 1532 2011 καί
1552 1956 1821 2010 ἐκϐαλεῖ·

185 2050 268 2102 καί
290 2052 394 2102 οὐκ
424 2049 600 2101 ἐστιν
631 2051 664 2101 ό
692 2048 987 2116 ῥυόμενος
1015 2048 1255 2112 αὐτούς.
1292 2047 1396 2100 Καὶ
1426 2045 1720 2112 βοήσεται
1751 2044 1824 2097 δι’

184 2138 385 2201 αὐτοὺς
417 2135 498 2203 τῇ
523 2135 708 2204 ἡμέρᾳ
741 2136 964 2203 ἐκείνῃ,
988 2135 1067 2200 ὠς
1088 2134 1254 2203 φωνὴ
1283 2134 1603 2200 θαλάσσης
1628 2148 1829 2201 κυμαι-

184 2226 413 2289 νούσης.
446 2225 559 2277 Καὶ
590 2223 988 2292 ἑμϐλέψονται
1016 2225 1102 2289 είς
1133 2222 1239 2275 τὸν
1266 2221 1524 2290 οὐρανὸν
1561 2220 1701 2283 ἅνω,
1730 2217 1828 2272 καὶ

185 2315 259 2376 εις
284 2312 394 2377 τὴν
421 2309 543 2379 τῆν
571 2311 759 2364 κάτω·
797 2311 893 2363 καὶ
931 2310 1058 2364 ίδοὺ
1100 2310 1321 2374 σκότος
1355 2308 1649 2375 σκληρὸν,
1685 2306 1830 2360 σκό-

187 2415 272 2461 τος
316 2397 381 2448 ἐν
410 2395 487 2464 τῇ
521 2397 741 2463 ἀπορίᾳ
768 2395 988 2451 αὐτῶν.
1030 2395 1130 2447 Διά
1159 2395 1376 2448 πάντων
1420 2393 1511 2446 τὸν
1550 2393 1704 2461 λόγον
1739 2391 1829 2456 ἐξ·

186 2485 414 2553 ὡγκωσε,
452 2485 546 2536 καὶ
571 2483 842 2551 τὸνεφόϐον
869 2482 1066 2553 ἐπῆρε,
1091 2482 1232 2538 κατά
1257 2482 1449 2553 μικρὸν
1477 2481 1683 2536 ἕκαστα
1703 2492 1726 2520 ιι
1751 2479 1829 2532 δι-

186 2573 487 2642 ηγούμενος.
511 2573 581 2624 τὰ
613 2571 740 2640 περὶ
774 2570 871 2642 τῆς
900 2569 1228 2640 γνώμης,τά
1260 2569 1505 2640 περὶτῆς
1534 2567 1736 2638 ἰσχύος,
1762 2566 1829 2619 τά

188 2663 298 2730 περὶ
331 2661 435 2714 τῶν
463 2661 662 2719 ὃπλων,
696 2657 811 2730 [(55]
835 2659 902 2710 τά
930 2658 1055 2729 περὶ
1086 2657 1192 2710 τῶν
1221 2657 1421 2720 ἵππων,
1455 2656 1523 2708 τὰ
1558 2655 1685 2726 περὶ
1721 2653 1830 2705 τῶν

190 2749 452 2818 ἁρμάτων,
487 2747 626 2800 ὥστε
657 2746 734 2817 τῷ
761 2745 954 2817 πλήθει
984 2745 1093 2798 τῶν
1117 2743 1424 2812 λεγομένων
1452 2742 1649 2812 πολλὴν
1670 2741 1831 2810 ποιῆ-

194 2852 268 2887 σαι
307 2837 399 2905 τὴν
432 2834 672 2901 ἀγωνίαν
691 2875 704 2896 ,
736 2835 829 2884 καὶ
861 2835 925 2901 τῇ
965 2831 1232 2901 σαφηνείᾳ
1263 2830 1371 2881 τῶν
1418 2828 1638 2880 εἰκόνων
1667 2827 1832 2894 ἐγγὺς

193 2921 250 2973 τὰ
286 2923 574 2990 πράγματα
609 2920 791 2979 αὐτοῖς
822 2918 1046 2985 ἀγαγεῖν
1064 2917 1113 2969 δ.
1152 2916 1244 2968 Διὸ
1272 2916 1366 2969 καὶ
1399 2914 1607 2967 λέουσιν
1638 2913 1833 2976 αὐτοὺς

196 3008 526 3078 παραϐάλλει,
560 3006 655 3058 καὶ
675 3005 796 3058 οὐδὲ
825 3003 1055 3057 ἐνταῦθα
1088 3003 1216 3074 ἔστη
1249 3002 1344 3056 τοῦ
1373 3001 1832 3072 παραδείγματος,

200 3096 312 3148 ἀλλά
341 3093 429 3148 καῖ
468 3093 650 3164 φωνὴν
678 3091 1001 3145 ἀναπλάττει
1039 3090 1130 3145 καὶ
1157 3090 1330 3161 ὁρμὴν
1355 3089 1448 3142 τοῦ
1485 3089 1672 3159 θηρίου
1691 3128 1706 3154 ,
1742 3088 1835 3141 καὶ

203 3184 419 3251 ἐπιμένει
444 3185 505 3251 τῇ
544 3182 844 3251 μεταφορᾷ,
885 3181 979 3232 καὶ
1008 3178 1206 3248 πολλὴν
1231 3180 1462 3230 ποιεῖται
1489 3176 1585 3247 τὴν
1604 3176 1832 3246 τροπήν.

204 3271 292 3324 Καὶ
329 3270 571 3323 ἐντεῦθεν
621 3268 713 3321 ἐπὶ.
764 3269 1028 3322 θάλατταν
1062 3267 1246 3333 ἐξάγει
1290 3267 1378 3317 τὸν
1414 3265 1590 3333 λόγον,
1641 3265 1832 3333 λέγων,

204 3361 268 3410 ὅτι
293 3357 529 3419 τοσοῦτος
575 3356 727 3408 ἔσται
776 3358 803 3407 ὀ
847 3354 1093 3425 θόρυϐος,
1128 3353 1363 3420 τοσαύτη
1392 3354 1423 3422 ἡ
1457 3353 1690 3423 ταραχὴ,
1736 3353 1834 3421 ὅση

205 3445 257 3497 ἀν
294 3447 486 3513 γένοιτο
516 3444 851 3512 μαινομένης
878 3442 1151 3510 θαλάσσης
1181 3441 1275 3492 καὶ
1301 3440 1516 3506 κύματα
1547 3437 1838 3507 διεγειρού-

206 3548 314 3599 σης·
345 3533 430 3583 καὶ
460 3533 638 3583 πάντα
684 3532 823 3581 κινεῖ
861 3527 1083 3597 τρόπον,
1130 3525 1308 3590 αὓξων
1352 3526 1442 3577 τὸν
1473 3525 1654 3593 φόϐον,
1698 3524 1838 3576 ὥστε

208 3620 267 3689 μὴ
305 3619 545 3688 δεηθῆναι
598 3616 795 3678 αὐτοὺς
832 3615 931 3684 τῆς
962 3614 1048 3666 διά
1079 3613 1186 3665 τῶν
1237 3613 1577 3682 πραγμάτιον
1626 3611 1836 3681 πείρας.

207 3706 297 3757 Καὶ
340 3708 394 3758 τὸ
438 3705 500 3776 δὴ
548 3702 961 3774 χαλεπώτερον,
998 3704 1078 3755 ὅτι
1124 3701 1242 3754 ούδέ
1286 3703 1314 3753 6
1362 3700 1840 3771 παραστησόμενος

206 3791 353 3857 ἔσται,
386 3794 568 3862 φησὶν,
600 3793 700 3844 οὐκ
731 3791 839 3843 ἀπὸ
861 3793 960 3860 τῆς
999 3793 1121 3860 γῆς,
1153 3789 1253 3841 οὐκ
1294 3788 1401 3840 ἀπὸ
1429 3785 1536 3839 τῶν
1561 3785 1803 3857 οὐρανῶν
1823 3802 1836 3817 ⁸

203 3879 299 3932 ἀλλ’
332 3882 522 3950 ἔρημοι
554 3880 646 3931 καὶ
680 3878 777 3949 τῆς
802 3877 1008 3931 ἄνωθεν
1039 3875 1350 3946 συμμαχίας
1371 3915 1383 3938 ,
1425 3875 1518 3927 καὶ
1543 3877 1641 3944 τῆς
1667 3873 1843 3926 κάτω-

204 3969 277 4024 θεν
322 3969 568 4039 βοηθείας
593 4008 608 4032 ,
646 3967 1027 4036 ἐκδοθήσονται
1075 3967 1186 4026 τοῖς
1220 3963 1516 4032 πολεμίοις.
1564 3963 1758 4026 Σκότος
1785 3961 1842 4014 δὲ

203 4054 411 4108 ἐνταῦθά
433 4072 564 4126 φησι
601 4054 662 4107 τὸ
699 4054 806 4106 ἀπὸ
837 4053 935 4123 τῆς
962 4052 1242 4120 συμφορᾶς
1265 4050 1445 4112 αὐτοῖς
1474 4048 1840 4118 ἐγγινόμενον,

202 4143 283 4211 οὐχ
311 4144 382 4206 ὡς
407 4142 504 4210 τῆς
535 4143 754 4202 ἀκτῖνος
789 4137 1186 4208 ἀφανιζομένης
1206 4178 1219 4200 ,
1269 4137 1402 4190 ἀλλά
1424 4135 1522 4206 τῆς
1553 4135 1842 4198 διαθέσεως

201 4229 294 4280 τῶν
325 4229 636 4299 πασχόντων
671 4228 727 4278 ἐν
755 4225 893 4298 μέσῃ
921 4227 985 4294 τῇ
1021 4223 1338 4295 μεσημϐρίᾳ
1368 4223 1486 4275 ἀντὶ
1516 4221 1690 4290 φωτὸς
1715 4221 1842 4273 σκό-

200 4332 276 4377 τος
319 4315 594 4385 όρώντων·
648 4314 782 4383 ὅπερ
825 4315 938 4375 τοῖς
978 4310 1331 4381 ὀδυνωμένοις
1376 4310 1470 4362 καὶ
1514 4309 1843 4379 θλιϐομένοις

202 4402 495 4470 συμϐαίνειν
535 4400 716 4454 εἴωθε.
753 4400 860 4452 Καὶ
883 4399 972 4451 ἴνα
1002 4397 1215 4469 μάθῃς,
1261 4398 1342 4449 ὅτι
1389 4398 1449 4448 οὺ
1488 4397 1587 4466 τῆς
1631 4396 1844 4464 φύσεως

199 4489 278 4540 τιῧ
311 4491 468 4558 ἀέρος
505 4488 568 4539 τὸ
614 4486 805 4547 σκότος
847 4481 935 4556 ἦν,
967 4483 1101 4536 ἀλλά
1137 4483 1237 4551 τῆς
1273 4482 1494 4536 ἐκείνων
1532 4482 1842 4550 διαθέσεως,

199 4577 422 4644 ἐπήγαγε
441 4591 456 4606 ’
488 4573 771 4641 Σκληρόν
790 4570 1011 4636 σκότος
1029 4570 1100 4623 έν
1119 4569 1194 4639 τῇ
1215 4569 1429 4637 ἀπορία
1451 4568 1668 4624 αὐτῶν.

815 4723 1065 4778 ΚΕΦΑΔ.
1104 4721 1196 4789 ς’.

199 4827 297 4882 Καὶ
347 4832 580 4898 ἐγένετο
620 4829 730 4883 τοῦ
783 4828 1107 4957 ένὲκυέοιῦη
1128 4825 1202 4885 οὗ
1245 4827 1542 4884 ἀπέθανεν
1582 4829 1761 4894 Ὀζῖας
1814 4830 1848 4882 ό

899 4915 938 4950 α
985 4916 1001 4950 ι
1045 4914 1170 4957 ευς.

899 4914 1170 4963 ασιλευς.

261 5021 327 5072 α’.
343 5022 404 5074 Τί
425 5022 622 5091 δήποτε
638 5021 763 5082 τοὺς
782 5019 881 5089 μὲν
896 5019 1086 5082 ἄλλους
1111 5019 1332 5089 χρόνους
1353 5019 1459 5071 ἀπὸ
1473 5019 1568 5086 τῆς
1586 5019 1728 5086 ζωῆς
1742 5018 1848 5070 τῶν

203 5104 469 5172 βασιλέων,
494 5105 684 5160 τοῦτον
722 5107 778 5159 δέ
807 5106 914 5158 ἀπὸ
940 5106 1039 5176 τῆς
1062 5106 1317 5176 τελευτῆς
1341 5107 1733 5176 χαρακτηρίζει
1755 5105 1848 5157 νῦν

201 5193 226 5242 6
254 5195 564 5264 προφήτηςς
593 5195 666 5246 Οὐ
713 5195 821 5263 γάρ
865 5189 1037 5257 εἷπεν,
1081 5193 1324 5261 Ἐγένετο
1353 5195 1410 5245 ἐν
1458 5196 1576 5256 ταῖς
1617 5194 1848 5262 ἡμέραις

213 5279 410 5344 Ὀζίου,
460 5281 605 5344 οὐδὲ,
646 5279 733 5331 Ἐν
784 5283 849 5350 τῇ
894 5280 1139 5351 βασιλείᾳ
1177 5280 1387 5345 Ὀζίου,
1426 5279 1571 5345 ἀλλ’,
1610 5280 1851 5347 Ἐγένετο

206 5365 358 5418 ἡνίκα
388 5367 641 5420 ἀπέθανε.
682 5366 746 5418 Τί
781 5366 976 5435 δήποτε
1010 5368 1066 5419 ἐν
1097 5367 1269 5436 τούτῳ
1304 5369 1476 5429 ποιεῖ;
1506 5368 1616 5436 Οὐχ
1642 5367 1846 5430 ἁπλῶς,

207 5451 321 5504 οὐδὲ
359 5455 426 5514 ὼς
469 5455 677 5522 ἔτυχεν,
713 5451 847 5505 ἀλλά
867 5469 920 5504 τι
952 5454 1259 5523 ἀπόρρητον
1289 5454 1415 5522 ἡμῖν
1441 5453 1750 5505 αἰνίττεται.
1789 5453 1850 5503 Τί

209 5535 262 5589 δὲ
287 5541 434 5593 τοῦτό
458 5545 636 5607 ἐστιν;
685 5541 864 5605 Ὀζίας
908 5537 1059 5603 οὗτος
1102 5543 1168 5610 τῇ
1202 5540 1308 5592 τῶν
1359 5541 1730 5610 γεγενημένων
1771 5542 1854 5592 εὖ-

215 5629 411 5698 πραγία
449 5630 678 5701 μεθύων,
727 5630 820 5683 καὶ
868 5630 972 5683 ὑπὸ
1013 5631 1111 5698 τῆς
1162 5629 1457 5698 εὐημερίας
1502 5629 1849 5699 ὀγκούμενος,

274 5767 300 5833 .'
328 5767 670 5833 βεε-,ἐιάστφο

273 5825 680 5896 ξδιῐὶιιοτείηει
721 5830 846 5893 Reg.
891 5830 1040 5883 Savil.
1076 5831 1245 5896 ἀγάγῃ.
1288 5831 1388 5881 Sed
1434 5830 1593 5880 minus
1620 5837 1774 5891 recte,
1799 5837 1851 5882 ut

228 5892 369 5935 etiam
389 5897 539 5940 monel
563 5894 784 5943 Allenus.

1923 471 2106 541 μεῖζον
2136 473 2237 542 τῆς
2277 473 2433 539 ἀξίας
2480 473 2764 544 ἐφρόνησε.
2813 469 2922 526 Καὶ
2967 470 3153 542 ἐπειδὴ
3190 471 3441 540 βασιλεὺς
3479 466 3572 544 ἦν,

1921 559 2167 628 ἐνόμισεν
2192 561 2339 631 αὐτῷ
2371 563 2664 632 προσήκειν
2713 558 2979 629 ἱερᾶσθαι,
3022 561 3118 612 καὶ
3161 559 3468 628 ἐπεπήδησε
3497 557 3575 628 τῷ

1925 644 2056 716 ναῷ,
2075 647 2166 699 καὶ
2189 647 2268 710 είς
2296 647 2364 699 τά
2382 647 2546 715 Ἅγια
2572 646 2678 698 τῶν
2707 647 2876 712 ἁγίων
2894 644 3128 713 εἰσῆλθε,
3152 644 3247 697 καὶ
3267 643 3361 696 τοῦ
3384 643 3575 714 ἱερέως

1919 730 2214 793 κωλύοντος
2242 732 2332 784 καὶ
2361 731 2791 800 ἀπαγορεύοντος
2833 729 2983 799 αὐτῷ
3011 729 3109 799 τὴν
3143 730 3322 781 ἐκεῖσε
3349 719 3574 795 εἴσοδον,

1920 817 2020 870 οὐκ
2042 817 2320 888 ⁴Ιίνέσχετο,
2351 818 2464 871 ἀλλ’
2487 818 2728 887 ἐνέμεινε
2751 819 2818 888 τῇ
2850 816 3034 886 μανία,
3056 815 3235 882 ὀλίγον
3265 815 3360 868 τοῦ
3387 818 3577 887 ίερέως

1921 904 2241 975 ποιούμενος
2262 904 2436 972 λόγον.
2465 904 2680 975 Ταύτης
2728 905 2910 958 ἕνεκεν
2943 903 3044 972 τῆς
3073 902 3453 972 ἀναισχυντίας
3479 905 3578 957 ἐπ-

1921 991 2128 1061 αφῆκεν
2166 991 2314 1061 αὐτῷ
2339 991 2542 1062 λέπραν
2567 992 2596 1043 6
2618 990 2748 1054 Θεὸς
2773 990 2914 1044 κατά
2951 989 3044 1044 τοῦ
3075 988 3346 1060 μετώπου.
3371 989 3576 1058 Βουλη-

1923 1079 2032 1141 θεὶς
2056 1080 2163 1150 γάρ
2205 1079 2422 1133 πλείονα
2451 1078 2551 1148 τῆς
2581 1075 2744 1147 οὔσης
2769 1077 2933 1148 τιμὴν
2973 1076 3178 1138 λαϐεῖν,
3215 1077 3308 1128 καὶ⁸
3335 1071 3405 1146 ἦς
3432 1071 3578 1144 εἶχεν

1923 1164 2194 1228 ἐξέπεσεν.
2226 1167 2298 1219 Οὐ
2327 1166 2433 1237 γάρ
2464 1164 2527 1236 δὴ
2560 1164 2719 1234 μόνον
2766 1163 3064 1233 ἱερωσύνην
3109 1162 3171 1214 οὐ
3219 1161 3577 1233 προσέλαϐεν,

1923 1251 2058 1304 ἀλλά
2105 1252 2197 1305 καὶ
2223 1253 2510 1322 γενόμενος
2551 1249 2876 1319 ἀκάθαρτος,
2907 1249 3014 1302 τῶν
3045 1239 3328 1316 βασιλείων
3360 1247 3582 1314 ἐξεϐάλ-

1921 1337 2076 1400 λετο,
2109 1337 2204 1390 καὶ
2231 1338 2320 1389 τὸν
2356 1337 2570 1391 ἅπαντα
2599 1334 2786 1406 χρόνον
2816 1337 2873 1386 ἐν
2899 1332 3033 1402 οἴκῳ
3060 1333 3165 1384 τινὶ
3197 1333 3580 1402 κεκρυμμένος

1924 1424 2181 1493 κατῴκει,
2225 1423 2323 1493 τὴν
2368 1423 2626 1493 αίσχύνην
2657 1422 2718 1474 ού
2761 1421 2962 1490 φέρων.
2999 1419 3109 1473 Καὶ
3152 1421 3182 1471 6
3222 1419 3347 1481 λαὸς
3369 1419 3427 1471 δέ
3457 1436 3582 1473 συν-

1924 1512 2234 1580 απήλαυσεν
2259 1510 2401 1571 ἄπας
2433 1510 2530 1579 τῆς
2574 1508 2825 1578 τοιαύτης
2851 1507 3038 1578 ὀργῆς,
3066 1506 3147 1558 ὅτι
3175 1506 3302 1567 τοὺς
3328 1504 3420 1556 τοῦ
3435 1504 3580 1558 Θεοῦ

1926 1598 2119 1667 νόμους
2158 1597 2444 1666 περιεῖδον,
2482 1596 2573 1648 καὶ
2618 1596 2716 1662 τὴν
2763 1595 3056 1664 ἱερωσύνην
3090 1591 3452 1661 ὑϐριζομένην
3483 1592 3583 1643 οὐκ

1927 1679 2260 1750 ἐξεδίκησαν.
2295 1680 2416 1743 Πῶς
2459 1674 2550 1732 οὖν
2591 1679 2965 1747 συναπήλαυσε
2999 1677 3098 1746 τῆς
3125 1676 3325 1745 ὀργῆς;
3356 1674 3447 1744 Τῷ
3483 1675 3583 1744 τὴν

1927 1768 2255 1838 προφητείαν
2299 1765 2690 1835 ἀνασταλῆναιο
2756 1762 3103 1834 ὀργιζόμενος
3157 1760 3265 1830 γὰρ
3317 1760 3497 1824 αὐτοῖς
3554 1761 3586 1812 6

1927 1850 2057 1912 Θεὸς
2082 1849 2207 1920 περὶ
2231 1848 2441 1912 οὐδενὸς
2467 1846 2582 1919 [64]
2606 1845 2756 1899 οὐδὲν
2789 1845 3138 1916 ἀπεκρίνατο.
3175 1843 3312 1895 Ἀλλ’
3337 1843 3398 1896 ού
3424 1843 3584 1913 μέχρι

1928 1935 2129 1998 παντὸς
2165 1934 2321 1987 τοῦτο
2362 1933 2635 2003 ἐποίησεν,
2679 1931 2814 1984 ἀλλά
2842 1931 2920 2001 τῷ
2955 1931 3139 2001 μέτρῳ
3174 1929 3271 2000 τῆς
3308 1927 3456 1998 ζωῆς
3487 1927 3584 1980 τοῦ

1931 2020 2189 2091 βασιλέως
2221 2021 2312 2073 καὶ
2345 2019 2540 2090 μέτρον
2565 2018 2666 2087 τῆς
2686 2017 2954 2089 τιμωρίας
2986 2016 3203 2086 ὥρισεν.
3241 2013 3410 2084 Ὁμοῦ
3451 2014 3587 2081 γοῦν

1928 2107 2133 2160 ἐκείνου
2160 2107 2554 2168 καταλύσαντος
2583 2107 2682 2174 τὴν
2706 2103 2872 2173 ζωὴν,
2909 2103 3002 2156 καὶ
3038 2104 3066 2154 6
3106 2101 3239 2162 Θεὸς
3282 2102 3383 2170 τὴν
3418 2098 3589 2169 ὀργὴν

1927 2211 2215 2270 κατέλυσε,
2246 2207 2337 2260 καὶ
2369 2207 2473 2267 τὰς
2502 2203 2672 2271 θύρας
2695 2205 2854 2254 πάλιν
2873 2199 2973 2269 τῆς
2998 2197 3333 2268 προφητείας
3354 2195 3584 2264 ἀνέῳξε.

1927 2293 2100 2348 Τοῦτο
2151 2291 2281 2359 γοῦν
2321 2285 2694 2356 αἰνιττόμενος
2731 2286 2760 2337 6
2791 2283 3075 2354 προφήτης
3109 2278 3414 2349 ἀνέμνησεν
3441 2277 3588 2348 ἡμᾶς

1926 2378 2021 2432 τοῦ
2048 2373 2239 2445 καιροῦ
2270 2372 2366 2441 τῆς
2397 2368 2655 2437 τελευτῆς
2688 2365 2782 2419 τοῦ
2820 2364 3104 2436 βασιλέως.

1997 2442 2197 2527 Διόπερ
2213 2456 2384 2519 οὕτως
2405 2455 2632 2525 ἄρχεται
2651 2451 2750 2521 τῆς
2763 2448 3128 2520 προφητείας,
3149 2445 3347 2513 λέγων·
3366 2442 3589 2527 Ἐγένε-

1927 2559 1994 2596 το
2010 2541 2116 2596 τοῦ
2152 2523 2346 2604 ἔτους,
2377 2523 2455 2594 οὗ.
2484 2523 2784 2591 ἀπέθανεν
2811 2531 3052 2610 Ὀζίαςῇ
3066 2529 3366 2595 ,βασιλεὺς
3387 2569 3402 2593 ,
3425 2523 3590 2610 εἶδον

1927 2626 2032 2678 τὸν
2049 2626 2269 2691 Κύριον
2288 2619 2652 2689 καθήμενον.
2667 2615 2859 2670 Καίτοι
2880 2609 3236 2682 γεΙΧριστός
3257 2627 3412 2679 φησι·
3442 2609 3590 2662 Θεόν

1929 2706 2127 2770 οὐδεὶς
2161 2705 2379 2772 ἑώρακε
2417 2698 2752 2754 πώποτε.⁹0
2784 2693 3122 2770 μονογενὴς
3146 2691 3301 2756 Υιός,
3323 2695 3355 2744 ό
3385 2691 3471 2743 ὢν
3498 2694 3585 2756 είς

1932 2792 2036 2843 τόν
2051 2791 2281 2842 κόλπον
2303 2787 2410 2841 τοῦ
2427 2786 2655 2852 Πατρός
2671 2823 2686 2848 ,
2707 2781 2937 2845 ἐκεῖνος
2955 2773 3317 2862 ἐξηρίσατο.
3349 2776 3461 2829 Καὶ
3489 2777 3593 2829 πά-

1932 2879 2016 2930 λιν
2031 2895 2045 2908 ·
2074 2879 2194 2945 Οὐχ
2216 2876 2305 2930 ὅτι
2322 2875 2429 2930 τὸν
2443 2872 2676 2940 Πατέρα
2696 2889 2786 2937 τις
2805 2869 3083 2936 ἑώρακεν,
3098 2864 3249 2934 είμὴ
3273 2866 3305 2918 ό
3325 2862 3412 2916 ὢν
3435 2864 3593 2930 παρὰ

1933 2963 2040 3017 τοῦ
2091 2962 2237 3016 Θεοῦ
2266 2977 2280 2991 ⁸
2312 2956 2491 3026 οὗτος
2511 2958 2731 3026 ἑώρακε
2760 2955 2867 3008 τὸν
2898 2951 3150 3022 Πατέρα.
3183 2950 3294 3005 Καὶ
3318 2949 3455 3020 πρὸς
3501 2948 3593 3002 τὸν

1935 3050 2174 3104 Μωῦσέα
2229 3047 2387 3110 αὐτός
2444 3061 2641 3116 φησιν·
2685 3041 2890 3107 Οὐδείς
2925 3041 3135 3109 ὄψεται
3162 3039 3226 3092 τό
3266 3037 3593 3106 πρόσωπόν

1935 3157 2053 3209 μου
2096 3137 2195 3190 καί
2247 3133 2504 3202 ζήσεται.
2535 3129 2660 3193 Πῶς
2686 3126 2777 3183 οὖν
2807 3123 2957 3190 οὗτός
2977 3143 3139 3197 φησιν
3169 3124 3468 3195 ἑωρακέναι
3504 3121 3594 3174 τόν

1937 3225 2140 3296 Κύριον
2159 3240 2174 3282 ;
2200 3218 2377 3275 Εἶδον
2394 3220 2523 3290 γάρ,
2543 3216 2696 3288 φησὶ,
2718 3216 2823 3270 τὸν
2834 3216 3051 3282 Κύριον
3071 3229 3084 3244 ⁶
3108 3213 3208 3266 οὐκ
3239 3211 3458 3264 ἐναντία
3482 3212 3595 3271 τοῖς

1940 3312 2032 3365 τοῦ
2052 3308 2288 3381 Χριστοῦ
2311 3308 2506 3375 λέγων,
2538 3304 2671 3358 ἀλλά
2694 3305 2788 3357 καὶ
2816 3303 3019 3372 σφόδρα
3046 3299 3275 3368 συνῳδὰ.
3293 3299 3352 3350 'O
3369 3296 3597 3381 ptv_ydp

1941 3379 2173 3469 Χριστὸς
2197 3395 2295 3464 τὴν
2323 3391 2529 3462 ἀκριϐῆ
2563 3389 2888 3456 κατανόησιν
2920 3403 3103 3456 φησιν,
3141 3389 3206 3455 ἢν
3230 3384 3402 3446 οὐδεὶς
3439 3379 3543 3435 εἶδε
3578 3398 3594 3413 ⁸

1942 3486 2156 3556 γυμνὴν
2209 3482 2319 3551 γὰρ
2367 3480 2465 3550 τὴν
2499 3479 2725 3548 θεότητα
2755 3476 2849 3530 κα)⁴
2879 3473 3157 3544 ἀκραιφνῆ
3181 3472 3279 3540 τὴν
3298 3471 3485 3523 οὐσίαν
3509 3471 3600 3522 οὐ-

1943 3573 2053 3636 δεὶς
2087 3572 2368 3633 ἐθεάσατο,
2393 3568 2532 3638 πλὴν
2556 3565 2649 3619 τοῦ
2669 3561 3007 3631 Μονογενοῦς
3033 3577 3045 3592 ’
3066 3562 3093 3613 6
3116 3559 3171 3612 δὲ
3201 3559 3490 3628 προφήτης
3506 3557 3603 3628 τὴν

1943 3668 2088 3740 αὐτῷ
2114 3666 2342 3735 δυνατὴν
2395 3664 2520 3717 ίδεῖν
2562 3660 2911 3729 ἀπαγγέλλει.
2960 3657 3092 3711 Ούδέ
3125 3657 3234 3726 γὰρ
3272 3658 3435 3719 αὐτὸς
3471 3657 3604 3725 ὅπερ

1943 3757 2087 3809 ἐστὶν
2117 3756 2145 3807 6
2169 3753 2300 3815 Θεὸς
2335 3751 2464 3804 ιδεῖν
2501 3746 2740 3818 ἠδυνήθη
2767 3787 2781 3811 ,
2817 3744 2952 3799 ἀλλά
2980 3743 3413 3814 σχηματισθέντα
3446 3742 3606 3795 αὑτὸν

1944 3843 2140 3914 θεωρεῖ
2171 3884 2185 3905 ,
2222 3840 2318 3893 καὶ
2351 3835 2600 3890 τοσοῦτον
2626 3833 2966 3895 καταϐάντα,
2994 3833 3116 3884 ὅσον
3154 3830 3418 3900 ἀναϐῆναι
3446 3832 3486 3899 ήν
3513 3828 3607 3881 τοῦ

1945 3909 2274 3996 θεωροῦντος
2314 3920 2566 3976 ἀσθένεια
2610 3916 2822 3989 ἐχώρει.
2852 3918 2971 3968 Ὀτι
3007 3915 3114 3985 γάρ
3156 3915 3216 3967 οὺ
3251 3915 3463 3984 γυμνὴν
3499 3909 3608 3965 εἶδε

1943 4015 2044 4086 τὴν
2075 4012 2332 4082 θεότητα,
2379 4006 2504 4062 οὔτε
2551 4006 2711 4068 αὐτὸς
2732 4043 2747 4067 ,
2799 4001 2921 4056 οὔτε
2950 4002 3107 4064 ἄλλος
3129 4001 3338 4065 οὐδεὶς,
3377 4001 3473 4052 ἀπ’
3508 4001 3609 4051 αύ-

1943 4085 2051 4154 τῶν
2083 4094 2157 4154 ὧν
2190 4095 2618 4165 ἀπαγγέλλουσιν
2654 4090 2895 4160 εῦδηλον.
2928 4087 3112 4142 Εἶδον
3141 4085 3270 4158 γάρ,
3305 4087 3461 4156 φησι,
3504 4085 3611 4138 τόν

1943 4189 2159 4256 Κύριον
2204 4183 2555 4251 καθήμενον.
2601 4178 2734 4241 Θεὸς
2790 4176 2847 4230 δέ
2889 4175 2950 4229 ού
2998 4174 3231 4244 κάθηται
3257 4188 3273 4204 ο
3345 4173 3612 4242 σωμάτων

1945 4277 2054 4346 γὰρ
2084 4277 2112 4327 6
2141 4268 2532 4342 σχηματισμός.
2565 4267 2677 4320 Καὶ
2704 4267 2802 4334 οὐχ
2829 4263 3038 4327 ἁπλῶς,
3083 4261 3451 4329 Καθήμενον,
3494 4261 3609 4313 ἀλλ’

1959 4361 2089 4414 Ἐπὶ
2121 4359 2356 4425 θρόνου.
2388 4353 2520 4413 Θεὸς
2551 4353 2609 4406 δέ
2638 4353 2700 4406 οὐ
2730 4351 3041 4422 περιέχεται
3068 4366 3082 4380 ο
3114 4357 3232 4411 πῶς
3269 4347 3395 4418 γὰρ,
3426 4350 3455 4400 6
3482 4364 3613 4401 παν-

1945 4446 2109 4516 ταχοῦ
2141 4443 2353 4514 παρὼν,
2382 4441 2562 4496 καὶτὰ
2595 4441 2770 4494 πάντα
2792 4439 3033 4510 πληρῶν,
3064 4434 3136 4493 οὗ
3165 4438 3235 4489 έν
3258 4435 3334 4504 τῇ
3370 4436 3518 4504 χειρί
3538 4436 3610 4489 τὰ

1947 4532 2170 4600 πέρατα
2206 4529 2315 4598 τῆς
2344 4527 2494 4598 τῆς;
2545 4526 2706 4578 Ὅθεν
2751 4525 2926 4595 δῆλον,
2969 4524 3051 4576 ὅτι
3096 4522 3503 4590 συγκατάϐασις
3541 4516 3610 4591 ἦν

1946 4620 2005 4673 τὸ
2031 4617 2318 4690 ὁρώμενον,
2359 4613 2513 4667 Οὕτω
2533 4611 2662 4681 γοῦν
2700 4611 2884 4680 ἕτερος
2928 4610 3212 4679 προφήτης
3245 4607 3610 4676 αἰνιττόμενος

1946 4708 2126 4774 ἔλεγεν
2152 4707 2214 4757 ἐκ
2237 4701 2526 4774 προσώπου
2545 4699 2637 4753 τοῦ
2663 4697 2797 4751 Θεοῦ
2821 4714 2834 4729 ο
2859 4696 3000 4765 Ἐγὼ
3021 4694 3259 4762 ὁράσεις
3273 4694 3607 4758 ἐπλήθυνα,

1945 4793 2206 4857 τουτέστι,
2230 4790 2495 4859 διαφόρως
2522 4785 2729 4855 ὤφθην.
2765 4784 2826 4836 El
2870 4782 2926 4835 δέ
2968 4781 3104 4851 αὐτὴ
3155 4784 3188 4850 ἡ
3226 4781 3381 4833 οὐσία
3429 4782 3611 4850 γυμνὴ

1946 4882 2213 4950 ἐφαίνετο,
2242 4881 2340 4931 οὐκ
2374 4878 2438 4929 ἂν
2455 4874 2723 4943 διαφόρως
2746 4871 2914 4941 ἐφάνη
2949 4886 2963 4901 ο
3012 4869 3125 4922 ἀλλ’
3164 4868 3350 4939 ἐπειδὴ
3402 4884 3611 4935 συγκα-

1945 4959 2214 5013 ταϐαίνων
2237 4969 2260 4997 ο
2288 4957 2383 5010 νῦν
2415 4958 2512 5027 μὲν
2537 4955 2814 5026 τούτῳ-τῷ
2845 4954 3051 5025 τρόπῳ,
3078 4955 3174 5009 νῦν
3204 4957 3258 5009 δέ
3282 4957 3477 5026 ἐκείνῳ
3497 4955 3611 5016 τοῖς

1948 5049 2253 5117 προφήταις
2281 5045 2473 5098 ἐαυτὸν
2501 5045 2760 5106 ἐδείκνυε,
2796 5043 3145 5113 καταλλήλως
3171 5046 3285 5105 τοῖς
3319 5041 3611 5111 ὑποκειμέ-

1948 5152 2058 5197 νοις
2114 5135 2328 5203 καιροῖς
2369 5130 2722 5201 σχηματίζων
2756 5131 2854 5194 τάς
2889 5130 3042 5200 ὄψεις
3067 5170 3082 5191 ,
3112 5130 3199 5183 διὰ
3222 5130 3383 5183 τοῦτό
3407 5146 3570 5199 φησιν
3593 5144 3609 5160 ο

1958 5221 2232 5288 Ὀράσεις
2270 5219 2604 5285 ἐπλήθυνα,
2632 5218 2728 5272 καί
2753 5218 2824 5270 ἐν
2853 5217 3024 5286 χερσὶ
3057 5217 3377 5286 προφητῶν
3399 5214 3612 5284 ὡμοιώ-

1948 5311 2080 5375 θην.
2113 5309 2223 5377 Ούχ
2258 5307 2447 5376 ὥσπερ
2478 5306 2648 5377 ἥμην,
2685 5305 2910 5374 ἐφάνην,
2936 5306 3126 5373 φησὶν,
3163 5305 3277 5357 ἀλλ’
3322 5303 3610 5372 ῶμοιώθην

1949 5397 2083 5462 πρὸς
2129 5396 2265 5464 ὅπερ
2300 5394 2426 5447 ίδεῖν
2467 5393 2727 5462 ἠδύναντο
2768 5395 2815 5444 οί
2870 5391 3218 5462 θεωροῦντες.
3263 5393 3428 5462 Ὀρᾷς
3480 5391 3610 5459 γοῦν

1948 5483 2107 5535 αὑτὸν
2150 5482 2244 5535 νῦν
2295 5482 2391 5552 μὲν
2443 5481 2772 5552 καθήμενον,
2815 5481 2908 5533 νῦν
2943 5480 2996 5533 δὲ
3043 5480 3404 5547 ὡπλισμένον,
3441 5478 3533 5530 νῦν
3553 5479 3610 5531 δὲ

1947 5569 2106 5638 τρίχα
2151 5569 2337 5621 πολιὰν
2365 5568 2577 5638 ἔχοντα,
2606 5566 2701 5620 νῦν
2745 5567 2800 5620 δὲ
2830 5569 2904 5636 Ιἐν
2951 5564 3116 5637 αὖρα,
3143 5566 3237 5619 νῦν
3269 5567 3325 5618 δὲ
3353 5568 3409 5617 ἐν
3452 5565 3606 5634 πυρὶ,

1950 5657 2040 5710 νῦν
2066 5657 2118 5709 δὲ
2149 5658 2212 5709 ἐκ
2230 5657 2335 5709 τῶν
2360 5655 2624 5708 ὀπισθίων
2658 5654 3009 5724 φαινόμενον,
3042 5654 3136 5706 νῦν
3173 5654 3228 5706 δὲ
3260 5655 3353 5706 ἐπὶ
3374 5653 3481 5704 τῶν
3503 5654 3610 5703 Χε-

1950 5743 2178 5814 ρουϐὶμ,
2211 5743 2471 5814 καὶπρὸς
2511 5741 2851 5813 μεταλλικῶν
2903 5741 3042 5794 ὑλῶν
3085 5741 3446 5813 λαμπρότητα
3498 5739 3608 5792 τῶν

2013 5874 2036 5904 ε
2059 5869 2141 5920 Sic
2168 5869 2440 5922 Bavaricus.
2470 5869 2565 5920 Alii
2592 5882 2708 5920 vero
2730 5868 2811 5918 οὖν
2846 5866 3161 5916 καταϐαίνων.
