4130 6312
506 314 578 368 69
1339 292 1397 348 s.
1435 287 1717 347 JOANN:S
1751 280 2230 341 cnmsosmm
2266 281 2578 339 ARCHIEP.
2621 282 3158 341 CONSTANTINOP.
3835 293 3910 349 70

499 413 933 483 οιαφανεστάτων
947 413 1047 483 τὴν
1072 412 1192 481 ὄψιν
1223 406 1693 476 ἐξεικονιζόμενον.
1720 403 1876 465 Τίνος
1926 401 2024 470 μέν
2060 397 2153 454 οὖν

502 501 687 552 ἐνεκεν
717 498 813 552 νῦν
855 499 953 567 μὲν
986 497 1322 566 ὡπλισμένος
1364 492 1612 560 φαίνεται
1667 490 1761 540 καὶ
1807 486 2150 557 ᾑμαγμένος.

504 586 598 639 νῦν
616 586 672 637 δὲ
694 587 752 637 ἐν
771 584 849 653 τῷ
876 585 1027 652 πυρὶ,
1054 583 1146 635 νῦν
1165 584 1220 635 δὲ
1235 582 1300 633 τὰ
1318 577 1535 632 ὀπίσθια
1560 575 1789 638 δεικνὺς,
1822 572 1962 644 [65]
1989 572 2082 624 νῦν
2097 573 2153 624 δὲ

505 673 564 723 ἐν
587 668 819 741 οὐρανῷ,
857 668 952 722 νῦν
977 669 1032 720 δὲ
1061 671 1118 720 ὲν
1148 667 1340 736 θρόνῳ,
1371 664 1465 716 νῦν
1505 663 1562 714 δὲ
1590 660 1813 713 ἐπὶτῶν
1859 659 2156 729 Χερουϐὶμ,

507 758 570 808 οὑ
601 754 696 808 τοῦ
720 754 979 826 παρόντος
1009 755 1074 809 ἂν
1100 753 1183 821 εἰη
1212 751 1388 818 λέγειν
1417 747 1630 820 καιροῦ,
1660 748 1797 799 ὥστε
1824 745 1898 815 μὴ
1936 747 1994 798 τὸ
2019 745 2160 814 πάρδη

511 855 669 910 εργον
723 841 815 894 τοῦ
854 840 1012 910 ἔργου
1043 836 1292 906 γενέσθαι
1338 835 1537 906 μεῖζον.
1574 835 1721 894 Τέως
1764 831 1822 882 δέ
1867 833 2161 897 ἀναγκαῖον

513 928 653 998 ὑπὲρ
666 927 763 996 τῆς
783 926 1058 996 παρούσης
1081 924 1252 991 ὂψεως
1276 921 1632 990 διαλεχθῆναι.
1654 918 1807 980 Τίνος
1823 915 1914 970 οὖν
1934 918 2115 969 ἕνεκεν
2132 927 2158 955 α

511 1013 655 1066 οῦτω
694 1011 940 1080 φαίνεται
965 1009 1059 1063 νῦν
1076 1010 1166 1061 ἐπὶ
1201 1008 1386 1078 θρόνου
1419 1007 1749 1076 καθήμενος,
1773 1004 1866 1056 καὶ
1893 1004 2032 1072 μετά
2053 1000 2160 1054 τῶν

515 1097 795 1168 Σεραφίμ;
831 1095 1190 1167 Ἀνθρώπινον
1219 1094 1335 1156 ἐθος
1376 1095 1640 1162 μιμεῖται,
1676 1089 1859 1159 ἐπειδὴ
1893 1089 1986 1141 καὶ
2026 1088 2163 1157 πρὸς

515 1183 832 1253 ἀνθρώπους
886 1178 954 1252 ἦν
1003 1182 1032 1232 6
1076 1182 1229 1249 λόγος
1275 1180 1442 1248 αὐτῷ.
1486 1175 1702 1246 Ἐπειδὴ
1751 1177 1859 1246 γὰρ
1894 1175 2165 1242 ἀπόφασιν

515 1269 769 1340 ἐκφέρειν
800 1269 978 1338 μέλλει
1004 1268 1142 1338 ὑπὲρ
1171 1265 1416 1336 μεγάλων
1449 1261 1783 1332 πραγμάτων
1821 1262 1916 1315 καὶ
1944 1261 2042 1328 τῆς
2086 1261 2166 1311 οἰ-

518 1357 784 1425 κουμένης
813 1356 1048 1425 ἀπάσης,
1082 1355 1158 1405 ἐτι
1187 1353 1244 1404 δὲ
1294 1353 1387 1404 καὶ
1436 1351 1562 1422 περὶ
1603 1350 1709 1402 τῶν
1762 1347 2164 1418 Ἰεροσολύμων,

519 1443 614 1496 καὶ
641 1443 831 1512 διπλῆν
858 1441 1036 1508 τίθησι
1071 1439 1271 1508 ψῆφον,
1304 1437 1402 1507 τὴν
1439 1437 1535 1506 μέν
1561 1435 1777 1488 κόλασιν
1797 1436 1862 1504 τῇ
1891 1435 2040 1486 πόλει
2074 1433 2169 1498 φέ-

523 1545 716 1600 ρουσαν
739 1529 833 1582 καὶ
860 1527 938 1597 τῷ
966 1525 1106 1578 ιθνει
1136 1524 1316 1586 παντί,
1349 1523 1446 1593 τὴν
1473 1523 1528 1575 δὲ
1562 1521 1877 1592 εὐεργεσίαν
1904 1522 1970 1591 τῇ
1993 1521 2170 1572 οίκου-

524 1619 678 1689 μένῃ,
711 1617 806 1671 καὶ
844 1615 1084 1687 μεγάλας
1111 1611 1581 1684 ἐπαγγελλομένην
1610 1610 1824 1675 ἐλπίδας
1864 1611 1960 1662 xal
2004 1609 2170 1678 τιμὰς

520 1704 840 1765 ἀθανάτους.

593 1788 656 1858 β’.
689 1788 844 1851 Ἐθος
870 1786 927 1841 δέ
952 1787 1062 1851 τοῖς
1073 1787 1344 1851 δικάζουσι
1357 1784 1528 1839 ταῦτα
1553 1786 1723 1838 ποιεῖν
1752 1783 1823 1855 μὴ
1848 1781 2042 1852 λάθρα,
2059 1780 2170 1834 ἀλλ’

521 1878 605 1944 ἐφ’
629 1874 833 1944 ὑψηλοῦ
862 1874 955 1927 τοῦ
975 1873 1214 1944 βήματος
1245 1871 1605 1942 καθημένους,
1629 1868 1985 1939 παρεστώτων
2004 1867 2174 1920 ἀπάν-

519 1979 651 2027 των,
703 1961 797 2014 καὶ
856 1960 964 2012 τῶν
1015 1958 1527 2030 παραπετασμάτων
1567 1955 1970 2024 συνελκομένων
2017 1952 2173 2006 τοῦτο

521 2047 717 2098 ποιεῖν.
746 2043 978 2104 Τούτους
1000 2041 1092 2094 καὶ
1124 2039 1281 2102 αὑτὸς
1307 2039 1638 2110 μιμούμενος
1665 2037 2003 2107 παρέστησεν
2029 2035 2174 2106 αὑτῷ

520 2133 591 2186 τά
619 2131 884 2201 Σεραφὶμ,
911 2127 1005 2183 καὶ
1033 2128 1118 2198 ἐφ’
1148 2126 1352 2196 ὑψηλοῦ
1391 2125 1622 2193 κάθηται
1665 2123 1872 2193 θρόνου,
1907 2123 1999 2176 καὶ
2034 2121 2174 2176 οὕτω

521 2218 621 2287 τὴν
641 2218 911 2286 ἀπόφασιν
944 2215 1146 2285 ταύτην
1169 2213 1411 2284 ἐκφέρει.
1441 2210 1552 2266 Kal
1589 2209 1676 2265 ἵνα
1705 2209 1905 2283 μάθῃς,
1949 2209 2029 2262 ὃτι
2078 2210 2173 2278 οὑχ

525 2301 726 2371 ὑποψία
750 2303 810 2356 τὸ
837 2304 1086 2373 πρᾶγμα,
1109 2302 1244 2356 ἀλλὰ
1272 2302 1428 2354 τοῦτο
1454 2299 1573 2364 ἔθος
1597 2300 1763 2369 αὐτῷ,
1796 2299 1890 2353 καὶ
1906 2299 1962 2365 ἐξ
1988 2296 2173 2370 ἐτέρου

524 2388 800 2460 προφήτου
826 2389 984 2441 τοῦτο
1023 2389 1350 2458 πειράσομαι
1381 2388 1598 2456 ποιῆσαι
1635 2386 1884 2456 φανερόν.
1929 2387 2038 2439 Kal
2069 2389 2176 2456 γάρ

525 2473 619 2528 ἐπὶ
665 2473 756 2527 τοῦ
806 2472 1028 2543 Δανιὴλ,
1059 2472 1248 2541 ἐπειδὴ
1277 2473 1369 2524 καὶ
1407 2473 1523 2524 ἐκεῖ
1553 2471 1733 2539 ψῆφόν
1771 2487 1892 2523 τινα
1935 2471 2176 2541 μεγάλην

526 2562 778 2631 ἐκφέρειν
806 2559 995 2629 ἔμελλε
1029 2559 1156 2628 περὶ
1186 2557 1453 2610 κολάσεων
1497 2555 1592 2608 καὶ
1635 2555 1909 2626 τιμωριῶν
1965 2557 2180 2609 Ἰουδαῖ-

526 2647 639 2700 κῶν
662 2647 755 2699 καὶ
786 2645 892 2699 τῶν
921 2645 1138 2712 ἀγαθῶν
1175 2644 1281 2696 τῶν
1312 2642 1610 2712 μελλόντων
1637 2645 1701 2712 τῇ
1723 2643 2008 2715 οἰκουμένῃ
2043 2644 2178 2697 δίδο-

529 2732 672 2795 σθαι,
694 2732 852 2785 κάκεῖ
873 2728 1334 2800 θρόνοςῖραίνεται
1360 2727 1609 2798 λαμπρὸς
1634 2728 1728 2782 καὶ
1751 2730 2068 2800 περιφανὴς,
2086 2733 2179 2784 καὶ

527 2818 697 2887 δῆμος
732 2817 974 2885 ἀγγέλων
1005 2814 1382 2886 παρεστηκὼς,
1409 2815 1502 2867 καὶ
1533 2813 1660 2885 ἔθνη
1687 2815 2056 2886 ἀρχαγγέλων,
2084 2817 2179 2869 καὶ⁹

528 2906 557 2955 6
583 2901 889 2971 Μονογενὴς
919 2901 1342 2970 συγκαθήμενος,
1392 2899 1484 2951 καὶ
1513 2898 1680 2968 βίϐλοι
1717 2900 2048 2968 ἀνοίγονται,
2088 2903 2180 2954 καὶ

531 2989 762 3056 ’ποιῑεαμοί⁵
792 2987 958 3055 πυρὸς
987 2985 1251 3048 ἕλκονται,
1282 2985 1376 3038 καὶ
1405 2984 1665 3038 πάντοθεν
1699 2986 1884 3054 σχῆμα
1924 2987 2179 3055 δικαστη-

535 3072 648 3143 ρίου
673 3071 1002 3124 συνίσταται.
1031 3071 1139 3122 Kal
1160 3069 1274 3122 ἐστι
1308 3069 1532 3122 κάκεῖνα
1561 3070 1793 3138 συγγενῆ
1821 3073 1934 3131 τοῖς
1953 3071 2182 3124 ἐνταῦθα

527 3155 842 3228 λεγομένοις
891 3154 1140 3219 ἃπαντα,
1193 3153 1226 3224 ἢ
1271 3154 1363 3207 καὶ
1411 3153 1738 3225 σαφέστερον
1794 3155 1994 3217 ἐκεῖνος
2043 3155 2181 3208 αὑτά

531 3242 877 3311 ἀπαγγέλλει,
908 3241 999 3295 ἀτε
1030 3240 1137 3294 τῶν
1161 3240 1364 3310 χρόνων
1390 3241 1678 3312 ἐγγύτερον
1710 3240 2027 3309 γινομένων,
2086 3241 2180 3294 καί¹

534 3329 668 3398 πρὸς
690 3328 857 3390 αὑτάς
886 3327 1067 3379 λοιπὸν
1094 3327 1192 3388 τὰς
1214 3326 1379 3396 θύρας
1420 3327 1520 3394 τῆς
1564 3327 1894 3397 προφητείας
1927 3327 2181 3395 ἀφικνου-

540 3416 722 3484 μένης.
760 3413 916 3465 Ἀλλά
940 3412 1109 3466 ταῦτα
1131 3414 1240 3474 τοῖς
1269 3412 1572 3480 φιλοπόνοις
1609 3412 1832 3480 ἀφέντες
1861 3416 2180 3481 συναγαγεῖν

535 3500 630 3553 καὶ
652 3499 1025 3569 παρατιθέναι,
1055 3499 1148 3551 καὶ
1181 3499 1279 3569 τὴν
1304 3499 1569 3568 ἑκατέρας
1590 3499 1688 3568 τῆς
1718 3499 2048 3568 προφητείας
2077 3517 2181 3551 κοι-

535 3588 727 3640 νωνίαν
783 3585 1239 3655 καταμανθάνειν,
1285 3586 1420 3655 ὃπερ
1471 3584 1644 3655 ἔφην,
1683 3585 1780 3654 τῆς
1820 3587 2183 3655 προκειμένης

535 3674 693 3740 ἡμεῖς
715 3670 979 3739 ἁψώμεθα
1015 3669 1149 3739 μετά
1174 3669 1483 3739 ἀκριϐείας,
1522 3670 1598 3732 ώς
1631 3669 1695 3722 ἀν
1723 3664 1833 3722 οἷόν
1866 3687 1924 3722 τε
2025 3672 2181 3741 ῥῆσιν

536 3755 768 3823 ἑκάστην
785 3756 1153 3824 ἐξηγούμενοι.
1184 3755 1336 3807 Οῦτω
1356 3755 1463 3825 γὰρ
1494 3756 1589 3808 καὶ
1619 3757 1748 3825 ἡμῖν
1786 3755 1879 3809 καὶ
1923 3758 2050 3825 ὑμῖν
2084 3773 2181 3809 σα-

537 3841 770 3910 φέστερα
801 3841 952 3893 ἔσται
980 3841 1047 3894 τά
1075 3840 1357 3909 εἰρημένα.
1386 3841 1450 3891 Τί
1478 3836 1569 3892 οὗν
1604 3857 1801 3909 φησιν;
1852 3838 2031 3896 Εἶδον
2075 3843 2183 3896 τὸν

537 3929 755 3994 Κύριον
783 3927 1133 3996 καθήμενον.
1171 3926 1242 3978 Τὸ
1269 3925 1532 3995 καθῆσθαι
1575 3927 1666 3978 ἐπὶ
1695 3927 1880 3995 θρόνου
1919 3927 2182 3996 σύμϐολον

536 4013 622 4066 ἀεὶ
641 4011 872 4082 κρίσεώς
905 4014 1053 4064 ἐστιν
1074 4050 1087 4073 ,
1115 4010 1300 4081 ὥσπερ
1339 4013 1368 4063 6
1412 4011 1572 4063 Δαυῖδ
1618 4027 1780 4080 φησιν
1809 4028 1824 4042 ·
1865 4010 2183 4079 Ἐκὰθισας

537 4097 632 4150 ἐπί
675 4097 888 4163 θρόνου
930 4099 962 4150 ό
1003 4097 1219 4163 κρίνων
1256 4095 1649 4163 δικαιοσύνην
1672 4113 1687 4128 ο
1733 4098 1827 4149 καὶ
1868 4098 1898 4148 6
1935 4098 2130 4167 Δανιήλ
2165 4115 2180 4130 ’

541 4182 745 4248 Θρόνοι
767 4183 1077 4249 ἐτέθησαν,
1105 4182 1203 4236 καί
1226 4182 1521 4249 κριτήριον
1539 4181 1797 4238 ἐκάθισε.
1829 4183 1899 4236 Τὸ
1924 4183 1977 4236 δὲ
2000 4184 2182 4248 ἁπλῶς

539 4267 808 4337 καθῆσθαι
833 4268 1016 4337 ἐτέρου
1047 4267 1306 4337 σύμϐολον
1334 4264 1472 4320 εἷναί
1495 4283 1657 4336 φησιν
1680 4267 1709 4318 6
1741 4269 2046 4337 προφήτης.
2081 4269 2178 4322 Τί-

539 4373 626 4418 νος
647 4355 706 4408 δέ
735 4353 954 4419 τούτου;
984 4354 1088 4408 Τοῦ
1117 4353 1330 4420 παγίου,
1355 4353 1448 4404 τοῦ
1485 4353 1728 4422 μονίμου,
1750 4353 1841 4406 τοῦ
1865 4353 2176 4424 βεϐηκότος,

539 4442 632 4495 τοῦ
681 4442 967 4511 ἀτρέπτου,
995 4439 1088 4492 τοῦ
1114 4439 1489 4508 ἀτελευτήτου,
1519 4442 1617 4508 τῆς
1649 4438 1788 4508 ζωῆς
1815 4440 1913 4508 τῆς
1943 4441 2181 4510 ἀπεράν..

541 4546 654 4582 του.
694 4527 791 4579 Διά
819 4526 974 4579 τοῦτό
1012 4541 1164 4594 φησι.
1194 4523 1265 4575 Σὺ
1303 4523 1601 4593 καθήμενος
1640 4523 1718 4584 εἰς
1740 4523 1830 4575 τὸν
1863 4523 2052 4588 αίῶνα,
2090 4528 2181 4578 καί⁸

543 4616 702 4684 ἡμεῖς
734 4612 1084 4681 ἀπολλύμενοι
1107 4611 1184 4672 εἰς
1206 4611 1297 4661 τὸν
1331 4611 1523 4663 αἰῶνα.
1550 4608 1642 4671 Σὺ,
1672 4609 1822 4676 φησί,
1862 4609 2053 4677 μένων,
2085 4611 2180 4674 ὢν,

543 4701 685 4765 ζῶν,
740 4699 826 4753 ἀεὶ
879 4696 1137 4758 ὡσαύτως
1187 4694 1281 4746 ὢν.
1329 4695 1448 4746 Ὀτι
1496 4694 1602 4762 γὰρ
1645 4695 1704 4745 οὑ
1746 4695 1873 4765 περὶ
1921 4696 2182 4766 καθέδρας

545 4785 808 4853 ἐλεγεν,ή
847 4781 1210 4850 ἀντιδιαστολὴ
1234 4780 1389 4848 δῆλον
1428 4779 1698 4844 ἐποίησεν.
1743 4780 1817 4832 Ού
1860 4780 1967 4850 γὰρ
2013 4779 2181 4846 εἶπεν,

528 4871 741 4939 ’Ἡμεῖς
782 4867 1028 4928 ἑστῶτες,
1061 4867 1213 4929 ἀλλά,
1263 4863 1657 4933 Ἀπολλύμενοι.
1695 4866 1766 4917 Τὸ
1799 4866 1854 4918 δὲ
1881 4867 1972 4918 ἐπὶ
1999 4868 2182 4936 θρόνου

547 4955 813 5024 καθῆσθαι
840 4954 899 5005 τὸ
937 4953 1138 5022 κρίνειν
1177 4952 1310 5003 ἐστί.
1357 4951 1452 5003 Διά
1496 4950 1650 5003 τοῦτο
1684 4952 1841 5003 αὑτὸν
1879 4953 2048 5017 οὕτως
2085 4958 2186 5027 ὁρᾷ

548 5042 848 5110 καθήμενον
878 5040 970 5090 ἐπὶ
999 5037 1185 5108 θρόνου
1221 5035 1420 5104 ὑψηλοῦ
1454 5036 1548 5088 καὶ
1577 5037 1886 5106 ἐπηρμένου
1906 5077 1918 5095 .
1947 5040 1979 5109 ἢ
2005 5040 2185 5111 ἕτερον

561 5130 655 5197 μὲν
683 5126 860 5186 τοῦτο,
878 5125 1061 5194 ἓτερον
1089 5124 1145 5175 δὲ
1173 5124 1345 5174 ἐκεῖνο
1373 5122 1679 5175 αἰνίττεται.
1711 5125 1819 5176 Kal
1852 5125 1958 5195 γὰρ
1985 5126 2185 5196 ὑψηλὸς

546 5211 614 5283 ἦν
650 5215 679 5265 6
716 5213 922 5281 θρόνος,
963 5209 1244 5271 τουτέστι,
1305 5208 1474 5277 μέγας
1500 5248 1512 5272 ,
1549 5210 1643 5260 καὶ
1681 5209 2000 5280 ὑπερμήκης
2035 5230 2048 5244 ·
2094 5217 2187 5269 καὶ

552 5299 868 5368 ἐπηρμένος,
897 5295 1155 5358 τουτέστι,
1201 5295 1292 5346 καὶ
1347 5297 1404 5347 ἐν
1452 5293 1572 5362 ῦψει
1616 5297 1930 5366 φαινόμενος
1975 5300 2184 5371 ἀφάτῳ,

546 5385 642 5438 καὶ
673 5384 958 5453 μετέωρος.
981 5382 1085 5435 Kal
1123 5381 1356 5448 πλήρης
1381 5384 1413 5434 ό
1440 5378 1604 5446 οἶκος
1631 5380 1737 5448 τῆς
1761 5382 1940 5449 δόξης
1980 5389 2185 5442 αὑτοῦ.

549 5478 704 5537 Ποῖος
728 5470 903 5538 οἷκος;
930 5473 1049 5524 εἰπέ
1075 5489 1183 5542 μοι.
1229 5472 1286 5524 Ὀ
1309 5472 1450 5534 ναός.
1476 5470 1586 5542 [661
1621 5471 1834 5542 Ἐπειδὴ
1855 5473 1960 5543 γάρ
1985 5477 2189 5529 ἐκεῖθεν

546 5565 581 5631 ἡ
608 5561 793 5631 ἔχθρα,
821 5559 1039 5620 εἰκότως
1057 5559 1150 5610 καὶ
1177 5559 1232 5609 ἐν
1263 5560 1326 5627 τῇ
1349 5557 1466 5626 ὄψει
1486 5561 1549 5627 τῇ
1584 5557 1857 5629 θαυμασία
1884 5560 2054 5631 ταύτῃ
2078 5564 2190 5615 ἐκεῖ

608 5687 634 5714 ³
661 5685 787 5748 βας-
804 5690 856 5731 el
877 5679 1024 5729 Savil.
1045 5681 1166 5748 tich
1189 5680 1268 5728 οὖν
1309 5680 1560 5748 ἕνεκενεγιῐι
1595 5681 1763 5732 Morel.
1795 5682 1873 5732 οὖν
1899 5685 2038 5734 deest
2067 5699 2077 5734 ε
2101 5688 2186 5736 scd

549 5747 627 5796 hic
653 5741 974 5803 desideratur,
999 5751 1047 5793 οι
1068 5742 1348 5789 Τίίηιιιῐιουι
1385 5741 1517 5804 legit.

2259 399 2565 470 καθήμενος
2599 401 2866 468 φαίνεται.
2897 401 3063 465 Δόξαν
3102 400 3157 456 δὲ
3207 402 3440 456 ἐνταῦθά
3483 421 3614 474 φησι
3660 405 3914 477 λαμπρό-

2255 503 2412 554 τητα,
2448 487 2562 553 φῶς
2590 488 2880 556 ἀπρόσιτον
2902 488 2951 542 δ.
2977 489 3114 559 ὅπερ
3163 490 3494 559 ἑρμηνεῦσαι
3531 490 3608 560 τῷ
3655 491 3794 560 λόγῳ
3840 488 3919 560 μὴ

2255 572 2568 641 δυνάμενος,
2595 572 2752 635 δόξαν
2784 574 3028 633 ἐκάλεσε,
3061 575 3155 626 καὶ
3204 575 3300 644 οὑχ
3351 575 3534 637 ἁπλῶς
3573 575 3750 639 δόξαν,
3779 577 3921 629 ἀλλά

2255 658 2385 711 Θεοῦ
2436 657 2609 724 δόξαν.
2653 658 2760 712 Kal
2809 661 3067 729 Sepagoly
3117 661 3502 726 εἰστήκεισαν
3551 663 3752 727 κύκλῳ
3804 662 3920 719 αὐ-

2256 743 2383 799 τοῦ.
2430 743 2563 795 Τίνα
2614 743 2759 812 λέγει
2798 745 2970 798 ταῦτα
3013 746 3081 799 τά
3125 748 3415 816 Σεραφίμ;
3463 749 3727 818 Δυνάμεις
3766 750 3912 803 ἀσω-

2261 829 2461 900 μάτους
2483 838 2506 867 ο
2540 828 2648 881 τῶν
2676 830 2787 883 ἀνω
2830 831 3033 902 δήμων,
3073 828 3148 886 ὧν
3172 833 3268 902 τὴν
3309 832 3505 904 ἀρετὴν
3535 835 3627 887 καὶ
3668 835 3764 904 τήν
3808 853 3918 903 μα-

2259 914 2553 984 καριότητα
2623 916 2718 968 καὶ
2784 917 2891 970 ἀπὸ
2962 920 3061 986 τῆς
3129 920 3496 990 προσηγορίας
3557 921 3702 973 ἐστιν
3764 920 3917 973 ἰδεῖν.

2261 1003 2337 1072 Τῇ
2396 1002 2502 1073 γάρ
2560 1003 2835 1074 Ἐϐραίων
2892 1003 3105 1078 γλώττῃ
3170 1005 3387 1076 ἔμπυρα
3447 1007 3684 1078 στόματα
3745 1009 3918 1078 ἐρμη·

2261 1087 2475 1141 νεύεται
2504 1088 2572 1140 τὰ
2600 1089 2866 1160 Σεραφίμ,

2333 1173 2398 1226 Τί
2462 1169 2555 1226 οῦν
2589 1175 2653 1228 ἐκ
2715 1177 2901 1229 τούτου
2945 1177 3318 1248 μανθάνομεν;
3390 1177 3463 1232 Τὸ
3523 1180 3758 1250 καθαρὸν
3816 1181 3920 1249 τῆς

2263 1259 2486 1324 οὐσίας,
2520 1260 2582 1312 τὸ
2627 1259 2897 1332 ἄγρυπνον
2922 1304 2937 1329 ,
2985 1265 3046 1316 τὺ
3094 1265 3543 1336 διεγηγερμένον,
3591 1269 3650 1320 τὸ
3689 1268 3918 1337 γοργὸν,

2264 1345 2322 1397 τὸ
2379 1348 2765 1417 ἐνεργητικὸν,
2824 1349 2886 1401 τὸ
2939 1350 3284 1417 ἀκηλίδωτον.
3345 1351 3500 1405 Οὕτω
3551 1352 3681 1421 γοῦν
3733 1355 3827 1406 καὶ
3892 1356 3921 1407 6

2266 1439 2548 1508 προφήτης
2589 1437 2748 1491 Δαυῒδ
2804 1438 2911 1491 τῶν
2953 1440 3063 1493 ἀνω
3116 1441 3392 1510 δυνάμεων
3445 1443 3542 1512 τὴν
3588 1443 3923 1513 ἀπαραπόδι-

2268 1540 2390 1575 στον
2414 1523 2684 1577 διακονίαν
2718 1523 3033 1596 βουλόμενος
3054 1526 3184 1595 ἡμῖν
3214 1527 3562 1590 ἐνδείξασθαι.
3588 1531 3680 1582 καὶ
3703 1530 3764 1581 τὸ
3782 1528 3923 1598 ταχὺ

2268 1613 2366 1679 τῆς
2396 1610 2697 1680 ὑπηρεσίας
2742 1613 2836 1664 καὶ
2875 1612 3077 1683 σφόδρα
3119 1613 3357 1682 ἐνεργές,
3399 1614 3613 1680 ἐλεγενο
3653 1616 3708 1667 '0
3737 1615 3929 1668 ποιῶν

2268 1696 2409 1761 τοὺς
2435 1697 2728 1765 ἀγγέλους
2753 1699 2936 1753 αὐτοῦ
2977 1700 3304 1768 πνεύματα,
3351 1700 3450 1753 καί
3481 1701 3622 1766 τοὺς
3653 1705 3925 1767 λειτουρ-

2270 1780 2414 1847 γοὺς
2450 1782 2633 1836 αὑτοῦ
2678 1783 2866 1850 πυρὸς
2909 1787 3137 1854 φλόγα·
3183 1785 3245 1837 τὸ
3281 1788 3438 1855 ταχὺ,
3479 1785 3540 1838 τὸ
3583 1787 3798 1857 κοῦφον,
3859 1785 3924 1838 τδ

2271 1867 2591 1937 δραστήριον
2625 1870 2755 1938 ήμῖν
2790 1869 2876 1922 διὰ
2899 1871 3007 1924 τῶν
3042 1870 3319 1940 στοιχείων
3349 1871 3548 1924 τούτων
3583 1872 3924 1942 ἐνδεικνύμε-

2273 1971 2382 2016 νος.
2409 1953 2640 2007 Τοιαῦτα
2684 1955 2780 2008 καὶ
2811 1957 2865 2008 αί
2893 1954 3146 2025 δυνάμεις
3189 1958 3347 2010 αὑταὶ
3363 1956 3412 2024 ἀ,
3437 1959 3689 2028 καθαροῖς
3715 1959 3924 2027 στόμα-

2275 2056 2360 2092 σιν
2385 2038 2715 2109 ἀνυμνοῦσαι
2747 2040 2840 2092 τὸν
2877 2042 3171 2110 Δεσπότην,
3200 2041 3359 2114 ἔργον
3409 2044 3565 2096 τοῦτο
3593 2045 3806 2111 ἔχουσαι
3845 2045 3933 2095 δι-

2272 2126 2502 2196 ηνεκῶς,
2519 2127 2792 2197 εὐφημίας
2818 2127 3198 2199 ἀναφέρουσαι,
3221 2129 3553 2201 λειτουργίαν
3571 2131 3932 2184 ἀδιάλειπτον.

2274 2213 2519 2266 Δείκνυσι
2549 2213 2607 2265 δὲ
2637 2215 2812 2266 αὑτῶν
2843 2215 2902 2266 τὸ
2937 2215 3148 2285 ἀξίωμα
3172 2215 3231 2268 τὸ
3257 2216 3481 2284 πλησίον
3511 2214 3644 2270 εἰναι
3679 2215 3771 2270 τοῦ
3800 2217 3934 2287 θρό-

2274 2316 2385 2356 νου.
2420 2299 2684 2371 Καθάπερ
2705 2301 2813 2369 γάρ
2846 2302 2936 2354 ἐπὶ
2963 2303 3069 2355 τῶν
3101 2302 3360 2372 βασιλέων
3385 2303 3491 2355 τῶν
3533 2305 3624 2356 ἐπὶ
3652 2304 3756 2373 γῆς
3781 2305 3832 2355 οἰ
3873 2307 3936 2356 ἐν

2278 2387 2518 2457 μείζοσιν
2541 2386 2840 2458 ἀξιώμασιν
2866 2387 3034 2453 ὄντες,
3060 2389 3187 2460 παρ’
3214 2389 3375 2467 αὑτὸν
3409 2390 3667 2458 ἑστήκασι
3695 2390 3784 2441 τὸν
3804 2389 3936 2459 θρόο

2275 2491 2362 2524 νον
2387 2474 2474 2525 τὸν
2520 2474 2823 2542 βασιλικόν·
2861 2475 3003 2526 οὓτω
3041 2473 3104 2544 δὴ
3144 2473 3236 2525 καὶ
3267 2470 3424 2528 αὑται
3458 2477 3516 2526 al
3555 2475 3810 2545 δυνάμεις
3845 2475 3936 2529 διά

2275 2559 2371 2628 τὴν
2402 2559 2838 2628 ὑπερϐάλλουσαν
2890 2559 3087 2630 ἀρετὴν
3136 2557 3226 2614 τὸν
3269 2559 3380 2610 άνω
3422 2559 3606 2628 θρόνον
3651 2561 3931 2626 κυκλοῦσι,

2275 2644 2376 2713 τῆς
2405 2645 2711 2715 ἀπορρήτου
2743 2647 3135 2716 μακαριότητος
3153 2648 3515 2704 ἀπολαύουσαι
3533 2649 3812 2719 διηνεκῶς,
3840 2651 3938 2707 καὶ

2276 2731 2613 2801 ἐντρυφῶσαι
2645 2733 2709 2800 τῇ
2754 2733 2997 2802 μακαρία
3038 2732 3187 2801 λήξει
3217 2733 3316 2802 τῆς
3343 2735 3680 2806 λειτουργίας
3706 2739 3933 2808 ταύτης.

2282 2815 2385 2879 Ἐξ
2424 2818 2708 2882 πτέρυγες
2746 2817 2825 2882 τῷ
2858 2818 2967 2882 ἐνί,
2997 2820 3093 2871 καί
3137 2819 3206 2883 ἐξ
3245 2820 3529 2889 πτέρυγες
3559 2822 3637 2884 τῷ
3674 2825 3785 2878 ἐνί.
3825 2827 3938 2879 Kal

2276 2901 2405 2967 ταῖς
2437 2903 2553 2970 μὲν
2589 2902 2730 2956 δυσί
2785 2904 3234 2958 κατεκάλυπτον
3273 2907 3414 2970 τοὺς
3459 2909 3647 2975 πόδας
3683 2911 3937 2978 ἑαυτῶν,

2277 2988 2405 3052 ταῖς
2441 2988 2509 3040 δὲ
2529 2988 2668 3041 δυσί
2691 2989 3138 3042 κατεκάλυπτον
3155 2992 3225 3044 τὰ
3240 2993 3526 3057 πρόσωπα
3549 2995 3792 3060 ἑαυτῶν,
3837 2999 3940 3050 καί

2278 3073 2406 3138 ταῖς
2432 3073 2612 3126 δυσίν
2639 3074 2944 3126 ἐπέτοντο.
2963 3075 3071 3127 Kal
3101 3075 3418 3144 ἐκέκραγεν
3442 3077 3801 3148 ἓτεροςπρὸς
3830 3087 3942 3136 τὸν

2277 3158 2501 3224 ἕτερον,
2520 3159 2615 3212 καί
2646 3159 2886 3227 ἔλεγον·
2918 3159 3133 3227 Ἄγιος,
3167 3160 3348 3228 ἅγιος,
3375 3163 3557 3230 ἅγιος,
3590 3168 3799 3232 Κύριος
3827 3173 3942 3222 Σα-

2280 3237 2452 3295 ὄαώθ.
2484 3240 2728 3307 Πλήρης
2757 3239 2924 3295 πᾶσα
2963 3243 3000 3307 ἡ
3032 3241 3105 3309 γῆ
3137 3240 3248 3309 τῆς
3273 3243 3457 3311 δόξης
3488 3248 3693 3300 αὐτοῦ.
3724 3249 3786 3299 Τί
3813 3249 3943 3316 βού-

2279 3325 2426 3378 λεται
2468 3326 2596 3395 ἡμῖν
2629 3325 2798 3378 ταῦτα
2830 3326 2896 3378 τά
2936 3329 3126 3396 πτερὰ,
3160 3329 3252 3380 καὶ
3279 3329 3331 3380 τί
3353 3331 3673 3386 αἰνίττονται
3707 3335 3840 3404 ἡμῖν
3883 3339 3940 3389 αἰ

2279 3411 2583 3481 πτέρυγες;
2615 3413 2688 3465 Ού
2717 3412 2822 3482 γὰρ
2851 3413 2912 3482 δὴ
2942 3414 3112 3483 πτερά
3142 3414 3233 3467 ἐπὶ
3281 3416 3375 3478 τὰς
3420 3418 3740 3486 ἀσωμάτους
3771 3422 3940 3477 δυνά-

2282 3515 2399 3567 μεις
2446 3498 2693 3560 ἐκείνας’
2729 3498 2863 3550 ἀλλά
2919 3499 3078 3551 πάλιν
3136 3499 3223 3552 διά
3275 3504 3590 3571 παχυτέρων
3639 3508 3941 3575 σχημάτων

2279 3584 2559 3655 ἀπόρρητά
2606 3601 2724 3636 τινα
2753 3586 2880 3654 ἡμῖν
2923 3586 2953 3636 6
2995 3587 3276 3655 προφήτης
3317 3589 3629 3657 παραδηλοῖ,
3658 3609 3940 3659 συγκατα-

2279 3669 2478 3722 ϐαίνων
2511 3672 2607 3739 μὲν
2633 3672 2699 3738 τῇ
2732 3669 2982 3738 ἀσθενείᾳ
3007 3670 3112 3722 τῶν
3140 3672 3256 3722 τότε
3287 3674 3670 3743 ἀκροωμένων,
3699 3679 3849 3745 ὅμως
3879 3681 3939 3734 δὲ

2279 3756 2374 3809 καὶ
2391 3756 2476 3810 διά
2493 3758 2590 3825 τῆς
2615 3754 3067 3822 συγκαταϐάσεως
3093 3757 3270 3809 πᾶσαν
3290 3759 3523 3811 διάνοιαν
3542 3761 3939 3832 ὑπερϐαίνοντα

2278 3843 2522 3911 νοήματα
2553 3840 2689 3911 μετά
2719 3840 3001 3910 ἀκριϐείας
3023 3843 3153 3910 ἡμῖν
3183 3841 3604 3913 ἐνδεικνύμενος.

2349 3932 2418 3993 γ’.
2442 3926 2506 3978 Τί
2541 3925 2633 3978 οῦν
2654 3925 2977 3979 αἰνίττονται
2995 3926 3051 3977 αἰ
3072 3924 3336 3996 πτέρυγες
3353 3945 3368 3992 ;
3387 3928 3458 3980 T6
3474 3930 3670 3999 ὑψηλὸν
3685 3934 3774 3985 καὶ
3802 3952 3938 4004 μετ-

2282 4011 2467 4082 άρσιον
2493 4011 2596 4064 τῶν
2633 4010 2910 4080 δυνάμεων
2950 4012 3173 4065 τούτων.
3199 4012 3353 4065 Οὕτω
3383 4017 3477 4067 καὶ
3505 4019 3533 4068 6
3567 4018 3800 4091 Γαϐριὴλ
3835 4040 3940 4075 πε-

2280 4098 2520 4165 τόμενος,
2561 4096 2655 4148 καὶ
2685 4097 2749 4148 ἐκ
2782 4096 2888 4149 τῶν
2916 4097 3153 4165 οὐρανῶν
3189 4100 3525 4154 καταϐαίνων
3549 4105 3811 4171 φαίνεται,
3847 4110 3937 4162 ἵνα

2285 4183 2458 4252 μάθῃς
2487 4181 2549 4233 τὸ
2583 4183 2717 4250 ταχὺ
2755 4182 2847 4234 καὶ
2886 4182 3104 4250 κοῦφον.
3133 4185 3239 4236 Καὶ
3273 4185 3586 4255 θαυμάζεις,
3625 4192 3673 4243 εἰ
3702 4193 3791 4244 ἐπὶ
3824 4195 3938 4249 τῶν

2280 4267 2662 4338 λειτουργικῶν
2701 4267 2978 4337 δυνάμεων
3029 4271 3251 4334 ταύταις
3299 4276 3418 4337 ταῖς
3449 4275 3621 4339 λέξεσι
3645 4278 3927 4349 κέχρηται,

2279 4355 2410 4407 ὅπου
2435 4370 2497 4421 γε
2535 4356 2628 4406 καὶ
2655 4355 2740 4405 ἐπ’
2776 4355 2937 4407 αὑτοῦ
2979 4356 3070 4409 τοῦ
3099 4358 3208 4412 τῶν
3249 4358 3382 4412 ὅλων
3426 4361 3558 4414 Θεοῦ
3593 4364 3652 4416 ού
3685 4371 3934 4440 παρῃτή-

2282 4456 2409 4492 σατο
2436 4439 2638 4509 ταύτην
2686 4442 3160 4512 μεταχειρίσασθαι
3191 4447 3288 4513 τὴν
3326 4450 3757 4519 συγκατάϐασιν;
3794 4439 3934 4508 Βου-

2278 4528 2498 4596 λόμενος
2533 4529 2637 4598 γάρ
2661 4529 2822 4581 αὑτοῦ
2847 4530 3012 4594 δεῖξαι
3037 4530 3068 4600 ἢ
3105 4531 3165 4583 τὸ
3197 4533 3499 4604 ἀσώματον,
3527 4537 3560 4608 ἢ
3586 4539 3644 4590 1:6
3671 4543 3801 4609 ταχὺ
3833 4546 3937 4612 τῆς

2281 4613 2552 4682 πανταχοῦ
2604 4616 2919 4682 παρουσίας,
2969 4618 3130 4682 φησὶν
3171 4620 3200 4669 6
3241 4621 3438 4671 Δαυῖδ·
3482 4624 3545 4675 '0
3595 4627 3940 4693 περιπατῶν

2280 4694 2375 4745 ἐπὶ
2398 4697 2700 4762 πτερύγων
2719 4695 2968 4763 ἀνέμων.
2996 4698 3183 4748 Καίτοι
3212 4698 3324 4770 167]
3349 4718 3410 4768 γε
3437 4702 3558 4756 οὔτε
3582 4705 3768 4777 ἄνεμοι
3797 4712 3939 4764 πτέ-

2286 4796 2449 4848 ρυγας
2473 4780 2698 4850 ἔχουσιν,
2725 4780 2845 4833 οὔτε
2869 4780 3026 4844 αὑτὸς
3050 4781 3141 4834 ἐπὶ
3168 4786 3449 4855 πτερύγων
3473 4796 3772 4860 περιπατεῖ.
3805 4796 3938 4861 Πῶς

2282 4868 2409 4934 γάρ,
2442 4869 2470 4918 6
2503 4866 2772 4935 πανταχοῦ
2818 4867 3038 4938 παρών;
3077 4869 3214 4922 Ἀλλ’
3249 4872 3382 4942 ὅπερ
3428 4873 3594 4945 ἔφθην
3633 4878 3819 4943 εἰπὼν,
3863 4887 3934 4956 τῇ

2283 4953 2533 5023 ἀσθενείᾳ
2557 4953 2664 5004 τῶν
2686 4954 2983 5007 ἀκουόντων
3011 4939 3480 5025 συγκαταϐαίνων,
3503 4939 3606 5016 ἀπὸ
3628 4966 3734 5018 τῶν
3756 4939 3937 5038 ιψχωῖ

2285 5039 2517 5109 ρούντων
2538 5039 2735 5108 ἀνῆγεν
2762 5039 2934 5092 αὑτῶν
2957 5041 3050 5110 τὴν
3078 5042 3328 5100 διάνοιαν.
3357 5048 3462 5099 Καὶ
3489 5048 3646 5104 πάλιν
3675 5053 3773 5122 τὴν
3799 5055 3936 5126 βοή-

2286 5126 2432 5179 θειαν
2465 5127 2626 5180 αὑτοῦ
2660 5127 2976 5197 βουλόμενος
3021 5131 3115 5182 καὶ
3161 5131 3257 5202 τὴν
3307 5135 3370 5186 ὲκ
3409 5138 3607 5208 ταύτης
3633 5142 3937 5210 ἀσφάλειαν

2286 5213 2630 5277 ἐνδείξασθαι,
2662 5218 2776 5278 ταῖς
2803 5216 2990 5278 αὑταῖς
3023 5216 3279 5288 κέχρηται
3304 5221 3525 5289 λέξεσιν,
3551 5225 3690 5280 οὕτω
3720 5228 3896 5297 λέγων
3918 5250 3934 5265 ο

2299 5302 2398 5354 Ἑν
2430 5300 2625 5368 σκέπῃ
2652 5301 2767 5354 τῶν
2814 5304 3115 5372 πτερύγων
3153 5320 3268 5359 σου
3313 5309 3638 5377 σκεπάσεις
3670 5331 3764 5380 με.
3811 5317 3934 5369 Ἑν-

2293 5443 3197 5526 ,ν-ιῖέῐξεὲ.ᾼει.ξενὶιε.ιφῷεῌάπνέρρῃτον.
3231 5453 3398 5526 Μοτεί.
3448 5461 3499 5505 et
3541 5458 3796 5511 Bavaricus
3835 5468 3938 5526 φῶς

2286 5510 2556 5581 ἀπρόσιτον,
2580 5516 2730 5614 ειὲυε
2748 5510 2810 5557 ila
2838 5510 2958 5570 legit
2978 5510 3259 5561 Til‘mauuus
3281 5514 3538 5577 interpres.
3783 5510 3788 5511 ⁷

2337 5573 2370 5630 ,ι
2403 5568 2521 5626 Reg.
2553 5576 2603 5614 et
2660 5571 2770 5630 axili.
2809 5570 3021 5630 δυνάμεις
3040 5574 3298 5630 ἀσώματοι.
3345 5576 3513 5625 Morel.
3551 5579 3761 5630 δυνάμεις
3800 5585 3832 5630 ἀ

2335 5589 2370 5640 ρ-
2403 5589 2521 5626 ιιι-ις.
2553 5589 2603 5614 τι
2624 5589 2770 5638 om”:
2809 5589 3021 5632 ουναμεις
3040 5589 3298 5633 ασωματοι.
3345 5589 3513 5625 morel.
3551 5589 3761 5640 δυνάμεις
3800 5589 3939 5632 ἀσω-

2287 5635 2803 5707 μαξοκςηιςεὲιςζειεις
2818 5633 3214 5707 ειὶαιιηεεηερόει
3238 5635 3444 5707 δεῖίιὶιξε
3461 5640 3508 5707 ir}
3523 5641 3766 5707 ἀισι-Βίης.
3918 5703 3931 5707 _

2321 5685 2376 5794 td
2403 5688 2658 5738 Bavaricus
2679 5691 2891 5740 τοιαῦται
2933 5696 2980 5742 al
3023 5694 3233 5754 δυνάμεις
3279 5696 3433 5744 αὑταί-
3475 5699 3573 5748 Alii
3622 5685 3817 5750 ἷοίαῦτα
3851 5703 3932 5754 ul

2287 5762 2353 5795 αι.
