4156 6312
221 293 296 348 (39
1490 271 1554 327 lN
1596 271 1779 328 ISMA‘.

1885 272 2055 331 CAP.
2099 274 2186 333 vi.
3394 304 3465 359 7ο

214 394 379 454 modo
403 396 456 450 in
483 408 630 458 aura,
657 392 815 447 modo
856 391 907 445 in
950 391 1091 461 igne,
1119 403 1257 443 nunc
1281 405 1312 443 a
1352 396 1501 457 tergo
1536 401 1800 456 apparen-

214 501 327 545 tem
349 532 365 556 ,
391 503 534 543 nunc
558 501 719 556 super
749 484 1071 547 Cherubim,
1100 492 1155 537 et
1182 481 1246 536 ad
1275 481 1663 536 metallicarum
1690 493 1803 533 ma-

214 582 475 635 teriarum
516 580 679 647 magis
720 575 1101 647 pellucidarum
1150 572 1486 643 splendorem
1519 571 1798 640 imaginem

210 672 659 727 conformantem.
711 668 820 722 Cur
867 681 995 735 ergo
1034 664 1194 719 modo
1228 672 1463 717 armatus
1490 670 1709 731 apparet
1747 670 1801 715 et

211 776 409 817 cruore
435 773 769 829 conspersus,
792 756 1076 827 aliquando
1092 757 1143 809 in
1168 755 1307 824 igne,
1327 753 1485 809 modo
1507 752 1799 821 posteriora

212 853 527 916 ostendens,
556 850 713 905 modo
741 850 792 903 in
838 848 989 913 caelo,
1040 844 1200 900 modo
1235 846 1286 898 in
1322 844 1476 909 solio,
1505 858 1646 898 nunc
1671 856 1798 897 vero

209 959 377 1014 super
388 944 695 1007 Cherubim,
716 956 819 995 non
846 937 1125 1009 przcsentis
1148 936 1401 1005 temporis
1418 934 1575 989 fuerit
1594 934 1793 1000 dicere,

210 1051 281 1090 ne
305 1035 645 1089 corollarium
678 1032 767 1085 flat
794 1045 958 1099 Opere
995 1029 1187 1098 majus.
1221 1028 1434 1082 Interim
1474 1042 1650 1095 operte
1678 1039 1799 1094 pre-

210 1127 347 1179 tium
385 1125 544 1178 fuerit
584 1124 649 1178 de
679 1121 929 1191 praesenti
972 1120 1178 1173 visione
1216 1119 1502 1173 disserere.
1531 1116 1637 1171 Cur
1667 1129 1796 1186 ergo

210 1228 357 1270 nunc
383 1216 461 1269 sic
494 1223 713 1285 apparet
735 1227 894 1281 super
919 1210 1108 1265 solium
1139 1208 1353 1274 sedens,
1393 1217 1448 1262 et
1486 1221 1604 1261 cum
1635 1205 1796 1261 Sera-

211 1303 405 1373 pbim?
441 1304 735 1358 Humanum
758 1317 963 1356 morem
988 1301 1239 1365 imitatur,
1259 1300 1379 1369 quia
1410 1314 1531 1352 cum
1564 1297 1795 1352 homini-

210 1398 312 1452 bus
328 1410 507 1451 sermo
529 1396 625 1465 ipsi
656 1405 790 1448 erat.
817 1394 948 1458 Quia
976 1392 1115 1446 enim
1141 1390 1462 1444 sententiam
1495 1389 1796 1457 prolaturus

208 1498 297 1543 est
323 1488 392 1543 de
414 1488 618 1557 magnis
638 1487 797 1542 rebus
826 1486 1000 1555 deque
1031 1493 1141 1538 toto
1167 1493 1429 1537 terrarum
1458 1481 1609 1544 orbe,
1650 1482 1795 1535 insu-

210 1595 416 1649 perque
439 1580 507 1634 de
522 1577 888 1648 Jerosolymis,
920 1574 1188 1645 duplicem
1214 1574 1414 1643 profert
1437 1572 1753 1627 sententiam
1774 1613 1790 1638 ,

206 1672 431 1725 alteram
455 1684 557 1739 qua
586 1683 794 1738 poenam
822 1666 1064 1721 decernit
1096 1664 1217 1719 urbi
1248 1673 1301 1719 et
1322 1664 1465 1733 genti
1505 1663 1596 1717 toti
1617 1703 1631 1728 ,
1662 1663 1794 1718 alte-

207 1777 320 1816 ram
342 1777 459 1831 quae
484 1760 796 1815 beneﬁcium
837 1758 953 1812 orbi
979 1766 1261 1823 terrarum,
1276 1770 1625 1828 magnamque
1644 1769 1793 1825 spem

208 1856 495 1926 pollicetur
544 1864 596 1909 et
627 1855 857 1908 honores
881 1850 1227 1906 immortales.

273 1948 331 2001 2.
350 1946 463 2000 Mos
489 1954 568 1999 est
585 1954 759 1998 autem
777 1943 1045 2013 judicibus
1060 1941 1175 1997 haec
1191 1956 1296 1995 non
1314 1941 1452 1996 clam
1474 1940 1667 2005 facere,
1689 1939 1784 1995 sed

206 2039 258 2093 in
285 2038 499 2094 excelso
530 2036 777 2091 tribunali
824 2034 1107 2102 sedentes,
1156 2035 1403 2089 omnibus
1429 2027 1787 2090 adstantibus,

206 2142 257 2185 et
302 2132 589 2185 contractis
621 2129 771 2183 velis.
807 2128 915 2183 Hos
945 2126 1158 2180 imitans
1207 2126 1349 2180 Deus
1382 2124 1481 2179 sibi
1503 2123 1787 2178 Cherubim

203 2221 417 2276 adstare
439 2222 616 2289 jussit,
648 2228 700 2275 et
731 2220 783 2273 in
814 2218 1027 2273 excelso
1053 2216 1188 2271 solio
1228 2216 1399 2282 sedet,
1432 2215 1615 2284 sicque
1658 2229 1785 2269 sen-

206 2317 425 2367 tentiam
474 2312 611 2366 hanc
650 2310 870 2379 profert.
906 2309 974 2363 Et
1002 2317 1061 2363 ut
1087 2308 1263 2362 discas
1305 2322 1417 2361 rem
1447 2321 1552 2361 non
1598 2306 1787 2375 conje-

203 2412 355 2457 ctura
386 2412 583 2455 tantum
637 2402 757 2463 niti,
807 2398 902 2454 sed
934 2398 1074 2453 hunc
1113 2397 1185 2451 illi
1219 2411 1421 2451 morem
1462 2396 1625 2449 fuisse
1649 2436 1663 2459 ,
1715 2411 1781 2450 ex

202 2494 305 2548 alio
335 2508 545 2563 quoque
583 2490 839 2561 propheta
870 2490 918 2544 id
957 2489 1131 2558 palam
1183 2488 1354 2542 facere
1382 2485 1616 2539 tentabo.
1653 2485 1784 2538 Nam

201 2582 341 2651 apud
370 2582 660 2647 Danielem,
692 2581 941 2649 quoniam
971 2578 1041 2632 ibi
1068 2578 1225 2632 etiam
1248 2576 1563 2630 sententiam
1594 2590 1784 2644 quam-

203 2670 324 2725 dam
351 2686 593 2740 magnam
627 2670 928 2739 prolaturus
950 2676 1066 2722 erat
1092 2666 1233 2720 circa
1256 2666 1511 2736 supplicia
1544 2674 1595 2719 et
1626 2665 1784 2719 ultio-

202 2776 296 2816 nes
325 2760 524 2816 Iudaeis
555 2759 859 2815 inferendas
882 2800 898 2824 ,
948 2768 1002 2813 et
1022 2758 1164 2812 circa
1210 2757 1343 2811 bona
1371 2771 1491 2825 qua:
1534 2755 1651 2809 orbi
1678 2764 1786 2809 ter-

201 2866 382 2905 rarum
405 2851 720 2906 conferenda
742 2858 913 2917 erant,
939 2848 1129 2902 solium
1151 2862 1356 2917 quoque
1371 2856 1589 2917 apparet
1611 2846 1785 2915 splen-

201 2941 383 2995 didum
416 2950 470 2995 et
510 2943 873 3010 conspicuum,
914 2948 967 2995 et
992 2939 1299 3009 angelorum
1328 2938 1522 2991 chorus
1543 2937 1778 3001 adstans,

200 3041 254 3084 et
295 3030 730 3099 archangelorum
784 3038 972 3094 cretus,
1018 3037 1073 3084 et
1117 3027 1425 3096 Unigenitus
1467 3028 1676 3093 sedens,
1728 3036 1781 3082 et

200 3121 319 3175 libri
348 3121 672 3189 aperiuntur,
718 3128 771 3175 et
803 3119 945 3173 fluvii
993 3119 1130 3187 ignei
1175 3127 1418 3181 manant,
1463 3126 1518 3171 et
1547 3119 1781 3187 undique

203 3210 475 3265 tribunalis
524 3210 690 3263 forma
739 3209 1079 3263 constituitur
1107 3207 1265 3278 (Dan.
1286 3209 1362 3277 7).
1415 3206 1551 3260 Sunt
1600 3217 1775 3261 autem

201 3306 286 3358 illa
328 3306 505 3358 omnia
537 3305 599 3357 iis
642 3303 838 3367 afﬁnia,
871 3317 987 3371 qua:
1018 3301 1105 3354 hic
1147 3307 1427 3355 narrantur
1454 3316 1469 3354 :
1498 3309 1587 3353 aut
1616 3300 1773 3353 etiam

199 3396 433 3464 apertius
479 3396 523 3448 is
554 3395 665 3448 hanc
710 3394 1025 3457 annuntiat,
1079 3391 1199 3460 quia
1242 3390 1493 3444 viciniora
1540 3399 1775 3457 tempora

203 3487 287 3541 illa
321 3495 490 3552 erant,
523 3498 574 3541 et
603 3486 668 3539 ad
700 3486 842 3554 ipsas
871 3485 1085 3538 demum
1113 3482 1255 3537 fores
1293 3482 1566 3550 prophetia
1591 3495 1776 3549 perve-

199 3576 572 3630 nerat.Verum
602 3575 715 3629 hrcc
740 3574 991 3628 studiosis
1022 3574 1401 3641 relinquentes,
1427 3582 1483 3624 ut
1514 3570 1765 3637 colligant

197 3674 246 3719 et
291 3676 596 3733 apponant,
640 3676 692 3718 et
721 3665 995 3732 utriusque
1026 3663 1316 3731 prOphetize
1365 3660 1766 3714 consonantiam

197 3757 452 3816 ediscant,
484 3758 557 3808 uti
582 3757 689 3825 jam
717 3756 844 3819 dixi,
874 3769 990 3807 eam
1018 3768 1176 3822 quam
1217 3750 1369 3805 nobis
1396 3750 1771 3818 proposuimus

187 3842 298 3909 jam
331 3855 579 3900 accurate
624 3854 931 3907 tractemus,
982 3860 1081 3913 pro
1128 3841 1267 3895 virili
1314 3848 1493 3893 nostra
1538 3839 1771 3909 singulas

198 3938 449 3993 dictiones
471 3935 849 4003 expendentes.
878 3933 949 3987 Ita
979 3933 1121 3988 enim
1161 3941 1214 3985 et
1245 3931 1396 3985 nobis
1422 3939 1476 3985 et
1500 3930 1652 3984 vobis
1682 3928 1766 3982 di-

200 4026 447 4081 lucidiora
472 4034 629 4081 erunt
650 4040 711 4079 ea
728 4040 845 4094 qua:
866 4024 1001 4077 dicta
1020 4031 1159 4077 sunt.
1185 4021 1319 4089 Quid
1346 4022 1503 4090 igitur
1517 4020 1625 4073 ait?
1657 4018 1770 4071 Vidi

201 4114 467 4169 Dominum
495 4115 760 4168 sedentem.
790 4112 843 4164 lu
876 4112 1010 4165 solio
1038 4112 1248 4176 sedere,
1301 4124 1511 4176 semper
1552 4107 1767 4176 symbo-

200 4208 300 4262 lum
317 4206 500 4275 judicii
528 4213 628 4269 est,
674 4202 1119 4272 quemadmodum
1143 4200 1303 4254 David
1334 4200 1407 4251 ait
1434 4216 1446 4250 :
1476 4198 1668 4251 Sediin
1685 4213 1765 4250 su-

202 4314 285 4365 per
331 4300 563 4349 thronum
609 4296 695 4363 qui
727 4294 935 4365 judicas
970 4294 1224 4362 justitiam
1262 4291 1438 4363 (Psal.
1465 4291 1650 4359 9.4);
1708 4299 1767 4343 et

203 4388 379 4443 Daniel
412 4386 641 4441 :Throni
691 4385 839 4454 positi
876 4393 1029 4449 sunt,
1076 4394 1120 4437 et
1148 4383 1409 4450 judicium
1449 4381 1575 4435 sedit
1603 4379 1762 4447 (Dan.

198 4478 370 4548 7.9).
402 4477 601 4532 Sedere
629 4484 804 4528 autem
848 4474 1053 4543 simplic
1098 4488 1156 4527 er
1205 4472 1420 4526 alterius
1469 4469 1763 4539 symbolum

196 4579 292 4635 est,
318 4570 388 4622 ait
415 4568 688 4637 prOpheta.
719 4565 1041 4635 Cujusnam?
1070 4564 1251 4631 Firmi,
1284 4563 1768 4629 mancutis,proce-

196 4660 388 4723 dentis,
413 4658 771 4721 immutabilis,
793 4656 1343 4719 interminabilis,vit:e
1365 4652 1764 4723 perennisteo

199 4752 297 4804 ait:
326 4749 400 4804 Tu
431 4749 623 4803 sedens
651 4747 702 4799 in
727 4749 999 4813 saeculum,
1027 4756 1081 4801 et
1097 4761 1194 4800 nos
1218 4753 1501 4816 pereuntes
1527 4745 1577 4797 in
1598 4758 1766 4796 saecu-

200 4841 416 4914 lum(a).
452 4844 553 4908 Tu,
582 4843 773 4912 inquit,
803 4854 1047 4905 manens,
1080 4839 1361 4903 exsistens,
1389 4836 1591 4899 vivens,
1624 4849 1764 4887 sem-

202 4949 291 5003 per
316 4934 496 4989 eodem
517 4936 786 4990 exsistens
814 4933 995 4986 modo.
1018 4930 1168 4996 Quod
1200 4929 1340 4983 enim
1369 4926 1419 4981 id
1450 4941 1553 4980 non
1573 4925 1762 4978 dixerit

200 5023 263 5078 de
285 5022 549 5088 cathedra,
602 5024 712 5091 ipsa
750 5021 1019 5076 distinctio
1044 5016 1441 5074 demonstravit.
1467 5014 1580 5069 Non
1621 5014 1761 5068 enim

202 5115 346 5182 dixit,
374 5114 478 5171 Nos
503 5124 724 5179 stantes,
758 5114 873 5177 sed,
898 5122 1200 5182 pereuntes.
1234 5109 1363 5163 lllud
1394 5116 1566 5161 autem
1600 5106 1650 5159 in
1673 5119 1761 5157 so-

202 5206 269 5262 lio
295 5206 495 5271 sedere,
524 5206 577 5261 id
605 5212 686 5260 est
711 5204 967 5273 judicare.
997 5203 1123 5257 ldeo
1153 5202 1323 5270 ipsum
1364 5199 1439 5252 sic
1485 5198 1630 5250 videt
1673 5210 1762 5249 se-

201 5297 405 5353 dentem
428 5313 588 5367 super
612 5296 799 5350 solium
828 5294 1098 5349 excelsum
1114 5301 1167 5346 et
1188 5292 1450 5347 elevatum
1477 5306 1489 5353 ;
1512 5288 1597 5342 vel
1621 5286 1763 5340 aliud

201 5390 323 5454 hoc,
343 5391 477 5445 aliud
509 5388 638 5445 illud
666 5386 981 5442 subindicat.
1014 5385 1218 5439 Etenim
1242 5383 1507 5439 excelsum
1539 5387 1653 5433 erat
1677 5393 1765 5431 so-

202 5481 342 5545 lium,
386 5481 434 5535 id
461 5489 543 5537 est
579 5492 828 5549 magnum
859 5484 912 5531 et
939 5474 1254 5529 altissimum
1276 5516 1291 5540 ,
1320 5481 1372 5527 et
1401 5472 1683 5533 elevatum,
1713 5468 1763 5522 id

262 5613 330 5683 la)
360 5612 560 5664 Videtur
604 5612 683 5682 hic
712 5612 1071 5675 Cbrysostomus
1112 5607 1267 5657 locum
1312 5606 1521 5716 aliquem
1558 5601 1763 5673 Dauiclis

263 5689 384 5716 terra-
408 5684 488 5716 aut
509 5674 714 5716 alterius
732 5672 1005 5716 nrotihelm:
1028 5672 1118 5716 sed
1139 5670 1325 5716 nullum
1348 5674 1394 5716 ta
1417 5680 1496 5716 ent
1517 5676 1728 5716 reperio.

204 5670 385 5729 stic-rrc.
408 5684 488 5728 aut
509 5674 714 5727 alterius
730 5670 1005 5736 prophetis;
1028 5672 1118 5721 sed
1139 5670 1325 5719 nullum
1348 5670 1496 5718 talem
1517 5670 1728 5727 reperio.

1905 397 2021 453 est,
2069 389 2341 447 immensae
2367 393 2659 452 altitudinis
2705 412 2964 467 apparens
3015 409 3069 457 et
3112 405 3373 464 sublimis.
3411 410 3477 465 Et

1904 478 2054 547 plena
2080 488 2185 532 erat
2226 480 2403 536 domus
2428 485 2590 551 gloria
2619 487 2744 557 ejus.
2777 488 2907 556 Qum
2946 490 3173 548 domus?
3201 497 3286 551 dic
3323 500 3477 563 mihi.
3545 525 3549 529 ’

1902 567 2202 640 Templum.
2225 572 2355 639 Quia
2374 576 2512 629 enim
2538 578 2683 633 illinc
2704 581 3328 652 oriebanturinimicitize.
3354 590 3479 655 jure

1903 657 1955 713 in
1977 659 2074 715 hac
2094 661 2324 718 mirabili
2345 664 2545 721 visione
2567 668 2636 721 ibi
2656 672 2980 739 conSpicitur
3003 675 3214 732 sedens.
3239 678 3472 739 Gloriam

1900 759 2076 805 autem
2120 751 2206 807 hic
2233 764 2388 809 vocat
2436 757 2987 828 splendorem,lucem
3031 766 3471 843 inaccessi'ilem,

1900 858 2057 911 quam
2085 858 2203 897 cum
2230 860 2334 900 non
2376 856 2558 917 posset
2591 852 2763 906 verbis
2789 856 3107 923 exprimere,
3138 860 3357 930 gloriam
3385 876 3480 917 vo-

1899 935 2058 1000 cavit,
2094 951 2266 1006 neque
2295 939 2608 1007 simpliciter
2626 942 2867 1010 gloriam,
2899 946 2992 1000 sed
3025 947 3118 1003 Dei
3143 951 3385 1019 gloriam.
3410 955 3466 1011 2.

1900 1024 1969 1078 Et
2007 1026 2278 1095 Serapbim
2320 1029 2517 1083 stabant
2560 1031 2613 1085 in
2649 1033 2863 1087 circuitu
2889 1038 3013 1106 ejus.
3061 1039 3311 1104 Quzenam
3340 1044 3472 1101 dicit

1899 1118 2015 1174 lucc
2038 1119 2349 1191 Serapbim?
2374 1121 2612 1179 Virtutes
2635 1125 2975 1195 incorporeas
2990 1144 3335 1199 supernorum
3360 1151 3477 1205 cm-

1897 1217 2076 1276 tnum,
2120 1227 2339 1280 quarum
2370 1211 2617 1267 virtutem
2648 1224 2701 1269 et
2726 1214 3104 1274 beatitudinem
3130 1235 3195 1276 ex
3233 1223 3348 1293 ipso
3374 1241 3473 1282 no-

1898 1301 2040 1355 mine
2059 1302 2237 1357 videre
2254 1311 2355 1357 est.
2379 1302 2507 1357 Nam
2532 1304 2787 1360 llebraiea
2816 1307 2993 1379 lingua
3016 1309 3292 1383 Serapbim
3311 1317 3471 1386 ignita

1896 1407 1988 1446 ora
2019 1392 2312 1461 signiﬁcant
2342 1392 2437 1465 (α).

1978 1481 2227 1535 Virtutum
2251 1485 2523 1537 cmlestt'um
2551 1486 2803 1554 oﬂ'icia.-—
2818 1487 2954 1553 Quid
2980 1490 3140 1560 igitur
3167 1491 3289 1548 hinc
3312 1494 3472 1552 disci-

1896 1574 2050 1627 mus?
2076 1574 2362 1629 Puritatem
2389 1575 2716 1643 substantiae,
2746 1578 3087 1647 vigilantiam,
3118 1582 3467 1657 diligentiam,

1896 1663 2205 1733 agilitatem,
2239 1664 2345 1718 vim
2389 1666 2665 1733 operandi,
2698 1667 3031 1724 munditiem.
3067 1671 3143 1725 Ita
3170 1674 3311 1728 enim
3342 1690 3467 1745 pro-

1896 1754 2053 1823 pheta
2082 1755 2249 1810 David
2281 1771 2627 1825 supernarum
2659 1768 2982 1828 potestatum
3013 1764 3313 1833 expeditum
3362 1770 3467 1824 mi-

1894 1844 2169 1899 nisterium
2191 1845 2377 1901 volens
2394 1847 2546 1901 nobis
2567 1849 2869 1914 ostendere,
2900 1867 3103 1906 necnon
3133 1856 3463 1915 velocitatem

1894 1934 2289 2003 agilitatemque
2332 1935 2651 2003 ministerii,
2682 1938 2892 1993 dicebat
2921 1957 2933 1993 :
2970 1943 3068 2006 Qui
3094 1946 3220 2013 fucis
3262 1950 3467 2017 angelos

1890 2034 2003 2080 tuos
2039 2029 2263 2096 spiritus,
2314 2038 2361 2080 et
2385 2028 2639 2082 ministros
2667 2038 2778 2084 tuos
2807 2032 3067 2100 ﬂammam
3112 2036 3243 2105 ignis
3292 2038 3461 2108 (Psal.

1892 2118 2013 2174 105.
2037 2119 2124 2188 4);
2151 2120 2507 2185 velocitatem,
2539 2119 2826 2189 levitatem,
2850 2124 3136 2193 agilitatem
3186 2130 3337 2185 nobis
3369 2146 3464 2201 per

1891 2209 2007 2265 haec
2044 2211 2308 2266 elementa
2344 2212 2656 2266 ostendens.
2690 2213 3004 2283 llujusmodi
3046 2218 3221 2273 ofﬁcia
3269 2221 3465 2279 habent

1892 2299 1973 2354 lite
1994 2300 2237 2364 virtutes,
2260 2314 2353 2355 ore
2380 2315 2513 2370 puro
2532 2302 2861 2358 celebrantes
2883 2305 3181 2373 Dominum,
3212 2309 3312 2364 hoc
3331 2326 3464 2381 opus

1884 2392 2084 2463 jugiter
2107 2393 2384 2459 habentes,
2415 2392 2597 2447 laudes
2625 2394 2931 2461 offerentes,
2965 2397 3277 2456 incessabile
3303 2403 3461 2457 minio

1887 2484 2128 2538 sterium.
2178 2483 2372 2536 Earum
2414 2490 2592 2536 autem
2628 2482 2934 2552 dignitatem
2986 2486 3035 2540 id
3082 2500 3463 2548 commonstrat

1886 2573 2025 2641 quod
2071 2574 2207 2629 solio
2245 2573 2351 2627 sint
2390 2573 2597 2628 vicinae.
2630 2574 3083 2640 Quemadmodum
3131 2581 3270 2636 enim
3321 2584 3459 2651 apud

1887 2674 2131 2719 terrenos
2167 2679 2339 2734 reges,
2371 2665 2461 2734 qui
2505 2665 2557 2719 in
2589 2666 2791 2734 majore
2818 2665 3076 2735 dignitate
3106 2679 3248 2736 sunt,
3297 2687 3460 2742 prope

1885 2756 2078 2810 solium
2108 2757 2308 2824 regium
2341 2763 2485 2809 stant
2511 2773 2523 2808 :
2555 2757 2630 2810 sic
2652 2766 2703 2811 et
2730 2758 2812 2811 lite
2842 2766 3132 2826 poteStates
3153 2760 3223 2814 ob
3250 2764 3457 2819 virtutis

1885 2847 2225 2902 eminentiam
2256 2846 2483 2901 sublime
2514 2847 2707 2901 solium
2734 2848 3158 2916 circumsistunt,
3208 2852 3456 2909 iuell‘abili

1884 2938 2214 2994 beatitudine
2243 2947 2498 3007 perpetuo
2526 2937 2781 3001 fruentes,
2816 2948 2869 2993 et
2910 2940 2961 2993 in
2999 2940 3152 2995 beata
3184 2954 3330 2998 sorte
3359 2944 3457 2999 hii-

1878 3030 2111 3097 jusmodi
2142 3029 2299 3083 ofﬁcii
2327 3028 2637 3099 gaudentes.
2670 3030 2774 3084 Sea:
2798 3030 2895 3083 alte
2918 3032 3024 3095 uni,
3051 3042 3098 3084 et
3125 3049 3213 3086 sea:
3239 3036 3337 3087 ala:
3372 3038 3451 3090 al-

1882 3121 1991 3172 teri.
2026 3120 2088 3172 Et
2110 3119 2307 3190 quidem
2333 3120 2527 3172 duabus
2551 3119 2776 3172 uelabant
2804 3121 2951 3188 pedes
2972 3137 3107 3187 suos,
3140 3123 3333 3179 duabus
3359 3143 3454 3179 au-

1880 3219 1974 3265 tent
2000 3213 2227 3264 t'clabant
2249 3211 2402 3279 facies
2426 3227 2542 3264 suas
2568 3210 2640 3283 (b)
2663 3252 2675 3274 ,
2702 3221 2748 3264 et
2776 3213 2969 3265 duabus
2998 3214 3250 3267 volabant.
3277 3216 3331 3270 5.
3381 3217 3447 3271 Et

1878 3304 2159 3357 clamabant
2188 3305 2314 3357 alter
2333 3303 2400 3356 ad
2424 3304 2655 3369 alterum,
2687 3313 2732 3356 et
2769 3304 3031 3359 dicebant:
3060 3306 3298 3373 Sanctus,
3328 3326 3450 3363 san-

1878 3402 2005 3458 ctus,
2033 3403 2250 3457 sanctus,
2283 3392 2529 3445 Dominus
2569 3393 2813 3447 Sabaoth.
2849 3393 3014 3447 Plena
3043 3405 3113 3449 est
3140 3400 3299 3451 omnis
3320 3407 3450 3452 tem

1876 3486 2037 3555 gloria
2067 3488 2191 3554 ejus.
2221 3484 2353 3549 Quid
2384 3484 2535 3537 nobis
2569 3484 2649 3537 lue
2672 3499 2862 3553 penna:
2891 3487 3201 3555 significant,
3228 3498 3281 3544 et
3322 3493 3447 3560 quid

1877 3573 2028 3626 nobis
2058 3574 2155 3625 alae
2185 3573 2552 3625 subindicant?
2577 3571 2759 3640 Neque
2787 3573 2926 3627 enim
2972 3576 3299 3645 incorporea:
3344 3581 3445 3638 illa:

1872 3672 2165 3730 potestates
2196 3663 2305 3716 alas
2338 3662 2536 3717 habent
2560 3679 2573 3714 :
2596 3663 2688 3716 sed
2711 3679 2922 3718 rursum
2947 3667 3292 3723 crassioribus
3319 3669 3422 3740 ﬁgu

1873 3754 1946 3808 ris
1977 3768 2167 3808 arcana
2190 3752 2429 3823 qumdam
2458 3753 2611 3807 nobis
2634 3754 2828 3807 indicat
2859 3757 3131 3825 propheta,
3156 3758 3438 3821 inﬁrmitati

1874 3860 2055 3898 eorum
2084 3845 2171 3914 qui
2202 3855 2327 3899 tunc
2361 3845 2644 3898 audiebant
2670 3861 2727 3898 se
2757 3854 3139 3914 attemperans,
3185 3851 3444 3918 simulque

1873 3938 2030 3992 etiam
2059 3953 2153 4006 per
2183 3938 2319 3990 hanc
2339 3938 2828 4004 attemperationem
2850 3952 3005 3991 sensa
3031 3940 3270 4008 quredam
3299 3957 3445 3997 meu-

1874 4040 1977 4084 tem
2011 4044 2222 4082 omnem
2250 4029 2550 4096 superantia
2578 4036 2823 4082 accurate
2851 4029 3002 4081 nobis
3029 4031 3333 4087 ostendens.

1940 4119 1993 4170 5.
2034 4117 2168 4183 Quid
2208 4119 2363 4187 igitur
2409 4117 2743 4171 subindicant
2790 4118 2924 4171 alte?
2966 4118 3342 4175 Celsitudinem
3389 4132 3443 4178 et

1871 4210 2244 4264 sublimitatem
2276 4208 2460 4261 harum
2488 4208 2761 4262 virtutum.
2802 4208 2888 4263 Sic
2917 4219 2969 4262 et
2998 4208 3204 4263 Gabriel
3235 4212 3440 4278 volans,

1870 4310 1922 4354 et
1949 4301 2013 4353 de
2040 4300 2172 4353 caelo
2200 4298 2531 4353 descendens
2551 4308 2788 4366 apparet,
2820 4308 2877 4352 ut
2903 4299 3076 4352 discas
3106 4300 3440 4359 velocitatem

1869 4399 1923 4445 et
1944 4389 2230 4445 levitatem.
2266 4389 2332 4442 Et
2355 4388 2479 4458 quid
2506 4388 2734 4451 miraris,
2766 4388 2809 4439 si
2835 4387 2900 4441 de
2927 4388 3249 4443 administris
3280 4391 3440 4446 virtu-

1871 4481 2009 4534 tibus
2034 4481 2254 4548 loquens
2280 4477 2578 4546 hujusmodi
2599 4478 2770 4530 verbis
2790 4492 2912 4531 usus
2938 4487 3038 4544 est,
3057 4481 3266 4548 quando
3283 4484 3439 4539 etiam

1869 4570 1935 4623 de
1965 4570 2328 4623 universorum
2354 4567 2462 4621 Deo
2484 4582 2588 4620 non
2611 4566 2919 4635 dedignatus
2939 4578 3021 4621 est
3040 4570 3173 4625 hanc
3186 4571 3442 4629 adhibere

1869 4657 2406 4726 attemperationem?
2445 4656 2575 4711 Cum
2610 4658 2751 4711 enim
2783 4658 2938 4712 vellet
2969 4659 3130 4713 David
3161 4663 3440 4719 ostendere

1866 4760 1956 4803 aut
1991 4750 2106 4819 ejus
2133 4749 2498 4818 incorpoream
2528 4757 2769 4803 naturam
2790 4790 2805 4813 ,
2842 4760 2934 4803 aut
2966 4752 3292 4807 velocitatem
3321 4769 3439 4822 qua:

1869 4841 2059 4909 ubique
2092 4854 2329 4914 praesens
2375 4848 2478 4903 est,
2528 4839 2638 4890 ait:
2675 4838 2773 4899 Qui
2809 4839 3036 4890 ambulas
3079 4856 3228 4905 super
3250 4838 3439 4910 pennas

1866 4941 2125 4984 ventorum
2170 4929 2361 4997 (Psal.
2406 4930 2526 4983 105.
2572 4930 2645 4996 5),
2701 4928 2799 4982 etsi
2839 4943 3007 4997 neque
3048 4931 3191 4983 venti
3238 4946 3442 5000 pennas

1868 5022 2117 5087 habeant,
2143 5037 2314 5090 neque
2342 5021 2450 5089 ipse
2480 5033 2639 5087 super
2662 5034 2860 5087 pennas
2881 5019 3131 5073 ambulet.
3163 5022 3440 5087 Quomodo

1868 5115 2008 5169 enim
2034 5114 2146 5168 ﬁeri
2175 5111 2359 5182 possit,
2388 5124 2507 5163 cum
2536 5109 2726 5178 ubique
2756 5124 2988 5177 prmsens
3009 5110 3110 5163 sit?
3136 5110 3350 5175 Verum,
3384 5122 3439 5166 ut

1931 5250 2001 5359 Si!)
2034 5256 2161 5297 Hanc
2184 5258 2295 5294 esse
2312 5250 2447 5306 putat
2469 5243 2834 5305 Chrysostomus
2851 5243 3296 5304 interpretationem
3311 5248 3433 5293 vocis

1931 5328 1937 5359 ι
1973 5314 2130 5359 micae.
2169 5311 2369 5359 omnia.
2400 5318 2535 5359 quas:
2560 5303 2783 5353 videlicet
2821 5306 3080 5359 composita
3109 5306 3173 5353 sit
3197 5319 3258 5353 ex
3282 5312 3431 5359 mw.

1869 5303 2130 5369 Hebraicae,
2169 5303 2369 5371 DYDWW,
2400 5318 2535 5367 quas:
2560 5303 2783 5353 videlicet
2821 5303 3080 5365 compesita
3109 5306 3173 5353 sit
3197 5319 3258 5353 ex
3282 5312 3398 5384 ηπω
3416 5348 3431 5367 ,

1869 5417 2026 5461 urere,
2054 5407 2105 5451 et
2126 5407 2201 5459 ἴτε)
2230 5397 2309 5449 vel
2332 5404 2388 5457 τε)
2412 5411 2478 5457 os,
2504 5396 2616 5446 oris.
2636 5396 2724 5445 Sed
2748 5397 3007 5458 Serapbim,
3029 5402 3083 5445 ut
3102 5409 3242 5446 nemo
3264 5399 3433 5455 nescit,

1869 5474 2039 5539 ignitos
2065 5471 2139 5519 vel
2164 5472 2323 5539 igneos
2344 5469 2622 5539 simpliciter
2638 5465 2905 5539 signiﬁcata
2950 5494 2955 5499 ς

1934 5534 2006 5595 (b)
2040 5540 2149 5595 meo
2172 5528 2362 5595 inversa
2384 5528 2523 5595 sunt;
2550 5541 2657 5575 nam
2681 5528 2729 5574 iu
2765 5528 2999 5595 Scriptura
3022 5539 3153 5574 sacra
3181 5528 3330 5595 primo
3348 5538 3432 5586 po-

1871 5586 2055 5708 nulnturL
2071 5594 2160 5645 ala:
2184 5606 2291 5657 quae
2315 5591 2486 5642 faciem
2510 5586 2698 5652 tegunt,
2717 5586 2929 5639 secundo
2954 5588 3045 5637 illa:
3069 5600 3175 5648 quae
3193 5586 3342 5648 pedes
3363 5601 3443 5636 oo-

1872 5673 1932 5708 cu
1955 5666 2034 5707 tan
2061 5691 2073 5705 .
2358 5690 2359 5693 η

1872 5666 2073 5710 cultant.
2358 5690 2359 5693 η
