4156 6312
782 333 846 389 71
1435 340 1493 397 s.
1530 342 1805 402 JOANNIS
1831 343 2301 404 etlnvsosroul
2340 347 2649 407 ARClllEP.
2689 350 3215 415 CONSTANTINOP.
3937 380 4009 436 72

768 444 875 515 jam
904 446 1042 515 dixi,
1085 449 1375 506 infirmitati
1413 453 1737 510 audientium
1764 470 1823 511 se
1848 465 2204 527 attemperans
2222 499 2239 527 ,
2270 461 2337 516 ab
2441 463 2495 517 4.
2525 463 2591 516 Et
2616 465 2853 520 eleuatum
2877 479 2950 523 est
2973 472 3354 539 superliminare
3373 491 3404 529 a
3423 491 3559 545 uoce,
3582 494 3680 547 qua
3705 480 4000 537 clamabam.

772 535 856 601 iis,
890 551 1110 606 quorum
1134 555 1354 608 capaces
1375 550 1545 606 erant,
1578 552 1809 599 mentem
1841 560 2023 600 eorum
2045 548 2232 602 erexit.
2261 549 2337 604 Ae

2443 549 2629 607 Vidisti
2673 558 2967 625 prophetiae
2995 558 3301 617 facilitatem
3327 604 3343 630 ,
3374 579 3459 620 res
3503 566 3645 636 ipsas
3688 569 3786 625 sibi
3826 582 4005 627 mutuo

770 639 981 682 rursum
1026 629 1140 699 ejus
1184 631 1434 685 auxilium
1484 642 1538 687 et
1585 635 1920 690 securitatem
1966 636 2088 693 inde
2132 647 2334 707 partam
2438 641 2951 699 coliterentes?Nam
2981 657 3102 716 post
3130 649 3273 705 hunc
3310 629 3600 723 hymnum,
3630 670 3749 712 cum
3788 658 3999 729 impleta

767 716 1018 774 exhibere
1042 719 1225 776 volens
1249 762 1265 787 ,
1295 720 1483 776 iisdem
1508 722 1670 778 utitur
1694 723 1887 788 verbis,
1915 725 1991 780 sic
2017 726 2197 781 dicens
2226 748 2233 776 ;
2266 726 2333 782 In
2437 743 2576 787 esset
2602 742 2741 789 terra
2764 738 2927 805 gloria
2951 740 3086 808 ejus,
3112 740 3331 799 Iudaica
3348 716 3529 803 omnia
3550 716 3844 821 cessarunt,
3861 716 3997 823 quod

768 806 944 860 umbra
970 808 1166 906 alarum
1193 819 1392 906 tuarum
1419 821 1643 906 prateges
1676 829 1754 906 nte
1788 811 1954 906 (Psal.
1986 815 2073 869 16.
2098 816 2173 906 8).
2222 816 2333 873 Hoc
2434 822 2606 892 ipsum
2635 828 2867 883 ostendit
2893 806 2991 898 per
3014 806 3276 890 elevatum
3304 840 3720 906 superliminare.

764 904 945 952 autem
969 898 1086 953 loco
1115 914 1219 953 non
1242 900 1615 955 sublimitatem
1646 902 1817 956 solum
1852 904 1966 971 ejus
1990 918 2053 958 ac
2080 905 2329 961 velocita—

764 996 872 1043 tem
903 1004 996 1058 per
1019 990 1131 1045 alas
1154 990 1480 1057 subindicat;
1508 991 1602 1047 sed
1625 1001 1679 1048 et
1702 993 1841 1047 aliud
1867 994 2131 1065 quidpiam
2154 994 2327 1051 horri-

765 1079 890 1135 bile.
938 1079 1181 1135 Ostendit
1213 1081 1351 1136 enim
1376 1123 1392 1148 ,
1421 1082 1627 1137 etiamsi
1666 1082 1719 1138 id
1755 1083 1893 1153 quod
1921 1084 2192 1140 videbatur
2231 1101 2327 1157 per

763 1175 1250 1243 attemperationem
1271 1183 1431 1239 esset,
1455 1182 1514 1229 ut
1536 1190 1720 1229 revera
1744 1184 1877 1242 erat,
1905 1190 2158 1245 supernas
2181 1187 2325 1234 certe

760 1272 1083 1335 potestates,
1115 1280 1179 1320 ne
1213 1263 1313 1320 hac
1353 1265 1566 1335 quidem
1607 1280 1855 1321 mensura
1902 1266 1952 1320 id
1994 1282 2183 1337 capere
2225 1283 2320 1337 po-

760 1354 947 1409 tuisse.
976 1353 1105 1408 Nam
1128 1354 1266 1423 quod
1294 1364 1531 1425 tegerent
1561 1354 1742 1425 pedes,
1765 1365 1820 1410 et
1844 1356 1980 1425 quod
2012 1356 2136 1411 item
2162 1356 2320 1412 dorsa

759 1443 1013 1509 volarent,
1058 1444 1379 1512 stupentium
1408 1452 1552 1509 erat,
1596 1454 1650 1499 et
1680 1447 2013 1501 trementium
2038 1445 2315 1517 fulgorem,

758 1545 855 1587 nec
881 1530 1157 1588 ferentium
1184 1533 1521 1603 splendorem
1541 1550 1610 1590 ex
1636 1535 1768 1591 solio
1789 1537 2167 1605 prosilientem.
2194 1536 2317 1594 ldeo

757 1623 964 1694 objectu
1008 1625 1246 1693 alarum,
1293 1641 1391 1681 ceu
1437 1627 1663 1696 quodam
1709 1630 1941 1696 pariete,
1990 1626 2149 1683 facias
2194 1643 2317 1684 suas

753 1714 1169 1781 obumbrabant;
1194 1716 1245 1770 id
1268 1716 1406 1786 quod
1434 1716 1609 1772 facere
1635 1717 1868 1773 solemus
1888 1726 1977 1771 aut
2003 1719 2197 1773 tonitru
2218 1719 2314 1775 de-

753 1807 961 1863 cidente
983 1848 999 1873 ,
1028 1818 1119 1862 aut
1146 1808 1437 1879 fulguribus
1467 1808 1705 1873 emissis,
1738 1823 1922 1864 versus
1955 1809 2314 1879 pavimentum

752 1911 852 1954 nos
874 1898 1211 1964 inclinantes,
1239 1899 1340 1953 hoc
1363 1908 1417 1954 et
1442 1899 1545 1954 illa:
1569 1899 1845 1955 faciebant.

822 1989 1086 2044 Antonianas
1106 1990 1392 2044 insectatur.
1419 2020 1489 2031 —
1515 1990 1665 2057 Quod
1704 1991 1750 2045 si
1788 1989 2085 2060 Seraphim,
2111 2006 2313 2062 magnae

752 2079 857 2136 illa:
883 2082 1252 2151 mirabilesque
1283 2082 1521 2147 virtutes,
1547 2082 1715 2137 Deum
1738 2081 2033 2149 sedentem,
2077 2083 2128 2137 in
2155 2084 2308 2151 solio,

750 2169 987 2240 Inquam,
1014 2171 1284 2226 sedentem
1314 2172 1428 2226 sine
1457 2172 1645 2227 timore
1683 2171 1863 2227 videre
1902 2186 2007 2227 non
2046 2181 2307 2243 poterant,

754 2260 851 2316 sed
892 2269 947 2315 et
988 2259 1149 2314 facies
1176 2269 1229 2315 et
1254 2260 1415 2330 pedes
1440 2260 1711 2321 velabant,
1734 2257 1854 2328 quis
1880 2276 2056 2317 sermo
2101 2263 2307 2318 illorum

747 2348 1006 2405 insaniam
1033 2350 1305 2405 declarare
1331 2350 1545 2419 poterit,
1573 2350 1663 2420 qui
1690 2365 1749 2406 se
1774 2351 1919 2407 clare
1942 2352 2112 2421 ipsum
2144 2352 2307 2407 Deum

749 2454 907 2496 nosse
947 2441 1148 2506 dicunt,
1175 2450 1229 2496 et
1263 2440 1353 2511 qui
1393 2443 1459 2497 de
1485 2442 1768 2496 immortali
1793 2442 1879 2498 illa
1905 2443 2192 2499 substantia
2218 2459 2310 2499 cu-

745 2530 889 2587 riose
916 2532 1259 2601 perquirunt?
1290 2531 1495 2586 Duabus
1510 2531 1822 2597 aolabant,et
1847 2532 2145 2589 clamabant.
2175 2535 2309 2603 Quid

746 2619 851 2676 hoc
893 2630 974 2676 est
999 2662 1015 2687 ,
1055 2619 1333 2686 Volabant,
1379 2631 1434 2677 et
1474 2622 1598 2691 quid
1644 2623 1754 2677 vult
1794 2623 2123 2694 signiﬁcare?
2164 2625 2308 2695 lpsas

746 2728 937 2782 nempe
955 2713 1163 2768 assidue
1188 2714 1326 2768 circa
1355 2715 1519 2767 Deum
1544 2730 1683 2782 esse,
1710 2730 1810 2771 nec
1830 2717 2010 2772 abillo
2036 2719 2301 2784 secedere,

743 2802 839 2857 sed
885 2802 1019 2858 hanc
1064 2803 1168 2857 illis
1212 2817 1330 2858 esse
1357 2803 1567 2858 vivendi
1607 2805 1905 2870 rationem,
1950 2812 2008 2859 ut
2053 2814 2306 2875 perpetuo

744 2893 914 2963 ipsum
941 2903 1169 2957 canant,
1200 2904 1257 2948 ut
1292 2909 1503 2965 semper
1543 2894 1795 2965 Opiﬁcem
1835 2910 1987 2952 suum
2014 2897 2302 2954 celebrent.

744 2983 861 3039 Non
882 2984 1024 3039 enim
1047 2984 1199 3050 dixit,
1226 2984 1618 3051 Clamavcrunt,
1643 2985 1757 3050 sed,
1782 2984 2091 3053 Clamabunt,
2126 2988 2176 3042 id
2201 2996 2302 3053 est,

745 3075 846 3129 hoc
868 3084 1119 3144 perpetuo
1146 3076 1338 3129 habent
1360 3089 1512 3145 opus.
1554 3076 1694 3131 Alter
1718 3078 1784 3130 ad
1806 3078 2019 3131 alterum
2044 3119 2059 3143 ,
2085 3087 2133 3132 et
2169 3078 2303 3133 dice-

744 3162 902 3215 bant:
935 3162 1172 3227 Sanctus,
1195 3175 1415 3229 sanctus,
1440 3175 1661 3220 sanctus.
1712 3165 1823 3221 Hoc
1849 3167 2160 3221 concinnam
2187 3184 2304 3223 mo-

741 3249 1076 3320 dulatamque
1105 3267 1285 3305 eorum
1332 3253 1696 3323 symphoniam
1742 3254 1975 3318 indicat,
2023 3255 2305 3325 laudesque

740 3352 931 3409 magno
972 3354 1233 3394 consensu
1275 3341 1586 3396 celebratas.
1646 3342 1741 3396 Hic
1785 3342 2011 3412 hymnus
2055 3359 2159 3397 non
2191 3345 2302 3401 laus

741 3426 901 3481 modo
944 3439 1044 3494 est,
1091 3429 1183 3483 sed
1227 3430 1385 3483 etiam
1413 3430 1690 3499 prophetia
1722 3431 1787 3485 de
1813 3432 1965 3487 bonis
1992 3448 2109 3502 qua:
2137 3442 2300 3489 totum

740 3515 922 3571 orbem
950 3527 1265 3585 occupatura
1292 3527 1435 3584 sunt,
1467 3527 1622 3588 atque
1635 3521 1792 3573 etiam
1818 3520 2118 3589 dogmatum
2147 3536 2303 3577 accu-

739 3614 856 3660 rata
898 3607 1191 3675 disciplina.
1238 3605 1343 3662 Cur
1371 3616 1545 3663 autem
1589 3623 1695 3663 non
1736 3611 1899 3665 semel
1941 3610 2216 3679 dixerunt,
2250 3621 2305 3668 et

740 3704 1034 3761 tacuerunt,
1067 3713 1235 3766 neque
1263 3698 1499 3752 secundo
1522 3740 1537 3764 ,
1568 3708 1622 3753 e'.
1650 3709 1830 3768 postea
1857 3700 2162 3769 desierunt,
2208 3702 2302 3757 sed

742 3786 953 3841 tertium
983 3788 1139 3842 etiam
1166 3788 1519 3843 addiderunt?
1548 3790 1737 3843 Annon
1785 3790 1953 3857 palam
1984 3799 2064 3844 est
2089 3792 2138 3843 id
2183 3791 2301 3847 ideo

737 3874 856 3930 illas
880 3876 1067 3932 fecisse
1090 3920 1105 3945 ,
1138 3888 1193 3933 ut
1230 3878 1481 3949 hymnum
1509 3878 1759 3933 offerrent
1788 3879 2070 3934 Trinitati?
2099 3880 2300 3935 Idcirco

737 3966 965 4023 Joannes
996 3968 1045 4022 id
1071 3970 1136 4023 de
1164 3970 1295 4024 Filio
1322 3970 1519 4024 dictum
1563 3970 1722 4025 fuisse
1748 3970 1839 4035 ait,
1885 3970 2053 4025 Lucas
2082 3987 2206 4027 vero
2234 3972 2300 4026 de

739 4056 960 4128 Spiritu,
992 4060 1247 4129 propheta
1276 4061 1490 4115 demum
1519 4060 1588 4115 de
1617 4061 1795 4117 Patre.
1843 4061 1971 4129 Quae
2013 4071 2300 4131 sequuntur

736 4158 911 4203 autem
934 4148 1069 4203 hanc
1088 4149 1241 4203 nobis
1260 4150 1879 4205 insinuantsententiam.
1901 4151 2026 4206 Post
2048 4151 2297 4222 hymnum

737 4241 881 4296 enim
905 4240 1220 4296 addiderunt
1253 4259 1265 4295 :
1299 4240 1461 4294 Plena
1490 4251 1561 4295 est
1599 4242 1759 4296 omnis
1797 4252 1928 4295 terra
1964 4244 2127 4312 gloria
2168 4246 2294 4312 ejus.

738 4330 797 4388 Id
842 4331 979 4401 quod
1010 4342 1269 4386 accuratae
1296 4331 1585 4400 praphetia:
1608 4339 1743 4396 erat,
1772 4329 1997 4385 futuram
2025 4332 2296 4386 scientiam

738 4422 1120 4492 praenuntiant,
1156 4438 1247 4490 per
1273 4436 1428 4491 quam
1473 4422 1749 4475 universus
1794 4420 1937 4476 orbis
1988 4420 2083 4476 Dei
2129 4423 2295 4492 gloria

735 4512 970 4582 repletus
998 4522 1080 4566 est
1108 4529 1120 4566 :
1151 4528 1268 4567 cum
1297 4523 1479 4567 contra
1507 4513 1655 4580 olim,
1687 4522 1740 4569 et
1766 4528 1882 4569 cum
1913 4514 2025 4567 hac
2053 4515 2293 4570 diceren-

735 4612 842 4667 tur,
891 4617 994 4655 non
1037 4602 1195 4656 modo
1221 4604 1435 4672 reliquae
1464 4604 1608 4659 orbis
1640 4612 1837 4674 partes,
1882 4604 1973 4659 sed
1999 4605 2155 4661 etiam
2181 4606 2293 4676 ipsa

736 4692 1031 4748 Iudaeorum
1075 4694 1257 4762 regio,
1309 4695 1469 4747 multa
1516 4695 1782 4763 impietate
1811 4696 1981 4764 plena:
2026 4705 2195 4761 erant,
2243 4706 2297 4751 et

732 4798 890 4840 nemo
918 4798 1137 4853 usquam
1170 4785 1331 4838 Deum
1377 4784 1722 4853 glorificabat.
1770 4786 2047 4856 Testisque
2074 4796 2155 4842 est
2184 4790 2294 4857 ipse

727 4876 993 4944 propheta
1020 4878 1198 4931 dicens
1228 4892 1241 4929 :
1286 4875 1501 4945 Propter
1526 4892 1609 4930 vos
1646 4893 1826 4931 nomen
1870 4894 2031 4933 meum
2062 4879 2293 4949 blasphe-

732 4976 898 5019 matur
918 4969 968 5019 in
999 4969 1222 5037 gentibus
1253 4966 1402 5039 (Isai.
1428 4968 1515 5021 52.
1546 4968 1622 5038 5).
1652 4967 1993 5035 Qnandonam
2022 4972 2177 5040 igitur
2204 4972 2293 5025 im-

733 5055 872 5121 pleta
896 5065 976 5110 est
1002 5066 1138 5111 terra
1161 5058 1323 5124 gloria
1346 5056 1495 5125 ejus?
1515 5057 1643 5110 Cum
1671 5056 1758 5112 hic
1783 5056 2007 5128 hymnus
2029 5062 2077 5112 in
2102 5070 2291 5116 terram

729 5145 937 5199 delatus
979 5158 1060 5199 cst
1084 5189 1098 5212 ,
1134 5148 1477 5216 hominesque
1522 5148 1575 5201 in
1605 5157 1742 5201 terra
1768 5148 1921 5216 positi
1948 5163 2290 5218 supernarum

729 5238 977 5290 virtutum
1021 5238 1184 5291 choro
1229 5239 1458 5307 adjuncti
1506 5248 1659 5304 sunt,
1707 5254 1965 5307 unamque
2011 5239 2289 5294 melodiam

731 5328 1046 5392 retulerunt,
1075 5340 1126 5382 et
1151 5331 1469 5397 conjunctim
1502 5332 1663 5386 Deum
1687 5330 2038 5386 celebrarunt.
2070 5330 2218 5398 Quod
2246 5333 2290 5386 si

730 5416 944 5473 Iudaeus
974 5418 1055 5471 his
1081 5419 1415 5486 impudenter
1439 5421 1694 5486 obsistat,
1725 5421 1918 5476 indicet
1958 5421 2288 5491 quandonam

732 5508 902 5559 omnis
932 5514 1068 5560 terra
1088 5508 1255 5575 gloria
1282 5509 1396 5577 ejus
1422 5512 1621 5578 repleta
1647 5512 1747 5575 sit;
1779 5512 1875 5565 hac
1898 5527 2081 5580 nempe
2102 5512 2287 5581 gloria,

731 5611 846 5659 quae
875 5611 937 5650 ex
968 5598 1265 5666 cegnitione
1294 5599 1662 5666 proﬁciscitur.
1692 5601 1793 5656 Sed
1814 5617 2092 5669 numquam
2116 5612 2289 5658 osten-

730 5684 891 5751 derit,
917 5688 1120 5743 etiamsi
1164 5691 1454 5745 sexcenties
1502 5691 1881 5762 impudentiam
1905 5706 2050 5750 suam
2081 5692 2285 5764 prodat.

2502 914 2556 968 4.
2597 914 2707 971 Hoc
2734 919 2926 988 quippe
2953 922 3162 991 signum
3197 936 3313 982 erat
3347 925 3685 989 desolationis
3732 946 3787 992 et
3827 939 3998 993 eversi

2433 1004 2646 1096 templi;
2670 1008 2869 1076 templo
2898 1020 3074 1065 autem
3099 1013 3168 1069 de
3195 1016 3376 1072 medio
3400 1016 3627 1089 sublato,
3655 1022 3755 1078 alia
3784 1026 4001 1096 insuper

2429 1095 2605 1149 omnia
2625 1110 2981 1155 cessaverunt.
3005 1102 3076 1158 Ut
3092 1115 3270 1161 autem
3287 1108 3459 1165 discas
3474 1111 3676 1169 Novum
3691 1095 4001 1174 Testamen-

2430 1189 2542 1236 tum
2566 1184 2846 1255 abrogasse
2877 1190 3061 1258 Vetus,
3085 1194 3129 1247 Α
3154 1211 3289 1261 vace,
3321 1199 3507 1270 inquit,
3537 1203 3775 1259 eleuatum
3804 1218 3876 1261 est
3901 1225 3992 1263 stt-

2428 1273 2779 1341 perliminare;
2803 1278 2854 1333 id
2884 1290 2982 1346 est,
3009 1297 3074 1337 eo
3096 1286 3237 1354 quod
3269 1287 3383 1343 hare
3419 1290 3730 1360 gloriﬁcatio
3765 1298 3999 1356 adventh

2424 1363 2512 1426 rit,
2536 1374 2591 1418 et
2616 1370 2784 1435 gratia
2812 1368 3089 1440 effulserit,
3119 1375 3392 1447 gloriaque
3420 1381 3584 1438 eliusa
3612 1386 3681 1440 sit
3705 1402 3801 1456 per
3825 1396 3992 1446 totum

2423 1452 2861 1547 orbemtumbrze
2902 1460 3171 1531 dissipatae
3199 1476 3341 1522 sunt.
3372 1468 3442 1524 Et
3481 1474 3658 1529 domus
3697 1452 3884 1547 repleta
3918 1490 3993 1535 est

2422 1545 2583 1614 fama.
2631 1546 2743 1603 Hoc
2768 1564 2977 1619 quoque
3005 1556 3133 1610 mihi
3176 1557 3385 1615 videtur
3426 1562 3630 1633 signum
3672 1545 3790 1623 esse
3828 1567 3990 1627 futuri

2420 1633 2535 1729 ejus
2550 1638 2771 1729 excidii,
2796 1640 3037 1711 ignisque
3056 1644 3339 1715 barbarici,
3367 1656 3784 1729 atrocissimique
3807 1660 3991 1719 incen-

2419 1721 2514 1817 dii.
2545 1723 2598 1817 5‘.
2627 1724 2694 1779 Et
2723 1727 2828 1782 dixi
2847 1744 2867 1782 :
2891 1729 2935 1783 0
2956 1748 3034 1787 me
3054 1734 3329 1791 miserum!
3350 1741 3469 1809 quia
3495 1721 3817 1811 compunctus
3849 1767 3983 1817 sum,

2417 1813 2535 1880 quia
2563 1814 2710 1869 homo
2728 1833 2841 1871 cum
2867 1820 2981 1887 sim,
3008 1830 3055 1875 et
3081 1822 3343 1880 inmunda
3367 1830 3499 1884 labia
3523 1833 3745 1901 habeam,
3776 1839 3827 1893 in
3877 1813 3990 1896 me;

2418 1903 2501 1958 dio
2526 1909 2701 1975 populi
2721 1910 2980 1966 immunda
3007 1913 3139 1968 labia
3165 1916 3391 1974 [tabentis
3418 1937 3509 1992 ego
3536 1924 3781 1987 habito,et
3805 1928 3985 1984 Domi.

2416 2009 2535 2048 num
2560 1996 2785 2053 Sabaoth
2804 2001 2821 2032 ί
2848 2002 2949 2056 uidi
2985 2004 3146 2059 oculis
3172 2008 3314 2062 meis.
3349 2009 3474 2066 Haec
3500 2014 3634 2068 visio
3670 2018 3985 2087 prophetam

2415 2088 2690 2155 exterruit,
2721 2092 3094 2162 expergefecit,
3123 2096 3174 2150 in
3200 2113 3445 2169 magnam
3484 2101 3815 2163 formidinem
3855 2125 3989 2165 cona-

2410 2172 2565 2267 jecit,
2579 2176 2646 2232 ad
2673 2179 3060 2239 confessionem
3084 2189 3597 2256 perpulit,vi|itatem
3618 2198 3842 2267 propria:
3859 2201 3989 2257 sub-

2413 2266 2619 2322 stantiae
2648 2277 2704 2322 ut
2736 2271 2926 2326 melius
2978 2287 3325 2343 cognosceret
3362 2279 3553 2336 effecit.
3589 2266 3742 2341 Tales
3787 2290 3985 2360 quippe

2410 2365 2535 2411 sunt
2561 2360 2726 2413 sancti
2756 2365 3209 2433 omnes:quando
3245 2369 3434 2438 majori
3479 2371 3722 2429 fruuntur
3748 2374 3977 2444 honore,

2412 2453 2536 2502 tunc
2561 2450 2724 2519 magis
2750 2450 3109 2509 humiliantur.
3150 2456 3240 2512 Sic
3269 2468 3323 2513 et
3360 2459 3624 2517 Abraham
3650 2464 3817 2521 Deum
3849 2468 3983 2522 allo-

2411 2551 2599 2607 quens,
2633 2548 2827 2595 terram
2848 2551 2903 2597 et
2923 2545 3157 2601 cinerem
3186 2547 3419 2617 seipsum
3459 2553 3679 2609 vocabat
3705 2554 3857 2623 (Gen.
3886 2559 3978 2615 18.

2410 2631 2535 2700 27);
2565 2634 2640 2687 sic
2666 2644 2719 2689 et
2744 2635 2939 2691 Paulus
2984 2640 3197 2708 quando
3246 2643 3449 2700 visione
3490 2645 3577 2701 illa
3604 2646 3849 2717 dignatus
3872 2662 3979 2714 est,

2410 2731 2534 2778 tunc
2552 2724 2843 2780 abortivum
2871 2744 2928 2783 se
2956 2732 3244 2787 nominavit
3262 2732 3337 2804 (l.
3359 2733 3478 2790 Car.
3507 2738 3695 2809 15.8);
3728 2740 3793 2795 ita
3811 2751 3864 2797 et
3894 2742 3982 2798 hic

2409 2824 2467 2864 se
2520 2813 2767 2867 miserum
2809 2816 3095 2883 praedicat,
3140 2821 3312 2889 primo
3352 2839 3419 2878 ex
3463 2835 3645 2881 natura
3695 2829 3906 2885 dicens:
3934 2832 3982 2885 0

2408 2917 2487 2954 me
2506 2903 2773 2957 miserum!
2790 2907 2906 2973 quia
2929 2918 3254 2976 compunctus
3272 2928 3403 2981 sunt,
3424 2916 3540 2984 quia
3564 2917 3710 2972 homo
3721 2937 3830 2973 cum
3856 2923 3984 2986 sim;

2407 2991 2597 3047 deinde
2644 2994 2713 3047 ab
2757 2995 2917 3049 animi
2968 3000 3293 3067 conditione,
3335 3001 3405 3056 Et
3434 3005 3633 3074 impura
3682 3009 3817 3061 labia
3859 3025 3982 3064 cum

2407 3082 2633 3138 habeam.
2663 3085 2865 3155 Impura
2892 3087 3026 3143 labia
3053 3103 3147 3144 sua
3173 3094 3399 3159 vocavit,
3429 3104 3486 3149 ut
3510 3110 3608 3166 ego
3636 3099 3898 3163 existimo,
3925 3108 3988 3163 in

2407 3174 2854 3241 comparationem
2882 3177 3028 3245 igniti
3053 3180 3162 3233 oris
3190 3181 3393 3236 illarum
3423 3199 3667 3253 purarum
3699 3188 3975 3255 virtutum,

2406 3272 2461 3317 et
2485 3266 2864 3321 accuratissimi
2885 3268 3025 3325 illius
3054 3271 3351 3328 ministerii.
3381 3272 3559 3343 Neque
3578 3278 3660 3335 hic
3687 3283 3852 3353 stetit,
3880 3281 3982 3336 sed

2408 3368 2503 3421 pro
2533 3363 2641 3409 toto
2671 3358 2862 3425 populo
2884 3360 3183 3427 conﬁtetur,
3203 3361 3317 3417 haec
3341 3365 3634 3435 subjungen
3683 3383 3696 3420 :
3724 3367 3790 3421 In
3814 3371 3984 3426 medio

2407 3445 2581 3513 pepuli
2605 3447 2863 3499 immunda
2890 3449 3023 3502 labia
3043 3450 3269 3506 [tabentis
3288 3470 3378 3521 ego
3405 3456 3589 3511 habito.
3618 3457 3729 3524 Qua
3760 3473 3887 3513 vero
3907 3460 3983 3515 de

2405 3548 2561 3588 causa
2589 3535 2672 3591 hic
2702 3536 2837 3591 labia
2862 3540 3210 3595 criminatur?
3238 3542 3310 3597 Se
3337 3544 3521 3599 ﬁducia
3543 3546 3790 3617 loquendi
3809 3549 3982 3605 desti-

2406 3632 2575 3679 tutum
2605 3626 2908 3681 ostendens.
2934 3628 3064 3682 Nam
3094 3638 3201 3685 tres
3230 3632 3302 3685 illi
3333 3636 3479 3702 pueri
3499 3636 3599 3690 hoc
3619 3638 3787 3707 ipsum
3807 3652 3982 3709 prope

2406 3714 2670 3782 dicebant,
2711 3732 2829 3772 cum
2871 3730 3047 3774 essent
3076 3721 3129 3774 in
3168 3721 3418 3778 fornace:
3449 3723 3566 3779 Non
3595 3727 3707 3780 licet
3737 3728 3877 3781 nabis
3920 3746 3983 3785 as

2403 3807 2597 3872 aperire
2626 3805 2782 3875 (Dan.
2809 3806 2862 3862 3.
2894 3806 3005 3878 58).
3046 3809 3113 3863 Et
3152 3825 3293 3866 nunc
3318 3814 3528 3882 quando
3568 3814 3708 3885 hymz
3733 3832 3885 3871 orum
3923 3828 3985 3872 ct

2404 3894 2617 3948 laudum
2649 3904 2853 3964 tempus
2876 3907 3009 3965 erat,
3053 3907 3109 3953 et
3144 3916 3404 3970 supernas
3442 3913 3729 3972 potestates
3758 3904 3983 3961 videbat

2403 3984 2504 4039 hoe
2527 3994 2760 4054 agentes,
2784 3985 2903 4055 jure
2937 3988 3005 4042 ad
3043 3988 3179 4044 labia
3216 4005 3515 4047 sermonem
3546 3996 3822 4059 convertit,
3852 4012 3983 4065 qua:

2402 4078 2630 4132 maxime
2662 4077 2729 4131 ad
2768 4077 2870 4133 hoc
2904 4078 3134 4134 ofﬁcium
3170 4091 3447 4138 vocantur.
3473 4081 3667 4139 Verum
3695 4082 3832 4140 labia
3875 4102 3981 4142 sua

2402 4166 2521 4221 ideo
2552 4167 2817 4222 immunda
2858 4170 3098 4235 vocarit;
3140 4172 3321 4241 populi
3356 4187 3484 4227 vero
3512 4172 3645 4228 labia
3685 4190 3789 4229 non
3822 4177 3979 4242 item,

2400 4258 2495 4313 sed
2523 4260 2643 4329 quia
2672 4261 2944 4330 iniquitate
2970 4262 3135 4316 multa
3159 4264 3349 4333 repleti
3375 4274 3544 4320 erant.
3573 4264 3639 4319 Et
3654 4264 3841 4337 Regem
3862 4266 3982 4321 Do-

2400 4350 2593 4404 minum
2624 4352 2727 4403 vidi
2755 4352 2913 4405 oculis
2942 4354 3086 4407 meis.
3115 4353 3242 4410 Ideo
3276 4370 3432 4425 gemo
3471 4364 3526 4411 et
3564 4356 3737 4427 lugeo,
3780 4358 3975 4427 inquit,

2398 4439 2538 4510 quod
2559 4440 2802 4510 indignus
2823 4441 2943 4496 licet
2967 4450 3169 4497 tantum
3192 4444 3447 4499 honorem
3468 4447 3566 4500 sim
3588 4457 3977 4517 consequutus,

2398 4529 2487 4598 qui
2519 4544 2690 4584 meam
2714 4531 3021 4599 dignitatem
3044 4544 3277 4602 superat,
3304 4551 3579 4606 meamque
3602 4546 3843 4593 naturam
3872 4555 3980 4594 ex-

2397 4618 2557 4672 cedit.
2585 4618 2717 4674 Cum
2743 4629 2917 4675 autem
2946 4620 3090 4686 dicit,
3122 4622 3251 4688 Vidi,
3275 4638 3341 4678 ne
3355 4635 3592 4679 exactam
3616 4628 3979 4698 cognitionem

2398 4717 2571 4779 putes,
2604 4710 2696 4765 sed
2724 4724 2841 4765 eam
2868 4711 3019 4779 cujus
3040 4712 3128 4766 ille
3152 4727 3319 4781 capax
3348 4724 3482 4769 erat.

2469 4799 2805 4872 Confessionis
2834 4803 3028 4855 lucrum
3063 4813 3324 4872 quantum.
3347 4834 3418 4844 —
3442 4806 3520 4860 Ac
3547 4806 3856 4864 consideres
3887 4824 3977 4865 νὺ

2398 4892 2488 4945 lim
2518 4900 2769 4961 quantum
2798 4894 2866 4947 sit
2894 4893 3239 4949 confessionis
3266 4894 3488 4950 lucrum.
3527 4896 3769 4965 Seipsum
3816 4913 3976 4954 accu—

2396 4982 2549 5045 savit,
2577 4990 2627 5034 et
2649 4982 2823 5035 statim
2851 4982 3132 5035 mundatus
3179 4992 3280 5037 est.
3312 4984 3445 5050 Quia
3482 4986 3620 5040 enim
3652 4986 3765 5041 haec
3799 4990 3965 5043 verba

2396 5074 2701 5143 protulerat,
2734 5073 2784 5128 6.
2815 5073 3002 5127 Missus
3022 5085 3094 5128 est
3118 5076 3186 5128 ad
3216 5093 3312 5143 me,
3346 5078 3531 5146 inquit,
3560 5094 3689 5131 unus
3714 5094 3777 5133 ex
3804 5079 3965 5135 Sera-

2397 5164 2554 5233 p/tim,
2588 5173 2631 5216 et
2660 5164 2711 5216 in
2738 5180 2887 5216 manu
2913 5180 3003 5217 sua
3041 5165 3249 5219 habebat
3275 5168 3555 5233 carbonem,
3585 5183 3729 5235 quem
3759 5186 3968 5240 accepe-

2395 5262 2472 5305 rat
2497 5254 2685 5323 forcipe
2710 5253 2771 5305 de
2794 5253 2959 5305 altari.
2984 5256 3034 5307 7.
3056 5254 3121 5307 Et
3142 5256 3365 5325 teligitos
3383 5273 3561 5321 meum,
3590 5266 3635 5310 el
3656 5258 3785 5313 dixit
3803 5276 3824 5315 :
3837 5260 3972 5317 Ec“

2396 5342 2549 5412 tetigit
2578 5342 2680 5395 [nec
2719 5341 2849 5394 labia
2875 5352 2978 5408 tua,
3011 5353 3056 5397 et
3083 5348 3272 5413 auferet
3298 5346 3577 5413 iniquitates
3617 5356 3751 5412 tuas,
3781 5357 3829 5403 et
3850 5366 3967 5420 pec-

2395 5444 2504 5486 cata
2532 5445 2615 5485 tua
2641 5433 2886 5501 purgabil.
2918 5432 3141 5500 Quidam
3164 5436 3347 5490 dicunt
3388 5436 3499 5491 haec
3530 5436 3829 5496 futurorum
3855 5458 3970 5515 my-

2395 5526 2671 5581 steriorum
2698 5527 2935 5596 symbols
2958 5543 3109 5583 esse:
3141 5529 3307 5585 altare
3337 5546 3545 5601 nempe,
3577 5534 3750 5604 ignem
3776 5552 3963 5610 super.

2462 5705 2478 5735 ¹
2516 5702 2568 5753 lu
2592 5700 2752 5752 Bibliis
2769 5700 2967 5766 legitur,
2995 5712 3160 5767 neqcm
3187 5706 3438 5757 Dominum
3459 5710 3674 5760 Sabaoth.
