4130 6312
524 301 598 356 73
1298 296 1357 353 s.
1393 294 1677 355 JOANNIS
1713 283 2199 348 crmsosmm
2235 282 2551 340 meum.
2590 275 3133 340 CONSTANTINOP.
3846 288 3907 342 74

528 411 835 477 Ἰουδαϊκὸν,
859 410 1063 484 φοϐερά
1092 429 1208 466 τινα
1234 410 1592 479 ἀπαγγέλλων
1625 409 1720 463 καὶ
1748 407 2016 476 ἀφόρητα.
2038 401 2182 471 Πέμ-

518 527 681 564 πεται
717 509 891 564 τοίνυν
928 509 996 561 τά
1030 508 1300 577 Σεραφὶμ,
1339 506 1480 559 ὥστε
1518 504 1682 574 φόϐου
1741 503 1834 555 καὶ
1866 498 2182 572 παρρησίας

524 603 683 657 αὐτὸν
722 601 1021 672 ἐμπλῆσαι.
1059 602 1169 655 Kal
1225 602 1313 654 ῐνα
1370 600 1447 670 μὴ
1498 597 1890 670 προϐάλληται,
1930 594 2184 666 καθάπερ

523 700 778 767 Μωῦσῆς,
809 697 980 766 λέγων
1009 697 1331 767 ἰσχνόφωνος
1360 692 1517 759 εἶναι,
1547 696 1639 748 καὶ
1668 692 1956 765 Ἱερεμίας,
1986 691 2184 747 νεώτε-

523 809 616 863 ρος
642 788 801 854 εἶναι,
822 791 965 844 οὓτω
989 792 1081 845 καὶ
1106 786 1257 854 οὗτος
1282 790 1565 861 ἀκάθαρτα
1594 788 1748 858 χείλη
1783 788 1950 858 ἔχειν,
1986 786 2081 839 καὶ
2111 784 2186 856 μὴ

521 862 775 941 δύνασθαι
815 887 1130 957 διακονῆσαι
1165 888 1276 949 τοῖς
1311 886 1655 956 λεγομένοιςο
1686 882 1904 953 ἔρχεται
1929 882 1997 937 τά
2028 862 2200 952 Σερα-ί

523 983 629 1051 φὶμ
670 981 1063 1053 ἐκκαθαίροντα
1107 981 1271 1036 αύτοῦ
1319 981 1385 1034 τά
1428 980 1824 1051 ἁμαρτήματα,
1870 978 1971 1032 οὐκ
2012 977 2188 1048 οίκείᾳ

522 1076 745 1145 δυνάμει
771 1076 947 1147 (τοῦτο
976 1077 1081 1148 γάρ
1107 1077 1317 1148 Πατρδς
1345 1078 1434 1129 καὶ
1461 1074 1591 1129 Υίοῦ
1623 1076 1716 1131 καὶ
1743 1074 1900 1143 άγίου
1942 1073 2187 1143 Πνεύμα-

524 1187 615 1234 τος
655 1172 858 1243 μόνον),
887 1172 999 1226 ἀλλ’
1024 1172 1374 1243 ἐπιτάγματι,
1418 1171 1511 1223 καὶ
1552 1170 1697 1223 δόσει
1730 1170 1840 1222 τῶν
1880 1169 2183 1240 ἀνθράκων.

526 1265 602 1317 Ού
656 1267 764 1337 γάρ
815 1262 985 1333 εἶπεν,
1026 1266 1154 1319 Ἰδοὺ
1195 1265 1413 1335 ἀφαιρῶ
1451 1262 1586 1333 ἐγὼ,
1635 1262 1772 1327 ἀλλ’,
1818 1261 1973 1317 Ἰδοὺ
2013 1262 2187 1316 τοῦτο

524 1362 850 1430 ἀφαιρεῖται
886 1363 993 1428 τὰς
1029 1364 1280 1431 ἀνομίας
1312 1376 1450 1425 σου,
1494 1361 1592 1415 καὶ
1624 1360 1731 1426 τὰς
1762 1359 2049 1429 ἁμαρτίας
2072 1374 2186 1413 σου

525 1456 941 1525 περικαθαριεῖ,
975 1456 1062 1509 διά
1095 1456 1158 1509 τὸ
1190 1456 1469 1525 ἐπίταγμα
1516 1453 1612 1507 τοῦ
1649 1453 1983 1525 πέμψαντος.
2031 1454 2187 1518 Τίνος

525 1551 582 1604 δὲ
615 1549 796 1605 ἕνεκεν
821 1552 878 1603 ἐν
898 1554 965 1621 τῇ
991 1550 1166 1605 λαϐίδι
1209 1551 1277 1604 τά
1320 1552 1383 1603 Σε
1394 1552 1569 1622 ραφὶμ
1604 1549 1764 1603 ἔλαϐε
1786 1549 1879 1604 τὸν
1906 1548 2185 1619 ἀνθρακα;

526 1647 601 1698 υύ
628 1647 737 1718 γάρ
760 1648 824 1717 δὴ
861 1650 895 1717 ή
919 1647 1207 1718 ἀσώματος
1233 1647 1462 1717 δύναμις
1484 1644 1943 1715 ἐγκατακαίεσθαι
1968 1644 2190 1715 ἔμελλεν

528 1741 636 1793 ὑπὸ
659 1742 766 1795 τῶν
797 1742 1099 1813 ἀνθράκων.
1138 1743 1295 1807 Τίνος
1327 1742 1514 1797 ἕνεκεν
1539 1740 1715 1796 ταῦτα
1744 1741 2066 1811 γεγένηται;
2094 1740 2193 1793 Διά

530 1837 733 1909 πολλὴν
764 1839 1189 1907 συγκατάϐασιν.
1221 1836 1321 1893 Διά
1347 1840 1411 1909 δὴ
1443 1837 1601 1893 τοῦτο
1630 1839 1724 1892 καὶ
1746 1837 1855 1891 ἀπὺ
1876 1836 1970 1889 τοῦ
2002 1836 2193 1890 θυσια-

532 1934 755 2006 στηρίου
791 1934 1082 2005 λαμϐάνει,
1134 1933 1261 1988 ἔνθα
1304 1935 1362 1988 αί
1421 1933 1602 1989 θυσίαι
1649 1932 2068 2005 προσεφέροντο,
2100 1932 2194 1985 καὶ

529 2032 580 2083 οί
628 2030 903 2101 καθαρμοὶ
954 2031 1059 2084 τῶν
1104 2029 1533 2101 ἁμαρτημάτων.
1588 2028 1652 2082 El
1706 2026 1765 2082 δέ
1820 2028 2018 2097 λέγοις,
2070 2028 2195 2091 Πῶς

531 2127 592 2178 τὸ
634 2126 806 2194 στόμα
856 2126 915 2179 ού
973 2125 1217 2194 κατεκάη
1276 2124 1369 2177 τοῦ
1425 2125 1749 2195 προφήτου;
1806 2122 2038 2193 μάλιστα
2097 2123 2195 2192 μὲν

531 2220 615 2271 ὃτι
658 2220 774 2271 οὐδὲ
827 2219 938 2289 πῦρ
988 2218 1241 2286 αἰσθητὸν
1292 2213 1361 2289 ἦν
1405 2216 1465 2269 τὸ
1512 2215 1862 2287 φαινόμενον·
1904 2217 2080 2279 άλλως
2116 2217 2192 2282 δὲ,

533 2315 665 2367 ὅταν
695 2318 723 2367 6
748 2314 877 2375 Θεὸς
903 2313 1201 2385 ἐργάζηταί
1233 2329 1305 2379 τι,
1334 2311 1410 2383 μὴ
1441 2310 1906 2383 πολυπραγμόνει,
1940 2311 2075 2382 μηδέ
2104 2328 2198 2364 πε-

538 2408 847 2480 ριεργάζου.

606 2513 667 2558 ε’.
691 2506 799 2559 Kal
828 2504 936 2575 γάρ
965 2503 1218 2573 ἐνεργοῦν
1255 2504 1348 2558 καὶ
1374 2504 1630 2575 αἰσθητὸν
1661 2503 1771 2576 πῦρ
1802 2504 2048 2575 σώμασιν
2074 2505 2198 2575 ὁμι-

538 2600 727 2669 λῆσαν,
750 2599 816 2651 τὰ
847 2596 941 2649 τοῦ
972 2598 1141 2668 πυρὸς
1171 2597 1269 2650 ούκ
1290 2598 1619 2663 ἐπεδείξατο.
1651 2598 1714 2650 Εί
1738 2598 1796 2651 δὲ
1826 2597 1953 2650 ἔνθα
1986 2598 2199 2667 κλημα-

536 2696 679 2757 τίδες
711 2695 805 2747 καὶ
831 2694 1020 2755 πίσσα,
1045 2692 1145 2763 τῆς
1172 2693 1377 2756 οίκείας
1405 2691 1699 2745 ἐπελάθετο
1732 2692 1945 2760 φύσεως
1972 2693 2005 2761 ὴ
2044 2691 2195 2760 φλὸξ,

537 2789 592 2842 τί
625 2788 943 2859 θαυμάζεις,
962 2789 1011 2840 εί
1038 2786 1131 2841 νῦν
1154 2788 1419 2857 τοσαύτης
1437 2786 1887 2858 παραδοξοποιίας
1907 2787 2200 2856 γενομένης

540 2882 831 2954 ἐκάθηρεν,
856 2882 969 2936 ἀλλ’
1004 2883 1105 2935 οὐκ
1134 2881 1327 2935 ἔκαυσε
1362 2882 1508 2934 τουτὶ
1547 2881 1606 2932 τὸ
1636 2880 1782 2951 πῦρ;
1818 2881 1929 2934 Καὶ
1966 2879 2202 2947 ἤκουσα

542 2978 652 3048 τῆς
678 2978 884 3048 φωνῆς
910 2978 1134 3046 Κυρίου
1166 2976 1483 3045 λέγοντος·
1531 2976 1671 3028 Τίνα
1706 2976 2023 3030 ἀποστελῶ
2046 3014 2061 3039 ,
2105 2976 2203 3027 καί

544 3077 637 3140 τίς
676 3075 1034 3143 πορεύσεται
1076 3072 1226 3141 πρὸς
1248 3073 1357 3125 τὸν
1375 3072 1525 3126 λαὸν
1557 3072 1803 3136 τοῦτον;
1841 3073 2003 3143 Ὁρᾷς
2042 3074 2206 3125 πόσον

544 3172 740 3242 ἤνυσεν
772 3173 805 3241 ἠ
832 3171 974 3240 ὄψις,
1016 3170 1179 3222 πόσον
1211 3168 1570 3238 κατώρθωσεν
1600 3170 1629 3221 6
1649 3168 1841 3237 φόϐος;
1873 3167 1985 3239 [70]
2014 3168 2206 3221 Καίτοι

544 3265 609 3335 γε
655 3268 751 3320 καλ⁵
782 3268 872 3320 ἐπὶ
905 3264 1183 3326 Μωῦσέως
1233 3262 1474 3316 τοιοῦτόν
1512 3279 1565 3315 τι
1598 3264 1853 3331 γέγονεν·
1898 3264 1945 3315 εί
1986 3264 2097 3335 γὰρ
2131 3264 2205 3333 μὴ

545 3359 795 3431 Σεραφὶμ
826 3360 1020 3430 ἐφάνη,
1057 3359 1189 3429 μηδὲ
1220 3358 1378 3419 αὐτὸς
1410 3358 1501 3410 ἐπὶ
1518 3357 1706 3427 θρόνου
1736 3356 2065 3427 καθήμενος,
2091 3357 2206 3411 ἀλλ’

549 3457 696 3525 ὅμως
725 3455 808 3505 Et:
819 3470 909 3523 ρον
927 3452 1227 3524 παράδοξον
1253 3450 1429 3521 θέαμα
1445 3452 1564 3503 τότε
1590 3451 1803 3523 ἐδείχθη
1824 3452 1902 3523 τῷ
1929 3454 2204 3522 προφήτῃ,

550 3549 643 3603 καὶ
664 3548 919 3610 τοιοῦτον,
958 3547 1031 3608 ὡς
1063 3547 1268 3616 μηδένα
1286 3545 1601 3615 ἀντιϐλέψαι
1619 3546 1914 3617 δυνηθῆναι
1932 3545 2010 3615 τῷ
2024 3563 2205 3615 φαινοο

553 3642 717 3713 μένῳ.
743 3643 813 3696 Ἡ
824 3642 935 3710 γὰρ
955 3640 1145 3707 ,βάτος
1158 3642 1410 3705 ἐκαίετο,
1431 3642 1586 3711 φησὶ,
1608 3643 1708 3694 καί
1742 3644 1814 3696 οὐ
1839 3644 2205 3695 κατεκαίετο.

565 3741 699 3793 Ἀλλ’
722 3742 869 3808 ὅμως
890 3738 983 3791 καὶ
1024 3740 1138 3809 μετ’
1164 3738 1345 3791 ἐκεῖνα
1400 3739 1493 3791 καὶ
1548 3737 1647 3808 τὴν
1690 3738 1890 3809 πολλὴν
1939 3738 2033 3790 τοῦ
2076 3737 2209 3790 Θεοῦ

553 3833 873 3905 παραίνεσιν
895 3834 925 3886 δ
966 3832 1138 3902 μέγας
1171 3830 1456 3885 ἀναδύεται
1483 3831 1744 3902 Μωῦοῆς,
1772 3833 1866 3885 καὶ
1889 3833 2208 3902 σκήπτεται,

554 3930 646 3983 καὶ
694 3928 892 3999 μυρίας
925 3928 1128 3980 ἐπινοεῖ
1176 3928 1478 3998 προφάσεις
1531 3928 1935 3999 παραιτήσεως,
1990 3926 2164 3994 λέγων
2195 3942 2210 3956 ο

568 4021 966 4093 ἰσχνόεεωνός
993 4025 1108 4090 ειμι
1141 4022 1239 4075 καί
1260 4020 1774 4091 βραδύτλωσσος’
1821 4024 1936 4087 καὶ,
1971 4021 2216 4089 Προχεί-

550 4136 719 4189 ρισαι
761 4118 843 4172 σὺ
876 4117 1090 4179 ἄλλον,
1121 4115 1191 4169 ὃν
1227 4115 1679 4180 ἐξαποστελεῒς.
1718 4117 1829 4169 Καὶ
1864 4116 2128 4187 Ἱερεμίας
2160 4116 2216 4169 δὲ

557 4216 656 4285 τὴν
698 4213 912 4285 ἠλικίαν
956 4211 1335 4283 προϐάλλεται.
1390 4212 1501 4265 Kal
1546 4209 1808 4281 Ἰειῖεκιὴλ
1859 4212 1917 4264 δέ
1966 4212 2105 4281 μετά
2158 4212 2217 4265 τὸ

559 4308 934 4377 κελευσθῆναι,
961 4306 1099 4360 ἑπτά
1141 4306 1405 4378 διατρίϐει
1438 4307 1565 4377 περὶ
1588 4306 1678 4359 τὸν
1709 4306 1949 4374 ποταμὸν
1983 4306 2214 4374 ἡμέρας,

558 4403 918 4471 ἀναδυόμενος
947 4402 1039 4455 καὶ
1066 4402 1258 4456 ὀκνῶν.
1286 4402 1374 4455 Διὸ
1409 4402 1501 4453 καὶ
1526 4400 1626 4471 τὴν
1655 4400 1966 4473 παραϐολὴν
2002 4402 2215 4473 ἐκείνην

563 4500 899 4571 προσέθηκεν
926 4500 954 4551 6
981 4497 1111 4560 Θεὸς
1128 4498 1301 4565 λέγων
1323 4514 1337 4530 ο
1361 4496 1598 4551 Σκοπὸν
1623 4496 1854 4550 δέδωκά
1874 4511 1947 4550 σε
1978 4496 2059 4561 τῷ
2081 4498 2222 4561 οἴκῳ

578 4598 821 4665 Ἰσραήλ
840 4612 855 4627 ⁸
881 4596 1095 4661 καὶ,ὅτι
1147 4596 1265 4663 Τὴν
1301 4596 1513 4663 ψυχὴν
1542 4594 1742 4648 αὐτῶν
1770 4594 1838 4647 ἐκ
1874 4596 2071 4663 χειρός
2104 4610 2221 4650 σου

567 4696 890 4764 ἐκζητήσω.
934 4695 1115 4757 Ἰωνᾶς
1144 4694 1201 4746 δὲ
1232 4693 1293 4746 ού
1326 4693 1485 4763 μόνον
1529 4697 1879 4763 παρῃτήσατο
1903 4734 1919 4762 ,
1966 4695 2101 4747 ἀλλὰ
2132 4696 2225 4747 καὶ

572 4792 953 4861 ὲδραπέτευσε.
985 4790 1050 4843 Τί
1078 4784 1170 4843 οῦν
1196 4806 1209 4853 ;
1239 4787 1635 4859 τολμηρότερος
1673 4789 1890 4842 πάντων
1914 4792 1942 4843 ό
1980 4790 2224 4854 Ἡσαΐας,

574 4890 668 4941 καὶ
710 4888 984 4949 Μωῡσέως
1021 4885 1113 4937 τοῦ
1162 4884 1426 4954 μεγάλους
1469 4884 1579 4937 Kal
1625 4883 1707 4945 τίς
1745 4883 1811 4936 ἂν
1855 4885 2011 4937 τοῦτο
2037 4882 2227 4953 εἴποις

576 4984 746 5035 Πόθεν
779 4979 869 5035 οῦν
900 4982 1246 5050 κελευόμενος
1286 4980 1489 5041 ἐκεῖνος
1543 4978 1813 5039 ἀνεδύετο,
1871 4973 2023 5041 οὗτος
2060 4980 2117 5031 δὲ
2154 4981 2228 5050 μὴ

579 5076 823 5147 φανερῶς
853 5074 1127 5142 ἐπιταγεὶς
1153 5073 1501 5143 είσεπήδησεν
1521 5088 1536 5137 ;
1556 5071 1687 5123 Ούδέ
1712 5072 1819 5141 γάρ
1838 5068 1990 5125 εἶπεν
2008 5075 2231 5137 ,Ἀπελ-

582 5172 667 5224 θε·
688 5170 821 5225 ἀλλά
855 5168 945 5221 τοῦ
984 5168 1115 5220 Θεοῦ
1143 5169 1408 5235 λέγοντος,
1458 5170 1595 5222 Τίνα
1626 5167 1971 5229 ἀποστελῶε
2016 5169 2230 5238 ἥρπασε

582 5270 642 5323 τὸ
674 5268 965 5334 ἐπίταγμα.
1004 5264 1161 5327 Τινές
1200 5264 1297 5333 μὲν
1322 5260 1415 5319 οῦν
1440 5282 1623 5333 φασιν,
1670 5264 1751 5317 ὅτι
1774 5263 1960 5335 ἐπειδὴ
1991 5264 2228 5336 ἥμαρτε,

583 5365 671 5417 τὸν
704 5362 880 5426 ὐζίαν
898 5360 997 5413 οὐκ
1025 5359 1247 5426 ἐλέγξας
1280 5359 1705 5430 κατατολμῶντα
1720 5361 1827 5415 τῶν
1852 5362 2077 5426 ἀδύτων,
2094 5363 2232 5434 ὑπὲρ

585 5461 796 5529 ἐκείνης
840 5457 1151 5529 βουλόμενος
1194 5456 1633 5528 ἀπολογήσασθαι
1675 5461 1773 5529 τῆς
1824 5462 2114 5533 ἁμαρτίας,
2167 5468 2230 5535 τῇ

590 5556 725 5624 μετά
757 5554 926 5607 ταῦτα
952 5552 1224 5625 προθυμίᾳ
1251 5554 1345 5623 τῆς
1385 5554 1631 5624 ὑπακοῆς
1672 5556 1979 5626 ἐπεπήδησε
2008 5559 2211 5627 ταχέως

584 5645 627 5696 ὦ
640 5663 720 5697 3::
743 5647 1121 5710 ἐξιλεώσασθαι
1150 5650 1234 5705 τὸν
1255 5650 1403 5707 Θεόν.
1420 5652 1516 5707 Διά
1532 5652 1602 5723 γά
1610 5670 1640 5725 ρ
1661 5653 1815 5709 τοῦτο
1834 5654 1924 5709 καὶ
1952 5652 2233 5725 ἀκάθαρτα

2283 405 2352 457 τά
2397 405 2548 475 χείλη
2590 405 2755 459 αὐτοῦ
2789 406 2971 475 ἔλεγεν
3019 400 3188 472 εῐναι,
3230 404 3319 460 διά
3366 410 3428 461 τὸ
3463 404 3913 479 ἀπαρρησίαστον.

2298 498 2435 551 Ἀλλ’
2472 500 2571 553 ούκ
2605 501 2672 555 ἂν
2722 502 3057 575 ἀνασχοίμην
3094 502 3201 557 τῶν
3236 501 3407 556 ταῦτα
3451 502 3743 571 λεγόντων’
3779 501 3914 565 ἀξιο-

2284 598 2597 667 πιστότερος
2622 595 2730 668 γάρ
2745 596 2921 651 αὐτῶν
2937 600 2965 651 ό
2991 597 3219 662 Παῦλος,
3238 600 3267 652 6
3284 597 3553 670 τολμητὴν
3572 597 3731 649 αὐτὸν
3748 595 3918 650 καλῶν

2285 695 2379 748 ναὶ
2407 694 2604 765 λέγων·
2642 698 2888 763 Ἡσαΐας
2907 697 2976 751 δὲ
3006 696 3311 767 ἀποτολμᾷ
3337 696 3436 751 καί
3472 695 3655 766 λέγει.
3680 695 3777 748 Διά
3797 694 3918 762 γοῦν

2283 786 2442 840 τοῦτο
2461 788 2578 842 οὐδὲ
2593 788 2671 859 τῷ
2699 789 2882 858 κοινῷ,
2913 788 2987 852 ῶς
3004 805 3153 858 φασι,
3180 788 3326 859 νόμῳ
3340 789 3436 860 τὴν
3454 787 3594 858 ζωὴν
3618 787 3915 850 κατέλυσεν,

2284 881 2420 934 ἀλλά
2449 882 2830 953 χαλεπωτάτην
2856 881 3059 953 ὑπέστη
3087 881 3367 951 τιμωρίαν,
3397 881 3505 934 τῶν
3539 880 3806 934 Ἰουδαίων
3832 880 3921 932 οὐκ

2285 981 2609 1048 ἐνεγκόντων
2641 979 2803 1033 αὑτοῦ
2850 980 2949 1051 τὴν
2991 980 3321 1050 παρρησίαν.
3353 979 3533 1049 Χωρὶς
3577 978 3634 1031 δὲ
3665 978 3864 1030 τούτων
3894 988 3917 1017 ι

2285 1051 2405 1127 δὺδέ
2431 1090 2592 1145 φησιν
2615 1074 2648 1143 ή
2679 1073 2866 1145 Γραφή
2896 1090 3019 1140 που,
3050 1075 3130 1127 ὅτι
3162 1076 3363 1144 παρῆν,
3389 1073 3549 1143 ήνίκα
3577 1072 3646 1125 τά
3685 1072 3823 1127 κατά
3841 1070 3924 1125 τὸν

2298 1169 2480 1233 Ὀξίαν
2506 1169 2741 1240 ἐγένετο,
2774 1171 2868 1223 καὶ
2892 1170 3078 1242 παρὼν
3102 1168 3276 1238 ἐσίγα,
3304 1169 3419 1223 ἀλλ’
3450 1168 3659 1222 οἴκοθεν
3686 1168 3780 1223 καὶ
3804 1168 3922 1239 παρ’

2286 1266 2493 1319 ἑαυτῶν
2518 1265 2688 1319 ταῦτα
2719 1266 2768 1318 οἱ
2797 1264 3044 1333 λέγοντες
3071 1264 3438 1334 στοχάζονται.
3470 1262 3537 1316 Τί
3565 1258 3657 1317 οῦν
3689 1263 3831 1316 εστιν
3855 1263 3925 1315 εί-

2286 1362 2437 1426 πεῖν;
2471 1362 2590 1414 Ὀτι
2625 1361 2724 1413 οὐκ
2754 1356 2819 1430 ἦν
2843 1361 2955 1413 ίσον
2990 1359 3051 1411 τὸ
3105 1358 3379 1422 Μωῦσέως
3417 1359 3510 1413 καὶ
3540 1357 3714 1411 τοῦτο.
3746 1357 3804 1411 '0
3836 1355 3926 1427 μιν

2287 1456 2397 1528 γὰρ
2420 1459 2499 1519 είς
2526 1454 2810 1524 ἀλλοτρίαν
2857 1454 3131 1524 ἐπέμπετο
3162 1455 3255 1508 καὶ
3290 1455 3368 1517 είς
3420 1453 3693 1524 βάρϐαρον
3727 1452 3925 1523 χώραν,

2287 1552 2383 1605 καὶ
2410 1551 2542 1622 πρὸς
2566 1550 2845 1621 τύραννον,
2873 1549 2967 1602 καὶ
3000 1549 3337 1621 μαινόμενον,
3360 1551 3454 1603 καὶ
3466 1549 3737 1603 λυττῶντα
3754 1543 3928 1614 ὀὗτος

2288 1646 2345 1700 δὲ
2374 1646 2508 1718 πρὸς
2538 1648 2665 1711 τοὺς
2708 1647 2958 1710 οἰκείους,
2994 1646 3087 1701 καὶ
3124 1645 3381 1709 πολλάκις
3407 1646 3722 1717 ἀκηκοότας,
3753 1645 3847 1698 καὶ
3877 1645 3930 1699 ἐν

2292 1742 2467 1813 πολλῷ
2492 1742 2875 1807 παιδευθέντας
2914 1743 3114 1814 χρόνῳ⁸
3150 1742 3242 1797 καὶ
3270 1742 3331 1795 οὑ
3360 1742 3459 1812 τῆς
3498 1742 3665 1812 αὐτῆς
3696 1741 3929 1813 ἀνδρείας

2289 1834 2360 1910 ἦν
2383 1839 2444 1893 τὸ
2472 1840 2773 1895 ὑπακοῦσαι
2803 1841 2919 1892 ἐκεῖ
2948 1856 3007 1891 τε
3040 1839 3132 1893 καὶ
3174 1837 3422 1892 ἐνταῦθα.
3454 1838 3610 1902 Τινὲς
3642 1838 3697 1892 δέ
3739 1855 3896 1908 φασιν
3916 1876 3927 1891 .

2292 1934 2372 1987 δτι
2400 1936 2494 1989 καὶ
2524 1936 2707 2007 ἕτερόν
2731 1954 2783 1989 τι
2825 1934 2972 2005 αύτῷ
2995 1935 3094 2006 τὴν
3132 1934 3437 2006 προθυμίαν
3473 1934 3691 2005 ἐποίησε
3716 1932 3927 2004 ταύτην.

2306 2031 2518 2101 Ἐπειδὴ
2540 2031 2647 2103 γάρ
2664 2032 2801 2103 ὑπέρ
2817 2049 2876 2085 τε
2903 2030 3094 2086 ἐαυτοῦ
3114 2030 3203 2085 καὶ
3224 2030 3315 2083 τοῦ
3332 2028 3461 2083 λαοῦ
3478 2028 3931 2099 ἐξωμολογήσατο,

2293 2125 2387 2178 καὶ
2415 2126 2481 2179 τά
2519 2127 2764 2197 Σεραφὶμ
2792 2120 2930 2179 εἶδεν
2949 2124 3333 2187 ἀποσταλέντα,
3352 2124 3446 2177 καὶ
3466 2122 3838 2194 ἐκκαθάραντα
3854 2122 3934 2176 αύο

2293 2222 2385 2275 τοῦ
2400 2221 2465 2274 τά
2476 2221 2647 2292 χείλη,
2662 2221 3057 2291 προσδοκήσας,
3069 2220 3148 2274 δτι
3166 2220 3259 2273 καὶ
3273 2219 3351 2289 τῷ
3366 2218 3477 2289 λαῷ
3491 2216 3661 2272 ταῦτα
3679 2218 3937 2288 συμϐήσε-

2294 2334 2402 2381 ται,
2430 2318 2522 2370 καὶ
2538 2317 2707 2370 ταῦτα
2749 2315 3103 2370 ἀπελεύσεται
3131 2313 3501 2382 ἀπαγγέλλων,
3530 2312 3819 2383 προθύμως
3843 2314 3939 2383 ἧρ-

2296 2428 2436 2465 πασε
2456 2412 2514 2464 τδ
2544 2410 2962 2480 λεχθέν.’Ὢσπερ
2985 2409 3090 2483 γάρ
3115 2406 3227 2480 [Ἠ]
3246 2405 3384 2479 ἦσαν
3413 2407 3667 2477 φιλόθεοι,
3686 2406 3827 2461 οὕτω
3852 2409 3939 2460 καὶ

2298 2507 2635 2578 φιλόστοργοι
2670 2507 2902 2577 μάλιστα
2926 2505 3134 2561 πάντων
3156 2502 3458 2576 ἀνθρώπων
3484 2508 3533 2558 οί
3569 2505 3729 2573 ἀγιοι.
3771 2503 3940 2558 Ἐλπί-

2300 2618 2398 2665 σας
2424 2597 2515 2655 οὖν
2541 2602 2691 2654 λύσιν
2705 2602 2826 2654 τινὰ
2849 2600 2955 2654 τῶν
2971 2598 3149 2653 κάκῶν
3164 2600 3512 2668 ἀπαγγελεῖν,
3528 2600 3834 2670 ἐπεπήδησε
3846 2615 3937 2651 τα-

2298 2696 2455 2766 χέως,
2479 2696 2571 2750 καί
2592 2712 2754 2765 φησιν
2771 2711 2783 2724 ·
2812 2694 2955 2749 Ἰδοὺ
2976 2693 3234 2764 Malm.
3249 2696 3716 2764 ἀπόστειλόνμε.
3737 2695 3940 2756 Ἄλλως

2297 2791 2351 2843 δὲ
2367 2790 2458 2843 καὶ
2474 2790 2647 2862 ψυχὴν
2664 2790 2865 2862 σφόδρα
2881 2790 3012 2860 πρὸς
3028 2788 3300 2852 κινδύνους
3317 2790 3794 2860 παρατεταγμένην
3808 2784 3936 2858 εἶχεο

2298 2886 2392 2940 καὶ
2409 2887 2562 2956 δῆλον
2595 2886 2757 2940 αὐτοῦ
2780 2885 2933 2939 τοῦτο
2945 2884 3007 2939 τδ
3026 2880 3155 2956 ἦθος
3174 2883 3261 2938 διά
3279 2885 3459 2956 πάσης
3484 2885 3581 2956 τῆς
3606 2885 3936 2958 προφητείας

2301 2981 2464 3035 ἐστίν.
2496 2982 2647 3034 Ἐπεὶ
2666 2975 2757 3034 οὖν
2772 2980 3036 3050 ὑπέσχετο
3065 2978 3473 3046 ἀπελεύσεσθαι,
3505 2980 3599 3033 καὶ
3634 2980 3731 3034 οὐκ
3748 2980 3942 3051 ἐτόλμα

2301 3076 2484 3129 λοιπον
2516 3075 2825 3139 ἀνανεῦσαι,
2856 3075 2973 3127 τότε
2997 3073 3180 3128 ἀκούει
3211 3075 3277 3128 τά
3302 3074 3533 3145 λυπηρά.
3573 3075 3680 3129 Kal
3708 3074 3817 3146 γάρ
3850 3076 3943 3129 καὶ

2301 3175 2330 3226 6
2349 3172 2479 3235 Θεὸς
2497 3172 2655 3225 αὑτὸν
2681 3170 2859 3240 σοφῶς
2891 3170 3274 3241 μετεχείρισεν.
3298 3172 3371 3225 Ού
3397 3171 3504 3242 γὰρ
3525 3171 3584 3235 ἐξ
3612 3172 3781 3243 ἀρχῆς
3804 3168 3943 3237 εἷπε,

2304 3268 2599 3338 Πορεύθητι
2618 3307 2631 3330 ,
2659 3268 2751 3321 καὶ
2789 3267 2909 3319 είπέ
2928 3282 2943 3298 ο
2975 3265 3107 3320 ἀλλά
3145 3266 3405 3337 πρότερον
3436 3266 3704 3337 μετέωρον
3725 3268 3947 3337 ποιήσας

2302 3362 2364 3415 τὸ
2409 3363 2703 3432 ἐπίταγμα,
2754 3363 2848 3414 καὶ
2885 3361 3076 3430 ἄδηλον
3127 3362 3225 3429 τῆς
3256 3362 3554 3432 ἀποστολῆς
3600 3361 3691 3414 τὸν
3727 3362 3944 3432 τρόπον.

2316 3458 2530 3527 Ἐπειδὴ
2550 3455 2578 3493 ι)
2601 3457 2795 3528 ρᾳδίως
2824 3457 3116 3527 ὑπήκουσε,
3136 3456 3281 3524 λέγει
3304 3456 3371 3509 τά
3395 3455 3807 3527 καταληψόμενα
3826 3458 3949 3519 τοὺς

2318 3551 2599 3615 Ἰουδαίους
2637 3551 2802 3606 κακά.
2834 3550 2967 3603 Τίνα
3005 3550 3062 3603 δέ
3094 3550 3262 3603 ταῦτα
3293 3546 3389 3621 ὴν;
3421 3551 3761 3617 Πορεύθητι,
3792 3550 3945 3619 φησὶ,

2308 3646 2406 3700 καὶ
2439 3647 2568 3700 εἰπὲ
2589 3646 2669 3712 τῷ
2694 3645 2820 3711 ,ιαῷ
2846 3647 3032 3712 τούτῳ
3055 3662 3068 3677 ο
3113 3643 3292 3713 Ἀκοῇ
3324 3644 3629 3707 ἀκούσετε,
3659 3644 3758 3698 καί
3776 3646 3847 3699 οὐ
3864 3644 3947 3713 μὴ

2307 3741 2556 3810 συνῆτε·
2584 3741 2682 3794 καί
2709 3741 3046 3805 βλέποντες
3066 3737 3349 3808 βλέψετε,
3398 3739 3497 3792 καὶ
3538 3741 3609 3793 οὐ
3652 3738 3736 3809 μὴ
3766 3741 3944 3808 ἴδητε.

2321 3837 2653 3905 Ἐπαχὺνθη
2689 3835 2797 3903 γάρ
2834 3837 2870 3903 ἡ
2895 3835 3105 3901 καρδία
3124 3833 3228 3888 τοῦ
3264 3833 3415 3889 ,1αοῦ
3448 3834 3681 3897 τούτου,
3711 3835 3808 3889 καί
3830 3834 3953 3901 τοῖς

2306 3930 2457 3984 ὠσὶν
2497 3927 2695 3984 αὐτῶν
2716 3928 2949 3996 ,βαρέως
2990 3924 3285 3996 ἥκουσαν,
3313 3928 3573 3995 καὶτοὺς
3611 3930 3953 3998 ὀφθαλμοὺς

2309 4024 2506 4079 αὐτῶν
2546 4023 2924 4092 ἐκάμμυσαν,
2952 4025 3184 4092 μήποτε
3219 4023 3388 4077 ιδωσι
3437 4024 3561 4091 τοῖς
3606 4025 3953 4095 ὀφθαλμοῖς,

2312 4120 2410 4172 καί
2434 4120 2557 4184 τοῖς
2584 4119 2734 4172 ὠσίν
2753 4118 3080 4182 ἀκούσωσι,
3102 4118 3198 4170 καὶ
3226 4115 3300 4186 τῇ
3325 4117 3536 4187 καρδίᾳ
3567 4119 3819 4186 συνῶσι,
3855 4120 3953 4174 καί

2312 4214 2735 4282 ἐπιστρέψωσι,
2765 4212 2864 4265 καί
2891 4212 3138 4281 ίάσωμαι
3160 4213 3398 4277 αὐτούς.
3430 4213 3613 4266 Ταῦτα
3637 4214 3753 4267 ούδέ
3779 4216 3955 4285 ἐρμηι-

2313 4309 2461 4370 νείας
2494 4304 2646 4377 οἶμαι
2681 4306 2907 4371 δεῖσθαι,
2942 4306 3051 4359 τῶν
3082 4306 3323 4377 ἀκριϐῶς
3368 4306 3537 4360 ταῦτα
3560 4308 3954 4379 ἐπισταμένων,

2314 4403 2686 4475 προλαϐόντων
2704 4402 2795 4454 καὶ
2830 4401 3248 4471 ἐξηγησαμένων
3286 4401 3443 4466 αύτά,
3491 4400 3732 4455 Ἰωάννου
3774 4419 3835 4455 τε
3861 4401 3954 4455 τοῦ

2330 4500 2445 4554 υίοῦ
2476 4502 2571 4571 τῆς
2603 4500 2850 4571 βροντῆς,
2881 4501 2975 4552 καὶ
3003 4499 3216 4552 Παύλου
3241 4501 3334 4553 τοῦ
3371 4499 3437 4553 τά
3459 4500 3660 4554 παλαιά
3684 4501 3773 4554 καὶ⁵
3798 4501 3959 4555 καινά

2321 4597 2455 4666 μετά
2481 4595 2765 4665 ἀκριϐείας
2784 4593 3000 4657 εἰδότος.
3016 4593 3075 4647 Ὀ
3091 4594 3301 4665 μὲνγὰρ
3317 4595 3373 4647 ἐν
3392 4597 3457 4665 τῇ
3483 4595 3664 4665 Ῥώμῃ
3685 4595 3817 4664 πρὸς
3834 4596 3959 4658 τοὺς

2320 4689 2665 4752 συνελθόντας
2698 4689 2814 4757 μὲν,
2849 4689 3299 4758 άποπηδήσαντας
3316 4688 3393 4752 δὲ,
3430 4689 3520 4742 καὶ
3542 4689 3638 4741 οὐκ
3663 4688 3961 4757 ἀνασχομέ-

2319 4802 2440 4847 νους
2465 4784 2573 4837 τῶν
2600 4782 2923 4852 λεγομένων,
2958 4783 3277 4855 δημηγορῶν
3306 4783 3473 4851 ἐλεγε’
3502 4782 3707 4848 Καλῶς
3740 4782 3871 4836 εἴτε
3893 4783 3959 4837 τὸ

2320 4878 2559 4945 Πνεῦμα
2578 4877 2642 4930 τὸ
2664 4876 2849 4945 ἅγιον*
2881 4874 3049 4944 Ἀκοῇ
3072 4878 3382 4940 ἀκούσετε.
3404 4878 3501 4932 καί
3519 4880 3588 4933 οὐ
3603 4877 3686 4947 μὴ
3710 4877 3959 4945 συνῆτε.

2332 4975 2390 5025 '0
2420 4973 2475 5025 δὲ
2496 4973 2591 5041 τῆς
2620 4970 2844 5041 βροντῆς
2888 4971 3019 5037 υίὸς,
3047 4974 3231 5042 ἐπειδὴ
3261 4972 3507 5042 θαύματα
3532 4970 3730 5041 ἐώρων,
3747 4974 3841 5025 καὶ
3865 4973 3965 5025 οὐκ

2324 5068 2622 5131 ἐπίστευον,
2650 5066 2740 5118 καὶ
2771 5064 3053 5135 δογμάτων
3086 5067 3297 5136 ήκουον,
3336 5066 3429 5119 καὶ
3454 5065 3514 5117 ού
3540 5068 3823 5134 προσεῖχον
3847 5068 3965 5135 (ἀν-

2326 5164 2519 5231 έστησε
2558 5162 2665 5230 γάρ
2698 5158 2946 5231 Λάζαρον
2983 5160 3012 5212 6
3044 5160 3296 5232 Χριστὸς,
3329 5159 3420 5212 καὶ
3450 5158 3657 5212 ἀνελεῖν
3689 5157 3851 5213 αὐτὸν
3878 5160 3971 5212 ἐπρ-

2347 5389 2378 5455 '_
2394 5392 2422 5420 ⁸
2438 5387 2589 5448 Χωρὶς
2610 5388 2661 5455 δὲ
2682 5387 2879 5455 τούτων.
2908 5389 3025 5438 Haec
3045 5391 3114 5437 sic
3136 5390 3370 5455 cqnverlil
3389 5389 3677 5438 Tilmannus
3697 5385 3971 5455 :_Ba:_cepm

2328 5447 2456 5497 hisce
2474 5447 2745 5509 nugacibus.
2770 5450 3034 5509 Perperam
3056 5452 3251 5498 omnino
3276 5464 3285 5496 :
3324 5463 3449 5507 nam,
3475 5456 3529 5497 ut
3555 5461 3617 5496 ex
3640 5448 3768 5495 serie
3795 5448 3969 5506 liquet,

2329 5509 2636 5571 vertendum}
2659 5510 2845 5558 Prwler
2868 5509 2969 5560 haec
2989 5517 3146 5561 autem
3166 5523 3185 5571 ;
3220 5509 3445 5559 nimirum
3478 5509 3607 5558 aliud
3629 5513 3970 5570 argumentum

2330 5569 2719 5633 prgaqueplibus
2738 5572 2915 5633 adjicit.

2392 5625 2420 5666 δ
2444 5629 2530 5677 Hic
2550 5629 2671 5695 fotle
2694 5625 2956 5693 legéndum
2971 5632 3127 5690 ἐπειδὴ
3151 5633 3219 5695 δέ,
3246 5631 3321 5682 vel
3342 5632 3503 5693 potius
3526 5635 3634 5692 post
3650 5627 3818 5691 τρόπον
3836 5637 3972 5677 com-

2336 5705 2412 5742 ma
2431 5692 2724 5753 ponendum.
