4130 6312
167 408 223 463 73

156 506 358 577 positum,
407 500 662 556 virtutem
710 496 1113 559 ministrantem,
1156 490 1292 561 quod
1333 489 1575 545 admotus
1595 486 1674 588 sit

155 597 233 659 ori,
259 592 382 662 quod
408 590 474 644 ad
505 589 866 659 purgationem
895 593 1259 652 peccatorum:
1284 595 1380 681 nos
1400 588 1575 681 autem
1596 590 1675 681 me

156 687 276 741 terim
301 682 526 737 historiae
566 680 843 739 hzeremus,
875 691 935 729 ac
959 674 1200 738 dicimus,
1229 672 1377 739 cujus
1404 672 1477 723 rei
1516 679 1673 721 causa

157 775 235 828 hoc
256 773 433 827 factum
454 769 545 826 sit.
574 767 855 823 Mittendus
882 774 965 818 est
1000 762 1064 816 ad
1093 761 1337 830 p0pulum
1380 756 1671 822 Iudaicum,

157 863 369 920 terribilia
396 859 639 931 qutcdam
667 868 720 915 et
756 854 1081 913 intoleranda
1111 851 1533 906 annuntiaturus.
1559 848 1676 903 Mit-

154 961 302 1007 tuntur
317 965 439 1021 ergo
455 948 753 1019 Seraphim,
775 956 827 1001 ut
846 960 969 1000 eum
986 945 1174 997 timore
1187 941 1343 996 simul
1359 949 1412 994 et
1431 938 1674 1008 loquendi

155 1041 305 1096 ﬁducia
322 1039 591 1108 impleant.
610 1038 686 1092 Ac
702 1052 767 1093 ne
780 1035 1053 1104 obiiceret,
1080 1030 1517 1102 quemadmodum
1534 1030 1678 1099 Moy-

151 1146 237 1197 ses,
261 1145 312 1185 se
336 1130 531 1185 exilem
555 1143 737 1183 vocem
761 1125 957 1180 habere
979 1122 1171 1194 (Emd.
1198 1123 1250 1176 4.
1284 1121 1395 1192 10),
1417 1128 1554 1176 etut
1584 1119 1678 1175 Je-

153 1221 329 1285 retnias,
354 1233 411 1273 se
427 1219 692 1287 juniorem
718 1228 836 1270 esse
858 1211 989 1283 (Jer.
1016 1213 1068 1265 1.
1092 1209 1169 1280 6),
1199 1211 1275 1264 sic
1290 1219 1343 1264 et
1369 1210 1553 1279 ipsese
1580 1208 1679 1263 im-

151 1310 310 1365 munda
333 1309 473 1362 labia
496 1306 686 1361 habere
711 1345 728 1370 ,
756 1318 860 1358 non
882 1316 1036 1371 posse
1070 1301 1225 1355 dictis
1247 1301 1566 1365 ministrare,
1586 1314 1679 1354 ve-

151 1400 273 1453 niunt
288 1397 559 1464 Serapbim
576 1403 633 1448 ut
650 1401 939 1462 expurgem
952 1390 1065 1458 ejus
1081 1397 1313 1459 peccata,
1343 1404 1447 1443 non
1469 1388 1677 1458 propria

152 1488 311 1541 virtute
337 1488 461 1555 (hoc
486 1486 625 1540 enim
651 1492 735 1538 est
762 1482 931 1537 solum
959 1481 1149 1545 Patris,
1189 1488 1243 1533 et
1268 1478 1404 1541 Filii,
1441 1487 1495 1532 et
1517 1478 1681 1546 Spiri-

152 1585 221 1631 tus
234 1576 431 1645 sancti),
457 1575 553 1630 sed
589 1573 761 1644 jussu,
803 1581 858 1630 st
899 1570 1205 1625 admotione
1231 1568 1535 1623 carbonum.
1565 1568 1679 1624 Non

149 1666 265 1719 enim
284 1666 425 1731 dixit,
464 1665 603 1719 Ecce
628 1664 863 1718 auferam
888 1674 1007 1730 ego,
1041 1658 1157 1723 sed,
1187 1657 1318 1713 Ecce
1356 1661 1451 1712 hoc
1489 1662 1682 1729 auferet

150 1756 399 1825 iniquitates
426 1763 561 1820 tuas,
589 1762 636 1807 st
663 1761 864 1821 peccata
892 1760 980 1803 tua
1004 1749 1254 1819 purgabit,
1287 1758 1502 1819 propter
1532 1764 1683 1803 man-

149 1845 299 1898 datum
326 1844 600 1898 mittentis.
621 1842 731 1899 Cur
742 1850 919 1896 autem
944 1840 1144 1910 forcipe
1163 1839 1437 1910 Serapbim
1464 1855 1684 1911 accepe-

151 1943 251 1987 runt
273 1933 587 1988 carbonem?
627 1933 807 2004 Neque
843 1932 982 1989 enim
1024 1934 1333 2004 incorporea
1371 1935 1538 1989 virtus
1567 1950 1683 1989 car-

150 2021 340 2077 bonibus
365 2023 444 2077 uri
474 2030 696 2092 poterat.
719 2022 826 2078 Cur
844 2022 957 2078 htec
980 2023 1114 2077 facta
1139 2023 1298 2078 sunt?
1322 2023 1425 2079 Per
1438 2039 1680 2094 magnam

148 2108 514 2179 indulgentiam.
545 2110 772 2181 ideoque
797 2127 864 2167 ex
913 2112 1065 2167 altari
1113 2113 1322 2181 accipit,
1367 2113 1457 2168 ubi
1494 2113 1682 2169 homine

148 2198 465 2255 ell'erebantur
479 2201 914 2271 expiationesque
936 2209 1289 2270 peccatorum.
1311 2200 1461 2269 Quod
1476 2206 1520 2257 sl
1536 2202 1685 2259 dixe-

146 2294 233 2343 ris:
259 2291 527 2357 Quomodo
552 2307 613 2346 os
654 2291 925 2361 propheta:
966 2307 1071 2346 non
1099 2291 1345 2347 adustum
1386 2294 1501 2347 est?
1525 2292 1684 2350 Certe

148 2381 245 2447 quia
275 2380 322 2435 id
345 2381 483 2451 quod
510 2382 801 2451 apparebat
818 2398 923 2437 non
941 2391 1057 2437 erat
1082 2382 1218 2453 ignis
1235 2384 1528 2448 sensibilis;
1550 2386 1683 2441 alias

145 2484 269 2533 vero,
291 2485 408 2525 cum
428 2472 699 2541 quidpiam
726 2471 863 2528 Deus
888 2482 1158 2542 operatur,
1184 2488 1253 2529 ne
1270 2475 1483 2530 curiose
1509 2476 1682 2546 inqui-

145 2571 216 2611 ras
236 2559 308 2612 vel
333 2562 604 2615 scruteris.

201 2648 248 2701 5.
275 2646 477 2702 Etenim
509 2648 703 2705 ardens
728 2659 782 2705 et
805 2651 1069 2707 sensibilis
1096 2652 1231 2723 ignis
1252 2656 1562 2725 corporibus
1585 2657 1681 2711 ad-

144 2745 320 2803 motus,
348 2755 407 2792 ea
437 2756 546 2794 non
582 2741 756 2797 ell’ecit
782 2759 900 2813 qua:
933 2754 1237 2814 competunt
1266 2748 1371 2815 igni
1398 2748 1494 2818 (a).
1528 2750 1682 2814 Quod

140 2822 177 2877 si
206 2826 279 2879 ubi
318 2837 585 2880 sarmenta
609 2868 625 2893 ,
658 2838 714 2883 et
747 2831 832 2899 pix
854 2870 869 2894 ,
912 2832 1123 2886 flamma
1154 2836 1384 2902 propria:
1410 2836 1573 2890 oblita
1598 2847 1683 2892 est

141 2922 314 2968 natura:
336 2956 350 2980 ,
379 2916 505 2985 quid
539 2917 816 2977 miraris.si
848 2935 986 2974 nunc
1014 2919 1066 2975 in
1097 2930 1202 2975 tam
1232 2925 1491 2992 stupenda
1514 2942 1639 2982 casn
1660 2967 1677 2994 ,

140 3000 209 3057 hic
233 3004 354 3073 ignis
381 3007 719 3075 purgaverit,
749 3022 847 3062 nec
873 3007 1171 3064 adusserit?
1198 3011 1250 3067 8.
1292 3012 1356 3066 Et
1401 3016 1566 3068 audivi
1591 3032 1681 3070 oo-

137 3108 221 3144 catt
244 3094 438 3148 Domini
465 3096 678 3150 dicentis
703 3112 721 3149 :
748 3097 904 3161 Quem
931 3100 1141 3165 mittam,
1172 3110 1218 3154 et
1246 3103 1355 3170 quis
1382 3102 1467 3155 ibit
1491 3104 1562 3157 ad
1588 3121 1680 3175 po-

137 3185 283 3249 pulum
303 3186 471 3239 hunc?
497 3186 681 3241 Viden‘
704 3197 954 3256 quantum
983 3190 1233 3258 profuerit
1253 3192 1404 3259 visio,
1430 3204 1674 3262 quantam

133 3285 223 3325 rem
247 3276 524 3344 perfecerit
550 3277 745 3332 timor?
772 3278 917 3334 Licet
950 3281 1049 3335 sub
1086 3281 1265 3352 Moyse
1297 3285 1562 3354 quidpiam
1599 3288 1674 3341 si-

133 3362 235 3415 mile
250 3374 448 3432 gestum
472 3366 583 3420 sit:
606 3368 707 3422 etsi
728 3369 867 3422 enim
890 3368 1164 3439 Seraphin)
1188 3386 1290 3427 non
1314 3376 1672 3444 apparuerint,

130 3465 210 3505 nec
234 3454 360 3510 Deus
394 3456 450 3510 in
478 3458 617 3512 solio
657 3457 881 3523 sedens;
917 3469 1148 3515 attamen
1182 3463 1321 3518 aliud
1360 3467 1675 3535 stupendum

129 3545 457 3607 spectaculum
486 3556 616 3602 tunc
637 3550 908 3619 propheta:
932 3550 1224 3608 exhibitum
1246 3565 1346 3618 est,
1372 3565 1675 3629 tantumque

127 3640 172 3683 tit
188 3648 326 3689 nemo
349 3636 401 3690 in
428 3636 565 3692 illud
588 3638 855 3708 respicere
880 3644 1065 3710 possit.
1090 3643 1262 3699 Bubus
1282 3648 1423 3701 enim
1445 3649 1670 3719 ardebat,

127 3720 295 3791 inquit,
333 3737 383 3780 et
423 3743 532 3781 non
568 3730 945 3786 comburebatur
974 3732 1176 3804 (Exod.
1218 3738 1270 3792 5.
1300 3736 1392 3806 2).
1422 3741 1671 3798 Attamen

124 3812 252 3867 etiam
278 3825 394 3883 post
430 3818 527 3872 illa
548 3857 564 3882 ,
591 3828 645 3873 et
669 3830 792 3889 post
826 3823 1045 3877 multam
1082 3824 1175 3879 Dei
1215 3826 1669 3899 adhortationem,

124 3902 374 3960 reluctatur
396 3915 581 3964 tamen
610 3909 818 3981 Moyses
842 3912 935 3968 ille
963 3929 1205 3983 magnus,
1231 3918 1580 3988 causiﬁcatur,
1604 3938 1671 3978 ac

121 4002 362 4051 sescentas
386 4000 663 4070 excogth
694 4003 971 4058 recusandi
998 4019 1183 4061 causas
1209 4008 1427 4063 dicens:
1454 4011 1667 4068 Gracilis

122 4084 226 4135 cocis
246 4102 370 4154 sunt,
398 4100 447 4143 et
477 4091 655 4161 lingua
682 4095 856 4148 tardus
883 4093 1078 4162 (Exod.
1106 4097 1158 4151 ι.
1192 4098 1277 4153 10.
1306 4100 1393 4169 1⁸5)
1418 4117 1432 4167 ;
1460 4111 1532 4169 et,
1562 4103 1666 4157 De-

120 4171 262 4241 ligets
283 4179 470 4248 alium,
500 4198 651 4250 quem
677 4184 844 4239 mittas
872 4184 1007 4257 (Jer.
1038 4189 1089 4242 1.
1116 4189 1224 4260 16).
1252 4190 1509 4247 Jeremias
1536 4210 1663 4249 vero

119 4272 291 4321 mutem
320 4278 567 4325 teneram
594 4272 854 4328 obtendit.
900 4276 1143 4333 Ezechiel
1178 4287 1353 4335 autem
1385 4292 1660 4353 postquam

115 4348 260 4415 jussus
291 4354 504 4425 fuerat,
536 4371 741 4428 septem
780 4361 965 4419 diebus
993 4366 1131 4420 circa
1160 4367 1354 4421 ﬂumen
1385 4348 1659 4439 versatur,

118 4441 347 4500 reluctans
368 4459 425 4501 et
453 4449 838 4517 tergiversaris.
867 4451 992 4508 Ideo
1019 4456 1319 4523 parabolam
1356 4459 1497 4512 illam
1524 4460 1662 4515 Deus

117 4527 277 4596 adjecit
296 4534 480 4591 dicens
508 4554 524 4591 :
561 4536 938 4607 Speculatores):
960 4550 1009 4595 te
1030 4543 1147 4596 dedi
1168 4545 1340 4600 domui
1364 4545 1562 4614 Israel;
1582 4561 1656 4613 et,

115 4618 311 4676 Asinam
346 4642 528 4680 eorm
567 4627 631 4681 ds
662 4644 815 4682 tnaust
839 4639 928 4683 tua
954 4633 1204 4700 requiram
1231 4634 1449 4706 (Ezech.
1483 4639 1535 4692 ὅ.
1567 4641 1653 4693 17.

115 4706 204 4777 18).
228 4711 381 4769 Jonas
407 4724 598 4770 autem
626 4732 732 4772 non
757 4720 917 4774 modo
942 4723 1225 4789 recusavit,
1255 4725 1350 4780 sed
1376 4728 1533 4782 etiam
1562 4745 1657 4783 au-

113 4798 231 4868 iugit.
268 4804 400 4869 Quid
446 4807 655 4876 igitur?
696 4809 1013 4866 andaciorne
1049 4814 1294 4871 omnibus
1329 4816 1423 4872 fuit
1458 4819 1651 4887 Isaias,

1371 376 1437 433 IN
1474 371 1718 441 ISAIAM,
1756 370 1906 428 CAP.
1947 368 2034 427 Vl.
3250 393 3319 445 74

1778 481 1977 539 Idcirco
2005 482 2145 539 enim
2170 480 2372 553 impura
2397 494 2515 536 esse
2539 479 2675 535 labia
2701 494 2794 535 sua
2819 478 3045 547 dicebat,
3067 478 3205 550 quod
3232 493 3334 534 nou

1776 571 2018 628 libertate
2055 572 2302 641 loquendi
2327 585 2452 627 usus
2475 580 2639 627 esset.
2663 571 2732 625 At
2758 586 2850 626 eos
2877 572 2965 641 qui
3006 571 3127 624 talia
3155 570 3340 625 dicunt

1777 662 1916 717 ferre
1952 676 2054 717 non
2094 662 2291 731 possim
2321 678 2336 716 :
2369 676 2489 716 nam
2516 661 2619 717 fide
2643 661 2850 731 dignior
2879 662 2983 716 illis
3007 671 3088 717 est
3112 660 3338 724 Paulus,

1777 753 1866 822 qui
1906 753 2157 807 audacem
2198 752 2342 806 illum
2377 761 2526 807 vocat
2560 760 2615 807 et
2650 752 2724 805 ait
2746 792 2762 818 ,
2794 753 2958 805 Isaias
2981 766 3093 805 vero
3117 750 3267 805 audet
3295 759 3342 803 et

1778 842 1898 895 dicit
1922 842 2094 912 (Rom.
2119 844 2206 898 10.
2231 842 2346 913 20).
2375 842 2497 898 ldeo
2522 844 2679 913 igitur
2699 858 2803 897 non
2827 858 2891 898 ex
2916 844 3182 898 communi
3204 844 3341 912 lege,

1780 940 1838 985 ut
1876 932 2058 997 aiunt,
2098 941 2321 988 mortem
2363 933 2531 999 obiit,
2558 934 2651 991 sed
2690 933 3058 1003 gravissimum
3097 931 3348 988 sustinuit

1778 1021 2089 1091 supplicium
2118 1022 2191 1093 (a)
2214 1064 2229 1089 ,
2268 1022 2465 1077 Judteis
2502 1023 2615 1092 ejus
2640 1024 2887 1094 loquendi
2917 1024 3209 1078 libertatem
3241 1038 3345 1079 non

1779 1109 2087 1165 ferentibus.
2119 1113 2321 1169 Prmter
2345 1112 2460 1167 haec
2482 1122 2658 1169 autem
2692 1113 2960 1185 Scriptura
2984 1130 3241 1185 nusquam
3259 1114 3348 1167 .di-

1779 1200 1884 1264 cit,
1914 1200 2082 1269 ipsum
2111 1212 2422 1270 prtesentem
2441 1201 2647 1267 'fuisse,
2674 1211 2729 1258 et
2764 1214 3077 1273 praesentem
3106 1204 3347 1266 siluisse,

1779 1288 1990 1357 quando
2016 1289 2169 1345 Ozias
2208 1292 2294 1346 illa
2329 1294 2646 1348 attentavit:
2675 1293 2769 1347 sed
2806 1294 2893 1362 qui
2922 1294 3036 1350 hmo
3072 1293 3352 1364 proferunt

1781 1395 1846 1433 ex
1874 1382 2063 1451 seipsis
2092 1384 2212 1438 talia
2242 1385 2550 1454 conjiciunt.
2589 1385 2724 1453 Quid
2764 1401 2890 1456 ergo
2918 1386 3199 1442 dicendum
3225 1385 3350 1443 est?

1781 1469 1896 1524 Non
1924 1486 2043 1526 esse
2080 1487 2259 1541 parem
2288 1473 2483 1546 Moysis
2507 1484 2560 1531 et
2592 1475 2747 1546 hujus
2775 1476 3055 1533 rationem.
3087 1476 3179 1532 llle
3206 1478 3348 1533 enim

1783 1557 1834 1611 in
1862 1559 2089 1614 alienam
2115 1570 2170 1616 et
2206 1563 2481 1620 barbaram
2509 1575 2702 1621 terram
2735 1568 3065 1632 mittebatur,
3093 1578 3145 1624 et
3173 1567 3237 1622 ad
3266 1575 3350 1638 ty—

1783 1664 2008 1704 rannum
2050 1650 2341 1723 furentem,
2382 1656 2840 1729 insanientemque
2868 1674 2930 1715 ac
2956 1658 3235 1726 rabidum;
3267 1659 3353 1714 hic

1783 1755 1912 1796 vero
1936 1742 2000 1796 ad
2030 1759 2187 1808 suos,
2214 1747 2301 1816 qui
2330 1761 2389 1803 se
2413 1763 2554 1818 stupe
2580 1750 2887 1817 audierant,
2914 1751 3186 1822 multoque
3216 1761 3352 1807 tem-

1784 1845 1912 1898 pore
1938 1833 2158 1889 instituti
2186 1834 2394 1891 fuerant
2423 1855 2436 1891 :
2466 1855 2636 1909 neque
2661 1842 2800 1910 paris
2824 1852 2938 1896 erat
2960 1843 3273 1897 constantia:
3300 1844 3351 1896 in

1785 1920 1877 1976 illo
1898 1930 1954 1976 et
1976 1923 2026 1977 in
2053 1923 2154 1979 hoc
2173 1940 2296 1980 casu
2317 1928 2554 1999 obsequi.
2582 1931 2802 1997 Quidam
2831 1947 2990 2002 porro
3010 1933 3191 1988 dicunt
3210 1931 3352 1987 aliud

1781 2011 2048 2080 quidpiam
2081 2022 2279 2070 tantam
2305 2017 2379 2072 illi
2408 2019 2661 2076 indidisse
2683 2021 3027 2077 alacritatem.
3050 2023 3181 2090 Quia
3211 2023 3351 2077 enim

1784 2116 1881 2170 pro
1908 2118 1965 2158 se
1991 2113 2046 2158 ct
2073 2108 2268 2177 populo
2305 2111 2579 2167 confessus
2615 2123 2763 2179 erat,
2794 2125 2847 2170 et
2876 2115 3154 2187 Seraphim
3193 2116 3258 2172 ad
3296 2132 3357 2173 se

1784 2195 1921 2248 mitti
1950 2196 2174 2263 viderat,
2202 2215 2320 2269 quae
2349 2202 2484 2257 labia
2511 2218 2603 2259 sua
2631 2215 3005 2277 expurgarent,
3028 2223 3149 2263 cum
3175 2223 3357 2279 spora-

1784 2292 1865 2336 ret
1900 2285 2085 2341 eadem
2126 2288 2238 2358 ipsa
2278 2293 2474 2362 populo
2496 2304 2748 2351 eventura
2778 2312 2898 2353 esse
2920 2340 2934 2366 ,
2961 2313 3123 2371 seque
3148 2299 3214 2355 ad
3243 2300 3358 2357 haec

1782 2376 2140 2432 annuntianda
2186 2380 2449 2439 abiturum
2492 2400 2645 2454 esse,
2694 2388 2939 2447 alacriter
2981 2391 3175 2447 dictum
3225 2393 3356 2448 illud

1782 2466 2038 2533 rapuisse.
2068 2468 2245 2525 Sancti
2266 2472 2407 2528 enim
2433 2484 2492 2530 ut
2529 2476 2624 2532 Dei
2660 2492 2899 2535 amantes
2927 2491 3110 2545 erant,
3141 2484 3209 2538 ita
3238 2485 3356 2553 plus

1781 2568 1938 2621 quam
1977 2559 2064 2612 alii
2106 2575 2294 2618 omnes
2338 2562 2583 2622 homines
2623 2571 2875 2639 populum
2916 2574 3181 2629 amabant.
3221 2574 3351 2630 Cum

1782 2656 2022 2712 speraret
2049 2647 2206 2717 igitur
2232 2665 2292 2708 se
2320 2655 2581 2710 malorum
2607 2659 2890 2725 quamdam
2916 2662 3234 2721 solutionem
3255 2681 3355 2721 an-

1784 2737 2147 2793 nuntiatttrum
2175 2756 2314 2806 esse,
2328 2744 2435 2798 cito
2461 2746 2697 2813 insilivit,
2726 2758 2777 2803 et
2801 2751 2873 2805 ait
2901 2769 2915 2807 :
2943 2750 3077 2809 Ecce
3099 2771 3191 2826 ego
3218 2773 3352 2822 sum,

1782 2824 1921 2877 mitte
1954 2840 2049 2879 me.
2090 2827 2238 2884 Alias
2274 2845 2401 2887 vero
2436 2835 2667 2891 animam
2706 2838 2772 2892 ad
2813 2842 3043 2909 pericula
3081 2824 3356 2904 subeunda

1781 2912 1932 2969 valde
1974 2931 2291 2986 propensam
2340 2920 2566 2979 habebat
2614 2944 2625 2979 :
2669 2928 2944 3000 ipsumque
2992 2933 3061 2987 ita
3108 2935 3355 2993 allectum

1781 3002 1942 3060 fuisse
1980 3023 2077 3077 per
2117 3018 2282 3066 totam
2318 3014 2435 3083 ejus
2470 3020 2798 3088 prophetiam
2834 3023 3153 3082 declaratur.
3196 3028 3355 3087 Post-

1779 3111 1933 3167 quam
1963 3117 2090 3171 ergo
2118 3106 2434 3173 promi5erat
2460 3124 2518 3164 se
2545 3112 2829 3181 abiturum,
2858 3130 2977 3171 cum
3006 3133 3108 3174 non
3132 3120 3353 3177 auderet

1777 3190 1913 3245 ultra
1942 3192 2194 3259 abnuere,
2222 3205 2345 3253 tunc
2370 3200 2536 3255 tristia
2562 3205 2778 3259 audivit.
2806 3205 3076 3277 Siquidem
3106 3210 3244 3266 Deus
3267 3227 3353 3266 sa-

1776 3281 1975 3348 gaciter
1997 3299 2116 3337 cum
2139 3286 2229 3340 illo
2254 3303 2365 3343 rem
2388 3294 2650 3348 tractavit.
2674 3294 2853 3365 Neque
2874 3299 3015 3353 enim
3038 3315 3068 3354 a
3094 3302 3350 3372 principio

1775 3369 1909 3423 dixit
1939 3388 1953 3424 :
1983 3371 2127 3428 Vade
2149 3415 2164 3441 ,
2196 3384 2250 3430 et
2275 3377 2395 3444 dic;
2423 3380 2517 3434 sed
2558 3383 2700 3451 prius
2729 3386 3027 3443 mandatum
3060 3369 3112 3445 in
3138 3369 3349 3449 sublimi

1776 3468 1995 3526 tenens,
2024 3464 2291 3531 missionis
2320 3469 2533 3525 modum
2559 3474 2823 3530 occultum
2863 3478 3063 3535 habuit.
3094 3481 3223 3537 Cum
3251 3500 3349 3539 au-

1778 3559 1882 3606 tem
1910 3553 1997 3608 ille
2022 3553 2177 3611 facile
2204 3559 2487 3627 paruisset,
2515 3572 2641 3619 tunc
2665 3566 2798 3620 mala
2823 3583 2939 3638 quae
2963 3569 3173 3627 Judteos
3198 3572 3350 3629 iuva.

1773 3658 1895 3698 sura
1925 3654 2075 3699 erant
2097 3646 2247 3703 dixit.
2276 3649 2525 3717 Quanam
2556 3669 2715 3723 porro
2740 3655 2853 3712 haec
2878 3662 3070 3715 erant?
3096 3663 3148 3719 9.
3188 3663 3345 3733 Vade,

1774 3731 1973 3801 inquit,
2001 3744 2047 3787 et
2075 3737 2158 3789 dic
2186 3739 2373 3807 papula
2398 3742 2512 3795 huic
2538 3758 2556 3795 :
2581 3744 2772 3798 Auditu
2799 3749 3041 3815 audietis,
3067 3763 3112 3806 et
3140 3769 3239 3807 non
3268 3731 3347 3807 in;

1774 3823 2033 3892 telligetis,
2060 3836 2107 3877 et
2138 3827 2353 3884 videntes
2389 3830 2648 3901 videbitis,
2677 3845 2722 3890 et
2758 3854 2858 3892 non
2897 3843 3222 3912 perspiciatis.
3257 3847 3344 3902 10.

1772 3908 2114 3968 lncrassatum
2140 3918 2274 3970 enim
2297 3929 2369 3973 est
2396 3937 2485 3974 cor
2507 3923 2684 3993 populi
2708 3926 2860 3997 hujus
2877 3908 2903 3994 ,ί
2927 3940 2973 3984 et
3005 3908 3209 3990 auribus
3240 3938 3345 3991 suis

1768 4002 1983 4069 graviter
2006 4004 2290 4071 audierunt,
2318 4018 2364 4061 et
2386 4012 2556 4065 oculos
2578 4029 2695 4067 suos
2722 4016 3089 4089 clauserunt,ue
3112 4024 3243 4091 forte
3265 4026 3341 4078 vi-

1766 4091 1918 4143 deant
1942 4092 2124 4161 oculis,
2153 4105 2198 4147 et
2232 4098 2434 4150 auribus
2462 4101 2692 4165 audiant,
2724 4113 2770 4156 et
2791 4106 2941 4159 corde
2966 4108 3267 4179 intelligant,
3296 4124 3344 4168 et

1766 4192 2149 4250 conuertantur,
2178 4193 2223 4237 et
2259 4202 2429 4241 sanem
2468 4205 2569 4242 eos.
2606 4190 2731 4247 Haec
2768 4194 3207 4267 interpretatione
3234 4221 3339 4259 non

1765 4282 1898 4337 opus
1925 4270 2119 4326 habere
2145 4282 2289 4341 puto.
2316 4290 2433 4329 cum
2461 4277 2493 4331 ii
2516 4279 2604 4348 qui
2631 4279 2747 4337 haec
2772 4285 2935 4353 probe
2953 4289 3210 4355 sciebant,
3227 4292 3338 4361 jam

1764 4362 1890 4415 olim
1920 4378 1982 4417 ea
2016 4374 2261 4423 accurate
2298 4369 2625 4440 interpretati
2664 4375 2807 4440 sint;
2836 4376 3067 4436 Joannes
3094 4382 3341 4442 videlicet

1766 4454 1979 4509 tonitrui
2008 4456 2166 4521 ﬁlius,
2192 4470 2245 4513 et
2271 4460 2484 4530 Paulus,
2515 4464 2606 4538 qui
2636 4474 2687 4520 et
2716 4476 2893 4523 vetera
2918 4481 2973 4525 et
2998 4488 3133 4529 nova
3162 4480 3339 4547 appri—

1763 4562 1849 4601 me
1873 4560 2111 4603 noverat.
2137 4551 2232 4607 llic
2252 4554 2393 4608 enim
2422 4555 2605 4612 Roma:
2630 4559 2695 4614 iis
2715 4561 3057 4631 concionans,
3081 4568 3170 4637 qui
3194 4582 3338 4639 post-

1760 4651 1917 4704 quam
1957 4650 2318 4708 accesserant,
2346 4645 2646 4700 resilierant
2670 4657 2727 4702 et
2752 4648 2889 4704 dicta
2924 4666 3020 4708 sua
3058 4670 3162 4711 non
3195 4658 3333 4715 fere-

1761 4726 1904 4792 bant,
1928 4728 2101 4783 aiebat
2120 4746 2133 4781 :
2151 4730 2287 4785 Bene
2303 4733 2428 4786 dixit
2450 4734 2672 4802 Spiritus
2690 4748 2893 4793 sanctus
2910 4756 2930 4794 :
2948 4743 3082 4797 Aure
3097 4748 3332 4815 audietis,

1757 4826 1805 4868 et
1830 4834 1929 4871 non
1956 4819 2240 4888 intelligetis
2270 4821 2289 4889 (
2306 4822 2414 4874 Act.
2445 4822 2535 4877 ΞΒ.
2566 4823 2655 4879 25.
2684 4826 2812 4897 26).
2842 4828 3005 4886 Filius
3035 4848 3162 4890 vero
3190 4840 3332 4891 toni-

113 4890 334 4962 tttatnque
364 4910 572 4966 magno
604 4896 697 4951 illo
724 4898 946 4969 Moyse?
972 4901 1102 4968 Quis
1144 4905 1258 4960 haec
1292 4906 1523 4965 dixerit?
1547 4912 1656 4966 Cur
1758 4909 1883 4974 trui,
1906 4924 2026 4963 cum
2052 4910 2301 4965 miracula
2326 4912 2583 4980 viderent,
2614 4932 2712 4973 nec
2735 4920 3032 4989 crederent,
3057 4924 3301 4996 dogmata
3318 4961 3331 4971 -

112 4993 209 5049 ergo
230 4984 310 5043 ille
328 4990 518 5055 jussus
544 4989 924 5058 reluctabatur,
949 4993 1034 5049 hic
1055 5009 1183 5050 vero
1209 5011 1313 5051 non
1340 5012 1522 5068 aperte
1540 5004 1655 5070 jus-
1754 5015 1859 5069 que
1877 5000 2139 5067 audirent,
2166 5017 2263 5058 nec
2282 5005 2611 5064 attenderem
2632 5008 2893 5079 (Christus
2913 5015 3053 5070 enim
3072 4984 3324 5076 Lazaruttt

111 5081 205 5134 tus,
232 5075 461 5132 insiliens
502 5089 708 5148 prasle
744 5079 877 5136 fuit?
899 5081 1081 5153 Neque
1106 5085 1247 5140 enim
1271 5086 1428 5153 dixit,
1461 5090 1606 5147 Vade
1634 5111 1649 5149 :

110 5160 179 5211 50d
205 5162 301 5219 Deo
325 5168 544 5224 dicente
570 5209 588 5233 ,
617 5169 775 5233 Quem
798 5172 1035 5227 mittam?
1054 5174 1260 5244 jussum
1288 5177 1376 5234 ille
1402 5180 1649 5252 abripuit.

110 5249 292 5308 Quidam
317 5270 463 5313 certe
481 5260 694 5326 dicunt,
720 5276 863 5330 eum,
889 5265 1009 5333 quia
1036 5280 1361 5338 peccaverat,
1384 5249 1650 5341 quodnon

109 5344 496 5407 reprehendisset
532 5350 755 5419 Oxiam,
787 5355 875 5424 qui
919 5357 971 5411 in
1011 5359 1167 5429 adyta
1206 5377 1264 5416 se
1302 5364 1652 5423 intromittere

110 5442 235 5488 Iustis
257 5449 351 5503 est,
380 5452 438 5493 ut
464 5441 536 5495 de
567 5442 663 5496 illo
691 5455 907 5513 peccato
936 5463 1054 5503 sese
1080 5462 1322 5521 purgaret
1349 5470 1441 5531 per
1465 5458 1649 5512 alacri-

109 5525 233 5577 tatem
254 5527 599 5597 obedientiae,
627 5532 802 5588 statim
826 5536 1089 5605 insiliisse,
1119 5549 1175 5595 ut
1207 5528 1367 5597 Deum
1396 5548 1644 5615 placaret.

111 5652 340 5765 αξξ-υἷες
358 5669 595 5724 spectant
619 5662 679 5713 ad
702 5670 804 5715 tres
823 5678 1002 5729 pueros
1020 5674 1073 5719 et
1088 5670 1146 5721 ad
1168 5671 1406 5725 fornacem
1430 5680 1553 5737 ignis
1570 5692 1647 5727 ar-

1818 5194 1902 5271 (a)
1923 5195 2158 5271 Veterum
2182 5204 2369 5271 Patrum
2390 5204 2549 5271 opinio
2569 5210 2907 5271 sententiaque
2930 5210 3016 5263 fuit
3038 5213 3204 5265 Isaiam
3230 5225 3323 5268 tta.

1752 5261 1906 5304 nassis
1927 5264 2145 5330 tempor_e
2183 5268 2369 5309 sectum
2391 5261 2557 5313 fuisse.
2580 5267 2630 5315 ω
2654 5270 2719 5317 ait
2740 5261 3027 5323 Athanasius
3038 5261 3321 5330 lit—iidem;

1767 5320 2228 5402 earnaiiginte,_1“9'rtt.
2251 5330 2305 5402 ll,
2337 5344 2382 5402 ρ.
2407 5332 2555 5402 ϐβηΒ
2592 5331 2752 5402 ε-Οὐᾷξ
2770 5339 2849 5402 ,ᾡς
2881 5320 3321 5402 ᾟὰξιῖᾇᾶἆτξῶ-ὀῆέ

1766 5388 1816 5429 el
1836 5396 1886 5457 ρ.
1914 5384 1989 5442 78,
2017 5385 2050 5434 c
2073 5384 2556 5471 ἰ]ξησοιίςιιέέπρίάθῃΔ
2572 5396 2809 5471 causam
2828 5384 3323 5471 "9o.._;i..i"§§).;6sj;g.’

1763 5445 2043 5514 upéuaomt.
2073 5445 2417 5516 Hieronymus
2443 5445 3039 5528 vero'in'Qutestiopibus
3070 5445 3321 5532 Hebraicis

1765 5503 1823 5572 ad
1858 5504 1937 5571 tib.
1974 5506 2251 5572 Paralip._c.
2277 5513 2371 5560 ὅδε
2403 5514 2622 5564 Tradunt
2650 5516 2868 5572 Hebraei,
2897 5521 3078 5570 tdCﬂ'CO
3109 5533 3320 5572 ocatsum

1765 5518 1823 5550 aa
1858 5518 1937 5551 nn.
1974 5518 2182 5569 raranp.
2209 5523 2251 5558 c.
2277 5518 2336 5559 53
2361 5527 2371 5560 :
2403 5518 2622 5564 Tradunt
2650 5518 2868 5576 Hebraei,
2897 5518 3078 5570 idcirco
3109 5521 3319 5572 occisum

1766 5562 2049 5640 {suiamheo
2072 5570 2197 5640 quod
2224 5585 2310 5640 eos
2321 5573 2640 5640 appellaverit
2661 5577 2900 5640 principes
2932 5582 3249 5631 Sodomorum
3272 5589 3319 5632 et

1762 5625 2070 5701 corners/tte:
2084 5625 2137 5701 Ἰζ
2144 5629 2181 5679 is
2194 5631 2338 5701 _addi_
2354 5625 2542 5701 possent
2569 5625 2895 5701 ᾼιιριιεςὲἷὶηῖδῖ⁷
2908 5625 3250 5701 insultabis;
3273 5625 3320 5693 et

1760 5685 2161 5767 (initaqti‘br‘iude
2188 5685 2440 5757 Prophetis
2472 5685 2604 5757 apud
2628 5685 3317 5767 Epiphaniam,"dliiﬁe‘ned

1761 5743 1862 5793 haec
1885 5746 1999 5797 satis
2021 5756 2175 5801 sunto.
