4130 6312
153 361 220 417 75
1494 342 1561 401 IN
1598 339 1817 400 [smn

1919 343 2026 398 AP.
2064 344 2153 401 Vl.
3502 374 3574 430 76

154 461 419 533 εχείρουν·
454 463 717 535 δαίμονας
746 463 962 533 ἧλαυνε,
988 461 1079 516 καὶ
1102 460 1436 531 δαιμονῶντα
1462 459 1705 513 ἐκάλουν·
1739 454 1818 526 τῷ

155 557 330 627 Πατρὶ
358 560 630 629 προσῆγε,
657 558 750 611 καὶ
780 557 978 611 πλάνον
1003 556 1299 626 ὠνόμαζον,
1323 554 1416 608 καὶ
1446 554 1543 616 τὰς
1572 549 1815 613 ἐναντίας

154 652 402 722 ἐδέχοντο
429 648 631 725 δόξας),
664 653 987 725 μνημονεύει
1009 651 1108 722 τῆς
1140 650 1474 721 προφητείας
1497 647 1698 718 ταύτης
1725 644 1816 697 λέ-

155 763 289 813 γων·
340 749 553 813 Καλῶς
588 745 758 802 εἷπεν
805 749 1049 814 Ἡσαΐας
1092 750 1125 801 ό
1156 745 1481 815 προφήτης,
1517 744 1606 797 ὅτι
1651 739 1820 811 Ἁκοῇ

152 847 473 912 ἀκούσετε,
505 848 602 903 καί
629 850 702 902 οὐ
721 848 807 917 μὴ
838 847 1065 917 συνῆτε
1082 865 1095 879 ·
1120 846 1219 901 καί
1242 845 1576 909 ,βλέποντες
1593 841 1818 910 βλέψε·’

154 964 238 1011 τε,
275 947 374 1000 καί
406 948 481 1001 οὐ
504 948 589 1016 μὴ
624 948 801 1017 ἴδητε.

226 1050 307 1108 ς’.
333 1044 555 1115 Ἐπειδὴ
570 1044 678 1115 γὰρ
694 1045 760 1098 τὰ
775 1044 918 1098 ἔνδον
936 1046 1158 1115 ὄμματα
1175 1043 1271 1114 τῆς
1288 1041 1520 1104 διανοίας
1532 1040 1819 1111 πεπήρων-

155 1155 234 1203 το,
271 1139 426 1192 οὐδὲν
468 1140 658 1208 ὄφελος
685 1135 754 1211 ἦν
792 1139 972 1203 αὐτοῖς
1006 1140 1114 1194 τῶν
1147 1140 1343 1205 ἔξωθεν
1378 1135 1688 1208 ὀφθαλμῶν,
1722 1134 1818 1190 τοῦ

156 1234 449 1304 κριτηρίου
476 1235 573 1303 τῆς
604 1235 839 1297 διανοίας
860 1235 1269 1307 διεφθαρμένου.
1300 1234 1400 1288 Διά
1426 1231 1581 1288 τοῦτο
1607 1232 1820 1303 βλέπον-

155 1346 247 1391 τες
273 1330 374 1383 οὐκ
406 1330 652 1395 ἔϐλεπον,
686 1332 778 1385 καί
800 1330 1085 1395 ἀκούοντες
1116 1332 1214 1386 οὐκ
1250 1332 1464 1401 ἤκουον’
1496 1329 1589 1382 καί
1611 1327 1709 1399 τήν
1738 1328 1821 1381 αἰ-

155 1426 280 1481 τίαν
311 1427 688 1497 προστίθησιν,
713 1428 793 1481 δτι
824 1428 942 1497 οὐχί
962 1427 1031 1481 τὰ
1057 1427 1379 1499 αἰσθητήρια
1402 1422 1469 1497 ἦν
1490 1423 1821 1495 διεφθαρμέ-

154 1536 243 1585 να,
280 1520 401 1573 οὐδέ
429 1523 462 1590 ή
499 1520 658 1589 φύσις
690 1521 1056 1592 λελωϐημένῃ,
1092 1521 1226 1576 ἀλλὰ
1266 1523 1300 1593 ή
1338 1520 1533 1592 καρδία
1562 1536 1821 1592 πεπηρω-

161 1617 318 1685 μ-ένη.
384 1618 717 1685 Ἐπαχύνθη
752 1617 863 1687 γὰρ
898 1619 937 1686 ἡ
991 1619 1201 1685 καρδία
1244 1618 1350 1672 τοῦ
1394 1617 1547 1672 λαοῦ
1584 1617 1817 1682 τούτου,

158 1706 313 1775 φησί·
352 1706 525 1777 πάχος
562 1707 617 1759 δὲ
648 1707 881 1770 διανοίας
917 1708 1122 1776 γίνεται
1158 1707 1265 1762 ἀπό
1294 1725 1353 1761 τε
1389 1706 1818 1778 ἁμαρτημάτων,

154 1801 265 1853 ἀπό
285 1818 343 1854 τε
366 1801 625 1872 βιωτικῆς
645 1802 958 1873 ἐπιθυμίας.
979 1804 1085 1857 Καὶ
1111 1804 1314 1876 ταύτην
1339 1803 1698 1876 ἐξηγούμενος
1721 1802 1818 1874 τήν

156 1898 446 1969 παχύτητα
469 1901 498 1951 ὁ
526 1898 735 1962 Παῦλος
761 1900 967 1969 ἐλεγεν⁶
998 1903 1119 1955 Οὐκ
1145 1900 1455 1970 ἠδυνήθην
1472 1900 1613 1970 ὑμῖν
1635 1899 1821 1971 λαλῆ-

154 2020 261 2059 σαι
304 2006 387 2072 ὡς
432 2008 877 2076 πνευματικοῖςο
928 2009 1093 2063 οὔπω
1146 2009 1255 2079 γὰρ
1304 2009 1628 2077 ἠδύνασθε,
1678 2011 1817 2064 ἀλλ’

156 2105 283 2159 οὐδ’
307 2108 397 2160 ἐτι
432 2106 716 2162 δύνασθε.
756 2107 865 2160 Καὶ
900 2107 997 2178 τὴν
1043 2107 1221 2161 αἰτίαν
1269 2107 1588 2179 προστίθησι
1624 2107 1816 2176 λέγων’

155 2202 345 2256 Ὅπου
374 2202 487 2270 τὰρ
521 2202 592 2254 ἐν
615 2202 758 2271 ὑμῖν
785 2202 938 2270 ἕρεις
972 2204 1070 2257 καὶ
1105 2202 1266 2272 ζῆλοι
1297 2205 1394 2259 καὶ
1418 2204 1815 2275 διχοστασίαι,

153 2298 289 2364 οὐχί
322 2300 601 2365 σαρκικοί
628 2300 807 2362 ὲστε;
848 2300 999 2352 Ἐπεὶ
1025 2296 1118 2354 οῦν
1165 2301 1402 2354 κάκεῖνοι
1441 2302 1618 2374 φθόνῳ
1643 2304 1820 2375 πολλῷ

157 2395 248 2447 καὶ
270 2394 545 2465 βασκανίᾳ
564 2396 872 2466 τηκόμενοι,
908 2397 1002 2449 καὶ
1025 2397 1229 2468 ἑτέροις
1260 2398 1473 2469 μυρίοις
1506 2399 1819 2470 πολιορκού-

154 2504 308 2555 μενοι
337 2490 557 2557 πάθεσι,
588 2491 731 2560 παχύ
764 2492 824 2544 τὸ
856 2492 1008 2562 δμμα
1036 2505 1062 2534 α
1093 2492 1191 2562 τῆς
1210 2493 1444 2558 διανοίας
1474 2496 1815 2565 εἰργάσαντο,

156 2586 368 2656 καθαρὰ
408 2586 625 2654 βλέπειν
667 2588 768 2640 οὐκ
818 2587 897 2641 ἔτι
938 2587 1120 2640 λοιπὸν
1172 2588 1449 2657 ἠδύναντο.
1499 2589 1588 2642 Διὸ
1628 2590 1819 2663 ἐτέρας

156 2681 282 2753 περὶ
324 2680 433 2735 τῶν
492 2680 607 2754 [71]
657 2683 947 2753 ὁρωμένων
1003 2684 1156 2748 δόξας
1202 2684 1526 2755 ἐλάμϐανον,
1580 2686 1674 2741 καὶ
1718 2687 1818 2751 τὰς

157 2775 423 2840 ἐναντίας.
456 2776 641 2830 Ταῦτα
678 2773 769 2831 οῦν
801 2778 936 2847 μετά
963 2779 1246 2849 ἀκριϐείας
1277 2780 1419 2851 όρῶν
1458 2783 1487 2835 ὁ
1514 2783 1815 2853 προφήτης,

156 2872 583 2943 προανεφώνησε
615 2874 709 2926 καὶ
738 2872 833 2926 τοῦ
865 2875 1168 2945 νοσήματος
1188 2875 1286 2947 τὴν
1311 2877 1506 2932 αἰτίαν.
1539 2878 1611 2931 Σὺ
1638 2877 1695 2930 δέ
1726 2895 1818 2948 μοι

159 2969 371 3029 σκόπει,
400 2969 477 3030 ὡς
514 2969 659 3023 δυοῖν
699 2970 1041 3041 προφητειῶν
1077 2970 1272 3040 οὐσῶν,
1304 2972 1401 3042 τὴν
1433 2972 1533 3043 μὲν
1560 2974 1817 3046 περὶτῆς

166 3064 493 3134 Ἐκκλησίας
516 3064 609 3117 καὶ
636 3065 743 3119 τῶν
770 3066 867 3136 τῆς
891 3068 1211 3139 οἰκουμένης
1237 3068 1454 3137 ἀγαθῶν
1478 3070 1545 3123 τὰ
1570 3070 1817 3144 Σεραφὶμ

157 3161 405 3224 ἐδέξαντο
451 3162 699 3227 λέγοντα·
742 3161 951 3230 Ἄγιος,
992 3162 1174 3230 ἅγιος,
1222 3162 1406 3229 ἅγιος,
1450 3166 1665 3232 Κύριος
1701 3169 1816 3220 Σα-

156 3254 328 3316 ϐαὼθ,
365 3252 605 3321 πλήρης
634 3253 803 3308 πᾶσα
833 3256 871 3323 ἠ
900 3254 975 3323 γῆ
1024 3254 1135 3324 τῆς
1174 3256 1357 3324 δόξης
1387 3259 1592 3312 αὐτοῦ’
1622 3258 1721 3330 τὴν
1761 3260 1817 3315 δὲ

155 3345 282 3415 περί
308 3345 408 3414 τῆς
440 3345 693 3410 ἁλώσεως
719 3347 811 3399 καὶ
834 3346 941 3401 τῶν
965 3348 1244 3417 τιμωριῶν
1266 3348 1375 3402 τῶν
1408 3350 1711 3405 Ἰουδαϊκῶν
1741 3352 1818 3423 τῷ

157 3442 416 3513 προφήτῃ
449 3440 788 3507 κατέλειπον,
819 3442 906 3497 ἵνα
938 3442 1227 3497 κάντεῦθεν
1261 3446 1439 3518 μάθῃς
1464 3447 1563 3518 τῆς
1595 3446 1821 3520 Ἐκκλη-

158 3544 278 3609 σίας
331 3546 433 3618 τὴν
488 3548 780 3617 ὑπεροχήν.
830 3546 939 3601 Καὶ
984 3543 1156 3603 εἷπον
1178 3564 1193 3580 ·
1220 3550 1367 3615 Ἕως
1400 3552 1565 3615 πότε,
1608 3553 1817 3622 Κύριε;

164 3637 330 3712 ὐρᾷς
377 3642 454 3706 ὼς
490 3642 552 3696 οὐ
600 3643 777 3714 μάτην
817 3642 936 3697 ὸύδέ
974 3645 1094 3716 εἰκῆ
1133 3645 1541 3717 ἐστοχασάμεθα
1580 3647 1679 3719 τῆς
1717 3650 1819 3703 ὐπ-

156 3737 323 3805 ικοῆς
346 3737 439 3790 τοῦ
468 3740 748 3809 προφήτου
771 3739 867 3809 τῆς
897 3740 1032 3810 μετὰ
1054 3740 1252 3811 πολλῆς
1276 3742 1581 3813 προθυμίας
1604 3761 1821 3817 γεγενη-

160 3832 360 3903 μένης;
409 3834 627 3905 Ἐπειδὴ
673 3834 801 3900 γοῦν
826 3837 1083 3891 τάναντία
1117 3833 1192 3893 ὧν
1229 3841 1626 3912 προσεδόκησεν
1657 3845 1820 3916 ήκου-

158 3945 269 3995 cev,
294 3931 553 4001 ἐρημίαν,
588 3932 979 4003 πανωλεθρίαν,
1002 3934 1142 4001 ἀξιοῖ
1167 3936 1225 3989 τὸ
1254 3937 1383 4005 γοῦν
1406 3939 1603 4011 μέτρον
1628 3942 1818 4012 μαθεῖν

154 4026 256 4096 τῆς
303 4029 593 4099 τιμωρίας·
646 4029 765 4082 οὐδὲ
809 4032 915 4102 γάρ
959 4032 1159 4103 ἐτόλμα
1192 4035 1483 4107 ὁλοκλήρου
1514 4038 1613 4108 τῆς
1650 4040 1819 4109 ὀργῆς

155 4124 354 4187 αὐτοὺς
387 4125 714 4195 ἐξαρπάσαι,
751 4126 836 4180 διὰ
870 4127 931 4180 τὸ
963 4128 1298 4198 προλαϐόντα
1348 4130 1438 4185 τὸν
1477 4132 1607 4187 Θεὸν
1652 4134 1816 4199 δεῖξαι

153 4222 515 4290 ἀσύγγνωστα
544 4226 972 4295 ἁμαρτάνοντας.
1005 4227 1078 4279 Οὐ
1114 4226 1223 4297 γὰρ
1250 4230 1598 4300 συναρπαγῆς
1619 4226 1685 4301 ἦν
1722 4231 1817 4283 αὐ-

153 4316 264 4371 τῶν
294 4319 367 4371 τά
397 4321 743 4392 τολμήματα,
783 4323 901 4376 οὐδέ
930 4324 1152 4396 γνώμης
1188 4327 1649 4398 ἐτι-ηρεαζομένης,
1680 4328 1817 4383 ἀλλά

153 4426 334 4497 ψυχῆς
363 4427 521 4499 ἔργον
550 4429 878 4500 ποιουμένης
901 4430 997 4501 τὴν
1021 4434 1318 4505 παρακοήν,
1347 4436 1439 4488 καὶ
1466 4436 1698 4501 διανοίας
1729 4456 1816 4508 φι-

154 4522 418 4592 λονείκου,
450 4525 700 4595 καθάπερ
738 4528 803 4579 ἐκ
835 4528 1061 4599 μελέτης
1100 4529 1243 4593 τινὸς
1271 4532 1362 4585 καὶ
1402 4534 1655 4604 σπουδῆς,
1691 4535 1817 4590 ἀνθ-

156 4622 455 4691 ισταμένης
504 4625 617 4684 τοῖς
663 4622 769 4675 ὐπὸ
805 4624 898 4676 τοῦ
942 4624 1072 4677 Θεοῦ
1126 4628 1445 4697 γινομένοις.
1491 4629 1656 4683 Τοῦτο
1687 4630 1815 4698 γοῦν

152 4714 522 4783 αἰνιττόμενος
554 4718 725 4781 ἔλεγεο
761 4718 1002 4783 Μήποτε
1023 4720 1191 4771 ἴδωσι
1214 4721 1333 4785 τοῖς
1355 4723 1697 4788 ὀφθαλμοῖς,
1718 4724 1814 4777 καὶ

156 4809 225 4876 τῇ
269 4811 485 4876 καρδία
527 4810 781 4875 συνῶσι,
827 4813 923 4865 καί
967 4813 1387 4883 ἐπιστρέψίιπι,
1430 4817 1527 4868 καί
1564 4818 1815 4887 ίάσωμαι

152 4909 402 4973 αὐτούς.
442 4908 653 4961 Ὠσανεί
686 4907 978 4971 δεδοικότες
1012 4908 1141 4979 γὰρ,
1177 4911 1326 4980 φησι,
1365 4912 1573 4982 μήποτέ
1614 4930 1663 4967 τι
1707 4913 1814 4968 τῶν

151 5003 390 5056 δεόντων
432 5002 695 5071 μάθωσιν,
730 5002 872 5056 οὕτω
923 5006 1058 5075 μετά
1098 5006 1297 5077 πολλῆς
1326 5009 1423 5077 τῆς
1453 5010 1685 5080 σπουδῆς
1715 5010 1814 5082 τὴν

152 5100 398 5154 διάνοιαν
442 5100 618 5155 αὐτῶν
652 5101 963 5169 ἐπήρωσαν.
1004 5104 1152 5156 Ἐπεὶ
1193 5100 1286 5157 οῦν
1321 5105 1413 5157 καὶ
1449 5108 1480 5175 ή
1516 5108 1813 5178 κατηγορία

154 5197 462 5269 βαρυτάτη,
489 5198 581 5253 καὶ
616 5200 648 5268 ή
694 5200 928 5270 τιμωρία
959 5202 1343 5273 ἀπαραίτητος,
1379 5203 1513 5275 ὅπερ
1539 5202 1605 5267 ἦν
1638 5205 1815 5259 λειπόο

156 5314 347 5363 μενον,
398 5298 555 5351 τοῦτο
606 5298 762 5368 ζητεῖ
805 5298 1014 5368 μαθεῖν’
1054 5302 1166 5354 ἀλλ’
1197 5305 1253 5355 ἐν
1288 5304 1438 5370 τάξει
1470 5304 1561 5356 τοῦ
1603 5304 1811 5375 μαθεῖν,

152 5396 440 5466 ἱκετηρίαν
465 5398 691 5466 εἰσάγει.
730 5396 940 5469 Ἐπειδὴ
964 5398 1018 5452 δὲ
1040 5400 1158 5454 οὐδὲ
1187 5401 1325 5473 ὑπὲρ
1352 5403 1535 5456 τούτου
1568 5403 1813 5474 φανερῶς

212 5648 236 5676 ⁵
264 5646 507 5711 Βινίὶηρί
523 5646 652 5711 Reg:
796 5646 1070 5711 βασκανίας
1094 5648 1344 5711 τηκόμενοι
1380 5649 1563 5696 πάθεσι⁸
1588 5650 1714 5711 παχὺ
1759 5653 1815 5701 τὸ

150 5708 282 5766 ὄμμα
311 5728 319 5753 :
345 5708 537 5755 omissis
555 5708 847 5769 quibusdam
892 5708 940 5754 in
963 5709 1123 5755 medio
1148 5708 1333 5769 p03ilis.
1385 5708 1715 5761 Morelliandin
1738 5712 1813 5761 le-

150 5769 538 5838 ςιίροειῃίισρρι
566 5769 844 5838 Βενστίειιε,
866 5771 1110 5838 εξρτεεεῆι
1143 5772 1405 5833 interpres.

207 5828 238 5870 θ’
259 5830 317 5879 In
338 5830 508 5880 Βιίηῠε
532 5836 574 5880 οἰ
611 5828 1057 5894 ἐγκαταλειφθέντας.

1925 457 2196 514 ίκετεῦσαι
2227 461 2448 533 ἐτόλμα,
2469 464 2556 519 διά
2577 466 2732 521 τοῦτο
2765 470 3049 540 μαθήσεως
3082 476 3427 546 προσχήματι
3449 480 3582 551 ἐρώ-

1922 572 2082 625 τησιν
2124 560 2327 614 ἐπινοεῖ
2368 562 2558 630 λέγων·
2587 566 2740 632 Ἕως
2781 568 2946 629 πότε,
2988 571 3200 638 Κύριε;
3236 573 3345 627 Καί
3385 571 3575 629 εἶπεν·

1930 647 2081 715 Ἕως
2103 649 2181 704 ἂν
2206 651 2546 722 ἐρημωθῶσι
2562 658 2770 724 πόλεις
2794 661 2953 729 παρὰ
2974 661 3036 714 τὸ
3049 662 3135 731 μὴ
3157 665 3578 733 κατοικεῖσθαι,

1920 744 2021 797 καὶ
2060 738 2215 801 οἴκοι
2268 749 2427 817 παρὰ
2472 750 2539 805 τὸ
2579 751 2663 821 μὴ
2701 754 2853 809 εἶναι
2885 757 3250 827 ἀνθρώπους·
3296 761 3394 815 καί
3428 763 3466 830 ὴ
3505 764 3581 832 γῆ

1924 843 2457 913 καταλειφθήσεται
2492 849 2725 917 ἔρημος.
2757 851 2868 905 Καὶ
2893 854 3043 921 μετὰ
3073 856 3260 916 ταῦτα
3288 860 3583 929 μακρυνεῖ

1923 939 1957 991 ό
1999 939 2142 1006 Θεὸς
2203 941 2342 1008 τοὺς
2386 944 2753 1014 ἀνθρώπους,
2798 948 2897 1001 καί
2945 952 3473 1019 πληθυνθήσονται
3524 956 3579 1007 οἰ

1922 1037 2415 1104 καταλειφθέντες
2452 1039 2481 1079 ι
2526 1041 2626 1095 ἐπὶ
2667 1042 2777 1111 τῆς
2820 1044 2953 1112 γῆς,
2992 1045 3093 1099 καὶ
3132 1045 3219 1100 ἔτι
3254 1048 3348 1101 ἐπ’
3387 1047 3578 1117 αὐτῆς

1920 1130 2050 1184 ἐστι
2079 1131 2146 1185 τὸ
2188 1132 2558 1191 ἐπιδέκατον.
2588 1137 2699 1190 Καί
2734 1141 2919 1192 πάλιν
2950 1140 3120 1194 ἔσται
3155 1143 3241 1206 είς
3267 1145 3578 1213 προνομὴν

1919 1226 2001 1294 ώς
2024 1228 2367 1297 τερέϐινθος,
2397 1231 2495 1285 καί
2522 1232 2908 1301 ώςβάλανος,
2939 1236 3085 1291 ὅταν
3118 1237 3344 1306 ἐκπέσῃ
3374 1240 3441 1294 ἐκ
3465 1240 3578 1309 τῆς

1921 1321 2108 1391 θήκης
2126 1324 2332 1393 αὐτῆς.
2354 1325 2592 1396 Σπέρμα
2620 1327 2791 1398 ἅγιον
2818 1331 2884 1384 τὸ
2906 1330 3191 1401 στήλωμα
3220 1333 3426 1403 αὐτῆς.
3463 1336 3575 1406 Τὴν

1921 1423 2255 1490 προφητείαν
2279 1422 2586 1492 ἀπαρτίσας
2616 1424 2850 1497 ἐκείνην,
2875 1427 2968 1480 ἐπὶ
3005 1428 3102 1499 τὴν
3137 1431 3374 1501 ἰστορίαν
3413 1432 3576 1487 πάλιν

1920 1514 2101 1583 ἐξάγει
2139 1515 2230 1569 τὸν
2274 1515 2447 1584 λόγον,
2476 1518 2573 1588 τήν
2610 1535 2669 1572 τε
2710 1520 2910 1574 ἅλωσιν
2936 1521 3046 1578 τῶν
3073 1524 3202 1578 δέκα
3227 1526 3407 1594 φυλῶν
3445 1545 3577 1599 1:90-

1920 1613 2238 1682 αναφωνῶν,
2264 1616 2361 1685 τήν
2388 1631 2447 1666 τε
2470 1614 2557 1667 διὰ
2578 1615 2674 1687 τὴν
2706 1618 3080 1688 αἰχμαλωσίαν
3104 1622 3315 1693 ἐκείνην
3340 1623 3431 1677 ἐπὶ
3458 1627 3576 1689 ταῖς

1918 1707 2011 1760 δύο
2063 1707 2252 1777 φυλαῖς
2297 1710 2671 1782 μακροθυμίαν
2733 1716 3123 1786 γεγενημένηνο
3166 1714 3285 1771 εἶτα
3341 1719 3435 1772 καὶ
3477 1720 3577 1789 τὴν

1919 1803 2123 1857 τούτων
2166 1804 2345 1860 αὐτῶν
2386 1807 2705 1878 ἀπαγωγὴν,
2748 1809 2937 1882 ἐπειδὴ
2968 1811 3046 1875 εἰς
3074 1812 3224 1866 οὐδὲν
3253 1812 3370 1867 δέον
3408 1814 3575 1887 ἐχρή-

1923 1915 2082 1955 σαντο
2115 1903 2182 1972 τῇ
2220 1901 2587 1974 μακροθυμίᾳο
2619 1906 2712 1958 καὶ
2752 1907 2849 1977 τὴν
2892 1909 2955 1960 ἐκ
2994 1907 3085 1960 τοῦ
3119 1908 3369 1979 λειψάνου
3412 1912 3577 1966 πάλιν

1919 1996 2367 2070 ἀναφθησομένην
2400 2002 2581 2065 αὐτοῖς
2604 2002 2923 2073 εὐημερίαν.
2959 2006 3124 2060 Ὅταν
3150 2008 3248 2077 μὲν
3281 2008 3389 2082 γάρ
3417 2009 3574 2082 λέγῃ,

1920 2093 2074 2160 ’Ἕως
2099 2095 2176 2148 ἂν
2198 2094 2537 2163 ἐρημωθῶσι
2562 2099 2768 2166 πόλεις
2789 2101 2947 2169 παρὰ
2966 2102 3031 2155 τὸ
3049 2104 3135 2173 μὴ
3156 2106 3575 2171 κατοικεῖσθαι,

1919 2187 2027 2244 τῶν
2060 2189 2192 2243 δέκα
2238 2191 2418 2259 φυλῶν
2450 2192 2546 2263 τὴν
2576 2194 2948 2265 αἰχμαλωσίαν
2982 2199 3294 2254 αἰνίττεται.
3330 2201 3439 2255 Καὶ
3468 2204 3575 2275 γάρ

1919 2284 2037 2357 [75]
2086 2287 2255 2357 ἄρδην
2300 2289 2674 2360 ἠφανίσθησαν
2723 2290 2979 2357 ἅπαντες,
3038 2296 3132 2348 καὶ
3185 2296 3321 2364 μετά
3378 2298 3576 2367 πολλῆς

1916 2379 2018 2450 τῆς
2053 2381 2410 2452 σφοδρότητος
2437 2384 2771 2453 ἀνάρπαστοι
2802 2386 3100 2457 γενόμενοι,
3140 2390 3339 2455 πάντες
3368 2394 3448 2455 εἰς
3476 2395 3574 2465 τήν

1916 2473 2202 2545 ἀλλοτρίαν
2242 2476 2647 2547 ἀπηνέχθησαν,
2698 2479 2775 2543 ('0;
2825 2481 2918 2533 καὶ
2959 2481 3055 2545 τάς
3114 2484 3294 2549 πόλεις
3358 2486 3575 2551 ἁπάσας

1915 2568 2136 2624 ἐστάναι
2187 2570 2350 2634 κενὰς
2402 2567 2725 2643 ἀνθρώπιον,
2775 2578 2866 2629 καὶ
2909 2575 3005 2649 τὴν
3050 2579 3154 2651 γῆν
3204 2580 3408 2653 ἔρημον
3466 2585 3575 2638 τῶν

1917 2662 2359 2734 θεραπευσόντων
2395 2667 2565 2738 αὐτὴν
2602 2669 2681 2733 εἰς
2720 2670 2988 2739 ὠφέλειαν
3026 2674 3137 2729 τῶν
3182 2676 3577 2751 ὑπολειφθησο-

1918 2763 2114 2834 μένων.
2142 2766 2314 2821 Ὅταν
2353 2768 2452 2837 μὲν
2487 2764 2580 2823 οὖν
2614 2768 2770 2841 λέγῃ,
2799 2772 2952 2837 Ἕως
2991 2772 3331 2843 ἐρημωθῶσι
3366 2781 3577 2845 πόλεις

1916 2864 2076 2933 παρὰ
2098 2865 2165 2919 τὸ
2186 2866 2274 2935 μὴ
2312 2867 2732 2936 κατοικεῖσθαι,
2765 2871 2863 2924 καί
2895 2867 3045 2925 οἴκοι
3073 2873 3232 2942 παρὰ
3266 2875 3334 2928 τὸ
3374 2875 3458 2944 μὴ
3497 2874 3577 2931 εἷ-

1915 2977 2014 3015 ναι
2039 2962 2409 3030 ἀνθρώπους,
2430 2963 2550 3017 τότε
2578 2965 2723 3033 λέγει
2746 2967 2839 3019 καὶ
2862 2968 2960 3038 τὴν
2984 2968 3377 3038 αἰχμαλωσίαν.
3412 2974 3576 3027 Ὅταν

1915 3056 1973 3110 δὲ
2008 3056 2161 3128 λέγῃ,
2194 3059 2275 3111 ὅτι
2312 3060 2422 3113 Καὶ
2460 3060 2611 3128 μετὰ
2641 3061 2826 3115 ταῦτα
2847 3064 3139 3131 μακρυνεῐ
3183 3069 3217 3119 ό
3258 3067 3401 3133 Θεὸς
3434 3070 3576 3137 τοὺς

1916 3154 2282 3223 ἀνθρώπους,
2338 3155 2372 3227 ἢ
2434 3155 2532 3227 τὴν
2577 3157 2839 3228 ὁλοσχερῆ
2885 3160 3101 3213 πάντων
3146 3161 3450 3233 εὐπραγίαν
3488 3168 3577 3220 αἰ-

1915 3252 2171 3319 νίττεται,
2202 3253 2236 3323 ἢ
2284 3252 2381 3324 τὴν
2426 3252 2566 3324 μετά
2606 3253 2705 3325 τὴν
2743 3255 3045 3327 ἀπαγωγήν
3088 3259 3196 3311 τῶν
3229 3258 3361 3314 δέκα
3393 3260 3576 3330 φυλῶν

1915 3348 2211 3419 γενομένην
2248 3352 2367 3412 ταῖς
2404 3348 2496 3402 δύο
2540 3349 2732 3418 φυλαῖς
2766 3350 3084 3422 εὐημερίαν.
3150 3354 3577 3422 Ἀπαλλαγέντες

1915 3444 2025 3516 γὰρ
2052 3444 2146 3499 τοῦ
2176 3445 2498 3517 Σεναχειρίμ
2548 3446 2642 3500 καὶ
2674 3446 2767 3500 τοῦ
2813 3446 3144 3519 βαρϐαρικοῦ
3192 3453 3574 3522 στρατοπέδου,

1916 3545 2011 3599 καὶ
2050 3546 2152 3617 τῆς
2208 3546 2509 3618 παραδόξου
2563 3546 2718 3617 νίκης
2778 3547 3199 3615 ἀπολαύσαντες,
3245 3553 3325 3615 εἰς
3374 3553 3578 3623 πλῆθος

1915 3638 2077 3694 πάλιν
2118 3639 2397 3705 ἐπέδοσαν,
2442 3642 2534 3695 καὶ
2567 3642 2645 3705 εἰς
2693 3641 2807 3711 βίου
2851 3645 3043 3714 μῆκος,
3085 3644 3294 3709 οὐδενὸς
3340 3648 3576 3717 πολέμου

1916 3735 2265 3806 θορυϐοῦντος
2305 3736 2521 3801 αὐτούς.
2573 3736 2741 3793 Ὅταν
2771 3737 2828 3791 δέ
2867 3738 3016 3809 εἴπῃ,
3065 3739 3144 3793 ὅτι
3174 3743 3490 3810 Μακρυνεῖ,
3542 3745 3576 3815 ἢ

1913 3830 1975 3883 τὸ
2006 3829 2209 3900 πλῆθος
2236 3830 2345 3884 τῶν
2368 3831 2686 3902 ἀνθρώπων,
2738 3832 2770 3902 ἢ
2809 3832 2870 3886 τὸ
2901 3834 3072 3903 μῆκος
3100 3835 3207 3888 τῶν
3240 3837 3377 3892 ἐτῶν
3409 3842 3579 3895 αἰνίτ-

1914 3943 2084 3981 τεται.
2127 3927 2236 3981 Καὶ
2281 3926 2367 3981 ἴνα
2414 3926 2608 3999 μάθῃς,
2644 3926 2725 3980 ὅτι
2754 3927 2879 3999 περὶ
2913 3928 3018 3981 τῶν
3046 3928 3139 3982 δύο
3186 3932 3364 4000 φυλῶν
3406 3934 3580 3989 ταῦτά

1916 4042 2098 4097 φησιν,
2124 4025 2420 4096 ἐπήγαγεν,
2449 4025 2528 4079 ὅτι
2572 4026 2695 4078 Ἐπ’
2724 4024 2914 4095 αὐτῆς
2947 4027 3076 4080 ἐστι
3112 4028 3179 4082 τὸ
3203 4029 3574 4099 ἐπιδέκατον,

1915 4121 2230 4175 ἐπιδέκατον
2282 4120 2454 4189 λέγων
2521 4121 2582 4175 τὸ
2628 4121 2812 4176 ἐπάνω
2858 4123 2966 4177 τῶν
3011 4124 3159 4191 δέκα,
3215 4126 3275 4180 τδ
3320 4129 3577 4199 περισσὸν

1914 4217 2022 4273 τῶν
2056 4219 2205 4283 δέκα,
2237 4220 2371 4289 ὅπερ
2395 4216 2532 4292 ἦσαν
2565 4220 2619 4271 αἱ
2650 4218 2742 4273 δύο
2778 4220 2959 4289 φυλαί.
3008 4222 3190 4295 Ταύτῃ
3229 4225 3321 4277 καὶ
3365 4226 3575 4290 Παῦλος

1912 4318 1981 4387 τῇ
2010 4316 2149 4382 λέξει
2176 4317 2437 4387 κέχρηται
2472 4316 2664 4385 λέγων’
2715 4315 2945 4369 Ἐπιίνω
2964 4321 3380 4385 πεντακοσίοις
3398 4322 3577 4378 ἀδελ-

1913 4404 2079 4473 φοῖς·
2106 4404 2371 4470 τουτέστι,
2404 4403 2607 4455 πλείοσι
2640 4403 3027 4459 πεντακοσίων.
3062 4404 3173 4457 Καὶ
3200 4405 3385 4460 πάλιν
3404 4409 3575 4465 ἔσται

1913 4494 2000 4557 εἰς
2030 4490 2338 4559 προνομὴν
2374 4489 2453 4553 ὡς
2486 4486 2831 4554 τερέϐινθος.
2875 4488 2918 4539 Τ
2919 4489 3150 4552 ουτέστι,
3180 4492 3236 4544 αί
3269 4492 3360 4545 δύο
3386 4496 3568 4564 φυλαί.

1912 4587 2020 4640 Καὶ
2065 4587 2145 4650 ὡς
2176 4583 2470 4649 βάλανος,
2526 4582 2672 4637 ὅταν
2714 4583 2940 4653 ἐκπέσῃ
2977 4586 3087 4654 τῆς
3131 4586 3318 4658 θήκης
3357 4592 3564 4662 αὐτῆς.

1914 4686 2122 4755 ..Ωσπερ
2172 4684 2279 4755 γὰρ
2321 4681 2557 4754 ἀτερπὴς
2614 4684 2816 4747 ἐκεῖνος
2858 4687 2886 4737 ό
2942 4686 3149 4757 καρπὸς
3184 4689 3427 4743 ἐκπεσὼν
3473 4696 3572 4763 τῆς

1914 4783 2105 4852 θήκης,
2147 4780 2287 4833 οὕτω
2344 4780 2435 4832 καὶ
2479 4772 2622 4831 οὗτοι
2664 4779 3049 4849 καταγέλαστοι
3097 4782 3187 4835 καί
3227 4786 3573 4840 ἐπονείδιστοι

1914 4878 2145 4942 ἔσονται,
2178 4877 2276 4948 τῆς
2306 4877 2511 4941 πόλεως
2541 4877 2881 4941 ἐκπεσόντες,
2922 4879 3015 4933 καὶ
3052 4879 3151 4948 τῆς
3178 4880 3331 4952 δόξης
3360 4883 3572 4955 ἐκείνης

1914 4973 2284 5045 γυμνωθέντες
2300 4972 2795 5041 ἀπαντες.Σπέρμα
2810 4972 2979 5043 ἅγιον
2992 4974 3054 5027 τὸ
3068 4976 3567 5047 στήλωμααὺτῆς.

1915 5071 1989 5124 Οὐ
2025 5070 2132 5141 μὴν
2156 5069 2350 5125 ἀνίατα
2373 5070 2441 5123 τὰ
2470 5068 2614 5122 κακὰ
2643 5069 2815 5133 ἔσται,
2854 5069 3035 5139 φησὶν,
3066 5071 3185 5124 οὐδὲ
3220 5072 3567 5142 ἀτελεύτητα,

1914 5165 2048 5220 ἀλλά
2096 5167 2157 5220 τὸ
2211 5165 2428 5236 σπέρμα
2479 5164 2648 5233 αὐτῆς
2700 5166 2851 5233 άγιον
2890 5165 3059 5233 ἔσται,
3108 5167 3202 5222 καὶ
3261 5168 3568 5237 Στήλωμα,

1913 5261 2177 5327 τουτέστι,
2230 5260 2461 5330 βέϐαιον,
2508 5258 2773 5329 πεπηγὸς,
2820 5259 3092 5332 ἀκίνητον,
3153 5261 3415 5333 ἀναμένον
3470 5261 3567 5331 τὴν

1913 5359 2019 5412 τῶν
2068 5357 2403 5430 πραγμάτων
2436 5356 2751 5427 μεταϐολήν.
2806 5356 2915 5428 Τῆς
2970 5360 3070 5428 μὲν
3122 5359 3227 5428 γάρ
3270 5359 3567 5426 εὐπραγίας

1914 5452 2287 5520 ἐκπεσοῦνται,
2334 5452 2486 5506 αὐτοὶ
2528 5452 2585 5505 δέ
2627 5454 2687 5506 οὐ
2740 5453 3112 5524 πανωλεθρίαν
3157 5454 3567 5522 ὐποστήσονται,

1914 5550 2049 5605 ἀλλά
2075 5548 2294 5619 μενοῦσι
2330 5549 2423 5603 καί
2455 5550 2761 5617 στήσονται,
2805 5549 2909 5611 ἕως
2952 5547 3016 5601 ἀν
3053 5546 3363 5601 ἀπολάϐωσι
3404 5556 3427 5585 ο
3472 5548 3571 5620 την

1982 5837 2003 5864 °
2029 5833 2149 5895 Reg.
2188 5836 2239 5881 el
2259 5830 2405 5881 Savil.
2430 5829 2516 5883 ἕως
2542 5827 2837 5886 ἀπολάϐωσι,
2862 5825 3039 5873 omisso
3057 5817 3138 5877 ἄν.
