4156 6312
1426 374 1496 433 IN
1535 371 1596 428 IS
1607 362 1755 424 AIAM

1858 360 1972 418 IAP.
2016 359 2131 417 νιν.
3346 366 3417 423 78

168 422 457 571 Zn7anebunt
500 516 557 566 et
582 505 826 567 stabunt,
852 501 1020 557 donec
1056 493 1335 568 pristinum
1361 488 1485 542 vitae
1522 480 1732 537 institu-

169 615 281 660 tum
307 605 495 659 iterum
525 596 823 668 acceperint
841 633 856 659 ,
881 601 936 648 et
960 589 1026 645 ad
1065 586 1293 659 priscam
1322 576 1579 636 redierint
1606 586 1734 628 san-

168 692 498 749 ctitnoniam.

760 788 985 849 CAPUT
1020 787 1133 844 VII.

173 917 221 971 ι.
275 913 342 970 Et
373 916 561 986 factum
586 919 657 967 est
699 909 753 962 in
791 904 965 960 diebus
1016 902 1189 957 Actias
1241 898 1338 968 ﬁlii
1382 894 1611 951 lootltatt
1650 888 1745 960 ﬁlii

700 999 838 1054 om
863 995 994 1068 regis
1018 992 1177 1049 1m.

243 1137 296 1191 l.
339 1134 493 1190 Ratio
534 1130 924 1203 prophetimm.
968 1124 1258 1196 Prophetiw
1301 1119 1551 1191 quomodo
1597 1118 1748 1186 ﬁdem

176 1226 384 1282 adderet
404 1225 563 1280 Deus.
588 1251 659 1263 —
681 1221 739 1277 Id
763 1218 902 1291 quod
929 1231 1071 1287 s'epe
1092 1214 1223 1279 dixi,
1250 1214 1303 1268 id
1318 1220 1372 1267 ot
1393 1224 1532 1266 nunc
1549 1207 1744 1271 dicam,

176 1314 485 1388 prophetiae
503 1312 631 1368 olim
647 1324 755 1366 non
782 1308 903 1365 ideo
934 1307 1155 1362 emissas
1174 1303 1336 1358 fuisse
1362 1300 1556 1363 solum,
1583 1307 1637 1352 ut
1660 1297 1752 1353 lu-

175 1407 275 1462 (ιωὶ
290 1405 463 1461 futura
474 1403 759 1467 discerent,
777 1397 871 1455 sed
886 1405 943 1452 ut
956 1394 1153 1460 edocti,
1171 1395 1379 1449 lucrum
1391 1391 1511 1446 inde
1524 1389 1751 1459 percipe

177 1506 320 1560 rent,
335 1502 391 1550 et
406 1493 663 1548 minarum
682 1498 886 1544 terrore
909 1484 1347 1555 temperantiores
1364 1481 1572 1546 ﬁerent,
1588 1479 1755 1534 bono-

179 1600 403 1655 nnnque
432 1581 780 1654 promissione
806 1576 1152 1633 studiosiores
1186 1571 1497 1630 exercenda
1512 1569 1751 1625 virtutis:

181 1678 446 1746 utrimque
470 1674 734 1729 discentes
765 1680 821 1727 et
847 1669 940 1724 Dei
988 1666 1300 1737 potentiam,
1357 1672 1412 1720 et
1451 1662 1569 1733 ejus
1623 1676 1755 1733 erga

184 1766 303 1821 illos
326 1762 735 1834 providentiam.
770 1760 880 1815 ﬂac
896 1757 1036 1815 enim
1056 1755 1125 1812 de
1144 1770 1302 1812 causa
1328 1753 1443 1809 haec
1488 1750 1745 1823 praedice-

182 1853 393 1919 bantur,
420 1866 483 1907 ac
502 1866 568 1906 ne
613 1856 857 1919 putarent
882 1862 945 1904 ea
995 1861 1113 1917 qua;
1173 1843 1501 1908 accidebant,
1554 1851 1757 1897 temere

182 1954 237 2000 et
277 1958 409 2000 casu
448 1942 692 2013 qu0piam
744 1939 1086 2009 contingere,
1141 1934 1431 1992 secundum
1472 1931 1755 2004 quamdam

185 2045 389 2088 natura
410 2033 625 2098 seriem,
652 2039 743 2085 aut
760 2028 1049 2087 secundum
1073 2040 1250 2082 rerum
1278 2039 1527 2089 cursum;
1556 2022 1646 2078 sed
1683 2022 1760 2076 vi-

184 2122 377 2181 derent
423 2139 488 2180 ex
538 2136 768 2193 superno
809 2129 863 2177 et
888 2120 1067 2175 divino
1102 2117 1318 2173 decreto
1367 2116 1482 2170 haec
1531 2124 1755 2185 utraque

188 2217 301 2271 ﬁeri
329 2231 344 2270 :
376 2214 430 2269 id
455 2214 595 2285 quod
621 2212 723 2268 illis
744 2210 970 2267 maxime
988 2209 1055 2265 ad
1086 2208 1176 2265 Dei
1223 2206 1576 2278 cognitionem
1630 2207 1760 2261 utile

185 2313 320 2360 erat.
350 2302 549 2360 Verum
592 2301 859 2372 quoniam,
887 2306 947 2355 ut
985 2308 1108 2355 ante
1149 2296 1280 2363 dixi,
1324 2296 1599 2375 prOphetia
1652 2311 1758 2351 non

188 2393 379 2450 eodem
427 2393 544 2463 ipso
589 2399 829 2462 tempore
893 2403 1047 2445 suum
1100 2386 1297 2444 exitum
1352 2385 1615 2451 habebat;
1665 2386 1760 2442 sed

188 2485 350 2543 verba
375 2483 589 2555 quidem
645 2493 771 2538 tunc
815 2479 1239 2551 proferebantur,
1291 2491 1377 2533 res
1416 2486 1594 2532 autem
1641 2485 1762 2547 post

188 2575 438 2630 diuturna
459 2572 580 2628 inde
602 2581 835 2643 tempora
862 2569 1063 2625 exitum
1100 2567 1356 2623 habitura:
1407 2576 1582 2633 erant,
1640 2582 1760 2621 cum

185 2666 293 2735 jam
312 2663 554 2719 nonnulli
589 2677 655 2717 ex
671 2662 736 2716 iis
755 2660 849 2731 qui
874 2659 1169 2725 audierant,
1191 2671 1335 2729 saepe
1358 2664 1585 2712 mortem
1600 2657 1762 2712 oblis-

189 2764 329 2819 sent,
357 2768 458 2809 nec
480 2753 773 2824 potuissent
795 2750 864 2807 de
885 2749 1141 2806 dictorum
1161 2757 1353 2804 eventu
1373 2746 1634 2817 judicare,
1677 2749 1755 2801 vi-

189 2844 258 2900 de
281 2842 414 2914 quid
443 2842 599 2898 faciat
622 2849 677 2898 et
700 2841 947 2897 moliatur
977 2840 1135 2896 Deus.
1168 2838 1501 2909 Prophetiam
1531 2838 1762 2909 prophe-

191 2932 277 2987 tiis
290 2931 559 2988 connectit
581 2945 595 2995 ;
619 2930 683 2985 iis
708 2943 825 2999 qua
850 2937 971 2999 post
995 2928 1209 2998 longum
1234 2934 1441 2997 tempus
1496 2937 1759 2983 eventura

190 3032 394 3090 essent,
418 3034 535 3077 eam
557 3020 706 3090 cujus
742 3021 915 3076 exitus
960 3032 1125 3091 prope
1173 3027 1309 3087 erat,
1363 3034 1459 3090 per
1482 3033 1602 3074 eam
1642 3034 1763 3090 qua:

191 3111 281 3167 illa
330 3112 383 3166 in
409 3109 747 3181 generatione
767 3109 962 3164 exitum
984 3108 1222 3164 habitura
1251 3115 1385 3174 erat,
1431 3108 1497 3163 iis
1536 3123 1763 3178 quorum

191 3209 421 3256 eventus
443 3208 564 3273 post
578 3199 881 3255 diuturnum
902 3206 1106 3269 tempus
1122 3198 1327 3254 futurus
1345 3206 1459 3254 erat
1478 3197 1761 3253 maximam

194 3290 354 3346 fidem
388 3288 607 3344 faciens.
650 3288 706 3343 In
731 3288 1015 3359 evangeliis
1041 3298 1215 3344 autem
1244 3290 1346 3342 hoc
1385 3288 1621 3344 utilitatis
1674 3304 1765 3360 go-

193 3394 291 3435 nus
319 3378 427 3433 alio
454 3377 611 3432 modo
637 3384 844 3445 tractat,
874 3376 1124 3432 miracula
1171 3376 1458 3448 prophetiis
1488 3377 1760 3448 c0pulans,

192 3470 335 3524 aliud
373 3469 480 3523 alio
508 3469 846 3523 confirmans.
890 3468 1129 3538 Exempli
1164 3483 1323 3523 causa
1356 3487 1369 3523 :
1397 3469 1622 3525 accessit
1668 3470 1765 3525 ali-

192 3558 410 3627 quando
449 3558 517 3613 ad
552 3573 672 3614 eum
710 3558 968 3628 leprosos,
996 3567 1051 3614 et
1075 3559 1356 3615 mundatus
1382 3568 1481 3627 est,
1537 3575 1600 3615 ac
1646 3570 1764 3631 post

193 3649 338 3703 illum
362 3662 549 3703 rursus
574 3662 703 3718 puer
727 3648 1049 3704 centurionis
1070 3662 1101 3702 a
1128 3648 1272 3719 gravi
1302 3649 1393 3704 illo
1420 3648 1610 3704 morbo
1632 3650 1763 3705 libe-

192 3748 337 3793 ratus
357 3747 463 3804 est,
502 3738 751 3809 signaque
774 3737 886 3792 htec
913 3752 1100 3807 magna
1128 3745 1281 3792 erant
1307 3755 1320 3791 :
1347 3746 1401 3793 et
1428 3746 1602 3793 tamen
1654 3753 1759 3793 non

192 3827 241 3879 in
291 3827 464 3897 signis
508 3828 673 3889 stetit,
720 3826 813 3881 sed
859 3836 913 3880 et
970 3826 1301 3894 prophetiam
1362 3826 1575 3896 adjecit.
1624 3826 1757 3894 Quia

190 3918 330 3971 enim
360 3917 607 3973 centurio
649 3917 1011 3972 admirandam
1043 3918 1186 3972 illam
1234 3926 1288 3972 et
1325 3932 1567 3989 magnam
1612 3919 1764 3974 exhi-

191 4006 377 4062 buerat
425 4005 603 4073 ﬁdem,
651 4021 753 4077 qua
800 4022 1020 4076 puerum
1062 4007 1129 4062 ab
1173 4007 1481 4078 egritudine
1526 4007 1758 4078 eripuit,

189 4100 302 4157 hac
324 4099 565 4158 subdidit
588 4099 825 4156 Christus
860 4099 1052 4156 πυκιιὶ
1088 4100 1149 4154 ab
1189 4102 1379 4156 oriente
1419 4111 1467 4155 et
1506 4101 1762 4155 occidente

186 4192 400 4256 cadent,
430 4200 475 4245 et
497 4190 779 4245 recumbeut
801 4207 915 4244 cum
939 4191 1212 4254 Abraham,
1240 4190 1389 4244 Isaac
1411 4201 1458 4245 et
1476 4191 1656 4256 Jacob,
1688 4193 1755 4259 ﬁ-

185 4283 239 4335 lii
266 4291 445 4335 autem
491 4280 629 4349 regni
653 4280 909 4348 ejicientur
946 4288 1087 4333 extra
1112 4279 1132 4347 (
1155 4278 1339 4333 Matth.
1364 4282 1416 4334 8.
1445 4281 1503 4334 ll
1542 4282 1581 4349 ).
1632 4281 1757 4336 Hmc

187 4383 345 4436 porro
389 4368 623 4432 dicebat,
653 4377 706 4423 et
755 4367 990 4438 gentium
1034 4368 1323 4423 Ecclesiam
1349 4378 1403 4425 et
1450 4370 1757 4426 Judmorum

186 4459 617 4531 reprobationem
644 4459 999 4528 prtenuntians
1021 4476 1035 4525 ;
1061 4459 1201 4530 quod
1225 4461 1382 4515 etiam
1436 4477 1575 4516 nunc
1601 4478 1760 4532 opere

184 4552 510 4621 completum
531 4557 631 4617 est,
657 4557 712 4605 et
756 4550 870 4606 sole
896 4551 1090 4606 clarius
1131 4552 1379 4608 omnibus
1425 4554 1706 4610 exhibetur
1740 4573 1754 4609 :

182 4641 272 4694 sed
318 4650 450 4695 tunc
478 4638 763 4694 obscurum
782 4648 916 4708 erat,
943 4648 992 4695 et
1034 4641 1102 4697 ab
1146 4641 1431 4697 incredulis
1461 4659 1566 4699 non
1604 4644 1759 4702 facile

181 4730 581 4785 admittebatur.
616 4729 842 4799 Ideoque
881 4731 1085 4800 signum
1130 4739 1253 4787 tunc
1274 4734 1566 4790 exhibitum
1620 4753 1758 4807 prac-

180 4820 355 4885 cessit,
407 4818 557 4888 quod
583 4818 801 4873 multam
824 4819 977 4874 ﬁdem
1022 4832 1142 4877 ante
1179 4821 1405 4879 faciebat
1447 4827 1523 4879 rei
1574 4837 1755 4895 postea

180 4917 454 4964 eventura
478 4925 491 4961 :
516 4908 957 4977 quemadmodum
972 4919 1025 4965 et
1040 4910 1151 4980 ipsa
1170 4914 1463 4983 prophetia,
1482 4931 1597 4986 qua:
1619 4934 1758 4975 nunc

179 5010 339 5067 opere
358 4997 684 5067 completur,
716 5000 867 5069 signo
897 5008 1023 5055 tunc
1065 5000 1206 5057 facto
1254 5018 1498 5074 magnam
1556 5008 1756 5076 praebet

178 5088 662 5145 conﬁrmationem.
692 5090 825 5157 Quid
854 5092 1046 5147 dixerit
1073 5093 1420 5151 incredulus?
1444 5113 1511 5153 an
1534 5101 1756 5155 munda-

179 5184 285 5234 tnm
332 5194 447 5237 non
505 5179 669 5235 fuisse
715 5180 1017 5251 leprosum?
1050 5184 1315 5255 Respiciat
1362 5189 1413 5243 in
1464 5190 1754 5260 prOphetia:

184 5270 491 5335 veritatem,
535 5278 592 5322 ut
637 5268 720 5323 illa
792 5281 1065 5341 perspecta
1127 5276 1279 5345 signo
1330 5277 1488 5333 ﬁdem
1540 5278 1750 5336 habeat.

180 5356 309 5423 Quid
341 5372 513 5428 porro
540 5357 771 5413 dixerint
797 5359 873 5413 illi
901 5369 1025 5416 tunc
1052 5362 1259 5418 Judaei?
1282 5381 1349 5421 an
1376 5382 1440 5423 ea
1492 5383 1609 5437 qua:
1660 5370 1750 5425 ille

183 5448 510 5516 pradicebat
560 5462 667 5501 non
714 5462 833 5503 esse
892 5454 1056 5507 vera?
1102 5454 1408 5524 Respiciant
1476 5458 1747 5527 leprosum

180 5536 516 5602 mundatum,
543 5545 598 5591 et
621 5552 684 5591 ex
716 5537 969 5594 beneﬁcio
994 5542 1067 5597 illi
1092 5544 1284 5599 collato
1304 5544 1491 5601 futuris
1512 5562 1617 5602 non
1648 5564 1743 5604 ne-

176 5636 296 5694 gent
346 5626 537 5692 ﬁdem,
580 5641 705 5681 cum
759 5628 1042 5685 maximum
1096 5632 1169 5688 illi
1216 5636 1507 5704 prophetia:
1564 5638 1751 5707 pignus

181 5715 525 5787 acceperint,
575 5729 770 5787 nempe
818 5717 1043 5789 signum,
1089 5730 1146 5779 ut
1188 5721 1431 5781 hodierni
1475 5726 1611 5796 signi
1668 5728 1749 5797 pi~

1841 490 1978 546 gnus
2027 472 2359 544 prophetiam
2390 471 2603 528 habent.
2646 469 2832 527 Viden'
2876 468 3142 542 quomodo
3186 468 3412 525 alterum

1841 564 2010 618 altero
2059 562 2446 617 conﬁrmetur?
2500 560 2632 616 Illud
2679 559 2841 615 etiam
2890 559 2944 615 in
2987 560 3159 616 Veteri
3227 558 3415 614 Testa-

1842 662 2024 708 mento
2050 652 2229 707 videre
2265 661 2349 707 est
2368 652 2387 722 (
2408 653 2461 707 5.
2491 651 2745 723 Rngﬁ).
2773 650 2909 718 Quia
2959 650 3100 705 enim
3128 648 3417 706 Jeroboam

1843 746 2152 818 gravissima
2190 745 2276 800 illa
2322 744 2524 801 insania
2577 744 2856 811 laboravit,
2898 752 2953 800 et
2991 742 3183 799 vitulas
3228 756 3418 799 aureas

1844 840 2037 904 erexit,
2079 836 2299 892 veniens
2335 835 2591 907 propheta
2629 834 2803 891 futura
2830 834 3221 905 praenuntiavit,
3252 842 3307 889 et
3342 833 3419 887 si-

1845 942 2006 997 gnum
2032 928 2210 982 statim
2238 925 2406 981 dedit.
2440 925 2519 981 Ne
2554 926 2674 995 quis
2704 925 2848 981 enim
2876 924 3034 981 ﬁdem
3061 938 3166 979 non
3188 922 3413 981 haberet

1848 1021 1935 1086 iis,
1958 1034 2079 1091 quae
2120 1027 2241 1089 post
2269 1026 2537 1074 trecentos
2573 1030 2741 1072 annos
2765 1028 3020 1073 eventura
3048 1023 3203 1072 erant
3221 1053 3239 1079 ,
3270 1028 3420 1070 aram

1849 1113 2022 1183 fregit,
2068 1121 2122 1167 et
2162 1110 2371 1181 adipem
2395 1108 2598 1175 eﬁ‘udit,
2630 1108 2875 1180 regisque
2920 1122 3134 1163 manum
3176 1106 3421 1172 arefecit,

1851 1220 1916 1260 ex
1945 1204 2027 1267 iis,
2056 1218 2174 1274 quae
2201 1210 2325 1258 ante
2365 1201 2549 1257 oculos
2573 1201 2907 1267 eveniebant,
2933 1214 3117 1255 eorum
3156 1214 3277 1269 qua!
3306 1206 3426 1267 post

1851 1298 2077 1351 multum
2102 1294 2358 1362 temporis
2380 1302 2635 1350 eventura
2650 1299 2801 1348 erant
2815 1291 3154 1359 conspicuam
3179 1288 3429 1360 prtebens

1852 1385 2380 1442 demonstrationem.
2411 1383 2677 1455 Multaque
2702 1380 3002 1453 hujnsmodi
3050 1380 3231 1435 videre
3269 1386 3351 1433 est
3375 1379 3429 1433 in

1853 1476 2001 1533 Novo
2025 1485 2081 1533 et
2100 1476 2278 1531 Veteri
2304 1475 2665 1540 Testamento,
2698 1472 2809 1529 Deo
2835 1470 3061 1526 diversis
3086 1469 3256 1525 modis
3271 1468 3430 1523 saluti

1856 1579 2053 1625 nostra:
2081 1568 2452 1639 prospiciente.
2479 1564 2535 1621 ld
2556 1563 2697 1636 quod
2723 1564 2882 1619 etiam
2906 1562 2994 1619 hic
3013 1562 3225 1625 accidit,
3247 1571 3301 1618 et
3320 1562 3425 1615 uti-

1856 1676 1962 1729 que
1990 1675 2110 1715 cum
2139 1658 2329 1728 majori
2358 1656 2511 1726 copia
2535 1673 2550 1710 :
2586 1670 2692 1710 non
2721 1655 2929 1725 signum
2958 1654 3101 1709 enim
3121 1652 3302 1719 modo,
3329 1651 3424 1707 sed

1858 1750 2191 1819 prophetiam
2231 1763 2353 1803 cum
2382 1749 2535 1816 signo
2564 1745 2871 1801 conuexuit.
2904 1742 3101 1799 Verum
3142 1751 3199 1797 ut
3225 1757 3286 1798 ea
3314 1758 3433 1811 quae

1857 1838 2086 1893 diximus
2114 1837 2338 1892 clariora
2363 1835 2622 1903 evadant,
2654 1836 2823 1907 ipsam
2862 1833 3137 1890 historiam
3189 1842 3437 1887 accurata

1860 1943 2262 1998 prosequamur.
2306 1928 2357 1982 ι.
2392 1926 2459 1981 Et
2483 1926 2674 1996 factum
2715 1935 2784 1980 est
2823 1927 2878 1979 in
2914 1923 3083 1980 diebus
3131 1924 3303 1978 Achas
3341 1923 3437 1993 ﬁlii

1858 2018 2084 2074 Joatltan
2130 2018 2224 2086 ﬁlii
2270 2016 2411 2071 Ozias
2451 2018 2584 2087 regis
2632 2015 2774 2069 Iuda
2793 2055 2809 2081 ,
2866 2015 3090 2069 ascendit
3140 2013 3299 2068 Rasiu
3347 2029 3438 2069 rex

1861 2112 2035 2176 Aram,
2065 2119 2113 2165 et
2149 2109 2346 2164 Phaces
2383 2109 2520 2178 ﬁlius
2547 2107 2793 2163 Bomeliw
2815 2123 2905 2161 rex
2946 2106 3110 2161 Israel
3133 2108 3185 2159 in
3220 2105 3438 2160 Jerusa-

1862 2203 1981 2267 lem,
2008 2210 2061 2254 ut
2088 2208 2440 2272 Oppugnareut
2465 2215 2597 2263 eam,
2645 2214 2734 2252 nec
2759 2207 3025 2268 potuerunt
3050 2212 3353 2267 expugnare.
3379 2196 3436 2251 2.

1864 2291 1931 2347 Et
1973 2294 2325 2348 annuntiatum
2359 2293 2508 2347 estin
2537 2292 2686 2345 domo
2720 2290 2881 2345 David
2906 2307 2939 2343 a
2966 2290 3240 2344 dicentibus
3263 2304 3281 2342 :
3304 2288 3437 2343 Cou-

1862 2386 2017 2440 sensit
2037 2385 2192 2439 Aram
2217 2399 2334 2438 cum
2362 2381 2632 2453 Ephraim.
2664 2381 2788 2437 llaec
2810 2380 3029 2437 historia
3051 2389 3197 2447 sunt,
3227 2395 3436 2436 rerum-

1863 2492 1966 2546 que
1990 2483 2260 2546 gestarnm
2286 2476 2520 2530 narratio
2548 2492 2561 2528 :
2592 2474 2690 2529 sed
2708 2473 2797 2543 qui
2824 2484 3003 2529 mente
3028 2472 3189 2539 valet,
3213 2481 3436 2527 etacntc

1863 2570 2025 2633 videt,
2079 2569 2305 2624 multum
2353 2568 2480 2623 hinc
2519 2567 2653 2622 lucri
2690 2567 2907 2630 referet,
2949 2564 3040 2621 Dei
3082 2578 3325 2635 magnam
3354 2579 3443 2617 sa.

1864 2659 2117 2729 pientiam
2142 2700 2159 2726 ,
2220 2672 2425 2714 necnon
2469 2657 2586 2719 eius
2622 2671 2747 2727 erga
2791 2655 3004 2712 Judatos
3052 2654 3443 2726 providentiam

1864 2751 2128 2807 ediscens.
2177 2749 2360 2820 Neque
2387 2749 2529 2805 enim
2570 2764 2599 2803 a
2627 2749 2889 2820 principio
2918 2747 3116 2804 bellum
3160 2747 3439 2817 repressit,

1865 2856 2038 2912 neque
2067 2841 2182 2912 ipso
2207 2840 2486 2911 ingruente
2503 2840 2689 2897 urbem
2718 2840 2835 2909 capi
2864 2838 3127 2909 permisit,
3154 2837 3249 2893 sed
3275 2837 3442 2893 verbo

1866 2938 2018 2986 tenus
2047 2938 2251 2986 tantum
2284 2929 2752 2986 comminationem
2794 2928 2911 2984 ﬁeri
2953 2928 3157 2995 sinens,
3199 2927 3316 2997 ejus
3337 2941 3436 2982 ex-

1866 3023 2218 3092 perimentum
2244 3020 2530 3091 prohibuit,
2560 3020 2678 3076 illos
2707 3033 2809 3076 una
2855 3019 3303 3090 expergefaciens,
3330 3026 3384 3074 et
3410 3031 3443 3071 a

1866 3112 2107 3169 socordia
2131 3111 2411 3177 reducens,
2441 3126 2703 3181 suamque
2729 3110 3017 3181 potentiam
3042 3109 3436 3165 demonstrans:

1866 3205 2008 3274 quod
2035 3203 2280 3259 videlicet
2318 3202 2432 3273 ipse
2474 3203 2664 3273 possit,
2690 3200 2849 3257 etiam
2878 3216 2999 3256 cum
3029 3214 3116 3257 res
3153 3200 3221 3255 ad
3261 3208 3440 3256 extre-

1868 3308 2012 3347 mum
2044 3294 2204 3347 finem
2234 3292 2478 3348 deducta:
2504 3290 2771 3355 videntur,
2798 3291 2948 3360 quasi
2974 3290 3209 3345 nondum
3240 3288 3437 3359 coepis-

1868 3392 2008 3446 sent,
2049 3384 2128 3437 sic
2167 3382 2217 3436 in
2246 3381 2484 3451 periculo
2512 3389 2787 3436 versantes
2808 3380 3005 3435 illaesos
3028 3393 3262 3435 servare.
3288 3377 3443 3445 Quod

1868 3471 2041 3541 ipsum
2068 3485 2211 3540 sape
2238 3469 2430 3526 fecisse
2452 3468 2635 3526 videre
2662 3476 2766 3533 est,
2796 3476 2856 3524 ut
2878 3467 3026 3524 verbi
3052 3468 3217 3538 gratia
3247 3468 3299 3521 in
3326 3466 3441 3522 for-

1866 3577 1999 3617 nace
2027 3560 2366 3632 Babylonica,
2396 3560 2447 3613 in
2478 3559 2593 3614 lacu
2610 3559 2847 3625 leonum,
2877 3566 2931 3613 et
2956 3558 3008 3612 in
3034 3558 3153 3613 aliis
3171 3558 3441 3613 sexcentis

1866 3652 2097 3708 casibus.
2136 3649 2349 3705 Etenim
2387 3648 2439 3703 hi
2477 3657 2754 3713 venerunt,
2797 3648 3145 3713 obsederunt,
3180 3656 3235 3703 et
3263 3663 3442 3705 muros

1866 3740 2191 3805 adorientes,
2218 3738 2668 3807 obsessorumque
2695 3737 2900 3792 animos
2920 3736 3436 3807 perterrefacientes,

1866 3829 1997 3883 nihil
2019 3828 2155 3884 ultra
2177 3827 2351 3883 facere
2378 3835 2684 3897 potuerunt.

1934 3919 1990 3973 2.
2031 3919 2167 3975 Hinc
2194 3928 2371 3974 autem
2399 3919 2699 3988 perspicere
2723 3918 2848 3974 licet
2871 3917 3055 3975 decem
3085 3919 3316 3975 tribuum
3337 3918 3441 3973 ini-

1866 4010 2141 4081 quitatem,
2184 4009 2327 4081 quod
2360 4024 2466 4064 non
2496 4008 2658 4064 modo
2699 4008 2853 4064 civile
2897 4009 3192 4077 inceperint
3219 4007 3440 4071 bellum,

1866 4116 2038 4171 neque
2063 4100 2221 4156 modo
2244 4109 2429 4155 contra
2458 4099 2649 4153 fratres
2678 4112 2821 4152 arma
2854 4098 3139 4162 moverint,
3158 4096 3253 4153 sed
3279 4098 3441 4153 etiam

1865 4194 2175 4266 alienigenis
2194 4193 2499 4263 exterisque
2516 4191 2757 4262 gentibus
2783 4206 2841 4247 se
2867 4191 3225 4261 adjunxerint,
3249 4198 3303 4245 et
3326 4204 3441 4253 eos,

1863 4283 2177 4355 quibuscum
2202 4282 2512 4338 societatem
2540 4280 2739 4337 habere
2758 4280 2888 4351 ipsis
2916 4295 3021 4336 non
3048 4280 3261 4346 licebat,
3281 4280 3439 4334 etiam

1862 4374 2254 4429 commilitones
2272 4371 2597 4438 vocaverint,
2619 4386 2743 4428 cum
2762 4373 2930 4442 iisque
2965 4371 3322 4428 castrametati
3340 4371 3439 4424 ad-

1864 4478 2053 4521 versus
2076 4463 2344 4520 civitatem
2370 4464 2632 4519 steterint.
2663 4462 2870 4518 Etenim
2900 4462 3059 4517 Basin
3088 4461 3440 4533 alienigenam

1863 4552 2120 4609 adversus
2162 4552 2497 4621 metropolim
2548 4566 2698 4605 suam
2742 4551 3057 4606 excitarunt.
3102 4551 3333 4620 Eratque
3385 4551 3438 4604 in

1859 4638 2046 4711 prmlio
2074 4636 2301 4706 partium
2346 4635 2705 4706 inaequalitas.
2758 4638 2911 4709 Apud
2944 4638 3063 4699 illos
3089 4637 3234 4695 enim
3265 4640 3444 4696 multi-

1856 4730 1983 4785 tudo
2014 4727 2219 4783 inﬁnita
2248 4735 2384 4792 erat,
2414 4736 2469 4782 et
2497 4728 2679 4795 urbes,
2711 4737 2767 4783 et
2794 4736 2984 4798 gentes
3014 4736 3067 4784 et
3097 4731 3305 4798 populi;
3355 4731 3442 4787 hic

1855 4834 2032 4882 antem
2059 4823 2187 4878 nihil
2208 4822 2408 4887 simile,
2431 4822 2525 4878 sed
2559 4824 2684 4877 urbs
2709 4838 2811 4877 una
2841 4832 2895 4879 et
2919 4824 3254 4894 metropolis,
3283 4826 3349 4879 ita
3384 4836 3441 4878 ut

1856 4914 1949 4969 Dei
1982 4912 2238 4968 fortitudo
2264 4912 2647 4967 exuberantius
2673 4914 3012 4969 enitesceret.
3038 4914 3264 4971 Nemine
3293 4915 3437 4970 enin-

1853 5017 2003 5059 arma
2046 5012 2314 5069 movente,
2367 5001 2583 5058 nemine
2624 5012 2857 5057 exeunte
2900 5013 2954 5059 et
2996 5012 3432 5071 castramctante,

1855 5109 2041 5151 eorum
2065 5094 2281 5165 maligni
2310 5104 2532 5151 conatus
2562 5094 2616 5149 in
2648 5094 2869 5148 nihilum
2899 5095 3164 5151 abierunt.
3198 5096 3316 5151 Non
3344 5114 3438 5165 po.

1855 5197 2058 5243 tuarum
2078 5188 2240 5253 enim,
2256 5188 2443 5257 inquit,
2456 5202 2753 5256 expugnare
2773 5202 2902 5239 eam.
2932 5188 2998 5241 At
3023 5186 3149 5257 quid
3177 5188 3434 5257 impedie-

1854 5277 1978 5333 bat?
2004 5276 2147 5332 Nihil
2176 5276 2321 5331 aliud
2348 5290 2505 5345 quam
2549 5275 2645 5329 Dei
2692 5290 2899 5341 manus,
2927 5291 3044 5345 qua:
3073 5292 3168 5332 eos
3196 5278 3433 5333 invisibi-

1855 5368 1977 5424 liter
2023 5368 2345 5437 depellebat.
2394 5366 2795 5431 Verumtamen,
2822 5375 2879 5421 ut
2918 5366 3027 5435 jam
3073 5367 3202 5433 dixi,
3233 5369 3430 5424 bellum

1854 5458 2080 5527 depulit,
2109 5458 2202 5513 sed
2232 5465 2432 5513 metum
2473 5473 2580 5513 non
2625 5458 2804 5512 statim
2851 5459 3087 5514 sustulit.
3136 5459 3269 5514 Nam
3317 5460 3427 5513 ait:

1862 5550 2223 5603 denuntiatum
2247 5559 2321 5604 est
2342 5548 2393 5603 in
2424 5550 2575 5604 domo
2606 5549 2773 5605 David
2802 5568 2816 5604 :
2844 5551 3108 5607 Coaseusit
3136 5554 3291 5605 Aram
3314 5568 3429 5606 cum

1854 5636 2126 5707 prraim.
2176 5634 2247 5691 Et
2277 5648 2441 5693 emo'a
2479 5648 2554 5693 est
2590 5639 2763 5695 anima
2789 5641 2931 5712 ejus,
2961 5650 3009 5695 et
3050 5642 3222 5695 anima
3251 5640 3429 5711 populi

1855 5732 1987 5803 ejus.
2019 5730 2151 5789 Cum
2191 5730 2307 5789 vult
2336 5731 2478 5791 Deus
2502 5730 2705 5803 aliquid
2734 5732 3063 5804 inopinatum
3092 5731 3289 5795 facere.
3320 5748 3427 5791 non
