4130 6312
119 338 180 392 79
642 340 650 351 ³
1398 335 1466 392 IN
1504 333 1679 392 ISAIA

1809 335 1962 395 CAP.
1999 337 2115 396 γιι.
3264 341 3338 397 80

111 454 283 517 λικντας
312 453 608 509 ἀπολαύειν
637 454 696 509 ἐν
716 456 967 528 αίσθήσει
1002 455 1111 509 τῶν
1137 454 1323 507 δεινῶν
1348 453 1548 524 ἀφήσει
1587 468 1678 521 γε-

112 541 288 596 νέσθαι
316 554 342 584 ι
369 581 384 606 ,
412 544 503 598 ῖνα
528 546 670 614 μετά
698 546 796 619 τὴν
820 545 1138 617 ἀπαλλαγήν
1160 545 1268 597 τῶν
1293 545 1482 597 δεινῶν
1511 544 1678 613 μηδε-

114 632 228 703 μίαν
284 633 671 705 ἀγνωμοσύνην
728 635 1120 699 ἐπιδείξωνται.
1192 631 1408 702 Ἐπειδὴ
1460 631 1569 701 γὰρ
1623 632 1675 684 οἰ

113 720 293 776 πολλοὶ
320 722 425 777 τῶν
456 723 778 795 ἀνθρώπων,
809 725 877 779 τά
908 726 1006 795 μὲν
1034 723 1140 777 ὑπὸ
1162 722 1351 791 τύφου,
1385 722 1454 776 τά
1484 723 1542 776 δὲ
1569 722 1676 775 ὑπὸ

113 811 243 883 ῥᾳθυ
252 813 379 883 μίας
407 814 841 870 ἐπιλανθάνονται
870 816 978 869 τῶν
1007 814 1192 869 δεινῶν
1227 812 1361 884 μετά
1385 814 1484 883 τὴν
1505 811 1676 868 ἀπαλ-

110 900 281 974 λαγὴν
310 905 417 959 τῶν
454 905 658 967 δεινῶν.
686 905 719 977 ἢ
755 906 827 977 μὴ
867 904 1340 975 ἐπιλανθανόμενοι
1370 904 1579 965 ἑαυτοῖς
1596 902 1676 955 λο-

109 990 358 1060 γίζεσθαι
387 994 658 1064 βούλονται
694 997 763 1051 τά
790 996 1205 1068 κατορθώματα,
1239 995 1499 1067 πρότερον
1517 994 1676 1064 ἀφεὶς

108 1081 309 1147 αὐτοὺς
358 1084 462 1138 ὑπὸ
498 1085 602 1139 τῶν
658 1084 916 1156 λυπηρῶν
960 1085 1363 1147 κατασείεσθαι,
1405 1084 1524 1137 τότε
1576 1083 1675 1154 τὴν

111 1168 419 1239 ἐλευθερίαν
442 1170 620 1225 δίδωσι
640 1172 748 1227 τῶν
774 1171 1128 1243 ἐνοχλούντων
1146 1189 1160 1204 ο
1189 1173 1216 1224 δ
1239 1172 1302 1241 δὴ
1327 1172 1422 1225 καὶ
1444 1169 1675 1223 ἐνταῦθα

110 1258 428 1329 πεποίηκεν.
474 1259 706 1331 ’Δφῆκεν
749 1261 928 1316 αὐτῶν
980 1262 1081 1326 τὰς
1126 1261 1348 1331 καρδίας
1381 1259 1672 1329 ἐκστῆναι,

110 1348 321 1417 ἀφῆκεν
358 1352 438 1414 είς
466 1351 698 1420 ἀγωνίαν
732 1353 983 1421 γενέσθαι
1012 1353 1211 1422 πολλὴν
1230 1392 1245 1416 ,
1290 1354 1383 1405 καὶ
1426 1352 1546 1404 τότε
1578 1347 1676 1421 τὴν

110 1436 255 1492 λύσιν
289 1440 548 1510 ἐπήγαγε.
585 1440 752 1496 Τοῦτο
775 1445 867 1496 καὶ
892 1445 985 1497 ἐπὶ
1013 1442 1107 1496 τοῦ
1145 1442 1376 1513 μεγάλου
1410 1444 1674 1514 πεποίηκε

110 1529 290 1583 Δαυῖδ.
325 1531 536 1603 Ἐπειδὴ
561 1533 669 1603 γὰρ
700 1533 931 1603 ήμελλεν
955 1534 1116 1589 αὑτὸν
1140 1532 1219 1599 είς
1245 1536 1343 1606 τὴν
1373 1534 1675 1604 παράταξιν

111 1617 411 1688 ἐξαγαγεῖν,
444 1624 536 1675 καὶ
568 1623 629 1676 τὸ
655 1622 903 1696 λαμπρὸν
949 1626 1123 1679 ἐκεῖνο
1155 1626 1411 1696 τρόπαιον
1440 1624 1675 1695 ἐγείρειν

108 1706 185 1759 διά
222 1707 335 1760 τῶν
366 1709 573 1765 ἐκείνου
596 1712 814 1783 χειρῶν,
849 1714 949 1767 οὐκ
977 1717 1040 1768 ἐκ
1070 1716 1368 1786 προοιμίων
1390 1714 1483 1769 τοῦ
1518 1714 1676 1768 πολέ-

112 1812 200 1864 μου
222 1796 386 1851 τοῦτο
417 1800 687 1871 ἐποίησεν,
710 1803 823 1856 ἀλλ’
848 1804 1005 1873 ἀφεὶς
1028 1805 1432 1876 τεσσαράκοντα
1463 1805 1675 1875 ἡμέρας

109 1887 298 1951 αὐτοὺς
350 1892 786 1964 κατεργασθῆναι
836 1894 914 1966 τῷ
968 1895 1137 1967 φόϐῳ,
1193 1897 1282 1949 ὅτε
1327 1896 1426 1967 τὴν
1470 1896 1676 1949 οἰκείαν

109 1975 421 2044 ἀπέγνωσαν
444 1982 736 2051 σωτηρίαν,
756 1984 850 2037 καὶ
872 1986 1037 2056 μυρία
1059 1984 1404 2049 ὀνειδίζοντος
1428 1984 1522 2039 τοῦ
1546 1984 1677 2056 βαρ-

109 2062 292 2135 ϐάρου,
321 2068 443 2121 οὐδὲ
471 2069 613 2124 οὕτω
645 2089 730 2135 τις
767 2074 1031 2144 ἐτόλμησε
1062 2074 1400 2145 διεγερθῆναι
1418 2114 1433 2141 ,
1462 2076 1555 2128 καὶ
1590 2074 1676 2128 δέ-

110 2153 294 2216 ξασθαι
321 2157 413 2211 τὸν
439 2160 750 2228 ἀντίπαλον,
778 2163 899 2216 τότε
926 2163 1011 2235 δή,
1036 2164 1157 2217 τότε
1183 2165 1280 2234 τῆς
1302 2165 1469 2235 ήττης
1496 2164 1676 2217 αὐτῶν

106 2246 538 2321 emensam,
569 2254 662 2306 καὶ
680 2254 773 2323 τῆς
794 2254 1076 2318 ἀσθενείας
1098 2257 1336 2325 φανερᾶς
1356 2255 1674 2328 γενομένης,

108 2338 271 2406 ήγαγε
292 2341 353 2393 τὸ
384 2343 667 2413 μειράκιον
698 2345 791 2397 ἐπὶ
820 2345 912 2399 τδν
946 2345 1181 2417 πόλεμον
1200 2388 1215 2412 ,
1250 2346 1345 2399 καὶ
1371 2348 1469 2417 τήν
1498 2346 1679 2417 παράο

107 2424 244 2489 δοξον
297 2428 517 2502 ἐκείνην
565 2432 720 2502 νίκην
765 2433 1076 2504 εἰργάσατο.
1127 2435 1189 2487 Εἰ
1238 2434 1347 2507 γὰρ
1395 2435 1489 2488 καὶ
1539 2435 1679 2505 μετά

107 2515 298 2583 ταῦτα,
333 2521 428 2572 καὶ
460 2522 561 2590 τὴν
588 2524 856 2595 τοσαύτην
887 2526 988 2597 τῆς
1027 2524 1306 2587 ἀσθενείας
1334 2525 1510 2579 αὐτῶν
1538 2527 1678 2579 ἀπό-

107 2604 279 2674 δειειν,
308 2612 339 2663 ὁ
369 2610 565 2675 σωθεὶς
596 2612 866 2681 βασιλεὺς,
902 2614 1008 2668 ὑπὸ
1032 2614 1226 2685 φθόνου
1257 2617 1350 2669 καὶ
1382 2614 1679 2686 βασκανίας

108 2695 422 2767 νικώμενος,
458 2700 782 2756 ἐπεϐούλευε
809 2704 886 2776 τῷ
927 2705 1124 2770 Δαυῒδ,
1157 2704 1250 2758 τοῦ
1286 2705 1489 2770 πάθους
1525 2707 1679 2773 γενό-

111 2801 259 2854 μενος
278 2786 420 2852 ὅλος,
455 2790 550 2843 καὶ
582 2791 851 2864 ἀγνώμων
879 2796 1008 2867 περὶ
1039 2796 1130 2850 τὸν
1157 2796 1448 2867 εὐεργέτην
1481 2796 1677 2867 ἐφάνη,

109 2878 153 2930 εἰ
188 2878 261 2949 μὴ
280 2879 541 2934 τοσοῦτον
570 2879 767 2937 ἔδωκεν
794 2883 1013 2955 ἐλέγχον
1032 2886 1125 2940 καὶ
1154 2885 1254 2955 τῆς
1277 2886 1441 2939 αὑτοῦ
1468 2886 1560 2940 καὶ
1584 2886 1679 2940 τοῦ

110 2969 464 3037 στρατοπέδου
512 2972 712 3037 παντὸς
747 2974 1057 3046 ἀνανδρίας,
1086 2977 1139 3030 τί
1173 2976 1272 3029 οὐκ
1317 2977 1384 3030 ἀν
1418 2976 1677 3046 ἐποίησες

107 3056 269 3113 Τοῦτο
294 3059 425 3113 αὐτὸ
459 3061 554 3115 καὶ
587 3061 820 3134 ἀλλαχοῦ
861 3065 1128 3137 πολλαχοῦ
1156 3067 1248 3119 τὸν
1273 3066 1403 3120 Θεὸν
1425 3066 1680 3120 ποιοῦντα

107 3151 200 3204 ἴδοι
230 3169 312 3215 τις
342 3152 408 3205 ἀν
429 3170 445 3186 ο
488 3154 517 3208 δ
558 3155 623 3227 δή
654 3156 750 3209 καὶ
782 3156 1013 3211 ἐνταῦθα
1041 3157 1269 3226 γίνεται.
1318 3157 1535 3226 Ἐπειδὴ
1570 3158 1680 3229 γὰρ

112 3242 281 3311 μέλλει
322 3243 475 3298 λύειν
517 3245 611 3298 τὸν
653 3243 911 3315 πόλεμον,
951 3247 1046 3300 καὶ
1085 3247 1444 3301 ἀπαλλάττειν
1483 3248 1681 3311 αὐτοὺς

108 3332 210 3386 τῶν
229 3333 508 3405 λυπηρῶν,
537 3333 728 3405 ἀφίησι
758 3336 1023 3409 πρότερον
1046 3336 1154 3390 τῶν
1178 3337 1362 3391 δεινῶν
1377 3338 1675 3392 αἰσθέσθαι.

122 3422 359 3490 Ἑξέστη
378 3426 507 3495 γάρ,
530 3426 714 3497 φησιν,
732 3427 770 3494 ή
791 3426 960 3495 ψυχὴ
976 3427 1184 3492 αὑτοῦ,
1203 3427 1299 3481 καὶ
1323 3428 1361 3495 ἡ
1384 3430 1553 3497 ψυχὴ
1572 3430 1679 3483 τοῦ

109 3512 255 3567 λαοῦ
279 3514 487 3578 αὐτοῦ,
514 3514 588 3567 δν
604 3514 825 3582 τρόπον
843 3516 913 3569 ἐν
930 3514 1130 3584 δρυμῷ
1153 3514 1341 3580 ξύλον
1356 3517 1474 3571 ὑπὸ
1503 3518 1682 3572 πνεύ-

106 3616 281 3667 ματος
306 3601 603 3669 σαλευθῇ
641 3602 752 3656 Καὶ
792 3602 949 3656 τοῦτο
980 3605 1317 3674 προφητείας
1348 3605 1496 3669 ίδιον,
1532 3605 1594 3658 τὸ
1612 3605 1680 3658 τά

112 3690 388 3761 ἀπόρρητα
424 3692 606 3745 αὐτῶν
627 3692 655 3733 δ
679 3693 758 3755 εἰς
804 3693 967 3762 μέσον
1003 3694 1254 3761 ἀγαγεῖν.
1278 3694 1351 3745 Τὸ
1375 3694 1481 3765 γὰρ
1508 3694 1681 3758 πάθος

117 3778 238 3847 ὑμῖν
266 3780 560 3849 ἐρμηνεύει
588 3781 685 3850 τῆς
724 3782 949 3834 ἐκάστου
981 3782 1233 3847 διανοίας,
1264 3784 1357 3835 καὶ
1385 3784 1681 3853 σαφηνείας

114 3868 286 3921 ἕνεκεν
304 3870 394 3923 καὶ
409 3886 433 3921 ε
444 3870 595 3922 ίκόνα
610 3869 981 3941 προστίθησιν,
994 3871 1134 3924 ῶστε
1150 3871 1315 3937 δεῖξαι
1326 3874 1425 3941 τὴν
1437 3873 1681 3925 ἐπίτασιν

114 3958 202 4029 τῆς
233 3960 488 4027 ἀγωνίας.
520 3960 799 4031 Διεσείσθη
840 3960 949 4031 γάρ
977 3961 1179 4028 αὐτῶν,
1209 3962 1393 4032 φησὶν,
1433 3964 1466 4032 ή
1512 3962 1679 4032 ψυχὴ,

114 4048 407 4121 κατεϐλήθη
443 4050 503 4103 τὸ
534 4049 807 4121 φρόνημα,
837 4051 1159 4119 ἀπέγνωσαν
1183 4052 1281 4121 τῆς
1304 4052 1593 4122 σωτηρίας,
1623 4052 1682 4104 ἐν

114 4138 351 4210 ἐσχάτοις
375 4139 624 4210 ἐνόμιζον
649 4136 785 4194 εἶναι
804 4182 818 4205 ,
856 4140 1009 4194 οὐδεν
1054 4141 1287 4211 χρηστὸν
1317 4140 1679 4210 προσεδόκων,

119 4232 335 4294 ἕκαστος
363 4230 468 4283 ὑπὸ
491 4231 601 4284 τῶν
639 4231 853 4285 οἰκείων
875 4230 1150 4299 λογισμῶν
1184 4230 1567 4300 προδεδομένος
1590 4225 1677 4300 ἦν.

117 4319 175 4371 Τί
212 4318 305 4373 οὖν
338 4322 368 4373 δ
397 4321 561 4386 Θεός;
598 4320 859 4393 Προλέγει
900 4323 1001 4393 τὴν
1043 4320 1376 4392 ἀπαλλαγὴν,
1419 4321 1511 4374 καὶ
1561 4321 1682 4373 τότε

116 4410 278 4480 a’nﬁv
301 4412 615 4482 ἐργάζεται,
648 4411 735 4464 ῐνα
758 4411 832 4482 μὴ
858 4410 1004 4482 ἀλλῳ
1038 4412 1144 4465 τινὶ
1170 4412 1491 4480 λογίσωνται
1520 4412 1683 4465 πάλιν

116 4500 205 4569 τὴν
231 4501 330 4571 τῆς
358 4500 562 4564 πόλεως
590 4501 920 4573 ἐλευθερίαν,
949 4504 1041 4556 καὶ
1062 4501 1267 4572 πέμπει
1286 4502 1375 4555 τὸν
1398 4504 1683 4574 προφήτην

118 4592 598 4659 προαναφωνοῦντα
621 4591 691 4647 τά
722 4593 1003 4663 μέλλοντα.
1033 4590 1185 4648 Εἷπε
1220 4600 1347 4665 γὰρ,
1386 4594 1539 4663 φησὶ,
1576 4594 1685 4647 K15-

116 4695 231 4745 ριος
276 4682 427 4748 πρὸς
468 4684 740 4737 Ἡσαΐαν·
769 4684 1011 4749 Ἔξελθε
1047 4687 1133 4750 εἰς
1172 4685 1548 4752 συνάντησιν
1577 4684 1684 4737 τοῦ

123 4770 316 4837 Ἀχαᾷ
353 4770 431 4823 σὺ
454 4771 548 4823 καί
578 4775 610 4825 ό
646 4773 1316 4841 καταλειφθείς-Ἰασοὺϐ
1341 4776 1373 4826 ό
1394 4776 1521 4840 υἱός
1546 4789 1681 4837 σου,

120 4868 261 4927 πρὸς
314 4862 734 4929 κολυμϐήθραν
783 4862 893 4930 τῆς
934 4864 1155 4918 ἀνόδου
1198 4863 1302 4917 τοῦ
1353 4865 1534 4933 ἀγροῦ
1578 4865 1685 4918 τοῦ

122 4954 411 5024 γναφέως.
449 4954 553 5007 Καὶ
596 4954 747 5021 ἐρεῖς
789 4954 981 5020 αὐτῷ’
1026 4956 1292 5020 Φύλαξαι
1324 4958 1429 5011 τοῦ
1462 4957 1687 5025 ἠσυχά-

120 5062 236 5111 σαι,
270 5044 378 5099 καί
402 5044 483 5114 μὴ
510 5046 715 5113 φοϐοῦ,
741 5045 896 5114 μηδὲ
926 5047 964 5115 ἠ
992 5048 1161 5115 ⁴ψυχή
1190 5063 1303 5102 σου
1330 5049 1681 5101 ἀσθενείτω·

115 5138 264 5203 μηδὲ
305 5136 569 5205 φοϐηθῇς
607 5135 722 5188 ἀπὸ
771 5134 889 5188 τῶν
937 5137 1046 5189 δύο
1084 5136 1283 5200 ξύλων
1322 5134 1440 5188 τῶν
1485 5135 1689 5188 δαλῶν

123 5228 231 5279 τῶν
264 5226 707 5296 καπνιζομένων
751 5228 997 5281 τούτων.
1026 5225 1205 5280 Ὅταν
1242 5227 1352 5295 γὰρ
1398 5226 1541 5294 ὀργὴ
1584 5226 1688 5279 τοῦ

126 5321 314 5386 θυμοῦ
339 5336 456 5386 μου
486 5318 751 5388 γένηται,
780 5316 970 5370 πάλιν
1000 5318 1257 5386 ίάσομαι.
1292 5317 1355 5369 Τί
1383 5316 1691 5382 ἐστιν,”Εξ-

125 5414 258 5463 aue
278 5412 374 5473 είς
400 5408 773 5475 συνάντησιν
794 5422 813 5469 ;
843 5406 973 5459 Ἀπὸ
998 5406 1092 5459 τοῦ
1121 5406 1282 5475 φόϐου
1311 5408 1403 5459 καὶ
1426 5407 1524 5476 τῆς
1547 5408 1694 5474 ἀγω-

128 5500 237 5562 νίας
252 5496 634 5568 οὑχήσύχαζεν
646 5497 673 5548 ό
694 5494 1084 5565 βασιλεὺς,ούδέ
1101 5495 1537 5567 οίκοι[77]μένειν
1552 5495 1693 5563 ήνεί-

164 5611 207 5685 ἑ·
237 5609 343 5659 Hic
372 5620 479 5657 cum
516 5605 697 5657 Savilio
737 5610 856 5668 puto
888 5605 1156 5668 legendum
1198 5617 1308 5653 esse
1362 5605 1526 5662 ἀφίησι
1564 5607 1696 5664 γενέ·-

131 5684 232 5719 στω.

139 5792 184 5838 in
202 5805 323 5838 mss.
347 5785 577 5848 scrif‘mm
608 5787 764 5835 fuisse
786 5785 983 5848 ἄνων,ἱᾴ
1024 5787 1393 5848 εειάνθρώπῳν.
1423 5785 1535 5831 δρᾶ
1580 5790 1697 5843 pulo

139 5854 291 5902 locum
310 5845 672 5909 bene'habere,
706 5852 761 5898 et
781 5846 934 5896 αὐτῶν
955 5845 1033 5897 hic
1057 5845 1270 5908 iuleiligi
1304 5846 1601 5895 Judaaorum.

1784 467 1971 525 χετοο,
2006 454 2119 509 ἀλλ’
2152 453 2289 523 ὅπερ
2334 450 2454 516 ἔθος
2492 450 2604 515 τοῖς
2639 446 3106 520 πολιορκουμένοις
3140 448 3335 518 ὐπομεο

1782 560 1912 609 νειν,
1938 543 2173 613 συνεχῶς
2201 542 2366 613 ἐξῄει,
2392 540 2462 593 τὰ
2488 539 2641 609 τείχη
2669 536 3035 609 περισκοπῶν,
3062 537 3196 611 πρὸς
3216 539 3338 601 ταῖς

1784 634 1981 697 πύλαις
2009 633 2308 704 γινόμενος,
2336 630 2824 703 περιεργαζόμενος
2843 634 2935 683 καὶ
2955 628 3339 699 πολυπραγμο-

1782 723 1911 790 νῶν,
1942 723 2060 787 πῶς
2091 723 2159 777 τὰ
2182 723 2289 776 τῶν
2319 720 2586 791 πολεμίων
2617 718 2880 772 διάκειται
2900 717 3215 788 πράγματα.
3240 718 3340 771 Διά

1779 810 1935 865 τοῦτό
1975 826 2165 883 φησιν·
2196 810 2439 874 Ἔξελθε
2471 810 2558 875 εἰς
2594 806 2989 875 συνάντησιν.
3020 806 3084 859 Τί
3113 806 3168 858 δέ
3200 806 3339 872 ἐστι,

1781 901 1866 955 Σὺ
1907 901 2005 955 καί
2046 904 2079 955 ό
2109 898 2519 970 καταλειφθείς
2552 896 2793 953 ἰασοὺϐ
2826 900 2859 951 ό
2895 897 3023 960 υίός
3050 910 3202 958 σου;
3240 894 3342 950 Ἰα-

1786 990 1915 1043 σοὺϐ
1939 992 2004 1061 τῇ
2040 990 2303 1060 Ἐϐραίων
2337 986 2549 1057 γλώττῃ
2570 987 2604 1056 ή
2634 983 2944 1053 ἀναστροφὴ
2973 981 3209 1049 λέγεται,
3244 981 3342 1033 καὶ

1782 1082 1816 1150 ή
1855 1080 2115 1149 διαγωγή.
2162 1080 2261 1134 Διά
2299 1079 2454 1133 τοῦτο
2492 1077 2583 1131 καὶ
2636 1076 2664 1127 δ
2718 1074 2911 1127 Ἰεσσαὶ
2971 1079 3203 1142 πέμπων
3247 1072 3342 1124 τὸν

1782 1170 1947 1224 Δαυῒδ
1968 1171 2139 1239 ἔλεγε·
2166 1170 2273 1225 Καί
2300 1167 2611 1224 τόἸασοὺϐ
2634 1162 2828 1219 αὐτῶν
2857 1162 3047 1231 λήψῃ·
3072 1160 3337 1235 τουτέστι,

1781 1259 1879 1332 τὴν
1910 1260 2250 1331 ἀναστροφὴν
2288 1258 2466 1313 αὐτῶν
2518 1254 2845 1325 ἀπαγγελεῖς
2894 1269 3013 1323 μοι,
3044 1252 3137 1305 καὶ
3168 1252 3219 1306 τί
3255 1250 3340 1305 δι-

1784 1346 1916 1416 ἀγου
1925 1365 1974 1400 σι
2001 1348 2345 1418 πράττοντες.

1851 1437 1921 1507 γ’.
1950 1439 2059 1492 Καὶ
2074 1436 2304 1491 ἐνταῦθα
2325 1432 2661 1503 τοίνυν,ἐμοὶ
2678 1433 2842 1497 δοκεῖ,
2873 1434 2901 1486 δ
2930 1430 3210 1503 προφήτης
3242 1446 3339 1484 κε-

1782 1524 2038 1581 λεύεταιά
2067 1524 2266 1597 πλῆθος
2305 1523 2423 1595 μεθ’
2452 1521 2643 1576 ἐαυτοῦ
2690 1520 2891 1585 λαϐεῖν,
2926 1520 2991 1575 ἵν’
3042 1520 3167 1573 δταν
3201 1520 3335 1590 ἐκϐῇ

1782 1618 1849 1672 τά
1878 1616 2244 1689 γεγενημένα,
2280 1614 2353 1686 μὴ
2384 1614 2481 1685 ἔχῃ
2523 1612 2854 1683 ἀγνωμονεῖν
2886 1615 2914 1663 ό
2948 1610 3229 1680 βασιλεὺς,
3262 1609 3343 1672 ὡς

1781 1707 1933 1761 οὐδὲν
1977 1708 2178 1761 τούτων
2222 1704 2476 1775 ἀκηκοὼς
2504 1702 2655 1774 παρὰ
2686 1700 2777 1756 τοῦ
2812 1702 3108 1770 προφήτου.
3146 1701 3210 1752 Ὃ
3246 1695 3341 1752 οὖν

1784 1815 1938 1869 φησι,
1968 1796 2125 1851 τοῦτό
2154 1797 2300 1851 ἐστιν
2318 1813 2332 1827 ·
2358 1794 2576 1859 Ἔξελθε
2604 1794 2682 1856 εἰς
2708 1789 3045 1859 συνάντησιν,
3076 1788 3139 1840 σὺ
3165 1788 3256 1841 καὶ
3288 1788 3340 1839 οί.

1782 1889 2237 1960 ἀναστρεφόμενοι
2292 1886 2428 1958 μετά
2476 1884 2604 1949 σοῦ,
2664 1884 2714 1936 οἰ
2757 1877 3198 1948 καταλειφθέντες
3244 1876 3338 1929 τοῦ

1782 1981 1936 2036 λαοῦ.
1968 1980 2060 2052 Μὴ
2084 1980 2369 2050 θαυμάσῃς
2392 1977 2447 2031 δέ
2471 1977 2517 2031 εί
2544 1975 2656 2029 υίδν
2695 1971 2859 2028 αὐτοῦ
2887 1971 3041 2025 καλεῖ
3066 1969 3154 2021 τὸν
3177 1968 3301 2020 λαόν
3321 1984 3335 1998 ο

1783 2073 1878 2126 καὶ
1906 2073 2016 2141 γὰρ
2045 2070 2247 2141 προϊών
2277 2084 2439 2138 φησιν
2462 2083 2477 2099 °
2521 2065 2675 2120 Ἰδοὺ
2710 2062 2843 2133 ἐγὼ,
2881 2061 2981 2116 καὶ
3015 2060 3085 2115 τὰ
3113 2057 3338 2121 παιδία,

1783 2161 1822 2215 ἄ
1848 2178 1946 2230 μοι
1978 2158 2201 2213 ἔδωκεν
2243 2159 2276 2211 ό
2317 2155 2475 2221 Θεός-
2520 2152 2630 2207 Καὶ
2658 2150 2766 2223 7&9
2793 2148 3041 2219 πατέρων
3065 2144 3214 2208 τάξιν
3241 2145 3342 2195 ἐπ-

1784 2251 1928 2319 εῖχον
1960 2250 2008 2302 οί
2036 2248 2202 2317 ἀγιοι,
2230 2248 2296 2317 τῇ
2326 2243 2514 2314 ἀγάπῃ
2557 2242 2651 2295 καὶ
2681 2243 2749 2312 τῇ
2790 2234 3080 2309 κηδεμονία
3115 2236 3181 2305 τῇ
3215 2232 3344 2304 περὶ

1783 2340 1873 2394 τὸν
1903 2340 2071 2410 δῆμον
2095 2339 2300 2395 ἐκεῖνον
2335 2335 2543 2395 πάντας
2569 2332 2695 2395 τοὺς
2731 2330 2829 2398 τῆς
2858 2328 3071 2397 φύσεως
3102 2325 3343 2397 ἀποκρύο

1784 2449 2008 2494 πτοντες
2048 2431 2306 2501 πατέρας.
2350 2425 2823 2495 Καταλειφθέντας
2864 2421 2922 2474 δέ
2964 2437 3123 2489 φησι,
3164 2420 3251 2473 διὰ
3281 2421 3343 2473 τὸ

1785 2517 2011 2580 πολλοὺς
2048 2514 2407 2586 ἀπενηνέχθαι
2437 2513 2540 2567 ὑπὸ
2562 2511 2667 2565 τῶν
2694 2510 2983 2580 πολεμίων.
3009 2508 3105 2561 Ἐν
3125 2507 3198 2576 τῇ
3224 2508 3343 2574 όδῷ

1784 2608 1891 2663 τοῦ
1932 2606 2116 2679 ἀγροῦ
2152 2606 2259 2661 τοῦ
2301 2604 2594 2677 γναφέως.
2631 2602 2839 2671 Πολλῆς
2871 2618 2959 2671 μοι
2988 2599 3219 2669 ἀπορίας
3251 2598 3346 2653 καὶ

1785 2698 1942 2753 τοῦτο
1968 2694 2107 2751 εἶναι
2135 2697 2306 2764 δοκεῖ,
2334 2695 2388 2749 εί
2414 2710 2478 2763 γε
2504 2694 2554 2746 οἰ
2588 2689 3087 2760 συγκεκλεισμένοι,
3115 2689 3208 2742 καὶ
3244 2704 3346 2740 πο-

1785 2789 2179 2860 λιορκούμενοι,
2220 2786 2313 2842 καὶ
2366 2784 2498 2857 μηδὲ
2547 2781 2820 2855 προκύψαι
2864 2780 3202 2851 τολμῶντες,
3241 2778 3346 2846 ἐξω

1788 2880 1970 2933 πυλῶν
1999 2878 2301 2949 ἐφαίνοντο.
2350 2875 2460 2930 Καὶ
2500 2872 2609 2943 γὰρ
2641 2871 2745 2937 ἔξω
2766 2870 2959 2942 τειχῶν
2990 2872 3023 2939 ή
3051 2870 3167 2932 όδδς
3206 2868 3345 2939 αὕτη

1788 2974 2035 3040 φαίνεται
2090 2967 2186 3022 νῦν
2228 2961 2383 3020 οὖσα.
2426 2963 2523 3026 Τίς
2567 2957 2659 3016 οὖν
2704 2961 2738 3031 ἠ
2784 2960 2937 3023 λύσις
2979 2959 3073 3029 τῆς
3117 2959 3347 3030 ἀπορίας

1786 3065 2020 3134 ταύτης;
2049 3065 2169 3117 Ὅτι
2208 3061 2270 3114 τὸ
2300 3058 2527 3112 παλαιὸν
2571 3058 2757 3129 ἕτερον
2805 3054 3193 3126 περιεϐέϐλητο
3235 3056 3348 3107 τεῖ-

1788 3173 1880 3227 χος
1902 3170 1915 3185 ο
1947 3156 2038 3208 καὶ
2066 3152 2175 3223 γὰρ
2202 3151 2364 3206 διπλᾶ
2393 3149 2461 3203 τά
2489 3148 2641 3221 τείχη
2670 3150 2737 3219 τῇ
2761 3146 2911 3201 πόλει
2938 3141 3008 3219 ἧν
3030 3161 3043 3177 ο
3072 3146 3166 3198 καὶ
3191 3145 3351 3199 τοῦτο

1791 3246 1970 3317 ῥᾴδιον
2000 3243 2057 3309 ἐξ
2087 3243 2272 3311 ἐτέρου
2306 3240 2583 3310 προφήτου
2616 3236 2847 3291 κατιδεῖν
2879 3238 2990 3291 ἐστι
3026 3236 3136 3298 τοῖς
3162 3234 3348 3305 βουλο-

1791 3336 1970 3409 μένοις
1997 3332 2303 3404 προσέχειν.
2344 3328 2601 3393 Ἐξελθὼν
2642 3327 2819 3382 τοίνυν
2870 3326 3146 3395 ἀνίστησιν
3173 3325 3349 3379 αὐτῶν

1786 3425 1856 3480 τά
1884 3425 2201 3495 φρονήματα
2232 3418 2721 3485 καταπεπτωκότα,
2763 3418 2856 3471 καὶ
2886 3418 3094 3471 κελεύει
3131 3417 3353 3487 θαρσεῖν

1788 3516 1926 3585 ὺπέρ
1957 3513 2065 3567 τῶν
2097 3511 2417 3582 μελλόντων.
2454 3508 2756 3576 Ἦσύχασον
2787 3504 2912 3574 γάρ,
2960 3504 3111 3573 φησὶ,
3154 3505 3247 3557 καὶ
3274 3505 3348 3574 μὴ

1791 3604 1959 3675 φοϐοῦ
1978 3620 1990 3634 ·
2024 3601 2117 3655 καὶ
2138 3599 2329 3662 δαλοὺς
2362 3597 2531 3662 ξύλων
2562 3594 2715 3649 καλεῖ
2749 3593 2871 3656 τοὺς
2900 3591 3170 3662 βασιλέας,
3216 3592 3349 3662 ὁμοῦ

1793 3697 1891 3767 μὲν
1931 3693 2109 3749 αὐτῶν
2150 3692 2211 3745 τὸ
2249 3689 2499 3760 σφοδρὸν,
2529 3684 2663 3758 ὁμοῦ
2702 3685 2795 3739 καὶ⁵
2831 3684 2891 3737 τὸ
2923 3683 3239 3754 εὐχείρωτον
3268 3685 3353 3735 ἐν-

1794 3786 2158 3855 δεικνύμενος.
2186 3782 2300 3835 Kal
2322 3780 2430 3851 7&9
2458 3778 2541 3844 τὸ,
2575 3773 3043 3843 [fasti-(Coum,
3085 3773 3171 3826 διὰ
3195 3772 3351 3827 τοῦτο

1791 3875 2143 3947 προστέθεικε
2162 3912 2177 3936 ,
2206 3871 2500 3934 τουτέστιν,
2531 3868 2695 3948 ἐγγὺς
2734 3867 2899 3919 δντων
2932 3864 3025 3917 τοῦ
3066 3864 3349 3934 σϐεσθῆναι

1788 3962 1991 4015 λοιπόν.
2023 3956 2161 4014 Εἶτα
2203 3957 2399 4028 δηλῶν,
2440 3954 2514 4018 ὡς
2544 3955 2606 4007 οὐ
2642 3952 2741 4022 τῆς
2782 3951 3002 4006 ἐκείνων
3039 3952 3348 4021 δυνάμεως,

1790 4053 1924 4107 ἀλλά
1952 4053 2049 4121 τῆς
2078 4049 2240 4103 αὑτοῦ
2290 4046 2685 4117 συγχωρήσεως
2730 4044 2763 4113 ἠ
2813 4042 2993 4112 ἔφοδος
3031 4037 3118 4113 ἦν,
3166 4042 3351 4112 φησίνο

1792 4146 1977 4197 Ὅταν
2015 4142 2123 4212 γὰρ
2167 4138 2310 4208 ὁρτὴ
2353 4138 2457 4192 τοῦ
2485 4136 2673 4205 θυμοῦ
2698 4151 2816 4204 μου
2863 4134 3131 4203 γένηται.
3167 4132 3356 4187 πάλιν

1794 4235 2053 4303 ἰάσομαι.
2095 4232 2205 4285 Καὶ
2249 4232 2281 4283 ό
2312 4227 2442 4293 υίὸς
2478 4225 2584 4280 τοῦ
2624 4225 2833 4294 Ἀρὰμ,
2876 4224 2973 4276 καί
3017 4225 3049 4277 ό
3082 4223 3209 4287 υίὸς
3244 4221 3357 4276 τοῦ

1801 4322 2135 4393 Ῥωμελίου,
2183 4320 2270 4373 ὅτι
2302 4316 2743 4371 ἐϐουλεύσαντο
2774 4312 3016 4379 ,βουλὴν
3062 4313 3356 4379 πονηρὰν,

1802 4414 2043 4483 Ἐςρρατμ
2074 4411 2171 4465 καί
2214 4412 2246 4463 ό
2287 4408 2418 4471 υίὸς
2444 4406 2550 4460 τοῦ
2584 4404 2895 4472 Ῥωμελίου
2934 4402 3081 4455 κατὰ
3108 4402 3223 4456 σοῦ
3253 4403 3353 4456 λέ·

1792 4518 2030 4575 πιόντες-⁸
2086 4499 2519 4565 Ἀναϐησόμεθα
2582 4496 2670 4559 εἰς
2714 4493 2827 4560 τὴν
2886 4492 3204 4557 Ἰουδαίαν,
3254 4492 3361 4546 καί.

1793 4594 2143 4661 κακώσομεν
2199 4586 2392 4652 αὐτὴν
2414 4596 2460 4649 θ,
2510 4583 2608 4637 καί
2663 4580 3166 4646 συλλαλήσαντες
3209 4582 3365 4635 ἀπο-

1793 4682 2133 4750 στρέψομεν
2164 4676 2385 4741 αὐτοὺς
2414 4673 2561 4741 πρός
2588 4671 2765 4740 ἡμᾶς,
2787 4670 2884 4723 καί
2904 4671 3371 4738 ,ϐασιλεύσομεν-

1794 4770 1983 4837 αὺτῆς
2031 4769 2137 4821 τὸν
2177 4765 2310 4820 υἱὸν
2349 4762 2589 4827 Ταϐεήλ.
2638 4760 2779 4814 Τάδε
2804 4761 2962 4828 λέγει
2991 4760 3105 4831 [78]
3142 4761 3362 4827 Κύριος

1794 4859 2031 4915 Σαϐαὼθ
2051 4875 2063 4888 ·
2089 4858 2168 4911 Οὐ
2195 4854 2279 4925 μὴ
2306 4856 2484 4922 μείνῃ
2520 4853 2557 4920 ὴ
2580 4849 2775 4916 βουλὴ
2803 4850 2972 4916 αὕτη,
2993 4850 3133 4902 οὐδὲ
3161 4850 3352 4902 ἔσται’

1794 4951 1926 5005 ἀλλ’
1969 4952 2007 5017 ἠ
2052 4946 2284 5017 κεφαλὴ
2341 4945 2509 5013 Ἀρὰμ
2542 4939 2853 5010 Δαμασκὸς
2876 4978 2888 5002 ,
2917 4939 3012 4991 καὶ
3047 4940 3084 5005 ἠ
3123 4940 3354 5007 κεφαλὴ

1796 5040 2111 5111 Δαμασκοῦ
2151 5036 2417 5093 Ῥασίνί.
2461 5035 2570 5088 Καί
2611 5033 2695 5085 ἐτι
2720 5032 3012 5097 ἐξήκοντα
3052 5030 3148 5084 καὶ
3179 5030 3359 5085 πέντε

1795 5132 1920 5199 ἐτη,
1946 5136 2039 5185 καί
2069 5130 2335 5197 ἐκλείψει
2373 5127 2409 5193 ἠ
2444 5122 2731 5188 βασιλεία
2765 5120 3003 5188 Ἐφρατμ
3030 5119 3145 5173 ἀπὸ
3181 5121 3355 5174 λαοῦ.

1798 5222 1908 5275 Καὶ
1938 5222 1974 5287 ἢ
2006 5218 2237 5287 κεφαλὴ
2285 5214 2524 5284 Ἐφριιῖμ
2564 5212 2857 5280 Σομόρων,
2911 5208 3007 5261 καί
3043 5209 3080 5275 ὴ
3125 5210 3359 5279 κεφαλὴ

1808 5313 2083 5381 Σομόρων
2127 5311 2159 5361 ό
2192 5307 2321 5369 υίὸς
2355 5301 2459 5356 τοῦ
2498 5299 2825 5369 Ῥωμελίου.
2871 5299 2977 5352 Καὶ
3014 5299 3119 5352 ἐὰν
3153 5299 3237 5367 μὴ
3270 5316 3364 5352 πι-

1802 5402 2119 5464 στεύσητε,
2156 5393 2297 5447 οὐδὲ
2322 5390 2405 5461 μὴ
2437 5388 2682 5457 συνῆτε.
2710 5387 2874 5441 Πάλιν
2899 5389 2926 5439 ὁ
2956 5388 3234 5457 προφήτης
3262 5404 3362 5455 με-

1806 5490 1994 5557 γίστην
2021 5482 2291 5546 ἀπόδειξιν
2334 5480 2628 5549 παρέχεται
2656 5476 2755 5547 τῆς
2781 5477 3131 5547 προφητείας.
3150 5473 3365 5547 Ἐπειδὴ

1866 5602 1889 5663 ξ
1916 5599 2037 5663 Beg.
2058 5602 2111 5663 ει
2132 5594 2280 5663 Ξενίι..
2308 5590 2648 5663 μένεινλείχετρ,
2670 5588 2818 5663 male:

1866 5659 1892 5697 ἀ
1916 5642 2037 5719 ᾖέξξ
2066 5658 2091 5703 ὁ
2123 5642 2363 5715 προφήτης
2404 5642 2692 5719 κελεύὶσθαι,
2732 5656 2885 5697 recte.
2927 5644 3073 5694 Savil.
3104 5651 3158 5692 et
3188 5642 3345 5696 Morel

190 5704 314 5779 rm
336 5728 573 5790 ἀπόρρητα
613 5726 813 5790 αὐτῶνη
844 5724 1139 5790 Suspicalur_
1168 5726 1374 5790 Alienus
1418 5724 1679 5790 propera

1805 5704 2060 5790 κελεύετιᾶι,
2087 5704 2361 5790 ρεξὲρέτεξιῇ,
2388 5719 2443 5759 ιιι
2462 5713 2631 5785 liqugt.

1872 5762 2060 5832 δ’ἰῐέέέξ
2076 5762 2153 5823 καὶ
2178 5762 2459 5831 κακώσομεν
2483 5762 2642 5832 αὖτήν,
2665 5782 2761 5820 non
2782 5772 2894 5818 sunt
2912 5767 2961 5815 in
2986 5768 3127 5814 textu
3146 5764 3240 5813 τῶν
3278 5762 3369 5817 0'.

1875 5839 1892 5878 ι
1918 5840 2042 5900 Reg.
2070 5844 2121 5887 el
2145 5836 2292 5887 Sam.
2327 5832 2517 5890 Ῥασήν.
