4156 6312
150 346 205 397 31
1328 329 1396 387 IN
1434 329 1683 396 ISAIAM,
1720 326 1869 385 CAP.
1914 322 2021 381 Vl].
3312 325 3386 379 32

150 448 384 523 Ephroim
416 446 699 511 Somaron,
731 455 779 503 et
805 455 956 517 caput
983 444 1229 500 Somaron
1264 444 1401 512 ﬁlius
1442 442 1701 497 Romelia'.

148 540 202 593 Et
236 540 281 594 si
309 555 412 592 non
451 537 796 604 credideritis,
840 552 941 590 non
988 534 1291 604 intelligetis.
1339 532 1543 586 Rursus
1585 545 1708 599 pro-

149 628 289 697 pheta
323 642 572 697 magnum
598 625 889 698 prophetiae
922 632 1286 694 argumentum
1311 620 1545 677 exhibet.
1575 618 1707 687 Quia

147 718 276 772 enim
332 717 490 771 timor
538 716 657 772 illos
698 714 1033 785 exagitabat,
1078 719 1133 767 et
1177 720 1300 765 ante
1344 710 1525 766 oculos
1572 708 1708 762 mala

149 815 324 868 erant.
361 807 499 865 bona
538 815 713 861 autem
752 806 804 860 in
838 819 955 874 spe,
995 802 1550 873 exspectationemque
1592 812 1710 852 om-

150 911 256 951 nem
301 896 632 966 superantia,
682 910 779 950 nec
818 894 949 950 satis
984 892 1184 949 creduli
1228 898 1381 947 erant
1421 888 1708 953 auditores,

147 987 254 1042 vide
300 987 430 1057 quid
466 986 643 1042 faciat.
671 986 771 1042 Dat
795 986 1005 1054 signum
1044 982 1332 1037 maximum
1374 994 1557 1036 eorum
1593 991 1712 1047 qua:

149 1088 396 1131 eventum
420 1085 592 1141 erant,
612 1074 830 1131 consilia
852 1073 1081 1128 hostium
1103 1072 1157 1127 in
1174 1071 1403 1125 medium
1424 1067 1710 1123 adducens.

152 1165 345 1221 Eorum
377 1180 604 1236 namque
629 1166 862 1219 animum
892 1164 1084 1233 aperit,
1112 1176 1217 1232 quo
1246 1159 1373 1215 moti
1402 1158 1585 1213 urbem
1613 1171 1713 1227 op-

153 1256 474 1326 pugnabant,
504 1264 558 1311 et
603 1255 726 1323 quid
757 1262 938 1309 mutuo
973 1253 1262 1323 colloquuti
1292 1258 1497 1313 essent,
1531 1258 1585 1303 et
1608 1263 1715 1319 quo

151 1358 296 1418 pacto
339 1348 472 1401 inito
534 1346 809 1411 redierint,
856 1344 1190 1413 ostenditque
1232 1351 1321 1397 aut
1364 1340 1713 1411 proditionem

150 1451 255 1490 esse
276 1435 331 1490 id
354 1435 495 1504 quod
516 1436 765 1505 agebatur
785 1433 1088 1505 (Colloquuti
1120 1432 1282 1495 enim,
1309 1445 1498 1494 mutuo,
1525 1431 1712 1500 inquit,

152 1544 253 1581 cum
284 1530 387 1597 ipsi
394 1548 432 1595 ι,
454 1544 536 1582 eos
562 1536 836 1581 avertemus
857 1525 924 1579 ad
945 1524 1089 1592 nos);
1116 1532 1206 1578 aut
1234 1523 1396 1577 multa
1417 1522 1715 1592 arrogantia

154 1618 285 1687 ipsos
339 1618 520 1677 ebrios
565 1631 723 1682 esse,
782 1615 1146 1671 existimantes
1196 1627 1263 1669 ne
1300 1613 1461 1666 armis
1503 1610 1713 1682 quidem

154 1709 273 1777 ipsis
300 1722 425 1762 esse
447 1721 600 1773 opus,
633 1720 802 1775 neque
826 1705 941 1760 acie
968 1715 1021 1760 et
1046 1702 1314 1767 conﬂictu,
1336 1713 1396 1757 ut
1424 1701 1608 1756 urbem
1629 1716 1717 1755 ca-

156 1808 358 1866 perent.
384 1796 526 1851 Satis
545 1803 664 1862 est,
692 1794 933 1865 inquiunt
965 1835 982 1861 ,
1012 1794 1057 1849 si
1080 1794 1130 1848 in
1161 1802 1507 1863 conspectum
1532 1791 1713 1844 venia—

155 1904 263 1942 mus
318 1896 374 1944 et
430 1888 839 1957 colloquamur,
881 1894 934 1940 et
985 1899 1172 1940 omnes
1240 1885 1294 1938 in
1352 1882 1716 1951 captivitatem

155 1977 471 2033 abducentes
494 1975 846 2032 discedemus.
870 1974 1090 2041 Deinde,
1121 1982 1176 2029 ut
1197 1974 1370 2028 solent
1386 1979 1715 2041 arrogantes,

157 2067 249 2123 hac
271 2083 366 2137 spe
395 2066 557 2121 inﬂati
585 2066 651 2121 de
686 2080 810 2137 rege
837 2063 1207 2120 constituendo
1231 2063 1508 2118 consilium
1540 2062 1721 2117 ineunt

156 2160 293 2227 quasi
318 2159 432 2227 jam
458 2168 608 2227 capta
636 2157 768 2212 urbe
790 2197 804 2223 ,
838 2167 890 2213 et
919 2171 1077 2228 quem
1108 2165 1350 2226 oporteat
1375 2156 1426 2210 in
1456 2163 1722 2223 metropo-

157 2250 239 2303 lim
267 2266 450 2320 regem
471 2251 795 2305 constituere
822 2250 1141 2305 consultant.
1190 2248 1265 2302 Eo
1297 2248 1348 2301 in
1380 2254 1519 2301 statu
1552 2260 1637 2300 res
1658 2246 1722 2300 il-

158 2341 323 2395 lorum
356 2350 531 2406 erant,
557 2341 725 2410 inquit
749 2358 763 2397 :
786 2356 903 2410 quae
933 2354 1060 2395 vero
1090 2340 1226 2394 Deus
1250 2338 1570 2392 moliebatur
1608 2337 1724 2391 haec

157 2432 327 2486 omnia
355 2432 425 2486 de
452 2432 628 2487 medio
657 2432 1001 2487 sustulerunt.
1031 2429 1234 2485 Idcirco
1258 2428 1559 2497 subjunxit:
1592 2426 1720 2480 Htec

158 2522 269 2574 dicit
296 2522 545 2575 Dominus
573 2538 591 2586 ;
620 2535 789 2591 neque
817 2520 900 2574 hic
925 2520 1091 2586 stetit,
1121 2519 1214 2573 sed
1239 2517 1449 2587 adjecit,
1474 2515 1720 2571 Sabaoth.

158 2611 283 2665 Cum
308 2613 455 2665 enim
477 2610 649 2680 magni
680 2608 947 2679 quidpiam
969 2607 1376 2661 annuutiaturus
1398 2613 1500 2671 est,
1530 2613 1721 2673 poten-

160 2703 281 2757 tiam
313 2702 412 2757 Dei
438 2710 718 2763 memorat,
744 2714 1031 2769 supernum
1053 2712 1243 2768 nempe
1272 2712 1492 2767 regnum
1520 2739 1534 2761 ,
1565 2705 1725 2766 atque

160 2792 437 2861 imperium
470 2792 594 2846 illud
632 2805 879 2861 maguum
904 2805 966 2844 ac
1004 2788 1341 2857 stupendum.
1369 2787 1506 2855 Quid
1551 2787 1727 2854 itaque

158 2885 227 2937 ait
249 2883 438 2939 Deus?
467 2881 588 2936 Non
624 2881 840 2934 manebit
876 2880 1139 2934 consilium
1169 2879 1260 2932 hoc
1283 2895 1438 2948 neque
1477 2878 1569 2932 erit
1595 2892 1613 2931 :
1637 2877 1725 2932 sed

156 2984 306 3043 caput
342 2974 504 3027 Aram
533 2972 830 3025 Damascus.
860 2970 1140 3040 Imperium
1162 2969 1276 3038 ejus
1306 3008 1321 3033 ,
1353 2968 1424 3021 ait
1454 3008 1470 3033 ,
1494 2974 1727 3036 potestas

158 3064 291 3134 ejus,
317 3065 371 3118 in
398 3064 652 3118 Damasco
679 3062 839 3117 stabit
878 3103 891 3127 ,
929 3076 1027 3116 nec
1058 3062 1192 3114 ultra
1222 3058 1604 3129 progrediatur.
1658 3056 1727 3110 Et

155 3166 303 3225 caput
338 3155 576 3209 Damasci
600 3155 777 3208 Rasin.
841 3153 901 3206 Et
950 3152 1193 3221 princeps
1224 3149 1460 3204 Damasci
1488 3189 1507 3211 ,
1538 3147 1724 3215 inquit,

154 3256 311 3317 atque
341 3245 642 3299 dominator
668 3243 828 3297 Rasin
861 3242 962 3297 erit
994 3258 1009 3305 ;
1057 3239 1108 3293 id
1147 3246 1263 3306 est,
1314 3239 1366 3291 in
1408 3238 1473 3291 iis
1512 3250 1631 3305 quae
1658 3233 1725 3289 ad

156 3336 325 3404 ipsum
346 3333 615 3405 pertinent
636 3331 886 3396 manebit,
911 3345 973 3385 ac
992 3329 1244 3399 majorem
1259 3326 1357 3381 sibi
1385 3341 1490 3379 non
1516 3324 1728 3393 adjiciet

157 3425 471 3494 potentiam.
509 3421 572 3476 Et
601 3422 765 3475 adhuc
786 3420 1048 3490 sexaginta
1070 3428 1117 3473 et
1142 3419 1358 3488 quinque
1384 3416 1525 3483 anui,
1558 3424 1610 3469 et
1637 3413 1727 3468 de-

155 3516 287 3584 ﬁciet
311 3531 524 3586 regnum
548 3512 794 3583 Ephraint
818 3529 849 3565 a
869 3511 1077 3582 papula.

226 3610 281 3664 ι.
310 3609 540 3664 Maxima
561 3606 797 3662 veritatis
823 3602 1230 3662 demonstratio.
1262 3599 1471 3671 quando
1492 3607 1730 3668 tempora

155 3697 455 3767 prtedicunt
473 3695 772 3766 propheta,
799 3708 984 3747 ansam
1017 3692 1311 3762 prmbentes
1338 3691 1401 3744 iis
1429 3689 1517 3759 qui
1545 3688 1731 3742 volunt

155 3786 471 3857 explorandi
519 3801 637 3841 cum
684 3783 1017 3839 accuratione
1065 3783 1169 3836 vim
1222 3781 1532 3852 prophetize.
1579 3777 1730 3833 Nunc

154 3878 326 3943 enim,
361 3876 568 3947 inquit,
614 3872 899 3930 abscedeut
924 3872 991 3927 ab
1015 3871 1177 3936 urbe;
1220 3869 1313 3925 sed
1355 3877 1471 3939 post
1499 3868 1731 3939 quinque

155 3979 207 4023 et
233 3968 515 4037 sexaginta
545 3981 711 4021 annos
742 3965 984 4020 universa
1014 3977 1145 4034 gens
1170 3961 1394 4032 peribit,
1432 3968 1485 4015 et
1510 3973 1730 4029 regnum

155 4059 313 4115 Israel
335 4059 406 4115 de
434 4057 610 4113 medio
636 4056 881 4121 tolletur;
909 4054 976 4109 ab
999 4052 1238 4108 hostibus
1263 4050 1539 4118 intercepti
1565 4047 1733 4102 abdu-

155 4159 343 4205 centur
375 4161 586 4203 omnes.
617 4145 767 4201 Nunc
792 4153 937 4201 certe
983 4152 1104 4197 ante
1130 4141 1392 4195 excidium
1445 4137 1571 4192 illud
1599 4135 1730 4191 nihil

154 4241 268 4311 plus
314 4238 625 4304 habebunt,
656 4250 813 4307 quam
852 4249 914 4289 ea
940 4247 1058 4303 quae
1083 4245 1177 4286 sua
1219 4238 1362 4285 sunt.
1398 4227 1462 4283 Ut
1486 4242 1555 4282 ne
1588 4226 1730 4281 enim

153 4347 243 4387 rex
273 4330 507 4385 audiens
537 4342 628 4383 eos
656 4334 775 4397 post
808 4323 1076 4394 sexaginta
1115 4320 1347 4391 quinque
1384 4331 1550 4372 annos
1605 4330 1730 4385 per-

155 4424 324 4479 ituros
346 4435 497 4484 esse,
516 4418 653 4490 apud
674 4433 733 4474 se
751 4416 987 4472 diceret:
1016 4412 1151 4481 Quid
1181 4409 1368 4482 igitur?
1386 4409 1730 4478 si,postquam

153 4528 249 4567 nos
277 4525 427 4567 nunc
456 4509 722 4580 ceperint,
771 4515 895 4561 tunc
941 4504 1218 4576 peribunt,
1246 4515 1365 4571 quae
1413 4498 1538 4552 hinc
1580 4496 1732 4551 nobis

154 4603 397 4658 utilitas?
422 4600 674 4664 Conﬁde,
715 4598 914 4668 inquit,
955 4596 1114 4651 etiam
1139 4593 1203 4649 de
1229 4589 1592 4662 praesentibus.
1628 4584 1731 4641 Ca-

149 4694 367 4758 pientur
393 4691 537 4744 enim
565 4699 688 4742 tunc
712 4687 962 4749 omnino;
989 4684 1082 4739 sed
1106 4695 1244 4737 nunc
1273 4680 1399 4734 nihil
1428 4679 1545 4748 plus
1575 4676 1733 4731 habe-

145 4786 282 4838 bunt
301 4825 316 4850 ,
345 4794 513 4852 quam
542 4778 593 4833 id
614 4777 752 4848 quod
775 4776 988 4831 habent.
1018 4775 1122 4829 Sed
1152 4774 1251 4827 erit
1270 4779 1425 4840 caput
1456 4768 1728 4837 Ephraim,

152 4872 252 4928 hoc
281 4881 369 4927 est
410 4869 597 4923 decem
628 4867 855 4921 tribuum
876 4906 889 4927 ,
922 4862 1154 4919 Samaria
1183 4878 1197 4891 ο
1246 4860 1314 4915 ibi
1340 4859 1479 4914 enim
1523 4857 1730 4910 illorum

150 4966 299 5037 regia
340 4970 495 5026 erat;
526 4967 580 5014 et
598 4972 702 5014 non
725 4956 943 5011 ulterius
973 4951 1319 5014 extendetur;
1351 4958 1405 5004 et
1432 4954 1591 5015 caput
1630 4945 1730 5001 Sa-

149 5061 334 5115 maria:
367 5071 472 5112 rex
497 5053 677 5109 Israel.
709 5049 857 5119 Quod
884 5049 951 5104 de
983 5049 1306 5102 Damasceno
1337 5040 1580 5103 dicebat,
1630 5038 1731 5092 hoc

147 5152 311 5208 etiam
367 5148 465 5203 hic
504 5142 789 5216 signiﬁcat,
838 5155 1027 5209 nempe
1075 5136 1204 5192 nihil
1260 5134 1376 5205 plus
1423 5132 1728 5195 habituros,

148 5254 308 5310 quam
355 5247 507 5291 nunc
546 5232 821 5287 haberent.
869 5226 1105 5293 Deinde,
1156 5224 1278 5295 quia
1319 5221 1479 5277 verba
1528 5218 1733 5310 dixerat

148 5304 451 5384 humanam
480 5323 737 5377 rationem
781 5319 1084 5387 superantia
1105 5356 1119 5383 ,
1150 5323 1204 5369 et
1240 5311 1479 5383 quamvis
1518 5304 1729 5362 ratioci-

147 5420 434 5475 nationum
468 5412 658 5470 seriem
698 5409 1035 5475 excedentia,
1063 5422 1180 5461 eum
1212 5404 1262 5460 id
1296 5402 1437 5474 quod
1460 5398 1731 5456 dicebatur

144 5506 439 5580 prophetia
466 5510 639 5567 esset,
665 5501 785 5571 jure
809 5498 1036 5568 adjecit:
1070 5494 1184 5550 Nisi
1210 5491 1542 5557 credideritis,
1575 5502 1731 5558 neque

147 5597 472 5669 bdelligetia.
499 5593 578 5649 Ne
601 5604 808 5663 quaeras
824 5630 839 5655 ,
871 5588 1069 5658 inquit,
1094 5600 1199 5656 quo
1222 5583 1382 5639 modo
1419 5590 1473 5637 et
1499 5594 1602 5651 qua
1646 5592 1731 5632 ra-

146 5689 292 5746 tione
332 5688 461 5744 hzec
488 5684 666 5740 futura
692 5680 798 5740 sint
827 5696 843 5737 :
870 5679 1011 5737 Deus
1049 5676 1189 5734 enim
1218 5682 1299 5732 est
1326 5673 1413 5745 qui
1444 5677 1691 5743 operatur
1710 5707 1724 5735 ,

1810 438 2026 506 solaque
2051 434 2154 490 tlde
2185 448 2318 505 opus
2346 433 2438 488 tibi
2459 439 2573 498 est,
2602 439 2656 488 et
2685 429 2943 501 intelliges
2971 429 3241 501 operantis
3268 430 3381 484 vir-

1812 538 2012 595 tutem;
2042 526 2548 582 demonstrationem
2585 539 2797 579 omnem
2825 537 2979 592 supra
3003 522 3263 577 dictorum
3291 536 3380 578 sc-

1812 622 2017 693 cepisti.
2044 620 2169 676 Ideo
2197 618 2360 675 David
2385 618 2641 689 pr0pheta
2669 616 2882 672 dicebat
2909 633 2924 671 :
2954 613 3386 688 Credidi,propter

1812 711 1946 782 quod
1973 710 2208 778 loquutus
2228 724 2336 763 sum
2362 708 2532 778 (Psal.
2561 708 2682 763 115.
2713 707 2824 775 10).
2854 704 2922 761 Et
2946 705 3143 760 Paulus
3169 704 3265 758 hac
3293 720 3382 758 ar-

1813 808 1962 869 repta
1984 798 2233 865 dictione,
2248 813 2280 853 e
2299 812 2357 852 re
2374 797 2515 851 illam
2537 796 2602 851 ad
2631 810 2717 851 res
2732 795 2960 865 majores
2981 794 3141 849 traxit
3156 792 3340 848 dicens
3363 810 3379 847 :

1818 888 2067 944 Habentes
2096 898 2262 943 autem
2302 888 2531 942 eumdem
2561 887 2808 956 Spiritum
2850 885 3002 955 ﬁdei,
3023 884 3296 940 secundum
3329 883 3386 937 id

1813 982 1947 1051 quod
1965 980 2202 1050 scriptum
2227 988 2318 1045 est,
2347 978 2583 1045 Credidi,
2606 986 2806 1048 propter
2829 976 2963 1046 quod
2989 974 3221 1046 loquutus
3248 986 3381 1038 sum,

1817 1080 1862 1123 et
1882 1086 1972 1124 nos
2015 1070 2280 1134 credimus,
2310 1076 2516 1138 propter
2542 1067 2676 1136 quod
2702 1075 2751 1121 et
2792 1064 3037 1136 loquimur
3062 1063 3142 1135 (2.
3180 1062 3299 1117 Cor.
3325 1061 3383 1117 ι.

1818 1159 1930 1224 15).
1952 1158 2082 1213 Nam
2108 1160 2152 1213 si
2177 1167 2355 1213 vetera
2384 1156 2487 1211 ﬁde
2527 1170 2660 1225 Opus
2701 1154 2999 1215 habebant.
3030 1168 3149 1222 qua:
3180 1160 3385 1206 tantum

1816 1251 2012 1306 distant
2033 1250 2100 1305 ab
2125 1249 2187 1303 iis
2217 1262 2333 1318 quae
2358 1248 2410 1301 in
2435 1262 2570 1301 nova
2597 1247 2714 1315 lege
2738 1253 2894 1311 sunt,
2924 1254 3173 1315 quantum
3194 1243 3384 1298 caelum

1817 1358 1846 1395 a
1870 1350 2005 1397 terra
2027 1379 2043 1406 ,
2081 1339 2247 1394 multo
2289 1337 2457 1406 magis
2486 1345 2591 1390 tam
2629 1334 2931 1390 sublimium
2965 1333 3269 1404 dogmatum
3292 1346 3387 1387 m-

1816 1432 2004 1501 gnitio,
2035 1445 2152 1499 quae
2182 1429 2233 1482 in
2263 1427 2458 1481 nullius
2485 1440 2734 1494 umquam
2758 1433 2987 1480 mentem
3018 1430 3293 1479 venerunt.
3329 1422 3386 1478 ltl

1818 1520 1958 1590 quod
1978 1531 2031 1575 et
2056 1520 2169 1588 ipse
2203 1516 2503 1588 signiﬁcans
2537 1516 2782 1571 dicebat:
2815 1515 2942 1583 ρυω
2966 1515 3144 1570 oculus
3180 1530 3281 1567 non
3307 1514 3386 1567 vi-

1818 1614 1924 1676 dit,
1956 1620 2000 1666 et
2019 1612 2159 1665 auris
2186 1628 2286 1665 non
2330 1608 2549 1674 audiuit,
2577 1617 2620 1660 et
2644 1609 2695 1660 in
2724 1623 2811 1660 cor
2836 1607 3051 1660 hominis
3090 1622 3190 1659 non
3213 1621 3391 1659 ascen-

1818 1706 2032 1771 derunt,
2061 1720 2173 1771 qua:
2202 1702 2502 1774 praeparavit
2525 1699 2660 1753 Deus
2680 1698 3000 1769 diligentibus
3019 1712 3073 1750 se
3100 1697 3175 1766 (1.
3192 1695 3311 1750 Cor.
3329 1694 3387 1748 2.

1820 1796 1897 1865 9).
1932 1796 2016 1850 10.
2047 1796 2112 1848 Et
2136 1796 2317 1865 adjecit
2348 1793 2592 1847 Dominus
2620 1791 2753 1859 loqui
2781 1789 2847 1842 ad
2871 1789 3039 1841 Achaz
3058 1787 3227 1839 dicens
3250 1801 3268 1839 :
3298 1786 3388 1840 11.

1823 1886 1945 1939 Pete
1972 1886 2055 1939 tibi
2084 1886 2279 1955 signum
2298 1901 2331 1937 a
2359 1882 2577 1937 Domino
2606 1880 2710 1934 Deo
2739 1890 2824 1932 tuo
2850 1880 2901 1930 in
2923 1876 3230 1947 profundum
3250 1914 3266 1937 ,
3290 1874 3392 1929 sive

1820 1980 1870 2033 in
1889 1977 2259 2032 excelsum.l2.
2304 1974 2372 2029 Et
2416 1973 2543 2027 dixit
2582 1972 2786 2024 Achaz:
2816 1967 2939 2023 Non
2978 1975 3173 2037 petam,
3204 1975 3253 2019 et
3291 1981 3392 2018 non

1823 2072 2018 2126 tentabo
2046 2070 2340 2125 Dominum.
2392 2068 2476 2123 l3.
2525 2065 2590 2119 Et
2611 2065 2736 2119 dixit
2773 2062 2940 2118 Isaias
2967 2076 2987 2116 :
3014 2060 3197 2115 Audite
3238 2074 3387 2129 ergo,

1822 2164 1998 2217 domus
2036 2160 2201 2214 David
2233 2173 2252 2213 :
2278 2156 2538 2227 Numquid
2567 2170 2746 2226 parum
2784 2152 2919 2207 vobis
2946 2159 3038 2217 est,
3069 2164 3279 2221 agonem
3300 2163 3393 2203 ea:-

1824 2252 1989 2306 hibere
2015 2249 2336 2304 hominibus?
2379 2247 2440 2300 Et
2468 2262 2558 2299 cur
2599 2244 2816 2298 Domino
2864 2239 3102 2296 exhibetis
3141 2235 3394 2307 agonem!

1824 2343 1911 2397 11.
1945 2341 2158 2411 Propter
2186 2340 2277 2393 hoc
2296 2337 2433 2391 dabit
2460 2336 2704 2388 Dominus
2732 2333 2836 2401 ipse
2860 2330 2994 2385 vobis
3014 2330 3231 2400 signum.
3260 2325 3395 2379 Ecce

1823 2436 1962 2503 uirgo
1988 2434 2039 2486 in
2081 2441 2221 2484 utero
2259 2428 2467 2495 accipiet
2491 2436 2537 2479 et
2581 2425 2741 2493 pariet
2792 2423 2952 2490 filium
2984 2434 3003 2471 :
3030 2429 3078 2472 et
3106 2417 3349 2471 uocabunt
3372 2415 3391 2446 ¹

1824 2538 2003 2576 nomen
2028 2521 2135 2590 ejus
2162 2518 2483 2572 Emmanuel.
2520 2513 2680 2568 Multa
2709 2511 2797 2564 Dei
2826 2507 3149 2579 indulgentia
3168 2546 3184 2572 ,
3218 2505 3393 2575 ingra-

1826 2614 2057 2669 tissimus
2102 2618 2184 2665 est
2210 2608 2347 2678 regis
2382 2606 2610 2661 animus.
2639 2600 2925 2670 Oportebat
2960 2599 3103 2653 enim
3146 2610 3393 2651 eunnauo

1826 2704 1937 2758 dito
1965 2700 2218 2771 propheta
2238 2739 2252 2761 ,
2281 2697 2347 2751 de
2385 2695 2539 2750 dictis
2566 2692 2693 2747 nihil
2718 2690 2959 2745 dubitare
2987 2704 3001 2743 :
3030 2684 3172 2757 quod
3210 2685 3255 2740 si
3297 2683 3394 2739 du-

1826 2793 2059 2857 bitabat,
2098 2790 2283 2846 saltem
2323 2788 2436 2840 viso
2478 2784 2629 2855 signo
2664 2781 2921 2847 credere,
2961 2776 3103 2850 quod
3154 2775 3395 2846 plerique

1827 2884 1962 2955 apud
1984 2882 2195 2938 Judaeos
2241 2878 2495 2933 iecerunt.
2526 2874 2733 2929 Etenim
2786 2872 2923 2926 Deus
2967 2869 3225 2939 benignus
3270 2880 3394 2923 cum

1827 2978 1930 3043 sit,
1959 2991 2064 3029 non
2098 2970 2359 3029 recusavit
2392 2982 2535 3037 saepe
2562 2966 2710 3036 signa
2753 2963 2992 3034 praebere
3042 2958 3393 3016 crassioribus

1826 3076 1881 3121 et
1903 3064 2046 3119 humi
2096 3059 2400 3130 repentibus
2449 3066 2708 3124 terraique
2736 3052 2907 3107 amxis
2952 3066 2968 3105 :
3021 3058 3079 3104 ut
3126 3048 3250 3103 fecit
3289 3047 3395 3103 Gev-

1827 3154 1984 3211 deoni
2037 3152 2134 3223 (a).
2184 3150 2315 3205 Cum
2363 3146 2503 3203 enim
2549 3143 2775 3215 (Achaz)
2826 3147 2969 3196 esset
3011 3138 3303 3208 imperitior
3340 3145 3395 3192 et

1827 3241 2109 3299 admodum
2149 3238 2328 3302 rudis,
2360 3236 2480 3291 vide
2521 3249 2625 3305 quo
2672 3233 2810 3288 Deus
2853 3246 2910 3285 se
2938 3228 3227 3284 demiserit.
3276 3225 3395 3296 Ipse

1829 3336 1974 3391 illum
2000 3332 2246 3396 attrahit,
2273 3340 2326 3386 et
2351 3329 2590 3383 hortatur
2618 3336 2677 3380 ut
2704 3325 2911 3395 signum
2942 3328 3083 3391 petat
3112 3341 3125 3376 :
3158 3320 3256 3375 etsi
3287 3333 3392 3373 non

1830 3445 2049 3503 parvum
2088 3428 2188 3483 hoc
2216 3427 2420 3497 signum
2446 3432 2593 3487 erat,
2618 3421 2732 3489 ejus
2761 3432 2949 3473 arcana
2976 3414 3222 3485 prodere,
3250 3412 3396 3482 ejus-

1830 3502 1935 3594 que
1976 3518 2290 3575 sententiam
2320 3524 2483 3569 totam
2513 3512 2564 3566 in
2614 3509 2846 3565 medium
2879 3505 3205 3576 producere,
3245 3512 3299 3557 et
3326 3502 3399 3555 si-

1831 3592 2173 3668 mulationem
2218 3605 2332 3676 ejus
2369 3617 2580 3658 omnem
2611 3599 2879 3669 detegere.
2929 3594 3061 3662 Quia
3088 3592 3231 3648 enim
3276 3604 3399 3658 pro-

1833 3700 1989 3772 pheta
2017 3696 2246 3761 dicehat,
2274 3694 2394 3747 Pete
2413 3692 2498 3745 tibi
2516 3692 2733 3761 signum,
2760 3686 2849 3772 ille
2868 3698 2996 3739 vero
3025 3696 3084 3737 se
3111 3679 3397 3736 admodum

1831 3771 2050 3847 credere
2079 3786 2332 3843 simulans
2358 3771 2863 3851 respondebat,Non
2882 3780 3066 3841 petam,
3099 3778 3263 3824 etnon
3292 3776 3401 3821 ten-

1832 3880 1947 3935 tabo
1975 3877 2267 3938 Dominum,
2297 3870 2414 3926 vide
2430 3884 2552 3925 cum
2569 3871 2762 3936 quanta
2782 3858 3112 3916 vehementia
3140 3856 3397 3927 propheta

1832 3968 2121 4025 sectionem
2165 3961 2398 4031 inﬂigat,
2426 3958 2545 4028 jure
2573 3962 2692 4024 post
2716 3951 3128 4006 demonstratam
3178 3944 3401 4001 simula-

1832 4058 2025 4113 tionem
2070 4052 2278 4123 gravius
2316 4050 2579 4103 intentans
2604 4042 2825 4098 crimen.
2853 4037 2977 4093 ldeo
3018 4036 3163 4090 illum
3206 4049 3274 4089 ne
3313 4049 3402 4087 re-

1832 4146 2115 4217 sponsione
2131 4141 2337 4213 quidem
2355 4138 2618 4208 dignatur,
2642 4131 2733 4187 sed
2754 4130 2817 4186 ad
2835 4129 3087 4201 populum
3100 4140 3401 4184 sermonem

1831 4234 2092 4294 convertit
2123 4251 2136 4287 :
2166 4230 2548 4290 Audite,domus
2578 4222 2780 4277 Dauid:
2812 4218 3074 4287 Numquid
3104 4231 3285 4285 parum
3309 4230 3399 4267 vo-

1833 4328 1906 4383 bis
1934 4336 2038 4391 est,
2078 4337 2286 4394 agonem
2327 4317 2545 4388 pra'bere
2581 4309 2902 4367 hominibus?
2940 4306 3008 4359 Et
3053 4320 3142 4357 cur
3182 4301 3403 4356 Domino

1832 4432 2040 4489 agonem
2067 4392 2330 4483 prtebetis?
2355 4408 2645 4463 Obscurum
2671 4410 2753 4456 est
2778 4399 2830 4453 id
2857 4395 2997 4467 quod
3018 4394 3211 4449 dicitur
3238 4410 3252 4446 :
3281 4392 3402 4447 ideo

1832 4481 2030 4563 dictum
2060 4481 2187 4557 illud
2233 4505 2478 4555 accurate
2506 4506 2587 4549 est
2634 4487 3028 4559 explicandum.
3060 4482 3212 4552 Quod
3258 4481 3403 4537 enim

1831 4599 1987 4661 dicit,
2012 4596 2113 4649 hoc
2135 4604 2216 4648 est
2246 4589 2417 4647 :Num
2446 4599 2564 4641 mea
2591 4582 2750 4637 verba
2778 4577 2940 4635 sunt?
2969 4591 3094 4631 num
3120 4589 3238 4629 mea
3277 4588 3403 4628 sen-

1835 4686 2032 4744 tentia?
2068 4683 2123 4739 Si
2160 4689 2335 4736 autem
2380 4675 2682 4732 hominibus
2707 4685 2813 4726 non
2856 4668 3075 4723 credere
3101 4665 3217 4721 sine
3245 4678 3403 4719 causa

1830 4791 1989 4848 grave
2016 4784 2068 4830 et
2090 4769 2457 4829 criminatione
2498 4765 2714 4835 dignum
2741 4770 2853 4827 est,
2881 4758 3047 4813 multo
3072 4755 3238 4824 magis
3269 4752 3399 4806 Deo.

1832 4846 1965 4927 Illud
1996 4870 2173 4939 igitur,
2200 4876 2425 4935 agonem
2469 4858 2745 4930 praebere,
2784 4852 2915 4908 nihil
2943 4846 3083 4903 aliud
3111 4852 3195 4939 est
3240 4856 3401 4939 quam

1834 4965 1990 5019 ﬁdem
2015 4930 2373 5029 negare.'lloc
2390 4995 2405 5019 ,
2434 4949 2636 5021 inquit,
2660 4960 2784 5001 num
2813 4954 3032 5012 parvum
3062 4935 3263 4990 crimen
3284 4930 3401 4987 est!

1834 5072 1898 5110 an
1931 5022 2485 5123 parva-criminationis
2510 5053 2667 5097 causa
2693 5032 2994 5091 hominibus
3011 5043 3115 5083 non
3140 5022 3405 5081 credere?

1835 5116 1986 5212 Quod
2012 5144 2056 5198 si
2083 5144 2182 5198 hoc
2205 5154 2392 5213 grave,
2423 5133 2589 5189 multo
2620 5126 2788 5196 magis
2816 5138 2921 5178 non
2942 5118 3163 5177 credere
3194 5116 3327 5172 Deo.

1896 5285 1913 5315 ⁸
1952 5281 2009 5331 In
2024 5278 2183 5329 Bibliis
2203 5276 2401 5338 legitur,
2423 5274 2469 5319 et
2489 5263 2691 5317 vocabis.

1897 5365 1968 5426 (α)
2001 5333 2294 5426 “nomine
2332 5333 3402 5426 ρυιεωρεξὲἒίὶῐξὶάἐέδὲεὲίτέζιοκὲιὲςντὲἳζ

1835 5396 2323 5476 ἱηιῧίυιῖἷιΙΞῊΙᾞΙῖξε
2333 5396 2751 5476 Ἕιῖιῖξᾶιυυηίυτ
2782 5404 2865 5476 (ξθὲ
3291 5404 3402 5476 qui

1831 5461 2532 5536 iamend‘euﬁcha'w'dic'uutur‘.
2556 5461 2723 5536 neque
2744 5461 3271 5536 adeum
3289 5465 3401 5536 eum

1833 5521 2320 5606 Ei'éﬁhiﬁiiéiifhi
2330 5521 2408 5584 hic
2427 5521 2667 5605 Gedeonis
2699 5521 3003 5599 exemplum,
3014 5521 3085 5568 sic
3112 5521 3274 5625 ratu-is
3294 5526 3402 5585 rem

1834 5605 2083 5625 λιι-ιη.-.-
2134 5598 2265 5625 nulla
2294 5597 2406 5625 Ann
2447 5604 2587 5625 mann
2614 5589 2859 5625 Indis-gnta
2886 5580 3015 5625 miod
3047 5590 3110 5625 γε
3166 5573 3313 5625 unde
3334 5583 3400 5625 ιιι

1831 5573 2408 5661 EhiiJhiiS
2430 5573 2864 5655 'sigaé'iﬁdaaita
2886 5573 3015 5646 quod
3047 5573 3128 5627 vel
3166 5573 3313 5638 quale
3334 5577 3400 5625 sit

1835 5667 1950 5720 illud
1975 5660 2269 5725 exemplum.
