4156 6312
759 336 833 390 33
1467 327 1523 383 S.
1560 321 1837 382 JOANNIS
1873 314 2338 379 CHRYSOSTOMI
2377 312 2695 372 ARCHIEP.
2733 312 3263 373 CONSTANTINOP.
3961 329 4021 381 84

829 444 883 500 5.
925 443 1038 498 lloc
1082 456 1241 514 porro
1287 438 1515 506 dicebat,
1546 447 1604 492 ut
1649 436 1916 491 discerent
1965 446 2169 494 omnes,
2202 444 2331 499 pro-

756 536 972 607 phetam
999 534 1169 603 decipi
1200 548 1304 587 non
1332 546 1510 601 posse,
1538 543 1637 584 nec
1680 544 1709 582 a
1752 525 1947 591 verbis,
1970 538 2089 592 quae
2132 520 2333 592 prolata

755 629 987 696 inerant,
1040 629 1318 697 deceptum
1364 640 1504 692 esse,
1535 622 1628 679 sed
1680 622 1747 676 ab
1788 620 1872 682 iis,
1903 632 2021 688 qua:
2061 616 2112 670 in
2157 622 2335 669 mente

755 720 954 774 Achati
1002 727 1181 784 erant,
1217 717 1421 772 ferebat
1464 713 1802 771 sententiam.
1833 708 1945 764 Hoc
1986 716 2039 762 et
2062 706 2334 760 Christum

752 824 897 878 saepe
935 807 1125 863 fecisse
1156 809 1207 861 in
1237 808 1535 877 Evangelis
1564 804 1775 875 legitur.
1805 799 1957 855 Prius
1993 797 2133 853 enim
2176 808 2333 865 quam

754 899 1262 955 demonstrationem
1309 912 1374 951 ex
1429 895 1593 965 signis
1640 891 1923 963 praeberet,
1952 886 2205 942 malitiam
2236 884 2334 940 Ju-

752 989 1014 1056 deorum,
1043 1004 1200 1059 quam
1241 996 1418 1042 mente
1452 984 1756 1047 versabant,
1798 981 1851 1035 in
1882 978 2113 1034 medium
2154 975 2330 1047 proie-

751 1093 896 1143 rens,
931 1079 1032 1133 hoc
1058 1078 1168 1148 jam
1212 1092 1318 1131 non
1359 1090 1577 1144 parvum
1608 1075 1815 1143 signum
1852 1068 2081 1125 edebat:
2123 1074 2181 1120 ut
2212 1065 2333 1120 fecit

751 1170 891 1223 circa
922 1169 1292 1239 paralyticum.
1335 1166 1468 1221 Cum
1500 1164 1643 1220 enim
1692 1162 1767 1217 illi
1806 1159 2024 1214 dixisset
2053 1172 2068 1212 :
2099 1155 2328 1223 Con/ide,

752 1260 849 1327 ﬁli,
871 1260 1189 1312 dimittuntur
1218 1256 1306 1310 tibi
1334 1266 1557 1326 peccata,
1582 1254 1787 1324 ipsique
1804 1250 2043 1305 dicerent
2063 1248 2113 1302 in
2138 1254 2333 1302 semct-

755 1352 905 1420 ipsis,
953 1350 1278 1419 Blasphemat
1309 1347 1517 1418 (Matth.
1547 1346 1603 1401 9.
1632 1344 1687 1399 2.
1720 1342 1774 1408 5)
1809 1361 1822 1396 :
1865 1340 1997 1395 dixit
2024 1339 2124 1393 illis
2156 1337 2332 1407 prius-

751 1458 909 1512 quam
940 1441 1291 1512 paralyticum
1323 1439 1599 1493 roboraret
1629 1455 1641 1491 :
1687 1432 1825 1503 Quid
1850 1430 2080 1503 cogitatis
2109 1429 2245 1483 mala
2280 1428 2333 1482 in

752 1531 986 1585 cordibus
1013 1530 1184 1584 vestris
1211 1528 1373 1599 (Ibid.
1403 1544 1449 1581 v.
1473 1527 1569 1597 4)?
1617 1525 1903 1580 maximum
1946 1521 2047 1577 hoc
2090 1518 2333 1590 prtebens

752 1620 1045 1676 divinitatis
1072 1619 1343 1686 indicium,
1382 1618 1522 1689 quod
1550 1630 1739 1672 arcana
1785 1613 1979 1668 mentis
2021 1616 2222 1666 nosset.
2258 1607 2334 1662 Tu

750 1711 907 1777 enim,
939 1709 1128 1781 inquit,
1174 1709 1307 1763 nosti
1349 1708 1502 1762 corda
1546 1709 1683 1763 solus
1733 1706 1808 1777 (ὅ.
1839 1704 1967 1775 Reg.
2015 1701 2067 1757 8.
2120 1699 2237 1772 39).
2265 1698 2335 1754 Et

752 1801 919 1857 David
941 1816 1124 1857 rursus
1143 1802 1216 1855 ait
1231 1804 1246 1832 ί
1274 1818 1287 1856 :
1314 1800 1557 1857 Scrutans
1582 1798 1739 1854 corda
1760 1807 1805 1853 et
1827 1812 1967 1852 renes
1995 1794 2128 1850 Deus
2157 1792 2329 1863 (Psal.

752 1891 808 1945 7.
834 1891 942 1964 10).
971 1891 1084 1947 Hoc
1112 1891 1275 1947 etiam
1304 1890 1575 1962 prophetis
1601 1902 1744 1959 saepe
1772 1888 1933 1943 dabat
1957 1886 2097 1942 Deus
2124 1894 2184 1939 ut
2210 1899 2333 1939 nos-

750 1991 872 2037 sent
895 2023 911 2049 ,
944 1991 1004 2038 ut
1028 1983 1116 2053 qui
1148 1982 1436 2038 audiebant
1480 1982 1604 2037 hinc
1629 1980 1948 2047 ediscerent,
1986 1977 2117 2033 nihil
2145 1992 2329 2033 eorum

750 2080 870 2143 Quae
912 2073 1216 2129 dicebantur
1266 2075 1552 2129 humanum
1582 2086 1722 2138 esse,
1751 2069 1845 2127 sed
1890 2084 2119 2141 superne
2162 2077 2216 2125 et
2264 2069 2330 2125 de

749 2163 894 2219 caelis
922 2179 1083 2219 omne
1111 2164 1386 2220 decretum
1433 2179 1551 2219 esse
1590 2163 1844 2219 delatum.
1886 2160 2010 2215 ideo
2055 2160 2330 2215 vocalissi-

753 2268 872 2310 mus
900 2253 986 2311 hic
1026 2255 1189 2310 lsaias
1216 2263 1495 2326 postquam
1526 2268 1649 2310 cum
1674 2252 1819 2307 omni
1847 2250 2209 2306 moderatione
2247 2264 2331 2304 re-

750 2360 870 2416 gem
914 2353 1030 2401 erat
1052 2346 1377 2415 alloquutus,
1401 2359 1627 2415 eumque
1656 2359 1685 2397 a
1714 2343 1867 2398 malis
1908 2342 2242 2403 liberaverat,
2268 2355 2329 2395 ac

750 2437 819 2493 de
851 2439 1200 2508 prmsentibus
1227 2437 1765 2508 conliderejusserat,
1803 2444 1856 2490 et
1891 2435 2081 2490 indicia
2108 2434 2329 2504 hujusce

751 2528 828 2582 rei
860 2529 959 2600 ipsi
990 2529 1324 2598 praebuisset,
1356 2528 1495 2599 quod
1524 2528 1801 2584 consilium
1832 2541 1891 2581 se
1918 2526 2329 2597 oppugnantium

749 2619 851 2688 ipsi
895 2620 1215 2690 aperuisset,
1248 2620 1601 2690 proditionem
1630 2619 1934 2684 detexisset,
1964 2618 2330 2687 excidiumque

751 2708 1014 2779 integrum
1040 2708 1255 2765 lsraelis
1289 2708 1637 2779 prtedixisset,
1668 2716 1723 2763 et
1764 2716 1973 2777 tempus
2007 2707 2325 2775 adjecisset:

754 2797 837 2853 bis
864 2816 968 2853 non
993 2807 1295 2864 contentus,
1317 2798 1543 2854 ulterius
1570 2797 1920 2869 progreditur,
1942 2812 2111 2866 neque
2138 2796 2330 2851 insistit

754 2900 813 2946 ut
840 2892 1047 2962 signum
1088 2892 1341 2962 postulet,
1372 2891 1467 2948 sed
1493 2892 1663 2958 illum,
1693 2889 1761 2946 ob
1794 2891 2013 2945 nimiam
2045 2890 2329 2946 increduli-

753 2992 916 3039 tatem
963 2984 1013 3039 id
1063 2985 1356 3051 nolentem,
1387 2984 1654 3050 hortatur;
1701 2997 1873 3053 neque
1913 2981 1966 3037 id
1996 2982 2326 3051 simpliciter,

750 3078 848 3132 sed
899 3076 1119 3132 liberam
1170 3086 1484 3147 potestatem
1536 3077 1745 3147 signum
1785 3074 2013 3145 eligendi
2058 3073 2325 3145 relinquit.

754 3167 938 3236 Neque
983 3168 1125 3223 enim
1172 3168 1325 3238 dicit,
1348 3168 1454 3224 hoc
1482 3166 1566 3222 vel
1618 3165 1743 3221 illud
1774 3165 2001 3235 signum,
2030 3164 2123 3220 sed
2154 3172 2210 3219 ut
2237 3180 2331 3219 vo-

751 3257 949 3323 lueris,
993 3259 1101 3324 ait;
1152 3258 1299 3313 dives
1326 3267 1413 3315 est
1453 3258 1725 3325 Dominus,
1760 3258 2095 3326 omnipotens
2140 3258 2327 3325 virtus,

752 3346 1039 3401 ineﬂ'abilis
1066 3356 1324 3416 potestas.
1357 3346 1411 3399 Si
1436 3361 1502 3399 ex
1528 3347 1673 3400 caelis
1714 3346 1964 3411 volueris,
1998 3346 2124 3400 nihil
2165 3347 2331 3416 impe-

749 3435 868 3500 dit;
916 3436 959 3490 si
1009 3450 1074 3491 ex
1108 3444 1267 3501 terra,
1296 3434 1425 3489 nihil
1473 3436 1735 3503 prohibet.
1782 3435 1838 3489 ld
1882 3436 2024 3489 enim
2073 3435 2173 3490 sibi
2219 3436 2333 3491 vult

750 3528 902 3594 illud,
932 3527 997 3581 In
1018 3528 1347 3599 profundum,
1378 3538 1466 3581 aut
1495 3528 1547 3581 in
1576 3529 1844 3583 excelsum.
1875 3526 2005 3581 Cum
2030 3535 2206 3582 autem
2233 3541 2331 3582 nec

750 3620 831 3673 sie
874 3635 996 3675 eum
1049 3619 1350 3685 adduxerit,
1379 3634 1447 3674 ne
1494 3619 1580 3674 hic
1627 3617 1840 3689 quidem
1892 3617 2072 3681 tacuit,
2100 3616 2194 3672 sed
2240 3630 2329 3671 re-

755 3707 1109 3777 prehensione
1138 3709 1436 3777 subjuncta,
1467 3707 1623 3778 idque
1665 3707 1729 3762 ad
1768 3706 2189 3763 emendationem
2237 3720 2331 3760 au-

752 3800 968 3863 dientis,
984 3809 1035 3854 et
1061 3809 1116 3854 ut
1141 3800 1445 3855 ostenderet
1467 3815 1523 3855 se
1550 3815 1653 3855 non
1682 3799 1825 3855 illum
1847 3798 2137 3870 decepisse,
2158 3812 2331 3868 neque

752 3891 1169 3945 circumvenisse
1197 3891 1397 3958 verbis,
1443 3890 1774 3962 prophetiam
1816 3890 2017 3947 revelat
2062 3903 2324 3957 arcanam,

751 3982 803 4034 in
830 3981 1057 4035 salutem
1079 3981 1223 4035 orbis
1246 3982 1495 4049 futuram,
1520 3992 1573 4037 et
1600 3982 1653 4037 in
1682 3997 1859 4037 rerum
1891 3981 2125 4037 omnium
2151 3995 2330 4035 emen-

752 4070 1024 4125 dationem
1051 4090 1063 4125 :
1092 4074 1270 4140 aitque
1300 4073 1507 4143 signum
1544 4089 1649 4127 non
1675 4072 1925 4143 deinceps
1955 4072 2067 4127 dari
2096 4074 2329 4137 Achazo,

750 4162 843 4216 sed
874 4160 969 4215 toti
1014 4160 1321 4215 Judmorum
1358 4162 1571 4230 populo.
1607 4162 1761 4217 lnitio
1784 4163 1921 4217 enim
1953 4163 2122 4232 ipsum
2153 4177 2329 4233 regem

752 4248 1153 4320 alloquebatur;
1204 4254 1323 4321 quia
1368 4268 1495 4307 vero
1536 4268 1593 4307 se
1636 4254 1747 4321 ipse
1778 4253 2047 4323 indignum
2079 4253 2327 4319 reddidit,

756 4344 958 4398 turbam
984 4343 1164 4412 populi
1194 4344 1502 4412 alloquitur.
1534 4343 1676 4407 Ideo,
1700 4342 1884 4411 inquit,
1912 4342 2047 4395 dabit
2074 4357 2177 4395 non
2215 4343 2327 4408 tibi,

752 4432 845 4485 sed
873 4433 1007 4485 vobis
1036 4434 1253 4504 signum.
1296 4432 1465 4498 Vobis,
1492 4434 1841 4503 quibusnam?
1887 4432 1955 4486 lis
1998 4432 2085 4500 qui
2113 4440 2234 4485 sunt
2277 4432 2329 4486 in

751 4520 912 4575 domo
961 4524 1147 4577 David.
1208 4525 1416 4579 Etenim
1476 4525 1621 4579 illinc
1670 4525 1876 4594 signum
1926 4532 2166 4577 exortum
2225 4531 2326 4578 est.

749 4610 1029 4677 Quodnam
1062 4612 1219 4679 igitur
1242 4623 1321 4666 est
1351 4614 1593 4683 signum?
1625 4614 1755 4667 Ecce
1776 4614 1911 4683 virgo
1938 4613 1990 4665 in
2021 4622 2161 4665 utero
2200 4613 2332 4665 acci-

750 4704 869 4773 piet,
899 4710 947 4754 et
991 4702 1150 4769 pariet
1179 4701 1362 4769 filium,
1392 4713 1436 4755 et
1465 4706 1706 4757 vocabunt
1749 4720 1928 4757 nomen
1970 4704 2079 4773 ejus
2118 4702 2329 4755 Emma-

752 4796 891 4847 nuel.
925 4793 1347 4859 Observandum,
1370 4792 1418 4845 id
1446 4794 1585 4862 quod
1617 4803 1671 4847 et
1695 4803 1815 4848 ante
1838 4795 1967 4859 dixi,
1993 4810 2095 4849 non
2120 4795 2331 4849 Achazo

749 4885 932 4940 datum
966 4883 1128 4938 fuisse
1158 4884 1383 4953 signum.
1410 4882 1559 4950 Quod
1590 4892 1766 4937 autem
1795 4882 1846 4937 id
1888 4900 1991 4938 non
2036 4901 2101 4938 ex
2145 4885 2329 4953 conje-

750 4987 899 5032 ctura
946 4975 1169 5041 dicatur,
1205 4976 1315 5045 ipse
1362 4975 1617 5044 propheta
1650 4974 1945 5043 objurgavit
1983 4984 2038 5027 et
2065 4974 2331 5028 accusavit

750 5070 935 5123 dicens
961 5086 975 5121 :
1009 5066 1275 5137 Numquid
1300 5083 1479 5137 parum
1505 5068 1637 5120 vobis
1669 5076 1737 5120 est
1762 5082 1969 5136 agonem
1993 5066 2211 5134 praebere
2241 5066 2331 5118 Ito-

749 5158 967 5211 minibus
985 5158 1010 5210 ?
1036 5169 1089 5213 et
1114 5158 1341 5228 adjecit:
1372 5157 1495 5211 Ideo
1522 5157 1657 5210 dabit
1685 5157 1929 5210 Dominus
1954 5156 2086 5209 vobis
2106 5155 2324 5225 signum.

751 5247 883 5301 Ecce
913 5249 1051 5317 virgo
1084 5251 1135 5301 in
1169 5260 1307 5303 utero
1348 5251 1561 5305 habebit.
1589 5249 1643 5304 Si
1688 5258 1863 5303 autem
1893 5248 2039 5317 virgo
2069 5261 2171 5301 non
2202 5247 2331 5301 fuis-

752 5347 855 5407 set,
888 5341 1095 5409 signum
1145 5355 1251 5392 non
1279 5352 1411 5395 erat.
1452 5341 1669 5411 Signum
1720 5340 1859 5394 enim
1908 5353 2083 5393 rerum
2134 5337 2326 5393 seriem

810 5449 826 5479 ι
864 5455 986 5518 Beg._
1010 5454 1060 5497 et
1082 5447 1310 5518 Savrlqct
1335 5450 1702 5518 Pautusrursus
1725 5448 1808 5499 ait.
1852 5449 2109 5518 Moreluet
2143 5454 2325 5518 Bavar.,

744 5515 789 5559 ct
832 5508 986 5560 David
1011 5522 1181 5572 rursus
1204 5508 1287 5565 ait,
1337 5517 1386 5572 et
1418 5512 1487 5559 sic
1510 5510 1631 5572 legit
1664 5512 1929 5572 Interpres.
1957 5510 2122 5560 Melius
2145 5517 2283 5559 certe
2312 5523 2323 5558 :

744 5584 853 5618 nam
875 5572 969 5619 etsi
994 5571 1198 5632 idipsum
1245 5570 1432 5627 Paulus,
1458 5570 1584 5619 Rom:
1612 5572 1657 5629 8,
1686 5573 1763 5630 27,
1794 5570 1858 5619 ex
1882 5572 2058 5621 Davide
2083 5580 2329 5621 mutuatus

743 5632 971 5697 proferat,
990 5644 1106 5697 cum
1128 5634 1290 5697 verba
1305 5638 1487 5697 tantum
1512 5634 1715 5697 D_avidls,
1760 5633 1975 5697 nihilque
2001 5632 2130 5684 aliud
2155 5633 2326 5683 affera-

742 5699 838 5751 tur,
860 5693 1018 5743 Davidi
1044 5692 1218 5743 melius
1236 5692 1519 5742 adscribitur
1543 5691 1690 5742 locus.

2446 426 2705 483 excedere
2730 426 2909 493 debet,
2938 436 2991 484 et
3029 438 3231 483 naturae
3274 429 3709 485 consuetudinem
3747 444 4019 500 superare,

2441 514 2674 587 itemque
2713 532 2908 573 novum
2939 526 2993 573 et
3034 519 3455 588 inexspectatum
3490 536 3631 586 esse,
3672 523 3742 575 ita
3773 531 3831 575 ut
3855 522 3910 576 id
3944 523 4019 575 in-

2439 606 2591 675 signe
2636 608 2706 663 sit
2756 609 2978 679 singulis
3004 609 3095 679 qui
3144 609 3325 666 vident
3348 619 3404 666 et
3430 613 3672 667 audiunt.
3727 612 3854 669 Ideo
3879 614 4017 668 enim

2438 698 2647 768 signum
2687 701 3005 770 appellatur,
3033 701 3173 771 quod
3215 703 3284 757 sit
3323 703 3550 774 insigne.
3596 703 3806 774 Insigne
3841 712 4017 759 autem

2439 806 2545 847 non
2594 792 2771 860 fuerit,
2801 794 2845 848 si
2883 792 3161 850 delitescat
3201 794 3253 849 in
3282 797 3663 851 communitate
3700 806 4012 851 caeterarum

2438 895 2635 936 rerum.
2678 882 2859 953 Itaque
2902 884 2945 938 si
2973 898 3150 939 sermo
3175 892 3320 940 esset
3361 885 3429 941 de
3455 885 3680 941 muliere
3724 886 4017 940 secundum

2438 981 2641 1029 natum
2690 974 2857 1045 legem
2910 975 3180 1043 pariente,
3224 991 3320 1031 cur
3362 976 3570 1046 signum
3616 986 3837 1032 vocaret
3880 978 4018 1047 quod

2439 1063 2675 1131 quotidie
2720 1064 2835 1119 ﬁeri
2882 1064 3062 1120 solet?
3105 1066 3227 1121 ldeo
3257 1068 3309 1121 in
3355 1066 3576 1122 exordio
3604 1069 3887 1134 sermonis,
3918 1083 4016 1122 non

2440 1156 2753 1226 simpliciter
2774 1156 2925 1221 dixit,
2968 1157 3107 1212 Ecce
3132 1158 3300 1226 virgo,
3326 1158 3441 1223 sed,
3472 1158 3603 1213 Ecce
3628 1159 3733 1213 tusc
3757 1159 3901 1228 virgo
3925 1156 4018 1228 (a),

2439 1246 2711 1301 additione
2739 1247 2944 1301 articuli
2978 1246 3237 1317 insignem
3264 1247 3569 1317 quamdam,
3598 1257 3653 1303 et
3679 1247 3819 1302 hanc
3848 1248 4017 1302 solam

2438 1336 2603 1392 fuisse
2632 1338 2786 1392 nobis
2815 1337 3178 1393 subindicans.
3205 1338 3357 1407 Quod
3387 1340 3528 1394 enim
3561 1340 3663 1395 hoc
3686 1340 4019 1395 additamen-

2438 1440 2548 1485 tum
2592 1429 2642 1485 id
2688 1430 2969 1501 signiiicet,
3014 1446 3079 1487 ex
3115 1430 3415 1501 Evangeliis
3458 1431 3667 1487 discere
3709 1446 4018 1500 possumus.

2436 1521 2567 1577 Cum
2593 1522 2734 1577 enim
2759 1522 2825 1577 ad
2848 1522 3106 1578 Joannem
3133 1522 3583 1578 misissentJudzei
3612 1523 4017 1591 interrogantes,

2440 1610 2564 1677 Quis
2600 1613 2691 1667 cs.’
2720 1627 2824 1667 non
2859 1612 3127 1677 dicebant,
3159 1612 3239 1667 Tu
3269 1627 3328 1668 es
3353 1611 3593 1667 Christus
3617 1628 3631 1675 ;
3660 1611 3776 1678 sed,
3804 1612 3868 1668 Si
3898 1623 3952 1666 tu
3976 1629 4020 1667 es

2436 1705 2521 1759 ille
2545 1703 2773 1761 Christus
2800 1723 2820 1760 .°
2847 1720 3018 1775 neque
3062 1704 3327 1772 dicebant,
3358 1704 3437 1759 Tu
3467 1720 3524 1759 es
3566 1704 3858 1775 prepheta;
3892 1705 4017 1767 sed,

2438 1797 2500 1855 Si
2527 1808 2579 1852 tu
2606 1814 2655 1853 es
2684 1799 2771 1853 illc
2793 1800 3038 1870 prapheta
3058 1796 3239 1867 (Joan.
3280 1798 3333 1851 Ι.
3366 1797 3454 1852 l9.
3479 1796 3571 1867 25)
3596 1815 3608 1851 :
3642 1798 3783 1866 quod
3816 1807 4020 1852 utrum-

2436 1905 2539 1961 que
2569 1892 2820 1946 eximium
2851 1900 2983 1945 erat.
3017 1891 3139 1946 ideo
3167 1890 3401 1946 Joannes
3428 1890 3770 1960 Evangelium
3802 1890 4021 1945 ordiens

2436 1998 2539 2038 non
2562 1983 2791 2049 dicebat,
2823 1983 2875 2037 ln
2906 1982 3165 2053 principio
3188 1994 3301 2038 erat
3326 1981 3578 2047 Verbum,
3617 1981 3732 2048 sed,
3768 1980 3835 2035 In
3876 1982 4021 2050 prin-

2435 2074 2564 2144 cipio
2610 2083 2718 2129 erat
2763 2073 2893 2128 illud
2931 2073 3165 2141 Verbum,
3194 2082 3243 2127 ct
3289 2073 3419 2127 illud
3470 2072 3682 2127 Verbum
3725 2082 3833 2125 erat
3882 2072 4021 2141 apud

2434 2164 2599 2218 Deum
2630 2166 2805 2235 (Joau.
2842 2166 2892 2219 1.
2935 2166 3010 2234 1).
3054 2163 3141 2220 Sic
3180 2172 3233 2219 et
3256 2163 3360 2219 hoc
3398 2163 3517 2218 loco
3558 2178 3663 2218 non
3693 2163 3848 2230 dixit,
3883 2162 4022 2219 Ecce

2434 2258 2603 2326 virgo,
2622 2257 2737 2323 sed,
2761 2257 2887 2311 Ecce
2905 2262 3010 2311 Iuro
3036 2259 3173 2328 virgo
3200 2272 3217 2310 :
3240 2272 3303 2312 ac
3322 2272 3441 2313 cum
3464 2257 3717 2327 dignitate
3744 2256 4021 2327 prophetae

2433 2349 2765 2404 convenienti
2797 2349 2946 2413 illud,
2983 2347 3131 2416 Ecce,
3160 2349 3517 2418 prsemittitur.
3556 2348 3685 2402 Nam
3734 2347 3909 2404 ferme
3938 2350 4018 2403 vi-

2434 2440 2609 2495 dentis
2653 2450 2706 2497 et
2754 2441 3034 2511 imaginem
3066 2441 3119 2495 in
3168 2451 3345 2496 mente
3390 2440 3637 2497 habentis
3681 2441 3795 2496 hsce
3839 2451 4017 2507 erant,

2434 2531 2758 2599 multamque
2807 2532 2857 2585 in
2902 2546 2961 2587 se
3013 2531 3259 2586 habentis
3304 2545 3487 2586 eorum
3537 2546 3653 2601 quae
3705 2530 4022 2585 dicebantur

2434 2623 2775 2678 evidentiam.
2820 2623 2953 2678 Nam
2999 2623 3073 2677 illi
3102 2623 3239 2678 oculi
3279 2622 3472 2678 clarius
3498 2638 3654 2693 quam
3705 2624 3873 2678 nostri
3934 2624 4020 2677 illa

2434 2713 2533 2766 sub
2571 2722 2843 2782 aSpectum
2887 2729 2991 2767 non
3037 2713 3277 2769 cadentia
3321 2713 3589 2768 videbant.
3620 2713 3820 2769 Sensus
3873 2714 4019 2768 enim

2433 2802 2607 2873 decipi
2636 2812 2843 2873 potest;
2872 2802 3102 2873 Spiritus
3131 2818 3261 2859 vero
3305 2805 3476 2874 gratia
3502 2804 3631 2858 nulli
3669 2802 3895 2859 fallaciae
3926 2804 4022 2859 ob-

2436 2894 2648 2948 noxiam
2680 2893 2996 2948 sententiam
3027 2893 3315 2962 praebebat.

2505 2983 2559 3038 6.
2591 2982 2657 3037 Et
2681 2997 2776 3038 cur
2801 2997 2906 3038 non
2936 2982 3148 3053 adjecit,
3180 2982 3405 3053 inquies,
3434 2989 3642 3052 partum
3664 2981 3778 3039 fore
3805 2995 3872 3038 ex
3904 2982 4026 3051 Spi-

2435 3072 2538 3127 ritu
2566 3073 2784 3128 sancto?
2812 3072 3092 3143 Prophetia
3122 3082 3237 3127 erat
3260 3072 3313 3127 id
3339 3072 3481 3142 quod
3512 3072 3806 3137 dicebatur,
3836 3082 3893 3127 et
3923 3071 4025 3126 sub

2436 3164 2619 3219 umbra
2646 3164 2945 3219 annuntiari
2967 3163 3214 3229 debebat,
3245 3173 3302 3219 ut
3330 3178 3470 3233 saepe
3494 3163 3624 3227 dixi,
3656 3162 3725 3218 ob
3754 3162 4023 3233 ingratum

2437 3257 2763 3311 audientium
2786 3256 3046 3323 animum,
3070 3271 3137 3311 ne
3162 3256 3339 3310 omnia
3365 3254 3508 3311 clare
3538 3255 3825 3320 discentes,
3856 3254 4029 3308 libros

2435 3361 2620 3401 omnes
2662 3347 3058 3401 comburerent.
3104 3346 3160 3401 Si
3191 3361 3417 3417 namque
3460 3345 3734 3416 prophetis
3772 3361 3879 3400 non
3930 3361 4025 3416 pe—

2436 3446 2741 3506 percerunt,
2764 3438 2933 3492 multo
2964 3437 3139 3491 minus
3156 3452 3182 3489 a
3202 3438 3410 3505 scriptis
3438 3437 3843 3491 abstinuissent.
3868 3434 4027 3501 Quod

2435 3535 2612 3581 autem
2640 3526 2690 3581 id
2722 3542 2827 3580 non
2861 3542 2928 3581 ex
2955 3526 3258 3596 conjectura
3286 3527 3483 3580 dictum
3516 3526 3604 3591 sit,
3637 3525 3773 3579 alius
3802 3526 4025 3595 quidam

2435 3632 2533 3672 rex
2566 3617 2664 3672 sub
2688 3617 2918 3672 Jeremia
2939 3658 2954 3683 ,
2986 3632 3104 3672 cum
3135 3617 3277 3686 ipsos
3304 3616 3465 3671 libros
3493 3617 3821 3685 accepisset,
3856 3615 4027 3671 disci-

2436 3709 2530 3771 dit,
2560 3718 2613 3763 et
2656 3708 2762 3779 igni
2807 3707 3019 3762 tradidit
3063 3706 3195 3776 (Jer.
3239 3706 3327 3761 56.
3376 3706 3491 3778 23).
3523 3705 3715 3761 Viden'
3756 3707 4025 3761 insaniam

2438 3798 2864 3855 intolerabilem?
2891 3797 3207 3853 viden‘iram
3232 3799 3438 3854 ratione
3462 3812 3680 3852 vacuam
3699 3798 3722 3851 1'
3742 3796 3858 3851 Non
3890 3799 4024 3853 satis

2437 3895 2536 3964 ipsi
2565 3894 2662 3949 fuit
2688 3894 2882 3964 scripta
2914 3894 3261 3959 obliterasse,
3290 3894 3447 3949 etiam
3488 3892 3801 3959 combussit,
3832 3901 3894 3947 ut
3934 3908 4027 3947 ra-

2438 3988 2597 4043 tionis
2624 3995 2897 4059 expertem
2929 3986 3176 4042 aﬂ‘ectum
3205 3985 3468 4056 impleret.
3505 3985 3752 4038 Attamen
3781 3984 3883 4038 etsi
3929 3984 4029 4037 mi-

2437 4081 2616 4136 rabilis
2634 4079 2721 4135 bic
2740 4078 3002 4149 propheta
3020 4078 3246 4133 obscure
3268 4078 3517 4147 loquutus
3538 4075 3625 4141 sit,
3653 4082 3821 4128 totum
3843 4082 4026 4128 tamen

2438 4173 2698 4230 exhibuit.
2728 4172 2890 4242 Virgo
2930 4186 3177 4241 namque,
3219 4169 3392 4224 donec
3441 4174 3624 4223 manet
3662 4166 3845 4235 virgo,
3882 4166 4028 4219 unde

2438 4279 2629 4335 parere
2660 4264 2858 4334 possit,
2899 4263 2997 4317 nisi
3026 4278 3090 4317 ex
3118 4262 3318 4331 Spiritu
3360 4262 3581 4317 sancto?
3611 4258 3837 4315 Solvere
3878 4260 4025 4313 cnim

2437 4357 2606 4425 legem
2633 4364 2835 4410 naturae
2863 4370 2966 4408 non
3010 4355 3226 4409 alterius
3255 4363 3402 4422 erat,
3432 4367 3589 4422 quam
3632 4351 3745 4420 ejus
3772 4351 3862 4419 qui
3896 4366 4029 4405 con-

2438 4446 2571 4499 didit
2599 4452 2864 4499 naturam.
2890 4444 3073 4512 Itaque
3099 4457 3221 4496 cum
3254 4441 3420 4496 dixit:
3443 4440 3600 4510 Virgo
3626 4440 3814 4509 pariet,
3849 4448 4027 4495 totum

2438 4534 2743 4589 declaravit.
2776 4530 3006 4586 Proinde
3032 4532 3174 4585 dicto
3216 4538 3389 4600 partu,
3432 4529 3560 4583 dicit
3587 4538 3641 4583 et
3679 4544 3876 4584 nomen
3906 4530 4027 4599 ejus

2438 4625 2529 4694 qui
2566 4633 2723 4678 natus
2747 4632 2849 4689 est,
2884 4637 2986 4676 non
3018 4621 3067 4676 id
3108 4621 3251 4691 quod
3286 4620 3335 4675 ei
3382 4621 3686 4690 impositum
3714 4631 3817 4686 est,
3846 4621 3942 4676 sed
3975 4622 4025 4675 id

2439 4716 2580 4787 quod
2603 4731 2669 4771 ex
2696 4716 2854 4771 rebus
2896 4715 3024 4784 ipsis
3061 4714 3135 4768 illi
3176 4713 3529 4783 competebat.
3559 4713 4026 4779 Quemadmodum

2438 4809 2579 4864 enim
2597 4807 2893 4864 Jerusalem
2921 4816 3073 4861 vocat
3097 4808 3365 4862 civitatem
3388 4806 3606 4875 justitia:
3633 4806 3781 4875 (Isai.
3818 4808 3871 4861 1.
3901 4806 4022 4873 26),

2437 4899 2559 4953 licet
2609 4913 2867 4967 nusquam
2918 4897 3019 4952 hoc
3065 4898 3280 4952 nomine
3333 4898 3597 4967 appellata
3647 4897 3753 4961 sit,
3802 4898 3898 4951 sed
3954 4912 4021 4951 ex

2436 4988 2597 5042 rebus
2625 4988 2752 5057 ipsis
2786 4988 2921 5041 hanc
2949 4989 3133 5041 sortita
3160 4988 3229 5041 sit
3260 4988 3714 5043 nomenclaturam
3735 5027 3749 5051 ,
3779 5000 3847 5041 eo
3876 4987 4023 5057 quod

2436 5077 2717 5132 admodum
2740 5077 2989 5131 mutanda
3014 5077 3063 5130 in
3088 5077 3277 5131 melius
3298 5088 3350 5133 et
3376 5077 3639 5147 :equitatis
3660 5076 4023 5145 patrocinium

2435 5164 2572 5223 foret
2591 5167 2807 5240 (etenim
2826 5183 2944 5222 cum
2969 5166 3109 5221 illam
3130 5170 3465 5224 meretricem
3486 5177 3633 5223 vocat
3651 5166 3811 5238 llbid.
3832 5183 3880 5220 υ.
3900 5167 4021 5241 2i],

2437 5274 2541 5314 non
2570 5258 2832 5329 signiﬁcat
2856 5274 2971 5313 eam
3000 5259 3283 5329 aliquando
3303 5260 3401 5314 hoc
3427 5259 3637 5313 nomine
3664 5256 3825 5313 fuisse
3852 5273 4021 5313 voc..-

2438 5360 2541 5406 tam
2566 5368 2578 5417 ;
2608 5349 2700 5405 sed
2730 5364 2759 5403 a
2792 5350 3027 5420 nequitia
3057 5364 3250 5407 nomen
3292 5350 3543 5421 imponit;
3571 5348 3645 5405 sic
3689 5356 3744 5404 et
3771 5358 3962 5419 postea
3992 5365 4022 5405 a

2496 5504 2566 5565 (a)
2600 5504 2654 5552 In
2677 5510 2851 5569 Graeco,
2871 5511 2951 5569 189i:
2969 5515 3181 5569 imum
3197 5539 3209 5561 ,
3229 5518 3336 5554 cum
3359 5502 3558 5552 articulo
3578 5503 3658 5569 qui
3678 5501 3889 5569 aliquam
3912 5506 4016 5554 vir-

2433 5568 2595 5629 ginem
2631 5567 2881 5629 speciatim
2916 5566 3118 5629 indicat;
3145 5579 3312 5627 meum;
3342 5573 3535 5629 autem,
3576 5566 3734 5629 uirgo,
3762 5568 4021 5629 (Virginem

2434 5624 2704 5691 generatim
2749 5626 2881 5691 dicit.
2911 5625 3021 5691 _V’ox
3049 5624 3302 5689 adjectiva,
3332 5626 3453 5689 lucc,
3492 5624 3694 5676 multum
3731 5624 3873 5677 abest
3898 5639 4023 5689 qum

2435 5687 2618 5740 articuli
2635 5688 2781 5738 Graci
2799 5690 2891 5738 vim
2911 5687 3105 5739 habeat.
