  <div class='ocr_page' id='page_1' title='image "/cluster/home/n/w/nwhite01/storage/ocr_20150623/56/pst.000005712557/088.png"; bbox 0 0 4130 6312; ppageno 0'>
   <div class='ocr_carea' id='block_1_1' title="bbox 136 357 3393 437">
    <p class='ocr_par' dir='ltr' id='par_1_1' title="bbox 136 357 3393 437">
     <span class='ocr_line' id='line_1_1' title="bbox 136 357 3393 437; baseline 0.007 -26"><span class='ocrx_word' id='word_1_1' title='bbox 136 357 201 412; x_wconf 84' lang='grc'>83</span> <span class='ocrx_word' id='word_1_2' title='bbox 1371 366 1441 421; x_wconf 81' lang='lat' dir='ltr'>1N</span> <span class='ocrx_word' id='word_1_3' title='bbox 1480 363 1737 437; x_wconf 78' lang='lat' dir='ltr'>ISAIAM,</span> <span class='ocrx_word' id='word_1_4' title='bbox 1767 366 1921 425; x_wconf 76' lang='lat' dir='ltr'>CAP.</span> <span class='ocrx_word' id='word_1_5' title='bbox 1962 363 2070 424; x_wconf 80' lang='lat' dir='ltr'>vn.</span> <span class='ocrx_word' id='word_1_6' title='bbox 3322 384 3393 437; x_wconf 75' lang='lat'>34</span> 
     </span>
    </p>
   </div>
   <div class='ocr_carea' id='block_1_2' title="bbox 180 466 3391 570">
    <p class='ocr_par' dir='ltr' id='par_1_2' title="bbox 180 466 3391 570">
     <span class='ocr_line' id='line_1_2' title="bbox 180 466 3391 570; baseline 0.006 -34"><span class='ocrx_word' id='word_1_7' title='bbox 180 474 245 570; x_wconf 50' lang='grc' dir='ltr'>εξ</span> <span class='ocrx_word' id='word_1_8' title='bbox 273 466 377 570; x_wconf 39' lang='lat' dir='ltr'>KG}</span> <span class='ocrx_word' id='word_1_9' title='bbox 416 468 679 570; x_wconf 33' lang='grc' dir='ltr'>τοῦτοήδὲ</span> <span class='ocrx_word' id='word_1_10' title='bbox 718 471 921 570; x_wconf 57' lang='grc' dir='ltr'>ἔλεγεν,</span> <span class='ocrx_word' id='word_1_11' title='bbox 969 474 1057 529; x_wconf 65' lang='grc' dir='ltr'>ἵνα</span> <span class='ocrx_word' id='word_1_12' title='bbox 1097 476 1581 570; x_wconf 44' lang='grc' dir='ltr'>Δμάθωσιςττάδζτεξῦ</span> <span class='ocrx_word' id='word_1_13' title='bbox 1625 480 1708 570; x_wconf 54' lang='lat' dir='ltr'>5f&quot;</span> <span class='ocrx_word' id='word_1_14' title='bbox 1815 496 1975 558; x_wconf 78' lang='grc' dir='ltr'>αὐτὸς</span> <span class='ocrx_word' id='word_1_15' title='bbox 2018 496 2048 548; x_wconf 99' lang='lat'>6</span> <span class='ocrx_word' id='word_1_16' title='bbox 2094 494 2377 567; x_wconf 89' lang='grc' dir='ltr'>προφήτης</span> <span class='ocrx_word' id='word_1_17' title='bbox 2423 497 2516 550; x_wconf 73' lang='grc' dir='ltr'>καὶ</span> <span class='ocrx_word' id='word_1_18' title='bbox 2564 494 2847 549; x_wconf 86' lang='grc' dir='ltr'>ἐνεκάλεσε</span> <span class='ocrx_word' id='word_1_19' title='bbox 2898 495 2991 549; x_wconf 74' lang='grc' dir='ltr'>καὶ</span> <span class='ocrx_word' id='word_1_20' title='bbox 3042 498 3391 570; x_wconf 76' lang='grc' dir='ltr'>κατηγόρησε</span> 
     </span>
    </p>
   </div>
   <div class='ocr_carea' id='block_1_3' title="bbox 126 554 3394 653">
    <p class='ocr_par' dir='ltr' id='par_1_3' title="bbox 126 554 3394 653">
     <span class='ocr_line' id='line_1_3' title="bbox 126 554 3394 653; baseline 0.008 -37"><span class='ocrx_word' id='word_1_21' title='bbox 126 554 527 653; x_wconf 56' lang='grc' dir='ltr'>ᾁνεξξιπάτητος</span> <span class='ocrx_word' id='word_1_22' title='bbox 561 559 801 653; x_wconf 36' lang='grc' dir='ltr'>ἔμεινεν</span> <span class='ocrx_word' id='word_1_23' title='bbox 847 561 876 613; x_wconf 92' lang='lat'>6</span> <span class='ocrx_word' id='word_1_24' title='bbox 935 563 1220 653; x_wconf 74' lang='grc' dir='ltr'>προφήτης</span> <span class='ocrx_word' id='word_1_25' title='bbox 1240 602 1270 653; x_wconf 24' lang='grc' dir='ltr'>,Α</span> <span class='ocrx_word' id='word_1_26' title='bbox 1299 564 1399 618; x_wconf 81' lang='grc' dir='ltr'>οὐκ</span> <span class='ocrx_word' id='word_1_27' title='bbox 1445 566 1553 653; x_wconf 80' lang='grc' dir='ltr'>ἀπὸ</span> <span class='ocrx_word' id='word_1_28' title='bbox 1598 564 1708 653; x_wconf 83' lang='grc' dir='ltr'>τῶν</span> <span class='ocrx_word' id='word_1_29' title='bbox 1814 554 2019 650; x_wconf 59' lang='grc' dir='ltr'>λέγων*</span> <span class='ocrx_word' id='word_1_30' title='bbox 2048 554 2152 650; x_wconf 56' lang='grc' dir='ltr'>Μή</span> <span class='ocrx_word' id='word_1_31' title='bbox 2173 554 2388 651; x_wconf 62' lang='grc' dir='ltr'>μὐἑρὸἆρ</span> <span class='ocrx_word' id='word_1_32' title='bbox 2423 582 2586 652; x_wconf 82' lang='grc' dir='ltr'>ὑμῖν,</span> <span class='ocrx_word' id='word_1_33' title='bbox 2633 581 2833 651; x_wconf 71' lang='grc' dir='ltr'>ἀγῶνα</span> <span class='ocrx_word' id='word_1_34' title='bbox 2878 554 3394 653; x_wconf 54' lang='grc' dir='ltr'>παρέχων’άνθρώ-</span> 
     </span>
    </p>
   </div>
   <div class='ocr_carea' id='block_1_4' title="bbox 122 640 1701 720">
    <p class='ocr_par' dir='ltr' id='par_1_4' title="bbox 122 640 1701 720">
     <span class='ocr_line' id='line_1_4' title="bbox 122 640 1701 720; baseline 0.008 -28"><span class='ocrx_word' id='word_1_35' title='bbox 122 640 375 710; x_wconf 71' lang='grc' dir='ltr'>ῥημάτων</span> <span class='ocrx_word' id='word_1_36' title='bbox 408 644 905 715; x_wconf 81' lang='grc' dir='ltr'>παραλογιζόμενος</span> <span class='ocrx_word' id='word_1_37' title='bbox 940 646 1051 700; x_wconf 89' lang='grc' dir='ltr'>τῶν</span> <span class='ocrx_word' id='word_1_38' title='bbox 1080 649 1403 720; x_wconf 73' lang='grc' dir='ltr'>εἰρημένων,</span> <span class='ocrx_word' id='word_1_39' title='bbox 1439 652 1554 704; x_wconf 82' lang='grc' dir='ltr'>ἀλλ’</span> <span class='ocrx_word' id='word_1_40' title='bbox 1593 652 1701 705; x_wconf 75' lang='grc' dir='ltr'>ἀπὸ</span> 
     </span>
    </p>
   </div>
   <div class='ocr_carea' id='block_1_5' title="bbox 117 727 1704 807">
    <p class='ocr_par' dir='ltr' id='par_1_5' title="bbox 117 727 1704 807">
     <span class='ocr_line' id='line_1_5' title="bbox 117 727 1704 807; baseline 0.008 -29"><span class='ocrx_word' id='word_1_41' title='bbox 117 727 223 780; x_wconf 83' lang='grc' dir='ltr'>τῶν</span> <span class='ocrx_word' id='word_1_42' title='bbox 248 728 310 780; x_wconf 84' lang='grc' dir='ltr'>ἐν</span> <span class='ocrx_word' id='word_1_43' title='bbox 337 731 402 799; x_wconf 80' lang='grc' dir='ltr'>τῇ</span> <span class='ocrx_word' id='word_1_44' title='bbox 424 730 635 802; x_wconf 81' lang='grc' dir='ltr'>διανοίᾳ</span> <span class='ocrx_word' id='word_1_45' title='bbox 671 732 768 785; x_wconf 87' lang='lat'>106</span> <span class='ocrx_word' id='word_1_46' title='bbox 791 733 966 803; x_wconf 78' lang='grc' dir='ltr'>Ἀχαζ</span> <span class='ocrx_word' id='word_1_47' title='bbox 994 736 1173 806; x_wconf 83' lang='grc' dir='ltr'>φέρων</span> <span class='ocrx_word' id='word_1_48' title='bbox 1191 736 1291 807; x_wconf 83' lang='grc' dir='ltr'>τὴν</span> <span class='ocrx_word' id='word_1_49' title='bbox 1312 737 1511 807; x_wconf 77' lang='grc' dir='ltr'>ψῆφον.</span> <span class='ocrx_word' id='word_1_50' title='bbox 1534 739 1704 791; x_wconf 82' lang='grc' dir='ltr'>Τοῦτο</span> 
     </span>
    </p>
   </div>
   <div class='ocr_carea' id='block_1_6' title="bbox 118 814 1701 896">
    <p class='ocr_par' dir='ltr' id='par_1_6' title="bbox 118 814 1701 896">
     <span class='ocr_line' id='line_1_6' title="bbox 118 814 1701 896; baseline 0.009 -31"><span class='ocrx_word' id='word_1_51' title='bbox 118 814 205 866; x_wconf 74' lang='grc' dir='ltr'>καὶ</span> <span class='ocrx_word' id='word_1_52' title='bbox 239 817 273 866; x_wconf 90' lang='lat'>6</span> <span class='ocrx_word' id='word_1_53' title='bbox 299 816 528 885; x_wconf 79' lang='grc' dir='ltr'>Χριστὸς</span> <span class='ocrx_word' id='word_1_54' title='bbox 556 818 819 883; x_wconf 83' lang='grc' dir='ltr'>πολλάκις</span> <span class='ocrx_word' id='word_1_55' title='bbox 838 822 931 874; x_wconf 74' lang='grc' dir='ltr'>ἐπὶ</span> <span class='ocrx_word' id='word_1_56' title='bbox 954 822 1062 876; x_wconf 90' lang='grc' dir='ltr'>τῶν</span> <span class='ocrx_word' id='word_1_57' title='bbox 1088 824 1432 893; x_wconf 82' lang='grc' dir='ltr'>Εὐαγγελίων</span> <span class='ocrx_word' id='word_1_58' title='bbox 1458 826 1701 896; x_wconf 89' lang='grc' dir='ltr'>ἐποίησε.</span> 
     </span>
    </p>
   </div>
   <div class='ocr_carea' id='block_1_7' title="bbox 121 901 1703 983">
    <p class='ocr_par' dir='ltr' id='par_1_7' title="bbox 121 901 1703 983">
     <span class='ocr_line' id='line_1_7' title="bbox 121 901 1703 983; baseline 0.011 -33"><span class='ocrx_word' id='word_1_59' title='bbox 121 901 318 971; x_wconf 74' lang='grc' dir='ltr'>Πρὶνῆ</span> <span class='ocrx_word' id='word_1_60' title='bbox 356 905 461 974; x_wconf 81' lang='grc' dir='ltr'>γὰρ</span> <span class='ocrx_word' id='word_1_61' title='bbox 514 904 612 975; x_wconf 80' lang='grc' dir='ltr'>τὴν</span> <span class='ocrx_word' id='word_1_62' title='bbox 660 907 769 960; x_wconf 77' lang='grc' dir='ltr'>ἀπὸ</span> <span class='ocrx_word' id='word_1_63' title='bbox 807 908 916 962; x_wconf 88' lang='grc' dir='ltr'>τῶν</span> <span class='ocrx_word' id='word_1_64' title='bbox 962 911 1204 979; x_wconf 75' lang='grc' dir='ltr'>σημείων</span> <span class='ocrx_word' id='word_1_65' title='bbox 1235 917 1533 983; x_wconf 79' lang='grc' dir='ltr'>παρασχεῖν</span> <span class='ocrx_word' id='word_1_66' title='bbox 1567 914 1703 967; x_wconf 81' lang='grc' dir='ltr'>ἀπό-</span> 
     </span>
    </p>
   </div>
   <div class='ocr_carea' id='block_1_8' title="bbox 118 987 1704 1071">
    <p class='ocr_par' dir='ltr' id='par_1_8' title="bbox 118 987 1704 1071">
     <span class='ocr_line' id='line_1_8' title="bbox 118 987 1704 1071; baseline 0.011 -35"><span class='ocrx_word' id='word_1_67' title='bbox 118 987 304 1051; x_wconf 75' lang='grc' dir='ltr'>δειξιν,</span> <span class='ocrx_word' id='word_1_68' title='bbox 326 990 422 1060; x_wconf 80' lang='grc' dir='ltr'>τὴν</span> <span class='ocrx_word' id='word_1_69' title='bbox 456 992 656 1045; x_wconf 90' lang='grc' dir='ltr'>κακίαν</span> <span class='ocrx_word' id='word_1_70' title='bbox 678 995 786 1048; x_wconf 89' lang='grc' dir='ltr'>τῶν</span> <span class='ocrx_word' id='word_1_71' title='bbox 829 996 1097 1050; x_wconf 78' lang='grc' dir='ltr'>Ἰουδαίων</span> <span class='ocrx_word' id='word_1_72' title='bbox 1123 999 1203 1062; x_wconf 86' lang='grc' dir='ltr'>είς</span> <span class='ocrx_word' id='word_1_73' title='bbox 1229 998 1394 1068; x_wconf 84' lang='grc' dir='ltr'>μέσον</span> <span class='ocrx_word' id='word_1_74' title='bbox 1432 1000 1580 1068; x_wconf 86' lang='grc' dir='ltr'>ἀγων</span> <span class='ocrx_word' id='word_1_75' title='bbox 1607 1000 1704 1071; x_wconf 85' lang='grc' dir='ltr'>τὴν</span> 
     </span>
    </p>
   </div>
   <div class='ocr_carea' id='block_1_9' title="bbox 120 1073 1702 1159">
    <p class='ocr_par' dir='ltr' id='par_1_9' title="bbox 120 1073 1702 1159">
     <span class='ocr_line' id='line_1_9' title="bbox 120 1073 1702 1159; baseline 0.011 -35"><span class='ocrx_word' id='word_1_76' title='bbox 120 1074 168 1124; x_wconf 84' lang='grc' dir='ltr'>ἐν</span> <span class='ocrx_word' id='word_1_77' title='bbox 203 1073 419 1145; x_wconf 71' lang='grc' dir='ltr'>διανοίᾳ</span> <span class='ocrx_word' id='word_1_78' title='bbox 477 1082 851 1153; x_wconf 80' lang='grc' dir='ltr'>πορευομένην</span> <span class='ocrx_word' id='word_1_79' title='bbox 870 1095 918 1145; x_wconf 71' lang='grc' dir='ltr'>δ,</span> <span class='ocrx_word' id='word_1_80' title='bbox 949 1085 1011 1137; x_wconf 83' lang='grc' dir='ltr'>ού</span> <span class='ocrx_word' id='word_1_81' title='bbox 1067 1085 1263 1155; x_wconf 85' lang='grc' dir='ltr'>μικρὸν</span> <span class='ocrx_word' id='word_1_82' title='bbox 1286 1085 1443 1139; x_wconf 81' lang='grc' dir='ltr'>τοῦτο</span> <span class='ocrx_word' id='word_1_83' title='bbox 1473 1091 1702 1159; x_wconf 82' lang='grc' dir='ltr'>παρεῖχε</span> 
     </span>
    </p>
   </div>
   <div class='ocr_carea' id='block_1_10' title="bbox 118 1158 1700 1245">
    <p class='ocr_par' dir='ltr' id='par_1_10' title="bbox 118 1158 1700 1245">
     <span class='ocr_line' id='line_1_10' title="bbox 118 1158 1700 1245; baseline 0.014 -36"><span class='ocrx_word' id='word_1_84' title='bbox 118 1158 170 1209; x_wconf 85' lang='lat'>16</span> <span class='ocrx_word' id='word_1_85' title='bbox 220 1164 478 1230; x_wconf 78' lang='grc' dir='ltr'>σημεῖον·</span> <span class='ocrx_word' id='word_1_86' title='bbox 526 1162 636 1219; x_wconf 72' lang='grc' dir='ltr'>οἷον</span> <span class='ocrx_word' id='word_1_87' title='bbox 685 1171 778 1222; x_wconf 78' lang='grc' dir='ltr'>ἐπὶ</span> <span class='ocrx_word' id='word_1_88' title='bbox 806 1170 901 1223; x_wconf 87' lang='lat'>106</span> <span class='ocrx_word' id='word_1_89' title='bbox 954 1172 1323 1241; x_wconf 88' lang='grc' dir='ltr'>παραλυτικοῦ</span> <span class='ocrx_word' id='word_1_90' title='bbox 1382 1158 1700 1245; x_wconf 87' lang='grc' dir='ltr'>πεποίηκεν.</span> 
     </span>
    </p>
   </div>
   <div class='ocr_carea' id='block_1_11' title="bbox 133 1245 1698 1329">
    <p class='ocr_par' dir='ltr' id='par_1_11' title="bbox 133 1245 1698 1329">
     <span class='ocr_line' id='line_1_11' title="bbox 133 1245 1698 1329; baseline 0.013 -31"><span class='ocrx_word' id='word_1_91' title='bbox 133 1245 348 1318; x_wconf 80' lang='grc' dir='ltr'>Ἐπειδὴ</span> <span class='ocrx_word' id='word_1_92' title='bbox 410 1251 519 1322; x_wconf 81' lang='grc' dir='ltr'>γὰρ</span> <span class='ocrx_word' id='word_1_93' title='bbox 570 1249 689 1308; x_wconf 81' lang='grc' dir='ltr'>εἶπε</span> <span class='ocrx_word' id='word_1_94' title='bbox 739 1257 873 1326; x_wconf 73' lang='grc' dir='ltr'>πρὸς</span> <span class='ocrx_word' id='word_1_95' title='bbox 936 1259 1118 1323; x_wconf 82' lang='grc' dir='ltr'>αὐτὸν,</span> <span class='ocrx_word' id='word_1_96' title='bbox 1163 1261 1398 1329; x_wconf 77' lang='grc' dir='ltr'>Θάρσει,</span> <span class='ocrx_word' id='word_1_97' title='bbox 1451 1262 1698 1316; x_wconf 75' lang='grc' dir='ltr'>τέκνονο</span> 
     </span>
    </p>
   </div>
   <div class='ocr_carea' id='block_1_12' title="bbox 121 1332 1703 1417">
    <p class='ocr_par' dir='ltr' id='par_1_12' title="bbox 121 1332 1703 1417">
     <span class='ocr_line' id='line_1_12' title="bbox 121 1332 1703 1417; baseline 0.011 -32"><span class='ocrx_word' id='word_1_98' title='bbox 121 1332 417 1398; x_wconf 55' lang='grc' dir='ltr'>ἀφέωνταί</span> <span class='ocrx_word' id='word_1_99' title='bbox 438 1354 556 1393; x_wconf 87' lang='grc' dir='ltr'>σου</span> <span class='ocrx_word' id='word_1_100' title='bbox 595 1344 655 1394; x_wconf 75' lang='grc' dir='ltr'>αἱ</span> <span class='ocrx_word' id='word_1_101' title='bbox 689 1343 984 1409; x_wconf 77' lang='grc' dir='ltr'>ἁμαρτίαι,</span> <span class='ocrx_word' id='word_1_102' title='bbox 1008 1346 1199 1400; x_wconf 84' lang='grc' dir='ltr'>ἐκεῖνοι</span> <span class='ocrx_word' id='word_1_103' title='bbox 1219 1347 1274 1400; x_wconf 85' lang='grc' dir='ltr'>δὲ</span> <span class='ocrx_word' id='word_1_104' title='bbox 1295 1348 1478 1417; x_wconf 85' lang='grc' dir='ltr'>ἐλεγον</span> <span class='ocrx_word' id='word_1_105' title='bbox 1502 1351 1559 1402; x_wconf 90' lang='grc' dir='ltr'>ἐν</span> <span class='ocrx_word' id='word_1_106' title='bbox 1576 1351 1703 1403; x_wconf 83' lang='grc' dir='ltr'>ἐαυ-</span> 
     </span>
    </p>
   </div>
   <div class='ocr_carea' id='block_1_13' title="bbox 121 1422 1704 1505">
    <p class='ocr_par' dir='ltr' id='par_1_13' title="bbox 121 1422 1704 1505">
     <span class='ocr_line' id='line_1_13' title="bbox 121 1422 1704 1505; baseline 0.013 -35"><span class='ocrx_word' id='word_1_107' title='bbox 121 1422 248 1482; x_wconf 79' lang='grc' dir='ltr'>τοίς,</span> <span class='ocrx_word' id='word_1_108' title='bbox 278 1424 668 1493; x_wconf 54' lang='grc' dir='ltr'>Βλασφημεῦ</span> <span class='ocrx_word' id='word_1_109' title='bbox 697 1430 849 1499; x_wconf 77' lang='grc' dir='ltr'>φησὶ,</span> <span class='ocrx_word' id='word_1_110' title='bbox 889 1432 1016 1503; x_wconf 77' lang='grc' dir='ltr'>πρὶν</span> <span class='ocrx_word' id='word_1_111' title='bbox 1049 1432 1325 1503; x_wconf 83' lang='grc' dir='ltr'>ήσφῖγξαι</span> <span class='ocrx_word' id='word_1_112' title='bbox 1342 1435 1435 1488; x_wconf 82' lang='grc' dir='ltr'>τὸν</span> <span class='ocrx_word' id='word_1_113' title='bbox 1467 1436 1704 1505; x_wconf 80' lang='grc' dir='ltr'>παραλε-</span> 
     </span>
    </p>
   </div>
   <div class='ocr_carea' id='block_1_14' title="bbox 122 1506 1705 1592">
    <p class='ocr_par' dir='ltr' id='par_1_14' title="bbox 122 1506 1705 1592">
     <span class='ocr_line' id='line_1_14' title="bbox 122 1506 1705 1592; baseline 0.014 -35"><span class='ocrx_word' id='word_1_114' title='bbox 122 1506 348 1576; x_wconf 81' lang='grc' dir='ltr'>λυμένον</span> <span class='ocrx_word' id='word_1_115' title='bbox 368 1528 382 1542; x_wconf 74' lang='grc' dir='ltr'><strong>ο</strong></span> <span class='ocrx_word' id='word_1_116' title='bbox 425 1516 487 1566; x_wconf 79' lang='grc' dir='ltr'>Τί</span> <span class='ocrx_word' id='word_1_117' title='bbox 508 1515 885 1577; x_wconf 75' lang='grc' dir='ltr'>,ϐουλεύεσθε</span> <span class='ocrx_word' id='word_1_118' title='bbox 917 1522 1150 1591; x_wconf 75' lang='grc' dir='ltr'>πονηρὰ</span> <span class='ocrx_word' id='word_1_119' title='bbox 1173 1532 1243 1576; x_wconf 71' lang='grc' dir='ltr'>εν</span> <span class='ocrx_word' id='word_1_120' title='bbox 1273 1524 1403 1589; x_wconf 82' lang='grc' dir='ltr'>ταῖς</span> <span class='ocrx_word' id='word_1_121' title='bbox 1435 1525 1705 1592; x_wconf 80' lang='grc' dir='ltr'>καρδίαις</span> 
     </span>
    </p>
   </div>
   <div class='ocr_carea' id='block_1_15' title="bbox 121 1592 1700 1681">
    <p class='ocr_par' dir='ltr' id='par_1_15' title="bbox 121 1592 1700 1681">
     <span class='ocr_line' id='line_1_15' title="bbox 121 1592 1700 1681; baseline 0.013 -37"><span class='ocrx_word' id='word_1_122' title='bbox 121 1592 288 1681; x_wconf 70' lang='grc' dir='ltr'>ὑμῶν</span> <span class='ocrx_word' id='word_1_123' title='bbox 302 1612 322 1659; x_wconf 89' lang='grc'><strong><em>;</em></strong></span> <span class='ocrx_word' id='word_1_124' title='bbox 359 1597 617 1666; x_wconf 82' lang='grc' dir='ltr'>μέγιστον</span> <span class='ocrx_word' id='word_1_125' title='bbox 643 1603 896 1676; x_wconf 82' lang='grc' dir='ltr'>θεότητος</span> <span class='ocrx_word' id='word_1_126' title='bbox 927 1608 1085 1661; x_wconf 91' lang='lat'><em>10610</em></span> <span class='ocrx_word' id='word_1_127' title='bbox 1109 1609 1363 1679; x_wconf 82' lang='grc' dir='ltr'>παρέχων</span> <span class='ocrx_word' id='word_1_128' title='bbox 1386 1611 1700 1681; x_wconf 85' lang='grc' dir='ltr'>τεκμήριον,</span> 
     </span>
    </p>
   </div>
   <div class='ocr_carea' id='block_1_16' title="bbox 121 1680 1703 1766">
    <p class='ocr_par' dir='ltr' id='par_1_16' title="bbox 121 1680 1703 1766">
     <span class='ocr_line' id='line_1_16' title="bbox 121 1680 1703 1766; baseline 0.013 -35"><span class='ocrx_word' id='word_1_129' title='bbox 121 1680 173 1731; x_wconf 82' lang='lat'>16</span> <span class='ocrx_word' id='word_1_130' title='bbox 202 1680 277 1734; x_wconf 80' lang='grc' dir='ltr'>τά</span> <span class='ocrx_word' id='word_1_131' title='bbox 311 1685 599 1758; x_wconf 74' lang='grc' dir='ltr'>ἀπόρρητα</span> <span class='ocrx_word' id='word_1_132' title='bbox 633 1692 832 1746; x_wconf 74' lang='grc' dir='ltr'>εἰδέναι</span> <span class='ocrx_word' id='word_1_133' title='bbox 862 1694 960 1765; x_wconf 83' lang='grc' dir='ltr'>τῆς</span> <span class='ocrx_word' id='word_1_134' title='bbox 986 1696 1243 1758; x_wconf 87' lang='grc' dir='ltr'>διανοίας.</span> <span class='ocrx_word' id='word_1_135' title='bbox 1297 1696 1381 1750; x_wconf 88' lang='grc' dir='ltr'>Σὺ</span> <span class='ocrx_word' id='word_1_136' title='bbox 1428 1680 1703 1766; x_wconf 14' lang='grc' dir='ltr'>γὰργὲπίο</span> 
     </span>
    </p>
   </div>
   <div class='ocr_carea' id='block_1_17' title="bbox 122 1777 1706 1849">
    <p class='ocr_par' dir='ltr' id='par_1_17' title="bbox 122 1777 1706 1849">
     <span class='ocr_line' id='line_1_17' title="bbox 122 1777 1706 1849; baseline 0.013 -31"><span class='ocrx_word' id='word_1_137' title='bbox 122 1782 361 1833; x_wconf 83' lang='grc' dir='ltr'>στασαι,</span> <span class='ocrx_word' id='word_1_138' title='bbox 422 1777 582 1846; x_wconf 82' lang='grc' dir='ltr'>φησὶ,</span> <span class='ocrx_word' id='word_1_139' title='bbox 641 1779 887 1846; x_wconf 83' lang='grc' dir='ltr'>καρδίας</span> <span class='ocrx_word' id='word_1_140' title='bbox 940 1780 1303 1849; x_wconf 81' lang='grc' dir='ltr'>μονώτατος.</span> <span class='ocrx_word' id='word_1_141' title='bbox 1349 1781 1506 1837; x_wconf 82' lang='grc' dir='ltr'>Καὶὸ</span> <span class='ocrx_word' id='word_1_142' title='bbox 1544 1785 1706 1839; x_wconf 82' lang='grc' dir='ltr'>Δαυῒδ</span> 
     </span>
    </p>
   </div>
   <div class='ocr_carea' id='block_1_18' title="bbox 122 1856 1705 1940">
    <p class='ocr_par' dir='ltr' id='par_1_18' title="bbox 122 1856 1705 1940">
     <span class='ocr_line' id='line_1_18' title="bbox 122 1856 1705 1940; baseline 0.015 -35"><span class='ocrx_word' id='word_1_143' title='bbox 122 1856 278 1908; x_wconf 72' lang='grc' dir='ltr'>πάλιν</span> <span class='ocrx_word' id='word_1_144' title='bbox 330 1862 542 1930; x_wconf 72' lang='grc' dir='ltr'>φησίνδ</span> <span class='ocrx_word' id='word_1_145' title='bbox 572 1879 587 1895; x_wconf 76' lang='grc' dir='ltr'><strong><em>ο</em></strong></span> <span class='ocrx_word' id='word_1_146' title='bbox 632 1864 882 1924; x_wconf 79' lang='grc' dir='ltr'>Ἐτάζων</span> <span class='ocrx_word' id='word_1_147' title='bbox 924 1866 1176 1935; x_wconf 80' lang='grc' dir='ltr'>καρδίας</span> <span class='ocrx_word' id='word_1_148' title='bbox 1234 1870 1329 1923; x_wconf 77' lang='grc' dir='ltr'>καί</span> <span class='ocrx_word' id='word_1_149' title='bbox 1378 1871 1637 1940; x_wconf 74' lang='grc' dir='ltr'>νεφροὺς</span> <span class='ocrx_word' id='word_1_150' title='bbox 1671 1876 1705 1928; x_wconf 84' lang='grc' dir='ltr'><em>ὁ</em></span> 
     </span>
    </p>
   </div>
   <div class='ocr_carea' id='block_1_19' title="bbox 124 1947 1705 2025">
    <p class='ocr_par' dir='ltr' id='par_1_19' title="bbox 124 1947 1705 2025">
     <span class='ocr_line' id='line_1_19' title="bbox 124 1947 1705 2025; baseline 0.008 -25"><span class='ocrx_word' id='word_1_151' title='bbox 124 1950 279 2013; x_wconf 80' lang='grc' dir='ltr'>Θεός.</span> <span class='ocrx_word' id='word_1_152' title='bbox 318 1947 493 2002; x_wconf 82' lang='grc' dir='ltr'>Τοῦτο</span> <span class='ocrx_word' id='word_1_153' title='bbox 541 1950 636 2003; x_wconf 74' lang='grc' dir='ltr'>καὶ</span> <span class='ocrx_word' id='word_1_154' title='bbox 674 1952 786 2015; x_wconf 80' lang='grc' dir='ltr'>τοῖς</span> <span class='ocrx_word' id='word_1_155' title='bbox 820 1954 1128 2025; x_wconf 85' lang='grc' dir='ltr'>προφήταις</span> <span class='ocrx_word' id='word_1_156' title='bbox 1167 1955 1340 2010; x_wconf 92' lang='grc' dir='ltr'>ἐδίδου</span> <span class='ocrx_word' id='word_1_157' title='bbox 1387 1958 1647 2024; x_wconf 85' lang='grc' dir='ltr'>πολλάκις</span> <span class='ocrx_word' id='word_1_158' title='bbox 1677 1961 1705 2013; x_wconf 91' lang='lat'>6</span> 
     </span>
    </p>
   </div>
   <div class='ocr_carea' id='block_1_20' title="bbox 121 2034 1706 2115">
    <p class='ocr_par' dir='ltr' id='par_1_20' title="bbox 121 2034 1706 2115">
     <span class='ocr_line' id='line_1_20' title="bbox 121 2034 1706 2115; baseline 0.011 -30"><span class='ocrx_word' id='word_1_159' title='bbox 121 2034 248 2097; x_wconf 70' lang='grc' dir='ltr'>Θεὸς</span> <span class='ocrx_word' id='word_1_160' title='bbox 277 2035 498 2101; x_wconf 76' lang='grc' dir='ltr'>ειδέναι,</span> <span class='ocrx_word' id='word_1_161' title='bbox 524 2037 592 2092; x_wconf 80' lang='grc' dir='ltr'>ίν’</span> <span class='ocrx_word' id='word_1_162' title='bbox 630 2040 682 2092; x_wconf 89' lang='grc' dir='ltr'>οί</span> <span class='ocrx_word' id='word_1_163' title='bbox 718 2040 1009 2106; x_wconf 88' lang='grc' dir='ltr'>ἀκούοντες</span> <span class='ocrx_word' id='word_1_164' title='bbox 1043 2044 1405 2115; x_wconf 75' lang='grc' dir='ltr'>μανθάνωσιν,</span> <span class='ocrx_word' id='word_1_165' title='bbox 1436 2047 1518 2101; x_wconf 80' lang='grc' dir='ltr'>ὅτι</span> <span class='ocrx_word' id='word_1_166' title='bbox 1553 2048 1706 2104; x_wconf 78' lang='grc' dir='ltr'>οὐδὲν</span> 
     </span>
    </p>
   </div>
   <div class='ocr_carea' id='block_1_21' title="bbox 122 2121 1704 2198">
    <p class='ocr_par' dir='ltr' id='par_1_21' title="bbox 122 2121 1704 2198">
     <span class='ocr_line' id='line_1_21' title="bbox 122 2121 1704 2198; baseline 0.009 -25"><span class='ocrx_word' id='word_1_167' title='bbox 122 2121 453 2192; x_wconf 83' lang='grc' dir='ltr'>ἀνθρώπινον</span> <span class='ocrx_word' id='word_1_168' title='bbox 474 2124 581 2178; x_wconf 88' lang='grc' dir='ltr'>τῶν</span> <span class='ocrx_word' id='word_1_169' title='bbox 614 2126 938 2198; x_wconf 71' lang='grc' dir='ltr'>εἰρημένων,</span> <span class='ocrx_word' id='word_1_170' title='bbox 985 2129 1100 2185; x_wconf 83' lang='grc' dir='ltr'>ἀλλ’</span> <span class='ocrx_word' id='word_1_171' title='bbox 1135 2132 1339 2187; x_wconf 79' lang='grc' dir='ltr'>ἄνωθεν</span> <span class='ocrx_word' id='word_1_172' title='bbox 1376 2135 1471 2188; x_wconf 75' lang='grc' dir='ltr'>καὶ</span> <span class='ocrx_word' id='word_1_173' title='bbox 1504 2135 1568 2189; x_wconf 90' lang='grc' dir='ltr'>ἐκ</span> <span class='ocrx_word' id='word_1_174' title='bbox 1595 2135 1704 2193; x_wconf 83' lang='grc' dir='ltr'>τῶν</span> 
     </span>
    </p>
   </div>
   <div class='ocr_carea' id='block_1_22' title="bbox 122 2209 1704 2287">
    <p class='ocr_par' dir='ltr' id='par_1_22' title="bbox 122 2209 1704 2287">
     <span class='ocr_line' id='line_1_22' title="bbox 122 2209 1704 2287; baseline 0.011 -27"><span class='ocrx_word' id='word_1_175' title='bbox 122 2209 360 2278; x_wconf 74' lang='grc' dir='ltr'>οὐρανῶν</span> <span class='ocrx_word' id='word_1_176' title='bbox 388 2213 422 2282; x_wconf 88' lang='grc' dir='ltr'>ή</span> <span class='ocrx_word' id='word_1_177' title='bbox 454 2212 634 2281; x_wconf 74' lang='grc' dir='ltr'>ψῆφος</span> <span class='ocrx_word' id='word_1_178' title='bbox 660 2214 847 2268; x_wconf 73' lang='grc' dir='ltr'>ἅπασα</span> <span class='ocrx_word' id='word_1_179' title='bbox 880 2219 1291 2287; x_wconf 87' lang='grc' dir='ltr'>κατενήνεκται.</span> <span class='ocrx_word' id='word_1_180' title='bbox 1311 2219 1412 2273; x_wconf 83' lang='grc' dir='ltr'>Διά</span> <span class='ocrx_word' id='word_1_181' title='bbox 1433 2218 1590 2275; x_wconf 77' lang='grc' dir='ltr'>τοῦτο</span> <span class='ocrx_word' id='word_1_182' title='bbox 1611 2223 1704 2277; x_wconf 80' lang='grc' dir='ltr'>καὶ</span> 
     </span>
    </p>
   </div>
   <div class='ocr_carea' id='block_1_23' title="bbox 121 2294 1703 2378">
    <p class='ocr_par' dir='ltr' id='par_1_23' title="bbox 121 2294 1703 2378">
     <span class='ocr_line' id='line_1_23' title="bbox 121 2294 1703 2378; baseline 0.011 -32"><span class='ocrx_word' id='word_1_183' title='bbox 121 2296 146 2345; x_wconf 90' lang='lat'>6</span> <span class='ocrx_word' id='word_1_184' title='bbox 180 2298 703 2365; x_wconf 85' lang='grc' dir='ltr'>μεγαλοφωνότατος</span> <span class='ocrx_word' id='word_1_185' title='bbox 724 2294 877 2366; x_wconf 74' lang='grc' dir='ltr'>οὗτος</span> <span class='ocrx_word' id='word_1_186' title='bbox 916 2303 1162 2369; x_wconf 79' lang='grc' dir='ltr'>Ἠσαίας,</span> <span class='ocrx_word' id='word_1_187' title='bbox 1192 2306 1380 2378; x_wconf 83' lang='grc' dir='ltr'>ἐπειδὴ</span> <span class='ocrx_word' id='word_1_188' title='bbox 1409 2308 1546 2378; x_wconf 89' lang='grc' dir='ltr'>μετά</span> <span class='ocrx_word' id='word_1_189' title='bbox 1573 2308 1703 2363; x_wconf 87' lang='grc' dir='ltr'>πολ-</span> 
     </span>
    </p>
   </div>
   <div class='ocr_carea' id='block_1_24' title="bbox 122 2380 1704 2463">
    <p class='ocr_par' dir='ltr' id='par_1_24' title="bbox 122 2380 1704 2463">
     <span class='ocr_line' id='line_1_24' title="bbox 122 2380 1704 2463; baseline 0.013 -32"><span class='ocrx_word' id='word_1_190' title='bbox 122 2380 212 2451; x_wconf 77' lang='grc' dir='ltr'>λῆς</span> <span class='ocrx_word' id='word_1_191' title='bbox 260 2384 362 2454; x_wconf 81' lang='grc' dir='ltr'>τῆς</span> <span class='ocrx_word' id='word_1_192' title='bbox 422 2387 723 2451; x_wconf 78' lang='grc' dir='ltr'>ἐπιεικείας</span> <span class='ocrx_word' id='word_1_193' title='bbox 772 2390 1015 2463; x_wconf 79' lang='grc' dir='ltr'>διελέχθη</span> <span class='ocrx_word' id='word_1_194' title='bbox 1055 2391 1136 2462; x_wconf 81' lang='grc' dir='ltr'>τῷ</span> <span class='ocrx_word' id='word_1_195' title='bbox 1192 2393 1416 2463; x_wconf 86' lang='grc' dir='ltr'>βασιλεῖ,</span> <span class='ocrx_word' id='word_1_196' title='bbox 1460 2396 1555 2449; x_wconf 79' lang='grc' dir='ltr'>καὶ</span> <span class='ocrx_word' id='word_1_197' title='bbox 1597 2396 1704 2451; x_wconf 89' lang='grc' dir='ltr'>τῶν</span> 
     </span>
    </p>
   </div>
   <div class='ocr_carea' id='block_1_25' title="bbox 121 2467 1703 2553">
    <p class='ocr_par' dir='ltr' id='par_1_25' title="bbox 121 2467 1703 2553">
     <span class='ocr_line' id='line_1_25' title="bbox 121 2467 1703 2553; baseline 0.011 -34"><span class='ocrx_word' id='word_1_198' title='bbox 121 2467 298 2523; x_wconf 82' lang='grc' dir='ltr'>δεινῶν</span> <span class='ocrx_word' id='word_1_199' title='bbox 328 2472 630 2543; x_wconf 74' lang='grc' dir='ltr'>ἀπήλλαξε,</span> <span class='ocrx_word' id='word_1_200' title='bbox 676 2476 769 2531; x_wconf 76' lang='grc' dir='ltr'>καὶ</span> <span class='ocrx_word' id='word_1_201' title='bbox 816 2476 1036 2549; x_wconf 77' lang='grc' dir='ltr'>θαρρεῖν</span> <span class='ocrx_word' id='word_1_202' title='bbox 1070 2480 1356 2534; x_wconf 83' lang='grc' dir='ltr'>ἐκέλευσεν</span> <span class='ocrx_word' id='word_1_203' title='bbox 1406 2482 1544 2553; x_wconf 82' lang='grc' dir='ltr'>ὑπὲρ</span> <span class='ocrx_word' id='word_1_204' title='bbox 1593 2484 1703 2537; x_wconf 87' lang='grc' dir='ltr'>τῶν</span> 
     </span>
    </p>
   </div>
   <div class='ocr_carea' id='block_1_26' title="bbox 122 2555 1701 2641">
    <p class='ocr_par' dir='ltr' id='par_1_26' title="bbox 122 2555 1701 2641">
     <span class='ocr_line' id='line_1_26' title="bbox 122 2555 1701 2641; baseline 0.014 -36"><span class='ocrx_word' id='word_1_205' title='bbox 122 2555 421 2624; x_wconf 80' lang='grc' dir='ltr'>παρόντων,</span> <span class='ocrx_word' id='word_1_206' title='bbox 457 2560 546 2613; x_wconf 74' lang='grc' dir='ltr'>καὶ</span> <span class='ocrx_word' id='word_1_207' title='bbox 600 2563 872 2634; x_wconf 88' lang='grc' dir='ltr'>τεκμήρια</span> <span class='ocrx_word' id='word_1_208' title='bbox 907 2564 1096 2619; x_wconf 92' lang='grc' dir='ltr'>τούτου</span> <span class='ocrx_word' id='word_1_209' title='bbox 1142 2567 1413 2637; x_wconf 87' lang='grc' dir='ltr'>παρέσχεν</span> <span class='ocrx_word' id='word_1_210' title='bbox 1448 2569 1615 2641; x_wconf 80' lang='grc' dir='ltr'>αὐτῷ,</span> <span class='ocrx_word' id='word_1_211' title='bbox 1642 2572 1701 2626; x_wconf 97' lang='lat'>16</span> 
     </span>
    </p>
   </div>
   <div class='ocr_carea' id='block_1_27' title="bbox 121 2642 1703 2724">
    <p class='ocr_par' dir='ltr' id='par_1_27' title="bbox 121 2642 1703 2724">
     <span class='ocr_line' id='line_1_27' title="bbox 121 2642 1703 2724; baseline 0.013 -32"><span class='ocrx_word' id='word_1_212' title='bbox 121 2642 212 2700; x_wconf 77' lang='grc' dir='ltr'>τὴν</span> <span class='ocrx_word' id='word_1_213' title='bbox 242 2642 441 2715; x_wconf 75' lang='grc' dir='ltr'>βουλὴν</span> <span class='ocrx_word' id='word_1_214' title='bbox 494 2646 806 2716; x_wconf 82' lang='grc' dir='ltr'>ἐξαγγεῖλαι</span> <span class='ocrx_word' id='word_1_215' title='bbox 844 2652 953 2705; x_wconf 90' lang='grc' dir='ltr'>τῶν</span> <span class='ocrx_word' id='word_1_216' title='bbox 1003 2654 1567 2724; x_wconf 88' lang='grc' dir='ltr'>ἐπιστρατευσάντων,</span> <span class='ocrx_word' id='word_1_217' title='bbox 1607 2660 1703 2713; x_wconf 73' lang='grc' dir='ltr'>καὶ</span> 
     </span>
    </p>
   </div>
   <div class='ocr_carea' id='block_1_28' title="bbox 120 2728 1705 2815">
    <p class='ocr_par' dir='ltr' id='par_1_28' title="bbox 120 2728 1705 2815">
     <span class='ocr_line' id='line_1_28' title="bbox 120 2728 1705 2815; baseline 0.011 -37"><span class='ocrx_word' id='word_1_218' title='bbox 120 2728 214 2795; x_wconf 75' lang='grc' dir='ltr'>τὴν</span> <span class='ocrx_word' id='word_1_219' title='bbox 249 2731 552 2798; x_wconf 79' lang='grc' dir='ltr'>προδοσίαν</span> <span class='ocrx_word' id='word_1_220' title='bbox 578 2734 819 2803; x_wconf 80' lang='grc' dir='ltr'>ἐλέγξαι,</span> <span class='ocrx_word' id='word_1_221' title='bbox 853 2740 948 2791; x_wconf 69' lang='grc' dir='ltr'>καὶ</span> <span class='ocrx_word' id='word_1_222' title='bbox 979 2739 1081 2809; x_wconf 81' lang='grc' dir='ltr'>τὴν</span> <span class='ocrx_word' id='word_1_223' title='bbox 1114 2739 1313 2794; x_wconf 78' lang='grc' dir='ltr'>ἅλωσιν</span> <span class='ocrx_word' id='word_1_224' title='bbox 1344 2742 1441 2794; x_wconf 89' lang='lat'>106</span> <span class='ocrx_word' id='word_1_225' title='bbox 1489 2743 1705 2815; x_wconf 81' lang='grc' dir='ltr'>Ἰσραὴλ</span> 
     </span>
    </p>
   </div>
   <div class='ocr_carea' id='block_1_29' title="bbox 123 2818 1705 2899">
    <p class='ocr_par' dir='ltr' id='par_1_29' title="bbox 123 2818 1705 2899">
     <span class='ocr_line' id='line_1_29' title="bbox 123 2818 1705 2899; baseline 0.013 -36"><span class='ocrx_word' id='word_1_226' title='bbox 123 2818 395 2881; x_wconf 77' lang='grc' dir='ltr'>προειπεῖν</span> <span class='ocrx_word' id='word_1_227' title='bbox 420 2818 521 2887; x_wconf 82' lang='grc' dir='ltr'>τὴν</span> <span class='ocrx_word' id='word_1_228' title='bbox 544 2821 781 2890; x_wconf 87' lang='grc' dir='ltr'>παντελῆ</span> <span class='ocrx_word' id='word_1_229' title='bbox 819 2824 914 2875; x_wconf 76' lang='grc' dir='ltr'>καὶ</span> <span class='ocrx_word' id='word_1_230' title='bbox 940 2824 1361 2896; x_wconf 71' lang='grc' dir='ltr'>όλόκληρον,καὶ</span> <span class='ocrx_word' id='word_1_231' title='bbox 1390 2827 1481 2884; x_wconf 85' lang='grc' dir='ltr'>τὸν</span> <span class='ocrx_word' id='word_1_232' title='bbox 1516 2830 1705 2899; x_wconf 90' lang='grc' dir='ltr'>χρόνον</span> 
     </span>
    </p>
   </div>
   <div class='ocr_carea' id='block_1_30' title="bbox 123 2900 1706 2987">
    <p class='ocr_par' dir='ltr' id='par_1_30' title="bbox 123 2900 1706 2987">
     <span class='ocr_line' id='line_1_30' title="bbox 123 2900 1706 2987; baseline 0.011 -36"><span class='ocrx_word' id='word_1_233' title='bbox 123 2900 456 2987; x_wconf 81' lang='grc' dir='ltr'>προσθεῖναι,</span> <span class='ocrx_word' id='word_1_234' title='bbox 507 2905 608 2958; x_wconf 76' lang='grc' dir='ltr'>οὐκ</span> <span class='ocrx_word' id='word_1_235' title='bbox 666 2907 908 2979; x_wconf 78' lang='grc' dir='ltr'>ἠρκέσθη</span> <span class='ocrx_word' id='word_1_236' title='bbox 944 2908 1155 2974; x_wconf 85' lang='grc' dir='ltr'>τούτοις</span> <span class='ocrx_word' id='word_1_237' title='bbox 1185 2952 1201 2977; x_wconf 90' lang='grc'>,</span> <span class='ocrx_word' id='word_1_238' title='bbox 1254 2912 1349 2965; x_wconf 75' lang='grc' dir='ltr'>καὶ</span> <span class='ocrx_word' id='word_1_239' title='bbox 1397 2915 1706 2987; x_wconf 80' lang='grc' dir='ltr'>περαιτέρω</span> 
     </span>
    </p>
   </div>
   <div class='ocr_carea' id='block_1_31' title="bbox 124 2986 1702 3071">
    <p class='ocr_par' dir='ltr' id='par_1_31' title="bbox 124 2986 1702 3071">
     <span class='ocr_line' id='line_1_31' title="bbox 124 2986 1702 3071; baseline 0.012 -35"><span class='ocrx_word' id='word_1_240' title='bbox 124 2986 355 3053; x_wconf 80' lang='grc' dir='ltr'>πρόεισι,</span> <span class='ocrx_word' id='word_1_241' title='bbox 395 2989 492 3042; x_wconf 83' lang='grc' dir='ltr'>καὶ</span> <span class='ocrx_word' id='word_1_242' title='bbox 537 2992 637 3044; x_wconf 82' lang='grc' dir='ltr'>οὐκ</span> <span class='ocrx_word' id='word_1_243' title='bbox 676 2992 935 3064; x_wconf 82' lang='grc' dir='ltr'>ἀναμένει</span> <span class='ocrx_word' id='word_1_244' title='bbox 990 2999 1216 3068; x_wconf 81' lang='grc' dir='ltr'>σημεῖον</span> <span class='ocrx_word' id='word_1_245' title='bbox 1258 2999 1420 3053; x_wconf 74' lang='grc' dir='ltr'>αὑτὸν</span> <span class='ocrx_word' id='word_1_246' title='bbox 1462 3001 1702 3071; x_wconf 81' lang='grc' dir='ltr'>αἰτῆσαι,</span> 
     </span>
    </p>
   </div>
   <div class='ocr_carea' id='block_1_32' title="bbox 122 3073 1705 3159">
    <p class='ocr_par' dir='ltr' id='par_1_32' title="bbox 122 3073 1705 3159">
     <span class='ocr_line' id='line_1_32' title="bbox 122 3073 1705 3159; baseline 0.012 -34"><span class='ocrx_word' id='word_1_247' title='bbox 122 3073 256 3126; x_wconf 84' lang='grc' dir='ltr'>ἀλλά</span> <span class='ocrx_word' id='word_1_248' title='bbox 302 3076 400 3129; x_wconf 72' lang='grc' dir='ltr'>κού⁸</span> <span class='ocrx_word' id='word_1_249' title='bbox 463 3078 538 3149; x_wconf 80' lang='grc' dir='ltr'>μὴ</span> <span class='ocrx_word' id='word_1_250' title='bbox 589 3079 909 3151; x_wconf 83' lang='grc' dir='ltr'>βουλόμενον</span> <span class='ocrx_word' id='word_1_251' title='bbox 972 3083 1039 3137; x_wconf 83' lang='grc' dir='ltr'>δι’</span> <span class='ocrx_word' id='word_1_252' title='bbox 1101 3085 1405 3159; x_wconf 80' lang='grc' dir='ltr'>ὑπερϐολὴν</span> <span class='ocrx_word' id='word_1_253' title='bbox 1449 3090 1705 3154; x_wconf 77' lang='grc' dir='ltr'>ἀπιστίας</span> 
     </span>
    </p>
   </div>
   <div class='ocr_carea' id='block_1_33' title="bbox 128 3163 1705 3249">
    <p class='ocr_par' dir='ltr' id='par_1_33' title="bbox 128 3163 1705 3249">
     <span class='ocr_line' id='line_1_33' title="bbox 128 3163 1705 3249; baseline 0.013 -38"><span class='ocrx_word' id='word_1_254' title='bbox 128 3163 524 3233; x_wconf 71' lang='grc' dir='ltr'>προτρέπεταιο</span> <span class='ocrx_word' id='word_1_255' title='bbox 557 3167 653 3220; x_wconf 81' lang='grc' dir='ltr'>καὶ</span> <span class='ocrx_word' id='word_1_256' title='bbox 685 3168 805 3222; x_wconf 79' lang='grc' dir='ltr'>οὐδὲ</span> <span class='ocrx_word' id='word_1_257' title='bbox 840 3171 1047 3236; x_wconf 79' lang='grc' dir='ltr'>ἁπλῶς,</span> <span class='ocrx_word' id='word_1_258' title='bbox 1082 3172 1219 3227; x_wconf 72' lang='grc' dir='ltr'>ἀλλὰ</span> <span class='ocrx_word' id='word_1_259' title='bbox 1243 3176 1337 3228; x_wconf 73' lang='grc' dir='ltr'>καὶ</span> <span class='ocrx_word' id='word_1_260' title='bbox 1386 3176 1575 3247; x_wconf 88' lang='grc' dir='ltr'>κύριον</span> <span class='ocrx_word' id='word_1_261' title='bbox 1608 3178 1705 3249; x_wconf 84' lang='grc' dir='ltr'>τῆς</span> 
     </span>
    </p>
   </div>
   <div class='ocr_carea' id='block_1_34' title="bbox 124 3250 1702 3335">
    <p class='ocr_par' dir='ltr' id='par_1_34' title="bbox 124 3250 1702 3335">
     <span class='ocr_line' id='line_1_34' title="bbox 124 3250 1702 3335; baseline 0.013 -36"><span class='ocrx_word' id='word_1_262' title='bbox 124 3250 385 3315; x_wconf 81' lang='grc' dir='ltr'>αἱρέσεως</span> <span class='ocrx_word' id='word_1_263' title='bbox 431 3256 612 3307; x_wconf 84' lang='grc' dir='ltr'>ποιεῖ’</span> <span class='ocrx_word' id='word_1_264' title='bbox 652 3256 775 3310; x_wconf 80' lang='grc' dir='ltr'>οὐδὲ</span> <span class='ocrx_word' id='word_1_265' title='bbox 820 3258 929 3329; x_wconf 83' lang='grc' dir='ltr'>γάρ</span> <span class='ocrx_word' id='word_1_266' title='bbox 958 3276 1113 3329; x_wconf 90' lang='grc' dir='ltr'>φησι,</span> <span class='ocrx_word' id='word_1_267' title='bbox 1160 3261 1220 3314; x_wconf 91' lang='lat'>16</span> <span class='ocrx_word' id='word_1_268' title='bbox 1250 3263 1343 3315; x_wconf 66' lang='grc' dir='ltr'>καὶ¹</span> <span class='ocrx_word' id='word_1_269' title='bbox 1367 3263 1426 3316; x_wconf 86' lang='grc' dir='ltr'>τὸ</span> <span class='ocrx_word' id='word_1_270' title='bbox 1456 3267 1702 3335; x_wconf 89' lang='grc' dir='ltr'>σημεῖον,</span> 
     </span>
    </p>
   </div>
   <div class='ocr_carea' id='block_1_35' title="bbox 124 3339 1706 3424">
    <p class='ocr_par' dir='ltr' id='par_1_35' title="bbox 124 3339 1706 3424">
     <span class='ocr_line' id='line_1_35' title="bbox 124 3339 1706 3424; baseline 0.013 -36"><span class='ocrx_word' id='word_1_271' title='bbox 124 3339 237 3390; x_wconf 83' lang='grc' dir='ltr'>ἀλλ’</span> <span class='ocrx_word' id='word_1_272' title='bbox 286 3342 422 3394; x_wconf 83' lang='grc' dir='ltr'>ὅπου</span> <span class='ocrx_word' id='word_1_273' title='bbox 455 3343 653 3411; x_wconf 76' lang='grc' dir='ltr'>βούλει,</span> <span class='ocrx_word' id='word_1_274' title='bbox 682 3347 849 3416; x_wconf 90' lang='grc' dir='ltr'>φησί·</span> <span class='ocrx_word' id='word_1_275' title='bbox 879 3349 1131 3413; x_wconf 85' lang='grc' dir='ltr'>πλούσιος</span> <span class='ocrx_word' id='word_1_276' title='bbox 1172 3353 1201 3404; x_wconf 93' lang='lat'>6</span> <span class='ocrx_word' id='word_1_277' title='bbox 1236 3353 1533 3424; x_wconf 87' lang='grc' dir='ltr'>Δεσπότης,</span> <span class='ocrx_word' id='word_1_278' title='bbox 1572 3372 1706 3408; x_wconf 88' lang='grc' dir='ltr'>παν-</span> 
     </span>
    </p>
   </div>
   <div class='ocr_carea' id='block_1_36' title="bbox 125 3424 1705 3506">
    <p class='ocr_par' dir='ltr' id='par_1_36' title="bbox 125 3424 1705 3506">
     <span class='ocr_line' id='line_1_36' title="bbox 125 3424 1705 3506; baseline 0.011 -30"><span class='ocrx_word' id='word_1_279' title='bbox 125 3424 291 3496; x_wconf 74' lang='grc' dir='ltr'>αλκὴς</span> <span class='ocrx_word' id='word_1_280' title='bbox 338 3430 370 3496; x_wconf 87' lang='grc' dir='ltr'>ή</span> <span class='ocrx_word' id='word_1_281' title='bbox 400 3429 650 3501; x_wconf 84' lang='grc' dir='ltr'>δύναμις,</span> <span class='ocrx_word' id='word_1_282' title='bbox 700 3434 905 3501; x_wconf 83' lang='grc' dir='ltr'>ἅφατος</span> <span class='ocrx_word' id='word_1_283' title='bbox 942 3438 975 3506; x_wconf 87' lang='grc' dir='ltr'>ή</span> <span class='ocrx_word' id='word_1_284' title='bbox 1033 3438 1269 3503; x_wconf 82' lang='grc' dir='ltr'>ἐξουσία.</span> <span class='ocrx_word' id='word_1_285' title='bbox 1329 3440 1427 3493; x_wconf 79' lang='grc' dir='ltr'>Ἂν</span> <span class='ocrx_word' id='word_1_286' title='bbox 1480 3440 1545 3493; x_wconf 87' lang='grc' dir='ltr'>ἐκ</span> <span class='ocrx_word' id='word_1_287' title='bbox 1596 3441 1705 3495; x_wconf 88' lang='grc' dir='ltr'>τῶν</span> 
     </span>
    </p>
   </div>
   <div class='ocr_carea' id='block_1_37' title="bbox 125 3512 1703 3597">
    <p class='ocr_par' dir='ltr' id='par_1_37' title="bbox 125 3512 1703 3597">
     <span class='ocr_line' id='line_1_37' title="bbox 125 3512 1703 3597; baseline 0.015 -36"><span class='ocrx_word' id='word_1_288' title='bbox 125 3512 363 3580; x_wconf 70' lang='grc' dir='ltr'>οὐρανῶν</span> <span class='ocrx_word' id='word_1_289' title='bbox 398 3515 688 3587; x_wconf 77' lang='grc' dir='ltr'>βουληθῇς,</span> <span class='ocrx_word' id='word_1_290' title='bbox 712 3519 864 3573; x_wconf 80' lang='grc' dir='ltr'>οὐδὲν</span> <span class='ocrx_word' id='word_1_291' title='bbox 897 3522 957 3574; x_wconf 86' lang='grc' dir='ltr'>τὸ</span> <span class='ocrx_word' id='word_1_292' title='bbox 993 3523 1227 3577; x_wconf 85' lang='grc' dir='ltr'>κωλύον·</span> <span class='ocrx_word' id='word_1_293' title='bbox 1254 3524 1320 3577; x_wconf 87' lang='grc' dir='ltr'>ἂν</span> <span class='ocrx_word' id='word_1_294' title='bbox 1352 3526 1417 3579; x_wconf 85' lang='grc' dir='ltr'>ἐκ</span> <span class='ocrx_word' id='word_1_295' title='bbox 1448 3527 1549 3595; x_wconf 81' lang='grc' dir='ltr'>τῆς</span> <span class='ocrx_word' id='word_1_296' title='bbox 1577 3526 1703 3597; x_wconf 82' lang='grc' dir='ltr'>γῆς,</span> 
     </span>
    </p>
   </div>
   <div class='ocr_carea' id='block_1_38' title="bbox 125 3599 1703 3681">
    <p class='ocr_par' dir='ltr' id='par_1_38' title="bbox 125 3599 1703 3681">
     <span class='ocr_line' id='line_1_38' title="bbox 125 3599 1703 3681; baseline 0.011 -31"><span class='ocrx_word' id='word_1_297' title='bbox 125 3599 274 3652; x_wconf 70' lang='grc' dir='ltr'>οὐδὲν</span> <span class='ocrx_word' id='word_1_298' title='bbox 303 3600 363 3653; x_wconf 87' lang='lat'>16</span> <span class='ocrx_word' id='word_1_299' title='bbox 393 3602 704 3671; x_wconf 68' lang='grc' dir='ltr'>ἐμπαδίζον.</span> <span class='ocrx_word' id='word_1_300' title='bbox 734 3606 903 3660; x_wconf 80' lang='grc' dir='ltr'>Τοῦτο</span> <span class='ocrx_word' id='word_1_301' title='bbox 930 3608 1041 3679; x_wconf 89' lang='grc' dir='ltr'>γάρ</span> <span class='ocrx_word' id='word_1_302' title='bbox 1062 3611 1229 3678; x_wconf 87' lang='grc' dir='ltr'>ἐστιν,</span> <span class='ocrx_word' id='word_1_303' title='bbox 1252 3613 1327 3665; x_wconf 90' lang='grc' dir='ltr'><em>Ἢ</em></span> <span class='ocrx_word' id='word_1_304' title='bbox 1370 3613 1458 3678; x_wconf 74' lang='grc' dir='ltr'>εἰς</span> <span class='ocrx_word' id='word_1_305' title='bbox 1487 3614 1703 3681; x_wconf 76' lang='grc' dir='ltr'>βάθος,</span> 
     </span>
    </p>
   </div>
   <div class='ocr_carea' id='block_1_39' title="bbox 126 3685 1705 3762">
    <p class='ocr_par' dir='ltr' id='par_1_39' title="bbox 126 3685 1705 3762">
     <span class='ocr_line' id='line_1_39' title="bbox 126 3685 1705 3762; baseline 0.009 -24"><span class='ocrx_word' id='word_1_306' title='bbox 126 3685 163 3752; x_wconf 80' lang='grc' dir='ltr'><strong>ἢ</strong></span> <span class='ocrx_word' id='word_1_307' title='bbox 190 3690 275 3751; x_wconf 82' lang='grc' dir='ltr'>είς</span> <span class='ocrx_word' id='word_1_308' title='bbox 298 3689 478 3755; x_wconf 65' lang='grc' dir='ltr'>ὕψος.</span> <span class='ocrx_word' id='word_1_309' title='bbox 511 3690 729 3762; x_wconf 80' lang='grc' dir='ltr'>Ἐπειδὴ</span> <span class='ocrx_word' id='word_1_310' title='bbox 756 3692 812 3746; x_wconf 83' lang='grc' dir='ltr'>δὲ</span> <span class='ocrx_word' id='word_1_311' title='bbox 844 3694 965 3748; x_wconf 80' lang='grc' dir='ltr'>οὐδὲ</span> <span class='ocrx_word' id='word_1_312' title='bbox 997 3695 1168 3760; x_wconf 77' lang='grc' dir='ltr'>οὕτως</span> <span class='ocrx_word' id='word_1_313' title='bbox 1196 3695 1357 3750; x_wconf 77' lang='grc' dir='ltr'>αὑτὸν</span> <span class='ocrx_word' id='word_1_314' title='bbox 1388 3698 1705 3754; x_wconf 82' lang='grc' dir='ltr'>ἐπεσπάσα-</span> 
     </span>
    </p>
   </div>
   <div class='ocr_carea' id='block_1_40' title="bbox 127 3773 1704 3855">
    <p class='ocr_par' dir='ltr' id='par_1_40' title="bbox 127 3773 1704 3855">
     <span class='ocr_line' id='line_1_40' title="bbox 127 3773 1704 3855; baseline 0.01 -30"><span class='ocrx_word' id='word_1_315' title='bbox 127 3790 204 3835; x_wconf 86' lang='grc' dir='ltr'>το,</span> <span class='ocrx_word' id='word_1_316' title='bbox 221 3773 337 3845; x_wconf 79' lang='grc'>[81]</span> <span class='ocrx_word' id='word_1_317' title='bbox 354 3775 475 3827; x_wconf 85' lang='grc' dir='ltr'>οὐδὲ</span> <span class='ocrx_word' id='word_1_318' title='bbox 493 3776 727 3832; x_wconf 79' lang='grc' dir='ltr'>ἐνταῦθα</span> <span class='ocrx_word' id='word_1_319' title='bbox 741 3780 1016 3851; x_wconf 85' lang='grc' dir='ltr'>ἐσίγησεν,</span> <span class='ocrx_word' id='word_1_320' title='bbox 1032 3783 1147 3835; x_wconf 83' lang='grc' dir='ltr'>ἀλλ’</span> <span class='ocrx_word' id='word_1_321' title='bbox 1160 3783 1379 3855; x_wconf 73' lang='grc' dir='ltr'>ἔλεγχον</span> <span class='ocrx_word' id='word_1_322' title='bbox 1392 3785 1704 3855; x_wconf 85' lang='grc' dir='ltr'>ἐπαγαγὼν,</span> 
     </span>
    </p>
   </div>
   <div class='ocr_carea' id='block_1_41' title="bbox 127 3859 1707 3939">
    <p class='ocr_par' dir='ltr' id='par_1_41' title="bbox 127 3859 1707 3939">
     <span class='ocr_line' id='line_1_41' title="bbox 127 3859 1707 3939; baseline 0.011 -29"><span class='ocrx_word' id='word_1_323' title='bbox 127 3859 218 3911; x_wconf 72' lang='grc' dir='ltr'>καὶ</span> <span class='ocrx_word' id='word_1_324' title='bbox 244 3860 432 3913; x_wconf 72' lang='grc' dir='ltr'>τοῦτον</span> <span class='ocrx_word' id='word_1_325' title='bbox 460 3862 599 3934; x_wconf 79' lang='grc' dir='ltr'>ὑπὲρ</span> <span class='ocrx_word' id='word_1_326' title='bbox 637 3863 970 3934; x_wconf 82' lang='grc' dir='ltr'>διορθώσεως</span> <span class='ocrx_word' id='word_1_327' title='bbox 1002 3868 1095 3921; x_wconf 84' lang='grc' dir='ltr'>τοῦ</span> <span class='ocrx_word' id='word_1_328' title='bbox 1133 3870 1446 3939; x_wconf 88' lang='grc' dir='ltr'>ἀκούοντος,</span> <span class='ocrx_word' id='word_1_329' title='bbox 1475 3873 1567 3926; x_wconf 75' lang='grc' dir='ltr'>καὶ</span> <span class='ocrx_word' id='word_1_330' title='bbox 1611 3872 1707 3929; x_wconf 83' lang='grc' dir='ltr'>τοῦ</span> 
     </span>
    </p>
   </div>
   <div class='ocr_carea' id='block_1_42' title="bbox 126 3944 1708 4027">
    <p class='ocr_par' dir='ltr' id='par_1_42' title="bbox 126 3944 1708 4027">
     <span class='ocr_line' id='line_1_42' title="bbox 126 3944 1708 4027; baseline 0.013 -31"><span class='ocrx_word' id='word_1_331' title='bbox 126 3944 308 4014; x_wconf 76' lang='grc' dir='ltr'>δεῖξαι,</span> <span class='ocrx_word' id='word_1_332' title='bbox 338 3948 415 4011; x_wconf 83' lang='grc' dir='ltr'>ὡς</span> <span class='ocrx_word' id='word_1_333' title='bbox 449 3949 550 4001; x_wconf 76' lang='grc' dir='ltr'>οὐκ</span> <span class='ocrx_word' id='word_1_334' title='bbox 589 3951 891 4022; x_wconf 78' lang='grc' dir='ltr'>ἠπάτησεν,</span> <span class='ocrx_word' id='word_1_335' title='bbox 942 3954 1067 4007; x_wconf 81' lang='grc' dir='ltr'>οὐδέ</span> <span class='ocrx_word' id='word_1_336' title='bbox 1101 3958 1522 4027; x_wconf 86' lang='grc' dir='ltr'>παρελογίσατο,</span> <span class='ocrx_word' id='word_1_337' title='bbox 1571 3961 1708 4016; x_wconf 85' lang='grc' dir='ltr'>ἀνα-</span> 
     </span>
    </p>
   </div>
   <div class='ocr_carea' id='block_1_43' title="bbox 128 4033 1705 4120">
    <p class='ocr_par' dir='ltr' id='par_1_43' title="bbox 128 4033 1705 4120">
     <span class='ocr_line' id='line_1_43' title="bbox 128 4033 1705 4120; baseline 0.013 -37"><span class='ocrx_word' id='word_1_338' title='bbox 128 4033 390 4087; x_wconf 77' lang='grc' dir='ltr'>καλύπτει</span> <span class='ocrx_word' id='word_1_339' title='bbox 415 4044 438 4073; x_wconf 75' lang='grc' dir='ltr'>ε</span> <span class='ocrx_word' id='word_1_340' title='bbox 469 4037 805 4108; x_wconf 78' lang='grc' dir='ltr'>προφητείαν</span> <span class='ocrx_word' id='word_1_341' title='bbox 836 4039 1162 4111; x_wconf 72' lang='grc' dir='ltr'>ἀπόρρητον,</span> <span class='ocrx_word' id='word_1_342' title='bbox 1194 4044 1292 4115; x_wconf 83' lang='grc' dir='ltr'>τὴν</span> <span class='ocrx_word' id='word_1_343' title='bbox 1329 4047 1423 4100; x_wconf 80' lang='grc' dir='ltr'>ἐπὶ</span> <span class='ocrx_word' id='word_1_344' title='bbox 1463 4049 1705 4120; x_wconf 76' lang='grc' dir='ltr'>σωτηρίᾳ</span> 
     </span>
    </p>
   </div>
   <div class='ocr_carea' id='block_1_44' title="bbox 128 4120 1706 4202">
    <p class='ocr_par' dir='ltr' id='par_1_44' title="bbox 128 4120 1706 4202">
     <span class='ocr_line' id='line_1_44' title="bbox 128 4120 1706 4202; baseline 0.012 -32"><span class='ocrx_word' id='word_1_345' title='bbox 128 4120 226 4188; x_wconf 75' lang='grc' dir='ltr'>τῆς</span> <span class='ocrx_word' id='word_1_346' title='bbox 273 4120 600 4193; x_wconf 86' lang='grc' dir='ltr'>οίκουμένης</span> <span class='ocrx_word' id='word_1_347' title='bbox 653 4125 939 4195; x_wconf 82' lang='grc' dir='ltr'>ἐσομένην,</span> <span class='ocrx_word' id='word_1_348' title='bbox 989 4129 1084 4183; x_wconf 76' lang='grc' dir='ltr'>καὶ</span> <span class='ocrx_word' id='word_1_349' title='bbox 1122 4130 1221 4184; x_wconf 73' lang='grc' dir='ltr'>ἐπὶ</span> <span class='ocrx_word' id='word_1_350' title='bbox 1269 4131 1549 4202; x_wconf 85' lang='grc' dir='ltr'>διορθώσει</span> <span class='ocrx_word' id='word_1_351' title='bbox 1597 4136 1706 4189; x_wconf 89' lang='grc' dir='ltr'>τῶν</span> 
     </span>
    </p>
   </div>
   <div class='ocr_carea' id='block_1_45' title="bbox 128 4210 1705 4295">
    <p class='ocr_par' dir='ltr' id='par_1_45' title="bbox 128 4210 1705 4295">
     <span class='ocr_line' id='line_1_45' title="bbox 128 4210 1705 4295; baseline 0.013 -39"><span class='ocrx_word' id='word_1_352' title='bbox 128 4210 464 4277; x_wconf 76' lang='grc' dir='ltr'>πραγμάτων</span> <span class='ocrx_word' id='word_1_353' title='bbox 502 4210 786 4265; x_wconf 69' lang='grc' dir='ltr'>ἁπάντων⁸</span> <span class='ocrx_word' id='word_1_354' title='bbox 817 4214 910 4267; x_wconf 89' lang='grc' dir='ltr'>καί</span> <span class='ocrx_word' id='word_1_355' title='bbox 941 4231 1073 4286; x_wconf 88' lang='grc' dir='ltr'>φησι</span> <span class='ocrx_word' id='word_1_356' title='bbox 1110 4217 1171 4270; x_wconf 76' lang='lat'>16</span> <span class='ocrx_word' id='word_1_357' title='bbox 1206 4222 1429 4289; x_wconf 80' lang='grc' dir='ltr'>σημεῖον</span> <span class='ocrx_word' id='word_1_358' title='bbox 1470 4223 1591 4292; x_wconf 71' lang='grc' dir='ltr'>οὐχ).</span> <span class='ocrx_word' id='word_1_359' title='bbox 1628 4224 1705 4295; x_wconf 80' lang='grc' dir='ltr'>τῷ</span> 
     </span>
    </p>
   </div>
   <div class='ocr_carea' id='block_1_46' title="bbox 132 4295 1704 4375">
    <p class='ocr_par' dir='ltr' id='par_1_46' title="bbox 132 4295 1704 4375">
     <span class='ocr_line' id='line_1_46' title="bbox 132 4295 1704 4375; baseline 0.012 -30"><span class='ocrx_word' id='word_1_360' title='bbox 132 4295 303 4363; x_wconf 80' lang='grc' dir='ltr'>Ἀχαζ</span> <span class='ocrx_word' id='word_1_361' title='bbox 328 4296 563 4350; x_wconf 86' lang='grc' dir='ltr'>δίδοσθαι</span> <span class='ocrx_word' id='word_1_362' title='bbox 598 4298 804 4364; x_wconf 84' lang='grc' dir='ltr'>λοιπὸν,</span> <span class='ocrx_word' id='word_1_363' title='bbox 832 4302 968 4357; x_wconf 84' lang='grc' dir='ltr'>ἀλλά</span> <span class='ocrx_word' id='word_1_364' title='bbox 996 4302 1074 4374; x_wconf 82' lang='grc' dir='ltr'>τῷ</span> <span class='ocrx_word' id='word_1_365' title='bbox 1094 4305 1259 4375; x_wconf 85' lang='grc' dir='ltr'>κοινῷ</span> <span class='ocrx_word' id='word_1_366' title='bbox 1288 4307 1396 4359; x_wconf 91' lang='grc' dir='ltr'>τῶν</span> <span class='ocrx_word' id='word_1_367' title='bbox 1435 4309 1704 4365; x_wconf 83' lang='grc' dir='ltr'>Ἰουδαίων</span> 
     </span>
    </p>
   </div>
   <div class='ocr_carea' id='block_1_47' title="bbox 128 4380 1705 4463">
    <p class='ocr_par' dir='ltr' id='par_1_47' title="bbox 128 4380 1705 4463">
     <span class='ocr_line' id='line_1_47' title="bbox 128 4380 1705 4463; baseline 0.011 -30"><span class='ocrx_word' id='word_1_368' title='bbox 128 4380 300 4452; x_wconf 74' lang='grc' dir='ltr'>δήμῳ.</span> <span class='ocrx_word' id='word_1_369' title='bbox 319 4383 480 4454; x_wconf 85' lang='grc' dir='ltr'>Παρά</span> <span class='ocrx_word' id='word_1_370' title='bbox 510 4384 608 4454; x_wconf 89' lang='grc' dir='ltr'>μέν</span> <span class='ocrx_word' id='word_1_371' title='bbox 630 4387 739 4456; x_wconf 83' lang='grc' dir='ltr'>γὰρ</span> <span class='ocrx_word' id='word_1_372' title='bbox 766 4387 865 4457; x_wconf 83' lang='grc' dir='ltr'>τὴν</span> <span class='ocrx_word' id='word_1_373' title='bbox 893 4388 1066 4459; x_wconf 81' lang='grc' dir='ltr'>ἀρχὴν</span> <span class='ocrx_word' id='word_1_374' title='bbox 1087 4390 1223 4461; x_wconf 80' lang='grc' dir='ltr'>πρὸς</span> <span class='ocrx_word' id='word_1_375' title='bbox 1244 4392 1405 4445; x_wconf 80' lang='grc' dir='ltr'>αὐτὸν</span> <span class='ocrx_word' id='word_1_376' title='bbox 1428 4392 1519 4445; x_wconf 83' lang='grc' dir='ltr'>τὸν</span> <span class='ocrx_word' id='word_1_377' title='bbox 1550 4394 1705 4463; x_wconf 89' lang='grc' dir='ltr'>λόγον</span> 
     </span>
    </p>
   </div>
   <div class='ocr_carea' id='block_1_48' title="bbox 129 4468 1704 4551">
    <p class='ocr_par' dir='ltr' id='par_1_48' title="bbox 129 4468 1704 4551">
     <span class='ocr_line' id='line_1_48' title="bbox 129 4468 1704 4551; baseline 0.008 -31"><span class='ocrx_word' id='word_1_378' title='bbox 129 4468 411 4522; x_wconf 78' lang='grc' dir='ltr'>ἀτσέτεινεν</span> <span class='ocrx_word' id='word_1_379' title='bbox 431 4486 444 4500; x_wconf 76' lang='grc' dir='ltr'><strong><em>ο</em></strong></span> <span class='ocrx_word' id='word_1_380' title='bbox 470 4471 657 4542; x_wconf 85' lang='grc' dir='ltr'>ἐπειδὴ</span> <span class='ocrx_word' id='word_1_381' title='bbox 683 4472 738 4525; x_wconf 77' lang='grc' dir='ltr'>δὲ</span> <span class='ocrx_word' id='word_1_382' title='bbox 763 4472 977 4539; x_wconf 78' lang='grc' dir='ltr'>ἀνάξιον</span> <span class='ocrx_word' id='word_1_383' title='bbox 995 4477 1197 4539; x_wconf 83' lang='grc' dir='ltr'>ἐκεῖνος</span> <span class='ocrx_word' id='word_1_384' title='bbox 1229 4478 1417 4532; x_wconf 80' lang='grc' dir='ltr'>ἐαυτὸν</span> <span class='ocrx_word' id='word_1_385' title='bbox 1438 4480 1704 4551; x_wconf 79' lang='grc' dir='ltr'>ἀπέφηνε,</span> 
     </span>
    </p>
   </div>
   <div class='ocr_carea' id='block_1_49' title="bbox 128 4555 1704 4640">
    <p class='ocr_par' dir='ltr' id='par_1_49' title="bbox 128 4555 1704 4640">
     <span class='ocr_line' id='line_1_49' title="bbox 128 4555 1704 4640; baseline 0.01 -32"><span class='ocrx_word' id='word_1_386' title='bbox 128 4555 205 4627; x_wconf 79' lang='grc' dir='ltr'>τῷ</span> <span class='ocrx_word' id='word_1_387' title='bbox 241 4558 407 4629; x_wconf 71' lang='grc' dir='ltr'>κοινῷ</span> <span class='ocrx_word' id='word_1_388' title='bbox 427 4558 521 4611; x_wconf 84' lang='lat'>106</span> <span class='ocrx_word' id='word_1_389' title='bbox 548 4559 678 4614; x_wconf 83' lang='grc' dir='ltr'>λαοῦ</span> <span class='ocrx_word' id='word_1_390' title='bbox 706 4561 1030 4630; x_wconf 74' lang='grc' dir='ltr'>διαλέγεται.</span> <span class='ocrx_word' id='word_1_391' title='bbox 1054 4566 1155 4618; x_wconf 86' lang='grc' dir='ltr'>Διά</span> <span class='ocrx_word' id='word_1_392' title='bbox 1179 4566 1353 4620; x_wconf 82' lang='grc' dir='ltr'>τοῦτο</span> <span class='ocrx_word' id='word_1_393' title='bbox 1381 4567 1510 4637; x_wconf 85' lang='grc' dir='ltr'>γάρ,</span> <span class='ocrx_word' id='word_1_394' title='bbox 1551 4572 1704 4640; x_wconf 71' lang='grc' dir='ltr'>φησὶ,</span> 
     </span>
    </p>
   </div>
   <div class='ocr_carea' id='block_1_50' title="bbox 128 4646 1700 4724">
    <p class='ocr_par' dir='ltr' id='par_1_50' title="bbox 128 4646 1700 4724">
     <span class='ocr_line' id='line_1_50' title="bbox 128 4646 1700 4724; baseline 0.007 -26"><span class='ocrx_word' id='word_1_395' title='bbox 128 4646 331 4708; x_wconf 73' lang='grc' dir='ltr'>δώσει,</span> <span class='ocrx_word' id='word_1_396' title='bbox 370 4648 489 4717; x_wconf 74' lang='grc' dir='ltr'>οὐχὶ</span> <span class='ocrx_word' id='word_1_397' title='bbox 535 4648 637 4711; x_wconf 79' lang='grc' dir='ltr'>σοὶ,</span> <span class='ocrx_word' id='word_1_398' title='bbox 687 4649 802 4702; x_wconf 83' lang='grc' dir='ltr'>ἀλλ’</span> <span class='ocrx_word' id='word_1_399' title='bbox 837 4651 979 4718; x_wconf 79' lang='grc' dir='ltr'>ὑμῖν</span> <span class='ocrx_word' id='word_1_400' title='bbox 1006 4652 1273 4720; x_wconf 84' lang='grc' dir='ltr'>σημεῖον.</span> <span class='ocrx_word' id='word_1_401' title='bbox 1325 4655 1396 4707; x_wconf 83' lang='grc' dir='ltr'>’Υ</span> <span class='ocrx_word' id='word_1_402' title='bbox 1388 4656 1514 4724; x_wconf 79' lang='grc' dir='ltr'>μῖν,</span> <span class='ocrx_word' id='word_1_403' title='bbox 1561 4658 1700 4723; x_wconf 78' lang='grc' dir='ltr'>τίσις</span> 
     </span>
    </p>
   </div>
   <div class='ocr_carea' id='block_1_51' title="bbox 128 4734 1703 4816">
    <p class='ocr_par' dir='ltr' id='par_1_51' title="bbox 128 4734 1703 4816">
     <span class='ocr_line' id='line_1_51' title="bbox 128 4734 1703 4816; baseline 0.008 -31"><span class='ocrx_word' id='word_1_404' title='bbox 128 4734 251 4796; x_wconf 76' lang='grc' dir='ltr'>Τοῖς</span> <span class='ocrx_word' id='word_1_405' title='bbox 276 4736 339 4786; x_wconf 86' lang='grc' dir='ltr'>ἐν</span> <span class='ocrx_word' id='word_1_406' title='bbox 368 4734 445 4804; x_wconf 80' lang='grc' dir='ltr'>τῷ</span> <span class='ocrx_word' id='word_1_407' title='bbox 470 4736 602 4803; x_wconf 83' lang='grc' dir='ltr'>οίκῳ</span> <span class='ocrx_word' id='word_1_408' title='bbox 620 4737 802 4789; x_wconf 84' lang='grc' dir='ltr'>Δαυῖδ.</span> <span class='ocrx_word' id='word_1_409' title='bbox 849 4737 958 4791; x_wconf 74' lang='grc' dir='ltr'>Καὶ</span> <span class='ocrx_word' id='word_1_410' title='bbox 1009 4738 1117 4808; x_wconf 85' lang='grc' dir='ltr'>γὰρ</span> <span class='ocrx_word' id='word_1_411' title='bbox 1166 4739 1373 4794; x_wconf 80' lang='grc' dir='ltr'>ἐκεῖθεν</span> <span class='ocrx_word' id='word_1_412' title='bbox 1407 4742 1703 4816; x_wconf 88' lang='grc' dir='ltr'>ἐϐλάστησε</span> 
     </span>
    </p>
   </div>
   <div class='ocr_carea' id='block_1_52' title="bbox 127 4820 1706 4899">
    <p class='ocr_par' dir='ltr' id='par_1_52' title="bbox 127 4820 1706 4899">
     <span class='ocr_line' id='line_1_52' title="bbox 127 4820 1706 4899; baseline 0.008 -27"><span class='ocrx_word' id='word_1_413' title='bbox 127 4822 187 4873; x_wconf 78' lang='lat'>16</span> <span class='ocrx_word' id='word_1_414' title='bbox 213 4824 463 4890; x_wconf 82' lang='grc' dir='ltr'>σημεῖον.</span> <span class='ocrx_word' id='word_1_415' title='bbox 517 4822 583 4874; x_wconf 87' lang='grc' dir='ltr'>Τί</span> <span class='ocrx_word' id='word_1_416' title='bbox 623 4820 715 4876; x_wconf 75' lang='grc' dir='ltr'>οὖν</span> <span class='ocrx_word' id='word_1_417' title='bbox 743 4823 805 4877; x_wconf 86' lang='lat'>16</span> <span class='ocrx_word' id='word_1_418' title='bbox 837 4825 1059 4895; x_wconf 78' lang='grc' dir='ltr'>σημεῖόν</span> <span class='ocrx_word' id='word_1_419' title='bbox 1086 4826 1267 4892; x_wconf 83' lang='grc' dir='ltr'>ἐστιν;</span> <span class='ocrx_word' id='word_1_420' title='bbox 1314 4828 1458 4882; x_wconf 83' lang='grc' dir='ltr'>Ἰδοὺ</span> <span class='ocrx_word' id='word_1_421' title='bbox 1482 4830 1521 4897; x_wconf 79' lang='grc' dir='ltr'><em>ἠ</em></span> <span class='ocrx_word' id='word_1_422' title='bbox 1560 4846 1706 4899; x_wconf 79' lang='grc' dir='ltr'>παρ⁴</span> 
     </span>
    </p>
   </div>
   <div class='ocr_carea' id='block_1_53' title="bbox 131 4909 1704 4982">
    <p class='ocr_par' dir='ltr' id='par_1_53' title="bbox 131 4909 1704 4982">
     <span class='ocr_line' id='line_1_53' title="bbox 131 4909 1704 4982; baseline 0.008 -22"><span class='ocrx_word' id='word_1_423' title='bbox 131 4909 397 4973; x_wconf 74' lang='grc' dir='ltr'>Θένοςὲν</span> <span class='ocrx_word' id='word_1_424' title='bbox 437 4911 646 4977; x_wconf 76' lang='grc' dir='ltr'>γαστρί</span> <span class='ocrx_word' id='word_1_425' title='bbox 693 4909 971 4980; x_wconf 74' lang='grc' dir='ltr'>λήψεται,</span> <span class='ocrx_word' id='word_1_426' title='bbox 1013 4912 1110 4966; x_wconf 79' lang='grc' dir='ltr'>καί</span> <span class='ocrx_word' id='word_1_427' title='bbox 1160 4914 1389 4978; x_wconf 79' lang='grc' dir='ltr'>τέξεται</span> <span class='ocrx_word' id='word_1_428' title='bbox 1432 4918 1704 4982; x_wconf 74' lang='grc' dir='ltr'>υἱόν-,καί</span> 
     </span>
    </p>
   </div>
   <div class='ocr_carea' id='block_1_54' title="bbox 130 4995 1709 5076">
    <p class='ocr_par' dir='ltr' id='par_1_54' title="bbox 130 4995 1709 5076">
     <span class='ocr_line' id='line_1_54' title="bbox 130 4995 1709 5076; baseline 0.008 -31"><span class='ocrx_word' id='word_1_429' title='bbox 130 4995 467 5047; x_wconf 72' lang='grc' dir='ltr'>καλέσουσι</span> <span class='ocrx_word' id='word_1_430' title='bbox 513 4996 581 5048; x_wconf 90' lang='grc' dir='ltr'>τὸ</span> <span class='ocrx_word' id='word_1_431' title='bbox 632 4996 818 5065; x_wconf 76' lang='grc' dir='ltr'>ὄνομα</span> <span class='ocrx_word' id='word_1_432' title='bbox 852 4997 1039 5052; x_wconf 85' lang='grc' dir='ltr'>αὑτοῦ</span> <span class='ocrx_word' id='word_1_433' title='bbox 1086 4999 1489 5076; x_wconf 67' lang='grc' dir='ltr'>Ἐμμανουήλ.</span> <span class='ocrx_word' id='word_1_434' title='bbox 1524 5006 1709 5076; x_wconf 88' lang='grc' dir='ltr'>Παρα-</span> 
     </span>
    </p>
   </div>
   <div class='ocr_carea' id='block_1_55' title="bbox 130 5075 1709 5155">
    <p class='ocr_par' dir='ltr' id='par_1_55' title="bbox 130 5075 1709 5155">
     <span class='ocr_line' id='line_1_55' title="bbox 130 5075 1709 5155; baseline 0.008 -29"><span class='ocrx_word' id='word_1_435' title='bbox 130 5076 423 5146; x_wconf 75' lang='grc' dir='ltr'>τηρητέον,</span> <span class='ocrx_word' id='word_1_436' title='bbox 449 5078 585 5148; x_wconf 79' lang='grc' dir='ltr'>ὅπερ</span> <span class='ocrx_word' id='word_1_437' title='bbox 608 5078 700 5131; x_wconf 79' lang='grc' dir='ltr'>καὶ</span> <span class='ocrx_word' id='word_1_438' title='bbox 734 5079 1041 5150; x_wconf 74' lang='grc' dir='ltr'>ἔμπροσθεν</span> <span class='ocrx_word' id='word_1_439' title='bbox 1056 5075 1226 5146; x_wconf 75' lang='grc' dir='ltr'>εἷπον,</span> <span class='ocrx_word' id='word_1_440' title='bbox 1243 5084 1323 5135; x_wconf 87' lang='grc' dir='ltr'>ὅτι</span> <span class='ocrx_word' id='word_1_441' title='bbox 1348 5084 1406 5136; x_wconf 80' lang='grc' dir='ltr'>ού</span> <span class='ocrx_word' id='word_1_442' title='bbox 1433 5084 1507 5154; x_wconf 82' lang='grc' dir='ltr'>τῷ</span> <span class='ocrx_word' id='word_1_443' title='bbox 1533 5075 1709 5155; x_wconf 77' lang='grc' dir='ltr'>Ἀχαζ</span> 
     </span>
    </p>
   </div>
   <div class='ocr_carea' id='block_1_56' title="bbox 132 5161 1705 5243">
    <p class='ocr_par' dir='ltr' id='par_1_56' title="bbox 132 5161 1705 5243">
     <span class='ocr_line' id='line_1_56' title="bbox 132 5161 1705 5243; baseline 0.008 -31"><span class='ocrx_word' id='word_1_444' title='bbox 132 5161 331 5214; x_wconf 75' lang='grc' dir='ltr'>δίδοται</span> <span class='ocrx_word' id='word_1_445' title='bbox 364 5162 545 5215; x_wconf 77' lang='grc' dir='ltr'>λοιπὸν</span> <span class='ocrx_word' id='word_1_446' title='bbox 589 5164 650 5217; x_wconf 86' lang='lat'>16</span> <span class='ocrx_word' id='word_1_447' title='bbox 697 5167 938 5237; x_wconf 78' lang='grc' dir='ltr'>σημεῖον.</span> <span class='ocrx_word' id='word_1_448' title='bbox 980 5166 1091 5220; x_wconf 80' lang='grc' dir='ltr'>Καὶ</span> <span class='ocrx_word' id='word_1_449' title='bbox 1133 5168 1215 5221; x_wconf 82' lang='grc' dir='ltr'>ὅτι</span> <span class='ocrx_word' id='word_1_450' title='bbox 1268 5170 1326 5222; x_wconf 85' lang='grc' dir='ltr'>ού</span> <span class='ocrx_word' id='word_1_451' title='bbox 1383 5173 1705 5243; x_wconf 85' lang='grc' dir='ltr'>στοχασμὸς,</span> 
     </span>
    </p>
   </div>
   <div class='ocr_carea' id='block_1_57' title="bbox 194 5341 1709 5412">
    <p class='ocr_par' dir='ltr' id='par_1_57' title="bbox 194 5341 1709 5412">
     <span class='ocr_line' id='line_1_57' title="bbox 194 5341 1709 5412; baseline 0.007 -24"><span class='ocrx_word' id='word_1_452' title='bbox 194 5342 221 5370; x_wconf 80' lang='grc'><strong><em>⁸</em></strong></span> <span class='ocrx_word' id='word_1_453' title='bbox 244 5342 572 5411; x_wconf 70' lang='grc' dir='ltr'>Τυρευομὲνην</span> <span class='ocrx_word' id='word_1_454' title='bbox 591 5341 871 5412; x_wconf 60' lang='grc' dir='ltr'>Βενεήρυβ,</span> <span class='ocrx_word' id='word_1_455' title='bbox 896 5346 1161 5412; x_wconf 60' lang='lat' dir='ltr'>egiliyero</span> <span class='ocrx_word' id='word_1_456' title='bbox 1191 5350 1529 5412; x_wconf 82' lang='grc' dir='ltr'>πορευομένην,</span> <span class='ocrx_word' id='word_1_457' title='bbox 1564 5362 1709 5411; x_wconf 83' lang='lat' dir='ltr'>quam</span> 
     </span>
    </p>
   </div>
   <div class='ocr_carea' id='block_1_58' title="bbox 134 5403 1080 5463">
    <p class='ocr_par' dir='ltr' id='par_1_58' title="bbox 134 5403 1080 5463">
     <span class='ocr_line' id='line_1_58' title="bbox 134 5403 1080 5463; baseline 0.015 -21"><span class='ocrx_word' id='word_1_458' title='bbox 134 5414 308 5463; x_wconf 58' lang='lat' dir='ltr'>rogem</span> <span class='ocrx_word' id='word_1_459' title='bbox 332 5403 439 5461; x_wconf 90' lang='lat' dir='ltr'>jure</span> <span class='ocrx_word' id='word_1_460' title='bbox 462 5408 739 5463; x_wconf 77' lang='lat' dir='ltr'>suspectam</span> <span class='ocrx_word' id='word_1_461' title='bbox 762 5405 908 5454; x_wconf 80' lang='lat' dir='ltr'>habet</span> <span class='ocrx_word' id='word_1_462' title='bbox 931 5407 1080 5456; x_wconf 79' lang='lat' dir='ltr'>Savll.</span> 
     </span>
    </p>
   </div>
   <div class='ocr_carea' id='block_1_59' title="bbox 192 5462 1710 5534">
    <p class='ocr_par' dir='ltr' id='par_1_59' title="bbox 192 5462 1710 5534">
     <span class='ocr_line' id='line_1_59' title="bbox 192 5462 1710 5534; baseline 0.009 -26"><span class='ocrx_word' id='word_1_463' title='bbox 192 5462 222 5501; x_wconf 69' lang='grc' dir='ltr'>δ</span> <span class='ocrx_word' id='word_1_464' title='bbox 262 5463 465 5534; x_wconf 29' lang='grc' dir='ltr'>Βεεκες</span> <span class='ocrx_word' id='word_1_465' title='bbox 486 5462 638 5534; x_wconf 42' lang='lat' dir='ltr'>Siti]:</span> <span class='ocrx_word' id='word_1_466' title='bbox 664 5467 745 5534; x_wconf 48' lang='grc' dir='ltr'>καί</span> <span class='ocrx_word' id='word_1_467' title='bbox 769 5468 794 5513; x_wconf 96' lang='lat'>6</span> <span class='ocrx_word' id='word_1_468' title='bbox 837 5466 1025 5525; x_wconf 77' lang='grc' dir='ltr'>Παῦλος</span> <span class='ocrx_word' id='word_1_469' title='bbox 1066 5469 1205 5518; x_wconf 86' lang='grc' dir='ltr'>πάλιν</span> <span class='ocrx_word' id='word_1_470' title='bbox 1247 5470 1402 5534; x_wconf 83' lang='grc' dir='ltr'>φησίν.</span> <span class='ocrx_word' id='word_1_471' title='bbox 1449 5471 1619 5522; x_wconf 79' lang='lat' dir='ltr'>Morel.</span> <span class='ocrx_word' id='word_1_472' title='bbox 1656 5476 1710 5522; x_wconf 79' lang='lat' dir='ltr'><strong>et</strong></span> 
     </span>
    </p>
   </div>
   <div class='ocr_carea' id='block_1_60' title="bbox 136 5526 813 5574">
    <p class='ocr_par' dir='ltr' id='par_1_60' title="bbox 136 5526 813 5574">
     <span class='ocr_line' id='line_1_60' title="bbox 136 5526 813 5574; baseline 0.001 -1"><span class='ocrx_word' id='word_1_473' title='bbox 136 5526 312 5573; x_wconf 65' lang='lat' dir='ltr'>Bavar.</span> <span class='ocrx_word' id='word_1_474' title='bbox 337 5526 415 5572; x_wconf 81' lang='grc' dir='ltr'>καὶ</span> <span class='ocrx_word' id='word_1_475' title='bbox 442 5526 467 5571; x_wconf 89' lang='lat'>6</span> <span class='ocrx_word' id='word_1_476' title='bbox 486 5526 636 5573; x_wconf 78' lang='grc' dir='ltr'>Δαυῒδ</span> <span class='ocrx_word' id='word_1_477' title='bbox 656 5527 813 5574; x_wconf 81' lang='grc' dir='ltr'>πάλιν.</span> 
     </span>
    </p>
   </div>
   <div class='ocr_carea' id='block_1_61' title="bbox 196 5584 1711 5647">
    <p class='ocr_par' dir='ltr' id='par_1_61' title="bbox 196 5584 1711 5647">
     <span class='ocr_line' id='line_1_61' title="bbox 196 5584 1711 5647; baseline 0.008 -16"><span class='ocrx_word' id='word_1_478' title='bbox 196 5588 218 5615; x_wconf 73' lang='grc' dir='ltr'>ε</span> <span class='ocrx_word' id='word_1_479' title='bbox 251 5584 377 5647; x_wconf 75' lang='grc' dir='ltr'>Οὐδὲ</span> <span class='ocrx_word' id='word_1_480' title='bbox 397 5586 762 5647; x_wconf 82' lang='grc' dir='ltr'>παρελογίσατο,</span> <span class='ocrx_word' id='word_1_481' title='bbox 791 5589 1121 5641; x_wconf 73' lang='grc' dir='ltr'>ἀνακαλύπτει.</span> <span class='ocrx_word' id='word_1_482' title='bbox 1162 5590 1243 5640; x_wconf 80' lang='lat' dir='ltr'>Sic</span> <span class='ocrx_word' id='word_1_483' title='bbox 1265 5597 1402 5641; x_wconf 79' lang='lat' dir='ltr'>recte</span> <span class='ocrx_word' id='word_1_484' title='bbox 1440 5592 1611 5643; x_wconf 75' lang='lat' dir='ltr'>Morel.</span> <span class='ocrx_word' id='word_1_485' title='bbox 1658 5598 1711 5643; x_wconf 69' lang='lat' dir='ltr'>et</span> 
     </span>
    </p>
   </div>
   <div class='ocr_carea' id='block_1_62' title="bbox 136 5602 1709 5723">
    <p class='ocr_par' dir='ltr' id='par_1_62' title="bbox 136 5602 1709 5723">
     <span class='ocr_line' id='line_1_62' title="bbox 196 5602 1709 5647; baseline 0.008 -16"><span class='ocrx_word' id='word_1_486' title='bbox 196 5602 218 5615; x_wconf 76' lang='lat'>-</span> <span class='ocrx_word' id='word_1_487' title='bbox 251 5602 377 5632; x_wconf 82' lang='grc' dir='ltr'>υυοε</span> <span class='ocrx_word' id='word_1_488' title='bbox 397 5603 462 5633; x_wconf 87' lang='grc' dir='ltr'>πα</span> <span class='ocrx_word' id='word_1_489' title='bbox 495 5602 762 5647; x_wconf 63' lang='grc' dir='ltr'>ελογισατο,</span> <span class='ocrx_word' id='word_1_490' title='bbox 791 5602 1121 5641; x_wconf 76' lang='grc' dir='ltr'>ανακαλυπτει.</span> <span class='ocrx_word' id='word_1_491' title='bbox 1162 5602 1243 5640; x_wconf 77' lang='grc' dir='ltr'>διο</span> <span class='ocrx_word' id='word_1_492' title='bbox 1265 5602 1402 5641; x_wconf 77' lang='lat' dir='ltr'>recte</span> <span class='ocrx_word' id='word_1_493' title='bbox 1440 5602 1611 5643; x_wconf 72' lang='lat' dir='ltr'>Morel.</span> <span class='ocrx_word' id='word_1_494' title='bbox 1658 5602 1709 5643; x_wconf 70' lang='lat' dir='ltr'>et</span> 
     </span>
     <span class='ocr_line' id='line_1_63' title="bbox 136 5602 1709 5723; baseline 0.007 -30"><span class='ocrx_word' id='word_1_495' title='bbox 136 5602 913 5723; x_wconf 35' lang='lat' dir='ltr'>Patar&#39;ifpnglReg.Ie§_Savil.</span> <span class='ocrx_word' id='word_1_496' title='bbox 942 5652 1050 5723; x_wconf 72' lang='grc' dir='ltr'>οὐξέ</span> <span class='ocrx_word' id='word_1_497' title='bbox 1075 5652 1163 5723; x_wconf 58' lang='grc' dir='ltr'>γάρ</span> <span class='ocrx_word' id='word_1_498' title='bbox 1207 5655 1471 5723; x_wconf 64' lang='grc' dir='ltr'>ἐλογίσατο,</span> <span class='ocrx_word' id='word_1_499' title='bbox 1496 5656 1709 5723; x_wconf 68' lang='grc' dir='ltr'>ἀνακάμ-</span> 
     </span>
    </p>
   </div>
   <div class='ocr_carea' id='block_1_63' title="bbox 137 5705 1709 5770">
    <p class='ocr_par' dir='ltr' id='par_1_63' title="bbox 137 5705 1709 5770">
     <span class='ocr_line' id='line_1_64' title="bbox 137 5705 1709 5770; baseline 0.009 -18"><span class='ocrx_word' id='word_1_500' title='bbox 137 5705 569 5770; x_wconf 60' lang='lat' dir='ltr'>m1._Pteperam,</span> <span class='ocrx_word' id='word_1_501' title='bbox 596 5705 652 5756; x_wconf 79' lang='grc' dir='ltr'>ιῐι</span> <span class='ocrx_word' id='word_1_502' title='bbox 672 5709 781 5770; x_wconf 75' lang='lat' dir='ltr'>ipse</span> <span class='ocrx_word' id='word_1_503' title='bbox 804 5718 969 5760; x_wconf 79' lang='lat' dir='ltr'>monet</span> <span class='ocrx_word' id='word_1_504' title='bbox 991 5705 1203 5762; x_wconf 65' lang='lat' dir='ltr'>Savilfus</span> <span class='ocrx_word' id='word_1_505' title='bbox 1224 5715 1273 5762; x_wconf 73' lang='lat' dir='ltr'>in</span> <span class='ocrx_word' id='word_1_506' title='bbox 1298 5705 1470 5769; x_wconf 40' lang='lat' dir='ltr'>hotisf</span> <span class='ocrx_word' id='word_1_507' title='bbox 1497 5716 1578 5764; x_wconf 79' lang='lat' dir='ltr'>ubi</span> <span class='ocrx_word' id='word_1_508' title='bbox 1622 5705 1709 5765; x_wconf 61' lang='lat' dir='ltr'>vb-</span> 
     </span>
    </p>
   </div>
   <div class='ocr_carea' id='block_1_64' title="bbox 139 5767 1707 5838">
    <p class='ocr_par' dir='ltr' id='par_1_64' title="bbox 139 5767 1707 5838">
     <span class='ocr_line' id='line_1_65' title="bbox 139 5767 1707 5838; baseline 0.008 -25"><span class='ocrx_word' id='word_1_509' title='bbox 139 5780 239 5838; x_wconf 82' lang='lat' dir='ltr'>_mn</span> <span class='ocrx_word' id='word_1_510' title='bbox 266 5767 706 5838; x_wconf 50' lang='grc' dir='ltr'>ιεειὶοηεηιε-ίιρηο</span> <span class='ocrx_word' id='word_1_511' title='bbox 724 5772 919 5838; x_wconf 79' lang='lat' dir='ltr'>scllicet_</span> <span class='ocrx_word' id='word_1_512' title='bbox 954 5778 1185 5838; x_wconf 54' lang='lat' dir='ltr'>nosﬁram,</span> <span class='ocrx_word' id='word_1_513' title='bbox 1214 5767 1469 5838; x_wconf 72' lang='lat' dir='ltr'>Florilegii</span> <span class='ocrx_word' id='word_1_514' title='bbox 1494 5780 1707 5825; x_wconf 82' lang='lat' dir='ltr'>auctori-</span> 
     </span>
    </p>
   </div>
   <div class='ocr_carea' id='block_1_65' title="bbox 140 5830 1708 5943">
    <p class='ocr_par' dir='ltr' id='par_1_65' title="bbox 140 5830 1708 5943">
     <span class='ocr_line' id='line_1_66' title="bbox 140 5830 1708 5943; baseline 0.011 -70"><span class='ocrx_word' id='word_1_515' title='bbox 140 5832 500 5943; x_wconf 51' lang='lat' dir='ltr'>utielgcelsiulueil.</span> <span class='ocrx_word' id='word_1_516' title='bbox 528 5830 821 5888; x_wconf 76' lang='lat' dir='ltr'>Tilmannus</span> <span class='ocrx_word' id='word_1_517' title='bbox 854 5835 1001 5885; x_wconf 76' lang='lat' dir='ltr'><strong>etiam</strong></span> <span class='ocrx_word' id='word_1_518' title='bbox 1039 5830 1284 5897; x_wconf 63' lang='lat' dir='ltr'>interpres</span> <span class='ocrx_word' id='word_1_519' title='bbox 1309 5830 1473 5891; x_wconf 62' lang='lat' dir='ltr'>vatim</span> <span class='ocrx_word' id='word_1_520' title='bbox 1510 5846 1708 5891; x_wconf 76' lang='lat' dir='ltr'>secutus</span> 
     </span>
     <span class='ocr_line' id='line_1_67' title="bbox 143 5901 521 5943; baseline 0.008 -3"><span class='ocrx_word' id='word_1_521' title='bbox 143 5901 197 5940; x_wconf 79' lang='lat' dir='ltr'>es</span> <span class='ocrx_word' id='word_1_522' title='bbox 356 5903 418 5941; x_wconf 87' lang='lat' dir='ltr'>on</span> <span class='ocrx_word' id='word_1_523' title='bbox 454 5905 521 5943; x_wconf 77' lang='lat' dir='ltr'>In.</span> 
     </span>
    </p>
   </div>
   <div class='ocr_carea' id='block_1_66' title="bbox 356 5903 521 5943">
    <p class='ocr_par' dir='ltr' id='par_1_66' title="bbox 356 5903 521 5943">
     <span class='ocr_line' id='line_1_68' title="bbox 356 5903 521 5943; baseline 0.012 -2"><span class='ocrx_word' id='word_1_524' title='bbox 356 5903 521 5943; x_wconf 79' lang='lat' dir='ltr'><strong>onem.</strong></span> 
     </span>
    </p>
   </div>
   <div class='ocr_carea' id='block_1_67' title="bbox 1804 667 3388 741">
    <p class='ocr_par' dir='ltr' id='par_1_67' title="bbox 1804 667 3388 741">
     <span class='ocr_line' id='line_1_69' title="bbox 1804 667 3388 741; baseline 0.003 -20"><span class='ocrx_word' id='word_1_525' title='bbox 1804 685 1939 734; x_wconf 83' lang='grc' dir='ltr'>ποις</span> <span class='ocrx_word' id='word_1_526' title='bbox 1955 683 1975 732; x_wconf 87' lang='grc'><em>;</em></span> <span class='ocrx_word' id='word_1_527' title='bbox 2026 667 2123 721; x_wconf 79' lang='grc' dir='ltr'>καὶ</span> <span class='ocrx_word' id='word_1_528' title='bbox 2173 668 2510 740; x_wconf 68' lang='grc' dir='ltr'>προσέθηκεο</span> <span class='ocrx_word' id='word_1_529' title='bbox 2562 670 2663 723; x_wconf 80' lang='grc' dir='ltr'>Διὰ</span> <span class='ocrx_word' id='word_1_530' title='bbox 2712 669 2887 723; x_wconf 84' lang='grc' dir='ltr'>τοῦτο</span> <span class='ocrx_word' id='word_1_531' title='bbox 2941 670 3118 724; x_wconf 82' lang='grc' dir='ltr'>δώσει</span> <span class='ocrx_word' id='word_1_532' title='bbox 3167 673 3388 741; x_wconf 86' lang='grc' dir='ltr'>Κύριος</span> 
     </span>
    </p>
   </div>
   <div class='ocr_carea' id='block_1_68' title="bbox 1802 755 3391 826">
    <p class='ocr_par' dir='ltr' id='par_1_68' title="bbox 1802 755 3391 826">
     <span class='ocr_line' id='line_1_70' title="bbox 1802 755 3391 826; baseline 0.005 -19"><span class='ocrx_word' id='word_1_533' title='bbox 1802 755 1943 824; x_wconf 83' lang='grc' dir='ltr'>ὑμῖν</span> <span class='ocrx_word' id='word_1_534' title='bbox 1964 756 2232 825; x_wconf 80' lang='grc' dir='ltr'>σημεῖον.</span> <span class='ocrx_word' id='word_1_535' title='bbox 2267 756 2412 810; x_wconf 82' lang='grc' dir='ltr'>Ἰδοὺ</span> <span class='ocrx_word' id='word_1_536' title='bbox 2445 757 2484 823; x_wconf 73' lang='grc' dir='ltr'>ἡ</span> <span class='ocrx_word' id='word_1_537' title='bbox 2512 758 2808 824; x_wconf 82' lang='grc' dir='ltr'>παρθένος</span> <span class='ocrx_word' id='word_1_538' title='bbox 2826 758 2895 811; x_wconf 74' lang='grc' dir='ltr'>ἐν</span> <span class='ocrx_word' id='word_1_539' title='bbox 2914 758 3125 826; x_wconf 77' lang='grc' dir='ltr'>γαστρὶ</span> <span class='ocrx_word' id='word_1_540' title='bbox 3154 759 3295 822; x_wconf 75' lang='grc' dir='ltr'>ἔξει.</span> <span class='ocrx_word' id='word_1_541' title='bbox 3326 761 3391 823; x_wconf 70' lang='lat' dir='ltr'>EE</span> 
     </span>
    </p>
   </div>
   <div class='ocr_carea' id='block_1_69' title="bbox 1802 841 3391 917">
    <p class='ocr_par' dir='ltr' id='par_1_69' title="bbox 1802 841 3391 917">
     <span class='ocr_line' id='line_1_71' title="bbox 1802 841 3391 917; baseline 0.003 -20"><span class='ocrx_word' id='word_1_542' title='bbox 1802 844 1860 897; x_wconf 86' lang='grc' dir='ltr'>δέ</span> <span class='ocrx_word' id='word_1_543' title='bbox 1889 842 1963 912; x_wconf 83' lang='grc' dir='ltr'>μὴ</span> <span class='ocrx_word' id='word_1_544' title='bbox 1987 844 2254 913; x_wconf 84' lang='grc' dir='ltr'>παρθένος</span> <span class='ocrx_word' id='word_1_545' title='bbox 2278 841 2366 912; x_wconf 76' lang='grc' dir='ltr'>ἦν,</span> <span class='ocrx_word' id='word_1_546' title='bbox 2396 846 2517 898; x_wconf 83' lang='grc' dir='ltr'>οὺδέ</span> <span class='ocrx_word' id='word_1_547' title='bbox 2549 848 2769 916; x_wconf 89' lang='grc' dir='ltr'>σημεῖον</span> <span class='ocrx_word' id='word_1_548' title='bbox 2800 842 2889 916; x_wconf 82' lang='grc' dir='ltr'>ἦν.</span> <span class='ocrx_word' id='word_1_549' title='bbox 2928 844 3001 898; x_wconf 89' lang='lat' dir='ltr'><em>T6</em></span> <span class='ocrx_word' id='word_1_550' title='bbox 3028 846 3134 915; x_wconf 88' lang='grc' dir='ltr'>γὰρ</span> <span class='ocrx_word' id='word_1_551' title='bbox 3166 852 3391 917; x_wconf 69' lang='grc' dir='ltr'>σημεῖον</span> 
     </span>
    </p>
   </div>
   <div class='ocr_carea' id='block_1_70' title="bbox 1805 932 3391 1005">
    <p class='ocr_par' dir='ltr' id='par_1_70' title="bbox 1805 932 3391 1005">
     <span class='ocr_line' id='line_1_72' title="bbox 1805 932 3391 1005; baseline 0.003 -21"><span class='ocrx_word' id='word_1_552' title='bbox 1805 932 2081 986; x_wconf 88' lang='grc' dir='ltr'>ἐκϐαίνειν</span> <span class='ocrx_word' id='word_1_553' title='bbox 2128 934 2208 987; x_wconf 86' lang='grc' dir='ltr'>δεῖ</span> <span class='ocrx_word' id='word_1_554' title='bbox 2240 935 2339 1003; x_wconf 83' lang='grc' dir='ltr'>τὴν</span> <span class='ocrx_word' id='word_1_555' title='bbox 2393 935 2577 1004; x_wconf 82' lang='grc' dir='ltr'>κοινὴν</span> <span class='ocrx_word' id='word_1_556' title='bbox 2620 936 2955 1001; x_wconf 86' lang='grc' dir='ltr'>ἀκολουθίαν,</span> <span class='ocrx_word' id='word_1_557' title='bbox 2994 936 3087 987; x_wconf 78' lang='grc' dir='ltr'>καὶ</span> <span class='ocrx_word' id='word_1_558' title='bbox 3141 934 3239 1005; x_wconf 85' lang='grc' dir='ltr'>τὴν</span> <span class='ocrx_word' id='word_1_559' title='bbox 3292 936 3391 1005; x_wconf 79' lang='grc' dir='ltr'>τῆς</span> 
     </span>
    </p>
   </div>
   <div class='ocr_carea' id='block_1_71' title="bbox 1806 1018 3388 1092">
    <p class='ocr_par' dir='ltr' id='par_1_71' title="bbox 1806 1018 3388 1092">
     <span class='ocr_line' id='line_1_73' title="bbox 1806 1018 3388 1092; baseline 0.002 -22"><span class='ocrx_word' id='word_1_560' title='bbox 1806 1019 2018 1087; x_wconf 85' lang='grc' dir='ltr'>φύσεως</span> <span class='ocrx_word' id='word_1_561' title='bbox 2056 1020 2405 1092; x_wconf 83' lang='grc' dir='ltr'>ὑπερϐαίνειν</span> <span class='ocrx_word' id='word_1_562' title='bbox 2437 1022 2743 1091; x_wconf 87' lang='grc' dir='ltr'>συνήθειαν,</span> <span class='ocrx_word' id='word_1_563' title='bbox 2776 1023 2869 1075; x_wconf 77' lang='grc' dir='ltr'>καὶ</span> <span class='ocrx_word' id='word_1_564' title='bbox 2923 1022 3071 1086; x_wconf 85' lang='grc' dir='ltr'>ξένον</span> <span class='ocrx_word' id='word_1_565' title='bbox 3112 1018 3250 1074; x_wconf 74' lang='grc' dir='ltr'>εἶναι</span> <span class='ocrx_word' id='word_1_566' title='bbox 3296 1022 3388 1073; x_wconf 75' lang='grc' dir='ltr'>καὶ</span> 
     </span>
    </p>
   </div>
   <div class='ocr_carea' id='block_1_72' title="bbox 1805 1105 3392 1179">
    <p class='ocr_par' dir='ltr' id='par_1_72' title="bbox 1805 1105 3392 1179">
     <span class='ocr_line' id='line_1_74' title="bbox 1805 1105 3392 1179; baseline 0.004 -24"><span class='ocrx_word' id='word_1_567' title='bbox 1805 1105 2126 1175; x_wconf 82' lang='grc' dir='ltr'>παράδοξον,</span> <span class='ocrx_word' id='word_1_568' title='bbox 2152 1106 2293 1159; x_wconf 87' lang='grc' dir='ltr'>ὥστε</span> <span class='ocrx_word' id='word_1_569' title='bbox 2316 1108 2544 1160; x_wconf 75' lang='grc' dir='ltr'>ἕκαστον</span> <span class='ocrx_word' id='word_1_570' title='bbox 2589 1107 3043 1177; x_wconf 87' lang='grc' dir='ltr'>ἐπισημαίνεσθαι</span> <span class='ocrx_word' id='word_1_571' title='bbox 3076 1107 3183 1161; x_wconf 91' lang='grc' dir='ltr'>τῶν</span> <span class='ocrx_word' id='word_1_572' title='bbox 3220 1108 3392 1179; x_wconf 81' lang='grc' dir='ltr'>ὁρών-</span> 
     </span>
    </p>
   </div>
   <div class='ocr_carea' id='block_1_73' title="bbox 1803 1192 3392 1269">
    <p class='ocr_par' dir='ltr' id='par_1_73' title="bbox 1803 1192 3392 1269">
     <span class='ocr_line' id='line_1_75' title="bbox 1803 1192 3392 1269; baseline 0.004 -25"><span class='ocrx_word' id='word_1_573' title='bbox 1803 1208 1912 1245; x_wconf 88' lang='grc' dir='ltr'>των</span> <span class='ocrx_word' id='word_1_574' title='bbox 1955 1192 2050 1245; x_wconf 74' lang='grc' dir='ltr'>καὶ</span> <span class='ocrx_word' id='word_1_575' title='bbox 2098 1194 2424 1247; x_wconf 85' lang='grc' dir='ltr'>ἀκουόντων.</span> <span class='ocrx_word' id='word_1_576' title='bbox 2478 1192 2576 1247; x_wconf 89' lang='grc' dir='ltr'>Διά</span> <span class='ocrx_word' id='word_1_577' title='bbox 2620 1194 2729 1264; x_wconf 79' lang='grc' dir='ltr'>γὰρ</span> <span class='ocrx_word' id='word_1_578' title='bbox 2787 1195 2944 1247; x_wconf 81' lang='grc' dir='ltr'>τοῦτο</span> <span class='ocrx_word' id='word_1_579' title='bbox 3011 1196 3105 1249; x_wconf 71' lang='grc' dir='ltr'>καὶ</span> <span class='ocrx_word' id='word_1_580' title='bbox 3164 1199 3392 1269; x_wconf 79' lang='grc' dir='ltr'>σημεῖον</span> 
     </span>
    </p>
   </div>
   <div class='ocr_carea' id='block_1_74' title="bbox 1805 1276 3391 1352">
    <p class='ocr_par' dir='ltr' id='par_1_74' title="bbox 1805 1276 3391 1352">
     <span class='ocr_line' id='line_1_76' title="bbox 1805 1276 3391 1352; baseline 0.004 -22"><span class='ocrx_word' id='word_1_581' title='bbox 1805 1276 2041 1346; x_wconf 86' lang='grc' dir='ltr'>λέγεται,</span> <span class='ocrx_word' id='word_1_582' title='bbox 2076 1278 2165 1331; x_wconf 80' lang='grc' dir='ltr'>διὰ</span> <span class='ocrx_word' id='word_1_583' title='bbox 2205 1280 2267 1332; x_wconf 88' lang='lat'>16</span> <span class='ocrx_word' id='word_1_584' title='bbox 2316 1280 2605 1351; x_wconf 88' lang='grc' dir='ltr'>ἐπίσημον.</span> <span class='ocrx_word' id='word_1_585' title='bbox 2654 1280 2953 1350; x_wconf 85' lang='grc' dir='ltr'>Ἑπίσημον</span> <span class='ocrx_word' id='word_1_586' title='bbox 2990 1282 3047 1333; x_wconf 86' lang='grc' dir='ltr'>δέ</span> <span class='ocrx_word' id='word_1_587' title='bbox 3076 1284 3177 1336; x_wconf 84' lang='grc' dir='ltr'>οὐκ</span> <span class='ocrx_word' id='word_1_588' title='bbox 3205 1283 3270 1336; x_wconf 80' lang='grc' dir='ltr'>ἂν</span> <span class='ocrx_word' id='word_1_589' title='bbox 3297 1283 3391 1352; x_wconf 84' lang='grc' dir='ltr'>γέ-</span> 
     </span>
    </p>
   </div>
   <div class='ocr_carea' id='block_1_75' title="bbox 1806 1363 3391 1438">
    <p class='ocr_par' dir='ltr' id='par_1_75' title="bbox 1806 1363 3391 1438">
     <span class='ocr_line' id='line_1_77' title="bbox 1806 1363 3391 1438; baseline 0.002 -20"><span class='ocrx_word' id='word_1_590' title='bbox 1806 1382 1973 1429; x_wconf 90' lang='grc' dir='ltr'>νοιτο,</span> <span class='ocrx_word' id='word_1_591' title='bbox 2008 1366 2055 1417; x_wconf 87' lang='grc' dir='ltr'>εί</span> <span class='ocrx_word' id='word_1_592' title='bbox 2092 1363 2273 1434; x_wconf 84' lang='grc' dir='ltr'>μέλλοι</span> <span class='ocrx_word' id='word_1_593' title='bbox 2301 1366 2637 1435; x_wconf 85' lang='grc' dir='ltr'>κρύπτεσθαι</span> <span class='ocrx_word' id='word_1_594' title='bbox 2666 1370 2732 1437; x_wconf 84' lang='grc' dir='ltr'>τῇ</span> <span class='ocrx_word' id='word_1_595' title='bbox 2782 1368 3037 1438; x_wconf 81' lang='grc' dir='ltr'>κοινωνίᾳ</span> <span class='ocrx_word' id='word_1_596' title='bbox 3078 1368 3188 1422; x_wconf 90' lang='grc' dir='ltr'>τῶν</span> <span class='ocrx_word' id='word_1_597' title='bbox 3215 1370 3391 1423; x_wconf 76' lang='grc' dir='ltr'>ἄλλων</span> 
     </span>
    </p>
   </div>
   <div class='ocr_carea' id='block_1_76' title="bbox 1806 1450 3392 1526">
    <p class='ocr_par' dir='ltr' id='par_1_76' title="bbox 1806 1450 3392 1526">
     <span class='ocr_line' id='line_1_78' title="bbox 1806 1450 3392 1526; baseline 0.004 -23"><span class='ocrx_word' id='word_1_598' title='bbox 1806 1453 2164 1521; x_wconf 89' lang='grc' dir='ltr'>πραγμάτων.</span> <span class='ocrx_word' id='word_1_599' title='bbox 2187 1452 2348 1505; x_wconf 83' lang='grc' dir='ltr'>Ὥστε</span> <span class='ocrx_word' id='word_1_600' title='bbox 2377 1456 2425 1506; x_wconf 86' lang='grc' dir='ltr'>εί</span> <span class='ocrx_word' id='word_1_601' title='bbox 2449 1455 2575 1525; x_wconf 68' lang='grc' dir='ltr'>περὶ</span> <span class='ocrx_word' id='word_1_602' title='bbox 2604 1455 2858 1523; x_wconf 76' lang='grc' dir='ltr'>γυναικὸς</span> <span class='ocrx_word' id='word_1_603' title='bbox 2888 1457 2915 1507; x_wconf 91' lang='lat'>6</span> <span class='ocrx_word' id='word_1_604' title='bbox 2954 1454 3111 1526; x_wconf 80' lang='grc' dir='ltr'>λόγος</span> <span class='ocrx_word' id='word_1_605' title='bbox 3135 1450 3204 1525; x_wconf 80' lang='grc' dir='ltr'>ἦν</span> <span class='ocrx_word' id='word_1_606' title='bbox 3240 1458 3392 1526; x_wconf 88' lang='grc' dir='ltr'>νόμῳ</span> 
     </span>
    </p>
   </div>
   <div class='ocr_carea' id='block_1_77' title="bbox 1807 1541 3390 1616">
    <p class='ocr_par' dir='ltr' id='par_1_77' title="bbox 1807 1541 3390 1616">
     <span class='ocr_line' id='line_1_79' title="bbox 1807 1541 3390 1616; baseline 0.002 -21"><span class='ocrx_word' id='word_1_607' title='bbox 1807 1541 2022 1611; x_wconf 89' lang='grc' dir='ltr'>φύσεως</span> <span class='ocrx_word' id='word_1_608' title='bbox 2051 1544 2359 1615; x_wconf 87' lang='grc' dir='ltr'>τικτούσης,</span> <span class='ocrx_word' id='word_1_609' title='bbox 2381 1545 2526 1605; x_wconf 88' lang='grc' dir='ltr'>τίνος</span> <span class='ocrx_word' id='word_1_610' title='bbox 2541 1546 2726 1599; x_wconf 75' lang='grc' dir='ltr'>ἕνεκεν</span> <span class='ocrx_word' id='word_1_611' title='bbox 2754 1548 2977 1616; x_wconf 87' lang='grc' dir='ltr'>σημεῖον</span> <span class='ocrx_word' id='word_1_612' title='bbox 3005 1545 3163 1599; x_wconf 89' lang='grc' dir='ltr'>καλεῖ</span> <span class='ocrx_word' id='word_1_613' title='bbox 3181 1546 3241 1599; x_wconf 90' lang='lat'>16</span> <span class='ocrx_word' id='word_1_614' title='bbox 3267 1547 3390 1600; x_wconf 84' lang='grc' dir='ltr'>καθ’</span> 
     </span>
    </p>
   </div>
   <div class='ocr_carea' id='block_1_78' title="bbox 1806 1633 3393 1708">
    <p class='ocr_par' dir='ltr' id='par_1_78' title="bbox 1806 1633 3393 1708">
     <span class='ocr_line' id='line_1_80' title="bbox 1806 1633 3393 1708; baseline 0.003 -22"><span class='ocrx_word' id='word_1_615' title='bbox 1806 1633 2043 1703; x_wconf 84' lang='grc' dir='ltr'>ἐκάστην</span> <span class='ocrx_word' id='word_1_616' title='bbox 2074 1636 2355 1705; x_wconf 90' lang='grc' dir='ltr'>γινόμενον</span> <span class='ocrx_word' id='word_1_617' title='bbox 2387 1636 2634 1707; x_wconf 88' lang='grc' dir='ltr'>ήμέραν;</span> <span class='ocrx_word' id='word_1_618' title='bbox 2661 1638 2759 1691; x_wconf 86' lang='grc' dir='ltr'>Διά</span> <span class='ocrx_word' id='word_1_619' title='bbox 2799 1638 2860 1707; x_wconf 82' lang='grc' dir='ltr'>δὴ</span> <span class='ocrx_word' id='word_1_620' title='bbox 2898 1638 3057 1690; x_wconf 89' lang='lat'><em>10610</em></span> <span class='ocrx_word' id='word_1_621' title='bbox 3102 1638 3197 1690; x_wconf 79' lang='grc' dir='ltr'>καὶ</span> <span class='ocrx_word' id='word_1_622' title='bbox 3235 1639 3393 1708; x_wconf 64' lang='grc' dir='ltr'>ἀρχόν</span> 
     </span>
    </p>
   </div>
   <div class='ocr_carea' id='block_1_79' title="bbox 1810 1718 3391 1795">
    <p class='ocr_par' dir='ltr' id='par_1_79' title="bbox 1810 1718 3391 1795">
     <span class='ocr_line' id='line_1_81' title="bbox 1810 1718 3391 1795; baseline 0.003 -23"><span class='ocrx_word' id='word_1_623' title='bbox 1810 1737 1968 1791; x_wconf 88' lang='grc' dir='ltr'>μενος</span> <span class='ocrx_word' id='word_1_624' title='bbox 1990 1723 2089 1774; x_wconf 80' lang='grc' dir='ltr'>οὐκ</span> <span class='ocrx_word' id='word_1_625' title='bbox 2116 1718 2289 1786; x_wconf 79' lang='grc' dir='ltr'>εἶπεν,</span> <span class='ocrx_word' id='word_1_626' title='bbox 2329 1722 2456 1776; x_wconf 82' lang='grc' dir='ltr'>Ἰδοὺ</span> <span class='ocrx_word' id='word_1_627' title='bbox 2488 1724 2751 1795; x_wconf 84' lang='grc' dir='ltr'>παρθένος</span> <span class='ocrx_word' id='word_1_628' title='bbox 2770 1765 2783 1788; x_wconf 91' lang='grc'>,</span> <span class='ocrx_word' id='word_1_629' title='bbox 2816 1725 2949 1788; x_wconf 87' lang='grc' dir='ltr'>ἀλλ’,</span> <span class='ocrx_word' id='word_1_630' title='bbox 2985 1725 3141 1778; x_wconf 85' lang='grc' dir='ltr'>Ἰδοὺ</span> <span class='ocrx_word' id='word_1_631' title='bbox 3179 1727 3218 1794; x_wconf 82' lang='grc' dir='ltr'><strong><em>ἠ</em></strong></span> <span class='ocrx_word' id='word_1_632' title='bbox 3244 1740 3391 1794; x_wconf 77' lang='grc' dir='ltr'>παρ-</span> 
     </span>
    </p>
   </div>
   <div class='ocr_carea' id='block_1_80' title="bbox 1808 1810 3391 1884">
    <p class='ocr_par' dir='ltr' id='par_1_80' title="bbox 1808 1810 3391 1884">
     <span class='ocr_line' id='line_1_82' title="bbox 1808 1810 3391 1884; baseline 0.001 -17"><span class='ocrx_word' id='word_1_633' title='bbox 1808 1810 2000 1878; x_wconf 87' lang='grc' dir='ltr'>θένος,</span> <span class='ocrx_word' id='word_1_634' title='bbox 2030 1815 2095 1883; x_wconf 81' lang='grc' dir='ltr'>τῇ</span> <span class='ocrx_word' id='word_1_635' title='bbox 2130 1811 2412 1884; x_wconf 85' lang='grc' dir='ltr'>προσθήκῃ</span> <span class='ocrx_word' id='word_1_636' title='bbox 2451 1812 2544 1865; x_wconf 82' lang='grc' dir='ltr'>τοῦ</span> <span class='ocrx_word' id='word_1_637' title='bbox 2595 1812 2797 1883; x_wconf 79' lang='grc' dir='ltr'>ἄρθρου</span> <span class='ocrx_word' id='word_1_638' title='bbox 2831 1814 3103 1884; x_wconf 85' lang='grc' dir='ltr'>ἐπίσημόν</span> <span class='ocrx_word' id='word_1_639' title='bbox 3135 1832 3257 1869; x_wconf 87' lang='grc' dir='ltr'>τινα</span> <span class='ocrx_word' id='word_1_640' title='bbox 3294 1818 3391 1869; x_wconf 74' lang='grc' dir='ltr'>καὶ</span> 
     </span>
    </p>
   </div>
   <div class='ocr_carea' id='block_1_81' title="bbox 1807 1899 3390 1973">
    <p class='ocr_par' dir='ltr' id='par_1_81' title="bbox 1807 1899 3390 1973">
     <span class='ocr_line' id='line_1_83' title="bbox 1807 1899 3390 1973; baseline 0.003 -21"><span class='ocrx_word' id='word_1_641' title='bbox 1807 1899 1977 1971; x_wconf 89' lang='grc' dir='ltr'>μόνην</span> <span class='ocrx_word' id='word_1_642' title='bbox 2001 1900 2257 1971; x_wconf 87' lang='grc' dir='ltr'>τοιαύτην</span> <span class='ocrx_word' id='word_1_643' title='bbox 2289 1901 2663 1971; x_wconf 84' lang='grc' dir='ltr'>γεγενημένην</span> <span class='ocrx_word' id='word_1_644' title='bbox 2687 1904 2818 1973; x_wconf 80' lang='grc' dir='ltr'>ἡμῖν</span> <span class='ocrx_word' id='word_1_645' title='bbox 2851 1902 3240 1972; x_wconf 77' lang='grc' dir='ltr'>αἰνιττόμενος.</span> <span class='ocrx_word' id='word_1_646' title='bbox 3267 1904 3390 1956; x_wconf 82' lang='grc' dir='ltr'>Ὀτι</span> 
     </span>
    </p>
   </div>
   <div class='ocr_carea' id='block_1_82' title="bbox 1804 1986 3387 2059">
    <p class='ocr_par' dir='ltr' id='par_1_82' title="bbox 1804 1986 3387 2059">
     <span class='ocr_line' id='line_1_84' title="bbox 1804 1986 3387 2059; baseline 0.001 -19"><span class='ocrx_word' id='word_1_647' title='bbox 1804 1986 1979 2058; x_wconf 87' lang='grc' dir='ltr'>γάρή</span> <span class='ocrx_word' id='word_1_648' title='bbox 2021 1987 2301 2059; x_wconf 84' lang='grc' dir='ltr'>προσθήκη</span> <span class='ocrx_word' id='word_1_649' title='bbox 2346 1987 2484 2056; x_wconf 79' lang='grc' dir='ltr'>αὕτη</span> <span class='ocrx_word' id='word_1_650' title='bbox 2530 1987 2687 2041; x_wconf 88' lang='lat'><em>10610</em></span> <span class='ocrx_word' id='word_1_651' title='bbox 2746 1988 3100 2053; x_wconf 83' lang='grc' dir='ltr'>ἐνδείκνυται,</span> <span class='ocrx_word' id='word_1_652' title='bbox 3162 1988 3387 2041; x_wconf 82' lang='grc' dir='ltr'>δυνατὸν</span> 
     </span>
    </p>
   </div>
   <div class='ocr_carea' id='block_1_83' title="bbox 1803 2075 3389 2145">
    <p class='ocr_par' dir='ltr' id='par_1_83' title="bbox 1803 2075 3389 2145">
     <span class='ocr_line' id='line_1_85' title="bbox 1803 2075 3389 2145; baseline -0.001 -17"><span class='ocrx_word' id='word_1_653' title='bbox 1803 2075 1899 2128; x_wconf 72' lang='grc' dir='ltr'>καὶ</span> <span class='ocrx_word' id='word_1_654' title='bbox 1926 2075 2034 2129; x_wconf 80' lang='grc' dir='ltr'>ἀπὸ</span> <span class='ocrx_word' id='word_1_655' title='bbox 2060 2075 2168 2129; x_wconf 90' lang='grc' dir='ltr'>τῶν</span> <span class='ocrx_word' id='word_1_656' title='bbox 2202 2076 2551 2144; x_wconf 86' lang='grc' dir='ltr'>Εὐαγγελίων</span> <span class='ocrx_word' id='word_1_657' title='bbox 2581 2076 2789 2144; x_wconf 77' lang='grc' dir='ltr'>μαθεῖν.</span> <span class='ocrx_word' id='word_1_658' title='bbox 2828 2076 3042 2144; x_wconf 81' lang='grc' dir='ltr'>Ἐπειδὴ</span> <span class='ocrx_word' id='word_1_659' title='bbox 3086 2075 3197 2145; x_wconf 83' lang='grc' dir='ltr'>γάρ</span> <span class='ocrx_word' id='word_1_660' title='bbox 3218 2075 3389 2145; x_wconf 77' lang='grc' dir='ltr'>ἐπεμ⁴</span> 
     </span>
    </p>
   </div>
   <div class='ocr_carea' id='block_1_84' title="bbox 1805 2158 3390 2231">
    <p class='ocr_par' dir='ltr' id='par_1_84' title="bbox 1805 2158 3390 2231">
     <span class='ocr_line' id='line_1_86' title="bbox 1805 2158 3390 2231; baseline 0.002 -19"><span class='ocrx_word' id='word_1_661' title='bbox 1805 2158 1912 2228; x_wconf 80' lang='grc' dir='ltr'>ψαν</span> <span class='ocrx_word' id='word_1_662' title='bbox 1932 2161 2071 2230; x_wconf 77' lang='grc' dir='ltr'>πρὸς</span> <span class='ocrx_word' id='word_1_663' title='bbox 2113 2162 2207 2214; x_wconf 84' lang='lat' dir='ltr'><em>16v</em></span> <span class='ocrx_word' id='word_1_664' title='bbox 2252 2161 2507 2231; x_wconf 82' lang='grc' dir='ltr'>Ἰωάννην</span> <span class='ocrx_word' id='word_1_665' title='bbox 2552 2160 2601 2213; x_wconf 77' lang='grc' dir='ltr'>οἱ</span> <span class='ocrx_word' id='word_1_666' title='bbox 2635 2162 2872 2214; x_wconf 81' lang='grc' dir='ltr'>Ἰουδαῖοι</span> <span class='ocrx_word' id='word_1_667' title='bbox 2911 2161 3241 2231; x_wconf 84' lang='grc' dir='ltr'>ἐρωτῶντες,</span> <span class='ocrx_word' id='word_1_668' title='bbox 3286 2160 3390 2228; x_wconf 81' lang='grc' dir='ltr'>Τίς</span> 
     </span>
    </p>
   </div>
   <div class='ocr_carea' id='block_1_85' title="bbox 1804 2241 3388 2317">
    <p class='ocr_par' dir='ltr' id='par_1_85' title="bbox 1804 2241 3388 2317">
     <span class='ocr_line' id='line_1_87' title="bbox 1804 2241 3388 2317; baseline 0.002 -18"><span class='ocrx_word' id='word_1_669' title='bbox 1804 2241 1891 2311; x_wconf 55' lang='lat' dir='ltr'>at;</span> <span class='ocrx_word' id='word_1_670' title='bbox 1932 2247 2032 2300; x_wconf 88' lang='grc' dir='ltr'>οὐκ</span> <span class='ocrx_word' id='word_1_671' title='bbox 2078 2247 2292 2314; x_wconf 79' lang='grc' dir='ltr'>ἔλεγον,</span> <span class='ocrx_word' id='word_1_672' title='bbox 2333 2249 2405 2302; x_wconf 85' lang='grc' dir='ltr'><strong>Σὺ</strong></span> <span class='ocrx_word' id='word_1_673' title='bbox 2449 2243 2503 2300; x_wconf 79' lang='grc' dir='ltr'>εἴ</span> <span class='ocrx_word' id='word_1_674' title='bbox 2549 2248 2817 2317; x_wconf 77' lang='grc' dir='ltr'>Χριστὸς,</span> <span class='ocrx_word' id='word_1_675' title='bbox 2874 2247 3009 2313; x_wconf 89' lang='grc' dir='ltr'>ἀλλ’,</span> <span class='ocrx_word' id='word_1_676' title='bbox 3046 2250 3117 2301; x_wconf 77' lang='lat' dir='ltr'>El</span> <span class='ocrx_word' id='word_1_677' title='bbox 3154 2249 3236 2301; x_wconf 86' lang='grc' dir='ltr'>σὺ</span> <span class='ocrx_word' id='word_1_678' title='bbox 3261 2243 3321 2302; x_wconf 77' lang='grc' dir='ltr'>εἴ</span> <span class='ocrx_word' id='word_1_679' title='bbox 3353 2250 3388 2302; x_wconf 89' lang='grc' dir='ltr'><em>ὁ</em></span> 
     </span>
    </p>
   </div>
   <div class='ocr_carea' id='block_1_86' title="bbox 1803 2333 3386 2409">
    <p class='ocr_par' dir='ltr' id='par_1_86' title="bbox 1803 2333 3386 2409">
     <span class='ocr_line' id='line_1_88' title="bbox 1803 2333 3386 2409; baseline 0.003 -22"><span class='ocrx_word' id='word_1_680' title='bbox 1803 2336 2055 2403; x_wconf 80' lang='grc' dir='ltr'>Χριστός</span> <span class='ocrx_word' id='word_1_681' title='bbox 2075 2351 2087 2363; x_wconf 83' lang='grc'><em>’</em></span> <span class='ocrx_word' id='word_1_682' title='bbox 2126 2337 2245 2391; x_wconf 84' lang='grc' dir='ltr'>οὐδέ</span> <span class='ocrx_word' id='word_1_683' title='bbox 2272 2337 2477 2405; x_wconf 72' lang='grc' dir='ltr'>ελεγον,</span> <span class='ocrx_word' id='word_1_684' title='bbox 2509 2337 2580 2390; x_wconf 83' lang='grc' dir='ltr'>Σὺ</span> <span class='ocrx_word' id='word_1_685' title='bbox 2615 2333 2664 2388; x_wconf 83' lang='grc' dir='ltr'>εἶ</span> <span class='ocrx_word' id='word_1_686' title='bbox 2701 2338 3004 2409; x_wconf 87' lang='grc' dir='ltr'>προφήτης,</span> <span class='ocrx_word' id='word_1_687' title='bbox 3036 2337 3175 2401; x_wconf 77' lang='grc' dir='ltr'>ἀλλ’,</span> <span class='ocrx_word' id='word_1_688' title='bbox 3199 2341 3268 2392; x_wconf 77' lang='lat' dir='ltr'>El</span> <span class='ocrx_word' id='word_1_689' title='bbox 3302 2337 3386 2391; x_wconf 86' lang='grc' dir='ltr'>σὺ</span> 
     </span>
    </p>
   </div>
   <div class='ocr_carea' id='block_1_87' title="bbox 1802 2417 3388 2495">
    <p class='ocr_par' dir='ltr' id='par_1_87' title="bbox 1802 2417 3388 2495">
     <span class='ocr_line' id='line_1_89' title="bbox 1802 2417 3388 2495; baseline 0.002 -20"><span class='ocrx_word' id='word_1_690' title='bbox 1802 2422 1862 2475; x_wconf 77' lang='grc' dir='ltr'>εἴ</span> <span class='ocrx_word' id='word_1_691' title='bbox 1882 2423 1916 2473; x_wconf 87' lang='grc' dir='ltr'>ό</span> <span class='ocrx_word' id='word_1_692' title='bbox 1940 2423 2278 2491; x_wconf 52' lang='grc' dir='ltr'>προφήτηψ</span> <span class='ocrx_word' id='word_1_693' title='bbox 2314 2417 2387 2478; x_wconf 84' lang='grc' dir='ltr'>ὧν</span> <span class='ocrx_word' id='word_1_694' title='bbox 2412 2424 2642 2478; x_wconf 75' lang='grc' dir='ltr'>ἕκαστον</span> <span class='ocrx_word' id='word_1_695' title='bbox 2681 2424 2952 2494; x_wconf 84' lang='grc' dir='ltr'>ἐξαίρετον</span> <span class='ocrx_word' id='word_1_696' title='bbox 2976 2420 3065 2495; x_wconf 76' lang='grc' dir='ltr'>ἦν.</span> <span class='ocrx_word' id='word_1_697' title='bbox 3098 2426 3196 2479; x_wconf 85' lang='grc' dir='ltr'>Διά</span> <span class='ocrx_word' id='word_1_698' title='bbox 3229 2426 3388 2478; x_wconf 84' lang='grc' dir='ltr'>τοῦτο</span> 
     </span>
    </p>
   </div>
   <div class='ocr_carea' id='block_1_88' title="bbox 1804 2510 3386 2583">
    <p class='ocr_par' dir='ltr' id='par_1_88' title="bbox 1804 2510 3386 2583">
     <span class='ocr_line' id='line_1_90' title="bbox 1804 2510 3386 2583; baseline 0.002 -20"><span class='ocrx_word' id='word_1_699' title='bbox 1804 2511 1898 2564; x_wconf 68' lang='grc' dir='ltr'>καὶ</span> <span class='ocrx_word' id='word_1_700' title='bbox 1943 2511 2240 2581; x_wconf 84' lang='grc' dir='ltr'>ἀρχόμενος</span> <span class='ocrx_word' id='word_1_701' title='bbox 2267 2513 2296 2565; x_wconf 92' lang='lat'>6</span> <span class='ocrx_word' id='word_1_702' title='bbox 2339 2512 2591 2581; x_wconf 81' lang='grc' dir='ltr'>Ἰωάννης</span> <span class='ocrx_word' id='word_1_703' title='bbox 2632 2512 2730 2565; x_wconf 84' lang='grc' dir='ltr'>ούκ</span> <span class='ocrx_word' id='word_1_704' title='bbox 2771 2512 2973 2581; x_wconf 76' lang='grc' dir='ltr'>ἔλεγεν,</span> <span class='ocrx_word' id='word_1_705' title='bbox 3024 2511 3111 2565; x_wconf 84' lang='grc' dir='ltr'>Ἐν</span> <span class='ocrx_word' id='word_1_706' title='bbox 3149 2514 3291 2583; x_wconf 80' lang='grc' dir='ltr'>ἀρχῇ</span> <span class='ocrx_word' id='word_1_707' title='bbox 3314 2510 3386 2582; x_wconf 79' lang='grc' dir='ltr'>ἦν</span> 
     </span>
    </p>
   </div>
   <div class='ocr_carea' id='block_1_89' title="bbox 1804 2594 3389 2668">
    <p class='ocr_par' dir='ltr' id='par_1_89' title="bbox 1804 2594 3389 2668">
     <span class='ocr_line' id='line_1_91' title="bbox 1804 2594 3389 2668; baseline 0.001 -19"><span class='ocrx_word' id='word_1_708' title='bbox 1804 2597 1992 2666; x_wconf 82' lang='grc' dir='ltr'>Λόγος,</span> <span class='ocrx_word' id='word_1_709' title='bbox 2027 2598 2165 2662; x_wconf 84' lang='grc' dir='ltr'>ἀλλ’,</span> <span class='ocrx_word' id='word_1_710' title='bbox 2192 2599 2293 2652; x_wconf 77' lang='grc' dir='ltr'>Ἐν</span> <span class='ocrx_word' id='word_1_711' title='bbox 2311 2598 2470 2667; x_wconf 81' lang='grc' dir='ltr'>ἀρχῇ</span> <span class='ocrx_word' id='word_1_712' title='bbox 2502 2594 2580 2667; x_wconf 78' lang='grc' dir='ltr'>ἦν</span> <span class='ocrx_word' id='word_1_713' title='bbox 2605 2602 2637 2651; x_wconf 85' lang='grc' dir='ltr'>ό</span> <span class='ocrx_word' id='word_1_714' title='bbox 2656 2601 2865 2666; x_wconf 75' lang='grc' dir='ltr'>Λόγος,</span> <span class='ocrx_word' id='word_1_715' title='bbox 2902 2600 2998 2651; x_wconf 78' lang='grc' dir='ltr'>καὶ</span> <span class='ocrx_word' id='word_1_716' title='bbox 3036 2601 3069 2651; x_wconf 79' lang='grc' dir='ltr'><em>ὀ</em></span> <span class='ocrx_word' id='word_1_717' title='bbox 3096 2599 3287 2665; x_wconf 82' lang='grc' dir='ltr'>Λόγος</span> <span class='ocrx_word' id='word_1_718' title='bbox 3306 2596 3389 2668; x_wconf 71' lang='grc' dir='ltr'>ἦν</span> 
     </span>
    </p>
   </div>
   <div class='ocr_carea' id='block_1_90' title="bbox 1803 2679 3385 2752">
    <p class='ocr_par' dir='ltr' id='par_1_90' title="bbox 1803 2679 3385 2752">
     <span class='ocr_line' id='line_1_92' title="bbox 1803 2679 3385 2752; baseline 0.002 -18"><span class='ocrx_word' id='word_1_719' title='bbox 1803 2684 1953 2749; x_wconf 79' lang='grc' dir='ltr'>πρὸς</span> <span class='ocrx_word' id='word_1_720' title='bbox 1988 2682 2094 2735; x_wconf 80' lang='grc' dir='ltr'>τὸν</span> <span class='ocrx_word' id='word_1_721' title='bbox 2134 2682 2297 2736; x_wconf 76' lang='grc' dir='ltr'>Θεόν.</span> <span class='ocrx_word' id='word_1_722' title='bbox 2342 2681 2499 2736; x_wconf 77' lang='grc' dir='ltr'>Οὕτω</span> <span class='ocrx_word' id='word_1_723' title='bbox 2543 2684 2605 2752; x_wconf 84' lang='grc' dir='ltr'>δὴ</span> <span class='ocrx_word' id='word_1_724' title='bbox 2638 2683 2729 2734; x_wconf 71' lang='grc' dir='ltr'>καὶ</span> <span class='ocrx_word' id='word_1_725' title='bbox 2772 2683 3025 2747; x_wconf 80' lang='grc' dir='ltr'>ἐνταῦθα,</span> <span class='ocrx_word' id='word_1_726' title='bbox 3073 2686 3172 2735; x_wconf 84' lang='grc' dir='ltr'>οὑκ</span> <span class='ocrx_word' id='word_1_727' title='bbox 3206 2679 3385 2745; x_wconf 80' lang='grc' dir='ltr'>εἶπεν,</span> 
     </span>
    </p>
   </div>
   <div class='ocr_carea' id='block_1_91' title="bbox 1818 2766 3387 2840">
    <p class='ocr_par' dir='ltr' id='par_1_91' title="bbox 1818 2766 3387 2840">
     <span class='ocr_line' id='line_1_93' title="bbox 1818 2766 3387 2840; baseline 0.005 -22"><span class='ocrx_word' id='word_1_728' title='bbox 1818 2766 1947 2820; x_wconf 79' lang='grc' dir='ltr'>Ἰδοὺ</span> <span class='ocrx_word' id='word_1_729' title='bbox 1986 2769 2271 2838; x_wconf 86' lang='grc' dir='ltr'>παρθένος,</span> <span class='ocrx_word' id='word_1_730' title='bbox 2309 2769 2445 2832; x_wconf 86' lang='grc' dir='ltr'>ἀλλ’,</span> <span class='ocrx_word' id='word_1_731' title='bbox 2500 2769 2655 2822; x_wconf 83' lang='grc' dir='ltr'>Ἰδοὺ</span> <span class='ocrx_word' id='word_1_732' title='bbox 2678 2769 2715 2834; x_wconf 78' lang='grc' dir='ltr'><em>ἠ</em></span> <span class='ocrx_word' id='word_1_733' title='bbox 2754 2769 3077 2835; x_wconf 80' lang='grc' dir='ltr'>παρθένος·</span> <span class='ocrx_word' id='word_1_734' title='bbox 3122 2771 3216 2823; x_wconf 76' lang='grc' dir='ltr'>καὶ</span> <span class='ocrx_word' id='word_1_735' title='bbox 3247 2772 3387 2840; x_wconf 84' lang='grc' dir='ltr'>μετά</span> 
     </span>
    </p>
   </div>
   <div class='ocr_carea' id='block_1_92' title="bbox 1806 2852 3389 2929">
    <p class='ocr_par' dir='ltr' id='par_1_92' title="bbox 1806 2852 3389 2929">
     <span class='ocr_line' id='line_1_94' title="bbox 1806 2852 3389 2929; baseline 0.003 -22"><span class='ocrx_word' id='word_1_736' title='bbox 1806 2852 2114 2924; x_wconf 80' lang='grc' dir='ltr'>ἀξιώματος</span> <span class='ocrx_word' id='word_1_737' title='bbox 2135 2857 2393 2929; x_wconf 74' lang='grc' dir='ltr'>προφήτῃ</span> <span class='ocrx_word' id='word_1_738' title='bbox 2426 2856 2726 2926; x_wconf 82' lang='grc' dir='ltr'>πρέποντος</span> <span class='ocrx_word' id='word_1_739' title='bbox 2753 2857 2834 2916; x_wconf 84' lang='lat'><em>16.</em></span> <span class='ocrx_word' id='word_1_740' title='bbox 2875 2858 3050 2913; x_wconf 84' lang='grc' dir='ltr'>Ἰδού.</span> <span class='ocrx_word' id='word_1_741' title='bbox 3082 2859 3256 2914; x_wconf 88' lang='grc' dir='ltr'>Μόνον</span> <span class='ocrx_word' id='word_1_742' title='bbox 3275 2859 3389 2929; x_wconf 78' lang='grc' dir='ltr'>γάρ</span> 
     </span>
    </p>
   </div>
   <div class='ocr_carea' id='block_1_93' title="bbox 1805 2939 3391 3016">
    <p class='ocr_par' dir='ltr' id='par_1_93' title="bbox 1805 2939 3391 3016">
     <span class='ocr_line' id='line_1_95' title="bbox 1805 2939 3391 3016; baseline 0.001 -19"><span class='ocrx_word' id='word_1_743' title='bbox 1805 2943 1924 3013; x_wconf 78' lang='grc' dir='ltr'>οὐχὶ</span> <span class='ocrx_word' id='word_1_744' title='bbox 1951 2942 2181 3013; x_wconf 83' lang='grc' dir='ltr'>ὁρῶντος</span> <span class='ocrx_word' id='word_1_745' title='bbox 2205 2939 2273 3015; x_wconf 73' lang='grc' dir='ltr'>ἦν</span> <span class='ocrx_word' id='word_1_746' title='bbox 2292 2943 2358 2997; x_wconf 80' lang='grc' dir='ltr'>τὰ</span> <span class='ocrx_word' id='word_1_747' title='bbox 2387 2943 2673 3013; x_wconf 79' lang='grc' dir='ltr'>γενόμενα,</span> <span class='ocrx_word' id='word_1_748' title='bbox 2713 2946 2803 2997; x_wconf 72' lang='grc' dir='ltr'>καὶ</span> <span class='ocrx_word' id='word_1_749' title='bbox 2835 2945 3263 3016; x_wconf 75' lang='grc' dir='ltr'>φανταζομένου,</span> <span class='ocrx_word' id='word_1_750' title='bbox 3293 2947 3391 2999; x_wconf 77' lang='grc' dir='ltr'>καὶ</span> 
     </span>
    </p>
   </div>
   <div class='ocr_carea' id='block_1_94' title="bbox 1806 3030 3382 3105">
    <p class='ocr_par' dir='ltr' id='par_1_94' title="bbox 1806 3030 3382 3105">
     <span class='ocr_line' id='line_1_96' title="bbox 1806 3030 3382 3105; baseline 0.004 -22"><span class='ocrx_word' id='word_1_751' title='bbox 1806 3030 2006 3103; x_wconf 82' lang='grc' dir='ltr'>πολλὴν</span> <span class='ocrx_word' id='word_1_752' title='bbox 2048 3030 2259 3103; x_wconf 78' lang='grc' dir='ltr'>ἔχοντος</span> <span class='ocrx_word' id='word_1_753' title='bbox 2298 3032 2437 3103; x_wconf 83' lang='grc' dir='ltr'>ὑπὲρ</span> <span class='ocrx_word' id='word_1_754' title='bbox 2488 3032 2596 3085; x_wconf 91' lang='grc' dir='ltr'>τῶν</span> <span class='ocrx_word' id='word_1_755' title='bbox 2630 3034 2934 3105; x_wconf 74' lang='grc' dir='ltr'>εἰρημένων</span> <span class='ocrx_word' id='word_1_756' title='bbox 2988 3035 3382 3104; x_wconf 86' lang='grc' dir='ltr'>πληροφορίαν.</span> 
     </span>
    </p>
   </div>
   <div class='ocr_carea' id='block_1_95' title="bbox 1805 3118 3387 3193">
    <p class='ocr_par' dir='ltr' id='par_1_95' title="bbox 1805 3118 3387 3193">
     <span class='ocr_line' id='line_1_97' title="bbox 1805 3118 3387 3193; baseline 0.003 -21"><span class='ocrx_word' id='word_1_757' title='bbox 1805 3118 1925 3172; x_wconf 90' lang='grc' dir='ltr'>Τῶν</span> <span class='ocrx_word' id='word_1_758' title='bbox 1944 3119 2051 3190; x_wconf 82' lang='grc' dir='ltr'>γὰρ</span> <span class='ocrx_word' id='word_1_759' title='bbox 2086 3120 2367 3191; x_wconf 79' lang='grc' dir='ltr'>ἡμετέρων</span> <span class='ocrx_word' id='word_1_760' title='bbox 2392 3121 2682 3190; x_wconf 84' lang='grc' dir='ltr'>ὀφθαλμῶν</span> <span class='ocrx_word' id='word_1_761' title='bbox 2714 3123 2908 3175; x_wconf 80' lang='grc' dir='ltr'>ἐκείνοι</span> <span class='ocrx_word' id='word_1_762' title='bbox 2946 3122 3277 3193; x_wconf 84' lang='grc' dir='ltr'>σαφέστερον</span> <span class='ocrx_word' id='word_1_763' title='bbox 3314 3123 3387 3177; x_wconf 81' lang='grc' dir='ltr'>τά</span> 
     </span>
    </p>
   </div>
   <div class='ocr_carea' id='block_1_96' title="bbox 1807 3204 3389 3278">
    <p class='ocr_par' dir='ltr' id='par_1_96' title="bbox 1807 3204 3389 3278">
     <span class='ocr_line' id='line_1_98' title="bbox 1807 3204 3389 3278; baseline 0.002 -19"><span class='ocrx_word' id='word_1_764' title='bbox 1807 3206 1882 3275; x_wconf 86' lang='grc' dir='ltr'>μὴ</span> <span class='ocrx_word' id='word_1_765' title='bbox 1917 3204 2169 3277; x_wconf 84' lang='grc' dir='ltr'>ὁρώμενα</span> <span class='ocrx_word' id='word_1_766' title='bbox 2219 3208 2463 3261; x_wconf 80' lang='grc' dir='ltr'>ἔϐλεπον.</span> <span class='ocrx_word' id='word_1_767' title='bbox 2497 3208 2607 3278; x_wconf 84' lang='grc' dir='ltr'>Τὴν</span> <span class='ocrx_word' id='word_1_768' title='bbox 2673 3209 2769 3277; x_wconf 84' lang='grc' dir='ltr'>μὲν</span> <span class='ocrx_word' id='word_1_769' title='bbox 2811 3209 2919 3278; x_wconf 86' lang='grc' dir='ltr'>γὰρ</span> <span class='ocrx_word' id='word_1_770' title='bbox 2947 3208 3197 3277; x_wconf 73' lang='grc' dir='ltr'>αἴσθησιν</span> <span class='ocrx_word' id='word_1_771' title='bbox 3236 3211 3389 3273; x_wconf 76' lang='grc' dir='ltr'>εἰκὸς</span> 
     </span>
    </p>
   </div>
   <div class='ocr_carea' id='block_1_97' title="bbox 1805 3293 3387 3366">
    <p class='ocr_par' dir='ltr' id='par_1_97' title="bbox 1805 3293 3387 3366">
     <span class='ocr_line' id='line_1_99' title="bbox 1805 3293 3387 3366; baseline 0.003 -21"><span class='ocrx_word' id='word_1_772' title='bbox 1805 3293 1897 3346; x_wconf 71' lang='grc' dir='ltr'>καὶ</span> <span class='ocrx_word' id='word_1_773' title='bbox 1941 3294 2320 3363; x_wconf 73' lang='grc' dir='ltr'>ἀπατηθῆναιο</span> <span class='ocrx_word' id='word_1_774' title='bbox 2362 3297 2394 3364; x_wconf 87' lang='grc' dir='ltr'>ή</span> <span class='ocrx_word' id='word_1_775' title='bbox 2443 3295 2500 3347; x_wconf 83' lang='grc' dir='ltr'>δὲ</span> <span class='ocrx_word' id='word_1_776' title='bbox 2531 3294 2621 3346; x_wconf 80' lang='grc' dir='ltr'>τοῦ</span> <span class='ocrx_word' id='word_1_777' title='bbox 2662 3296 2978 3364; x_wconf 88' lang='grc' dir='ltr'>Πνεύματος</span> <span class='ocrx_word' id='word_1_778' title='bbox 3022 3295 3182 3366; x_wconf 90' lang='grc' dir='ltr'>χάρις</span> <span class='ocrx_word' id='word_1_779' title='bbox 3232 3298 3387 3364; x_wconf 82' lang='grc' dir='ltr'>ἀνεξ-</span> 
     </span>
    </p>
   </div>
   <div class='ocr_carea' id='block_1_98' title="bbox 1806 3379 2829 3451">
    <p class='ocr_par' dir='ltr' id='par_1_98' title="bbox 1806 3379 2829 3451">
     <span class='ocr_line' id='line_1_100' title="bbox 1806 3379 2829 3451; baseline 0.003 -19"><span class='ocrx_word' id='word_1_780' title='bbox 1806 3379 2081 3451; x_wconf 86' lang='grc' dir='ltr'>απάτητον</span> <span class='ocrx_word' id='word_1_781' title='bbox 2104 3379 2393 3450; x_wconf 86' lang='grc' dir='ltr'>παρείχετο</span> <span class='ocrx_word' id='word_1_782' title='bbox 2418 3380 2516 3450; x_wconf 81' lang='grc' dir='ltr'>τὴν</span> <span class='ocrx_word' id='word_1_783' title='bbox 2537 3380 2829 3449; x_wconf 82' lang='grc' dir='ltr'>ἀπόφασιν.</span> 
     </span>
    </p>
   </div>
   <div class='ocr_carea' id='block_1_99' title="bbox 1877 3529 3390 3611">
    <p class='ocr_par' dir='ltr' id='par_1_99' title="bbox 1877 3529 3390 3611">
     <span class='ocr_line' id='line_1_101' title="bbox 1877 3529 3390 3611; baseline 0.001 -17"><span class='ocrx_word' id='word_1_784' title='bbox 1877 3543 1948 3608; x_wconf 77' lang='grc' dir='ltr'>ς’.</span> <span class='ocrx_word' id='word_1_785' title='bbox 1966 3539 2220 3603; x_wconf 78' lang='grc' dir='ltr'>Καὶτίνος</span> <span class='ocrx_word' id='word_1_786' title='bbox 2232 3529 2413 3594; x_wconf 72' lang='grc' dir='ltr'>ἕνεκεν</span> <span class='ocrx_word' id='word_1_787' title='bbox 2425 3540 2484 3593; x_wconf 84' lang='grc' dir='ltr'>οὐ</span> <span class='ocrx_word' id='word_1_788' title='bbox 2499 3538 2822 3609; x_wconf 81' lang='grc' dir='ltr'>προσέθηκε,</span> <span class='ocrx_word' id='word_1_789' title='bbox 2843 3542 3025 3611; x_wconf 81' lang='grc' dir='ltr'>φησὶν,</span> <span class='ocrx_word' id='word_1_790' title='bbox 3040 3541 3120 3595; x_wconf 72' lang='grc' dir='ltr'>ὅτι</span> <span class='ocrx_word' id='word_1_791' title='bbox 3134 3544 3196 3595; x_wconf 88' lang='grc' dir='ltr'>ἐκ</span> <span class='ocrx_word' id='word_1_792' title='bbox 3213 3542 3390 3596; x_wconf 72' lang='grc' dir='ltr'>Πνεύ-</span> 
     </span>
    </p>
   </div>
   <div class='ocr_carea' id='block_1_100' title="bbox 1808 3625 3387 3700">
    <p class='ocr_par' dir='ltr' id='par_1_100' title="bbox 1808 3625 3387 3700">
     <span class='ocr_line' id='line_1_102' title="bbox 1808 3625 3387 3700; baseline 0.001 -19"><span class='ocrx_word' id='word_1_793' title='bbox 1808 3644 1979 3698; x_wconf 88' lang='grc' dir='ltr'>ματος</span> <span class='ocrx_word' id='word_1_794' title='bbox 2008 3628 2162 3696; x_wconf 86' lang='grc' dir='ltr'>ἁγίου</span> <span class='ocrx_word' id='word_1_795' title='bbox 2192 3629 2221 3681; x_wconf 90' lang='lat'>6</span> <span class='ocrx_word' id='word_1_796' title='bbox 2248 3629 2404 3692; x_wconf 85' lang='grc' dir='ltr'>τόκος</span> <span class='ocrx_word' id='word_1_797' title='bbox 2431 3628 2583 3682; x_wconf 79' lang='grc' dir='ltr'>ἔσται</span> <span class='ocrx_word' id='word_1_798' title='bbox 2603 3648 2617 3694; x_wconf 89' lang='lat'>;</span> <span class='ocrx_word' id='word_1_799' title='bbox 2641 3628 2954 3699; x_wconf 89' lang='grc' dir='ltr'>Προφητεία</span> <span class='ocrx_word' id='word_1_800' title='bbox 2974 3625 3041 3699; x_wconf 77' lang='grc' dir='ltr'>ἦν</span> <span class='ocrx_word' id='word_1_801' title='bbox 3066 3629 3125 3681; x_wconf 90' lang='lat'>16</span> <span class='ocrx_word' id='word_1_802' title='bbox 3154 3630 3387 3700; x_wconf 80' lang='grc' dir='ltr'>λεγόμε-</span> 
     </span>
    </p>
   </div>
   <div class='ocr_carea' id='block_1_101' title="bbox 1805 3716 3387 3788">
    <p class='ocr_par' dir='ltr' id='par_1_101' title="bbox 1805 3716 3387 3788">
     <span class='ocr_line' id='line_1_103' title="bbox 1805 3716 3387 3788; baseline 0.001 -19"><span class='ocrx_word' id='word_1_803' title='bbox 1805 3732 1915 3780; x_wconf 86' lang='grc' dir='ltr'>νον,</span> <span class='ocrx_word' id='word_1_804' title='bbox 1939 3717 2033 3770; x_wconf 72' lang='grc' dir='ltr'>καὶ</span> <span class='ocrx_word' id='word_1_805' title='bbox 2057 3718 2524 3788; x_wconf 88' lang='grc' dir='ltr'>συνεσκιασμένως</span> <span class='ocrx_word' id='word_1_806' title='bbox 2555 3717 2883 3785; x_wconf 85' lang='grc' dir='ltr'>ἀπαγγεῖλαι</span> <span class='ocrx_word' id='word_1_807' title='bbox 2907 3716 3031 3780; x_wconf 76' lang='grc' dir='ltr'>ἔδει,</span> <span class='ocrx_word' id='word_1_808' title='bbox 3064 3716 3093 3770; x_wconf 83' lang='lat'>6</span> <span class='ocrx_word' id='word_1_809' title='bbox 3124 3717 3387 3780; x_wconf 79' lang='grc' dir='ltr'>πολλάκις</span> 
     </span>
    </p>
   </div>
   <div class='ocr_carea' id='block_1_102' title="bbox 1806 3796 3383 3876">
    <p class='ocr_par' dir='ltr' id='par_1_102' title="bbox 1806 3796 3383 3876">
     <span class='ocr_line' id='line_1_104' title="bbox 1806 3796 3383 3876; baseline 0.001 -20"><span class='ocrx_word' id='word_1_810' title='bbox 1806 3796 1978 3868; x_wconf 78' lang='grc' dir='ltr'>εἷπον,</span> <span class='ocrx_word' id='word_1_811' title='bbox 1997 3800 2111 3875; x_wconf 79' lang='grc'>[82]</span> <span class='ocrx_word' id='word_1_812' title='bbox 2123 3803 2208 3857; x_wconf 81' lang='grc' dir='ltr'>διὰ</span> <span class='ocrx_word' id='word_1_813' title='bbox 2222 3802 2319 3874; x_wconf 85' lang='grc' dir='ltr'>τὴν</span> <span class='ocrx_word' id='word_1_814' title='bbox 2330 3805 2437 3858; x_wconf 90' lang='grc' dir='ltr'>τῶν</span> <span class='ocrx_word' id='word_1_815' title='bbox 2451 3804 2756 3859; x_wconf 86' lang='grc' dir='ltr'>ἀκουόντων</span> <span class='ocrx_word' id='word_1_816' title='bbox 2771 3804 3059 3873; x_wconf 85' lang='grc' dir='ltr'>ἀγνωμοσύ</span> <span class='ocrx_word' id='word_1_817' title='bbox 3069 3821 3182 3873; x_wconf 87' lang='grc' dir='ltr'>νην.</span> <span class='ocrx_word' id='word_1_818' title='bbox 3203 3806 3289 3859; x_wconf 78' lang='grc' dir='ltr'>ἵνα</span> <span class='ocrx_word' id='word_1_819' title='bbox 3304 3806 3383 3876; x_wconf 81' lang='grc' dir='ltr'>μὴ</span> 
     </span>
    </p>
   </div>
   <div class='ocr_carea' id='block_1_103' title="bbox 1808 3890 3384 3962">
    <p class='ocr_par' dir='ltr' id='par_1_103' title="bbox 1808 3890 3384 3962">
     <span class='ocr_line' id='line_1_105' title="bbox 1808 3890 3384 3962; baseline 0.001 -19"><span class='ocrx_word' id='word_1_820' title='bbox 1808 3890 1992 3959; x_wconf 83' lang='grc' dir='ltr'>σαφῶς</span> <span class='ocrx_word' id='word_1_821' title='bbox 2018 3891 2194 3945; x_wconf 90' lang='grc' dir='ltr'>πάντα</span> <span class='ocrx_word' id='word_1_822' title='bbox 2224 3890 2601 3961; x_wconf 86' lang='grc' dir='ltr'>μανθάνοντες,</span> <span class='ocrx_word' id='word_1_823' title='bbox 2639 3892 2732 3943; x_wconf 79' lang='grc' dir='ltr'>καὶ</span> <span class='ocrx_word' id='word_1_824' title='bbox 2769 3890 2836 3943; x_wconf 89' lang='grc' dir='ltr'>τά</span> <span class='ocrx_word' id='word_1_825' title='bbox 2873 3890 3049 3962; x_wconf 87' lang='grc' dir='ltr'>βιϐλία</span> <span class='ocrx_word' id='word_1_826' title='bbox 3077 3892 3251 3945; x_wconf 88' lang='grc' dir='ltr'>πάντα</span> <span class='ocrx_word' id='word_1_827' title='bbox 3284 3911 3384 3945; x_wconf 76' lang='grc' dir='ltr'>κα-</span> 
     </span>
    </p>
   </div>
   <div class='ocr_carea' id='block_1_104' title="bbox 1806 3975 3378 4048">
    <p class='ocr_par' dir='ltr' id='par_1_104' title="bbox 1806 3975 3378 4048">
     <span class='ocr_line' id='line_1_106' title="bbox 1806 3975 3378 4048; baseline 0 -18"><span class='ocrx_word' id='word_1_828' title='bbox 1806 3975 2164 4031; x_wconf 87' lang='grc' dir='ltr'>τακαύσωσιν.</span> <span class='ocrx_word' id='word_1_829' title='bbox 2206 3978 2268 4031; x_wconf 89' lang='grc' dir='ltr'>Εί</span> <span class='ocrx_word' id='word_1_830' title='bbox 2314 3978 2424 4048; x_wconf 87' lang='grc' dir='ltr'>γὰρ</span> <span class='ocrx_word' id='word_1_831' title='bbox 2459 3977 2567 4030; x_wconf 87' lang='grc' dir='ltr'>τῶν</span> <span class='ocrx_word' id='word_1_832' title='bbox 2620 3979 2913 4047; x_wconf 84' lang='grc' dir='ltr'>προφητῶν</span> <span class='ocrx_word' id='word_1_833' title='bbox 2938 3978 3037 4031; x_wconf 77' lang='grc' dir='ltr'>οὐκ</span> <span class='ocrx_word' id='word_1_834' title='bbox 3076 3978 3378 4047; x_wconf 84' lang='grc' dir='ltr'>ἐφείσαντο,</span> 
     </span>
    </p>
   </div>
   <div class='ocr_carea' id='block_1_105' title="bbox 1808 4063 3384 4135">
    <p class='ocr_par' dir='ltr' id='par_1_105' title="bbox 1808 4063 3384 4135">
     <span class='ocr_line' id='line_1_107' title="bbox 1808 4063 3384 4135; baseline 0 -19"><span class='ocrx_word' id='word_1_835' title='bbox 1808 4063 1985 4134; x_wconf 85' lang='grc' dir='ltr'>πολλῷ</span> <span class='ocrx_word' id='word_1_836' title='bbox 2014 4064 2210 4134; x_wconf 78' lang='grc' dir='ltr'>μᾶλλον</span> <span class='ocrx_word' id='word_1_837' title='bbox 2239 4064 2346 4117; x_wconf 90' lang='grc' dir='ltr'>τῶν</span> <span class='ocrx_word' id='word_1_838' title='bbox 2372 4064 2712 4135; x_wconf 88' lang='grc' dir='ltr'>γραμμάτων</span> <span class='ocrx_word' id='word_1_839' title='bbox 2733 4064 2831 4115; x_wconf 82' lang='grc' dir='ltr'>οὐκ</span> <span class='ocrx_word' id='word_1_840' title='bbox 2849 4064 2913 4116; x_wconf 80' lang='grc' dir='ltr'>ἄν</span> <span class='ocrx_word' id='word_1_841' title='bbox 2936 4064 3251 4131; x_wconf 86' lang='grc' dir='ltr'>ἀπέσχοντο.</span> <span class='ocrx_word' id='word_1_842' title='bbox 3272 4065 3384 4117; x_wconf 76' lang='grc' dir='ltr'>Καὶ</span> 
     </span>
    </p>
   </div>
   <div class='ocr_carea' id='block_1_106' title="bbox 1806 4149 3383 4221">
    <p class='ocr_par' dir='ltr' id='par_1_106' title="bbox 1806 4149 3383 4221">
     <span class='ocr_line' id='line_1_108' title="bbox 1806 4149 3383 4221; baseline -0.001 -18"><span class='ocrx_word' id='word_1_843' title='bbox 1806 4151 1887 4204; x_wconf 83' lang='grc' dir='ltr'>ὅτι</span> <span class='ocrx_word' id='word_1_844' title='bbox 1916 4152 1975 4204; x_wconf 76' lang='lat'><em>06</em></span> <span class='ocrx_word' id='word_1_845' title='bbox 2006 4153 2308 4221; x_wconf 84' lang='grc' dir='ltr'>στοχασμὸς</span> <span class='ocrx_word' id='word_1_846' title='bbox 2338 4151 2397 4203; x_wconf 88' lang='lat'>16</span> <span class='ocrx_word' id='word_1_847' title='bbox 2448 4151 2757 4220; x_wconf 74' lang='grc' dir='ltr'>εἰρημένον,</span> <span class='ocrx_word' id='word_1_848' title='bbox 2794 4149 2981 4218; x_wconf 77' lang='grc' dir='ltr'>ἕτερός</span> <span class='ocrx_word' id='word_1_849' title='bbox 3018 4166 3102 4211; x_wconf 92' lang='grc' dir='ltr'>τις</span> <span class='ocrx_word' id='word_1_850' title='bbox 3134 4150 3383 4219; x_wconf 76' lang='grc' dir='ltr'>βασιλεὺς</span> 
     </span>
    </p>
   </div>
   <div class='ocr_carea' id='block_1_107' title="bbox 1808 4234 3387 4309">
    <p class='ocr_par' dir='ltr' id='par_1_107' title="bbox 1808 4234 3387 4309">
     <span class='ocr_line' id='line_1_109' title="bbox 1808 4234 3387 4309; baseline 0.001 -19"><span class='ocrx_word' id='word_1_851' title='bbox 1808 4237 1899 4290; x_wconf 73' lang='grc' dir='ltr'>ἐπὶ</span> <span class='ocrx_word' id='word_1_852' title='bbox 1918 4238 2011 4291; x_wconf 82' lang='lat'>106</span> <span class='ocrx_word' id='word_1_853' title='bbox 2042 4238 2277 4309; x_wconf 81' lang='grc' dir='ltr'>Ἱερεμία</span> <span class='ocrx_word' id='word_1_854' title='bbox 2293 4236 2430 4289; x_wconf 79' lang='grc' dir='ltr'>αὑτά</span> <span class='ocrx_word' id='word_1_855' title='bbox 2452 4236 2520 4287; x_wconf 85' lang='grc' dir='ltr'>τά</span> <span class='ocrx_word' id='word_1_856' title='bbox 2551 4236 2729 4305; x_wconf 87' lang='grc' dir='ltr'>βιϐλία</span> <span class='ocrx_word' id='word_1_857' title='bbox 2760 4234 2939 4288; x_wconf 88' lang='grc' dir='ltr'>λαϐὼν</span> <span class='ocrx_word' id='word_1_858' title='bbox 2991 4237 3254 4308; x_wconf 85' lang='grc' dir='ltr'>κατέτεμε</span> <span class='ocrx_word' id='word_1_859' title='bbox 3291 4245 3387 4295; x_wconf 68' lang='grc' dir='ltr'>καὶ</span> 
     </span>
    </p>
   </div>
   <div class='ocr_carea' id='block_1_108' title="bbox 1808 4317 3380 4394">
    <p class='ocr_par' dir='ltr' id='par_1_108' title="bbox 1808 4317 3380 4394">
     <span class='ocr_line' id='line_1_110' title="bbox 1808 4317 3380 4394; baseline -0.003 -18"><span class='ocrx_word' id='word_1_860' title='bbox 1808 4326 1941 4393; x_wconf 82' lang='grc' dir='ltr'>πυρὶ</span> <span class='ocrx_word' id='word_1_861' title='bbox 1972 4322 2278 4394; x_wconf 85' lang='grc' dir='ltr'>παρεδίδου.</span> <span class='ocrx_word' id='word_1_862' title='bbox 2314 4320 2465 4383; x_wconf 70' lang='grc' dir='ltr'>Εἶδες</span> <span class='ocrx_word' id='word_1_863' title='bbox 2497 4322 2689 4391; x_wconf 89' lang='grc' dir='ltr'>μανίαν</span> <span class='ocrx_word' id='word_1_864' title='bbox 2719 4323 3017 4391; x_wconf 82' lang='grc' dir='ltr'>ἀφόρητον;</span> <span class='ocrx_word' id='word_1_865' title='bbox 3052 4317 3186 4384; x_wconf 75' lang='grc' dir='ltr'>εἶδες</span> <span class='ocrx_word' id='word_1_866' title='bbox 3212 4322 3380 4393; x_wconf 80' lang='grc' dir='ltr'>ὀργὴν</span> 
     </span>
    </p>
   </div>
   <div class='ocr_carea' id='block_1_109' title="bbox 1808 4408 3383 4479">
    <p class='ocr_par' dir='ltr' id='par_1_109' title="bbox 1808 4408 3383 4479">
     <span class='ocr_line' id='line_1_111' title="bbox 1808 4408 3383 4479; baseline -0.001 -17"><span class='ocrx_word' id='word_1_867' title='bbox 1808 4409 2119 4477; x_wconf 83' lang='grc' dir='ltr'>ἀλόγιστον;</span> <span class='ocrx_word' id='word_1_868' title='bbox 2147 4410 2259 4461; x_wconf 82' lang='grc' dir='ltr'>Ούκ</span> <span class='ocrx_word' id='word_1_869' title='bbox 2309 4410 2538 4479; x_wconf 72' lang='grc' dir='ltr'>ἤρκεσεν</span> <span class='ocrx_word' id='word_1_870' title='bbox 2568 4408 2715 4477; x_wconf 84' lang='grc' dir='ltr'>αύτῷ</span> <span class='ocrx_word' id='word_1_871' title='bbox 2741 4409 2798 4460; x_wconf 85' lang='grc' dir='ltr'>τὸ</span> <span class='ocrx_word' id='word_1_872' title='bbox 2831 4408 3177 4477; x_wconf 85' lang='grc' dir='ltr'>ἀφανίσαιτά</span> <span class='ocrx_word' id='word_1_873' title='bbox 3204 4409 3383 4479; x_wconf 63' lang='grc' dir='ltr'>γράμη</span> 
     </span>
    </p>
   </div>
   <div class='ocr_carea' id='block_1_110' title="bbox 1812 4494 3385 4566">
    <p class='ocr_par' dir='ltr' id='par_1_110' title="bbox 1812 4494 3385 4566">
     <span class='ocr_line' id='line_1_112' title="bbox 1812 4494 3385 4566; baseline -0.001 -17"><span class='ocrx_word' id='word_1_874' title='bbox 1812 4514 1974 4566; x_wconf 88' lang='grc' dir='ltr'>ματα,</span> <span class='ocrx_word' id='word_1_875' title='bbox 2015 4496 2151 4550; x_wconf 81' lang='grc' dir='ltr'>ἀλλὰ</span> <span class='ocrx_word' id='word_1_876' title='bbox 2176 4497 2271 4549; x_wconf 81' lang='grc' dir='ltr'>καὶ</span> <span class='ocrx_word' id='word_1_877' title='bbox 2295 4495 2585 4566; x_wconf 83' lang='grc' dir='ltr'>ἐνέπρησε,</span> <span class='ocrx_word' id='word_1_878' title='bbox 2612 4494 2670 4547; x_wconf 89' lang='lat'>16</span> <span class='ocrx_word' id='word_1_879' title='bbox 2707 4495 2988 4562; x_wconf 85' lang='grc' dir='ltr'>ἀλόγιστον</span> <span class='ocrx_word' id='word_1_880' title='bbox 3018 4494 3183 4548; x_wconf 79' lang='grc' dir='ltr'>αὑτοῦ</span> <span class='ocrx_word' id='word_1_881' title='bbox 3210 4496 3385 4559; x_wconf 88' lang='grc' dir='ltr'>πάθος</span> 
     </span>
    </p>
   </div>
   <div class='ocr_carea' id='block_1_111' title="bbox 1809 4580 3381 4653">
    <p class='ocr_par' dir='ltr' id='par_1_111' title="bbox 1809 4580 3381 4653">
     <span class='ocr_line' id='line_1_113' title="bbox 1809 4580 3381 4653; baseline -0.001 -18"><span class='ocrx_word' id='word_1_882' title='bbox 1809 4583 2094 4653; x_wconf 86' lang='grc' dir='ltr'>πληρῶσαι</span> <span class='ocrx_word' id='word_1_883' title='bbox 2126 4582 2464 4652; x_wconf 85' lang='grc' dir='ltr'>βουλόμενος.</span> <span class='ocrx_word' id='word_1_884' title='bbox 2501 4582 2636 4633; x_wconf 74' lang='grc' dir='ltr'>Ἀλλ’</span> <span class='ocrx_word' id='word_1_885' title='bbox 2670 4582 2815 4651; x_wconf 82' lang='grc' dir='ltr'>ὅμως</span> <span class='ocrx_word' id='word_1_886' title='bbox 2835 4583 2927 4634; x_wconf 70' lang='grc' dir='ltr'>καὶ</span> <span class='ocrx_word' id='word_1_887' title='bbox 2952 4582 3178 4647; x_wconf 85' lang='grc' dir='ltr'>ἀσαφῶς</span> <span class='ocrx_word' id='word_1_888' title='bbox 3208 4580 3381 4634; x_wconf 80' lang='grc' dir='ltr'>εἰπὼν</span> 
     </span>
    </p>
   </div>
   <div class='ocr_carea' id='block_1_112' title="bbox 1809 4662 3378 4739">
    <p class='ocr_par' dir='ltr' id='par_1_112' title="bbox 1809 4662 3378 4739">
     <span class='ocr_line' id='line_1_114' title="bbox 1809 4662 3378 4739; baseline 0 -17"><span class='ocrx_word' id='word_1_889' title='bbox 1809 4672 1837 4723; x_wconf 91' lang='lat'>6</span> <span class='ocrx_word' id='word_1_890' title='bbox 1868 4669 2161 4738; x_wconf 88' lang='grc' dir='ltr'>θαυμάσιος</span> <span class='ocrx_word' id='word_1_891' title='bbox 2211 4662 2364 4731; x_wconf 76' lang='grc' dir='ltr'>οὗτος</span> <span class='ocrx_word' id='word_1_892' title='bbox 2414 4668 2735 4739; x_wconf 85' lang='grc' dir='ltr'>προφήτης,</span> <span class='ocrx_word' id='word_1_893' title='bbox 2791 4666 2851 4718; x_wconf 89' lang='lat'>16</span> <span class='ocrx_word' id='word_1_894' title='bbox 2906 4669 3013 4720; x_wconf 84' lang='grc' dir='ltr'>πᾶν</span> <span class='ocrx_word' id='word_1_895' title='bbox 3063 4668 3378 4732; x_wconf 81' lang='grc' dir='ltr'>ἐνεδείξατο.</span> 
     </span>
    </p>
   </div>
   <div class='ocr_carea' id='block_1_113' title="bbox 1809 4752 3383 4825">
    <p class='ocr_par' dir='ltr' id='par_1_113' title="bbox 1809 4752 3383 4825">
     <span class='ocr_line' id='line_1_115' title="bbox 1809 4752 3383 4825; baseline 0.001 -18"><span class='ocrx_word' id='word_1_896' title='bbox 1809 4754 2081 4825; x_wconf 85' lang='grc' dir='ltr'>Παρθένος</span> <span class='ocrx_word' id='word_1_897' title='bbox 2108 4752 2236 4824; x_wconf 80' lang='grc' dir='ltr'>γὰρ,</span> <span class='ocrx_word' id='word_1_898' title='bbox 2260 4753 2364 4815; x_wconf 71' lang='grc' dir='ltr'>ἕως</span> <span class='ocrx_word' id='word_1_899' title='bbox 2393 4754 2458 4805; x_wconf 85' lang='grc' dir='ltr'>ἂν</span> <span class='ocrx_word' id='word_1_900' title='bbox 2488 4752 2621 4821; x_wconf 85' lang='grc' dir='ltr'>μένῃ</span> <span class='ocrx_word' id='word_1_901' title='bbox 2657 4752 2943 4821; x_wconf 85' lang='grc' dir='ltr'>παρθένος,</span> <span class='ocrx_word' id='word_1_902' title='bbox 2967 4754 3129 4806; x_wconf 86' lang='grc' dir='ltr'>πόθεν</span> <span class='ocrx_word' id='word_1_903' title='bbox 3162 4755 3383 4807; x_wconf 82' lang='grc' dir='ltr'>ἄλλοθεν</span> 
     </span>
    </p>
   </div>
   <div class='ocr_carea' id='block_1_114' title="bbox 1809 4837 3382 4911">
    <p class='ocr_par' dir='ltr' id='par_1_114' title="bbox 1809 4837 3382 4911">
     <span class='ocr_line' id='line_1_116' title="bbox 1809 4837 3382 4911; baseline 0.002 -20"><span class='ocrx_word' id='word_1_904' title='bbox 1809 4841 2078 4910; x_wconf 83' lang='grc' dir='ltr'>κυήσειεν,</span> <span class='ocrx_word' id='word_1_905' title='bbox 2103 4841 2152 4893; x_wconf 90' lang='grc' dir='ltr'>εί</span> <span class='ocrx_word' id='word_1_906' title='bbox 2193 4839 2267 4910; x_wconf 82' lang='grc' dir='ltr'>μὴ</span> <span class='ocrx_word' id='word_1_907' title='bbox 2296 4839 2402 4891; x_wconf 86' lang='grc' dir='ltr'>ἀπὸ</span> <span class='ocrx_word' id='word_1_908' title='bbox 2432 4837 2743 4907; x_wconf 85' lang='grc' dir='ltr'>Πνεύματος</span> <span class='ocrx_word' id='word_1_909' title='bbox 2775 4839 2927 4906; x_wconf 86' lang='grc' dir='ltr'>ἀγίου</span> <span class='ocrx_word' id='word_1_910' title='bbox 2953 4857 2966 4903; x_wconf 89' lang='grc'><strong>;</strong></span> <span class='ocrx_word' id='word_1_911' title='bbox 3000 4840 3071 4891; x_wconf 84' lang='grc' dir='ltr'>Τὸ</span> <span class='ocrx_word' id='word_1_912' title='bbox 3092 4840 3198 4910; x_wconf 77' lang='grc' dir='ltr'>γὰρ</span> <span class='ocrx_word' id='word_1_913' title='bbox 3218 4841 3382 4911; x_wconf 87' lang='grc' dir='ltr'>νόμον</span> 
     </span>
    </p>
   </div>
   <div class='ocr_carea' id='block_1_115' title="bbox 1808 4921 3386 4998">
    <p class='ocr_par' dir='ltr' id='par_1_115' title="bbox 1808 4921 3386 4998">
     <span class='ocr_line' id='line_1_117' title="bbox 1808 4921 3386 4998; baseline 0.001 -19"><span class='ocrx_word' id='word_1_914' title='bbox 1808 4926 1960 4979; x_wconf 77' lang='grc' dir='ltr'>λὺσαι</span> <span class='ocrx_word' id='word_1_915' title='bbox 1993 4926 2205 4996; x_wconf 89' lang='grc' dir='ltr'>φύσεως</span> <span class='ocrx_word' id='word_1_916' title='bbox 2232 4925 2443 4988; x_wconf 83' lang='grc' dir='ltr'>οὐδενὸς</span> <span class='ocrx_word' id='word_1_917' title='bbox 2465 4925 2651 4997; x_wconf 80' lang='grc' dir='ltr'>ἐτέρου</span> <span class='ocrx_word' id='word_1_918' title='bbox 2682 4921 2769 4996; x_wconf 84' lang='grc' dir='ltr'>ἦν,</span> <span class='ocrx_word' id='word_1_919' title='bbox 2797 4926 2909 4979; x_wconf 86' lang='grc' dir='ltr'>ἀλλ’</span> <span class='ocrx_word' id='word_1_920' title='bbox 2941 4928 2972 4996; x_wconf 83' lang='grc' dir='ltr'>ἢ</span> <span class='ocrx_word' id='word_1_921' title='bbox 3002 4928 3094 4980; x_wconf 84' lang='grc' dir='ltr'>τοῦ</span> <span class='ocrx_word' id='word_1_922' title='bbox 3120 4928 3386 4998; x_wconf 59' lang='grc' dir='ltr'>δημιουρη</span> 
     </span>
    </p>
   </div>
   <div class='ocr_carea' id='block_1_116' title="bbox 1808 5010 3389 5084">
    <p class='ocr_par' dir='ltr' id='par_1_116' title="bbox 1808 5010 3389 5084">
     <span class='ocr_line' id='line_1_118' title="bbox 1808 5010 3389 5084; baseline 0.001 -19"><span class='ocrx_word' id='word_1_923' title='bbox 1808 5014 1906 5081; x_wconf 80' lang='grc' dir='ltr'>γοῦ</span> <span class='ocrx_word' id='word_1_924' title='bbox 1938 5016 2035 5084; x_wconf 82' lang='grc' dir='ltr'>τῆς</span> <span class='ocrx_word' id='word_1_925' title='bbox 2060 5010 2289 5083; x_wconf 90' lang='grc' dir='ltr'>φύσεως.</span> <span class='ocrx_word' id='word_1_926' title='bbox 2325 5012 2485 5064; x_wconf 84' lang='grc' dir='ltr'>Ὥστε</span> <span class='ocrx_word' id='word_1_927' title='bbox 2516 5012 2685 5064; x_wconf 87' lang='grc' dir='ltr'>εἰπὼν</span> <span class='ocrx_word' id='word_1_928' title='bbox 2705 5053 2720 5077; x_wconf 91' lang='grc'>,</span> <span class='ocrx_word' id='word_1_929' title='bbox 2746 5014 2827 5065; x_wconf 83' lang='grc' dir='ltr'>ὅτι</span> <span class='ocrx_word' id='word_1_930' title='bbox 2861 5013 3071 5079; x_wconf 80' lang='grc' dir='ltr'>τέξεται</span> <span class='ocrx_word' id='word_1_931' title='bbox 3103 5016 3136 5083; x_wconf 84' lang='grc' dir='ltr'>ή</span> <span class='ocrx_word' id='word_1_932' title='bbox 3181 5014 3389 5084; x_wconf 66' lang='grc' dir='ltr'>παρθέο</span> 
     </span>
    </p>
   </div>
   <div class='ocr_carea' id='block_1_117' title="bbox 1809 5098 3381 5169">
    <p class='ocr_par' dir='ltr' id='par_1_117' title="bbox 1809 5098 3381 5169">
     <span class='ocr_line' id='line_1_119' title="bbox 1809 5098 3381 5169; baseline 0.001 -16"><span class='ocrx_word' id='word_1_933' title='bbox 1809 5118 1917 5163; x_wconf 88' lang='grc' dir='ltr'>νος.</span> <span class='ocrx_word' id='word_1_934' title='bbox 1941 5100 1998 5153; x_wconf 92' lang='lat'>16</span> <span class='ocrx_word' id='word_1_935' title='bbox 2028 5102 2136 5155; x_wconf 74' lang='grc' dir='ltr'>πᾶν</span> <span class='ocrx_word' id='word_1_936' title='bbox 2176 5099 2454 5169; x_wconf 86' lang='grc' dir='ltr'>ἐνέφηνεν.</span> <span class='ocrx_word' id='word_1_937' title='bbox 2485 5098 2668 5154; x_wconf 85' lang='grc' dir='ltr'>Εἰπὼν</span> <span class='ocrx_word' id='word_1_938' title='bbox 2692 5100 2868 5154; x_wconf 82' lang='grc' dir='ltr'>τοίνυν</span> <span class='ocrx_word' id='word_1_939' title='bbox 2898 5100 2988 5153; x_wconf 87' lang='grc' dir='ltr'>τὸν</span> <span class='ocrx_word' id='word_1_940' title='bbox 3024 5100 3200 5164; x_wconf 85' lang='grc' dir='ltr'>τόκον,</span> <span class='ocrx_word' id='word_1_941' title='bbox 3235 5101 3381 5169; x_wconf 81' lang='grc' dir='ltr'>λέγει</span> 
     </span>
    </p>
   </div>
   <div class='ocr_carea' id='block_1_118' title="bbox 1809 5186 3382 5257">
    <p class='ocr_par' dir='ltr' id='par_1_118' title="bbox 1809 5186 3382 5257">
     <span class='ocr_line' id='line_1_120' title="bbox 1809 5186 3382 5257; baseline 0.001 -17"><span class='ocrx_word' id='word_1_942' title='bbox 1809 5189 1901 5241; x_wconf 75' lang='grc' dir='ltr'>καὶ</span> <span class='ocrx_word' id='word_1_943' title='bbox 1959 5188 2019 5240; x_wconf 86' lang='grc' dir='ltr'>τὸ</span> <span class='ocrx_word' id='word_1_944' title='bbox 2069 5188 2237 5257; x_wconf 78' lang='grc' dir='ltr'>ὄνομα</span> <span class='ocrx_word' id='word_1_945' title='bbox 2269 5186 2363 5238; x_wconf 91' lang='lat'>106</span> <span class='ocrx_word' id='word_1_946' title='bbox 2415 5186 2727 5255; x_wconf 86' lang='grc' dir='ltr'>τικτομένου</span> <span class='ocrx_word' id='word_1_947' title='bbox 2753 5226 2769 5251; x_wconf 93' lang='grc'>,</span> <span class='ocrx_word' id='word_1_948' title='bbox 2802 5187 2862 5238; x_wconf 85' lang='grc' dir='ltr'>οὐ</span> <span class='ocrx_word' id='word_1_949' title='bbox 2910 5187 2970 5239; x_wconf 86' lang='lat'>16</span> <span class='ocrx_word' id='word_1_950' title='bbox 3006 5186 3218 5247; x_wconf 83' lang='grc' dir='ltr'>τεθένά,</span> <span class='ocrx_word' id='word_1_951' title='bbox 3244 5188 3382 5241; x_wconf 73' lang='grc' dir='ltr'>ἀλλά</span> 
     </span>
    </p>
   </div>
   <div class='ocr_carea' id='block_1_119' title="bbox 1806 5272 3388 5345">
    <p class='ocr_par' dir='ltr' id='par_1_119' title="bbox 1806 5272 3388 5345">
     <span class='ocr_line' id='line_1_121' title="bbox 1806 5272 3388 5345; baseline -0.001 -17"><span class='ocrx_word' id='word_1_952' title='bbox 1806 5274 1868 5327; x_wconf 86' lang='grc' dir='ltr'>τὸ</span> <span class='ocrx_word' id='word_1_953' title='bbox 1895 5275 2001 5328; x_wconf 81' lang='grc' dir='ltr'>ἀπὸ</span> <span class='ocrx_word' id='word_1_954' title='bbox 2027 5275 2132 5327; x_wconf 88' lang='grc' dir='ltr'>τῶν</span> <span class='ocrx_word' id='word_1_955' title='bbox 2158 5274 2513 5343; x_wconf 88' lang='grc' dir='ltr'>πραγμάτων.</span> <span class='ocrx_word' id='word_1_956' title='bbox 2540 5273 2746 5341; x_wconf 80' lang='grc' dir='ltr'>Ὥσπερ</span> <span class='ocrx_word' id='word_1_957' title='bbox 2776 5273 2882 5342; x_wconf 79' lang='grc' dir='ltr'>γὰρ</span> <span class='ocrx_word' id='word_1_958' title='bbox 2902 5272 2998 5343; x_wconf 72' lang='grc' dir='ltr'>τὴν</span> <span class='ocrx_word' id='word_1_959' title='bbox 3032 5274 3388 5345; x_wconf 83' lang='grc' dir='ltr'>Ἰερουσαλὴμ</span> 
     </span>
    </p>
   </div>
   <div class='ocr_carea' id='block_1_120' title="bbox 1809 5360 3380 5431">
    <p class='ocr_par' dir='ltr' id='par_1_120' title="bbox 1809 5360 3380 5431">
     <span class='ocr_line' id='line_1_122' title="bbox 1809 5360 3380 5431; baseline 0 -15"><span class='ocrx_word' id='word_1_960' title='bbox 1809 5362 1965 5416; x_wconf 87' lang='grc' dir='ltr'>καλεῖ</span> <span class='ocrx_word' id='word_1_961' title='bbox 1981 5361 2130 5415; x_wconf 88' lang='grc' dir='ltr'>πόλιν</span> <span class='ocrx_word' id='word_1_962' title='bbox 2158 5360 2519 5430; x_wconf 85' lang='grc' dir='ltr'>δικαιοσύνης,</span> <span class='ocrx_word' id='word_1_963' title='bbox 2557 5360 2733 5413; x_wconf 83' lang='grc' dir='ltr'>καίτοι</span> <span class='ocrx_word' id='word_1_964' title='bbox 2763 5377 2825 5429; x_wconf 89' lang='grc' dir='ltr'>γε</span> <span class='ocrx_word' id='word_1_965' title='bbox 2846 5360 3081 5431; x_wconf 81' lang='grc' dir='ltr'>οὐδαμοῦ</span> <span class='ocrx_word' id='word_1_966' title='bbox 3109 5362 3380 5417; x_wconf 83' lang='grc' dir='ltr'>δικαιοσύ-</span> 
     </span>
    </p>
   </div>
   <div class='ocr_carea' id='block_1_121' title="bbox 1809 5446 3383 5520">
    <p class='ocr_par' dir='ltr' id='par_1_121' title="bbox 1809 5446 3383 5520">
     <span class='ocr_line' id='line_1_123' title="bbox 1809 5446 3383 5520; baseline 0.001 -17"><span class='ocrx_word' id='word_1_967' title='bbox 1809 5467 1904 5520; x_wconf 90' lang='grc' dir='ltr'>νης</span> <span class='ocrx_word' id='word_1_968' title='bbox 1934 5448 2134 5520; x_wconf 84' lang='grc' dir='ltr'>ἐκλήθη</span> <span class='ocrx_word' id='word_1_969' title='bbox 2166 5448 2338 5514; x_wconf 84' lang='grc' dir='ltr'>πόλις,</span> <span class='ocrx_word' id='word_1_970' title='bbox 2378 5446 2515 5500; x_wconf 84' lang='grc' dir='ltr'>ἀλλά</span> <span class='ocrx_word' id='word_1_971' title='bbox 2539 5446 2647 5499; x_wconf 86' lang='grc' dir='ltr'>ἀπὸ</span> <span class='ocrx_word' id='word_1_972' title='bbox 2674 5447 2781 5499; x_wconf 91' lang='grc' dir='ltr'>τῶν</span> <span class='ocrx_word' id='word_1_973' title='bbox 2804 5448 3145 5518; x_wconf 86' lang='grc' dir='ltr'>πραγμάτων</span> <span class='ocrx_word' id='word_1_974' title='bbox 3176 5450 3383 5520; x_wconf 86' lang='grc' dir='ltr'>ταύτην</span> 
     </span>
    </p>
   </div>
   <div class='ocr_carea' id='block_1_122' title="bbox 1810 5535 3383 5610">
    <p class='ocr_par' dir='ltr' id='par_1_122' title="bbox 1810 5535 3383 5610">
     <span class='ocr_line' id='line_1_124' title="bbox 1810 5535 3383 5610; baseline 0.002 -19"><span class='ocrx_word' id='word_1_975' title='bbox 1810 5535 1921 5609; x_wconf 75' lang='grc' dir='ltr'>εἶχε</span> <span class='ocrx_word' id='word_1_976' title='bbox 1964 5539 2062 5609; x_wconf 81' lang='grc' dir='ltr'>τὴν</span> <span class='ocrx_word' id='word_1_977' title='bbox 2113 5537 2499 5607; x_wconf 85' lang='grc' dir='ltr'>προσηγορίαν,</span> <span class='ocrx_word' id='word_1_978' title='bbox 2540 5535 2627 5588; x_wconf 72' lang='grc' dir='ltr'>διὰ</span> <span class='ocrx_word' id='word_1_979' title='bbox 2656 5536 2710 5587; x_wconf 87' lang='lat'>16</span> <span class='ocrx_word' id='word_1_980' title='bbox 2742 5536 2942 5607; x_wconf 79' lang='grc' dir='ltr'>πολλὴν</span> <span class='ocrx_word' id='word_1_981' title='bbox 2992 5538 3238 5607; x_wconf 86' lang='grc' dir='ltr'>γενέσθαι</span> <span class='ocrx_word' id='word_1_982' title='bbox 3281 5542 3383 5610; x_wconf 75' lang='grc' dir='ltr'>τὴν</span> 
     </span>
    </p>
   </div>
   <div class='ocr_carea' id='block_1_123' title="bbox 1808 5622 3382 5695">
    <p class='ocr_par' dir='ltr' id='par_1_123' title="bbox 1808 5622 3382 5695">
     <span class='ocr_line' id='line_1_125' title="bbox 1808 5622 3382 5695; baseline 0.002 -18"><span class='ocrx_word' id='word_1_983' title='bbox 1808 5626 1904 5680; x_wconf 71' lang='grc' dir='ltr'>ἐπὶ</span> <span class='ocrx_word' id='word_1_984' title='bbox 1937 5625 1997 5678; x_wconf 90' lang='lat'>16</span> <span class='ocrx_word' id='word_1_985' title='bbox 2026 5625 2233 5695; x_wconf 81' lang='grc' dir='ltr'>βέλτιον</span> <span class='ocrx_word' id='word_1_986' title='bbox 2262 5625 2431 5692; x_wconf 83' lang='grc' dir='ltr'>αὐτῆς</span> <span class='ocrx_word' id='word_1_987' title='bbox 2462 5622 2779 5693; x_wconf 83' lang='grc' dir='ltr'>μεταϐολὴν,</span> <span class='ocrx_word' id='word_1_988' title='bbox 2807 5625 2899 5677; x_wconf 79' lang='grc' dir='ltr'>καὶ</span> <span class='ocrx_word' id='word_1_989' title='bbox 2930 5626 3024 5695; x_wconf 81' lang='grc' dir='ltr'>τὴν</span> <span class='ocrx_word' id='word_1_990' title='bbox 3052 5624 3143 5678; x_wconf 82' lang='grc' dir='ltr'>τοῦ</span> <span class='ocrx_word' id='word_1_991' title='bbox 3169 5626 3382 5680; x_wconf 84' lang='grc' dir='ltr'>δικαίου</span> 
     </span>
    </p>
   </div>
   <div class='ocr_carea' id='block_1_124' title="bbox 1810 5710 3379 5784">
    <p class='ocr_par' dir='ltr' id='par_1_124' title="bbox 1810 5710 3379 5784">
     <span class='ocr_line' id='line_1_126' title="bbox 1810 5710 3379 5784; baseline 0.002 -19"><span class='ocrx_word' id='word_1_992' title='bbox 1810 5712 2139 5784; x_wconf 87' lang='grc' dir='ltr'>προστασίαν</span> <span class='ocrx_word' id='word_1_993' title='bbox 2163 5713 2275 5783; x_wconf 73' lang='grc' dir='ltr'>(καὶ</span> <span class='ocrx_word' id='word_1_994' title='bbox 2304 5711 2411 5781; x_wconf 83' lang='grc' dir='ltr'>γὰρ</span> <span class='ocrx_word' id='word_1_995' title='bbox 2442 5711 2568 5764; x_wconf 78' lang='grc' dir='ltr'>ὅταν</span> <span class='ocrx_word' id='word_1_996' title='bbox 2607 5710 2807 5781; x_wconf 88' lang='grc' dir='ltr'>πόρνην</span> <span class='ocrx_word' id='word_1_997' title='bbox 2844 5712 3003 5783; x_wconf 79' lang='grc' dir='ltr'>καλῇ,</span> <span class='ocrx_word' id='word_1_998' title='bbox 3043 5714 3139 5784; x_wconf 79' lang='grc' dir='ltr'>οὺχ</span> <span class='ocrx_word' id='word_1_999' title='bbox 3162 5714 3234 5777; x_wconf 84' lang='grc' dir='ltr'>ὡς</span> <span class='ocrx_word' id='word_1_1000' title='bbox 3280 5714 3379 5784; x_wconf 76' lang='grc' dir='ltr'>τῆς</span> 
     </span>
    </p>
   </div>
   <div class='ocr_carea' id='block_1_125' title="bbox 1816 5898 3045 5961">
    <p class='ocr_par' dir='ltr' id='par_1_125' title="bbox 1816 5898 3045 5961">
     <span class='ocr_line' id='line_1_127' title="bbox 1816 5898 3045 5961; baseline -0.001 -10"><span class='ocrx_word' id='word_1_1001' title='bbox 1816 5919 1824 5924; x_wconf 89' lang='grc'>·</span> <span class='ocrx_word' id='word_1_1002' title='bbox 1875 5899 1902 5941; x_wconf 78' lang='lat' dir='ltr'><strong>d</strong></span> <span class='ocrx_word' id='word_1_1003' title='bbox 1925 5898 2004 5951; x_wconf 81' lang='lat' dir='ltr'>Sic</span> <span class='ocrx_word' id='word_1_1004' title='bbox 2028 5907 2161 5952; x_wconf 81' lang='lat' dir='ltr'><strong>recte</strong></span> <span class='ocrx_word' id='word_1_1005' title='bbox 2188 5898 2337 5952; x_wconf 70' lang='lat' dir='ltr'>Savil.</span> <span class='ocrx_word' id='word_1_1006' title='bbox 2364 5898 2534 5952; x_wconf 76' lang='lat' dir='ltr'>Morel.</span> <span class='ocrx_word' id='word_1_1007' title='bbox 2560 5900 2734 5961; x_wconf 73' lang='grc' dir='ltr'>τεχθέν,</span> <span class='ocrx_word' id='word_1_1008' title='bbox 2772 5910 3045 5961; x_wconf 80' lang='lat' dir='ltr'>perperam.</span> 
     </span>
    </p>
   </div>
  </div>
