4130 6312
115 335 165 391 85
1334 312 1403 371 ΙΝ
1439 312 1690 385 ISAIAM,
1728 316 1880 375 CAP.
1922 319 2033 378 VII.
3205 337 3278 393 86

104 424 267 497 virtute)
292 439 306 479 :
334 421 568 495 idipsum
597 424 775 497 itaque
802 421 871 483 de
896 420 1111 481 Christo
1138 422 1441 494 dicendum,
1470 425 1614 497 quod

102 530 245 587 nempe
263 514 353 586 ipsi
388 528 456 570 ex
489 515 657 572 rebus
698 528 890 571 nomen
933 514 1263 586 imposuerit.
1303 514 1453 570 Tunc
1474 516 1616 570 enim

103 606 279 662 maxime
301 604 578 660 nobiscum
600 605 741 661 Deus
763 602 935 660 factus
959 611 1061 671 est,
1086 618 1207 659 cum
1234 603 1286 658 in
1311 611 1450 659 terra
1472 602 1617 658 visus

99 706 171 763 est,
192 704 375 750 etcum
418 694 728 751 hominibus
759 702 1104 751 conversatus
1145 701 1263 762 est,
1291 694 1617 764 multamque

101 801 189 858 erga
212 798 298 841 nos
318 785 710 855 providentiam
747 784 1008 842 exhibuit.
1036 783 1153 841 Non
1178 784 1319 839 enim
1346 784 1486 839 ultra
1522 798 1618 839 an-

96 880 223 949 gelus,
247 890 346 931 non
372 876 723 947 archangelus
749 875 1051 943 nobiscum,
1078 874 1171 930 sed
1198 875 1313 946 ipse
1340 874 1612 941 Dominus,

98 970 161 1039 qui
183 966 471 1035 descendit,
501 983 714 1025 omnem
741 970 795 1023 in
823 982 883 1024 se
907 969 1140 1039 suscepit
1167 967 1614 1033 emendationem,

101 1073 187 1113 cum
203 1057 551 1114 meretricibus
566 1057 811 1129 loquens,
833 1073 954 1114 cum
970 1058 1265 1129 publicanis
1280 1058 1614 1124 recumbens,

101 1150 137 1203 in
160 1156 467 1219 peccatorum
494 1147 686 1204 domus
716 1148 1038 1219 ingrediens,
1067 1148 1362 1206 latronibus
1390 1148 1613 1204 liberam

102 1238 298 1309 loquendi
337 1238 589 1295 ﬁduciam
620 1239 845 1307 indens,
880 1254 1065 1311 magos
1099 1239 1392 1305 attrahens,
1438 1240 1616 1293 omnia

99 1330 371 1399 perlustrans
406 1339 465 1386 et
500 1330 827 1399 reformans,
870 1330 1040 1402 ipsam
1084 1340 1329 1387 naturam
1370 1330 1472 1386 sibi
1517 1331 1617 1402 ipsi

100 1420 261 1474 ualens.
283 1418 403 1474 Haec
430 1420 607 1491 itaque
622 1420 799 1475 omnia
824 1420 1078 1492 propheta
1095 1421 1437 1492 pramuntiat,
1461 1421 1617 1477 simul

98 1519 262 1580 partum
287 1510 502 1576 dicens,
542 1519 595 1566 et
619 1519 802 1581 partus
842 1510 1050 1568 lucrum
1092 1511 1358 1567 ineffabile
1395 1511 1524 1568 illud
1564 1520 1619 1567 et

102 1603 386 1657 immensum.
428 1599 563 1657 Cum
608 1601 749 1657 enim
799 1602 942 1658 Deus
979 1616 1103 1659 cum
1148 1602 1453 1658 hominibus
1499 1611 1615 1670 est,

95 1690 192 1745 nihil
216 1689 340 1745 ultra
369 1688 688 1757 timendum,
731 1690 860 1747 nihil
888 1691 1252 1760 tremendum,
1278 1691 1376 1749 sed
1405 1691 1473 1748 de
1498 1707 1618 1747 om-

96 1778 214 1834 nibus
233 1777 489 1835 lidendum
514 1789 598 1835 est
627 1796 642 1834 :
675 1779 729 1835 id
757 1780 898 1852 quod
923 1780 1085 1837 etiam
1124 1780 1320 1836 factum
1349 1789 1451 1837 est.
1484 1780 1617 1836 Nam

95 1869 269 1938 antiqua
303 1867 391 1922 illa
426 1875 483 1924 et
510 1869 728 1925 immota
752 1870 891 1925 mala
917 1870 1092 1926 soluta
1122 1879 1267 1935 sunt,
1297 1870 1404 1925 lata
1432 1878 1617 1925 contra
1660 1902 1667 1908 ο

95 1972 329 2014 commune
366 1957 645 2016 hominum
692 1974 858 2030 genus
900 1961 1162 2016 sententia
1209 1960 1452 2016 submota
1499 1971 1612 2030 est,

94 2048 357 2119 peccatique
381 2051 534 2105 nervi
563 2051 702 2121 rupti
729 2059 883 2116 sunt,
911 2050 1108 2107 diaboli
1139 2052 1377 2123 tyrannis
1405 2051 1578 2106 soluta
1597 2093 1613 2120 ,

93 2142 423 2213 paradisusque
448 2143 692 2199 omnibus
719 2143 1024 2199 inaccessos
1043 2143 1323 2199 homicida:
1346 2153 1402 2199 et
1420 2144 1617 2199 latroni

92 2233 275 2300 primum
310 2236 581 2304 aperitur,
606 2233 848 2290 cariestes
885 2233 1121 2291 fornices
1156 2243 1481 2300 reserantur,
1513 2235 1617 2291 hoc

91 2336 245 2391 tuoque
266 2336 381 2378 eum
400 2323 609 2394 angelis
628 2324 1023 2393 commiscetur,
1051 2340 1116 2381 ac
1137 2335 1322 2381 natura
1351 2335 1529 2381 nostra
1549 2325 1618 2380 ad

94 2413 254 2481 regium
273 2413 461 2469 solium
489 2412 805 2469 adducitur:
829 2414 1022 2471 inferni
1044 2429 1227 2471 carcer
1248 2415 1450 2470 inutilis
1476 2430 1620 2470 mor-

91 2500 225 2569 tisque
241 2516 428 2558 nomen
460 2503 630 2558 solum
662 2504 891 2571 mansit,
914 2518 975 2560 re
1002 2504 1118 2575 ipsa
1156 2519 1379 2559 vacuum
1412 2523 1428 2561 :
1467 2519 1613 2559 mar-

92 2601 227 2662 tyrum
251 2594 392 2649 chori
413 2636 432 2663 ,
461 2602 516 2651 et
538 2595 790 2652 mulieres
818 2594 1067 2651 stimulos
1096 2596 1290 2652 inferni
1322 2595 1614 2666 fregerunt.

140 2682 300 2737 Castra
319 2682 629 2739 Marciorum
649 2694 695 2739 et
720 2683 1061 2740 Valentinum.
1080 2714 1149 2725 —
1167 2684 1291 2741 Haec
1307 2684 1484 2756 itaque
1502 2699 1619 2739 om-

88 2771 153 2825 nia
175 2772 451 2842 praevidens
479 2772 739 2844 propheta
762 2772 1062 2829 exsultabat
1082 2781 1135 2829 et
1154 2772 1378 2829 choreas
1404 2773 1615 2844 agebat,

85 2870 128 2915 et
152 2876 241 2917 uno
266 2861 428 2919 verbo
457 2862 640 2919 omnia
678 2862 832 2918 nobis
867 2861 1181 2928 declaravit,
1209 2862 1615 2918 Emmanuelem

91 2949 214 3005 uoltis
232 2956 607 3022 praenuntiatus.
634 2952 721 3009 15.
748 2950 999 3024 Butgrum
1023 2962 1070 3008 et
1091 2952 1189 3006 mel
1207 2952 1450 3019 comedet,
1476 2961 1619 3006 ante-

83 3057 206 3107 quam
228 3043 344 3098 sciat
372 3045 483 3115 ipse
500 3043 578 3099 rel
610 3044 898 3116 praellgere
922 3044 1083 3109 mala,
1118 3044 1264 3112 eliget
1288 3043 1491 3097 bonum.
1526 3043 1612 3098 16.

86 3130 193 3195 Quis
218 3141 480 3204 utquam
505 3133 633 3189 sciat
666 3150 793 3204 puer
817 3133 1001 3189 bonum
1032 3142 1119 3187 aut
1148 3134 1371 3199 malum,
1400 3150 1502 3188 non
1529 3134 1618 3188 ob-

84 3230 288 3291 temperat
310 3224 541 3291 malitia,
566 3232 622 3279 ut
648 3224 803 3295 eligat
832 3224 1040 3279 bonum.
1068 3223 1327 3290 Quoniam
1353 3238 1487 3294 puer
1515 3224 1616 3279 iste

82 3321 204 3368 natus
220 3328 384 3385 neque
420 3313 583 3371 homo
606 3313 833 3384 simplex
857 3320 994 3381 erat,
1016 3327 1191 3384 neque
1217 3313 1358 3368 Deus
1386 3320 1615 3379 tantum,

82 3400 155 3457 sed
172 3401 296 3459 Deus
319 3402 375 3459 in
406 3402 649 3471 homine,
671 3403 791 3473 jure
815 3402 1077 3474 propheta
1101 3416 1403 3459 sermonem
1423 3402 1616 3472 variat,

81 3503 195 3545 nunc
218 3490 346 3559 hoc,
387 3506 536 3549 nunc
574 3491 703 3548 illud
746 3490 952 3559 dicens,
982 3490 1242 3562 stupenda
1290 3505 1612 3562 proponens,

82 3591 157 3633 nec
178 3582 479 3649 permittens
520 3589 581 3637 ut
606 3580 739 3637 fides
780 3592 1005 3652 negetur
1050 3582 1363 3638 mconomiar
1400 3589 1617 3652 propter

79 3669 378 3725 eminentiam
428 3669 697 3726 miraculi.
728 3668 861 3725 Cum
905 3669 1136 3725 dixisset
1174 3670 1316 3724 enim
1355 3670 1614 3741 virginem

81 3768 174 3810 esse
193 3758 497 3827 parituram,
530 3757 584 3813 id
612 3757 753 3828 quod
780 3766 1027 3814 naturam
1052 3758 1355 3830 superabat,
1376 3768 1432 3815 et
1456 3760 1608 3816 illum

80 3844 349 3903 Emmanuel
372 3846 675 3903 vocandum
696 3860 836 3912 esse,
863 3847 1004 3919 quod
1024 3847 1196 3918 ipsum
1218 3849 1616 3919 exspectatione

80 3936 214 4005 majus
232 3946 359 4003 erat,
382 3952 456 3995 ne
482 3938 603 4009 quis
621 3937 1026 3995 Emmanuelem
1045 3937 1285 4005 audiens,
1312 3940 1366 3994 in
1393 3938 1616 3995 Marcio-

80 4026 141 4079 uis
163 4028 276 4082 etin
293 4027 571 4085 Valentini
595 4027 840 4083 morbum
859 4028 1136 4095 incideret,
1165 4038 1379 4099 propter
1396 4029 1613 4100 dispen-

80 4116 313 4184 sationem,
339 4118 698 4175 clarissimam
727 4117 934 4174 induxit
957 4117 1368 4189 dispensationis
1388 4119 1611 4177 demon-

80 4207 340 4266 strationem
394 4208 477 4284 (α)
504 4250 522 4278 ,
564 4223 596 4265 a
644 4224 827 4266 mensa
859 4208 963 4281 ipsi
1009 4210 1168 4266 iidem
1216 4210 1435 4267 faciens.
1470 4212 1609 4280 Quid

80 4297 188 4351 enim
210 4299 279 4353 ait
296 4300 321 4354 τ
340 4298 597 4370 Butgrum
621 4305 669 4353 et
694 4297 793 4353 mel
818 4298 1059 4355 comedet.
1101 4298 1160 4355 ld
1186 4314 1315 4356 vero
1338 4316 1445 4356 non
1472 4301 1609 4357 divi-

78 4384 218 4443 uitatis
237 4387 419 4455 fuerit,
443 4387 546 4444 sed
572 4395 774 4444 natura
802 4396 1023 4444 nostras.
1071 4388 1277 4445 idcirco
1320 4390 1463 4446 enim
1505 4406 1611 4447 non

77 4474 337 4545 simpliciter
377 4479 434 4534 in
477 4476 696 4533 homine
730 4476 801 4534 ab
830 4492 891 4535 se
923 4476 1151 4535 formato
1176 4478 1472 4549 habitavit,
1505 4480 1601 4537 sed

76 4564 198 4620 etiam
222 4566 267 4623 in
292 4576 449 4624 utero
479 4576 721 4639 gestatus
744 4576 827 4623 est
849 4608 866 4633 ,
907 4567 1068 4638 idque
1110 4582 1207 4637 per
1230 4585 1421 4626 novem
1449 4586 1600 4628 men-

75 4666 154 4716 ses,
174 4664 363 4722 partum
393 4670 714 4726 pannosque
738 4655 920 4722 subiit,
942 4664 998 4711 et
1019 4656 1196 4713 cibum
1227 4659 1439 4715 tenellae
1466 4662 1608 4717 artati

76 4754 470 4811 consentaneum,
499 4752 561 4799 ut
588 4758 684 4814 per
708 4743 824 4799 haec
846 4743 1027 4801 omnia
1054 4758 1116 4801 os
1144 4745 1413 4803 obturaret
1431 4748 1499 4803 iis
1513 4750 1603 4820 qui

76 4831 444 4891 incarnationem
476 4848 679 4905 negare
715 4833 996 4891 auderent.
1042 4834 1169 4891 Haec
1211 4836 1388 4910 itaque
1411 4840 1607 4910 pravi-

76 4922 173 4977 deus
195 4924 445 4997 propheta
470 4937 584 4979 non
607 4923 803 4979 natalia
821 4923 994 4980 solum
1013 4932 1068 4980 et
1087 4925 1382 4983 mirabilem
1398 4938 1607 4999 partum

74 5013 197 5067 dicit:
222 5014 309 5071 sed
334 5015 504 5071 etiam
550 5011 860 5069 alimentum
905 5015 1118 5072 tenella:
1167 5018 1338 5074 aetatis
1361 5059 1377 5087 ,
1405 5033 1514 5089 quo
1544 5020 1597 5076 in

75 5102 301 5160 cunabulis
323 5118 456 5161 usus
477 5109 587 5169 est,
607 5101 751 5173 quod
778 5102 909 5160 nihil
936 5102 1216 5163 diﬂ‘erebat
1240 5121 1270 5161 a
1296 5116 1609 5164 caeterorum

76 5192 301 5253 hominum
320 5211 465 5263 esea,
484 5208 590 5252 nec
605 5192 874 5267 quidpiam
900 5195 1173 5255 insolitum
1199 5198 1452 5256 habebat.
1474 5200 1606 5256 Nam

76 5281 113 5334 in
136 5284 208 5339 ius
231 5300 399 5360 neque
426 5284 617 5343 omnia
644 5282 855 5340 diversa
870 5294 1044 5355 erant,
1072 5302 1243 5360 neque
1269 5290 1447 5345 omnia
1471 5304 1610 5346 com-

93 5412 175 5485 ,(α)
200 5414 320 5473 Quod
341 5413 462 5485 φση
481 5410 615 5485 ποτε·
1013 5413 1185 5485 Isaiam
1200 5414 1333 5485 clere
1354 5417 1605 5485 depensa-

76 5472 198 5541 tionis,
219 5472 314 5525 seu
346 5472 1220 5541 incarnatigpiytietnomtrationem
1242 5472 1513 5541 induxisse,
1541 5493 1607 5529 ne

75 5536 155 5592 quis
170 5538 211 5585 in
230 5537 585 5602 hardpoisaut
604 5531 847 5602 V_al_entini
869 5534 1089 5602 morbum
1131 5538 1385 5602 incideret,
1410 5553 1470 5589 eo
1491 5531 1606 5602 spe-

76 5601 147 5664 tut
163 5598 268 5664 quod
290 5596 591 5647 Valentinus
608 5598 661 5643 et
681 5595 880 5644 Μινύου
901 5594 1141 5664 dicerent,
1165 5597 1328 5649 Filium
1350 5594 1445 5651 non
1469 5594 1605 5664 vere,

77 5654 291 5721 Napeae
307 5665 518 5722 tantum,
545 5666 745 5708 carnem
764 5658 1044 5720 mmpstsse.

1724 431 1923 486 munia.
1955 432 2087 489 illud
2108 433 2271 503 enim,
2298 450 2365 492 ex
2395 434 2617 492 muliere
2649 435 2830 505 nasci,
2855 450 3135 495 commune
3158 448 3283 504 est;

1722 536 1788 576 ex
1814 520 2015 593 virgine
2041 532 2213 580 autem
2234 566 2250 593 ,
2279 526 2449 596 majus
2485 541 2641 598 quam
2670 526 2902 582 conditio
2923 536 3099 583 nostra
3130 526 3287 583 ferat.

1722 613 2047 669 Alimentum
2073 629 2283 672 sumere
2307 632 2516 672 rursum
2542 657 2559 683 ,
2604 632 2671 673 ex
2692 625 2896 672 natura:
2920 617 3035 687 lege
3060 626 3141 672 est
3168 632 3290 687 qua:

1722 704 1929 759 caeteris
1957 706 2229 775 competit,
2253 722 2315 763 ac
2338 722 2621 764 commune
2648 717 2769 774 est;
2797 716 2854 763 at
2882 708 3133 779 templum
3160 708 3287 762 illud

1723 790 2049 847 inaccessum
2074 807 2192 849 esse
2212 796 2476 864 nequitiae,
2496 810 2669 866 neque
2688 796 3107 866 experimentum
3126 795 3286 849 ullum

1723 883 1939 937 malitia:
1961 884 2155 940 habere
2176 924 2193 951 ,
2224 886 2327 941 hoc
2351 901 2546 942 novum
2568 926 2583 951 ,
2614 887 2714 942 hoc
2740 886 3055 956 stupendum
3087 893 3169 941 est
3190 925 3206 949 ,
3232 892 3288 940 tt

1723 973 1822 1041 ipsi
1851 974 1948 1028 soli
1971 976 2239 1046 competit.
2264 975 2493 1047 Ideoque
2516 986 2569 1031 et
2588 976 2689 1031 hoc
2708 986 2761 1031 et
2783 976 2910 1030 illud
2937 974 3132 1045 posuit.
3161 973 3280 1029 Non

1723 1063 1865 1116 enim
1896 1070 2017 1132 post
2043 1064 2463 1133 experimentum
2492 1064 2707 1120 malitias
2742 1078 2771 1117 a
2811 1063 3007 1119 malitia
3035 1062 3235 1119 abstitit
3260 1102 3282 1130 ,

1723 1152 1892 1221 inquit
1926 1191 1943 1217 ,
1973 1153 2066 1207 sed
2094 1153 2161 1209 ab
2189 1154 2302 1223 ipso
2332 1154 2591 1224 principio
2618 1163 2673 1209 et
2698 1152 2919 1209 exordio
2942 1168 3155 1207 omnem
3178 1153 3287 1207 viro

1725 1251 1888 1298 tutem
1918 1242 2175 1299 exhibuit.
2202 1243 2352 1309 Quod
2374 1253 2429 1300 et
2445 1244 2556 1315 ipse
2577 1244 2650 1297 ait
2677 1259 2693 1298 :
2727 1243 2852 1308 Quis
2876 1258 2940 1296 etc
2966 1242 3088 1312 ipsis
3111 1248 3291 1312 arguet

1723 1350 1802 1387 me
1829 1334 1891 1386 de
1914 1335 2156 1403 peccato?
2183 1343 2236 1388 et
2264 1350 2280 1388 :
2316 1333 2461 1388 Venit
2491 1336 2723 1404 princeps
2746 1333 2899 1405 hujus
2920 1332 3097 1385 mundi
3127 1371 3142 1397 ,
3166 1340 3212 1385 et
3236 1332 3291 1385 in

1723 1439 1801 1476 me
1824 1438 1923 1476 non
1953 1423 2098 1478 habet
2120 1424 2378 1494 quidpiam
2400 1422 2573 1493 (Joau.
2600 1423 2651 1477 8.
2681 1421 2770 1476 46.
2794 1430 2838 1475 et
2866 1422 2953 1475 M.
2981 1419 3094 1489 30).

1798 1513 1852 1566 7.
1890 1513 2062 1582 Atque
2105 1512 2192 1567 hic
2234 1515 2347 1583 ipse
2395 1512 2650 1582 pr0pheta
2699 1511 2749 1565 in
2798 1511 3138 1581 sequentibus
3178 1510 3290 1565 ait:

1724 1601 1997 1657 Peccatum
2028 1619 2128 1656 non
2154 1601 2289 1672 fecit,
2322 1618 2478 1671 neque
2500 1601 2646 1655 dolus
2673 1602 2897 1654 inuentus
2916 1600 3059 1655 estin
3083 1615 3168 1655 ore
3184 1601 3293 1671 ejus

1726 1692 1877 1761 (lsai.
1910 1693 1996 1747 53.
2039 1691 2114 1761 9).
2160 1690 2271 1746 Hoc
2298 1698 2444 1746 certe
2472 1700 2525 1745 et
2562 1690 2663 1746 hoc
2699 1690 2817 1746 loco
2840 1690 2935 1756 ait,
2967 1689 3087 1760 quia
3116 1690 3293 1758 prius-

1723 1796 1880 1850 quam
1916 1781 2048 1836 sciat
2091 1781 2203 1850 ipse
2242 1780 2327 1834 vel
2367 1779 2503 1834 mala
2534 1779 2869 1850 prtecligere,
2915 1778 2981 1833 ab
3018 1789 3173 1833 astate
3202 1777 3293 1833 illa

1723 1870 1922 1925 nullum
1952 1877 2167 1939 experta
2214 1868 2407 1922 malum
2433 1907 2449 1935 ,
2496 1868 2563 1923 ab
2601 1868 2716 1937 ipso
2752 1866 3014 1937 principio
3045 1867 3291 1921 virtutem

1721 1960 1988 2027 ostendet,
2036 1958 2269 2030 nihilque
2309 1974 2428 2014 cum
2475 1959 2704 2028 nequitia
2742 1972 3021 2012 commune
3058 1956 3290 2011 habebit.

1722 2052 1858 2118 Quia
1906 2053 2196 2123 priusquam
2240 2052 2365 2106 sciat
2409 2066 2532 2121 pater
2574 2049 2755 2104 bonum
2798 2056 2887 2102 aut
2931 2048 3152 2113 malum,
3190 2063 3294 2101 non

1721 2142 2027 2212 obtemperat
2064 2139 2301 2207 malitiae,
2345 2147 2400 2193 ut
2428 2139 2576 2209 eligat
2615 2137 2814 2191 bonum.
2847 2136 3074 2192 Rursum
3103 2134 3289 2190 iisdem

1721 2232 1899 2289 verbis
1935 2232 2176 2288 eamdem
2217 2231 2529 2287 sententiam
2574 2228 2897 2295 subindicat,
2931 2238 2985 2283 et
3021 2226 3075 2281 in
3103 2226 3291 2283 eodem

1720 2330 1963 2377 versatur
1989 2336 2253 2376 sermone.
2283 2319 2413 2387 Quia
2446 2319 2585 2375 enim
2616 2317 2898 2373 admodum
2928 2316 3151 2372 sublime
3179 2323 3295 2371 erat

1722 2410 1772 2464 id
1794 2409 1933 2479 quod
1957 2409 2247 2473 dicebatur,
2268 2406 2580 2461 narrationis
2596 2405 2984 2461 continuatione
3006 2404 3103 2473 ipsi
3132 2402 3289 2458 fidem

1725 2500 1992 2555 conciliat.
2031 2497 2181 2565 Quod
2205 2499 2346 2554 enim
2374 2512 2531 2567 supra
2561 2494 2850 2552 declaravit
2870 2494 3050 2550 dicens
3073 2510 3087 2547 :
3109 2492 3292 2547 Prius-

1720 2606 1869 2659 quam
1892 2590 2016 2643 sciat
2039 2589 2145 2658 ipse
2172 2588 2248 2642 vel
2268 2588 2555 2659 prteeligere
2578 2589 2733 2652 mala,
2764 2583 2865 2640 hoc
2891 2594 3073 2657 postea
3096 2582 3281 2639 subin-

1720 2678 1915 2733 dicavit
1941 2676 2158 2744 dicens,
2194 2675 2498 2745 Priusquam
2533 2676 2658 2731 sciat
2688 2690 2844 2745 puer;
2868 2684 2921 2729 et
2956 2672 3291 2728 enarratione

1719 2782 1929 2823 rursum
1958 2768 2119 2822 utitur
2150 2766 2365 2823 dicens:
2384 2765 2582 2821 Bonum
2608 2774 2696 2820 aut
2724 2764 2909 2818 malum
2928 2803 2944 2830 ,
2974 2779 3075 2817 non
3100 2763 3290 2816 obtem-

1721 2868 1864 2929 perat
1889 2860 2113 2926 malitiar,
2143 2867 2197 2912 ut
2223 2859 2375 2929 eligat
2402 2860 2605 2911 bonum.
2634 2855 2800 2925 Hujus
2825 2854 2964 2910 enim
2994 2852 3156 2908 solius
3177 2860 3294 2908 erat

1723 2950 1836 3004 haec
1858 2948 2220 3018 praerogativa.
2237 2946 2359 3002 ideo
2378 2955 2433 3002 et
2451 2946 2643 3002 Paulus
2657 2942 2759 3000 hoc
2777 2942 2986 2999 assidue
3013 2952 3214 3007 versat,
3237 2950 3293 2997 et

1718 3036 1953 3092 Joannes
1986 3035 2171 3091 videns
2214 3036 2397 3102 illum,
2445 3034 2549 3089 hoc
2593 3032 2917 3103 praedicavit.
2963 3030 3096 3084 Ecce
3130 3047 3290 3101 agnus

1718 3126 1818 3183 Dei
1836 3127 1919 3198 qui
1943 3127 2072 3181 tollit
2091 3136 2341 3198 peccatum
2370 3125 2547 3180 mundi
2570 3123 2748 3195 (Joan.
2778 3123 2829 3179 i.
2856 3122 2968 3193 29).
2991 3122 3091 3188 Qui
3111 3131 3288 3176 autem

1718 3217 1940 3272 aliorum
1968 3226 2179 3288 peccata
2208 3215 2462 3280 tollebat,
2492 3212 2659 3270 multo
2685 3212 2851 3283 magis
2878 3212 2989 3283 ipse
3016 3224 3045 3264 a
3071 3220 3291 3281 peccato

1719 3307 1970 3363 immunis
1999 3316 2131 3363 erat.
2162 3307 2228 3363 Et
2252 3307 2465 3373 Paulus,
2492 3315 2549 3361 ut
2577 3304 2735 3360 modo
2758 3303 3017 3369 dicebam,
3046 3301 3293 3373 frequen-

1720 3406 1802 3454 ter
1826 3398 2050 3467 idipsum
2076 3397 2287 3452 clamat.
2307 3396 2436 3463 Quia
2462 3395 2601 3450 enim
2628 3394 2717 3449 ille
2739 3393 3023 3448 moriturus
3047 3399 3191 3459 erat,
3219 3406 3290 3449 ne

1718 3489 1837 3559 quis
1862 3487 2148 3543 inﬁdelium
2171 3494 2395 3557 putaret,
2419 3486 2590 3555 ipsum
2615 3482 2813 3554 peccati
2836 3483 2917 3538 sui
2937 3482 3061 3537 dare
3080 3496 3288 3552 poenas,

1720 3577 2027 3649 frequenter
2053 3582 2169 3646 ejus
2198 3575 2686 3646 impeccabilitatem
2713 3574 2766 3629 in
2790 3573 3019 3629 medium
3046 3572 3287 3641 adducit,

1718 3677 1778 3723 ut
1796 3676 2019 3723 mortem
2042 3666 2207 3737 ipsius
2228 3665 2427 3736 peccati
2450 3664 2615 3720 nostri
2635 3662 2951 3719 solutionem
2972 3676 3091 3718 esse
3109 3670 3291 3717 osten-

1717 3757 1889 3814 deret.
1910 3755 2261 3825 Quamobrem
2280 3751 2752 3811 dicebat:Christus
2773 3769 3031 3822 resurgens
3056 3768 3119 3806 ea:
3144 3768 3283 3806 mor-

1721 3848 1841 3913 tuis,
1863 3849 1966 3915 iam
1989 3863 2087 3901 non
2108 3847 2337 3901 moritur.
2359 3844 2554 3898 Etenim
2573 3841 2706 3912 quod
2724 3852 2950 3895 mortuus
2970 3850 3061 3908 est,
3085 3850 3286 3911 peccato

1720 3946 1945 3991 mortuus
1971 3946 2043 3990 est
2072 3935 2244 4006 (Rom.
2275 3934 2326 3990 6.
2359 3933 2413 3988 9.
2442 3931 2551 4004 10).
2578 3932 2755 4002 Neque
2782 3939 2953 3987 morte
2986 3931 3073 3985 illa
3092 3972 3107 4000 ,
3137 3931 3289 4000 quasi

1718 4042 1859 4093 reus,
1887 4026 2073 4097 inquit,
2093 4024 2382 4081 secundum
2407 4026 2663 4080 rationem
2691 4024 2886 4095 peccati
2908 4032 3146 4079 mortuus
3169 4032 3284 4089 est;

1719 4116 1811 4172 sed
1839 4131 1935 4187 pro
1963 4116 2228 4171 communi
2272 4116 2507 4170 omnium
2543 4113 2759 4170 delicto.
2810 4113 2865 4169 Si
2906 4113 3081 4184 itaque
3123 4114 3288 4183 priori

1717 4208 1874 4261 morti
1896 4205 2184 4261 secundum
2206 4204 2307 4260 hoc
2326 4204 2583 4260 obnoxius
2603 4218 2705 4260 non
2723 4214 2855 4268 erat,
2877 4204 3005 4258 satis
3022 4218 3286 4273 superque

1719 4296 2135 4352 demonstratum
2181 4306 2281 4358 est,
2333 4296 2503 4366 ipsum
2553 4309 2658 4349 non
2701 4294 2924 4364 amplius
2973 4294 3286 4350 moriturum

1719 4401 1857 4441 esse.
1892 4384 1959 4439 Et
1996 4386 2362 4454 derelinquetur
2405 4393 2557 4450 terra,
2602 4400 2751 4455 quam
2793 4396 2846 4438 tu
2887 4385 3061 4450 times,
3099 4401 3131 4439 a
3159 4387 3284 4457 facis

1718 4477 1931 4531 duorum
1972 4491 2165 4545 regum.
2208 4474 2358 4540 Quod
2402 4474 2702 4545 frequenter
2741 4472 2867 4529 facit
2906 4474 3189 4545 propheta,
3233 4475 3283 4531 id

1718 4564 1875 4620 etiam
1920 4562 2172 4617 fecithoc
2208 4562 2346 4618 loco.
2394 4561 2523 4617 Post
2562 4561 2891 4633 prophetiam
2919 4561 2986 4617 ad
3012 4563 3281 4617 historiam

1716 4666 2015 4708 sermonem
2045 4651 2268 4707 reducit.
2312 4652 2424 4706 Hoc
2453 4651 2610 4707 etiam
2644 4650 2801 4707 modo
2833 4651 2969 4708 circa
3010 4651 3278 4721 Seraphim

1714 4756 1776 4797 se
1815 4741 2044 4813 gessisse
2086 4742 2363 4812 perspicue
2405 4741 2764 4808 ostendimus,
2803 4740 2943 4811 quod
2992 4742 3149 4795 etiam
3198 4741 3276 4798 hit

1715 4833 1908 4888 eii'ecit.
1940 4832 2070 4888 Cum
2100 4834 2451 4889 enarravisset
2494 4832 2636 4888 enim
2680 4832 2815 4887 bona
2856 4830 2970 4887 orbi
3022 4840 3276 4890 terrarum

1716 4923 2006 4978 obventura
2026 4962 2041 4990 ,
2092 4923 2158 4977 ad
2205 4936 2382 4992 regem
2426 4920 2637 4977 demum
2678 4933 2976 4975 sermonem
3001 4920 3283 4980 convertit.

1716 5014 1840 5071 ideo
1884 5014 2000 5069 haec
2038 5014 2305 5084 subjuugit
2334 5031 2347 5068 :
2376 5013 2754 5077 Derelinquetur
2794 5019 2946 5067 terra.
2991 5009 3127 5079 Quid
3176 5019 3277 5076 est,

1715 5105 2095 5176 Derelinquetur
2108 5106 2133 5158 ?
2150 5104 2344 5159 Intacta
2364 5103 2481 5169 erit,
2504 5100 2670 5157 libera
2688 5100 2841 5169 erit',
2856 5100 2985 5156 nihil
3002 5100 3279 5156 molestum

1716 5199 1980 5271 patietur,
2006 5195 2128 5252 belli
2158 5194 2293 5249 mala
2332 5208 2437 5249 non
2482 5192 2778 5248 sustinebit.
2818 5189 2887 5245 Et
2915 5191 3281 5261 dcrelinquetsr

1715 5295 1878 5353 terra,
1905 5301 2053 5355 quam
2079 5293 2131 5337 tu
2160 5284 2330 5350 times,
2359 5295 2455 5353 pro
2478 5296 2578 5353 qua
2606 5280 2874 5347 formidas,
2905 5294 3003 5351 pro
3029 5294 3130 5349 qua
3160 5288 3269 5334 ire-

1711 5380 1834 5445 mis,
1876 5393 1907 5429 a
1935 5376 2062 5445 facie
2102 5374 2316 5428 duorum
2363 5389 2570 5444 regum;
2622 5372 2930 5427 Damasceni
2981 5383 3169 5439 nempe
3221 5378 3278 5425 et

1712 5469 1983 5526 israelitae.
2011 5464 2208 5521 Deinde
2230 5481 2297 5521 ne
2318 5480 2412 5536 per
2426 5465 2682 5521 bonorum
2708 5462 3033 5537 prophetiam
3061 5460 3275 5533 segnior

1777 5602 1793 5632 ι
1829 5607 1943 5657 Reg.
1972 5603 2025 5646 et
2043 5596 2182 5647 Savil.
2208 5596 2318 5657 hoc,
2338 5596 2488 5648 libera
2509 5594 2619 5655 erit,
2637 5596 2860 5648 omittunt
2881 5608 2894 5645 :
2919 5592 3008 5646 sed
3029 5589 3195 5645 ποι-ει.
3215 5601 3269 5646 st

1713 5668 1873 5713 savar.
1900 5657 2100 5724 habent,
2125 5668 2177 5712 et
2192 5658 2465 5712 Tilmannus
2488 5661 2553 5710 ita
2572 5657 2707 5723 legit.
2738 5672 2745 5675 ν
