  <div class='ocr_page' id='page_1' title='image "/cluster/home/n/w/nwhite01/storage/ocr_20150623/56/pst.000005712557/091.png"; bbox 0 0 4156 6312; ppageno 0'>
   <div class='ocr_carea' id='block_1_1' title="bbox 734 254 4005 359">
    <p class='ocr_par' dir='ltr' id='par_1_1' title="bbox 734 254 4005 359">
     <span class='ocr_line' id='line_1_1' title="bbox 734 254 4005 359; baseline -0.016 -11"><span class='ocrx_word' id='word_1_1' title='bbox 734 304 807 359; x_wconf 83' lang='grc'>87</span> <span class='ocrx_word' id='word_1_2' title='bbox 1441 279 1500 337; x_wconf 88' lang='lat' dir='ltr'><strong>S.</strong></span> <span class='ocrx_word' id='word_1_3' title='bbox 1537 272 1815 337; x_wconf 81' lang='lat' dir='ltr'><strong>JOANNIS</strong></span> <span class='ocrx_word' id='word_1_4' title='bbox 1850 260 2319 329; x_wconf 72' lang='lat' dir='ltr'><strong>CHRYSOSTOMI</strong></span> <span class='ocrx_word' id='word_1_5' title='bbox 2358 257 2675 319; x_wconf 78' lang='lat' dir='ltr'><strong>ARCHIEP.</strong></span> <span class='ocrx_word' id='word_1_6' title='bbox 2715 254 3247 318; x_wconf 79' lang='lat' dir='ltr'><strong>CONSTANTINOP.</strong></span> <span class='ocrx_word' id='word_1_7' title='bbox 3923 265 4005 321; x_wconf 79' lang='lat'><strong>33</strong></span> 
     </span>
    </p>
   </div>
   <div class='ocr_carea' id='block_1_2' title="bbox 736 379 2319 469">
    <p class='ocr_par' dir='ltr' id='par_1_2' title="bbox 736 379 2319 469">
     <span class='ocr_line' id='line_1_2' title="bbox 736 379 2319 469; baseline -0.018 -9"><span class='ocrx_word' id='word_1_8' title='bbox 736 403 1008 468; x_wconf 88' lang='lat' dir='ltr'><strong>evaderet,</strong></span> <span class='ocrx_word' id='word_1_9' title='bbox 1040 413 1140 458; x_wconf 80' lang='lat' dir='ltr'><strong>nec</strong></span> <span class='ocrx_word' id='word_1_10' title='bbox 1159 412 1252 469; x_wconf 83' lang='lat' dir='ltr'><strong>per</strong></span> <span class='ocrx_word' id='word_1_11' title='bbox 1271 408 1456 466; x_wconf 80' lang='lat' dir='ltr'><strong>pacem</strong></span> <span class='ocrx_word' id='word_1_12' title='bbox 1482 390 1714 453; x_wconf 86' lang='lat' dir='ltr'><strong>mollior,</strong></span> <span class='ocrx_word' id='word_1_13' title='bbox 1731 387 1846 457; x_wconf 85' lang='lat' dir='ltr'><strong>ejus</strong></span> <span class='ocrx_word' id='word_1_14' title='bbox 1873 397 2057 441; x_wconf 82' lang='lat' dir='ltr'><strong>rursus</strong></span> <span class='ocrx_word' id='word_1_15' title='bbox 2083 379 2319 436; x_wconf 88' lang='lat' dir='ltr'><strong>animum</strong></span> 
     </span>
    </p>
   </div>
   <div class='ocr_carea' id='block_1_3' title="bbox 742 476 2320 562">
    <p class='ocr_par' dir='ltr' id='par_1_3' title="bbox 742 476 2320 562">
     <span class='ocr_line' id='line_1_3' title="bbox 742 476 2320 562; baseline -0.018 -11"><span class='ocrx_word' id='word_1_16' title='bbox 742 491 1049 562; x_wconf 85' lang='lat' dir='ltr'><strong>oerstringit</strong></span> <span class='ocrx_word' id='word_1_17' title='bbox 1071 489 1255 544; x_wconf 90' lang='lat' dir='ltr'><strong>dicens</strong></span> <span class='ocrx_word' id='word_1_18' title='bbox 1279 508 1293 544; x_wconf 85' lang='lat'><strong>;</strong></span> <span class='ocrx_word' id='word_1_19' title='bbox 1317 487 1406 540; x_wconf 75' lang='lat' dir='ltr'><strong>i7.</strong></span> <span class='ocrx_word' id='word_1_20' title='bbox 1440 481 1544 539; x_wconf 83' lang='lat' dir='ltr'><strong>Sed</strong></span> <span class='ocrx_word' id='word_1_21' title='bbox 1575 480 1792 534; x_wconf 81' lang='lat' dir='ltr'><strong>adducet</strong></span> <span class='ocrx_word' id='word_1_22' title='bbox 1838 476 1970 530; x_wconf 88' lang='lat' dir='ltr'><strong>Deus</strong></span> <span class='ocrx_word' id='word_1_23' title='bbox 1997 488 2148 542; x_wconf 89' lang='lat' dir='ltr'><strong>super</strong></span> <span class='ocrx_word' id='word_1_24' title='bbox 2175 480 2243 562; x_wconf 87' lang='lat' dir='ltr'><strong>te,</strong></span> <span class='ocrx_word' id='word_1_25' title='bbox 2272 476 2320 522; x_wconf 84' lang='lat' dir='ltr'><strong>et</strong></span> 
     </span>
    </p>
   </div>
   <div class='ocr_carea' id='block_1_4' title="bbox 738 561 2316 655">
    <p class='ocr_par' dir='ltr' id='par_1_4' title="bbox 738 561 2316 655">
     <span class='ocr_line' id='line_1_4' title="bbox 738 561 2316 655; baseline -0.017 -15"><span class='ocrx_word' id='word_1_26' title='bbox 738 601 891 655; x_wconf 86' lang='lat' dir='ltr'><strong>super</strong></span> <span class='ocrx_word' id='word_1_27' title='bbox 911 561 1156 655; x_wconf 71' lang='lat' dir='ltr'><strong>populum</strong></span> <span class='ocrx_word' id='word_1_28' title='bbox 1183 589 1358 644; x_wconf 85' lang='lat' dir='ltr'><strong>tuum,</strong></span> <span class='ocrx_word' id='word_1_29' title='bbox 1399 584 1448 631; x_wconf 87' lang='lat' dir='ltr'><strong>et</strong></span> <span class='ocrx_word' id='word_1_30' title='bbox 1485 589 1636 644; x_wconf 86' lang='lat' dir='ltr'><strong>super</strong></span> <span class='ocrx_word' id='word_1_31' title='bbox 1671 569 1872 624; x_wconf 85' lang='lat' dir='ltr'><strong>domum</strong></span> <span class='ocrx_word' id='word_1_32' title='bbox 1903 565 2058 638; x_wconf 86' lang='lat' dir='ltr'><strong>patris</strong></span> <span class='ocrx_word' id='word_1_33' title='bbox 2080 563 2151 617; x_wconf 90' lang='lat' dir='ltr'><strong>tui</strong></span> <span class='ocrx_word' id='word_1_34' title='bbox 2180 561 2316 624; x_wconf 83' lang='lat' dir='ltr'><strong>dies,</strong></span> 
     </span>
    </p>
   </div>
   <div class='ocr_carea' id='block_1_5' title="bbox 737 655 2321 744">
    <p class='ocr_par' dir='ltr' id='par_1_5' title="bbox 737 655 2321 744">
     <span class='ocr_line' id='line_1_5' title="bbox 737 655 2321 744; baseline -0.014 -17"><span class='ocrx_word' id='word_1_35' title='bbox 737 679 825 744; x_wconf 85' lang='lat' dir='ltr'><strong>qui</strong></span> <span class='ocrx_word' id='word_1_36' title='bbox 866 675 1088 730; x_wconf 86' lang='lat' dir='ltr'><strong>nondum</strong></span> <span class='ocrx_word' id='word_1_37' title='bbox 1126 678 1363 728; x_wconf 79' lang='lat' dir='ltr'><strong>uenerunt</strong></span> <span class='ocrx_word' id='word_1_38' title='bbox 1401 683 1465 723; x_wconf 81' lang='lat' dir='ltr'><strong>ea:</strong></span> <span class='ocrx_word' id='word_1_39' title='bbox 1505 682 1602 735; x_wconf 90' lang='lat' dir='ltr'><strong>quo</strong></span> <span class='ocrx_word' id='word_1_40' title='bbox 1645 664 1726 719; x_wconf 85' lang='lat' dir='ltr'><strong>die</strong></span> <span class='ocrx_word' id='word_1_41' title='bbox 1762 659 1966 715; x_wconf 80' lang='lat' dir='ltr'><strong>abstulit</strong></span> <span class='ocrx_word' id='word_1_42' title='bbox 2005 655 2250 744; x_wconf 84' lang='lat' dir='ltr'><strong>Ephraim</strong></span> <span class='ocrx_word' id='word_1_43' title='bbox 2289 669 2321 705; x_wconf 91' lang='lat' dir='ltr'><strong>a</strong></span> 
     </span>
    </p>
   </div>
   <div class='ocr_carea' id='block_1_6' title="bbox 741 743 2321 834">
    <p class='ocr_par' dir='ltr' id='par_1_6' title="bbox 741 743 2321 834">
     <span class='ocr_line' id='line_1_6' title="bbox 741 743 2321 834; baseline -0.015 -14"><span class='ocrx_word' id='word_1_44' title='bbox 741 743 881 819; x_wconf 56' lang='lat' dir='ltr'><strong>Iuda</strong></span> <span class='ocrx_word' id='word_1_45' title='bbox 908 781 1071 834; x_wconf 84' lang='lat' dir='ltr'><strong><em>regem</em></strong></span> <span class='ocrx_word' id='word_1_46' title='bbox 1099 762 1438 832; x_wconf 72' lang='lat' dir='ltr'><strong>Assyriorum.</strong></span> <span class='ocrx_word' id='word_1_47' title='bbox 1465 757 1567 812; x_wconf 87' lang='lat' dir='ltr'><strong>Per</strong></span> <span class='ocrx_word' id='word_1_48' title='bbox 1596 755 1710 809; x_wconf 67' lang='lat' dir='ltr'><strong>hinc</strong></span> <span class='ocrx_word' id='word_1_49' title='bbox 1737 751 1876 807; x_wconf 89' lang='lat' dir='ltr'><strong>enim</strong></span> <span class='ocrx_word' id='word_1_50' title='bbox 1908 748 2105 802; x_wconf 78' lang='lat' dir='ltr'><strong>indicat</strong></span> <span class='ocrx_word' id='word_1_51' title='bbox 2129 743 2321 799; x_wconf 85' lang='lat' dir='ltr'><strong>barba-</strong></span> 
     </span>
    </p>
   </div>
   <div class='ocr_carea' id='block_1_7' title="bbox 744 836 2320 923">
    <p class='ocr_par' dir='ltr' id='par_1_7' title="bbox 744 836 2320 923">
     <span class='ocr_line' id='line_1_7' title="bbox 744 836 2320 923; baseline -0.015 -11"><span class='ocrx_word' id='word_1_52' title='bbox 744 872 924 912; x_wconf 87' lang='lat' dir='ltr'><strong>rorum</strong></span> <span class='ocrx_word' id='word_1_53' title='bbox 957 855 1324 923; x_wconf 88' lang='lat' dir='ltr'><strong>irruptionem,</strong></span> <span class='ocrx_word' id='word_1_54' title='bbox 1355 865 1460 921; x_wconf 81' lang='lat' dir='ltr'><strong>qua</strong></span> <span class='ocrx_word' id='word_1_55' title='bbox 1483 847 1668 902; x_wconf 83' lang='lat' dir='ltr'><strong>urbem</strong></span> <span class='ocrx_word' id='word_1_56' title='bbox 1697 859 1728 898; x_wconf 92' lang='lat' dir='ltr'><strong>a</strong></span> <span class='ocrx_word' id='word_1_57' title='bbox 1755 837 2114 896; x_wconf 77' lang='lat' dir='ltr'><strong>fundamentis</strong></span> <span class='ocrx_word' id='word_1_58' title='bbox 2141 836 2320 891; x_wconf 89' lang='lat' dir='ltr'><strong>dirue-</strong></span> 
     </span>
    </p>
   </div>
   <div class='ocr_carea' id='block_1_8' title="bbox 741 926 2321 1016">
    <p class='ocr_par' dir='ltr' id='par_1_8' title="bbox 741 926 2321 1016">
     <span class='ocr_line' id='line_1_8' title="bbox 741 926 2321 1016; baseline -0.015 -14"><span class='ocrx_word' id='word_1_59' title='bbox 741 956 887 1008; x_wconf 82' lang='lat' dir='ltr'><strong>runt,</strong></span> <span class='ocrx_word' id='word_1_60' title='bbox 918 946 1151 1016; x_wconf 79' lang='lat' dir='ltr'><strong>ipsisque</strong></span> <span class='ocrx_word' id='word_1_61' title='bbox 1177 945 1228 998; x_wconf 93' lang='lat' dir='ltr'><strong>in</strong></span> <span class='ocrx_word' id='word_1_62' title='bbox 1257 941 1610 1011; x_wconf 72' lang='lat' dir='ltr'><strong>captivitatem</strong></span> <span class='ocrx_word' id='word_1_63' title='bbox 1642 934 1878 1004; x_wconf 80' lang='lat' dir='ltr'><strong>abreptis</strong></span> <span class='ocrx_word' id='word_1_64' title='bbox 1902 931 2166 985; x_wconf 88' lang='lat' dir='ltr'><strong>abierunt.</strong></span> <span class='ocrx_word' id='word_1_65' title='bbox 2198 926 2321 981; x_wconf 79' lang='lat' dir='ltr'><strong>Haec</strong></span> 
     </span>
    </p>
   </div>
   <div class='ocr_carea' id='block_1_9' title="bbox 745 1022 2320 1105">
    <p class='ocr_par' dir='ltr' id='par_1_9' title="bbox 745 1022 2320 1105">
     <span class='ocr_line' id='line_1_9' title="bbox 745 1022 2320 1105; baseline -0.013 -15"><span class='ocrx_word' id='word_1_66' title='bbox 745 1051 874 1092; x_wconf 87' lang='lat' dir='ltr'><strong>vero</strong></span> <span class='ocrx_word' id='word_1_67' title='bbox 903 1035 1162 1105; x_wconf 82' lang='lat' dir='ltr'><strong>praedicit,</strong></span> <span class='ocrx_word' id='word_1_68' title='bbox 1205 1047 1308 1086; x_wconf 94' lang='lat' dir='ltr'><strong>non</strong></span> <span class='ocrx_word' id='word_1_69' title='bbox 1339 1039 1397 1084; x_wconf 88' lang='lat' dir='ltr'><strong>ut</strong></span> <span class='ocrx_word' id='word_1_70' title='bbox 1436 1028 1705 1091; x_wconf 80' lang='lat' dir='ltr'><strong>eveniant,</strong></span> <span class='ocrx_word' id='word_1_71' title='bbox 1737 1022 1830 1078; x_wconf 91' lang='lat' dir='ltr'><strong>sed</strong></span> <span class='ocrx_word' id='word_1_72' title='bbox 1862 1029 1919 1076; x_wconf 92' lang='lat' dir='ltr'><strong>ut</strong></span> <span class='ocrx_word' id='word_1_73' title='bbox 1947 1028 2089 1076; x_wconf 92' lang='lat' dir='ltr'><strong>metu</strong></span> <span class='ocrx_word' id='word_1_74' title='bbox 2117 1025 2320 1084; x_wconf 87' lang='lat' dir='ltr'><strong>tempe-</strong></span> 
     </span>
    </p>
   </div>
   <div class='ocr_carea' id='block_1_10' title="bbox 751 1108 2323 1188">
    <p class='ocr_par' dir='ltr' id='par_1_10' title="bbox 751 1108 2323 1188">
     <span class='ocr_line' id='line_1_10' title="bbox 751 1108 2323 1188; baseline -0.015 -7"><span class='ocrx_word' id='word_1_75' title='bbox 751 1126 1012 1181; x_wconf 89' lang='lat' dir='ltr'><strong>rantiores</strong></span> <span class='ocrx_word' id='word_1_76' title='bbox 1037 1124 1180 1188; x_wconf 91' lang='lat' dir='ltr'><strong>facti,</strong></span> <span class='ocrx_word' id='word_1_77' title='bbox 1205 1119 1669 1176; x_wconf 90' lang='lat' dir='ltr'><strong>comminationem</strong></span> <span class='ocrx_word' id='word_1_78' title='bbox 1693 1113 1990 1182; x_wconf 89' lang='lat' dir='ltr'><strong>depulsent.</strong></span> <span class='ocrx_word' id='word_1_79' title='bbox 2010 1108 2142 1176; x_wconf 86' lang='lat' dir='ltr'><strong>Quia</strong></span> <span class='ocrx_word' id='word_1_80' title='bbox 2165 1119 2323 1176; x_wconf 91' lang='lat' dir='ltr'><strong>porro</strong></span> 
     </span>
    </p>
   </div>
   <div class='ocr_carea' id='block_1_11' title="bbox 749 1197 2321 1285">
    <p class='ocr_par' dir='ltr' id='par_1_11' title="bbox 749 1197 2321 1285">
     <span class='ocr_line' id='line_1_11' title="bbox 749 1197 2321 1285; baseline -0.016 -14"><span class='ocrx_word' id='word_1_81' title='bbox 749 1231 924 1285; x_wconf 85' lang='lat' dir='ltr'><strong>neque</strong></span> <span class='ocrx_word' id='word_1_82' title='bbox 948 1231 1011 1268; x_wconf 91' lang='lat' dir='ltr'><strong>ex</strong></span> <span class='ocrx_word' id='word_1_83' title='bbox 1033 1213 1203 1277; x_wconf 88' lang='lat' dir='ltr'><strong>bonis,</strong></span> <span class='ocrx_word' id='word_1_84' title='bbox 1227 1226 1345 1281; x_wconf 67' lang='lat' dir='ltr'><strong>quae</strong></span> <span class='ocrx_word' id='word_1_85' title='bbox 1366 1218 1560 1280; x_wconf 60' lang='lat' dir='ltr'><strong>praeter</strong></span> <span class='ocrx_word' id='word_1_86' title='bbox 1580 1205 1824 1260; x_wconf 89' lang='lat' dir='ltr'><strong>meritum</strong></span> <span class='ocrx_word' id='word_1_87' title='bbox 1846 1197 2156 1267; x_wconf 85' lang='lat' dir='ltr'><strong>consequuti</strong></span> <span class='ocrx_word' id='word_1_88' title='bbox 2178 1201 2321 1261; x_wconf 89' lang='lat' dir='ltr'><strong>sunt,</strong></span> 
     </span>
    </p>
   </div>
   <div class='ocr_carea' id='block_1_12' title="bbox 749 1285 2324 1368">
    <p class='ocr_par' dir='ltr' id='par_1_12' title="bbox 749 1285 2324 1368">
     <span class='ocr_line' id='line_1_12' title="bbox 749 1285 2324 1368; baseline -0.015 -6"><span class='ocrx_word' id='word_1_89' title='bbox 749 1306 997 1362; x_wconf 76' lang='lat' dir='ltr'><strong>meliores</strong></span> <span class='ocrx_word' id='word_1_90' title='bbox 1023 1312 1146 1358; x_wconf 90' lang='lat' dir='ltr'><strong>sunt</strong></span> <span class='ocrx_word' id='word_1_91' title='bbox 1169 1301 1341 1357; x_wconf 81' lang='lat' dir='ltr'><strong>effecti</strong></span> <span class='ocrx_word' id='word_1_92' title='bbox 1370 1296 1534 1368; x_wconf 90' lang='lat' dir='ltr'><strong>(quod</strong></span> <span class='ocrx_word' id='word_1_93' title='bbox 1559 1296 1700 1353; x_wconf 91' lang='lat' dir='ltr'><strong>enim</strong></span> <span class='ocrx_word' id='word_1_94' title='bbox 1728 1301 1922 1366; x_wconf 64' lang='lat' dir='ltr'><strong>praeter</strong></span> <span class='ocrx_word' id='word_1_95' title='bbox 1943 1290 2188 1344; x_wconf 89' lang='lat' dir='ltr'><strong>meritum</strong></span> <span class='ocrx_word' id='word_1_96' title='bbox 2211 1285 2324 1340; x_wconf 67' lang='lat' dir='ltr'><strong>haec</strong></span> 
     </span>
    </p>
   </div>
   <div class='ocr_carea' id='block_1_13' title="bbox 754 1377 2325 1464">
    <p class='ocr_par' dir='ltr' id='par_1_13' title="bbox 754 1377 2325 1464">
     <span class='ocr_line' id='line_1_13' title="bbox 754 1377 2325 1464; baseline -0.013 -15"><span class='ocrx_word' id='word_1_97' title='bbox 754 1393 1061 1464; x_wconf 89' lang='lat' dir='ltr'><strong>consequuti</strong></span> <span class='ocrx_word' id='word_1_98' title='bbox 1092 1393 1231 1456; x_wconf 91' lang='lat' dir='ltr'><strong>sint,</strong></span> <span class='ocrx_word' id='word_1_99' title='bbox 1263 1387 1495 1444; x_wconf 87' lang='lat' dir='ltr'><strong>ostendit</strong></span> <span class='ocrx_word' id='word_1_100' title='bbox 1521 1388 1659 1457; x_wconf 87' lang='lat' dir='ltr'><strong>regis</strong></span> <span class='ocrx_word' id='word_1_101' title='bbox 1685 1385 1894 1440; x_wconf 90' lang='lat' dir='ltr'><strong>animus</strong></span> <span class='ocrx_word' id='word_1_102' title='bbox 1936 1390 1990 1437; x_wconf 78' lang='lat' dir='ltr'><strong>et</strong></span> <span class='ocrx_word' id='word_1_103' title='bbox 2031 1380 2216 1449; x_wconf 89' lang='lat' dir='ltr'><strong>ingens</strong></span> <span class='ocrx_word' id='word_1_104' title='bbox 2242 1377 2325 1430; x_wconf 91' lang='lat' dir='ltr'><strong>in-</strong></span> 
     </span>
    </p>
   </div>
   <div class='ocr_carea' id='block_1_14' title="bbox 753 1468 2327 1553">
    <p class='ocr_par' dir='ltr' id='par_1_14' title="bbox 753 1468 2327 1553">
     <span class='ocr_line' id='line_1_14' title="bbox 753 1468 2327 1553; baseline -0.01 -14"><span class='ocrx_word' id='word_1_105' title='bbox 753 1482 1098 1553; x_wconf 90' lang='lat' dir='ltr'><strong>credulitas),</strong></span> <span class='ocrx_word' id='word_1_106' title='bbox 1145 1495 1317 1552; x_wconf 88' lang='lat' dir='ltr'><strong>neque</strong></span> <span class='ocrx_word' id='word_1_107' title='bbox 1345 1479 1659 1535; x_wconf 86' lang='lat' dir='ltr'><strong>terribilium</strong></span> <span class='ocrx_word' id='word_1_108' title='bbox 1700 1473 2109 1531; x_wconf 89' lang='lat' dir='ltr'><strong>comminatione</strong></span> <span class='ocrx_word' id='word_1_109' title='bbox 2139 1468 2327 1524; x_wconf 89' lang='lat' dir='ltr'><strong>mutati</strong></span> 
     </span>
    </p>
   </div>
   <div class='ocr_carea' id='block_1_15' title="bbox 750 1563 2330 1641">
    <p class='ocr_par' dir='ltr' id='par_1_15' title="bbox 750 1563 2330 1641">
     <span class='ocr_line' id='line_1_15' title="bbox 750 1563 2330 1641; baseline -0.008 -13"><span class='ocrx_word' id='word_1_110' title='bbox 750 1582 920 1638; x_wconf 87' lang='lat' dir='ltr'><strong>sunt,</strong></span> <span class='ocrx_word' id='word_1_111' title='bbox 973 1572 1067 1628; x_wconf 89' lang='lat' dir='ltr'><strong>sed</strong></span> <span class='ocrx_word' id='word_1_112' title='bbox 1121 1571 1332 1641; x_wconf 84' lang='lat' dir='ltr'><strong>utrique</strong></span> <span class='ocrx_word' id='word_1_113' title='bbox 1377 1569 1594 1624; x_wconf 90' lang='lat' dir='ltr'><strong>salutari</strong></span> <span class='ocrx_word' id='word_1_114' title='bbox 1644 1567 1929 1637; x_wconf 89' lang='lat' dir='ltr'><strong>pharmaco</strong></span> <span class='ocrx_word' id='word_1_115' title='bbox 1985 1563 2330 1618; x_wconf 85' lang='lat' dir='ltr'><strong>vehementer</strong></span> 
     </span>
    </p>
   </div>
   <div class='ocr_carea' id='block_1_16' title="bbox 752 1649 2328 1729">
    <p class='ocr_par' dir='ltr' id='par_1_16' title="bbox 752 1649 2328 1729">
     <span class='ocr_line' id='line_1_16' title="bbox 752 1649 2328 1729; baseline -0.01 -12"><span class='ocrx_word' id='word_1_116' title='bbox 752 1663 1089 1729; x_wconf 90' lang='lat' dir='ltr'><strong>obstiterunt,</strong></span> <span class='ocrx_word' id='word_1_117' title='bbox 1119 1661 1406 1717; x_wconf 87' lang='lat' dir='ltr'><strong>sectionem</strong></span> <span class='ocrx_word' id='word_1_118' title='bbox 1433 1658 1646 1714; x_wconf 91' lang='lat' dir='ltr'><strong>demum</strong></span> <span class='ocrx_word' id='word_1_119' title='bbox 1675 1653 2067 1726; x_wconf 80' lang='lat' dir='ltr'><strong>profundiorem</strong></span> <span class='ocrx_word' id='word_1_120' title='bbox 2097 1649 2284 1720; x_wconf 88' lang='lat' dir='ltr'><strong>infligit</strong></span> <span class='ocrx_word' id='word_1_121' title='bbox 2311 1687 2328 1712; x_wconf 92' lang='lat'><strong>,</strong></span> 
     </span>
    </p>
   </div>
   <div class='ocr_carea' id='block_1_17' title="bbox 756 1741 2332 1825">
    <p class='ocr_par' dir='ltr' id='par_1_17' title="bbox 756 1741 2332 1825">
     <span class='ocr_line' id='line_1_17' title="bbox 756 1741 2332 1825; baseline -0.01 -16"><span class='ocrx_word' id='word_1_122' title='bbox 756 1754 1075 1809; x_wconf 89' lang='lat' dir='ltr'><strong>exscindens</strong></span> <span class='ocrx_word' id='word_1_123' title='bbox 1123 1752 1386 1825; x_wconf 90' lang='lat' dir='ltr'><strong>putridum</strong></span> <span class='ocrx_word' id='word_1_124' title='bbox 1431 1750 1600 1815; x_wconf 91' lang='lat' dir='ltr'><strong>ulcus,</strong></span> <span class='ocrx_word' id='word_1_125' title='bbox 1649 1757 1702 1805; x_wconf 90' lang='lat' dir='ltr'><strong>et</strong></span> <span class='ocrx_word' id='word_1_126' title='bbox 1745 1744 2114 1802; x_wconf 87' lang='lat' dir='ltr'><strong>immedicabili</strong></span> <span class='ocrx_word' id='word_1_127' title='bbox 2145 1741 2332 1796; x_wconf 91' lang='lat' dir='ltr'><strong>morbo</strong></span> 
     </span>
    </p>
   </div>
   <div class='ocr_carea' id='block_1_18' title="bbox 755 1832 2335 1909">
    <p class='ocr_par' dir='ltr' id='par_1_18' title="bbox 755 1832 2335 1909">
     <span class='ocr_line' id='line_1_18' title="bbox 755 1832 2335 1909; baseline -0.011 -7"><span class='ocrx_word' id='word_1_128' title='bbox 755 1847 1064 1902; x_wconf 87' lang='lat' dir='ltr'><strong>laborantes</strong></span> <span class='ocrx_word' id='word_1_129' title='bbox 1089 1859 1356 1900; x_wconf 87' lang='lat' dir='ltr'><strong>resecans.</strong></span> <span class='ocrx_word' id='word_1_130' title='bbox 1389 1841 1524 1909; x_wconf 86' lang='lat' dir='ltr'><strong>Quid</strong></span> <span class='ocrx_word' id='word_1_131' title='bbox 1561 1841 1658 1896; x_wconf 89' lang='lat' dir='ltr'><strong>sibi</strong></span> <span class='ocrx_word' id='word_1_132' title='bbox 1689 1839 1802 1893; x_wconf 83' lang='lat' dir='ltr'><strong>vult</strong></span> <span class='ocrx_word' id='word_1_133' title='bbox 1831 1836 1989 1902; x_wconf 91' lang='lat' dir='ltr'><strong>illud,</strong></span> <span class='ocrx_word' id='word_1_134' title='bbox 2022 1835 2102 1888; x_wconf 76' lang='lat' dir='ltr'><strong>Ea:</strong></span> <span class='ocrx_word' id='word_1_135' title='bbox 2129 1849 2226 1904; x_wconf 89' lang='lat' dir='ltr'><strong>quo</strong></span> <span class='ocrx_word' id='word_1_136' title='bbox 2251 1832 2335 1886; x_wconf 83' lang='lat' dir='ltr'><strong>die</strong></span> 
     </span>
    </p>
   </div>
   <div class='ocr_carea' id='block_1_19' title="bbox 760 1925 2334 2006">
    <p class='ocr_par' dir='ltr' id='par_1_19' title="bbox 760 1925 2334 2006">
     <span class='ocr_line' id='line_1_19' title="bbox 760 1925 2334 2006; baseline -0.007 -16"><span class='ocrx_word' id='word_1_137' title='bbox 760 1937 960 1991; x_wconf 81' lang='lat' dir='ltr'><strong>abstulit</strong></span> <span class='ocrx_word' id='word_1_138' title='bbox 989 1935 1236 2006; x_wconf 81' lang='lat' dir='ltr'><strong>Ephraim</strong></span> <span class='ocrx_word' id='word_1_139' title='bbox 1268 1951 1300 1988; x_wconf 92' lang='lat' dir='ltr'><strong>a</strong></span> <span class='ocrx_word' id='word_1_140' title='bbox 1334 1932 1369 1988; x_wconf 84' lang='lat' dir='ltr'><strong><em>J</em></strong></span> <span class='ocrx_word' id='word_1_141' title='bbox 1375 1934 1480 1987; x_wconf 88' lang='lat' dir='ltr'><strong>uda</strong></span> <span class='ocrx_word' id='word_1_142' title='bbox 1501 1948 1663 2002; x_wconf 83' lang='lat' dir='ltr'><strong>regem</strong></span> <span class='ocrx_word' id='word_1_143' title='bbox 1706 1926 2064 1999; x_wconf 76' lang='lat' dir='ltr'><strong>Assyriorum?</strong></span> <span class='ocrx_word' id='word_1_144' title='bbox 2091 1925 2334 1994; x_wconf 85' lang='lat' dir='ltr'><strong>lrrupcre</strong></span> 
     </span>
    </p>
   </div>
   <div class='ocr_carea' id='block_1_20' title="bbox 760 2014 2338 2087">
    <p class='ocr_par' dir='ltr' id='par_1_20' title="bbox 760 2014 2338 2087">
     <span class='ocr_line' id='line_1_20' title="bbox 760 2014 2338 2087; baseline -0.008 -6"><span class='ocrx_word' id='word_1_145' title='bbox 760 2027 972 2082; x_wconf 87' lang='lat' dir='ltr'><strong>barbari</strong></span> <span class='ocrx_word' id='word_1_146' title='bbox 1014 2027 1131 2080; x_wconf 90' lang='lat' dir='ltr'><strong>illos</strong></span> <span class='ocrx_word' id='word_1_147' title='bbox 1168 2040 1352 2080; x_wconf 89' lang='lat' dir='ltr'><strong>omnes</strong></span> <span class='ocrx_word' id='word_1_148' title='bbox 1390 2021 1699 2087; x_wconf 86' lang='lat' dir='ltr'><strong>abducturi;</strong></span> <span class='ocrx_word' id='word_1_149' title='bbox 1749 2019 1844 2075; x_wconf 90' lang='lat' dir='ltr'><strong>sed</strong></span> <span class='ocrx_word' id='word_1_150' title='bbox 1887 2017 2098 2072; x_wconf 89' lang='lat' dir='ltr'><strong>omissis</strong></span> <span class='ocrx_word' id='word_1_151' title='bbox 2121 2014 2253 2069; x_wconf 85' lang='lat' dir='ltr'><strong>Juda</strong></span> <span class='ocrx_word' id='word_1_152' title='bbox 2280 2023 2338 2070; x_wconf 90' lang='lat' dir='ltr'><strong>et</strong></span> 
     </span>
    </p>
   </div>
   <div class='ocr_carea' id='block_1_21' title="bbox 762 2103 2335 2179">
    <p class='ocr_par' dir='ltr' id='par_1_21' title="bbox 762 2103 2335 2179">
     <span class='ocr_line' id='line_1_21' title="bbox 762 2103 2335 2179; baseline -0.008 -8"><span class='ocrx_word' id='word_1_153' title='bbox 762 2117 967 2171; x_wconf 88' lang='lat' dir='ltr'><strong>duabus</strong></span> <span class='ocrx_word' id='word_1_154' title='bbox 999 2115 1239 2171; x_wconf 83' lang='lat' dir='ltr'><strong>tribubus</strong></span> <span class='ocrx_word' id='word_1_155' title='bbox 1259 2155 1273 2179; x_wconf 91' lang='lat'><strong>,</strong></span> <span class='ocrx_word' id='word_1_156' title='bbox 1319 2125 1502 2170; x_wconf 88' lang='lat' dir='ltr'><strong>contra</strong></span> <span class='ocrx_word' id='word_1_157' title='bbox 1538 2110 1698 2166; x_wconf 86' lang='lat' dir='ltr'><strong>Israel</strong></span> <span class='ocrx_word' id='word_1_158' title='bbox 1741 2107 1982 2164; x_wconf 81' lang='lat' dir='ltr'><strong>conversi</strong></span> <span class='ocrx_word' id='word_1_159' title='bbox 2013 2113 2154 2160; x_wconf 91' lang='lat' dir='ltr'><strong>sunt.</strong></span> <span class='ocrx_word' id='word_1_160' title='bbox 2183 2103 2335 2169; x_wconf 82' lang='lat' dir='ltr'><strong>Quod</strong></span> 
     </span>
    </p>
   </div>
   <div class='ocr_carea' id='block_1_22' title="bbox 763 2195 2336 2278">
    <p class='ocr_par' dir='ltr' id='par_1_22' title="bbox 763 2195 2336 2278">
     <span class='ocr_line' id='line_1_22' title="bbox 763 2195 2336 2278; baseline -0.008 -17"><span class='ocrx_word' id='word_1_161' title='bbox 763 2207 925 2278; x_wconf 77' lang='lat' dir='ltr'><strong>igitur</strong></span> <span class='ocrx_word' id='word_1_162' title='bbox 951 2206 1107 2274; x_wconf 87' lang='lat' dir='ltr'><strong>dicit,</strong></span> <span class='ocrx_word' id='word_1_163' title='bbox 1154 2205 1254 2260; x_wconf 90' lang='lat' dir='ltr'><strong>hoc</strong></span> <span class='ocrx_word' id='word_1_164' title='bbox 1284 2203 1469 2260; x_wconf 78' lang='lat' dir='ltr'><strong>estzA</strong></span> <span class='ocrx_word' id='word_1_165' title='bbox 1504 2202 1590 2256; x_wconf 92' lang='lat' dir='ltr'><strong>die</strong></span> <span class='ocrx_word' id='word_1_166' title='bbox 1636 2201 1746 2265; x_wconf 92' lang='lat' dir='ltr'><strong>illo,</strong></span> <span class='ocrx_word' id='word_1_167' title='bbox 1793 2212 1896 2268; x_wconf 91' lang='lat' dir='ltr'><strong>quo</strong></span> <span class='ocrx_word' id='word_1_168' title='bbox 1937 2197 2119 2252; x_wconf 89' lang='lat' dir='ltr'><strong>decem</strong></span> <span class='ocrx_word' id='word_1_169' title='bbox 2171 2195 2336 2250; x_wconf 90' lang='lat' dir='ltr'><strong>tribus</strong></span> 
     </span>
    </p>
   </div>
   <div class='ocr_carea' id='block_1_23' title="bbox 762 2287 2337 2362">
    <p class='ocr_par' dir='ltr' id='par_1_23' title="bbox 762 2287 2337 2362">
     <span class='ocr_line' id='line_1_23' title="bbox 762 2287 2337 2362; baseline -0.008 -8"><span class='ocrx_word' id='word_1_170' title='bbox 762 2300 1108 2354; x_wconf 85' lang='lat' dir='ltr'><strong>barbarorum</strong></span> <span class='ocrx_word' id='word_1_171' title='bbox 1135 2298 1422 2353; x_wconf 90' lang='lat' dir='ltr'><strong>exercitum</strong></span> <span class='ocrx_word' id='word_1_172' title='bbox 1451 2295 1516 2349; x_wconf 88' lang='lat' dir='ltr'><strong>ad</strong></span> <span class='ocrx_word' id='word_1_173' title='bbox 1545 2310 1603 2350; x_wconf 89' lang='lat' dir='ltr'><strong>se</strong></span> <span class='ocrx_word' id='word_1_174' title='bbox 1647 2291 1979 2362; x_wconf 85' lang='lat' dir='ltr'><strong>pertrahcnt,</strong></span> <span class='ocrx_word' id='word_1_175' title='bbox 2011 2305 2039 2343; x_wconf 88' lang='lat' dir='ltr'><strong>a</strong></span> <span class='ocrx_word' id='word_1_176' title='bbox 2082 2287 2337 2356; x_wconf 89' lang='lat' dir='ltr'><strong>vobisque</strong></span> 
     </span>
    </p>
   </div>
   <div class='ocr_carea' id='block_1_24' title="bbox 762 2379 2341 2460">
    <p class='ocr_par' dir='ltr' id='par_1_24' title="bbox 762 2379 2341 2460">
     <span class='ocr_line' id='line_1_24' title="bbox 762 2379 2341 2460; baseline -0.009 -13"><span class='ocrx_word' id='word_1_177' title='bbox 762 2401 1024 2457; x_wconf 87' lang='lat' dir='ltr'><strong>avertent,</strong></span> <span class='ocrx_word' id='word_1_178' title='bbox 1060 2391 1129 2446; x_wconf 90' lang='lat' dir='ltr'><strong>ob</strong></span> <span class='ocrx_word' id='word_1_179' title='bbox 1157 2390 1355 2460; x_wconf 78' lang='lat' dir='ltr'><strong>peccati</strong></span> <span class='ocrx_word' id='word_1_180' title='bbox 1383 2388 1463 2443; x_wconf 92' lang='lat' dir='ltr'><strong>sui</strong></span> <span class='ocrx_word' id='word_1_181' title='bbox 1490 2383 1928 2456; x_wconf 76' lang='lat' dir='ltr'><strong>magnitudinem,</strong></span> <span class='ocrx_word' id='word_1_182' title='bbox 1960 2382 2128 2450; x_wconf 88' lang='lat' dir='ltr'><strong>iisque</strong></span> <span class='ocrx_word' id='word_1_183' title='bbox 2154 2379 2341 2434; x_wconf 84' lang='lat' dir='ltr'><strong>adver-</strong></span> 
     </span>
    </p>
   </div>
   <div class='ocr_carea' id='block_1_25' title="bbox 766 2473 2338 2543">
    <p class='ocr_par' dir='ltr' id='par_1_25' title="bbox 766 2473 2338 2543">
     <span class='ocr_line' id='line_1_25' title="bbox 766 2473 2338 2543; baseline -0.009 -5"><span class='ocrx_word' id='word_1_184' title='bbox 766 2498 858 2538; x_wconf 89' lang='lat' dir='ltr'><strong>sus</strong></span> <span class='ocrx_word' id='word_1_185' title='bbox 883 2499 941 2539; x_wconf 89' lang='lat' dir='ltr'><strong>se</strong></span> <span class='ocrx_word' id='word_1_186' title='bbox 965 2483 1198 2539; x_wconf 84' lang='lat' dir='ltr'><strong>evocatis</strong></span> <span class='ocrx_word' id='word_1_187' title='bbox 1221 2481 1462 2538; x_wconf 65' lang='lat' dir='ltr'><strong>abductae</strong></span> <span class='ocrx_word' id='word_1_188' title='bbox 1499 2487 1686 2536; x_wconf 91' lang='lat' dir='ltr'><strong>erunt:</strong></span> <span class='ocrx_word' id='word_1_189' title='bbox 1717 2477 1782 2532; x_wconf 90' lang='lat' dir='ltr'><strong>ab</strong></span> <span class='ocrx_word' id='word_1_190' title='bbox 1811 2476 1921 2540; x_wconf 93' lang='lat' dir='ltr'><strong>illo,</strong></span> <span class='ocrx_word' id='word_1_191' title='bbox 1954 2475 2189 2543; x_wconf 90' lang='lat' dir='ltr'><strong>inquam,</strong></span> <span class='ocrx_word' id='word_1_192' title='bbox 2221 2473 2338 2538; x_wconf 91' lang='lat' dir='ltr'><strong>die,</strong></span> 
     </span>
    </p>
   </div>
   <div class='ocr_carea' id='block_1_26' title="bbox 768 2564 2343 2638">
    <p class='ocr_par' dir='ltr' id='par_1_26' title="bbox 768 2564 2343 2638">
     <span class='ocr_line' id='line_1_26' title="bbox 768 2564 2343 2638; baseline -0.006 -12"><span class='ocrx_word' id='word_1_193' title='bbox 768 2575 955 2628; x_wconf 90' lang='lat' dir='ltr'><strong>timere</strong></span> <span class='ocrx_word' id='word_1_194' title='bbox 984 2583 1037 2628; x_wconf 91' lang='lat' dir='ltr'><strong>et</strong></span> <span class='ocrx_word' id='word_1_195' title='bbox 1063 2573 1345 2628; x_wconf 86' lang='lat' dir='ltr'><strong>formidare</strong></span> <span class='ocrx_word' id='word_1_196' title='bbox 1369 2571 1583 2627; x_wconf 88' lang='lat' dir='ltr'><strong>demum</strong></span> <span class='ocrx_word' id='word_1_197' title='bbox 1617 2575 1846 2638; x_wconf 83' lang='lat' dir='ltr'><strong>Oportet.</strong></span> <span class='ocrx_word' id='word_1_198' title='bbox 1886 2564 2158 2634; x_wconf 88' lang='lat' dir='ltr'><strong>Progressi</strong></span> <span class='ocrx_word' id='word_1_199' title='bbox 2188 2578 2343 2617; x_wconf 89' lang='lat' dir='ltr'><strong>nam-</strong></span> 
     </span>
    </p>
   </div>
   <div class='ocr_carea' id='block_1_27' title="bbox 769 2655 2340 2732">
    <p class='ocr_par' dir='ltr' id='par_1_27' title="bbox 769 2655 2340 2732">
     <span class='ocr_line' id='line_1_27' title="bbox 769 2655 2340 2732; baseline -0.003 -19"><span class='ocrx_word' id='word_1_200' title='bbox 769 2678 894 2732; x_wconf 89' lang='lat' dir='ltr'><strong>que,</strong></span> <span class='ocrx_word' id='word_1_201' title='bbox 927 2663 991 2716; x_wconf 91' lang='lat' dir='ltr'><strong>ad</strong></span> <span class='ocrx_word' id='word_1_202' title='bbox 1021 2678 1112 2716; x_wconf 77' lang='lat' dir='ltr'><strong>vos</strong></span> <span class='ocrx_word' id='word_1_203' title='bbox 1141 2662 1300 2716; x_wconf 90' lang='lat' dir='ltr'><strong>etiam</strong></span> <span class='ocrx_word' id='word_1_204' title='bbox 1329 2660 1578 2726; x_wconf 83' lang='lat' dir='ltr'><strong>venient,</strong></span> <span class='ocrx_word' id='word_1_205' title='bbox 1609 2658 1712 2713; x_wconf 89' lang='lat' dir='ltr'><strong>nisi</strong></span> <span class='ocrx_word' id='word_1_206' title='bbox 1743 2655 2081 2724; x_wconf 86' lang='lat' dir='ltr'><strong>resipiscatis.</strong></span> <span class='ocrx_word' id='word_1_207' title='bbox 2111 2655 2340 2723; x_wconf 85' lang='lat' dir='ltr'><strong>Aitque:</strong></span> 
     </span>
    </p>
   </div>
   <div class='ocr_carea' id='block_1_28' title="bbox 769 2745 2346 2807">
    <p class='ocr_par' dir='ltr' id='par_1_28' title="bbox 769 2745 2346 2807">
     <span class='ocr_line' id='line_1_28' title="bbox 769 2745 2346 2807; baseline -0.005 0"><span class='ocrx_word' id='word_1_208' title='bbox 769 2754 852 2807; x_wconf 81' lang='lat' dir='ltr'><strong>Ab</strong></span> <span class='ocrx_word' id='word_1_209' title='bbox 876 2752 965 2807; x_wconf 92' lang='lat' dir='ltr'><strong>illo</strong></span> <span class='ocrx_word' id='word_1_210' title='bbox 985 2753 1069 2807; x_wconf 90' lang='lat' dir='ltr'><strong>die</strong></span> <span class='ocrx_word' id='word_1_211' title='bbox 1089 2752 1315 2807; x_wconf 88' lang='lat' dir='ltr'><strong>adducet</strong></span> <span class='ocrx_word' id='word_1_212' title='bbox 1333 2766 1442 2807; x_wconf 88' lang='lat' dir='ltr'><strong>eos.</strong></span> <span class='ocrx_word' id='word_1_213' title='bbox 1465 2750 1577 2805; x_wconf 84' lang='lat' dir='ltr'><strong>Non</strong></span> <span class='ocrx_word' id='word_1_214' title='bbox 1598 2749 1740 2804; x_wconf 90' lang='lat' dir='ltr'><strong>enim</strong></span> <span class='ocrx_word' id='word_1_215' title='bbox 1766 2747 1923 2803; x_wconf 83' lang='lat' dir='ltr'><strong>simul</strong></span> <span class='ocrx_word' id='word_1_216' title='bbox 1949 2761 2068 2801; x_wconf 92' lang='lat' dir='ltr'><strong>cum</strong></span> <span class='ocrx_word' id='word_1_217' title='bbox 2096 2745 2346 2800; x_wconf 74' lang='lat' dir='ltr'><strong>Israelita:</strong></span> 
     </span>
    </p>
   </div>
   <div class='ocr_carea' id='block_1_29' title="bbox 773 2835 2348 2912">
    <p class='ocr_par' dir='ltr' id='par_1_29' title="bbox 773 2835 2348 2912">
     <span class='ocr_line' id='line_1_29' title="bbox 773 2835 2348 2912; baseline -0.004 -16"><span class='ocrx_word' id='word_1_218' title='bbox 773 2843 1161 2898; x_wconf 89' lang='lat' dir='ltr'><strong>abducerentur</strong></span> <span class='ocrx_word' id='word_1_219' title='bbox 1184 2884 1200 2910; x_wconf 94' lang='lat'><strong>,</strong></span> <span class='ocrx_word' id='word_1_220' title='bbox 1245 2843 1318 2898; x_wconf 91' lang='lat' dir='ltr'><strong>illi</strong></span> <span class='ocrx_word' id='word_1_221' title='bbox 1357 2841 1496 2912; x_wconf 88' lang='lat' dir='ltr'><strong>capti</strong></span> <span class='ocrx_word' id='word_1_222' title='bbox 1539 2848 1683 2909; x_wconf 87' lang='lat' dir='ltr'><strong>sunt,</strong></span> <span class='ocrx_word' id='word_1_223' title='bbox 1712 2837 1804 2895; x_wconf 90' lang='lat' dir='ltr'><strong>sed</strong></span> <span class='ocrx_word' id='word_1_224' title='bbox 1836 2851 2019 2908; x_wconf 83' lang='lat' dir='ltr'><strong>parum</strong></span> <span class='ocrx_word' id='word_1_225' title='bbox 2050 2835 2348 2891; x_wconf 89' lang='lat' dir='ltr'><strong>intercessit</strong></span> 
     </span>
    </p>
   </div>
   <div class='ocr_carea' id='block_1_30' title="bbox 773 2933 1047 3003">
    <p class='ocr_par' dir='ltr' id='par_1_30' title="bbox 773 2933 1047 3003">
     <span class='ocr_line' id='line_1_30' title="bbox 773 2933 1047 3003; baseline -0.007 -15"><span class='ocrx_word' id='word_1_226' title='bbox 773 2933 1047 3003; x_wconf 80' lang='lat' dir='ltr'><strong>temporis.</strong></span> 
     </span>
    </p>
   </div>
   <div class='ocr_carea' id='block_1_31' title="bbox 847 3016 2348 3093">
    <p class='ocr_par' dir='ltr' id='par_1_31' title="bbox 847 3016 2348 3093">
     <span class='ocr_line' id='line_1_31' title="bbox 847 3016 2348 3093; baseline -0.003 -17"><span class='ocrx_word' id='word_1_227' title='bbox 847 3023 900 3077; x_wconf 88' lang='lat'><strong>8.</strong></span> <span class='ocrx_word' id='word_1_228' title='bbox 929 3022 1078 3091; x_wconf 87' lang='lat' dir='ltr'><strong>Quod</strong></span> <span class='ocrx_word' id='word_1_229' title='bbox 1103 3023 1259 3093; x_wconf 88' lang='lat' dir='ltr'><strong>igitur</strong></span> <span class='ocrx_word' id='word_1_230' title='bbox 1287 3022 1431 3090; x_wconf 88' lang='lat' dir='ltr'><strong>dicit,</strong></span> <span class='ocrx_word' id='word_1_231' title='bbox 1456 3020 1560 3076; x_wconf 85' lang='lat' dir='ltr'><strong>hoc</strong></span> <span class='ocrx_word' id='word_1_232' title='bbox 1581 3030 1679 3086; x_wconf 90' lang='lat' dir='ltr'><strong>est,</strong></span> <span class='ocrx_word' id='word_1_233' title='bbox 1712 3019 1937 3076; x_wconf 81' lang='lat' dir='ltr'><strong>Decreto</strong></span> <span class='ocrx_word' id='word_1_234' title='bbox 1963 3031 2060 3073; x_wconf 91' lang='lat' dir='ltr'><strong>suo</strong></span> <span class='ocrx_word' id='word_1_235' title='bbox 2086 3024 2210 3072; x_wconf 89' lang='lat' dir='ltr'><strong>tunc</strong></span> <span class='ocrx_word' id='word_1_236' title='bbox 2234 3016 2348 3073; x_wconf 89' lang='lat' dir='ltr'><strong>dies</strong></span> 
     </span>
    </p>
   </div>
   <div class='ocr_carea' id='block_1_32' title="bbox 776 3108 2352 3182">
    <p class='ocr_par' dir='ltr' id='par_1_32' title="bbox 776 3108 2352 3182">
     <span class='ocr_line' id='line_1_32' title="bbox 776 3108 2352 3182; baseline -0.003 -15"><span class='ocrx_word' id='word_1_237' title='bbox 776 3111 894 3168; x_wconf 86' lang='lat' dir='ltr'><strong>illas</strong></span> <span class='ocrx_word' id='word_1_238' title='bbox 933 3113 1268 3170; x_wconf 86' lang='lat' dir='ltr'><strong>induxisset:</strong></span> <span class='ocrx_word' id='word_1_239' title='bbox 1294 3114 1388 3169; x_wconf 85' lang='lat' dir='ltr'><strong>sed</strong></span> <span class='ocrx_word' id='word_1_240' title='bbox 1429 3111 1770 3182; x_wconf 80' lang='lat' dir='ltr'><strong>exspectabat</strong></span> <span class='ocrx_word' id='word_1_241' title='bbox 1798 3111 1967 3177; x_wconf 88' lang='lat' dir='ltr'><strong>Deus,</strong></span> <span class='ocrx_word' id='word_1_242' title='bbox 2008 3118 2061 3164; x_wconf 91' lang='lat' dir='ltr'><strong>et</strong></span> <span class='ocrx_word' id='word_1_243' title='bbox 2093 3108 2352 3178; x_wconf 87' lang='lat' dir='ltr'><strong>patienter</strong></span> 
     </span>
    </p>
   </div>
   <div class='ocr_carea' id='block_1_33' title="bbox 779 3198 2351 3272">
    <p class='ocr_par' dir='ltr' id='par_1_33' title="bbox 779 3198 2351 3272">
     <span class='ocr_line' id='line_1_33' title="bbox 779 3198 2351 3272; baseline -0.001 -17"><span class='ocrx_word' id='word_1_244' title='bbox 779 3201 1002 3267; x_wconf 89' lang='lat' dir='ltr'><strong>ferebat,</strong></span> <span class='ocrx_word' id='word_1_245' title='bbox 1052 3204 1258 3257; x_wconf 85' lang='lat' dir='ltr'><strong>etiamsi</strong></span> <span class='ocrx_word' id='word_1_246' title='bbox 1303 3203 1410 3272; x_wconf 87' lang='lat' dir='ltr'><strong>jam</strong></span> <span class='ocrx_word' id='word_1_247' title='bbox 1459 3212 1582 3257; x_wconf 90' lang='lat' dir='ltr'><strong>tunc</strong></span> <span class='ocrx_word' id='word_1_248' title='bbox 1632 3211 1847 3271; x_wconf 90' lang='lat' dir='ltr'><strong>peccata</strong></span> <span class='ocrx_word' id='word_1_249' title='bbox 1893 3199 2150 3269; x_wconf 88' lang='lat' dir='ltr'><strong>supplicio</strong></span> <span class='ocrx_word' id='word_1_250' title='bbox 2195 3198 2351 3268; x_wconf 89' lang='lat' dir='ltr'><strong>digna</strong></span> 
     </span>
    </p>
   </div>
   <div class='ocr_carea' id='block_1_34' title="bbox 779 3291 2354 3364">
    <p class='ocr_par' dir='ltr' id='par_1_34' title="bbox 779 3291 2354 3364">
     <span class='ocr_line' id='line_1_34' title="bbox 779 3291 2354 3364; baseline -0.001 -17"><span class='ocrx_word' id='word_1_251' title='bbox 779 3303 986 3359; x_wconf 87' lang='lat' dir='ltr'><strong>essent;</strong></span> <span class='ocrx_word' id='word_1_252' title='bbox 1032 3294 1081 3348; x_wconf 91' lang='lat' dir='ltr'><strong>id</strong></span> <span class='ocrx_word' id='word_1_253' title='bbox 1109 3294 1246 3364; x_wconf 90' lang='lat' dir='ltr'><strong>quod</strong></span> <span class='ocrx_word' id='word_1_254' title='bbox 1275 3309 1414 3363; x_wconf 70' lang='lat' dir='ltr'><strong>smpe</strong></span> <span class='ocrx_word' id='word_1_255' title='bbox 1452 3293 1628 3348; x_wconf 89' lang='lat' dir='ltr'><strong>facere</strong></span> <span class='ocrx_word' id='word_1_256' title='bbox 1653 3291 1960 3355; x_wconf 87' lang='lat' dir='ltr'><strong>consuevit,</strong></span> <span class='ocrx_word' id='word_1_257' title='bbox 1989 3301 2044 3346; x_wconf 91' lang='lat' dir='ltr'><strong>ut</strong></span> <span class='ocrx_word' id='word_1_258' title='bbox 2070 3305 2190 3346; x_wconf 90' lang='lat' dir='ltr'><strong>cum</strong></span> <span class='ocrx_word' id='word_1_259' title='bbox 2220 3291 2354 3345; x_wconf 83' lang='lat' dir='ltr'><strong>assi-</strong></span> 
     </span>
    </p>
   </div>
   <div class='ocr_carea' id='block_1_35' title="bbox 781 3383 2352 3456">
    <p class='ocr_par' dir='ltr' id='par_1_35' title="bbox 781 3383 2352 3456">
     <span class='ocr_line' id='line_1_35' title="bbox 781 3383 2352 3456; baseline -0.001 -16"><span class='ocrx_word' id='word_1_260' title='bbox 781 3397 970 3456; x_wconf 84' lang='lat' dir='ltr'><strong>gnatus</strong></span> <span class='ocrx_word' id='word_1_261' title='bbox 999 3387 1111 3441; x_wconf 88' lang='lat' dir='ltr'><strong>dies</strong></span> <span class='ocrx_word' id='word_1_262' title='bbox 1152 3387 1452 3452; x_wconf 82' lang='lat' dir='ltr'><strong>advenerit,</strong></span> <span class='ocrx_word' id='word_1_263' title='bbox 1481 3385 1652 3442; x_wconf 88' lang='lat' dir='ltr'><strong>adhuc</strong></span> <span class='ocrx_word' id='word_1_264' title='bbox 1676 3383 2030 3454; x_wconf 88' lang='lat' dir='ltr'><strong>procrastinet</strong></span> <span class='ocrx_word' id='word_1_265' title='bbox 2055 3392 2108 3436; x_wconf 91' lang='lat' dir='ltr'><strong>et</strong></span> <span class='ocrx_word' id='word_1_266' title='bbox 2134 3391 2352 3438; x_wconf 87' lang='lat' dir='ltr'><strong>cuncte-</strong></span> 
     </span>
    </p>
   </div>
   <div class='ocr_carea' id='block_1_36' title="bbox 782 3475 2351 3548">
    <p class='ocr_par' dir='ltr' id='par_1_36' title="bbox 782 3475 2351 3548">
     <span class='ocr_line' id='line_1_36' title="bbox 782 3475 2351 3548; baseline -0.002 -16"><span class='ocrx_word' id='word_1_267' title='bbox 782 3487 896 3543; x_wconf 90' lang='lat' dir='ltr'><strong>tur;</strong></span> <span class='ocrx_word' id='word_1_268' title='bbox 938 3479 1077 3548; x_wconf 87' lang='lat' dir='ltr'><strong>qnod</strong></span> <span class='ocrx_word' id='word_1_269' title='bbox 1107 3489 1190 3534; x_wconf 85' lang='lat' dir='ltr'><strong>est</strong></span> <span class='ocrx_word' id='word_1_270' title='bbox 1237 3480 1522 3534; x_wconf 89' lang='lat' dir='ltr'><strong>maximum</strong></span> <span class='ocrx_word' id='word_1_271' title='bbox 1566 3477 1864 3532; x_wconf 81' lang='lat' dir='ltr'><strong>clementiae</strong></span> <span class='ocrx_word' id='word_1_272' title='bbox 1909 3476 2025 3545; x_wconf 84' lang='lat' dir='ltr'><strong>ejus</strong></span> <span class='ocrx_word' id='word_1_273' title='bbox 2067 3475 2351 3542; x_wconf 90' lang='lat' dir='ltr'><strong>indicium,</strong></span> 
     </span>
    </p>
   </div>
   <div class='ocr_carea' id='block_1_37' title="bbox 784 3565 2354 3637">
    <p class='ocr_par' dir='ltr' id='par_1_37' title="bbox 784 3565 2354 3637">
     <span class='ocr_line' id='line_1_37' title="bbox 784 3565 2354 3637; baseline -0.001 -18"><span class='ocrx_word' id='word_1_274' title='bbox 784 3582 989 3621; x_wconf 90' lang='lat' dir='ltr'><strong>necnon</strong></span> <span class='ocrx_word' id='word_1_275' title='bbox 1009 3579 1375 3637; x_wconf 84' lang='lat' dir='ltr'><strong>argumentum</strong></span> <span class='ocrx_word' id='word_1_276' title='bbox 1399 3568 1742 3637; x_wconf 89' lang='lat' dir='ltr'><strong>conspicuum</strong></span> <span class='ocrx_word' id='word_1_277' title='bbox 1764 3565 1949 3635; x_wconf 84' lang='lat' dir='ltr'><strong>ingrati</strong></span> <span class='ocrx_word' id='word_1_278' title='bbox 1971 3579 2155 3619; x_wconf 91' lang='lat' dir='ltr'><strong>eorum</strong></span> <span class='ocrx_word' id='word_1_279' title='bbox 2172 3565 2354 3629; x_wconf 91' lang='lat' dir='ltr'><strong>animi,</strong></span> 
     </span>
    </p>
   </div>
   <div class='ocr_carea' id='block_1_38' title="bbox 783 3654 2358 3727">
    <p class='ocr_par' dir='ltr' id='par_1_38' title="bbox 783 3654 2358 3727">
     <span class='ocr_line' id='line_1_38' title="bbox 783 3654 2358 3727; baseline 0 -17"><span class='ocrx_word' id='word_1_280' title='bbox 783 3657 874 3724; x_wconf 90' lang='lat' dir='ltr'><strong>qui</strong></span> <span class='ocrx_word' id='word_1_281' title='bbox 903 3657 1016 3726; x_wconf 92' lang='lat' dir='ltr'><strong>ejus</strong></span> <span class='ocrx_word' id='word_1_282' title='bbox 1058 3657 1378 3727; x_wconf 79' lang='lat' dir='ltr'><strong>indulgentia</strong></span> <span class='ocrx_word' id='word_1_283' title='bbox 1428 3659 1643 3722; x_wconf 89' lang='lat' dir='ltr'><strong>nolunt,</strong></span> <span class='ocrx_word' id='word_1_284' title='bbox 1674 3665 1732 3711; x_wconf 88' lang='lat' dir='ltr'><strong>ut</strong></span> <span class='ocrx_word' id='word_1_285' title='bbox 1764 3671 1858 3726; x_wconf 88' lang='lat' dir='ltr'><strong>par</strong></span> <span class='ocrx_word' id='word_1_286' title='bbox 1896 3664 2074 3721; x_wconf 89' lang='lat' dir='ltr'><strong>esset,</strong></span> <span class='ocrx_word' id='word_1_287' title='bbox 2120 3656 2213 3710; x_wconf 91' lang='lat' dir='ltr'><strong>uti.</strong></span> <span class='ocrx_word' id='word_1_288' title='bbox 2247 3654 2358 3710; x_wconf 87' lang='lat' dir='ltr'><strong>Hoc</strong></span> 
     </span>
    </p>
   </div>
   <div class='ocr_carea' id='block_1_39' title="bbox 786 3747 2354 3818">
    <p class='ocr_par' dir='ltr' id='par_1_39' title="bbox 786 3747 2354 3818">
     <span class='ocr_line' id='line_1_39' title="bbox 786 3747 2354 3818; baseline 0.001 -18"><span class='ocrx_word' id='word_1_289' title='bbox 786 3747 944 3816; x_wconf 88' lang='lat' dir='ltr'><strong>igitur</strong></span> <span class='ocrx_word' id='word_1_290' title='bbox 970 3748 1040 3802; x_wconf 86' lang='lat' dir='ltr'><strong>ait</strong></span> <span class='ocrx_word' id='word_1_291' title='bbox 1069 3750 1167 3803; x_wconf 87' lang='lat' dir='ltr'><strong>hoc</strong></span> <span class='ocrx_word' id='word_1_292' title='bbox 1197 3750 1336 3816; x_wconf 91' lang='lat' dir='ltr'><strong>loco,</strong></span> <span class='ocrx_word' id='word_1_293' title='bbox 1364 3749 1472 3818; x_wconf 90' lang='lat' dir='ltr'><strong>jam</strong></span> <span class='ocrx_word' id='word_1_294' title='bbox 1501 3757 1625 3803; x_wconf 93' lang='lat' dir='ltr'><strong>tunc</strong></span> <span class='ocrx_word' id='word_1_295' title='bbox 1652 3762 1843 3817; x_wconf 88' lang='lat' dir='ltr'><strong>nempe</strong></span> <span class='ocrx_word' id='word_1_296' title='bbox 1864 3747 2354 3812; x_wconf 90' lang='lat' dir='ltr'><strong>comminationem,</strong></span> 
     </span>
    </p>
   </div>
   <div class='ocr_carea' id='block_1_40' title="bbox 780 3837 2359 3907">
    <p class='ocr_par' dir='ltr' id='par_1_40' title="bbox 780 3837 2359 3907">
     <span class='ocr_line' id='line_1_40' title="bbox 780 3837 2359 3907; baseline 0.003 -18"><span class='ocrx_word' id='word_1_297' title='bbox 780 3837 890 3905; x_wconf 90' lang='lat' dir='ltr'><strong>jam</strong></span> <span class='ocrx_word' id='word_1_298' title='bbox 917 3847 1042 3893; x_wconf 88' lang='lat' dir='ltr'><strong>tunc</strong></span> <span class='ocrx_word' id='word_1_299' title='bbox 1071 3837 1298 3893; x_wconf 79' lang='lat' dir='ltr'><strong>divinam</strong></span> <span class='ocrx_word' id='word_1_300' title='bbox 1332 3841 1461 3894; x_wconf 90' lang='lat' dir='ltr'><strong>iram</strong></span> <span class='ocrx_word' id='word_1_301' title='bbox 1493 3837 1745 3904; x_wconf 83' lang='lat' dir='ltr'><strong>adfuisse,</strong></span> <span class='ocrx_word' id='word_1_302' title='bbox 1769 3847 1826 3892; x_wconf 91' lang='lat' dir='ltr'><strong>ut</strong></span> <span class='ocrx_word' id='word_1_303' title='bbox 1847 3837 2102 3907; x_wconf 87' lang='lat' dir='ltr'><strong>supplicio</strong></span> <span class='ocrx_word' id='word_1_304' title='bbox 2125 3837 2190 3891; x_wconf 89' lang='lat' dir='ltr'><strong>ad</strong></span> <span class='ocrx_word' id='word_1_305' title='bbox 2220 3837 2359 3893; x_wconf 86' lang='lat' dir='ltr'><strong>fores</strong></span> 
     </span>
    </p>
   </div>
   <div class='ocr_carea' id='block_1_41' title="bbox 787 3927 2359 4000">
    <p class='ocr_par' dir='ltr' id='par_1_41' title="bbox 787 3927 2359 4000">
     <span class='ocr_line' id='line_1_41' title="bbox 787 3927 2359 4000; baseline 0.003 -21"><span class='ocrx_word' id='word_1_306' title='bbox 787 3927 1038 3995; x_wconf 90' lang='lat' dir='ltr'><strong>adducto,</strong></span> <span class='ocrx_word' id='word_1_307' title='bbox 1065 3931 1319 3985; x_wconf 83' lang='lat' dir='ltr'><strong>excitaret</strong></span> <span class='ocrx_word' id='word_1_308' title='bbox 1356 3930 1420 3984; x_wconf 92' lang='lat' dir='ltr'><strong>ad</strong></span> <span class='ocrx_word' id='word_1_309' title='bbox 1452 3929 1816 4000; x_wconf 76' lang='lat' dir='ltr'><strong>paenitentiam</strong></span> <span class='ocrx_word' id='word_1_310' title='bbox 1840 3968 1854 3994; x_wconf 90' lang='lat'><strong>,</strong></span> <span class='ocrx_word' id='word_1_311' title='bbox 1887 3928 2137 3983; x_wconf 88' lang='lat' dir='ltr'><strong>meliores</strong></span> <span class='ocrx_word' id='word_1_312' title='bbox 2166 3928 2359 3984; x_wconf 90' lang='lat' dir='ltr'><strong>redde-</strong></span> 
     </span>
    </p>
   </div>
   <div class='ocr_carea' id='block_1_42' title="bbox 787 4018 2360 4089">
    <p class='ocr_par' dir='ltr' id='par_1_42' title="bbox 787 4018 2360 4089">
     <span class='ocr_line' id='line_1_42' title="bbox 787 4018 2360 4089; baseline 0.002 -18"><span class='ocrx_word' id='word_1_313' title='bbox 787 4026 890 4082; x_wconf 89' lang='lat' dir='ltr'><strong>ret,</strong></span> <span class='ocrx_word' id='word_1_314' title='bbox 919 4029 972 4071; x_wconf 90' lang='lat' dir='ltr'><strong>et</strong></span> <span class='ocrx_word' id='word_1_315' title='bbox 1001 4028 1119 4087; x_wconf 90' lang='lat' dir='ltr'><strong>post</strong></span> <span class='ocrx_word' id='word_1_316' title='bbox 1147 4018 1353 4073; x_wconf 83' lang='lat' dir='ltr'><strong>illorum</strong></span> <span class='ocrx_word' id='word_1_317' title='bbox 1384 4019 1644 4074; x_wconf 80' lang='lat' dir='ltr'><strong>excidium</strong></span> <span class='ocrx_word' id='word_1_318' title='bbox 1677 4019 1727 4073; x_wconf 93' lang='lat' dir='ltr'><strong>in</strong></span> <span class='ocrx_word' id='word_1_319' title='bbox 1758 4033 1955 4089; x_wconf 83' lang='lat' dir='ltr'><strong>angore</strong></span> <span class='ocrx_word' id='word_1_320' title='bbox 1983 4020 2360 4086; x_wconf 90' lang='lat' dir='ltr'><strong>constitueret,</strong></span> 
     </span>
    </p>
   </div>
   <div class='ocr_carea' id='block_1_43' title="bbox 787 4108 2361 4179">
    <p class='ocr_par' dir='ltr' id='par_1_43' title="bbox 787 4108 2361 4179">
     <span class='ocr_line' id='line_1_43' title="bbox 787 4108 2361 4179; baseline 0.004 -21"><span class='ocrx_word' id='word_1_321' title='bbox 787 4121 981 4176; x_wconf 88' lang='lat' dir='ltr'><strong>neque,</strong></span> <span class='ocrx_word' id='word_1_322' title='bbox 1015 4108 1134 4176; x_wconf 85' lang='lat' dir='ltr'><strong>quia</strong></span> <span class='ocrx_word' id='word_1_323' title='bbox 1164 4109 1237 4162; x_wconf 92' lang='lat' dir='ltr'><strong>illi</strong></span> <span class='ocrx_word' id='word_1_324' title='bbox 1277 4109 1489 4163; x_wconf 90' lang='lat' dir='ltr'><strong>abducti</strong></span> <span class='ocrx_word' id='word_1_325' title='bbox 1527 4108 1768 4174; x_wconf 87' lang='lat' dir='ltr'><strong>fuerant,</strong></span> <span class='ocrx_word' id='word_1_326' title='bbox 1803 4108 1856 4162; x_wconf 91' lang='lat' dir='ltr'><strong>hi</strong></span> <span class='ocrx_word' id='word_1_327' title='bbox 1888 4123 2016 4164; x_wconf 89' lang='lat' dir='ltr'><strong>vero</strong></span> <span class='ocrx_word' id='word_1_328' title='bbox 2042 4109 2361 4179; x_wconf 74' lang='lat' dir='ltr'><strong>effugerant,</strong></span> 
     </span>
    </p>
   </div>
   <div class='ocr_carea' id='block_1_44' title="bbox 789 4197 2367 4270">
    <p class='ocr_par' dir='ltr' id='par_1_44' title="bbox 789 4197 2367 4270">
     <span class='ocr_line' id='line_1_44' title="bbox 789 4197 2367 4270; baseline 0.003 -19"><span class='ocrx_word' id='word_1_329' title='bbox 789 4197 908 4252; x_wconf 88' lang='lat' dir='ltr'><strong>ideo</strong></span> <span class='ocrx_word' id='word_1_330' title='bbox 931 4200 1203 4270; x_wconf 79' lang='lat' dir='ltr'><strong>segniores</strong></span> <span class='ocrx_word' id='word_1_331' title='bbox 1233 4201 1441 4256; x_wconf 89' lang='lat' dir='ltr'><strong>fierent.</strong></span> <span class='ocrx_word' id='word_1_332' title='bbox 1475 4201 1562 4257; x_wconf 81' lang='lat' dir='ltr'><strong>l8.</strong></span> <span class='ocrx_word' id='word_1_333' title='bbox 1592 4201 1663 4254; x_wconf 85' lang='lat' dir='ltr'><strong>Et</strong></span> <span class='ocrx_word' id='word_1_334' title='bbox 1689 4203 1780 4254; x_wconf 83' lang='lat' dir='ltr'><strong>erit</strong></span> <span class='ocrx_word' id='word_1_335' title='bbox 1805 4201 1857 4254; x_wconf 87' lang='lat' dir='ltr'><strong>in</strong></span> <span class='ocrx_word' id='word_1_336' title='bbox 1884 4201 1966 4254; x_wconf 88' lang='lat' dir='ltr'><strong>die</strong></span> <span class='ocrx_word' id='word_1_337' title='bbox 1994 4203 2115 4268; x_wconf 84' lang='lat' dir='ltr'><strong>illa,</strong></span> <span class='ocrx_word' id='word_1_338' title='bbox 2151 4203 2367 4256; x_wconf 82' lang='lat' dir='ltr'><strong>sibilabit</strong></span> 
     </span>
    </p>
   </div>
   <div class='ocr_carea' id='block_1_45' title="bbox 790 4289 2366 4362">
    <p class='ocr_par' dir='ltr' id='par_1_45' title="bbox 790 4289 2366 4362">
     <span class='ocr_line' id='line_1_45' title="bbox 790 4289 2366 4362; baseline 0.001 -19"><span class='ocrx_word' id='word_1_339' title='bbox 790 4289 1039 4343; x_wconf 84' lang='lat' dir='ltr'><strong>Dominus</strong></span> <span class='ocrx_word' id='word_1_340' title='bbox 1091 4293 1311 4357; x_wconf 81' lang='lat' dir='ltr'><strong>muscis,</strong></span> <span class='ocrx_word' id='word_1_341' title='bbox 1363 4308 1474 4362; x_wconf 71' lang='lat' dir='ltr'><strong>qua:</strong></span> <span class='ocrx_word' id='word_1_342' title='bbox 1525 4291 1917 4345; x_wconf 83' lang='lat' dir='ltr'><strong>dominabuntur</strong></span> <span class='ocrx_word' id='word_1_343' title='bbox 1963 4291 2096 4359; x_wconf 83' lang='lat' dir='ltr'><strong>parti</strong></span> <span class='ocrx_word' id='word_1_344' title='bbox 2144 4294 2366 4361; x_wconf 82' lang='lat' dir='ltr'><strong>[luminis</strong></span> 
     </span>
    </p>
   </div>
   <div class='ocr_carea' id='block_1_46' title="bbox 789 4380 2363 4452">
    <p class='ocr_par' dir='ltr' id='par_1_46' title="bbox 789 4380 2363 4452">
     <span class='ocr_line' id='line_1_46' title="bbox 789 4380 2363 4452; baseline 0.003 -19"><span class='ocrx_word' id='word_1_345' title='bbox 789 4380 1026 4452; x_wconf 60' lang='lat' dir='ltr'><strong>:Egyplt&#39;.</strong></span> <span class='ocrx_word' id='word_1_346' title='bbox 1056 4383 1238 4438; x_wconf 80' lang='lat' dir='ltr'><strong>Viden</strong></span> <span class='ocrx_word' id='word_1_347' title='bbox 1262 4400 1346 4439; x_wconf 90' lang='lat' dir='ltr'><strong>me</strong></span> <span class='ocrx_word' id='word_1_348' title='bbox 1368 4400 1471 4438; x_wconf 94' lang='lat' dir='ltr'><strong>non</strong></span> <span class='ocrx_word' id='word_1_349' title='bbox 1499 4384 1696 4438; x_wconf 85' lang='lat' dir='ltr'><strong>frustra</strong></span> <span class='ocrx_word' id='word_1_350' title='bbox 1723 4383 1941 4447; x_wconf 75' lang='lat' dir='ltr'><strong>dixisse,</strong></span> <span class='ocrx_word' id='word_1_351' title='bbox 1969 4383 2138 4452; x_wconf 88' lang='lat' dir='ltr'><strong>ipsum</strong></span> <span class='ocrx_word' id='word_1_352' title='bbox 2167 4393 2363 4438; x_wconf 90' lang='lat' dir='ltr'><strong>metum</strong></span> 
     </span>
    </p>
   </div>
   <div class='ocr_carea' id='block_1_47' title="bbox 789 4473 2364 4543">
    <p class='ocr_par' dir='ltr' id='par_1_47' title="bbox 789 4473 2364 4543">
     <span class='ocr_line' id='line_1_47' title="bbox 789 4473 2364 4543; baseline 0.004 -19"><span class='ocrx_word' id='word_1_353' title='bbox 789 4489 984 4542; x_wconf 85' lang='lat' dir='ltr'><strong>augere</strong></span> <span class='ocrx_word' id='word_1_354' title='bbox 1010 4476 1294 4543; x_wconf 86' lang='lat' dir='ltr'><strong>volentem,</strong></span> <span class='ocrx_word' id='word_1_355' title='bbox 1326 4477 1394 4532; x_wconf 91' lang='lat' dir='ltr'><strong>ab</strong></span> <span class='ocrx_word' id='word_1_356' title='bbox 1409 4477 1498 4532; x_wconf 92' lang='lat' dir='ltr'><strong>illa</strong></span> <span class='ocrx_word' id='word_1_357' title='bbox 1516 4477 1602 4532; x_wconf 89' lang='lat' dir='ltr'><strong>die</strong></span> <span class='ocrx_word' id='word_1_358' title='bbox 1618 4477 2085 4532; x_wconf 87' lang='lat' dir='ltr'><strong>comminationem</strong></span> <span class='ocrx_word' id='word_1_359' title='bbox 2104 4473 2364 4531; x_wconf 88' lang='lat' dir='ltr'><strong>intulisse.</strong></span> 
     </span>
    </p>
   </div>
   <div class='ocr_carea' id='block_1_48' title="bbox 790 4564 2368 4635">
    <p class='ocr_par' dir='ltr' id='par_1_48' title="bbox 790 4564 2368 4635">
     <span class='ocr_line' id='line_1_48' title="bbox 790 4564 2368 4635; baseline 0.001 -18"><span class='ocrx_word' id='word_1_360' title='bbox 790 4564 919 4630; x_wconf 84' lang='lat' dir='ltr'><strong>Quae</strong></span> <span class='ocrx_word' id='word_1_361' title='bbox 940 4575 1231 4634; x_wconf 87' lang='lat' dir='ltr'><strong>sequuntur</strong></span> <span class='ocrx_word' id='word_1_362' title='bbox 1259 4569 1433 4635; x_wconf 88' lang='lat' dir='ltr'><strong>itaque</strong></span> <span class='ocrx_word' id='word_1_363' title='bbox 1457 4567 1557 4621; x_wconf 93' lang='lat' dir='ltr'><strong>hoc</strong></span> <span class='ocrx_word' id='word_1_364' title='bbox 1584 4567 1835 4632; x_wconf 88' lang='lat' dir='ltr'><strong>indicant,</strong></span> <span class='ocrx_word' id='word_1_365' title='bbox 1861 4567 2006 4635; x_wconf 89' lang='lat' dir='ltr'><strong>queis</strong></span> <span class='ocrx_word' id='word_1_366' title='bbox 2028 4565 2188 4621; x_wconf 85' lang='lat' dir='ltr'><strong>verbo</strong></span> <span class='ocrx_word' id='word_1_367' title='bbox 2209 4567 2368 4620; x_wconf 88' lang='lat' dir='ltr'><strong>timo-</strong></span> 
     </span>
    </p>
   </div>
   <div class='ocr_carea' id='block_1_49' title="bbox 793 4655 2370 4725">
    <p class='ocr_par' dir='ltr' id='par_1_49' title="bbox 793 4655 2370 4725">
     <span class='ocr_line' id='line_1_49' title="bbox 793 4655 2370 4725; baseline 0.003 -19"><span class='ocrx_word' id='word_1_368' title='bbox 793 4669 907 4708; x_wconf 88' lang='lat' dir='ltr'><strong>rem</strong></span> <span class='ocrx_word' id='word_1_369' title='bbox 939 4655 1144 4722; x_wconf 88' lang='lat' dir='ltr'><strong>incutit,</strong></span> <span class='ocrx_word' id='word_1_370' title='bbox 1173 4657 1437 4712; x_wconf 81' lang='lat' dir='ltr'><strong>exercitus</strong></span> <span class='ocrx_word' id='word_1_371' title='bbox 1460 4657 1561 4710; x_wconf 86' lang='lat' dir='ltr'><strong>illis</strong></span> <span class='ocrx_word' id='word_1_372' title='bbox 1581 4656 1881 4721; x_wconf 87' lang='lat' dir='ltr'><strong>declarans,</strong></span> <span class='ocrx_word' id='word_1_373' title='bbox 1904 4656 1992 4725; x_wconf 89' lang='lat' dir='ltr'><strong>qui</strong></span> <span class='ocrx_word' id='word_1_374' title='bbox 2012 4655 2370 4710; x_wconf 86' lang='lat' dir='ltr'><strong>formidabiles</strong></span> 
     </span>
    </p>
   </div>
   <div class='ocr_carea' id='block_1_50' title="bbox 794 4746 2370 4815">
    <p class='ocr_par' dir='ltr' id='par_1_50' title="bbox 794 4746 2370 4815">
     <span class='ocr_line' id='line_1_50' title="bbox 794 4746 2370 4815; baseline 0.001 -16"><span class='ocrx_word' id='word_1_375' title='bbox 794 4747 922 4815; x_wconf 86' lang='lat' dir='ltr'><strong>ipsis</strong></span> <span class='ocrx_word' id='word_1_376' title='bbox 949 4756 1101 4800; x_wconf 89' lang='lat' dir='ltr'><strong>erant</strong></span> <span class='ocrx_word' id='word_1_377' title='bbox 1121 4789 1135 4811; x_wconf 89' lang='lat'><strong>,</strong></span> <span class='ocrx_word' id='word_1_378' title='bbox 1165 4757 1217 4802; x_wconf 90' lang='lat' dir='ltr'><strong>et</strong></span> <span class='ocrx_word' id='word_1_379' title='bbox 1251 4747 1535 4802; x_wconf 90' lang='lat' dir='ltr'><strong>invasionis</strong></span> <span class='ocrx_word' id='word_1_380' title='bbox 1563 4748 1866 4803; x_wconf 86' lang='lat' dir='ltr'><strong>facilitatem</strong></span> <span class='ocrx_word' id='word_1_381' title='bbox 1896 4746 2287 4813; x_wconf 88' lang='lat' dir='ltr'><strong>demonstrans,</strong></span> <span class='ocrx_word' id='word_1_382' title='bbox 2319 4746 2370 4801; x_wconf 93' lang='lat' dir='ltr'><strong>id</strong></span> 
     </span>
    </p>
   </div>
   <div class='ocr_carea' id='block_1_51' title="bbox 792 4837 2371 4908">
    <p class='ocr_par' dir='ltr' id='par_1_51' title="bbox 792 4837 2371 4908">
     <span class='ocr_line' id='line_1_51' title="bbox 792 4837 2371 4908; baseline 0.002 -17"><span class='ocrx_word' id='word_1_383' title='bbox 792 4837 934 4906; x_wconf 92' lang='lat' dir='ltr'><strong>quod</strong></span> <span class='ocrx_word' id='word_1_384' title='bbox 959 4838 1078 4893; x_wconf 87' lang='lat' dir='ltr'><strong>illos</strong></span> <span class='ocrx_word' id='word_1_385' title='bbox 1103 4839 1382 4894; x_wconf 84' lang='lat' dir='ltr'><strong>admodum</strong></span> <span class='ocrx_word' id='word_1_386' title='bbox 1415 4839 1754 4908; x_wconf 87' lang='lat' dir='ltr'><strong>percellebat,</strong></span> <span class='ocrx_word' id='word_1_387' title='bbox 1785 4841 2048 4893; x_wconf 82' lang='lat' dir='ltr'><strong>exercitus</strong></span> <span class='ocrx_word' id='word_1_388' title='bbox 2074 4839 2371 4894; x_wconf 87' lang='lat' dir='ltr'><strong>multitudi-</strong></span> 
     </span>
    </p>
   </div>
   <div class='ocr_carea' id='block_1_52' title="bbox 797 4929 2368 5000">
    <p class='ocr_par' dir='ltr' id='par_1_52' title="bbox 797 4929 2368 5000">
     <span class='ocr_line' id='line_1_52' title="bbox 797 4929 2368 5000; baseline 0.003 -20"><span class='ocrx_word' id='word_1_389' title='bbox 797 4943 919 4981; x_wconf 89' lang='lat' dir='ltr'><strong>nem</strong></span> <span class='ocrx_word' id='word_1_390' title='bbox 938 4929 1173 4984; x_wconf 89' lang='lat' dir='ltr'><strong>indicans</strong></span> <span class='ocrx_word' id='word_1_391' title='bbox 1191 4931 1228 4994; x_wconf 73' lang='grc' dir='ltr'><strong>,</strong></span> <span class='ocrx_word' id='word_1_392' title='bbox 1249 4930 1386 5000; x_wconf 91' lang='lat' dir='ltr'><strong>quod</strong></span> <span class='ocrx_word' id='word_1_393' title='bbox 1409 4929 1618 4984; x_wconf 90' lang='lat' dir='ltr'><strong>illorum</strong></span> <span class='ocrx_word' id='word_1_394' title='bbox 1640 4929 1845 4982; x_wconf 87' lang='lat' dir='ltr'><strong>animos</strong></span> <span class='ocrx_word' id='word_1_395' title='bbox 1866 4930 2095 4984; x_wconf 81' lang='lat' dir='ltr'><strong>maxime</strong></span> <span class='ocrx_word' id='word_1_396' title='bbox 2120 4930 2368 4985; x_wconf 87' lang='lat' dir='ltr'><strong>terrebat.</strong></span> 
     </span>
    </p>
   </div>
   <div class='ocr_carea' id='block_1_53' title="bbox 798 5018 2374 5091">
    <p class='ocr_par' dir='ltr' id='par_1_53' title="bbox 798 5018 2374 5091">
     <span class='ocr_line' id='line_1_53' title="bbox 798 5018 2374 5091; baseline 0.002 -18"><span class='ocrx_word' id='word_1_397' title='bbox 798 5018 925 5082; x_wconf 70' lang='lat' dir='ltr'><strong>llaec</strong></span> <span class='ocrx_word' id='word_1_398' title='bbox 955 5037 1112 5089; x_wconf 85' lang='lat' dir='ltr'><strong>porro</strong></span> <span class='ocrx_word' id='word_1_399' title='bbox 1140 5024 1315 5077; x_wconf 89' lang='lat' dir='ltr'><strong>omnia</strong></span> <span class='ocrx_word' id='word_1_400' title='bbox 1353 5023 1403 5076; x_wconf 93' lang='lat' dir='ltr'><strong>in</strong></span> <span class='ocrx_word' id='word_1_401' title='bbox 1447 5022 1788 5091; x_wconf 89' lang='lat' dir='ltr'><strong>sequentibus</strong></span> <span class='ocrx_word' id='word_1_402' title='bbox 1828 5019 2196 5076; x_wconf 89' lang='lat' dir='ltr'><strong>snbindicavit.</strong></span> <span class='ocrx_word' id='word_1_403' title='bbox 2241 5023 2374 5076; x_wconf 82' lang='lat' dir='ltr'><strong>Ani-</strong></span> 
     </span>
    </p>
   </div>
   <div class='ocr_carea' id='block_1_54' title="bbox 802 5111 2379 5179">
    <p class='ocr_par' dir='ltr' id='par_1_54' title="bbox 802 5111 2379 5179">
     <span class='ocr_line' id='line_1_54' title="bbox 802 5111 2379 5179; baseline 0.001 -16"><span class='ocrx_word' id='word_1_404' title='bbox 802 5126 944 5163; x_wconf 87' lang='lat' dir='ltr'><strong>tnum</strong></span> <span class='ocrx_word' id='word_1_405' title='bbox 969 5121 1144 5166; x_wconf 92' lang='lat' dir='ltr'><strong>autem</strong></span> <span class='ocrx_word' id='word_1_406' title='bbox 1173 5113 1364 5169; x_wconf 89' lang='lat' dir='ltr'><strong>adhibe</strong></span> <span class='ocrx_word' id='word_1_407' title='bbox 1392 5129 1404 5164; x_wconf 91' lang='lat'><strong>:</strong></span> <span class='ocrx_word' id='word_1_408' title='bbox 1436 5112 1500 5166; x_wconf 84' lang='lat' dir='ltr'><strong>Et</strong></span> <span class='ocrx_word' id='word_1_409' title='bbox 1527 5113 1617 5168; x_wconf 86' lang='lat' dir='ltr'><strong>erit</strong></span> <span class='ocrx_word' id='word_1_410' title='bbox 1637 5114 1688 5166; x_wconf 86' lang='lat' dir='ltr'><strong>in</strong></span> <span class='ocrx_word' id='word_1_411' title='bbox 1717 5111 1797 5165; x_wconf 81' lang='lat' dir='ltr'><strong>die</strong></span> <span class='ocrx_word' id='word_1_412' title='bbox 1819 5111 1926 5176; x_wconf 82' lang='lat' dir='ltr'><strong>illa,</strong></span> <span class='ocrx_word' id='word_1_413' title='bbox 1952 5112 2138 5179; x_wconf 90' lang='lat' dir='ltr'><strong>inquit,</strong></span> <span class='ocrx_word' id='word_1_414' title='bbox 2162 5111 2379 5166; x_wconf 83' lang='lat' dir='ltr'><strong>sibifabit</strong></span> 
     </span>
    </p>
   </div>
   <div class='ocr_carea' id='block_1_55' title="bbox 803 5199 2378 5272">
    <p class='ocr_par' dir='ltr' id='par_1_55' title="bbox 803 5199 2378 5272">
     <span class='ocr_line' id='line_1_55' title="bbox 803 5199 2378 5272; baseline 0.004 -20"><span class='ocrx_word' id='word_1_415' title='bbox 803 5199 1050 5254; x_wconf 82' lang='lat' dir='ltr'><strong>Dominus</strong></span> <span class='ocrx_word' id='word_1_416' title='bbox 1096 5204 1299 5258; x_wconf 84' lang='lat' dir='ltr'><strong>muscis.</strong></span> <span class='ocrx_word' id='word_1_417' title='bbox 1348 5203 1556 5258; x_wconf 84' lang='lat' dir='ltr'><strong>Muscas</strong></span> <span class='ocrx_word' id='word_1_418' title='bbox 1603 5202 1689 5258; x_wconf 90' lang='lat' dir='ltr'><strong>hic</strong></span> <span class='ocrx_word' id='word_1_419' title='bbox 1730 5203 1938 5258; x_wconf 82' lang='lat' dir='ltr'><strong>vocavit</strong></span> <span class='ocrx_word' id='word_1_420' title='bbox 1975 5201 2280 5272; x_wconf 63' lang='lat' dir='ltr'><strong>Egyptios,</strong></span> <span class='ocrx_word' id='word_1_421' title='bbox 2310 5204 2378 5258; x_wconf 91' lang='lat' dir='ltr'><strong>ob</strong></span> 
     </span>
    </p>
   </div>
   <div class='ocr_carea' id='block_1_56' title="bbox 806 5291 2376 5363">
    <p class='ocr_par' dir='ltr' id='par_1_56' title="bbox 806 5291 2376 5363">
     <span class='ocr_line' id='line_1_56' title="bbox 806 5291 2376 5363; baseline 0.001 -17"><span class='ocrx_word' id='word_1_422' title='bbox 806 5291 1183 5362; x_wconf 89' lang='lat' dir='ltr'><strong>impudentiam</strong></span> <span class='ocrx_word' id='word_1_423' title='bbox 1211 5303 1265 5348; x_wconf 89' lang='lat' dir='ltr'><strong>et</strong></span> <span class='ocrx_word' id='word_1_424' title='bbox 1294 5294 1742 5361; x_wconf 90' lang='lat' dir='ltr'><strong>inverecundiam,</strong></span> <span class='ocrx_word' id='word_1_425' title='bbox 1768 5292 1974 5363; x_wconf 90' lang='lat' dir='ltr'><strong>etquod</strong></span> <span class='ocrx_word' id='word_1_426' title='bbox 1997 5307 2138 5363; x_wconf 65' lang='lat' dir='ltr'><strong>saepe</strong></span> <span class='ocrx_word' id='word_1_427' title='bbox 2157 5293 2376 5363; x_wconf 83' lang='lat' dir='ltr'><strong>repulsi,</strong></span> 
     </span>
    </p>
   </div>
   <div class='ocr_carea' id='block_1_57' title="bbox 872 5463 2383 5536">
    <p class='ocr_par' dir='ltr' id='par_1_57' title="bbox 872 5463 2383 5536">
     <span class='ocr_line' id='line_1_57' title="bbox 872 5463 2383 5536; baseline 0.006 -26"><span class='ocrx_word' id='word_1_428' title='bbox 872 5466 886 5495; x_wconf 78' lang='grc' dir='ltr'></span> <span class='ocrx_word' id='word_1_429' title='bbox 925 5469 1040 5536; x_wconf 75' lang='lat' dir='ltr'><strong>Reg.</strong></span> <span class='ocrx_word' id='word_1_430' title='bbox 1069 5473 1119 5512; x_wconf 92' lang='lat' dir='ltr'><strong>et</strong></span> <span class='ocrx_word' id='word_1_431' title='bbox 1141 5463 1556 5536; x_wconf 41' lang='lat' dir='ltr'><strong>savilqcttercitus</strong></span> <span class='ocrx_word' id='word_1_432' title='bbox 1575 5464 2050 5536; x_wconf 73' lang='lat' dir='ltr'><strong>gladiumjndicans.</strong></span> <span class='ocrx_word' id='word_1_433' title='bbox 2068 5468 2158 5517; x_wconf 89' lang='lat' dir='ltr'><strong>Sed</strong></span> <span class='ocrx_word' id='word_1_434' title='bbox 2181 5469 2383 5536; x_wconf 77' lang='lat' dir='ltr'><strong>Savilius</strong></span> 
     </span>
    </p>
   </div>
   <div class='ocr_carea' id='block_1_58' title="bbox 799 5525 2384 5590">
    <p class='ocr_par' dir='ltr' id='par_1_58' title="bbox 799 5525 2384 5590">
     <span class='ocr_line' id='line_1_58' title="bbox 799 5525 2384 5590; baseline 0.004 -17"><span class='ocrx_word' id='word_1_435' title='bbox 799 5525 852 5590; x_wconf 74' lang='lat' dir='ltr'><strong>in</strong></span> <span class='ocrx_word' id='word_1_436' title='bbox 868 5525 1090 5590; x_wconf 79' lang='lat' dir='ltr'><strong>margine</strong></span> <span class='ocrx_word' id='word_1_437' title='bbox 1108 5527 1256 5587; x_wconf 88' lang='lat' dir='ltr'><strong>ponit,</strong></span> <span class='ocrx_word' id='word_1_438' title='bbox 1285 5527 1403 5587; x_wconf 81' lang='lat' dir='ltr'><strong>forte</strong></span> <span class='ocrx_word' id='word_1_439' title='bbox 1421 5525 1660 5590; x_wconf 76' lang='lat' dir='ltr'><strong>exercitus</strong></span> <span class='ocrx_word' id='word_1_440' title='bbox 1685 5530 1891 5590; x_wconf 74' lang='lat' dir='ltr'><strong>agmina.</strong></span> <span class='ocrx_word' id='word_1_441' title='bbox 1909 5539 2059 5578; x_wconf 83' lang='lat' dir='ltr'><strong>&#39;Porro</strong></span> <span class='ocrx_word' id='word_1_442' title='bbox 2080 5537 2257 5588; x_wconf 67' lang='lat' dir='ltr'><strong>Graece,</strong></span> <span class='ocrx_word' id='word_1_443' title='bbox 2283 5525 2384 5590; x_wconf 76' lang='lat' dir='ltr'><strong>gla-</strong></span> 
     </span>
    </p>
   </div>
   <div class='ocr_carea' id='block_1_59' title="bbox 797 5584 2382 5653">
    <p class='ocr_par' dir='ltr' id='par_1_59' title="bbox 797 5584 2382 5653">
     <span class='ocr_line' id='line_1_59' title="bbox 797 5584 2382 5653; baseline 0.005 -17"><span class='ocrx_word' id='word_1_444' title='bbox 797 5585 907 5636; x_wconf 83' lang='lat' dir='ltr'><strong>dius</strong></span> <span class='ocrx_word' id='word_1_445' title='bbox 922 5584 1264 5653; x_wconf 67' lang='lat' dir='ltr'><strong>interpretatur</strong></span> <span class='ocrx_word' id='word_1_446' title='bbox 1277 5584 1390 5653; x_wconf 60' lang='lat' dir='ltr'><strong>itm,</strong></span> <span class='ocrx_word' id='word_1_447' title='bbox 1400 5589 1590 5653; x_wconf 82' lang='lat' dir='ltr'><strong>agmina</strong></span> <span class='ocrx_word' id='word_1_448' title='bbox 1617 5584 1748 5648; x_wconf 59' lang='lat' dir='ltr'><strong>vero,</strong></span> <span class='ocrx_word' id='word_1_449' title='bbox 1764 5608 1885 5653; x_wconf 59' lang='grc' dir='ltr'><strong></strong></span> <span class='ocrx_word' id='word_1_450' title='bbox 1899 5605 1912 5649; x_wconf 92' lang='grc'></span> <span class='ocrx_word' id='word_1_451' title='bbox 1926 5592 2054 5640; x_wconf 79' lang='lat' dir='ltr'><strong>unde</strong></span> <span class='ocrx_word' id='word_1_452' title='bbox 2071 5584 2382 5644; x_wconf 79' lang='lat' dir='ltr'><strong>similitudine</strong></span> 
     </span>
    </p>
   </div>
   <div class='ocr_carea' id='block_1_60' title="bbox 800 5649 2313 5719">
    <p class='ocr_par' dir='ltr' id='par_1_60' title="bbox 800 5649 2313 5719">
     <span class='ocr_line' id='line_1_60' title="bbox 800 5649 2313 5719; baseline 0.005 -21"><span class='ocrx_word' id='word_1_453' title='bbox 800 5658 972 5698; x_wconf 78' lang='lat' dir='ltr'><strong>vocum</strong></span> <span class='ocrx_word' id='word_1_454' title='bbox 996 5649 1170 5700; x_wconf 84' lang='lat' dir='ltr'><strong>ductus</strong></span> <span class='ocrx_word' id='word_1_455' title='bbox 1188 5661 1329 5700; x_wconf 87' lang='lat' dir='ltr'><strong>unam</strong></span> <span class='ocrx_word' id='word_1_456' title='bbox 1353 5649 1491 5702; x_wconf 81' lang='lat' dir='ltr'><strong>alteri</strong></span> <span class='ocrx_word' id='word_1_457' title='bbox 1515 5649 1902 5703; x_wconf 84' lang='lat' dir='ltr'><strong>substituendam</strong></span> <span class='ocrx_word' id='word_1_458' title='bbox 1927 5655 2196 5719; x_wconf 84' lang='lat' dir='ltr'><strong>suspicatus</strong></span> <span class='ocrx_word' id='word_1_459' title='bbox 2221 5667 2313 5706; x_wconf 85' lang='lat' dir='ltr'><strong>est.</strong></span> 
     </span>
    </p>
   </div>
   <div class='ocr_carea' id='block_1_61' title="bbox 2424 375 4006 450">
    <p class='ocr_par' dir='ltr' id='par_1_61' title="bbox 2424 375 4006 450">
     <span class='ocr_line' id='line_1_61' title="bbox 2424 375 4006 450; baseline 0.003 -21"><span class='ocrx_word' id='word_1_460' title='bbox 2424 389 2568 446; x_wconf 55' lang='lat' dir='ltr'><strong>sape</strong></span> <span class='ocrx_word' id='word_1_461' title='bbox 2595 375 2890 441; x_wconf 87' lang='lat' dir='ltr'><strong>instarent,</strong></span> <span class='ocrx_word' id='word_1_462' title='bbox 2919 389 3092 446; x_wconf 90' lang='lat' dir='ltr'><strong>neque</strong></span> <span class='ocrx_word' id='word_1_463' title='bbox 3123 375 3386 432; x_wconf 87' lang='lat' dir='ltr'><strong>tantillum</strong></span> <span class='ocrx_word' id='word_1_464' title='bbox 3415 377 3679 449; x_wconf 84' lang='lat' dir='ltr'><strong>respirare</strong></span> <span class='ocrx_word' id='word_1_465' title='bbox 3709 378 3838 450; x_wconf 86' lang='lat' dir='ltr'><strong>ipsis</strong></span> <span class='ocrx_word' id='word_1_466' title='bbox 3865 392 3972 435; x_wconf 77' lang='lat' dir='ltr'><strong>con</strong></span> <span class='ocrx_word' id='word_1_467' title='bbox 3990 419 4006 428; x_wconf 91' lang='lat'><strong>.</strong></span> 
     </span>
    </p>
   </div>
   <div class='ocr_carea' id='block_1_62' title="bbox 2425 465 4004 540">
    <p class='ocr_par' dir='ltr' id='par_1_62' title="bbox 2425 465 4004 540">
     <span class='ocr_line' id='line_1_62' title="bbox 2425 465 4004 540; baseline 0.006 -20"><span class='ocrx_word' id='word_1_468' title='bbox 2425 465 2698 534; x_wconf 88' lang='lat' dir='ltr'><strong>cederent,</strong></span> <span class='ocrx_word' id='word_1_469' title='bbox 2729 466 2823 522; x_wconf 90' lang='lat' dir='ltr'><strong>sed</strong></span> <span class='ocrx_word' id='word_1_470' title='bbox 2849 481 2992 536; x_wconf 74' lang='lat' dir='ltr'><strong>saepe</strong></span> <span class='ocrx_word' id='word_1_471' title='bbox 3015 467 3119 523; x_wconf 88' lang='lat' dir='ltr'><strong>illis</strong></span> <span class='ocrx_word' id='word_1_472' title='bbox 3143 479 3392 524; x_wconf 80' lang='lat' dir='ltr'><strong>sexcenta</strong></span> <span class='ocrx_word' id='word_1_473' title='bbox 3418 471 3626 540; x_wconf 86' lang='lat' dir='ltr'><strong>negotia</strong></span> <span class='ocrx_word' id='word_1_474' title='bbox 3651 469 4004 534; x_wconf 76' lang='lat' dir='ltr'><strong>facesserent.</strong></span> 
     </span>
    </p>
   </div>
   <div class='ocr_carea' id='block_1_63' title="bbox 2427 557 4004 631">
    <p class='ocr_par' dir='ltr' id='par_1_63' title="bbox 2427 557 4004 631">
     <span class='ocr_line' id='line_1_63' title="bbox 2427 557 4004 631; baseline 0.006 -22"><span class='ocrx_word' id='word_1_475' title='bbox 2427 565 2484 609; x_wconf 91' lang='lat' dir='ltr'><strong>ut</strong></span> <span class='ocrx_word' id='word_1_476' title='bbox 2509 571 2705 612; x_wconf 75' lang='lat' dir='ltr'><strong>muscae</strong></span> <span class='ocrx_word' id='word_1_477' title='bbox 2732 557 3057 625; x_wconf 87' lang='lat' dir='ltr'><strong>vulneribus,</strong></span> <span class='ocrx_word' id='word_1_478' title='bbox 3084 559 3164 615; x_wconf 87' lang='lat' dir='ltr'><strong>sic</strong></span> <span class='ocrx_word' id='word_1_479' title='bbox 3186 561 3437 616; x_wconf 90' lang='lat' dir='ltr'><strong>continue</strong></span> <span class='ocrx_word' id='word_1_480' title='bbox 3462 561 3698 631; x_wconf 90' lang='lat' dir='ltr'><strong>ipsorum</strong></span> <span class='ocrx_word' id='word_1_481' title='bbox 3731 564 4004 618; x_wconf 81' lang='lat' dir='ltr'><strong>calamita-</strong></span> 
     </span>
    </p>
   </div>
   <div class='ocr_carea' id='block_1_64' title="bbox 2425 648 4010 720">
    <p class='ocr_par' dir='ltr' id='par_1_64' title="bbox 2425 648 4010 720">
     <span class='ocr_line' id='line_1_64' title="bbox 2425 648 4010 720; baseline 0.008 -20"><span class='ocrx_word' id='word_1_482' title='bbox 2425 648 2565 701; x_wconf 90' lang='lat' dir='ltr'><strong>tibus</strong></span> <span class='ocrx_word' id='word_1_483' title='bbox 2593 648 2918 704; x_wconf 84' lang='lat' dir='ltr'><strong>insistentes.</strong></span> <span class='ocrx_word' id='word_1_484' title='bbox 2951 650 3059 706; x_wconf 86' lang='lat' dir='ltr'><strong>Hos</strong></span> <span class='ocrx_word' id='word_1_485' title='bbox 3088 651 3246 720; x_wconf 88' lang='lat' dir='ltr'><strong>igitur</strong></span> <span class='ocrx_word' id='word_1_486' title='bbox 3285 652 3444 708; x_wconf 92' lang='lat' dir='ltr'><strong>ducet</strong></span> <span class='ocrx_word' id='word_1_487' title='bbox 3483 653 3647 720; x_wconf 89' lang='lat' dir='ltr'><strong>Deus;</strong></span> <span class='ocrx_word' id='word_1_488' title='bbox 3686 670 3789 711; x_wconf 87' lang='lat' dir='ltr'><strong>nec</strong></span> <span class='ocrx_word' id='word_1_489' title='bbox 3824 665 4010 714; x_wconf 87' lang='lat' dir='ltr'><strong>tamen</strong></span> 
     </span>
    </p>
   </div>
   <div class='ocr_carea' id='block_1_65' title="bbox 2425 736 4011 809">
    <p class='ocr_par' dir='ltr' id='par_1_65' title="bbox 2425 736 4011 809">
     <span class='ocr_line' id='line_1_65' title="bbox 2425 736 4011 809; baseline 0.008 -19"><span class='ocrx_word' id='word_1_490' title='bbox 2425 736 2580 802; x_wconf 85' lang='lat' dir='ltr'><strong>dixit,</strong></span> <span class='ocrx_word' id='word_1_491' title='bbox 2609 739 2793 805; x_wconf 90' lang='lat' dir='ltr'><strong>Ducet,</strong></span> <span class='ocrx_word' id='word_1_492' title='bbox 2823 739 2915 796; x_wconf 90' lang='lat' dir='ltr'><strong>sed</strong></span> <span class='ocrx_word' id='word_1_493' title='bbox 2939 741 3191 809; x_wconf 81' lang='lat' dir='ltr'><strong>Sibifabit,</strong></span> <span class='ocrx_word' id='word_1_494' title='bbox 3214 741 3519 799; x_wconf 88' lang='lat' dir='ltr'><strong>facilitatem</strong></span> <span class='ocrx_word' id='word_1_495' title='bbox 3545 761 3800 803; x_wconf 88' lang='lat' dir='ltr'><strong>ascensus</strong></span> <span class='ocrx_word' id='word_1_496' title='bbox 3822 757 4011 803; x_wconf 26' lang='lat' dir='ltr'><strong>ostent-</strong></span> 
     </span>
    </p>
   </div>
   <div class='ocr_carea' id='block_1_66' title="bbox 2427 828 4014 910">
    <p class='ocr_par' dir='ltr' id='par_1_66' title="bbox 2427 828 4014 910">
     <span class='ocr_line' id='line_1_66' title="bbox 2427 828 4014 910; baseline 0.009 -28"><span class='ocrx_word' id='word_1_497' title='bbox 2427 828 2580 893; x_wconf 88' lang='lat' dir='ltr'><strong>dens,</strong></span> <span class='ocrx_word' id='word_1_498' title='bbox 2626 839 2682 884; x_wconf 90' lang='lat' dir='ltr'><strong>et</strong></span> <span class='ocrx_word' id='word_1_499' title='bbox 2729 831 3191 902; x_wconf 77' lang='lat' dir='ltr'><strong>inexpugnabilem</strong></span> <span class='ocrx_word' id='word_1_500' title='bbox 3235 834 3330 890; x_wconf 90' lang='lat' dir='ltr'><strong>Dei</strong></span> <span class='ocrx_word' id='word_1_501' title='bbox 3384 837 3702 905; x_wconf 85' lang='lat' dir='ltr'><strong>potentiam,</strong></span> <span class='ocrx_word' id='word_1_502' title='bbox 3756 839 4014 910; x_wconf 77' lang='lat' dir='ltr'><strong>quodque</strong></span> 
     </span>
    </p>
   </div>
   <div class='ocr_carea' id='block_1_67' title="bbox 2427 917 4016 999">
    <p class='ocr_par' dir='ltr' id='par_1_67' title="bbox 2427 917 4016 999">
     <span class='ocr_line' id='line_1_67' title="bbox 2427 917 4016 999; baseline 0.008 -27"><span class='ocrx_word' id='word_1_503' title='bbox 2427 917 2655 974; x_wconf 88' lang='lat' dir='ltr'><strong>sufficiat</strong></span> <span class='ocrx_word' id='word_1_504' title='bbox 2679 930 2837 974; x_wconf 91' lang='lat' dir='ltr'><strong>nutus</strong></span> <span class='ocrx_word' id='word_1_505' title='bbox 2863 922 2977 990; x_wconf 87' lang='lat' dir='ltr'><strong>ejus</strong></span> <span class='ocrx_word' id='word_1_506' title='bbox 3002 930 3059 976; x_wconf 90' lang='lat' dir='ltr'><strong>ut</strong></span> <span class='ocrx_word' id='word_1_507' title='bbox 3082 923 3258 978; x_wconf 89' lang='lat' dir='ltr'><strong>omnia</strong></span> <span class='ocrx_word' id='word_1_508' title='bbox 3286 933 3591 993; x_wconf 88' lang='lat' dir='ltr'><strong>sequantur.</strong></span> <span class='ocrx_word' id='word_1_509' title='bbox 3622 927 3916 999; x_wconf 81' lang='lat' dir='ltr'><strong>Meritoque</strong></span> <span class='ocrx_word' id='word_1_510' title='bbox 3943 929 4016 984; x_wconf 88' lang='lat' dir='ltr'><strong>ab</strong></span> 
     </span>
    </p>
   </div>
   <div class='ocr_carea' id='block_1_68' title="bbox 2429 1007 4012 1086">
    <p class='ocr_par' dir='ltr' id='par_1_68' title="bbox 2429 1007 4012 1086">
     <span class='ocr_line' id='line_1_68' title="bbox 2429 1007 4012 1086; baseline 0.007 -24"><span class='ocrx_word' id='word_1_511' title='bbox 2429 1007 2512 1063; x_wconf 88' lang='lat' dir='ltr'><strong>his</strong></span> <span class='ocrx_word' id='word_1_512' title='bbox 2532 1011 2889 1066; x_wconf 91' lang='lat' dir='ltr'><strong>comminandi</strong></span> <span class='ocrx_word' id='word_1_513' title='bbox 2920 1013 3298 1068; x_wconf 83' lang='lat' dir='ltr'><strong>initium&#39;ducit</strong></span> <span class='ocrx_word' id='word_1_514' title='bbox 3323 1030 3440 1084; x_wconf 64' lang='lat' dir='ltr'><strong>quas</strong></span> <span class='ocrx_word' id='word_1_515' title='bbox 3461 1015 3568 1084; x_wconf 87' lang='lat' dir='ltr'><strong>jam</strong></span> <span class='ocrx_word' id='word_1_516' title='bbox 3594 1019 3800 1086; x_wconf 77' lang='lat' dir='ltr'><strong>experti</strong></span> <span class='ocrx_word' id='word_1_517' title='bbox 3827 1029 4012 1074; x_wconf 87' lang='lat' dir='ltr'><strong>erant.</strong></span> 
     </span>
    </p>
   </div>
   <div class='ocr_carea' id='block_1_69' title="bbox 2428 1097 4011 1178">
    <p class='ocr_par' dir='ltr' id='par_1_69' title="bbox 2428 1097 4011 1178">
     <span class='ocr_line' id='line_1_69' title="bbox 2428 1097 4011 1178; baseline 0.008 -26"><span class='ocrx_word' id='word_1_518' title='bbox 2428 1097 2497 1152; x_wconf 87' lang='lat' dir='ltr'><strong>Et</strong></span> <span class='ocrx_word' id='word_1_519' title='bbox 2523 1100 2628 1169; x_wconf 85' lang='lat' dir='ltr'><strong>api,</strong></span> <span class='ocrx_word' id='word_1_520' title='bbox 2652 1115 2763 1170; x_wconf 67' lang='lat' dir='ltr'><strong>quae</strong></span> <span class='ocrx_word' id='word_1_521' title='bbox 2784 1110 2856 1155; x_wconf 86' lang='lat' dir='ltr'><strong>est</strong></span> <span class='ocrx_word' id='word_1_522' title='bbox 2879 1102 2932 1156; x_wconf 90' lang='lat' dir='ltr'><strong>in</strong></span> <span class='ocrx_word' id='word_1_523' title='bbox 2953 1112 3082 1156; x_wconf 87' lang='lat' dir='ltr'><strong>terra</strong></span> <span class='ocrx_word' id='word_1_524' title='bbox 3101 1104 3445 1175; x_wconf 83' lang='lat' dir='ltr'><strong>Assyriorum.</strong></span> <span class='ocrx_word' id='word_1_525' title='bbox 3469 1106 3631 1178; x_wconf 83' lang='lat' dir='ltr'><strong>Syrus</strong></span> <span class='ocrx_word' id='word_1_526' title='bbox 3652 1123 3706 1164; x_wconf 90' lang='lat' dir='ltr'><strong>et</strong></span> <span class='ocrx_word' id='word_1_527' title='bbox 3725 1109 4011 1175; x_wconf 71' lang='lat' dir='ltr'><strong>Hebrmus,</strong></span> 
     </span>
    </p>
   </div>
   <div class='ocr_carea' id='block_1_70' title="bbox 2430 1192 4014 1275">
    <p class='ocr_par' dir='ltr' id='par_1_70' title="bbox 2430 1192 4014 1275">
     <span class='ocr_line' id='line_1_70' title="bbox 2430 1192 4014 1275; baseline 0.006 -29"><span class='ocrx_word' id='word_1_528' title='bbox 2430 1199 2489 1246; x_wconf 94' lang='lat' dir='ltr'><strong>ut</strong></span> <span class='ocrx_word' id='word_1_529' title='bbox 2513 1192 2678 1246; x_wconf 91' lang='lat' dir='ltr'><strong>aiunt.</strong></span> <span class='ocrx_word' id='word_1_530' title='bbox 2721 1208 2823 1248; x_wconf 90' lang='lat' dir='ltr'><strong>non</strong></span> <span class='ocrx_word' id='word_1_531' title='bbox 2856 1193 3069 1261; x_wconf 90' lang='lat' dir='ltr'><strong>dicunt,</strong></span> <span class='ocrx_word' id='word_1_532' title='bbox 3101 1197 3240 1264; x_wconf 85' lang='lat' dir='ltr'><strong>Apes</strong></span> <span class='ocrx_word' id='word_1_533' title='bbox 3260 1237 3275 1258; x_wconf 90' lang='lat'><strong>.</strong></span> <span class='ocrx_word' id='word_1_534' title='bbox 3303 1198 3418 1265; x_wconf 89' lang='lat' dir='ltr'><strong>sed,</strong></span> <span class='ocrx_word' id='word_1_535' title='bbox 3447 1198 3723 1256; x_wconf 84' lang='lat' dir='ltr'><strong>Crabroues</strong></span> <span class='ocrx_word' id='word_1_536' title='bbox 3743 1200 3845 1275; x_wconf 81' lang='grc' dir='ltr'><strong>().</strong></span> <span class='ocrx_word' id='word_1_537' title='bbox 3875 1202 4014 1270; x_wconf 83' lang='lat' dir='ltr'><strong>Quia</strong></span> 
     </span>
    </p>
   </div>
   <div class='ocr_carea' id='block_1_71' title="bbox 2429 1285 4017 1361">
    <p class='ocr_par' dir='ltr' id='par_1_71' title="bbox 2429 1285 4017 1361">
     <span class='ocr_line' id='line_1_71' title="bbox 2429 1285 4017 1361; baseline 0.008 -23"><span class='ocrx_word' id='word_1_538' title='bbox 2429 1285 2571 1338; x_wconf 90' lang='lat' dir='ltr'><strong>enim</strong></span> <span class='ocrx_word' id='word_1_539' title='bbox 2599 1299 2704 1339; x_wconf 91' lang='lat' dir='ltr'><strong>non</strong></span> <span class='ocrx_word' id='word_1_540' title='bbox 2731 1287 2848 1340; x_wconf 89' lang='lat' dir='ltr'><strong>illos</strong></span> <span class='ocrx_word' id='word_1_541' title='bbox 2874 1287 3048 1343; x_wconf 92' lang='lat' dir='ltr'><strong>adhuc</strong></span> <span class='ocrx_word' id='word_1_542' title='bbox 3066 1288 3351 1344; x_wconf 89' lang='lat' dir='ltr'><strong>admodum</strong></span> <span class='ocrx_word' id='word_1_543' title='bbox 3381 1291 3584 1360; x_wconf 87' lang='lat' dir='ltr'><strong>experti</strong></span> <span class='ocrx_word' id='word_1_544' title='bbox 3614 1301 3788 1361; x_wconf 92' lang='lat' dir='ltr'><strong>erant,</strong></span> <span class='ocrx_word' id='word_1_545' title='bbox 3819 1294 4017 1351; x_wconf 83' lang='lat' dir='ltr'><strong>insecti</strong></span> 
     </span>
    </p>
   </div>
   <div class='ocr_carea' id='block_1_72' title="bbox 2431 1373 4015 1453">
    <p class='ocr_par' dir='ltr' id='par_1_72' title="bbox 2431 1373 4015 1453">
     <span class='ocr_line' id='line_1_72' title="bbox 2431 1373 4015 1453; baseline 0.008 -25"><span class='ocrx_word' id='word_1_546' title='bbox 2431 1373 2591 1444; x_wconf 90' lang='lat' dir='ltr'><strong>hujus</strong></span> <span class='ocrx_word' id='word_1_547' title='bbox 2620 1377 2849 1446; x_wconf 87' lang='lat' dir='ltr'><strong>imagine</strong></span> <span class='ocrx_word' id='word_1_548' title='bbox 2876 1378 2927 1432; x_wconf 92' lang='lat' dir='ltr'><strong>in</strong></span> <span class='ocrx_word' id='word_1_549' title='bbox 2957 1378 3280 1434; x_wconf 83' lang='lat' dir='ltr'><strong>anxietatem</strong></span> <span class='ocrx_word' id='word_1_550' title='bbox 3312 1380 3430 1435; x_wconf 87' lang='lat' dir='ltr'><strong>illos</strong></span> <span class='ocrx_word' id='word_1_551' title='bbox 3463 1381 3729 1451; x_wconf 87' lang='lat' dir='ltr'><strong>ingentem</strong></span> <span class='ocrx_word' id='word_1_552' title='bbox 3753 1384 4015 1453; x_wconf 83' lang='lat' dir='ltr'><strong>conjicie-</strong></span> 
     </span>
    </p>
   </div>
   <div class='ocr_carea' id='block_1_73' title="bbox 2432 1463 4015 1544">
    <p class='ocr_par' dir='ltr' id='par_1_73' title="bbox 2432 1463 4015 1544">
     <span class='ocr_line' id='line_1_73' title="bbox 2432 1463 4015 1544; baseline 0.006 -25"><span class='ocrx_word' id='word_1_553' title='bbox 2432 1463 2542 1528; x_wconf 90' lang='lat' dir='ltr'><strong>bat,</strong></span> <span class='ocrx_word' id='word_1_554' title='bbox 2577 1463 2703 1520; x_wconf 88' lang='lat' dir='ltr'><strong>hinc</strong></span> <span class='ocrx_word' id='word_1_555' title='bbox 2742 1465 3020 1522; x_wconf 88' lang='lat' dir='ltr'><strong>declarans</strong></span> <span class='ocrx_word' id='word_1_556' title='bbox 3059 1468 3267 1525; x_wconf 89' lang='lat' dir='ltr'><strong>illorum</strong></span> <span class='ocrx_word' id='word_1_557' title='bbox 3295 1469 3709 1536; x_wconf 86' lang='lat' dir='ltr'><strong>vehementiam,</strong></span> <span class='ocrx_word' id='word_1_558' title='bbox 3740 1473 4015 1544; x_wconf 87' lang='lat' dir='ltr'><strong>pungendi</strong></span> 
     </span>
    </p>
   </div>
   <div class='ocr_carea' id='block_1_74' title="bbox 2434 1555 4015 1629">
    <p class='ocr_par' dir='ltr' id='par_1_74' title="bbox 2434 1555 4015 1629">
     <span class='ocr_line' id='line_1_74' title="bbox 2434 1555 4015 1629; baseline 0.005 -19"><span class='ocrx_word' id='word_1_559' title='bbox 2434 1555 2539 1611; x_wconf 84' lang='lat' dir='ltr'><strong>vim</strong></span> <span class='ocrx_word' id='word_1_560' title='bbox 2568 1565 2725 1625; x_wconf 89' lang='lat' dir='ltr'><strong>atque</strong></span> <span class='ocrx_word' id='word_1_561' title='bbox 2753 1557 3049 1627; x_wconf 88' lang='lat' dir='ltr'><strong>pugnandi,</strong></span> <span class='ocrx_word' id='word_1_562' title='bbox 3080 1559 3362 1615; x_wconf 90' lang='lat' dir='ltr'><strong>vulnerum</strong></span> <span class='ocrx_word' id='word_1_563' title='bbox 3405 1561 3746 1618; x_wconf 88' lang='lat' dir='ltr'><strong>acerbitatem</strong></span> <span class='ocrx_word' id='word_1_564' title='bbox 3765 1603 3780 1629; x_wconf 94' lang='lat'><strong>,</strong></span> <span class='ocrx_word' id='word_1_565' title='bbox 3809 1563 4015 1618; x_wconf 82' lang='lat' dir='ltr'><strong>veloci-</strong></span> 
     </span>
    </p>
   </div>
   <div class='ocr_carea' id='block_1_75' title="bbox 2437 1643 4015 1717">
    <p class='ocr_par' dir='ltr' id='par_1_75' title="bbox 2437 1643 4015 1717">
     <span class='ocr_line' id='line_1_75' title="bbox 2437 1643 4015 1717; baseline 0.004 -15"><span class='ocrx_word' id='word_1_566' title='bbox 2437 1655 2598 1702; x_wconf 90' lang='lat' dir='ltr'><strong>tatem</strong></span> <span class='ocrx_word' id='word_1_567' title='bbox 2640 1648 2897 1704; x_wconf 90' lang='lat' dir='ltr'><strong>adventus</strong></span> <span class='ocrx_word' id='word_1_568' title='bbox 2921 1690 2938 1717; x_wconf 95' lang='lat'><strong>,</strong></span> <span class='ocrx_word' id='word_1_569' title='bbox 2982 1665 3041 1705; x_wconf 86' lang='lat' dir='ltr'><strong>se</strong></span> <span class='ocrx_word' id='word_1_570' title='bbox 3081 1650 3149 1706; x_wconf 91' lang='lat' dir='ltr'><strong>ab</strong></span> <span class='ocrx_word' id='word_1_571' title='bbox 3179 1653 3256 1707; x_wconf 90' lang='lat' dir='ltr'><strong>eis</strong></span> <span class='ocrx_word' id='word_1_572' title='bbox 3287 1652 3465 1707; x_wconf 91' lang='lat' dir='ltr'><strong>tuendi</strong></span> <span class='ocrx_word' id='word_1_573' title='bbox 3495 1643 3891 1711; x_wconf 88' lang='lat' dir='ltr'><strong>difficultatem.</strong></span> <span class='ocrx_word' id='word_1_574' title='bbox 3925 1657 4015 1712; x_wconf 76' lang='grc'><strong>19.</strong></span> 
     </span>
    </p>
   </div>
   <div class='ocr_carea' id='block_1_76' title="bbox 2436 1738 4018 1818">
    <p class='ocr_par' dir='ltr' id='par_1_76' title="bbox 2436 1738 4018 1818">
     <span class='ocr_line' id='line_1_76' title="bbox 2436 1738 4018 1818; baseline 0.004 -25"><span class='ocrx_word' id='word_1_575' title='bbox 2436 1738 2506 1793; x_wconf 88' lang='lat' dir='ltr'><strong>Et</strong></span> <span class='ocrx_word' id='word_1_576' title='bbox 2532 1742 2725 1795; x_wconf 78' lang='lat' dir='ltr'><strong>uenient</strong></span> <span class='ocrx_word' id='word_1_577' title='bbox 2753 1751 2799 1796; x_wconf 90' lang='lat' dir='ltr'><strong>et</strong></span> <span class='ocrx_word' id='word_1_578' title='bbox 2824 1743 3124 1812; x_wconf 86' lang='lat' dir='ltr'><strong>requiescent</strong></span> <span class='ocrx_word' id='word_1_579' title='bbox 3161 1760 3334 1799; x_wconf 88' lang='lat' dir='ltr'><strong>omnes</strong></span> <span class='ocrx_word' id='word_1_580' title='bbox 3371 1745 3425 1798; x_wconf 90' lang='lat' dir='ltr'><strong>in</strong></span> <span class='ocrx_word' id='word_1_581' title='bbox 3455 1745 3662 1801; x_wconf 80' lang='lat' dir='ltr'><strong>vallibus</strong></span> <span class='ocrx_word' id='word_1_582' title='bbox 3685 1747 3910 1818; x_wconf 85' lang='lat' dir='ltr'><strong>regionis</strong></span> <span class='ocrx_word' id='word_1_583' title='bbox 3928 1789 3944 1814; x_wconf 96' lang='lat'><strong>,</strong></span> <span class='ocrx_word' id='word_1_584' title='bbox 3974 1757 4018 1801; x_wconf 90' lang='lat' dir='ltr'><strong>et</strong></span> 
     </span>
    </p>
   </div>
   <div class='ocr_carea' id='block_1_77' title="bbox 2436 1831 4020 1906">
    <p class='ocr_par' dir='ltr' id='par_1_77' title="bbox 2436 1831 4020 1906">
     <span class='ocr_line' id='line_1_77' title="bbox 2436 1831 4020 1906; baseline 0.004 -21"><span class='ocrx_word' id='word_1_585' title='bbox 2436 1832 2487 1885; x_wconf 92' lang='lat' dir='ltr'><strong>in</strong></span> <span class='ocrx_word' id='word_1_586' title='bbox 2515 1831 2846 1900; x_wconf 79' lang='lat' dir='ltr'><strong>foraminibus</strong></span> <span class='ocrx_word' id='word_1_587' title='bbox 2884 1844 3170 1904; x_wconf 84' lang='lat' dir='ltr'><strong>petrarum,</strong></span> <span class='ocrx_word' id='word_1_588' title='bbox 3217 1845 3264 1889; x_wconf 89' lang='lat' dir='ltr'><strong>et</strong></span> <span class='ocrx_word' id='word_1_589' title='bbox 3302 1836 3355 1890; x_wconf 91' lang='lat' dir='ltr'><strong>in</strong></span> <span class='ocrx_word' id='word_1_590' title='bbox 3396 1837 3676 1906; x_wconf 80' lang='lat' dir='ltr'><strong>speluncis,</strong></span> <span class='ocrx_word' id='word_1_591' title='bbox 3726 1850 3773 1892; x_wconf 88' lang='lat' dir='ltr'><strong>et</strong></span> <span class='ocrx_word' id='word_1_592' title='bbox 3803 1839 3853 1892; x_wconf 90' lang='lat' dir='ltr'><strong>in</strong></span> <span class='ocrx_word' id='word_1_593' title='bbox 3881 1840 4020 1892; x_wconf 69' lang='lat' dir='ltr'><strong>enini</strong></span> 
     </span>
    </p>
   </div>
   <div class='ocr_carea' id='block_1_78' title="bbox 2439 1923 4017 1997">
    <p class='ocr_par' dir='ltr' id='par_1_78' title="bbox 2439 1923 4017 1997">
     <span class='ocr_line' id='line_1_78' title="bbox 2439 1923 4017 1997; baseline 0.004 -21"><span class='ocrx_word' id='word_1_594' title='bbox 2439 1923 2643 1990; x_wconf 82' lang='lat' dir='ltr'><strong>ssura,</strong></span> <span class='ocrx_word' id='word_1_595' title='bbox 2674 1933 2720 1976; x_wconf 88' lang='lat' dir='ltr'><strong>et</strong></span> <span class='ocrx_word' id='word_1_596' title='bbox 2758 1924 2811 1977; x_wconf 88' lang='lat' dir='ltr'><strong>in</strong></span> <span class='ocrx_word' id='word_1_597' title='bbox 2840 1926 2974 1979; x_wconf 88' lang='lat' dir='ltr'><strong>omni</strong></span> <span class='ocrx_word' id='word_1_598' title='bbox 3019 1926 3175 1996; x_wconf 86' lang='lat' dir='ltr'><strong>ligno.</strong></span> <span class='ocrx_word' id='word_1_599' title='bbox 3209 1925 3486 1980; x_wconf 85' lang='lat' dir='ltr'><strong>Enarralis</strong></span> <span class='ocrx_word' id='word_1_600' title='bbox 3509 1927 3745 1997; x_wconf 87' lang='lat' dir='ltr'><strong>gentium</strong></span> <span class='ocrx_word' id='word_1_601' title='bbox 3775 1935 3983 1983; x_wconf 84' lang='lat' dir='ltr'><strong>terrore</strong></span> <span class='ocrx_word' id='word_1_602' title='bbox 4002 1970 4017 1995; x_wconf 91' lang='lat'><strong>,</strong></span> 
     </span>
    </p>
   </div>
   <div class='ocr_carea' id='block_1_79' title="bbox 2439 2012 4022 2082">
    <p class='ocr_par' dir='ltr' id='par_1_79' title="bbox 2439 2012 4022 2082">
     <span class='ocr_line' id='line_1_79' title="bbox 2439 2012 4022 2082; baseline 0.004 -15"><span class='ocrx_word' id='word_1_603' title='bbox 2439 2012 2808 2082; x_wconf 83' lang='lat' dir='ltr'><strong>exercitusque</strong></span> <span class='ocrx_word' id='word_1_604' title='bbox 2863 2015 3170 2081; x_wconf 83' lang='lat' dir='ltr'><strong>celeritate,</strong></span> <span class='ocrx_word' id='word_1_605' title='bbox 3225 2015 3615 2071; x_wconf 87' lang='lat' dir='ltr'><strong>multitudinem</strong></span> <span class='ocrx_word' id='word_1_606' title='bbox 3663 2015 3879 2071; x_wconf 90' lang='lat' dir='ltr'><strong>demum</strong></span> <span class='ocrx_word' id='word_1_607' title='bbox 3933 2032 4022 2075; x_wconf 83' lang='lat' dir='ltr'><strong>re-</strong></span> 
     </span>
    </p>
   </div>
   <div class='ocr_carea' id='block_1_80' title="bbox 2439 2103 4020 2178">
    <p class='ocr_par' dir='ltr' id='par_1_80' title="bbox 2439 2103 4020 2178">
     <span class='ocr_line' id='line_1_80' title="bbox 2439 2103 4020 2178; baseline 0.002 -21"><span class='ocrx_word' id='word_1_608' title='bbox 2439 2112 2640 2158; x_wconf 89' lang='lat' dir='ltr'><strong>censet.</strong></span> <span class='ocrx_word' id='word_1_609' title='bbox 2665 2103 2778 2158; x_wconf 83' lang='lat' dir='ltr'><strong>Non</strong></span> <span class='ocrx_word' id='word_1_610' title='bbox 2813 2104 2966 2172; x_wconf 87' lang='lat' dir='ltr'><strong>dixit,</strong></span> <span class='ocrx_word' id='word_1_611' title='bbox 2982 2103 3524 2171; x_wconf 86' lang='lat' dir='ltr'><strong>Castrametabuntur,</strong></span> <span class='ocrx_word' id='word_1_612' title='bbox 3538 2106 3651 2173; x_wconf 90' lang='lat' dir='ltr'><strong>scd,</strong></span> <span class='ocrx_word' id='word_1_613' title='bbox 3668 2106 4020 2178; x_wconf 80' lang='lat' dir='ltr'><strong>Requiescem,</strong></span> 
     </span>
    </p>
   </div>
   <div class='ocr_carea' id='block_1_81' title="bbox 2443 2197 4022 2269">
    <p class='ocr_par' dir='ltr' id='par_1_81' title="bbox 2443 2197 4022 2269">
     <span class='ocr_line' id='line_1_81' title="bbox 2443 2197 4022 2269; baseline 0.004 -23"><span class='ocrx_word' id='word_1_614' title='bbox 2443 2208 2615 2263; x_wconf 90' lang='lat' dir='ltr'><strong>neque</strong></span> <span class='ocrx_word' id='word_1_615' title='bbox 2641 2205 2893 2249; x_wconf 88' lang='lat' dir='ltr'><strong>venturos</strong></span> <span class='ocrx_word' id='word_1_616' title='bbox 2918 2198 3065 2265; x_wconf 90' lang='lat' dir='ltr'><strong>quasi</strong></span> <span class='ocrx_word' id='word_1_617' title='bbox 3086 2197 3150 2250; x_wconf 87' lang='lat' dir='ltr'><strong>ad</strong></span> <span class='ocrx_word' id='word_1_618' title='bbox 3174 2197 3422 2252; x_wconf 73' lang='lat' dir='ltr'><strong>hostilem</strong></span> <span class='ocrx_word' id='word_1_619' title='bbox 3442 2198 3734 2267; x_wconf 86' lang='lat' dir='ltr'><strong>regionem,</strong></span> <span class='ocrx_word' id='word_1_620' title='bbox 3754 2198 3846 2254; x_wconf 88' lang='lat' dir='ltr'><strong>sed</strong></span> <span class='ocrx_word' id='word_1_621' title='bbox 3871 2200 4022 2269; x_wconf 77' lang='lat' dir='ltr'><strong>quasi</strong></span> 
     </span>
    </p>
   </div>
   <div class='ocr_carea' id='block_1_82' title="bbox 2442 2283 4022 2357">
    <p class='ocr_par' dir='ltr' id='par_1_82' title="bbox 2442 2283 4022 2357">
     <span class='ocr_line' id='line_1_82' title="bbox 2442 2283 4022 2357; baseline 0.003 -19"><span class='ocrx_word' id='word_1_622' title='bbox 2442 2283 2497 2338; x_wconf 92' lang='lat' dir='ltr'><strong>in</strong></span> <span class='ocrx_word' id='word_1_623' title='bbox 2529 2287 2742 2355; x_wconf 88' lang='lat' dir='ltr'><strong>propria</strong></span> <span class='ocrx_word' id='word_1_624' title='bbox 2769 2285 2973 2340; x_wconf 88' lang='lat' dir='ltr'><strong>deliciis</strong></span> <span class='ocrx_word' id='word_1_625' title='bbox 2992 2302 3052 2341; x_wconf 90' lang='lat' dir='ltr'><strong>se</strong></span> <span class='ocrx_word' id='word_1_626' title='bbox 3075 2286 3370 2354; x_wconf 89' lang='lat' dir='ltr'><strong>dedituros,</strong></span> <span class='ocrx_word' id='word_1_627' title='bbox 3392 2289 3539 2357; x_wconf 90' lang='lat' dir='ltr'><strong>quasi</strong></span> <span class='ocrx_word' id='word_1_628' title='bbox 3565 2288 3708 2342; x_wconf 91' lang='lat' dir='ltr'><strong>nullo</strong></span> <span class='ocrx_word' id='word_1_629' title='bbox 3729 2287 3914 2342; x_wconf 87' lang='lat' dir='ltr'><strong>labore</strong></span> <span class='ocrx_word' id='word_1_630' title='bbox 3940 2288 4022 2342; x_wconf 90' lang='lat' dir='ltr'><strong>vel</strong></span> 
     </span>
    </p>
   </div>
   <div class='ocr_carea' id='block_1_83' title="bbox 2443 2375 4023 2449">
    <p class='ocr_par' dir='ltr' id='par_1_83' title="bbox 2443 2375 4023 2449">
     <span class='ocr_line' id='line_1_83' title="bbox 2443 2375 4023 2449; baseline 0.003 -19"><span class='ocrx_word' id='word_1_631' title='bbox 2443 2375 2818 2446; x_wconf 89' lang='lat' dir='ltr'><strong>defatigatione</strong></span> <span class='ocrx_word' id='word_1_632' title='bbox 2846 2385 3060 2448; x_wconf 85' lang='lat' dir='ltr'><strong>egeant,</strong></span> <span class='ocrx_word' id='word_1_633' title='bbox 3090 2378 3183 2433; x_wconf 90' lang='lat' dir='ltr'><strong>sed</strong></span> <span class='ocrx_word' id='word_1_634' title='bbox 3211 2378 3359 2449; x_wconf 91' lang='lat' dir='ltr'><strong>quasi</strong></span> <span class='ocrx_word' id='word_1_635' title='bbox 3390 2379 3454 2434; x_wconf 93' lang='lat' dir='ltr'><strong>ad</strong></span> <span class='ocrx_word' id='word_1_636' title='bbox 3483 2389 3679 2434; x_wconf 88' lang='lat' dir='ltr'><strong>certam</strong></span> <span class='ocrx_word' id='word_1_637' title='bbox 3711 2379 3985 2435; x_wconf 90' lang='lat' dir='ltr'><strong>victoriam</strong></span> <span class='ocrx_word' id='word_1_638' title='bbox 4006 2420 4023 2446; x_wconf 94' lang='lat'><strong>,</strong></span> 
     </span>
    </p>
   </div>
   <div class='ocr_carea' id='block_1_84' title="bbox 2445 2467 4022 2540">
    <p class='ocr_par' dir='ltr' id='par_1_84' title="bbox 2445 2467 4022 2540">
     <span class='ocr_line' id='line_1_84' title="bbox 2445 2467 4022 2540; baseline 0 -18"><span class='ocrx_word' id='word_1_639' title='bbox 2445 2474 2500 2522; x_wconf 87' lang='lat' dir='ltr'><strong>et</strong></span> <span class='ocrx_word' id='word_1_640' title='bbox 2525 2477 2756 2537; x_wconf 89' lang='lat' dir='ltr'><strong>paratam</strong></span> <span class='ocrx_word' id='word_1_641' title='bbox 2787 2468 3037 2536; x_wconf 86' lang='lat' dir='ltr'><strong>praedam.</strong></span> <span class='ocrx_word' id='word_1_642' title='bbox 3063 2467 3265 2524; x_wconf 89' lang='lat' dir='ltr'><strong>Idcirco</strong></span> <span class='ocrx_word' id='word_1_643' title='bbox 3289 2470 3379 2534; x_wconf 91' lang='lat' dir='ltr'><strong>ait,</strong></span> <span class='ocrx_word' id='word_1_644' title='bbox 3407 2467 3614 2524; x_wconf 73' lang='lat' dir='ltr'><strong>Veniant</strong></span> <span class='ocrx_word' id='word_1_645' title='bbox 3635 2480 3679 2524; x_wconf 87' lang='lat' dir='ltr'><strong>et</strong></span> <span class='ocrx_word' id='word_1_646' title='bbox 3699 2472 4022 2540; x_wconf 78' lang='lat' dir='ltr'><strong>requiescens,</strong></span> 
     </span>
    </p>
   </div>
   <div class='ocr_carea' id='block_1_85' title="bbox 2447 2557 4028 2632">
    <p class='ocr_par' dir='ltr' id='par_1_85' title="bbox 2447 2557 4028 2632">
     <span class='ocr_line' id='line_1_85' title="bbox 2447 2557 4028 2632; baseline 0.004 -22"><span class='ocrx_word' id='word_1_647' title='bbox 2447 2557 2589 2627; x_wconf 90' lang='lat' dir='ltr'><strong>quod</strong></span> <span class='ocrx_word' id='word_1_648' title='bbox 2620 2559 2849 2614; x_wconf 89' lang='lat' dir='ltr'><strong>victores</strong></span> <span class='ocrx_word' id='word_1_649' title='bbox 2891 2560 3122 2625; x_wconf 87' lang='lat' dir='ltr'><strong>indicat,</strong></span> <span class='ocrx_word' id='word_1_650' title='bbox 3173 2567 3432 2630; x_wconf 74' lang='lat' dir='ltr'><strong>tropmum</strong></span> <span class='ocrx_word' id='word_1_651' title='bbox 3477 2562 3777 2631; x_wconf 84' lang='lat' dir='ltr'><strong>erigentes,</strong></span> <span class='ocrx_word' id='word_1_652' title='bbox 3823 2571 3879 2618; x_wconf 89' lang='lat' dir='ltr'><strong>et</strong></span> <span class='ocrx_word' id='word_1_653' title='bbox 3913 2571 4028 2632; x_wconf 80' lang='lat' dir='ltr'><strong>post</strong></span> 
     </span>
    </p>
   </div>
   <div class='ocr_carea' id='block_1_86' title="bbox 2449 2648 4024 2722">
    <p class='ocr_par' dir='ltr' id='par_1_86' title="bbox 2449 2648 4024 2722">
     <span class='ocr_line' id='line_1_86' title="bbox 2449 2648 4024 2722; baseline 0.004 -22"><span class='ocrx_word' id='word_1_654' title='bbox 2449 2648 2676 2701; x_wconf 91' lang='lat' dir='ltr'><strong>multum</strong></span> <span class='ocrx_word' id='word_1_655' title='bbox 2732 2649 2981 2703; x_wconf 89' lang='lat' dir='ltr'><strong>sudorem</strong></span> <span class='ocrx_word' id='word_1_656' title='bbox 3033 2650 3335 2719; x_wconf 89' lang='lat' dir='ltr'><strong>multasque</strong></span> <span class='ocrx_word' id='word_1_657' title='bbox 3381 2649 3558 2706; x_wconf 70' lang='lat' dir='ltr'><strong>caedes</strong></span> <span class='ocrx_word' id='word_1_658' title='bbox 3607 2653 4024 2722; x_wconf 84' lang='lat' dir='ltr'><strong>requiescentes.</strong></span> 
     </span>
    </p>
   </div>
   <div class='ocr_carea' id='block_1_87' title="bbox 2448 2737 4025 2814">
    <p class='ocr_par' dir='ltr' id='par_1_87' title="bbox 2448 2737 4025 2814">
     <span class='ocr_line' id='line_1_87' title="bbox 2448 2737 4025 2814; baseline 0.004 -21"><span class='ocrx_word' id='word_1_659' title='bbox 2448 2738 2630 2808; x_wconf 87' lang='lat' dir='ltr'><strong>Neque</strong></span> <span class='ocrx_word' id='word_1_660' title='bbox 2658 2737 2712 2793; x_wconf 90' lang='lat' dir='ltr'><strong>in</strong></span> <span class='ocrx_word' id='word_1_661' title='bbox 2738 2741 3022 2809; x_wconf 87' lang='lat' dir='ltr'><strong>campestri</strong></span> <span class='ocrx_word' id='word_1_662' title='bbox 3054 2740 3223 2795; x_wconf 89' lang='lat' dir='ltr'><strong>solum</strong></span> <span class='ocrx_word' id='word_1_663' title='bbox 3256 2741 3375 2796; x_wconf 92' lang='lat' dir='ltr'><strong>loco</strong></span> <span class='ocrx_word' id='word_1_664' title='bbox 3400 2742 3764 2812; x_wconf 90' lang='lat' dir='ltr'><strong>requiescent;</strong></span> <span class='ocrx_word' id='word_1_665' title='bbox 3787 2743 3882 2799; x_wconf 87' lang='lat' dir='ltr'><strong>sed</strong></span> <span class='ocrx_word' id='word_1_666' title='bbox 3908 2744 4025 2814; x_wconf 88' lang='lat' dir='ltr'><strong>quia</strong></span> 
     </span>
    </p>
   </div>
   <div class='ocr_carea' id='block_1_88' title="bbox 2452 2829 4027 2905">
    <p class='ocr_par' dir='ltr' id='par_1_88' title="bbox 2452 2829 4027 2905">
     <span class='ocr_line' id='line_1_88' title="bbox 2452 2829 4027 2905; baseline 0.004 -22"><span class='ocrx_word' id='word_1_667' title='bbox 2452 2829 2712 2884; x_wconf 84' lang='lat' dir='ltr'><strong>immensa</strong></span> <span class='ocrx_word' id='word_1_668' title='bbox 2757 2841 2881 2885; x_wconf 90' lang='lat' dir='ltr'><strong>sunt</strong></span> <span class='ocrx_word' id='word_1_669' title='bbox 2922 2830 3240 2899; x_wconf 89' lang='lat' dir='ltr'><strong>multitudo,</strong></span> <span class='ocrx_word' id='word_1_670' title='bbox 3286 2847 3392 2887; x_wconf 91' lang='lat' dir='ltr'><strong>non</strong></span> <span class='ocrx_word' id='word_1_671' title='bbox 3432 2847 3600 2903; x_wconf 84' lang='lat' dir='ltr'><strong>capax</strong></span> <span class='ocrx_word' id='word_1_672' title='bbox 3633 2833 3736 2889; x_wconf 91' lang='lat' dir='ltr'><strong>erit</strong></span> <span class='ocrx_word' id='word_1_673' title='bbox 3776 2835 3925 2905; x_wconf 84' lang='lat' dir='ltr'><strong>regio</strong></span> <span class='ocrx_word' id='word_1_674' title='bbox 3955 2843 4027 2890; x_wconf 90' lang='lat' dir='ltr'><strong>tot</strong></span> 
     </span>
    </p>
   </div>
   <div class='ocr_carea' id='block_1_89' title="bbox 2452 2922 4025 2993">
    <p class='ocr_par' dir='ltr' id='par_1_89' title="bbox 2452 2922 4025 2993">
     <span class='ocr_line' id='line_1_89' title="bbox 2452 2922 4025 2993; baseline 0.003 -17"><span class='ocrx_word' id='word_1_675' title='bbox 2452 2935 2759 2991; x_wconf 89' lang='lat' dir='ltr'><strong>corporum,</strong></span> <span class='ocrx_word' id='word_1_676' title='bbox 2788 2922 2883 2978; x_wconf 89' lang='lat' dir='ltr'><strong>sed</strong></span> <span class='ocrx_word' id='word_1_677' title='bbox 2902 2923 3088 2988; x_wconf 90' lang='lat' dir='ltr'><strong>valles,</strong></span> <span class='ocrx_word' id='word_1_678' title='bbox 3106 2933 3290 2992; x_wconf 64' lang='lat' dir='ltr'><strong>petrae,</strong></span> <span class='ocrx_word' id='word_1_679' title='bbox 3318 2934 3547 2992; x_wconf 89' lang='lat' dir='ltr'><strong>montes,</strong></span> <span class='ocrx_word' id='word_1_680' title='bbox 3573 2925 3760 2993; x_wconf 86' lang='lat' dir='ltr'><strong>saltus,</strong></span> <span class='ocrx_word' id='word_1_681' title='bbox 3780 2938 3833 2983; x_wconf 91' lang='lat' dir='ltr'><strong>et</strong></span> <span class='ocrx_word' id='word_1_682' title='bbox 3853 2931 4025 2981; x_wconf 84' lang='lat' dir='ltr'><strong>omnia</strong></span> 
     </span>
    </p>
   </div>
   <div class='ocr_carea' id='block_1_90' title="bbox 2454 3015 4026 3090">
    <p class='ocr_par' dir='ltr' id='par_1_90' title="bbox 2454 3015 4026 3090">
     <span class='ocr_line' id='line_1_90' title="bbox 2454 3015 4026 3090; baseline 0.004 -21"><span class='ocrx_word' id='word_1_683' title='bbox 2454 3015 2773 3085; x_wconf 86' lang='lat' dir='ltr'><strong>obtegentur</strong></span> <span class='ocrx_word' id='word_1_684' title='bbox 2809 3017 3158 3073; x_wconf 88' lang='lat' dir='ltr'><strong>barbarorum</strong></span> <span class='ocrx_word' id='word_1_685' title='bbox 3208 3020 3542 3089; x_wconf 88' lang='lat' dir='ltr'><strong>corporibus.</strong></span> <span class='ocrx_word' id='word_1_686' title='bbox 3572 3019 3906 3090; x_wconf 84' lang='lat' dir='ltr'><strong>Quamquam</strong></span> <span class='ocrx_word' id='word_1_687' title='bbox 3933 3023 4026 3077; x_wconf 88' lang='lat' dir='ltr'><strong>etsi</strong></span> 
     </span>
    </p>
   </div>
   <div class='ocr_carea' id='block_1_91' title="bbox 2455 3108 4028 3182">
    <p class='ocr_par' dir='ltr' id='par_1_91' title="bbox 2455 3108 4028 3182">
     <span class='ocr_line' id='line_1_91' title="bbox 2455 3108 4028 3182; baseline 0.002 -19"><span class='ocrx_word' id='word_1_688' title='bbox 2455 3122 2562 3163; x_wconf 90' lang='lat' dir='ltr'><strong>non</strong></span> <span class='ocrx_word' id='word_1_689' title='bbox 2586 3117 2688 3164; x_wconf 87' lang='lat' dir='ltr'><strong>tam</strong></span> <span class='ocrx_word' id='word_1_690' title='bbox 2714 3108 2917 3164; x_wconf 90' lang='lat' dir='ltr'><strong>feroces</strong></span> <span class='ocrx_word' id='word_1_691' title='bbox 2939 3109 3176 3174; x_wconf 89' lang='lat' dir='ltr'><strong>fuissent,</strong></span> <span class='ocrx_word' id='word_1_692' title='bbox 3195 3125 3364 3180; x_wconf 88' lang='lat' dir='ltr'><strong>neque</strong></span> <span class='ocrx_word' id='word_1_693' title='bbox 3383 3112 3460 3166; x_wconf 91' lang='lat' dir='ltr'><strong>sic</strong></span> <span class='ocrx_word' id='word_1_694' title='bbox 3488 3121 3738 3182; x_wconf 87' lang='lat' dir='ltr'><strong>superatu</strong></span> <span class='ocrx_word' id='word_1_695' title='bbox 3756 3111 3938 3168; x_wconf 84' lang='lat' dir='ltr'><strong>faciles</strong></span> <span class='ocrx_word' id='word_1_696' title='bbox 3958 3113 4028 3182; x_wconf 75' lang='grc' dir='ltr'><strong>()</strong></span> 
     </span>
    </p>
   </div>
   <div class='ocr_carea' id='block_1_92' title="bbox 2457 3199 4028 3271">
    <p class='ocr_par' dir='ltr' id='par_1_92' title="bbox 2457 3199 4028 3271">
     <span class='ocr_line' id='line_1_92' title="bbox 2457 3199 4028 3271; baseline 0.004 -18"><span class='ocrx_word' id='word_1_697' title='bbox 2457 3207 2610 3253; x_wconf 90' lang='lat' dir='ltr'><strong>erant</strong></span> <span class='ocrx_word' id='word_1_698' title='bbox 2630 3240 2644 3264; x_wconf 89' lang='lat'><strong>,</strong></span> <span class='ocrx_word' id='word_1_699' title='bbox 2688 3199 2971 3254; x_wconf 89' lang='lat' dir='ltr'><strong>multitudo</strong></span> <span class='ocrx_word' id='word_1_700' title='bbox 2999 3201 3195 3271; x_wconf 88' lang='lat' dir='ltr'><strong>quippe</strong></span> <span class='ocrx_word' id='word_1_701' title='bbox 3229 3201 3525 3258; x_wconf 88' lang='lat' dir='ltr'><strong>sufficiebat</strong></span> <span class='ocrx_word' id='word_1_702' title='bbox 3548 3202 3612 3257; x_wconf 88' lang='lat' dir='ltr'><strong>ad</strong></span> <span class='ocrx_word' id='word_1_703' title='bbox 3642 3202 3766 3258; x_wconf 88' lang='lat' dir='ltr'><strong>illos</strong></span> <span class='ocrx_word' id='word_1_704' title='bbox 3791 3214 4028 3260; x_wconf 86' lang='lat' dir='ltr'><strong>conster-</strong></span> 
     </span>
    </p>
   </div>
   <div class='ocr_carea' id='block_1_93' title="bbox 2458 3288 4029 3362">
    <p class='ocr_par' dir='ltr' id='par_1_93' title="bbox 2458 3288 4029 3362">
     <span class='ocr_line' id='line_1_93' title="bbox 2458 3288 4029 3362; baseline 0.004 -20"><span class='ocrx_word' id='word_1_705' title='bbox 2458 3288 2936 3358; x_wconf 90' lang='lat' dir='ltr'><strong>nendos:quando</strong></span> <span class='ocrx_word' id='word_1_706' title='bbox 2980 3299 3156 3346; x_wconf 89' lang='lat' dir='ltr'><strong>autem</strong></span> <span class='ocrx_word' id='word_1_707' title='bbox 3197 3300 3481 3362; x_wconf 90' lang='lat' dir='ltr'><strong>utrumque</strong></span> <span class='ocrx_word' id='word_1_708' title='bbox 3523 3291 3742 3360; x_wconf 89' lang='lat' dir='ltr'><strong>aderat,</strong></span> <span class='ocrx_word' id='word_1_709' title='bbox 3791 3303 3847 3351; x_wconf 86' lang='lat' dir='ltr'><strong>et</strong></span> <span class='ocrx_word' id='word_1_710' title='bbox 3895 3304 4029 3350; x_wconf 87' lang='lat' dir='ltr'><strong>tanta</strong></span> 
     </span>
    </p>
   </div>
   <div class='ocr_carea' id='block_1_94' title="bbox 2460 3381 4029 3455">
    <p class='ocr_par' dir='ltr' id='par_1_94' title="bbox 2460 3381 4029 3455">
     <span class='ocr_line' id='line_1_94' title="bbox 2460 3381 4029 3455; baseline 0.003 -19"><span class='ocrx_word' id='word_1_711' title='bbox 2460 3381 2773 3445; x_wconf 88' lang='lat' dir='ltr'><strong>multitudo,</strong></span> <span class='ocrx_word' id='word_1_712' title='bbox 2805 3391 2858 3436; x_wconf 92' lang='lat' dir='ltr'><strong>et</strong></span> <span class='ocrx_word' id='word_1_713' title='bbox 2886 3392 2990 3435; x_wconf 90' lang='lat' dir='ltr'><strong>tam</strong></span> <span class='ocrx_word' id='word_1_714' title='bbox 3032 3383 3220 3450; x_wconf 88' lang='lat' dir='ltr'><strong>ingens</strong></span> <span class='ocrx_word' id='word_1_715' title='bbox 3252 3384 3519 3452; x_wconf 87' lang='lat' dir='ltr'><strong>potentia,</strong></span> <span class='ocrx_word' id='word_1_716' title='bbox 3548 3392 3602 3440; x_wconf 90' lang='lat' dir='ltr'><strong>et</strong></span> <span class='ocrx_word' id='word_1_717' title='bbox 3629 3385 3770 3455; x_wconf 92' lang='lat' dir='ltr'><strong>quod</strong></span> <span class='ocrx_word' id='word_1_718' title='bbox 3800 3386 4029 3441; x_wconf 90' lang='lat' dir='ltr'><strong>omnium</strong></span> 
     </span>
    </p>
   </div>
   <div class='ocr_carea' id='block_1_95' title="bbox 2459 3471 4032 3544">
    <p class='ocr_par' dir='ltr' id='par_1_95' title="bbox 2459 3471 4032 3544">
     <span class='ocr_line' id='line_1_95' title="bbox 2459 3471 4032 3544; baseline 0.006 -22"><span class='ocrx_word' id='word_1_719' title='bbox 2459 3471 2829 3540; x_wconf 83' lang='lat' dir='ltr'><strong>gravissimum</strong></span> <span class='ocrx_word' id='word_1_720' title='bbox 2859 3480 2960 3535; x_wconf 89' lang='lat' dir='ltr'><strong>est,</strong></span> <span class='ocrx_word' id='word_1_721' title='bbox 2994 3472 3068 3525; x_wconf 89' lang='lat' dir='ltr'><strong>ira</strong></span> <span class='ocrx_word' id='word_1_722' title='bbox 3103 3472 3195 3527; x_wconf 89' lang='lat' dir='ltr'><strong>Dei</strong></span> <span class='ocrx_word' id='word_1_723' title='bbox 3227 3473 3520 3528; x_wconf 85' lang='lat' dir='ltr'><strong>exercitum</strong></span> <span class='ocrx_word' id='word_1_724' title='bbox 3547 3473 3768 3541; x_wconf 88' lang='lat' dir='ltr'><strong>ducens,</strong></span> <span class='ocrx_word' id='word_1_725' title='bbox 3799 3491 3919 3544; x_wconf 63' lang='lat' dir='ltr'><strong>quae</strong></span> <span class='ocrx_word' id='word_1_726' title='bbox 3947 3475 4032 3532; x_wconf 68' lang='lat' dir='ltr'><strong>de&lt;</strong></span> 
     </span>
    </p>
   </div>
   <div class='ocr_carea' id='block_1_96' title="bbox 2462 3564 4032 3637">
    <p class='ocr_par' dir='ltr' id='par_1_96' title="bbox 2462 3564 4032 3637">
     <span class='ocr_line' id='line_1_96' title="bbox 2462 3564 4032 3637; baseline 0.002 -19"><span class='ocrx_word' id='word_1_727' title='bbox 2462 3579 2605 3618; x_wconf 90' lang='lat' dir='ltr'><strong>mum</strong></span> <span class='ocrx_word' id='word_1_728' title='bbox 2635 3578 2756 3633; x_wconf 88' lang='lat' dir='ltr'><strong>spes</strong></span> <span class='ocrx_word' id='word_1_729' title='bbox 2795 3565 3011 3618; x_wconf 87' lang='lat' dir='ltr'><strong>salutis?</strong></span> <span class='ocrx_word' id='word_1_730' title='bbox 3042 3564 3171 3618; x_wconf 86' lang='lat' dir='ltr'><strong>illud</strong></span> <span class='ocrx_word' id='word_1_731' title='bbox 3198 3580 3329 3620; x_wconf 90' lang='lat' dir='ltr'><strong>vero</strong></span> <span class='ocrx_word' id='word_1_732' title='bbox 3349 3606 3365 3633; x_wconf 97' lang='lat'><strong>,</strong></span> <span class='ocrx_word' id='word_1_733' title='bbox 3394 3564 3462 3620; x_wconf 85' lang='lat' dir='ltr'><strong>In</strong></span> <span class='ocrx_word' id='word_1_734' title='bbox 3501 3567 3638 3621; x_wconf 87' lang='lat' dir='ltr'><strong>omni</strong></span> <span class='ocrx_word' id='word_1_735' title='bbox 3669 3568 3885 3637; x_wconf 76' lang='lat' dir='ltr'><strong>ssura,</strong></span> <span class='ocrx_word' id='word_1_736' title='bbox 3917 3571 4032 3624; x_wconf 81' lang='lat' dir='ltr'><strong>etin</strong></span> 
     </span>
    </p>
   </div>
   <div class='ocr_carea' id='block_1_97' title="bbox 2465 3653 4031 3729">
    <p class='ocr_par' dir='ltr' id='par_1_97' title="bbox 2465 3653 4031 3729">
     <span class='ocr_line' id='line_1_97' title="bbox 2465 3653 4031 3729; baseline 0.006 -22"><span class='ocrx_word' id='word_1_737' title='bbox 2465 3655 2599 3708; x_wconf 88' lang='lat' dir='ltr'><strong>onmi</strong></span> <span class='ocrx_word' id='word_1_738' title='bbox 2632 3654 2769 3723; x_wconf 86' lang='lat' dir='ltr'><strong>ligna</strong></span> <span class='ocrx_word' id='word_1_739' title='bbox 2793 3694 2808 3721; x_wconf 95' lang='lat'><strong>,</strong></span> <span class='ocrx_word' id='word_1_740' title='bbox 2854 3653 3197 3725; x_wconf 84' lang='lat' dir='ltr'><strong>hyperbolice</strong></span> <span class='ocrx_word' id='word_1_741' title='bbox 3230 3655 3430 3710; x_wconf 88' lang='lat' dir='ltr'><strong>dictum</strong></span> <span class='ocrx_word' id='word_1_742' title='bbox 3460 3667 3562 3713; x_wconf 91' lang='lat' dir='ltr'><strong>est.</strong></span> <span class='ocrx_word' id='word_1_743' title='bbox 3591 3657 3775 3729; x_wconf 87' lang='lat' dir='ltr'><strong>Neque</strong></span> <span class='ocrx_word' id='word_1_744' title='bbox 3810 3661 3954 3716; x_wconf 90' lang='lat' dir='ltr'><strong>enim</strong></span> <span class='ocrx_word' id='word_1_745' title='bbox 3987 3661 4031 3717; x_wconf 90' lang='lat' dir='ltr'><strong>in</strong></span> 
     </span>
    </p>
   </div>
   <div class='ocr_carea' id='block_1_98' title="bbox 2463 3746 4030 3816">
    <p class='ocr_par' dir='ltr' id='par_1_98' title="bbox 2463 3746 4030 3816">
     <span class='ocr_line' id='line_1_98' title="bbox 2463 3746 4030 3816; baseline 0.006 -18"><span class='ocrx_word' id='word_1_746' title='bbox 2463 3746 2745 3800; x_wconf 89' lang='lat' dir='ltr'><strong>arboribus</strong></span> <span class='ocrx_word' id='word_1_747' title='bbox 2773 3756 2924 3800; x_wconf 91' lang='lat' dir='ltr'><strong>erant</strong></span> <span class='ocrx_word' id='word_1_748' title='bbox 2952 3746 3184 3814; x_wconf 88' lang='lat' dir='ltr'><strong>requiem</strong></span> <span class='ocrx_word' id='word_1_749' title='bbox 3221 3748 3460 3816; x_wconf 87' lang='lat' dir='ltr'><strong>capturi;</strong></span> <span class='ocrx_word' id='word_1_750' title='bbox 3494 3748 3586 3803; x_wconf 90' lang='lat' dir='ltr'><strong>sed</strong></span> <span class='ocrx_word' id='word_1_751' title='bbox 3617 3750 3795 3816; x_wconf 89' lang='lat' dir='ltr'><strong>simul,</strong></span> <span class='ocrx_word' id='word_1_752' title='bbox 3826 3759 3885 3806; x_wconf 91' lang='lat' dir='ltr'><strong>ut</strong></span> <span class='ocrx_word' id='word_1_753' title='bbox 3911 3752 4030 3808; x_wconf 83' lang='lat' dir='ltr'><strong>dixi.</strong></span> 
     </span>
    </p>
   </div>
   <div class='ocr_carea' id='block_1_99' title="bbox 2465 3837 4030 3911">
    <p class='ocr_par' dir='ltr' id='par_1_99' title="bbox 2465 3837 4030 3911">
     <span class='ocr_line' id='line_1_99' title="bbox 2465 3837 4030 3911; baseline 0.003 -19"><span class='ocrx_word' id='word_1_754' title='bbox 2465 3837 2809 3909; x_wconf 68' lang='lat' dir='ltr'><strong>hyperbolen]</strong></span> <span class='ocrx_word' id='word_1_755' title='bbox 2841 3837 3066 3892; x_wconf 88' lang='lat' dir='ltr'><strong>obscure</strong></span> <span class='ocrx_word' id='word_1_756' title='bbox 3091 3837 3358 3904; x_wconf 87' lang='lat' dir='ltr'><strong>adhibuit,</strong></span> <span class='ocrx_word' id='word_1_757' title='bbox 3409 3851 3463 3894; x_wconf 90' lang='lat' dir='ltr'><strong>et</strong></span> <span class='ocrx_word' id='word_1_758' title='bbox 3506 3840 3559 3894; x_wconf 90' lang='lat' dir='ltr'><strong>in</strong></span> <span class='ocrx_word' id='word_1_759' title='bbox 3591 3843 3903 3911; x_wconf 82' lang='lat' dir='ltr'><strong>metaphora</strong></span> <span class='ocrx_word' id='word_1_760' title='bbox 3928 3858 4030 3899; x_wconf 84' lang='lat' dir='ltr'><strong>cra-</strong></span> 
     </span>
    </p>
   </div>
   <div class='ocr_carea' id='block_1_100' title="bbox 2466 3929 2931 3984">
    <p class='ocr_par' dir='ltr' id='par_1_100' title="bbox 2466 3929 2931 3984">
     <span class='ocr_line' id='line_1_100' title="bbox 2466 3929 2931 3984; baseline 0.002 -1"><span class='ocrx_word' id='word_1_761' title='bbox 2466 3930 2692 3983; x_wconf 87' lang='lat' dir='ltr'><strong>bronum</strong></span> <span class='ocrx_word' id='word_1_762' title='bbox 2721 3929 2931 3984; x_wconf 91' lang='lat' dir='ltr'><strong>mansit.</strong></span> 
     </span>
    </p>
   </div>
   <div class='ocr_carea' id='block_1_101' title="bbox 2539 4020 4030 4079">
    <p class='ocr_par' dir='ltr' id='par_1_101' title="bbox 2539 4020 4030 4079">
     <span class='ocr_line' id='line_1_101' title="bbox 2539 4020 4030 4079; baseline 0.001 -3"><span class='ocrx_word' id='word_1_763' title='bbox 2539 4021 2630 4076; x_wconf 89' lang='lat' dir='ltr'><strong>Ira</strong></span> <span class='ocrx_word' id='word_1_764' title='bbox 2652 4022 2745 4075; x_wconf 88' lang='lat' dir='ltr'><strong>Dei</strong></span> <span class='ocrx_word' id='word_1_765' title='bbox 2770 4021 3031 4075; x_wconf 82' lang='lat' dir='ltr'><strong>novacula.</strong></span> <span class='ocrx_word' id='word_1_766' title='bbox 3057 4051 3127 4061; x_wconf 94' lang='lat'><strong></strong></span> <span class='ocrx_word' id='word_1_767' title='bbox 3151 4020 3241 4076; x_wconf 73' lang='grc'><strong>20.</strong></span> <span class='ocrx_word' id='word_1_768' title='bbox 3285 4020 3352 4075; x_wconf 89' lang='grc' dir='ltr'><em>1</em></span> <span class='ocrx_word' id='word_1_769' title='bbox 3387 4023 3467 4076; x_wconf 87' lang='lat' dir='ltr'><strong>die</strong></span> <span class='ocrx_word' id='word_1_770' title='bbox 3500 4022 3590 4076; x_wconf 87' lang='lat' dir='ltr'><strong>illa</strong></span> <span class='ocrx_word' id='word_1_771' title='bbox 3624 4023 3765 4078; x_wconf 81' lang='lat' dir='ltr'><strong>radet</strong></span> <span class='ocrx_word' id='word_1_772' title='bbox 3795 4023 4030 4079; x_wconf 80' lang='lat' dir='ltr'><strong>Dominus</strong></span> 
     </span>
    </p>
   </div>
   <div class='ocr_carea' id='block_1_102' title="bbox 2470 4113 4030 4183">
    <p class='ocr_par' dir='ltr' id='par_1_102' title="bbox 2470 4113 4030 4183">
     <span class='ocr_line' id='line_1_102' title="bbox 2470 4113 4030 4183; baseline 0 -15"><span class='ocrx_word' id='word_1_773' title='bbox 2470 4114 2718 4168; x_wconf 83' lang='lat' dir='ltr'><strong>novacula</strong></span> <span class='ocrx_word' id='word_1_774' title='bbox 2759 4114 3023 4167; x_wconf 85' lang='lat' dir='ltr'><strong>inebriata.</strong></span> <span class='ocrx_word' id='word_1_775' title='bbox 3073 4113 3346 4168; x_wconf 91' lang='lat' dir='ltr'><strong>Timorem</strong></span> <span class='ocrx_word' id='word_1_776' title='bbox 3396 4129 3490 4183; x_wconf 92' lang='lat' dir='ltr'><strong>per</strong></span> <span class='ocrx_word' id='word_1_777' title='bbox 3526 4116 3792 4170; x_wconf 91' lang='lat' dir='ltr'><strong>exercitus</strong></span> <span class='ocrx_word' id='word_1_778' title='bbox 3835 4125 4030 4171; x_wconf 85' lang='lat' dir='ltr'><strong>auctum</strong></span> 
     </span>
    </p>
   </div>
   <div class='ocr_carea' id='block_1_103' title="bbox 2470 4203 4029 4272">
    <p class='ocr_par' dir='ltr' id='par_1_103' title="bbox 2470 4203 4029 4272">
     <span class='ocr_line' id='line_1_103' title="bbox 2470 4203 4029 4272; baseline -0.001 -14"><span class='ocrx_word' id='word_1_779' title='bbox 2470 4220 2680 4259; x_wconf 90' lang='lat' dir='ltr'><strong>rursum</strong></span> <span class='ocrx_word' id='word_1_780' title='bbox 2719 4204 3026 4272; x_wconf 78' lang='lat' dir='ltr'><strong>amplificat,</strong></span> <span class='ocrx_word' id='word_1_781' title='bbox 3055 4203 3118 4257; x_wconf 90' lang='lat' dir='ltr'><strong>ad</strong></span> <span class='ocrx_word' id='word_1_782' title='bbox 3159 4204 3349 4258; x_wconf 70' lang='lat' dir='ltr'><strong>cmlum</strong></span> <span class='ocrx_word' id='word_1_783' title='bbox 3371 4217 3667 4260; x_wconf 88' lang='lat' dir='ltr'><strong>sermonem</strong></span> <span class='ocrx_word' id='word_1_784' title='bbox 3702 4205 4029 4272; x_wconf 61' lang='lat' dir='ltr'><strong>transferens,</strong></span> 
     </span>
    </p>
   </div>
   <div class='ocr_carea' id='block_1_104' title="bbox 2471 4295 4033 4368">
    <p class='ocr_par' dir='ltr' id='par_1_104' title="bbox 2471 4295 4033 4368">
     <span class='ocr_line' id='line_1_104' title="bbox 2471 4295 4033 4368; baseline 0.001 -16"><span class='ocrx_word' id='word_1_785' title='bbox 2471 4297 2867 4366; x_wconf 88' lang='lat' dir='ltr'><strong>ostendensque</strong></span> <span class='ocrx_word' id='word_1_786' title='bbox 2897 4311 3002 4349; x_wconf 93' lang='lat' dir='ltr'><strong>non</strong></span> <span class='ocrx_word' id='word_1_787' title='bbox 3046 4295 3301 4350; x_wconf 87' lang='lat' dir='ltr'><strong>barbaros</strong></span> <span class='ocrx_word' id='word_1_788' title='bbox 3339 4296 3593 4365; x_wconf 87' lang='lat' dir='ltr'><strong>quosdam</strong></span> <span class='ocrx_word' id='word_1_789' title='bbox 3635 4296 3915 4368; x_wconf 62' lang='lat' dir='ltr'><strong>[Egyptios</strong></span> <span class='ocrx_word' id='word_1_790' title='bbox 3954 4308 4033 4354; x_wconf 86' lang='lat' dir='ltr'><strong>aut</strong></span> 
     </span>
    </p>
   </div>
   <div class='ocr_carea' id='block_1_105' title="bbox 2473 4387 4034 4458">
    <p class='ocr_par' dir='ltr' id='par_1_105' title="bbox 2473 4387 4034 4458">
     <span class='ocr_line' id='line_1_105' title="bbox 2473 4387 4034 4458; baseline 0.001 -16"><span class='ocrx_word' id='word_1_791' title='bbox 2473 4389 2683 4451; x_wconf 81' lang='lat' dir='ltr'><strong>Persas,</strong></span> <span class='ocrx_word' id='word_1_792' title='bbox 2715 4387 2807 4442; x_wconf 90' lang='lat' dir='ltr'><strong>sed</strong></span> <span class='ocrx_word' id='word_1_793' title='bbox 2838 4388 3000 4442; x_wconf 90' lang='lat' dir='ltr'><strong>Deum</strong></span> <span class='ocrx_word' id='word_1_794' title='bbox 3023 4401 3140 4442; x_wconf 89' lang='lat' dir='ltr'><strong>esse</strong></span> <span class='ocrx_word' id='word_1_795' title='bbox 3165 4389 3254 4458; x_wconf 90' lang='lat' dir='ltr'><strong>qui</strong></span> <span class='ocrx_word' id='word_1_796' title='bbox 3281 4387 3480 4444; x_wconf 68' lang='lat' dir='ltr'><strong>Iudaeis</strong></span> <span class='ocrx_word' id='word_1_797' title='bbox 3500 4388 3696 4445; x_wconf 90' lang='lat' dir='ltr'><strong>bellum</strong></span> <span class='ocrx_word' id='word_1_798' title='bbox 3735 4389 3914 4448; x_wconf 83' lang='lat' dir='ltr'><strong>infert.</strong></span> <span class='ocrx_word' id='word_1_799' title='bbox 3939 4392 4034 4447; x_wconf 83' lang='grc' dir='ltr'><strong>-</strong></span> 
     </span>
    </p>
   </div>
   <div class='ocr_carea' id='block_1_106' title="bbox 2473 4479 4030 4550">
    <p class='ocr_par' dir='ltr' id='par_1_106' title="bbox 2473 4479 4030 4550">
     <span class='ocr_line' id='line_1_106' title="bbox 2473 4479 4030 4550; baseline 0.002 -18"><span class='ocrx_word' id='word_1_800' title='bbox 2473 4480 2715 4533; x_wconf 68' lang='lat' dir='ltr'><strong>vacttlam</strong></span> <span class='ocrx_word' id='word_1_801' title='bbox 2765 4487 2941 4533; x_wconf 89' lang='lat' dir='ltr'><strong>autem</strong></span> <span class='ocrx_word' id='word_1_802' title='bbox 2986 4479 3070 4533; x_wconf 90' lang='lat' dir='ltr'><strong>hic</strong></span> <span class='ocrx_word' id='word_1_803' title='bbox 3098 4490 3253 4533; x_wconf 88' lang='lat' dir='ltr'><strong>vocat</strong></span> <span class='ocrx_word' id='word_1_804' title='bbox 3301 4479 3686 4534; x_wconf 85' lang='lat' dir='ltr'><strong>intolerandam</strong></span> <span class='ocrx_word' id='word_1_805' title='bbox 3727 4481 3844 4550; x_wconf 91' lang='lat' dir='ltr'><strong>ejus</strong></span> <span class='ocrx_word' id='word_1_806' title='bbox 3893 4483 4030 4546; x_wconf 87' lang='lat' dir='ltr'><strong>iram,</strong></span> 
     </span>
    </p>
   </div>
   <div class='ocr_carea' id='block_1_107' title="bbox 2474 4572 4035 4643">
    <p class='ocr_par' dir='ltr' id='par_1_107' title="bbox 2474 4572 4035 4643">
     <span class='ocr_line' id='line_1_107' title="bbox 2474 4572 4035 4643; baseline 0.006 -17"><span class='ocrx_word' id='word_1_807' title='bbox 2474 4589 2630 4642; x_wconf 88' lang='lat' dir='ltr'><strong>quam</strong></span> <span class='ocrx_word' id='word_1_808' title='bbox 2663 4589 2818 4627; x_wconf 85' lang='lat' dir='ltr'><strong>nemo</strong></span> <span class='ocrx_word' id='word_1_809' title='bbox 2850 4573 2988 4628; x_wconf 90' lang='lat' dir='ltr'><strong>ferre</strong></span> <span class='ocrx_word' id='word_1_810' title='bbox 3009 4572 3197 4643; x_wconf 90' lang='lat' dir='ltr'><strong>possit,</strong></span> <span class='ocrx_word' id='word_1_811' title='bbox 3227 4572 3380 4629; x_wconf 87' lang='lat' dir='ltr'><strong>facile</strong></span> <span class='ocrx_word' id='word_1_812' title='bbox 3409 4573 3743 4632; x_wconf 90' lang='lat' dir='ltr'><strong>invadentem</strong></span> <span class='ocrx_word' id='word_1_813' title='bbox 3780 4587 3834 4634; x_wconf 91' lang='lat' dir='ltr'><strong>et</strong></span> <span class='ocrx_word' id='word_1_814' title='bbox 3861 4593 4035 4634; x_wconf 82' lang='lat' dir='ltr'><strong>consu-</strong></span> 
     </span>
    </p>
   </div>
   <div class='ocr_carea' id='block_1_108' title="bbox 2478 4664 4036 4736">
    <p class='ocr_par' dir='ltr' id='par_1_108' title="bbox 2478 4664 4036 4736">
     <span class='ocr_line' id='line_1_108' title="bbox 2478 4664 4036 4736; baseline 0.004 -20"><span class='ocrx_word' id='word_1_815' title='bbox 2478 4675 2730 4718; x_wconf 82' lang='lat' dir='ltr'><strong>nteutctn.</strong></span> <span class='ocrx_word' id='word_1_816' title='bbox 2758 4664 3215 4731; x_wconf 85' lang='lat' dir='ltr'><strong>Quemadmodum</strong></span> <span class='ocrx_word' id='word_1_817' title='bbox 3233 4666 3374 4720; x_wconf 86' lang='lat' dir='ltr'><strong>enim</strong></span> <span class='ocrx_word' id='word_1_818' title='bbox 3405 4665 3493 4735; x_wconf 88' lang='lat' dir='ltr'><strong>pili</strong></span> <span class='ocrx_word' id='word_1_819' title='bbox 3519 4667 3758 4736; x_wconf 84' lang='lat' dir='ltr'><strong>corporis</strong></span> <span class='ocrx_word' id='word_1_820' title='bbox 3780 4671 4036 4726; x_wconf 69' lang='lat' dir='ltr'><strong>novacula:</strong></span> 
     </span>
    </p>
   </div>
   <div class='ocr_carea' id='block_1_109' title="bbox 2478 4758 4036 4828">
    <p class='ocr_par' dir='ltr' id='par_1_109' title="bbox 2478 4758 4036 4828">
     <span class='ocr_line' id='line_1_109' title="bbox 2478 4758 4036 4828; baseline 0.008 -18"><span class='ocrx_word' id='word_1_821' title='bbox 2478 4759 2645 4812; x_wconf 90' lang='lat' dir='ltr'><strong>aciem</strong></span> <span class='ocrx_word' id='word_1_822' title='bbox 2681 4773 2785 4811; x_wconf 87' lang='lat' dir='ltr'><strong>non</strong></span> <span class='ocrx_word' id='word_1_823' title='bbox 2832 4759 3114 4825; x_wconf 91' lang='lat' dir='ltr'><strong>sustinent,</strong></span> <span class='ocrx_word' id='word_1_824' title='bbox 3143 4758 3252 4828; x_wconf 40' lang='lat' dir='ltr'><strong>,sed</strong></span> <span class='ocrx_word' id='word_1_825' title='bbox 3279 4759 3458 4812; x_wconf 89' lang='lat' dir='ltr'><strong>statim</strong></span> <span class='ocrx_word' id='word_1_826' title='bbox 3489 4759 3685 4815; x_wconf 86' lang='lat' dir='ltr'><strong>cedunt</strong></span> <span class='ocrx_word' id='word_1_827' title='bbox 3729 4769 3784 4817; x_wconf 87' lang='lat' dir='ltr'><strong>et</strong></span> <span class='ocrx_word' id='word_1_828' title='bbox 3809 4763 4036 4822; x_wconf 81' lang='lat' dir='ltr'><strong>abeunt:</strong></span> 
     </span>
    </p>
   </div>
   <div class='ocr_carea' id='block_1_110' title="bbox 2479 4852 4035 4911">
    <p class='ocr_par' dir='ltr' id='par_1_110' title="bbox 2479 4852 4035 4911">
     <span class='ocr_line' id='line_1_110' title="bbox 2479 4852 4035 4911; baseline 0.003 -6"><span class='ocrx_word' id='word_1_829' title='bbox 2479 4853 2554 4906; x_wconf 88' lang='lat' dir='ltr'><strong>sic</strong></span> <span class='ocrx_word' id='word_1_830' title='bbox 2581 4869 2635 4906; x_wconf 80' lang='lat' dir='ltr'><strong>et</strong></span> <span class='ocrx_word' id='word_1_831' title='bbox 2662 4867 2748 4906; x_wconf 87' lang='lat' dir='ltr'><strong>res</strong></span> <span class='ocrx_word' id='word_1_832' title='bbox 2767 4852 2997 4906; x_wconf 82' lang='lat' dir='ltr'><strong>Judaicae</strong></span> <span class='ocrx_word' id='word_1_833' title='bbox 3025 4854 3155 4906; x_wconf 89' lang='lat' dir='ltr'><strong>iram</strong></span> <span class='ocrx_word' id='word_1_834' title='bbox 3187 4852 3331 4907; x_wconf 88' lang='lat' dir='ltr'><strong>illam</strong></span> <span class='ocrx_word' id='word_1_835' title='bbox 3369 4868 3398 4907; x_wconf 90' lang='lat' dir='ltr'><strong>a</strong></span> <span class='ocrx_word' id='word_1_836' title='bbox 3426 4853 3538 4910; x_wconf 89' lang='lat' dir='ltr'><strong>Deo</strong></span> <span class='ocrx_word' id='word_1_837' title='bbox 3571 4855 3862 4911; x_wconf 85' lang='lat' dir='ltr'><strong>immissam</strong></span> <span class='ocrx_word' id='word_1_838' title='bbox 3893 4871 4035 4911; x_wconf 82' lang='lat' dir='ltr'><strong>num-</strong></span> 
     </span>
    </p>
   </div>
   <div class='ocr_carea' id='block_1_111' title="bbox 2480 4945 3168 5014">
    <p class='ocr_par' dir='ltr' id='par_1_111' title="bbox 2480 4945 3168 5014">
     <span class='ocr_line' id='line_1_111' title="bbox 2480 4945 3168 5014; baseline 0.003 -18"><span class='ocrx_word' id='word_1_839' title='bbox 2480 4962 2635 5014; x_wconf 85' lang='lat' dir='ltr'><strong>quam</strong></span> <span class='ocrx_word' id='word_1_840' title='bbox 2667 4945 3034 5010; x_wconf 90' lang='lat' dir='ltr'><strong>sustinuerint,</strong></span> <span class='ocrx_word' id='word_1_841' title='bbox 3073 4945 3168 4999; x_wconf 90' lang='lat' dir='ltr'><strong>ait.</strong></span> 
     </span>
    </p>
   </div>
   <div class='ocr_carea' id='block_1_112' title="bbox 2551 5036 4037 5107">
    <p class='ocr_par' dir='ltr' id='par_1_112' title="bbox 2551 5036 4037 5107">
     <span class='ocr_line' id='line_1_112' title="bbox 2551 5036 4037 5107; baseline -0.001 -16"><span class='ocrx_word' id='word_1_842' title='bbox 2551 5037 2602 5091; x_wconf 91' lang='lat'><strong>9.</strong></span> <span class='ocrx_word' id='word_1_843' title='bbox 2646 5036 2911 5090; x_wconf 85' lang='lat' dir='ltr'><strong>Novacula</strong></span> <span class='ocrx_word' id='word_1_844' title='bbox 2939 5036 3098 5105; x_wconf 85' lang='lat' dir='ltr'><strong>igitur</strong></span> <span class='ocrx_word' id='word_1_845' title='bbox 3137 5036 3394 5092; x_wconf 88' lang='lat' dir='ltr'><strong>inebriata</strong></span> <span class='ocrx_word' id='word_1_846' title='bbox 3435 5038 3698 5107; x_wconf 79' lang='lat' dir='ltr'><strong>vigentem</strong></span> <span class='ocrx_word' id='word_1_847' title='bbox 3741 5038 4037 5107; x_wconf 78' lang='lat' dir='ltr'><strong>plenamque</strong></span> 
     </span>
    </p>
   </div>
   <div class='ocr_carea' id='block_1_113' title="bbox 2485 5127 4034 5196">
    <p class='ocr_par' dir='ltr' id='par_1_113' title="bbox 2485 5127 4034 5196">
     <span class='ocr_line' id='line_1_113' title="bbox 2485 5127 4034 5196; baseline -0.003 -13"><span class='ocrx_word' id='word_1_848' title='bbox 2485 5130 2574 5183; x_wconf 90' lang='lat' dir='ltr'><strong>Dei</strong></span> <span class='ocrx_word' id='word_1_849' title='bbox 2605 5129 2756 5194; x_wconf 89' lang='lat' dir='ltr'><strong>iram,</strong></span> <span class='ocrx_word' id='word_1_850' title='bbox 2787 5127 3215 5196; x_wconf 89' lang='lat' dir='ltr'><strong>completamque</strong></span> <span class='ocrx_word' id='word_1_851' title='bbox 3258 5129 3574 5182; x_wconf 89' lang='lat' dir='ltr'><strong>sententiam</strong></span> <span class='ocrx_word' id='word_1_852' title='bbox 3619 5128 3770 5183; x_wconf 89' lang='lat' dir='ltr'><strong>nobis</strong></span> <span class='ocrx_word' id='word_1_853' title='bbox 3801 5128 4034 5184; x_wconf 86' lang='lat' dir='ltr'><strong>declarat.</strong></span> 
     </span>
    </p>
   </div>
   <div class='ocr_carea' id='block_1_114' title="bbox 2484 5217 4036 5291">
    <p class='ocr_par' dir='ltr' id='par_1_114' title="bbox 2484 5217 4036 5291">
     <span class='ocr_line' id='line_1_114' title="bbox 2484 5217 4036 5291; baseline -0.003 -17"><span class='ocrx_word' id='word_1_854' title='bbox 2484 5220 2633 5285; x_wconf 83' lang='lat' dir='ltr'><strong>Quod</strong></span> <span class='ocrx_word' id='word_1_855' title='bbox 2687 5229 2860 5274; x_wconf 91' lang='lat' dir='ltr'><strong>autem</strong></span> <span class='ocrx_word' id='word_1_856' title='bbox 2916 5221 2991 5274; x_wconf 90' lang='lat' dir='ltr'><strong>ait</strong></span> <span class='ocrx_word' id='word_1_857' title='bbox 3023 5234 3037 5272; x_wconf 92' lang='lat'><strong>:</strong></span> <span class='ocrx_word' id='word_1_858' title='bbox 3067 5217 3234 5274; x_wconf 86' lang='lat' dir='ltr'><strong>Trans</strong></span> <span class='ocrx_word' id='word_1_859' title='bbox 3284 5221 3474 5288; x_wconf 79' lang='lat' dir='ltr'><strong>umen</strong></span> <span class='ocrx_word' id='word_1_860' title='bbox 3525 5218 3654 5289; x_wconf 80' lang='lat' dir='ltr'><strong>regis</strong></span> <span class='ocrx_word' id='word_1_861' title='bbox 3699 5219 4036 5291; x_wconf 77' lang='lat' dir='ltr'><strong>Assyriorum,</strong></span> 
     </span>
    </p>
   </div>
   <div class='ocr_carea' id='block_1_115' title="bbox 2545 5408 4036 5476">
    <p class='ocr_par' dir='ltr' id='par_1_115' title="bbox 2545 5408 4036 5476">
     <span class='ocr_line' id='line_1_115' title="bbox 2545 5408 4036 5476; baseline -0.001 -13"><span class='ocrx_word' id='word_1_862' title='bbox 2545 5416 2617 5476; x_wconf 67' lang='grc' dir='ltr'><strong>()</strong></span> <span class='ocrx_word' id='word_1_863' title='bbox 2653 5422 2761 5463; x_wconf 68' lang='grc' dir='ltr'><strong></strong></span> <span class='ocrx_word' id='word_1_864' title='bbox 2784 5420 2921 5462; x_wconf 90' lang='lat' dir='ltr'><strong>certe</strong></span> <span class='ocrx_word' id='word_1_865' title='bbox 2946 5411 3006 5460; x_wconf 85' lang='lat' dir='ltr'><strong>ab</strong></span> <span class='ocrx_word' id='word_1_866' title='bbox 3045 5411 3286 5476; x_wconf 76' lang='lat' dir='ltr'><strong>imperitis</strong></span> <span class='ocrx_word' id='word_1_867' title='bbox 3330 5409 3526 5460; x_wconf 88' lang='lat' dir='ltr'><strong>edidicit</strong></span> <span class='ocrx_word' id='word_1_868' title='bbox 3548 5408 3925 5475; x_wconf 74' lang='lat' dir='ltr'><strong>Chrysostomus.</strong></span> <span class='ocrx_word' id='word_1_869' title='bbox 3948 5421 4036 5464; x_wconf 71' lang='lat' dir='ltr'><strong>Nam</strong></span> 
     </span>
    </p>
   </div>
   <div class='ocr_carea' id='block_1_116' title="bbox 2485 5471 3431 5562">
    <p class='ocr_par' dir='ltr' id='par_1_116' title="bbox 2485 5471 3431 5562">
     <span class='ocr_line' id='line_1_116' title="bbox 2485 5471 3431 5562; baseline -0.01 -12"><span class='ocrx_word' id='word_1_870' title='bbox 2485 5501 2533 5550; x_wconf 91' lang='lat' dir='ltr'><strong>in</strong></span> <span class='ocrx_word' id='word_1_871' title='bbox 2555 5471 2758 5550; x_wconf 60' lang='lat' dir='ltr'><strong>Hebraeo</strong></span> <span class='ocrx_word' id='word_1_872' title='bbox 2780 5497 2961 5562; x_wconf 81' lang='lat' dir='ltr'><strong>legitur</strong></span> <span class='ocrx_word' id='word_1_873' title='bbox 3229 5534 3242 5558; x_wconf 92' lang='lat'><strong>,</strong></span> <span class='ocrx_word' id='word_1_874' title='bbox 3270 5499 3315 5542; x_wconf 89' lang='lat' dir='ltr'><strong>et</strong></span> <span class='ocrx_word' id='word_1_875' title='bbox 3331 5490 3431 5558; x_wconf 85' lang='lat' dir='ltr'><strong>api.</strong></span> 
     </span>
    </p>
   </div>
   <div class='ocr_carea' id='block_1_117' title="bbox 2550 5587 4038 5652">
    <p class='ocr_par' dir='ltr' id='par_1_117' title="bbox 2550 5587 4038 5652">
     <span class='ocr_line' id='line_1_117' title="bbox 2550 5587 4038 5652; baseline -0.001 -17"><span class='ocrx_word' id='word_1_876' title='bbox 2550 5589 2619 5648; x_wconf 76' lang='grc' dir='ltr'><strong>()</strong></span> <span class='ocrx_word' id='word_1_877' title='bbox 2653 5587 2705 5635; x_wconf 91' lang='lat' dir='ltr'><strong>In</strong></span> <span class='ocrx_word' id='word_1_878' title='bbox 2739 5597 2926 5645; x_wconf 70' lang='lat' dir='ltr'><strong>Graeco,</strong></span> <span class='ocrx_word' id='word_1_879' title='bbox 2960 5599 3050 5648; x_wconf 51' lang='lat' dir='ltr'><strong>Msa</strong></span> <span class='ocrx_word' id='word_1_880' title='bbox 3082 5601 3175 5640; x_wconf 67' lang='lat' dir='ltr'><strong>simu</strong></span> <span class='ocrx_word' id='word_1_881' title='bbox 3207 5598 3350 5652; x_wconf 64' lang='grc' dir='ltr'><strong>.</strong></span> <span class='ocrx_word' id='word_1_882' title='bbox 3384 5587 3609 5638; x_wconf 85' lang='lat' dir='ltr'><strong>Libenter</strong></span> <span class='ocrx_word' id='word_1_883' title='bbox 3653 5589 3844 5638; x_wconf 82' lang='lat' dir='ltr'><strong>credam</strong></span> <span class='ocrx_word' id='word_1_884' title='bbox 3887 5587 4038 5647; x_wconf 82' lang='lat' dir='ltr'><strong>aliquid</strong></span> 
     </span>
    </p>
   </div>
   <div class='ocr_carea' id='block_1_118' title="bbox 2487 5652 4035 5711">
    <p class='ocr_par' dir='ltr' id='par_1_118' title="bbox 2487 5652 4035 5711">
     <span class='ocr_line' id='line_1_118' title="bbox 2487 5652 4035 5711; baseline -0.004 -6"><span class='ocrx_word' id='word_1_885' title='bbox 2487 5658 2682 5711; x_wconf 75' lang='lat' dir='ltr'><strong>deesse,</strong></span> <span class='ocrx_word' id='word_1_886' title='bbox 2705 5659 2754 5700; x_wconf 86' lang='lat' dir='ltr'><strong>et</strong></span> <span class='ocrx_word' id='word_1_887' title='bbox 2777 5652 3031 5702; x_wconf 69' lang='lat' dir='ltr'><strong>divinando</strong></span> <span class='ocrx_word' id='word_1_888' title='bbox 3049 5652 3206 5704; x_wconf 85' lang='lat' dir='ltr'><strong>locum</strong></span> <span class='ocrx_word' id='word_1_889' title='bbox 3221 5655 3385 5703; x_wconf 81' lang='lat' dir='ltr'><strong>Latine</strong></span> <span class='ocrx_word' id='word_1_890' title='bbox 3415 5659 3703 5702; x_wconf 84' lang='lat' dir='ltr'><strong>convertere</strong></span> <span class='ocrx_word' id='word_1_891' title='bbox 3727 5660 3918 5702; x_wconf 62' lang='lat' dir='ltr'><strong>coacti</strong></span> <span class='ocrx_word' id='word_1_892' title='bbox 3935 5660 4035 5699; x_wconf 75' lang='lat' dir='ltr'><strong>sum-</strong></span> 
     </span>
    </p>
   </div>
  </div>
