4130 6312
168 354 236 410 87
1458 351 1526 406 ΙΝ
1560 350 1739 405 ῐΞΑΙΔ

1863 349 2013 407 CAP.
2053 350 2165 407 VII.
3321 371 3399 429 88

157 462 298 526 Θεὸς
320 461 413 515 ἐπὶ
454 463 555 526 σὲ,
588 463 687 519 καὶ
716 463 816 517 ἐπὶ
844 466 949 518 τὸν
980 468 1132 519 λαόν
1166 482 1304 532 σου,
1344 470 1438 522 καὶ
1490 470 1589 523 ἐπὶ
1622 470 1728 523 τὸν

154 543 324 598 οἷκον
350 544 456 597 τοῦ
504 549 729 614 πατρός
771 564 885 602 σου
914 549 1158 616 ἡμέρας,
1185 552 1248 603 αἲ
1276 552 1439 604 οὔπω
1478 553 1724 619 ἣκασιν.

152 630 257 697 ἀρ’
288 625 358 699 ἧς
384 630 610 698 ἡμέρας
665 632 909 701 ἀφεῖλεν
945 634 1185 703 Ἐφραῒμ
1236 636 1352 688 ἀπὸ
1404 636 1596 690 Ἰούδα
1624 637 1729 690 τὸν

150 714 418 776 βασιλέα
446 714 567 766 τῶν
595 716 936 783 Ἀσσυρίων.
960 718 1057 770 Διά
1088 719 1195 785 γάρ
1222 718 1426 771 τούτων
1454 721 1559 773 τῶν
1592 721 1730 789 βαρ-

154 794 344 865 ϐάρων
363 796 458 866 τὴν
499 796 684 865 ἔφοδον
727 800 889 868 δηλοῖ,
927 800 991 851 δι’
1030 796 1097 870 ἦς
1128 801 1226 870 τὴν
1252 801 1403 854 πόλιν
1439 801 1732 874 πρόρριζον

157 878 493 941 ἀνέσπασαν,
530 880 622 931 καὶ
644 880 894 943 λαϐόντες
926 882 1119 944 αὐτοὺς
1156 884 1529 953 αἰχμαλώτους
1562 885 1734 955 ἀπῆλ-

160 957 280 1011 θον.
300 960 404 1012 Καὶ¹
419 960 670 1028 προλέγει
691 962 879 1028 ταῦτα,
896 965 991 1033 οὑχ
1009 964 1093 1017 ἵνα
1106 964 1327 1034 γένηται
1349 964 1493 1037 ,[85]
1512 965 1623 1018 ἀλλ’
1646 966 1732 1019 ἵνα

159 1039 241 1108 τῷ
280 1040 425 1111 φόϐῳ
456 1043 731 1111 γενόμενοι
755 1048 1199 1116 σωφρονέστεροι,
1230 1047 1328 1118 τὴν
1352 1048 1578 1117 ἀπειλὴν
1595 1050 1732 1100 ἀπο-

159 1122 519 1191 κρούσωνται.
564 1126 777 1196 Ἐπειδὴ
808 1127 865 1181 δὲ
910 1128 1032 1181 οὕτε
1066 1129 1170 1183 ὑπὸ
1202 1130 1309 1183 τῶν
1359 1131 1628 1202 χρηστῶν,
1656 1124 1733 1184 ὧν

162 1205 297 1274 παρ’
328 1204 483 1269 ἀξίαν
507 1207 843 1277 ἀπήλαυσαν,
871 1211 1115 1277 ἐγένοντο
1136 1213 1373 1283 βελτίους
1397 1215 1495 1282 (ὅτι
1519 1214 1575 1267 δέ
1601 1214 1731 1282 παρ’

162 1287 323 1351 ἀξίαν
341 1289 683 1357 ἀπήλαυσαν,
720 1291 915 1356 ἔδειξεν
941 1295 973 1363 ἠ
999 1294 1188 1366 γνώμη
1223 1295 1315 1349 τοῦ
1350 1296 1609 1364 βασιλέως
1639 1298 1734 1350 καὶ

159 1366 195 1432 ἡ
220 1369 633 1440 ὑπερϐάλλουσα
657 1373 927 1444 ἀπιστία),
966 1374 1088 1429 οὔτε
1120 1380 1185 1447 τῇ
1219 1379 1415 1448 ἀπειλῇ
1447 1378 1555 1431 τῶν
1575 1379 1734 1447 φοϐε-

164 1451 279 1520 ρῶν
301 1452 705 1521 μετεϐάλλοντο,
732 1456 868 1509 ἀλλά
894 1458 1028 1528 πρὸς
1061 1459 1318 1531 ἑκάτερον
1350 1461 1444 1531 τῆς
1468 1462 1734 1529 ὠφελείας

162 1533 223 1584 τὸ
276 1533 564 1603 φάρμακον
616 1536 947 1608 ἀντέστησαν
996 1539 1263 1608 χαλεπῶς,
1308 1544 1501 1610 ἐπάγει
1552 1542 1735 1596 λοιπὸν

167 1613 465 1685 βαθυτέραν
497 1617 594 1684 τὴν
635 1621 825 1689 τομὴν,
875 1620 971 1691 τὴν
1006 1622 1273 1691 σηπεδόνα
1302 1624 1605 1693 ἐκτέμνων,
1642 1625 1735 1677 καὶ

162 1697 293 1760 τοὺς
340 1699 535 1752 ἀνίατα
568 1700 853 1765 νοσοῦντας
890 1703 1187 1756 ἐκκόπτων.
1220 1705 1284 1757 Τί
1315 1706 1373 1759 δέ
1404 1708 1571 1769 ἐστιν,
1619 1707 1733 1775 Ἀφ’

164 1775 239 1847 ἧς
283 1780 505 1849 ἡμέρας
548 1782 794 1849 ἀφεῖλεν
838 1786 1084 1854 Ἐφραῒμ
1115 1787 1231 1840 ἀπὸ
1271 1789 1465 1843 Ἰούδα
1495 1791 1601 1843 τὸν
1617 1791 1735 1853 ,βα-

166 1860 344 1913 σιλέα
392 1862 510 1914 τῶν
577 1865 946 1931 Ἀσσυρίων;
1018 1868 1281 1938 Ἐπῆλθον
1330 1871 1380 1922 οἰ
1435 1870 1732 1942 βάρϐαροι,

166 1941 374 2005 πάντας
425 1944 622 2007 αὐτοὺς
669 1948 1100 2017 ἀναρπασόμενοι
1130 1967 1144 1983 ·
1189 1950 1304 2005 ἀλλ’
1363 1952 1592 2019 ἀφέντες
1620 1941 1735 2005 τὸν

174 2024 367 2088 Ἰούδα,
405 2026 497 2078 καὶ
548 2027 647 2090 τὰς
684 2028 773 2080 δύο
826 2029 1016 2097 φυλὰς,
1071 2032 1383 2102 ἐτράπησαν
1446 2032 1587 2086 κατά
1641 2031 1734 2086 τοῦ

176 2104 406 2177 Ἰσραήλ.
473 2109 537 2161 Ὃ
597 2109 771 2163 τοίνυν
821 2112 997 2180 λέγει,
1042 2113 1196 2166 τοῦτό
1245 2116 1421 2167 ἐστιν·
1468 2114 1599 2167 Ἀπὸ
1638 2114 1737 2184 τῆς

174 2188 380 2257 ἠμέρας
424 2190 658 2259 ἐκείνης,
691 2194 782 2260 ἀφ’
821 2189 888 2263 ἦς
918 2196 973 2247 αἰ
1023 2195 1153 2247 δέκα
1192 2195 1354 2263 φυλαὶ
1381 2197 1513 2265 πρὸς
1540 2197 1736 2261 ἐαυτάς

171 2269 556 2335 ἐφελκύσονται
602 2273 662 2325 τὸ
704 2274 808 2326 τῶν
840 2275 1126 2345 βαρϐάρων
1161 2279 1539 2348 στρατόπεδον,
1582 2279 1735 2348 ὑμῶν

170 2352 596 2421 ἀποστήσαντες,
628 2357 693 2424 τῇ
740 2355 838 2424 τῆς
888 2356 1091 2419 οἰκείας
1139 2358 1408 2428 ἁμαρτίας
1446 2360 1737 2430 ὑπερϐολῇ,

169 2434 259 2486 καὶ
301 2435 424 2487 καθ’
475 2436 683 2488 ἐαυτῶν
732 2436 1057 2501 καλέσαντες
1112 2441 1308 2503 αὐτοὺς
1348 2441 1737 2511 ἀπενεχθῶσιν,

170 2515 261 2566 ἀπ’
305 2515 521 2585 ἐκείνης
569 2518 675 2587 χρὴ
708 2518 998 2572 δεδοικέναι
1059 2520 1151 2574 καί
1205 2522 1485 2589 φοϐεῖσθαι
1533 2524 1735 2577 λοιπόν.

344 2597 453 2663 γὰρ
485 2600 867 2666 προϐαίνοντες
906 2603 997 2654 καὶ
1025 2602 1110 2670 ἐφ’
1142 2603 1285 2671 ὑμᾶς
1312 2604 1551 2673 ἥξουσιν,
1584 2607 1631 2656 εἰ
1664 2605 1737 2675 μὴ

172 2679 655 2751 μεταϐάλρῲιοθε.
684 2682 788 2734 Καί
809 2700 988 2753 φησιν·
1027 2684 1156 2737 Ἀπὸ
1184 2686 1279 2756 τῆς
1301 2688 1510 2760 ἡμέρας
1528 2689 1738 2760 ἐκείνης

167 2761 351 2825 ἐπάξει
386 2764 605 2824 αὐτούς.
636 2764 709 2814 Οὐ
744 2764 850 2833 γὰρ
898 2765 1032 2835 ὁμοῦ
1088 2766 1195 2819 τῶν
1242 2768 1587 2837 Ἰσραηλιτῶν
1631 2772 1739 2823 ἀπ-

169 2844 512 2913 ενεχθέντων,
556 2846 797 2898 κάκεῖνοι
839 2847 1101 2913 ἑάλωσαν,
1130 2847 1265 2901 ἀλλά
1296 2850 1501 2920 βραχὺς
1535 2854 1737 2922 μεταξὺ

165 2924 356 2992 γέγονε
387 2926 599 2995 χρόνος.

238 3094 305 3154 η’.
330 3089 395 3140 '0
423 3089 602 3143 τοίνυν
625 3090 792 3157 λέγει,
810 3090 966 3145 τοῦτὸ
991 3094 1154 3158 ἐστιν,
1174 3095 1254 3148 ὅτι
1282 3099 1345 3167 τῇ
1367 3097 1532 3169 ψήφῳ
1556 3096 1739 3153 ἔκτοτε

169 3172 445 3239 ἐπήγαγεν
481 3171 546 3223 ἂν
572 3174 669 3233 τὰς
714 3175 952 3244 ἡμέρας·
989 3177 1102 3228 ἀλλ’
1134 3178 1392 3247 ἀνέμενεν
1412 3182 1440 3231 ὁ
1468 3181 1618 3244 Θεὸς,
1648 3184 1740 3235 καὶ

169 3254 563 3322 ἐμακροθύμει,
610 3254 782 3307 καίτοι
826 3257 923 3325 τῆς
971 3256 1125 3321 ἀξίας
1176 3260 1285 3311 τῶν
1330 3262 1738 3332 ἁμαρτημάτων

169 3334 352 3387 ἔκτοτε
406 3335 743 3406 ἀπαιτούσης
798 3338 893 3408 τὴν
934 3341 1235 3409 τιμωρίαν
1288 3345 1422 3414 ὅπερ
1474 3346 1738 3416 πολλαχοῦ

171 3421 343 3498 ποιεῖν
370 3420 547 3482 εἴωθε,
573 3421 672 3489 τῆς
692 3421 882 3491 κυρίας
908 3426 1349 3496 παραγενομένης
1370 3428 1599 3498 ἡμέρας,
1619 3433 1742 3483 ἀνα-

170 3497 460 3553 ϐάλλεσθαι
506 3503 597 3553 καὶ
632 3502 988 3555 ἀναδύεσθαι·
1022 3504 1050 3557 ὃ
1082 3506 1174 3557 καὶ
1216 3508 1312 3577 τῆς
1350 3497 1513 3562 αὑτοῦ
1556 3512 1743 3579 φιλαν-

173 3582 416 3652 θρωπίας
473 3586 771 3655 τεκμήριον
822 3587 1093 3656 μέγιστον,
1139 3590 1231 3641 καὶ
1282 3592 1380 3661 τῆς
1425 3594 1743 3663 ἀγνωμοσύ-

170 3683 271 3735 νης
296 3667 401 3718 τῶν
430 3667 530 3720 οὑκ
563 3668 858 3721 ἐθελόντων
900 3672 979 3732 είς
1012 3670 1129 3723 δέον
1154 3673 1318 3725 αὑτοῦ
1349 3675 1645 3744 κεχρῆσθαι
1675 3681 1739 3747 τῇ

175 3749 527 3818 μακροθυμίᾳ
556 3749 827 3814 ἀπόδειξις
854 3752 1183 3822 σαφεστάτη.
1218 3754 1386 3806 Τοῦτο
1418 3752 1509 3807 οὖν
1541 3759 1631 3809 καὶ
1659 3760 1743 3811 ἐν·

174 3831 350 3883 ταῦθά
393 3847 579 3899 φησιν,
625 3831 704 3882 ὅτι
750 3831 858 3883 ἀπὸ
884 3832 1005 3884 τότε
1054 3836 1085 3903 ή
1135 3835 1351 3904 ἀπειλὴ,
1410 3838 1517 3891 ἀπὸ
1560 3840 1678 3892 τότε
1708 3842 1742 3910 ή

170 3913 471 3986 ἀπόφασις,
488 3913 553 3965 ἐκ
597 3912 717 3964 τότε
748 3914 782 3981 ή
808 3913 1059 3983 θεήλατος
1091 3916 1249 3988 ὀργὴ,
1285 3920 1371 3971 ἵνα
1410 3920 1502 3973 ἐπὶ
1554 3922 1745 3992 θύραις

170 3992 393 4061 ἀγαγὼν
439 3995 540 4062 τὴν
571 3994 862 4064 τιμωρίαν,
898 3996 1223 4068 διαναστήσῃ
1263 3999 1400 4071 πρὸς
1432 4005 1743 4071 μετάνοιαν,

173 4075 415 4144 βελτίους
445 4078 772 4148 ἐργάσηται,
804 4078 895 4131 καὶ
922 4082 1059 4149 μετά
1080 4082 1178 4149 τὴν
1205 4083 1426 4136 ἐκείνων
1462 4086 1661 4138 ἅλωσιν
1688 4089 1745 4141 ἐν

171 4161 384 4231 ἀγωνίᾳ
407 4162 752 4233 καταστήσῃ,
780 4162 935 4231 μηδὲ,
974 4164 1160 4233 ἐπειδὴ
1186 4167 1237 4216 οἱ
1292 4167 1390 4234 μὲν
1436 4168 1745 4241 ἀπηνέχθη-

172 4245 457 4307 σαν,οίδέ
508 4245 781 4312 διέφυγον,
834 4243 1191 4317 ῥαθυμότεροι
1244 4248 1413 4320 ταύτῃ
1460 4252 1741 4319 γένωνται.

174 4328 287 4382 Καὶ
334 4328 512 4381 ἔσται
560 4328 631 4380 έν
682 4325 758 4393 τῇ
798 4327 987 4395 ἡμέρᾳ
1034 4328 1259 4395 ἐκείνῃ,
1300 4333 1499 4398 συριεῖ
1533 4336 1747 4402 Κύριος

166 4411 397 4476 μυίαις,
419 4410 485 4461 al
496 4409 884 4476 κυριεύσουσι
903 4411 1122 4478 μέρους
1139 4413 1407 4481 ποταμοῦ
1424 4417 1744 4483 Αἰγύπτου.

177 4493 352 4563 Ὁρᾷς
388 4492 463 4553 ὡς
490 4492 552 4544 οὐ
610 4491 784 4561 μάτην
817 4491 1021 4559 ἔλεγον,
1056 4493 1139 4545 δτι
1168 4494 1259 4547 τὸν
1305 4496 1466 4564 φόϐον
1516 4498 1749 4568 αὐξῆσαι

174 4575 524 4645 βουλόμενος,
572 4576 679 4627 ἀπὸ
732 4575 831 4643 τῆς
862 4576 1071 4645 ἡμέρας
1100 4576 1313 4647 ἐκείνης
1342 4580 1571 4633 ἐπισείει
1599 4594 1624 4622 α
1652 4584 1749 4652 τὴν

168 4658 444 4727 ἀπειλήν;
486 4658 565 4710 Τά
587 4656 717 4723 γοῦν
746 4658 871 4727 ἑξῆς
911 4658 1067 4712 τοῦτο
1103 4660 1272 4730 δηλοῖ,
1307 4662 1374 4715 δι’
1411 4656 1486 4717 ὧν
1530 4666 1749 4735 ἐπαίρει

166 4741 264 4793 τὸν
302 4740 470 4807 φόϐον
514 4740 591 4806 τῷ
620 4740 781 4807 λόγῳ.
809 4741 901 4791 καὶ
928 4740 995 4791 τά
1029 4742 1364 4810 στρατόπεδα
1394 4745 1578 4808 αὐτοῖς
1615 4747 1749 4816 δῆλα

166 4822 373 4883 ποιῶν,
410 4821 553 4890 ᾰπερ
582 4818 648 4887 ἦν
696 4822 901 4882 αὐτοῖς,
924 4822 1296 4893 φοϐερώτατα,
1346 4827 1439 4877 καὶ
1463 4830 1561 4898 τὴν
1591 4830 1747 4881 εὐκο-

174 4908 308 4958 λίαν
340 4904 443 4973 τῆς
500 4904 687 4971 ἐφόδου
737 4902 998 4977 δηλῶν,δ
1046 4904 1164 4973 μεθ’
1187 4907 1495 4977 ὑπερϐολῆς
1553 4911 1749 4974 αὐτοὺς

170 4989 459 5049 κατέσειε,
484 4986 543 5038 τὸ
570 4985 771 5053 πλῆθος
791 4986 819 5026 ι’
843 4990 940 5057 τῆς
979 4990 1235 5057 στρατιᾶς
1260 4992 1559 5060 ἐμφαίνων,
1592 4994 1620 5044 ὃ
1650 4995 1751 5063 μά-

170 5074 341 5125 λιστα
368 5069 544 5122 αὐτῶν
566 5069 820 5138 ἐξέστησε
849 5070 948 5137 τὴν
970 5070 1204 5125 διάνοιαν
1223 5089 1236 5101 ·
1258 5074 1431 5127 ταῦτα
1456 5075 1513 5129 δέ
1536 5075 1751 5130 ἅπαντα

168 5155 263 5207 διὰ
286 5154 409 5205 τῶν
454 5151 575 5220 ἐξῆς
609 5151 847 5221 ᾐνίξατο.
881 5153 1079 5205 Σκόπει
1110 5154 1197 5206 δέ·
1229 5157 1337 5210 Καὶ
1379 5157 1549 5211 ἔσται
1578 5159 1647 5211 ἐν
1676 5159 1752 5227 τῇ

169 5238 383 5305 ἡμέρᾳ
419 5234 637 5303 ἐκείνῃ,
679 5237 833 5302 φησὶ,
873 5236 1070 5301 συριεῖ
1105 5237 1321 5306 Κύριος
1345 5242 1568 5308 μυίαις.
1635 5243 1752 5296 Ἐν-

169 5321 361 5374 ταῦθα
404 5318 556 5385 μυίας
606 5320 730 5379 τοὺς
762 5318 1087 5384 Αἰγυπτίους
1118 5321 1363 5384 ἐκάλεσε,
1393 5324 1481 5377 διά
1506 5325 1568 5377 τό
1597 5327 1751 5379 ἀναι-

166 5403 256 5467 δὶς
292 5399 404 5454 καὶ
431 5400 801 5468 ἀναίσχυντον,
836 5398 930 5451 καὶ
956 5401 1035 5451 ὅτι
1068 5403 1305 5471 συνεχῶς
1346 5404 1751 5477 διακρουόμενοι

168 5481 435 5554 συνεχῶς
475 5482 727 5551 ἐπῄεσαν,
774 5482 866 5534 καὶ
911 5482 1030 5534 οὐδὲ
1082 5484 1272 5555 μικρὸν
1332 5487 1586 5542 ἀναπνεῖν
1626 5508 1751 5542 συν-

166 5569 449 5638 τχώρουν,
501 5564 635 5618 ἀλλά
692 5564 860 5634 μυρία
917 5568 1174 5637 παρεῖχον
1234 5569 1414 5621 αὐτοῖς
1454 5574 1753 5643 πράγματα

232 5740 264 5766 ⁸
288 5737 425 5795 Reg.
456 5736 681 5789 ἐπιθήσει.

232 5794 569 5867 bfjc'rdorel.
596 5796 851 5867 eyBav‘ar.
874 5807 897 5866 ξ
915 5794 1035 5856 Reg.
1062 5800 1115 5846 et
1157 5797 1330 5853 Savil..
1375 5801 1429 5850 τὸ
1467 5801 1607 5866 ξίφος,
1647 5806 1753 5867 ipso

170 5860 377 5912 Savilio
396 5863 704 5921 proponenle
737 5854 792 5902 τὸ
823 5854 1001 5917 στῖφος.

510 5949 788 6009 Ρλτιιοι.
834 5941 949 6004 Gn.
995 5940 1146 6001 LVI.

1836 470 2111 534 πολλάκις,
2162 468 2410 539 καθάπερ
2446 470 2503 523 αἱ
2560 471 2711 543 μυῖαι
2761 471 2871 532 τοῖς
2900 469 3227 541 τραύμασιν,
3258 468 3401 524 οὗτοι

1834 552 2094 621 διηνεκῶς
2137 554 2259 616 ταῖς
2296 553 2499 605 τούτων
2540 551 2882 623 ἐφιζάνοντες
2914 554 3236 622 συμφοραῖς,
3271 552 3401 606 Τοὺ.

1834 651 1959 697 τους
1995 631 2086 688 οὖν
2133 634 2308 701 ἐξειε,
2366 636 2548 706 φησὶν,
2579 637 2608 687 ό
2670 636 2820 693 Θεός.
2884 633 3019 687 Ἀλλ’
3064 634 3164 687 οὐκ
3226 629 3400 699 εἶπεν,

1831 715 2013 780 Αὔξει,
2042 715 2201 780 ἀλλά,
2228 717 2440 784 Συριεῖ,
2473 717 2570 788 τὴν
2605 717 2851 771 εὐκολίαν
2879 717 3156 789 ἐμφαίνων
3188 716 3287 785 τῆς
3308 717 3404 769 ἀν-

1832 798 1971 863 όδου,
1997 800 2090 852 καὶ
2121 799 2181 852 τὸ
2216 801 2425 869 ἀμαχον
2444 801 2540 869 τῆς
2580 798 2673 853 τοῦ
2702 799 2834 853 Θεοῦ
2860 800 3159 870 δυνάμεως,
3194 818 3283 853 και
3319 800 3403 853 ὅτι

1832 882 1992 951 ἀρκεῖ
2004 880 2187 934 νεῦσαι
2207 882 2381 953 μόνον,
2400 883 2491 936 καὶ
2508 882 2681 936 πάντα
2694 884 2902 936 ἕπεται.
2925 881 3040 954 [86]
3060 885 3167 935 Καὶ
3180 883 3403 944 εἰκότως

1833 964 1941 1017 ἀπὸ
1957 964 2160 1018 τούτων
2186 966 2447 1037 πρότερον
2488 966 2715 1038 ἄρχεται
2758 967 2856 1035 τῆς
2888 967 3134 1034 ἀπειλῆς,
3175 960 3250 1020 ῶν
3298 966 3400 1035 ήδη

1834 1049 2030 1117 πεῖραν
2062 1047 2333 1118 εἰλήφασι.
2357 1047 2465 1101 Καὶ
2495 1047 2568 1115 τῇ
2596 1048 2884 1117 μελίσσῃ,
2905 1048 2942 1114 ἦ
2969 1048 3224 1101 ἐστινέν
3243 1047 3404 1116 χώρᾳ

1847 1128 2200 1197 Ἀσσυρίων.
2230 1130 2290 1184 '0
2326 1130 2496 1204 Σύρος
2520 1134 2613 1185 καλ¹
2643 1133 2671 1184 δ
2713 1130 2979 1202 Ἐϐραῖος,
3019 1130 3093 1194 ῶς
3130 1148 3313 1199 φασιν,
3340 1131 3400 1208 ού

1833 1209 2069 1278 λέγουσι,
2128 1211 2403 1281 μελίσσας,
2435 1213 2588 1277 ἀλλά,
2621 1214 2856 1283 σφῆκας.
2924 1212 3137 1282 Ἐπειδὴ
3186 1211 3294 1282 γάρ
3337 1213 3399 1263 οὑ

1837 1292 2041 1364 σφόδρα
2088 1294 2264 1347 αὐτῶν
2290 1291 2430 1365 ἦσαν
2460 1298 2515 1349 ἐν
2545 1297 2730 1367 πείρα,
2772 1298 2839 1365 τῇ
2896 1296 3062 1348 εἰκόνι
3119 1295 3212 1347 τοῦ
3258 1292 3398 1357 ζώου

1835 1376 1915 1438 εἰς
1970 1376 2165 1446 πολλὴν
2199 1378 2396 1442 αὐτοὺς
2438 1379 2719 1432 ἐνέϐαλλεν
2764 1379 3021 1446 ἀγωνίαν,
3065 1377 3125 1430 τὸ
3175 1376 3398 1445 σφοδρὸν

1835 1459 2031 1521 αὐτῶν,
2103 1460 2163 1512 τὸ
2220 1461 2536 1532 πληκτικὸν,
2602 1463 2662 1515 τὸ
2710 1461 3025 1533 ἀμυντικὸν,
3088 1462 3146 1514 τὸ
3207 1458 3398 1529 πικρὸν

1835 1542 1943 1594 τῶν
1961 1544 2305 1613 τραυμάτων,
2346 1545 2406 1597 τὸ
2436 1546 2570 1615 ταχὺ
2598 1547 2695 1615 τῆς
2734 1544 3055 1613 παρουσίας,
3097 1542 3156 1595 τὸ
3194 1539 3399 1608 δυσφύ-

1835 1624 2029 1678 λακτον
2070 1626 2158 1680 διὰ
2181 1627 2272 1680 τοῦ
2300 1626 2438 1689 ζώου
2461 1628 2647 1681 τούτου
2677 1627 2870 1697 δηλῶν.
2892 1625 3003 1679 Καὶ
3024 1626 3399 1685 ἐλεύσονται,

1836 1705 1934 1760 καὶ
1965 1708 2415 1762 ἀναπαύσονται
2452 1710 2671 1775 πάντες
2710 1709 2779 1762 ὲν
2814 1708 2942 1771 ταῖς
2986 1706 3243 1776 φάραγξι
3291 1702 3402 1773 τῆς

1836 1788 2027 1857 χώρας
2056 1789 2155 1843 καί
2185 1791 2255 1843 ἐν
2280 1790 2408 1857 ταῖς
2427 1790 2712 1860 τρώγλαις
2740 1788 2859 1843 τῶν
2890 1788 3138 1856 πετρῶν,
3183 1786 3279 1839 καὶ
3314 1788 3403 1850 είς

1836 1870 1908 1923 τὰ
1934 1871 2225 1936 σπήλαια,
2267 1873 2364 1925 καὶ
2394 1875 2481 1939 εὶς
2511 1871 2718 1927 πᾶσαν
2730 1871 2981 1941 ραγάδα,
3008 1870 3104 1922 καί
3134 1870 3203 1922 έν
3224 1866 3404 1921 ,παντέ

1838 1951 2019 2015 ξύλῳ.
2058 1951 2241 2006 Εἰπὼν
2272 1954 2334 2007 τὸ
2366 1954 2594 2024 φοϐερὸν
2619 1953 2726 2006 τῶν
2750 1951 2938 2016 ἐθνῶν,
2965 1951 3132 2004 καὶτὸ
3154 1949 3402 2019 τάχιστον

1834 2037 1934 2100 τῆς
1967 2035 2273 2104 στρατείας,
2315 2036 2459 2104 λέγει
2489 2035 2585 2089 καὶ
2618 2035 2677 2089 τὸ
2704 2034 2905 2103 πλῆθος
2932 2031 3133 2086 λοιπόν.
3168 2030 3277 2083 Καὶ
3304 2030 3405 2082 οὐκ

1837 2110 1978 2179 εἷπε,
2047 2117 2626 2187 Στρατοπεδεύσονται,
2694 2116 2847 2179 ἀλλά,
2912 2115 3400 2175 Ἆναπαύσονται,

1837 2196 1956 2249 οὐδέ
1978 2198 2052 2260 ὡς
2083 2200 2163 2261 είς
2191 2198 2452 2269 πολεμίαν
2501 2198 2886 2267 ἀφικνούμενοι
2929 2194 3129 2266 χώραν,
3171 2194 3285 2246 ἀλλ’
3327 2191 3403 2254 ὡς

1837 2280 1903 2347 τῇ
1933 2279 2110 2349 οἰκείᾳ
2147 2280 2539 2350 ἐντρυφῶντες,
2592 2280 2711 2333 οὐδὲ
2765 2280 2839 2341 ὼς
2889 2278 3133 2347 καμάτου
3162 2276 3403 2345 δεόμενοι

1838 2361 1933 2412 καὶ
1955 2362 2138 2427 πόνου,
2172 2363 2284 2416 ἀλλ’
2306 2362 2381 2426 ὡς
2406 2364 2497 2416 ἐπὶ
2530 2361 2767 2433 φανερὰν
2796 2363 3194 2430 ἀπαντήσοντες
3225 2356 3401 2424 νίκην,

1837 2444 1932 2496 καὶ
1948 2444 2157 2513 ἕτοιμον
2177 2444 2468 2514 ληψόμενοι
2490 2446 2589 2514 τὴν
2610 2445 2884 2514 ἁρπαγήν.
2904 2443 2999 2495 Διά
3026 2439 3186 2495 τοῦτό
3217 2456 3400 2508 φησιν,

1852 2524 2231 2580 Ἐλεύσονται
2268 2526 2367 2578 καὶ
2402 2526 2874 2587 ἀναπαύσονται,
2914 2524 2943 2576 δ
2980 2523 3087 2575 τῶν
3120 2520 3401 2589 νενικηκό-

1837 2621 1943 2657 των
1995 2606 2128 2669 ἐστὶ,
2166 2609 2259 2657 καὶ
2300 2607 2558 2675 τρόπαιον
2604 2606 2935 2675 στησάντων,
2978 2606 3071 2657 καὶ
3123 2601 3262 2672 μετά
3311 2600 3404 2653 τὸν

1838 2684 2004 2738 πολὺν
2054 2685 2248 2756 ἱδρῶτα
2286 2688 2382 2739 καὶ
2426 2687 2523 2749 τάς
2558 2687 2769 2755 σφαγὰς
2806 2685 3254 2754 ἀναπαυομένων.
3292 2683 3404 2735 Καὶ

1837 2768 1938 2820 οὐκ
1969 2768 2369 2822 ἀναπαύσονται
2405 2770 2461 2821 ἐν
2498 2769 2698 2831 πεδίοις
2746 2770 2902 2839 μόνον
2925 2784 2939 2800 ·
2988 2767 3100 2821 ἀλλ’
3131 2765 3316 2836 ἐπειδὴ
3342 2765 3405 2817 τὸ

1840 2849 2040 2919 πλῆθος
2078 2850 2321 2922 ἄπειρον,
2346 2851 2373 2891 ἆ
2422 2853 2519 2921 οὺχ
2553 2854 2711 2923 ἱκανὴ
2738 2855 2771 2923 ή
2806 2851 2957 2922 χώρα
2997 2850 3246 2916 δέξασθαι
3298 2847 3405 2900 τῶν

1842 2931 2107 3000 σωμάτων
2154 2933 2244 2985 τὸν
2288 2932 2540 3004 ἀριθμὸν,
2587 2934 2680 2988 καὶ
2732 2934 3032 3005 φάραγγες.
3063 2932 3157 2985 καὶ
3186 2930 3401 2999 πέτραι,

1840 3013 1933 3065 καὶ
1972 3012 2091 3083 δρη,
2117 3014 2211 3067 καὶ
2245 3016 2435 3081 νάπαι,
2491 3015 2583 3068 καὶ
2627 3017 2804 3070 πάντα
2852 3015 3254 3084 καλυφθήσεται
3286 3013 3398 3074 τοῖς

1841 3094 2193 3165 βαρϐαρικοῖς
2217 3096 2451 3165 σώμασι.
2482 3098 2674 3150 Καίτοι
2706 3100 2752 3149 εί
2778 3098 2870 3151 καὶ
2898 3098 2969 3167 μὴ
2996 3096 3214 3165 σφοδροὶ
3235 3090 3400 3164 ἦσαν.

1843 3176 1976 3245 μηδὲ
2029 3175 2169 3228 οὕτω
2215 3177 2405 3247 ῥᾴδιοι,
2443 3179 2599 3248 ῆρκει
2645 3179 2707 3231 τὸ
2753 3178 2953 3247 πλῆθος
2998 3178 3193 3238 αὐτοὺς
3235 3192 3405 3227 κατα-

1840 3257 2068 3328 πλῆξαι·
2108 3260 2233 3311 ὅταν
2256 3259 2313 3311 δὲ
2346 3260 2631 3330 ἀμφότερα
2660 3256 2718 3333 ᾖ,
2774 3260 2974 3330 πλῆθος
3010 3258 3284 3319 τοσοῦτον,
3311 3256 3405 3309 δύ-

1839 3356 1997 3409 ναμις
2020 3352 2044 3380 θ
2091 3340 2411 3411 τηλικαύτη,
2449 3342 2543 3395 καὶ
2587 3342 2648 3394 τὸ
2686 3342 2899 3395 πάντων
2932 3340 3326 3411 χαλεπώτερον,
3371 3339 3406 3407 ἠ

1838 3423 1931 3474 τοῦ
1963 3422 2096 3475 Θεοῦ
2141 3424 2278 3494 ὀργὴ
2326 3423 2722 3494 στρατηγοῦσα,
2752 3424 2879 3477 ποία
2923 3423 3105 3476 λοιπόν
3145 3424 3258 3475 ἐστι
3305 3437 3409 3472 σω-

1840 3505 2031 3574 τηρίας
2080 3503 2373 3571 ἐλπίς;“Τὸ
2405 3506 2481 3569 δὲ,
2519 3507 2621 3571 Ειὶς
2664 3505 2867 3559 πᾶσαν
2894 3504 3147 3573 ραγάδα.
3192 3504 3291 3555 καὶ
3338 3503 3408 3553 ἐν

1842 3585 2019 3639 παντὶ
2055 3586 2239 3651 ξύλῳ,
2284 3586 2655 3654 ὑπερϐολικῶς
2690 3588 2920 3657 εἴρηται.
2955 3587 3027 3638 Οὑ
3075 3585 3183 3654 γάρ
3212 3585 3274 3650 δὴ
3316 3584 3409 3636 ἐπὶ

1841 3668 1950 3719 τῶν
1980 3669 2208 3738 δένδρων
2236 3667 2459 3737 ἔμελλον
2483 3668 2877 3734 ἀναπαύεσθαι,
2909 3669 3021 3722 ἀλλ’
3046 3668 3203 3738 ὁμοῦ,
3229 3666 3401 3719 καθάσ

1844 3766 1948 3819 περ
1975 3745 2145 3814 εἷπον,
2177 3750 2269 3803 καὶ
2290 3749 2387 3820 τὴν
2415 3749 2718 3820 ὑπερϐολὴν
2736 3750 2977 3821 ᾐνίξατο,
3017 3749 3110 3802 καὶ
3144 3752 3210 3819 τῇ
3245 3765 3409 3813 μετα-

1844 3833 1984 3902 φορᾷ
2014 3832 2123 3885 τῶν
2152 3833 2377 3902 σφηκῶν
2407 3833 2697 3904 ἐνέμεινεν.

1927 3998 2029 4052 Ἐν
2067 3997 2139 4064 τῇ
2174 3998 2361 4065 ἡμέρᾳ
2391 3997 2589 4064 ἐκείνῃ
2608 3996 2852 4066 ξυρήσει
2871 3998 3081 4064 Κύριος
3100 3995 3178 4059 τῷ
3204 3993 3363 4063 ξυρῷ
3388 3993 3405 4031 ι

1845 4079 1925 4144 τῷ
1970 4080 2415 4148 μεμεθυσμένῳ.
2471 4078 2718 4148 Αύξήσας
2774 4079 2865 4133 τὸν
2939 4078 3096 4148 φόϐον
3144 4078 3251 4130 ἀπὸ
3304 4077 3411 4128 τῶν

1849 4162 2241 4232 στρατοπέδων,
2270 4161 2527 4214 ἐπιτείνει
2558 4162 2718 4215 πάλιν
2743 4162 2926 4226 αὑτὸν,
2958 4163 3049 4214 ἐπὶ
3078 4162 3169 4215 τὸν
3185 4161 3412 4231 οὐρανὸν

1846 4244 1936 4297 τὸν
1970 4243 2125 4310 λόγον
2177 4242 2414 4311 ἀνάγων,
2455 4242 2667 4305 δεικνὺς
2704 4245 2786 4297 ὅτι
2833 4244 2894 4297 οὐ
2952 4242 3215 4315 βάρϐαροί
3270 4260 3411 4305 τινες

1848 4325 2130 4394 Αἰγύπτιοι
2162 4325 2254 4378 καὶ
2279 4325 2503 4395 Πέρσαι,
2534 4325 2646 4379 ἀλλ’
2673 4327 2701 4379 ὁ
2733 4325 2865 4389 Θεός
2905 4328 3052 4379 ἐστιν
3086 4329 3114 4378 ό
3161 4325 3412 4394 πολεμῶν

1848 4412 1956 4470 τοῖς
1990 4406 2279 4470 Ἰουδαίοις.
2304 4404 2473 4477 Ξυρὸν
2493 4407 2548 4460 δέ
2568 4405 2795 4460 ἐνταῦθα
2816 4408 2911 4478 τὴν
2939 4408 3209 4475 ἀφόρητον
3244 4406 3412 4476 ὀργὴν

1848 4491 2010 4545 αὐτοῦ
2034 4507 2184 4560 φησι,
2202 4490 2297 4542 καὶ
2328 4490 2393 4559 ἣν
2416 4490 2587 4552 οὐδεὶς
2619 4490 2912 4560 ὑποστῆναι
2942 4489 3249 4557 δυνήσεται,
3295 4488 3413 4557 μετ’

1850 4574 2095 4635 εὐκολίας
2131 4570 2386 4625 ἐπιοῦσαν
2407 4571 2500 4623 καὶ
2533 4570 2944 4625 ἀναλίσκουσαν.
2985 4571 3192 4643 Ὥσπερ
3220 4570 3328 4640 γὰρ
3358 4571 3416 4622 αἱ.

1849 4657 2027 4727 τρίχες
2066 4652 2157 4707 τοῦ
2211 4651 2455 4721 σώματος
2494 4652 2587 4706 τοῦ
2638 4652 2798 4723 ξυροῦ
2836 4654 2933 4722 τὴν
2980 4654 3163 4725 ἀκμὴν
3206 4653 3306 4705 οῦκ
3349 4654 3416 4705 ἂν

1851 4738 2151 4804 ὲνέγκαιεν,
2181 4735 2293 4788 ἀλλ’
2318 4736 2555 4787 εῐκουσιν
2582 4735 2785 4798 εὐθέως
2834 4736 2927 4788 καὶ
2959 4735 3408 4807 παραχωροῦσιν

1850 4818 1990 4871 οὕτω
2023 4819 2084 4888 δὴ
2117 4819 2211 4870 καὶ
2250 4818 2317 4870 τὰ
2357 4816 2619 4870 Ἰουδαῖκά
2665 4819 2967 4887 πράγματα
3013 4818 3109 4889 τὴν
3160 4817 3419 4889 θεήλατον

1850 4902 2018 4973 ὀργὴν
2042 4902 2253 4972 ἐκείνην
2291 4901 2392 4953 οὐκ
2430 4901 2495 4954 ἀν
2518 4901 2804 4955 ὑποσταίέν
2830 4918 2977 4965 ποτε,
3014 4902 3165 4970 φησί.

1923 5074 1986 5127 θ’.
2011 5073 2179 5144 Ξυρὸν
2200 5072 2378 5127 τοίνυν
2398 5070 2805 5141 μεμεθυσμένον
2821 5069 2918 5140 τὴν
2933 5070 3305 5141 ἀκμάζουσαν,
3321 5079 3420 5143 την

1856 5157 2280 5229 μεμεστωμένην
2315 5155 2407 5207 τοῦ
2438 5153 2569 5207 θεοῦ
2600 5153 2787 5225 ὀργὴν,
2841 5155 2937 5224 τὴν
2980 5155 3420 5225 πεπληρωμένην

1853 5244 2121 5310 ἀπόφασιν
2180 5243 2308 5309 ἡμῖν
2349 5236 2698 5291 ἐνδείκνυται.
2748 5236 2942 5304 Πέραν
2999 5238 3067 5291 δέ
3105 5240 3211 5292 τοῦ
3244 5251 3423 5290 ποτα-

1849 5326 1966 5395 μοῦ
1996 5325 2299 5389 βασιλέως
2337 5320 2695 5388 Ἀσσυρίων,
2730 5319 2797 5372 τά
2824 5322 2847 5359 ³
2886 5320 3058 5390 πέραν
3089 5319 3182 5372 τοῦ
3205 5319 3423 5389 Εύφρά-

1919 5502 1941 5529 °
1967 5500 2115 5552 Ἕξει.
2144 5496 2260 5545 Cum
2282 5494 2463 5544 Savilio
2489 5496 2713 5545 existimo
2733 5494 2814 5543 hic
2841 5495 3104 5552 legendum
3130 5508 3238 5543 esse
3282 5497 3379 5549 ἄξει
3401 5510 3416 5543 :

1856 5560 1977 5610 infra
2000 5572 2119 5607 vero
2145 5569 2234 5619 pro
2253 5556 2377 5610 αὗεει
2400 5557 2671 5619 _l¢gendum
2698 5558 2845 5603 etiam
2868 5554 2980 5611 ἄξει.
3024 5554 3095 5619 Eg
3121 5558 3252 5603 suria
3282 5564 3419 5605 certe

1858 5622 2008 5682 lique?!
2034 5616 2267 5682 eamdem
2287 5616 2548 5682 uqubique
2576 5628 2747 5666 vocem
2764 5629 2875 5667 esse
2896 5616 3185 5680 ponendam.

1917 5678 1943 5719 'd
1979 5679 2127 5729 Savil.
2164 5678 2294 5726 addit
2318 5678 2416 5725 καί.

1922 5754 1944 5805 εξ
1968 5742 2089 5805 ﬂes.
2118 5740 2197 5805 καὶ
2217 5741 2389 5805 πλῆθος
2408 5736 2635 5805 τοσοῦτον
2657 5739 2736 5805 καὶ
2757 5738 2959 5805 δύναμιςΣ

1921 5802 1943 5840 f
1967 5796 2101 5856 Haa'c,
2126 5802 2195 5860 τῷ
2217 5801 2355 5861 ξυρῷ.
2392 5800 2680 5861 ετοίρεςοοι
2703 5800 2750 5845 in
2774 5796 2893 5861 βσὶι.
2920 5796 3087 5845 Morel.
3118 5803 3321 5846 tantum.

1921 5866 1945 5905 ι
1969 5862 2042 5913 Ila
2061 5857 2230 5913 Morel.
2264 5857 2483 5912 "etSavil.
2506 5859 2561 5909 In
2584 5860 2705 5921 Reg.
2728 5858 2787 5905 τά
2807 5857 2966 5907 deest.

3058 5935 3095 5996 6
