4156 6312
146 508 287 551 u-ans
313 490 640 563 Euphratem
674 486 917 543 videlicet
949 500 962 537 :
997 493 1052 539 ut
1084 490 1202 539 erat
1235 478 1416 535 Judaea
1456 488 1509 533 et
1534 476 1703 533 Palae-

149 587 280 638 stina
296 582 474 637 omnis
495 595 524 633 a
551 577 765 633 Perside
785 572 1143 630 redeuntibus.
1167 571 1291 625 Hmc
1311 570 1484 638 itaque
1507 565 1703 629 omnia,

150 675 340 743 inquit,
383 672 597 741 penitus
637 666 852 722 delebit.
882 664 1054 733 Caput
1091 669 1287 726 autem,
1318 657 1552 727 capillos,
1586 655 1708 709 bar-

149 765 265 818 bam
297 772 352 816 et
396 761 577 831 pedes,
631 758 928 812 universam
971 754 1238 823 regionem
1277 749 1404 804 dicit
1434 747 1532 801 sub
1567 760 1713 800 com-

153 854 426 924 paratione
456 848 713 917 corporis,
755 859 973 915 eamque
1000 852 1161 897 tomm
1202 853 1445 894 sermone
1480 835 1715 904 comple-

153 947 329 1008 ctitur,
368 938 811 1011 quemadmodum
836 936 984 991 initio
1009 932 1217 989 dicebat
1242 948 1255 983 :
1282 929 1441 984 Omne
1475 937 1624 997 caput
1645 926 1713 979 ad

152 1036 396 1099 laborem,
427 1041 473 1084 et
499 1045 642 1083 omne
670 1044 756 1082 cor
792 1029 857 1079 ad
882 1027 1125 1080 dolorem.
1153 1022 1197 1076 Α
1236 1020 1441 1091 pedibus
1469 1034 1621 1087 usque
1643 1016 1711 1070 ad

151 1132 298 1190 caput
327 1137 434 1175 non
464 1122 610 1173 estin
639 1135 694 1173 eo
718 1118 905 1173 sanitas
934 1113 1084 1185 (Isai.
1108 1113 1153 1166 1.
1189 1112 1243 1167 5.
1266 1110 1321 1180 6)
1351 1128 1365 1164 :
1393 1124 1497 1164 non
1517 1108 1583 1163 de
1610 1120 1714 1162 uno

151 1221 355 1265 tantum
378 1211 563 1265 dicens
585 1208 815 1272 homine,
847 1204 939 1261 sed
971 1211 1132 1258 totam
1159 1200 1428 1271 regionem
1452 1200 1542 1253 uni
1568 1212 1713 1253 com-

151 1315 344 1370 parans
380 1298 614 1368 corpori.
658 1297 767 1351 Hoc
794 1303 969 1349 autem
1012 1293 1099 1347 hic
1128 1292 1291 1346 dicit:
1317 1299 1479 1346 totam
1520 1299 1713 1344 terram

149 1406 307 1461 grave
338 1391 633 1444 subituram
663 1386 973 1457 supplicium
1003 1397 1140 1439 esse.
1167 1383 1231 1437 Et
1256 1381 1359 1437 hoc
1383 1380 1592 1451 quidem
1622 1394 1717 1447 per

154 1483 492 1545 novaculam,
524 1480 651 1534 illud
683 1493 811 1533 vero
846 1493 939 1547 per
964 1476 1199 1546 corporis
1224 1475 1504 1543 imaginem
1540 1470 1717 1525 decla-

155 1574 306 1636 ravit,
364 1571 675 1636 ostendens,
720 1568 993 1623 decretum
1042 1580 1072 1619 a
1117 1566 1224 1619 Deo
1272 1564 1433 1617 latum
1478 1559 1717 1614 acerbius

155 1677 309 1729 quam
339 1659 652 1715 novaculam
690 1657 975 1727 quamlibet
999 1664 1052 1711 et
1080 1653 1319 1709 homines
1348 1660 1401 1706 et
1428 1659 1581 1704 terrae
1606 1648 1719 1702 fruo

154 1761 267 1807 ctus
306 1758 747 1818 consumpturum
772 1788 787 1813 ,
837 1746 1083 1815 illamque
1116 1744 1309 1798 nudam
1359 1749 1413 1795 et
1455 1739 1716 1794 desertam

154 1841 467 1894 relicturum
508 1852 644 1893 esse.
696 1834 894 1891 Deinde
922 1834 1038 1902 ejus
1078 1832 1375 1886 vastitatem
1424 1843 1516 1898 per
1563 1828 1717 1882 aliam

153 1927 608 1996 comparationem
638 1924 875 1979 exhibet.
906 1921 1067 1990 ldque
1098 1919 1221 1974 facit
1255 1932 1449 1973 curans
1477 1926 1534 1971 ut
1563 1917 1719 1971 timor

154 2034 369 2087 semper
394 2018 577 2087 vigens
602 2022 831 2078 maneat,
855 2023 909 2069 et
930 2027 1093 2083 angor
1114 2010 1433 2081 longitudine
1461 2008 1719 2063 sermonis

155 2124 258 2163 non
286 2107 580 2161 minuatur.
611 2105 676 2159 Et
704 2103 913 2175 quidem
940 2103 1147 2158 videtur
1184 2101 1272 2156 hic
1310 2114 1485 2156 sermo
1514 2100 1597 2164 iis,
1629 2098 1719 2169 qui

156 2216 259 2254 non
288 2197 593 2259 attendunt,
625 2196 864 2265 qumdam
905 2194 1161 2249 honorum
1201 2192 1455 2262 promissa
1484 2188 1721 2257 comple—

156 2290 224 2343 cti
255 2306 268 2341 :
301 2288 398 2343 sed
422 2287 511 2356 qui
551 2295 798 2339 accurate
838 2289 1159 2346 scrutantur,
1184 2280 1355 2334 sciunt
1385 2278 1608 2346 ingentis
1632 2291 1722 2331 va-

158 2379 357 2432 stitatis
383 2392 504 2431 esse
524 2374 1045 2429 demonstrationem.
1077 2370 1211 2437 Quid
1246 2373 1384 2425 enim
1413 2369 1521 2422 ait?
1544 2369 1632 2422 2i.
1659 2366 1724 2421 Et

155 2472 248 2524 erit
293 2470 347 2522 in
394 2468 479 2521 die
514 2467 628 2532 illa,
669 2467 851 2520 nutriet
893 2466 1039 2519 homo
1066 2464 1271 2517 vitulam
1305 2462 1471 2527 boum,
1507 2471 1555 2515 et
1598 2460 1725 2514 duas

158 2575 290 2613 oues.
336 2558 430 2612 9.2.
471 2556 537 2609 Et
568 2558 678 2622 erit,
721 2572 783 2610 ex
822 2556 1037 2625 plurima
1081 2555 1280 2624 potione
1316 2553 1478 2618 lactis,
1507 2551 1725 2605 comedet

160 2653 420 2719 butyrum,
453 2649 568 2717 quia
595 2649 824 2717 butyrum
869 2656 915 2700 et
956 2645 1053 2699 mel
1079 2643 1297 2699 comedet
1332 2645 1495 2698 omnis
1523 2643 1725 2697 relictus

159 2758 311 2808 super
331 2750 538 2792 terram.
565 2739 672 2792 lloc
694 2737 931 2803 multam,
955 2746 1011 2791 ut
1030 2736 1158 2801 dixi,
1188 2736 1484 2791 vastitatem
1510 2734 1723 2789 indicat.

159 2830 323 2884 Terra
354 2828 501 2883 enim
534 2842 649 2897 qua:
672 2828 989 2880 frumentum
1028 2833 1081 2878 et
1106 2824 1359 2877 hordeum
1383 2822 1600 2884 ferebat,
1631 2820 1727 2873 ho-

160 2920 397 2972 minibus
428 2917 696 2981 destituta,
722 2915 937 2968 uberem
968 2911 1355 2980 pabulationem
1384 2910 1565 2964 ovibus
1592 2924 1727 2978 prce-

164 3007 329 3068 bebit,
361 3015 418 3061 et
447 3006 517 3058 ita
542 3004 779 3069 uberem,
821 3011 876 3056 ut
910 3001 979 3055 ob
1008 2998 1379 3054 abundantiam
1408 2999 1527 3053 talis
1551 2997 1727 3068 pabuli

158 3098 432 3152 sufﬁciant
451 3111 579 3151 oves
605 3096 721 3150 dua:
745 3103 799 3149 et
826 3109 927 3149 una
957 3092 1137 3159 vitula,
1170 3101 1225 3147 ut
1244 3090 1534 3162 possessori
1560 3089 1730 3146 fontes

164 3189 315 3243 lactis
340 3187 631 3257 przebeant.
673 3185 849 3255 Itaque
879 3183 1197 3239 abundantia
1225 3181 1403 3252 pabuli
1433 3180 1733 3245 brutorum,

162 3276 469 3331 solitudinis
495 3276 766 3329 hominum
791 3274 1075 3326 maximum
1100 3280 1181 3326 est
1209 3277 1599 3340 argumentum.
1628 3266 1730 3322 Mcl

161 3381 380 3435 quoque
422 3364 547 3418 illud
576 3362 869 3417 subindicat
894 3379 907 3415 :
936 3362 1110 3416 solent
1138 3360 1277 3413 enim
1307 3372 1433 3427 apes
1460 3358 1511 3411 in
1541 3357 1730 3411 solitu-

160 3456 381 3509 dinihus
404 3454 643 3507 lubenter
668 3452 888 3517 versari,
914 3451 999 3504 ubi
1024 3448 1307 3503 abundanti
1330 3461 1448 3500 esca
1469 3448 1729 3509 fruantur,

159 3554 216 3598 et
261 3543 353 3597 ubi
383 3542 559 3595 nullus
588 3541 656 3593 sit
685 3540 775 3609 qui
810 3537 1099 3609 perturbet.
1144 3535 1210 3591 Ut
1240 3549 1364 3589 vero
1388 3534 1559 3587 discas
1589 3533 1729 3587 illam

161 3637 439 3703 ingentem
479 3630 814 3686 solitudinem
871 3628 1238 3692 snbindicare,
1287 3642 1352 3681 ex
1395 3625 1733 3695 sequentibus

162 3724 295 3777 disci
326 3731 525 3793 potest.
555 3721 643 3774 23.
684 3719 748 3773 Et
779 3719 869 3773 erit
902 3720 956 3772 in
993 3718 1074 3771 die
1108 3717 1219 3781 illa,
1265 3716 1347 3769 ubi
1376 3716 1559 3783 fuerint
1596 3715 1733 3767 mille

162 3816 320 3868 uince
345 3813 491 3866 mille
529 3811 785 3874 sicterum,
816 3810 866 3861 in
891 3809 1129 3862 incultam
1159 3816 1323 3869 erunt,
1360 3816 1409 3859 et
1435 3807 1488 3859 in
1512 3805 1729 3875 spinam.

158 3897 251 3951 2i.
279 3896 412 3951 Cum
437 3895 619 3964 sagitta
644 3903 688 3946 et
722 3909 842 3945 arcu
867 3891 1205 3960 ingrediantur
1232 3888 1373 3955 illuc,
1405 3890 1522 3958 quia
1547 3888 1734 3941 inculta

158 4000 205 4040 et
228 3988 401 4054 spinis
426 3985 584 4037 obsita
610 3984 698 4037 erit
725 3982 883 4034 omnis
925 3990 1078 4033 terra.
1106 3980 1347 4049 Magnum
1388 3989 1442 4033 et
1471 3977 1569 4031 hoc
1596 3976 1732 4031 inle-

157 4075 383 4129 licitatis
413 4073 617 4140 signant
657 4079 757 4132 est,
785 4069 923 4139 quod
952 4084 1055 4123 non
1102 4076 1308 4123 montes
1346 4076 1399 4123 et
1437 4068 1603 4134 silvm,
1639 4066 1733 4122 sed

158 4166 275 4231 ipsa
304 4160 526 4215 arahilis
567 4170 727 4225 terra,
757 4174 875 4228 qua:
917 4158 1197 4227 diligenter
1225 4156 1517 4221 colebatur,
1556 4156 1735 4224 spinas

158 4254 319 4308 ferat.
366 4250 551 4317 Neque
575 4249 715 4303 enim
748 4258 944 4303 temere
974 4248 1242 4302 vinearum
1271 4247 1496 4316 pretium
1535 4246 1729 4315 posuit,

154 4343 253 4396 sed
290 4351 350 4395 ut
396 4348 636 4393 naturam
662 4348 815 4392 terra:
843 4337 1249 4401 demonstraret,
1294 4336 1613 4404 multamque
1644 4349 1734 4388 co-

157 4433 416 4487 lonorum
446 4442 645 4481 curam.
672 4428 913 4482 Attamen
941 4427 1029 4480 illa
1046 4440 1160 4495 quae
1189 4426 1332 4494 prius
1355 4434 1458 4479 tam
1484 4439 1735 4494 prospera

156 4530 339 4586 erant,
372 4520 561 4589 inquit,
592 4527 645 4573 et
668 4519 1012 4587 agricolarum
1051 4517 1292 4570 manibus
1318 4516 1639 4581 fruebantur,
1669 4516 1722 4569 in

159 4624 373 4668 tantam
417 4620 585 4665 vertet
624 4609 987 4676 solitudinem,
1029 4616 1085 4662 ut
1109 4607 1285 4677 spinas
1323 4622 1419 4676 pro
1456 4607 1622 4661 vineis
1660 4606 1735 4661 fe-

156 4715 304 4769 mnt,
339 4713 399 4757 ct
420 4711 619 4757 tantum
647 4702 901 4755 incutiant
936 4698 1347 4770 ingredientibus
1375 4707 1650 4765 terrorem,
1679 4706 1736 4753 ut

156 4808 325 4848 nemo
353 4792 548 4844 audeat
577 4789 747 4843 nudus
774 4798 824 4842 ct
864 4789 978 4841 sine
1006 4786 1169 4842 armis
1198 4787 1439 4842 introire.
1479 4786 1587 4841 lloc
1606 4800 1734 4842 vero

154 4884 252 4947 ait,
286 4879 632 4935 solitudinem
657 4878 755 4933 loci
783 4877 1076 4942 declarans,
1106 4876 1429 4945 multamque
1448 4875 1551 4930 illis
1575 4876 1626 4930 in
1657 4876 1734 4930 lo-

155 4975 237 5027 cis
265 4972 504 5025 ferarum
528 4968 892 5038 frequentiam.
917 4967 1126 5020 Illorum
1149 4966 1324 5035 itaque
1343 4962 1519 5020 animo
1544 4967 1733 5021 timore

156 5062 441 5131 perculso,
471 5060 701 5129 ipsisque
729 5056 1027 5112 vehementi
1065 5057 1274 5110 incusso
1323 5064 1485 5121 metu,
1525 5072 1731 5111 rursum

154 5164 477 5209 sermonem
507 5164 690 5218 parum
724 5148 963 5215 remittit,
992 5147 1129 5203 bona
1174 5146 1491 5210 admiscens,
1528 5162 1731 5202 necnon

154 5244 517 5299 mutationem
559 5240 610 5293 in
666 5240 975 5303 melius;ut
1028 5239 1273 5307 utrinque
1319 5238 1409 5291 Dei
1450 5240 1732 5307 potentiam

154 5340 545 5405 agnoscerent.
584 5329 777 5385 Verum
822 5330 872 5385 in
922 5330 1242 5386 terribilibus
1287 5329 1480 5383 diutius
1519 5330 1729 5398 insistit,

154 5431 304 5483 bona
350 5440 479 5479 vero
508 5424 687 5476 statim
733 5431 790 5476 ut
826 5422 977 5489 dixit,
1009 5422 1327 5475 intermittit.
1359 5421 1575 5488 Quare?
1602 5422 1730 5487 Quia

156 5520 264 5572 hoc
306 5516 548 5571 maxime
576 5513 949 5582 increpationis
979 5513 1272 5582 pharmaco
1312 5522 1437 5565 tunc
1466 5512 1728 5582 egebant;

155 5612 230 5665 ita
264 5618 328 5662 ut
356 5613 634 5677 postquam
655 5604 867 5675 copiose
898 5602 1023 5658 illud
1058 5604 1318 5673 apposuit,
1348 5618 1453 5673 quo
1473 5605 1608 5658 sinat
1636 5620 1730 5673 pa-

155 5711 387 5771 rumper
430 5696 716 5769 respirare,
768 5704 822 5752 et
862 5693 985 5750 hinc
1032 5695 1187 5751 etiam
1229 5693 1293 5750 ad
1345 5693 1587 5750 virtutem
1635 5708 1728 5750 eos

1374 367 1438 424 IN
1478 363 1727 431 ISAIAM,
1765 360 1916 419 CAP.
1957 362 2089 421 Vlll.

1823 488 2025 543 evocet,
2068 477 2203 533 bona
2230 475 2607 541 intermisceat,
2647 475 2829 532 dicens
2859 474 2983 532 :25.
3033 475 3208 531 Omnis
3234 492 3375 530 mons

1820 581 1988 625 aratro
2014 570 2242 624 sulcatus
2284 570 2533 624 arabitur.
2570 568 3021 636 Quemadmodum
3058 570 3200 625 enim
3239 567 3376 623 irato

1820 662 1948 728 Deo,
1990 662 2147 716 etiam
2180 660 2325 715 ferax
2353 661 2592 731 planities
2621 660 2847 716 solitudo
2874 662 2974 716 erit
2999 680 3011 713 :
3039 662 3116 716 sic
3143 660 3233 716 illo
3260 660 3378 730 pla-

1818 764 1957 817 cato,
1990 753 2147 805 etiam
2178 752 2293 806 loca
2316 766 2499 820 aspera
2523 752 2812 821 pinguioris
2844 760 2995 805 terra:
3018 752 3374 806 conditionem

1819 844 2113 914 acquirent,
2152 852 2207 897 et
2246 852 2479 898 aratrum
2519 844 2783 913 excipient
2826 851 2983 913 atque
3031 857 3233 898 semen.
3284 843 3379 897 llis

1820 950 1980 1005 porro
2021 936 2263 1003 peractis,
2316 935 2474 990 etiam
2515 950 2575 989 ea
2614 951 2731 1005 quae
2783 936 2895 989 hcec
2947 945 3241 1007 sequuntur
3283 935 3380 989 ad-

1820 1033 1996 1091 erunt,
2030 1038 2150 1093 pax,
2195 1024 2433 1089 libertas,
2466 1024 2674 1088 fiducia,
2712 1041 2807 1080 nec
2838 1027 2975 1081 nllus
3012 1026 3112 1081 erit
3142 1025 3297 1079 timor
3325 1033 3382 1077 ut

1821 1114 2043 1185 pridem.
2070 1115 2199 1169 Nam
2225 1116 2320 1179 ait,
2354 1115 2469 1170 Non
2492 1117 2797 1187 ingredietur
2823 1116 2927 1170 illic
2955 1118 3118 1169 timor.
3149 1115 3261 1169 Erit
3287 1130 3381 1167 au-

1822 1213 1918 1257 tem
1955 1205 2015 1258 ab
2046 1205 2230 1258 inculta
2259 1215 2410 1272 terra,
2456 1215 2502 1259 et
2541 1222 2573 1258 a
2598 1206 2744 1274 spina
2781 1206 2832 1258 in
2864 1222 3048 1272 pascua
3090 1206 3214 1270 ouis,
3254 1214 3298 1259 et
3327 1222 3382 1258 us

1822 1294 2245 1348 conculcationem
2271 1296 2425 1349 bouis.
2468 1295 2570 1350 Per
2612 1295 2726 1349 haec
2765 1309 2947 1349 rursus
2974 1310 3063 1350 res
3103 1310 3382 1365 prOSperas

1820 1384 2099 1451 significat,
2146 1385 2281 1439 sicut
2321 1393 2375 1441 et
2407 1385 2627 1440 ulterius
2667 1384 3007 1454 progrediens
3052 1386 3161 1438 ait:
3192 1384 3381 1438 Beatus

1822 1476 1906 1542 qui
1950 1475 2159 1529 seminat
2199 1491 2350 1543 super
2397 1492 2590 1529 omnem
2635 1491 2835 1545 aquam,
2882 1476 2962 1527 ubi
3004 1475 3090 1528 bas
3129 1484 3174 1527 et
3214 1477 3384 1527 asinus

1822 1566 2017 1619 calcant
2067 1564 2218 1635 (Isai.
2263 1565 2347 1621 52.
2391 1566 2505 1637 20).
2554 1564 3008 1635 Quemadmodum
3051 1564 3212 1629 enim,
3264 1578 3385 1619 cum

3453 1578 3561 1643 /

1824 1658 2161 1712 solitudinem
2190 1658 2305 1712 vult
2326 1659 2640 1728 significare,
2669 1660 2882 1714 Sirenas
2908 1667 2965 1713 et
2990 1659 3387 1713 Onocentauros
3445 1653 3575 1729 \

1824 1751 1875 1805 in
1914 1749 2143 1805 medium
2173 1749 2385 1838 adducit
2417 1748 2566 1820 (lsai.
2597 1751 2682 1805 15.
2727 1750 2817 1805 21.
2857 1749 2948 1821 2?.)
2976 1766 2989 1802 :
3015 1750 3108 1813 sic,
3142 1763 3263 1803 cum
3292 1763 3386 1817 pa-

1824 1855 1937 1895 cem
1965 1850 2017 1894 et
2036 1841 2394 1906 securitatem,
2425 1839 2667 1894 animalia
2697 1849 2969 1895 mansueta
2998 1848 3051 1894 et
3075 1838 3385 1903 tractabilia,

1824 1948 2047 2002 qumque
2106 1932 2442 2002 agriculturae
2500 1932 2793 1988 inserviunt
2838 1932 3032 2001 ubique
3100 1928 3386 1999 conspicua

1826 2022 2056 2087 exhibet,
2089 2023 2156 2076 ab
2182 2022 2264 2076 his
2289 2038 2351 2077 ca
2378 2038 2495 2093 quae
2531 2038 2713 2078 eorum
2758 2021 3049 2076 ministerio
3076 2019 3206 2073 fiunt
3247 2018 3386 2072 indi-
3417 2055 3421 2059 -

1826 2126 1975 2179 caus,
1998 2113 2370 2182 agriculturam
2396 2123 2450 2169 et
2468 2112 2571 2169 alia
2597 2128 2780 2168 eorum
2800 2111 3107 2165 ministeria.

2408 2244 2629 2300 CAPUT
2680 2242 2809 2297 Vili.

1831 2360 1880 2413 1.
1922 2358 1987 2411 Et
2024 2358 2095 2411 ait
2134 2356 2379 2411 Dominus
2421 2357 2489 2409 ad
2530 2373 2606 2411 me
2637 2370 2655 2410 :
2681 2356 2837 2412 Sume
2864 2356 2951 2409 tibi
2993 2363 3177 2408 tomunt
3204 2355 3391 2411 charta:

1900 2463 2114 2510 novum,
2164 2462 2429 2517 magnum,
2475 2455 2521 2498 et
2564 2447 2719 2500 scribe
2759 2446 2811 2498 in
2853 2461 2911 2498 eo
2965 2446 3092 2513 stylo
3135 2443 3389 2504 hominis,

1899 2548 1951 2590 ul
2014 2536 2243 2590 velociter
2313 2536 2733 2601 deprwdationem
2784 2535 2938 2604 faciat
2996 2534 3289 2603 spoliorum.
3332 2533 3390 2587 Ξ.

1900 2630 2051 2683 Adest
2071 2628 2201 2683 enim
2229 2644 2247 2681 :
2271 2637 2476 2681 ettcstcs
2496 2628 2617 2680 mihi
2643 2626 2723 2694 [ac
2743 2628 2913 2694 ﬁdeles
2942 2626 3183 2690 homines,
3216 2622 3390 2678 Uriam

1900 2719 2203 2773 sacerdotem
2239 2718 2253 2747 ¹
2276 2756 2291 2783 ,
2344 2726 2387 2770 et
2415 2716 2717 2768 Zachariam
2745 2716 2905 2782 [ilium
2928 2712 3210 2765 Barac/tite.
3239 2712 3293 2765 3.
3329 2710 3394 2765 Et

1902 2816 2082 2864 accessi
2098 2809 2164 2862 ad
2186 2809 2565 2878 prOpIictissam,
2595 2816 2638 2860 et
2664 2807 2715 2859 in
2741 2817 2876 2858 utero
2905 2803 3113 2871 accepit,
3139 2813 3184 2855 et
3206 2802 3395 2871 peperit

1912 2900 2088 2951 ﬁlium.
2118 2896 2185 2951 Et
2223 2896 2349 2950 dixit
2387 2894 2507 2948 mihi
2535 2893 2783 2949 Dominus
2810 2908 2829 2947 :
2878 2891 3012 2945 Voca
3052 2908 3227 2945 nomen
3263 2892 3393 2959 ejus,

1907 2992 2014 3045 Cito
2040 2990 2221 3059 spolia,
2263 2987 2507 3043 Velociter
2551 2987 2797 3057 prtedare.
2843 2987 2895 3040 4.
2952 2983 3081 3049 Quia
3130 2992 3394 3051 antequam

1903 3076 2025 3129 sciat
2059 3090 2181 3143 puer
2210 3088 2385 3127 vocare
2408 3080 2601 3141 patrem
2639 3078 2725 3123 aut
2768 3077 2994 3133 matrem,
3043 3068 3253 3135 accipiet
3298 3065 3396 3118 vir-

1906 3175 2057 3219 tutem
2086 3162 2323 3217 Damasci
2353 3172 2397 3216 et
2422 3161 2584 3231 spolia
2614 3159 2861 3216 Samaria:
2890 3174 3057 3212 coram
3096 3171 3209 3226 rege
3236 3154 3363 3223 Assy
3382 3183 3397 3195 -

1904 3249 2112 3312 riaruml

1907 3373 1958 3426 1.
1998 3370 2121 3425 Haec
2162 3370 2265 3425 duo
2306 3379 2565 3438 praecepta
2608 3365 2894 3421 secundum
2924 3363 3125 3417 literam
3156 3359 3396 3416 videntur

1836 3461 2053 3517 omnino
2096 3460 2303 3514 diversa
2332 3473 2452 3513 esse
2474 3498 2489 3523 ,
2519 3456 2752 3524 nihilque
2780 3468 3059 3509 commune
3094 3449 3288 3505 habere
3315 3467 3328 3502 :
3355 3450 3398 3503 si

1836 3552 1954 3621 quis
2001 3564 2128 3604 vero
2171 3548 2549 3603 sententiarum
2576 3546 2678 3599 vim
2723 3551 2969 3597 accurate
3011 3540 3400 3609 exploraverit,

1838 3640 2053 3695 multam
2083 3638 2278 3693 videbit
2306 3638 2357 3691 in
2383 3651 2445 3691 ea
2472 3652 2528 3691 re
2556 3633 2953 3690 consonantiam
2988 3639 3040 3685 et
3080 3644 3237 3683 unum
3281 3642 3402 3681 sco-

1837 3748 1983 3804 pum.
2008 3730 2368 3786 Necessarium
2389 3737 2564 3782 autem
2592 3735 2672 3781 est
2698 3726 2843 3795 prius
2862 3724 3035 3777 dicere
3062 3735 3154 3795 cur
3180 3716 3403 3788 pr0phc-

1839 3826 1908 3878 tia
1940 3824 1991 3877 in
2026 3821 2295 3876 hominum
2324 3820 2479 3873 vitam
2508 3817 2719 3872 inducta
2754 3815 2839 3868 sit.
2886 3812 2991 3868 Cur
3031 3826 3155 3880 ergo
3199 3810 3403 3863 invecta

1838 3916 1941 3982 sit,
1970 3928 2186 3970 necesse
2223 3920 2306 3969 est
2347 3912 2541 3966 dicere.
2585 3909 2727 3965 Solet
2774 3908 2911 3961 Deus
2954 3905 3018 3959 ad
3066 3918 3247 3973 poenas
3277 3915 3403 3970 pec-

1839 4005 2080 4061 cantibus
2108 4002 2407 4059 inferendas
2435 3999 2667 4056 cunctari
2697 4010 2750 4052 et
2782 3996 3186 4065 procrastinare,
3217 4005 3403 4061 quem-

1840 4097 2122 4153 admodum
2169 4102 2438 4166 promptus
2476 4093 2723 4161 celerque
2751 4098 2832 4143 est
2855 4088 2920 4142 ad
2952 4085 3202 4141 beneﬁcia
3242 4080 3405 4151 probe

1838 4188 2131 4242 viventibus
2153 4184 2467 4256 praestanda.
2492 4182 2602 4236 Hoc
2628 4180 2678 4235 id
2705 4179 2866 4232 efﬁcit
2892 4186 2947 4231 ut
2971 4178 3238 4243 segniores
3263 4172 3405 4227 deci-

1839 4279 1983 4343 dant,
2011 4293 2077 4332 eo
2105 4275 2245 4346 quod
2273 4275 2403 4328 ultio
2427 4272 2685 4327 scelerum
2716 4284 2817 4323 non
2842 4284 2871 4323 e
2894 4265 3110 4335 vestigio
3134 4272 3402 4333 sequatur.

1840 4370 1909 4423 Ut
1939 4382 2065 4437 ergo
2095 4366 2232 4420 Deus
2258 4362 2559 4432 patientiam
2580 4375 2726 4415 suam
2751 4358 3015 4418 exhibeat,
3036 4367 3204 4423 neque
3230 4362 3404 4406 tamen

1843 4458 1917 4512 illi
1952 4457 2074 4511 hinc
2118 4455 2387 4525 segniores
2431 4452 2689 4513 evadant,
2733 4446 3020 4517 prophetiae
3063 4444 3403 4513 pharmacum

1838 4555 2087 4618 apparat,
2119 4560 2224 4600 non
2258 4543 2630 4613 suppliciorum
2660 4538 3038 4607 experimento,
3070 4533 3161 4589 sed
3191 4532 3403 4587 interim

1841 4637 2168 4708 prmscientia
2191 4634 2437 4691 erudiens
2465 4640 2785 4701 peccatores,
2807 4638 2862 4681 ut
2888 4627 2931 4679 si
2962 4624 3153 4679 auditis
3177 4622 3402 4677 commi-

1840 4728 2137 4784 nationibus
2184 4725 2432 4780 meliores
2477 4720 2739 4784 evadant,
2773 4730 2941 4785 preme
2982 4710 3404 4783 experimentum

1839 4820 2103 4890 depellant
2130 4834 2145 4872 :
2171 4817 2253 4871 sin
2290 4828 2418 4870 vero
2460 4813 2574 4866 sine
2613 4824 2768 4865 sensu
2816 4814 3095 4871 maneant,
3123 4814 3246 4858 tunc
3276 4802 3405 4872 ipsis

1840 4911 2150 4981 supplicium
2174 4906 2380 4961 inferat.
2405 4904 2515 4958 Hoc
2541 4900 2862 4971 perspiciens
2887 4895 3144 4961 diabolus,
3166 4902 3220 4949 et
3245 4907 3403 4962 quan-

1840 5013 1951 5057 tum
1982 5002 2102 5055 hinc
2128 5000 2259 5053 lucri
2290 4998 2422 5050 foret
2450 4994 2703 5064 cogitans,
2724 4987 3205 5058 pseudopropltetas
3226 4984 3403 5038 immi-

1840 5096 1928 5160 sit,
1956 5093 2041 5156 qui
2069 5087 2339 5161 prophetis
2369 5084 2686 5140 minantibus
2714 5080 2903 5134 famem
2928 5119 2942 5141 ,
2976 5085 3193 5146 pestem,
3237 5072 3400 5135 bella,

1839 5185 2182 5240 barbarorum
2214 5176 2602 5238 incursionem,
2629 5168 3056 5227 contradicebant
3076 5206 3091 5231 ,
3122 5164 3288 5218 fausta
3310 5178 3404 5216 an-

1840 5273 2162 5329 nuntiantes.
2193 5262 2642 5334 Quemadmodum
2673 5262 2813 5315 enim
2858 5258 2994 5311 Deus
3034 5263 3175 5307 metu
3215 5251 3402 5305 verbo-

1840 5378 1957 5418 rum
1987 5360 2198 5415 volebat
2222 5354 2464 5425 supplicii
2490 5352 2905 5422 experimentum
2932 5344 3215 5413 depellere,
3245 5341 3319 5394 sic
3349 5350 3401 5393 et

1839 5451 2078 5507 diabolus
2107 5447 2425 5504 contrarium
2451 5442 2765 5513 Operabatur
2789 5455 2802 5502 ;
2834 5436 3112 5491 verborum
3142 5427 3399 5485 illecebris

1840 5558 1933 5599 eos
1980 5541 2253 5597 emolliens
2294 5546 2347 5591 et
2392 5533 2665 5605 segniores
2719 5527 2978 5591 reddens,
3035 5520 3395 5579 necessitatem

1908 5700 1922 5732 ι
1960 5696 2083 5758 Vox,
2108 5694 2417 5756 sacerdotem,
2440 5690 2581 5742 deest
2603 5688 2648 5735 in
2673 5683 2829 5734 Bibliis
2852 5687 2975 5732 Lxx.
