4156 6312
734 344 802 400 91
1400 344 1458 402 S.
1501 343 1776 402 JOANNIS
1814 341 2281 400 CHRYSOSTOMI
2320 343 2634 402 ARClllEP.
2673 344 3196 404 CONSTANTINOP.
3937 349 4003 404 92

725 462 978 520 afferebat
1001 470 1060 518 ut
1085 460 1340 532 supplicia
1371 460 1541 528 reipsa
1567 458 1953 528 experirentur.
1981 457 2144 523 Hinc,
2173 457 2298 526 quia

728 563 913 626 postea
955 550 1430 624 pseudOprophetis
1476 549 1632 604 ﬁdem
1682 548 1975 617 habentes,
2004 562 2066 602 ac
2099 547 2306 603 virtutis

723 643 1038 700 exercitium
1063 646 1483 703 contemnentes,
1510 636 1603 692 sed
1631 637 1681 692 in
1713 638 1938 706 peccatis
1963 638 2072 692 suis
2101 650 2308 704 perma-

729 742 919 790 nentes
939 773 954 800 ,
981 733 1078 786 sibi
1110 729 1423 800 supplicium
1453 728 1789 783 attrahebant
1809 768 1826 795 ,
1856 741 1917 782 ac
1949 742 2042 796 per
2108 724 2309 781 exitum

726 823 1103 896 prepbetarum
1125 821 1320 874 veritas
1339 818 1730 883 ostendebatur,
1751 827 1803 873 et
1824 815 2308 887 pseud0propheta-

728 933 844 972 rum
867 913 1199 970 mendacium
1221 911 1584 981 detegebatur,
1616 911 1772 965 aliam
1803 923 1984 964 rursus
2009 908 2304 963 machinam

730 1013 952 1075 apparat
992 1002 1055 1057 ad
1099 1017 1280 1060 eorum
1309 1001 1594 1072 perniciem
1623 1001 1710 1070 qui
1740 1015 1798 1056 se
1835 998 2078 1068 intercipi
2106 999 2302 1052 sinunt.

727 1094 904 1149 Suasit
931 1105 1070 1147 enim
1107 1092 1257 1162 ipsis,
1284 1092 1372 1161 qui
1401 1091 1624 1160 deceptu
1655 1089 1838 1144 faciles
1866 1097 2038 1152 erant,
2070 1089 2163 1144 has
2190 1104 2305 1158 qua:

729 1182 1034 1240 accidebant
1063 1182 1390 1239 calamitates
1420 1197 1484 1238 ex
1525 1183 1824 1237 daemonum
1857 1181 1932 1234 ira
1977 1180 2257 1249 provenire
2284 1219 2300 1244 ,

720 1274 869 1345 quod
898 1275 964 1329 ab
991 1273 1117 1344 ipsis
1145 1274 1536 1343 negligerentur
1562 1285 1625 1324 ac
1664 1270 1934 1338 despectui
1963 1270 2301 1324 haberentur.

732 1367 881 1420 lianc
922 1365 1079 1434 igitur
1125 1363 1386 1417 fallaciam
1432 1370 1488 1416 ut
1527 1361 1737 1416 tolleret
1776 1361 1934 1427 Deus,
1979 1374 2101 1416 ante
2143 1360 2302 1414 multa

732 1465 970 1524 tempora
1015 1469 1134 1523 quae
1180 1453 1284 1506 illis
1327 1460 1580 1507 eventura
1623 1461 1796 1518 erant,
1827 1451 1933 1506 imo
1976 1451 2147 1520 potius
2187 1464 2304 1520 quze

727 1551 872 1618 ipsos
898 1547 1343 1618 comprehensum
1372 1553 1524 1600 erant
1562 1544 1696 1598 mala
1738 1543 2056 1613 praenuntiat
2080 1583 2094 1604 .
2121 1552 2179 1596 ut
2215 1542 2306 1611 qui

726 1640 846 1694 illos
869 1639 1200 1706 decipiebant
1222 1653 1327 1692 non
1346 1645 1566 1707 possent
1587 1634 1679 1689 ira:
1699 1635 1998 1690 diemonum
2025 1632 2122 1688 hos
2148 1648 2307 1688 even-

730 1739 814 1784 tus
856 1728 1176 1784 adscribere.
1227 1728 1376 1795 Quod
1425 1735 1603 1783 autem
1646 1742 1751 1780 non
1805 1739 1900 1795 per
1947 1723 2304 1792 conjecturam

730 1819 845 1873 ham
869 1818 1041 1873 dicam
1062 1859 1078 1884 ,
1111 1818 1232 1872 audi
1278 1817 1466 1871 Isaiam
1490 1817 1754 1872 dicentem
1784 1833 1797 1868 :
1829 1815 1950 1871 Scio
1989 1815 2108 1884 quia
2149 1813 2305 1867 durus

728 1926 799 1975 es,
831 1919 876 1962 et
905 1924 1082 1962 nervus
1124 1911 1313 1978 ferreus
1342 1906 1529 1960 collum
1559 1917 1699 1960 tuum
1719 1946 1732 1970 ,
1761 1915 1808 1960 et
1850 1906 1991 1975 frons
2031 1914 2116 1958 tua
2145 1919 2302 1957 antea.

728 1997 854 2054 Ideo
879 1998 939 2051 ab
966 1999 1106 2052 initio
1145 1997 1380 2069 loquutus
1419 2013 1526 2050 sum
1560 1996 1647 2050 tibi
1667 2036 1680 2061 ,
1710 2011 1770 2049 ne
1794 1995 1933 2049 dicas
1962 2010 1980 2048 :
2004 1993 2155 2047 Idola
2183 1993 2306 2046 mihi

727 2094 966 2161 fecerunt,
990 2098 1033 2143 et
1062 2089 1318 2159 sculptilia
1337 2098 1382 2142 et
1401 2089 1680 2158 con/latitia
1708 2087 1838 2141 mihi
1862 2089 2105 2158 fecerunt.
2130 2084 2307 2155 Neque

726 2180 859 2234 uasti
882 2222 896 2245 ,
929 2197 1082 2250 neque
1129 2181 1305 2233 audita
1348 2183 1488 2250 fuere
1531 2179 1617 2231 tibi
1647 2177 1816 2247 (lsai.
1869 2177 1958 2232 48.
2007 2178 2061 2231 4.
2108 2177 2161 2231 5.
2205 2175 2303 2245 8).

713 2271 856 2342 Quia
889 2271 1066 2340 igitur,
1098 2277 1153 2323 ut
1179 2270 1418 2324 dicebam
1443 2311 1457 2334 ,
1491 2276 1651 2338 utque
1676 2283 1743 2323 ex
1783 2267 2086 2322 testimonio
2122 2265 2304 2321 videre

727 2370 825 2425 est,
870 2359 1200 2414 datmonibus
1252 2359 1338 2414 illa
1386 2358 1796 2424 adscribebant,
1832 2358 1975 2412 venit
2023 2358 2300 2427 prophetia

727 2448 864 2503 hanc
894 2446 1083 2503 tollens
1104 2447 1364 2512 fraudem,
1382 2457 1432 2501 et
1451 2462 1511 2502 ea
1535 2457 1655 2501 ante
1677 2446 1840 2500 multa
1863 2455 2094 2517 tempora
2117 2446 2305 2516 pratdi-

725 2553 872 2593 cens.
901 2537 1005 2593 Sed
1039 2537 1160 2607 quia
1200 2535 1360 2592 etiam
1399 2536 1477 2590 sic
1512 2534 1799 2589 verisimile
1833 2543 1948 2589 erat
1973 2549 2084 2598 eos,
2114 2533 2303 2605 ingrati

724 2644 846 2684 cum
877 2637 1075 2693 essent,
1100 2627 1335 2682 dicturos
1365 2641 1502 2691 esse,
1526 2625 1640 2680 Non
1670 2625 2004 2695 praedixistis,
2028 2640 2132 2679 non
2161 2625 2304 2693 prius

724 2720 1036 2783 audivimus,
1065 2733 1205 2774 nunc
1241 2717 1293 2773 id
1338 2717 1534 2788 ﬁngitis
1563 2727 1684 2787 post
1708 2727 1953 2773 eventum
1985 2736 1998 2772 :
2029 2732 2132 2771 non
2163 2718 2302 2772 enim

725 2811 895 2867 nostis
919 2826 980 2865 ea
1005 2826 1123 2881 quas
1147 2820 1398 2864 eventura
1430 2817 1583 2862 sunt:
1607 2808 1869 2863 undenam
1895 2823 2020 2877 ergo
2049 2807 2099 2861 id
2131 2807 2301 2876 palam

725 2903 847 2968 erit,
870 2901 1015 2971 quod
1047 2916 1236 2970 nempe
1276 2899 1475 2954 dictum
1507 2899 1711 2954 fuerit?
1738 2899 1857 2954 vide
1892 2899 2157 2970 quomodo
2201 2900 2302 2954 illis

724 2995 868 3048 clare
890 2993 1221 3047 ineluctabile
1251 3002 1398 3061 paret
1427 2999 1818 3060 argumentum,
1843 2992 2163 3058 impudentia
2185 3006 2305 3045 con-

725 3097 886 3138 suens
928 3097 1039 3136 ora.
1070 3082 1184 3135 Non
1226 3083 1364 3134 enim
1410 3080 1666 3148 permittit
1707 3090 1761 3133 ut
1801 3088 2002 3133 tantum
2028 3080 2187 3146 dicat,
2210 3081 2303 3134 sed

721 3174 871 3244 jubet
901 3172 952 3228 in
993 3172 1171 3225 charta
1200 3171 1356 3225 scribi
1387 3184 1447 3224 ea
1473 3185 1591 3240 quin
1638 3169 1916 3236 dicuntur;
1948 3184 2119 3238 neque
2147 3170 2304 3224 modo

727 3265 910 3330 scribi,
939 3279 1004 3316 ne
1049 3263 1228 3317 liceret
1258 3262 1335 3316 eis
1364 3261 1560 3325 dicere,
1594 3260 1706 3316 Hoc
1748 3271 1933 3331 postea
1979 3261 2164 3328 ﬁnxit;
2197 3262 2291 3318 sed

727 3356 886 3410 etiam
919 3361 1079 3408 testes
1119 3353 1435 3420 scriptorum
1466 3361 1618 3405 vocat
1645 3351 1885 3406 homines
1912 3351 2012 3406 ﬁde
2036 3352 2223 3423 dignos
2251 3361 2304 3407 et

725 3461 756 3499 a
777 3443 1029 3513 dignitate
1059 3450 1111 3496 et
1139 3457 1167 3494 a
1200 3456 1408 3496 morum
1439 3440 1715 3510 probitate.
1739 3440 1870 3496 Nam
1900 3442 1974 3496 ait
2005 3460 2017 3496 :
2049 3441 2156 3496 Fac
2181 3443 2302 3496 mihi

724 3545 900 3599 restes,
953 3531 1124 3602 ﬁdeles
1154 3532 1375 3585 homines
1399 3574 1412 3597 ,
1450 3531 1628 3587 Uriam
1656 3533 2000 3599 sacerdotem,
2031 3545 2076 3587 et
2104 3534 2303 3588 Zacha-

722 3631 894 3692 riam;
925 3636 980 3682 ut
1008 3627 1217 3698 quando
1246 3642 1421 3680 rerum
1454 3626 1627 3681 exitus
1656 3628 1788 3690 erit,
1821 3635 1875 3682 et
1917 3627 1990 3681 illi
2035 3628 2299 3694 dixerint,

723 3717 848 3772 llaec
876 3727 1000 3771 ante
1028 3718 1192 3772 tnulta
1234 3725 1473 3785 tempora
1524 3731 1628 3770 non
1673 3716 1811 3771 dicta
1861 3714 2010 3771 fuere
2034 3758 2050 3783 ,
2080 3718 2300 3774 eductus

722 3807 857 3861 liber
881 3817 934 3861 et
965 3815 1128 3861 testes
1154 3808 1240 3876 qui
1269 3807 1489 3861 aderant
1517 3806 1907 3875 impudentibus
1933 3809 2036 3862 illis
2065 3823 2125 3862 os
2151 3810 2304 3863 obtu-

723 3906 860 3952 rent.
912 3894 1035 3950 [deo
1059 3896 1170 3962 ait,
1200 3895 1358 3950 Sume
1382 3896 1569 3950 chartae
1597 3905 1782 3950 tomum
1826 3913 2006 3951 novum
2029 3938 2044 3964 ,
2077 3906 2134 3951 ut
2160 3913 2228 3952 ne
2257 3899 2302 3953 si

723 3997 872 4041 vetus
889 3985 1000 4055 jam
1042 3986 1143 4048 sit,
1171 3985 1278 4039 cito
1307 3994 1521 4054 pereat;
1553 3985 1646 4039 sed
1671 3985 1764 4054 qui
1789 3986 1954 4040 multo
1981 3987 2135 4040 duret
2166 3999 2302 4041 tem-

725 4091 872 4146 pore,
903 4086 953 4130 et
976 4090 1070 4144 per
1095 4077 1290 4144 scripta
1322 4075 1442 4130 illos
1469 4076 1692 4131 incuset.
1723 4075 1789 4129 Et
1807 4076 1969 4130 scribe
1994 4077 2123 4147 style
2147 4079 2302 4130 homi-

721 4167 832 4232 nis,
859 4168 909 4220 id
937 4176 1019 4220 est
1061 4166 1297 4231 calamo,
1326 4182 1439 4235 qua:
1467 4170 1638 4236 futura
1661 4175 1796 4220 sunt.
1844 4166 2100 4232 Qumnam
2127 4166 2299 4221 futura

722 4258 882 4311 sunt?
904 4257 1129 4322 Bellum,
1148 4257 1365 4312 victoria
1390 4255 1757 4324 barbarorum,
1779 4258 2068 4328 spoliorum
2095 4257 2302 4326 deprec-

719 4346 896 4412 datio,
927 4348 1240 4401 exuviarum
1266 4348 1467 4416 rapina.
1513 4347 1636 4402 llmc
1662 4347 1839 4418 itaque
1866 4349 2072 4413 omnia,
2102 4347 2295 4418 inquit,

723 4438 900 4494 scribe
923 4481 940 4505 ,
972 4437 1038 4492 Ut
1081 4438 1310 4491 velociter
1335 4439 1756 4507 depra'dationem
1801 4439 1953 4508 faciat
1997 4439 2291 4507 spoliorum.

719 4530 873 4585 Adest
898 4528 1049 4582 enim.
1072 4526 1207 4593 Quid
1236 4527 1333 4580 sibi
1363 4528 1473 4580 vult
1499 4526 1642 4592 illud,
1671 4526 1823 4579 Adest
1849 4527 2015 4580 enim?
2041 4526 2164 4580 llaec
2185 4526 2289 4581 duo

721 4619 981 4690 signiﬁcat
1006 4637 1018 4672 :
1042 4635 1231 4689 nempe
1247 4619 1356 4689 jam
1380 4628 1505 4672 tunc
1526 4627 1857 4687 peccatorum
1885 4618 2296 4687 magnitudinem

721 4711 978 4765 ultionem
1001 4712 1302 4779 expetiisse,
1325 4719 1378 4764 et
1400 4710 1451 4763 in
1474 4708 1673 4763 foribus
1696 4708 1803 4777 jam
1831 4721 1950 4762 esse
1972 4707 2255 4761 vindictam
2281 4726 2294 4762 :

721 4802 893 4871 ipsum
923 4817 1052 4857 vero
1079 4801 1334 4865 cunctari,
1363 4801 1611 4871 patientia
1641 4814 1734 4854 sua
1761 4799 1943 4854 volens
1972 4799 2092 4854 illos
2118 4799 2300 4854 melio-

720 4907 809 4947 res
834 4893 1078 4958 reddere,
1098 4905 1148 4947 et
1174 4893 1424 4947 ultionem
1453 4905 1702 4946 amovere
1731 4907 1744 4945 :
1774 4890 1979 4961 ipsique
2005 4889 2156 4944 facile
2181 4904 2300 4944 esse

721 4983 839 5038 solo
863 4993 992 5037 nutu
1031 4985 1211 5037 omnia
1249 4984 1313 5036 ad
1357 4982 1602 5036 effectum
1634 4982 1946 5051 perducere.
1996 4981 2127 5047 Quia
2146 4980 2298 5035 'enim

721 5074 789 5128 de
812 5072 1049 5128 barbaris
1073 5088 1248 5128 sermo
1278 5081 1390 5127 erat
1410 5113 1422 5136 ,
1449 5074 1536 5141 qui
1565 5071 1760 5126 bellum
1793 5072 1984 5126 illaturi
2013 5080 2164 5125 erant
2181 5111 2196 5135 ,
2222 5071 2300 5125 Ne

719 5164 935 5236 putetis,
965 5164 1151 5232 inquit,
1173 5163 1272 5216 viae
1297 5161 1700 5232 longitudinem,
1729 5163 2098 5231 exercitusque
2125 5161 2299 5214 multi-

721 5256 954 5310 tudinem
998 5253 1386 5308 cunctationem
1429 5253 1709 5321 quamdam
1753 5252 2029 5307 allaturam
2064 5265 2214 5316 esse;
2247 5251 2299 5304 id

719 5347 860 5417 quod
892 5346 1025 5401 solet
1060 5345 1197 5415 apud
1231 5344 1475 5400 homines
1503 5345 1764 5400 accidere.

788 5439 845 5491 2.
878 5436 982 5490 Deo
1010 5437 1147 5489 adest
1173 5437 1215 5489 is
1238 5437 1323 5506 qui
1353 5437 1526 5504 procul
1552 5445 1643 5490 est.
1665 5435 1880 5489 —-Nam
1915 5435 2023 5489 Deo
2069 5434 2222 5489 adest
2256 5434 2299 5488 is

723 5533 813 5600 qui
842 5530 1023 5599 procul
1050 5538 1132 5584 est
1159 5546 1171 5580 :
1203 5530 1272 5583 ita
1302 5528 1609 5584 facillimum
1642 5529 1741 5598 ipsi
1782 5537 1863 5582 est
1907 5541 2014 5582 uno
2044 5526 2299 5596 temporis

718 5630 993 5680 momento
1037 5621 1104 5675 ab
1144 5622 1396 5677 extremis
1447 5631 1602 5676 terrae
1657 5621 1893 5692 partibus
1919 5663 1931 5684 ,
1964 5620 2168 5675 etiamsi
2220 5619 2298 5672 illi

720 5729 914 5786 magno
941 5728 1160 5769 numero
1203 5714 1309 5769 sint
1331 5753 1347 5781 ,
1380 5713 1497 5770 illos
1525 5713 1703 5768 statim
1733 5712 1997 5768 adducere
2045 5711 2296 5774 vobisque

2408 460 2619 514 sistere.
2643 459 2710 512 Et
2734 469 2878 514 testes
2906 461 3030 514 mihi
3049 461 3129 528 {ac
3155 459 3327 530 ﬁdeles
3351 460 3592 522 homines,
3625 458 3812 514 Uriam
3833 473 3978 511 sacer

2412 549 2595 615 dotem,
2618 563 2661 604 et
2681 549 2980 604 Zachariam
3005 551 3166 620 ﬁlium
3189 550 3468 604 Barac/tite.
3491 548 3657 617 Cujus
3681 549 3764 604 rei
3792 549 4004 602 testes?

2412 641 2690 710 Temporis
2719 661 2733 696 :
2765 652 2823 697 ut
2872 643 2914 697 si
2963 643 3156 713 scripta
3190 643 3466 698 calumniis
3511 643 3870 710 impetantur,
3904 637 4000 692 bo-

2413 731 2584 786 mines
2610 731 2783 786 adhuc
2825 734 3057 788 viventes
3083 772 3098 798 ,
3138 733 3226 801 qui
3277 731 3400 786 dum
3457 729 3572 784 haec
3623 729 3999 784 scriberentur

2414 830 2704 889 prmsentes
2732 831 2881 876 erant
2903 863 2918 888 ,
2952 831 3262 891 tempusque
3289 821 3529 890 apprime
3576 825 3852 873 noverant
3895 831 3998 886 quo

2411 912 2525 967 hazc
2548 913 2872 978 dicebantur,
2903 912 3102 982 possint
3126 926 3186 966 os
3213 912 3455 966 obturare
3480 909 3826 978 impudenter
3853 907 4002 962 obla-

2410 1005 2687 1058 trantibus.
2719 1005 2904 1060 Eidem
2937 1004 3102 1059 haeret
3127 1011 3434 1073 argumento
3464 1003 3514 1056 id
3537 1001 3683 1071 quod
3711 1001 3994 1070 sequitur,

2411 1092 2604 1147 clarius
2645 1095 2722 1149 rei
2771 1095 3133 1164 probationem
3183 1095 3432 1150 inferens.
3489 1089 3777 1159 Quomodo
3807 1098 3866 1144 et
3897 1104 3995 1158 qua

2410 1184 2659 1238 ratione?
2687 1182 2801 1254 Ipsa
2829 1184 2988 1239 verba
3017 1185 3308 1238 audiamus.
3338 1182 3557 1236 Accessit
3586 1181 3758 1246 enim,
3795 1181 3909 1243 ait,
3934 1180 3996 1231 ad

2415 1274 2804 1342 prophetissam.
2860 1275 3089 1330 Uxorem
3142 1274 3408 1345 propriam
3455 1274 3531 1328 sic
3558 1273 3697 1326 forte
3742 1273 3992 1334 vocavit,

2409 1366 2549 1434 quod
2592 1365 2679 1420 illa
2709 1366 2865 1421 etiam
2910 1366 3215 1436 prophetico
3259 1367 3459 1436 Spiritu
3503 1365 3723 1435 dignata
3759 1363 3992 1417 fuisset:

2410 1472 2531 1510 nam
2563 1471 2666 1512 non
2697 1458 2823 1512 viris
2866 1459 3020 1512 modo
3051 1458 3165 1513 hinc
3201 1474 3422 1514 munera
3470 1457 3759 1522 dabantur,
3796 1457 3898 1511 sed
3945 1457 3993 1511 in

2409 1549 2719 1604 muliebrem
2759 1550 2916 1603 etiam
2945 1565 3127 1604 sexum
3159 1550 3495 1605 transierant.
3524 1549 3712 1619 Neque
3743 1549 3895 1604 enim
3944 1560 3996 1603 ut

2409 1639 2461 1693 in
2490 1641 2825 1695 srrcularibus
2869 1641 3089 1711 negotiis
3123 1640 3294 1696 ofﬁcia
3337 1640 3735 1710 distinguuntur
3756 1681 3770 1704 ,
3802 1649 3861 1694 et
3897 1640 3995 1693 alia

2409 1731 2644 1786 virorum
2673 1741 2828 1798 sunt,
2859 1731 2957 1790 alia
2989 1732 3264 1786 mulierum
3287 1773 3301 1796 ,
3329 1744 3426 1786 nec
3456 1739 3680 1799 possunt
3736 1731 3848 1783 illa:
3878 1729 3965 1783 fun

2409 1822 2612 1877 ctiones
2639 1823 2775 1878 inter
2801 1838 2859 1878 se
2887 1824 3232 1877 commutari:
3259 1823 3328 1877 ita
3359 1837 3418 1877 se
3444 1837 3533 1876 res
3562 1821 3727 1875 habet
3753 1822 3808 1875 in
3838 1821 3995 1891 spiri-

2411 1911 2664 1976 tualibus;
2696 1913 2789 1967 sed
2833 1913 2977 1982 paria
3019 1923 3142 1968 sunt
3183 1913 3472 1967 certamina
3497 1953 3512 1978 ,
3541 1925 3868 1965 communes
3905 1927 3996 1964 co-

2408 2017 2569 2056 ronat.
2601 2002 2668 2056 Et
2700 2002 2811 2057 haec
2837 2004 3012 2072 utique
3041 2003 3218 2058 videre
3248 2013 3328 2058 est
3358 2003 3411 2057 in
3447 2002 3623 2057 Veteri
3651 2012 3708 2056 et
3745 2000 3801 2055 in
3846 2001 3998 2056 Novo

2408 2093 2768 2160 Testamento,
2801 2093 2853 2147 in
2883 2102 2991 2148 toto
3019 2093 3248 2147 humano
3275 2108 3467 2164 genere
3493 2094 3832 2161 contingere.
3861 2092 3997 2146 Cum

2409 2183 2507 2238 hac
2535 2184 2691 2253 igitur
2714 2199 2778 2239 ex
2807 2183 2923 2253 lege
2947 2182 3268 2237 matrimonii
3296 2195 3617 2253 congressus
3657 2196 3785 2236 cum
3833 2189 3996 2243 esset,

2408 2284 2765 2344 prmgnantem
2807 2274 2946 2329 illam
2973 2272 3164 2329 eﬂeeit.
3213 2273 3280 2327 Et
3322 2282 3602 2344 postquam
3647 2283 3812 2328 natus
3856 2283 4000 2328 esset

2411 2379 2544 2434 puer
2565 2406 2578 2429 ,
2612 2379 2801 2417 nomen
2831 2379 3022 2417 novum
3072 2371 3126 2418 et
3168 2362 3536 2417 admirandum
3567 2363 3666 2432 ipsi
3700 2364 3993 2432 imposuit,

2404 2453 2546 2522 quod
2584 2453 2874 2507 futurorum
2901 2453 3170 2507 historiam
3193 2453 3656 2522 complecteretur.
3685 2453 3831 2521 Quid
3853 2453 4000 2507 enim

2408 2544 2519 2597 ait?
2568 2543 2698 2596 Voca
2722 2560 2901 2596 nomen
2925 2545 3053 2614 ejus,
3080 2542 3188 2598 Cito
3216 2543 3400 2612 spolia,
3441 2542 3692 2596 Velociter
3722 2545 3962 2612 prwdare
3983 2559 4002 2595 :

2408 2639 2466 2685 ut
2492 2630 2698 2686 etiamsi
2725 2632 2933 2700 scriptis
2961 2630 3090 2686 ﬁdes
3115 2645 3219 2685 non
3247 2631 3534 2686 haberetur
3573 2633 3626 2686 in
3658 2641 3808 2687 tonio
3853 2634 3999 2701 posi-

2410 2723 2500 2790 tis,
2517 2723 2795 2792 appellatio
2819 2723 2963 2793 pueri
2987 2723 3282 2777 futurorum
3305 2723 3581 2778 historiam
3603 2725 4001 2792 complectens.

2406 2823 2462 2868 et
2501 2822 2622 2869 ante
2651 2821 2896 2870 eventum
2924 2828 3098 2868 rerum
3129 2814 3389 2884 imposita,
3416 2829 3477 2869 ac
3507 2813 3824 2880 frequenter
3853 2816 4000 2867 omni

2406 2911 2642 2970 tempore
2668 2904 2889 2972 prolata,
2921 2903 3003 2957 vel
3034 2903 3611 2972 impudentissimorum
3642 2919 3738 2958 ora
3767 2918 3996 2957 consue.

2405 3003 2505 3048 ret.
2533 2993 2681 3059 Quod
2703 2994 2841 3047 enim
2869 2992 2981 3047 bmc
3003 2993 3254 3062 propheta
3275 3009 3379 3047 non
3412 3003 3528 3062 post
3551 3003 3808 3048 eventum
3840 3013 3858 3045 ι
3877 2993 4001 3046 mn-

2406 3083 2578 3148 xerit,
2623 3083 2716 3137 sed
2762 3083 2915 3150 longe
2964 3092 3086 3136 ante
3130 3083 3474 3150 prteviderit,
3521 3084 3684 3137 etiam
3719 3085 3754 3137 ii
3785 3085 3878 3153 qui
3936 3101 4002 3136 ex

2409 3171 2583 3225 studio
2633 3172 2819 3240 ingrati
2869 3171 3169 3240 stupidique
3218 3182 3369 3225 erant
3424 3172 3548 3226 hinc
3602 3182 3660 3225 ut
3712 3174 4003 3228 crederent

2409 3263 2594 3319 adduci
2647 3272 2928 3333 poterant,
2983 3264 3071 3332 qui
3125 3272 3249 3316 ante
3300 3277 3478 3316 rerum
3534 3273 3796 3317 eventum
3860 3264 4004 3317 hune

2409 3368 2625 3423 ptterum
2655 3353 2889 3407 viderant
2918 3352 2992 3405 sic
3019 3351 3294 3420 appellari,
3316 3361 3368 3405 et
3395 3350 3697 3406 futurarum
3725 3352 4006 3405 calamita-

2409 3446 2517 3491 tum
2569 3437 2863 3490 doctrinam
2917 3436 2992 3488 sie
3041 3434 3351 3502 prtedicarc.
3417 3434 3648 3503 Ideoque
3704 3435 4006 3503 prOphetiaa

2406 3531 2510 3583 vim
2539 3529 2944 3596 interpretatur,
2975 3535 3285 3594 tempusque
3316 3535 3558 3580 accurate
3589 3527 3865 3594 signiﬁcat
3922 3527 4004 3579 his

2405 3619 2620 3674 verbis:
2656 3617 2793 3684 Quia
2823 3625 3086 3681 antequam
3135 3616 3258 3668 sciat
3297 3632 3418 3684 puer
3466 3631 3648 3667 uocare
3696 3625 3898 3684 patrem
3929 3618 4005 3668 vel

2406 3719 2633 3770 matrem,
2654 3707 2858 3776 accipiet
2899 3705 3167 3773 potentiam
3204 3702 3466 3770 Damasci,
3487 3716 3531 3757 et
3550 3705 3722 3774 spolia
3746 3705 4009 3758 Samaria:

2405 3816 2572 3854 coram
2609 3814 2722 3868 rege
2749 3797 3092 3865 Assyriorum.
3137 3794 3286 3860 Quod
3332 3795 3498 3858 dicit,
3534 3793 3847 3862 ltujusmodi
3902 3809 4004 3853 est.

2407 3891 2462 3944 In
2495 3900 2730 3957 tempore
2755 3929 2769 3951 ,
2805 3884 3010 3954 inquit,
3044 3885 3335 3937 immatura:
3365 3883 3569 3946 artatis,
3605 3898 3729 3937 cum
3763 3886 4008 3938 nendum

2405 3981 2570 4051 possit
2591 3977 2751 4044 loqui,
2785 3976 3001 4029 victoria
3022 3985 3073 4029 et
3099 3983 3293 4042 tropaea
3323 3981 3514 4037 erant;
3550 3987 3657 4026 non
3690 3973 3836 4040 quod
3874 3990 4003 4042 put-t-

2407 4073 2567 4142 possit
2591 4071 2756 4124 aciem
2783 4069 3062 4132 instruere,
3088 4065 3370 4133 hostesque
3392 4065 3680 4134 profligare
3705 4086 3718 4118 :
3746 4067 3842 4120 sed
3863 4067 4008 4136 quod

2409 4171 2539 4216 tetas
2566 4160 2677 4223 illa,
2710 4159 2821 4212 sive
2848 4167 3054 4224 tempus
3096 4153 3224 4207 illud
3269 4154 3506 4221 elapsum
3539 4164 3838 4222 antequam
3873 4171 4008 4224 puer

2404 4252 2550 4322 loqui
2598 4250 2800 4320 possit,
2838 4248 3010 4301 omnia
3066 4242 3236 4299 tradat
3279 4242 3542 4297 hostibus.
3585 4243 3638 4297 5.
3698 4242 3768 4296 Ει
3819 4245 4042 4314 (ιάῙειέῑι,

2404 4342 2650 4396 Dominus
2675 4339 2742 4392 ad
2772 4354 2848 4390 me
2875 4336 3009 4401 loqui
3036 4335 3201 4386 adhuc
3224 4349 3240 4385 :
3265 4332 3316 4387 6.
3351 4332 3428 4385 Eo
3451 4333 3590 4401 quod
3626 4349 3730 4386 non
3774 4335 3890 4387 velit
3925 4336 4008 4386 hic

2404 4431 2616 4502 papulas
2646 4444 2827 4498 aquam
2850 4425 3064 4491 Siloam,
3087 4440 3198 4491 qua:
3230 4432 3398 4476 manat
3433 4424 3619 4492 quiete,
3657 4426 3751 4476 sed
3780 4426 3885 4478 vult
3915 4427 4008 4478 ha-

2403 4526 2512 4580 bere
2529 4521 2684 4576 Iiasiu
2708 4529 2750 4573 et
2772 4519 2931 4585 ﬁlium
2952 4515 3189 4569 Romelia:
3216 4531 3376 4584 regem
3404 4530 3556 4581 super
3581 4529 3694 4583 eos,
3721 4517 3777 4569 7.
3801 4530 4010 4586 propter

2404 4616 2497 4666 hoc
2526 4628 2634 4665 ecce
2652 4610 2858 4662 adducit
2887 4607 3132 4660 Dominus
3152 4621 3301 4674 super
3325 4622 3410 4658 vos
3430 4621 3614 4670 aquam
3642 4608 3879 4675 ﬂuminis
3900 4613 4009 4677 [or-

2405 4713 2520 4764 tem,
2555 4699 2782 4763 multam,
2821 4712 2982 4764 regem
3004 4695 3341 4763 Assyriorum.
3369 4694 3512 4747 Deus
3548 4709 3649 4763 pro
3692 4710 3849 4750 more
3884 4712 4006 4757 suo,

2403 4809 2508 4848 non
2539 4791 2704 4846 solum
2737 4802 2918 4858 poenas
2947 4785 3182 4855 przedicit
3206 4825 3220 4850 ,
3253 4785 3345 4838 sed
3376 4799 3568 4837 causas
3596 4785 3762 4840 affert
3782 4829 3798 4848 ,
3830 4797 3882 4840 ut
3931 4789 4007 4840 sic

2404 4884 2672 4939 auditores
2713 4879 2916 4934 erudiat
2947 4896 2958 4930 :
2991 4877 3038 4930 id
3066 4877 3164 4929 hoc
3193 4876 3350 4929 etiam
3380 4877 3497 4929 loco
3523 4875 3672 4930 facit.
3706 4877 3815 4933 Ubi
3863 4893 4004 4931 mni

2405 4974 2645 5045 praedixit
2697 4969 3112 5024 devastationem
3172 4981 3264 5034 per
3316 4965 3648 5035 alienigenas
3714 4969 3998 5033 futuram,

2404 5067 2619 5134 abrepta
2643 5061 2828 5132 spolia,
2847 5068 2900 5113 et
2928 5058 3269 5112 barbarorum
3291 5055 3641 5125 irruptionem
3669 5063 4003 5127 praenuntia-

2404 5159 2498 5221 vit,
2529 5168 2737 5208 cansam
2764 5150 2881 5203 belli
2911 5149 3054 5201 dicit.
3079 5147 3332 5213 Quzenam
3361 5145 3510 5199 haec?
3537 5147 3784 5216 Ingratus
3814 5150 4004 5203 civita.

2411 5261 2514 5304 tem
2537 5245 2876 5301 incolentium
2900 5242 3125 5294 animus.
3149 5239 3430 5305 Quoniam,
3454 5239 3647 5307 inquit,
3667 5255 3792 5294 cum
3818 5256 4002 5310 regem

2405 5340 2633 5395 habeant
2678 5335 3038 5397 moderatum,
3073 5331 3253 5384 mitem
3297 5338 3348 5382 et
3400 5340 3745 5385 mansuetum
3771 5372 3788 5399 ,
3821 5333 3887 5386 ab
3941 5349 4008 5388 eo

2407 5430 2746 5491 resilieruut,
2802 5433 3156 5494 tyrannosque
3206 5428 3476 5488 optarunt,
3510 5429 3566 5473 et
3612 5422 3716 5476 sub
3764 5423 4006 5476 alienum

2408 5522 2686 5592 imperium
2729 5515 3054 5584 transfugere
3095 5514 3266 5567 conati
3298 5523 3421 5567 sunt
3446 5553 3459 5575 ,
3494 5513 3811 5569 felicitatem
3844 5531 4001 5569 suam

2406 5629 2511 5669 non
2539 5612 2768 5667 ferentes
2795 5649 2809 5672 ,
2841 5605 3156 5661 desiderium
3189 5619 3371 5658 eorum
3414 5604 3695 5673 capiosius
3726 5607 3961 5673 explebo
3986 5647 4000 5672 ,

2405 5708 2688 5763 barbarum
2728 5698 3006 5770 quemdam
3039 5704 3091 5751 et
3120 5695 3467 5750 inhumanum
3497 5695 3799 5753 adducens.
3834 5697 4003 5752 Metir-
