4156 6312
148 349 212 404 93
1387 328 1454 385 lN
1493 326 1742 392 lSAlAll,
1780 322 1931 381 CAP.
1976 322 2108 380 Vill.
3321 333 3391 389 94

153 452 362 520 phorice
392 465 556 520 porro
605 448 780 506 verbis
824 448 1023 513 utitur,
1053 457 1229 501 mores
1273 442 1535 513 indigenae
1580 441 1722 509 regis

150 542 474 607 describens,
501 549 557 596 et
587 539 795 596 barbari
827 536 1111 609 potentiam
1143 553 1156 590 :
1184 533 1235 589 id
1261 549 1386 589 vero
1415 532 1558 599 facit,
1584 529 1724 600 quod

150 646 360 700 semper
389 631 539 698 dixi,
572 637 630 685 ut
656 630 907 698 majorem
952 625 1215 682 sermonis
1257 622 1529 694 emphasin
1571 622 1724 677 exhi-

151 723 287 775 beat.
340 720 466 775 Ideo
490 721 598 784 ait,
629 718 706 772 Eo
754 717 887 786 quod
932 716 1091 770 nolint
1120 730 1302 785 aquam
1345 712 1543 767 Siloam
1572 726 1589 764 :
1621 725 1726 765 non

148 810 214 863 de
240 824 379 880 aqua
403 810 614 873 dicens,
645 808 738 863 sed
764 807 884 877 quia
912 806 1030 860 fons
1057 805 1253 859 sensim
1281 814 1335 857 et
1363 804 1479 856 sine
1504 802 1727 871 strepitu

150 912 365 967 manat,
414 902 682 957 lenitatem
731 908 784 953 et
823 898 1239 954 moderationem
1276 896 1429 964 ejus,
1474 898 1559 964 qui
1606 902 1728 947 tunc

156 992 451 1061 regnabat,
485 990 767 1060 tranquillo
816 1002 1066 1058 aquarum
1115 985 1291 1040 cursui
1339 992 1645 1053 comparat,
1676 989 1729 1036 et

151 1083 347 1136 Siloam
381 1084 553 1151 ipsum
581 1091 764 1146 vocat,
793 1077 931 1149 quod
955 1076 1087 1131 lenis
1114 1076 1184 1129 sit
1209 1083 1263 1129 et
1290 1080 1598 1128 mansuetus
1630 1088 1645 1126 :
1677 1071 1727 1124 id

148 1174 291 1243 quod
342 1174 631 1228 maximam
676 1172 901 1226 subditis
946 1168 1101 1224 all'ert
1146 1167 1606 1229 criminationem,
1640 1162 1728 1232 qui

149 1278 268 1317 cum
302 1277 409 1317 non
454 1276 612 1333 grave
635 1262 817 1331 jugum
848 1259 1140 1324 haberent,
1184 1270 1269 1311 res
1311 1268 1473 1308 novas
1518 1252 1730 1323 aggredi

154 1356 431 1410 tentabant
451 1395 467 1419 ,
497 1354 792 1423 alienisque
831 1350 1041 1421 regibus
1070 1364 1187 1403 sese
1228 1346 1441 1401 dedere.
1471 1344 1730 1412 Quoniam

151 1461 302 1516 ergo,
337 1445 527 1514 inquit,
555 1444 697 1498 illum
730 1442 912 1496 mitem
942 1438 1377 1506 moderatumque
1410 1435 1614 1497 nolunt,
1637 1432 1731 1487 sed

152 1536 315 1590 Basia
344 1548 395 1591 et
418 1536 584 1591 ﬁlium
612 1533 885 1597 Romelise,
903 1530 1143 1585 inducam
1166 1528 1544 1598 Babylonium;
1571 1525 1731 1593 impe-

155 1642 374 1697 tumque
407 1626 671 1681 exercitus
709 1624 850 1678 illius
881 1635 1070 1691 aquam
1120 1618 1351 1673 fluminis
1376 1624 1529 1671 vocat
1554 1617 1734 1685 βορίο-

152 1733 265 1772 sam
296 1726 351 1771 et
377 1716 767 1770 vehementem.

222 1809 276 1863 3.
311 1806 515 1862 Deinde
543 1805 903 1874 metaphoram
933 1800 1204 1870 explicans
1230 1800 1320 1864 ait,
1355 1798 1541 1868 Regem
1570 1796 1727 1866 Assy-

152 1903 365 1955 riorum.
426 1899 613 1953 Viden’
645 1912 800 1967 quam
840 1895 1188 1950 indubitatum
1217 1900 1466 1962 appareat
1502 1890 1554 1945 id
1593 1886 1735 1958 quod

153 2005 313 2058 supra
341 1989 606 2053 diximus,
656 1988 707 2041 in
740 1984 1062 2054 metaphoris
1093 1997 1285 2051 nempe
1318 1980 1645 2049 Scripturam
1677 1992 1736 2032 se

153 2093 369 2146 semper
425 2076 763 2147 interpretari
810 2073 1022 2129 solere?
1069 2070 1220 2137 Quod
1249 2071 1405 2124 etiam
1456 2069 1542 2124 hic
1592 2068 1733 2123 fecit.

152 2169 283 2223 Cum
307 2168 452 2222 enim
475 2168 665 2224 flumen
690 2165 931 2231 dixisset,
949 2178 1053 2219 non
1079 2163 1130 2217 in
1153 2162 1460 2231 metaphora
1482 2159 1734 2226 substitit,

154 2260 245 2315 sed
277 2260 546 2329 quodnam
583 2258 776 2313 ﬂumen
803 2266 945 2312 esset
968 2255 1098 2309 dixit
1121 2296 1136 2320 ,
1166 2253 1353 2324 Regem
1382 2252 1699 2322 Assyriorum
1719 2292 1734 2318 ,

154 2362 197 2402 et
220 2366 420 2403 onmem
442 2349 651 2419 gloriam
677 2349 804 2416 ejus.
831 2346 895 2399 Et
916 2344 1147 2400 ascendet
1168 2360 1320 2412 super
1341 2360 1536 2397 omnem
1560 2342 1738 2396 valltm

154 2450 392 2505 uestram,
424 2449 470 2492 et
498 2437 831 2493 deambulabit
849 2453 1001 2505 super
1029 2452 1224 2489 onmem
1267 2451 1466 2488 murum
1504 2443 1735 2487 uestrum.

155 2531 208 2584 8.
242 2530 308 2583 Et
345 2530 542 2599 auferet
570 2546 601 2581 α
624 2527 806 2581 Judeea
831 2528 1104 2590 hominem,
1144 2525 1230 2594 qui
1262 2526 1418 2595 possit
1461 2525 1623 2577 leuare
1648 2539 1737 2576 ca-

153 2632 265 2691 put,
315 2631 405 2674 aut
455 2623 540 2691 qui
582 2620 735 2690 possit
782 2619 974 2688 aliquid
1013 2618 1275 2688 perﬁcere.
1300 2616 1367 2669 Et
1405 2625 1547 2671 erunt
1575 2628 1739 2669 castra

155 2716 284 2781 ejus,
320 2714 394 2766 ita
420 2722 472 2765 ut
494 2712 733 2781 impleant
782 2709 1096 2763 latitudinem
1138 2709 1355 2778 regionis
1381 2717 1497 2762 tute.
1544 2707 1737 2763 Osten-

155 2802 292 2857 deus
324 2817 427 2857 non
456 2802 681 2855 humana
703 2800 913 2866 virtute,
946 2799 1038 2854 sed
1077 2799 1151 2853 ira
1194 2798 1286 2853 Dei
1318 2798 1567 2853 saeviente
1603 2798 1737 2866 haec,

152 2910 275 2961 qua:
321 2892 586 2957 dicuntur,
631 2900 879 2948 eventura
922 2904 1069 2956 esse,
1100 2904 1203 2944 non
1256 2889 1401 2943 illum
1436 2897 1493 2942 ut
1533 2887 1739 2943 hostem

152 2986 269 3039 acie
306 2984 556 3039 instructa
579 2982 847 3049 describit,
893 2981 987 3036 sed
1036 2989 1087 3035 ut
1126 2979 1191 3035 ad
1224 2990 1457 3049 paratam
1509 2979 1739 3048 prmdam

153 3075 482 3131 venientem.
513 3074 624 3127 Non
647 3074 786 3129 enim
811 3073 989 3138 stabit,
1020 3071 1206 3141 inquit,
1231 3080 1285 3125 et
1304 3072 1471 3125 aciem
1496 3071 1738 3135 instruet,

153 3166 249 3219 sed
281 3180 565 3234 corporum
597 3163 925 3218 multitudine
953 3176 1107 3216 terrae
1138 3161 1323 3216 faciem
1355 3161 1584 3231 obteget,
1610 3161 1739 3214 faci-

153 3256 315 3323 leque
344 3254 520 3308 aderit
544 3254 640 3323 (a).
669 3254 747 3307 Ad
771 3253 884 3307 haec
938 3253 988 3306 in
1039 3253 1115 3305 ira
1159 3252 1316 3305 etiam
1344 3266 1531 3321 magna
1557 3250 1741 3306 obser-

152 3355 311 3399 vatur
336 3345 639 3400 clementia.
668 3344 847 3414 Neque
871 3344 1011 3398 enim
1039 3342 1390 3397 comminatur
1416 3356 1475 3397 se
1506 3343 1739 3412 ipsorum

152 3435 347 3491 urbem
395 3434 765 3491 demoliturum
808 3447 953 3497 esse,
996 3432 1089 3487 sed
1144 3431 1500 3501 captivitatem
1550 3446 1739 3502 quam-

150 3526 277 3578 dam
312 3534 368 3579 et
394 3524 760 3579 abductionem
794 3522 1061 3593 praedicit,
1093 3522 1325 3592 reliquos
1348 3522 1531 3577 volens
1561 3537 1625 3576 ex
1652 3536 1740 3575 ca-

150 3618 429 3686 ptivorum
468 3630 623 3685 poena
664 3614 729 3669 ad
760 3614 1031 3669 meliorem
1052 3613 1255 3683 frugem
1307 3613 1580 3668 reducere.
1608 3612 1737 3665 Nam

148 3708 223 3761 ait
258 3726 271 3760 :
304 3708 515 3776 Auferet
540 3723 570 3758 a
591 3706 774 3761 Judwa
802 3706 1049 3758 hominem
1072 3707 1157 3774 qui
1185 3707 1337 3775 possit
1367 3706 1527 3759 levare
1550 3714 1698 3774 caput
1720 3721 1739 3758 .'

147 3798 216 3852 de
248 3797 568 3868 proceribus
598 3796 859 3865 loquitur,
890 3794 1060 3864 deque
1089 3795 1152 3849 iis
1181 3794 1270 3864 qui
1318 3795 1492 3848 omnia
1524 3810 1737 3850 sursum

146 3889 413 3943 deorsum
445 3896 688 3952 versant;
717 3901 808 3940 eos
835 3886 922 3955 qui
966 3885 1355 3940 multitudinem
1385 3886 1562 3955 pepuli
1588 3886 1736 3941 labe-

146 3978 449 4040 iactabant,
482 3976 716 4044 captivos
741 3990 1028 4044 servosque
1070 3974 1245 4041 faciet,
1280 3975 1350 4029 ita
1380 3984 1434 4028 ut
1461 3974 1738 4033 inferiores

145 4068 366 4137 possint
394 4066 649 4120 tantillum
679 4066 957 4134 reSpirare,
987 4080 1158 4131 exque
1184 4073 1325 4117 metu
1357 4079 1451 4132 per
1470 4064 1739 4118 abductio-

144 4173 271 4211 nem
307 4156 538 4209 aliomm
572 4163 740 4223 parte,
772 4163 826 4208 et
858 4168 923 4207 ex
952 4152 1161 4221 propria
1207 4152 1450 4206 libertate
1492 4152 1737 4207 meliores

141 4247 405 4302 eradere.
436 4244 560 4298 Ideo
580 4246 653 4297 ait
681 4261 693 4296 :
721 4244 818 4309 Qui
839 4244 993 4313 possit
1031 4244 1225 4313 aliquid
1251 4244 1523 4312 perﬁcere,
1555 4244 1605 4298 id
1631 4254 1734 4309 est,

140 4338 370 4392 fortem.
399 4333 594 4403 aliquid
619 4334 826 4402 operari
852 4333 1134 4398 valentem,
1164 4333 1252 4401 qui
1276 4333 1442 4402 possit
1479 4333 1558 4387 rel
1584 4334 1737 4386 mini-

210 4467 296 4530 (a)_
330 4468 486 4530 Juxta
518 4467 731 4530 (Raram
755 4465 1040 4530 lectionem,
1066 4468 1325 4529 περιέσται,
1357 4470 1622 4530 legendum
1649 4485 1729 4520 es-

141 4525 241 4583 set,
268 4525 518 4590 facileque
537 4526 695 4590 uincet
711 4541 722 4586 ;
749 4527 835 4575 sed
862 4525 1172 4590 maluimus]:
1184 4542 1351 4576 rzecam
1379 4525 1547 4578 vocem
1574 4533 1729 4579 inter-

141 4585 341 4650 pretari
364 4585 505 4650 quasi
529 4586 716 4650 fuisset,
738 4589 984 4650 τεᾳρέσττᾳι,
1011 4585 1185 4650 aderit,
1207 4602 1316 4648 quae
1335 4603 1426 4637 vox
1452 4604 1559 4638 cum
1579 4604 1728 4640 versu

139 4646 599 4713 superiusallato,
625 4648 717 4713 col.
744 4646 822 4705 91,
856 4646 937 4695 ubi
960 4649 1161 4708 legitur,
1186 4646 1329 4699 Adest
1353 4650 1480 4700 enim
1507 4652 1725 4713 (πάρεστι

137 4706 279 4774 γάῤ),
312 4707 503 4757 melius
528 4706 752 4769 quadrat.

1830 454 1974 494 mum
1990 438 2112 509 quid
2131 437 2358 495 efficere.
2381 437 2447 494 Et
2467 445 2589 494 ante
2610 437 2997 506 abductiOnem,
3018 451 3110 508 per
3133 438 3303 508 ipsum
3326 456 3409 496 re-

1833 543 1950 582 rum
1963 536 2256 598 aspectum,
2273 528 2367 593 ait,
2386 528 2493 584 Vos
2510 529 2638 583 satis
2652 537 2855 583 terrore
2873 528 3119 597 percellet
3131 529 3407 594 barbarus,

1831 627 1995 673 totam
2015 627 2208 673 terram
2235 618 2458 688 impleas
2469 617 2813 674 barbarorum
2833 618 3164 688 corporibus.
3185 617 3308 673 ideo
3326 620 3406 673 in.

1832 707 1948 762 tulit
1968 724 1980 761 :
2005 708 2072 761 Et
2093 716 2239 762 erunt
2257 717 2422 763 castra
2437 710 2564 779 ejus,
2581 709 2653 762 ita
2674 718 2726 761 ut
2746 707 3311 779 impleantlatitudinem
3331 725 3406 762 reo

1830 799 1993 869 gionis
2023 808 2140 853 tum.
2172 797 2451 853 Nobiscum
2472 798 2629 853 Deus.
2660 799 2711 853 9.
2743 798 2953 866 Scitote,
2972 810 3160 869 gentes,
3178 809 3228 854 et
3258 800 3407 859 cinci-

1831 891 1956 943 mini
1980 906 1996 945 :
2027 892 2253 944 nuntiate
2280 907 2434 961 usque
2452 891 2520 944 ad
2544 900 2817 945 extremum
2847 900 3012 957 terrm,
3044 899 3091 944 et
3116 892 3413 961 fortitudine

1832 981 2051 1035 valentes
2068 983 2341 1036 vincimini.
2370 983 2433 1037 Si
2455 984 2585 1036 enim
2611 982 2791 1037 iterum
2813 982 3173 1052 prmualueritis
3195 1024 3210 1047 ,
3234 985 3413 1040 iterum

1832 1074 2115 1127 vincemini.
2141 1074 2226 1128 lO.
2258 1074 2323 1128 Et
2347 1075 2692 1145 quodcumque
2714 1076 2975 1130 consilium
3001 1076 3231 1141 inieritis,
3258 1076 3410 1129 dissi-

1834 1167 1967 1236 pabit
1989 1164 2236 1221 Dominus
2260 1181 2278 1220 :
2303 1176 2350 1221 et
2378 1168 2579 1222 uerbum
2607 1169 2951 1239 quodcumque
2979 1169 3169 1238 loquuli
3194 1169 3407 1239 fueritis,

1834 1276 1934 1314 non
1975 1259 2188 1313 manebit
2236 1259 2288 1312 in
2318 1259 2487 1326 vobis,
2538 1260 2654 1329 quia
2683 1260 2939 1315 nobiscum
2983 1259 3140 1315 Deus.
3194 1259 3413 1315 Videtur

1835 1350 1962 1405 mihi
1992 1350 2096 1405 hoc
2123 1350 2239 1405 loco
2268 1351 2509 1410 Ezechize
2528 1352 2807 1407 victoriam
2826 1353 3134 1423 praedicere,
3154 1367 3215 1407 ac
3234 1352 3411 1422 splen-

1835 1439 2015 1494 didum
2049 1440 2177 1494 illud
2209 1449 2465 1509 trapazum
2507 1457 2827 1511 causamque
2878 1444 3135 1498 victoriae.
3192 1442 3411 1500 Etiamsi

1835 1532 1973 1586 enim
2002 1547 2147 1587 arma
2172 1533 2314 1602 apud
2360 1534 2475 1588 illos
2513 1534 2641 1599 sint,
2691 1536 2876 1604 inquit,
2912 1535 3118 1591 etiamsi
3151 1536 3411 1591 exercitus

1835 1620 2099 1686 immensi,
2131 1633 2184 1676 et
2214 1623 2336 1678 belli
2365 1624 2567 1692 peritia,
2600 1624 2693 1679 sed
2724 1625 2973 1679 auxilium
2994 1625 3149 1680 nobis
3176 1626 3411 1680 omnium

1838 1712 2257 1783 potentissimum
2280 1712 2555 1769 nobiscum
2574 1723 2676 1781 est,
2695 1729 2884 1782 nempe
2909 1715 3065 1771 Deus.
3096 1714 3250 1771 Venit
3270 1717 3410 1773 enim

1837 1802 2112 1869 barbarus,
2141 1812 2197 1856 ut
2239 1803 2383 1873 prius
2429 1805 2658 1859 minatus
2689 1804 2895 1872 fuerat,
2944 1815 2997 1861 et
3026 1806 3205 1862 multis
3246 1810 3412 1878 captis

1839 1894 2055 1949 urbibus
2081 1896 2305 1950 accessit
2350 1913 2362 1949 :
2396 1906 2577 1965 postea
2624 1912 2749 1953 vero
2788 1898 3013 1955 admotis
3042 1901 3249 1968 castris,
3283 1917 3411 1956 con-

1840 1984 1997 2038 traria
2025 1998 2210 2053 passus
2236 1995 2335 2039 est.
2364 1986 2487 2040 Haec
2514 1988 2693 2057 itaque
2719 1988 2959 2057 prmdicit
2984 1990 3260 2059 propheta,
3284 2007 3412 2046 cau-

1838 2089 2057 2145 samque
2079 2075 2314 2130 victoriae
2342 2077 2611 2145 praedicat,
2637 2079 2885 2149 ipsosque
2906 2081 3160 2137 barbaros
3188 2082 3413 2152 alloqui-

1841 2174 1943 2221 tur.
1975 2165 2052 2221 Ne
2079 2166 2262 2236 priori,
2293 2168 2482 2237 inquit,
2513 2169 2748 2224 victoria!
2792 2169 2964 2226 fidatis
2998 2190 3009 2224 :
3041 2171 3091 2226 in
3126 2172 3224 2227 hac
3273 2174 3413 2228 enim

1842 2258 2132 2326 irruptione
2159 2260 2448 2313 maximum
2467 2259 2620 2314 nobis
2648 2259 2799 2315 adest
2827 2261 3143 2330 praesidium.
3171 2263 3281 2318 lloc
3303 2264 3415 2332 ipso

1841 2351 1998 2421 igitur
2024 2353 2235 2423 cognito
2266 2352 2515 2418 recedite,
2542 2361 2723 2423 utpote
2751 2353 2838 2423 qui
2881 2369 2963 2417 ea,
3007 2371 3123 2423 qnze
3164 2355 3276 2408 fieri
3327 2370 3415 2410 ne-

1842 2452 2061 2514 queunt,
2092 2444 2490 2514 aggrediamini.
2522 2443 2657 2498 llinc
2682 2452 2735 2499 et
2776 2460 2989 2499 causam
3023 2446 3158 2500 illius
3184 2446 3416 2502 vieto;i;e

1840 2534 2135 2601 declarans,
2168 2543 2222 2591 et
2257 2535 2598 2603 annuntians,
2630 2536 2821 2591 famam
2849 2536 2964 2592 haec
3002 2538 3249 2606 praeclara
3270 2551 3416 2609 gesta

1841 2627 1907 2681 ad
1957 2635 2224 2682 extremos
2261 2642 2427 2696 usque
2474 2637 2628 2682 terra:
2676 2628 2807 2683 ﬂues
2843 2629 3119 2685 allaturam
3153 2646 3272 2687 esse
3305 2633 3416 2688 ait:

1843 2716 2087 2771 Nuntiate
2128 2734 2284 2787 usque
2309 2717 2377 2770 ad
2416 2728 2691 2774 extremum
2743 2728 2907 2775 terrte.
2951 2720 3118 2776 Nemo
3146 2722 3286 2777 enim
3315 2738 3417 2778 non

1842 2804 2042 2865 audivit
2066 2826 2127 2864 ea
2156 2825 2273 2880 quas
2298 2818 2425 2867 tunc
2447 2810 2792 2884 Jerosolymis
2834 2813 3186 2885 contigerunt.
3221 2814 3420 2871 Idcirco

1842 2901 1916 2954 ait
1945 2918 1957 2956 :
1985 2900 2169 2955 Audite
2207 2917 2362 2970 usque
2383 2901 2451 2954 ad
2481 2911 2757 2957 extremum
2802 2914 2975 2971 terra,
3020 2914 3067 2959 et
3104 2906 3189 2976 qui
3215 2906 3422 2975 fortitu-

1842 2992 1960 3046 dine
2000 2992 2174 3046 valetis
2225 2993 2498 3047 uincimini.
2524 2994 2764 3063 Magnam
2803 2997 2997 3065 quippe
3028 2997 3250 3066 gloriam
3297 3007 3420 3053 tunc

1842 3082 2099 3138 barbarus
2161 3082 2230 3137 ob
2281 3082 2570 3152 potentiam
2640 3082 2930 3139 obtinebat.
3006 3084 3190 3140 Fortes
3244 3098 3419 3144 autem

1844 3173 1930 3228 hic
1959 3173 2090 3228 dicit
2115 3188 2220 3227 non
2261 3187 2485 3243 corpore
2532 3173 2813 3241 robustos,
2859 3174 2951 3229 sed
3001 3190 3092 3230 eos
3131 3177 3219 3245 qui
3265 3192 3419 3246 pecu-

1842 3263 2047 3317 niarum
2074 3263 2224 3332 c0pia
2250 3304 2264 3328 ,
2292 3270 2345 3318 et
2372 3262 2554 3330 glorize
2595 3262 2880 3333 splendore
2929 3266 3201 3335 conspicui
3248 3274 3418 3322 erant.

1844 3353 1903 3408 Si
1929 3354 2059 3407 enim
2087 3354 2267 3407 iterum
2293 3353 2673 3423 prwvalueritis,
2704 3354 2904 3425 inquit,
2936 3356 3115 3409 iterum
3136 3357 3420 3413 vincemini.

1844 3446 1910 3500 Et
1940 3447 2288 3517 quodcumque
2308 3448 2571 3501 consilium
2599 3448 2829 3513 inieritis,
2854 3448 3116 3519 dissipabit
3138 3448 3385 3506 Dominus
3402 3470 3420 3506 :

1842 3549 1886 3591 et
1911 3539 2111 3592 verbum
2136 3539 2483 3608 quodcumque
2512 3540 2705 3609 loquuti
2730 3541 2951 3610 fueritis,
2994 3558 3094 3595 non
3122 3542 3336 3596 manebit
3368 3546 3420 3597 iu

1842 3629 1997 3694 vobis,
2022 3630 2139 3700 quia
2166 3628 2423 3683 nobiscum
2453 3627 2606 3683 Deus.
2636 3628 2767 3695 Quia
2794 3631 2931 3685 mala
2957 3631 3095 3700 apud
3139 3647 3231 3687 eos
3272 3643 3422 3688 erant

1842 3721 2083 3785 consilia,
2115 3728 2169 3775 et
2189 3722 2473 3789 sperabant
2502 3734 2561 3774 se
2586 3719 2770 3775 urbem
2798 3719 2966 3790 ipsam
3009 3736 3036 3773 a
3064 3720 3420 3777 fundamentis

1843 3811 2187 3865 demolituros
2209 3823 2348 3877 esse,
2381 3818 2433 3864 et
2474 3810 2551 3863 sic
2595 3809 2810 3863 domum
2834 3825 3166 3875 reversuros,
3195 3812 3421 3865 consilia

1843 3917 2027 3956 eorum
2055 3902 2107 3955 in
2135 3902 2366 3956 medium
2393 3898 2605 3953 adducit
2631 3897 2888 3967 propheta
2932 3907 2988 3953 et
3018 3901 3111 3962 ait,
3137 3902 3419 3955 verborum

1845 4001 1999 4046 tenus
2028 3992 2204 4045 omnia
2228 4000 2537 4045 remansura
2562 4003 2700 4044 esse.
2731 3988 2930 4045 Deinde
2954 3992 3074 4060 quia
3105 4006 3191 4046 res
3216 4007 3422 4046 annun-

1842 4082 2005 4136 tiabat
2026 4081 2310 4135 humanam
2340 4090 2579 4136 maturam
2602 4090 2935 4151 superantes,
2970 4092 3027 4138 ut
3072 4084 3175 4138 fide
3204 4085 3421 4155 dignum

1842 4189 2143 4229 sermonem
2172 4172 2435 4237 exhibeat,
2477 4172 2543 4227 ad
2590 4173 2901 4244 dignitatem
2929 4175 3179 4244 prmclare
3200 4190 3420 4244 Operan-

1842 4270 1909 4321 tis
1941 4266 2245 4337 frequenter
2272 4263 2507 4334 confugit
2548 4265 2732 4319 dicens
2750 4306 2766 4331 ,
2802 4267 2932 4330 Quia
2961 4266 3217 4318 nobiscum
3246 4265 3382 4319 Deus
3403 4308 3419 4333 ,

1842 4369 1895 4413 et
1922 4359 2044 4427 quia
2070 4358 2184 4413 haec
2210 4358 2385 4411 omnia
2406 4356 2830 4410 machinamenta
2854 4354 3131 4424 dissipabit
3155 4358 3249 4427 (a).
3279 4357 3423 4422 Quo-

1842 4453 1981 4507 niam
2015 4451 2114 4521 ipsi
2141 4450 2329 4521 gloria.

1905 4586 1975 4645 (a)
1994 4592 2092 4633 lluc
2108 4583 2287 4632 desinit
2308 4580 2526 4645 Savilius,
2540 4589 2591 4631 et
2606 4583 2861 4645 asteriscos
2878 4582 3055 4644 adjicit,
3072 4584 3206 4644 quasi
3228 4583 3418 4633 humilia

1838 4643 2104 4695 sit‘niutila.
2132 4645 2201 4708 Ac
2225 4657 2343 4692 vere
2368 4643 2532 4692 mutila
2556 4644 2764 4701 videtur,
2798 4643 3162 4707 ignoraturque,
3188 4657 3418 4708 quorsum

1844 4708 2134 4770 processerit
2151 4704 2529 4767 Chrysostomus.
