4148 6306
749 316 820 372 95
1439 307 1498 364 S.
1537 307 1823 366 JOANNIS
1862 307 2353 367 CHRYSOSTOMI
2389 306 2707 365 ARCHIEP.
2748 305 3296 364 CONSTANTINOP.
3922 316 3994 372 96

2178 941 2559 1005 MONITUM

1442 1131 1549 1190 AD
1594 1127 1987 1190 HOMILIAS
2033 1129 2113 1190 IN
2147 1127 2399 1191 OZIAM
2436 1129 2583 1190 SEU
2628 1129 2733 1190 DE
2782 1130 3273 1192 SERAPHINIS.

803 1355 886 1410 Ad
919 1354 1181 1411 Homilias
1214 1355 1268 1410 in
1303 1354 1489 1411 Oziam
1512 1357 1631 1411 hac
1655 1362 1811 1412 notat
1844 1353 2113 1413 Henricus
2146 1355 2399 1423 Savilius,
2434 1354 2608 1411 Temo
2635 1356 2689 1422 8,
2719 1355 2774 1410 in
2811 1356 2956 1412 notis
2983 1357 3082 1412 col.
3118 1357 3222 1410 722
3255 1375 3266 1410 :
3305 1376 3322 1409 ι
3356 1357 3431 1411 Ex
3463 1357 3547 1412 his
3573 1357 3811 1429 quinque
3835 1356 3982 1415 Ora-

743 1470 984 1526 tionibus
1028 1473 1082 1526 in
1123 1470 1305 1528 Oziam
1340 1472 1627 1546 Catalogus
1666 1473 2034 1547 Augustanus,
2066 1490 2221 1530 num.
2265 1475 2356 1542 50,
2392 1475 2481 1540 51,
2520 1475 2609 1540 52,
2645 1475 2732 1541 33,
2759 1474 2999 1543 agnoscit
3021 1484 3270 1544 quatuor,
3313 1474 3414 1529 hoc
3441 1483 3545 1541 est,
3576 1474 3756 1530 demta
3786 1481 3983 1544 quarta

734 1595 959 1641 cateras
988 1602 1195 1644 omnes.
1231 1589 1300 1644 Et
1324 1589 1682 1660 proculdubio
1709 1603 1901 1645 omnes
1927 1589 2170 1660 γνήσιαι.
2204 1589 2440 1644 Primam
2476 1589 2620 1644 hanc
2647 1589 2732 1644 bis
2754 1589 2954 1644 editam
2987 1589 3173 1645 Roma
3201 1591 3605 1646 emcndavimus
3637 1606 3702 1646 ex
3737 1599 3978 1661 quatuor

733 1696 950 1766 scriptis
978 1697 1288 1764 Codicibus,
1337 1715 1569 1769 quorum
1595 1700 1810 1770 primus
1845 1699 1951 1755 fuit
1981 1699 2296 1771 interpretis
2325 1664 2556 1767 Erasini,
2593 1709 2649 1755 et
2676 1717 2825 1757 nunc
2863 1709 2947 1756 est
2976 1703 3031 1756 in
3056 1702 3385 1759 Bibliotheca
3422 1703 3800 1761 Universitatis
3827 1703 3982 1759 Oxo-

735 1817 942 1871 niensis
979 1835 991 1870 :
1026 1817 1299 1872 secundus
1327 1833 1391 1872 ex
1419 1817 1751 1873 Bibliotheca
1790 1816 2012 1889 Collegii
2038 1816 2174 1872 Novi
2230 1814 2554 1872 Oxoniensis
2610 1824 2893 1886 promtus:
2931 1818 3122 1872 tertius
3149 1832 3214 1871 ex
3247 1816 3578 1873 Bibliotheca
3595 1818 3984 1875 Universitatis

731 1934 1195 2005 Cantabrigiensia
1225 1952 1237 1988 :
1271 1941 1498 2004 quartus
1535 1934 1672 1989 mihi
1701 1950 1732 1989 a
1760 1934 2078 1990 doctissimo
2103 1932 2401 1990 Croshavio
2430 1934 2836 2000 commodatus;
2866 1932 3124 1987 adhibitis
3143 1933 3305 1987 etiam
3333 1932 3397 1998 Q.
3431 1930 3674 2002 Septimii
3703 1931 3982 1987 Florentia

731 2047 1045 2115 Christiani,
1085 2048 1186 2102 viri
1217 2047 1403 2102 multis
1435 2046 1753 2102 nominibus
1776 2046 1894 2102 orbi
1919 2045 2235 2102 Christiano
2271 2048 2408 2112 noti,
2441 2045 2734 2118 ingeniosis
2758 2054 2814 2101 et
2850 2044 3024 2100 doctis
3050 2044 3380 2114 conjecturis
3409 2061 3421 2097 :
3468 2059 3592 2098 nam
3623 2044 3773 2100 libris
3816 2043 3976 2110 Mss.,

737 2176 797 2220 ut
825 2166 1061 2229 videtur,
1086 2180 1309 2234 prorsus
1336 2164 1755 2220 destituebatur.
1778 2165 1948 2221 Porro
1975 2167 2110 2221 sciat
2139 2167 2308 2222 lector
2349 2168 2405 2222 in
2431 2168 2682 2222 omnibus
2711 2167 2824 2222 fere
2863 2166 3248 2222 illustrioribus
3276 2164 3616 2220 bibliothecis
3643 2165 3809 2220 Italia
3830 2175 3887 2220 et
3917 2164 3970 2218 in

733 2285 897 2356 Regia
930 2283 1155 2338 Lutetia
1184 2282 1414 2353 reperiri
1445 2283 1584 2337 inter
1610 2282 1980 2353 Chrysostomi
2015 2282 2371 2355 Manuscripta

2341 2294 2382 2340 La
2424 2284 2622 2339 librum
2668 2284 3014 2353 inscriptum,
3059 2283 3446 2354 Χρυσοπόμου
3486 2281 3822 2365 μαργαρζταξ
3855 2300 3868 2334 :
3901 2295 3979 2350 qu

731 2401 900 2455 codex
930 2401 1067 2455 nihil
1099 2400 1243 2456 aliud
1274 2400 1539 2466 continet,
1565 2415 1729 2472 quam
1777 2400 2102 2471 συναγωγὴν
2133 2402 2369 2471 quamda'

2338 2417 2421 2456 am
2465 2402 2881 2457 lectissimarum
2916 2402 2998 2470 (ut
3020 2394 3138 2470 ipsi
3185 2403 3487 2468 συναγωγεῖ
3518 2400 3691 2455 visum
3724 2406 3826 2462 est,
3861 2411 3976 2451 non

730 2512 908 2581 magni
935 2511 1126 2582 judi'cii
1163 2513 1300 2578 viro,
1329 2521 1388 2568 ut
1413 2513 1503 2583 qui
1540 2513 1796 2582 pleraque
1825 2511 2122 2583 collegerit,
2158 2511 2303 2566 inter
2329 2527 2424 2567 sua
2460 2512 2768 2584 margarita,
2795 2511 3050 2566 subfusca
3079 2525 3146 2565 ac
3181 2511 3424 2580 liventia)
3462 2513 3766 2567 orationum
3805 2511 3982 2582 Chry-

732 2624 952 2679 sostomi
987 2642 1000 2678 :
1032 2640 1137 2694 quo
1169 2627 1225 2678 in
1257 2639 1486 2678 numero
1518 2632 1645 2678 sunt
1673 2625 1758 2679 ha
1796 2623 2038 2693 quinque
2075 2621 2132 2675 in
2163 2622 2369 2688 Oziam,
2399 2640 2491 2679 sex
2527 2635 2715 2680 contra
2743 2625 2982 2691 Iudaeos,
3013 2631 3067 2678 et
3103 2624 3219 2680 alia
3259 2626 3326 2680 ad
3372 2625 3458 2692 70,
3484 2626 3568 2682 vel
3608 2627 3676 2680 80
3704 2642 3935 2682 numero
3960 2646 3987 2695 ;

732 2755 865 2810 quas
891 2755 1081 2795 omnes
1118 2742 1231 2795 suis
1261 2740 1393 2795 locis
1421 2737 1956 2810 repraesentabimus.
1992 2734 2148 2802 Quod
2194 2736 2474 2791 monuisse
2503 2752 2681 2806 operae
2706 2738 2938 2806 pretium
2968 2739 3089 2804 fuit,
3130 2754 3200 2794 ne
3227 2740 3346 2808 quis
3378 2740 3434 2793 in
3469 2739 3619 2794 illam
3649 2743 3977 2811 συναγωγὴν

731 2854 1000 2920 incidens,
1031 2853 1237 2914 aliquid
1261 2853 1385 2909 novi
1416 2866 1473 2908 se
1501 2859 1654 2922 putet
1673 2851 1960 2924 reperisse.
1998 2871 2018 2905 ι

803 2973 1076 3028 Hactenus
1107 2972 1362 3039 Savilius,
1391 2972 1483 3042 qui
1515 2981 1661 3027 recte
1707 2973 1961 3028 observat
2006 2970 2266 3027 Homilias
2305 2971 2422 3026 illas
2469 2981 2702 3041 quatuor
2742 2971 2796 3025 in
2839 2971 3025 3026 Oziam
3057 2973 3112 3024 in
3161 2969 3416 3042 Catalogo
3446 2971 3779 3040 Augustano,
3811 2985 3979 3041 quem

732 3086 982 3140 dedimus
1010 3085 1181 3140 Tomo
1213 3085 1265 3149 l,
1299 3102 1353 3156 p.
1385 3084 1507 3149 8M,
1545 3093 1895 3150 memoratas,
1921 3099 2043 3139 esse
2072 3083 2326 3153 primam,
2353 3082 2667 3150 secundam,
2705 3083 2919 3138 tertiam
2958 3091 3013 3137 et
3041 3083 3319 3152 quintam;
3348 3083 3491 3138 unde
3521 3084 3786 3153 sequitur,
3810 3099 3981 3154 quar-

734 3211 840 3255 tam
878 3201 931 3255 in
958 3205 1096 3272 ejus,
1134 3202 1225 3270 qui
1253 3199 1568 3272 Catalogum
1597 3199 1747 3254 illum
1787 3197 1896 3267 jam
1926 3198 2057 3253 olim
2103 3198 2473 3266 concinnavit,
2516 3199 2813 3270 exemplari
2842 3213 2953 3253 non
2988 3199 3177 3264 fuisse,
3210 3207 3303 3253 aut
3333 3199 3522 3255 saltem
3557 3215 3667 3255 non
3699 3200 3773 3256 lbi
3799 3199 3977 3257 fuisse

733 3313 923 3368 eodem
950 3319 1180 3383 posrtam
1209 3312 1419 3367 ordine.
1441 3309 1690 3380 Vereque
1715 3311 2057 3380 exploratum
2082 3319 2187 3377 est,
2218 3309 2381 3366 hasce
2400 3312 2652 3366 bomilias
2679 3328 2788 3366 non
2813 3326 2934 3366 esse
2961 3325 3152 3366 omnes
3182 3327 3247 3365 eo
3273 3311 3483 3377 ordine,
3511 3327 3618 3382 quo
3640 3313 3836 3370 habita
3858 3313 3980 3386 [94]

733 3433 880 3491 sunt,
923 3425 1146 3496 positas.
1189 3422 1370 3477 Prima
1420 3422 1568 3477 enim
1599 3437 1722 3477 cum
1757 3421 1998 3476 secunda
2029 3436 2140 3476 non
2174 3423 2432 3490 coharet,
2465 3422 2787 3492 videturque
2816 3422 2960 3478 dicta
2989 3423 3150 3492 longo
3198 3434 3323 3493 post
3355 3425 3647 3479 secundam
3701 3427 3980 3499 temporej;

732 3554 930 3608 nempe
958 3537 1196 3607 quando,
1232 3536 1517 3607 imperium
1551 3543 1773 3591 tenente
1819 3534 2015 3605 ignavo
2057 3533 2294 3604 quodam
2329 3544 2384 3591 et
2415 3535 2545 3591 boni
2577 3535 2787 3591 consilii
2817 3547 3038 3606 experte
3071 3537 3336 3608 principe,
3386 3540 3599 3595 barbari
3635 3541 3981 3608 invaserunt,

735 3652 1006 3710 exercitus
1043 3650 1412 3706 Romanorum
1457 3648 1772 3718 proﬂigatus
1833 3657 1936 3712 est,
1993 3647 2328 3703 calamitates
2377 3649 2636 3704 immissa
2677 3660 2832 3717 sunt;
2888 3666 3010 3720 qua
3038 3654 3219 3707 omnia
3271 3663 3518 3709 recenset
3560 3654 3985 3726 Chrysostomus

734 3775 866 3816 num
896 3762 950 3817 4.
985 3762 1110 3817 llaec
1143 3775 1306 3832 porro
1334 3761 1388 3816 in
1423 3759 1637 3814 Arcadii
1662 3758 1970 3828 imperium,
1996 3760 2139 3829 quod
2170 3759 2336 3830 coepit
2365 3775 2509 3815 anno
2545 3762 2667 3825 595,
2706 3762 2992 3819 referenda
3011 3765 3286 3832 videntur,
3318 3779 3378 3824 ut
3412 3771 3791 3829 animadvertit
3813 3775 3982 3831 etiam

734 3874 818 3929 vir
846 3875 1229 3947 sagacissimus
1255 3871 1654 3928 Tillemontius.
1685 3872 1768 3927 Ad
1811 3873 1928 3927 hac
1952 3880 2135 3927 autem
2160 3871 2337 3941 prima
2367 3870 2422 3924 in
2474 3872 2658 3927 Oziam
2704 3876 2859 3943 quasi
2891 3878 3174 3934 occasione
3213 3882 3439 3948 quadam
3477 3893 3684 3939 tantum
3715 3887 3772 3940 in
3803 3888 3982 3943 histo-

737 3988 871 4042 riam
903 3989 1045 4042 Ozia
1076 3997 1132 4042 et
1161 3987 1216 4041 in
1251 3986 1679 4056 Seraphinorum
1707 3984 1972 4041 visionem
2000 3985 2191 4040 incidit
2228 4001 2242 4038 :
2277 3984 2351 4040 ita
2379 3993 2439 4038 ut
2464 3988 2701 4042 secunda
2724 3990 2807 4044 vel
2837 4005 2902 4045 ex
2933 3993 3093 4047 modo
3122 3994 3389 4061 ordiendi,
3417 3997 3521 4051 alio
3555 3998 3696 4054 facta
3736 4010 3986 4071 tempore

737 4105 952 4176 aliaque
982 4103 1267 4158 occasione
1300 4099 1482 4155 statim
1509 4099 1776 4153 videatur.
1806 4098 1967 4154 Certe
2006 4098 2179 4169 prima
2209 4098 2302 4153 diu
2327 4110 2540 4171 postea,
2573 4101 2787 4156 Arcadii
2816 4118 3012 4172 nempe
3047 4113 3310 4175 tempore,
3348 4117 3409 4162 ut
3435 4124 3499 4164 ex
3524 4111 3837 4182 conjectura
3869 4125 3988 4171 sta-

739 4218 929 4284 tuitur,
962 4217 1107 4274 dicta
1143 4215 1325 4271 fuerit.
1351 4217 1433 4269 An
1464 4229 1592 4268 vero
1619 4212 1944 4277 Antiochia,
1976 4229 2045 4267 an
2080 4212 2572 4286 ConstantinOpoli,
2611 4232 2720 4271 non
2749 4218 2822 4272 ita
2845 4218 2998 4273 facile
3035 4231 3119 4276 est
3150 4222 3415 4278 divinare.

805 4336 1054 4392 Secunda
1084 4331 1387 4387 Antiochia.
1417 4327 1561 4384 haud
1595 4327 1759 4383 dubie
1789 4328 1975 4383 habita
1996 4337 2097 4382 est.
2124 4327 2179 4382 ld
2203 4329 2346 4397 quod
2381 4345 2446 4383 ex
2472 4331 2560 4396 iis,
2581 4346 2702 4399 qua
2732 4331 2874 4385 circa
2903 4331 3064 4387 linem
3095 4335 3330 4392 homilia
3359 4340 3451 4405 ait,
3477 4343 3751 4413 arguitur;
3783 4363 3990 4419 nempe

738 4463 796 4503 se
830 4448 991 4501 citius
1015 4445 1178 4499 liuent
1201 4443 1414 4498 dicendi
1445 4440 1644 4506 facere,
1678 4447 1738 4493 ut
1762 4439 1881 4499 loco
1911 4438 2069 4493 cedat
2098 4441 2418 4510 praeceptori
2451 4456 2546 4495 seu
2590 4441 2913 4512 διδασκάλῳ,
2974 4445 3179 4500 scilicet
3224 4448 3478 4507 Flaviano
3521 4454 3820 4512 Antiochia
3867 4462 3990 4529 epi-

741 4576 927 4630 scopo,
961 4560 1106 4630 quod
1127 4569 1181 4614 et
1215 4559 1340 4613 alibi
1372 4559 1573 4629 passim
1608 4556 1810 4612 factum
1847 4557 2329 4627 deprehendimus.
2359 4558 2436 4612 De
2485 4574 2629 4614 anno
2667 4569 2849 4615 autem
2899 4576 3006 4616 non
3058 4565 3131 4618 ita
3164 4565 3318 4622 facile
3359 4580 3441 4624 est
3470 4572 3554 4626 vel
3579 4588 3643 4627 ex
3668 4577 3986 4647 conjectura

736 4677 940 4732 dicere.
972 4676 1105 4730 Nam
1138 4676 1281 4746 quod
1315 4674 1694 4730 Tillemontius
1742 4675 2073 4746 suspicatur,
2122 4690 2246 4730 cum
2291 4687 2568 4746 comparat
2593 4677 3011 4749 Clirysostomus
3054 4682 3352 4739 doctrinam
3393 4703 3544 4742 suam
3588 4693 3793 4747 recenti
3834 4695 3988 4761 vino,

738 4790 1042 4846 doctrinam
1088 4797 1269 4843 autem
1320 4786 1560 4841 Flaviani
1592 4786 1718 4840 vino
1758 4787 1950 4853 veteri,
1977 4801 2035 4842 se
2071 4786 2186 4841 hac
2215 4786 2372 4842 initio
2399 4788 2685 4843 sacerdotii
2709 4791 2793 4843 sui
2824 4795 3206 4848 concionatum
3240 4797 3584 4856 subindicare
3619 4822 3631 4856 :
3659 4804 3791 4859 illud
3835 4817 3990 4862 certe

737 4907 822 4962 vel
865 4906 982 4976 ipso
1014 4903 1344 4958 Tillemontii
1376 4902 1585 4973 judicio
1615 4901 1948 4956 levissimum
1982 4913 2100 4969 est;
2133 4903 2378 4973 ejusdem
2405 4906 2618 4976 generis
2643 4916 2723 4960 est
2751 4907 2883 4961 illud
2908 4908 3053 4963 aliud
3092 4911 3368 4981 indicium,
3395 4916 3518 4972 inde
3548 4929 3808 4985 sumtum,
3840 4927 3992 4993 quod

736 5022 896 5092 paulo
915 5028 1038 5090 post
1064 5020 1276 5074 initium
1304 5017 1432 5073 dicit
1467 5032 1525 5071 se
1551 5017 1772 5088 dignum
1818 5017 2063 5072 habitum
2090 5018 2256 5074 fuisse
2292 5023 2384 5089 qui
2425 5021 2570 5091 apud
2594 5022 2712 5076 illos
2742 5023 3176 5092 concionaretur,
3211 5030 3646 5104 κατηξιώθημεν.
3688 5037 3823 5092 Nam
3852 5041 3988 5110 quid

742 5141 870 5195 inde
914 5141 1134 5205 inferas,
1172 5157 1296 5195 cum
1328 5149 1538 5194 certum
1567 5139 1636 5193 sit
1674 5137 2121 5208 Chrysostomum
2148 5154 2258 5193 non
2286 5141 2460 5209 primo
2509 5142 2679 5196 solum
2710 5157 2872 5209 anno,
2903 5144 2996 5199 sed
3037 5146 3196 5199 etiam
3227 5152 3485 5217 secundo,
3517 5154 3694 5217 tertio,
3730 5154 3990 5226 aliisque,

744 5257 938 5311 honori
966 5255 1067 5310 sibi
1101 5255 1247 5310 haud
1272 5255 1436 5310 dubie
1459 5255 1676 5310 duxisse
1708 5255 1852 5324 quod
1883 5269 2068 5309 coram
2103 5264 2250 5309 tanta
2294 5257 2470 5326 plebe,
2506 5260 2762 5329 episcopo
2810 5277 2951 5331 sape
2982 5275 3268 5332 prasente,
3299 5268 3746 5321 concionaretur?
3781 5268 3988 5327 Verum

744 5374 977 5441 aliquam
1008 5367 1269 5438 temporis
1291 5378 1500 5436 notam,
1535 5384 1696 5437 quam
1719 5384 1829 5423 non
1859 5366 2243 5425 animadvertit
2268 5372 2668 5439 Tillemontius,
2700 5374 2826 5428 inde
2852 5391 3063 5431 sumere
3097 5379 3242 5445 licet,
3266 5381 3408 5448 quod
3430 5396 3582 5436 num.
3614 5381 3647 5434 2
3680 5394 3734 5438 et
3762 5387 3814 5454 5,
3831 5402 3990 5458 post-

745 5505 904 5558 quam
927 5487 1136 5542 dixerat
1159 5487 1327 5541 Deum
1354 5486 1643 5540 Abrahami
1671 5488 1878 5542 nomini
1908 5489 2178 5544 addidisse
2205 5489 2436 5558 lileram,
2462 5493 2533 5546 ita
2560 5501 2617 5545 ut
2637 5492 2727 5561 qui
2763 5493 2972 5564 Ἀϐράμ
3001 5499 3312 5564 vocabatur,
3341 5499 3588 5569 ’Λὸραάμ
3618 5512 3806 5570 postea
3837 5506 3990 5564 dice-

749 5611 918 5668 retur,
970 5609 1021 5656 ut
1063 5602 1223 5658 unius
1252 5600 1421 5657 litera
1453 5599 1822 5659 additamento
1867 5601 2079 5673 signum
2119 5602 2454 5675 principatus
2488 5606 2587 5677 ipsi
2635 5606 2821 5672 daret;
2876 5619 3058 5678 postea
3113 5611 3498 5682 subjunxerit:
3546 5611 3681 5667 ἀλλὰ
3731 5617 3857 5688 περὶ
3890 5621 3994 5693 μὲν
