4148 6306
112 364 169 418 95
847 350 916 406 ΙΝ
949 350 1182 416 ILLUD,
1222 348 1359 405 VIDI
1402 348 1717 405 DOMINUM
1758 348 1993 405 HOMIL.
2035 349 2074 404 l.
2104 378 2175 391 -
2213 347 2559 406 MONITUM.
3254 359 3325 416 96

116 466 370 537 ὀνομάτων
394 467 453 521 ὲν
485 468 657 539 ἑτέρῳ
686 468 867 541 καιρῷ
886 469 1239 540 διηγήσομαι,
1270 469 1359 521 sed
1381 468 1446 520 de
1466 467 1754 520 nominibus

1699 483 1758 520 us
1787 466 1894 519 alio
1926 477 2153 535 tempore
2203 468 2483 531 disseram,
2529 482 2636 537 quo
2665 466 2929 539 signiﬁcat
2967 482 3025 525 se
3057 467 3125 522 de
3151 478 3332 523 muta-

110 582 237 635 tione
259 584 544 638 nominum
571 594 757 653 postea
787 585 1061 640 dicturum
1093 599 1243 650 esse;
1270 585 1322 639 id
1340 584 1485 654 quod
1501 584 1715 638 abunde
1742 582 1993 653 praestitit
2019 584 2073 636 in
2098 592 2330 653 quatuor
2356 584 2601 640 llomiliis
2616 585 2683 639 de
2706 584 3000 640 Mutatione
3027 592 3329 651 nominum,

109 713 224 766 quas
259 700 428 756 habes
449 700 623 757 Tomo
646 703 699 767 5,
728 702 819 757 ubi
848 702 916 757 de
945 702 1249 757 mutatione
1284 701 1524 755 nominis
1563 700 1837 755 Abraham
1884 700 2084 770 agitur,
2119 716 2175 768 p.
2203 699 2322 764 107,
2354 710 2408 755 et
2441 701 2562 765 “2,
2597 710 2653 755 et
2680 700 2941 757 Sermone
2962 718 3108 757 nono
3137 702 3191 756 in
3223 702 3331 758 Ge-

112 810 289 874 nesim,
314 812 408 879 qui
436 823 560 882 post
581 815 872 869 secundam
912 812 1201 869 Homiliam
1228 813 1294 867 de
1326 813 1626 869 Mutatione
1651 811 1935 866 nominum
1967 812 2185 866 habitus
2210 822 2315 877 est,
2350 813 2440 867 ubi
2472 814 2634 869 etiam
2664 815 2732 869 de
2765 818 3064 871 mutatione
3100 816 3337 872 nominis

112 926 327 980 Abrahae
352 927 551 997 agitur,
581 944 636 997 p.
668 929 788 984 69L
819 928 1047 984 Certum
1098 928 1281 999 itaque
1311 928 1761 1000 exploratumque
1785 928 1981 993 habeo,
2011 927 2152 981 hanc
2183 928 2462 982 homiliam
2509 930 2698 984 eodem
2731 946 2875 984 anno
2906 931 3142 987 habitam
3172 933 3336 988 fuisse

112 1049 204 1103 quo
228 1036 336 1090 illae
364 1036 433 1091 de
462 1036 757 1094 Mutatione
782 1042 1067 1094 nominum
1095 1041 1252 1096 dictae
1300 1049 1449 1105 sunt,
1492 1056 1599 1110 quo
1632 1039 1795 1094 etiam
1840 1037 2084 1093 Homilia:
2119 1038 2173 1091 in
2214 1038 2469 1093 Genesim
2508 1039 2779 1109 sexaginta
2817 1049 3058 1109 septem;
3090 1041 3335 1101 Homiliaa

111 1151 221 1206 item
249 1154 303 1206 in
330 1153 590 1210 Actorum
614 1157 1047 1227 inscriptionem,
1081 1166 1137 1213 et
1172 1159 1289 1212 alia;
1324 1159 1590 1227 quaedam,
1628 1167 1688 1212 ut
1730 1158 1915 1213 videas
1945 1159 2265 1214 Praefatione
2290 1158 2343 1212 in
2372 1167 2623 1228 quartum
2656 1158 2907 1224 Tomum,
2950 1168 3005 1213 et
3037 1160 3091 1212 in
3125 1159 3335 1215 Monito

110 1267 165 1321 ad
190 1268 453 1324 Homilias
485 1272 536 1324 in
575 1272 987 1343 inscriptionem
1012 1274 1267 1329 Actorum
1298 1274 1469 1327 Tomo
1502 1275 1553 1327 5.
1586 1272 1719 1339 Quis
1744 1288 1872 1329 vero
1896 1273 1966 1328 sit
1986 1274 2073 1329 ille
2105 1289 2302 1337 annus,
2348 1272 2589 1327 nondum
2632 1273 2784 1343 potui
2826 1274 3091 1343 probabili
3145 1274 3333 1345 conje-

109 1393 241 1437 ctura
274 1387 532 1455 assequi:
563 1387 678 1442 haec
707 1389 890 1442 omnia
922 1388 978 1442 in
1002 1404 1203 1442 annum
1227 1388 1329 1443 388
1364 1385 1555 1455 conjici
1590 1386 1729 1440 forte
1758 1394 2001 1455 possent.

164 1494 397 1549 Homilia
430 1498 585 1551 tertia
625 1497 903 1566 aliquanto
933 1506 1177 1567 tempore
1212 1505 1336 1566 post
1384 1495 1679 1549 secundam
1724 1494 1907 1548 habita
1955 1504 2055 1557 est,
2096 1493 2491 1565 Flavianusque
2524 1496 2812 1566 episcopus
2844 1506 2967 1565 post
3012 1498 3336 1568 Cbrysosto-

108 1622 239 1660 mum
266 1610 625 1665 concionatus
653 1620 767 1677 est;
802 1612 897 1667 sed
927 1612 1015 1666 hic
1043 1613 1112 1666 de
1143 1610 1487 1682 Martyribus,
1516 1608 1935 1678 Chrysostomus
1971 1618 2152 1663 autem
2185 1610 2252 1665 de
2285 1608 2414 1665 Ozia
2440 1618 2494 1665 et
2532 1610 2601 1665 de
2630 1608 2968 1681 Seraphinis,
3022 1612 3132 1667 imo
3160 1612 3339 1684 potius

108 1720 164 1774 de
188 1721 444 1789 superbia
483 1720 627 1778 Ozi:e
657 1725 816 1795 regis,
843 1740 963 1795 quae
993 1725 1172 1795 ipsum
1205 1725 1538 1795 praecipitem
1571 1721 1738 1777 dedit.

169 1841 398 1898 Homilia
432 1853 622 1915 quarta
652 1848 802 1903 nullo
823 1849 985 1904 modo
1014 1865 1177 1921 posse
1210 1852 1454 1907 creditur
1482 1851 1547 1906 ad
1589 1852 1789 1921 quintae
1822 1852 2018 1907 seriem
2044 1851 2267 1916 deduci;
2313 1851 2438 1905 licet
2480 1849 2625 1905 enim
2658 1847 2800 1903 circa
2840 1844 3077 1899 medium
3106 1846 3172 1899 de
3210 1843 3339 1898 Ozia

110 1974 304 2035 agatur,
336 1962 477 2018 nihil
524 1976 608 2021 est
636 1967 777 2036 quod
814 1970 1047 2025 suadere
1086 1985 1247 2041 posse
1300 1970 1545 2025 videatur
1573 1970 1716 2025 hanc
1744 1970 1934 2025 eodem
1968 1978 2232 2039 tempore,
2265 1968 2560 2037 eademque
2593 1968 2648 2020 in
2689 1966 2823 2020 urbe
2868 1964 3106 2019 habitam
3149 1962 3337 2017 fuisse.

110 2088 211 2140 hno
252 2101 384 2140 vero
405 2101 515 2140 non
546 2088 744 2142 desunt
775 2105 896 2157 quae
934 2088 1285 2143 subindicent
1314 2089 1457 2144 hanc
1476 2087 1947 2158 Constantinopoli
1974 2086 2142 2141 fuisse
2171 2088 2394 2142 dictam.
2429 2083 2793 2150 Quamobrem
2827 2082 2951 2151 jure
2977 2081 3021 2136 is
3053 2081 3142 2149 qui
3178 2080 3339 2134 Cata-

109 2201 273 2269 logum
304 2216 533 2270 operum
559 2198 926 2272 Cbrysostomi
964 2202 1203 2273 γνησίων
1247 2203 1358 2273 jam
1408 2203 1535 2258 olim
1568 2203 1937 2265 concinnavit,
1991 2203 2137 2256 hanc
2165 2218 2274 2255 non
2318 2201 2371 2255 in
2411 2200 2745 2268 reliquarum
2774 2199 2917 2252 serie
2951 2198 3153 2267 posuit.
3184 2196 3337 2249 illum

110 2314 220 2368 vide
244 2313 561 2385 Catalcgum
594 2315 747 2368 Tom.
786 2316 837 2378 1,
871 2331 926 2385 p.
960 2314 1086 2371 841.
1117 2312 1231 2369 Hoc
1257 2323 1439 2368 autem
1468 2330 1555 2368 me
1580 2323 1763 2369 movet
1788 2324 1848 2367 ut
1868 2312 2337 2381 Constantinopoli
2362 2312 2563 2365 editam
2595 2310 2917 2379 conjiciam;
2958 2326 3081 2364 nam
3120 2310 3174 2365 id
3197 2310 3343 2380 quod

108 2426 228 2484 dicit
258 2430 564 2498 σύγκλητον
590 2428 702 2499 ἔχει
733 2429 826 2480 καὶ
856 2428 1096 2490 ὑπάτους
1126 2428 1381 2499 ἀριθμεῖν
1418 2427 1635 2496 ἔχομεν,
1662 2428 1837 2479 ὠνίων
1866 2426 2147 2493 ἀφθονίαν,
2185 2425 2385 2487 θέσεως
2409 2423 2847 2493 ἐπιτηδειότητα,
2897 2422 3147 2477 Senatum
3191 2425 3344 2480 habet

110 2544 316 2613 (nempe
358 2542 537 2609 urbs),
588 2552 635 2594 et
685 2542 916 2594 consules
944 2557 1223 2595 numerare
1250 2556 1541 2609 possumus,
1592 2539 1856 2593 uenalium
1884 2543 2107 2610 copiam,
2136 2542 2296 2593 situm
2342 2539 2697 2602 commodum;
2750 2538 2893 2606 quod
2942 2536 3123 2591 Romae
3154 2539 3343 2593 urbem

106 2668 412 2728 comparat;
442 2658 585 2727 quod
618 2671 736 2711 eam
770 2656 902 2711 dicit
931 2657 1080 2712 orbis
1102 2657 1476 2726 metropolim;
1511 2658 1628 2713 haec
1660 2658 1920 2712 nimirum
1944 2659 2128 2714 omnia
2158 2674 2265 2712 non
2303 2657 2463 2713 video
2494 2672 2653 2725 posse
2686 2656 2843 2709 alteri
2872 2673 3033 2727 quam
3072 2658 3344 2712 Constan-

109 2770 328 2839 tinopoli
363 2779 676 2839 competere
706 2784 897 2839 posse;
930 2768 1033 2824 etsi
1058 2769 1461 2837 Tillcmontius,
1518 2774 1919 2828 subdubitando
1968 2782 2171 2838 tamen,
2210 2773 2326 2827 hzec
2368 2771 2437 2825 ad
2474 2770 2817 2825 Antiochiam
2853 2771 3053 2825 referre
3092 2780 3342 2827 conetur.

106 2886 449 2956 Quapropter
477 2885 617 2939 hanc
643 2893 794 2939 extra
827 2886 1028 2939 seriem
1080 2884 1308 2939 aliarum
1350 2902 1693 2955 reponerem,
1743 2887 1787 2941 si
1815 2902 1913 2957 per
1938 2886 2338 2954 manuscriptos
2372 2882 2602 2938 Codices
2644 2884 2851 2947 liceret,
2885 2883 2974 2937 ubi
3005 2884 3092 2937 hic
3124 2883 3258 2937 ordo
3287 2894 3347 2937 ut

106 3000 399 3068 plurimum
430 3001 619 3055 saltem
652 3000 995 3056 observatur.
1028 2998 1154 3054 Haec
1175 3015 1338 3069 porro
1362 3000 1586 3054 homilia
1637 3000 1817 3055 habita
1854 3009 1937 3054 est
1970 3015 2093 3053 cum
2126 3006 2293 3052 aestus
2342 3006 2488 3051 esset
2532 2998 2743 3067 ingens,
2773 2997 2997 3062 aestatis,
3036 3006 3095 3050 ut
3125 2997 3345 3051 credere

105 3129 200 3182 est,
234 3128 503 3187 tempore.

173 3235 410 3289 llomilia
434 3234 597 3304 igitur
619 3234 805 3304 quinta
836 3234 1050 3288 tertiam
1086 3234 1278 3288 ordine
1309 3244 1538 3303 sequuta
1564 3244 1669 3303 est,
1695 3252 1817 3291 cum
1855 3234 2051 3304 illaque
2081 3234 2359 3297 convenit,
2385 3247 2497 3285 non
2529 3230 2657 3284 item
2696 3244 2818 3282 cum
2858 3236 3069 3296 quarta,
3098 3241 3217 3294 qua:
3241 3226 3345 3278 alio

108 3352 375 3416 tempore,
408 3345 513 3399 alio
543 3354 602 3399 ut
648 3345 862 3400 videtur
890 3346 1033 3412 loco,
1078 3346 1425 3416 pronuntiata
1475 3344 1593 3398 fuit.
1625 3344 1787 3398 Sexta
1816 3353 1995 3398 autem
2031 3344 2248 3397 homilia
2279 3340 2523 3410 quintam
2554 3336 2737 3391 nativo
2777 3335 2967 3389 ordine
2999 3335 3264 3404 sequitur,
3292 3344 3349 3388 et

109 3460 421 3515 Antiochiae
456 3460 640 3515 habita
673 3460 794 3515 fuit.
822 3460 948 3517 Haec
984 3476 1146 3533 porro
1170 3470 1319 3516 sexta
1345 3460 1566 3514 homilia
1590 3460 1733 3515 dicta
1780 3460 1882 3515 fuit
1914 3458 2099 3530 paucis
2136 3458 2326 3513 diebus
2374 3463 2500 3509 ante
2537 3450 3032 3521 Quadragesimam,
3079 3448 3206 3503 anni
3234 3448 3345 3503 for-

107 3581 246 3627 tasse
276 3572 384 3629 388
412 3591 426 3626 :
465 3588 570 3643 qua
598 3573 665 3627 de
698 3589 756 3627 re
784 3588 895 3627 non
934 3574 1158 3629 omnino
1189 3574 1477 3639 constabit,
1509 3574 1682 3628 donec
1714 3573 1840 3643 quid
1873 3571 2057 3626 indicii
2088 3571 2397 3624 accesserit.

172 3688 427 3757 Quinque
456 3688 699 3758 priorum
748 3690 1127 3758 interpretatio
1175 3701 1257 3745 est
1284 3688 1513 3756 Erasmi,
1553 3705 1715 3758 quam
1763 3688 1945 3743 multis
1982 3688 2034 3742 in
2080 3687 2211 3741 locis
2246 3681 2681 3745 cmendavimus;
2731 3688 2892 3734 sextae
2930 3690 3011 3735 est
3057 3680 3349 3739 Frontonis

106 3796 303 3854 Πυθαεῖ.
