4130 6316
800 370 870 424 97

1488 336 1544 389 S.
1577 331 1857 389 JOANNIS
1892 326 2376 387 CHRYSOSTOMI
2413 323 2729 382 ARCIHEP.
2772 318 3318 379 CONSTANTINOP.
3956 340 4022 394 98

2180 795 2520 885 ΕΠΑΙΝ
2526 799 2662 883 ΟΣ

792 983 908 1058 [95]
956 987 1075 1040 Τῶν
1127 983 1603 1051 ἀπαντησάντων
1654 983 1721 1034 ἐν
1769 979 1842 1048 τῇ
1897 978 2217 1044 ἐκκλησίᾳ,
2281 977 2377 1029 καί
2451 976 2582 1043 περὶ
2641 973 2912 1040 εὐταξίας
2945 976 3014 1028 ἐν
3060 973 3188 1040 ταῖς
3217 973 3615 1045 δοξολογίαις.
3645 977 3755 1032 Καὶ
3796 981 3884 1045 εις
3927 979 4013 1044 τὸ,

1340 1094 1357 1126 ι
1390 1071 1569 1129 Εἶδον
1609 1072 1713 1126 τὸν
1740 1072 1956 1140 Κύριον
1981 1068 2319 1138 καθήμενον
2347 1067 2446 1121 ἐπὶ
2488 1069 2704 1135 θρόνου
2731 1065 2972 1134 ὑψηλοῦ
3000 1066 3095 1119 καί
3127 1065 3484 1134 ἐπηρμένου.
3516 1086 3536 1119 ι

862 1511 927 1564 α’.
964 1510 1166 1579 Πολλὴν
1183 1511 1292 1582 δρῶ
1305 1511 1402 1581 τὴν
1421 1510 1650 1582 σπουδὴν
1663 1510 2099 1581 ἐνδεικνυμένους
2113 1510 2256 1580 ὑμᾶς
2272 1511 2350 1571 είς

793 1594 949 1663 ιργον
973 1594 1196 1659 ἀγαγεῖν
1239 1593 1307 1645 τά
1349 1591 1536 1663 πρώην
1567 1595 1696 1663 ἡμῖν
1741 1592 2024 1662 εἰρημένα.
2063 1592 2159 1645 Διά
2195 1590 2350 1644 τοῦτο

792 1673 967 1727 τοίνυν
1001 1675 1206 1737 ἀόκνως
1235 1673 1301 1726 τὰ
1329 1675 1424 1743 τῆς
1455 1674 1796 1737 διδασκαλίας
1833 1673 1985 1741 κάγὼ
2023 1672 2351 1727 καταϐάλλο-

796 1774 892 1825 μαι
918 1757 1222 1826 σπέρματα,
1250 1757 1512 1826 χρησταῖς
1531 1756 1779 1808 ἐντεῦθεν
1810 1758 1927 1819 ταῖς
1957 1755 2134 1807 ἐλπίσι
2155 1753 2348 1823 τρεφό-

794 1854 954 1906 μενος
986 1852 1031 1890 υ.
1068 1838 1176 1890 Καὶ
1204 1838 1310 1908 γὰρ
1342 1838 1369 1888 6
1414 1838 1674 1909 γεωργὸς,
1705 1838 1903 1891 ὁπόταν
1947 1838 2094 1907 πόνῳ
2143 1837 2240 1907 μὲν
2283 1836 2351 1889 τά

794 1919 1081 1988 σπέρματα
1110 1919 1410 1989 καταϐάλῃ,
1435 1919 1770 1989 εὐφοροῦσαν
1807 1919 1862 1972 δὲ
1898 1920 1996 1988 τὴν
2027 1922 2130 1989 γῆν
2167 1918 2350 1971 καὶτὰ

790 2001 917 2070 λήῖα
960 2001 1213 2070 κομῶντα
1253 2001 1530 2069 θεάσηται,
1578 2001 1680 2053 τῶν
1710 2000 1897 2071 πρώην
1940 2001 2350 2055 ἐπιλανθάνεται

794 2083 994 2143 κόπων,
1023 2085 1113 2136 καὶ
1152 2083 1285 2153 πρὸς
1310 2083 1407 2152 τὴν
1435 2082 1558 2154 ἑξῆς
1591 2084 1850 2152 ἐργασίαν
1878 2100 1936 2135 τε
1966 2086 2058 2137 καὶ
2087 2085 2351 2154 συντήρη-

792 2183 877 2218 σιν
907 2165 983 2234 τῷ
1008 2166 1034 2205 ιι
1078 2165 1505 2235 προσδοκωμένῳ
1535 2165 1870 2218 διανίσταται
1913 2166 2111 2234 κέρδει.
2158 2166 2348 2218 Καίτοι

792 2248 956 2299 πόσον
997 2248 1351 2318 ποριμωτέρα
1380 2248 1471 2300 καὶ
1516 2247 1805 2317 ἐπικερδὴς
1831 2245 1970 2317 αὕτη
2015 2247 2350 2316 καθέστηκεν

793 2331 826 2399 η
857 2331 1124 2400 γεωργίαι
1166 2329 1377 2398 Ἐκείνη
1407 2330 1506 2400 μὲν
1534 2331 1642 2400 γὰρ
1670 2329 1778 2383 τῶν
1803 2330 2026 2400 καρπῶν
2044 2331 2153 2383 τῶν
2172 2329 2352 2400 αίσθη-

790 2413 900 2463 τῶν
930 2413 1355 2482 περιποιουμένη
1395 2414 1492 2481 τὴν
1522 2413 1800 2481 ἀφθονίαν,
1835 2412 2078 2482 σώμασιν
2106 2413 2352 2466 ἐναποτί-

792 2493 940 2545 θεται
964 2495 1195 2563 τροφήν·
1231 2493 1366 2563 αὕτη
1391 2494 1445 2546 δὲ
1472 2495 1568 2565 τὴν
1588 2495 1694 2548 τῶν
1719 2495 1890 2561 λόγων
1911 2493 2349 2564 καταὸαλλομένη

789 2575 1152 2639 διδασκαλίαν,
1217 2577 1310 2628 καὶ
1351 2575 1418 2628 τὰ
1463 2576 1555 2628 τοῦ
1621 2576 1936 2646 Πνεύματος
1988 2576 2350 2638 πλεονάζουσα

790 2657 1122 2726 χαρίσματα,
1156 2657 1245 2709 τὸν
1285 2657 1510 2726 ψυχικὸν
1552 2657 1926 2710 ἐναποτίθεται
1972 2656 2218 2721 πλοῦτον,
2253 2657 2351 2724 τὴν

790 2737 1128 2806 ἀδαπάνητον
1151 2739 1241 2791 καὶ
1277 2740 1550 2809 ἀκήρατον
1577 2739 1798 2809 τροφὴν,
1829 2740 1928 2809 τὴν
1960 2741 2032 2809 μὴ
2065 2738 2350 2806 διαλυομέ-

792 2836 910 2888 νην,
961 2819 1092 2888 μηδέ
1143 2820 1499 2890 φθειρομένην
1544 2820 1831 2890 ἀκολουθίᾳ
1871 2830 1917 2884 ο,
1952 2819 2087 2872 ἀλλά
2129 2821 2350 2889 ἀρρήτῳ

789 2901 895 2954 τινὶ
919 2919 1080 2971 συντη
1091 2903 1353 2972 ρουμένην
1377 2902 1619 2972 προνοίᾳ,
1647 2903 1740 2954 καὶ
1764 2903 1959 2972 νοητὴν
1986 2902 2084 2972 τὴν
2113 2901 2350 2954 ἀπόλαυ-

792 3001 877 3038 σιν
901 2984 1146 3054 ἐχουσαν.
1201 2984 1349 3054 Αὕτη
1386 2985 1493 3037 τῶν
1540 2985 1688 3054 ἐμῶν
1731 2985 1907 3038 πόνων
1945 2986 1978 3053 ἡ
2022 2984 2346 3054 ἐπικαρπία,

790 3060 945 3130 οὗτος
992 3071 1019 3120 6
1068 3067 1512 3137 ἐναποτιθέμενος
1559 3070 1624 3139 τῇ
1683 3067 1837 3137 ὐμῶν
1867 3069 2051 3138 ἀγάπῃ
2102 3067 2347 3128 πλοῦτος.

792 3150 990 3202 Τοῦτον
1028 3146 1117 3202 οὖν
1167 3149 1522 3218 αὐξανόμενον
1565 3151 1621 3203 ἐν
1671 3151 1798 3220 ὑμῖν
1836 3150 2132 3213 κατανοῶν,
2180 3149 2350 3219 χαίρω

791 3230 880 3283 διὰ
912 3232 1129 3294 παντὸς,
1168 3231 1241 3292 ὼς
1272 3231 1344 3300 μὴ
1374 3234 1494 3301 εικῆ
1526 3231 1594 3284 τὰ
1630 3232 1915 3300 σπέρματα
1948 3229 2350 3299 καταϐαλλόμε-

792 3331 882 3376 νος
909 3313 959 3375 ἀ,
991 3314 1065 3375 ὼς
1098 3313 1170 3382 μὴ
1201 3313 1376 3381 μάτην
1409 3313 1535 3374 τοὺς
1573 3313 1765 3374 πόνους
1807 3312 2122 3382 ὑπομείνας,
2164 3311 2238 3374 ὡς
2272 3313 2350 3373 είς

792 3395 1016 3466 εὔφορον
1043 3395 1134 3447 καὶ
1156 3394 1390 3464 λιπαρὰν
1413 3394 1743 3466 ἐπισπείρων
1772 3393 1896 3462 γῆν,
1929 3394 2018 3446 καὶ
2047 3394 2182 3464 πρὸς
2216 3411 2352 3465 καρ-

793 3478 1055 3546 ποφορίαν
1077 3476 1408 3546 ἐπιτηδείαν.
1436 3476 1606 3531 Πόθεν
1636 3471 1728 3527 οὖν
1754 3475 1814 3528 τὸ
1841 3475 2076 3528 τοιοῦτον
2099 3490 2353 3527 καταστο-

793 3561 1026 3630 χάζομαι
1058 3560 1277 3629 κέρδος;
1308 3557 1471 3610 πόθεν
1500 3560 1578 3620 είς
1611 3554 1770 3626 ἔργον
1789 3557 1914 3619 τοὺς
1943 3556 2132 3624 λόγους
2150 3556 2350 3626 προκό-

793 3657 1024 3703 πτοντας
1067 3640 1346 3703 κατανοῶ;
1388 3640 1481 3692 Ἐκ
1521 3639 1619 3707 τῆς
1657 3637 1933 3708 παρούσης
1959 3637 2194 3709 δηλονότι
2227 3654 2350 3690 συν-

791 3722 1017 3792 δρομῆς,
1046 3722 1109 3774 ἐκ
1140 3720 1233 3774 τοῦ
1277 3721 1373 3789 τὴν
1425 3719 1634 3789 μητέρα
1678 3719 1893 3771 πάντων
1933 3718 2029 3787 τὴν
2060 3719 2351 3786 ἐκκλησίαν

795 3805 930 3874 μετά
985 3804 1218 3872 σπουδῆς
1263 3804 1406 3871 ὑμᾶς
1452 3799 1798 3865 καταλαϐεῖν,
1850 3801 1913 3852 ἐκ
1946 3801 2044 3869 τῆς
2084 3801 2351 3868 παννύχου

791 3886 992 3956 ταύτης
1023 3887 1114 3937 καὶ
1139 3884 1418 3953 διηνεκοῦς
1447 3882 1708 3948 στάσεως,
1731 3883 1794 3934 ἐκ
1827 3881 1920 3934 τοῦ
1944 3881 2040 3952 τὴν
2060 3881 2351 3952 ἀγγελικὴν

790 3969 1143 4040 χοροστασίαν
1193 3965 1555 4036 μιμουμένους
1583 3965 2003 4019 ἀκατάπαυστον
2029 3963 2105 4031 τῷ
2147 3963 2349 4032 Κτίστῃ

789 4052 886 4121 τὴν
935 4050 1254 4119 ὐμνολογίαν
1315 4048 1664 4117 προσφέρειν.
1697 4048 1760 4098 Ὠ
1814 4046 1921 4099 τῶν
1975 4045 2066 4098 τοῦ
2117 4043 2349 4114 Χριστοῦ

789 4133 1156 4202 δωρημάτωνῑ
1186 4132 1328 4184 Ἀνω
1360 4131 1610 4200 στρατιαὶ
1652 4127 2014 4196 δοξολογοῦσιν
2067 4127 2308 4195 ἀγγέλων
2332 4142 2348 4158 ο

789 4218 938 4269 κάτω
979 4218 1036 4268 ἐν
1081 4213 1394 4282 ἐκκλησίαις
1444 4210 1893 4284 χοροστατοῦντες
1942 4209 2211 4278 ἄνθρωποι
2255 4208 2352 4278 τὴν

790 4297 960 4366 αὐτὴν
995 4298 1216 4357 ἐκείνοις
1249 4293 1606 4363 ἐκμιμοῦνται
1632 4291 1956 4358 δοξολογίαν.
1987 4290 2133 4342 Ἀνω
2159 4289 2228 4342 τὰ
2259 4291 2352 4340 Σε-

791 4379 966 4446 ραφὶμ
994 4379 1081 4428 τὸν
1110 4376 1385 4447 τρισάγιον
1414 4376 1579 4444 ὕμνον
1615 4373 1840 4441 ἀναϐοᾷ·
1876 4372 2023 4424 κάτω
2056 4371 2146 4423 τὸν
2193 4371 2352 4423 αὐτὸν

788 4461 822 4527 ὴ
848 4459 952 4510 τῶν
979 4457 1273 4527 ἀνθρώπων
1302 4457 1610 4525 ἀναπέμπει
1634 4453 1859 4525 πληθύς·
1893 4454 2043 4523 κοινὴ
2071 4453 2177 4505 τῶν
2195 4456 2352 4506 ἐπου-

789 4539 988 4610 ρανίων
1023 4541 1112 4590 καὶ
1141 4539 1248 4593 τῶν
1289 4538 1542 4606 ἐπιγείων
1601 4539 1975 4606 συγκροτεῖται
2026 4538 2346 4606 πανήγυρις·

791 4621 886 4690 μία
908 4621 1242 4690 εὐχαριστία,
1285 4621 1340 4672 ἐν
1389 4619 1731 4689 ἀγαλλίαμα.
1771 4619 1866 4688 μία
1895 4618 2217 4686 εὐφρόσυνος
2265 4633 2353 4686 χο-

788 4703 1067 4771 ροστασία.
1103 4705 1318 4772 Ταύτην
1345 4703 1454 4772 γὰρ
1488 4703 1520 4770 ἠ
1544 4701 1814 4771 ἄφραστος
1843 4700 1935 4752 τοῦ
1955 4700 2219 4751 Δεσπότου
2239 4698 2349 4769 [96]

787 4786 1188 4853 συγκατάὄασις
1220 4787 1502 4856 ἐκρότησε,
1521 4783 1721 4854 ταύτην
1742 4784 1802 4836 τὸ
1825 4782 2043 4853 Πνεῦμα
2066 4781 2350 4846 συνέπλεξέ

783 4868 843 4919 τὸ
875 4870 1046 4934 Ξιγιον,
1072 4868 1272 4937 ταύτης
1306 4871 1337 4937 ἡ
1367 4865 1602 4938 ἁρμονία
1617 4865 1721 4917 τῶν
1743 4864 1990 4932 φθόγγων
2018 4867 2083 4933 τῇ
2115 4867 2348 4935 πατρικῇ

781 4951 1001 5019 εὐδοκία
1036 4962 1057 4989 ε
1096 4948 1461 5020 συνηρμόσθη·
1496 4946 1702 5002 ἀνωθεν
1745 4945 1856 5016 ἔχει
1879 4946 1976 5016 τὴν
2005 4947 2112 4997 τῶν
2171 4945 2350 5015 μελῶν

843 5124 872 5153 ⁸
897 5125 1095 5185 Aliquot
1133 5137 1247 5171 mss.
1272 5123 1331 5185 τὰ
1369 5128 1450 5180 τῆς
1472 5122 1800 5185 διδασκαλίας
1827 5121 2186 5185 -καταεὰἷλλομεν
2209 5122 2351 5182 σπέρ-

809 5198 923 5237 ιατα,
947 5181 1168 5245 χρησταῖς
1182 5183 1385 5232 ἐντεῦθεν
1403 5183 1505 5245 ταῖς
1526 5183 1678 5230 ἐλπίσι
1700 5183 1987 5243 τρεφόμενοι.
2007 5181 2138 5228 Hauc
2148 5181 2347 5245 secutus

781 5199 923 5289 ματα,
947 5201 1168 5245 χρησταις
1182 5199 1385 5232 εντευυεν
1403 5200 1503 5237 ταις
1526 5199 1678 5230 ελπισι
1700 5199 1987 5243 τρεφομενοι.
2007 5199 2341 5230 ηῑωςδεευιυε

803 5246 1045 5316 ςειιοηρω
1072 5251 1150 5293 εει
1175 5247 1413 5294 Erasmus.
1435 5244 1557 5292 Infra
1586 5245 1704 5291 item
1727 5246 1912 5303 aliquot
1930 5255 2043 5290 mss.
2070 5243 2341 5297 καταϐάλλῃ

779 5316 1085 5364 ευφορουσαν.

841 5363 868 5401 ι’
892 5363 1031 5426 Alius
1069 5366 1284 5426 ἐργασίαν
1306 5382 1355 5412 τε
1379 5366 1457 5413 καὶ
1495 5365 1757 5425 ἐπιμέλειαν
1782 5365 1863 5424 τῷ.
1890 5363 2040 5411 Paulo
2085 5367 2195 5424 post
2221 5375 2344 5412 unus

777 5423 896 5485 αὕτη
918 5423 1104 5483 γέγονεν
1119 5423 1149 5480 ἡ
1172 5427 1386 5485 γεωργία.

844 5484 866 5513 ⁸
895 5485 1110 5548 Quatuor
1150 5483 1524 5548 διαφθειρομένην
1554 5485 1855 5548 ἀκολουθίαν.
1907 5485 2019 5538 Alii.
2047 5485 2148 5544 pari
2186 5483 2338 5548 ferme

779 5555 982 5613 ιιιιηιθιςο
1002 5544 1304 5621 φθειιρομένην
1333 5544 1612 5621 ἀκολουθίᾳ.
1631 5548 1804 5621 Ὀυδιι)
1844 5553 2136 5621 μοδιχςωδιη
2165 5544 2338 5592 lectio-

776 5615 890 5651 nem
914 5606 1230 5654 sinceriorem
1255 5613 1394 5667 putat
1424 5606 1607 5653 Boisiu’s
1628 5607 1676 5654 in
1703 5609 1829 5652 nmis
1851 5607 2036 5654 Savilii.

839 5661 866 5700 ἀ
896 5662 1026 5734 U‘uus
1072 5668 1316 5734 σπέρματα
1349 5667 1715 5725 κατατιθέμενος.
1753 5666 1905 5714 Paulo
1948 5673 2057 5726 post
2097 5666 2220 5713 alius
2263 5667 2342 5712 καὶ

783 5728 979 5793 «ιπαραν
993 5728 1333 5786 καταοπείρων.

841 5799 861 5824 υ
891 5785 1020 5835 ΕΔΜ.
1053 5792 1108 5848 τῇ
1137 5794 1419 5852 πνευματικῄ
1466 5787 1670 5852 εὐδοκία.
1701 5786 2010 5850 Μειιιυδςιίριι
2035 5788 2136 5837 fere
2171 5801 2339 5837 omnes

2453 1507 2767 1579 εὐρυθμίαν,
2797 1507 2888 1560 καὶ
2923 1507 3026 1560 ὐπὸ
3063 1507 3161 1579 τῆς
3187 1507 3434 1578 Τριάδος,
3475 1508 3719 1582 καθάπερ
3744 1511 3850 1565 ὑπὸ
3879 1511 4016 1582 πλή-

2453 1609 2614 1661 κτρου
2662 1591 2826 1654 τινὸς.
2873 1591 3188 1661 κινουμένη,
3237 1591 3297 1645 τὸ
3345 1593 3573 1664 τερπνὸν
3605 1592 3700 1645 καὶ
3747 1595 4017 1663 μακάριον

2451 1674 2632 1743 ἐνηχεῖ
2667 1673 2846 1742 μέλος,
2874 1673 2934 1725 τὸ
2963 1674 3251 1741 ἀγγελικὸν
3284 1671 3453 1746 ᾆσμα,
3491 1676 3588 1747 τὴν
3621 1676 3848 1746 ἄληκτον
3878 1693 4017 1745 συμ-

2453 1759 2676 1828 φωνίαν.
2710 1757 2878 1810 Τοῦτο
2905 1758 3003 1826 τῆς
3030 1757 3260 1810 ἐνταῦθα
3293 1757 3526 1826 σπουδῆς
3548 1759 3605 1811 τὸ
3641 1759 3830 1827 πέρας,
3861 1752 4019 1820 οὗτος

2451 1842 2480 1892 6
2509 1841 2610 1910 τῆς
2653 1838 3011 1902 συνελεύσεως
3055 1837 3212 1909 ἡμῶν
3250 1839 3479 1910 καρπός.
3533 1841 3630 1892 Διά
3653 1839 3808 1892 τοῦτο
3839 1839 4017 1908 χαίρω

2450 1921 2547 1991 τὴν
2565 1921 2818 1990 τοιαύτην
2840 1921 3085 1990 καθορῶν
3100 1921 3465 1990 εὐδοκίμησινο
3490 1922 3660 1992 χαίρω
3685 1921 3781 1990 τὴν
3811 1922 3870 1972 ἐν
3899 1923 4019 1980 ταῖς

2449 2005 2648 2073 ψυχαῖς
2683 2005 2834 2072 ὐμῶν
2864 2002 3199 2073 εὐφροσύνην
3246 2004 3544 2066 κατανοῶν,
3578 2003 3671 2072 τὴν
3699 2002 3870 2072 χαρὰν
3917 2004 4018 2071 τὴν

2453 2087 2838 2156 πνευματικὴν,
2866 2085 2962 2156 τὴν
3003 2085 3143 2138 κατά
3191 2084 3324 2136 Θεὸν
3352 2084 3683 2152 ἀγαλλίασιν.
3714 2084 3877 2136 Οὐδὲν
3908 2085 4020 2152 γάρ

2451 2169 2592 2221 οὕτω
2618 2169 2887 2238 περιχαρῆ
2914 2168 3012 2237 τὴν
3049 2167 3322 2238 ἡμετέραν
3351 2166 3616 2234 διατίθησι
3647 2165 3811 2235 ζωὴν,
3859 2166 3938 2228 ὡς
3986 2168 4018 2235 ἡ

2452 2253 2509 2304 ἐν
2544 2251 2804 2322 ἐκκλησία
2849 2250 3101 2320 θυμηδία.
3165 2250 3254 2302 Ἐν
3285 2247 3547 2318 ἐκκλησίᾳ
3583 2250 3616 2316 η
3653 2248 3760 2300 τῶν
3798 2248 4019 2317 χαιρόν-

2451 2350 2558 2386 των
2589 2334 2926 2402 συντηρεῖται
2953 2330 3112 2400 χαρὰ,
3153 2330 3210 2382 ἐν
3254 2329 3517 2398 ἐκκλησίᾳ
3554 2329 3714 2398 ἡτῶν
3742 2328 4022 2397 ἀθυμούνο

2451 2433 2558 2469 των
2582 2415 2832 2484 εὐθυμία,
2859 2415 2914 2465 ἐν
2937 2411 3199 2482 ἐκκλησίᾳ
3227 2412 3262 2481 η
3295 2411 3402 2464 τῶν
3440 2410 3786 2480 λυπουμένων
3817 2411 4022 2480 εὐφρο-

2454 2499 2607 2567 σύνη,
2643 2499 2698 2550 ἐν
2721 2495 3030 2566 ἐκκλησίαή
3058 2494 3166 2547 τῶν
3187 2495 3669 2564 καταπονουμένων
3694 2494 3947 2564 ἀναψυχὴ
3975 2494 4021 2556 ί,

2452 2581 2508 2632 ἐν
2532 2578 2793 2648 ἐκκλησία
2818 2579 2851 2647 ἡ
2883 2578 2992 2630 τῶν
3010 2574 3324 2630 κοπιώντων
3340 2576 3660 2639 ἀνάπαυσις.
3685 2576 3861 2629 Δεῦτε
3884 2577 4020 2644 γὰρ,

2453 2661 2605 2730 φησι,
2636 2660 2786 2727 πρός
2803 2676 2898 2727 με,
2914 2658 3134 2723 πάντες
3159 2661 3212 2712 οί
3245 2658 3572 2723 κοπιῶντες
3595 2657 3692 2710 καί
3731 2673 4014 2725 πεφορτιο

2451 2741 2675 2811 σμένον
2707 2741 2865 2809 κάγὼ
2879 2743 3206 2794 ἀναπαύσω
3221 2739 3396 2808 ὑμᾶς.
3423 2740 3486 2791 Τί
3500 2740 3699 2809 ταύτης
3713 2740 3810 2808 τῆς
3833 2741 4025 2808 φωνῆς

2450 2823 2640 2893 γένοιτ’
2677 2823 2741 2875 ἂν
2771 2822 3176 2892 ποθεινότερον;
3209 2822 3262 2874 τί
3291 2821 3389 2890 τῆς
3410 2821 3650 2892 κλήσεως
3665 2821 3864 2890 ταύτης
3893 2821 4024 2890 ἡδύ-

2450 2921 2638 2976 τερον;
2670 2905 2810 2974 Πρὸς
2842 2905 3071 2974 εὐωχίαν
3097 2921 3156 2957 σε
3186 2904 3342 2958 καλεί
3377 2907 3434 2957 ἐν
3464 2905 3723 2976 ἐκκλησίᾳ
3753 2921 3811 2957 σε
3833 2905 4022 2957 καλῶν

2450 2991 2478 3042 6
2513 2988 2788 3058 Δεσπότης
2814 2989 2860 3052 ⁸,
2899 2989 2980 3049 εἰς
3005 2986 3309 3040 ἀνάπαυσιν
3354 2987 3474 3039 ἀντὶ
3521 2986 3628 3039 τῶν
3661 2987 3840 3040 κόπων
3881 3002 4022 3056 προ-

2450 3072 2726 3142 τρέπεται,
2754 3071 2832 3132 είς
2857 3069 3036 3122 ἄνεσιν
3061 3070 3124 3121 ἐκ
3148 3069 3258 3124 τῶν
3277 3067 3552 3139 ὀδυνηρῶν
3583 3068 3899 3139 μετατίθησι
3923 3112 3936 3130 ,
3963 3067 4024 3119 τδ

2453 3154 2614 3224 βάρος
2642 3153 2748 3204 τῶν
2779 3151 3188 3222 ἁμαρτημάτων
3218 3150 3508 3218 κουφίζωνο
3553 3151 3730 3220 τρυφὴ
3759 3150 3858 3219 τὴν
3885 3149 4022 3202 ἀθυεο

2454 3237 2602 3306 μίαν,
2626 3235 2719 3287 καὶ
2743 3233 3048 3304 εὐφροσύνη
3086 3231 3183 3304 τὴν
3204 3232 3383 3302 λύπην
3411 3235 3574 3286 ίᾶται.
3595 3233 3656 3283 Ὦ
3682 3232 3778 3300 τῆς
3804 3231 4020 3300 ἀφάτου

2451 3317 2772 3387 κηδεμονίας
2800 3317 2829 3356 ιι
2857 3319 2870 3369 ί
2914 3315 2959 3367 ὣ
2998 3315 3242 3384 κλήσεως
3289 3315 3607 3384 ἐπουρανίου
3638 3315 3650 3366 ι
3685 3313 4022 3382 Σπεύσωμεν

2452 3401 2645 3464 τοίνυν,
2674 3398 2962 3467 ἀγαπητοὶ,
2993 3395 3160 3466 αὐτὴν
3188 3396 3288 3466 μέν
3319 3396 3720 3466 ἐπιτεινομένην
3744 3395 4021 3448 ἐνδείκνυ-

2454 3483 2574 3536 σθαι
2606 3483 2703 3552 τὴν
2734 3479 2984 3550 σπουδὴν,
3020 3477 3160 3548 μετά
3193 3477 3250 3530 δὲ
3299 3477 3396 3547 τῆς
3428 3477 3801 3548 προσηκούσης
3854 3479 4024 3529 εὐτα-

2452 3567 2570 3633 ξίας
2598 3563 2796 3619 καὶτοῦ
2825 3563 3119 3634 πρέποντος
3147 3561 3350 3614 σκοποῦ
3370 3561 3570 3630 ταύτην
3597 3559 3952 3630 ἀποπληροῦν
3976 3562 4022 3616 ί.

2451 3649 2560 3702 Καὶ
2585 3648 2690 3716 γὰρ
2709 3645 2798 3698 τὸν
2819 3645 2945 3714 περὶ
2976 3643 3164 3696 τούτου
3192 3642 3347 3710 λόγον
3379 3643 3504 3712 ὑμῖν
3535 3644 3769 3714 σήμερον
3795 3642 4023 3712 κινῆσαι

2455 3731 2729 3800 βούλομαι,
2753 3725 3005 3797 φορτικὸν
3031 3725 3129 3795 μὲν
3175 3721 3312 3778 εἶναι
3345 3724 3619 3787 δοκοῦντα,
3651 3724 3935 3793 ἀνεπαχθῆ
3967 3724 4025 3777 δέ

2453 3812 2544 3863 καὶ
2563 3809 2832 3878 ὠφέλιμον
2875 3807 3002 3860 ὄντα
3030 3809 3096 3876 τῇ
3135 3805 3383 3875 ἀληθείᾳ.
3415 3804 3570 3858 Οὕτω
3599 3806 3706 3875 γὰρ
3742 3806 3834 3859 καὶ
3867 3805 4024 3873 φιλό·

2455 3906 2668 3961 στοργοι
2705 3889 2935 3956 πατέρες
2961 3887 3219 3940 ποιοῦσιν·
3244 3887 3304 3938 οὐ
3355 3887 3512 3954 μόνον
3547 3888 3615 3940 τὰ
3657 3886 3790 3956 πρὸς
3839 3886 4026 3953 ὀλίγον

2453 3972 2862 4044 χαροποιοῦντα,
2898 3969 3032 4022 ἀλλά
3071 3967 3164 4021 καὶ
3198 3968 3267 4021 τὰ
3301 3967 3572 4022 λυποῦντα
3602 3969 4028 4039 παρεγγυῶνται

2451 4059 2562 4117 τοῖς
2604 4055 2829 4116 τέκνοις·
2875 4051 2967 4105 καὶ
3023 4050 3085 4103 οὐ
3125 4049 3193 4102 τὰ
3238 4050 3463 4102 αὐτόθεν
3510 4049 3892 4119 ἐνδεικνύμενα
3923 4051 4028 4120 τὴν

2451 4138 2714 4206 ὠφέλειαν
2736 4132 3088 4204 παραινοῦσιν
3124 4133 3326 4195 αὐτοῖς,
3362 4131 3496 4184 ἀλλά
3550 4131 3642 4185 καὶ
3670 4133 3766 4185 ὅσα
3799 4132 4027 4185 δοκοῦσι

2456 4224 2552 4292 μὲν
2581 4217 2717 4273 εἶναι
2746 4217 2995 4288 φορτικὰ,
3032 4218 3272 4286 σωτήρια
3287 4216 3344 4269 δέ
3366 4218 3508 4269 ἐστιν
3536 4216 4027 4286 ἀποπληρούμενα,

2453 4302 2734 4356 καὶταῦτα
2777 4301 2911 4370 μετά
2944 4299 3142 4367 πολλῆς
3185 4299 3284 4368 τῆς
3330 4299 3638 4367 ἐπιμελείας
3685 4299 4027 4365 διδάσκουσι,

2453 4386 2544 4437 καὶ
2571 4382 2825 4451 ἀσφαλῶς
2853 4382 2948 4448 τὴν
2985 4379 3162 4432 αὐτῶν
3194 4379 3483 4432 ἀπαιτοῦσι
3533 4380 3880 4448 συντήρησιν.
3916 4379 4031 4432 Καὶ

2451 4467 2635 4518 τοῦτον
2669 4463 3018 4533 προτείνομεν
3047 4460 3137 4512 τὸν
3164 4459 3340 4528 λόγον,
3375 4460 3460 4512 ἵνα
3503 4460 3578 4529 μὴ
3611 4460 3782 4528 μάτην
3813 4459 3913 4511 τὸν
3944 4463 4033 4513 ἐν-

2452 4548 2623 4602 ταῦθα
2653 4542 3114 4612 καταϐαλλὼμεθα
3144 4542 3323 4606 πόνον,
3351 4542 3437 4594 ἵνα
3486 4542 3558 4612 μὴ
3601 4542 3697 4610 τὴν
3721 4541 3814 4611 τῆς
3846 4543 4032 4612 ἀγρυ-

2453 4631 2612 4691 πνίας
2645 4628 3002 4698 ὑπομένοντες
3046 4623 3312 4693 ἀνάγκην,
3360 4625 3597 4693 ἀνοήτως
3636 4621 4032 4694 πυκτεύωμεν,

2454 4714 2537 4764 ἵνα
2556 4710 2629 4781 μὴ
2655 4712 2732 4772 είς
2760 4709 2895 4778 ἀέρα
2916 4706 3258 4776 διαλυόμεναι
3287 4706 3344 4758 αἱ
3370 4705 3542 4773 φωναὶ
3562 4706 3652 4757 ἐπὶ
3673 4705 3844 4776 ζημίᾳ
3885 4708 4033 4776 μᾶλο

2452 4793 2539 4846 λον
2571 4794 2860 4862 ἐνηχοῖντο,
2887 4791 2979 4843 καὶ
3003 4789 3102 4842 οὐκ
3123 4788 3216 4842 ἐπὶ
3240 4787 3439 4858 κέρδει.
3471 4787 3604 4840 Οὐδέ
3634 4788 3742 4859 γὰρ
3773 4787 4032 4858 ἔμπορος

2456 4876 2670 4946 μακρὰς
2725 4875 2821 4944 μέν
2847 4873 3114 4943 ἐμπορίας
3159 4870 3528 4938 στελλόμενος,
3563 4869 3760 4940 πολλὴν
3804 4870 3865 4922 δέ
3924 4873 4033 4941 τὴν

2451 4960 2559 5012 τῶν
2611 4959 2928 5028 πνευμάτων
2961 4954 3195 5026 ἐμσολὴν
3233 4953 3326 5007 καὶ
3361 4953 3457 5023 τὴν
3491 4951 3599 5006 τῶν
3630 4954 3895 5023 κυμάτων
3931 4955 4037 5008 ἐπ-

2450 5067 2507 5122 τῇ
2550 5065 2749 5123 πατρικῇ
2790 5064 2842 5123 et
2875 5061 2944 5123 είς
2969 5059 3088 5123 [egit
3119 5057 3362 5123 Ergsmus.
3387 5055 3496 5123 D69
3533 5068 3650 5123 [ηδε.
3676 5059 3830 5123 tptum
3859 5056 4036 5123 [ocpm

2451 5115 2520 5171 si}.
2543 5115 2758 5170 habéntr:
2785 5121 2838 5167 τὸ
2876 5115 3066 5180 Πνεῦμῖσ
3097 5118 3153 5164 τὸ
3177 5118 3306 5180 ἅγιον
3333 5117 3593 5180 συνέπλεξέ,
3615 5115 3787 5180 ταύτην
3822 5117 4038 5180 τὴνάρ-

2453 5183 2612 5242 μονίαν
2633 5186 2726 5230 τῶν
2768 5181 2975 5243 φθόγγων
2996 5176 3028 5234 ἦ
3065 5178 3266 5240 πατρική
3313 5176 3502 5225 εὐδοκία
3539 5177 3850 5237 συνήρμοσεν,
3897 5176 4039 5229 ὥστ-ι

2450 5245 3106 5376 ἀνΐθῖίὶῗξάταποναυμένων
3125 5297 3413 5362 παραμυθία,
3435 5297 3564 5358 quod
3596 5294 3723 5344 idem
3749 5300 3826 5343 est
3853 5315 3864 5342 :
3899 5311 4040 5348 unus

2445 5365 2862 5424 καταπονουμένων
2886 5362 3158 5424 εὐφροσύνη.

2508 5427 2532 5465 ε
2554 5427 2660 5474 Duo
2683 5414 2795 5472 "iss.
2823 5423 2869 5469 ἐν
2894 5414 3168 5484 ἐκκλησίᾳό
3191 5420 3447 5484 Δεσπότης.
3474 5414 3788 5484 ln__aliquibus
3812 5431 3872 5463 σε
3914 5427 4042 5484 post

2446 5486 2673 5547 ἐκκλησίᾳ
2699 5485 2859 5547 dees_l.
2903 5481 3043 5547 Infra_
3067 5478 3247 5547 Iégjsse
3287 5481 3478 5547 Vigetur
3507 5478 3741 5547 _Era§mus
3777 5483 3939 5539 τρυφῇ
3985 5488 4038 5529 (ιι

2445 5539 2612 5609 ροβιεά
2635 5539 2895 5609 εὐφροσύνῃ
2915 5555 2924 5565 ·
2960 5544 3045 5609 s_ed
3061 5539 3242 5609 go'dem
3264 5542 3392 5609 redit
3412 5539 3672 5609 sengegnliq.
3732 5595 3741 5604 _

2505 5607 2532 5644 ιι
2553 5597 2754 5666 ριιὶόέῐῇ
2781 5606 2820 5651 ὼ
2841 5597 2923 5660 τῆς
2944 5601 3088 5651 αὐτοῦ
3130 5602 3428 5666 κηδεμονίας,
3458 5606 3516 5666 ει
3538 5600 3605 5646 sic
3645 5597 3764 5666 ιρεξι
3784 5597 4034 5666 Savillus.

2443 5656 2779 5727 lbidfquidam
2806 5667 2867 5724 μὴ
2889 5656 3210 5726 ἀποκᾶμωμεν
3246 5656 3424 5722 τοίνυν,
3451 5656 3716 5721 ἀγαπητοὶ,
3727 5656 4038 5724 inuno-g1-

2440 5745 2520 5784 νην
2544 5728 2601 5788 μὲ
2619 5787 2623 5788 ν
2638 5728 2836 5788 ἔνδειαν.

2485 5762 2520 5831 "1
2544 5762 2664 5840 Klii‘.
2674 5762 2941 5850 υ
2955 5809 2986 5837 ι.
