4148 6306
148 372 212 427 97
1128 358 1194 414 IN
1234 358 1477 425 ILLUD,
1514 356 1656 413 VIDI
1692 351 2026 415 DOMINUM,
2065 347 2295 405 HOMIL.
2336 344 2379 401 1.
3308 334 3379 389 98

1987 569 3361 605 Μ

1483 973 2001 1064 HOMILIA

142 1280 204 1327 IN
249 1282 510 1329 LAUDEM
554 1283 796 1341 εοιιυιι,
834 1284 939 1337 QUI
984 1280 1491 1327 COMPARUERUNT
1533 1278 1597 1320 1N
1636 1277 1951 1330 ECCLESIA,
2013 1275 2278 1326 QUIEQUE
2361 1275 2731 1321 MODERATIO
2772 1278 2871 1322 SIT
2946 1278 3270 1326 εειιηεωλ
3319 1282 3386 1327 IN

215 1384 455 1427 ωνιιηε
529 1386 856 1428 LAUDIBUS.
923 1383 1080 1426 ITEM
1150 1382 1210 1424 IN
1274 1380 1483 1435 ILLUD,
1551 1378 1684 1421 VIDI
1767 1376 2064 1419 DOMINUM
2134 1376 2468 1419 SEDEXTBM
2538 1377 2600 1421 IN
2686 1379 2862 1422 801.10
2956 1381 3229 1425 BXCELSO
3300 1364 3387 1447 (α)

221 1465 404 1545 (Isai.
448 1466 510 1527 6.
559 1467 644 1547 ι).

1461 1554 2043 1609 -ωα-

204 1745 231 1799 Ι
243 1782 258 1797 .
285 1742 590 1797 Ρητάὲεαιὶο
610 1760 719 1797 cum
740 1743 1045 1815 agricultura
1064 1752 1402 1815 comparatur.
1426 1743 1713 1814 Chrysoslo-

140 1850 252 1887 mus
281 1834 344 1887 de
390 1850 638 1887 concursu
665 1835 952 1887 auditorum
981 1836 1184 1905 gaudet.
1216 1834 1352 1887 Laus
1397 1833 1711 1887 ecclesiastici

136 1924 784 1992 conuentum—Conspicio
808 1939 903 1979 vos
928 1925 1092 1978 multo
1116 1924 1288 1978 studio
1316 1922 1631 1988 adnitentes,
1654 1932 1711 1976 ut

135 2016 198 2067 ad
225 2014 472 2070 effectum
499 2014 809 2082 perducatis,
839 2030 957 2083 qua:
982 2013 1093 2068 heri
1141 2029 1169 2067 a
1212 2014 1363 2068 nobis
1387 2000 1523 2067 dicta
1550 2022 1707 2068 sunt:

136 2117 306 2171 eoque
347 2117 489 2156 nunc
535 2103 670 2157 haud
717 2110 933 2172 gravate
972 2117 1153 2157 semen
1183 2102 1434 2157 doctrina:
1455 2103 1709 2172 jaeimus,

134 2192 272 2259 quod
300 2193 424 2246 hinc
454 2193 590 2246 bona
624 2207 745 2263 spes
771 2194 864 2247 alit
905 2194 1138 2247 animum
1167 2203 1425 2248 nostrum.
1481 2192 1611 2248 Nam
1658 2203 1712 2249 et

134 2282 364 2349 agricola
388 2323 401 2343 ,
437 2298 557 2336 cum
602 2299 704 2338 non
751 2284 866 2339 sine
891 2283 1069 2339 labore
1088 2285 1300 2353 quidem
1327 2286 1527 2341 semina
1546 2286 1671 2354 jecit
1692 2327 1707 2352 ,

133 2371 228 2425 sed
274 2371 421 2425 videt
451 2382 642 2426 terram
676 2373 901 2428 feracem
937 2382 1274 2442 segetemque
1312 2384 1566 2443 proventu
1612 2390 1709 2428 ex-

134 2460 473 2528 uberantem,
499 2462 826 2529 superiorum
851 2463 1086 2517 laborum
1109 2463 1454 2525 obliviscitur.
1471 2474 1626 2531 atque
1644 2463 1709 2517 ad

139 2550 405 2618 reliquum
456 2566 632 2619 operae
689 2550 1251 2618 conservationemque
1291 2551 1523 2619 priorum
1578 2552 1707 2605 lucri

134 2641 529 2708 exspectatione
544 2641 818 2695 excitatur.
842 2640 1033 2694 Verum
1056 2638 1167 2693 hmc
1184 2641 1497 2708 agricultura
1515 2649 1709 2710 quanto

133 2731 360 2785 feracior
409 2740 708 2800 quantoque
749 2730 1006 2783 lucrosior
1062 2730 1174 2784 est?
1223 2729 1353 2783 Nam
1384 2730 1469 2784 illa
1497 2730 1707 2800 quidem

132 2819 342 2886 frugum
375 2819 701 2872 sensibilium
729 2819 933 2887 copiam
981 2818 1221 2873 adferens
1246 2859 1261 2883 ,
1292 2819 1601 2889 corporibus
1623 2834 1710 2874 re-

131 2911 283 2977 ponit
335 2909 680 2965 alimoniam:
722 2910 836 2964 hrec
889 2924 1015 2964 vero
1058 2910 1181 2963 dum
1237 2924 1541 2965 sermonum
1585 2911 1712 2978 jacit

132 2999 469 3063 doctrinam,
526 3000 981 3069 spiritualiumquc
1023 2998 1282 3054 donorum
1336 3000 1708 3053 abundantiam

130 3090 343 3155 adfert,
392 3091 549 3143 animi
589 3091 799 3145 divitias
836 3090 1108 3154 recondit,
1137 3090 1437 3144 alimoniam
1468 3105 1584 3158 qua:
1613 3106 1709 3146 nec

129 3181 397 3243 consumi,
429 3195 527 3234 nec
545 3181 717 3234 vitiari
736 3188 926 3250 potest,
950 3180 1149 3233 reditus
1169 3179 1256 3248 qui
1276 3194 1446 3249 neque
1464 3189 1705 3249 pereunt,

128 3284 307 3337 neque
338 3285 454 3323 τενο
484 3280 923 3339 corrumpuntur,
953 3270 1045 3325 sed
1070 3285 1260 3325 arcana
1286 3271 1509 3341 quadam
1540 3279 1595 3325 et
1626 3272 1708 3325 in-

126 3357 329 3410 effabili
354 3359 681 3427 providentia
701 3368 1100 3421 conservantur,
1124 3374 1349 3427 quorum
1371 3375 1495 3414 usus
1512 3360 1710 3416 fructus

126 3456 313 3500 mente
337 3448 642 3516 percipitur.
673 3448 765 3503 llic
784 3456 865 3503 est
887 3464 1122 3504 meorum
1144 3448 1383 3504 laborum
1405 3460 1707 3519 proventus,

128 3535 214 3590 ha:
245 3546 370 3590 sunt
390 3552 519 3607 opes
541 3553 670 3606 quas
690 3548 877 3594 vestrae
899 3540 1102 3593 caritati
1121 3540 1471 3595 recondimus.
1496 3540 1600 3594 Has
1616 3528 1702 3593 ita-

126 3641 231 3693 que
245 3641 369 3679 cum
388 3626 671 3680 considero
695 3628 744 3681 in
769 3628 917 3681 vobis
932 3642 1235 3697 augescere,
1259 3628 1462 3697 gaudeo
1480 3643 1700 3697 semper,

129 3722 184 3765 ut
213 3714 305 3781 qui
332 3729 437 3767 non
461 3713 650 3768 frustra
677 3716 1221 3784 semcntemjeccrim,
1241 3725 1297 3769 ut
1314 3718 1400 3785 qui
1419 3732 1521 3771 non
1542 3719 1702 3773 incas-

123 3816 245 3855 sum
277 3803 489 3857 labores
511 3804 836 3872 pertulerim,
860 3813 916 3858 ut
935 3806 1020 3873 qui
1048 3805 1098 3859 in
1120 3804 1419 3875 frugiferam
1446 3807 1707 3878 pinguem-

125 3908 234 3961 que
264 3905 487 3953 terram.
512 3904 565 3948 et
585 3894 648 3948 ad
676 3894 1093 3950 fructificandum
1114 3896 1353 3950 idoneam
1377 3911 1556 3952 semen
1578 3900 1715 3967 jece-

126 3986 253 4038 rim.
282 3985 435 4039 Unde
464 3985 617 4054 igitur
638 3985 738 4041 hoc
762 3987 963 4041 lucrum
992 3986 1105 4041 fore
1125 3986 1405 4054 conjecto?
1435 3996 1573 4042 unde
1594 4004 1713 4056 per-

125 4077 303 4144 spicio
332 4091 608 4129 scrmoues
638 4076 701 4129 ad
731 4092 861 4145 opus
902 4076 1197 4144 proﬁcere?
1237 4076 1491 4130 Nimirum
1520 4093 1583 4131 ex
1613 4078 1713 4132 hoc

125 4181 423 4232 concursu,
472 4182 537 4220 ex
573 4182 637 4221 eo
688 4167 828 4237 quod
879 4167 1157 4221 ecclesiam
1207 4169 1439 4221 omnium
1492 4176 1710 4223 matrem

125 4257 373 4311 studiose
394 4256 685 4325 occupatis,
726 4272 791 4312 ex
821 4257 920 4311 hac
949 4268 1199 4326 pernocte
1227 4270 1579 4329 perpetuaque
1608 4269 1714 4314 sta-

126 4351 305 4416 tione,
361 4363 427 4404 ex
482 4364 545 4403 co
579 4350 718 4420 quod
761 4350 1119 4420 angelicorum
1160 4350 1401 4405 ordinum
1433 4360 1711 4405 stationem

123 4441 404 4495 imitantes
458 4439 571 4495 sine
625 4442 919 4495 cessatione
964 4440 1146 4494 laudes
1184 4452 1237 4495 et
1263 4443 1487 4512 hymnos
1516 4442 1714 4497 offertis

121 4529 432 4583 Conditori.
459 4528 501 4583 Ο
524 4530 652 4582 mira
678 4529 875 4584 Christi
906 4530 1072 4583 dona!
1099 4531 1153 4584 In
1183 4531 1424 4599 supernis
1455 4534 1715 4585 exercitus

121 4618 445 4685 angelorum
493 4626 685 4670 canunt
737 4618 953 4684 gloriam
1014 4635 1025 4669 :
1083 4618 1134 4671 in
1190 4621 1347 4672 terris
1384 4620 1621 4673 homines
1662 4621 1713 4673 in

122 4704 372 4759 ecclesiis
404 4703 596 4757 choros
624 4714 840 4772 agentes
873 4704 936 4758 ad
961 4706 1167 4758 illorum
1194 4708 1496 4774 exemplum
1532 4708 1713 4762 eadem

122 4803 336 4849 canunt
384 4792 553 4845 laudis
605 4793 829 4846 cantica.
887 4793 944 4847 In
1000 4795 1243 4862 supernis
1299 4795 1573 4864 Serapliim
1639 4806 1716 4851 ter

124 4892 382 4937 sanctum
425 4881 571 4936 illum
608 4882 862 4953 hymnum
892 4884 1121 4938 clamant
1154 4900 1166 4934 :
1201 4885 1252 4939 in
1282 4887 1434 4940 terris
1467 4887 1715 4941 eumdem

122 4975 418 5028 hominum
449 4973 641 5040 promit
666 4972 968 5039 multitudo,
998 4976 1454 5044 comm'tniterque
1477 4984 1587 5030 tum
1608 4992 1715 5031 cce-

122 5063 375 5127 lestium,
406 5072 516 5114 tum
544 5063 874 5117 terrestrium
904 5063 1121 5119 festivus
1149 5076 1444 5120 conventus
1483 5082 1679 5136 congre

121 5166 290 5226 gatur
318 5171 332 5206 :
362 5168 467 5207 una
496 5154 780 5223 gratiarum
805 5156 944 5208 actio
964 5196 979 5222 ,
1010 5170 1110 5209 una
1130 5157 1439 5221 exsultatio,
1472 5174 1571 5212 una
1593 5173 1719 5227 gau-

122 5244 320 5301 dentis
366 5242 575 5297 chorem.
612 5243 789 5297 statio.
844 5242 992 5299 Hanc
1040 5246 1181 5300 enim
1210 5248 1483 5301 ineffabilis
1515 5245 1715 5301 Domini

124 5346 254 5388 sese
283 5331 356 5385 ad
386 5346 485 5385 nos
510 5331 834 5387 demittentis
876 5332 1083 5389 bonitas
1112 5337 1412 5401 constituit,
1442 5336 1575 5390 hanc
1603 5336 1718 5405 Spi-

125 5424 269 5477 ritus
324 5421 664 5491 congregavit
706 5430 917 5477 sanctus
954 5437 967 5473 :
1012 5423 1169 5494 hujus
1214 5442 1402 5482 vocum
1431 5438 1719 5482 concentus

198 5552 272 5619 '3‘
311 5549 626 5619 ξιὲῥοειξίέῖῐε
648 5550 836 5619 ρρῌμ
851 5560 966 5619 sset
986 5567 1094 5619 cum
1110 5553 1379 5619 codicibus
1398 5559 1552 5619 Regiis
1581 5558 1717 5617 1819.

130 5605 783 5680 ias1,_t_e§s,ta§o,_tses,
818 5613 957 5675 1964,
1000 5605 1148 5678 ms,
1175 5618 1316 5680 255i,
1359 5605 1410 5670 et
1433 5605 1720 5671 ﬁtnisi-uitis

128 5672 248 5735 ui,
276 5670 422 5733 uno,
448 5681 500 5723 et
519 5673 657 5723 sese.

1815 1745 2038 1806 paterno
2081 1737 2410 1806 beneplacito
2438 1739 2453 1769 ί
2485 1740 2763 1807 congruit:
2795 1755 2826 1795 e
2849 1741 2992 1795 ctrlis
3022 1742 3179 1798 habet
3205 1746 3391 1802 modu-

1813 1827 1986 1882 lorum
2011 1830 2433 1895 consonantiam,
2464 1829 2585 1885 dum
2614 1844 2643 1881 a
2670 1830 2926 1886 Trinitate
2955 1833 3099 1888 velut
3124 1850 3153 1888 a
3183 1837 3389 1905 plectro

1814 1919 2062 1987 quopiam
2111 1928 2371 1983 movetur,
2409 1919 2718 1974 delectabile
2746 1920 2873 1975 illud
2916 1937 2978 1977 ac
3017 1923 3137 1977 felix
3172 1936 3389 1981 resonat

1816 2008 2001 2072 melos,
2022 2006 2160 2062 illam
2189 2009 2477 2077 angelicam
2505 2010 2823 2077 cantionem,
2857 2011 3004 2065 illum
3028 2012 3268 2070 desinere
3294 2033 3384 2070 ηοι

1816 2099 1982 2153 scium
2008 2110 2345 2154 concentum.
2380 2099 2475 2154 Hic
2503 2109 2585 2153 est
2614 2099 2771 2153 studii
2816 2103 3092 2169 praesentis
3122 2104 3269 2168 finis,
3298 2102 3385 2160 hic

1814 2197 2106 2242 conventus
2132 2188 2296 2243 nostri
2339 2188 2536 2242 fructus
2570 2206 2583 2241 :
2631 2204 2799 2257 eoque
2838 2190 3043 2259 gaudeo
3071 2193 3224 2246 talem
3250 2209 3382 2249 cono

1816 2278 2044 2346 spieiens
2072 2278 2464 2333 celebritatem:
2485 2279 2686 2346 gaudeo
2706 2278 2831 2332 dum
2860 2280 3154 2333 animorum
3178 2293 3384 2337 vestro-

1814 2382 1930 2420 rum
1983 2367 2217 2421 ltetitiam
2270 2367 2581 2431 considero,
2611 2365 2733 2418 dum
2774 2367 3020 2435 gaudium
3070 2371 3379 2436 spiritualc,

1813 2455 1936 2508 dum
1965 2454 2250 2508 secundum
2284 2454 2447 2509 Deum
2468 2454 2889 2508 exsultationem.
2920 2456 3098 2525 Neque
3120 2460 3258 2511 enim
3278 2462 3383 2515 ulla

1814 2560 1902 2598 res
1934 2553 2133 2597 tantum
2177 2542 2352 2597 adfert
2378 2542 2552 2612 gaudii
2603 2542 2717 2595 vita:
2757 2553 2970 2609 nostrae,
3003 2555 3254 2615 quantum
3283 2550 3385 2604 hoc

1814 2634 1950 2703 quod
1981 2650 2044 2687 ex
2068 2633 2242 2687 animo
2263 2632 2528 2701 gaudeatis
2556 2632 2606 2684 in
2628 2633 2850 2687 ecclesia
2872 2637 3193 2704 congregati.
3222 2638 3273 2691 ln
3292 2654 3384 2693 ec-

1814 2723 1970 2777 clesia
2008 2722 2344 2789 gaudentium
2392 2731 2737 2776 conservatur
2764 2724 3029 2791 gaudium,
3065 2726 3115 2778 in
3160 2728 3383 2782 ecclesia

1815 2814 1991 2867 animo
2020 2811 2349 2880 deiectorum
2386 2820 2468 2866 est
2505 2812 2779 2877 recreatio,
2830 2813 2881 2866 in
2937 2814 3159 2869 ecclesia
3196 2816 3387 2871 dolen-

1815 2901 1941 2953 tium
1970 2911 2051 2954 est
2081 2901 2340 2968 voluptas,
2376 2900 2425 2953 in
2454 2900 2677 2955 ecclesia
2717 2900 3119 2971 defatigatornm
3160 2907 3388 2974 respira-

1817 2992 1909 3056 tio,
1942 2992 1993 3044 in
2024 2992 2248 3045 ecclesia
2279 2992 2628 3046 laborantium
2665 2994 2893 3061 requies.
2930 2993 3100 3048 Venite
3119 2998 3281 3057 enim,
3306 2998 3387 3051 in-

1812 3080 1941 3147 quit,
1971 3079 2039 3131 ad
2063 3096 2139 3131 me
2165 3096 2331 3133 omnes
2352 3081 2437 3149 qui
2466 3081 2703 3132 laboratis
2731 3090 2776 3132 et
2806 3084 2997 3136 onerati
3037 3086 3151 3137 estis
3177 3100 3197 3139 :
3224 3096 3269 3140 et
3295 3103 3386 3157 ego

1812 3171 2032 3239 reﬁciam
2064 3172 2188 3239 vos(
2222 3170 2406 3223 Matth.
2455 3172 2539 3224 Η.
2568 3170 2637 3224 9.8
2676 3170 2716 3241 ).
2765 3171 2900 3239 Quid
2942 3173 3038 3228 hac
3067 3190 3193 3229 voce
3220 3179 3387 3245 possit

1812 3278 1929 3316 esse
1956 3261 2391 3317 desiderabilius?
2434 3263 2557 3331 quid
2597 3262 2693 3316 hac
2724 3265 3035 3320 invitatione
3061 3266 3387 3334 jucundius?

1813 3354 1893 3407 Ad
1923 3353 2137 3422 epulum
2166 3362 2218 3406 te
2248 3362 2401 3407 vocat
2427 3354 2515 3421 qui
2547 3353 2600 3405 in
2634 3354 2913 3408 ecclesiam
2944 3364 2994 3408 te.
3021 3368 3173 3410 vocat
3206 3359 3386 3413 Domi-

1814 3460 1932 3511 nus,
1975 3444 2039 3499 ad
2072 3445 2307 3515 requiem
2354 3459 2449 3514 pro
2479 3446 2747 3499 laboribus
2780 3447 3110 3513 adhortatur,
3140 3449 3204 3503 ad
3253 3452 3390 3504 rela-

1814 3535 2080 3589 xationem
2107 3550 2134 3587 a
2178 3535 2434 3589 molestiis
2486 3535 2753 3599 transfert,
2798 3538 3001 3606 pondus
3051 3550 3386 3607 peccatorum

1815 3624 2066 3688 allevans,
2097 3624 2295 3679 deliciis
2327 3624 2487 3677 animi
2516 3625 2812 3679 molestiam
2836 3667 2849 3689 ,
2884 3628 3074 3696 gaudio
3105 3645 3386 3685 mturorem

1814 3724 1985 3769 sanat.
2032 3716 2076 3770 Ο
2102 3716 2419 3772 ineffabilem
2444 3718 2650 3770 curam!
2677 3733 2710 3771 ο
2742 3719 3069 3774 vocationem
3096 3722 3385 3776 emlestem!

1816 3808 2151 3862 Festinemus
2180 3809 2376 3878 itaque,
2404 3807 2605 3873 dilecti,
2640 3817 2695 3862 ut
2724 3808 2963 3862 eamdem
2992 3825 3252 3863 summam
3280 3812 3390 3864 ala-

1816 3897 2057 3951 critatem
2084 3895 2451 3960 exbibeamus,
2482 3905 2535 3949 et
2576 3911 2696 3949 cum
2726 3897 3061 3951 convenienti
3130 3900 3388 3955 modestia

1815 3986 2336 4055 considerationeque
2361 3985 2581 4041 decente
2604 3986 2737 4040 hanc
2768 3991 3253 4041 consummemus'.
3299 3989 3391 4041 Et-

1816 4077 1957 4131 enim
1999 4076 2064 4130 de
2117 4078 2218 4131 hoc
2273 4077 2421 4130 vobis
2474 4076 2786 4130 hodiernum
2833 4092 3133 4132 sermonem
3176 4095 3390 4133 movere

1817 4181 1955 4231 vcio,
1989 4167 2038 4220 in
2076 4167 2304 4236 speciem
2332 4166 2545 4235 quidem
2578 4168 2881 4232 molestum,
2906 4176 3153 4221 caeterum
3178 4170 3343 4221 levem
3369 4211 3384 4234 ,

1817 4272 2047 4326 vereque
2073 4258 2274 4310 utilem.
2310 4256 2398 4312 Sic
2431 4258 2573 4310 enim
2602 4266 2653 4308 et
2682 4266 2921 4309 amantes
2964 4256 3251 4308 liberorum
3298 4273 3389 4324 pa-

1820 4359 1927 4404 tres
1958 4350 2191 4403 faciunt:
2224 4364 2325 4403 non
2357 4349 2527 4401 solum
2555 4362 2614 4399 ea
2645 4362 2764 4413 qua:
2791 4345 2854 4396 ad
2891 4344 3050 4397 breve
3073 4354 3279 4413 tempus
3298 4347 3391 4400 dc-

1821 4442 2032 4507 lectant,
2055 4456 2235 4493 verum
2262 4439 2417 4491 etiam
2446 4451 2563 4504 quae
2591 4434 2884 4487 molestiam
2909 4433 3136 4488 all‘erunt
3158 4435 3277 4487 filiis
3298 4436 3392 4489 ad-

1818 4532 2037 4591 bibent;
2094 4542 2193 4581 nec
2232 4541 2293 4579 ea
2327 4528 2484 4578 modo
2526 4524 2836 4592 prmcipiunt
2886 4524 2997 4587 eis,
3048 4540 3164 4591 qua:
3213 4526 3390 4579 statim

1820 4619 2104 4672 ostendunt
2133 4616 2408 4668 utilitatem
2431 4655 2445 4677 ,
2479 4613 2571 4667 sed
2607 4629 2951 4682 qumenmque
3002 4613 3250 4666 videntur
3277 4616 3394 4683 qui-

1820 4709 1938 4761 dem
1970 4721 2088 4761 esse
2116 4706 2356 4769 molesta,
2380 4704 2630 4756 salutaria
2662 4712 2835 4757 tamen
2863 4711 3009 4768 sunt,
3040 4703 3081 4755 si
3116 4704 3395 4771 perfician-

1822 4808 1921 4860 tur,
1956 4806 2007 4849 et
2035 4794 2149 4848 hme
2178 4794 2337 4847 multa
2369 4808 2493 4847 cura
2528 4793 2740 4858 docent,
2766 4792 3148 4861 diligenterque
3176 4799 3393 4859 exigunt

1819 4888 1886 4941 ab
1908 4888 1981 4940 eis
2011 4895 2064 4939 ut
2104 4894 2399 4938 serventur.
2436 4885 2607 4951 Atque
2637 4884 2776 4936 hunc
2814 4896 3115 4936 sermonem
3142 4881 3393 4950 produci—

1821 4993 1959 5041 mus,
1992 4990 2056 5029 ne
2099 4984 2413 5046 praesentem
2454 4974 2685 5028 laborem
2731 4974 2919 5027 frustra
2952 4973 3297 5037 insumamus,
3328 4987 3393 5028 ne

1886 5133 1901 5163 ι
1938 5132 2077 5189 Ειιὶῑη
2124 5130 2325 5192 Spiritus
2366 5129 2673 5192 beneptacito.
2711 5137 2813 5178 Mss.
2853 5128 2960 5178 fere
2992 5142 3161 5179 omnes
3192 5130 3393 5187 habent,

1821 5198 2014 5255 paterno
2035 5191 2323 5255 beneplacito
2348 5229 2360 5251 ,
2381 5200 2441 5255 et
2462 5193 2531 5239 sic
2555 5191 2674 5255 le.it
2717 5197 2949 5255 Erasmus,
2977 5204 3181 5255 eamque
3209 5206 3295 5239 nos
3320 5192 3391 5238 le-

1822 5252 2029 5303 ctionem
2052 5252 2567 5323 adoptatuuslcertum
2592 5254 2769 5313 quippe
2798 5254 2985 5300 videtur
3010 5252 3394 5323 Chrysostomum

1822 5323 1925 5365 tres
1962 5311 2191 5377 personas
2222 5314 2461 5361 Trinitatis
2483 5313 2559 5360 hic
2581 5311 2959 5377 cottimemorare
2994 5311 3220 5377 voluisse,
3252 5317 3303 5358 ut
3327 5323 3392 5377 ex

1822 5373 2159 5436 serie'liquet.
2194 5382 2291 5422 Duo
2333 5380 2439 5422 Mss.
2466 5380 2631 5436 totum
2664 5373 2821 5421 locum
2852 5377 2920 5422 sic
2943 5373 3123 5421 habent
3288 5373 3394 5428 Spi-

1822 5435 1943 5485 ritus
1966 5432 2155 5498 sanctus
2190 5432 2529 5498 _congregavit;_
2549 5434 2673 5498 hunc
2706 5437 3205 5498 vocantconcentum,
3234 5438 3395 5489 pater-

1822 5509 1936 5545 num
1958 5494 2302 5560 beneptacituni
2318 5494 2565 5560 cooptavit,
2586 5496 2652 5543 ita
2674 5502 2723 5560 ut
2746 5508 2772 5543 e
2789 5494 3122 5560 aclis/caecat,
3154 5500 3247 5560 etc.

1887 5562 1905 5590 ³
1938 5554 2166 5616 Quidam:
2215 5566 2280 5623 ne
2318 5555 2466 5617 igitur
2501 5569 2589 5623 _nos
2625 5556 2824 5613 ttedeat,
2856 5554 3039 5623 dilecti,
3073 5554 3282 5623 inopiam
3309 5565 3393 5599 no-

1823 5625 1990 5681 stram,
2016 5630 2122 5681 ante
2146 5616 2355 5681 quidem
2376 5616 2591 5681 maxima
2631 5624 2717 5677 est,
2756 5616 3033 5666 modestiam
3065 5620 3107 5664 ct
3132 5625 3394 5675 congrum

1826 5677 2098 5730 adhibentes
2114 5678 2433 5741 attentionem,
2455 5677 2648 5729 satiare.
