4148 6306
754 359 826 412 99
1491 329 1547 386 S.
1591 327 1866 386 JOANNIS
1901 323 2371 384 CHRYSOSTOMI
2411 325 2726 384 ARCHIEP.
2767 331 3296 395 CONSTANTINOP.

739 453 1063 509 sustinentes
1091 450 1278 520 vigiliae
1306 449 1677 504 necessitatem
1717 447 1975 502 inutiliter
2003 446 2052 499 in
2083 444 2314 514 pugilum

737 543 1031 600 certamine
1059 557 1354 604 versemur,
1385 555 1452 595 ne
1481 551 1636 594 voces
1663 538 1715 592 in
1737 552 1911 592 aerem
1953 537 2224 591 dissolutae
2251 536 2314 590 ad

738 636 1116 690 detrimentum
1155 643 1346 688 sonent
1373 633 1547 701 potius
1571 674 1584 697 ,
1613 646 1770 699 quam
1798 629 1862 683 ad
1893 629 2113 683 lucrum.
2137 627 2317 697 Neque

735 729 878 782 enim
901 727 1198 796 negotiator
1237 740 1267 779 e
1298 725 1581 792 longinquo
1629 736 1835 776 merces
1879 719 2189 788 importaus,
2220 734 2314 773 ve-

737 817 1042 871 hementem
1073 824 1354 868 ventorum
1388 813 1657 867 incursum
1688 812 2051 880 undarumque
2072 811 2316 864 exorien-

735 907 864 959 tinm
899 904 1155 974 procellas
1186 905 1471 964 sustinens.
1501 901 1689 954 frustra
1716 909 1767 955 et
1789 901 2050 954 incassum
2074 900 2314 969 suscipe-

733 1005 819 1051 ret
843 993 1102 1064 ejusmodi
1133 993 1346 1047 labores
1382 1014 1394 1048 :
1429 1007 1613 1046 verum
1668 992 1785 1044 ideo
1829 992 1995 1044 maria
2024 991 2227 1053 sulcat,
2258 999 2312 1045 et

733 1086 912 1140 audax
948 1096 1029 1140 est
1053 1086 1308 1141 adversus
1334 1085 1583 1153 pericula,
1602 1084 1822 1150 locaque
1849 1081 1979 1135 locis
1997 1090 2308 1144 commutat,

736 1187 979 1246 totasque
1020 1186 1202 1230 noctes
1232 1175 1664 1229 ducitinsomnes
1688 1215 1700 1234 ,
1735 1182 1791 1225 ut
1835 1172 2188 1242 negotiatione
2231 1170 2313 1224 di-

739 1280 925 1325 tcscat.
952 1269 1102 1334 Quod
1130 1269 1174 1324 si
1206 1283 1310 1322 non
1341 1268 1642 1336 contingat,
1673 1265 1765 1320 sed
1794 1280 1912 1320 cum
1958 1265 2105 1318 lucro
2150 1265 2310 1318 etiam

731 1363 894 1418 Bnrtis
918 1363 1177 1431 jacturam
1225 1359 1417 1423 faciat,
1451 1374 1516 1412 ne
1559 1358 1765 1411 solvere
1806 1355 2018 1423 quidem
2061 1367 2306 1409 ancoram

731 1454 943 1522 poterit,
973 1467 1069 1505 nec
1102 1451 1190 1504 illa
1216 1451 1363 1503 varia
1393 1451 1629 1519 perferre
1660 1448 1988 1502 discrimina.

792 1544 847 1597 2.
876 1543 1090 1597 Moralis
1119 1542 1416 1596 exhortatio.
1437 1539 1779 1605 Quorumdam
1805 1537 2116 1606 incompositi
2143 1545 2308 1606 gestus

727 1635 780 1688 in
808 1635 1035 1688 ecclesia.
1068 1663 1137 1672 —
1163 1632 1274 1685 lloc
1320 1631 1496 1699 itaque
1532 1630 1782 1692 scientes,
1813 1643 1934 1681 cum
1960 1628 2180 1681 decente
2207 1627 2310 1679 cir-

727 1724 1125 1793 cumspectione
1154 1723 1258 1776 huc
1283 1721 1617 1784 accedamus,
1648 1734 1713 1774 ne
1740 1733 1834 1788 pro
1865 1727 2200 1787 peccatorum
2225 1731 2309 1772 re-

725 1815 982 1871 missione
1011 1815 1168 1867 etiam
1197 1812 1557 1867 accessionem
1596 1810 1825 1880 peccatis
1866 1809 2167 1878 adjunctam
2211 1807 2305 1861 do-

727 1921 876 1960 mum
892 1905 1204 1960 referamus.
1223 1904 1357 1972 Quid
1384 1912 1560 1957 autem
1581 1911 1662 1956 est
1686 1900 1825 1971 quod
1849 1901 2118 1969 quaeritur,
2140 1899 2308 1968 quod-

727 2012 835 2064 que
877 2011 908 2049 a
955 1995 1109 2050 nobis
1163 1993 1504 2064 reposcitur?
1555 1993 1620 2048 Ut
1665 1993 1788 2046 dum
1820 1991 2026 2045 divinos
2077 1991 2305 2061 hymnos

729 2088 1039 2150 emittimus,
1081 2086 1248 2139 multo
1294 2093 1525 2139 tremore
1568 2084 1845 2146 contracti,
1875 2082 2144 2149 multaque
2176 2082 2300 2134 reli-

724 2180 881 2248 gione
909 2178 1100 2239 ornati,
1137 2176 1206 2230 ita
1253 2175 1468 2230 demum
1510 2188 1602 2227 eos
1653 2173 1956 2227 offeramus.
2010 2171 2139 2225 Nam
2181 2178 2304 2224 sunt

725 2269 938 2338 quidam
969 2270 1104 2322 inter
1131 2281 1223 2321 cos
1252 2266 1337 2334 qui
1371 2265 1455 2318 hic
1481 2263 1692 2327 adsunt,
1722 2277 1855 2333 quos
1880 2277 1947 2316 ne
1973 2270 2162 2315 vestrae
2187 2262 2306 2329 qui-

725 2360 849 2412 dem
883 2357 1085 2411 caritati
1115 2356 1345 2409 arbitror
1374 2369 1492 2409 esse
1518 2355 1725 2422 ignotos
1750 2394 1762 2417 ,
1791 2352 1875 2421 qui
1905 2360 2304 2405 contemnentes

731 2451 920 2516 Deum,
951 2464 1014 2504 ac
1052 2448 1281 2520 Spiritus
1321 2448 1529 2516 eloquia
1576 2461 1671 2515 pro
1700 2444 2004 2514 vulgaribus
2040 2457 2101 2498 ac
2129 2442 2304 2512 profa-

727 2545 812 2598 nis
845 2544 1118 2608 ducentes,
1147 2542 1525 2610 incornpositas
1556 2555 1715 2595 voces
1745 2540 2008 2604 emittunt,
2035 2539 2302 2607 nihiloque

724 2635 914 2688 melius
941 2648 997 2687 se
1017 2639 1226 2702 gerunt,
1250 2646 1405 2700 quam
1433 2631 1707 2700 lymphati,
1738 2639 1844 2684 toto
1869 2644 2089 2698 corpore
2111 2629 2304 2682 tumul-

727 2733 936 2778 tuantes
961 2739 1022 2778 ac
1061 2721 1389 2782 circumacti,
1421 2736 1701 2790 moresque
1744 2736 1854 2790 pra:
1904 2736 1962 2775 se
2001 2720 2232 2774 ferentes
2270 2736 2299 2773 a

722 2814 984 2883 spirituali
1012 2814 1240 2868 statione
1267 2813 1486 2867 alienos.
1513 2813 1739 2866 Miseret
1766 2809 1947 2866 infelix
1977 2811 1989 2865 ε
2018 2810 2301 2878 oportebat

723 2914 776 2958 te
802 2919 922 2959 cum
948 2913 1181 2958 tremore
1206 2918 1267 2957 ac
1297 2902 1594 2958 reverentia
1636 2901 1924 2971 angelicam
1963 2901 2300 2971 glorificatio-

726 3008 847 3047 nem
875 2993 1141 3059 emittere,
1174 3006 1400 3060 cumque
1429 3002 1632 3046 terrore
1664 2990 2049 3044 confessionem
2076 2988 2297 3045 reddere

724 3085 1018 3151 Conditori,
1043 3099 1104 3139 ac
1132 3100 1224 3153 per
1253 3083 1389 3138 hanc
1414 3083 1728 3137 delictorum
1759 3081 1963 3135 veniam
1995 3082 2257 3151 postulare
2281 3096 2292 3128 :

725 3184 779 3229 tu
807 3191 935 3230 vero
965 3177 1247 3230 mimorum
1274 3182 1327 3229 et
1351 3173 1662 3228 saltatorum
1695 3187 1869 3226 mores
1903 3172 2005 3225 huc
2050 3171 2254 3225 inducis
2279 3212 2294 3238 ,

726 3266 852 3317 dum
880 3264 1188 3318 indecenter
1214 3279 1401 3318 manus
1419 3262 1610 3332 jactas,
1642 3260 1862 3330 pedibus
1896 3261 2160 3315 subsultas
2180 3302 2194 3327 ,
2222 3270 2301 3315 to—

722 3363 882 3422 toque
899 3352 1271 3420 circumagcris
1292 3366 1534 3420 corpore.
1565 3351 1630 3404 Et
1648 3351 1736 3419 qui
1757 3350 1830 3414 lit,
1851 3360 1909 3404 ut
1938 3366 2042 3403 non
2069 3360 2293 3416 metuas,

724 3457 897 3510 neque
927 3441 1204 3495 horrescas
1233 3440 1346 3494 lucc
1371 3439 1571 3493 audens
1606 3439 1862 3494 adversus
1885 3439 2005 3492 talia
2045 3439 2251 3509 eloquia
2275 3441 2296 3493 ἲ

720 3532 834 3586 Non
858 3534 1059 3601 cogitas
1104 3533 1274 3601 ipsum
1304 3532 1388 3585 hic
1415 3531 1746 3585 invisibiliter
1772 3530 1959 3585 adesse
1990 3531 2291 3597 Dominum,

723 3622 814 3690 qui
865 3621 1280 3692 uniuscujusque
1332 3629 1531 3674 motum
1582 3620 1912 3687 metitur,et
1955 3622 2294 3676 conscientia:

723 3713 990 3767 rationem
1016 3712 1214 3766 habet?
1247 3726 1350 3766 non
1382 3711 1582 3781 cogitas
1612 3710 1827 3781 angelos
1855 3710 1978 3766 huic
2022 3712 2295 3780 stupendae

721 3807 973 3859 assistere
1001 3818 1239 3869 mensae,
1289 3818 1514 3872 cumque
1557 3804 1848 3857 reverentia
1895 3803 2029 3857 hanc
2072 3805 2299 3858 cireum-

723 3896 921 3949 vallare
945 3894 968 3946 ?
1001 3894 1198 3948 Verum
1221 3901 1275 3947 tu
1304 3893 1402 3946 ista
1428 3909 1532 3947 non
1556 3893 1776 3963 cogitas,
1809 3895 2052 3963 quoniam
2086 3909 2146 3949 ea
2178 3910 2295 3963 qure

721 3987 774 4039 in
808 3985 1028 4040 theatris
1074 3985 1392 4050 audiuntur,
1438 4000 1660 4055 quaeque
1699 3993 2021 4054 spectantur,
2065 3997 2293 4040 menteut

722 4089 865 4130 tuam
897 4077 1251 4131 obscurarunt
1273 4076 1347 4147 (α)
1377 4090 1391 4126 :
1423 4085 1475 4130 et
1501 4077 1620 4133 ideo
1649 4093 1765 4146 quae
1805 4078 1910 4131 illic
1950 4088 2205 4148 geruntur
2246 4079 2295 4130 in

726 4164 983 4225 Ecclesiae
998 4165 1132 4220 ritus
1153 4167 1390 4223 inducis:
1425 4165 1545 4221 ideo
1572 4166 1892 4220 clamoribus
1919 4169 2046 4221 nihil
2069 4169 2198 4222 certi
2227 4173 2298 4222 si-

719 4257 1089 4326 gnificantibus
1120 4257 1352 4310 animum
1380 4256 1783 4326 incompositum
1806 4257 2038 4326 evulgas.
2067 4258 2298 4324 Quomo-

718 4351 787 4403 do
804 4363 930 4418 ergo
951 4349 1156 4403 veniam
1175 4349 1462 4418 postulabis
1485 4358 1690 4402 tuorum
1714 4346 2046 4403 delictorum?
2063 4351 2292 4414 Quomo-

721 4441 792 4493 do
818 4441 883 4493 ad
914 4440 1335 4494 misericordiam
1376 4441 1655 4494 Dominum
1700 4439 1957 4506 inflectes,
2004 4444 2089 4510 qui
2126 4456 2294 4510 usque

721 4530 858 4584 adeo
884 4534 1234 4599 contemptim
1260 4531 1449 4585 offeras
1478 4534 1837 4600 precationem
1861 4533 1882 4585 ?
1908 4532 2143 4587 Miserere
2173 4535 2288 4600 mei,

720 4617 879 4682 Deus,
913 4619 1106 4686 inquis,
1135 4632 1197 4672 ac
1224 4635 1399 4674 mores
1428 4637 1457 4674 a
1501 4623 1866 4678 misericordia
1892 4623 2091 4678 alienos
2122 4624 2296 4678 decla-

721 4707 1079 4772 ras.Clamas,
1113 4708 1269 4761 Serva
1296 4727 1391 4773 me,
1438 4721 1490 4764 et
1532 4715 1773 4781 corporis
1813 4717 2040 4782 speciem
2073 4731 2101 4770 a
2128 4717 2294 4772 salute

719 4803 949 4857 alienam
981 4800 1253 4868 exprimis.
1285 4800 1419 4867 Quid
1477 4802 1540 4855 ad
1586 4805 1986 4871 supplicandum
2018 4807 2295 4861 conferunt

720 4907 928 4958 manus,
955 4907 1073 4961 qua:
1099 4906 1309 4960 semper
1337 4891 1386 4944 in
1416 4891 1938 4960 sublimejactantur,
1968 4906 2020 4949 et
2048 4897 2296 4953 indecore

719 4985 1173 5051 circumaguntur,
1204 4981 1327 5050 quid
1353 4982 1554 5035 clamor
1582 4982 1889 5048 vehemens,
1926 4985 2013 5052 qui
2042 5001 2162 5039 cum
2186 4989 2295 5042 vio-

722 5078 866 5130 lento
889 5075 1107 5143 spiritus
1133 5074 1362 5143 impulsu
1389 5075 1665 5143 strepitum
1696 5074 1851 5128 habet
1880 5075 2009 5128 nihil
2042 5078 2172 5130 certi
2204 5079 2294 5132 de-

723 5165 1057 5220 clarantem?
1109 5166 1299 5219 Annon
1366 5165 1462 5219 ista
1509 5165 1720 5233 quidem
1777 5166 1965 5235 partim
2009 5168 2289 5224 mulierum

721 5259 772 5308 in
823 5256 989 5309 triviis
1041 5257 1392 5311 meretriciam
1440 5269 1607 5311 artem
1647 5258 2048 5323 exercentium,
2103 5259 2290 5326 partim

722 5363 848 5403 vero
874 5362 1078 5410 eorum,
1103 5347 1189 5416 qui
1219 5347 1270 5400 in
1300 5347 1517 5402 theatris
1546 5347 1918 5412 vociferantur,
1933 5357 2053 5401 sunt
2080 5363 2240 5417 opera
2269 5350 2293 5402 ?

721 5438 997 5504 Quomodo
1019 5439 1177 5507 igitur
1194 5438 1354 5492 audes
1375 5441 1679 5509 angelorum
1703 5441 1865 5494 Deum
1891 5439 2291 5509 glorificantium

725 5530 933 5600 hymnis
955 5530 1255 5584 daemonum
1281 5529 1573 5585 admiscere
1596 5530 2096 5600 ludicra?quomodo
2117 5541 2290 5584 autem

784 5619 856 5679 (a)
892 5622 975 5685 tlic
1011 5622 1226 5685 exagitat
1250 5633 1333 5670 eos
1356 5623 1436 5685 qui
1464 5623 1648 5671 theatra
1698 5630 1747 5670 et
1791 5621 1975 5672 Circum
2011 5620 2290 5683 frequenta-

724 5680 866 5746 hant;
891 5680 1181 5746 bene_uuilti
1206 5680 1665 5735 autem'Antiochite
1714 5691 1867 5745 erant,
1902 5696 2022 5746 quos
2056 5680 2292 5746 perpetuo

722 5743 985 5793 insectatur
1008 5743 1385 5803 Cbrysostomus.

3914 341 4023 394 100

2426 459 2529 497 non
2561 450 2824 505 revereris
2849 451 2986 509 hanc
3011 469 3214 518 vocem,
3239 471 3396 526 quam
3420 459 3528 515 illic
3553 460 3784 529 profers,
3820 463 4013 518 Serum.

2421 531 2640 591 Domino
2665 540 2716 592 in
2731 541 2921 608 timore,
2952 553 2998 596 et
3035 546 3280 600 exsultate
3306 549 3352 602 ei
3378 565 3493 602 cum
3524 561 3737 606 tremore
3763 553 4012 621 (Psalﬂ.

2424 622 2480 676 il
2492 624 2539 692 )i
2557 624 2787 684 Hoccine
2803 640 2885 684 est
2911 647 3029 686 cum
3060 641 3289 691 tremore
3311 639 3530 701 servire,
3556 643 3633 696 sic
3658 642 3886 697 diffundi
3909 644 4014 697 dis-

2420 715 2691 804 tendique,
2716 728 2767 769 ut
2801 735 2897 774 nec
2925 721 3037 790 ipse
3063 725 3217 790 scias,
3241 742 3358 796 quac
3383 729 3614 799 loquaris
3649 733 4012 804 incomposito

2418 802 2561 856 vocis
2584 804 2780 860 boatu?
2807 806 2949 863 Istud
2979 826 3105 866 vero
3127 823 3463 885 contemptus
3485 829 3585 885 est,
3616 836 3723 874 non
3757 802 3975 876 timoris
3999 841 4010 882 :

2416 897 2748 963 arrogantize,
2783 912 2888 952 non
2919 901 3266 970 humilitatis;
3294 906 3430 961 istud
3471 909 3772 965 ludentium
3799 923 3886 967 est
3923 929 4010 982 po-

2418 982 2541 1048 tius,
2588 999 2743 1054 quam
2775 988 2979 1044 divinas
3009 992 3191 1048 laudes
3239 997 3640 1054 celebrantium.
3686 1003 3830 1071 Quid
3881 1021 4012 1070 ergo

2419 1075 2619 1165 servire
2663 1076 2885 1132 Domino
2929 1080 2981 1134 in
3027 1082 3247 1139 timore?
3287 1085 3416 1141 Cum
3469 1104 3627 1146 omne
3671 1106 4010 1165 praeceptum

2415 1163 2810 1235 perfecerimus,
2836 1184 2958 1224 cum
2988 1181 3218 1229 tremore
3259 1185 3314 1230 et
3359 1188 3502 1233 metu
3532 1181 3669 1236 hanc
3699 1163 4012 1239 confessio-

2415 1267 2534 1306 nem
2567 1255 2778 1346 facere,’
2799 1260 2960 1316 corde
2989 1263 3217 1318 contrito
3261 1275 3542 1336 menteque
3580 1271 3849 1328 submissa
3881 1289 4009 1342 pre-

2412 1359 2502 1399 ces
2547 1345 2772 1402 offerre.
2809 1349 2917 1405 Nec
2963 1352 3133 1406 solum
3188 1357 3390 1412 servire
3438 1358 3490 1412 in
3549 1363 3762 1428 timore,
3814 1379 4004 1418 verum

2411 1439 2570 1492 etiam
2611 1442 2882 1498 exsultare
2928 1459 3047 1498 cum
3095 1455 3324 1503 tremore
3365 1449 3594 1519 Spiritus
3635 1465 3859 1510 sanctus
3909 1472 4005 1528 per

2411 1530 2719 1599 prophetam
2746 1533 2916 1600 jubet.
2949 1534 3080 1589 Nam
3112 1539 3361 1607 quoniam
3388 1543 3639 1610 prteeepti
3668 1549 3999 1615 exsequutio

2409 1619 2655 1688 gaudium
2683 1622 2901 1690 gignere
2931 1625 3068 1679 solet
3099 1627 3150 1679 in
3179 1629 3356 1683 animo
3381 1629 3628 1686 virtutem
3668 1641 3999 1703 exercentis,

2409 1721 2463 1765 et
2509 1712 2661 1778 hanc,
2710 1713 2898 1783 inquit,
2942 1717 3330 1774 confessionem
3369 1735 3488 1775 cum
3537 1732 3776 1780 tremore
3825 1727 4007 1782 facere

2409 1802 2678 1868 convenit,
2711 1819 2777 1857 ne
2803 1804 2845 1857 si
2873 1804 3116 1872 deposito
3166 1817 3312 1863 metu
3351 1810 3746 1868 confundantur
3776 1831 3843 1870 ac
3888 1819 4005 1873 dis-

2408 1890 2694 1959 solvamur,
2732 1894 2886 1947 simul
2931 1903 2985 1949 et
3037 1895 3275 1951 laborum
3316 1898 3578 1969 jacturam
3621 1902 3913 1971 faciamus,
3953 1917 4008 1962 rt

2412 1981 2573 2036 Deum
2603 1983 2654 2037 in
2679 1998 2778 2039 nos
2807 2000 3174 2054 provocemus.
3204 1989 3310 2044 Sed
3335 1992 3624 2060 quomodo,
3653 1995 3857 2064 inquis,
3891 1999 4004 2051 fieri

2409 2081 2604 2138 potest,
2635 2082 2691 2127 ut
2717 2075 2832 2142 quis
2861 2076 3088 2131 exsultet
3116 2092 3235 2132 cum
3267 2083 3538 2136 tremore?
3578 2083 3711 2137 Nam
3746 2087 4006 2156 impossi-

2407 2160 2510 2214 bile
2539 2170 2620 2215 est
2647 2162 2802 2217 simul
2831 2163 2943 2219 haec
2973 2166 3077 2220 duo
3102 2168 3364 2236 accidere,
3397 2185 3519 2226 cum
3562 2173 3702 2228 inter
3737 2174 3856 2228 haec
3886 2177 4007 2246 plu-

2407 2252 2538 2304 rima
2569 2253 2637 2305 sit
2675 2254 2994 2309 differentia.
3036 2256 3298 2313 Gaudium
3325 2263 3465 2315 enim
3497 2271 3579 2317 est
3625 2278 3847 2330 eorum,
3880 2283 4002 2335 qua:

2406 2343 2672 2398 desiderat
2719 2347 2948 2412 animus,
3001 2350 3254 2418 cxpletio,
3298 2366 3587 2423 rerumque
3631 2356 4004 2424 jucundarum

2405 2433 2602 2499 fruitio,
2645 2450 2707 2489 ac
2733 2438 3075 2493 molestarum
3119 2441 3350 2508 oblivio;
3395 2455 3568 2498 metus
3594 2456 3776 2501 autem
3807 2464 4007 2516 exspe-

2403 2533 2663 2579 ctatorum
2703 2527 2960 2582 malorum
2992 2530 3259 2598 incursus,
3291 2533 3470 2588 oriens
3507 2534 3768 2591 adversus
3797 2540 4008 2592 conde-

2405 2630 2635 2672 mnatam
2678 2622 3080 2676 conscientiam.
3136 2623 3415 2690 Quomodo
3443 2627 3598 2696 igitur
3644 2629 3773 2684 licet
3806 2631 4003 2684 exsul-

2405 2718 2517 2763 tare
2557 2725 2676 2763 cum
2715 2712 2922 2778 timore,
2972 2728 3070 2768 nec
3108 2715 3418 2785 simpliciter
3463 2732 3583 2772 cum
3631 2720 3854 2786 timore,
3908 2723 4002 2775 sed

2402 2798 2560 2850 etiam
2603 2813 2722 2852 cum
2765 2808 3016 2865 tremore,
3050 2803 3140 2870 qui
3185 2815 3269 2858 est
3302 2806 3506 2860 timoris
3535 2809 3916 2878 vehementia,
3951 2822 4004 2866 ct

2401 2887 2697 2942 immodicze
2726 2889 2998 2958 cujusdam
3028 2891 3308 2946 attxietatis
3335 2894 3583 2963 signum?

2475 2977 2726 3044 Quantum
2754 2980 2991 3048 gaudium
3034 2979 3218 3046 afferat
3256 2981 3529 3052 Seraphim
3564 2988 3740 3056 fruitio
3787 2991 4003 3044 visionis

2403 3069 2630 3138 Domini,
2658 3080 2703 3124 et
2730 3071 2961 3125 curillud
2981 3073 3221 3141 gaudium
3245 3083 3376 3128 metu
3397 3080 3460 3129 sit
3487 3078 3719 3131 mixtum.
3748 3110 3827 3119 —
3849 3082 4003 3150 Quo-

2403 3161 2562 3216 modo
2609 3162 2786 3232 igitur,
2821 3163 3012 3232 inquis,
3047 3163 3149 3219 hoc
3179 3165 3303 3220 ﬁet?
3343 3167 3458 3237 Ipsa
3506 3177 3555 3224 te
3585 3169 3881 3241 Seraphim
3915 3176 4004 3231 do-

2401 3262 2543 3318 cent,
2576 3268 2692 3322 quce
2721 3269 2779 3308 re
2808 3255 2920 3324 ipsa
2953 3256 3039 3309 tali
3069 3257 3367 3312 ministerio
3393 3257 3703 3330 funguntur.
3741 3264 3884 3320 Nam
3915 3270 4003 3321 ilia

2403 3343 2650 3397 ineffabili
2689 3343 2854 3412 gloria
2894 3343 3193 3401 Conditoris
3225 3347 3491 3418 fruuntur,
3520 3351 3644 3406 dum
3677 3354 4004 3427 incompre-

2401 3432 2712 3486 hensibilem
2741 3433 2855 3502 ejus
2883 3435 3331 3503 pulchritudinem
3375 3443 3820 3510 contemplantur
3849 3465 3862 3500 :
3892 3464 4002 3504 non

2400 3523 2518 3577 dico
2558 3523 2700 3576 illam
2734 3534 2790 3577 ut
2817 3533 2897 3578 est
2926 3535 3111 3581 natura
3140 3526 3277 3596 (haec
3302 3530 3444 3583 enim
3485 3530 3854 3601 incogitabilis
3894 3547 4000 3604 est,

2400 3628 2498 3668 nec
2537 3613 2764 3681 spectari
2802 3623 3006 3682 potest,
3041 3630 3140 3671 nec
3171 3617 3336 3687 ﬁgura
3367 3620 3617 3689 exprimi.
3658 3624 3999 3683 absurdum-

2400 3719 2502 3774 que
2528 3713 2610 3760 est
2636 3704 2711 3758 sic
2736 3705 2802 3759 de
2833 3706 2919 3760 illa
2952 3706 3180 3778 opinari)
3209 3725 3222 3774 ;
3263 3709 3356 3764 sed
3385 3720 3640 3780 quantum
3669 3729 4003 3776 concessum

2399 3804 2500 3863 est,
2542 3807 2795 3866 quantum
2842 3813 2906 3851 ex
2957 3797 3049 3854 illo
3095 3800 3382 3869 Splendore
3438 3815 3664 3872 possunt
3700 3807 3999 3866 illustrari.

2399 3885 2659 3951 Quoniam
2701 3886 2840 3939 enim
2885 3887 3095 3942 assidue
3125 3887 3450 3945 famulantur
3493 3893 3543 3946 in
3587 3894 3824 3953 circuitu
3874 3901 4002 3955 solii

2400 3977 2610 4045 regalis,
2660 3975 2712 4028 in
2743 3974 2854 4046 jugi
2901 3975 3090 4046 gaudio
3132 3991 3498 4047 perseverant,
3556 3985 3608 4037 in
3656 3989 4002 4057 sempiterna

2401 4067 2772 4136 delectatione,
2833 4069 2884 4122 in
2937 4071 3294 4127 exsultatione
3349 4073 3509 4128 ﬁnem
3560 4091 3664 4129 non
3715 4077 3998 4147 habitura,

2400 4158 2704 4228 gaudentia,
2750 4159 3017 4225 saltantia,
3059 4162 3188 4216 citra
3229 4163 3393 4217 ullum
3444 4165 3717 4220 silentium
3760 4170 4000 4238 gloriam

2401 4252 2664 4305 canentia.
2692 4250 2824 4305 Nam
2867 4261 3007 4306 stare
3046 4253 3099 4306 in
3141 4264 3429 4323 conspectu
3474 4256 3776 4325 majeSIatis
3821 4260 3998 4325 illius,

2398 4341 2570 4409 deque
2599 4340 2880 4408 splendore
2908 4341 3054 4395 illinc
3088 4342 3380 4411 refulgente
3407 4345 3719 4411 illuminari,
3754 4349 3863 4404 hoc
3893 4351 4001 4406 illis

2400 4439 2484 4483 cst
2522 4429 2792 4499 gaudium,
2823 4429 2923 4483 hoc
2967 4431 3070 4483 illis
3117 4441 3197 4486 est
3245 4433 3544 4499 exsultatio,
3584 4436 3686 4491 hoc
3714 4440 3999 4509 voluptas,

2400 4522 2501 4575 hoc
2527 4521 2754 4590 denique
2798 4521 2984 4589 gloria.
3025 4521 3290 4577 Fortassis
3320 4527 3564 4580 sensiStis
3596 4529 3802 4598 aliquid
3833 4533 4001 4587 volu-

2400 4613 2578 4682 piatis,
2607 4621 2660 4666 et
2686 4610 2946 4679 cupiditas
2967 4612 3208 4681 qtuedam
3232 4614 3375 4669 illius
3405 4617 3589 4684 gloria:
3614 4634 3715 4674 vos
3747 4626 3923 4691 cepit.

2464 4702 2517 4756 5.
2557 4702 2624 4755 At
2652 4701 2694 4755 si
2723 4701 2891 4755 velitis
2916 4701 3285 4758 adhortantem
3317 4704 3522 4773 audire,
3553 4720 4004 4784 praesentemque

2400 4792 2578 4862 glorire
2601 4790 2793 4845 divinae
2827 4791 3241 4848 celebrationem
3282 4795 3530 4865 religiose
3561 4813 3852 4871 peragere,
3891 4821 4000 4861 non

2399 4881 2650 4936 destituet
2673 4895 2767 4934 vos
2797 4881 3097 4948 hujusmodi
3127 4883 3398 4952 gaudium,
3426 4887 3694 4956 siquidem
3745 4893 3869 4962 ipse
3918 4909 4004 4952 est

2400 4970 2489 5023 ille
2516 4970 2792 5033 Dominus,
2820 4971 2908 5038 qui
2940 4978 2994 5024 et
3020 4971 3071 5024 in
3097 4973 3241 5026 caelis
3271 4982 3326 5027 et
3355 4975 3406 5029 in
3437 4981 3593 5034 terris
3617 4982 3996 5050 glorificatur:

2400 5058 2549 5111 Pleni
2576 5067 2691 5111 sunt
2719 5059 2858 5112 enim
2905 5061 3015 5113 ειυιὶ
3044 5071 3088 5113 et
3117 5072 3249 5116 terra
3279 5064 3442 5134 gloria
3471 5070 3580 5137 ejus
3620 5070 3672 5140 (Ι
3680 5074 3778 5127 sai.
3816 5075 3876 5128 6.
3918 5078 3998 5144 5).

2397 5147 2673 5212 Quomodo
2700 5147 2758 5200 fit
2803 5148 2985 5216 igitur,
3018 5159 3075 5203 ut
3103 5151 3188 5205 illa
3216 5153 3518 5225 Seraphim,
3552 5174 3673 5213 cum
3717 5163 3999 5233 ejusmodi

2395 5240 2664 5306 voluptate
2690 5239 2931 5293 fruantur
2981 5241 3118 5297 hanc
3147 5259 3267 5300 cum
3295 5249 3481 5304 timore
3509 5252 3821 5310 misceant?
3855 5259 4000 5316 Audi

2396 5330 2522 5400 quid
2550 5329 2684 5388 dicat
2706 5333 2963 5401 propheta
2996 5351 3008 5386 ε
3043 5333 3159 5389 Vidi
3179 5338 3455 5393 Dominum
3479 5343 3736 5398 sedentem
3773 5347 3830 5401 in
3865 5353 4002 5406 solio

2398 5421 2590 5475 excelso
2618 5430 2663 5473 et
2685 5421 2892 5474 elevato.
2925 5423 3090 5491 Quam
3119 5427 3188 5482 ob
3215 5445 3426 5485 causam
3463 5446 3581 5485 cum
3615 5434 3859 5494 dixisset
3889 5443 4002 5497 Ex-

2398 5514 2614 5577 celsum,
2649 5513 2860 5582 adjecit,
2896 5516 3208 5575 Elevatum?
3241 5537 3413 5576 annon
3442 5525 3568 5579 satis
3605 5537 3726 5581 erat
3757 5545 3862 5598 per
3887 5537 4003 5590 cel-

2397 5603 2680 5658 situdinem
2707 5619 2820 5659 rem
2851 5614 3012 5661 totam
3040 5609 3356 5681 significare,
3389 5614 3780 5687 declarareque
3816 5623 4004 5694 digni-

2399 5696 2519 5750 tatis
2546 5696 2925 5753 eminentiam?
2968 5716 3132 5771 quare
3163 5719 3290 5776 ergo
3336 5705 3558 5763 addidit,
3580 5700 3912 5765 Elevatum?
3939 5717 4007 5777 Ui
