4148 6306
156 350 250 406 ltll
1192 346 1256 405 IN
1295 347 1514 415 lLLUD,
1555 340 1689 401 VIDI
1731 341 2053 413 DOMINUM,
2094 344 2317 403 HOMIL.
2359 346 2397 402 Ι.

163 462 352 515 sedem
390 460 985 531 incomprehensibilem
1028 463 1437 519 demonstraret.
1486 458 1740 529 Quando-

160 548 376 617 quidem
422 552 564 621 apud
593 567 691 609 nos
729 554 871 624 quod
913 553 1180 609 excelsum
1218 562 1301 609 est
1366 551 1742 621 cogitationem

161 641 450 710 quamdam
481 643 682 714 praebet
717 645 1125 715 comparationis
1169 644 1235 698 ad
1279 659 1341 699 ea
1369 657 1488 713 qum
1516 640 1744 698 humilia

157 740 281 784 sunt
334 745 401 784 ac
458 732 799 788 submissiora
840 752 853 786 :
895 734 1058 789 veluti
1107 734 1310 790 excelsi
1352 742 1476 788 sunt
1525 739 1739 786 montes

159 824 564 892 campestribus
585 834 633 879 et
679 826 912 895 planitiei
951 827 1238 897 comparati
1267 843 1281 882 :
1312 826 1582 880 excelsum
1612 824 1738 878 item

156 914 352 968 cazlum
377 913 448 967 ab
475 915 717 970 omnibus
743 916 968 972 terrenis
992 917 1269 971 altitudine
1296 925 1556 971 remotum
1582 932 1597 981 ;
1629 929 1737 968 cae-

158 1012 335 1059 terum
368 1005 485 1061 haec
513 1006 807 1061 sublimitas
833 1016 886 1061 et
910 1007 1135 1063 altitudo
1156 1007 1323 1062 solius
1350 1015 1432 1062 est
1459 1004 1601 1061 illius
1636 1020 1735 1058 na-

159 1105 295 1149 tura:
353 1097 945 1167 incomprehensibilis,
991 1113 1150 1167 quam
1191 1113 1362 1169 neque
1412 1097 1736 1167 cogitatione

155 1187 469 1255 concipere,
500 1202 670 1257 neque
696 1187 877 1242 verbis
921 1187 1099 1258 eloqui
1122 1189 1395 1258 quisquam
1424 1195 1618 1256 potest,
1645 1200 1736 1240 eo-

154 1291 257 1341 que
283 1276 417 1330 dicit
451 1294 463 1330 :
500 1275 617 1329 Vidi
640 1277 915 1330 Dominum
938 1278 1187 1332 sedentem
1223 1278 1276 1330 in
1313 1276 1440 1329 solio
1466 1277 1660 1330 excelso
1688 1284 1733 1328 et

154 1365 368 1418 elevato.
399 1364 507 1419 Sed
535 1366 660 1436 quid
689 1374 947 1435 praeterea
977 1364 1175 1432 vidisti,
1218 1380 1251 1421 o
1278 1364 1578 1436 prepheta?
1608 1364 1732 1435 quid

153 1458 299 1511 circa
348 1457 498 1512 illum
532 1458 820 1527 spectasti?
850 1456 916 1511 Et
954 1456 1226 1527 Seraphim
1269 1457 1487 1523 stabant,
1540 1456 1729 1527 inquit,

152 1548 202 1599 in
241 1548 462 1601 circuitu
490 1549 599 1616 ejus
625 1544 773 1619 (Isai.
822 1548 877 1602 6.
918 1546 998 1618 2).
1028 1546 1164 1614 Quid
1214 1545 1474 1601 faciebant
1518 1555 1572 1601 et
1607 1546 1731 1614 quid

151 1636 429 1701 dicebant,
459 1653 561 1706 qua
606 1637 794 1692 fiducia
847 1637 1199 1693 fruebantur?
1236 1636 1450 1691 Fiducia
1491 1636 1725 1706 quidem,

151 1727 345 1797 inquit,
376 1726 540 1790 nulla,
572 1741 754 1781 verum
783 1727 992 1781 timoris
1016 1742 1079 1782 ac
1104 1728 1339 1795 stuporis
1369 1735 1520 1782 erant
1550 1726 1725 1795 plena,

150 1816 266 1882 ipsa
314 1814 477 1869 etiam
522 1814 700 1884 specie
751 1823 951 1869 metum
1009 1814 1328 1870 ineﬂ‘abilcm
1383 1816 1727 1870 declarantia.

151 1904 373 1959 Duabus
399 1904 543 1959 enim
572 1904 671 1960 alis
693 1904 942 1959 volabant
967 1905 1177 1969 faciem,
1207 1906 1367 1960 simul
1396 1906 1728 1961 excludentia

148 1993 364 2048 radium
395 2009 427 2048 e
466 1994 602 2049 solio
627 1996 1001 2064 prodeuntem,
1033 2010 1099 2051 eo
1126 1997 1265 2066 quod
1296 1996 1437 2051 ferre
1467 2012 1571 2051 non
1603 2012 1729 2065 pos-

148 2094 269 2139 sent
300 2086 614 2139 immensam
646 2085 784 2139 illius
814 2086 1056 2155 gloriam,
1089 2085 1245 2140 simul
1267 2096 1445 2140 autem
1491 2094 1544 2140 et
1573 2101 1725 2140 suam

146 2176 465 2245 religionem
491 2190 554 2231 ac
583 2177 933 2233 reverentiam
955 2176 1322 2247 significantia,
1352 2191 1511 2248 quam
1533 2176 1729 2231 habent

146 2282 272 2337 erga
304 2268 614 2321 Dominum.

218 2356 323 2409 Cur
351 2356 626 2426 Seraphim
653 2356 832 2427 faciem
861 2365 909 2410 et
936 2358 1085 2426 pedes
1111 2358 1288 2412 velent.
1308 2386 1380 2397 -—
1398 2357 1510 2411 Tali
1538 2357 1727 2428 gaudio

144 2448 381 2516 gaudent
411 2448 501 2503 illa
523 2490 539 2514 ,
572 2449 659 2503 tali
703 2448 883 2503 laetitia
916 2450 1214 2516 exsultant,
1244 2464 1343 2505 nec
1368 2450 1539 2504 solum
1566 2450 1726 2505 facies

142 2537 345 2604 velant,
374 2553 560 2592 verum
580 2547 634 2593 et
654 2538 833 2608 pedes.
864 2538 1217 2606 Quamobrem
1244 2539 1344 2593 hoc
1370 2539 1601 2594 faciunt?
1625 2538 1726 2593 Fa-

140 2626 254 2682 cies
292 2626 512 2697 quidem
550 2628 738 2683 merito
771 2630 949 2684 velant
988 2637 1205 2699 propter
1229 2629 1569 2684 metuendum
1598 2643 1723 2698 spc-

140 2718 441 2782 ctaculum,
482 2716 726 2787 quodque
764 2733 869 2772 non
911 2719 1112 2787 possint
1147 2719 1469 2775 inaccessam
1503 2720 1723 2790 gloriam

140 2805 351 2860 obtueri
387 2821 403 2859 :
440 2819 621 2859 verum
663 2806 820 2876 pedes
857 2822 1021 2877 quare
1048 2809 1202 2863 simul
1230 2809 1443 2864 velant?
1473 2813 1547 2865 Ac
1575 2810 1721 2866 valeo

140 2896 264 2950 bam
290 2895 507 2964 quidem
536 2896 685 2951 vobis
711 2896 812 2952 hoc
838 2898 1155 2969 relinquere,
1184 2906 1243 2952 ut
1270 2899 1368 2968 ipsi
1398 2900 1535 2955 circa
1569 2901 1723 2970 hujus

138 2987 217 3041 rei
235 2986 558 3042 solutionem
577 2987 908 3056 lahoraretis,
926 2987 1168 3059 circaque
1184 2989 1529 3057 spiritualium
1545 3006 1721 3044 rerum

138 3078 549 3147 vestigationem
574 3079 860 3149 vigilaretis
888 3096 903 3133 :
930 3088 1185 3135 caeterum
1213 3095 1280 3133 ne
1308 3090 1535 3134 vestram
1574 3082 1718 3150 cogi-

136 3168 402 3223 tationem
446 3168 584 3223 circa
627 3168 782 3237 hujus
823 3169 1217 3240 inquisitionem
1260 3170 1513 3224 intentam
1555 3171 1719 3226 relin-

135 3272 341 3327 quens,
366 3257 418 3313 id
439 3258 664 3313 efﬁciam
679 3269 736 3313 ut
755 3259 1166 3316 admonitionem
1188 3260 1478 3331 negligatis,
1504 3277 1721 3317 necesse

134 3358 218 3401 est
249 3356 307 3402 ut
342 3349 447 3403 hoc
474 3349 644 3403 obiter
667 3348 891 3411 solvam.
923 3349 1098 3418 Quare
1134 3350 1291 3420 igitur
1320 3352 1481 3421 pedes
1511 3354 1718 3407 velant?

135 3437 573 3508 inexplicabilem
592 3453 714 3508 erga
732 3437 1075 3495 Conditorem
1102 3442 1448 3496 reverentiam
1471 3441 1720 3497 exhibere

133 3531 379 3598 student,
409 3531 730 3600 multamque
754 3532 1072 3588 anxietatem
1102 3540 1211 3586 tum
1238 3532 1349 3602 ipso
1377 3532 1577 3600 habitu,
1610 3543 1716 3588 tum

132 3637 266 3676 voce
291 3663 307 3685 ,
342 3632 455 3676 tum
485 3632 699 3691 aspectu
721 3664 737 3689 ,
769 3624 997 3693 denique
1024 3624 1137 3692 ipsa
1166 3624 1412 3679 statione.
1461 3627 1719 3693 Quoniam

134 3710 299 3779 igitur
341 3710 397 3764 id
434 3712 574 3779 quod
614 3711 918 3766 desiderant
952 3712 1199 3782 quodque
1237 3714 1582 3769 conveniebat
1611 3729 1719 3771 non

131 3810 517 3871 assequuntur,
544 3802 804 3856 occultant
831 3801 1028 3856 idcirco
1049 3801 1279 3873 undique
1305 3803 1567 3859 defectuum
1590 3806 1715 3861 dum

132 3903 190 3944 se
217 3890 634 3960 circumtegunt.
664 3890 854 3946 Utrum
878 3891 1169 3961 intelligitis
1218 3892 1359 3961 quod
1387 3894 1582 3949 dictum
1613 3906 1714 3962 est,

130 3994 197 4032 an
228 3994 416 4048 operae
444 3980 669 4048 pretium
697 3985 781 4035 est
805 3987 861 4034 ut
894 3979 1033 4035 idem
1061 3979 1236 4035 denuo
1265 3984 1535 4051 repetam?
1564 3984 1675 4054 Age
1698 4026 1713 4051 ,

130 4078 188 4123 ut
218 4070 324 4124 hoc
351 4067 542 4123 faciam
564 4069 842 4125 dilucidius
865 4111 882 4137 ,
911 4085 977 4125 ex
1001 4085 1180 4125 rerum
1204 4082 1501 4126 nostrarum
1531 4089 1713 4129 exem-

130 4161 233 4229 plis
258 4160 601 4214 manifestum
628 4159 801 4214 facere
824 4160 1077 4215 conabor.
1103 4161 1312 4214 Assistit
1335 4161 1523 4230 aliquis
1550 4172 1716 4218 terre-

130 4265 199 4303 no
220 4251 338 4319 regi
368 4250 714 4319 omnibusque
736 4250 909 4305 modis
935 4250 1170 4317 molitur,
1193 4259 1250 4304 ut
1274 4253 1713 4322 quamplurimam

130 4353 254 4407 erga
290 4339 444 4392 illum
476 4339 820 4394 reverentiam
850 4339 1119 4405 exhibeat,
1150 4357 1256 4411 quo
1286 4356 1381 4410 per
1412 4342 1511 4398 hoc
1544 4345 1559 4375 ί
1595 4360 1710 4398 ma-

126 4428 302 4497 jorem
346 4428 489 4482 illius
524 4444 644 4499 erga
687 4445 746 4484 se
783 4430 1029 4485 conciliet
1062 4431 1504 4489 benevolentiam.
1546 4434 1712 4505 Cujus

126 4520 299 4586 gratia
342 4518 522 4587 specie
549 4518 733 4588 capitis
753 4558 769 4584 ,
802 4519 914 4588 ipsa
952 4533 1116 4586 voce,
1145 4520 1254 4589 ipsa
1285 4536 1534 4578 manuum
1563 4540 1712 4580 com-

127 4610 423 4677 positione,
450 4609 559 4678 ipsa
580 4609 769 4679 pedum
790 4609 1176 4679 conjunctione,
1200 4614 1460 4683 totiusque
1474 4616 1712 4685 corporis

190 4806 207 4835 ί
247 4801 524 4869 [$34832
548 4815 561 4849 :
585 4801 779 4851 uultum
814 4803 1129 4869 reuersum
1156 4818 1272 4869 erga
1293 4806 1606 4869 _Conditorem
1626 4808 1710 4858 ha-

125 4864 255 4935 ρεηελ
480 4871 669 4935 stupore
710 4861 1052 4935 percenseam.
1247 4866 1443 4935 affectus
1473 4874 1572 4917 tum
1606 4869 1710 4935 ipso

127 4925 314 4983 habitu,
345 4930 449 4971 tum
464 4930 589 4979 voce.
614 4928 714 4990 tum
734 4931 948 4990 aspecta,
1201 4925 1306 4989 ipsa
1328 4928 1523 4990 statione
1545 4925 1710 4990 expri-

126 4999 258 5036 mere
282 4990 540 5035 conantur.
565 4984 797 5049 Quoniam:
812 4984 961 5049 igitur
983 4986 1053 5037 sic
1072 4984 1239 5049 etiam
1255 4989 1381 5047 quod
1406 4990 1543 5038 decet
1564 4984 1707 5040 attin-

122 5060 238 5108 gere
264 5059 368 5113 non
395 5050 609 5113 pos-stay,
639 5058 690 5094 se
725 5045 926 5113 petendo
961 5048 1170 5110 undique
1207 5045 1704 5113 defectumisupptem.

133 5104 595 5171 :t'truminteltigitis
615 5107 741 5171 quod
765 5106 945 5171 dictum
969 5114 1055 5167 est,
1075 5104 1143 5171 an
1162 5104 1322 5168 Opera:
1338 5104 1544 5171 pretium
1561 5104 1633 5161 'est
1657 5120 1707 5162 ut

125 5168 257 5219 idem
284 5169 451 5232 denuo
484 5164 692 5232 repeutm
706 5164 732 5232 _?
752 5167 975 5232 equidem
1170 5164 1479 5232 repetendum
1500 5170 1703 5222 videtur.

127 5241 223 5291 age
256 5228 435 5291 igitur,
464 5232 509 5275 et
540 5225 626 5275 hoc
700 5226 913 5291 hicidtan
954 5242 1021 5291 ea:
1058 5225 1236 5280 rerum"
1255 5237 1525 5280 nostrarum
1547 5245 1707 5281 exem-

127 5281 219 5349 plis
245 5281 454 5359 [ἇείῳὴ.
502 5291 562 5359 Et
599 5293 744 5344 certe,
778 5288 872 5359 ,φλ
901 5290 1037 5347 mihi,
1208 5303 1309 5359 reg;
1328 5291 1531 5359 _t_1.ssislit,
1556 5306 1706 5344 nonne

128 5349 408 5399 omnimodo
425 5355 640 5409 conatur_
654 5349 918 5398 maximam
933 5362 1050 5409 erga
1064 5349 1202 5400 illum
1222 5349 1448 5401 eilzibere
1486 5366 1706 5402 reveren-

125 5412 245 5459 tiam
266 5410 291 5459 ?
318 5408 501 5472 Procul
525 5406 702 5472 duQio;
741 5421 909 5470 nempe
947 5406 1007 5459 ut
1027 5424 1113 5472 per
1151 5411 1255 5469 hoc,
1300 5420 1396 5461 etc.
1422 5419 1473 5461 Et
1507 5413 1576 5461 sic
1601 5413 1704 5464 fere

130 5473 317 5531 ubique
341 5470 421 5519 hic
445 5482 570 5517 unus
592 5468 773 5531 Codex,
798 5468 862 5519 ita
887 5476 940 5519 ut
976 5468 1415 5521 si'vellemomnia
1440 5472 1613 5522 afferre
1634 5475 1704 5523 le-

130 5529 348 5579 ctionum
370 5531 663 5588 discrimina,
710 5529 815 5578 fere
848 5538 947 5579 tota
985 5531 1178 5581 homilia
1212 5534 1268 5581 ad
1295 5535 1493 5581 verbum
1519 5537 1703 5583 exscri-

131 5590 292 5638 benda
321 5598 477 5640 esset.
503 5591 546 5637 Δ
570 5590 840 5639 Morelliana
872 5599 1035 5640 autem
1079 5594 1289 5642 Editione
1319 5596 1483 5642 verbis
1520 5603 1703 5645 tantum

130 5649 314 5717 differt,
339 5664 439 5701 non
474 5650 729 5717 sensu._ln
756 5650 862 5701 aliis
891 5660 1053 5717 autem
1091 5652 1415 5717 Manuscripti's
1446 5668 1552 5705 cum
1574 5656 1702 5706 Edita

132 5710 320 5762 collatis
339 5719 598 5775 perpauca:
622 5713 936 5762 observantur
956 5714 1231 5764 varietates.

3308 380 3421 436 102

1848 459 2204 514 contractione
2249 460 2406 513 talem
2450 462 2796 516 reverentiam
2844 470 3063 519 conatur
3109 466 3409 525 ostendere.

1847 546 1958 602 iloc
1984 558 2037 603 et
2060 548 2127 603 ab
2151 549 2252 603 illis
2275 549 2600 619 incorporeis
2621 551 2898 606 virtutibus
2926 553 3253 609 observatur.
3277 556 3410 611 Cum

1844 636 1984 691 enim
2004 638 2277 707 plurimam
2300 638 2526 695 habeant
2544 655 2668 710 erga
2684 640 3022 697 Conditorem
3041 648 3411 715 reverentiam,

1844 736 1899 783 et
1928 729 2062 784 hanc
2091 730 2321 801 undique
2350 741 2606 786 conantur
2625 742 2878 802 prmstare
2907 751 2922 788 :
2950 735 3139 791 deinde
3161 740 3410 805 quoniam

1844 833 1947 873 non
1970 832 2321 888 assequuntur
2335 822 2473 890 quod
2495 832 2765 892 expetunt,
2786 825 2925 894 quod
2948 826 3216 893 cupiditati
3235 828 3405 894 deest,

1841 907 1943 962 hoc
1973 910 2089 964 velo
2117 911 2384 980 obtegunt.
2431 911 2577 966 Hauc
2615 913 2684 966 ob
2722 929 2935 968 causam
2969 915 3125 984 igitur
3149 916 3308 971 facies
3344 933 3407 973 ac

1841 1001 2002 1070 pedes
2030 1010 2205 1072 tegere
2234 1003 2497 1059 dicuntur.
2527 1004 2851 1075 Quamquam
2871 1014 2953 1061 est
2971 1016 3023 1062 et
3042 1008 3140 1061 alia
3164 1010 3407 1078 quaedam

1840 1090 2006 1160 magis
2033 1093 2250 1163 mystica
2276 1093 2563 1163 speculatio
2590 1110 2708 1164 quae
2735 1096 2870 1149 circa
2899 1095 2997 1149 hoc
3018 1098 3402 1166 consideratur,

1838 1194 1944 1233 non
1974 1181 2111 1250 quod
2146 1180 2306 1250 pedes
2333 1197 2393 1237 ac
2421 1182 2582 1238 facies
2622 1184 2846 1239 habeant
2879 1185 3039 1254 (sunt
3059 1188 3198 1240 enim
3228 1188 3404 1244 incor-

1839 1284 1997 1339 porea
2022 1312 2037 1338 ,
2082 1273 2519 1342 quemadmodum
2565 1276 2736 1344 ipsum
2762 1275 3047 1347 Numen),
3077 1279 3166 1334 sed
3209 1289 3267 1333 ut
3302 1280 3403 1335 hoc

1839 1361 2097 1416 humanus
2120 1378 2296 1418 sermo
2316 1365 2546 1420 declaret
2564 1381 2626 1421 ea
2652 1366 2881 1437 undique
2907 1378 3047 1423 metu
3073 1384 3135 1424 ac
3159 1386 3404 1427 reveren-

1838 1451 1906 1503 tia
1948 1451 2131 1507 all'ecta
2173 1454 2373 1509 servire
2411 1455 2652 1510 Domino.
2698 1456 2785 1511 Sic
2821 1466 3030 1526 oportet
3070 1474 3165 1513 nos
3194 1476 3403 1531 quoque

1835 1542 2082 1598 assistere
2102 1585 2117 1608 ,
2150 1545 2305 1598 talem
2337 1545 2443 1601 Deo
2471 1546 2906 1616 gloriﬂcationem
2938 1550 3252 1617 otl‘ercntes,
3285 1568 3400 1608 me-

1836 1638 2040 1687 tuentes
2088 1646 2150 1687 ac
2179 1640 2485 1699 trementes,
2514 1650 2575 1689 ac
2598 1643 2862 1702 tamquam
2886 1638 3030 1692 illum
3056 1639 3224 1708 ipsum
3252 1655 3401 1695 men-

1836 1721 1901 1775 tis
1930 1721 2097 1776 oculis
2123 1721 2403 1778 intuentes.
2436 1723 2597 1779 Adest
2623 1724 2763 1780 enim
2789 1725 2874 1781 hic
2901 1727 3115 1783 omnino
3139 1730 3228 1799 qui
3254 1732 3401 1785 nullo

1833 1810 1949 1864 loco
1974 1811 2452 1875 circumscribitur,
2490 1829 2750 1883 vocesque
2777 1823 2981 1870 nostras
3015 1826 3276 1873 recenset.
3309 1819 3399 1875 Sic

1834 1900 1991 1969 igitur
2008 1902 2234 1955 contrito
2253 1910 2306 1955 et
2328 1902 2603 1957 humiliato
2621 1902 2781 1958 corde
2803 1903 3006 1959 laudem
3028 1905 3399 1976 depromentes

1833 1988 2113 2043 reddamus
2139 2005 2252 2043 eam
2274 2000 2567 2059 acceptam,
2590 2002 2645 2046 et
2666 1993 2809 2047 velut
2836 1993 3104 2049 incensum
3127 1996 3249 2051 boni
3270 1998 3398 2053 odo-

1831 2077 1905 2131 ris
1931 2078 1994 2132 ad
2024 2078 2209 2132 cadum
2240 2082 2527 2133 mittamus.
2558 2078 2658 2135 Cor
2695 2082 2835 2135 enim
2855 2123 2870 2147 ,
2901 2082 3065 2153 inquit
3090 2125 3103 2149 ,
3133 2087 3396 2139 contritum

1831 2177 1878 2221 et
1904 2168 2217 2222 humiliatum
2246 2168 2378 2224 Deus
2403 2186 2501 2224 non
2531 2171 2764 2241 despiciet
2790 2172 2808 2240 (
2836 2171 2976 2227 Psal.
3006 2174 3093 2229 50.
3127 2175 3193 2230 19
3216 2177 3254 2244 ).
3289 2176 3395 2231 νε-

1831 2273 1949 2311 rum
1975 2260 2226 2329 prepheta
2247 2299 2262 2326 ,
2294 2260 2466 2329 inquis
2486 2301 2502 2328 ,
2532 2260 2840 2316 exhortatur
2868 2271 2925 2318 ut
2948 2277 3066 2319 cum
3089 2265 3255 2333 jubilo
3277 2268 3395 2337 glo-

1830 2346 2178 2404 rillcationem
2211 2364 2523 2420 peragamus
2564 2370 2577 2406 :
2620 2351 2879 2420 Jubilate,
2930 2353 3394 2423 inquit,Domino,

1830 2438 1990 2491 omnis
2015 2447 2146 2491 terra
2170 2442 2187 2505 (
2209 2439 2351 2492 Psal.
2380 2439 2468 2494 65.
2503 2440 2588 2511 1).
2638 2442 2705 2495 At
2734 2456 2903 2511 neque
2934 2456 3030 2496 nos
3059 2445 3216 2498 talem
3252 2444 3391 2514 jubi-

1828 2528 2074 2583 lationem
2110 2530 2449 2600 prohibemus
2473 2572 2486 2595 ,
2530 2530 2623 2586 sed
2666 2546 2847 2587 vocem
2889 2532 3224 2601 prohibemus
3262 2535 3393 2589 nihil

1827 2618 2205 2689 signiﬁcantem
2230 2636 2245 2682 ;
2288 2635 2457 2690 neque
2486 2621 2823 2690 prohibemus
2849 2637 3029 2678 vocem
3060 2624 3230 2679 laudis
3252 2667 3265 2690 ,
3298 2627 3392 2681 sed

1827 2724 2010 2764 vocem
2035 2710 2372 2766 absurditatis
2395 2720 2449 2766 et
2472 2712 2808 2779 inconditam,
2831 2729 2893 2768 ac
2914 2723 3120 2771 mutuas
3142 2718 3279 2771 inter
3298 2732 3393 2773 vos

1826 2800 2223 2867 contentiones,
2252 2816 2438 2856 manus
2467 2802 2730 2857 incassum
2756 2811 3057 2874 temereque
3080 2806 3310 2862 sublatas
3337 2809 3392 2863 in

1826 2905 2021 2957 aerem,
2041 2890 2200 2961 pedes
2217 2891 2643 2961 supplaudentes,
2660 2893 2939 2949 indecoros
2960 2895 3394 2969 effeminatosquo

1827 2997 2022 3048 mores,
2049 2997 2168 3051 qua:
2192 2991 2315 3036 sunt
2334 2997 2540 3051 eorum,
2564 2984 2652 3054 qui
2672 2984 2727 3039 in
2750 2985 2967 3040 theatris
2987 3001 3049 3041 ac
3068 2988 3391 3046 circensibus

1824 3075 1963 3128 ludis
1991 3083 2285 3140 versantur,
2316 3074 2538 3129 ludicra.
2575 3075 2726 3130 illinc
2750 3077 2900 3131 nobis
2926 3079 3219 3147 perniciosa
3244 3081 3392 3138 inve-

1824 3165 2019 3219 huntur
2046 3166 2304 3236 exempla,
2337 3166 2481 3221 illinc
2505 3167 2811 3239 irreligioste
2836 3169 3180 3242 vulgaresque
3209 3189 3388 3240 voces,

1825 3256 1969 3311 illinc
1996 3271 2245 3311 manuum
2277 3256 2467 3327 ineptae
2495 3258 2919 3327 gesticulationes
2941 3302 2955 3328 ,
2987 3264 3348 3320 contentiones
3370 3305 3387 3332 ,

1824 3349 2241 3403 concertationes
2261 3389 2275 3414 ,
2304 3362 2365 3403 ac
2389 3362 2566 3405 mores
2592 3349 2942 3420 incompositi.

1893 3438 1947 3492 4.
1988 3437 2289 3507 Spectacula
2329 3438 2531 3507 publica
2566 3440 2789 3508 vitanda,
2827 3458 2998 3509 quare.
3021 3444 3258 3500 ——Nulla
3295 3463 3384 3502 res

1824 3527 1967 3582 enim
1994 3542 2142 3596 teque
2166 3527 2371 3597 eloquia
2395 3528 2485 3581 Dei
2510 3528 2722 3584 adducit
2748 3530 2796 3583 in
2823 3542 3201 3602 contemptum,
3231 3547 3387 3608 atque

1823 3616 2240 3685 spectaculorum
2269 3631 2386 3684 qua:
2413 3617 2517 3670 illic
2545 3630 2909 3687 proponuntur
2933 3620 3229 3678 admiratio.
3258 3626 3386 3681 Pro-

1822 3705 1944 3760 inde
1971 3705 2273 3774 frequenter
2297 3720 2384 3759 vos
2417 3703 2654 3761 hortatus
2684 3724 2819 3773 sum,
2848 3725 2915 3764 ne
2943 3712 3059 3780 quis
3088 3728 3268 3770 eorum
3294 3721 3383 3786 qui

1823 3797 1926 3851 huc
1953 3795 2271 3862 adveniunt,
2299 3794 2579 3866 divinaque
2606 3796 2842 3853 doctrina
2874 3800 3113 3857 fruuntur
3131 3844 3146 3869 ,
3190 3808 3383 3876 quique

1823 3884 2083 3940 tremendi
2110 3900 2173 3939 ac
2202 3886 2406 3956 mystici
2437 3887 2715 3956 participes
2741 3898 2864 3943 sunt
2890 3895 3130 3947 sacrificii
3150 3937 3163 3958 ,
3191 3898 3256 3950 ad
3294 3900 3380 3955 illa

1821 3977 1923 4031 iret
1948 3976 2244 4044 spectacula
2268 4015 2282 4039 ,
2312 3990 2411 4029 neu
2442 3976 2615 4030 divina
2643 3992 2759 4031 cum
2791 3978 3126 4038 daemoniacis
3157 3990 3378 4042 commi-

1820 4076 1991 4120 sceret
2015 4066 2285 4136 mysteria.
2332 4066 2577 4122 Attamen
2619 4070 2858 4125 nonnulli
2888 4088 3053 4142 usque
3077 4076 3209 4132 adeo
3236 4080 3378 4135 insa-

1819 4155 1987 4219 niunt,
2015 4163 2073 4208 ut
2096 4155 2253 4209 etiam
2281 4170 2399 4208 cum
2428 4157 2656 4224 speciem
2686 4160 2953 4226 gravitatis
2982 4177 3045 4219 ac
3071 4171 3380 4226 reverentia,

1817 4246 2024 4315 plenam
2056 4243 2452 4309 circumferant,
2482 4256 2532 4300 et
2561 4246 2625 4301 ad
2652 4248 2957 4317 profundam
2985 4258 3228 4311 canitiem
3255 4275 3378 4327 per.

1816 4336 2060 4391 venerint
2084 4377 2097 4401 ,
2126 4335 2291 4390 nihilo
2319 4351 2471 4392 secus
2500 4350 2711 4392 currant
2742 4340 2807 4395 ad
2837 4342 2921 4395 illa
2944 4385 2957 4409 ,
2988 4359 3156 4415 neque
3183 4354 3377 4407 nostris

1816 4427 2147 4482 sermonibus
2192 4427 2542 4480 auscultantes
2569 4467 2584 4490 ,
2629 4442 2799 4498 neque
2848 4434 3111 4502 propriam
3162 4443 3374 4497 reveriti

1815 4518 2064 4588 speciem.
2117 4516 2307 4570 Verum
2336 4516 2540 4585 quoties
2568 4516 2644 4570 eis
2674 4516 2811 4573 hunc
2849 4534 3146 4579 sermonem
3177 4527 3371 4599 ingeri-

1816 4626 1965 4677 mus,
1998 4618 2049 4663 et
2077 4618 2131 4663 ut
2156 4607 2397 4663 canitiem
2428 4608 2838 4680 gravitatemque
2858 4626 3006 4669 suam
3035 4615 3376 4677 reveréantur

1813 4701 2156 4754 adhortamur
2182 4739 2196 4763 ,
2229 4713 2387 4767 quam
2426 4699 2640 4754 frivolus
2670 4700 2871 4756 illorum
2896 4744 2911 4770 ,
2942 4721 3097 4774 quam
3124 4710 3374 4767 ridiculus

1814 4790 2021 4846 sermo!
2051 4789 2383 4859 Exemplum,
2415 4789 2687 4859 inquiunt,
2719 4791 2952 4847 victoriae
2979 4811 3095 4864 quae
3120 4798 3170 4853 in
3197 4800 3375 4856 futuro

1812 4882 2004 4938 saeculo
2023 4883 2124 4937 erit
2148 4892 2201 4937 et
2225 4896 2537 4937 coronarum
2564 4892 2685 4937 sunt
2710 4885 2793 4938 illa
2824 4886 3201 4957 plurimamque
3225 4891 3369 4949 illinc

1813 4974 2090 5029 utilitatem
2115 4972 2409 5029 referimus.
2439 4972 2571 5037 Quid
2597 4973 2673 5026 ais
2696 5014 2710 5038 ,
2738 4973 2933 5027 homo?
2958 4973 3237 5034 Obsoletus
3266 4980 3372 5037 iste

1812 5078 1987 5119 sermo
2014 5064 2029 5094 ⁸
2055 5071 2136 5117 est
2160 5077 2221 5115 ac
2243 5061 2458 5114 fallacia:
2484 5061 2689 5130 plenus.
2720 5059 2867 5116 Unde
2888 5063 3159 5119 utilitatem
3184 5067 3372 5125 isthinc

1811 5154 2017 5208 refers?
2045 5169 2110 5206 ex
2136 5150 2419 5206 innumeris
2444 5150 2886 5219 contentionibus,
2910 5168 2971 5208 ex
2995 5162 3194 5213 temere
3221 5159 3370 5217 factis

1807 5244 2119 5312 juramentis
2146 5245 2195 5295 in
2225 5244 2473 5296 damnum
2503 5241 2865 5309 loquentium?
2900 5258 2965 5297 an
3003 5260 3065 5300 ex
3094 5257 3367 5305 contume-

1811 5334 1895 5388 liis
1920 5376 1932 5398 ,
1968 5334 2214 5388 conviciis
2234 5374 2247 5397 ,
2279 5332 2756 5401 scommatibusque
2779 5373 2794 5397 ,
2824 5332 3009 5402 quibus
3049 5346 3368 5405 spectatores

1811 5422 2064 5491 ejusmodi
2091 5436 2262 5476 rerum
2290 5436 2347 5475 se
2368 5432 2550 5475 mutuo
2573 5421 2960 5491 conspergunt?
2982 5421 3169 5476 Verum
3190 5439 3253 5478 ex
3276 5424 3358 5479 his

1810 5514 1937 5567 nihil
1969 5513 2202 5566 utilitatis
2231 5510 2296 5566 ad
2326 5520 2376 5565 te
2405 5512 2539 5565 redit
2574 5528 2585 5563 :
2620 5525 2689 5564 an
2720 5525 2844 5565 vero
2874 5510 3032 5563 ullam
3053 5515 3267 5572 omnino
3286 5533 3351 5574 ex

1873 5718 1887 5748 ι
1923 5714 2074 5771 Alius,
2100 5716 2227 5761 teste
2250 5709 2437 5769 Savilio,
2463 5705 2696 5759 ridiculus
2712 5705 2798 5757 iste
2818 5716 2995 5757 sem.
