4148 6306
780 368 892 424 103

770 480 1135 550 incompositis
1159 476 1372 533 vocibus
1396 514 1411 540 ,
1439 482 1492 529 et
1530 471 1665 527 nihil
1707 468 2039 539 signiﬁcante
2068 467 2299 520 clamore
2322 500 2339 527 ,

772 584 907 638 eque
934 570 1147 636 pulvere
1170 566 1259 635 qui
1289 562 1565 626 emittitur,
1600 569 1707 613 tum
1738 574 1804 612 ex
1836 557 1898 610 iis
1927 555 2013 625 qui
2047 553 2341 623 impellunt,

772 659 858 726 qui
882 655 987 710 vim
1011 656 1222 721 faciunt,
1244 654 1333 724 qui
1354 666 1533 707 coram
1556 648 1860 704 mulieribus
1880 645 2096 701 delicias
2119 644 2341 705 faciunt,

777 748 1049 801 utilitatem
1072 745 1314 814 colligis?
1340 741 1498 809 Atqui
1521 739 1614 818 .hic
1637 737 1847 807 quidem
1874 737 2042 803 ipsum
2067 733 2343 787 Dominum

776 836 1080 904 angelorum
1111 848 1295 888 omnes
1321 832 1589 901 propheta:
1606 828 1954 894 doctoresque
1976 838 2137 891 super
2153 821 2341 877 solium

771 927 1038 983 excelsum
1065 935 1119 980 et
1143 924 1405 979 elevatum
1430 919 1731 981 ostendunt,
1758 916 1924 985 iisque
1946 914 2035 985 qui
2056 913 2199 982 digni
2223 919 2345 966 sunt

772 1018 951 1072 bravia
976 1024 1028 1070 et
1054 1029 1279 1070 coronas
1302 1012 1720 1072 distribuentem,
1747 1006 1976 1076 indignis
1996 1020 2123 1059 vero
2145 1004 2345 1074 gehen—

773 1123 894 1162 nam
934 1117 988 1163 et
1024 1107 1196 1177 ignem
1239 1105 1628 1173 assignantem;
1675 1111 1727 1154 ct
1765 1100 1877 1168 ipse
1906 1098 2063 1153 etiam
2092 1097 2343 1150 Dominus

773 1198 875 1254 hoc
903 1198 1198 1253 conﬁrmat.
1247 1192 1507 1264 Numquid
1550 1192 1663 1246 ha‘c
1686 1190 1897 1260 quidem
1927 1188 2223 1242 contemnis
2244 1227 2261 1252 ,
2290 1184 2342 1239 in

768 1291 956 1360 quibus
987 1289 1142 1343 etiam
1167 1284 1499 1341 conscientia:
1528 1292 1700 1335 terror
1728 1289 1828 1344 est,
1855 1289 1908 1332 et
1936 1278 2190 1332 factorum
2218 1276 2337 1330 red-

770 1382 975 1451 argutio
1022 1381 1389 1446 rationuinque
1437 1371 1824 1428 reddendorum
1853 1370 2112 1431 anxietas,
2143 1377 2197 1423 et
2221 1381 2344 1436 sup-

769 1470 982 1539 plicium
1009 1466 1310 1523 inevitabile
1338 1482 1350 1517 :
1381 1474 1436 1519 ut
1457 1473 1632 1517 autem
1654 1461 1935 1515 absurdam
1959 1458 2195 1513 invenias
2220 1471 2344 1527 spe-

770 1557 1097 1613 ctaculorum
1123 1596 1138 1619 ,
1180 1555 1369 1623 quibus
1398 1566 1685 1622 suspensus
1714 1549 1905 1613 iubias,
1925 1548 2339 1611 excusationem,

769 1646 903 1700 dicis
935 1654 986 1700 te
1015 1645 1291 1699 utilitatem
1319 1657 1510 1713 capere
1539 1656 1604 1696 ex
1634 1641 1713 1693 his
1732 1680 1748 1705 ,
1777 1655 1839 1693 ex
1869 1637 2060 1707 quibus
2084 1637 2343 1706 jacturam

771 1736 968 1805 pateris
1014 1732 1488 1789 inconsolabilem?
1535 1732 1682 1801 Rogo
1725 1730 1883 1784 etiam
1933 1738 2091 1798 atque
2138 1729 2341 1783 etiam:

769 1828 1121 1894 obsecroque,
1152 1840 1218 1879 ne
1245 1823 1613 1879 excusationes
1642 1835 1955 1875 excusemus
1981 1821 2031 1873 in
2067 1820 2295 1888 peccatis
2325 1837 2339 1873 :

771 1924 1056 1985 prrctextus
1095 1917 1233 1970 enim
1274 1915 1371 1970 ista
1412 1923 1533 1969 sunt
1570 1928 1632 1967 ac
1667 1914 1907 1980 deccptio
1929 1953 1944 1975 ,
1975 1912 2167 1980 quibus
2193 1911 2344 1964 nobis

773 2006 901 2073 ipsis
931 2006 1179 2060 damnum
1206 2007 1545 2060 acccrsimus.
1575 2003 1773 2058 Verum
1804 2002 1869 2055 de
1902 2002 1981 2055 his
2012 2002 2224 2071 quidem
2250 2002 2346 2055 ha-

768 2105 954 2149 ctenus
985 2113 998 2146 :
1032 2104 1239 2163 tempus
1269 2102 1445 2148 autem
1475 2102 1555 2146 est
1583 2100 1639 2145 ut
1662 2092 1769 2159 jam
1809 2090 1873 2143 ad
1904 2092 2133 2161 priorem
2166 2105 2343 2145 recuro

770 2198 947 2237 ramus
982 2183 1392 2236 admonitionem
1416 2220 1430 2245 ,
1459 2190 1618 2249 atque
1662 2189 1718 2234 ut
1746 2182 1925 2247 paucis
1961 2180 2025 2233 de
2055 2194 2116 2234 ea
2145 2179 2344 2248 loquuti

771 2274 1004 2327 debitum
1041 2273 1261 2326 orationi
1295 2272 1451 2326 linem
1479 2272 1830 2338 imponamus.
1871 2269 2051 2338 Neque
2075 2271 2212 2323 enim
2242 2270 2344 2322 hoc

773 2363 943 2418 solum
972 2373 1237 2432 peccatur,
1266 2361 1404 2431 quod
1430 2376 1546 2430 qua:
1575 2360 1659 2412 hic
1684 2359 1814 2412 ﬁunt
1843 2375 2024 2427 parum
2054 2373 2150 2427 pro
2175 2358 2344 2427 digni-

775 2462 881 2507 tate
922 2462 1281 2523 pcraguntur,
1322 2466 1505 2506 verum
1549 2450 1706 2503 etiam
1746 2449 1878 2502 alius
1920 2448 2129 2516 quidam
2167 2448 2343 2516 gravis

778 2542 1083 2597 obambulat
1125 2542 1142 2574 ί
1187 2540 1422 2595 morbus.
1470 2540 1597 2605 Quis
1639 2539 1848 2592 tandem
1891 2538 2024 2591 iste?
2066 2538 2215 2604 Quod
2255 2538 2344 2606 qui

775 2640 1159 2701 preposucrunt
1186 2647 1305 2685 cum
1342 2631 1451 2686 Deo
1477 2630 1741 2699 colloqui,
1772 2630 1924 2699 eique
1960 2629 2179 2698 gloriam
2208 2627 2343 2682 refe-

774 2722 960 2786 ruut',
1001 2736 1125 2775 mox
1166 2720 1266 2774 hoc
1295 2720 1491 2774 omisso
1523 2734 1674 2773 suum
1706 2720 1925 2787 quisque
1955 2719 2182 2772 vicinum
2208 2719 2343 2771 arri-

776 2813 960 2880 piunt,
991 2811 1340 2880 ordinantque
1377 2826 1465 2865 res
1492 2810 1809 2865 domesticas
1833 2846 1848 2874 ,
1876 2824 2099 2877 qumque
2130 2808 2259 2862 ﬁunt
2290 2810 2341 2862 in

778 2903 919 2969 foro,
943 2917 1061 2971 qua:
1084 2903 1134 2955 in
1161 2901 1371 2971 populo,
1395 2916 1512 2970 qua
1537 2901 1589 2953 in
1612 2900 1849 2964 theatris,
1875 2916 1991 2969 qua:
2013 2901 2063 2953 in
2085 2900 2339 2967 exercitu,

777 3000 830 3046 et
857 2991 1121 3061 quomodo
1146 2991 1247 3045 alia
1276 2990 1488 3059 quidem
1516 2998 1637 3043 sunt
1666 2989 2025 3043 administrata
2048 3028 2064 3054 ,
2096 2990 2193 3042 alia
2222 3006 2343 3043 rur-

775 3095 867 3133 sus
894 3081 1145 3150 neglecta,
1175 3088 1230 3133 et
1256 3079 1381 3148 quid
1406 3079 1455 3132 in
1482 3077 1726 3147 gerendis
1754 3077 1911 3130 rebus
1935 3078 2052 3146 plus
2077 3078 2204 3131 satis
2229 3076 2344 3132 fuc-

774 3172 881 3235 rit,
911 3170 1033 3239 quid
1065 3170 1378 3224 diminutum
1410 3186 1423 3220 :
1456 3169 1507 3223 in
1537 3182 1743 3223 summa
1766 3207 1779 3230 ,
1820 3166 1887 3221 de
1916 3167 2074 3221 rebus
2100 3167 2345 3221 omnibus

776 3260 859 3313 vel
900 3259 1123 3329 publicis
1148 3299 1161 3324 ,
1193 3259 1277 3313 vel
1317 3258 1566 3327 privatis,
1602 3256 1690 3311 hic
1727 3256 2115 3325 colloquuntur.
2150 3257 2215 3310 Et
2241 3272 2344 3325 qua

772 3349 983 3403 tandem
1016 3349 1165 3402 venia
1192 3348 1346 3416 digna
1376 3357 1497 3401 sunt
1520 3346 1655 3401 ista?
1683 3346 1841 3415 Atqui
1878 3348 1920 3398 is
1950 3347 2037 3415 qui
2064 3362 2183 3400 cum
2221 3362 2345 3414 rege

776 3446 987 3491 terreno
1010 3436 1347 3504 eolloquitur,
1377 3435 1443 3490 de
1469 3434 1549 3487 his
1576 3441 1776 3487 tantum
1805 3435 1963 3487 verba
1990 3435 2111 3489 facit
2136 3434 2203 3489 de
2227 3434 2345 3504 qui-

777 3526 875 3580 bus
897 3526 986 3582 ille
1017 3526 1241 3579 voluerit
1273 3525 1454 3579 audire
1476 3564 1492 3590 ,
1523 3533 1577 3579 et
1601 3522 1669 3578 de
1698 3523 1888 3593 quibus
1915 3539 2002 3577 rex
2035 3524 2188 3579 fuerit
2219 3540 2342 3594 per-

776 3625 1049 3678 contatus;
1094 3615 1237 3683 quod
1283 3616 1327 3668 si
1368 3615 1485 3684 quis
1525 3614 1664 3667 ausit
1704 3614 1900 3683 aliquid
1945 3614 2161 3683 injicere
2190 3630 2341 3669 secus

776 3724 931 3779 quam
960 3709 1045 3762 ille
1072 3708 1228 3770 velit,
1259 3716 1496 3761 extremo
1522 3705 1779 3775 supplicio
1803 3705 2063 3759 afﬁcietur
2092 3722 2105 3756 :
2136 3714 2190 3759 tu
2218 3722 2343 3761 vero

776 3816 895 3855 cum
936 3800 1079 3868 Rege
1114 3814 1291 3867 regum
1324 3798 1628 3869 colloquens
1652 3838 1666 3864 ,
1700 3798 1784 3851 cui
1813 3811 1932 3851 cum
1965 3806 2193 3851 tremore
2226 3814 2342 3851 ser-

777 3896 923 3948 viunt
949 3894 1141 3963 angeli,
1164 3893 1360 3946 omisso
1380 3906 1501 3945 cum
1522 3891 1611 3945 illo
1633 3901 1807 3960 empto
1826 3905 2092 3955 sermone,
2116 3890 2183 3945 de
2208 3890 2339 3955 luto,

774 3984 843 4038 de
879 3985 1091 4052 pulvere
1110 4022 1126 4047 ,
1157 3982 1224 4036 de
1253 3982 1372 4035 telis
1400 3996 1709 4034 aranearum
1738 3979 2005 4049 loqueris?
2035 3979 2169 4033 Nihil
2200 3981 2341 4034 enim

777 4072 917 4125 aliud
946 4080 1068 4125 sunt
1094 4072 1246 4138 hujus
1273 4070 1390 4123 vita:
1420 4070 1644 4138 negotia.
1680 4070 1741 4123 Et
1768 4070 2030 4137 quomodo
2057 4070 2342 4124 sustinebis

775 4163 926 4215 istius
950 4169 1279 4228 contemptus
1307 4161 1555 4228 poenam?
1581 4161 1700 4228 quis
1723 4170 1899 4214 autem
1927 4170 1977 4214 te
2002 4161 2070 4214 ab
2100 4161 2197 4214 hac
2222 4162 2340 4214 vin-

773 4252 911 4305 dicta
941 4250 1223 4306 liberabit?

843 4343 1139 4412 Principum
1181 4341 1477 4412 negligentia
1511 4356 1644 4411 sa'pe
1668 4340 1890 4393 nascitur
1916 4357 1975 4393 ea:
2000 4340 2150 4409 culpa
2176 4358 2339 4410 pepu—

770 4434 830 4489 li.
863 4463 933 4473 —
978 4434 1171 4488 Verum
1198 4432 1333 4486 haud
1361 4441 1503 4486 recte
1525 4447 1583 4485 se
1613 4431 1835 4491 habent,
1868 4431 2132 4497 inquiunt,
2162 4434 2339 4498 reipu-

770 4523 924 4576 blicze
952 4523 1155 4593 negotia
1176 4563 1188 4586 ,
1219 4522 1286 4576 de
1313 4521 1393 4574 his
1421 4521 1727 4589 plerumque
1758 4519 2021 4587 loquimur
2040 4559 2055 4583 ,
2083 4527 2135 4571 et
2159 4518 2226 4573 de
2256 4518 2339 4572 his

771 4614 983 4666 solliciti
1028 4614 1273 4682 anxiique
1311 4627 1512 4665 sumus.
1541 4611 1677 4676 Quid
1719 4618 1892 4663 autem
1924 4610 1975 4662 in
2006 4610 2201 4663 causa?
2233 4609 2339 4663 Eo-

769 4718 886 4755 rum
911 4742 926 4765 ,
954 4703 1225 4771 inquiunt,
1248 4704 1334 4771 qui
1358 4703 1717 4770 magistratum
1738 4710 1958 4767 gerunt,
1984 4702 2334 4771 incogitantia.

770 4790 881 4843 Non
920 4796 1004 4841 est
1032 4788 1411 4858 magistatuum
1437 4788 1787 4857 incogitantia
1810 4828 1824 4851 ,
1858 4790 1949 4844 sed
1980 4800 2156 4844 nostra
2202 4791 2341 4858 inju«

768 4880 933 4945 stitia,
961 4886 1015 4933 et
1051 4892 1205 4947 paena
1234 4884 1317 4932 est
1357 4891 1450 4945 pro
1479 4876 1674 4929 nostris
1700 4877 1990 4931 sceleribus
2017 4888 2218 4934 exacta.
2249 4881 2340 4935 llla

770 4978 959 5022 cuncta
985 4982 1190 5022 sursum
1213 4966 1457 5020 deorsum
1481 4966 1725 5031 miscuit,
1750 4966 1837 5018 illa
1867 4968 2117 5037 quidquid
2146 4980 2229 5025 est
2254 4985 2345 5025 ca-

771 5059 1061 5111 lamitatum
1092 5056 1322 5119 invexit,
1366 5056 1448 5109 illa
1492 5056 1716 5108 armavit
1754 5054 1967 5121 hostes,
2018 5058 2100 5111 illa
2132 5060 2256 5113 fecit
2284 5071 2341 5116 ut

770 5147 1335 5202 victi'discederemus.
1364 5145 1479 5199 Non
1506 5144 1715 5198 aliunde
1744 5144 1896 5197 nobis
1922 5146 2180 5201 malorum
2211 5164 2337 5203 exa-

768 5252 889 5290 men
920 5237 1220 5301 inundavit,
1249 5251 1403 5305 quam
1425 5251 1489 5289 ex
1514 5233 1611 5287 hac
1634 5249 1809 5287 causa.
1844 5233 2069 5289 Proinde
2098 5239 2337 5305 quamvis

770 5327 1031 5380 Abraham
1050 5326 1312 5395 quispiam
1332 5334 1472 5380 esset
1493 5326 1579 5393 qui
1604 5326 1886 5393 imperaret
1910 5365 1923 5385 ,
1967 5328 2206 5393 quamvis
2231 5328 2339 5381 Mo-

768 5432 854 5470 ses
874 5458 887 5480 ,
917 5416 1151 5485 quamvis
1183 5415 1375 5477 David,
1401 5416 1642 5484 quamvis
1670 5412 1917 5469 Salomon
1946 5414 2031 5467 ille
2058 5416 2340 5483 sapientis-

768 5511 933 5560 simus
951 5546 966 5571 ,
988 5506 1223 5576 quamvis
1242 5504 1477 5558 omnium
1502 5504 1771 5558 hominum
1789 5502 2111 5572 justissimus
2136 5524 2147 5559 :
2177 5509 2220 5561 si
2243 5524 2338 5563 nos

833 5639 851 5703 ξ
887 5636 1265 5703 Aliuginwluit,
1287 5648 1389 5696 pro,
1414 5632 1702 5703 obambulat.
1771 5693 1781 5703 .
1927 5693 1937 5703 ι
2002 5695 2011 5703 _

835 5701 854 5727 ³
882 5693 1197 5760 Διὶιιειιιὼρι,
1215 5693 1349 5761 atque
1366 5693 1593 5754 servs'wu,
1612 5708 1717 5755 pro,
1735 5693 1871 5758 eique
1888 5693 2090 5758 gloriam
2108 5700 2333 5761 referunt.

1494 362 1550 419 S.
1588 358 1862 417 JOANNIS
1897 350 2364 411 CIIRYSOSTOSH
2402 350 2720 409 ARClllEP.
2761 352 3287 414 CONSTANTINOP.

3940 364 4048 419 104

2452 466 2587 520 male
2626 468 2880 532 vivimus,
2917 471 3045 525 nihil
3077 472 3296 528 interest
3323 473 3495 545 qualis
3526 472 3617 530 ille
3645 474 3741 539 sit,
3781 488 4037 547 quantum

2449 554 2514 608 ad
2542 571 2754 611 causam
2780 561 3057 615 malorum.
3088 562 3188 629 Qui
3214 564 3293 617 sic
3314 606 3329 630 ,
3357 575 3447 619 aut
3469 566 3673 636 quare?
3701 566 3965 633 Quoniam
3995 570 4039 623 si

2452 654 2809 717 transgressor
2832 649 3005 719 legum
3029 651 3219 719 fuerit,
3243 655 3289 708 si
3313 664 3511 710 temere
3536 657 3787 727 nulloque
3812 659 4039 713 consilio

2449 737 2683 805 feratur,
2714 751 2894 795 nostra
2924 743 3263 814 incogitantia
3296 756 3580 817 nostraque
3606 750 3883 803 temeritas
3910 750 4040 806 οιτο-

2449 826 2521 880 cit
2541 868 2555 890 ,
2586 837 2641 880 ut
2669 829 2824 884 talem
2852 832 3217 901 magistratum
3247 834 3561 892 haberemus
3581 877 3596 903 ,
3624 848 3805 892 nostra
3832 840 4037 895 scelera

2451 916 2654 986 plagam
2675 920 3052 974 accersierunt.
3081 922 3214 976 Nam
3239 923 3379 993 quod
3422 925 3707 981 secundum
3746 927 3910 983 corda
3938 944 4039 982 nn-

2450 1018 2557 1062 stra
2587 1010 2873 1079 accipimus
2901 1013 3237 1082 magistratus
3265 1016 3396 1070 nihil
3424 1017 3567 1071 aliud
3605 1030 3718 1085 est,
3743 1020 3847 1075 nisi
3892 1022 4037 1089 quod

2449 1099 2713 1167 praeterita
2768 1111 2980 1170 peccata
3022 1112 3201 1159 nostra
3248 1106 3403 1161 talem
3435 1108 3587 1161 nobis
3615 1108 3810 1165 dedere
3840 1109 4036 1179 pmic-

2448 1198 2592 1244 ctum
2614 1232 2629 1256 ,
2667 1191 2778 1246 sive
2809 1194 2925 1260 quis
2950 1192 3107 1249 fuerit
3134 1210 3199 1249 ex
3228 1196 3415 1251 ordine
3446 1198 3793 1265 sacerdotali,
3824 1201 3941 1256 sive
3976 1215 4043 1253 ex

2448 1295 2632 1335 eorum
2655 1299 2875 1338 numero
2900 1287 2985 1355 qui
3012 1287 3305 1342 mundanas
3329 1290 3697 1345 administrant
3721 1292 4035 1360 dignitates.

2447 1370 2699 1437 Quamvis
2740 1382 2916 1428 autem
2953 1374 3127 1443 justus
3176 1376 3368 1442 fuerit,
3421 1378 3661 1449 adeoque
3708 1380 3925 1449 justus,
3973 1393 4038 1437 If.

2449 1476 2615 1530 usque
2644 1462 2709 1516 ad
2749 1463 2908 1519 Mosis
2936 1465 3181 1520 virtutem
3205 1468 3487 1539 pertingat,
3513 1470 3648 1524 haud
3682 1482 3859 1529 tamen
3890 1473 4036 1529 illius

2448 1551 2602 1604 unius
2644 1552 2847 1621 justitia
2894 1556 3151 1611 immensa
3180 1558 3195 1588 ¹
3227 1557 3556 1614 subditorum
3591 1572 3805 1629 peccata
3836 1564 4037 1619 valebit

2447 1641 2737 1712 obtegere:
2783 1645 2941 1715 idque
2969 1648 3164 1716 poterit
3193 1650 3312 1719 quis
3337 1665 3403 1704 ex
3432 1652 3545 1721 ipso
3574 1652 3717 1709 Mose
3756 1666 3910 1709 certo
3936 1671 4035 1711 co-

2447 1748 2722 1801 gnoscere.
2752 1735 2886 1790 Cum
2915 1739 3057 1793 enim
3080 1740 3165 1794 ille
3188 1741 3369 1797 multis
3399 1743 3571 1797 modis
3596 1743 3825 1801 afﬂictus
3844 1746 4037 1803 fuisset

2450 1840 2545 1893 pro
2576 1824 2731 1880 Israel
2750 1868 2764 1891 ,
2798 1828 3157 1899 instanterque
3194 1832 3332 1901 apud
3363 1833 3531 1888 Deum
3558 1835 3944 1905 supplicasset,
3976 1848 4038 1892 ut

2450 1923 2647 1970 terram
2690 1918 3001 1985 promissam
3048 1920 3102 1973 in
3143 1930 3343 1976 sortem
3388 1923 3492 1977 illis
3536 1926 3804 1993 traderet,
3855 1936 4033 1983 tamen

2448 2006 2694 2074 quoniam
2735 2022 2794 2062 se
2832 2010 3055 2077 populus
3082 2010 3192 2064 suis
3230 2012 3463 2080 peccatis
3492 2013 3790 2069 reddiderat
3816 2016 3889 2071 ab
3934 2018 4035 2074 hac

2450 2096 2779 2162 promissone
2802 2097 3031 2152 alienum
3052 2140 3067 2164 ,
3093 2115 3199 2153 non
3227 2102 3395 2168 potuit
3425 2101 3584 2157 Mosis
3621 2102 3931 2171 deprecatio
3952 2108 4037 2177 ju-

2448 2194 2585 2237 stam
2616 2187 2707 2240 Dei
2737 2189 3049 2242 sententiam
3091 2189 3404 2258 immutare,
3433 2206 3539 2262 quo
3578 2192 3775 2249 factum
3799 2205 3859 2250 ut
3890 2206 4035 2252 totus

2448 2272 2534 2324 ille
2560 2273 2782 2341 populus
2826 2276 2875 2328 in
2903 2277 3115 2331 deserto
3146 2286 3589 2346 prosterneretur.
3619 2282 3868 2338 Attamen
3913 2287 4036 2356 quis

2447 2361 2588 2413 Mose
2613 2361 2830 2429 justior,
2859 2374 2950 2418 aut
2992 2366 3109 2435 quis
3155 2368 3270 2435 plus
3316 2369 3482 2423 valuit
3505 2372 3642 2441 apud
3699 2373 3909 2429 Deum?
3940 2376 4034 2429 Di-

2446 2460 2588 2502 ctum
2614 2461 2728 2514 est,
2755 2453 2930 2508 valere
2966 2454 3096 2522 justi
3134 2457 3591 2525 deprecationem,
3620 2461 3712 2515 sed
3754 2462 4032 2519 efﬁcacem

2449 2538 2587 2607 (Jac.
2607 2541 2660 2594 5.
2692 2541 2801 2610 ib),
2820 2542 2919 2598 hoc
2944 2554 3045 2611 est,
3068 2547 3376 2614 poenitentia
3400 2551 3854 2624 conversioneque
3875 2554 4031 2623 adju-

2449 2642 2552 2684 tam
2583 2646 2763 2687 eorum
2784 2673 2800 2699 ,
2844 2650 2940 2704 pro
2967 2637 3157 2706 quibus
3200 2637 3453 2694 funditur.
3502 2641 3595 2697 llis
3624 2658 3753 2699 vero
3774 2686 3791 2712 ,
3836 2647 4033 2715 quibus

2448 2737 2623 2777 mores
2663 2735 2877 2781 manent
2914 2726 3030 2783 sine
3077 2729 3386 2797 paenitentia
3416 2732 3650 2802 citraque
3676 2736 3869 2789 bonam
3896 2752 4033 2793 eon—

2447 2814 2741 2867 versioncm
2760 2855 2774 2879 ,
2801 2817 3066 2885 quomodo
3090 2820 3253 2887 possit
3273 2822 3515 2877 auxiliari
3534 2823 3658 2893 justi
3678 2826 3992 2896 deprecatio
4012 2870 4027 2894 ,

2445 2915 2564 2954 cum
2597 2902 2672 2954 illi
2702 2904 2799 2972 ipsi
2829 2906 2936 2960 suis
2963 2906 3112 2960 factis
3139 2908 3439 2964 obsistam?

2521 2992 2573 3046 5.
2606 2991 2672 3047 Et
2690 2994 2815 3063 quid
2833 3010 3313 3053 commemoramus
3334 3000 3435 3069 hoc
3452 3002 3707 3060 accidisse
3733 3006 3828 3061 toti
3856 3012 4031 3077 popa-

2447 3079 2499 3133 lo
2525 3082 2792 3149 peccanti,
2838 3099 2957 3138 cum
2998 3094 3051 3140 et
3096 3101 3379 3156 paucorum
3408 3090 3742 3149 subditorum
3771 3106 3988 3165 peccata
4009 3141 4027 3164 ,

2448 3175 2553 3225 imo
2574 3174 2725 3226 unius
2744 3188 2904 3243 saepe,
2924 3175 3065 3243 juste
3088 3176 3455 3246 imperantium
3475 3180 3716 3235 ﬁduciam
3739 3190 4031 3254 superent?

2448 3264 2619 3331 Atque
2662 3262 2761 3318 hoc
2803 3279 2985 3319 rursus
3024 3281 3088 3320 ex
3132 3268 3322 3322 eodem
3360 3269 3554 3339 populo
3584 3271 3875 3330 Israelitico
3903 3292 4031 3346 per-

2447 3352 2636 3419 Spicias
2666 3353 2879 3420 licebit;
2925 3356 3191 3425 quomodo
3217 3359 3422 3414 scilicet
3459 3360 3605 3418 Mose
3646 3366 4029 3435 rempublicam

2446 3440 2847 3497 administrante
2866 3485 2879 3507 ,
2910 3459 3028 3499 cum
3059 3446 3111 3500 in
3138 3455 3334 3502 terram
3359 3450 3774 3522 alienigenarum
3803 3456 4031 3527 irrupisv

2446 3542 2595 3599 sent,
2626 3548 2956 3604 pugnamque
2976 3540 3215 3595 cumillis
3228 3543 3643 3611 commisissent,
3666 3545 3877 3613 quidam
3906 3549 4029 3602 illo—

2447 3639 2564 3677 rum
2610 3625 2931 3681 insanientes
2975 3629 3027 3682 in
3067 3629 3276 3684 illorum
3321 3632 3597 3701 mulieres,
3642 3636 3801 3692 totius
3845 3641 4028 3709 populi

2445 3713 2650 3768 cladem
2674 3715 2993 3787 exitiumque
3016 3719 3350 3777 invexerunt.

2518 3806 2747 3861 Historia
2776 3810 2964 3863 Achar.
2985 3810 3133 3867 Iesus
3148 3812 3299 3869 Nave
3318 3816 3480 3885 ﬁgura
3502 3816 3627 3871 Jesu
3651 3816 3856 3874 Christi.
3884 3820 4029 3875 Aua-

2448 3897 2613 3950 thema
2636 3899 2777 3965 quid.
2804 3897 2967 3954 Unius
3002 3901 3275 3970 aliquando
3300 3913 3555 3974 peccatum
3578 3909 3671 3962 toti
3694 3912 3882 3980 populo
3911 3912 4028 3965 viu-

2447 3987 2633 4041 diclam
2677 3991 3200 4047 accersiI.—Simile
3229 3994 3497 4063 quidpiam
3544 3997 3595 4050 in
3645 4014 3752 4052 uno
3806 4000 4023 4066 accidit,

2447 4078 2690 4133 videlicet
2734 4080 2928 4145 Achar,
2959 4083 3047 4150 qui
3074 4098 3194 4137 cum
3224 4086 3427 4140 variam
3450 4102 3513 4141 ex
3541 4089 3885 4145 anathemate
3910 4101 4025 4146 sto-

2449 4169 2554 4222 lam
2580 4170 2911 4237 sustulisset,
2946 4174 3106 4227 etiam
3136 4175 3393 4231 adversus
3441 4179 3691 4247 populum
3741 4180 3874 4235 iram
3926 4183 4021 4238 Dei

2448 4260 2719 4314 succendit
2743 4260 2918 4332 (Iosue
2940 4264 3012 4332 7).
3040 4264 3255 4327 Verum.
3276 4274 3330 4319 ut
3345 4268 3591 4337 conjicio,
3609 4272 3879 4327 nonnullis
3894 4288 4025 4341 pra:-

2447 4352 2673 4404 sentium
2705 4353 2879 4420 ignota
2907 4362 2989 4407 est
3010 4353 3126 4408 hazc
3151 4355 3391 4411 historia.
3420 4357 3777 4424 Quamobrem
3805 4377 4025 4417 necesse

2446 4446 2546 4501 est,
2578 4448 2633 4491 ut
2661 4440 2840 4507 paucis
2865 4439 2931 4494 de
2956 4440 3055 4495 hac
3084 4444 3353 4511 loquntus,
3382 4454 3436 4500 et
3459 4447 3690 4503 scientes
3713 4464 4025 4505 commone-

2446 4527 2656 4594 faciam,
2686 4538 2741 4584 et
2768 4532 3063 4587 nescientes
3087 4532 3328 4589 doceam.
3362 4537 3537 4592 Achar
3559 4539 3735 4608 itaque
3759 4541 3858 4595 fuit
3886 4558 4024 4597 unus

2447 4631 2509 4671 ex
2536 4632 2720 4673 eorum
2750 4636 2972 4676 numero
3002 4624 3091 4691 qui
3134 4638 3253 4678 cum
3280 4624 3407 4679 Jesu
3432 4625 3577 4681 Nave
3608 4630 3871 4685 transiere
3902 4630 4023 4685 Jor-

2446 4707 2656 4772 danem,
2681 4714 2771 4779 qui
2790 4713 2948 4769 Jesus
2973 4715 3151 4769 fuerat
3176 4723 3301 4771 ante
3325 4716 3417 4770 Dei
3440 4716 3639 4786 judicio
3659 4718 3898 4777 delectus
3919 4763 3934 4787 ,
3966 4733 4022 4776 ut

2447 4799 2610 4869 Moysi
2636 4800 2960 4866 succederet,
3006 4804 3202 4874 quique
3233 4815 3412 4876 typum
3450 4822 3515 4863 ac
3557 4811 3779 4879 figuram
3804 4815 4023 4884 gerebat

2448 4891 2557 4943 veri
2590 4889 2886 4945 Servatoris
2923 4894 3087 4947 nostri
3129 4895 3253 4949 .lesu
3301 4896 3516 4952 Christi.
3561 4900 4018 4969 Quemadmodum

2445 4982 2588 5036 enim
2621 4982 2709 5035 ille
2732 4998 2763 5036 e
2791 4983 3007 5038 deserto
3030 4999 3123 5053 per
3149 4985 3437 5043 Iordanem
3477 4991 3529 5045 in
3559 4999 3754 5047 terram
3793 4996 4018 5063 promis-

2444 5090 2558 5130 sam
2613 5075 2855 5143 perduxit
2896 5078 3173 5146 populum,
3217 5081 3295 5133 sic
3322 5089 3377 5135 et
3421 5082 3671 5137 Servator
3717 5094 3900 5141 noster
3947 5102 4016 5142 ex

2446 5165 2753 5234 ignorantia:
2779 5174 2831 5219 et
2878 5165 3185 5223 idololatria:
3213 5170 3425 5227 deserto
3463 5188 3557 5242 per
3583 5183 3823 5229 sanctum
3844 5192 3906 5231 ac
3932 5193 4016 5233 sa-

2446 5255 2711 5309 lutiferum
2752 5254 3069 5323 baptismum
3098 5257 3151 5311 in
3198 5261 3462 5315 caelestem
3491 5262 3877 5334 Jerosolymam
3914 5283 4016 5322 nos

2447 5345 2696 5409 traduxit,
2728 5344 2793 5398 ad
2837 5355 3062 5400 matrem
3094 5349 3588 5418 primogenitorum,
3631 5353 3683 5407 in
3728 5371 3832 5425 qua
3871 5370 4016 5415 verae

2442 5437 2637 5505 quietis
2663 5448 2857 5506 parata:
2882 5446 3004 5493 sunt
3025 5441 3348 5506 mansiones,
3374 5442 3462 5496 ubi
3487 5443 3591 5498 vita
3624 5449 3887 5505 tumultus
3916 5468 4013 5506 ne-

2443 5531 2549 5584 scin
2579 5528 2920 5599 paciﬁcaquc.
2953 5531 3047 5584 Hic
3076 5532 3251 5602 itaque
3277 5547 3396 5587 cum
3419 5533 3535 5604 ejus
3568 5536 3765 5595 virtute
3786 5542 3877 5613 qui
3899 5543 4014 5611 jus-

2510 5704 2523 5733 ι
2564 5709 2687 5749 Unus
2709 5699 2871 5760 habet,
2897 5707 3074 5759 nostra,
3099 5713 3204 5763 pro,
3227 5698 3475 5756 immensa.
