4130 6316
751 279 863 335 105

731 395 950 466 Ορεύσει
985 407 1010 436 α
1041 396 1189 467 ἡμᾶς
1236 397 1300 448 ἐκ
1332 396 1427 466 τῆς
1461 397 1584 466 γῆς.
1636 397 2001 460 Ἐπικίνδυνος
2029 402 2060 469 ἡ
2099 399 2304 469 ἐντολὴ,

732 480 864 531 πολὺ
888 478 948 530 τὸ
971 479 1068 554 τῆς
1091 479 1376 547 ἀκριϐείας
1405 479 1497 532 τοῦ
1516 496 1574 531 τε
1602 480 2034 548 προστάσσοντος
2057 481 2190 532 Θεοῦ
2213 481 2306 534 καὶ

728 561 821 612 τοῦ
854 559 1271 630 νομοθετοῦντος
1300 559 1492 629 Ἰησοῦ.
1518 560 1642 623 Πῶς
1662 562 1770 631 γάρ
1793 564 1891 614 οὐκ
1905 559 1973 632 ἦν
1999 565 2056 616 ὲν
2068 563 2305 632 τοσούτῳ

729 641 924 712 πλήθει
967 643 1040 712 μὴ
1085 643 1465 713 παραϐαθῆναι
1509 643 1600 696 τὸν
1645 645 1806 714 νόμον
1854 645 2061 710 τοῦτον,
2096 645 2306 698 πολλῶν

727 725 894 778 ὄντων
920 725 1028 778 τῶν
1058 724 1442 778 συνωθούντων
1467 725 1602 796 πρὸς
1628 726 1817 789 τοῦτο;
1848 728 1918 778 Ἦ
1934 727 2043 797 γάρ
2060 726 2120 779 τὸ
2141 727 2309 791 ἀστά-

727 809 932 878 θμητον
967 809 1061 861 καί
1082 809 1142 860 τὸ
1165 808 1478 880 φιλοκερδὲς
1505 809 1599 860 τοῦ
1625 810 1820 879 δήμου,
1843 809 1876 879 ἢ
1897 810 1958 861 τὸ
1990 811 2064 879 μὴ
2098 811 2308 873 πάντας

726 892 1028 961 κατηκόους
1069 891 1320 959 γενέσθαι
1355 892 1454 961 τῆς
1490 890 1846 960 προτεθείσης
1885 892 2124 960 ἐντολῆς.
2177 893 2211 961 ἢ
2269 894 2302 961 ἡ

724 975 965 1027 ποικιλία
982 974 1089 1026 τῶν
1120 974 1328 1026 σκύλων
1352 973 1602 1042 καθάπερ
1627 973 1819 1045 δέλεαρ
1832 974 2188 1044 προκειμένη,
2211 977 2306 1028 καί⁵

720 1060 848 1120 τοὺς
879 1058 1105 1126 φιλοκτή
1117 1075 1284 1128 μόνας
1315 1057 1665 1120 δελεάζουσα,
1689 1058 1926 1120 εὐκόλως
1957 1057 2023 1110 ἂν
2050 1058 2184 1128 πρὸς
2205 1058 2305 1127 τὴν

723 1140 1036 1210 παράϐασιν
1069 1139 1442 1210 παρώρμησεν
1471 1141 1520 1194 δ.
1558 1140 1698 1192 Ἀλλ’
1725 1142 1875 1210 ὅμως
1905 1143 1932 1193 6
1964 1140 2126 1210 νόμος
2151 1132 2304 1203 οὗτος

721 1224 903 1292 ἐτέθη,
940 1223 1034 1275 καὶ
1080 1223 1217 1291 ὑπὲρ
1261 1222 1502 1292 κεφαλῆς
1550 1224 1579 1274 6
1608 1223 1706 1292 τῆς
1739 1223 2102 1293 παραδάσεως
2135 1221 2301 1275 αὐτοῦ

721 1307 964 1367 κίνδυνος
988 1307 1397 1376 ἑπεκρεμάσθη.
1433 1307 1498 1358 Τί
1529 1302 1624 1359 οῦν
1657 1305 1794 1375 μετὰ
1830 1306 2025 1373 τοῦτο;
2053 1307 2305 1359 Κατέπε-

720 1409 812 1444 σον
837 1389 905 1442 τά
926 1389 1102 1458 τείχη,
1137 1389 1230 1441 καὶ
1254 1383 1496 1458 ἐν’χερσλ
1527 1389 1636 1441 τῶν
1662 1389 2092 1459 πολιορκούντων
2117 1389 2184 1441 τά
2204 1389 2304 1457 τῆς

719 1472 928 1535 πόλεως
975 1472 1190 1539 ἐγένετο
1226 1471 1425 1524 πάντα.
1460 1471 1668 1533 Παντὸς
1705 1473 1883 1524 τοίνυν
1914 1471 2010 1524 τοῦ
2044 1471 2174 1525 λαοῦ
2201 1473 2302 1540 τὴν

717 1553 936 1624 ἐντολὴν
974 1554 1178 1623 ταύτην
1211 1553 1616 1624 διατηροῦντος,
1647 1555 1681 1624 ἡ
1709 1553 1806 1607 τοῦ
1843 1555 1960 1617 ἐνὸς
1991 1552 2304 1623 παράϐασις

717 1640 798 1701 εἰς
837 1637 985 1690 ἆπαν
1025 1636 1087 1688 τὸ
1149 1634 1354 1704 πλῆθος
1397 1636 1496 1706 τὴν
1535 1635 1627 1689 τοῦ
1680 1636 1818 1690 Θεοῦ
1851 1637 2057 1707 ἀνῆψεν
2109 1635 2299 1705 ὀργήν.

730 1717 1245 1787 Ἐπλημμέλησαν
1283 1717 1413 1786 γάρ,
1439 1719 1623 1787 φησὶν,
1653 1717 1804 1790 [104]
1828 1722 1882 1772 οί
1911 1719 2026 1772 vlo!
2065 1718 2302 1785 Ἰσραὴλ

716 1801 1136 1870 πλημμέλειαν
1150 1800 1444 1870 μεγάλην,
1470 1801 1568 1854 καί
1589 1802 2019 1870 ἐνοσφίσαντο,
2046 1801 2145 1855 καί
2161 1802 2303 1855 ἐλα-

718 1889 826 1940 σον
855 1884 975 1938 ἀπὸ
1010 1885 1111 1938 τοῦ
1155 1882 1556 1952 ἀναθήματος,
1590 1883 1689 1937 καί
1716 1884 1933 1938 ἐλαϐεν
1961 1886 2140 1952 Ἀχαρ
2169 1883 2303 1948 υίὸς

718 1966 939 2036 Χαρμεῖ
965 1965 1086 2021 ἀπὸ
1126 1965 1233 2019 τοῦ
1265 1966 1667 2036 ἀναθήματος,
1703 1968 1802 2020 καί
1840 1965 2107 2036 ἐθυμώθη
2153 1965 2302 2035 ὀργῇ

718 2053 932 2120 Κύριος
950 2050 1113 2115 οτοῒς
1136 2048 1291 2114 υἰοῒς
1320 2050 1577 2119 Ἰσραήλ.
1604 2051 1715 2104 Καὶ
1747 2051 1852 2122 μὴν
1872 2047 1952 2114 εἷς
1979 2046 2047 2121 ἦν
2064 2053 2091 2103 ὁ
2121 2050 2228 2117 πλη
2237 2067 2302 2120 μ-

720 2136 979 2206 μελήσας.
1029 2132 1156 2196 Πῶς
1200 2128 1293 2185 οῦν
1341 2133 1774 2204 ἐπλημμέλησαν
1817 2135 1866 2184 οἰ
1916 2133 2022 2185 υἰοὶ
2064 2133 2298 2203 Ἰσραὴλ,

716 2221 811 2272 καὶ
840 2216 1098 2286 ἐθυμώθη
1131 2214 1338 2287 Κύριος
1365 2219 1474 2278 τοῖς
1516 2217 1649 2278 υἱοῖς
1689 2215 1945 2286 Ἰσραήλ;
1987 2216 2148 2286 Ὁρᾷ;
2184 2216 2302 2280 πῶς

716 2307 749 2373 ἡ
795 2300 889 2355 τοῦ
939 2300 1058 2363 ἐνὸς
1106 2299 1349 2370 ἁμαρτία
1389 2302 1554 2352 παντὶ
1607 2297 1685 2368 τῷ
1737 2297 1852 2369 λαῷ
1889 2297 1986 2367 τὴν
2031 2299 2301 2369 τιμωρίαν

716 2385 1078 2456 προεξένησε;
1118 2382 1233 2445 πῶς
1271 2382 1406 2452 πρδς
1433 2382 1496 2434 τὺ
1527 2381 1729 2451 πλῆθος
1753 2383 1843 2434 τὸν
1875 2381 2006 2435 Θεὸν
2055 2381 2303 2446 ἐξεπολέ-

721 2485 933 2538 μωσενς
972 2465 1127 2518 Ἐπεὶ
1156 2460 1248 2517 οὖν
1269 2465 1328 2516 τὸ
1355 2465 1672 2534 παράνομον
1702 2464 1976 2535 ἐπράχθη,
1999 2465 2095 2518 καὶ
2127 2465 2300 2529 οὐδεὶς

714 2549 783 2621 ἦν
816 2553 844 2602 ὁ
873 2547 1151 2612 συνειδὼς,
1175 2547 1315 2617 πλὴν
1348 2547 1505 2617 μόνον
1538 2547 1633 2598 τοῦ
1666 2547 1735 2599 τὰ
1770 2547 1977 2618 κρύφια
2005 2547 2301 2614 γινώσκον-

713 2653 804 2697 τος
836 2633 995 2698 Θεοῦ,
1023 2633 1055 2701 ἠ
1088 2632 1185 2699 μὲν
1209 2629 1448 2698 τιμωρία
1472 2628 1716 2698 ἔμελλεν,
1750 2632 1777 2682 6
1801 2630 1857 2682 δὲ
1879 2629 2090 2701 πράξας
2119 2631 2298 2695 τοῦτο,

715 2717 816 2770 κᾶν
843 2715 1018 2768 ἐδόκει
1055 2713 1359 2774 λανθάνειν,
1393 2712 1508 2764 ἀλλ’
1541 2713 1689 2782 ὅμως
1720 2712 1826 2765 ὐπὸ
1852 2713 1946 2765 τοῦ
1975 2713 2295 2777 συνειδότος,

715 2802 789 2863 ὡς
843 2800 948 2852 ὐπὸ
996 2797 1168 2868 πυρὸς
1233 2796 1576 2861 κατεκαίετο,
1611 2791 1782 2849 Ἦλθε
1830 2795 2011 2850 τοίνυν
2060 2796 2154 2848 καὶ
2199 2797 2299 2866 τῆς

713 2883 943 2953 ἀπειλῆς
992 2881 1020 2932 6
1078 2879 1299 2950 καιρὸς,
1357 2879 1452 2932 καὶ
1509 2876 1604 2931 τοῦ
1665 2880 1902 2948 φανερὸν
1937 2878 2188 2944 γενέσθαι
2237 2879 2300 2931 τὸ

713 2967 1035 3037 ἁμάρτημα.
1069 2962 1407 3016 Ἀπέστειλε
1435 2961 1564 3031 γάρ,
1592 2962 1777 3032 φησὶν,
1812 2961 2049 3027 Ἰησοῦς
2076 2960 2299 3027 ἄνδρας

712 3051 832 3106 ἀπὸ
877 3047 1093 3117 Ἱεριχὼ
1125 3051 1210 3113 εἰς
1263 3045 1396 3099 Γαῖ.
1456 3047 1568 3099 Καὶ
1627 3045 1938 3111 ἀνέϐησαν
1984 3045 2113 3098 ἐκεῖ
2155 3045 2300 3100 ὡσεί

711 3135 1033 3203 τρισχίλιοι
1059 3131 1288 3198 ἄνδρες,
1317 3131 1416 3183 καί
1434 3131 1663 3198 ἔφυγον
1683 3128 1802 3182 ἀπὸ
1832 3128 2158 3196 προσώπου
2179 3127 2300 3182 τῶν

710 3217 948 3285 ἀνδρῶν
969 3215 1100 3278 Γαῖ,
1124 3215 1224 3267 καί
1253 3213 1620 3269 ἀπέκτειναν
1638 3212 1740 3266 ἀπ’
1757 3210 1959 3264 αὐτῶν
1982 3210 2301 3279 τριάκοντα

710 3301 810 3354 καί
839 3299 907 3363 ἐξ
947 3297 1192 3364 ἄνδρας,
1236 3297 1332 3348 καί
1367 3295 1709 3358 ἀπεδίωξαν
1736 3293 1980 3357 αὐτοὺς,
2019 3294 2117 3347 καί
2149 3311 2300 3348 συν-

709 3387 962 3453 έτριψαν
981 3381 1225 3446 αὐτοὺς,
1256 3381 1353 3432 καί
1382 3377 1648 3445 ἐπτοήθη
1677 3377 1716 3444 ἠ
1741 3377 1954 3445 καρδία
1983 3377 2092 3432 τοῦ
2118 3379 2294 3445 λαοῦ,

710 3468 808 3524 καί
838 3466 1076 3535 ἐγένετο
1107 3463 1309 3530 ὥσπερ
1335 3461 1512 3529 ὕδωρ.

783 3558 858 3617 ς’.
875 3552 1017 3621 Ὅρα
1039 3549 1168 3621 μιᾶς
1186 3545 1459 3617 ἁμαρτίας
1475 3543 1781 3616 εἴσπραξιν,
1803 3545 1904 3616 ὅρα
1927 3536 2140 3615 πληγὴν
2156 3545 2298 3598 ἀπα..

712 3634 1045 3706 ραμύθητον.
1099 3626 1195 3692 Εἷς
1241 3627 1661 3700 ἐπλημμέλησε,
1699 3627 1794 3680 καὶ⁹
1821 3629 1903 3690 εἰς
1949 3628 2164 3680 ἅπαντα
2206 3628 2297 3706 τὸ).ι

709 3703 880 3787 δῆμον
912 3718 939 3768 6
970 3715 1201 3775 θάνατος
1235 3712 1330 3763 καὶ
1373 3713 1406 3780 ἡ
1433 3710 1608 3762 δειλία
1640 3708 1900 3763 ἐπέπεσε.
1947 3710 2012 3761 Τί
2042 3710 2222 3773 τοῦτο,
2252 3703 2298 3763 ὧ

710 3798 977 3868 φιλάγαθε
999 3796 1242 3849 Δέσποτα
1263 3812 1278 3859 ;
1313 3794 1386 3844 Σὺ
1415 3787 1466 3843 εἴ
1490 3791 1650 3861 μόνος
1667 3791 1895 3854 δίκαιος,
1919 3792 2013 3843 καὶ
2045 3791 2221 3853 εὐθεῖς
2239 3794 2296 3845 αἰ

709 3883 918 3955 κρίσεις
948 3897 1062 3933 σου.
1095 3880 1170 3931 Σὺ
1204 3878 1420 3945 ἑκάστῳ
1451 3874 1593 3927 κατά
1625 3873 1696 3926 τά
1727 3876 1904 3927 οἰκεῖα
1936 3874 2072 3945 ἔργα
2102 3875 2296 3927 ἀπονέ-

711 3982 832 4035 μεις
877 3962 974 4032 τὴν
1025 3961 1228 4033 κρίσιν.
1277 3959 1348 4012 Σὺ
1379 3958 1538 4028 ἔφης,
1590 3957 1965 4028 φιλάνθρωπε,
2002 3958 2060 4010 ἐν
2087 3959 2154 4028 τῇ
2190 3955 2296 4027 ἰδίᾳ

707 4048 938 4100 ἕκαστον
965 4042 1352 4097 ἀποθανεῖσθαι
1380 4041 1646 4111 ἁμαρτίᾳ,
1681 4040 1773 4092 καὶ
1811 4039 1886 4110 μὴ
1921 4041 1948 4078 (ί
1977 4039 2135 4094 ἀλλον
2174 4040 2296 4093 ἀντὶ

706 4131 866 4182 ἄλλου
900 4125 1405 4198 τιμωρηθήσεσθαι.
1438 4125 1545 4185 Τίς
1590 4121 1684 4176 οῦν
1728 4122 1868 4192 αὐτη
1908 4125 1942 4194 ἡ
1971 4123 2152 4176 δικαία
2200 4142 2293 4178 σου

707 4216 886 4282 ψῆφος
914 4230 928 4278 ;
962 4210 1122 4263 Καλά
1152 4226 1244 4260 σου
1293 4207 1360 4259 τά
1387 4207 1586 4269 πάντα,
1621 4205 1815 4275 Κύριε,
1856 4208 1952 4259 καὶ
1981 4206 2102 4259 λίαν
2131 4206 2291 4270 καλά,

707 4299 800 4350 καὶ
832 4295 966 4367 πρὸς
996 4293 1056 4346 τὸ
1084 4291 1359 4362 συμφέρον
1379 4291 1512 4359 ἡμῖν
1538 4288 1983 4357 οἰκονομούμενα.
2017 4288 2178 4358 Δύμη
2209 4290 2295 4352 τίς

707 4385 843 4442 ἐστι,
891 4376 1075 4447 φησὶν,
1108 4377 1141 4445 ἡ
1180 4373 1464 4444 ἁμαρτία⁶
1511 4370 1705 4424 οὐκοῦν
1745 4370 2178 4440 ἐκπομπευέσθω
2205 4370 2292 4424 διὰ

705 4465 805 4531 τῆς
829 4459 1101 4531 τιμωρίας
1131 4460 1210 4519 εἰς
1244 4457 1476 4516 πάντας,
1512 4454 1596 4504 ἵνα
1628 4452 1702 4522 μὴ
1731 4454 1857 4515 τοὺς
1888 4453 2094 4514 πάντας
2129 4470 2294 4505 κατα-

705 4545 1037 4614 λυμήνηται,
1066 4541 1154 4592 ἵνα
1174 4538 1392 4606 γνόντες
1414 4536 1589 4604 πόσην
1604 4535 1833 4604 ἀπειλὴν
1867 4535 1964 4604 μία
1984 4534 2293 4603 παράϐασις

708 4628 882 4688 ἔτεκε,
907 4623 1126 4691 φύγωσι
1153 4622 1254 4690 τὴν
1280 4623 1344 4672 ἑκ
1373 4618 1636 4676 πλειόνων
1665 4617 2022 4687 ἀτελεύτητον
2051 4618 2288 4673 κόλασιν.

720 4709 863 4762 Ἰδὼν
890 4703 1005 4769 οὖν,
1033 4704 1217 4774 φησὶν,
1239 4705 1267 4754 6
1291 4700 1498 4771 Ἰησοῦς
1520 4700 1617 4770 τὴν
1644 4700 2013 4754 ἀνυπόστατον
2041 4700 2217 4770 φυγὴν
2243 4710 2290 4763 θ,

707 4789 956 4861 διέρρηξε
988 4787 1058 4839 τὰ
1103 4784 1292 4854 ἱμάτια
1337 4781 1523 4841 αὐτοῦ,
1554 4782 1648 4833 καὶ
1682 4781 1876 4836 ἔπεσεν
1914 4783 2008 4836 ἐπὶ
2038 4784 2136 4853 τὴν
2166 4784 2290 4852 γῆν,

708 4873 948 4933 ἐκείνους
966 4871 1091 4930 τοὺς
1119 4867 1348 4936 θρήνους
1369 4864 1687 4934 τραγῳδῶν,
1715 4864 1809 4927 οὓς
1832 4867 1865 4934 ἡ
1889 4865 2008 4917 θεία
2037 4867 2292 4936 σημαίνει

709 4956 919 5026 Γραφή.
944 4953 1008 5005 Τί
1042 4947 1134 5003 οῦν
1167 4952 1299 5019 πρὸς
1329 4946 1492 5000 αὐτὸν
1520 4948 1548 4998 6
1579 4945 1897 5014 Δεσπότης;
1940 4945 2288 5015 Ἀνοῐστηθι⁶

707 5039 808 5090 ἵνα
847 5037 904 5089 τί
949 5035 1102 5088 οὕτω
1138 5029 1615 5101 συμπέπτωκας,
1673 5027 2041 5096 Ἡμάρτηκεν
2080 5034 2113 5084 ό
2141 5031 2291 5095 λαός

707 5138 844 5183 σου,
886 5119 985 5172 καὶ
1033 5118 1262 5186 παρέϐη
1310 5114 1426 5182 τὴν
1457 5112 1752 5180 διαθήκην
1783 5129 1924 5180 μου,
1961 5113 2061 5164 καί
2099 5116 2171 5165 οὐ
2203 5112 2289 5181 μὴ

770 5336 794 5362 ⁸
822 5333 928 5383 Duo
970 5329 1287 5391 ἐξολοθρεύσῃ.
1337 5326 1464 5376 Infra
1487 5327 1830 5391 ποιραὸᾳθῆναι.
1878 5323 1933 5372 In
1968 5324 2096 5372 hanc
2120 5336 2290 5373 vocem

707 5404 847 5448 noun.
865 5393 1011 5441 Savil.
1047 5393 1096 5439 in
1120 5387 1269 5450 marg.
1296 5405 1367 5451 γρ.
1403 5387 1796 5451 παραϐιασθῇναιέ

774 5459 798 5498 b
831 5456 964 5505 Unus
986 5446 1249 5514 παράϐασιν
1269 5446 1594 5514 ἐξεκαλέσατο.
1618 5447 1745 5495 Ἀλλ’
1768 5447 1896 5508 ὅμως
1913 5448 1938 5494 6
1958 5446 2098 5508 νόμος
2121 5446 2286 5501 οὕτως.

709 5521 818 5569 Mox
845 5520 1030 5577 aliquot
1190 5511 1542 5577 ἀπεκρεμάσθηη

772 5567 799 5612 5
830 5567 964 5628 Unu's
986 5576 1099 5637 ὀργὴ
1127 5567 1326 5637 Κυρίου,
1343 5567 1491 5637 εἰςιυθ
1518 5571 1584 5618 ita
1617 5567 1741 5637 legi}
1764 5569 2007 5637 Ergsmps'.

769 5644 796 5680 ά
823 5630 1071 5700 ΟυίιιψιῖΔ
1085 5630 1210 5682 ῐῐιςεί
1222 5633 1362 5679 ἀλλον
1372 5631 1911 5700 ,ἀντι-τιμωρηθήσεσθαι.
1924 5630 2084 5692 ἑτέρου

771 5707 794 5735 e
813 5687 1248 5758 ἰ’ῗῇιίᾶνυπόστατον
1270 5693 1430 5754 φυγήν.
1461 5687 1689 5758 Ετάεῴυξ
1710 5693 1872 5748 vertit,
1887 5687 2052 5753 [again
2072 5687 2178 5758 sj§li
2196 5703 2289 5758 nqn

707 5750 937 5824 posse.'.-\L
959 5759 1168 5824 dubigari
1196 5750 1447 5824 pot'es},an
1474 5766 1531 5800 ea
1552 5754 1616 5824 sint
1633 5750 1892 5820 Chrysos};
1911 5750 2067 5800 niens.
2092 5750 2289 5824 ’Λγυπὸ-

706 5811 879 5876 ἆάἔον
908 5823 1054 5884 φυγήν
1074 5811 1210 5884 ίότίίέ
1223 5817 1348 5866 verli
1370 5824 1555 5876 posset,
1578 5811 1745 5874 fugam
1765 5812 1904 5877 cujus
1922 5825 2068 5862 causa
2088 5814 2159 5863 vel
2183 5825 2289 5870 ηψ-

708 5886 826 5940 ίιὟίιι
845 5881 936 5934 non
961 5881 1237 5944 apparebat.

1475 286 1532 342 S.
1568 283 1853 340 JOANNIS
1889 279 2379 343 CIIRYSOSTOMI
2421 284 2738 343 ARCHIEP.
2777 278 3320 340 CONSTANTINOP.

3888 295 4003 351 106

2415 399 2784 464 δυνήσονται
2817 399 2870 450 οι
2910 395 3026 449 υίοί
3068 393 3310 462 -Ἰσριιὴλ
3349 387 3569 457 στῆναι
3609 387 3758 440 κατὰ
3798 391 3992 456 πρόσ-

2414 497 2578 536 ωπον
2604 481 2720 534 τῶν
2744 477 2972 548 ἐχθρῶν
2993 476 3210 538 αὐτῶν,
3240 476 3351 540 ἓως
3372 475 3448 526 ἂν
3476 473 3724 540 ἐξάρητε
3746 472 3810 525 τὸ
3839 473 3990 526 dﬂi—

2411 568 2568 632 θημα
2588 563 2656 626 ἐξ
2690 561 2856 631 ὑμῶν
2879 559 3097 614 αὐτῶν.
3146 558 3273 627 Ἐκη
3284 555 3453 628 ρύχθη
3476 555 3652 607 τοίνυν
3675 557 3734 606 ἐν
3767 555 3844 624 τῷ
3872 553 3994 624 λαῷ

2409 646 2587 708 τοῦτο,
2625 646 2716 698 καὶ
2749 644 3012 714 μηνύεται
3035 643 3139 695 ὐπὸ
3172 641 3304 693 Θεοῦ
3326 643 3352 693 6
3382 641 3480 708 τὴν
3511 638 3822 709 παράϐασιν
3845 638 3992 708 πρά-

2411 729 2540 794 ξας·
2570 727 3027 795 συγκατατίθεται
3062 718 3234 786 οὗτος.
3285 721 3576 793 Ἀπεκρίθη
3616 721 3754 789 γάρ,
3789 721 3988 790 φησὶν,

2414 814 2592 883 ’Λχαρ
2645 810 2722 881 τῷ
2784 809 2989 879 Ἰησοῦ,
3037 809 3131 862 καὶ
3176 804 3362 860 εἶπεν
3414 803 3667 872 Ἀληθῶς
3720 804 3994 872 ἥμαρτον

2407 895 2688 948 ἐναντίον
2714 893 2820 947 τοῦ
2850 893 3069 960 Κυρίου
3093 889 3240 945 Θεοῦ
3281 887 3524 956 Ἰσραήλ
3544 903 3558 916 ·
3579 887 3732 942 οὕτω
3761 885 3858 940 καί
3885 886 3992 939 οῦ-

2409 994 2514 1041 τως
2533 977 2812 1043 ἐποίησα.
2841 973 3021 1030 Εἶδον
3041 975 3110 1027 ἐν
3133 972 3208 1040 τῇ
3227 969 3497 1041 προνομῇ
3515 968 3751 1036 στολὴν
3768 967 3990 1037 ψιλὴν,

2409 1061 2716 1126 ποικίλην,
2755 1060 2898 1112 λίαν
2935 1057 2954 1096 ί
2996 1055 3216 1124 καλὴν,
3261 1055 3360 1110 καί
3395 1054 3672 1107 διακόσια
3693 1052 3994 1122 δίδραχμα

2409 1141 2716 1211 ἀργυρίου,
2741 1142 2839 1195 καί
2870 1141 3161 1210 γλῶσσαν
3178 1141 3326 1208 μίαν
3347 1136 3588 1206 γρυσῆν
3611 1135 3992 1201 πεντήκοντα

2407 1224 2764 1293 διδράχμων,
2791 1223 2888 1278 καί
2918 1224 3269 1291 ἐνθυμηθεὶς
3294 1224 3533 1283 ἔλαϐον,
3558 1218 3706 1290 [105]
3734 1218 3831 1271 καί
3857 1216 3993 1271 ίδοὺ

2407 1306 2592 1360 ταῦτα
2639 1308 3037 1376 έγκέκρυπται
3067 1307 3135 1359 ὲν
3167 1305 3241 1373 τῇ
3274 1305 3352 1374 τῇ
3390 1305 3460 1357 ἐν
3487 1302 3561 1370 τῇ
3607 1301 3809 1368 σκηνῇ
3842 1316 3988 1370 μου.

2409 1389 2592 1443 Πάντα
2624 1375 2810 1444 λοιπὸν
2839 1391 2918 1453 είς
2964 1387 3193 1459 φανερὸν
3237 1389 3379 1457 ἀγει,
3420 1385 3605 1454 ἐπειδὴ
3648 1375 3853 1454 ἀψευδῆ
3895 1382 3994 1435 τὸν

2407 1472 2579 1526 ταῦτα
2625 1473 3086 1543 καταμηνύσαντα
3119 1470 3284 1541 ἐώρα,
3335 1469 3562 1541 σφοδρόν
3594 1478 3618 1516 8
3656 1485 3716 1520 τε
3753 1463 3865 1536 εἶχε
3896 1466 3995 1518 τὸν

2407 1556 2696 1626 ἐλέγχοντα
2730 1557 3002 1627 μάρτυρα.
3029 1556 3172 1628 Ὅρα
3191 1555 3247 1608 δέ
3270 1553 3360 1607 τόν
3382 1551 3738 1606 ἐπονείδιστον
3755 1552 3850 1604 καὶ
3869 1549 3993 1601 616-

2409 1639 2558 1708 θριον
2609 1638 2774 1692 αὐτοῦ
2828 1638 3056 1692 θάνατον
3079 1655 3093 1669 ο
3161 1635 3497 1705 Ἀνήνεγ-κε,
3551 1634 3749 1704 φησὶν,
3799 1632 3992 1686 αὑτὸν

2422 1723 2661 1788 Ἰησοῦς
2705 1725 2794 1788 εἰς
2823 1722 3098 1791 φάραγγα
3136 1719 3336 1788 Ἀχὼρ,
3375 1718 3474 1772 καί
3510 1718 3656 1784 τοὺς
3677 1716 3848 1781 υίοὺς
3873 1717 3990 1769 αὑ-

2409 1805 2534 1868 τοῦ,
2567 1805 2667 1859 καί
2697 1805 2806 1870 τὰς
2830 1804 3156 1874 θυγατέρας
3176 1802 3385 1867 αὐτοῦ,
3412 1800 3510 1855 και
3541 1799 3681 1866 τοὺς
3706 1799 3992 1869 μόσχους

2406 1889 2612 1953 αὑτοῦ,
2644 1890 2742 1943 καί
2767 1889 2840 1943 τὰ
2857 1887 3143 1957 ὑποζύγια
3161 1884 3372 1950 αὐτοῦ,
3403 1885 3502 1939 καί
3527 1883 3725 1938 πάντα
3743 1883 3817 1937 τὰ
3839 1881 3991 1948 πρό-

2407 1973 2555 2026 ϐατα
2586 1972 2795 2038 αὐτοῦ,
2841 1972 2941 2026 καὶ
2972 1972 3090 2040 τὴν
3128 1968 3375 2036 σκηνὴν
3408 1966 3616 2030 αὑτοῦ,
3656 1966 3756 2020 καί
3786 1964 3993 2019 πάντα

2407 2056 2523 2108 ὅσα
2552 2057 2838 2123 ὑπῆρχον
2883 2053 3044 2120 αὐτῷ
3078 2052 3177 2106 καί
3210 2052 3649 2117 ἐλιθοϐόλησαν
3673 2048 3827 2102 αὐτὰ
3863 2046 3992 2122 πᾶς

2419 2138 2666 2207 Ἰσραὴλ
2706 2140 2775 2193 ἐν
2807 2138 3020 2204 λίθοις.
3070 2135 3219 2205 Αὕτη
3257 2136 3358 2204 τῆς
3400 2132 3742 2205 παρανομίας
3787 2133 3822 2202 ὴ
3855 2129 3995 2183 άντ-

2406 2223 2678 2287 απόδοσις,
2729 2223 2902 2284 οὐτως
2944 2223 2977 2291 ἠ
3016 2219 3111 2273 τοῦ
3163 2216 3299 2272 Θεοῦ
3336 2215 3630 2278 mum;
3669 2216 3785 2267 ἐστι
3834 2212 3990 2282 δίκη.

2405 2306 2576 2359 Τοῦτο
2595 2306 2774 2359 τοίνυν
2794 2304 3012 2369 εἰδότες,
3039 2301 3252 2356 οἰκείων
3273 2302 3490 2370 ἁμαρτη
3501 2299 3686 2370 μάτων
3697 2295 3992 2367 εἴσπραξιν

2404 2389 2502 2460 τὴν
2532 2388 2640 2440 τῶν
2670 2386 2909 2457 ἀνιαρῶν
2939 2385 3125 2454 ἔφοδον
3168 2381 3508 2452 λογιζώμεθα
3543 2382 3633 2434 καί⁵
3680 2381 3805 2434 καθ’
3850 2378 3988 2432 ἐκάε-

2407 2489 2536 2542 στην
2561 2472 2628 2525 τὰ
2659 2469 2868 2524 ἑαυτῶν
2898 2467 3241 2533 ἐξετάζοντες
3274 2466 3613 2535 ἐγκλήματα,
3651 2462 3725 2534 μὴ
3753 2462 3990 2533 ἑτέροις,

2405 2555 2517 2607 ἀλλ’
2549 2555 2680 2624 ἡμῖν
2709 2553 2892 2614 αὐτοῖς
2913 2551 3009 2622 τὴν
3034 2550 3237 2604 τούτων
3261 2548 3653 2619 περιάπτωμεν
3677 2546 3878 2600 αἰτίαν.
3907 2546 3991 2598 Οὐ

2404 2637 2513 2707 γὰρ
2545 2640 2577 2708 ή
2612 2635 2720 2690 τῶν
2748 2634 3024 2708 ἀρχόντων
3061 2633 3219 2704 μόνον
3257 2628 3578 2700 ἀπροσεξία,
3617 2627 3752 2680 ἀλλά
3802 2625 3992 2696 πολλῷ

2407 2719 2608 2790 μᾶλλον
2622 2718 2689 2771 τά
2708 2719 2951 2788 ἡμέτερα
2979 2715 3296 2785 πταίσματα
3316 2713 3384 2766 τά
3404 2712 3549 2765 κακά
3570 2711 3989 2780 συνεισήγαγεν.

2400 2801 2559 2854 Οὖτω
2587 2803 2766 2853 τοίνυν
2799 2799 3030 2852 ἐνταῦθα
3060 2797 3492 2866 παραγινόμενος
3518 2795 3766 2855 ἕκαστος,
3795 2791 3892 2844 καὶ
3917 2790 3991 2843 τά

2402 2885 2576 2937 οἰκεῖα
2603 2883 2951 2952 λογιζόμενος
2987 2878 3434 2950 παραπτώματα,
3465 2876 3586 2928 οὗτε
3619 2875 3805 2946 ἕτερον
3839 2872 3990 2944 μέμ-

2400 2968 2575 3036 ψοιτο,
2609 2967 2702 3018 καὶ
2735 2965 2873 3036 μετὰ
2905 2965 3003 3035 τῆς
3031 2962 3412 3033 προσηκούσης
3444 2957 3696 3024 εὐταξίας
3719 2958 3820 3028 τὴν
3841 2973 3990 3028 παρ-

2401 3051 2568 3104 οὖσαν
2610 3049 2922 3118 άναπέμψοι
2944 3049 2970 3088 ιι
2997 3044 3321 3113 δοξολογίαν.
3342 3043 3580 3096 Ἔστιδὲ
3611 3045 3644 3111 ὴ
3672 3041 3989 3112 παρ’ήμῶν

2402 3133 2776 3203 άπαιτουμένη
2822 3129 3047 3196 εὐταξία
3074 3130 3296 3199 τοιαύτη
3319 3145 3334 3160 ι
3367 3128 3581 3198 πρῶτον
3633 3125 3751 3196 μὲν,
3799 3141 3988 3176 συντε-

2401 3217 2679 3289 τριμμένῃ
2712 3215 2922 3292 καρδίᾳ,
2950 3213 3350 3284 προσέρχεσθαι.
3380 3210 3458 3280 τῷ
3488 3208 3626 3279 Θεῷ,
3660 3207 3851 3292 ἔπειτα
3884 3208 3989 3261 καὶ

2401 3301 2462 3353 τὸ
2497 3304 2596 3371 τῆς
2631 3299 2857 3371 καρδίας
2892 3289 3025 3369 ἦθος
3073 3297 3159 3349 διὰ
3203 3295 3296 3348 τοῦ
3334 3293 3657 3364 φαινομένου
3700 3291 3989 3362 σχήματος

2402 3383 2792 3447 ὑποδεικνύειν,
2825 3382 2913 3436 διά
2956 3383 3052 3451 τῆς
3085 3380 3348 3443 στάσεως,
3387 3378 3474 3431 διὰ
3498 3377 3600 3446 τῆς
3639 3373 3747 3428 τῶν
3778 3372 3990 3444 χειρῶν

2400 3466 2673 3531 εὐταξίας,
2697 3466 2782 3518 διὰ
2805 3466 2905 3535 τῆς
2934 3464 3167 3535 πραείας
3185 3462 3279 3516 καὶ
3315 3458 3747 3528 συνεσταλμένης
3770 3457 3984 3526 φωνῆς.

2399 3550 2635 3605 Εὐκολον
2676 3548 2785 3618 γὰρ
2816 3547 2994 3610 τοῦτο,
3040 3545 3133 3599 καὶ
3178 3544 3343 3596 παντὶ
3370 3543 3448 3613 τῷ
3483 3540 3789 3611 βουλομένῳ
3819 3539 3990 3592 δυνα-

2403 3635 2514 3687 τόν.
2557 3634 2683 3696 DG);
2725 3627 2818 3685 οῦν
2858 3632 2936 3692 εἰς
2978 3629 3187 3690 πάντας
3227 3624 3735 3696 κατορθωθήσεται;
3782 3620 3988 3691 Θῶμεν

2400 3719 2612 3781 ἑαυτοῖς
2657 3717 2840 3786 νόμον,
2891 3713 2986 3766 καὶ
3023 3712 3266 3782 εἴπωμεν
3310 3712 3391 3763 ὅτι
3427 3706 3756 3778 κοινωφελὴς
3789 3706 3987 3777 ἐντολὴ

2400 3801 2731 3871 κατεϐλήθη,
2769 3800 2863 3853 καὶ
2889 3799 2969 3851 δεῖ
2993 3797 3199 3858 πάντας
3226 3795 3375 3865 ἡμᾶς
3400 3791 3656 3860 τοιαύτης
3688 3791 3988 3860 μετασχεῖν

2398 3885 2684 3953 ὠφελείας.
2719 3882 2815 3934 Διὰ
2847 3881 3003 3934 τοῦτο
3030 3880 3126 3933 καὶ
3169 3877 3266 3940 τὰς
3302 3878 3569 3938 ἀτάκτους
3597 3872 3990 3938 κατασιγάσωο

2402 3985 2501 4038 μεν
2527 3965 2731 4035 φωνὰς,
2760 3965 2852 4018 καὶ
2880 3963 2950 4015 τὰ
2972 3963 3080 4015 τῶν
3111 3962 3308 4030 χειρῶν
3331 3958 3770 4026 καταστείλωμεν
3793 3956 3901 4026 ἤθη
3935 3959 3986 4019 ἱ,

2398 4051 2690 4120 δεδεμένας
2727 4047 2930 4108 ταύτας
2963 4046 3391 4115 παριστάνοντες
3427 4042 3505 4112 τῷ
3539 4039 3693 4109 Θεῷ,
3749 4039 3844 4092 καὶ
3905 4040 3988 4112 μὴ

2399 4137 2509 4196 τοῖς
2525 4132 2788 4202 ἀκόσμοις
2815 4129 3186 4198 ἐπαιρομένας
3213 4125 3464 4195 νεύμασι.
3497 4124 3664 4177 Μισεῖ
3683 4121 3789 4193 γὰρ
3820 4121 3988 4175 τοῦτο

2399 4219 2494 4272 καὶ
2527 4215 2930 4285 ἀποστρέφεται
2954 4215 2982 4265 6
3015 4213 3171 4273 Θεὸς,
3205 4209 3390 4279 ὥσπερ
3429 4207 3520 4261 τὸν
3552 4203 3989 4275 συνεσταλμένον

2397 4300 2586 4369 ἀγαπᾷ
2624 4300 2718 4351 καὶ
2753 4296 3074 4367 προσίεταιο
3129 4293 3252 4345 Ἐπί
3289 4293 3425 4345 τίνα
3457 4290 3586 4361 γάρ,
3624 4290 3808 4360 φησὶν,
3850 4290 3988 4343 ἐπι-

2397 4383 2619 4448 ϐλέψω,
2650 4381 2784 4434 ἀλλ’
2817 4381 2854 4447 ἢ
2895 4378 2992 4430 ἐπί
3042 4377 3149 4429 τὸν
3188 4374 3381 4443 πρᾶον
3421 4374 3518 4426 καί
3561 4374 3842 4440 ἡσύχιον,
3877 4373 3988 4426 καί

2401 4462 2686 4533 τρέμοντά
2708 4479 2828 4531 μου
2851 4460 2994 4524 τοὺς
3023 4461 3244 4527 λόγους
3267 4473 3285 4518 ;
3312 4457 3569 4525 Εἴπωμεν
3595 4453 3864 4523 ἀλλήλοις,
3896 4455 3986 4507 ὅτι

2397 4548 2456 4600 οὐ
2504 4546 2745 4616 βούλεται
2775 4542 2923 4613 αὐτῷ
2964 4539 3513 4611 προσδιαλεγομένους
3547 4539 3693 4608 ἡμᾶς
3725 4537 3818 4589 καὶ
3846 4537 3982 4589 ἐαυ-

2395 4634 2507 4693 τοῖς
2537 4627 2906 4700 προσομιλεῖν,
2942 4625 3061 4677 οὐδὲ
3089 4623 3323 4691 ἀφέντας
3350 4623 3448 4689 τὴν
3487 4620 3624 4691 πρὸς
3668 4620 3826 4673 αὐτὸν
3855 4620 3982 4674 διάο

2395 4714 2559 4778 λεξιν,
2601 4711 2700 4775 τὰς
2731 4711 2840 4764 τῶν
2892 4711 3173 4778 παρόντων
3224 4707 3497 4758 ἀνακινεῖν
3532 4702 3838 4772 συντυχίας,
3882 4703 3985 4755 καὶ

2395 4797 2472 4868 τῷ
2502 4795 2746 4867 βορϐόρῳ
2773 4793 2900 4856 τοὺς
2926 4790 3270 4863 μαργαρίτας
3299 4789 3616 4857 ἀναφύρειν.
3645 4785 3982 4868 ’Υὸρινγγάρ

2397 4866 2623 4941 οἰκείαν,
2669 4878 2762 4930 καὶ
2799 4876 2858 4928 οὐ
2890 4873 3194 4941 δοξολογίαν
3227 4871 3287 4922 τὸ
3317 4869 3551 4921 τοιοῦτον
3591 4869 3821 4937 ἡγεῖται.
3854 4866 3981 4918 Κᾶν

2396 4979 2481 5023 τις
2504 4958 2788 5030 βουληθείη
2811 4956 3015 5025 ταύτην
3043 4953 3355 5026 παραϐῆναι
3380 4950 3477 5021 τὴν
3508 4949 3742 5019 ἐντολὴν,
3763 4949 3980 5002 ἐπιστο-

2401 5045 2644 5113 μίσωμεν
2679 5044 2724 5103 i,
2773 5040 2847 5102 ὡς
2904 5037 3189 5091 ἐπίϐουλον
3241 5038 3339 5106 τῆς
3382 5033 3655 5105 ἡμετέρας
3701 5031 3981 5113 σωτηρίας

2395 5111 2799 5193 άποδιώξωμεν,
2833 5121 2936 5184 ἔξω
2964 5120 3072 5173 τῶν
3107 5119 3408 5188 περιϐόλων
3435 5117 3532 5185 τῆς
3571 5114 3729 5182 ἁγίας
3771 5111 3981 5182 ἐκκλη-

2397 5210 2516 5271 σίας
2537 5207 2872 5275 ἐκὸάλωμεν.
2891 5203 3046 5257 Οὕτω
3068 5203 3176 5272 γάρ
3202 5200 3500 5261 ποιοῦντες,
3519 5197 3586 5250 τά
3615 5197 3711 5266 μὲν
3731 5196 3981 5264 πρότερα

2397 5293 2760 5362 ἁμαρτήματα
2787 5285 2981 5356 ῥᾳδίως
3001 5285 3395 5354 ἀπονιψόμεθα,
3412 5283 3570 5335 αὐτὸν
3585 5281 3640 5333 δέ
3657 5279 3745 5331 τὸν
3768 5277 3980 5329 Δεσπό-

2464 5441 2481 5479 ΐ
2509 5443 2730 5503 Προνομῇ
2755 5438 2927 5492 στολὴν
2951 5436 3168 5490 ποικίλην
3192 5435 3293 5481 λίαν
3320 5433 3484 5502 καλήν.
3513 5431 3620 5479 Duo
3651 5423 3734 5475 alii
3755 5431 3977 5534 προνομῇ

2464 5506 2534 5534 ...ιη
2557 5502 2772 5534 ..ηυνίὶνιυ
2799 5499 2906 5534 “iam
2929 5497 3091 5534 καλήν
3110 5496 3338 5534 Erasmus
3349 5503 3559 5534 nnorem
3579 5492 3776 5534 secutus
3817 5491 3977 5534 echo-

2395 5506 2534 5560 ψιλήν
2557 5491 2772 5555 ἕποικῖΧὴν
2799 5491 2906 5558 μίαν
2929 5497 3094 5554 καλήν.
3109 5496 3338 5546 Erasmus
3348 5494 3559 5555 priorem
3579 5492 3776 5538 secutus
3798 5491 3983 5536 lectio-

2397 5563 2657 5672 υρὲηὒμίαν
2675 5560 2989 5672 ἒαλέχὲρεη.

2563 5637 2654 5672 DUS
2707 5638 2770 5672 σφ
2870 5657 2881 5667 .

2457 5627 2481 5663 ε
2519 5621 2654 5672 Unus
2675 5621 2881 5682 ἀσφαλῆ.

2456 5686 2484 5722 h
2509 5686 2646 5734 Unus
2688 5682 3031 5743 ἀναπέμψοιτο.
3055 5679 3195 5730 Alius
3221 5678 3306 5734 τὴν
3329 5677 3597 5738 πρέπουσαν
3622 5670 3981 5733 ἀναπέμψαιτο,

2513 5749 2660 5794 male.

2513 5761 2660 5794 male.

2394 5761 2492 5847 no?
2513 5808 2651 5856 Alius
2665 5805 2744 5852 καὶ
2766 5805 2851 5860 τὴν
2871 5805 2966 5850 τῶν
2989 5802 3160 5865 χειρῶν
3184 5799 3565 5858 καταστείλωμεν
3585 5793 3845 5842 συνήθειαν.

2463 5872 2477 5921 j
2511 5868 2643 5917 Unus
2664 5867 2869 5925 ἐντολὴν,
2894 5865 3264 5927 ἐπιτιμήσωμιν,
