4148 6306
168 382 271 438 105

173 483 309 529 serat
336 469 611 528 lsraelitas
637 469 1038 537 transmisisset,
1090 467 1517 538 admoﬁssetque
1539 468 1744 523 exerci-

175 575 279 619 tum
327 575 518 621 contra
562 565 815 632 Iericho,
862 578 1052 619 novam
1099 563 1243 617 illam
1297 572 1352 618 et
1386 562 1749 617 admirandam

174 657 505 712 obsidionem
533 657 778 719 moliens,
809 670 933 709 mox
955 654 1173 709 ruituris
1202 654 1486 718 mmnibus,
1518 652 1642 723 quid
1672 652 1751 707 lo-

172 749 347 817 quitur
396 746 537 816 apud
578 745 860 815 populum?
884 744 997 797 Erit
1035 744 1300 796 anathema
1336 746 1441 797 hare
1469 743 1678 797 civitas:
1704 751 1752 797 et

171 838 417 908 quidquid
446 847 518 890 est
546 837 599 889 in
628 852 705 897 ea,
738 834 959 889 Domino
982 835 1228 898 Sabaoth,
1258 844 1465 902 excepta
1485 833 1628 887 Raab
1655 849 1754 887 me-

172 931 364 991 retrice,
399 929 530 981 hanc
554 925 826 980 servabitis.
853 924 1031 980 Cavete
1056 924 1214 995 igitur
1240 924 1303 976 ab
1330 924 1667 989 anathemate,
1690 938 1753 977 ne

171 1019 373 1087 quando
402 1018 675 1087 cogitantes
705 1016 915 1069 sumatis
937 1031 1000 1069 ex
1028 1030 1106 1078 eo,
1134 1023 1181 1066 et
1208 1013 1427 1083 perdatis
1452 1030 1543 1067 nos
1576 1012 1752 1083 (Iosue

172 1112 222 1164 6.
254 1111 337 1165 ΓΙ.
368 1110 484 1177 18).
515 1109 838 1163 Consecrata
864 1114 1010 1169 sunt,
1055 1106 1245 1174 inquit,
1279 1105 1455 1159 omnia
1485 1120 1603 1174 quae
1627 1113 1751 1159 sunt

172 1202 220 1254 in
259 1200 519 1255 civitate:
549 1215 669 1252 nam
700 1199 751 1253 id
797 1206 952 1252 sonat
980 1196 1290 1251 anathema.
1329 1193 1406 1250 Ne
1431 1196 1549 1265 quis
1590 1194 1752 1264 igitur

171 1290 466 1345 sull'uretur
495 1305 560 1344 ex
589 1290 651 1343 iis
681 1304 798 1359 qua:
824 1296 1134 1342 consecrata
1188 1295 1312 1341 sunt
1356 1286 1579 1340 Domino
1618 1286 1747 1349 Deo,

172 1399 377 1453 nosque
406 1381 680 1451 disperdat
719 1395 753 1436 e
798 1390 956 1435 term.
991 1380 1353 1435 Periculosum
1395 1387 1511 1432 erat
1556 1392 1753 1447 prince-

173 1488 338 1544 ptnm,
366 1476 534 1529 multa
560 1473 831 1542 diligentia
861 1482 969 1526 tum
1011 1473 1101 1527 Dei
1131 1470 1514 1541 prmcipientis,
1543 1478 1654 1524 tum
1678 1469 1753 1523 le-

169 1584 290 1638 gem
317 1567 541 1623 ferentis
567 1566 710 1621 Iesu.
743 1565 844 1633 Qui
876 1565 1018 1619 enim
1060 1564 1174 1619 ﬁeri
1212 1564 1403 1633 potuit,
1436 1570 1493 1616 ut
1521 1562 1574 1616 in
1607 1571 1751 1617 tanta

170 1659 515 1715 multitudine
538 1674 643 1713 non
672 1658 962 1713 violaretur
989 1658 1103 1711 haec
1139 1656 1246 1719 lex,
1278 1670 1399 1709 cum
1441 1654 1619 1709 multa
1662 1668 1752 1709 res

169 1762 374 1819 essent,
418 1767 538 1822 quae
568 1750 673 1805 huc
718 1749 1090 1820 impellerent?
1137 1747 1267 1801 Nam
1314 1748 1396 1802 vel
1439 1746 1754 1803 instabilitas

172 1846 289 1913 ejus
318 1844 503 1913 p0puli
528 1843 769 1911 luorique
794 1841 1076 1910 cupiditas,
1104 1840 1187 1894 vel
1232 1839 1371 1909 quod
1416 1854 1522 1893 non
1566 1854 1753 1894 omnes

169 1936 500 1991 audivissent
534 1933 669 1989 edici
692 1939 1011 2001 praeceptum
1032 1970 1047 1994 ,
1077 1931 1161 1985 vel
1194 1930 1481 2000 spoliorum
1527 1933 1752 2000 pretium

170 2028 315 2081 velut
342 2040 466 2082 esca
488 2025 715 2093 objecta,
744 2022 1079 2092 habendique
1096 2022 1281 2077 avidos
1302 2022 1568 2088 illectans,
1600 2022 1753 2079 facile

171 2118 235 2171 ad
257 2117 392 2185 legis
422 2114 897 2186 transgressionem
921 2113 1256 2183 perpulisset.
1292 2113 1357 2167 Et
1382 2124 1554 2167 tamen
1576 2128 1637 2167 ea
1667 2112 1751 2166 lex

172 2219 287 2263 emt
314 2210 453 2274 lata,
498 2218 655 2277 atque
683 2221 868 2261 eorum
890 2205 1047 2274 capiti
1076 2204 1514 2275 transgressionis
1545 2204 1754 2272 pericu-

173 2305 282 2357 lum
308 2302 638 2356 imminebat.
669 2299 804 2366 Quid
847 2300 1005 2369 igitur
1052 2307 1170 2367 post
1199 2297 1351 2352 lucc?
1391 2296 1756 2353 Concidcrunt

174 2393 394 2459 muenia,
417 2402 473 2447 et
503 2391 756 2462 quidquid
800 2400 918 2445 erat
949 2390 999 2443 in
1027 2390 1243 2444 civitate
1280 2388 1423 2443 venit
1468 2389 1521 2443 in
1566 2404 1755 2444 manus

172 2485 551 2541 obsidentium.
598 2482 779 2551 Itaque
804 2496 927 2536 cum
970 2481 1246 2535 universus
1273 2480 1492 2550 populus
1520 2488 1755 2535 servaret

176 2577 274 2632 hoc
314 2584 669 2648 praeceptum,
736 2574 891 2627 unius
936 2571 1299 2641 prtevaricatio
1351 2572 1401 2625 in
1453 2571 1753 2625 universam

174 2668 571 2724 multitudinem
594 2664 879 2721 concitavit
899 2664 1029 2720 iram
1052 2664 1165 2719 Dei.
1184 2663 1543 2727 Peccauerunt,
1562 2663 1751 2732 inquit,

175 2760 268 2825 ﬁlii
296 2759 466 2813 Israel
487 2766 746 2827 peccatum
762 2771 1023 2826 magnum,
1051 2764 1098 2807 et
1127 2752 1364 2819 stt/furati
1384 2764 1522 2814 sunt,
1546 2763 1592 2806 et
1618 2770 1755 2805 smn-

176 2860 383 2920 pserunt
399 2866 467 2904 ea:
486 2848 822 2911 anathemate,
837 2855 881 2899 et
899 2845 1113 2914 sumpsit
1135 2845 1303 2897 Achar
1318 2845 1453 2910 ﬁlius
1474 2842 1674 2896 Charmi
1694 2858 1756 2896 ω

175 2946 513 3010 anathemate,
557 2952 603 2996 et
639 2942 905 3012 indignata
946 2950 1019 2994 est
1067 2941 1147 2992 ira
1187 2937 1393 2991 Domini
1440 2936 1560 3002 ﬁliis
1594 2933 1756 2987 Israel

176 3037 310 3109 (Ias.
331 3037 388 3090 'l.
418 3036 499 3105 l).
527 3034 686 3102 Atqui
715 3046 852 3085 unus
872 3040 987 3085 erat
1007 3029 1095 3097 qui
1126 3035 1449 3097 peccaverat.
1479 3025 1756 3091 Quomodo

176 3132 333 3201 igitur
359 3133 715 3199 peccaverunt
743 3123 833 3178 lilii
866 3122 1049 3187 Israel,
1097 3136 1158 3176 ac
1187 3118 1442 3174 Dominus
1482 3118 1645 3170 iratus
1672 3119 1757 3169 est

177 3223 295 3276 iliis
326 3219 524 3275 Israel?
568 3216 727 3272 Vides
748 3214 1013 3286 quomodo
1034 3213 1192 3268 unius
1235 3218 1509 3281 peccatum
1539 3206 1631 3261 toti
1656 3220 1754 3275 po-

174 3313 296 3382 pulo
324 3310 619 3365 vindictam
648 3305 928 3361 accersiit?
976 3300 1249 3378 .quomodo
1296 3300 1461 3355 Deum
1500 3297 1755 3351 adversus

174 3402 570 3458 multitudinem
593 3399 798 3453 hostem
828 3395 1095 3452 reddidit?
1114 3394 1373 3461 Quoniam
1401 3391 1556 3458 igitur
1582 3388 1755 3442 fuerat

169 3504 481 3565 perpetrata
506 3490 638 3560 legis
665 3489 1041 3559 transgressio,
1096 3500 1267 3554 neque
1320 3484 1595 3553 quisquam
1639 3487 1755 3533 erat

170 3584 441 3645 conscius,
471 3588 666 3650 praeter
683 3579 855 3633 solum
878 3577 1042 3632 Deum
1068 3576 1155 3645 qui
1183 3575 1330 3628 novit
1353 3573 1579 3635 occulta,
1622 3570 1753 3625 ultio

168 3677 387 3747 quidem
422 3672 802 3729 differebatur:
836 3679 1090 3725 catterum
1130 3668 1219 3737 qui
1251 3666 1355 3720 hoc
1401 3672 1749 3734 perpetrarat,

170 3766 389 3823 tametsi
435 3764 714 3820 videbatur
758 3763 944 3827 latere,
973 3770 1151 3814 tamen
1187 3773 1219 3813 a
1261 3757 1580 3813 conscientia
1610 3755 1752 3809 velut

167 3860 239 3915 ab
263 3861 388 3929 igne
414 3858 690 3912 urebatur.
722 3853 877 3909 Venit
902 3852 1062 3923 igitur
1078 3860 1287 3920 tempus
1306 3864 1413 3920 quo
1432 3850 1581 3903 [ierat
1606 3846 1749 3917 quod

165 3950 531 4005 comminatus
556 3946 726 4000 fuerat
749 3945 914 4011 Deus,
936 3956 1147 4014 quoque
1169 3952 1441 4010 peccatum
1466 3939 1672 3994 veniret
1697 3938 1749 3991 in

165 4037 531 4109 propatulunt.
565 4034 726 4097 Misit,
759 4033 950 4103 inquit,
1002 4030 1152 4085 Iesus
1186 4031 1316 4084 viros
1352 4029 1414 4083 ab
1447 4026 1653 4082 Iericho
1692 4027 1749 4080 in

166 4129 284 4184 Gai.
316 4128 385 4182 Et
426 4128 756 4180 ascenderunt
781 4125 902 4178 illuc
929 4123 1024 4177 viri
1050 4127 1155 4193 fere
1181 4132 1256 4176 ter
1281 4120 1437 4187 mille,
1480 4119 1745 4189 fugerunt-

160 4237 261 4287 que
309 4236 344 4272 a
387 4218 518 4289 facie
553 4218 773 4270 virorum
804 4212 937 4282 Gai,
968 4223 1014 4266 et
1038 4212 1324 4277 occiderunt
1365 4226 1430 4265 eo;
1472 4210 1574 4263 illis
1616 4209 1748 4262 viros

161 4313 378 4381 triginta
403 4326 509 4373 sex,
537 4318 583 4361 et
610 4307 892 4378 persequuti
917 4316 1033 4360 sunt
1058 4321 1141 4359 eos
1157 4346 1171 4370 ,
1201 4314 1245 4358 et
1269 4302 1588 4357 conciderunt
1607 4299 1743 4366 illos,

160 4411 208 4453 et
248 4401 455 4467 expavit
483 4413 571 4451 cor
598 4396 796 4467 populi,
841 4400 1124 4467 {actumque
1164 4404 1235 4447 est
1263 4396 1396 4446 velut
1430 4408 1565 4461 aqua
1608 4388 1743 4463 (Ios.

160 4493 211 4544 7.
238 4491 297 4544 2.
331 4490 389 4543 s.
420 4490 501 4558 5).

228 4581 288 4635 6.
314 4577 457 4632 Vide
475 4578 629 4632 unius
653 4577 857 4646 peccati
882 4590 1117 4646 prunam,
1142 4575 1264 4630 vide
1282 4572 1489 4645 plagam
1511 4570 1745 4626 acerbis-

152 4673 378 4725 simam.
420 4668 569 4724 Unns
622 4678 885 4737 peccarat,
932 4676 987 4722 et
1030 4667 1083 4721 in
1134 4666 1384 4735 populum
1439 4662 1741 4717 universum

152 4778 307 4816 mors
336 4776 401 4815 ac
428 4761 706 4829 trepidatio
735 4759 908 4813 irruit.
939 4757 1077 4825 Quid
1102 4757 1224 4822 hoc,
1256 4770 1290 4810 ο
1311 4755 1450 4810 bone
1484 4751 1741 4808 Domine?

148 4855 235 4910 Tu
263 4854 420 4910 solus
444 4853 649 4923 justus,
679 4861 735 4907 et
760 4862 908 4907 recta
939 4850 1135 4921 judicia
1167 4860 1275 4904 tua.
1304 4848 1381 4903 Tu
1418 4847 1609 4915 cuique
1657 4859 1745 4900 se-

149 4947 396 5001 cundum
438 4945 647 5014 propria
672 4944 809 4998 facta
860 4943 1035 4998 reddis
1075 4942 1352 5012 judicium.
1379 4942 1495 5008 Tu,
1525 4940 1741 4995 humani

143 5036 379 5109 generis
421 5044 659 5099 amator,
714 5033 925 5087 dixeras
972 5034 1027 5086 in
1073 5045 1171 5086 suo
1217 5046 1483 5101 quemque
1522 5039 1741 5101 peccato

145 5128 505 5187 moriturum,
531 5139 628 5178 nec
655 5123 816 5178 alium
846 5138 943 5193 pro
968 5123 1072 5177 alio
1096 5122 1341 5176 daturum
1365 5136 1565 5191 pmnas.
1588 5120 1741 5189 Quod

144 5223 319 5293 igitur
363 5219 465 5271 hoc
484 5226 568 5272 est
614 5227 760 5270 tuum
778 5215 975 5285 justum
1003 5215 1304 5285 judicium?
1332 5215 1472 5269 Bona
1503 5224 1626 5269 sunt
1650 5224 1738 5269 tua

140 5314 363 5375 omnia,
412 5310 656 5372 Domine,
686 5316 741 5363 et
764 5306 919 5362 valde
943 5308 1081 5361 bona
1100 5348 1116 5372 ,
1159 5315 1214 5361 et
1234 5306 1301 5360 ad
1327 5316 1558 5361 nostram
1590 5306 1736 5361 utili-

140 5419 316 5461 tatem
342 5403 669 5472 dispensata.
690 5398 830 5455 Lues
844 5399 1106 5470 quadam,
1125 5400 1311 5469 inquit,
1329 5410 1412 5455 est
1427 5410 1698 5470 peccatum
1718 5416 1734 5452 :

135 5512 278 5567 ergo
314 5509 412 5564 per
434 5492 692 5546 ultionem
717 5490 989 5559 evulgetur
1015 5504 1079 5545 ac
1115 5489 1419 5545 traducatur
1447 5490 1584 5559 apud
1614 5505 1733 5545 om-

138 5603 264 5652 nes,
287 5599 362 5639 ne
380 5588 693 5651 corrumpat
714 5594 919 5643 omnes,
949 5589 1008 5634 ut
1030 5580 1119 5635 ubi
1140 5582 1486 5650 cognoverint
1512 5593 1735 5650 quantas

143 5679 332 5735 minas
360 5690 465 5731 una
493 5672 763 5745 pepererit
784 5671 1135 5741 transgressio
1152 5711 1170 5740 ,
1201 5670 1404 5743 fugiant
1432 5672 1586 5743 longe
1610 5688 1732 5743 gra-

144 5774 354 5829 liorem
400 5778 767 5838 :eternamque
818 5764 1124 5822 vindictam.
1176 5765 1372 5824 Videns
1420 5766 1595 5839 igitur,
1645 5767 1727 5820 in-

1190 354 1257 413 ΙΝ
1294 355 1518 421 ILLUD,
1558 352 1693 410 VIDI
1732 354 2053 423 DOMINUM,
2094 356 2325 413 HOMIL.
2363 358 2406 417 Ι.

3315 374 3427 432 106

1856 473 1989 542 quit,
2020 472 2175 528 Iesus
2197 473 2370 543 fugam
2396 471 2546 543 cujus
2571 487 2728 527 causa
2776 473 2952 544 ignota
2998 483 3109 531 erat
3159 475 3274 531 sisti
3324 493 3429 533 non

1856 579 2032 635 posse,
2057 564 2273 619 discidit
2321 564 2637 620 vestimenta
2660 581 2780 627 sua,
2803 579 2866 620 ac
2909 576 3204 634 prostratus
3247 576 3326 622 est
3376 569 3431 623 in

1858 664 2075 718 terram,
2106 668 2167 708 ea
2196 653 2487 723 lugubriter
2516 655 2744 709 lamenta
2775 654 3067 724 proferens,
3106 667 3434 728 qumnarrat

1855 747 2030 801 divina
2061 744 2354 816 Scriptura.
2381 744 2517 813 Quid
2547 746 2705 817 igitur
2732 747 2806 800 illi
2834 747 3111 817 respondit
3138 750 3434 806 Dominus?

1857 837 2056 908 Surge;
2083 853 2172 891 cur
2197 839 2267 890 ita
2290 845 2568 906 prostratus
2576 838 2718 906 jaces
2738 838 2765 893 Ρ
2790 837 3021 892 Peccavit
3044 841 3259 911 populus
3286 852 3430 908 tuus,

1855 938 2195 998 transgressus
2217 936 2288 983 est
2317 936 2520 999 pactum
2560 945 2743 995 meum,
2784 945 2875 983 nec
2903 939 3135 998 poterunt
3166 939 3303 987 stare
3339 934 3436 999 ﬁlii

1855 1018 2020 1073 Israel
2040 1029 2218 1073 contra
2246 1019 2425 1089 faciem
2450 1018 2667 1073 hostium
2687 1036 2914 1086 suorum,
2941 1020 3100 1076 donec
3131 1022 3436 1078 sustuleritis

1855 1109 2124 1163 anathema
2164 1125 2229 1163 ea:
2255 1108 2391 1163 vobis
2430 1109 2552 1179 ipsis
2582 1107 2713 1180 (Ios.
2746 1110 2796 1162 'I.
2822 1110 2910 1164 10.
2942 1110 3053 1183 12).
3106 1111 3437 1167 Praedicatur

1858 1201 2014 1271 igitur
2055 1200 2156 1255 hoc
2182 1202 2232 1255 in
2261 1200 2473 1270 pOpulo,
2502 1208 2557 1255 et
2582 1215 2609 1253 a
2642 1202 2751 1257 Deo
2778 1200 3037 1270 proditur,
3066 1204 3157 1273 qui
3184 1205 3285 1259 hoc
3308 1218 3433 1275 per-

1858 1299 2089 1361 petrarat
2120 1309 2133 1345 :
2164 1293 2249 1346 ille
2274 1292 2484 1347 fatetur.
2518 1291 2804 1362 Respondit
2834 1294 2999 1360 enim,
3042 1293 3231 1367 inquit,
3256 1294 3435 1351 Achar

1854 1384 1981 1438 Iesu
2010 1383 2195 1438 dicens
2233 1402 2245 1437 :
2284 1383 2410 1439 Vere
2437 1386 2635 1455 peccavi
2673 1386 2725 1437 in
2770 1395 3035 1455 conspectu
3082 1385 3289 1442 Domini
3337 1386 3433 1442 Dei

1856 1472 2054 1539 Israel;
2077 1475 2151 1527 sic
2176 1483 2223 1530 et
2248 1475 2319 1529 sic
2343 1475 2458 1545 feci.
2503 1473 2739 1530 Videbam
2765 1476 2818 1529 in
2847 1476 3019 1547 praeda
3058 1479 3240 1533 stolam
3265 1479 3432 1534 varie-

1854 1576 2022 1636 gatam
2053 1582 2212 1619 unam
2240 1564 2320 1636 (a)
2346 1566 2637 1633 pulchram,
2682 1566 2994 1636 ducentaque
3018 1568 3214 1639 argenti
3251 1569 3434 1623 didra-

1854 1657 2001 1709 cltma
2020 1698 2036 1723 ,
2082 1666 2127 1710 et
2153 1656 2379 1728 linguam
2417 1673 2570 1711 unam
2596 1673 2801 1711 auream
2816 1658 3176 1729 quinquaginta
3195 1658 3433 1714 didrach-

1857 1768 2080 1817 morum,
2108 1762 2155 1805 et
2185 1750 2545 1819 concupiscens
2569 1752 2700 1820 cepi,
2733 1760 2780 1804 et
2816 1767 2928 1804 ecce
2948 1752 3057 1804 haec
3081 1751 3283 1818 defossa
3308 1758 3430 1803 sunt

1855 1843 2001 1897 humi
2021 1845 2077 1895 in
2098 1839 2436 1895 tabernaculo
2458 1857 2570 1894 meo
2594 1839 2755 1911 (Ibid.
2778 1858 2825 1895 v.
2852 1840 2954 1907 20;
2981 1838 3295 1910 21).Omuia
3314 1838 3428 1908 jam

1856 1936 1910 1991 in
1940 1943 2183 2005 apertum
2201 1931 2430 2002 profert,
2460 1940 2811 2002 posteaquam
2836 1932 3113 2002 perspexit
3132 1931 3281 1986 illum
3316 1946 3430 1987 om-

1853 2029 1946 2084 nia
1973 2027 2089 2082 sine
2115 2024 2398 2079 mendacio
2416 2024 2702 2087 indicasse,
2726 2041 2827 2079 nec
2850 2024 3055 2079 diliisus
3074 2032 3159 2079 est
3182 2022 3304 2077 testi
3335 2037 3426 2077 se-

1854 2120 2028 2190 ipsum
2053 2116 2319 2187 prodenti.
2347 2114 2481 2169 Vide
2510 2125 2688 2171 autem
2714 2116 3029 2185 probrosam
3062 2129 3125 2168 ac
3153 2113 3428 2185 pernicio-

1854 2225 1967 2267 sam
1998 2208 2139 2261 illius
2159 2216 2385 2261 mortem
2412 2223 2427 2259 :
2458 2206 2736 2270 Subduxit,
2772 2207 2963 2275 inquit,
2990 2205 3143 2261 Iesus
3166 2206 3342 2261 Achar
3366 2207 3425 2260 in

1856 2294 2130 2349 convallem
2152 2294 2339 2360 Achar,
2368 2305 2414 2348 et
2434 2293 2569 2362 ﬁlios
2610 2302 2657 2348 et
2680 2293 2815 2360 filias
2852 2293 2981 2363 ejus,
3027 2302 3073 2347 et
3098 2290 3279 2348 vitulos
3298 2295 3431 2365 ejus,

1856 2396 1901 2441 et
1917 2388 2147 2457 jumenta
2176 2388 2303 2456 ejus,
2335 2396 2379 2439 et
2404 2402 2575 2439 omnes
2603 2402 2716 2439 oves
2754 2385 2893 2455 ejus,
2925 2392 2969 2436 et
2999 2384 3261 2438 tentorium
3300 2388 3431 2455 ejus,

1856 2488 1901 2531 et
1926 2478 2092 2531 omnia
2111 2493 2435 2547 quascumque
2463 2476 2747 2546 possidebat
2774 2492 2793 2529 :
2823 2484 2868 2529 et
2887 2474 3137 2543 lapidibus
3164 2475 3329 2530 obruit
3373 2493 3434 2530 ea

1855 2570 2017 2623 omnis
2045 2569 2263 2640 papulas
2289 2568 2458 2623 Israel
2480 2568 2613 2639 (Ias.
2646 2570 2700 2624 7.
2728 2570 2816 2623 24.
2846 2568 2961 2641 25).
2992 2569 3107 2625 Hoc
3134 2579 3433 2639 transgres-

1856 2663 2023 2718 sionis
2049 2662 2343 2731 pratmium,
2393 2663 2511 2716 talis
2536 2662 2629 2717 Dei
2658 2661 2884 2717 vindicta
2907 2702 2922 2726 ,
2954 2677 3070 2731 qua:
3098 2661 3283 2715 evitari
3326 2676 3434 2715 non

1858 2761 2050 2821 potest.
2084 2752 2208 2806 [late
2235 2753 2413 2821 itaque
2453 2752 2719 2817 scientes,
2768 2752 3063 2821 cogitemus
3102 2751 3375 2807 molestias
3403 2768 3435 2807 ι

1858 2844 2053 2897 nostris
2090 2844 2321 2912 peccatis
2371 2843 2587 2910 invehi,
2641 2843 2969 2913 singulisque
3022 2842 3210 2898 diebus
3255 2851 3435 2898 nostra

1857 2932 2220 2987 cxaminantcs
2241 2933 2485 2999 crimina,
2513 2948 2621 2987 non
2651 2933 2769 2987 aliis
2789 2974 2805 2998 ,
2851 2933 2944 2988 sed
2975 2934 3125 2988 nobis
3150 2933 3279 3003 ipsis
3305 2948 3435 2989 cau-

1856 3038 1970 3077 sam
1990 3023 2373 3079 adscrilmmus.
2393 3023 2499 3079 Nec
2516 3024 2656 3079 enim
2679 3026 2815 3095 magi
2849 3033 3076 3080 tratuum
3093 3025 3251 3079 modo
3272 3026 3438 3094 negli-

1855 3114 2053 3183 gentia,
2085 3113 2177 3168 sed
2220 3113 2389 3169 multo
2414 3114 2583 3183 magis
2615 3124 2792 3168 nostra
2836 3114 3031 3169 delicta
3084 3115 3218 3169 mala
3249 3129 3433 3170 accer-

1856 3206 2081 3261 sierunt.
2110 3203 2200 3261 Sic
2221 3206 2396 3276 itaque
2426 3205 2529 3261 hue
2555 3206 2842 3261 adveniens
2868 3221 2961 3261 sua
2983 3206 3206 3277 quisque
3230 3206 3438 3261 exami-

1858 3304 1949 3350 net
1966 3294 2180 3361 delicta,
2210 3311 2309 3349 nec
2329 3296 2488 3349 alium
2511 3296 2735 3361 inenset,
2761 3303 2815 3349 et
2843 3306 3156 3363 praesentem
3176 3294 3439 3364 gloriﬁca-

1858 3387 2057 3441 tionem
2085 3401 2206 3442 cum
2235 3387 2339 3441 ritu
2364 3386 2571 3441 decenti
2596 3386 2822 3442 emittat.
2841 3384 2991 3454 Quod
3008 3394 3183 3441 autem
3209 3384 3439 3457 exigitur

1856 3480 1923 3535 ad
1954 3480 2288 3544 modestiam,
2321 3479 2424 3534 hoc
2449 3488 2530 3533 est
2561 3495 2575 3532 :
2609 3479 2856 3550 primum,
2886 3478 3047 3533 corde
3074 3478 3303 3533 contrito
3345 3492 3438 3534 ac-

1855 3573 2048 3628 cedere
2082 3572 2147 3626 ad
2176 3572 2375 3627 Deum:
2402 3571 2593 3626 deinde
2620 3570 2796 3625 cordis
2825 3568 3070 3626 allectum
3101 3571 3215 3640 ipso
3242 3569 3436 3625 υἰςίὺὶιί

1858 3667 2037 3721 habitu
2064 3666 2357 3732 declarare,
2390 3665 2513 3719 item
2546 3663 2721 3718 standi
2753 3666 2934 3727 modo,
2963 3678 3211 3717 manuum
3242 3663 3322 3716 det
3338 3675 3435 3717 ora

1854 3759 2261 3828 compositione,
2284 3756 2489 3828 placida
2514 3755 2851 3825 demissaque
2877 3770 3025 3809 Voce.
3045 3754 3176 3808 Nam
3199 3753 3251 3809 id
3285 3754 3437 3811 facile

1856 3858 1958 3914 est,
1984 3857 2039 3902 et
2067 3855 2243 3916 potest
2264 3846 2501 3915 quisquis
2526 3844 2772 3899 voluerit.
2804 3845 2903 3912 Qui
2932 3842 3022 3898 [iet
3045 3844 3219 3914 igitur,
3242 3854 3297 3898 ut
3322 3860 3441 3898 om-

1856 3953 1951 3994 nes
1976 3953 2073 3993 suo
2089 3935 2374 4007 fungantur
2392 3934 2609 3990 ofﬁcio?
2636 3934 2902 3990 Ponamus
2923 3934 3075 3989 nobis
3101 3934 3230 4006 ipsis
3261 3933 3435 4005 legem

1854 4029 2216 4099 dicamusque,
2242 4027 2298 4081 ln
2331 4028 2591 4098 publicam
2635 4026 2915 4081 utilitatem
2964 4024 3048 4080 lex
3076 4028 3282 4096 prodita
3325 4037 3433 4093 est,

1852 4130 1905 4176 ct
1930 4120 2086 4189 hujus
2114 4120 2352 4174 utilitatis
2379 4127 2589 4186 oportet
2616 4133 2714 4171 nos
2750 4132 2938 4172 omnes
2975 4131 3093 4171 esse
3123 4117 3429 4187 participes.

1852 4212 2185 4281 Quapropter
2212 4218 2267 4265 et
2296 4209 2574 4264 indecoras
2604 4222 2764 4263 voces
2794 4222 3117 4277 premamus,
3152 4222 3435 4263 manuum-

1850 4320 1954 4373 que
1979 4301 2411 4373 gesticulationes
2440 4299 2789 4369 corripiamus
2808 4341 2821 4365 ,
2856 4298 2951 4354 has
2976 4299 3286 4367 conjunctas
3333 4316 3434 4353 ex-

1853 4394 2096 4449 hibentes
2141 4392 2251 4447 Deo
2273 4432 2287 4457 ,
2318 4406 2417 4446 nec
2445 4390 2807 4460 incompositis
2840 4390 3070 4444 motibus
3100 4389 3431 4445 attolluntur.

1850 4484 1973 4540 Odit
2011 4484 2153 4539 enim
2186 4483 2288 4537 hoc
2313 4482 2449 4536 Deus
2474 4490 2527 4535 et
2551 4490 2844 4546 aversatur,
2876 4480 3014 4534 sicut
3048 4490 3231 4534 contra
3278 4494 3429 4533 cont-

1852 4578 2079 4647 positum
2108 4590 2171 4629 ac
2195 4574 2490 4628 modestum
2516 4582 2657 4627 amat
2683 4572 2991 4642 expetitque
3014 4589 3027 4625 :
3056 4574 3133 4625 Ad
3153 4588 3319 4641 quem,
3350 4572 3433 4625 in-

1849 4671 1983 4739 quit,
2014 4666 2297 4737 respiciam,
2321 4666 2417 4719 nisi
2446 4665 2513 4718 ad
2552 4676 2868 4719 mansuetum
2894 4676 2939 4717 et
2968 4665 3208 4734 quietum,
3231 4673 3278 4717 et
3324 4673 3428 4717 tre-

1849 4770 2060 4816 mentem
2084 4760 2231 4814 verba
2278 4775 2389 4813 mea
2419 4756 2570 4830 (Isai.
2598 4756 2689 4812 66.
2714 4755 2809 4827 2)?
2857 4756 3107 4811 Dicamus
3134 4756 3250 4810 aliis
3289 4757 3380 4812 alii
3412 4773 3427 4811 τ

1848 4852 1963 4907 Non
1992 4852 2105 4906 vult
2134 4851 2295 4916 Deus,
2324 4860 2382 4904 ut
2407 4848 2564 4903 simul
2588 4862 2709 4903 cum
2740 4847 2857 4917 ipso
2882 4846 3178 4917 loquamur,
3201 4857 3255 4901 et
3288 4848 3429 4902 inter

1849 4962 1949 5003 nos
1976 4947 2292 5010 fabulemur,
2322 4957 2422 4998 nec
2450 4941 2668 5012 patitur,
2698 4950 2756 4995 ut
2799 4940 2972 5011 ipsum
3016 4940 3211 5010 alloqui
3261 4941 3426 4995 inter-

1848 5040 2119 5095 mittentes
2165 5035 2507 5107 praasentium
2554 5032 3012 5089 confabulationes
3064 5033 3424 5101 suscitemus,

1848 5145 2108 5202 caenoque
2152 5128 2461 5199 margaritas
2508 5127 2948 5182 contaminemus.
3000 5124 3271 5195 Siquidem
3325 5126 3427 5182 hoc

1848 5237 1997 5278 suam
2036 5220 2413 5277 contumeliam
2454 5233 2575 5274 esse
2610 5219 2778 5283 ducit,
2810 5234 2914 5272 non
2959 5216 3425 5287 glorificationem.

1847 5314 1995 5381 Quod
2022 5314 2065 5368 si
2111 5314 2231 5384 quis
2259 5313 2483 5367 voluerit
2508 5312 2609 5367 hoc
2635 5320 2955 5381 prmceptum
2990 5311 3289 5380 praeterire,
3330 5310 3429 5363 ob-

1848 5414 2086 5460 turemus
2116 5405 2188 5458 illi
2216 5417 2309 5471 os,
2339 5414 2602 5474 tamquam
2632 5400 2819 5455 salutis
2850 5400 3209 5456 insidiatorem
3239 5400 3428 5471 expel-

1908 5586 1981 5647 (a)
2014 5585 2069 5635 In
2105 5592 2297 5644 crteco,
2322 5597 2454 5644 mis.
2490 5596 2597 5647 ψιλὴν
2632 5595 2806 5641 ποικίλην.
2841 5581 2898 5631 In
2934 5582 3060 5631 hunc
3096 5584 3253 5631 locum
3289 5588 3427 5633 notat

1842 5645 1982 5697 savii.
2011 5662 2022 5695 :
2058 5666 2079 5692 ι
2104 5648 2299 5695 Florens
2320 5645 2507 5696 retinet
2540 5645 2798 5694 lectionem
2824 5651 3100 5701 Romanam,
3124 5656 3228 5705 stas.
3252 5656 3423 5705 ημιλφ,

1841 5710 2051 5779 inducto.
2077 5727 2207 5765 mu,
2225 5750 2236 5766 ,
2259 5710 2503 5768 vertitque
2525 5720 2585 5754 ex
2601 5708 2760 5755 veteri
2778 5705 3036 5766 class'trio,
3060 5702 3207 5755 tenue
3222 5702 3423 5771 Babylo;

1842 5785 1999 5821 mrum
2008 5809 2017 5817 .
2042 5788 2063 5815 1
