4148 6306
687 296 798 352 107

693 413 962 476 l:unus,et
1011 405 1253 465 ecclesia:
1307 413 1504 461 sanctae
1533 403 1696 474 septis
1724 401 2019 473 ejiciamus.
2061 398 2174 455 lloc
2223 399 2269 454 si

692 505 998 568 iecerimus,
1027 509 1206 556 nostra
1231 499 1444 570 quidem
1475 506 1690 566 peccata
1718 497 1990 565 superiora
2021 494 2174 549 facile
2196 493 2270 548 di-

693 595 919 661 luemus,
955 595 1126 664 ipsum
1153 599 1332 645 autem
1365 589 1645 642 Dominum
1675 586 1990 642 habebimus
2018 587 2070 641 in
2094 585 2269 640 medio

691 697 931 745 nostrum
961 702 1062 741 una
1106 699 1227 740 cum
1254 681 1452 737 sanctis
1480 680 1680 751 angelis
1710 679 2188 750 cliorosagentem,
2216 686 2271 733 et

686 780 880 850 cuique
926 775 1202 833 modestiae
1245 786 1471 828 coronas
1523 771 1947 827 distribuentem.
2008 770 2267 838 Quoniam

685 871 830 926 enim
881 878 963 924 est
993 867 1256 922 humanus
1284 879 1347 918 ac
1391 863 1693 930 muniﬁcus,
1731 862 1965 934 gaudens
1990 861 2057 917 de
2086 872 2268 916 nostra

688 961 889 1026 salute;
921 959 1040 1014 ideo
1068 957 1342 1013 obiectans
1362 970 1482 1010 sese
1507 955 1661 1010 bonis
1686 955 1881 1010 nostris
1905 953 2158 1008 caelorum
2179 969 2267 1009 re-

687 1067 848 1122 gnum
879 1051 1139 1121 promisit,
1170 1057 1225 1103 et
1269 1047 1392 1103 vitae
1445 1045 1860 1116 incorruptibilis
1906 1046 2264 1112 consortium,

687 1141 972 1211 omniaque
1004 1140 1138 1194 bona
1184 1139 1516 1208 prmparavit,
1550 1137 1735 1193 volens
1765 1150 1862 1190 nos
1887 1135 1939 1189 in
1968 1135 2050 1190 his
2074 1135 2269 1191 habere

690 1231 1030 1288 tabernacula
1066 1232 1080 1262 ¹
1116 1249 1128 1284 :
1156 1245 1272 1300 quae
1294 1230 1448 1284 nobis
1467 1229 1713 1284 omnibus
1739 1227 2010 1298 contingat
2034 1227 2265 1297 assequi,

687 1325 855 1395 gratia
880 1331 934 1377 et
963 1322 1294 1375 humanitate
1319 1320 1528 1374 Domini
1558 1319 1724 1374 nostri
1753 1317 1879 1373 Jesu
1908 1317 2126 1386 Christi,
2148 1319 2266 1388 qui-

687 1430 807 1470 cum
839 1413 995 1469 decet
1013 1413 1202 1482 gloria,
1230 1412 1534 1481 imperium,
1571 1411 1744 1464 honor
1781 1418 1834 1464 et
1861 1409 2101 1465 adoratio
2127 1410 2267 1464 Patri

686 1513 946 1561 etsaneto
973 1504 1213 1575 Spiritui,
1247 1518 1390 1559 nunc
1429 1513 1483 1559 et
1516 1517 1749 1573 semper,
1773 1515 1828 1557 et
1867 1503 1921 1556 in
1945 1501 2138 1557 saecula
2165 1516 2268 1555 sre-

687 1596 948 1653 culorum.
986 1599 1175 1651 Anien.

1063 1749 1406 1806 EIUSDEM
1445 1747 1764 1804 HOMILIA
1806 1747 1890 1803 11.

691 1886 748 1941 In
774 1885 973 1942 dictum
997 1884 1125 1940 illud
1155 1885 1303 1941 Isaia:
1325 1883 1617 1954 prophetat,
1649 1884 1867 1938 Factum
1887 1893 1958 1938 est
1987 1900 2142 1949 anno,
2170 1901 2270 1955 quo

760 1991 989 2036 mortuus
1013 1991 1084 2035 est
1116 1979 1267 2035 Ozias
1288 1997 1398 2045 rex,
1417 1981 1518 2034 vidi
1543 1979 1816 2034 Dominum
1837 1981 2086 2036 sedentem
2114 1981 2166 2034 in
2191 1997 2274 2034 so-

760 2073 830 2126 lio
859 2072 1052 2127 excelso
1089 2081 1135 2126 et
1163 2072 1352 2126 elevato
1393 2069 1543 2143 (luti.
1591 2071 1643 2126 6.
1677 2068 1754 2145 i);
1805 2080 1860 2126 et
1912 2069 2053 2140 quod
2103 2085 2273 2140 neque

763 2175 1000 2236 tempus,
1032 2180 1202 2235 neque
1233 2179 1398 2220 unum
1443 2165 1765 2219 elementum
1800 2163 2099 2218 divinarum
2123 2162 2273 2218 Seri-

762 2267 1034 2329 pturarum
1064 2265 1308 2328 oporteat
1329 2265 1759 2327 prastercurrere.

764 2393 817 2446 i.
843 2392 964 2447 Suis
993 2393 1053 2445 de
1073 2391 1276 2446 illorum
1297 2392 1463 2447 studio
1489 2392 1728 2445 audiendi
1752 2392 1949 2445 verbum
1975 2390 2070 2445 Dei
2095 2402 2269 2462 gratu-

692 2495 830 2541 tatur
863 2485 1270 2556 Chrysostomns;
1296 2485 1452 2553 ipsius
1481 2484 1723 2538 modestia
1748 2493 1793 2537 et
1824 2500 1942 2554 erga
1960 2500 2078 2538 suos
2105 2501 2267 2537 amor.

692 2611 764 2621 —
782 2578 998 2636 Gaudeo
1025 2577 1358 2647 conspiciens
1391 2592 1487 2632 vos
1511 2578 1576 2631 ad
1603 2577 1864 2632 audienda
1887 2591 2034 2632 sacra
2063 2575 2273 2646 eloquia

692 2682 1093 2740 concurrentes,
1122 2673 1280 2744 idque
1313 2671 1565 2727 indicium
1606 2687 1724 2727 esse
1771 2671 2058 2726 maximum
2093 2670 2275 2741 judico

694 2766 852 2820 vestri
883 2765 934 2820 in
963 2765 1057 2820 Dei
1084 2764 1227 2819 cultu
1249 2778 1311 2818 ac
1337 2763 1532 2833 pietate
1559 2778 1893 2833 progressus.
1920 2762 2276 2830 Quemadmo—

694 2859 820 2914 dum
867 2859 1008 2913 cnim
1053 2857 1354 2928 appetentia
1390 2856 1494 2909 cibi
1531 2855 1769 2926 corporis
1796 2854 1989 2908 bonam
2017 2854 2275 2908 valetudi-

694 2964 815 3004 nem
843 2948 1077 3003 declarat
1100 2987 1118 3009 ,
1149 2947 1226 3001 sic
1255 2956 1309 3001 et
1344 2960 1620 3002 sermones
1661 2956 1910 3014 appetere
1947 2944 2272 3012 spirituales,

694 3041 888 3096 animae
928 3040 1206 3094 sanitatem
1245 3037 1439 3106 arguit.
1473 3034 1692 3090 Gaudeo
1716 3034 1926 3103 quidem
1956 3035 2112 3102 igitur
2151 3047 2273 3100 pro-

693 3140 813 3202 pter
841 3130 978 3184 hoc:
1022 3137 1273 3183 czeterum
1307 3139 1496 3180 vereor
1545 3139 1611 3178 ne
1649 3122 1787 3176 forte
1816 3137 1920 3174 non
1956 3123 2152 3190 possim
2181 3121 2276 3174 ali-

693 3223 819 3294 quid
847 3221 1056 3276 adierre
1081 3218 1294 3290 dignum
1320 3218 1423 3271 isto
1445 3225 1620 3270 vestro
1649 3213 1936 3268 desiderio.
1965 3212 2054 3267 Sic
2083 3220 2136 3264 et
2165 3225 2279 3265 ma-

695 3327 777 3371 ter
803 3329 988 3368 amans
1015 3312 1160 3367 dolet
1181 3353 1194 3377 ,
1224 3310 1433 3380 quoties
1474 3309 1753 3362 lactentem
1802 3306 2001 3361 habens
2026 3322 2270 3376 puerum,

695 3422 799 3460 non
832 3414 1004 3474 potest
1042 3405 1115 3459 illi
1157 3403 1372 3472 largiter
1411 3400 1648 3471 praebere
1688 3400 1838 3454 lactis
1869 3399 2067 3454 fontem
2096 3415 2108 3452 :
2138 3409 2274 3453 atta-

693 3512 816 3550 men
843 3509 1161 3565 quamquam
1189 3494 1324 3546 lacte
1351 3501 1516 3556 caret,
1531 3506 1812 3544 mammam
1845 3499 2018 3544 tamen
2045 3489 2153 3557 dat,
2188 3490 2276 3546 ille

693 3603 822 3641 vero
859 3595 1128 3655 acceptam
1161 3585 1319 3638 trahit
1340 3583 1583 3652 sugitque
1603 3623 1616 3646 ,
1645 3591 1698 3634 et
1722 3595 1816 3634 ore
1840 3581 2088 3650 papillam
2118 3580 2272 3634 refri—

692 3688 995 3749 gesccntem
1024 3676 1356 3740 calefaciens,
1379 3676 1494 3743 plus
1515 3688 1671 3744 quam
1694 3680 1808 3726 erat
1832 3672 1977 3726 elicit
2001 3672 2272 3725 alimenti:

694 3783 866 3834 mater
917 3786 1045 3825 vero
1094 3769 1238 3823 dolet
1276 3767 1488 3838 quidem
1527 3760 1656 3820 'dum
1698 3766 1862 3835 ipsius
1904 3764 2277 3819 distenduntur

695 3866 881 3926 ubera,
911 3877 1009 3917 nec
1040 3871 1211 3915 tamen
1254 3860 1467 3930 repellit
1509 3874 1730 3928 puerum
1757 3876 1770 3912 :
1801 3867 1971 3912 mater
1999 3858 2140 3911 enim
2170 3866 2273 3924 est,

693 3965 749 4009 et
786 3954 961 4010 omnia
1002 3960 1260 4022 praeoptat
1300 3950 1505 4021 perpeti
1547 3949 1745 4019 potius,
1787 3964 1943 4017 quam
1976 3956 2032 4000 ut
2063 3957 2272 4016 partum

694 4063 846 4102 suum
895 4045 1192 4101 contristet.
1243 4044 1425 4113 Itaque
1467 4042 1509 4095 si
1552 4051 1751 4095 matres
1789 4054 1910 4109 erga
1946 4039 2106 4093 fcetus
2151 4053 2275 4094 suos

695 4149 897 4194 tantum
942 4135 1198 4192 exhibent
1243 4147 1501 4195 amorem,
1540 4132 1708 4185 multo
1747 4132 1913 4200 magis
1939 4139 2149 4200 oportet
2181 4141 2276 4182 nos

695 4245 820 4299 erga
860 4237 1095 4283 vestram
1131 4227 1403 4279 caritatem
1441 4223 1687 4277 similiter
1718 4220 1935 4274 aﬂ'ectos
1973 4235 2111 4274 esse.
2143 4218 2275 4274 Nam

694 4320 915 4391 spiritus
939 4326 1122 4388 partus
1145 4315 1568 4371 vehementiores
1594 4320 1717 4366 sunt
1745 4327 1901 4381 quam
1927 4321 2146 4365 naturm.
2175 4309 2277 4363 Ita-

696 4428 800 4482 que
830 4410 1038 4466 tametsi
1066 4408 1216 4462 nobis
1245 4421 1427 4462 mensa
1457 4404 1673 4458 multam
1705 4404 1863 4457 habet
1888 4403 2183 4472 penuriam,
2210 4417 2276 4456 nc

697 4506 775 4558 sic
819 4501 1029 4574 quidem
1076 4515 1193 4554 eam
1234 4496 1651 4561 occultabimus,
1681 4493 1773 4547 sed
1806 4506 1983 4548 nostra
2013 4496 2189 4548 omnia
2222 4495 2273 4549 in

701 4595 930 4651 medium
974 4591 1301 4662 proferentes
1331 4603 1660 4660 apponemus
1688 4587 1856 4641 vobis.
1890 4586 2040 4653 Quod
2071 4588 2114 4640 si
2141 4603 2274 4655 pau-

696 4689 816 4742 cula
864 4687 978 4741 lucc
1024 4694 1148 4739 sunt
1181 4683 1428 4752 viliaque,
1459 4679 1814 4750 praebebimus
1841 4687 2036 4732 tamen.
2068 4677 2197 4732 Nam
2226 4688 2278 4733 et

701 4781 788 4832 ille
811 4781 830 4810 ²
861 4778 945 4831 cui
973 4777 1227 4830 talentum
1271 4783 1385 4828 erat
1426 4771 1683 4826 creditum
1704 4811 1720 4836 ,
1761 4786 1864 4824 non
1896 4770 2017 4838 quia
2046 4771 2277 4838 quinque

701 4874 895 4926 talenta
928 4886 1033 4924 non
1059 4870 1197 4935 tulit,
1231 4869 1298 4922 oh
1325 4867 1374 4920 id
1404 4866 1674 4919 incusatus
1700 4871 1799 4925 est,
1825 4861 1917 4916 sed
1943 4861 2081 4930 quod
2115 4877 2275 4914 unum

702 4963 828 5017 illud
859 4960 1139 5022 defoderit,
1166 4958 1307 5026 quod
1336 4964 1630 5025 acceperat,
1662 4953 1809 5008 dedit
1838 4968 2022 5022 pmnas
2049 4953 2065 5020 (
2091 4951 2273 5005 Matth.

700 5056 793 5110 25.
821 5053 912 5108 Ἡ.
939 5069 1045 5124 sqq.
1072 5051 1110 5122 ).
1163 5050 1430 5118 Siquidem
1459 5048 1564 5105 hoc
1581 5056 1659 5100 est
1686 5046 1826 5115 quod
1857 5046 2110 5113 qttzeritur
2139 5043 2276 5112 apud

703 5149 870 5202 Deum
892 5130 944 5199 et
965 5143 1101 5213 apud
1135 5143 1395 5205 homines,
1423 5155 1527 5193 non
1558 5139 1789 5192 multane
1814 5145 1900 5190 aut
1922 5151 2084 5205 pauca
2112 5136 2278 5205 depo-

704 5258 820 5308 nas,
867 5239 958 5292 scd
1004 5253 1069 5291 ne
1107 5236 1428 5290 oblationem
1472 5230 1664 5285 oll'eras
1704 5230 2036 5284 facultatibus
2059 5227 2277 5282 inferio-

706 5349 841 5386 rem.
874 5329 1106 5384 Audistis
1138 5342 1306 5395 nuper
1333 5339 1454 5380 eum
1483 5323 1634 5377 nobis
1663 5321 1842 5375 datum
1873 5330 2013 5374 esset
2050 5321 2150 5373 hoc
2187 5320 2281 5372 ho-

770 5490 782 5518 ¹
824 5494 948 5533 Unus
970 5484 1149 5542 habet,
1175 5481 1330 5531 volens
1355 5491 1437 5529 nos
1473 5478 1523 5527 in
1556 5477 1632 5526 liis
1661 5476 1835 5525 habere
1868 5473 2175 5524 tabernacula
2231 5474 2281 5524 in

703 5560 960 5659 “fragili:
973 5643 1004 5655 ..
1029 5612 1192 5657 Nostra
1209 5617 1368 5654 omma
1387 5600 1664 5651 inmedium
1684 5602 1974 5663 proferentcs
1994 5610 2283 5663 opportunius

705 5671 851 5729 vobis,
877 5669 1055 5733 exigua
1077 5668 1332 5733 quidemet
1355 5664 1540 5733 minimi
1561 5660 1717 5726 pretii,
1739 5660 1994 5713 metuentes
2017 5660 2282 5710 dmmmlio-

707 5734 786 5785 uis
804 5727 1097 5797 periculum,
1114 5730 1155 5781 si
1172 5729 1363 5794 quidem
1385 5736 1429 5780 cl
1451 5727 1548 5789 ille,
1575 5734 1666 5777 etc.

1402 292 1458 350 S.
1496 291 1771 350 JOANNIS
1806 285 2283 348 CHRYSOSTOMI
2321 284 2636 346 ABCHIEP.
2675 287 3198 348 CONSTANTINOP.

3847 319 3960 374 108

2379 401 2546 466 noris,
2578 409 2636 456 ut
2662 403 2801 473 apud
2829 406 3103 461 caritatem
3125 414 3351 462 vestram
3376 411 3962 481 dissereremus,.l‘sal«

2380 507 2526 547 mum
2558 493 2704 548 illum
2735 495 3029 567 legentibus
3055 498 3228 566 nobis,
3256 500 3344 570 qui
3374 514 3706 572 peecatorem
3732 522 3763 562 e
3790 512 3967 566 sacris

2375 587 2540 657 septis
2559 586 2796 657 eiiciens,
2824 589 3040 660 angelos
3061 607 3424 663 supernasque
3451 596 3674 652 virtutes
3705 598 3963 656 hortaba-

2375 684 2462 731 tur
2497 677 2562 732 ad
2592 677 2912 734 laudandum
2955 682 3318 738 universorum
3364 685 3551 742 Deum.
3578 687 3749 744 Vultis
3795 691 3961 760 igitur

2373 776 2428 823 et
2466 767 2626 824 hodie
2668 769 2810 825 idem
2852 773 3148 842 angelicum
3189 775 3357 830 melos
3384 777 3402 808 ¹
3443 777 3743 846 audiamus,
3786 796 3960 850 prope

2375 858 2482 913 illic
2509 858 2701 914 alicubi
2727 863 3005 917 astantes?
3027 863 3152 918 Mihi
3177 874 3320 920 certe
3344 866 3569 924 videtur.
3615 869 3747 925 Nam
3775 873 3818 926 si
3854 871 3959 925 ho—

2373 952 2546 1010 mines
2574 955 2818 1010 seelerati
2837 956 2964 1012 dum
2988 955 3211 1014 choreas
3236 968 3397 1028 agunt
3423 960 3473 1014 in
3501 961 3632 1027 foro,
3664 963 3714 1017 in
3735 963 3960 1032 profun-

2373 1047 2440 1104 da
2463 1047 2688 1118 caligine
2717 1057 2978 1121 nocteque
3007 1052 3323 1120 intempesta
3364 1054 3687 1110 meretricia
3725 1057 3958 1110 cantile-

2374 1155 2473 1196 nas
2518 1141 2814 1211 mollesque
2865 1153 3119 1199 canentes
3151 1145 3447 1210 cantiones,
3478 1153 3642 1200 totam
3675 1148 3956 1204 civitatem

2373 1233 2526 1289 nobis
2549 1232 2802 1296 excitant,
2835 1242 2889 1288 et
2913 1233 2979 1288 ad
3009 1248 3128 1290 sese
3155 1242 3473 1290 convertunt
3501 1253 3514 1287 :
3541 1252 3638 1290 nos
3659 1239 3957 1292 cmlestium

2376 1322 2686 1393 populorum
2710 1323 2957 1393 supernis
2986 1324 3162 1380 choris
3191 1325 3389 1395 Regem
3415 1327 3650 1380 universi
3676 1327 3958 1386 celebran-

2375 1415 2513 1471 tibus
2541 1430 2644 1470 non
2671 1430 3011 1470 occurremus
3035 1457 3051 1480 ,
3076 1431 3180 1470 non
3219 1416 3494 1471 audiemus
3528 1417 3760 1473 divinam
3807 1416 3960 1473 illam

2377 1519 2440 1559 ac
2463 1505 2672 1560 beatam
2699 1521 2883 1560 vocem
2907 1505 2930 1558 'I
2953 1505 3018 1559 Et
3038 1521 3154 1575 quze
3186 1507 3338 1559 nobis
3376 1507 3587 1562 dabitur
3621 1510 3815 1562 venia?
3845 1509 3962 1563 Sed

2376 1597 2640 1667 quomodo
2658 1639 2673 1665 ,
2708 1599 2911 1668 inquis,
2943 1597 3068 1652 licet
3090 1597 3318 1652 audire?
3341 1596 3396 1652 Si
3424 1599 3474 1651 in
3503 1599 3674 1667 ipsum
3695 1599 3962 1654 ascende-

2376 1687 2544 1743 rimus
2571 1688 2793 1756 caelum,
2817 1689 2920 1745 etsi
2946 1704 3051 1744 non
3088 1703 3314 1758 corpore
3338 1730 3354 1755 ,
3386 1698 3565 1744 mente
3608 1699 3825 1746 tamen:
3854 1693 3961 1746 etsi

2376 1780 2550 1835 minus
2579 1782 2877 1849 prazsentia,
2904 1789 3047 1836 certe
3071 1781 3409 1850 cogitatione.
3437 1780 3571 1835 Nam
3595 1796 3790 1850 corpus
3815 1797 3960 1851 quo-

2378 1872 2519 1926 niam
2554 1881 2801 1926 terrestre
2825 1881 2907 1927 est
2927 1887 2989 1926 ac
3012 1887 3170 1942 grave
3196 1881 3380 1926 natura
3401 1912 3416 1938 ,
3455 1881 3632 1926 manet
3663 1873 3714 1926 in
3751 1872 3911 1928 terris
3943 1891 3958 1927 :

2376 1964 2549 2018 anima
2585 1979 2712 2018 vero
2736 1964 2802 2018 ab
2826 1963 2926 2018 hac
2946 1965 3259 2020 necessitate
3283 1973 3365 2020 est
3390 1964 3579 2030 libera,
3599 1964 3966 2034 facillimeque

2377 2057 2442 2111 ad
2482 2057 2739 2111 altissima
2769 2057 2971 2128 longiss
2992 2072 3182 2126 meque
3221 2067 3423 2112 semota
3462 2057 3576 2112 loca
3604 2057 3852 2112 advolat:
3884 2059 3962 2112 ita

2379 2158 2434 2201 ut
2464 2148 2622 2203 etiam
2668 2149 2712 2201 si
2752 2147 2880 2202 velit
2910 2147 2977 2202 ad
3006 2157 3273 2202 extremos
3301 2147 3446 2202 orbis
3476 2149 3736 2203 terminos
3766 2163 3961 2216 perve-

2379 2241 2491 2294 nire
2514 2281 2532 2307 ,
2560 2248 2651 2294 aut
2677 2241 2727 2293 in
2756 2239 2946 2294 caelum
2975 2239 3264 2294 ascendere
3288 2282 3304 2306 ,
3332 2239 3463 2294 nihil
3482 2222 3562 2293 °sit
3597 2239 3738 2308 quod
3767 2249 3908 2294 vetet
3943 2259 3960 2293 :

2376 2332 2509 2386 adeo
2531 2333 2626 2400 ηκεὶ
2654 2331 2796 2386 leves
2815 2333 3190 2401 cogitationum
3217 2330 3328 2385 alas
3352 2330 3499 2386 dedit
3525 2331 3682 2385 Deus.
3709 2330 3816 2384 Nec
3844 2340 3964 2383 tan-

2379 2433 2488 2478 tum
2529 2426 2638 2479 alas
2677 2424 2819 2479 leves
2864 2423 3028 2489 dedit,
3077 2438 3260 2478 verum
3301 2432 3358 2477 et
3387 2422 3570 2477 oculos
3609 2421 3830 2490 largitus
3852 2430 3959 2483 est.

2378 2513 2544 2568 multo
2576 2529 2732 2582 quam
2771 2515 3006 2582 corporis
3057 2513 3490 2582 perspicaciores.
3528 2511 3660 2582 Nam
3715 2511 3963 2578 corporis

2377 2614 2646 2675 aspectus,
2689 2605 2732 2658 si
2773 2605 2986 2675 quidem
3021 2619 3116 2673 per
3156 2617 3378 2657 vacuum
3419 2616 3597 2656 aerem
3633 2600 3856 2667 feratur,
3890 2601 3964 2655 ad

2380 2697 2594 2766 longum
2627 2697 2959 2750 intervallum
2990 2693 3326 2764 progreditur
3355 2712 3368 2748 :
3395 2693 3536 2763 quod
3564 2693 3605 2746 si
3631 2694 3682 2746 in
3705 2694 3960 2760 exiguum

2377 2802 2571 2856 corpus
2612 2788 2911 2857 impcgerit,
2955 2802 3058 2840 non
3103 2786 3258 2840 aliter
3296 2801 3452 2855 quam
3499 2785 3670 2838 [limus
3701 2786 3792 2854 qui
3824 2785 3962 2839 fere-

2379 2879 2552 2944 batur,
2579 2879 2853 2932 obstaculo
2873 2878 3135 2948 repulsus,
3157 2877 3334 2932 denuo
3356 2887 3646 2931 retrorsum
3674 2876 3961 2929 avertitur:

2376 2987 2562 3026 verum
2590 2972 2750 3025 animi
2775 2971 2914 3024 oculi
2962 2970 3166 3024 etiamsi
3197 2969 3425 3038 parietes
3447 3008 3460 3032 ,
3483 2966 3693 3021 etiamsi
3726 2966 3924 3022 mmnia
3943 3006 3958 3029 ,

2379 3063 2586 3118 etiamsi
2631 3063 2888 3115 montium
2933 3060 3118 3122 moles,
3163 3061 3371 3114 etiamsi
3420 3060 3678 3114 cmiorum
3732 3075 3960 3128 corpora

2380 3152 2741 3221 compererint
2781 3152 3065 3213 obstantia,
3098 3151 3272 3204 omnia
3321 3150 3473 3204 facile
3514 3161 3956 3219 prmtercurrunt.

2381 3244 2626 3299 Attamen
2652 3257 2772 3297 cum
2803 3251 3000 3297 tantam
3032 3241 3218 3297 habeat
3241 3242 3573 3297 celeritatem
3599 3249 3652 3295 et
3679 3243 3963 3300 oculorum

2379 3334 2546 3387 aciem
2573 3333 2768 3400 anima,
2793 3347 2898 3387 non
2930 3347 2994 3387 ex
3017 3346 3136 3387 sese
3162 3330 3435 3387 sufﬁciens
3459 3341 3540 3386 est
3564 3332 3628 3386 ad
3661 3333 3960 3403 intelligen-

2378 3425 2506 3478 tiam
2534 3439 2709 3478 rerum
2736 3422 3023 3478 cmlestium
3043 3464 3058 3489 ,
3089 3423 3181 3478 sed
3207 3437 3340 3491 opus
3367 3423 3458 3476 illo
3483 3422 3642 3477 habet
3669 3425 3762 3491 qui
3792 3425 3964 3494 ipsam

2379 3531 2538 3569 manu
2579 3516 2824 3569 deducat.
2867 3513 3145 3569 Faciamus
3171 3513 3329 3582 igitur
3353 3514 3492 3583 quod
3525 3515 3574 3566 in
3602 3530 3789 3582 regum
3819 3516 3962 3584 pala-

2381 3610 2467 3663 tiis
2497 3609 2668 3663 facere
2697 3609 2908 3673 solent,
2933 3607 3022 3676 qui
3051 3608 3270 3674 cupiunt
3289 3622 3347 3659 ea
3374 3606 3571 3659 videre.
3601 3606 3738 3672 Quid
3782 3615 3962 3659 autem

2382 3701 2456 3754 illi
2491 3699 2727 3753 faciunt?
2768 3700 2866 3753 Ubi
2896 3698 3203 3768 qumsierint
3232 3711 3352 3751 eum
3379 3698 3462 3751 cui
3493 3698 3671 3751 claves
3700 3698 3960 3751 commis-

2381 3807 2454 3846 sa:
2501 3800 2643 3854 sunt,
2693 3789 2838 3844 illum
2889 3787 3106 3852 adeunt,
3145 3787 3483 3855 alloquuntur
3535 3795 3590 3840 et
3635 3787 3960 3855 supplicant,

2382 3883 2688 3952 frequenter
2712 3889 2764 3934 et
2788 3879 3068 3950 pecuniam
3097 3885 3380 3931 numerant
3404 3918 3417 3940 ,
3447 3885 3504 3929 ut
3534 3877 3661 3946 ipsis
3690 3876 3962 3945 gratiﬁce-

2381 3983 2485 4028 tur.
2519 3972 2782 4026 Adeamus
2812 3984 2939 4039 ergo
2965 3977 3018 4022 ct
3047 3982 3142 4022 nos
3173 3981 3336 4021 unum
3364 3981 3550 4020 eorum
3570 4007 3584 4030 ,
3617 3965 3812 4035 quibus
3851 3981 3963 4019 cm—

2380 4067 2540 4120 lestes
2567 4073 2732 4133 portae
2769 4061 3071 4116 commissa:
3113 4067 3254 4124 sunt,
3297 4057 3646 4127 appellemus,
3688 4058 3964 4125 supplice-

2381 4170 2521 4222 mus,
2565 4168 2660 4220 pro
2695 4151 2914 4219 pecunia
2964 4156 3258 4217 promptam
3294 4148 3617 4200 voluntatem
3658 4146 3964 4198 sincerum-

2381 4265 2484 4320 que
2521 4245 2763 4301 ail’ectum
2802 4243 3164 4298 exhibeamus.
3210 4240 3274 4293 Et
3301 4239 3344 4292 si
3377 4239 3467 4293 ille
3493 4238 3796 4293 mercedem
3827 4238 3967 4291 hanc

2381 4341 2663 4407 acceperit,
2716 4351 2872 4388 manu
2915 4344 3091 4386 nnstra
3136 4329 3467 4400 apprehensa
3509 4343 3603 4397 per
3643 4329 3824 4382 omnia
3855 4329 3963 4380 cir-

2382 4431 2679 4492 cumducet,
2727 4444 2831 4481 non
2877 4428 3020 4479 illam
3060 4424 3347 4478 ostendens
3377 4423 3598 4491 regiam,
3641 4422 3738 4476 sed
3790 4423 3964 4490 ipsum

2382 4526 2578 4594 Regem
2635 4523 2686 4575 in
2735 4519 2870 4575 solio
2907 4518 3204 4577 sedentem,
3247 4513 3580 4567 adstantibus
3637 4514 3968 4566 exercitibus

2382 4614 2811 4681 exercituumque
2865 4607 3128 4668 ducibus,
3184 4605 3552 4659 assistentibus
3601 4603 3968 4657 innumerabi-

2382 4705 2511 4759 lium
2552 4701 2856 4770 angelorum
2900 4706 2952 4750 et
2997 4693 3432 4763 archangelorum
3461 4692 3696 4745 millibus
3730 4710 3744 4754 ;
3789 4696 3967 4747 omnia

2386 4798 2668 4866 diligenter
2723 4792 2875 4845 nobis
2925 4787 3200 4851 ostendet,
3259 4797 3519 4854 quatenus
3581 4784 3734 4838 nobis
3786 4787 3970 4840 vidi-rc

2384 4891 2528 4944 licet.
2561 4887 2687 4954 Quis
2715 4885 2873 4954 igitur
2910 4891 2990 4935 est
3030 4881 3127 4933 iste
3166 4878 3250 4931 cui
3295 4880 3407 4930 lucc
3447 4875 3648 4930 functio
3678 4877 3967 4930 commissa

2385 4991 2486 5043 est,
2519 4993 2678 5048 quam
2722 4982 3006 5044 sequentes
3045 4986 3184 5024 nunc
3223 4971 3464 5022 volumus
3505 4969 3753 5037 ingredi?
3782 4968 3966 5031 Isaias,

2386 5072 2761 5142 prophetarum
2790 5063 3173 5120 vocalissimus.
3199 5060 3337 5129 Ergo
3364 5074 3583 5113 necesse
3609 5067 3712 5123 est,
3739 5067 3796 5111 ut
3829 5058 3968 5112 hunc

2387 5166 2734 5232 alloquamur.

2459 5254 2737 5322 Scriptum
2767 5247 3015 5318 quomodo
3040 5243 3322 5298 audiendas.
3353 5269 3423 5282 —-
3448 5241 3622 5311 Agite,
3661 5241 3970 5310 sequamini

2387 5342 2682 5412 composito
2708 5337 2871 5407 gradu
2900 5335 3228 5399 incedentes,
3263 5332 3429 5387 multo
3465 5346 3584 5386 cum
3613 5333 3832 5386 silentio
3859 5352 3870 5386 :
3899 5348 3971 5388 ne

2387 5436 2506 5506 quis
2551 5429 2872 5500 ingrediatur
2917 5426 3058 5479 curis
3111 5431 3330 5476 onustus
3381 5421 3682 5486 mundanis,
3740 5438 3810 5476 ne
3851 5423 3978 5490 quis

2389 5526 2547 5579 animi
2577 5521 2785 5583 dubius,
2829 5531 2893 5571 ne
2931 5516 3045 5586 quis
3075 5515 3327 5568 attonitus
3361 5531 3371 5564 :
3414 5528 3595 5565 verum
3645 5513 3758 5565 lure
3789 5515 3968 5565 omnia

2392 5620 2516 5673 furis
2543 5625 2662 5668 ante
2682 5612 2874 5667 ostium
2900 5609 3221 5677 deponamus
3240 5620 3444 5671 omnes,
3471 5615 3629 5674 atque
3657 5605 3725 5658 ita
3751 5605 3970 5660 domum

2459 5722 2474 5752 ί
2544 5715 2678 5763 Unus
2745 5718 2883 5780 legit,
2909 5716 3156 5779 mysticum
3180 5711 3342 5762 melos.
