4148 6306
128 390 234 446 109

137 490 512 561 iugrediamur.
545 486 871 553 lngredimur
912 483 1051 536 enim
1096 483 1149 534 in
1191 496 1409 550 regnum
1435 487 1706 543 esetorum,

133 578 542 635 conscendimus
563 578 616 630 in
642 577 880 645 regiones
908 572 1073 627 stellis
1102 571 1444 641 l‘ulgurantes.
1470 568 1601 634 Quae
1630 567 1710 621 in-

138 683 222 725 tus
246 676 373 722 sunt
406 668 545 721 miro
587 666 796 719 silentio
824 664 977 733 plena
1021 669 1161 725 sunt,
1206 658 1576 730 mysteriisque
1606 671 1712 712 non

134 757 421 812 efferendis
448 757 665 811 referta.

202 850 258 905 2.
286 849 394 905 Sed
424 848 825 923 animadvertite
851 846 1161 915 diligenter:
1186 858 1306 897 nam
1325 842 1712 910 Scripturarum

136 940 290 996 lectio
315 940 567 994 czelorum
596 947 677 992 est
713 936 983 991 reseratio.
1026 932 1092 987 Et
1122 938 1308 1003 factum
1335 943 1403 986 est
1430 946 1583 994 anno,
1615 944 1713 999 quo

140 1041 366 1085 mortuus
391 1041 464 1084 est
494 1031 643 1084 Ozias
667 1046 786 1095 rex,
813 1030 913 1082 vidi
941 1027 1212 1081 Dominum
1240 1025 1490 1079 sedentem
1511 1024 1564 1081 in
1588 1022 1714 1076 solio

136 1121 329 1176 acelso
360 1131 410 1174 et
439 1122 568 1174 elato
594 1120 641 1191 (l
652 1120 744 1173 sai.
771 1120 822 1175 6.
850 1120 926 1186 1).
956 1118 1145 1173 Vidisti
1174 1117 1321 1187 probi
1349 1113 1528 1169 famuli
1556 1114 1715 1169 bene—

138 1214 424 1267 volentiam
448 1210 971 1278 humanitatemque?
1005 1209 1152 1262 lllico
1184 1221 1281 1261 nos
1304 1206 1370 1260 ad
1409 1204 1597 1260 solium
1634 1203 1715 1258 in-

138 1302 286 1354 duxit
311 1302 538 1371 regium,
575 1316 671 1355 nec
706 1302 847 1369 prius
887 1298 1196 1368 circumegit
1238 1305 1357 1367 post
1392 1296 1575 1365 longos
1602 1309 1716 1349 am-

139 1393 299 1455 bitus,
328 1392 426 1446 sed
468 1392 619 1446 simul
660 1400 817 1460 atque
843 1400 1023 1459 portas
1060 1388 1285 1456 aperuit,
1328 1402 1359 1441 e
1388 1386 1603 1456 regione
1630 1400 1716 1439 se-

139 1483 353 1536 dentem
400 1482 675 1536 Dominum
721 1480 951 1536 ostendit
1001 1497 1012 1531 :
1059 1478 1125 1532 Et
1169 1477 1435 1546 Seraphim
1462 1517 1478 1543 ,
1525 1476 1708 1545 inquit,

138 1571 337 1626 stabant
364 1572 419 1624 in
442 1572 652 1624 circuitu
679 1572 822 1640 ejus;
850 1585 937 1624 sea:
959 1568 1057 1622 alte
1078 1569 1187 1634 uni,
1214 1576 1261 1621 et
1284 1582 1373 1620 sea:
1396 1564 1495 1618 ala:
1520 1564 1666 1618 alteri
1695 1580 1713 1617 :

140 1676 196 1712 ac
226 1660 427 1713 duabus
452 1661 651 1731 quidem
690 1660 917 1713 uelabant
956 1659 1135 1728 {aciem
1158 1698 1173 1721 ,
1223 1655 1413 1710 duabus
1456 1656 1623 1725 pedes,
1668 1665 1714 1709 et

140 1749 335 1802 duabus
353 1748 603 1812 volabant,
632 1758 676 1803 et
700 1749 981 1802 clamabant
1000 1748 1126 1801 alter
1145 1748 1210 1799 ad
1231 1745 1678 1809 alterum,diceutes
1695 1762 1713 1799 :

144 1840 383 1906 Sanctus,
420 1850 638 1909 sanctus,
667 1851 887 1908 sanctus,
919 1840 1164 1895 Dominus
1206 1840 1450 1895 Sabaoth.
1472 1838 1632 1909 (Ibid.
1663 1854 1710 1891 υ.

139 1931 191 1985 2.
221 1932 303 1998 3).

208 2020 401 2076 Contra
421 2021 701 2076 Anomaeos.
725 2021 908 2075 Divina
928 2030 1108 2075 natura
1131 2021 1322 2092 angelis
1337 2020 1717 2090 incomprehen-

139 2112 319 2165 sibilis.
347 2112 580 2167 —Vere
615 2122 847 2176 sanctus,
884 2114 971 2181 qui
1007 2120 1240 2166 nostram
1288 2118 1523 2165 naturam
1557 2111 1714 2164 tantis

140 2218 200 2255 ae
232 2202 427 2257 talibus
467 2202 731 2272 mysteriis
753 2201 995 2271 dignatus
1023 2211 1132 2266 est,
1162 2201 1247 2270 qui
1290 2215 1387 2254 nos
1424 2199 1601 2253 talium
1632 2213 1716 2253 se-

139 2303 409 2366 cretorum
438 2300 711 2346 consortes
739 2290 884 2345 fecit.
913 2291 1112 2344 Horror
1140 2305 1225 2344 me
1247 2304 1308 2343 ac
1339 2297 1536 2343 tremor
1551 2288 1716 2343 corri-

142 2382 253 2450 puit
295 2382 347 2435 in
380 2381 468 2436 tali
490 2383 713 2436 cantico.
746 2380 813 2436 Et
841 2380 965 2451 quid
1008 2381 1217 2445 mirum,
1264 2380 1309 2434 si
1343 2394 1427 2433 me
1464 2378 1715 2446 corripuit

141 2474 342 2528 luteum
360 2488 423 2528 ac
449 2481 736 2539 terrenum,
761 2488 880 2527 cum
909 2473 1066 2527 etiam
1106 2473 1247 2541 ipsas
1270 2486 1524 2540 supernas
1551 2472 1715 2523 virtu-

142 2574 218 2617 tes
242 2578 459 2633 semper
477 2564 734 2617 maximus
756 2563 991 2617 obtineat
1012 2561 1228 2629 stupor?
1253 2560 1545 2628 Eapropter
1562 2575 1714 2612 aver-

139 2664 257 2708 tunt
311 2655 503 2718 facies,
544 2655 757 2723 alasque
807 2655 920 2709 vice
965 2667 1233 2707 murorum
1277 2650 1564 2720 objiciunt,
1606 2666 1711 2704 non

138 2747 374 2802 ferentes
398 2747 572 2801 radios
599 2746 739 2800 illinc
766 2745 1178 2815 proﬁciscentes.
1213 2744 1274 2797 Et
1310 2753 1505 2806 tamen,
1545 2743 1708 2807 aiunt,

140 2838 191 2890 id
215 2838 360 2907 quod
390 2827 674 2906 apparebat
702 2843 1043 2904 attemperata
1074 2835 1297 2903 quadam
1338 2833 1562 2901 imagine
1587 2830 1714 2884 oﬁ'e-

138 2931 375 2986 rebatur.
399 2930 507 2983 Cur
537 2928 693 2998 igitur
714 2944 816 2982 non
848 2926 1113 2980 tulerunt?
1137 2924 1260 2978 Mihi
1293 2924 1387 2978 ista
1426 2923 1595 2977 dicis?
1620 2923 1713 2977 Dic

142 3021 202 3075 iis
242 3021 333 3088 qui
370 3019 581 3073 curiose
623 3025 923 3072 scrutantur
951 3014 1267 3070 ineﬁ‘abilem
1297 3028 1357 3067 ac
1386 3012 1589 3067 beatam
1621 3027 1713 3065 na-

141 3120 334 3172 turam,
364 3109 428 3163 iis
456 3108 545 3177 qui
572 3107 765 3161 audent
794 3122 897 3161 non
928 3104 1187 3159 audenda.
1215 3103 1327 3172 Ipsa
1353 3101 1627 3170 Seraphim
1646 3117 1712 3156 ne

138 3197 519 3253 demissionem
573 3196 786 3265 quidem
840 3194 935 3248 Dei
983 3193 1346 3247 sustinuerunt
1394 3192 1585 3245 intueri
1621 3209 1632 3244 :
1662 3199 1713 3244 et

139 3290 302 3341 homo
320 3300 485 3341 ausus
516 3294 597 3339 est
622 3285 820 3351 dicere,
866 3284 972 3337 imo
1010 3282 1183 3352 potius
1224 3282 1383 3334 homo
1425 3295 1587 3334 ausus
1632 3288 1716 3334 est

136 3376 320 3430 animo
339 3375 637 3443 concipere,
666 3388 723 3427 se
751 3381 988 3426 naturam
1012 3372 1179 3440 ipsam
1207 3371 1485 3434 sinceram,
1506 3379 1560 3423 et
1578 3371 1715 3424 Che-

139 3468 345 3523 rubinis
373 3468 591 3521 minime
616 3464 973 3533 conspicuam,
1006 3476 1161 3533 posse
1203 3462 1265 3514 ad
1300 3461 1509 3530 plenum
1546 3461 1715 3515 clare-

137 3575 243 3628 que
285 3556 499 3612 videre?
546 3555 821 3619 Horresee,
871 3554 1093 3617 etclam,
1140 3552 1474 3621 obstupesce,
1530 3561 1711 3606 terra:

138 3650 241 3704 hoc
268 3648 465 3703 audere
492 3649 661 3715 majus
690 3654 770 3701 est
788 3645 871 3712 iis,
894 3660 1011 3714 qua:
1035 3645 1146 3698 ausi
1174 3654 1295 3697 sunt
1322 3644 1417 3697 illi.
1442 3643 1569 3696 Nam
1597 3658 1713 3711 qua:

139 3750 250 3792 tum
290 3738 367 3791 illi
402 3752 499 3806 per
537 3737 853 3806 impietatem
894 3733 1178 3799 audebant,
1219 3733 1401 3788 eadem
1446 3747 1583 3786 nunc
1622 3746 1714 3801 per

138 3827 471 3897 impietatem
499 3824 693 3879 audent
720 3824 826 3879 isti.
863 3823 994 3878 Nam
1020 3833 1316 3878 creaturam
1354 3823 1600 3877 similiter
1623 3823 1715 3876 ad-

138 3926 298 3972 orant
326 3934 340 3970 :
370 3914 513 3985 quod
542 3924 717 3970 autem
753 3929 893 3969 nunc
925 3914 1011 3969 isti
1032 3913 1317 3969 commenti
1355 3922 1504 3979 sunt,
1536 3914 1710 3969 nullus

137 4010 256 4078 ejus
283 4009 457 4064 aetatis
486 4006 755 4062 hominum
784 4021 955 4077 neque
980 4006 1174 4070 dicere,
1200 4020 1373 4075 neque
1392 4005 1575 4060 audire
1598 4020 1717 4060 sus-

138 4102 316 4156 tinuit.
348 4099 487 4165 Quid
516 4099 631 4152 ais?
659 4099 915 4153 Demissio
931 4106 1045 4151 erat
1064 4095 1202 4164 quod
1222 4096 1534 4151 videbatur?
1563 4096 1710 4162 Erat,

137 4192 231 4246 sed
264 4191 385 4247 Dei.
413 4191 620 4245 Etenim
650 4190 693 4243 si
721 4188 903 4243 Daniel
940 4187 1023 4242 cui
1054 4187 1275 4240 multum
1304 4194 1419 4241 erat
1449 4187 1715 4240 familiari-

139 4284 264 4337 tatis
292 4296 362 4337 ac
405 4279 607 4334 ﬁducia:
642 4278 780 4348 apud
830 4279 1013 4344 Deum,
1045 4293 1151 4331 non
1192 4276 1442 4331 sustinuit
1469 4277 1712 4345 angelum

136 4388 259 4429 sese
288 4372 393 4442 ipsi
443 4371 801 4425 demittentem
846 4368 1048 4432 videre,
1095 4367 1189 4423 sed
1218 4367 1409 4422 cecidit
1447 4368 1715 4436 jacuitque

136 4479 366 4535 pronus,
395 4462 618 4517 vinculis
642 4462 910 4517 oculorum
957 4461 1095 4514 illius
1133 4460 1199 4515 ab
1241 4460 1328 4514 illa
1358 4460 1521 4530 gloria
1548 4460 1717 4515 disso-

135 4554 305 4610 lutis:
339 4552 469 4623 quid
512 4553 698 4606 mirum
738 4552 780 4604 si
824 4550 1098 4618 Seraphim
1141 4549 1477 4618 erpavefacta
1520 4559 1641 4603 sunt
1672 4550 1711 4616 ‘,

135 4660 242 4700 non
272 4642 589 4698 sustinentia
618 4641 941 4709 majestatcm
964 4639 1107 4692 illam
1129 4638 1316 4693 intueri
1334 4640 1355 4692 ?
1371 4637 1549 4707 Neque
1570 4639 1712 4693 enim

136 4745 347 4789 tantum
391 4732 711 4787 discriminis
755 4739 836 4784 est
876 4730 1013 4783 inter
1058 4729 1323 4783 Dauielem
1355 4737 1408 4783 et
1435 4730 1707 4798 Angelum,

133 4833 399 4895 quantum
425 4824 565 4879 inter
589 4823 751 4877 Deum
781 4831 834 4876 et
860 4820 1093 4874 Virtutes
1119 4819 1255 4874 illas.
1293 4820 1485 4874 Verum
1514 4835 1581 4874 ne
1620 4836 1715 4874 nos

135 4918 257 4985 plus
284 4929 449 4985 quam
492 4920 577 4966 sat
606 4922 688 4967 est
727 4912 808 4966 his
846 4909 1113 4965 miraculis
1144 4912 1484 4964 immorantes
1511 4922 1714 4964 veSIros

133 5006 353 5060 animos
375 5005 425 5059 in
452 5012 718 5073 stuporem
742 5002 1028 5071 adigamus,
1049 5014 1145 5071 age
1162 5000 1228 5055 ad
1250 5000 1452 5054 initium
1482 5000 1713 5055 historia:

133 5104 554 5156 convertamur,
604 5093 969 5146 humilioribus
1017 5092 1135 5146 illos
1186 5091 1607 5146 enarrationibus
1650 5091 1714 5145 ad

130 5188 253 5257 ejus
308 5183 712 5253 intelligentiam
751 5180 1092 5236 adducentes.
1140 5176 1208 5232 Et
1251 5181 1440 5248 factum
1478 5190 1550 5233 est
1582 5196 1715 5233 anno

132 5296 232 5345 quo
262 5287 494 5330 mortuus
524 5284 593 5326 est
622 5272 769 5325 Ozias
804 5289 908 5324 rex.
953 5272 1138 5339 Opera:
1178 5270 1399 5338 pretium
1428 5279 1509 5322 est
1548 5269 1719 5338 inqui-

134 5385 255 5425 rere
285 5370 539 5437 primum,
574 5380 667 5418 cur
692 5363 944 5432 propheta
973 5362 1120 5415 nobis
1149 5370 1357 5430 tempus
1391 5360 1710 5430 designarit;

133 5475 312 5530 neque
343 5460 483 5511 enim
511 5458 613 5510 hoc
638 5453 849 5508 fortuito
876 5462 1136 5508 temereve
1166 5451 1307 5506 facit.
1336 5451 1463 5505 Nam
1484 5451 1707 5520 prephe-

136 5562 317 5605 tarum
345 5562 435 5602 ora
464 5547 555 5600 Dei
584 5554 703 5597 sunt
728 5558 787 5596 os
818 5560 831 5594 :
864 5542 964 5595 tale
993 5557 1117 5596 vero
1139 5557 1199 5596 os
1224 5542 1352 5595 nihil
1381 5541 1571 5594 dixerit
1600 5540 1713 5593 obi-

139 5655 216 5697 ter
248 5653 305 5697 et
335 5653 483 5695 extra
513 5652 644 5692 rem.
674 5634 751 5690 Ne
782 5634 935 5702 igitur
964 5649 1058 5689 nos
1085 5634 1253 5688 obiter
1282 5643 1331 5689 et
1360 5632 1717 5706 perfunctorie

204 5781 222 5811 ι
252 5778 405 5836 Unus,
431 5773 488 5825 Si
506 5771 750 5835 seraphin:
772 5770 929 5820 oculos
952 5782 1057 5821 suos
1081 5768 1249 5819 velant.

1158 367 1220 420 lN
1260 365 1483 432 lLLUD,
1530 363 1664 419 VIDI
1696 360 2024 423 DOMINUM,
2066 360 2294 415 HOMlL.
2341 360 2400 415 ll.

3287 374 3396 426 110

1819 473 2113 528 audiamus.
2145 473 2353 527 Etenim
2385 474 2429 527 si
2462 473 2494 527 ii
2526 475 2615 544 qui
2658 474 2863 529 fodiunt
2891 477 3122 540 metalla,
3154 493 3219 530 ne
3248 494 3401 531 num-

1818 578 1903 618 ma
1928 563 2141 633 quidem
2171 564 2390 617 frustula
2415 574 2756 633 przetereunt,
2792 581 2978 622 verum
3005 567 3093 621 ubi
3125 570 3260 622 nacti
3292 568 3401 623 lue-

1817 653 1923 707 rint
1946 654 2174 721 aliquam
2215 668 2401 708 venam
2441 655 2576 719 auri,
2618 663 2821 710 meatus
2859 670 3046 711 omnes
3085 669 3269 712 exacte
3298 659 3401 711 cir-

1818 744 2165 813 cumspiciunt
2192 764 2204 798 :
2231 754 2429 814 quanto
2455 746 2621 815 magis
2658 745 2758 801 hoc
2784 745 2959 802 facere
2988 762 3086 803 nos
3117 758 3321 818 Oportet
3347 751 3398 803 in

1819 833 2146 903 Scripturis?
2174 835 2242 888 Et
2268 844 2439 890 tamen
2470 835 2521 889 in
2546 837 2775 891 metallis
2795 836 3011 893 difﬁcile
3042 848 3124 894 est
3161 840 3398 895 invenire

1817 926 1959 996 quod
1988 935 2262 981 venantur.
2304 926 2516 981 Etenim
2548 942 2668 982 cum
2697 937 2753 983 et
2780 930 2987 983 metalla
3018 930 3123 984 sint
3154 940 3311 998 terra,
3346 941 3403 987 ct

1818 1032 2005 1072 aurum
2034 1019 2162 1073 nihil
2190 1018 2330 1073 aliud
2361 1019 2428 1073 sit
2447 1034 2603 1088 quam
2631 1028 2793 1087 terra,
2825 1020 2934 1089 ipsa
2963 1036 3171 1091 quoque
3194 1032 3398 1077 natura:

1818 1112 2120 1167 communio
2175 1111 2572 1182 similitudoque
2614 1127 2836 1175 eorum,
2886 1128 3003 1182 qua:
3053 1124 3395 1183 qumruntur,

1818 1205 2000 1258 oculos
2026 1202 2188 1267 fallit;
2218 1213 2447 1257 attamen
2477 1218 2543 1258 ne
2561 1204 2637 1258 sic
2656 1203 2868 1274 quidem
2888 1205 3148 1258 desistunt
3174 1205 3271 1271 illi,
3306 1207 3397 1259 sed

1818 1310 2029 1349 omnem
2054 1293 2309 1349 adhibent
2336 1294 2683 1363 diligentiam,
2711 1294 2916 1348 etiamsi
2946 1303 3282 1364 posteaquam
3318 1298 3399 1350 iu-

1819 1388 2107 1456 spexerint,
2134 1387 2303 1441 sciant
2329 1387 2450 1456 quid
2481 1402 2605 1441 vere
2626 1389 2694 1440 sit
2711 1395 2872 1449 terra,
2900 1387 3023 1456 quid
3041 1402 3167 1441 vere
3186 1403 3396 1441 aurum.

1819 1477 1877 1531 lu
1903 1476 2188 1546 Seripturis
2216 1484 2392 1530 autem
2422 1492 2525 1530 non
2552 1486 2634 1530 est
2661 1476 2843 1531 eadem
2867 1477 3022 1531 ratio.
3049 1476 3229 1547 Neque
3254 1478 3393 1533 enim

1820 1569 2133 1639 proponitur
2160 1582 2346 1621 aurum
2378 1574 2532 1621 terra:
2562 1569 2931 1635 commixtum,
2967 1568 3060 1623 sed
3103 1584 3289 1637 purqu
3317 1573 3393 1622 est

1819 1676 2007 1714 aurum
2040 1677 2052 1711 :
2096 1658 2335 1728 Eloquia,
2363 1658 2550 1727 inquit,
2580 1658 2784 1712 Domini
2811 1668 2967 1725 casta,
3000 1669 3259 1731 argentum
3285 1662 3400 1730 igne

1819 1750 2179 1811 examinatum,
2223 1748 2488 1818 probatum
2532 1758 2676 1802 terra:
2698 1748 2866 1820 (Psal.
2899 1751 2985 1802 Η.
3017 1751 3093 1817 7).
3125 1750 3394 1820 Siquidem

1818 1841 2103 1910 Scriptura:
2129 1855 2233 1894 non
2273 1849 2394 1893 sunt
2423 1840 2636 1894 metalla
2665 1854 2783 1909 qua:
2815 1839 3084 1909 indigeant
3110 1842 3391 1908 operariis,

1820 1930 1913 1985 sed
1964 1931 2268 1984 thesaurum
2318 1932 2555 1998 praebent
2600 1939 2838 1999 paratum
2890 1932 2989 1996 iis,
3038 1931 3125 1998 qui
3157 1942 3399 1999 quaerunt

1820 2036 1948 2089 opes
1993 2022 2042 2074 in
2091 2021 2220 2089 ipsis
2262 2020 2581 2076 reconditas.
2634 2019 2772 2075 Satis
2817 2031 2899 2075 est
2945 2023 3083 2075 enim
3139 2023 3400 2091 introSpe-

1821 2114 1983 2179 xisse,
2031 2124 2088 2167 ut
2116 2113 2261 2166 omni
2301 2112 2495 2182 expleti
2545 2112 2717 2167 fructu
2768 2112 3087 2178 diseedatis;
3137 2114 3265 2168 satis
3318 2126 3397 2168 est

1822 2212 2021 2258 tantum
2047 2203 2317 2273 aperuisse
2336 2246 2349 2269 ,
2390 2213 2444 2257 ut
2489 2203 2627 2258 illico
2652 2203 2832 2258 videas
2856 2218 3184 2274 gemmarum
3219 2205 3397 2274 Splen-

1820 2297 2020 2351 dorem.

1893 2388 2158 2459 Scriptura
2204 2389 2332 2441 nihil
2374 2388 2520 2442 habet
2556 2405 2931 2459 supervacuum.
2963 2419 3034 2430 -—
3059 2389 3185 2445 Haec
3220 2398 3393 2445 autem

1818 2480 1948 2534 mihi
1990 2494 2094 2533 non
2128 2489 2328 2534 temere
2367 2479 2507 2533 dicta
2543 2488 2665 2533 sunt
2696 2495 2863 2549 neque
2905 2479 3118 2535 fortuito
3166 2484 3393 2552 produxi

1818 2584 2140 2634 sermonem,
2171 2572 2266 2624 sed
2297 2570 2417 2639 quia
2463 2580 2587 2623 sunt
2624 2570 2863 2623 homines
2900 2571 3113 2640 quidam
3157 2572 3393 2641 opifices,

1817 2662 1907 2730 qui
1940 2669 2279 2729 posteaquam
2314 2673 2493 2715 sacros
2524 2660 2712 2715 Libros
2740 2662 2793 2713 iu
2838 2677 3023 2715 manus
3051 2663 3391 2730 sumpserint,

1818 2749 2012 2805 deinde
2032 2750 2327 2819 repererint
2348 2751 2428 2805 vel
2450 2766 2706 2804 annorum
2732 2762 3006 2805 numerum
3030 2753 3278 2821 positum,
3312 2754 3393 2807 vel

1820 2842 2092 2895 nominum
2116 2841 2505 2908 recensionem,
2537 2841 2679 2895 illico
2706 2850 3137 2909 praetercurrunt,
3167 2852 3218 2896 et
3244 2843 3392 2895 ineu-

1818 2931 2058 2985 santibus
2100 2930 2425 3000 respondent
2470 2949 2483 2985 :
2526 2931 2746 2985 Nomina
2794 2940 2991 2985 tantum
3039 2941 3181 2995 sunt,
3223 2948 3396 3000 neque

1818 3021 2101 3090 quidquam
2132 3020 2331 3074 habent
2366 3021 2624 3075 utilitatis.
2655 3021 2787 3087 Quid
2817 3021 2928 3074 ais?
2958 3021 3098 3075 Deus
3141 3022 3391 3090 loquitur,

1819 3120 1873 3165 et
1907 3120 1962 3164 tu
1989 3111 2153 3165 audes
2197 3112 2394 3176 dicere,
2438 3111 2588 3165 Nulla
2620 3120 2701 3165 est
2739 3111 2998 3166 dictorum
3028 3112 3262 3165 utilitas?
3306 3112 3395 3165 Et-

1818 3202 1958 3255 enim
1986 3202 2027 3254 si
2060 3201 2125 3254 ad
2170 3200 2361 3255 nudam
2407 3200 2800 3271 inscriptionem
2851 3204 3121 3271 aspexeris
3167 3210 3390 3265 tantum,

1821 3307 1995 3346 nonne
2022 3300 2073 3345 te
2095 3291 2249 3347 sistes
2275 3306 2395 3345 cum
2439 3291 2634 3356 studio,
2666 3292 3031 3360 repositasque
3073 3292 3391 3346 scrutaberis

1819 3383 1984 3450 epes?
2016 3381 2122 3436 Sed
2160 3381 2286 3450 quid
2314 3380 2503 3451 loquor
2539 3382 2605 3435 de
2648 3382 2968 3449 temporibus
2998 3390 3051 3434 et
3093 3382 3390 3437 nominibus

1822 3473 2128 3543 titulisque?
2158 3473 2310 3527 Disce
2354 3482 2608 3542 quantum
2637 3472 2807 3525 valeat
2845 3473 2998 3525 unius
3035 3480 3234 3526 tantum
3278 3472 3393 3525 lite-

1820 3565 1949 3617 rulae
1986 3563 2240 3632 adjectio,
2289 3578 2351 3617 ac
2392 3563 2576 3617 desine
2624 3571 2728 3616 tota
2765 3572 3105 3617 contemnere
3153 3562 3386 3616 nomina.

1821 3652 2121 3707 Patriarcha
2169 3660 2349 3707 noster
2386 3652 2651 3706 Abraham
2684 3651 2887 3721 (noster
2918 3653 3058 3707 enim
3103 3654 3275 3721 potius
3313 3664 3395 3707 est

1819 3759 1976 3813 quam
2001 3743 2303 3798 Iudaeorum
2333 3741 2439 3815 hic)
2470 3743 2615 3812 prius
2653 3743 2825 3797 dictus
2866 3754 2944 3798 est
2979 3744 3209 3808 Abram;
3251 3744 3391 3813 quod

1820 3836 2219 3906 interpretatum
2245 3845 2397 3890 sonat
2422 3837 2759 3890 transitorem
2797 3845 2954 3903 :post
2993 3836 3107 3889 lure
3146 3850 3272 3888 vero
3300 3852 3394 3887 no—

1820 3926 1963 3980 mine
1986 3933 2307 3980 commutato
2343 3925 2514 3979 dictus
2563 3924 2847 3986 Abraham,
2894 3933 3043 3993 pater
3085 3924 3251 3977 lactus
3280 3941 3365 3976 om

1822 4018 1962 4071 nium
1989 4018 2220 4087 gentium
2246 4033 2261 4081 ;
2292 4026 2344 4071 et
2383 4017 2593 4071 unicum
2618 4017 2935 4071 elementum
2965 4016 3226 4084 adjectum
3281 4026 3395 4071 tan-

1822 4118 1928 4164 tum
1977 4108 2326 4178 principatum
2382 4107 2666 4162 vindicavit
2710 4106 2871 4176 justo.
2933 4107 3389 4174 Quemadmodum

1821 4203 1960 4255 enim
1993 4201 2341 4269 Imperatores
2368 4199 2628 4269 praefectis
2652 4199 2761 4254 suis
2790 4213 2977 4253 aureas
3016 4199 3293 4267 porrigunt
3316 4206 3393 4250 ta—

1822 4293 2008 4360 bellas,
2041 4293 2375 4361 magistratus
2403 4291 2608 4361 signum
2638 4308 2651 4345 :
2698 4289 2777 4344 sic
2802 4300 2855 4343 et
2894 4290 3030 4343 Deus
3062 4287 3205 4357 justo
3235 4286 3307 4340 illi
3337 4288 3391 4341 in

1819 4382 2039 4439 honoris
2060 4384 2265 4452 signum
2285 4381 2432 4437 dedit
2457 4383 2685 4436 literam.

1891 4474 1946 4527 3.
1965 4473 2159 4527 Verum
2185 4473 2253 4527 de
2281 4471 2578 4526 nominibus
2599 4470 2706 4523 alio
2728 4478 2966 4538 tempore
2988 4468 3245 4523 disseram
3270 4467 3345 4537 (a)
3376 4485 3388 4520 :

1822 4576 2050 4634 quantus
2076 4573 2250 4619 autem
2276 4564 2344 4617 sit
2365 4573 2663 4631 temporum
2688 4562 2886 4616 fructus
2908 4561 2951 4615 si
2978 4569 3389 4634 cognoscantur,

1823 4670 2033 4710 rursum
2064 4663 2318 4723 quantum
2348 4653 2600 4706 damnum
2630 4652 2673 4705 si
2697 4652 3023 4720 ignorentur,
3049 4626 3388 4718 aperiendum

1821 4754 1921 4799 est.
1971 4746 2047 4799 Ac
2085 4744 2310 4812 primum
2336 4742 2545 4813 quidem
2582 4741 2632 4795 id
2658 4758 2687 4795 a
2734 4742 2892 4796 rebus
2932 4740 3271 4795 sascularibus
3297 4739 3391 4791 de-

1824 4835 2147 4889 monstrabo.
2174 4834 2510 4888 Testamenta
2540 4832 2834 4901 tabulmque
2859 4832 2925 4885 de
2956 4831 3170 4899 nuptiis,
3200 4829 3263 4882 tle
3292 4828 3388 4881 de-

1823 4925 1967 4992 bitis,
1999 4926 2170 4995 deque
2188 4925 2409 4994 reliquis
2429 4923 2820 4986 contractibus,
2852 4922 2951 4975 nisi
2983 4924 3033 4973 in
3061 4919 3390 4987 frontispicio

1821 5019 2097 5074 cont-mlum
2118 5032 2285 5072 annos
2314 5016 2543 5071 habeant
2569 5014 2923 5083 praescriptos,
2958 5011 3150 5065 nullam
3179 5026 3242 5064 ex
3270 5024 3389 5065 sese

1824 5113 1929 5165 vim
1958 5110 2173 5164 habent.
2208 5110 2320 5163 Hoc
2348 5118 2430 5163 est
2455 5108 2595 5162 enim
2623 5105 2761 5175 quod
2786 5105 2890 5158 illis
2915 5105 3076 5159 robur
3096 5104 3261 5168 addit,
3290 5103 3390 5157 hoc

1824 5210 1904 5263 est
1943 5199 2087 5272 quod
2127 5197 2513 5257 controversias
2540 5196 2771 5259 dirimit,
2804 5195 2904 5248 hoc
2939 5194 3078 5263 quod
3104 5194 3388 5264 ajudieiali

1826 5292 1942 5345 foro
1982 5291 2202 5355 liberat,
2256 5288 2356 5341 hoc
2415 5286 2554 5354 quod
2605 5301 2668 5338 ex
2718 5285 2942 5339 inimicis
2996 5284 3119 5338 facit
3165 5284 3388 5338 amicos.

1824 5382 2052 5435 Proinde
2076 5382 2165 5449 qui
2192 5380 2311 5432 talia
2337 5378 2661 5443 describunt,
2683 5393 2785 5431 non
2813 5378 2965 5431 aliter
2993 5392 3146 5446 quam
3175 5377 3388 5428 lucerna

1826 5476 1876 5527 iu
1908 5471 2229 5526 candelabro
2270 5468 2391 5538 poni
2432 5468 2596 5534 solet,
2643 5469 2719 5522 sic
2752 5469 2800 5520 in
2852 5466 3176 5535 frontispicio
3206 5465 3385 5517 litera-

1825 5570 1939 5618 ru‘tn
1972 5563 2170 5616 addunt
2210 5559 2573 5621 consulatum,
2606 5568 2660 5613 ut
2686 5559 2932 5613 omnibus
2953 5573 3067 5626 qua:
3104 5554 3391 5623 subjiciuno

1886 5700 1958 5752 la)
1999 5699 2081 5744 Hie
2113 5694 2287 5743 indicat
2321 5692 2546 5743 Homilias
2579 5692 2643 5740 de
2676 5690 2925 5745 Mutatione
2964 5690 3203 5739 nominum
3226 5721 3239 5748 ,
3273 5698 3391 5747 qna:

1831 5763 2064 5812 edidimus
2087 5767 2200 5806 tom.
2226 5757 2273 5804 5.
