4148 6306
766 377 872 431 111

779 483 864 532 tur
891 473 1192 543 praeluceat.
1225 472 1354 538 Quae
1385 473 1430 526 si
1457 469 1729 526 sustuleris
1751 509 1766 533 ,
1796 468 1974 520 lumen
2019 461 2328 525 sustuleris,

780 564 1060 632 omniaque
1085 562 1316 618 tenebris
1344 561 1607 629 multaque
1634 556 1928 616 turbatione
1963 552 2333 622 compleveris.

780 656 1063 723 Propterea
1093 669 1249 707 omne
1277 654 1385 707 dati
1409 651 1723 719 acceptique
1753 648 2016 718 negotium
2038 688 2051 709 .
2080 645 2191 700 sive
2215 659 2336 698 cum

782 744 992 807 amicis,
1016 743 1128 796 sive
1153 757 1269 796 cum
1293 741 1537 803 inimicis,
1565 738 1674 792 sive
1692 753 1810 792 cum
1839 735 2066 801 famulis,
2090 735 2199 788 sive
2218 747 2337 787 cum

786 832 1212 903 procuratoribus
1230 840 1282 886 et
1301 828 1589 887 meonomis
1603 835 1806 898 agatur,
1824 825 1923 880 hac
1937 833 2058 895 eget
2073 823 2338 887 cautione,

793 932 848 976 et
900 921 1091 991 ubique
1147 934 1391 984 menses,
1438 932 1604 973 annos
1661 930 1724 972 ac
1766 915 1879 970 dies
1940 913 2338 968 subscribimus.

786 1010 934 1076 Quod
963 1011 1007 1066 si
1053 1019 1251 1064 tantum
1281 1008 1416 1062 valet
1457 1023 1517 1062 ea
1541 1021 1628 1061 res
1655 1007 1708 1060 iu
1729 1003 1950 1075 negotiis
1978 1001 2339 1066 smcularibus,

796 1103 850 1156 in
903 1099 1262 1169 spiritualibus
1331 1098 1499 1152 multo
1558 1095 1784 1165 amplius
1827 1093 2102 1164 profuerit.
2169 1090 2342 1159 Siqui-

794 1194 916 1247 dem
955 1190 1054 1244 hoc
1089 1189 1320 1244 declarat
1361 1187 1660 1258 prophetias
1697 1200 1814 1240 esse
1871 1183 2193 1254 prophetias.
2239 1181 2340 1238 Ne-

792 1301 897 1356 que
920 1282 1059 1337 enim
1111 1279 1252 1335 aliud
1281 1278 1559 1348 quidquam
1590 1286 1672 1331 est
1723 1275 1995 1345 prephetia
2021 1314 2035 1337 ,
2063 1288 2218 1343 quam
2262 1287 2343 1326 re-

791 1391 910 1428 rum
928 1372 1217 1427 futurarum
1239 1370 1523 1424 enarratio.
1555 1367 1782 1422 Proinde
1802 1366 1889 1434 qui
1912 1363 2081 1419 nescit
2107 1371 2342 1431 tempora

790 1478 970 1519 eorum
999 1477 1113 1530 quae
1136 1461 1274 1516 dicta
1299 1466 1452 1523 sunt,
1475 1473 1658 1528 quaeve
1693 1464 1981 1514 evenerunt
2005 1496 2020 1518 ,
2041 1454 2130 1524 qui
2155 1454 2346 1524 poterit

789 1551 989 1607 homini
1016 1550 1350 1605 contentioso
1374 1549 1740 1604 demonstrare
1786 1545 2077 1616 prephetiaa
2113 1544 2342 1613 dignita-

791 1643 934 1698 tem?
982 1642 1116 1698 llinc
1159 1641 1307 1694 nobis
1349 1647 1402 1694 et
1442 1637 1695 1693 adversus
1736 1646 1920 1706 gentes
1965 1635 2254 1691 certamina
2292 1642 2347 1687 et

790 1733 1047 1798 victoriae,
1070 1746 1187 1786 eum
1210 1739 1388 1784 nostra
1408 1728 1834 1783 demonstramus
1857 1725 2169 1792 antiquiora,
2188 1737 2344 1792 quam

789 1838 908 1894 qua:
947 1820 1086 1890 apud
1129 1819 1248 1874 illos
1284 1817 1588 1873 habentur:
1614 1816 1735 1872 hinc
1763 1815 1913 1869 nobis
1959 1814 2210 1869 adversus
2249 1812 2344 1867 Ju-

791 1913 938 1967 dmos
997 1909 1470 1967 demonstrationes
1514 1907 1582 1960 ad
1644 1905 1986 1961 evincendam
2040 1904 2345 1967 veritatem;

793 2003 1044 2059 adversus
1064 2000 1272 2055 Judaaos
1295 2039 1311 2064 ,
1343 1998 1552 2068 inquam
1582 2038 1596 2062 ,
1620 1996 1863 2051 infelices
1886 2011 1948 2050 ac
1974 1995 2198 2049 miseros
2216 2035 2232 2059 ,
2259 1994 2347 2061 qui

797 2092 868 2146 ob
908 2100 1199 2158 temporum
1240 2088 1585 2156 ignorantiam
1627 2088 1677 2140 in
1707 2085 2070 2156 gravissimum
2115 2099 2350 2139 errorem

794 2183 926 2250 lapsi
951 2188 1093 2235 sunt.
1121 2179 1252 2234 Nam
1279 2178 1324 2232 si
1366 2177 1636 2232 audissent
1677 2176 2025 2246 patriarcltam
2050 2175 2347 2242 dicentem,

801 2270 921 2326 Non
946 2271 1137 2338 deﬁciet
1159 2270 1390 2339 princeps
1417 2284 1481 2322 ea:
1499 2267 1532 2320 J
1539 2268 1667 2334 uda,
1699 2284 1854 2335 neque
1877 2268 1980 2321 dua:
2003 2269 2066 2321 de
2088 2267 2354 2337 femoribus

796 2365 906 2432 ejus
925 2403 942 2428 ,
983 2363 1139 2418 donec
1165 2362 1347 2425 ueniat,
1376 2361 1456 2414 cui
1482 2360 1751 2430 repositum
1794 2369 1866 2412 est
1896 2358 1913 2421 (
1938 2358 2064 2413 Gen.
2107 2359 2194 2412 49.
2224 2359 2349 2429 10),

797 2454 948 2522 sique
967 2451 1246 2521 diligenter
1269 2452 1638 2504 observassent
1666 2450 1921 2503 adventus
1948 2450 2193 2504 dominici
2219 2457 2353 2504 tem-

797 2558 958 2612 pora,
991 2556 1318 2610 nequaquam
1346 2540 1670 2594 excidissent
1694 2555 1723 2594 a
1752 2539 1966 2594 Chri3to
2007 2540 2059 2592 in
2089 2539 2353 2593 Antichri-

799 2644 908 2687 tutn
936 2632 1133 2699 delapsi
1166 2649 1179 2684 :
1210 2630 1653 2701 quemadmodum
1679 2639 1732 2685 et
1758 2630 1870 2700 ipse
1892 2629 2132 2685 Christus
2152 2627 2203 2683 id
2232 2630 2356 2684 sub-

797 2721 1035 2776 indicaus
1064 2721 1141 2774 eis
1168 2719 1409 2787 prtedixit
1434 2734 1448 2769 :
1473 2717 1581 2787 Ego
1609 2718 1719 2775 veni
1745 2718 1798 2770 in
1821 2718 2017 2774 nomine
2042 2715 2214 2771 Patris
2235 2719 2352 2783 mei,

796 2823 968 2868 etnon
1014 2810 1266 2878 recepistis
1295 2825 1371 2862 me
1400 2810 1486 2862 :si
1526 2809 1708 2861 uenerit
1749 2808 1880 2860 alius
1923 2809 1974 2860 in
2010 2808 2208 2861 nomine
2231 2823 2352 2872 suo,

795 2902 938 2954 illum
962 2899 1208 2968 recipietis
1233 2897 1426 2969 (Joau.
1470 2898 1616 2954 5.43
1723 2897 1906 2950 Vidisti
1937 2907 2162 2965 quantus
2205 2912 2358 2951 error

800 2989 1042 3045 inciderit
1064 3004 1126 3043 ex
1154 2988 1360 3042 inscitia
1400 2987 1732 3056 temporum?
1775 2986 1996 3041 Tantam
2029 2986 2185 3055 igitur
2214 2987 2355 3039 utili-

799 3091 962 3135 tatem
991 3094 1058 3135 ne
1085 3078 1335 3149 negligas.
1364 3077 1814 3145 Quemadmodum
1841 3077 1980 3131 enim
2009 3077 2059 3129 in
2085 3076 2225 3144 agris
2248 3086 2354 3129 ter-

797 3170 927 3226 mini
968 3170 1327 3238 columna‘que
1387 3183 1490 3225 non
1548 3169 1726 3222 sinunt
1766 3183 1890 3221 arva
1950 3166 2227 3232 confundi,
2279 3167 2356 3221 sic

801 3270 1038 3328 tempora
1065 3273 1169 3313 non
1213 3259 1392 3313 sinunt
1429 3255 1678 3311 confundi
1722 3271 1808 3311 res
1847 3267 2021 3324 gestas
2047 3295 2060 3318 ,
2086 3255 2181 3309 sed
2232 3255 2356 3308 dum

805 3351 1060 3405 dirimunt
1090 3347 1222 3402 alias
1247 3348 1314 3401 ab
1355 3347 1506 3410 aliis,
1528 3356 1582 3401 et
1609 3347 1663 3400 in
1705 3347 1944 3400 ordinem
1981 3355 2358 3415 congruentem

802 3438 1069 3507 digerunt,
1101 3437 1261 3490 multa
1292 3450 1388 3490 nos
1417 3437 1638 3491 liberant
1662 3435 1976 3490 turbatione.
2019 3435 2206 3503 Operae
2233 3450 2358 3502 pre-

803 3530 932 3586 tium
963 3529 1120 3598 igitur
1141 3535 1223 3583 est
1247 3541 1514 3596 exponere
1545 3526 1691 3580 vobis
1737 3527 1854 3594 quis
1893 3524 2050 3580 fuerit
2076 3524 2161 3578 hic
2183 3523 2357 3588 Ozias,

801 3635 906 3688 quo
935 3628 1173 3688 tempore
1219 3619 1468 3687 regnarit,
1508 3617 1696 3686 quibus
1736 3617 2026 3685 imperarit,
2066 3624 2121 3670 et
2166 3625 2361 3684 quanto

803 3718 1040 3776 tempore
1064 3707 1266 3761 durarit
1285 3707 1425 3760 illius
1444 3706 1787 3775 principatus,
1813 3715 2078 3773 postremo
2098 3706 2362 3774 quomodo

804 3796 967 3852 vitam
997 3794 1209 3852 ﬁnierit.
1239 3795 1348 3850 lmo
1373 3795 1545 3864 potius
1579 3793 1686 3863 jam
1711 3794 1972 3848 silendum
2001 3804 2102 3858 est,
2130 3809 2194 3846 eo
2222 3793 2361 3863 quod

803 3901 1024 3946 necesse
1068 3886 1136 3940 sit
1180 3886 1231 3939 in
1263 3886 1577 3941 immensum
1625 3885 1961 3939 historiarum
2003 3885 2218 3956 pelagus
2240 3899 2364 3938 ora-

805 3981 1001 4034 tionem
1029 3978 1333 4034 extendere.
1365 3978 1462 4043 Qui
1487 3993 1613 4032 vero
1639 3994 1732 4046 per
1752 3976 2053 4047 hujusmodi
2077 3991 2223 4029 mare
2243 3983 2367 4029 sunt

806 4073 909 4130 iter
936 4071 1123 4129 facturi
1148 4111 1163 4132 .
1196 4085 1415 4127 necesse
1442 4079 1525 4125 cst
1563 4085 1668 4127 non
1714 4068 1945 4138 fatigatis
1967 4110 1982 4133 ,
2005 4068 2099 4122 sed
2145 4068 2363 4136 integris

803 4162 1092 4232 remigibus
1111 4161 1252 4216 viam
1277 4168 1573 4230 capessant.
1599 4159 1728 4214 Nam
1756 4159 1893 4214 hanc
1913 4159 1982 4216 ob
2005 4173 2216 4213 causam
2247 4172 2366 4226 pas-

805 4252 908 4307 sim
938 4267 1031 4320 per
1057 4265 1203 4305 mare
1253 4258 1434 4319 portus-
1479 4247 1768 4318 insulaeque
1817 4249 2000 4317 posita:
2047 4256 2204 4314 sunt,
2232 4256 2290 4301 ut
2314 4256 2369 4305 et

805 4341 1125 4411 gubernator
1168 4347 1222 4393 ct
1246 4348 1401 4394 nauta
1428 4337 1789 4392 refocillentur
1810 4378 1824 4401 ,
1857 4339 1942 4392 hie
1984 4337 2195 4405 quidem
2219 4351 2367 4391 remo

807 4431 1052 4498 deposito
1073 4469 1088 4494 ,
1114 4429 1205 4484 ille
1234 4445 1360 4483 vero
1387 4443 1680 4498 exsurgens
1705 4444 1735 4482 a
1778 4429 1952 4482 clavo.
1984 4428 2076 4481 llis
2101 4428 2167 4481 de
2193 4428 2368 4481 causis

808 4529 862 4575 et
881 4519 1170 4573 diversoria
1195 4533 1553 4587 caupomcque
1579 4519 1772 4587 ubique
1800 4534 1894 4587 per
1922 4519 2032 4572 vias
2061 4520 2370 4587 excogitata:

808 4617 961 4674 sunt,
993 4617 1051 4665 ut
1074 4607 1306 4677 jutneuta
1349 4608 1503 4660 simul
1528 4623 1645 4660 cum
1687 4608 1975 4666 viatoribus
2009 4624 2039 4661 a
2067 4609 2246 4663 labore
2277 4624 2365 4663 re-

812 4707 1077 4758 creentur.
1106 4697 1284 4766 quue
1309 4704 1364 4750 et
1401 4696 1654 4749 doctrina:
1678 4699 1906 4750 sermoni
1941 4699 2132 4751 silentii
2165 4709 2370 4767 tempus

810 4788 1127 4859 praefinitum
1155 4795 1268 4850 est,
1298 4797 1355 4841 ut
1378 4802 1546 4855 neque
1574 4801 1670 4839 nos
1697 4787 1838 4854 ipsos
1865 4768 2224 4842 deterreamus
2251 4803 2371 4842 ver-

810 4882 998 4937 borum
1047 4877 1414 4944 multitudine,
1463 4891 1632 4945 neque
1677 4891 1773 4929 vos
1811 4876 2158 4932 dclassemus.
2201 4880 2372 4947 Atque

812 4971 928 5026 hazc
967 4978 1202 5038 tempora
1230 4968 1374 5022 novit
1398 4967 1647 5021 Salomon
1671 4966 1872 5032 dicens,
1908 4965 2120 5036 Τεηῳω
2141 4969 2371 5032 tacendi,

813 5073 860 5117 et
909 5070 1101 5130 tempus
1144 5058 1373 5128 loquendi
1409 5057 1426 5126 (
1458 5057 1623 5111 Eccle.
1669 5058 1722 5110 5.
1752 5055 1847 5127 7).
1896 5058 1975 5111 Sit
2021 5059 2177 5127 igitur
2224 5061 2374 5114 nobis

814 5160 1024 5218 tempus
1055 5148 1259 5202 tacendi
1285 5187 1298 5211 ,
1345 5162 1447 5216 quo
1471 5146 1622 5203 detur
1645 5156 1696 5200 et
1724 5148 2033 5214 przeceptori
2060 5158 2264 5217 tempus
2292 5150 2373 5202 l0-

812 5237 1006 5309 quendi
1039 5235 1133 5305 (a).
1159 5235 1288 5290 Nam
1318 5250 1434 5304 qua:
1456 5251 1550 5288 nos
1579 5236 1866 5297 afferimus.
1893 5237 2082 5290 similia
2110 5247 2230 5291 sunt
2252 5238 2375 5292 vino

813 5328 954 5396 quod
1000 5341 1186 5381 recens
1222 5325 1321 5379 sub
1366 5326 1611 5379 torculari
1657 5325 1902 5379 haustum
1948 5335 2062 5380 est:
2093 5343 2210 5396 quae
2249 5344 2375 5382 vero

817 5421 1062 5474 dicuntur
1085 5417 1154 5471 ab
1177 5417 1285 5482 illo,
1312 5417 1503 5470 similia
1531 5426 1652 5472 sunt
1674 5418 1814 5483 vino,
1839 5418 1980 5488 quod
2005 5421 2251 5488 quoniam
2279 5435 2372 5474 ve-

817 5520 1062 5571 tustatem
1089 5511 1398 5579 seniumque
1419 5508 1662 5578 collegit,
1690 5510 1908 5565 multam
1934 5509 2109 5566 adfert
2136 5521 2241 5566 tum
2270 5513 2374 5565 uti-

880 5663 952 5724 (a)
970 5661 1210 5723 Chrysust.
1235 5661 1353 5711 dixit
1379 5667 1620 5723 praesente
1645 5662 1884 5724 episcopo.

1508 354 1565 412 S.
1603 353 1879 410 JOANNIS
1899 349 2373 409 CHRYSOS‘I‘OMI
2411 347 2722 407 ARCHIEP.
2763 353 3288 410 CONSTANTINOP.

3897 373 4004 427 112

2447 463 2667 532 litatem,
2699 474 2808 520 tum
2833 468 2936 521 vim
2967 469 3028 523 iis
3045 469 3128 538 qui
3161 483 3292 537 opus
3315 467 3511 524 habent
3538 486 3551 521 :
3584 469 3838 537 nobisque
3866 471 3999 523 acci-

2445 557 2519 610 dit
2561 557 2718 612 hodie
2756 558 2885 613 illud
2930 560 3221 629 evangelii.
3279 568 3396 628 post
3443 561 3673 615 deterius
3719 561 3897 616 vinum
3953 562 3998 615 id

2444 649 2584 716 quod
2611 651 2799 703 melius
2819 659 2901 704 est
2927 650 3150 704 infertur
3204 650 3385 721 (Joan.
3410 651 3464 707 2.
3507 652 3573 706 10
3596 653 3634 721 ).
3659 654 3722 707 Et
3745 654 3998 722 quemad-

2444 739 2658 793 modum
2693 739 2819 794 illud
2867 741 3044 795 vinum
3091 756 3193 794 non
3243 741 3364 795 vitis
3399 753 3687 810 genuerat,
3716 744 3806 797 sed
3831 745 4000 798 virtus

2443 828 2570 884 Jesu
2593 828 2787 883 Christi
2816 829 3051 883 fecerat:
3076 829 3147 883 ita
3180 837 3234 885 et
3265 831 3421 899 hujus
3451 846 3745 885 sermonem
3767 847 3871 885 non
3902 832 4001 886 huc

2445 936 2598 975 mana
2623 920 2894 988 profundit
2929 923 3174 989 cogitatio
3193 964 3208 988 ,
3252 922 3342 977 sed
3371 923 3594 991 Spiritus
3620 925 3783 978 sancti
3810 926 3997 994 gratia.

2444 1013 2704 1079 Quoniam
2725 1013 2883 1083 igitur
2921 1013 3076 1082 hujus
3097 1015 3312 1083 liquoris
3349 1014 3539 1069 ﬂuenta
3569 1018 3777 1084 copiosa
3800 1026 3926 1071 sunt
3953 1026 4004 1071 et

2446 1103 2735 1171 spiritualia
2753 1142 2768 1168 ,
2800 1103 3034 1158 studime
3057 1105 3376 1172 excipiamus
3401 1145 3416 1168 ,
3448 1114 3598 1157 caute
3623 1119 3920 1167 servemus,
3953 1116 4006 1161 ut

2446 1194 2657 1248 assidue
2684 1194 2880 1263 irrigati
2914 1194 3277 1262 tempestivum
3298 1193 3593 1247 adferamus
3614 1195 3833 1248 fructum
3875 1195 4003 1257 Deo,

2446 1286 2534 1353 qui
2583 1286 2696 1338 haec
2737 1285 2953 1353 largitus
2978 1289 3061 1339 est
3109 1301 3124 1338 :
3165 1299 3324 1352 quem
3365 1283 3516 1338 decet
3555 1285 3726 1338 omnis
3763 1284 3932 1353 gloria
3956 1293 4007 1338 et

2450 1375 2620 1429 honor
2639 1389 2756 1427 cum
2789 1375 3057 1443 unigenito
3084 1373 3198 1443 ejus
3228 1373 3362 1427 Filio
3404 1373 3840 1443 sanctissimeque
3883 1374 4004 1442 Spi-

2449 1465 2570 1530 ritu,
2604 1481 2743 1521 nunc
2767 1475 2821 1520 et
2843 1480 3069 1536 semper,
3094 1475 3145 1520 et
3169 1465 3219 1518 in
3246 1464 3437 1520 saecula
3457 1465 3788 1520 saeculorum.
3815 1467 4003 1521 Amen.

2450 1605 2505 1660 In
2535 1605 2823 1660 secundum
2845 1603 3032 1659 librum
3061 1605 3492 1674 Paralipomenon
3521 1605 3598 1675 (α)
3617 1648 3631 1671 ,
3663 1605 3747 1659 ubi
3774 1606 3970 1660 dicitur
3990 1648 4004 1671 ,

2519 1693 2726 1748 Elatum
2759 1705 2830 1748 est
2859 1711 2944 1749 cor
2976 1696 3152 1757 Osiw;
3180 1695 3348 1764 deque
3377 1695 3696 1758 humilitate;
3728 1705 3836 1748 tum
3868 1697 4006 1763 quod

2522 1784 2787 1838 hominem
2808 1785 3002 1840 virtute
3021 1785 3294 1854 praeditum
3317 1799 3420 1839 non
3444 1790 3684 1854 oporteat
3704 1799 3824 1839 esse
3843 1785 4008 1839 conﬁ-

2521 1874 2771 1941 dentem;
2822 1874 3048 1945 denique
3083 1881 3332 1943 quantum
3370 1876 3562 1929 malum
3603 1876 3670 1929 sit
3712 1877 4009 1946 arrogantia

2521 1966 2608 2038 (2.
2632 1966 2810 2021 Parui.
2839 1966 2928 2022 26.
2957 1966 3055 2032 16;
3081 1975 3128 2020 et
3152 1966 3206 2020 4.
3235 1966 3359 2037 Reg.
3392 1966 3508 2037 15).

3034 2118 3307 2175 llOMlLlA
3346 2119 3432 2173 ill.

2528 2249 2574 2300 Ι.
2604 2249 2915 2308 Benedictus
2944 2250 3102 2314 Deus,
3129 2258 3181 2303 et
3207 2259 3384 2307 nostra
3409 2264 3615 2319 quoque
3642 2258 3772 2304 astas
3798 2263 4012 2318 proger-

2455 2339 2617 2391 minat
2647 2347 2921 2407 martyres,
2945 2350 3000 2393 et
3023 2339 3173 2393 nobis
3201 2339 3299 2394 hoc
3327 2340 3540 2396 honoris
3559 2341 3777 2395 contulit
3812 2342 3904 2396 Dei
3931 2342 4010 2395 di-

2456 2428 2654 2494 gnatio,
2683 2437 2738 2480 ut
2759 2429 3181 2494 conspiceremus
3205 2427 3445 2482 homines
3465 2428 3627 2482 occidi
3659 2444 3755 2496 pro
3777 2427 4008 2494 Christo,

2455 2515 2698 2569 homines
2724 2516 2814 2584 qui
2839 2531 2989 2571 sacro
3017 2517 3268 2585 sanguine
3293 2518 3560 2581 distillant,
3585 2518 3874 2574 Ecclesiam
3897 2520 4010 2572 uni-

2457 2618 2662 2658 versam
2687 2605 2934 2673 irrigante
2962 2624 2974 2658 :
3003 2607 3273 2675 sanguine,
3295 2607 3522 2675 inquam,
3553 2608 3884 2672 distillanles,
3905 2609 4010 2662 dcc-

2456 2696 2700 2749 monibus
2728 2695 2936 2764 quidem
2968 2697 3222 2762 terrifico,
3267 2699 3464 2765 angelis
3491 2713 3612 2752 vero
3641 2698 3971 2753 desiderabili
3994 2739 4007 2761 ,

2459 2783 2610 2837 nobis
2641 2798 2795 2850 porro
2819 2784 3055 2835 salutari.
3085 2783 3287 2852 Largita
3309 2795 3388 2838 est
3415 2786 3564 2840 nobis
3593 2787 3691 2839 hoc
3719 2785 3813 2839 Dei
3835 2787 4012 2853 digna-

2461 2872 2566 2934 tio,
2607 2880 2662 2924 ut
2691 2883 3049 2940 spectaremtts
3080 2871 3315 2925 homines
3353 2887 3446 2940 pro
3475 2875 3663 2942 pietate
3701 2875 4011 2943 belligeran-

2461 2971 2559 3028 tes,
2593 2965 2879 3027 vincentes,
2903 2971 3200 3016 coronatos.
3226 2962 3402 3030 Neque
3427 2979 3552 3016 vero
3571 2964 3739 3016 solum
3763 2964 4014 3030 contingit

2459 3051 2577 3106 lucc
2603 3062 2876 3120 spectare,
2917 3052 3256 3106 verumetiam
3287 3054 3394 3120 ipsa
3438 3053 3749 3106 athletarum
3794 3068 4016 3120 corpora

2460 3142 2698 3210 accipere
2721 3155 2734 3195 :
2763 3158 2826 3198 ac
2846 3144 3072 3199 victores
3090 3142 3211 3198 illos
3229 3153 3281 3195 et
3303 3157 3496 3195 corona
3515 3143 3742 3210 insignes
3765 3143 3902 3211 apud
3926 3158 4017 3196 nos

2463 3231 2736 3286 habemus.
2766 3232 2869 3287 Sed
2901 3233 2951 3288 in
2983 3231 3349 3303 praesentiame
3378 3232 3692 3302 martyribus
3722 3246 4016 3285 sermonem

2463 3335 2796 3375 reservemus
2823 3334 3109 3393 martyrum
3154 3323 3465 3384 aemulatori,
3526 3322 3790 3373 communi
3836 3321 4015 3375 docto-

2463 3413 2506 3465 ri
2531 3412 2602 3480 (b)
2634 3430 2647 3465 :
2672 3412 2768 3480 ipsi
2795 3428 2918 3467 vero
2939 3428 3079 3468 nunc
3105 3415 3171 3468 de
3199 3416 3320 3468 Ozia
3348 3417 3687 3474 disseremus,
3710 3412 4020 3479 jampridem

2464 3505 2697 3560 debitum
2724 3520 2797 3559 aes
2821 3507 3050 3559 alienum
3081 3505 3493 3570 dinnnterantes,
3526 3505 3909 3570 dittturnosque
3929 3518 4016 3552 au-

2463 3593 2640 3648 diendi
2666 3595 2818 3648 nixus
2840 3595 3120 3649 solventes.
3143 3595 3270 3649 Nam
3299 3596 3536 3663 parturit,
3561 3604 3640 3647 sat
3669 3592 3782 3647 scio
3805 3631 3818 3654 ,
3865 3605 4017 3643 unus-

2463 3685 2682 3753 quisque
2728 3694 2959 3738 vestrum
2984 3725 2997 3749 ,
3043 3685 3258 3752 cupiens
3297 3685 3435 3737 illam
3475 3683 3653 3737 audire
3702 3680 3974 3736 historiam
4007 3698 4020 3730 :

2467 3774 2706 3844 hancque
2732 3775 3128 3842 parturitionem
3154 3790 3250 3829 nos
3280 3775 3483 3830 interim
3509 3774 3890 3843 protraximus,
3921 3784 4020 3825 non

2467 3866 2606 3934 quod
2627 3881 2938 3935 cuperemus
2958 3867 3106 3919 vobis
3134 3865 3402 3920 intendere
3426 3866 3735 3928 cruciatum,
3769 3865 3866 3918 sed
3890 3862 4022 3932 quod

2469 3956 2800 4010 studeremus
2826 3968 3056 4011 vestrum
3083 3956 3369 4010 accendere
3395 3954 3712 4010 desiderium
3735 3995 3747 4019 ,
3798 3965 3854 4008 ul
3881 3952 4023 4007 vobis

2468 4063 2496 4100 a
2530 4063 2613 4102 nte
2637 4049 2877 4101 convivio
2906 4049 3133 4114 acceptis
3159 4064 3303 4101 meus
3331 4057 3612 4116 apparatus
3635 4063 3790 4115 quam
3819 4047 4021 4100 suavis-

2471 4139 2637 4191 simus
2684 4137 2970 4191 videretur.
3018 4136 3148 4190 Nam
3191 4138 3448 4205 opulentis
3485 4137 3946 4198 convivatoribus,
3985 4135 4026 4188 si

2470 4230 2716 4282 convivas
2748 4230 3046 4297 acceperint
3088 4237 3296 4282 saturos
3319 4267 3333 4291 ,
3377 4228 3494 4282 licet
3521 4237 3800 4296 apparatus
3832 4226 4025 4280 lautitia

2472 4321 2677 4374 illorum
2731 4323 3078 4388 appetentiam
3123 4321 3400 4373 excitare:
3450 4328 3695 4372 ca>terum
3746 4330 4025 4386 pauperum

2475 4426 2708 4464 mensam
2737 4425 2838 4463 non
2866 4412 2962 4462 alia
2995 4426 3079 4463 res
3108 4426 3255 4478 aeque
3281 4410 3472 4462 lautam
3499 4410 3739 4473 exhibet,
3771 4426 3932 4478 quam
3966 4410 4027 4471 si,

2474 4500 2560 4569 qui
2593 4501 2654 4553 ad
2689 4500 2829 4553 illam
2858 4501 3144 4552 accubituri
3174 4509 3315 4561 sunt,
3346 4499 3595 4554 esuriant.
3625 4500 3752 4565 Quis
3775 4501 3931 4569 igitur
3957 4507 4030 4551 est

2475 4591 2646 4655 Ozias,
2679 4591 2870 4659 quibus
2899 4601 3043 4643 ortus
3086 4589 3369 4656 majoribus
3391 4629 3404 4652 ,
3450 4604 3666 4657 quorum
3695 4605 3810 4652 rex,
3841 4597 4032 4658 quanto

2478 4691 2712 4748 tempore
2740 4681 2992 4749 regnavit,
3025 4690 3076 4734 et
3101 4681 3222 4746 quid
3253 4695 3371 4732 cum
3402 4679 3558 4733 laude
3583 4681 3764 4748 gessit,
3793 4679 3921 4747 quid
3951 4693 4029 4732 se-

2477 4787 2588 4835 cus,
2618 4780 2885 4840 postremo
2911 4786 3014 4838 quo
3043 4781 3195 4840 pacto
3216 4772 3373 4823 vitam
3415 4770 3674 4823 absolvit?
3706 4771 3786 4823 De
3808 4770 3894 4824 his
3921 4784 4028 4823 om-

2477 4861 2630 4914 nibus
2656 4859 2708 4912 in
2738 4861 3012 4927 praesentia
3039 4859 3172 4926 apud
3213 4875 3305 4912 vos
3343 4859 3660 4912 disseremus
3684 4901 3696 4920 ,
3731 4861 3838 4913 imo
3869 4861 4030 4927 potius

2478 4958 2726 5019 quantum
2757 4950 2932 5002 dicere
2957 4950 3160 5013 licebit,
3211 4951 3287 5001 sic
3315 4959 3370 5002 ut
3398 4950 3730 5004 multitudine
3772 4967 3878 5003 non
3916 4963 4029 5002 con-

2481 5044 2757 5097 fundamus
2799 5053 3023 5096 vestram
3067 5044 3372 5096 memoriam
3405 5061 3418 5095 :
3450 5043 3498 5096 id
3536 5043 3672 5111 quod
3715 5044 3766 5095 in
3813 5042 4030 5094 lucernis

2480 5135 2716 5187 accensis
2757 5131 2994 5186 accidere
3014 5133 3167 5184 solet.
3230 5131 3358 5183 Nam
3388 5132 3430 5183 si
3483 5130 3730 5200 paulatim
3774 5129 4030 5199 ellychnio

2481 5223 2754 5277 instillaris
2777 5223 2973 5286 oleum,
3001 5221 3126 5275 satis
3155 5220 3416 5274 alimonia:
3437 5221 3646 5276 dederis
3676 5221 3780 5289 igni
3807 5238 3820 5274 :
3857 5222 3938 5273 sin
3966 5220 4029 5272 si-

2481 5314 2588 5366 mul
2635 5322 2797 5367 totum
2842 5313 3094 5365 infuderis
3140 5314 3347 5370 oleum.
3390 5314 3545 5366 etiam
3576 5313 3842 5364 llatntnam
3871 5353 3885 5376 ,
3930 5325 4032 5378 quze

2553 5440 2622 5500 (α)
2647 5441 2829 5487 Omnes
2850 5441 3003 5502 ferme
3028 5441 3136 5487 Mss.
3161 5442 3421 5496 habenti-:1;
3443 5445 3526 5497 τήν
3550 5443 3738 5502 πρώτην
3761 5445 3857 5488 τῶν
3885 5447 4033 5501 Παρει-

2490 5502 2803 5566 λειπομέγῳνς
2839 5503 2924 5548 sed
2951 5500 3026 5546 hic
3052 5509 3126 5566 est
3167 5503 3290 5549 haud
3324 5504 3470 5566 dubie
3507 5500 3751 5566 secundus
3791 5500 4031 5566 Paralipo-

2491 5575 2666 5666 tnetltou
2688 5561 2832 5618 liber,
2858 5575 2947 5607 nec
2976 5565 3130 5621 potuit
3152 5577 3357 5624 unquam
3381 5565 3506 5612 Uzite
3528 5565 3724 5611 historia
3750 5564 3806 5611 ad
3834 5561 4030 5624 primum

2491 5637 2577 5669 ner
2604 5634 2760 5669 mere.

2489 5637 2760 5684 pertinere.

2555 5682 2623 5745 ψ)
2652 5682 2941 5745 Epismpum
2980 5683 3262 5733 Flavianum
3283 5698 3584 5733 communem
3611 5693 3748 5735 vocat
3771 5686 4007 5735 doctorem
