4130 6316
160 389 259 443 111

153 484 476 556 προτυποῦσι
500 484 602 554 τὴν
627 484 904 545 ὑπατείαν,
926 484 1014 536 ἵνα
1041 485 1172 536 πᾶσι
1201 484 1313 542 τοῖς
1336 479 1484 533 κάτω
1517 476 1699 548 φαίνῃ.

152 568 264 620 Κᾶν
287 566 456 618 ταῦτα
484 567 698 638 ἀνέλῃς,
740 567 943 628 ἀνεῖλες
978 565 1037 616 τὸ
1070 564 1205 632 φῶς,
1244 565 1336 616 καὶ
1371 564 1543 614 πάντα
1578 559 1702 611 σκό-

149 663 268 708 τους
299 648 393 699 καὶ
415 647 619 715 πολλῆς
639 647 937 716 ἐνέπλησας
963 649 1222 716 ταραχῆς.
1249 644 1344 695 Διά
1379 643 1529 694 τοῦτο
1555 642 1700 692 πᾶσα

150 728 286 789 δόσις
307 729 402 781 καὶ
439 727 620 796 λῆψις,
656 729 758 780 κᾶν
779 731 915 798 πρὸς
941 729 1143 796 φίλους,
1177 727 1277 778 κᾶν
1300 725 1433 795 πρὸς
1457 723 1701 792 ἐχθροὺς,

151 809 246 860 κᾶν
271 808 408 878 πρὸς
441 809 675 872 οίκέτας,
706 809 805 861 κᾶν
839 809 974 878 πρὸς
1005 809 1328 875 ἐπιτρόπους
1365 808 1458 858 καὶ
1502 803 1705 857 οίκονό-

157 908 278 958 μους
323 890 598 960 γίγνηται,
643 890 842 959 ταύτης
871 892 1041 942 δεῖται
1090 890 1189 957 τῆς
1238 888 1563 956 ἀσφαλείας,
1613 886 1705 938 καὶ

152 972 420 1040 πανταχοῦ
450 973 546 1024 καὶ
577 972 748 1040 μῆνας
775 972 866 1025 καὶ
905 971 1180 1031 ἐνιαυτοὺς
1217 970 1310 1022 καὶ
1360 970 1568 1038 ἡμέρας
1609 967 1706 1020 κά-

151 1052 314 1102 τωθεν
346 1054 803 1121 παραγράφομεν.
834 1053 897 1104 Εἰ
921 1047 1012 1104 οὖν
1056 1051 1148 1102 ἐπὶ⁵
1187 1049 1294 1102 τῶν
1325 1049 1588 1118 βιωτικῶν
1621 1064 1707 1100 το-

154 1132 316 1202 σαύτη
345 1133 442 1187 τοῦ
475 1134 792 1202 πράγματος
821 1134 854 1202 ἡ
887 1133 1057 1200 ἰσχὺς,
1081 1132 1296 1184 ἐπὶτῶν
1325 1129 1705 1199 πνευματικῶν

152 1215 322 1284 πολλῷ
349 1215 548 1282 μείζων
576 1214 667 1265 καὶ
695 1213 1094 1284 χρησιμωτέρα.
1118 1214 1226 1274 Τάς
1247 1212 1353 1282 γὰρ
1375 1211 1704 1282 προφητείας

151 1296 300 1351 τοῦτο
327 1296 566 1348 δείκνυσι
608 1295 964 1366 προφητείας.
995 1297 1128 1347 Οὐδὲ
1168 1298 1272 1364 γάρ
1316 1294 1443 1346 ἄλλο
1479 1294 1529 1345 τί
1576 1293 1706 1345 ποτέ

153 1379 259 1432 ἐστι
295 1378 623 1447 προφητεία,
663 1377 774 1428 ἀλλ’
810 1372 842 1440 ἢ
876 1376 985 1429 τῶν
1027 1375 1324 1444 μελλόντων
1367 1374 1704 1445 πραγμάτων

154 1459 616 1528 προαναφώνησις.
655 1458 711 1511 Ὀ
740 1457 918 1510 τοίνυν
948 1458 1073 1518 τοὺς
1111 1457 1334 1525 καιροὺς
1366 1456 1572 1522 ἀγνοῶν
1595 1453 1703 1506 τῶν

155 1541 454 1610 εἰρημένων
483 1539 818 1610 πραγμάτων
843 1537 876 1605 ἢ
923 1536 1028 1589 τῶν
1072 1537 1366 1602 ἐκϐάντων,
1403 1537 1517 1600 πῶς
1544 1537 1703 1606 δυνή-

158 1639 296 1673 σεται
349 1620 518 1683 δεῖξαι
561 1619 636 1687 τῷ
687 1619 1074 1686 φιλονεικοῦντι
1119 1620 1181 1670 τὸ
1221 1621 1322 1688 τῆς
1373 1619 1704 1688 προφητείας

157 1703 393 1771 ἀξίωμα;
432 1699 709 1753 Ἐντεῦθεν
736 1701 868 1769 ἡμῖν
912 1701 1005 1753 καὶ
1033 1702 1079 1752 οἱ
1111 1700 1244 1770 πρὸς
1268 1699 1531 1769 Ἕλληνας
1561 1699 1704 1766 ἀγῶ-

160 1802 236 1848 νες
263 1786 355 1836 καί⁵
395 1787 540 1836 νῖκαι
567 1796 616 1846 ι,
646 1785 772 1836 ὅταν
820 1784 1162 1854 πρεσϐύτερα
1213 1783 1598 1852 ἀποφαίνωμεν
1635 1781 1704 1834 τά

156 1867 389 1936 ἡμέτερα
415 1866 523 1917 τῶν
557 1867 686 1934 παρ’
715 1864 967 1926 ἐκείνοις·
998 1863 1241 1917 ἐντεῦθεν
1272 1867 1402 1934 ἡμῖν
1442 1865 1534 1917 καὶ
1568 1863 1702 1932 πρὸς

169 1947 442 2009 Ἰουδαίους
479 1946 775 2010 ἀποδείξεις
811 1946 939 2016 περὶ
970 1947 1070 2015 τῆς
1109 1946 1362 2016 ἀληθείας
1402 1946 1541 1997 εἰσί·
1567 1945 1702 2015 πρὸς

167 2029 441 2089 Ἰουδαίους
469 2028 593 2088 τοὺς
625 2027 836 2089 ἀθλίους
867 2029 961 2080 καὶ
990 2026 1382 2097 ταλαιπώρους,
1408 2029 1457 2080 οἳ
1489 2027 1574 2080 διὰ
1603 2029 1703 2097 τὴν

156 2113 249 2162 τῶν
273 2110 477 2179 χρόνων
498 2110 718 2176 ἄγνοιαν
741 2108 799 2159 τὸ
831 2109 1083 2176 μέγιστον
1116 2109 1334 2178 σφάλμα
1371 2108 1700 2178 ἐσφάλησαν.

157 2194 210 2244 El
259 2193 365 2260 γὰρ
411 2193 650 2260 ἡκουσαν
703 2189 796 2241 τοῦ
857 2189 1190 2259 πατριάρχου
1250 2191 1532 2257 λέγοντος,
1581 2191 1702 2244 Οὐκ

155 2275 407 2340 ἐκλείψει
425 2272 622 2339 ἅρχων
641 2271 712 2336 ἐξ
739 2271 950 2333 Ἰούδα,
977 2273 1118 2325 οὐδὲ
1138 2274 1464 2341 ἡγούμενος
1491 2273 1558 2326 ἐκ
1587 2272 1704 2326 τῶν

157 2354 341 2420 μηρῶν
384 2353 592 2416 αὐτοῦ,
629 2353 740 2416 ἕως
788 2353 864 2405 ἂν
905 2353 1052 2421 ἔλθῃ
1095 2347 1142 2418 ᾧ
1174 2355 1498 2418 ἀπόκειται,
1530 2354 1623 2407 καὶ
1655 2356 1702 2405 εί

157 2438 528 2506 παρετήρησαν
555 2436 668 2503 μετ’
694 2434 974 2504 ἀκριϐείας
991 2436 1116 2496 τοὺς
1144 2436 1240 2504 τῆς
1265 2437 1561 2504 παρουσίας
1585 2454 1702 2487 και-

159 2521 292 2585 ρους,
321 2518 424 2570 οὐκ
451 2516 698 2586 ἔμελλον,
733 2517 1051 2578 ἐκπεσόντες
1083 2517 1177 2568 τοῦ
1206 2517 1460 2586 Χριστοῦ,
1484 2516 1559 2586 τῷ
1595 2517 1703 2568 Ἀν-

155 2601 398 2670 τιχρίστῳ
422 2598 799 2669 περιπίπτειν·
825 2598 1074 2668 καθάπερ
1103 2595 1197 2650 οὐν
1224 2600 1317 2651 καὶ
1346 2599 1506 2661 αὐτὸς
1525 2600 1703 2661 αὐτοῖς

155 2684 179 2733 6
223 2681 452 2751 Χριστὸς
509 2679 672 2732 τοῦτο
729 2680 1100 2749 αἰνιττόμενος
1151 2676 1298 2731 εἶπεν
1329 2681 1376 2742 b,
1420 2681 1500 2732 ὅτι
1560 2681 1702 2748 Ἐγὼ

156 2759 328 2832 ἦλθον
358 2762 428 2813 ἐν
466 2759 548 2826 τῷ
591 2761 831 2829 ὀνόματι
872 2761 978 2814 τοῦ
1017 2763 1242 2828 Πατρός
1275 2779 1415 2830 μου,
1463 2763 1557 2814 καὶ
1594 2764 1702 2815 οὑκ

156 2843 425 2907 ἐδέξασθέ
447 2859 524 2910 με
543 2859 558 2872 ·
603 2841 712 2894 ἐὰν
744 2842 933 2907 ἄλλος
956 2843 1101 2909 ἕλοῃ
1141 2843 1209 2894 ἐν
1249 2841 1326 2905 τῷ
1353 2843 1591 2909 ὀνόματι
1624 2842 1702 2906 τῷ

156 2926 289 2991 ιδ”ῳ.
333 2925 564 2978 ἐκεῖνον
611 2923 904 2991 λήψεσθε.
933 2922 1085 2986 Εἶδες
1140 2924 1302 2976 πόσον
1351 2924 1702 2993 παράπτωμα

156 3007 251 3058 ἀπὸ
291 3007 384 3075 τῆς
429 3006 539 3058 τῶν
587 3005 793 3075 χρόνων
841 3005 1060 3072 γέγονεν
1108 3006 1359 3072 ἀγνοίας;
1412 3008 1500 3074 Μὴ
1530 3006 1702 3058 τοίνυν

155 3087 416 3159 ἀμελήσῃς
445 3087 709 3154 ὠφελείας
735 3086 1019 3155 τοσαύτης.
1044 3087 1307 3156 Καθάπερ
1336 3086 1440 3157 γάρ
1469 3089 1580 3156 ὅροι
1610 3087 1702 3139 καὶ

158 3169 333 3239 στῆλαι
361 3162 418 3221 ἐν
447 3171 559 3230 τοῖς
583 3169 768 3237 ἀγροῖς
797 3168 892 3229 τάς
927 3169 1161 3238 ἀρούρας
1184 3171 1281 3221 οὐκ
1318 3169 1447 3220 ἐῶσι
1485 3171 1699 3236 συγχεί-

157 3250 288 3314 σθαι,
316 3250 483 3313 οὕτως
519 3251 569 3302 οί
613 3250 789 3318 χρόνοι
831 3251 922 3302 καὶ
965 3251 1013 3302 οί
1071 3251 1248 3322 καιροὶ
1291 3251 1357 3305 τὰ
1407 3251 1700 3321 πράγματα

154 3335 244 3387 οὐκ
290 3333 444 3387 ἐῶσιν
482 3333 728 3403 ἀλλήλοις
769 3333 1096 3402 συμπίπτειν
1121 3345 1167 3394 ο,
1204 3333 1340 3385 ἀλλά
1377 3334 1700 3402 διείργοντες

155 3418 238 3470 ἀπ’
287 3416 526 3486 ἀλλήλων
585 3415 756 3478 αὐτὰ,
807 3417 901 3467 καὶ
963 3414 1102 3468 κατὰ
1164 3415 1260 3485 τὴν
1324 3420 1699 3486 προσήκουσαν

154 3500 343 3563 ἐκαστα
395 3497 720 3560 διατιθέντες
775 3499 964 3562 τάξιν,
1023 3497 1222 3567 πολλῆς
1277 3498 1700 3551 ἀπαλλάττουσιν

155 3583 288 3649 ἡμᾶς
317 3581 580 3651 ταραχῆς.
621 3579 801 3645 ’Δξιον
841 3581 1018 3632 τοίνυν
1052 3582 1222 3632 είπεῖν
1259 3580 1391 3648 πρὸς
1429 3581 1587 3648 ὑμᾶς,
1618 3581 1699 3642 τίς

152 3658 212 3730 ἦν
246 3656 394 3724 οὗτος
431 3665 459 3714 6
493 3660 693 3726 Ὀζίας,
724 3661 818 3713 καὶ
861 3661 989 3713 πότε
1027 3661 1370 3724 ἐϐασίλευσε,
1409 3664 1502 3712 καὶ
1542 3663 1698 3712 τίνων

155 3743 290 3814 [lli]
320 3743 656 3805 ἐϐασίλευσε,
690 3743 780 3794 καὶ
815 3742 975 3804 πόσος
1001 3742 1146 3810 αὐτῷ
1184 3742 1402 3809 γέγονεν
1421 3743 1448 3792 6
1480 3744 1576 3810 τῆς
1601 3744 1697 3809 ἁρ-

154 3825 242 3892 χῆς
273 3825 476 3894 χρόνος,
505 3825 599 3875 καὶ
641 3823 756 3883 πῶς
785 3822 873 3873 τὸν
917 3823 1029 3891 βίον
1073 3824 1330 3875 κατέλυσε
1350 3837 1362 3852 ·
1411 3823 1606 3892 μᾶλλον
1638 3823 1692 3875 δὲ

152 3907 286 3970 ἀξιον
312 3907 530 3975 σιγῆσαι
581 3903 782 3957 λοιπόν.
817 3905 1050 3975 Ἀνάγκη
1086 3907 1191 3975 γὰρ
1230 3907 1307 3967 είς
1340 3907 1563 3974 ἄπειρον
1598 3906 1690 3957 πέ-

153 3990 299 4057 λαγος
332 3991 581 4061 ἱστοριῶν
610 3990 825 4057 ἀφιέναι
856 3990 944 4041 τὸν
983 3989 1155 4057 λόγον.
1202 3991 1337 4051 Τοὺς
1365 3990 1420 4041 δέ
1458 3989 1695 4040 τοιοῦτον

156 4073 423 4140 μέλλοντας
453 4071 776 4141 πορεύεσθαι
806 4072 1035 4138 πέλαγος
1061 4111 1074 4130 ,
1109 4072 1168 4122 οὐ
1203 4071 1554 4139 κεκμηκότων
1587 4069 1693 4122 τῶν

155 4155 454 4224 πλωτήρων,
477 4154 588 4206 ἀλλ’
623 4153 996 4222 ἀκμαζόντων,
1023 4152 1283 4205 ἀπτεσθαι
1308 4151 1409 4221 χρὴ
1437 4153 1530 4220 τῆς
1550 4151 1689 4204 ὁδοῦ.

153 4237 238 4287 Διά
263 4237 414 4288 τοῦτο
463 4234 556 4286 καὶ
585 4234 796 4303 λιμένες
849 4235 943 4285 καὶ
977 4233 1124 4300 νῆσοι
1156 4232 1424 4299 πανταχοῦ
1465 4233 1561 4300 τῆς
1597 4232 1693 4282 θα-

152 4316 337 4388 λάσσης
368 4316 475 4369 είσὶ
506 4316 934 4384 πεφυτευμέναι,
978 4315 1064 4368 ἵνα
1102 4315 1194 4366 καὶ
1237 4315 1568 4384 κυϐερνήτης
1603 4315 1694 4366 καὶ

153 4399 332 4467 ναύτης
354 4397 765 4466 διαναπαύηται,
787 4398 813 4448 6
844 4397 942 4465 μὲν
962 4397 1056 4465 τὴν
1080 4395 1269 4464 κώπην
1286 4396 1689 4464 ἀποτιθέμενυς,

151 4481 174 4531 6
201 4480 251 4531 δέ
275 4480 380 4532 τῶν
422 4480 620 4532 οἰάκων
655 4479 1070 4547 ἐξανιστάμενος
1091 4494 1102 4506 ·
1135 4476 1220 4528 διὰ
1253 4476 1404 4527 τοῦτο
1439 4479 1533 4529 καὶ
1564 4494 1694 4527 παν-

151 4559 313 4628 δοκεῖα
360 4562 452 4614 καὶ
504 4560 819 4626 καταγώγια
869 4557 1143 4627 πανταχοῦ
1190 4557 1296 4609 τῶν
1341 4557 1471 4609 όδῶν
1516 4559 1694 4609 ἐπινε-

150 4644 353 4712 νόηται,
389 4644 476 4696 ἵνα
515 4645 606 4693 καὶ
640 4639 913 4707 ὑποζύγια
957 4639 1050 4692 καὶ
1077 4639 1340 4707 ὁδοιπόροι
1377 4637 1485 4690 τῶν
1517 4638 1692 4690 πόνων

151 4724 358 4793 λήγωσι.
414 4723 514 4775 Διά
559 4722 714 4774 τοῦτο
764 4723 857 4772 καὶ
900 4720 979 4790 τῷ
1022 4721 1161 4788 λόγῳ
1211 4720 1310 4787 τῆς
1353 4719 1693 4782 διδασκαλίας

151 4807 322 4874 καιρὸς
358 4804 567 4872 σιωπῆς
602 4802 851 4872 ὥρισται,
888 4801 975 4854 ἵνα
1019 4803 1152 4872 μήτε
1185 4802 1406 4863 ἐαυτούς
1438 4801 1693 4870 κατατρίο

151 4888 315 4956 εωμεν
342 4885 419 4955 τῷ
469 4883 657 4954 πλήθει
698 4883 805 4935 τῶν
855 4883 1174 4952 λεγομένων,
1209 4885 1344 4952 μὴτε
1371 4883 1512 4950 ὑμᾶς
1559 4884 1691 4934 ἀπο-

151 4971 420 5035 κναίωμεν.
466 4967 574 5019 Καὶ
609 4965 830 5028 τούτους
863 4962 968 5019 οἵδε
996 4967 1118 5028 τοὺς
1152 4967 1372 5036 καιροὺς
1409 4965 1500 5017 καὶ
1541 4965 1691 5017 Σολο-

153 5069 276 5120 μων,
305 5051 441 5104 οῦτω
483 5065 656 5115 Αεγων
678 5064 690 5076 '
725 5047 928 5117 Καιρὸς
955 5047 1049 5099 τοῦ
1095 5047 1333 5115 σιγῆσαι,
1375 5046 1466 5098 καὶ
1505 5047 1691 5116 καιρὸς

150 5132 230 5185 τοῦ
268 5133 509 5200 λαλῆσαι.
542 5128 784 5181 Γενέσθω
810 5124 902 5180 οὖν
941 5130 1068 5199 ἡμῖν
1105 5129 1294 5196 καιρὸς
1319 5127 1410 5179 τοῦ
1451 5127 1687 5196 σιγῆσαι,

152 5218 228 5270 ἵνα
268 5219 486 5285 γένηται
516 5212 705 5282 καιρὸς
747 5210 822 5280 τῷ
860 5210 1156 5279 διδασκάλῳ
1199 5211 1291 5261 τοῦ
1338 5210 1579 5278 λαλῆσαι.
1610 5209 1689 5261 Τά

153 5301 238 5368 μὲν
264 5299 366 5368 γάρ
402 5297 644 5366 ἡμέτερα
689 5294 862 5345 ἐοικεν
899 5293 1024 5362 οῖνῳ
1057 5292 1378 5361 προσφάτως
1425 5291 1528 5342 τῶν
1560 5291 1691 5342 ὐπο-

202 5491 227 5519 ⁸
249 5489 464 5538 Erasmus
483 5486 668 5546 legisse
689 5481 882 5546 videgur
901 5482 1049 5540 νείκη,
1070 5482 1311 5546 εἰσιιὶιξςπι
1337 5477 1483 5546 νοτιξι
1501 5485 1690 5546 ςοηιειι-

149 5547 299 5600 limes.
323 5551 482 5604 Paulo,
504 5539 617 5608 past
656 5539 873 5604 quinque
909 5555 1024 5591 mss.
1067 5539 1323 5594 ἀποδείξεις
1356 5540 1524 5585 πολλαὶ
1565 5539 1688 5601 περί,

148 5609 673 5671 elsiclegilErasmus.
772 5664 784 5671 _
849 5663 863 5671 _
904 5661 915 5671 ,
991 5664 1004 5671 _
1049 5665 1086 5671 __
1205 5661 1216 5671 ς
1400 5659 1421 5670 -
1588 5667 1596 5671 _
1651 5662 1659 5669 .

200 5671 226 5707 δ
244 5661 416 5718 (ιωιῖρε
439 5671 543 5716 fere
568 5678 680 5713 mss.
709 5664 789 5710 καὶ
810 5661 948 5716 αὐτὸς
983 5664 1009 5709 6
1049 5661 1248 5724 Χριστὸς
1290 5661 1603 5724 προεῖπεν,λεῐ
1623 5662 1692 5724 δίο

148 5729 254 5790 legi!
279 5732 511 5790 Erasmus.
556 5728 607 5775 In
629 5726 774 5773 editis
794 5724 949 5778 αὐτοῖς
965 5721 1108 5772 deest
1135 5728 1244 5783 post
1269 5722 1419 5777 αὐτὸς,
1455 5721 1540 5767 scd
1570 5721 1691 5782 ιρεῇ,

151 5797 216 5835 tur
239 5799 340 5848 p0~l
358 5789 510 5837 τοῦτο.

200 5853 219 5881 τ
243 5847 365 5899 L'nus
383 5851 599 5907 ἀλλήλοις
623 5847 905 5908 σνγχεισθαι.

1121 366 1186 421 ΙΝ
1215 364 1438 430 ILLUD,
1483 361 1616 417 VIDI
1659 357 1994 431 DOMINUM,
2031 365 2258 422 HOMIL.
2291 365 2376 422 Ill.

3248 380 3360 435 112

1808 475 1999 543 ληνξων
2042 479 2430 549 ἐξαντληθέντι,
2472 479 2539 531 τά
2565 477 2832 531 δέτούτου
2877 475 3190 548 προσέοικεν
3235 481 3358 549 οἴνῳ

1809 559 2236 628 πεπαλαιωμένῳ
2284 561 2376 615 καὶ
2429 559 2778 629 γεγηρακότι,
2827 558 3026 628 πολλὴν
3071 561 3356 629 παρέχοντι

1810 641 1902 692 καὶ
1929 641 2024 709 τὴν
2056 641 2315 709 ὠφέλειαν
2353 642 2444 693 καὶ
2473 641 2568 709 τὴν
2600 641 2748 709 ἰσχὺν
2782 643 2891 702 τοῖς
2925 639 3224 708 δεομένοις·
3264 641 3359 693 καὶ

1806 723 1866 774 τὸ
1892 722 1985 775 τοῦ
2009 722 2336 790 Εὐαγγελίου
2361 725 2533 774 ἐκεῖνο
2568 723 2754 790 γέγονε
2789 724 3023 792 σήμερον
3042 739 3056 753 ·
3089 722 3225 792 μετά
3267 724 3358 776 τὸν

1807 803 2059 866 ἐλάττονα
2095 805 2202 874 γὰρ
2227 799 2364 856 οἶνον
2387 807 2414 856 6
2441 804 2658 870 βελτίων
2685 802 3068 872 είσκομίζεται.
3101 803 3202 856 Καὶ
3231 803 3360 856 καθ-

1807 887 1948 956 άπερ
1990 890 2193 939 ἐκεῖνον
2245 886 2342 938 οὐκ
2370 886 2606 954 ἄμπελος
2643 885 2792 937 ἔτεκε
2821 885 2960 948 τότε,
2995 885 3107 937 ἀλλ’
3143 887 3175 954 ἡ
3205 885 3361 938 δύνα-

1810 987 1898 1039 μις
1919 970 2138 1038 ἐποίησε
2166 969 2258 1021 τοῦ
2287 967 2542 1038 Χριστοῦ,
2571 967 2709 1019 οὕτω
2749 967 2841 1019 καὶ
2870 966 3056 1019 τούτου
3086 967 3173 1020 τὸν
3203 967 3360 1034 λόγον

1805 1051 1903 1103 οὐκ
1943 1050 2505 1120 ἀνθρωπίνη,προχέει
2535 1049 2756 1109 διάνοια,
2786 1049 2898 1100 ἀλλ’
2929 1051 2962 1118 ἡ
2993 1047 3086 1100 τοῦ
3112 1047 3360 1118 Πνεύμα-

1804 1149 1893 1194 τος
1924 1133 2098 1201 χάρις.
2141 1132 2289 1185 Ἐπεὶ
2321 1129 2412 1184 οὖν
2452 1131 2643 1200 δαψιλῆ
2685 1132 2774 1182 καὶ
2806 1128 3143 1198 πνευματικά
3169 1128 3236 1180 τά
3263 1130 3358 1181 νά-

1810 1230 1969 1282 ματα,
2023 1213 2156 1282 μετά
2202 1215 2435 1284 σπουδῆς·
2471 1211 2868 1281 ὑποδεξὼμεθα,
2914 1211 3027 1280 μετ’
3066 1209 3358 1278 ἀσφαλείας

1804 1296 2150 1365 τηρήσωμεν,
2174 1297 2260 1347 ἵνα
2284 1295 2491 1356 τούτοις
2524 1294 2805 1363 ἀρδόμενοι
2837 1291 3113 1361 διηνεκῶς,
3151 1290 3356 1360 ῶριμον

1806 1378 2056 1447 φέρωμεν
2083 1376 2173 1429 τὸν
2205 1376 2412 1444 καρπὸν
2444 1374 2520 1443 τῷ
2556 1373 2722 1426 ταῦτα
2755 1373 3100 1442 χαρισαμένῳ
3134 1371 3281 1441 Θεῷ·
3313 1366 3358 1438 ᾧ

1805 1459 2001 1528 πρέπει
2028 1460 2174 1510 πᾶσα
2198 1458 2322 1523 δόξα
2361 1457 2455 1509 καὶ
2484 1455 2614 1526 τιμὴ
2654 1457 2747 1509 σὺν
2777 1455 2854 1524 τῷ
2890 1457 3161 1524 μονογενεί
3195 1453 3357 1507 αὐτοῦ

1804 1540 1920 1608 Υἱῷ
1949 1540 2137 1608 καὶτῷ
2171 1539 2417 1606 παναγίῳ
2453 1536 2746 1603 Πνεύματι,
2771 1535 2863 1590 νῦν
2895 1537 2988 1589 καὶ
3025 1536 3131 1601 ἀεὶ,
3160 1536 3254 1590 καὶ
3279 1535 3358 1597 είς

1803 1622 1928 1684 τοὺς
1955 1622 2153 1685 αίῶνας
2184 1621 2290 1674 τῶν
2316 1621 2543 1674 αἰώνων.
2580 1620 2768 1689 Ἀμήν.

1802 1790 1906 1853 Εὶς
1937 1787 2049 1856 τὴν
2082 1787 2316 1855 πρώτην
2348 1787 2406 1857 (ί.
2440 1785 2739 1855 δευτέραν)
2780 1785 2896 1838 τῶν
2925 1786 3358 1854 Παραλειπομέο

1876 1895 1996 1930 νων
2031 1877 2143 1944 τὴν
2166 1878 2485 1945 λέγουσαν,
2514 1873 2729 1945 Ὑψώθη
2762 1875 3008 1944 ἡκαρδία
3038 1873 3235 1937 Ὀζίου·
3260 1873 3358 1927 καί

1873 1968 2004 2035 περὶ
2048 1967 2623 2036 ταπεινοφροσύνης·
2667 1966 2765 2019 καὶ
2804 1965 2892 2018 ὅτι
2935 1964 3050 2032 χρὴ
3092 1963 3178 2033 μὴ
3223 1965 3360 2031 θαρ-

1863 2059 1996 2127 ῥεῖν
2043 2059 2149 2111 τόν
2207 2057 2515 2126 ἐνάρετον·
2566 2057 2664 2110 καί
2713 2056 2862 2110 ὅσον
2903 2055 3090 2111 κακὸν
3125 2054 3164 2124 ἡ
3209 2053 3354 2108 ἀπό-

1873 2165 2026 2203 νοια.

2405 2231 2642 2286 ΟΜῘΛΙΑ
2680 2231 2751 2286 Γ’.

1871 2386 1936 2429 α’.
1962 2376 2260 2445 Εὐλογητὸς
2284 2378 2310 2428 ό
2326 2376 2474 2439 Θεὸς,
2503 2378 2595 2428 καὶ
2623 2376 2715 2427 ἐπὶ
2734 2375 2828 2442 τῆς
2849 2374 2875 2414 ά
2898 2374 3088 2442 γενεᾶς
3113 2373 3208 2442 τῆς
3227 2373 3349 2441 ἡμε-

1801 2461 1960 2529 τέρας
1981 2461 2311 2525 ἐϐλάστησαν
2338 2459 2626 2527 μάρτυρες,
2648 2456 3058 2525 κατηξιώθημεν
3079 2457 3172 2507 καὶ⁸
3199 2457 3366 2524 ἡμεῖς·

1800 2542 2111 2610 ἀνθρώπους
2161 2542 2283 2593 ἰδεῖν
2329 2541 2467 2608 ὑπὲρ
2500 2539 2730 2609 Χριστοῦ
2781 2537 3210 2606 σφαττομένους,
3259 2537 3356 2588 ἀν-

1801 2623 2047 2692 θρώπους
2087 2636 2110 2663 θ
2152 2619 2289 2693 αἷμα
2341 2622 2628 2685 στάζοντας
2667 2620 2838 2688 ἆγιον,
2888 2618 2983 2688 τήν
3039 2618 3357 2686 Ἐκκλησίαν

1800 2705 2013 2759 ἆπασαν
2066 2706 2241 2776 ἀρδον,
2270 2700 2406 2774 αἷμα
2441 2703 2728 2765 στάζοντας
2753 2741 2768 2765 ,
2809 2701 3022 2771 δαίμοσι
3069 2702 3168 2770 μὲν
3208 2700 3358 2769 φοϐε-

1805 2789 1914 2859 ρὸν,
1962 2788 2208 2856 ἀγγέλοις
2237 2789 2291 2840 δὲ
2331 2786 2590 2847 ποθεινὸν,
2633 2786 2758 2854 ἡμῖν
2788 2784 2843 2835 δὲ
2890 2785 3168 2853 σωτήριον.
3214 2785 3360 2835 Κατ-

1801 2871 2108 2942 ηξιὼθημεν
2175 2871 2298 2921 ἰδεῖν
2360 2867 2676 2940 ἀνθρώπους
2737 2867 2873 2937 ὑπὲρ
2917 2865 3190 2928 εὐσεϐείας
3259 2881 3358 2916 πο-

1801 2953 2094 3021 λεμοῦντας
2131 2951 2192 3016 ί,
2261 2951 2440 3022 [HQ]
2509 2951 2803 3013 νικῶντας,
2866 2948 3354 3016 ἐστεφανωμένους.

1800 3033 1914 3087 Οὐκ
1957 3033 2082 3085 ἰδεῖν
2127 3033 2182 3085 δέ
2232 3031 2639 3100 κατηξιώθημεν
2685 3031 2862 3098 μόνον,
2908 3029 3043 3082 ἀλλά
3076 3031 3168 3080 καὶ
3216 3028 3356 3080 αὐτὰ

1799 3115 1866 3167 τά
1920 3114 2142 3183 σώματα
2188 3115 2294 3167 τῶν
2342 3113 2583 3184 ἀθλητῶν
2620 3112 2901 3175 δέξασθαι,
2942 3112 3033 3164 καὶ
3075 3114 3201 3180 παρ’
3233 3112 3352 3163 ἐαυ-

1799 3201 1908 3261 τοῖς
1949 3198 2072 3261 τούς
2127 3197 2443 3265 στεφανίτας
2504 3198 2695 3265 ἔχομεν
2731 3195 2845 3248 νῦν.
2905 3195 3061 3248 Ἀλλά
3116 3195 3207 3246 τὸν
3259 3195 3357 3263 μὲν

1801 3280 1924 3349 περὶ
1966 3280 2072 3332 τῶν
2123 3279 2411 3348 μαρτύρων
2458 3277 2612 3346 λόγον
2671 3279 2946 3345 ἀφήσομεν
2988 3276 3081 3329 νῦν
3127 3275 3205 3344 τῷ
3247 3275 3355 3328 τῶν

1803 3362 2089 3432 μαρτύρων
2117 3361 2348 3430 ζηλωτῇ,
2375 3359 2452 3429 τῷ
2483 3359 2643 3428 κοινῷ
2670 3359 2997 3429 διδασκάλῳ·
3029 3357 3179 3411 αὐτοὶ
3207 3358 3263 3409 δέ
3287 3356 3354 3409 τό.

1799 3445 1938 3496 κατὰ
1977 3443 2064 3495 τὸν
2112 3443 2288 3506 Ὀζίαν
2336 3443 2470 3512 πρὸς
2516 3443 2658 3510 ὑμᾶς
2697 3441 2922 3510 ἐροῦμεν
2973 3439 3086 3503 νῦν,
3130 3439 3358 3490 παλαιδο

1799 3525 2216 3586 καταϐάλλοντες
2254 3523 2441 3593 χρέος,
2489 3523 2580 3574 καὶ
2626 3521 2865 3590 χρονίους
2911 3521 3102 3581 ὠδῖνας
3152 3518 3327 3589 ἀκροά

1800 3625 1933 3668 σεως
1967 3607 2198 3668 λύοντες.
2235 3606 2420 3656 Ὠδίνει
2451 3603 2557 3672 γὰρ
2590 3604 2812 3664 ἕκαστος
2845 3602 3016 3669 ὑμῶν,
3045 3599 3102 3652 εὐ
3131 3597 3224 3652 οἷδ’
3251 3602 3352 3663 ὅτι,

1797 3689 1893 3756 τῆς
1931 3688 2164 3756 ἱστορίας
2191 3685 2415 3738 ἀκοῦσαι
2451 3685 2656 3753 ἐκείνης
2718 3684 2810 3736 καὶ
2836 3683 2932 3753 τὴν
2965 3682 3124 3734 ὠδῖνα
3153 3682 3351 3750 ταύτην

1797 3771 1952 3838 ἡμεῖς
2009 3768 2422 3838 παρετείναμεν,
2463 3767 2520 3818 οὐ
2558 3766 2654 3836 τὴν
2701 3765 2888 3832 ὀδύνην
2923 3765 3047 3832 ὑμῖν
3092 3765 3353 3815 ἐπιτεῖναι

1799 3850 2123 3920 βουλόμενοι,
2155 3850 2290 3904 ἀλλά
2325 3853 2422 3920 τὴν
2453 3847 2737 3917 ἐπιθυμίαν
2767 3848 2993 3915 αὐξῆσαι
3035 3847 3356 3906 σπουδάζον-

1796 3951 1904 3995 τες,
1932 3933 2068 3985 ὥστε
2098 3934 2315 4002 ἡδίστην
2346 3933 2472 4000 ὑμῖν
2498 3931 2727 3998 φανῆναι
2750 3927 2845 3997 τὴν
2877 3927 3144 3996 ἡμετέραν
3175 3929 3354 3979 ἑστία-

1797 4033 1902 4068 σιν.
1932 4017 1993 4066 Ol
2026 4017 2122 4084 μὲν
2155 4015 2260 4083 γὰρ
2295 4013 2512 4082 εὔποροι
2549 4013 2655 4063 τῶν
2687 4011 3027 4080 ἑστιατόρων,
3065 4011 3157 4063 ἐὰν
3186 4015 3354 4080 ἐμπε-

1796 4096 2134 4165 πλησμένους
2171 4095 2370 4147 λάϐωσι
2407 4097 2530 4156 τοὺς
2573 4093 2912 4160 δαιτυμόνας,
2941 4091 3166 4144 δύναιντ’
3189 4093 3252 4146 ἂν
3287 4096 3352 4163 τῇ

1797 4179 2105 4247 πολυτελείᾳ
2162 4178 2270 4229 τῶν
2335 4175 2885 4245 παρασκευασθέντων
2945 4173 3203 4243 διεγεῖραι
3257 4175 3352 4243 τὴν

1794 4263 2083 4332 ἐπιθυμίαν
2107 4265 2130 4301 ⁸
2171 4262 2382 4323 αὐτοῖς·
2423 4260 2521 4328 τὴν
2564 4258 2620 4310 δὲ
2657 4257 2762 4308 τῶν
2797 4258 3038 4324 πενήτων
3081 4254 3352 4327 τράπεζαν

1793 4345 1942 4398 οὐδὲν
1984 4344 2123 4397 οὕτω
2170 4347 2310 4396 ποιεῖ
2364 4341 2641 4410 φαίνεσθαι
2692 4339 2968 4407 λαμπρὰν,
3010 4338 3084 4400 ὼς
3127 4337 3188 4389 τὺ
3232 4354 3352 4389 πει-

1794 4427 1996 4488 νῶντας
2037 4425 2339 4493 ἀπαντῆσαι
2384 4425 2506 4485 τούς
2546 4421 2832 4490 μέλλοντας
2878 4419 3120 4488 μετέχειν
3162 4419 3347 4488 αὐτῆς.

1796 4508 1891 4570 Τίς
1924 4505 2014 4560 οὖν
2061 4508 2206 4559 ἐστιν
2239 4505 2416 4566 ὐζίας
2436 4543 2449 4564 ,
2497 4502 2590 4554 καὶ
2623 4501 2779 4554 τίνων
2814 4502 3104 4568 ἀπόγονος,
3145 4502 3236 4553 καὶ⁴
3267 4502 3350 4552 τί·

1793 4607 1897 4643 νων
1954 4589 2224 4657 βασιλεὺς,
2257 4586 2349 4639 καὶ
2383 4585 2544 4637 πόσον
2576 4583 2886 4635 ἐϐασιλεύσε
2931 4585 3134 4652 χρόνον,
3175 4585 3266 4634 καὶ
3299 4584 3350 4636 τί

1797 4673 1893 4742 μὲν
1931 4669 2272 4738 κατώρθωσε,
2316 4669 2366 4720 τί
2413 4668 2469 4721 δὲ
2515 4668 2798 4736 διήμαρτε,
2847 4666 2961 4728 πῶς
3008 4666 3064 4717 δὲ
3108 4665 3197 4717 τὸν
3237 4665 3350 4733 βίον

1793 4755 2109 4817 κατέλυσεν;
2137 4752 2382 4803 Ἃπαντα
2419 4749 2588 4803 ταῦτα
2631 4749 2763 4820 πρὸς
2797 4749 2938 4818 ὑμᾶς
2971 4747 3195 4817 ἐροῦμεν
3233 4747 3347 4812 νῦν,

1795 4837 1992 4904 μᾶλλον
2016 4836 2072 4886 δὲ
2113 4836 2210 4886 ὅσα
2257 4831 2476 4884 δυνατὸν
2517 4833 2710 4895 είπεῖν,
2757 4830 2894 4883 ὥστε
2931 4832 3003 4899 μὴ
3044 4831 3119 4898 τῷ
3160 4830 3346 4898 πλήθει

1793 4918 2103 4986 καταχῶσαι
2132 4917 2228 4984 τὴν
2263 4916 2479 4985 μνήμην
2509 4914 2660 4984 ὐμῶν
2679 4929 2693 4944 ·
2722 4914 2750 4965 ὃ
2779 4913 2981 4981 γίνεται
3011 4913 3103 4964 καὶ
3133 4912 3224 4963 ἐπὶ
3252 4912 3346 4964 τοῦ

1791 5000 2057 5068 λυχνιαίου
2091 4997 2274 5066 πυρός.
2303 4998 2398 5048 "Av
2432 4998 2526 5065 μὲν
2566 4995 2672 5063 γὰρ
2701 4996 2814 5045 ἐκεῖ
2841 4994 2978 5045 κατά
3012 4993 3200 5062 μικρὸν
3230 4995 3348 5045 ἐπι-

1794 5083 1990 5151 στάξης
2031 5084 2096 5151 τῇ
2143 5079 2414 5149 θρυαλλίδι
2456 5078 2516 5128 τὸ
2559 5077 2753 5137 ἔλαιον,
2807 5075 2986 5144 ίκανὴν
3025 5076 3228 5138 ἔδωκας
3269 5076 3345 5144 τῷ

1793 5165 1922 5233 πυρὶ
1957 5164 2050 5231 τὴν
2082 5163 2317 5232 τροφήν·
2351 5159 2418 5212 ἂν
2462 5159 2516 5209 δέ
2552 5157 2744 5227 ἀθρόον
2791 5158 3076 5227 καταχέῃς,
3122 5160 3212 5211 καὶ
3247 5156 3343 5226 τὴν

1789 5243 1951 5298 οὖσαν
1981 5245 2149 5312 φλόγα
2177 5241 2527 5300 κατέσϐεσας.
2554 5234 2718 5300 Οῦτος
2748 5239 2921 5291 τοίνυν
2945 5243 2970 5292 ό
3007 5240 3183 5302 Ὀζίας
3211 5241 3341 5291 ἀπό·

1790 5347 1940 5397 γονος
1975 5330 2070 5398 μὲν
2111 5325 2175 5395 ἦν
2205 5324 2293 5376 τοῦ
2329 5323 2509 5385 Δαυῖδ,
2548 5323 2794 5390 βασιλεὺς
2821 5323 2876 5376 δὲ
2909 5324 3016 5376 τῶν
3049 5323 3338 5376 Ἰουδαίων·

1791 5412 2100 5463 ἐϐασίλευσε
2121 5409 2174 5458 δὲ
2198 5406 2290 5458 δύο
2317 5406 2408 5457 καὶ
2431 5406 2762 5473 πεντήκοντα
2789 5405 2881 5473 ἐτη
2900 5421 2912 5433 ·
2949 5406 3040 5458 καὶ
3065 5406 3129 5457 τὰ
3156 5405 3344 5473 πρῶτα

1858 5598 1885 5638 d
1908 5600 2044 5648 Unus
2064 5598 2133 5644 sic
2171 5595 2362 5654 incipit,
2386 5591 2650 5654 Εὐλογητὸς
2670 5593 2696 5638 6
2719 5592 2851 5649 Θεὸς,
2878 5594 2948 5640 δτι
2972 5593 3044 5639 ἐπὶ
3065 5597 3161 5654 τῆς.

1859 5675 1880 5699 e
1908 5662 1997 5707 Hic
2019 5660 2065 5705 in
2092 5653 2408 5714 aliquol’mss.
2450 5653 2716 5714 ἀνθρώπους
2741 5654 2901 5711 deest,
2947 5660 2998 5699 el
3020 5653 3140 5700 infra
3167 5654 3347 5714 legilur

1793 5721 2002 5785 &;;5ap_ov,
2029 5713 2272 5785 δρα-ἄρδω
2296 5717 2441 5761 etiam
2465 5721 2543 5784 ρει
2567 5713 2613 5760 in
2641 5727 2744 5785 ιέξυ.

1861 5783 1876 5816 ῐ
1905 5772 2036 5826 υιιιιε
2056 5772 2353 5828 παλαίοντας,
2381 5775 2619 5823 νικῶντας.
2650 5772 2751 5819 Mox
2775 5772 2854 5835 am
2879 5787 3283 5835 στεφανουμένους.

1871 5845 1892 5880 εξ
1922 5842 2060 5890 Alius
2088 5842 2168 5893 τήν
2192 5836 2465 5897 προθυμίαν,
2497 5840 2756 5892 ull‘umquc
2801 5833 2949 5886 bene,
