4130 6316
705 338 818 395 113

694 439 972 507 εὐδόκιμος
1001 437 1096 500 ὢν,
1129 438 1350 510 ὕστερον
1373 441 1452 500 εἰς
1478 433 1749 509 ἁμαρτίαν
1772 449 1799 478 ι
1827 436 2112 490 κατέπεσε.
2134 432 2258 487 Μεί-

697 519 822 583 ζονα
847 520 953 590 γάρ
979 520 1072 588 τῆς
1098 519 1300 582 οἰκείας
1330 521 1602 590 φρονήσας
1634 519 1810 585 ἀξίας,
1850 517 2157 587 ἐπεπήδησε
2187 517 2252 585 τῇ

695 604 790 671 τῆς
825 601 1117 672 ἱερωσύνης
1149 603 1310 672 ἀρχῇ.

767 682 1027 735 Τοσοῦτόν
1054 684 1169 733 ἐστι
1193 684 1416 735 ἀπόνοια
1440 683 1605 736 κακόν
1625 699 1638 713 ·
1664 683 1757 735 καὶ
1793 681 1900 750 γὰρ
1927 681 2112 732 ἐαυτόν
2138 696 2256 731 τινα

699 762 920 816 ἐκαστον
948 765 1156 830 ἀγνοεῖν
1188 764 1487 830 ἀναπείθει,
1519 764 1609 818 καλ⁵
1644 765 1780 834 μετά
1814 764 2038 824 πολλοὺς
2065 761 2256 822 πόνους

699 844 911 920 ἅπαντα
953 847 1092 896 κενοῖ
1133 845 1230 910 τῆς
1282 847 1480 916 ἀρετῆς
1514 847 1605 898 τὸν
1669 845 1956 916 θησαυρόν.
2016 844 2124 897 Καὶ
2191 843 2260 894 τά

704 926 801 994 μὲν
836 925 967 976 ἀλλα
1002 925 1143 977 κακά
1179 925 1553 996 ῥᾳθυμούντων
1582 929 1736 998 ἡμῶν
1765 925 2132 997 περιγίνεσθαι
2165 924 2248 976 πέ-

703 1023 887 1073 φυκεν,
915 1005 1050 1074 αῦτη
1083 1007 1140 1058 δὲ
1173 1007 1520 1076 κατορθοῦσιν
1564 1010 1694 1078 ἡμῖν
1736 1007 2045 1076 ἐπιφύεται.
2096 1006 2259 1058 Οὐδὲν

702 1087 810 1157 γάρ
859 1087 1027 1149 οὕτως
1077 1088 1328 1142 ἀπόνοιαν
1375 1090 1575 1142 τίκτειν
1638 1088 1862 1155 εῑωθεν,
1897 1087 1971 1151 ὡς
2026 1086 2261 1148 συνειδὸς

702 1168 922 1236 ἀγαθὸν,
963 1171 1056 1222 ἐάν
1099 1173 1172 1239 μη
1206 1170 1572 1240 προσέχωμεν,
1611 1171 1710 1225 Διά
1752 1170 1907 1223 τοῦτο
1943 1172 2037 1222 καὶ
2066 1169 2093 1219 6
2125 1169 2259 1236 Χρι-

706 1252 828 1313 στὸς
856 1251 1026 1312 εἰδὼς,
1053 1252 1133 1303 ὃτι
1171 1253 1308 1320 μετά
1348 1253 1415 1304 τά
1448 1252 1840 1323 κατορθώματα
1885 1251 2260 1319 ἐπεισέρχεται

703 1330 858 1384 τοῦτο
890 1333 948 1384 τὸ
985 1332 1151 1395 πάθος
1201 1333 1348 1402 ἡμῖν,
1388 1335 1498 1395 τοῖς
1543 1333 1805 1403 μαθηταῖς
1849 1332 2063 1398 ἔλεγενο
2089 1331 2263 1382 Ὅταν

704 1411 899 1465 πάντα
948 1412 1269 1480 ποιήσητε,
1327 1414 1562 1481 λέγετε,
1619 1414 1706 1468 ὅτι
1761 1413 1999 1482 Ἀχρεῒοι
2056 1410 2262 1464 δοῦλοί

704 1492 908 1560 ἐσμεν.
944 1494 1108 1547 Ὅταν
1140 1497 1244 1566 γάρ
1280 1494 1448 1565 μέλλῃ
1487 1495 1776 1548 ἐπεισιέναι
1814 1493 1873 1547 τὸ
1899 1492 2084 1564 θηρίον
2111 1492 2259 1561 ὑμῖν,

707 1575 828 1628 τότε
860 1574 947 1627 διά
975 1576 1084 1629 τῶν
1114 1577 1370 1646 ῥημάτων
1416 1576 1636 1639 τούτων,
1682 1575 1864 1643 φησὶν,
1898 1573 2208 1626 ἀποκλείετε
2234 1572 2261 1612 δ

707 1656 806 1717 τάς
839 1656 1005 1727 θύρας
1041 1658 1207 1725 αὐτῷ.
1259 1656 1367 1708 Καὶ⁸
1394 1659 1494 1709 οὐκ
1525 1652 1866 1717 εῐπεν,⁸οταν
1897 1655 2074 1708 πάντα
2106 1654 2263 1722 ποιή-

711 1753 864 1804 σητε,
896 1738 1098 1807 ἀχρεῖοί
1128 1741 1270 1802 ἐστε,
1297 1737 1407 1790 ἀλλ’
1445 1737 1626 1806 Ὑμεῖς
1651 1736 1872 1802 λέγετε,
1903 1735 1992 1788 ὅτι
2028 1733 2266 1802 Ἀχρεῑοί

709 1816 913 1886 ἐσμεν.
944 1819 1094 1881 Εἰπὲ,
1125 1819 1202 1888 μὴ
1231 1817 1489 1888 φοϐηθῇς,
1512 1818 1610 1870 οὐκ
1639 1817 1746 1870 ἀπὸ
1777 1817 1873 1886 τῆς
1903 1819 2135 1886 κρίσεως
2167 1815 2264 1883 τῆς

712 1900 813 1970 σῆς
840 1900 987 1971 φέρω
1008 1899 1105 1970 τὴν
1131 1899 1309 1968 ψῆφον
1349 1900 1477 1967 ἐγώ.
1509 1899 1604 1952 Ἂν
1634 1897 1739 1968 γάρ
1780 1898 1844 1951 σὺ
1880 1898 2070 1951 σαυτὸν
2103 1897 2264 1965 εἴπῃς

712 1982 948 2053 ἀχρεῖον,
991 1981 1099 2050 ἐγώ
1143 1998 1201 2033 σε
1246 1981 1322 2043 ῶς
1350 1981 1619 2051 χρήσιμον
1673 1978 1939 2047 στεφανῶ.
1987 1977 2141 2031 υῦτω
2175 1978 2266 2030 καὶ

713 2063 942 2134 ἀλλαχοῦ
973 2080 1132 2134 φησι,
1173 2062 1320 2132 Λέγε
1347 2063 1429 2116 σὺ
1457 2061 1683 2130 πρῶτος
1711 2061 1816 2127 τὰς
1849 2062 2096 2130 ἀνομίας
2127 2075 2264 2125 σου,

713 2145 814 2198 Ira
844 2143 988 2215 [H3]
1019 2143 1351 2212 δικαιωθῇς.
1393 2145 1516 2196 Ἐπὶ
1549 2143 1648 2214 μέν
1686 2142 1792 2213 γὰρ
1825 2141 1932 2195 τῶν
1962 2142 2155 2205 ἔξωθεν
2191 2139 2267 2192 δι-

714 2227 1020 2298 καστηρίων
1048 2226 1181 2294 μετά
1209 2226 1304 2296 τὴν
1333 2226 1660 2294 κατηγορίαν
1689 2225 1781 2277 καὶ
1812 2224 2131 2293 ὁμολογίανο
2163 2221 2267 2273 τῶν

717 2307 1118 2379 ἁμαρτημάτων
1144 2307 1396 2368 θάνατος’
1427 2309 1516 2360 ἐπὶ
1545 2306 1602 2359 δέ
1634 2305 1726 2358 τοῦ
1755 2305 1896 2358 θείου
1925 2303 2268 2372 δικαστηρίου

719 2390 857 2460 μετά
887 2391 987 2461 τὴν
1020 2389 1348 2460 κατηγορίαν
1397 2389 1674 2457 στέφανος.
1708 2387 1794 2440 Διὸ
1833 2387 1925 2439 καὶ
1964 2387 1992 2437 6
2023 2385 2270 2454 Σολομῶν

716 2472 866 2539 ἔλεγε
886 2487 900 2502 ·
928 2471 1022 2538 Μὴ
1050 2470 1278 2523 δικαίου
1303 2469 1563 2523 σεαυτὸν
1587 2467 1839 2521 ἐνώπιον
1866 2468 2105 2533 Κυρίου.
2133 2465 2269 2518 Ἀλλ’

716 2552 924 2614 οὐδενὸς
984 2550 1185 2604 τούτων
1217 2552 1442 2620 ἦκουσεν
1478 2552 1507 2603 ὁ
1555 2547 1755 2614 Ὀζίας,
1802 2547 1913 2600 ἀλλ’
1958 2547 2271 2616 ἐπεισῆλθεν

716 2636 796 2696 είς
830 2633 917 2685 τὸν
947 2635 1095 2697 ναδν,
1126 2633 1219 2686 καὶ
1265 2632 1462 2704 θυμιᾷν
1506 2631 1774 2695 ἐϐούλετο,
1816 2632 1908 2683 καὶ
1959 2630 2050 2683 τοῦ
2089 2631 2272 2699 ίερέως

718 2716 1008 2780 κωλύοντος
1037 2718 1134 2768 οὐκ
1176 2716 1437 2784 ἠνείχετο.
1483 2714 1545 2765 Τί
1575 2709 1666 2767 οῦν
1698 2715 1725 2762 ὁ
1760 2712 1924 2777 Θεός;
1965 2712 2273 2780 Ἐπαφῆκεν

719 2798 867 2867 αὐτῷ
917 2798 1119 2868 λέπραν
1167 2797 1306 2851 κατά
1337 2796 1427 2848 τοῦ
1469 2795 1736 2868 μετώπου,
1782 2793 1880 2864 τὴν
1924 2793 2275 2862 ἀναίσχυντον

720 2880 959 2943 κολάζων
987 2879 1128 2948 ὄψιν,
1164 2878 1255 2929 καὶ
1293 2876 1558 2929 παιδεύων
1589 2874 1768 2941 αὑτὸν,
1795 2875 1876 2928 δτι
1908 2873 2048 2927 θεῖόν
2077 2877 2190 2926 ἐστι
2216 2873 2276 2926 τὸ

719 2961 1082 3030 δικαστήριον,
1121 2958 1215 3012 καὶ
1243 2955 1303 3010 o6
1335 2957 1469 3028 πρὸς
1509 2956 1824 3028 ἀνθρώπους
1853 2957 1881 3009 ό
1913 2956 2143 3026 πόλεμος
2185 2950 2272 3026 ἦν.

723 3044 830 3096 Καὶ
873 3044 942 3095 τά
988 3041 1086 3112 μέν
1138 3039 1278 3094 κατὰ
1322 3040 1411 3092 τὸν
1451 3038 1628 3102 ὐξίαν
1676 3035 1867 3096 ταῦτα.
1895 3036 2028 3107 Φέρε
2071 3036 2135 3105 δὴ
2186 3037 2277 3088 καὶ

722 3124 924 3178 ἀνωθεν
944 3123 1038 3194 τὴν
1062 3123 1295 3194 ίστορίαν
1317 3121 1480 3192 αὐτὴν
1528 3121 1856 3191 ἐπέλθωμεν.
1875 3120 1972 3172 Διά
1993 3118 2100 3188 γάρ
2124 3117 2277 3172 τοῦτο

724 3213 817 3264 καὶ
852 3210 1010 3271 αὐτὸς
1048 3207 1328 3278 προλαϐὼν
1356 3209 1412 3259 ἐν
1442 3207 1631 3277 βραχεῖ
1661 3206 2002 3278 διηγησάμην
2036 3205 2165 3273 ὑμῖν
2210 3204 2279 3257 τὰ

727 3290 1102 3360 συμϐεϐηκότα
1135 3290 1306 3341 πάντα
1326 3328 1341 3352 ,
1387 3289 1449 3341 ἵν’
1478 3289 1603 3338 ὃταν
1651 3287 1882 3360 ἀκούητε
1930 3287 2028 3356 τῆς
2061 3285 2278 3356 Γραφῆς

724 3372 894 3423 ταῦτα
928 3369 1401 3438 ἀπαγγελλούσης,
1447 3368 1886 3437 παρακολουθῆτε
1938 3367 2075 3436 μετὰ
2123 3368 2279 3436 ἀκρι-

728 3452 876 3514 ϐείας
908 3451 1104 3514 αὐτοῖς.
1138 3449 1294 3502 Ἀλλά
1324 3450 1632 3519 προσέχετε.
1661 3447 1767 3501 Καὶ
1795 3447 2065 3514 ἐποίησε,
2098 3449 2278 3514 φησιν,

741 3533 918 3598 Ὀζῒας
957 3533 1024 3586 τὸ
1069 3531 1238 3595 εὺθὲς
1265 3531 1517 3584 ἐνώπιον
1555 3529 1796 3598 Κυρίου.
1831 3527 2087 3597 Μεγάλην
2119 3526 2280 3581 αὑτοῦ

730 3612 819 3667 διά
855 3613 1057 3665 τούτων
1087 3613 1461 3683 ἐμαρτύρησεν
1508 3612 1725 3684 ἀρετήν.
1756 3613 1830 3662 Οὐ
1872 3610 1979 3680 γὰρ
2025 3608 2085 3662 τὸ
2131 3607 2284 3667 εύθὲς

731 3695 901 3747 ἐποίει
929 3693 1108 3764 μόνον,
1133 3693 1266 3746 ἀλλά
1293 3693 1385 3746 καὶ
1409 3693 1634 3746 ἐνώπιον
1669 3692 1894 3766 Κυρίου,
1922 3692 1981 3743 οὐ
2011 3690 2146 3761 πρὸς
2169 3690 2286 3745 ἐπί-

729 3777 895 3842 δειξιν
922 3776 1239 3848 ἀνθρώπων,
1271 3777 1516 3848 καθάπερ
1541 3779 1734 3828 ἐκεῖνοι
1766 3777 1813 3828 οί
1840 3773 1990 3843 παρά
2018 3776 2126 3835 τοῖς
2158 3774 2286 3826 Ἰου-

731 3859 908 3922 δαίοις
937 3860 1039 3930 πρὸ
1067 3860 1166 3929 τῆς
1208 3858 1569 3930 ἐλεημοσύνης
1607 3856 1971 3918 σαλπίζοντες.
2001 3855 2050 3906 οἱ
2081 3856 2137 3905 ἐν
2171 3857 2284 3914 ταῖς

732 3943 1006 4010 νηστείαις
1035 3941 1104 3993 τὰ
1133 3940 1399 4013 πρόσωπα
1426 3937 1794 4009 ἀφανίζοντες,
1825 3937 1873 3988 οί
1905 3935 2000 3997 τὰς
2033 3933 2194 4007 εύχάς
2229 3935 2286 3984 ἐν

733 4027 851 4086 ταῖς
871 4024 1124 4094 ἀμφόδοις
1149 4022 1473 4092 ποιούμενοιο
1488 4016 1622 4074 ὦντί
1645 4020 1838 4088 γένοιτ’
1856 4017 1919 4072 ἀν
1944 4016 2283 4087 ἀθλιώτερον,

733 4105 861 4160 ὅταν
891 4106 1016 4168 τοὺς
1061 4106 1156 4176 μὲν
1202 4104 1394 4166 πόνους
1431 4101 1772 4173 ὑπομένωσι,
1812 4101 1911 4170 τῆς
1953 4099 2011 4152 δέ
2053 4097 2286 4171 ἀμοιϐῆς

735 4187 1137 4258 ἀποστερῶνται
1164 4187 1412 4254 ἀπάσης;

808 4270 876 4340 β’.
893 4270 1163 4331 Τίποιεῖς,
1181 4267 1431 4339 ἀνθρωπε
1449 4263 1651 4337 autem)
1672 4262 1880 4334 μέλλεις
1905 4261 2128 4323 εὐθύνας
2155 4261 2290 4313 διδό-

736 4368 826 4406 ναι
847 4349 954 4405 τῶν
997 4350 1419 4421 πεπραγμένων,
1450 4347 1543 4402 καὶ
1587 4346 1773 4416 ῑτερον
1820 4343 2067 4414 μάρτυρα
2109 4343 2290 4405 καλεῖς

736 4431 848 4486 τῶν
889 4431 1214 4502 γινομένων;
1259 4430 1443 4500 ἓτερον
1486 4430 1626 4498 ἔχεις
1670 4425 1946 4496 δικαστὴν,
1977 4425 2070 4478 καλ⁵
2108 4423 2293 4494 ἐτερον

741 4514 976 4576 καθίζεις
1004 4513 1226 4580 θεατήν;
1253 4511 1362 4580 Οὐχ
1397 4511 1526 4581 ὁρᾷς
1551 4509 1674 4570 τοὺς
1704 4507 1968 4578 ήνιόχους,
1992 4506 2040 4559 οἳ
2069 4505 2167 4575 τῆς
2197 4503 2294 4557 πό-

739 4599 874 4659 λεως
919 4597 1131 4664 ἀπάσης
1171 4595 1282 4649 ἀνω
1327 4591 1638 4661 καθημένης
1686 4591 1743 4644 ἐν
1785 4591 1905 4651 ταῖς
1954 4589 2062 4640 τῶν
2116 4588 2293 4640 ἵππων

741 4678 1009 4748 ἁμίλλαις,
1036 4677 1181 4729 ἀπαν
1205 4675 1295 4729 τοῦ
1326 4673 1538 4727 σταδίου
1567 4672 1996 4742 παρατρέχοντες
2023 4670 2082 4722 τὸ
2110 4669 2291 4738 μέρος,

743 4761 859 4813 ἐκεῖ
886 4757 1234 4827 φιλονεικοῦσι
1265 4757 1334 4810 τά
1361 4756 1483 4809 τῶν·
1501 4752 1804 4807 ἀντιπάλων
1826 4749 1854 4788 ἀ
1883 4754 2101 4822 ἅρματα
2132 4767 2293 4802 κατα-

745 4841 1013 4910 στρέφειν,
1043 4839 1168 4892 ἐνθα
1197 4839 1260 4891 ἂν
1286 4838 1434 4890 ῐδωσι
1465 4835 1555 4887 τὸν
1582 4834 1802 4903 βασιλέα
1849 4833 2170 4902 καθήμενον,
2201 4831 2295 4882 καὶ

745 4921 1002 4974 τοσούτων
1025 4920 1195 4990 ὄψεων
1216 4920 1310 4972 ἕνα
1329 4917 1631 4989 νομίζουσιν
1655 4915 2083 4984 ἀξιοπιστότερον
2109 4911 2296 4981 ὁφθαλ-

810 5102 835 5160 ἒ
855 5101 1067 5160 Quatuor
1089 5113 1201 5148 mss.
1226 5096 1556 5160 εὐδοκιμήσας,
1578 5093 1772 5153 ὕστερον
1792 5093 1907 5156 πρὸς
1929 5091 2174 5154 ἁμαρτίαν.

805 5159 836 5201 δ
850 5159 981 5209 Unus
997 5160 1322 5208 ἀποκλείσατε.

811 5224 835 5255 ⁸
859 5221 938 5269 Sic
971 5227 1076 5270 tres
1102 5233 1214 5267 mss.
1258 5224 1311 5266 et
1348 5217 1418 5264 sic
1436 5217 1558 5273 legit
1580 5213 1821 5263 Erasmus.
1859 5210 1915 5273 In
1954 5214 2097 5261 editis
2119 5214 2196 5259 καὶ
2216 5212 2300 5270 τήν

748 5282 997 5346 ὁμολογίαν
1020 5282 1214 5346 ὀιτεθινειι.¹
1239 5277 1413 5346 νθτυιῐι
1437 5271 1580 5336 path)
1598 5282 1725 5346 po_st,
1751 5273 1837 5346 ubi
1855 5271 1903 5318 in
1919 5274 2098 5346 __(;.ra>eo
2121 5274 2302 5346 legill‘lr

751 5333 869 5403 μῖιτά
995 5339 1272 5403 κατηγορίαν
1297 5333 1536 5403 στέφανος,
1563 5333 1611 5381 εί
1637 5335 1733 5403 ὁ.υο
1752 5345 1863 5380 mss.
1875 5333 2066 5403 gddunt
2085 5333 2200 5403 μετὰ
2218 5335 2302 5388 τήν

748 5392 1028 5462 κατηγορίαν
1065 5392 1184 5446 τῶν’
1207 5392 1553 5462 ἁμαρτημάτων
1590 5395 1832 5462 στέφανος,
1874 5392 2102 5462 ξτεεωυε
2143 5395 2303 5462 locpm

749 5451 967 5522 ρίειίὐαὶ,
990 5467 1045 5508 ιιι
1069 5467 1200 5514 ante,
1225 5451 1420 5522 r'epetfl',
1442 5455 1528 5512 sic,
1551 5458 1655 5513 post
1686 5451 2038 5522 ‘accusatjqnem
2057 5451 2303 5522 et_gon{es-

748 5514 930 5570 iioncm
956 5514 1253 5580 peccatorum
1283 5514 1666 5580 'dalufhcorovgq,
1690 5525 1833 5574 quam
1875 5514 2302 5580 i_nterpreruo_gen_1,

749 5585 862 5640 quia
883 5572 996 5628 niliil
1024 5579 1080 5627 ad
1125 5575 1525 5640 sensum_addit,_
1549 5572 1829 5634 relinquere
1855 5572 2016 5621 visum
2034 5579 2127 5620 est.
2154 5572 2307 5621 Paulo

750 5636 852 5702 ῥοςν
877 5645 902 5688 ὁ
926 5641 1140 5702 Σολομῶν
1174 5651 1261 5700 pro
1279 5639 1306 5686 6
1323 5636 1606 5702 Σειρακίδης.

869 5705 968 5747 Tam
987 5692 1279 5761 ἀντιτέχνων,
1322 5692 1524 5744 slc'tres
1555 5705 1664 5761 ωεε.
1689 5692 1816 5761 [utre
1843 5692 2091 5761 iidem-:6:
2111 5693 2204 5761 τῶν
2223 5695 2308 5761 ἀγ-

783 5763 898 5808 έλων
938 5754 1171 5822 βασιλέαῗ
1196 5758 1320 5808 Infra
1360 5767 1486 5806 unus
1547 5754 1628 5801 καὶ
1669 5754 1908 5804 τοσούτων
1955 5755 2108 5816 όψεων
2153 5754 2307 5803 οὐσῶν

775 5838 832 5868 να
851 5837 952 5883 νομ.

1369 323 1428 378 S.
1462 320 1741 378 JOANNIS
1773 316 2260 376 CHRYSOSTOMI
2298 315 2616 375 ARCHIEP.
2656 317 3202 374 CONSTANTINOP.

2369 434 2498 502 μὸνς
2532 434 2602 486 Σὺ
2630 433 2686 485 δὲ
2723 433 2883 486 αὑτὸν
2929 434 3020 486 τὸν
3051 433 3160 495 τῶν
3203 432 3448 502 ἀγγέλων
3479 433 3654 488 αὐτῶν
3703 434 3922 504 βασιλέα

2362 526 2471 584 τοῖς
2502 525 2610 584 σοῖς
2634 523 2850 592 δρόμοις
2878 521 3313 589 ἀγωνοθετοῦντα
3343 521 3503 590 ὀρῶν,
3532 524 3736 578 ἐκεῖνον
3767 526 3920 594 ἀφεὶς

2362 605 2454 654 ἐπὶ
2488 602 2581 666 τάς
2624 603 2732 654 τῶν
2761 603 3061 673 ὁμοδούλων
3094 603 3456 671 καταφεύγεις
3485 604 3668 673 ὄψεις
3703 608 3800 660 Διά
3839 623 3921 660 τοι

2363 685 2518 737 τοῦτο
2554 685 2689 753 μετά
2720 685 2817 746 τάς
2863 685 3060 754 μυρίας
3099 685 3274 747 πάλας
3314 686 3684 752 ἀστεφάνωτος
3714 689 3922 757 ἀναχω-

2366 768 2508 834 ρεῖς.
2545 765 2682 832 μετά
2726 766 2850 826 τοὺς
2897 765 3122 827 πολλοὺς
3177 765 3403 836 ἱδρῶτας
3444 766 3608 836 χωρὶς
3662 766 3922 838 βραϐείων

2364 845 2576 914 ἀπέρχῃ
2603 845 2734 914 πρὸς
2758 846 2848 897 τὸν
2875 846 3238 916 ἀγωνοθέτην;
3267 846 3402 898 Ἀλλ’
3421 848 3520 898 οὐκ
3555 846 3732 910 Ὀζίας
3754 848 3925 902 τοιοῦ-

2365 942 2454 986 τος
2479 921 2565 993 ἦν,
2594 926 2707 1004 ἀλλ’
2732 925 2959 978 ἐνώπιον
2987 927 3192 1004 Κυρίου
3229 928 3289 980 τὸ
3317 928 3469 991 εὑθές
3495 929 3686 984 ἐποίει,

2451 1007 2572 1068 Πῶς
2631 1002 2724 1058 οὖν
2783 1007 2923 1059 οὕτω
2988 1002 3124 1077 μετά
3183 1009 3465 1077 ἀκριϐείας
3517 1009 3928 1079 πολιτευόμενος

2368 1087 2723 1157 ὑπεσκελίσθη
2771 1091 2863 1141 καὶ
2907 1089 3200 1154 κατέπεσε;
3251 1090 3416 1141 Τοῦτο
3447 1088 3554 1158 γάρ
3599 1089 3752 1157 κάγὼ
3798 1092 3929 1144 θαυ-

2371 1167 2524 1238 μάζω
2554 1169 2647 1221 καὶ
2677 1169 2942 1238 διαπορῶ,
2975 1170 3171 1239 μᾶλλον
3201 1170 3256 1222 δέ
3286 1171 3383 1222 οὐκ
3413 1169 3476 1222 ἂν
3507 1172 3590 1241 εἴη
3628 1171 3784 1225 τοῦτο
3811 1173 3930 1225 δια-

2369 1252 2650 1318 πορήσεως
2700 1250 2877 1314 ἀξιον·
2925 1252 3207 1321 ἀνθρωπος
3257 1254 3364 1322 γάρ
3393 1249 3479 1322 ἦν,
3515 1257 3744 1324 πρᾶγμα
3793 1257 3930 1325 πρὸς

2368 1331 2638 1399 ἁμαρτίαν
2662 1331 2950 1397 εύόλισθον,
2979 1334 3072 1385 καὶ
3098 1334 3233 1402 πρὸς
3259 1334 3455 1386 κακίαν
3475 1334 3790 1404 ὀξύρροπον.
3819 1338 3932 1388 Καὶ

2368 1411 2428 1462 οὑ
2462 1411 2618 1462 τοῦτο
2652 1412 2811 1480 μόνον
2855 1413 2973 1465 ἐστὶ
3000 1413 3061 1466 τὸ
3110 1414 3360 1483 χαλεπὸν,
3409 1415 3522 1466 ἀλλ’
3565 1418 3645 1469 ὁτι
3692 1416 3782 1468 καὶ
3810 1416 3935 1468 ὁδὸν

2372 1491 2559 1562 στενὴν
2580 1493 2673 1544 καὶ
2695 1493 3052 1566 τεθλιμμένην
3075 1495 3276 1546 ὁδεύειν
3300 1496 3536 1564 ἐπετάγη
3547 1515 3641 1564 μεν
3666 1496 3768 1548 ὑπὸ
3795 1514 3932 1566 κρη-

2373 1574 2519 1644 μνῶν
2566 1575 2899 1644 ἑκατέρωθεν
2944 1577 3355 1646 ἀπειλημμένην
3386 1590 3431 1631 ο.
3462 1578 3617 1648 [114]
3643 1579 3808 1633 Ὅταν
3835 1576 3931 1632 οὖν

2372 1654 2467 1707 καὶ
2505 1656 2873 1724 προαιρέσεως
2903 1657 3116 1709 εὐκολία
3160 1659 3251 1709 καὶ
3299 1658 3415 1710 ὁδοῦ
3457 1660 3708 1714 δυσκολία
3742 1662 3930 1714 συνέλ-

2373 1736 2536 1788 θωσιν
2565 1737 2644 1797 είς
2670 1735 2882 1799 ταύτὸν,
2918 1737 2992 1804 μὴ
3023 1737 3263 1804 θαύμαζε
3298 1739 3479 1790 λοιπὸν
3519 1741 3656 1809 ὑπὲρ
3688 1741 3793 1798 τῶν
3823 1759 3934 1794 πα·-

2374 1817 2768 1889 ραπτωμάτων.
2811 1817 3073 1887 Καθάπερ
3103 1822 3208 1886 γὰρ
3240 1821 3294 1869 ἐν
3326 1824 3434 1883 τοῖς
3463 1821 3704 1892 θεάτροις
3740 1825 3788 1876 οί
3830 1823 3934 1892 τὴν

2375 1902 2580 1968 σχοῖνον
2603 1898 2699 1968 τὴν
2728 1898 2969 1952 κάτωθεν
2994 1900 3105 1959 ἀνω
3132 1901 3428 1972 τεταμένην
3459 1902 3475 1940 ῐ
3508 1903 3810 1957 ἀναϐαίνειν
3837 1907 3935 1958 καὶ

2375 1981 2716 2036 καταϐαίνειν
2751 1980 3112 2050 μελετῶντες,
3163 1982 3228 2034 ἀν
3285 1983 3474 2052 μικρὸν
3509 1985 3894 2054 παραϐλέψωσι
3916 2027 3933 2050 ,

2374 2063 2817 2134 παρατραπέντες
2847 2063 3324 2133 κατενεχθήσονται
3358 2066 3434 2127 είς
3473 2066 3566 2136 τὴν
3602 2067 3933 2136 ὀρχήστραν,

2375 2145 2470 2198 καὶ
2485 2143 2825 2198 ἀπολοῦνται·
2841 2143 2982 2197 οὕτω
2998 2145 3087 2196 καὶ
3103 2146 3151 2196 οἱ
3173 2145 3266 2214 τὴν
3286 2146 3400 2198 ὁδὸν
3415 2148 3616 2216 ταύτην
3639 2148 3934 2210 ὁδεύοντες,

2377 2226 2442 2280 ἀν
2478 2227 2669 2297 μικρὸν
2697 2227 3070 2296 ρᾳθυμήσωσι,
3099 2228 3642 2297 κατακρημνίζονται.
3679 2231 3783 2282 Καὶ
3822 2230 3937 2299 γάιρ

2378 2310 2588 2377 ἐκείνης
2612 2308 2708 2376 τῆς
2730 2309 2934 2376 σχοίνου
2957 2311 2988 2376 ἡ
3011 2309 3125 2369 ὁδὸς
3147 2309 3286 2377 αῦτη
3317 2310 3407 2362 καὶ
3429 2310 3707 2380 στενοτέρα
3731 2313 3823 2363 καὶ
3841 2313 3940 2381 ὁρ-

2379 2389 2490 2451 θιος
2509 2389 2602 2441 καὶ
2625 2391 2925 2458 προσάντης
2943 2389 3140 2459 μᾶλλόν
3161 2392 3273 2441 ἐστι
3299 2391 3390 2444 καὶ
3406 2390 3703 2461 ὑψηλοτέρα
3721 2392 3898 2461 πολλῷ
3919 2408 3933 2420 ·

2379 2470 2516 2540 πρὸς
2543 2471 2650 2540 γάρ
2677 2471 2833 2523 αὑτὸν
2862 2473 2971 2524 ἀνω
3005 2470 3226 2539 τελευτᾷ
3251 2474 3274 2510 8
3305 2471 3395 2522 τὸν
3425 2473 3668 2540 οὐρανὸν,
3695 2475 3784 2526 καὶ
3811 2474 3938 2527 τότε

2377 2554 2511 2622 ἡμῖν
2538 2551 2915 2621 σφαλερώτερα
2944 2551 3094 2603 ἔσται
3119 2553 3188 2603 τά
3213 2552 3538 2622 διαδήματα,
3559 2554 3683 2605 ὅταν
3706 2554 3816 2606 ἀνω
3839 2555 3942 2606 καὶ

2380 2634 2515 2703 πρὸς
2543 2635 2678 2703 αὐτῇ
2709 2633 2989 2701 γενώμεθα
3013 2635 3079 2702 τῇ
3111 2636 3354 2703 κορυφῇ·
3385 2636 3495 2696 τοῖς
3527 2633 3632 2704 γάρ
3657 2637 3739 2702 ἐφ’
3767 2633 3939 2702 ὕψους

2382 2717 2574 2767 ἑστῶσι
2613 2715 2772 2778 πολὺς
2799 2718 2825 2766 ὁ
2854 2715 3070 2784 τρόμος,
3100 2716 3190 2767 καὶ
3222 2716 3318 2784 μία
3350 2717 3506 2785 μόνον
3536 2718 3798 2784 ἀσφάλεια
3830 2719 3944 2771 λεί-

2383 2813 2569 2860 πεται,
2614 2796 2673 2848 τὸ
2715 2796 2788 2865 μὴ
2824 2795 3130 2862 κατακύψαι
3161 2797 3328 2860 κάτω,
3363 2797 3494 2866 μηδὲ
3539 2799 3617 2860 είς
3653 2799 3755 2866 γῆν
3786 2799 3942 2851 ίδεῖν.

2383 2880 2492 2934 Καὶ
2527 2878 2636 2948 γάρ
2674 2878 2902 2948 χαλεπὸς
2931 2875 3175 2929 ἐντεῦθεν
3204 2879 3230 2929 ὁ
3261 2879 3554 2941 σκοτόδινος
3582 2879 3802 2946 γίνεται.
3838 2881 3946 2934 Διά

2382 2977 2464 3013 τοι
2494 2959 2650 3012 τοῦτο
2695 2959 2928 3027 συνεχῶς
2963 2960 3093 3027 ἡμῖν
3123 2960 3150 3009 ὁ
3180 2960 3463 3031 Προφήτης
3491 2961 3681 3032 ἐπιϐοᾷ
3727 2963 3901 3030 λέγων
3925 2980 3941 2993 °

2384 3045 2489 3107 Εἰς
2524 3040 2590 3094 τὸ
2622 3040 2794 3104 τέλος
2832 3039 2916 3106 μὴ
2961 3038 3338 3107 διαφθείρῃςο
3391 3041 3732 3112 ῥᾳθυμοῦσαν
3779 3044 3948 3112 ἡμῶν

2383 3124 2480 3194 τὴν
2509 3123 2682 3192 ψυχὴν
2720 3120 3076 3185 ἀναστέλλων,
3105 3123 3198 3172 καὶ
3246 3123 3537 3191 μέλλουσαν
3579 3123 3947 3177 καταπίπτειν

2384 3204 2590 3272 ἀνέχων
2621 3204 2714 3255 καὶ
2743 3202 3064 3271 διακρατῶν.
3101 3203 3188 3255 Ἐν
3222 3205 3360 3273 ἀρχῇ
3395 3205 3489 3271 μὲν
3521 3205 3628 3275 γὰρ
3647 3205 3707 3256 ού
3740 3203 3950 3273 πολλῆς

2385 3283 2618 3353 δεόμεθα
2679 3284 2776 3351 τῆς
2822 3283 3232 3352 παρακλήσεως.
3277 3285 3339 3336 Τί
3389 3285 3620 3354 δήποτες
3667 3285 3786 3336 Ὀτι
3834 3287 3953 3348 πᾶς

2388 3365 2686 3435 ἄνθρωπος,
2714 3365 2812 3416 κᾶν
2840 3365 3088 3418 ἁπάντων
3113 3366 3440 3428 νωθέστατος
3463 3361 3517 3438 ᾖ,
3549 3366 3751 3435 μέλλων
3776 3367 3955 3419 ἀπτε-

2391 3447 2511 3499 σθαι
2550 3446 2896 3516 πράγματος,
2945 3446 3141 3516 πολλὴν
3170 3448 3226 3498 ἐν
3271 3450 3379 3506 τοῖς
3408 3446 3706 3516 προοιμίοις
3745 3446 3958 3499 ἐπιδεί-

2389 3543 2577 3580 κνυται
2617 3527 2712 3594 τὴν
2761 3525 3009 3597 σπουδὴν,
3044 3528 3137 3580 καὶ
3172 3527 3268 3596 τῆς
3316 3527 3617 3600 προθυμίας
3662 3527 3956 3596 ἀκμαζού-

2393 3625 2512 3677 σης,
2552 3607 2645 3662 καὶ
2687 3608 2784 3676 τῆς
2823 3609 3096 3679 δυνάμεως
3140 3611 3334 3679 νεαρᾶς
3375 3609 3536 3680 οῦσης
3582 3609 3694 3673 έτι,
3749 3610 3958 3680 ῥᾳδίως

2393 3689 2526 3757 πρὸς
2553 3689 2614 3742 τὸ
2639 3690 2994 3759 προκείμενον
3019 3691 3283 3744 ἐπιϐαίνει
3303 3708 3316 3720 ’
3345 3691 3468 3744 ὅταν
3496 3691 3552 3743 δέ
3581 3692 3641 3744 τὸ
3663 3691 3823 3744 πλέον
3846 3691 3959 3760 τῆς

2391 3771 2509 3823 ὁδοῦ
2558 3771 2922 3840 προέλθωμεν,
2973 3773 3066 3824 καὶ
3115 3771 3361 3842 μαρανθῇ
3405 3771 3473 3824 τά
3515 3773 3612 3841 τῆς
3643 3772 3960 3842 προθυμίας

2394 3855 2544 3922 ἡμῖν,
2573 3857 2640 3905 τὰ
2674 3853 2730 3904 δέ
2763 3854 2859 3923 τῆς
2897 3854 3177 3924 δυνάμεως
3206 3854 3360 3923 ήμῶν
3393 3855 3548 3925 λήξῃ,
3585 3853 3864 3924 μέλλωμεν
3892 3857 3961 3909 δὲ

2395 3933 2774 3997 καταπίπτειν,
2813 3935 2934 3987 τότε
2964 3936 3092 4005 ἡμῖν
3128 3938 3157 3988 ὁ
3195 3937 3476 4006 προφήτης
3519 3937 3784 4008 εὐκαίρως
3811 3955 3965 4008 παρ-

2401 4017 2650 4081 ίσταται,
2712 4017 2955 4086 καθάπερ
3021 4016 3318 4088 βακτηρίαν
3364 4017 3482 4070 τινὰ
3535 4017 3595 4070 τὸ
3638 4017 3967 4088 ἐπίφθεγμα

2395 4099 2552 4152 τοῦτο
2591 4095 2818 4170 ὀρέγων,
2860 4101 2955 4155 καὶ
3002 4099 3196 4170 λέγων,
3239 4104 3343 4168 El;
3384 4102 3451 4157 τὸ
3493 4102 3666 4170 τέλος
3698 4103 3784 4178 μὴ
3823 4103 3962 4156 δαιν-

2396 4181 2658 4256 φθείρῃς.

2467 4263 2577 4315 Καὶ
2610 4263 2717 4331 γὰρ
2745 4260 2773 4312 6
2800 4261 3039 4327 διάϐολος
3069 4265 3193 4318 τότε
3224 4265 3572 4337 σφοδρότερον
3600 4268 3722 4320 πνεῖ
3747 4263 3796 4321 ι.
3842 4268 3970 4323 Καὶ

2398 4343 2649 4413 καθάπερ
2693 4343 2741 4394 οἱ
2786 4342 2884 4410 τὴν
2935 4343 3202 4398 θάλατταν
3237 4346 3485 4409 πλέοντες
3531 4347 3811 4416 πειραταὶ,
3857 4348 3972 4419 οὐχ

2399 4426 2526 4480 ὅταν
2558 4423 2736 4476 ῐδωσιν
2769 4424 2976 4486 ἐξιόντα
3012 4423 3104 4476 τοῦ
3138 4426 3352 4495 λιμένος
3377 4427 3446 4479 τά
3484 4426 3657 4491 πλοῖα,
3693 4429 3808 4481 τότε
3838 4431 3974 4482 ἐπι-

2400 4507 2654 4572 τίθενται,
2690 4504 2764 4574 (τί
2793 4505 2899 4575 γάρ
2930 4505 3110 4568 αὐτοῖς
3137 4505 3327 4575 ὁφελος
3375 4507 3526 4560 κενὸν
3569 4509 3866 4562 καταδῦσαι
3897 4510 3971 4564 τὸ

2403 4588 2660 4657 σκάφοςς)
2688 4585 2799 4638 ἀλλ’
2821 4587 2946 4640 ὅταν
2974 4587 3166 4658 ἐπανίῃ
3193 4588 3370 4658 πλήρη
3408 4589 3496 4641 τὸν
3528 4591 3717 4659 φόρτον
3745 4589 3971 4660 ἔχοντα,

2401 4671 2521 4722 τότε
2565 4668 2743 4721 πᾶσαν
2794 4667 2998 4720 κινοῦσι
3034 4670 3281 4738 μηχανήν
3337 4668 3476 4722 οὕτω
3517 4669 3608 4722 καὶ
3652 4673 3680 4723 6
3725 4671 3977 4741 πονηρὸς

2401 4750 2604 4819 δαίμων
2638 4750 2858 4811 ἐκεῖνος,
2889 4749 3013 4801 ὅταν
3045 4749 3126 4819 ίδῃ
3167 4749 3336 4802 πολλὰ
3376 4752 3764 4820 συναγηοχότας
3789 4749 3832 4814 ί,
3865 4769 3980 4822 νη-

2406 4831 2605 4895 στείαν,
2641 4829 2820 4897 εὑχάς,
2853 4829 3242 4899 ἐλεημοσύνην,
3275 4831 3639 4902 σωφροσύνην,
3671 4833 3765 4901 τὴν
3795 4831 3980 4901 ἀλλην

2406 4913 2620 4966 ἃπασαν
2652 4910 2867 4981 ἀρετὴν,
2899 4910 3024 4962 ὅταν
3054 4911 3139 4981 ἴδῃ
3169 4910 3335 4978 γέμον
3363 4911 3515 4981 ἡμῶν
3543 4912 3604 4965 τὸ
3640 4913 3820 4965 πλοῖον
3851 4910 3979 4963 τῶν

2405 4993 2708 5046 πολυτελῶν
2743 4995 2842 5061 τῆς
2877 4991 3152 5054 εὐσεϐείας
3203 4991 3382 5055 λίθων,
3428 4993 3549 5046 τότε
3601 4992 3930 5065 προσϐάλλει
3960 5033 3982 5057 ,

2408 5080 2670 5134 πάντοθεν
2720 5080 3008 5150 διορύττων
3057 5081 3147 5131 τὸν
3187 5080 3472 5152 θησαυρὸν,
3500 5083 3640 5136 ὥστε
3671 5083 3798 5152 παρ’
3826 5081 3989 5135 αὐτὰ

2407 5163 2499 5216 τοῦ
2525 5163 2736 5232 λιμένος
2768 5164 2835 5214 τά
2877 5163 3116 5229 στόματα
3151 5163 3445 5216 καταδῦσαι
3491 5164 3552 5217 τδ
3587 5166 3826 5232 σκάφος,
3876 5165 3990 5219 καὶ

2476 5333 2498 5360 θ
2527 5329 2753 5394 Erasmus
2775 5328 2952 5394 le_gi_s§e
2974 5327 3166 5394 videtur
3196 5329 3476 5387 ἑκατέρωθεν
3508 5325 3836 5394 ἀπειλημίνην,
3859 5336 3995 5394 νει·-

2413 5391 2465 5438 lil
2502 5393 2652 5444 enim.
2678 5385 2961 5450 ρνιεείῥὶιὶίε
3002 5385 3252 5444 mimum.
3296 5385 3475 5449 nempe
3505 5388 3646 5434 viam.
3683 5385 3782 5435 Sed
3805 5386 4000 5436 nullus

2411 5451 2563 5498 codex
2581 5452 2653 5498 sic
2677 5447 2839 5496 habet;

2478 5510 2495 5548 ί
2529 5510 2659 5557 Unus
2678 5507 3022 5568 ἐπιτεταμένην.

2479 5574 2502 5609 3
2527 5571 2650 5617 Tres
2670 5582 2787 5616 mss.
2812 5564 2909 5614 ἀνω
2933 5571 3137 5617 τέταται.
3160 5568 3298 5618 Unus
3321 5567 3419 5614 ἄνω
3451 5567 3724 5614 τελειοῦται.
3746 5564 4004 5616 Erasmus

2415 5631 2608 5679 videtur
2628 5627 2807 5736 legisse
2829 5629 3035 5675 τέταται.
3061 5630 3159 5677 Sed
3172 5629 3249 5676 be
3267 5640 3436 5676 omnes
3462 5629 3700 5675 lectiones
3720 5629 3997 5686 quadram.

2420 5694 2524 5736 Mox
2563 5689 2646 5736 alii
2704 5689 3049 5736 πισσαλὲστεοα
3083 5690 3214 5736 ἐσται
3240 5690 3299 5735 τὰ
3323 5683 3526 5736 Βῆματα.

2419 5694 2524 5741 Mox
2563 5689 2646 5736 alii
2678 5683 3049 5750 ἐπισφαλέστερα
3083 5690 3214 5736 ἔσται
3240 5690 3299 5735 τὰ
3323 5683 3526 5749 βήματα.

2480 5706 2524 5736 ιχ
2563 5706 2646 5736 am
2680 5706 2788 5736 επισ
2823 5706 3049 5750 αλεστερα
3083 5706 3214 5736 εσται
3240 5706 3284 5735 τε

2480 5750 2506 5819 1}
2541 5751 2672 5819 linus
2693 5706 3001 5819 σφοδρότερον
3023 5749 3284 5819 ἐπέρχεται.

2490 5812 2503 5848 ί
2549 5809 2680 5858 L’nus
2705 5805 3059 5868 συναγαγόντας.
3084 5805 3232 5857 (ὀξίνης
3256 5805 3626 5869 σννηγειοχότας.
