4148 6306
157 322 264 379 113

134 438 263 493 emt,
307 426 659 483 exstinxeris.
689 425 786 481 Hic
811 428 967 495 igitur
993 423 1147 478 Ozias
1168 439 1198 477 c
1219 425 1359 491 sirpe
1381 419 1543 474 David
1567 419 1717 475 duxit

132 534 324 587 genus,
370 534 461 573 rex
497 528 676 570 autem
725 526 837 571 erat
882 515 1229 576 Judzeorum;
1280 513 1518 582 regnavit
1562 512 1716 564 annis

134 610 511 679 quinquaginta
537 608 743 661 duobus
770 625 782 658 :
815 620 1039 675 eumque
1080 604 1228 657 initio
1260 618 1380 657 cum
1415 601 1570 655 laude
1596 616 1717 670 ges-

134 715 283 755 sisset
327 700 722 770 principatum,
766 706 881 767 post
916 698 966 750 in
1008 704 1277 765 peccatum
1310 696 1582 765 prolapsus
1612 702 1709 747 est.

132 790 255 844 Cum
286 792 432 846 enim
466 790 681 843 altiores
712 789 925 857 spiritus
960 786 1263 841 sustulisset
1301 800 1459 855 quam
1504 799 1599 854 pro
1621 798 1714 837 sua

134 883 411 953 dignitate,
437 882 794 953 principatum
825 879 1017 933 invasit
1041 876 1344 932 sacerdotii.

198 973 458 1043 Superbia
480 989 615 1040 saepe
642 988 704 1025 ea:
721 971 851 1023 bona
870 969 1169 1022 conscientia
1198 968 1377 1021 oritur.
1397 996 1469 1006 —
1488 966 1714 1021 Tantum

131 1073 327 1126 malum
355 1074 441 1119 est
470 1063 793 1133 arrogantia,
823 1078 941 1132 qua:
974 1060 1273 1130 persuadet,
1308 1070 1363 1113 ut
1383 1061 1603 1127 quisque
1625 1073 1711 1112 se-

131 1160 231 1204 met
254 1155 500 1223 ignoret,
543 1164 768 1224 postque
804 1152 1002 1207 multos
1028 1152 1238 1206 labores
1264 1166 1475 1205 omnem
1507 1152 1714 1205 virtutis

132 1249 446 1298 thesaurum
471 1245 730 1298 exhaurit.
780 1248 857 1297 Ac
894 1252 1085 1297 cmtera
1127 1242 1340 1312 quidem
1385 1241 1525 1295 mala
1562 1240 1715 1295 nobis

132 1333 459 1403 negligenter
490 1334 772 1403 agentibus
799 1332 971 1387 solent
1009 1332 1299 1387 exuberare
1323 1372 1338 1396 ,
1380 1331 1494 1384 haec
1535 1340 1713 1385 autem

132 1425 256 1492 ipsis
297 1432 447 1479 recte
492 1423 645 1479 factis
672 1425 865 1479 nostris
893 1424 1215 1478 adnascitur.
1248 1423 1387 1478 Nihil
1423 1426 1569 1478 enim
1592 1438 1713 1491 per—

133 1517 250 1570 inde
275 1515 446 1587 gignit
485 1515 791 1585 superbiam
820 1557 835 1582 ,
864 1524 921 1569 ut
949 1514 1085 1570 bona
1112 1515 1457 1579 conscientia,
1488 1514 1586 1568 nisi
1614 1512 1711 1567 ad-

132 1609 431 1677 vigilemus.
482 1607 633 1664 Unde
657 1617 710 1663 et
733 1607 977 1662 Christus
1004 1607 1203 1672 sciens,
1225 1606 1368 1676 quod
1389 1616 1508 1677 post
1545 1608 1711 1663 bene-

134 1699 261 1752 facta
311 1713 413 1753 nos
454 1698 541 1753 hic
588 1698 805 1753 morbus
845 1698 1153 1764 adoriatur,
1198 1699 1406 1754 dicebat
1442 1700 1713 1768 discipulis

132 1792 235 1845 suis
265 1808 277 1844 :
310 1790 441 1845 Cum
470 1792 639 1844 omnia
666 1791 878 1862 feceritis
898 1832 911 1853 ,
939 1791 1117 1856 dicite,
1147 1791 1290 1845 Servi
1317 1792 1516 1845 inutiles
1540 1809 1711 1845 sumus

133 1880 295 1949 (Luc.
326 1882 419 1935 i7.
454 1882 580 1952 10).
611 1883 743 1936 Cum
771 1882 914 1937 enim
946 1883 1058 1937 haec
1086 1885 1240 1936 noxia
1271 1884 1435 1938 bestia
1464 1894 1612 1952 parat
1633 1886 1713 1938 in-

133 1974 321 2027 vadere
349 1988 470 2040 vos,
502 1982 644 2038 tunc,
676 1974 862 2043 inquit,
893 1989 986 2044 per
1018 1973 1131 2029 haec
1160 1974 1318 2028 verba
1350 1975 1489 2030 fores
1518 1976 1593 2029 illi
1621 1990 1710 2029 oe-

132 2065 345 2119 cludite.
392 2065 577 2135 Neque
604 2066 735 2120 dixit
763 2084 776 2120 :
807 2065 941 2120 Cum
983 2065 1159 2119 omnia
1190 2065 1419 2121 feceritis
1442 2109 1457 2134 ,
1496 2067 1710 2122 inutiles

131 2158 251 2211 estis
277 2175 289 2210 :
312 2158 433 2221 sed,
458 2158 562 2211 Vos
583 2158 759 2224 dicite,
776 2158 996 2215 Inutiles
1020 2174 1224 2214 sumus.
1257 2160 1369 2223 Dic,
1395 2175 1463 2215 ne
1481 2170 1711 2226 metuas,

133 2262 230 2301 non
261 2263 328 2302 ex
375 2257 469 2301 tuo
516 2248 713 2316 judicio
758 2247 869 2302 fcro
908 2250 1247 2304 sententiam.
1289 2249 1420 2304 Nam
1466 2252 1509 2304 si
1560 2259 1612 2303 tu
1663 2260 1712 2305 te

134 2343 298 2409 ipsum
323 2340 526 2393 dixeris
557 2340 815 2404 inutilem,
839 2356 937 2410 ego
970 2349 1018 2395 te
1042 2341 1290 2397 ututilem
1314 2343 1600 2397 coronabo.
1626 2343 1713 2397 Sic

131 2442 181 2483 et
206 2432 338 2484 alias
360 2431 597 2499 loquitur
627 2448 640 2483 :
671 2430 765 2483 Dic
793 2441 845 2484 tu
866 2434 1003 2501 prior
1031 2442 1234 2501 peccata
1256 2444 1362 2496 tua,
1392 2443 1445 2487 ut
1464 2435 1714 2502 justi/ice-

134 2523 196 2573 ris
222 2521 390 2590 (Isai.
426 2522 510 2575 45.
544 2520 670 2591 26).
708 2522 765 2575 ln
805 2522 1086 2575 mundanis
1115 2523 1374 2592 siquidem
1401 2538 1465 2577 ac
1492 2525 1717 2577 forensi-

135 2614 228 2665 bus
246 2613 467 2680 judiciis
489 2623 608 2681 post
627 2615 1020 2668 accusationem
1046 2624 1100 2668 et
1125 2615 1401 2668 criminum
1427 2613 1715 2669 confessio-

134 2721 249 2759 nem
288 2714 460 2759 restat
501 2720 649 2759 mors
689 2723 701 2759 :
746 2715 999 2760 caeterum
1033 2705 1169 2774 apud
1211 2706 1446 2761 divinum
1487 2706 1713 2761 tribunal

135 2808 246 2866 post
274 2798 674 2852 accusationem
697 2806 750 2851 et
774 2797 1157 2853 confessionem
1187 2810 1521 2867 peccatorum
1562 2798 1717 2851 datur

132 2903 349 2941 corona.
390 2887 539 2942 Unde
568 2897 620 2940 et
651 2889 900 2941 Salomon
930 2888 1058 2941 dicit
1091 2886 1190 2959 (a)
1219 2903 1230 2941 :
1262 2887 1341 2941 Ne
1356 2888 1717 2958 justi/icaveris

133 2982 345 3048 teipsum
364 2980 417 3033 in
439 2990 707 3050 conspectu
736 2980 936 3032 Domini
964 2982 981 3048 (
1003 2979 1157 3033 Eccli.
1184 2982 1236 3035 7.
1260 2978 1350 3052 5
1377 2981 1569 3035 Verum
1590 2980 1714 3033 nihil

134 3070 324 3125 horum
354 3072 555 3125 audivit
582 3070 766 3135 Ozias,
797 3073 888 3125 sed
924 3071 1075 3125 irruit
1101 3073 1151 3125 in
1182 3074 1434 3139 templum
1457 3113 1469 3133 ,
1524 3081 1581 3125 ut
1622 3073 1713 3125 ad-

133 3162 303 3215 oleret
322 3204 335 3226 ,
374 3177 436 3215 ac
464 3178 531 3216 ne
558 3162 835 3216 sacerdote
861 3163 1069 3230 quidem
1100 3162 1415 3232 prohibente
1444 3164 1714 3217 abstinuit.

132 3251 270 3317 Quid
302 3252 467 3322 igitur
489 3252 673 3307 Dens?
700 3251 920 3307 Immisit
949 3254 1022 3307 illi
1052 3254 1251 3323 lepram
1292 3254 1345 3308 in
1373 3254 1547 3311 fronte
1566 3296 1583 3320 ,
1614 3255 1715 3311 hoc

133 3343 291 3398 modo
322 3344 688 3413 impudentem
730 3344 920 3400 faciem
941 3346 1184 3415 puniens,
1218 3347 1520 3418 decensque
1546 3349 1718 3415 illum,

133 3434 272 3505 quod
299 3435 405 3490 hoc
424 3446 565 3492 esset
600 3436 692 3490 Dei
714 3437 973 3504 tribunal,
1000 3448 1054 3494 et
1082 3440 1219 3509 quod
1254 3440 1327 3494 illi
1356 3441 1551 3496 bellum
1577 3452 1721 3498 esset

135 3543 239 3581 non
268 3528 532 3582 adversus
562 3526 841 3594 homines,
879 3528 970 3583 scd
1006 3529 1261 3585 adversus
1300 3532 1486 3586 Deum.
1533 3536 1609 3587 Ac
1653 3534 1720 3589 de

135 3618 257 3672 Ozia
281 3618 499 3687 quidem
523 3617 797 3673 hactenus.
821 3620 1057 3690 Agedum
1079 3621 1188 3691 jam
1229 3622 1295 3676 ab
1328 3623 1531 3693 integro
1554 3624 1719 3678 histo-

135 3711 262 3763 riam
292 3710 435 3764 banc
465 3725 857 3779 percurramus.
902 3711 1036 3766 Nam
1071 3712 1169 3768 hac
1207 3713 1275 3771 de
1313 3729 1471 3769 causa
1516 3724 1569 3769 et
1608 3716 1720 3783 ipse

137 3817 522 3871 praeoccupans
551 3802 867 3871 compendio
887 3803 1038 3858 vobis
1066 3806 1284 3874 exposui
1317 3822 1434 3877 quae
1460 3806 1600 3863 Ozire
1626 3822 1721 3863 ac-

136 3893 387 3947 ciderunt
417 3892 594 3947 omnia
629 3910 644 3946 :
675 3902 733 3947 ut
773 3908 893 3947 cum
933 3896 1204 3963 audieritis
1242 3896 1567 3966 Scripturam
1608 3898 1723 3954 haec

137 3983 322 4036 eadem
355 3994 697 4047 narrantem,
726 4000 905 4039 rerum
931 3986 1123 4041 seriem
1151 4001 1359 4043 summo
1403 4005 1524 4043 cum
1560 3990 1723 4045 animi

137 4076 313 4131 suidio
339 4077 741 4131 consectcmini.
778 4077 882 4133 Sed
918 4080 1197 4134 attendite.
1232 4081 1295 4136 Et
1335 4082 1481 4149 fecit,
1517 4084 1720 4150 inquit,

143 4168 295 4225 Ozias
322 4168 463 4239 quod
490 4178 675 4223 rectum
707 4181 777 4225 est
804 4171 854 4224 in
886 4181 1151 4241 conspectu
1190 4173 1392 4227 Domini
1420 4174 1506 4243 (2.
1542 4174 1721 4229 Paral.

140 4259 233 4313 28.
262 4260 298 4314 4
315 4262 359 4330 ).
385 4258 499 4313 Hoc
520 4260 820 4314 testimonio
851 4276 1093 4331 magnam
1112 4263 1250 4317 illius
1275 4268 1520 4319 virtutem
1549 4263 1726 4320 decla-

146 4350 304 4404 raxit.
334 4348 452 4402 Non
480 4349 624 4405 enim
649 4350 805 4405 modo
834 4350 959 4407 fecit
986 4353 1126 4423 quod
1154 4363 1354 4409 rectum
1381 4364 1521 4421 erat,
1542 4372 1725 4411 verum

142 4441 309 4495 etiam
340 4439 466 4494 fecit
494 4440 545 4494 in
572 4450 860 4510 conspectu
891 4443 1098 4498 Domini
1119 4486 1134 4510 ,
1181 4460 1286 4498 non
1310 4446 1447 4515 apud
1482 4446 1727 4503 homines

145 4544 207 4585 se
237 4539 518 4585 ostentans
538 4570 553 4594 ,
599 4531 1042 4600 quemadmodum
1068 4536 1206 4603 apud
1234 4535 1447 4592 Judzcos
1469 4537 1728 4592 faciebant

145 4620 249 4683 illi,
278 4621 373 4689 qui
395 4630 520 4675 ante
547 4622 940 4693 eleemosynam
973 4625 1095 4679 tuba
1125 4626 1404 4691 canebant,
1436 4638 1490 4682 et
1519 4630 1567 4681 in
1588 4629 1726 4698 jeju-

146 4712 257 4763 niis
286 4709 450 4764 facies
484 4725 607 4763 suas
634 4713 1057 4767 exterminabant
1081 4756 1095 4781 ,
1142 4718 1231 4785 qui
1276 4720 1625 4785 precabantur
1673 4720 1726 4773 in

145 4801 440 4870 compitis;
473 4800 661 4869 quibus
700 4801 859 4856 rebus
903 4804 1029 4872 quid
1070 4814 1244 4873 potest
1280 4821 1399 4861 esse
1444 4808 1726 4875 miserius,

146 4891 243 4945 ubi
289 4898 414 4960 post
456 4890 707 4948 toleratos
750 4891 995 4962 labores,
1050 4896 1192 4950 omni
1240 4898 1457 4966 praemio
1504 4898 1727 4956 frustra-

151 4985 394 5040 bantur?

222 5076 278 5131 2.
302 5075 440 5143 Quid
463 5076 608 5141 facis,
640 5076 831 5133 homo?
856 5078 943 5135 alii
975 5080 1273 5137 redditurus
1296 5098 1355 5137 es
1375 5087 1630 5141 rationem
1657 5086 1734 5141 fa-

145 5179 364 5223 ctorum
414 5177 656 5233 tuorum,
686 5178 738 5222 et
766 5171 929 5225 alium
962 5181 1148 5228 testem
1202 5176 1338 5231 citas
1377 5194 1562 5232 eorum
1613 5198 1734 5249 qua:

146 5260 327 5314 facis?
349 5260 507 5312 alium
536 5258 697 5313 habes
723 5259 976 5327 judicem,
1007 5273 1061 5317 et
1088 5266 1250 5319 alium
1278 5267 1497 5321 adhibes
1521 5282 1732 5337 specta-

146 5350 370 5404 torem?
406 5348 521 5403 Non
560 5349 705 5403 vides
734 5352 944 5421 aurigas
990 5355 1081 5423 qui
1124 5356 1370 5411 universa
1418 5360 1630 5415 civitate
1680 5362 1731 5415 in

148 5441 370 5496 sublimi
421 5441 644 5499 sedente
674 5442 724 5495 in
775 5444 1111 5511 equestribus
1152 5447 1327 5514 ludis,
1370 5459 1534 5503 totum
1580 5452 1734 5505 stadii

149 5533 388 5604 spatitun
418 5542 794 5602 percurrentes
813 5572 827 5597 ,
862 5534 934 5589 ibi
964 5538 1287 5593 contendunt
1311 5550 1734 5597 concertatorum

221 5671 294 5731 (a)
326 5669 439 5741 Non
453 5684 563 5718 raro
587 5671 1017 5741 Siracidi_s__librum
1056 5676 1329 5727 Salomonis
1366 5678 1485 5728 dicit
1518 5679 1717 5741 Chryso-

155 5737 365 5787 stomus,
392 5735 448 5780 ut
470 5734 663 5781 monuit
687 5734 915 5783 Savllius.

1127 308 1192 363 IN
1230 306 1453 371 ILLUD,
1499 302 1631 358 VlDl
1672 304 2001 371 DOMINUM,
2041 306 2271 364 HOMIL.
2312 308 2398 366 Ill.

3288 333 3397 392 114

1822 434 2012 475 currus
2058 422 2387 488 subvertere,
2418 424 2504 478 uhi
2537 424 2913 494 Imperatorem
2950 428 3181 483 viderint
3207 428 3402 484 seden-

1824 519 1931 567 tem
1956 551 1978 575 ,
2007 521 2061 566 et
2090 513 2227 567 inter
2271 523 2349 567 tot
2393 517 2743 585 spectantium
2782 517 2957 572 vultus
3005 534 3166 573 unum
3196 518 3407 573 oculum

1822 616 2008 675 putant
2034 606 2138 661 fide
2158 607 2476 677 digniorem?
2496 608 2567 662 At
2592 618 2646 663 tu
2670 624 2791 664 cum
2818 608 3001 665 videas
3046 610 3219 680 ipsum
3249 624 3405 679 anget

1819 696 1990 751 lorum
2021 697 2218 767 Regem
2246 707 2333 752 tuo
2357 698 2532 752 cursui
2559 699 2936 769 agonothetam
2956 741 2972 764 ,
3002 706 3102 755 hoc
3123 708 3207 755 est
3228 709 3408 754 certa-

1820 790 1980 843 minis
2001 788 2265 859 judicem,
2298 789 2582 859 praesidere
2609 828 2627 855 ,
2659 805 2725 844 eo
2751 792 3116 861 praetermisso
3169 787 3235 842 ad
3269 803 3402 845 oon-

1820 893 2095 934 servorum
2144 878 2281 950 fugis
2309 879 2531 934 oculos?
2558 880 2732 948 Atque
2771 879 2892 934 ideo
2933 893 3063 934 sane
3100 889 3224 949 post
3247 878 3407 934 innu-

1820 984 1994 1023 meras
2033 969 2202 1024 luctas
2249 969 2591 1024 incoronatus
2619 968 2853 1033 recedis,
2879 977 3001 1037 post
3026 970 3251 1025 sudores
3280 968 3399 1039 plu-

1817 1061 1983 1116 rimos
2011 1061 2209 1130 absque
2239 1060 2471 1130 praemiis
2492 1060 2640 1115 venis
2664 1060 2731 1114 ad
2759 1060 3139 1131 agonothetam
3156 1060 3180 1114 ἲ
3199 1060 3270 1114 At
3294 1075 3403 1115 non

1820 1151 1942 1206 talis
1982 1161 2097 1205 erat
2146 1151 2334 1214 Ozias,
2378 1150 2470 1204 sed
2517 1150 2569 1205 in
2597 1160 2883 1221 conspectu
2915 1150 3124 1205 Domini
3174 1149 3407 1206 faciebat

1818 1241 1958 1313 quod
1992 1252 2195 1295 rectum
2222 1252 2324 1296 est.

1890 1331 2166 1403 Fragilitas
2216 1331 2454 1385 hominis.
2513 1330 2823 1385 Funambuli
2876 1340 3101 1404 tempore
3170 1333 3400 1406 Chryso-

1816 1422 1984 1477 stomi.
2012 1421 2202 1487 —Qui
2234 1420 2431 1476 factum
2473 1432 2555 1476 est
2603 1423 2780 1492 igitur,
2814 1430 2872 1476 ut
2926 1431 3048 1492 post
3086 1423 3253 1479 vitam
3295 1433 3403 1481 tam

1817 1514 2108 1583 perfectam
2159 1514 2527 1584 supplantatns
2570 1515 2639 1567 sit
2682 1511 3274 1584 concideritque‘tNam
3301 1514 3404 1570 hoc

1816 1616 1869 1662 et
1913 1608 2023 1676 ipse.
2054 1605 2317 1661 demirans
2348 1606 2563 1672 ltmsito,
2592 1607 2718 1676 quin
2764 1609 2941 1675 potius
2984 1606 3117 1661 nihil
3168 1606 3401 1664 bicesse

1816 1700 1975 1756 debet
2001 1699 2331 1754 hazsitatione
2346 1699 2585 1768 dignum,
2611 1698 3044 1768 quandoquidem
3070 1697 3233 1754 homo
3258 1707 3398 1766 erat,

1819 1807 1904 1845 res
1928 1791 1993 1845 ad
2020 1791 2343 1861 peccandum
2390 1790 2624 1856 lubrica,
2647 1800 2701 1845 et
2734 1790 2801 1843 ad
2829 1790 3082 1844 malitiam
3110 1805 3397 1860 propensa.

1815 1884 2002 1955 Neque
2029 1884 2080 1938 id
2102 1884 2276 1938 solum
2306 1892 2387 1938 est
2410 1882 2627 1937 difﬁcile
2647 1925 2660 1943 .
2684 1897 2869 1937 verum
2896 1882 3056 1936 etiam
3085 1881 3213 1937 illud
3256 1882 3399 1952 quod

1817 1977 2064 2032 incedere
2080 1976 2214 2045 jussi
2243 1989 2426 2029 sumus
2449 1990 2544 2044 per
2560 1975 2699 2027 viam
2727 1985 3028 2043 angustam,
3062 1982 3117 2028 et
3143 1972 3395 2042 utrinque

1815 2066 2124 2137 prtecipitiis
2149 2065 2502 2120 terminatam.
2536 2063 2770 2117 Proinde
2795 2063 3007 2132 quoties
3029 2071 3084 2118 et
3113 2062 3401 2119 voluntatis

1816 2157 2040 2213 facilitas
2069 2167 2123 2212 et
2158 2156 2253 2211 vi.e
2297 2155 2583 2211 difficultas
2628 2157 2679 2208 iu
2706 2171 2867 2209 unum
2890 2162 3121 2222 coeunt,
3152 2170 3221 2210 ne
3247 2164 3395 2225 post-

1816 2266 1878 2307 ea
1920 2255 2116 2307 mirare
2158 2251 2224 2305 de
2270 2250 2440 2320 lapsu.
2500 2249 2961 2317 Quemadmodum
2999 2250 3143 2303 enim
3182 2249 3239 2303 in
3280 2264 3400 2319 spec

1816 2344 2038 2398 etaculis
2082 2343 2172 2411 qui
2224 2358 2316 2411 per
2358 2341 2538 2395 funem
2595 2340 2663 2394 ab
2712 2343 2817 2394 imo
2870 2342 2921 2394 in
2960 2340 3133 2395 altum
3188 2348 3396 2393 tensum

1816 2434 2106 2489 ascendere
2130 2449 2192 2487 ac
2212 2433 2538 2488 descendere
2553 2432 2894 2495 meditantur,
2924 2433 2969 2485 si
3002 2430 3273 2500 paululum
3300 2432 3393 2486 de-

1817 2523 2057 2579 ﬂexeriut
2084 2523 2266 2577 oculos
2290 2563 2307 2589 ,
2335 2523 2545 2577 inverso
2588 2536 2813 2593 corpore
2852 2522 3162 2577 deferuntur
3211 2521 3265 2576 in
3303 2538 3399 2576 or-

1818 2619 2109 2680 chestram,
2140 2626 2464 2686 pereuntque
2496 2635 2510 2671 :
2540 2616 2723 2671 itidem
2753 2618 2843 2686 qui
2872 2632 2965 2685 per
2988 2617 3126 2671 hanc
3149 2615 3403 2671 incedunt

1818 2710 1958 2764 viam
1985 2750 2002 2775 ,
2033 2709 2076 2763 si
2108 2709 2195 2765 vel
2232 2710 2499 2780 paululum
2546 2710 2778 2778 segniter
2804 2709 3029 2778 egerint,
3061 2709 3402 2779 prmeipitan-

1823 2810 1927 2855 tur.
1961 2802 2025 2855 Et
2064 2810 2238 2854 tamen
2263 2800 2376 2854 haec
2404 2801 2487 2853 via
2519 2807 2629 2854 tum
2656 2798 2930 2868 angustior
2957 2808 3058 2864 est,
3091 2808 3201 2853 tum
3231 2799 3401 2870 magis

1821 2890 1985 2945 ardua
2008 2932 2022 2954 ,
2054 2891 2325 2960 multoque
2352 2889 2636 2952 excelsior,
2659 2903 2816 2957 quam
2862 2889 2948 2943 illa
2978 2903 3075 2956 per
3103 2888 3315 2954 funem,
3347 2898 3404 2941 ut

1821 2997 1938 3052 qua:
1958 2997 2170 3035 sursum
2199 2981 2263 3035 ad
2297 2982 2464 3050 ipSmn
2490 2995 2657 3048 usque
2682 2979 2869 3033 emittm
2899 2989 3148 3047 protensa
3175 2986 3258 3034 est
3289 2995 3303 3031 :
3336 2994 3399 3034 ac

1823 3083 1931 3128 tum
1982 3075 2132 3127 nobis
2179 3077 2379 3140 majore
2408 3086 2529 3125 cum
2562 3071 2797 3139 periculo
2841 3081 3112 3139 ponuntur
3134 3071 3357 3141 vestigia
3382 3110 3399 3137 ,

1821 3181 1943 3221 cum
1971 3165 2036 3219 ad
2060 3179 2323 3219 summum
2354 3172 2408 3218 et
2435 3163 2499 3217 ad
2534 3164 2702 3233 ipsum
2734 3178 2902 3233 usque
2928 3162 3195 3233 fastigium
3223 3178 3407 3219 acceso

1822 3258 2051 3311 serimus
2084 3273 2096 3308 :
2129 3270 2253 3309 nam
2278 3255 2334 3309 in
2360 3254 2573 3308 sublimi
2596 3262 2799 3308 stantes
2828 3254 3025 3308 multus
3043 3263 3271 3324 occupat
3298 3262 3406 3310 tre-

1822 3362 1966 3413 mor,
1989 3355 2150 3416 atque
2172 3360 2274 3399 una
2304 3352 2506 3399 tantum
2528 3344 2773 3399 cautione
2800 3345 2895 3398 tuti
2921 3353 3041 3399 sunt
3070 3358 3099 3396 a
3126 3344 3273 3413 lapsu
3293 3384 3311 3411 ,
3339 3360 3406 3399 ne

1823 3438 2072 3494 deorsum
2103 3438 2393 3508 aspiciant,
2423 3452 2557 3492 neve
2588 3438 2639 3491 in
2662 3446 2857 3491 terram
2895 3437 3175 3492 demittant
3197 3437 3402 3493 oculos.

1823 3530 1955 3586 Nam
1985 3530 2107 3585 inde
2150 3529 2310 3584 multa
2352 3539 2402 3584 et
2449 3529 2625 3598 gravis
2650 3529 2887 3583 exoritur
2927 3527 3261 3582 tenebricosa
3287 3542 3408 3582 ver-

1825 3621 1953 3689 tigo.
1987 3619 2133 3673 lianc
2152 3614 2369 3687 quidem
2391 3619 2460 3672 ob
2489 3633 2703 3672 causam
2734 3616 2993 3687 propheta
3019 3616 3172 3672 nobis
3195 3618 3408 3675 assidue

1826 3709 2113 3776 inclamat,
2141 3708 2365 3764 dicens:
2398 3707 2461 3761 In
2490 3709 2644 3776 ﬁnem
2682 3725 2745 3762 ne
2775 3725 3071 3777 corrumpas
3103 3707 3278 3778 (Prol.
3310 3710 3401 3764 56.

1827 3799 1886 3872 l)
1915 3820 1929 3855 ;
1958 3801 2150 3855 anima:
2171 3809 2366 3855 nostra:
2391 3800 2691 3854 socordiam
2719 3799 3020 3864 retrahens,
3045 3800 3265 3869 jamque
3291 3801 3404 3854 col-

1827 3893 2095 3963 lapsuram
2138 3891 2445 3947 suffulciens
2474 3906 2536 3945 ac
2567 3892 2824 3946 retinens.
2859 3890 3012 3944 Initio
3038 3890 3253 3959 quidem
3299 3907 3407 3944 non

1827 4000 2047 4057 egemus
2098 3986 2262 4041 multa
2303 3984 2693 4039 exhortatione.
2744 3981 2888 4049 Quid
2924 3982 2997 4037 ita
3042 3982 3289 4037 tandem?
3330 3982 3411 4037 Eo

1828 4075 1969 4145 quod
2014 4074 2238 4145 quilibet
2260 4073 2440 4138 homo,
2461 4072 2671 4127 etiamsi
2713 4071 2871 4127 fuerit
2910 4072 3150 4127 omnium
3182 4073 3408 4142 pigerri-

1828 4180 1968 4229 mus,
1994 4177 2339 4235 aggressurus
2381 4163 2651 4233 negotium
2676 4204 2691 4227 ,
2724 4162 3005 4233 plurimam
3052 4164 3103 4216 in
3148 4163 3412 4232 principio

1830 4256 2047 4310 adhibet
2094 4254 2422 4324 diligentiam
2450 4295 2465 4321 ,
2494 4254 2727 4324 dumque
2757 4262 2812 4308 et
2853 4253 3017 4307 animi
3044 4255 3183 4323 viget
3211 4252 3410 4306 alacri-

1833 4356 1946 4413 tas,
1970 4356 2023 4403 et
2049 4347 2191 4403 vires
2239 4347 2453 4417 integra:
2480 4355 2603 4401 sunt
2648 4360 2711 4400 ac
2736 4354 3004 4403 recentes.
3037 4344 3190 4398 facile
3232 4342 3301 4398 ad
3355 4343 3409 4398 id

1831 4440 1975 4509 quod
2019 4439 2345 4509 propositum
2371 4448 2453 4493 est
2496 4436 2748 4506 pertingit
2776 4455 2791 4490 :
2821 4446 3073 4491 caeterum
3107 4437 3197 4491 ubi
3237 4437 3410 4507 major

1833 4534 1932 4586 viae
1955 4547 2074 4600 pars
2102 4530 2254 4585 nobis
2292 4539 2501 4599 peracta
2528 4536 2610 4583 est
2634 4570 2649 4594 ,
2690 4528 2907 4599 jamque
2947 4529 3236 4584 alacritatis
3258 4531 3410 4600 vigor

1838 4622 2107 4686 emarcuit,
2137 4624 2380 4689 viresque
2407 4628 2607 4674 nostra:
2628 4619 2974 4686 defecerunt,
3006 4635 3106 4675 nec
3150 4620 3293 4675 aliud
3317 4636 3412 4675 su-

1833 4722 2011 4779 perest
2048 4725 2207 4779 quam
2259 4718 2317 4765 ut
2368 4708 2712 4764 decidamus:
2746 4719 2871 4764 tunc
2913 4710 3067 4764 nobis
3115 4720 3417 4779 opportune

1833 4800 1984 4853 adest
2005 4800 2283 4869 propheta,
2314 4800 2475 4855 veluti
2506 4815 2600 4870 pro
2631 4800 2821 4855 baculo
2845 4802 3095 4871 quopiam
3122 4800 3411 4868 alloquium

1836 4905 1989 4944 suum
2046 4890 2198 4945 nobis
2238 4892 2516 4963 porrigens
2542 4906 2604 4946 ac
2647 4892 2861 4958 dicens,
2897 4890 2963 4944 In
3000 4891 3151 4959 ﬁnem
3193 4906 3254 4943 ne
3294 4907 3412 4944 cor-

1834 4998 2063 5051 rumpas.

1909 5072 2062 5127 Bonis
2091 5073 2323 5144 operibus
2355 5074 2621 5127 instructos
2646 5073 2807 5142 magis
2839 5072 3133 5143 aggreditur
3156 5072 3413 5129 diabolus.

1838 5165 2069 5219 ——'l‘unc
2096 5164 2238 5219 enim
2264 5164 2501 5219 diabolus
2520 5163 2686 5232 spirat
2713 5161 3083 5218 vehementius
3110 5183 3123 5218 :
3151 5172 3206 5219 et
3226 5180 3414 5235 quem-

1838 5257 2120 5311 admodum
2150 5259 2331 5325 piratae
2354 5258 2443 5324 qui
2474 5253 2611 5309 male
2632 5255 2853 5325 navigiis
2884 5256 3154 5320 infestant,
3176 5273 3281 5312 non
3309 5269 3417 5312 tum

1840 5349 2318 5417 ubicoospexerint
2345 5362 2507 5401 naves
2552 5363 2583 5403 e
2626 5358 2779 5418 portu
2810 5361 3101 5416 exeuntes,
3143 5351 3418 5419 invadunt,

1842 5439 1989 5508 (quid
2012 5439 2152 5491 enim
2196 5438 2319 5492 hinc
2345 5437 2546 5493 fructus
2573 5453 2826 5509 caperent
2853 5442 2898 5497 si
2927 5442 3177 5510 scapham
3207 5442 3418 5497 inanem

1840 5530 2270 5601 demergerent?)
2304 5531 2397 5587 sed
2444 5533 2529 5587 ubi
2561 5533 2778 5590 redierit
2805 5545 2992 5591 onusta
3020 5536 3279 5605 plenaque
3308 5551 3420 5590 sar-

1840 5620 2012 5683 cinis,
2041 5630 2151 5674 tum
2193 5621 2394 5677 lcmnm
2438 5638 2623 5679 omnes
2666 5626 2953 5695 expedth
2994 5626 3270 5679 artes:ita
3302 5642 3420 5681 sce-

1844 5709 2038 5764 lcratus
2077 5710 2164 5767 ille
2220 5712 2415 5768 lmmon
2456 5714 2613 5769 simu:
2662 5726 2817 5785 atque
2846 5713 2989 5769 videt
3018 5715 3224 5785 aliquos
3247 5716 3415 5772 multa
