4148 6306
729 312 841 372 115

719 419 999 490 collegisse
1021 461 1034 485 ,
1071 418 1314 476 videlicet
1339 419 1536 491 jejunia
1557 461 1572 486 ,
1601 433 1789 489 preces
1819 458 1833 484 ,
1861 417 2249 483 elcemosynam
2276 449 2289 473 ,

718 510 1034 575 castitatem,
1063 513 1395 583 reliquasque
1425 513 1646 566 virtutes
1673 525 1889 576 omnes,
1919 509 2005 563 ubi
2035 506 2177 560 videt
2203 519 2295 557 na-

721 601 919 671 vigium
966 613 1206 657 nostrum
1241 603 1451 672 plenum
1479 602 1731 672 pretiosis
1761 599 1969 672 pietatis
2013 594 2293 666 lapidibus,

721 700 850 745 tunc
894 690 1139 761 irrumpit
1164 733 1178 757 ,
1207 692 1438 760 undique
1469 691 1773 747 thesaurum
1801 687 2133 759 perfodieus,
2163 695 2219 740 ut
2247 687 2296 738 in

723 780 850 848 ipsis
887 794 1072 851 portus
1099 783 1249 836 ostiis
1272 783 1521 851 scapham
1544 782 1847 850 demergat,
1881 779 2098 849 jamque
2128 775 2298 831 nudos

722 885 820 926 nos
849 872 915 926 ad
962 888 1084 927 eum
1114 883 1321 942 portum
1350 874 1524 942 ejiciat
1557 892 1568 926 :
1599 872 1825 941 ideoque
1870 869 2127 940 propheta
2165 882 2296 922 cun-

724 972 842 1016 ctos
893 962 1142 1017 admouet
1183 962 1365 1018 dicens
1399 981 1411 1016 :
1444 962 1508 1016 In
1551 964 1704 1032 ﬁnem
1741 978 1803 1016 ne
1847 975 2158 1027 corrumpas.
2206 957 2300 1011 Et-

723 1055 868 1110 enim
885 1056 952 1110 ab
979 1055 1233 1125 ejusmodi
1260 1057 1409 1110 ruina
1433 1072 1535 1111 non
1563 1056 1714 1111 facile
1739 1063 1818 1111 est
1842 1066 2138 1124 resurgere.
2169 1051 2301 1105 Nam

726 1144 829 1210 Qui
853 1147 904 1199 in
944 1146 1255 1216 profundum
1289 1148 1535 1200 malorum
1577 1147 1795 1209 venerit,
1827 1145 2091 1198 contemnit
2121 1142 2300 1213 (Prov.

729 1237 817 1292 18.
868 1237 945 1298 5).
1000 1238 1053 1291 In
1096 1239 1354 1308 principio
1401 1239 1614 1308 quidem
1665 1237 1824 1306 lapsis
1871 1236 2076 1290 veniam
2114 1234 2303 1289 damus

725 1341 914 1382 omnes
944 1328 1012 1384 ob
1039 1328 1386 1398 imperitiam;
1419 1329 1510 1383 sed
1545 1344 1662 1384 eum
1699 1329 1788 1398 qui
1818 1336 1939 1398 post
1966 1327 2161 1382 multos
2185 1340 2305 1380 cur-

734 1435 823 1474 sus
853 1420 1168 1486 cOnciderit,
1198 1437 1355 1476 nemo
1386 1421 1536 1475 venia
1581 1420 1793 1490 dignum
1821 1417 2167 1489 iudicaverit;
2195 1425 2304 1470 tum

727 1511 872 1565 enim
899 1510 1093 1565 Cadere
1111 1552 1125 1576 ,
1158 1510 1487 1582 negligentiae
1519 1510 1786 1564 tribuitur.
1808 1508 1918 1563 Nec
1945 1507 1994 1561 id
2021 1507 2191 1561 solum
2219 1504 2307 1559 hic

727 1607 814 1654 est
837 1599 983 1663 mali,
1019 1614 1200 1653 verum
1223 1600 1380 1654 etiam
1408 1598 1548 1669 quod
1591 1598 1890 1668 bujusmodi
1923 1599 2098 1667 lapsus
2127 1595 2307 1650 audtis

727 1689 834 1744 sint
857 1689 1199 1758 oﬂ'eudiculo,
1220 1700 1278 1746 ut
1302 1706 1485 1747 rursus
1509 1691 1610 1747 hoc
1639 1706 1848 1761 quoque
1875 1691 2089 1744 nomine
2117 1703 2304 1760 pecca-

729 1791 843 1836 tum
892 1781 1143 1838 reddatur
1170 1783 1553 1838 irremissibile.
1590 1782 1714 1836 llzec
1751 1796 1873 1836 cum
1899 1782 2162 1842 sciamus,
2210 1795 2306 1833 au-

729 1872 1021 1926 scultemus
1069 1873 1340 1942 prophetae
1365 1913 1379 1936 ,
1409 1873 1540 1928 etin
1573 1871 1730 1927 ﬁnem
1773 1887 1840 1926 ne
1882 1885 2306 1940 corrumpamus.

731 1963 863 2021 Nam
891 1964 991 2019 hac
1014 1965 1080 2020 de
1100 1981 1258 2021 causa
1290 1976 1342 2022 et
1368 1966 1612 2021 Ezechiel
1633 1966 2030 2020 clamatdicens
2064 1983 2078 2019 :
2113 1961 2174 2019 Si
2199 1964 2310 2035 quis

733 2054 882 2122 fuerit
902 2056 1089 2127 justus,
1121 2056 1300 2111 deinde
1323 2058 1494 2127 lapsus
1523 2057 1832 2126 peccaverit,
1863 2056 2007 2109 nulla
2035 2056 2127 2110 erit
2146 2069 2314 2108 recor-

732 2146 874 2199 datio
913 2147 1231 2215 justitiarum
1273 2149 1417 2211 eius,
1470 2148 1558 2201 sed
1600 2148 1652 2200 in
1697 2157 1894 2214 peccato
1945 2162 2035 2199 suo
2073 2147 2314 2198 morietur

739 2234 947 2304 (Ezech.
1000 2239 1052 2291 5.
1100 2237 1212 2308 20).
1245 2237 1374 2291 Nam
1418 2249 1468 2291 ct
1509 2237 1594 2291 hic
1640 2237 1828 2291 metuit
1856 2236 1922 2290 de
1962 2235 2086 2289 line.
2131 2235 2311 2302 Neque

741 2326 863 2381 hinc
897 2325 1090 2392 modo,
1123 2343 1308 2382 verum
1365 2327 1524 2381 etiam
1569 2341 1635 2380 ex
1664 2325 1945 2380 contrariis
1987 2324 2220 2378 declarat
2259 2323 2310 2375 iu

739 2415 839 2469 hac
875 2431 936 2472 re
962 2415 1250 2484 plurimum
1278 2431 1396 2470 esse
1424 2415 1698 2469 momenti.
1729 2414 1789 2469 Si
1807 2417 1917 2482 quis
1936 2458 1950 2480 ,
1977 2413 2137 2482 inquit
2163 2453 2174 2477 ,
2205 2417 2314 2481 fue-

739 2505 804 2557 rit
846 2515 1093 2574 peccator,
1125 2522 1185 2558 ac
1225 2517 1398 2576 postea
1440 2513 1659 2559 mutatus
1713 2505 1876 2573 [actus
1921 2505 2068 2575 fuerit
2100 2505 2268 2572 justus
2295 2544 2310 2569 ,

739 2595 880 2650 nulla
909 2598 1000 2649 erit
1021 2599 1258 2651 memoria
1290 2598 1650 2667 injustitiarum
1669 2597 2104 2665 illius:iujustitiu
2129 2612 2220 2648 sua
2237 2595 2312 2647 vi-

738 2700 813 2742 vet
836 2687 1044 2758 (Ezech.
1066 2688 1152 2743 l8.
1170 2688 1229 2741 21
1242 2688 1448 2757 ).Vides
1464 2698 1516 2742 et
1537 2688 1622 2742 hic
1637 2687 1948 2756 prophetam
1964 2689 2030 2741 de
2045 2690 2144 2741 line
2160 2689 2316 2740 vehe-

742 2790 948 2835 menter
990 2781 1294 2836 sollicitum.
1324 2779 1596 2849 Siquidem
1639 2789 1695 2832 ut
1740 2794 1911 2847 neque
1943 2780 2162 2847 justitize
2205 2791 2315 2830 sua:

741 2870 1014 2925 conlidens
1039 2869 1241 2939 justus,
1265 2870 1331 2923 ad
1370 2870 1666 2924 socordiam
1696 2883 1878 2923 versus
1907 2879 2104 2936 pereat,
2133 2882 2226 2936 per
2251 2868 2314 2920 ti-

743 2979 862 3018 nem
889 2963 1076 3018 incutit
1105 2962 1178 3016 illi
1208 2972 1466 3017 terrorem
1499 2979 1510 3012 :
1547 2975 1718 3031 neque
1747 2969 1995 3031 peccator
2029 2960 2097 3014 ob
2126 2960 2316 3014 delicta

740 3053 1079 3123 despondens
1121 3053 1352 3107 animum
1378 3093 1392 3116 ,
1443 3053 1638 3121 jugiter
1681 3059 1981 3120 perseveret
2031 3052 2080 3104 iu
2128 3051 2274 3121 lapsu
2300 3091 2313 3116 ,

741 3139 897 3214 erigit
926 3144 1074 3198 illum
1118 3159 1213 3213 per
1244 3143 1568 3212 propositum
1600 3143 1778 3196 tinem.
1813 3142 2044 3195 Peceasti
2067 3184 2079 3204 ,
2112 3141 2278 3209 inquit
2298 3182 2312 3205 ,

742 3235 928 3299 umlta,
959 3249 1024 3288 ne
1049 3234 1298 3302 desperes
1323 3253 1336 3288 :
1360 3244 1442 3288 est
1469 3236 1609 3289 enim
1639 3235 1778 3288 unde
1806 3249 2067 3303 resurgas,
2090 3236 2133 3288 si
2161 3235 2317 3287 linem

744 3325 894 3378 initio
942 3324 1267 3379 contrarium
1321 3323 1648 3378 exhibueris.
1697 3323 1902 3377 Rursus
1949 3323 2014 3376 ad
2065 3323 2263 3390 justum
2298 3363 2313 3387 ,

744 3416 928 3479 Multa,
962 3416 1128 3484 inquit
1152 3455 1167 3482 ,
1200 3423 1344 3469 recte
1375 3413 1542 3468 fecisti
1569 3455 1582 3477 ,
1613 3429 1795 3467 verum
1825 3428 1889 3467 ne
1918 3413 2047 3466 fidas
2073 3432 2085 3466 :
2113 3414 2318 3467 contin-

744 3517 833 3575 get
851 3509 992 3563 enim
1025 3515 1081 3560 ut
1106 3507 1293 3570 cadas,
1324 3507 1427 3561 nisi
1457 3508 1522 3560 ad
1562 3508 1716 3560 linem
1751 3522 1915 3574 usque
1946 3507 2189 3561 eamdem
2227 3505 2320 3560 ad.

750 3599 933 3652 hiheas
957 3613 1159 3652 curam.
1195 3598 1351 3652 Vides
1395 3607 1451 3652 ut
1490 3598 1709 3652 alterius
1739 3598 1948 3666 quidem
1978 3599 2274 3653 socordiam
2301 3639 2317 3664 ,

747 3686 964 3741 alterius
994 3702 1121 3741 vero
1149 3687 1575 3755 desperationem
1599 3689 1891 3742 sustulerit.

819 3779 872 3832 5.
913 3777 1053 3832 Nihil
1095 3779 1282 3831 horum
1325 3779 1526 3831 audivit
1566 3778 1737 3839 Ozias,
1770 3779 1991 3846 ideoque
2035 3795 2127 3846 per
2156 3773 2323 3832 conli-

750 3869 985 3922 dentiam
1013 3868 1211 3922 decidit
1240 3871 1388 3921 ruina
1417 3869 1709 3937 periculosa
1738 3876 1788 3921 et
1812 3868 2106 3924 insanabili.
2137 3869 2320 3938 Neque

745 3961 892 4012 enim
919 3961 1089 4030 quivis
1116 3961 1293 4029 lapsus
1318 3975 1494 4028 parem
1522 3961 1691 4014 adfert
1718 3961 1940 4025 ruinam,
1963 3961 2053 4014 sed
2080 3961 2320 4028 quzrdam

749 4059 966 4121 peccata
1013 4051 1384 4118 improbationi
1419 4059 1618 4104 tantum
1649 4052 1874 4105 obnoxia
1905 4062 2045 4117 sunt,
2078 4051 2319 4121 qumdam

744 4141 1059 4211 gravissimo
1079 4140 1338 4209 supplicio
1362 4142 1665 4208 puniuntur.
1690 4141 1916 4195 Proinde
1938 4142 2130 4195 Paulus
2156 4143 2325 4196 incre-

748 4245 880 4302 pans
908 4246 1001 4286 eos
1028 4231 1116 4300 qui
1145 4233 1195 4284 in
1223 4231 1594 4284 communibus
1623 4231 1790 4284 ccenis
1819 4247 1923 4283 non
1951 4233 2325 4299 exspectabant

745 4310 957 4387 fratres,
979 4323 1047 4376 ita
1076 4324 1335 4392 loquitur:
1367 4323 1477 4376 Hoc
1492 4324 1794 4377 denuntians
1809 4340 1906 4376 non
1927 4323 2078 4376 laudo
2100 4325 2174 4391 (ι.
2202 4325 2316 4378 Cur.

749 4415 982 4482 “.17).
1012 4412 1173 4468 Vides
1227 4423 1500 4482 peccatum
1545 4413 1680 4467 intra
1724 4414 2190 4482 reprehensionem
2241 4414 2317 4483 (a)

747 4503 1061 4567 consistere,
1090 4513 1144 4558 et
1173 4505 1538 4574 objurgatione
1568 4503 1743 4574 plecti.
1770 4506 1838 4558 At
1863 4505 1949 4559 ubi
1979 4505 2044 4559 de
2089 4505 2318 4560 fornica-

749 4593 891 4645 tione
917 4592 1165 4660 loquitur,
1198 4607 1301 4646 non
1336 4594 1512 4649 itidem
1554 4594 1700 4649 facit.
1748 4597 1850 4650 Sed
1893 4611 1996 4665 quo
2038 4596 2219 4664 pacto?
2262 4597 2323 4650 Si

746 4684 856 4750 quis
888 4685 1126 4751 templum
1153 4682 1249 4736 Dei
1278 4686 1446 4748 violat,
1479 4687 1647 4754 perdet
1672 4687 1803 4739 hunc
1840 4687 1975 4742 Deus
2005 4689 2076 4757 (l.
2105 4687 2222 4741 Cor.
2265 4690 2317 4743 ὅ.

752 4775 860 4841 i7).
894 4774 1003 4828 Iloc
1031 4788 1135 4827 non
1162 4781 1243 4828 est
1270 4775 1517 4842 probrum
1546 4785 1634 4829 aut
1664 4778 2025 4844 reprehensio,
2048 4779 2138 4834 sed
2168 4794 2324 4849 poena

747 4864 1080 4932 gravissima.
1103 4861 1255 4918 Novit
1281 4877 1332 4918 et
1364 4864 1611 4918 Salomon
1639 4877 1973 4933 peccatorum
1991 4870 2318 4935 discrimina,

750 4956 838 5024 qui
874 4956 1064 5008 furtum
1092 4970 1210 5008 cum
1240 4955 1495 5008 adulterio
1522 4957 1799 5009 conferens
1827 4957 1903 5009 sic
1929 4958 2118 5012 alicubi
2152 4960 2320 5029 loqui-

750 5055 868 5100 tur:
897 5045 1020 5102 Νοη
1041 5055 1112 5100 est
1138 5047 1319 5099 mirum
1346 5047 1390 5100 si
1413 5048 1519 5115 quis
1541 5047 1938 5114 deprehendatur
1965 5048 2015 5099 in
2043 5052 2178 5117 furto
2202 5065 2218 5102 :
2240 5055 2324 5119 {u-

747 5149 894 5192 ratur
923 5139 1071 5202 enim,
1103 5148 1158 5191 ut
1183 5141 1403 5191 animam
1424 5140 1618 5207 expleat
1644 5140 1969 5192 esurientem:
1991 5140 2076 5191 sed
2118 5139 2322 5190 adulter

752 5231 812 5281 ob
860 5229 1084 5295 inopiam
1111 5245 1285 5282 sensus
1312 5232 1517 5282 exitium
1542 5231 1724 5283 anima:
1748 5247 1853 5284 sua:
1878 5231 2107 5283 conciliat
2139 5229 2319 5283 (Prov.

747 5324 800 5378 6.
833 5322 1047 5388 ὖθοὸἓ).
1095 5322 1160 5375 Et
1188 5321 1288 5375 hoc
1312 5330 1365 5375 et
1391 5323 1540 5387 illud,
1571 5324 1757 5392 inquit,
1790 5332 2059 5392 peccatum
2091 5333 2192 5387 est,
2225 5319 2319 5377 sed

812 5455 885 5517 (a)
921 5456 977 5504 In
1001 5462 1178 5513 Graeco,
1205 5470 1303 5518 μεχρι
1324 5470 1580 5515 καταγνώσεως.
1613 5458 1978 5505 observavimus
2003 5457 2048 5503 iu
2075 5456 2316 5505 Athanasii

743 5521 1050 5591 Ou'lunastico
1071 5531 1288 5577 κατάγνωσιν
1314 5531 1405 5591 nou
1430 5517 1783 5589 damnationem
1793 5532 1997 5591 prorsus
2019 5519 2315 5591 significaret

751 5577 842 5625 sed
867 5588 1106 5640 quatenus
1139 5587 1320 5627 tantum
1358 5579 1620 5634 damnare,
1662 5577 1897 5640 signiﬁcat
1933 5577 2204 5640 imprdhare
2241 5580 2318 5628 vel

746 5639 1116 5701 reprehendere
1161 5653 1171 5686 :
1204 5641 1526 5701 quamobrem
1567 5639 1779 5701 κατάγειὼιν
1816 5642 1890 5690 hic
1930 5639 2144 5691 Erasmus
2181 5652 2316 5692 recte

746 5699 916 5759 vertit,
938 5699 1364 5763 reprehensioizem.

1463 307 1518 361 S.
1551 302 1824 360 JOANNIS
1861 296 2331 355 CHRYSOSTOMI
2356 294 2670 352 AliClllEP.
2711 288 3241 349 CONSTANTINOP.

3871 299 3984 354 116

2403 408 2626 461 alterum
2653 406 2848 470 minus,
2877 405 3102 460 alterum
3135 404 3340 475 majus:
3367 418 3564 473 pauper
3594 403 3737 459 enim
3767 417 3988 458 excusa-

2407 499 2606 552 tionem
2656 497 2815 553 habet
2859 497 2999 567 quod
3049 497 3334 566 praebuerit
3365 496 3697 551 occasionem
3729 496 3986 566 peccandi

2406 590 2644 658 penuria,
2677 589 2828 643 alteri
2871 587 3046 643 omnis
3077 587 3321 657 adempta
3351 598 3434 642 est
3459 589 3747 644 excusatio.
3782 590 3854 640 At
3882 587 3986 650 hic,

2405 681 2568 743 dices,
2592 679 2806 748 pellitur
2826 678 3047 733 naturali
3071 679 3516 747 concupiscentia.
3546 681 3735 734 Atnou
3764 678 3990 748 permit-

2409 773 2468 825 tit
2493 771 2631 828 elabi
2661 787 2798 826 uxor
2821 787 2938 842 quce
2963 771 3034 824 illi
3057 779 3198 825 sorte
3221 770 3422 840 obtigit,
3449 771 3539 824 sed
3571 771 3730 825 inStat
3754 771 3992 840 eripiens

2409 864 2482 918 illi
2514 865 2737 919 veniam.
2772 863 2853 918 Ob
2883 863 2932 918 id
2960 863 3100 918 enim
3130 864 3521 917 matrimonium
3548 873 3601 917 et
3629 864 3787 933 hujus
3819 864 3994 933 legiti-

2409 969 2526 1008 mus
2547 969 2675 1008 usus
2706 955 3042 1023 permittitur,
3074 971 3141 1010 ne
3169 955 3292 1024 quid
3323 955 3510 1009 horum
3541 971 3799 1010 excusare
3823 955 3995 1024 possit

2409 1047 2652 1100 maritus.
2685 1045 2832 1100 Hanc
2855 1047 2924 1101 ob
2944 1061 3156 1100 causam
3180 1047 3301 1101 data
3323 1057 3405 1102 est
3431 1048 3504 1101 illi
3523 1049 3712 1104 mulier
3733 1048 3995 1118 adjutrix,

2411 1146 2465 1190 ut
2495 1135 2926 1193 ell‘ervescentem
2960 1147 3198 1192 naturam
3228 1148 3493 1205 coerceat,
3527 1149 3581 1192 ut
3608 1141 3997 1209 concupiscen-

2411 1230 2497 1283 tiae
2522 1228 2711 1286 fluctus
2735 1230 2901 1286 sedet.
2932 1232 3111 1301 itaque
3126 1231 3570 1302 quemadmodum
3596 1233 3919 1301 gubernator
3942 1233 3994 1284 in

2413 1333 2565 1393 portu
2598 1323 2796 1379 faciens
2822 1324 3146 1394 naufragium
3179 1324 3577 1393 haudquaquam
3623 1325 3781 1378 ullam
3820 1325 3996 1393 impe-

2414 1422 2577 1468 traret
2604 1415 2845 1470 veniam:
2871 1416 2947 1469 sic
2977 1431 3073 1469 uec
3100 1415 3144 1468 is
3175 1415 3261 1483 qui
3305 1430 3424 1468 cum
3471 1430 3566 1485 per
3605 1415 3910 1484 conjugium
3943 1416 3997 1468 in

2414 1514 2525 1561 luto
2552 1506 2862 1572 collocetur,
2892 1516 3064 1562 tamen
3083 1507 3252 1560 aliena
3279 1505 3878 1576 perfoditmatrimouia,
3904 1515 3999 1558 aut

2414 1611 2799 1667 quamcumque
2825 1596 3074 1651 feminam
3103 1598 3326 1652 curiosis
3349 1597 3538 1665 aspicit
3577 1596 3762 1661 oculis,
3795 1595 3999 1651 habere

2413 1687 2697 1757 quidquam
2729 1688 2895 1758 possit
2937 1689 3290 1742 excusationis
3319 1703 3416 1743 nec
3447 1689 3584 1758 apud
3621 1688 3866 1743 homines
3897 1704 4000 1742 nec

2414 1779 2552 1849 apud
2578 1779 2762 1845 Deum,
2787 1780 2991 1835 etiamsi
3019 1779 3208 1832 millies
3239 1779 3479 1848 allegarit
3509 1788 3710 1833 natura:
3747 1781 3999 1850 volupta-

2418 1877 2542 1922 tem.
2590 1868 2701 1922 lmo
2730 1884 2847 1939 qua:
2879 1869 3042 1937 possit
3081 1868 3190 1922 illic
3220 1883 3338 1923 esse
3367 1869 3627 1939 voluptas,
3663 1871 3748 1924 ubi
3796 1882 3996 1936 metus,

2417 1957 2503 2013 ubi
2530 1959 2790 2024 anxietas,
2824 1959 2912 2014 ubi
2945 1970 3206 2013 lautorum
3237 1960 3498 2014 malorum
3525 1962 3877 2030 exspectatio,
3905 1962 3998 2016 ubi

2418 2048 2716 2112 tribunalia,
2748 2050 2832 2104 ubi
2859 2051 3090 2105 rationes
3115 2049 3419 2118 reddenda‘,
3448 2051 3534 2105 ubi
3554 2051 3748 2120 judicis
3775 2054 3874 2115 ira,
3911 2053 3999 2107 ubi

2417 2139 2622 2208 gladius
2648 2149 2701 2194 et
2729 2141 2987 2207 carnifex,
3038 2142 3124 2195 ubi
3175 2142 3500 2209 barathrum,
3555 2153 3607 2197 et
3649 2145 3901 2198 abductio
3933 2147 3999 2198 ad

2418 2231 2766 2300 supplicium?
2792 2232 2980 2288 Omnia
3012 2244 3165 2303 pavet
3191 2234 3480 2303 metuitque
3505 2236 3856 2302 quijtaliscst,
3876 2250 3997 2288 um-

2419 2319 2562 2386 bras,
2595 2323 2842 2389 parietes,
2877 2322 3020 2392 ipsos
3049 2323 3270 2392 lapides,
3318 2331 3580 2392 tamquam
3613 2336 3794 2375 vocem
3840 2324 4001 2376 emit-

2421 2419 2623 2467 tentes:
2649 2428 2834 2469 omnes
2861 2415 3108 2470 observat
3135 2415 3395 2485 habetque
3422 2423 3718 2484 suspectos,
3746 2414 3998 2479 famulos,

2419 2504 2641 2565 vicinos.
2673 2506 2892 2573 amicos,
2940 2508 3138 2568 hostes,
3171 2523 3264 2562 eos
3301 2508 3388 2578 qui
3421 2515 3614 2560 norunt
3657 2510 3858 2572 omnia,
3907 2524 4002 2562 eos

2420 2596 2507 2665 qui
2539 2595 2669 2649 nihil
2699 2605 2909 2650 norunt.
2943 2597 3080 2664 Quin
3111 2598 3308 2665 potius,
3330 2597 3375 2652 si
3400 2597 3568 2670 voles.
3603 2599 3858 2652 tollantur
3887 2599 4002 2652 haec

2420 2688 2631 2740 omnia:
2667 2703 2924 2757 ponamus
2950 2689 3081 2743 nulli
3121 2697 3304 2742 notum
3335 2704 3453 2743 esse
3493 2687 3749 2758 flagitium
3782 2700 4004 2759 prmter-

2421 2792 2577 2845 quam
2604 2778 2703 2845 ipsi
2731 2778 2840 2842 uni,
2873 2787 2927 2832 et
2956 2779 3164 2833 mulieri
3214 2795 3370 2849 quam
3402 2779 3747 2834 adulteravit:
3779 2796 4004 2850 quomo-

2421 2867 2490 2922 do
2534 2868 2667 2921 feret
2704 2869 3082 2923 conscientiam
3115 2870 3539 2939 redarguentem,
3570 2871 3817 2925 acerbam
3849 2887 4003 2925 accu-

2422 2960 2671 3013 satricem
2704 2959 2844 3013 illam
2875 2960 3067 3028 ubique
3093 2975 3273 3014 serum
3302 2960 3515 3015 ferens?
3541 2961 4000 3027 Quemadmodum

2423 3051 2563 3104 enim
2587 3050 2820 3119 seipsum
2847 3065 3002 3104 nemo
3029 3060 3202 3119 potest
3229 3050 3479 3121 eﬂ‘ugere,
3510 3053 3578 3103 ita
3609 3067 3706 3105 nec
3734 3052 3880 3105 illam
3907 3053 4005 3106 hu-

2424 3140 2505 3210 jus
2528 3141 2805 3195 tribunalis
2832 3142 3169 3196 sententiam.
3210 3140 3321 3195 Hoc
3347 3143 3488 3196 enim
3521 3142 3746 3195 tribunal
3778 3158 3883 3196 non
3914 3158 4002 3212 pe-

2423 3234 2576 3288 cunia
2599 3235 2972 3303 corrumpitur,
2998 3249 3103 3288 non
3126 3233 3515 3288 adulationibus
3534 3236 3853 3302 acquiescit;
3879 3252 3998 3288 nam

2423 3322 2658 3376 divinum
2687 3334 2788 3384 est,
2820 3334 2874 3377 et
2897 3339 2926 3376 a
2961 3324 3066 3376 Deo
3095 3324 3288 3377 nostris
3316 3323 3528 3378 insitum
3558 3324 3846 3378 mentibus.
3871 3323 4003 3378 Vere

2424 3413 2635 3467 Adulter
2661 3432 2748 3483 per
2776 3416 2997 3483 inopiam
3021 3431 3195 3468 sensus
3240 3416 3447 3469 exitium
3484 3431 3590 3469 sua:
3627 3415 3787 3486 ipsius
3822 3415 4003 3468 anima

2426 3507 2660 3559 conciliat
2692 3504 2869 3576 (Prov.
2903 3505 2955 3560 6.
2986 3505 3096 3575 52).
3133 3505 3366 3561 Tametsi
3398 3522 3495 3562 nec
3523 3505 3603 3559 fur
3630 3507 3789 3561 etiam
3815 3507 4003 3559 imum-

2428 3598 2509 3651 nis
2535 3607 2617 3651 est
2646 3613 2672 3649 a
2702 3598 2979 3666 supplicio,
3027 3613 3206 3651 verum
3252 3598 3343 3652 dat
3385 3598 3597 3667 quidem
3630 3613 3864 3666 pinnam,
3911 3598 4002 3653 sed

2427 3688 2709 3743 minorem.
2738 3689 2842 3743 Nec
2869 3690 3011 3743 enim
3040 3687 3465 3757 comparationes
3490 3691 3540 3744 in
3565 3689 3833 3744 diversum
3865 3692 4002 3745 ordi-

2427 3793 2548 3833 nem
2570 3780 2856 3834 extrudunt
2883 3795 2940 3833 ea
2965 3795 3082 3849 qua":
3107 3789 3498 3849 comparantur,
3523 3782 3613 3835 sed
3641 3784 4002 3851 permittentes

2426 3884 2523 3922 suo
2553 3885 2773 3937 quaeque
2800 3884 3013 3923 manere
3039 3869 3176 3933 loco,
3205 3871 3606 3925 diminutionem
3628 3872 3886 3926 inducunt
3915 3882 4001 3925 aut

2427 3963 2876 4029 exsuperantiam.
2909 3961 3159 4015 Fortasse
3187 3977 3290 4014 non
3318 3962 3610 4031 intelligitis
3638 3963 3777 4031 quod
3803 3964 3996 4018 dictum

2428 4062 2540 4108 est:
2569 4054 2743 4120 itaque
2776 4067 2994 4106 necesse
3019 4061 3103 4106 est
3130 4053 3268 4108 idem
3296 4054 3626 4120 explanatius
3654 4053 3851 4109 dicere.
3898 4056 3998 4108 Bo-

2430 4160 2552 4199 num
2585 4155 2666 4200 est
2711 4145 3032 4214 eonjugium,
3072 4144 3164 4198 sed
3214 4144 3403 4198 melior
3444 4154 3526 4199 est
3571 4146 3999 4216 virginitasznec

2430 4235 2677 4305 quoniam
2707 4236 2896 4290 melior
2921 4246 3002 4290 est
3027 4236 3317 4305 virginitas,
3351 4235 3469 4290 ideo
3496 4238 3689 4290 malum
3715 4249 3798 4293 est
3823 4241 4000 4309 conju-

2427 4329 2590 4397 gium,
2628 4327 2719 4381 sed
2768 4327 2891 4382 illud
2941 4327 3152 4396 quidem
3206 4327 3443 4394 inferius,
3488 4329 3684 4398 alioqui
3714 4329 3909 4384 bonum
3951 4337 3998 4383 et

2429 4422 2620 4488 ipsum.
2654 4419 2909 4473 Similiter
2935 4429 2987 4473 et
3015 4419 3128 4473 hic:
3163 4421 3356 4472 malum
3389 4429 3469 4472 est
3495 4418 3708 4483 furtum,
3742 4421 3834 4473 sed
3857 4421 3999 4473 adul-

2429 4511 2563 4563 terio
2603 4509 2796 4575 minus,
2828 4524 3143 4579 quamquam
3176 4517 3226 4562 et
3269 4509 3440 4576 ipsum
3484 4518 3565 4563 est
3595 4509 3811 4562 malum.
3851 4511 3997 4563 Vides

2429 4610 2761 4668 peccatorum
2791 4598 3149 4654 differentias?
3175 4599 3583 4653 (Iousideremus
3630 4599 3805 4669 itaque
3852 4604 3998 4670 quale

2431 4698 2700 4760 peccatum
2731 4690 2815 4744 hic
2845 4691 3160 4759 peccaverit.
3183 4688 3391 4743 Elatum
3418 4699 3508 4752 est,
3538 4689 3723 4758 inquit,
3761 4707 3847 4742 cor
3871 4690 3998 4742 illius

2431 4780 2506 4852 (Ξ.
2544 4780 2723 4833 Paral.
2752 4780 2840 4834 26.
2868 4780 2979 4848 16).
3012 4780 3368 4834 Periculosum
3394 4780 3618 4833 vulnus:
3647 4787 3729 4833 est
3753 4781 3892 4835 enim
3922 4796 4000 4832 ar-

2432 4871 2686 4941 rogantia,
2714 4871 3010 4940 arrogantia
3035 4871 3267 4938 inquam,
3303 4869 3563 4923 malorum
3602 4871 3840 4924 omnium
3868 4870 3994 4923 fons.

2431 4965 2497 5018 Et
2525 4972 2582 5018 ut
2612 4963 2924 5030 compendio
2969 4961 3141 5015 discas
3186 4961 3353 5014 morbi
3385 4961 3659 5027 malitiam,
3693 4962 3822 5016 illud
3861 4959 3993 5014 audi.

2432 5054 2631 5110 Caetera
2655 5051 2864 5121 quidem
2888 5060 3100 5119 peccata
3127 5051 3265 5104 circa
3291 5060 3526 5106 nostram
3552 5062 3830 5107 versantur
3858 5060 3997 5104 natu-

2429 5161 2560 5207 ram,
2597 5154 2650 5198 at
2676 5143 2916 5211 superbia
2945 5143 3189 5196 virtutem
3232 5143 3595 5212 incorporeum
3617 5159 3646 5197 e
3673 5142 3882 5196 sublimi
3912 5140 3995 5193 de.

2432 5236 2588 5291 traxit
2617 5251 2678 5288 ac
2706 5234 2927 5304 dejecit:
2960 5248 3078 5285 nam
3119 5233 3408 5300 diabolum,
3451 5250 3570 5289 cum
3615 5234 3856 5288 diabolus
3900 5247 3992 5285 nou

2431 5339 2592 5398 esset,
2622 5328 2887 5383 diabolum
2915 5326 3087 5380 effecit
3107 5330 3425 5397 arrogantia.
3460 5326 3607 5394 Quod
3635 5327 3678 5381 si
3708 5334 3893 5380 testem
3912 5324 3996 5377 ad-

2430 5423 2617 5476 ducam
2638 5420 2826 5475 Isaiam
2861 5420 2928 5473 ila
2957 5418 3024 5473 de
3052 5419 3138 5471 illo
3176 5420 3497 5488 loquentem,
3528 5417 3592 5472 In
3621 5420 3800 5473 cazlunt
3827 5435 3991 5472 ascen-

2431 5514 2566 5576 dam,
2601 5520 2647 5564 et
2686 5527 2768 5565 ero
2794 5511 2972 5563 similis
3004 5510 3259 5563 Altissimo
3299 5509 3450 5581 (Isai.
3498 5509 3584 5563 14,
3629 5509 3747 5578 ii):
3779 5507 3865 5576 qui
3897 5522 3989 5559 nou

2431 5605 2653 5658 libenter
2682 5601 2941 5668 recipiunt
2966 5599 3260 5668 allegorias,
3288 5599 3634 5671 repudiabunt
3667 5608 3901 5652 nostrum
3925 5609 3990 5649 te-

2436 5693 2768 5749 stimouium:
2798 5691 2876 5744 sin
2909 5705 3029 5745 vero
3072 5689 3290 5746 Paulum
3324 5691 3396 5746 illi
3423 5689 3814 5747 adhibui-ximus
3851 5702 3990 5743 accu-
