4130 6316
148 365 240 422 115
1077 341 1141 396 IN
1178 341 1407 408 lLLUD,
1447 341 1584 397 VIDI
1624 337 1961 406 DOMINUM,
1997 337 2229 394 HOMIL.
2269 336 2359 393 Ill.

133 459 343 531 γυμνοὺς
392 459 772 530 παραπέμψαι
809 458 941 528 πρὸς
992 456 1198 510 ἐκεῖνον
1232 456 1324 508 τὸν
1361 455 1552 525 λιμένα
1585 455 1690 507 λοι-

131 545 227 598 πήν.
252 542 346 594 Διά
370 541 532 594 τοῦτο
556 543 586 593 6
613 544 898 611 προφήτης
926 540 1183 610 παραινεῖ
1211 539 1346 590 πᾶσι
1372 538 1563 607 λέγων,
1591 540 1692 603 Εἷς

131 628 180 680 τὸ
207 624 374 688 τέλος
403 623 490 691 μὴ
519 623 884 691 διαφθείρῃς.
913 622 1022 675 Καὶ
1049 621 1158 692 γὰρ
1193 621 1331 690 μετά
1373 620 1473 690 τὴν
1503 620 1682 673 τοιαύο

129 725 207 778 την
233 706 436 759 πτῶσιν
460 704 863 773 δυσανάκλητος
895 704 1055 755 πάλιν
1081 705 1113 773 ἡ
1149 703 1459 765 ἀνάστασις.
1499 703 1552 754 '0
1576 701 1685 771 γὰρ

129 791 292 845 ἐλθὼν
322 791 408 853 είς
437 788 673 853 ’βάθος
702 787 920 849 κακῶν,
940 786 1310 853 καταφρονεῖ.
1342 786 1451 840 Καὶ
1477 786 1554 856 τῷ
1588 787 1685 856 μὲν

129 875 173 925 ἐν
208 873 347 940 ἀρχῇ
402 869 622 922 πεσόντι
670 869 1107 936 συγγινώσκομεν
1161 867 1398 930 ἅπαντες
1450 869 1536 920 διά
1587 870 1684 936 τὴν

131 954 386 1022 ἀπειρίαν·
432 953 522 1005 τὸν
551 952 606 1005 δὲ
644 953 780 1021 μετά
811 952 1034 1013 πολλοὺς
1085 950 1235 1021 [H5]
1284 953 1405 1014 τοὺς
1453 952 1686 1023 δρόμους

131 1034 564 1088 ὑποσκελισθέντα
618 1036 718 1088 οὐκ
765 1034 829 1088 ἄν
869 1051 950 1094 τις
1006 1032 1202 1102 ῥαδίως
1253 1033 1504 1098 ἀξιώσειε
1551 1051 1685 1102 συγ⁸

130 1119 326 1188 γνώμης
354 1118 388 1187 ἦ
427 1117 720 1185 ἀπολογίας
739 1134 750 1146 ·
792 1115 1061 1188 ῥᾳθυμίας
1091 1116 1197 1185 γάρ
1228 1117 1348 1168 τότε
1381 1116 1441 1168 τὸ
1487 1116 1687 1186 πτῶμα

131 1198 238 1253 εἶναι
275 1201 442 1252 δοκεῖ.
492 1200 598 1252 Καὶ
631 1202 690 1252 οὑ
716 1200 872 1251 τοῦτο
917 1198 1076 1267 μόνον
1104 1199 1220 1251 ἐστὶ
1251 1199 1310 1251 τὸ
1351 1198 1541 1262 δεινὸν,
1569 1200 1684 1253 ἀλλ’

130 1285 192 1336 Em
214 1285 303 1336 καὶ
332 1283 518 1334 πολλοὶ
555 1283 603 1334 οἱ
642 1278 1111 1348 σκανδαλιξόμενοι
1144 1281 1256 1343 τοῖς
1294 1280 1405 1334 τῶν
1430 1280 1686 1336 τοιούτων

132 1365 395 1435 πτώμασίν
427 1367 582 1428 εἰσιν,
617 1363 757 1415 ὥστε
786 1363 881 1416 καὶ
907 1362 1076 1434 ταύτῃ
1107 1363 1268 1416 πάλιν
1302 1363 1685 1432 ἀσύγγνωστον

132 1450 176 1501 τὺ
212 1448 512 1518 ἁμάρτημα
561 1447 787 1514 γίνεται.
821 1445 982 1498 Ταῦτ’
1009 1443 1103 1498 οῦν
1137 1446 1359 1509 εἰδότες,
1393 1447 1683 1516 ἀκούωμεν

133 1530 204 1583 τοῦ
241 1532 546 1599 Προφὴτου,
584 1528 676 1580 καὶ
717 1529 797 1584 είς
837 1528 898 1580 τὸ
941 1527 1093 1590 τέλος
1137 1527 1212 1597 μὴ
1266 1527 1683 1598 διαφθείρωμεν.

133 1612 211 1664 Διά
237 1613 346 1680 γάρ
373 1609 533 1663 τοῦτο
560 1613 655 1663 καὶ
679 1612 707 1662 6
739 1609 997 1679 Ἰεζεκιὴλ
1029 1610 1157 1662 ἐϐόα
1186 1609 1385 1677 λέγων·
1431 1610 1566 1662 Ἐὰν
1595 1610 1688 1678 γέ-

132 1695 278 1760 νηταί
323 1711 416 1759 τις
450 1693 700 1758 δίκαιος,
745 1688 872 1746 εἶτα
910 1692 1265 1760 μεταπεσὼν
1310 1690 1570 1760 ἁμάρτῃ,
1614 1695 1686 1746 οὐ

129 1779 193 1845 μὴ
229 1775 585 1844 μνησθῶσιν
619 1774 778 1838 αὐτῷ
809 1777 868 1828 al
893 1775 1265 1827 δικαιοσύναι
1297 1775 1507 1839 αὐτοῦ,
1548 1777 1686 1830 ἀλλ’

131 1861 182 1911 ἐν
213 1859 280 1926 τῇ
332 1859 589 1926 ἁμαρτίᾳ
626 1858 812 1910 αὑτοῦ
856 1857 1254 1911 ἀποθανεῖται.
1302 1859 1412 1912 Καὶ
1457 1858 1564 1929 γάρ
1594 1860 1688 1911 καὶ

130 1938 254 2003 οὗτος
282 1942 524 1992 δέδοικεν
571 1940 712 2009 ὑπὲρ
752 1937 846 1991 τοῦ
879 1939 1238 2001 τέλους.’Καλ⁸
1290 1941 1388 1992 οὐκ
1441 1939 1687 1993 ἐντεῦθεν

134 2025 281 2091 μόνον,
317 2023 454 2074 ἀλλά
494 2021 588 2073 καὶ
621 2021 709 2073 διὰ
742 2022 849 2074 τῶν
900 2022 1157 2074 ἐναντίων
1207 2022 1441 2075 δείκνυσι
1488 2024 1686 2094 πολλὴν

128 2108 203 2158 τοῦ
241 2106 567 2176 πράγματος
600 2105 698 2175 τὴν
749 2105 900 2172 ἰσχὺν
931 2100 1116 2157 οὖσαν.
1154 2106 1254 2157 Ἂν
1298 2106 1406 2172 γὰρ
1447 2106 1687 2174 γένηταί

129 2206 201 2253 τις
246 2186 627 2256 ἁμαρτωλὸς,
669 2187 854 2256 φησὶν,
900 2183 1026 2239 εἶτα
1067 2187 1549 2255 μεταϐαλόμενος
1591 2188 1686 2256 γέ-

129 2288 273 2336 νηται
339 2270 602 2334 δίκαιος,
664 2271 735 2322 οὺ
774 2270 861 2338 μὴ
902 2268 1259 2336 μνησθῶσιν
1308 2273 1366 2323 al
1415 2270 1686 2339 ἁμαρτίαι

129 2353 285 2404 αὑτοῦ
309 2351 337 2389 δ
358 2369 372 2383 ·
415 2352 486 2403 ἐν
516 2351 591 2417 τῇ
623 2350 976 2417 δικαιοσύνῃ
1018 2351 1204 2404 αὑτοῦ
1233 2348 1487 2416 ζήσεται.
1527 2353 1688 2422 Ὁρᾷς

133 2435 202 2486 καὶ
238 2433 469 2487 ἐνταῦθα
524 2432 721 2503 πολλὴν
765 2433 858 2486 τοῦ
907 2433 1093 2496 τέλους
1150 2433 1312 2488 αὑτὸν
1365 2435 1687 2506 ποιούμενον

133 2517 372 2584 πρόνοιαν.
405 2515 524 2569 Ἶνα
552 2514 659 2585 γὰρ
692 2516 828 2585 μήτε
857 2518 885 2569 6
921 2515 1127 2578 δίκαιος
1153 2519 1218 2587 τῇ
1249 2517 1564 2590 δικαιοσύνῃ
1592 2519 1688 2571 αύ-

133 2598 202 2650 τοῦ
231 2599 467 2669 θαρρῶν,
498 2600 580 2660 είς
622 2597 893 2668 ρᾳθυμίαν
937 2600 1231 2662 ἀποκλίνας
1272 2601 1556 2672 ἀπόληται,
1590 2619 1686 2670 φο-

129 2679 198 2732 ϐεῖ
237 2682 318 2734 διά
363 2681 462 2735 τοῦ
495 2681 683 2744 τέλους
730 2681 892 2734 αὑτόν
913 2698 928 2713 ·
979 2685 1113 2752 μήτε
1147 2686 1175 2736 ό
1207 2685 1525 2754 ἁμαρτωλὸς
1555 2687 1689 2738 ἀπο-

129 2765 262 2830 γνοὺς
287 2766 381 2816 ἐπὶ
425 2766 537 2827 τοῖς
567 2764 1002 2835 παραπτώμασι,
1043 2767 1175 2837 μένῃ
1206 2768 1496 2830 διαπαντὸς
1524 2771 1580 2821 ἐν
1609 2769 1688 2838 τῷ

129 2847 374 2916 πτώματι,
426 2848 678 2916 ἀνίστησι
717 2848 805 2901 διά
843 2849 935 2901 τοῦ
974 2849 1160 2911 τέλους
1201 2850 1380 2902 αὐτόν.
1407 2851 1690 2921 Ἥμαρτες

129 2931 302 2993 πολλὰ,
343 2933 530 3000 φησὶν,
572 2929 708 2983 ἀλλά
748 2930 824 3001 μὴ
869 2931 1206 3001 ἀπελπίσῃς”
1242 2931 1353 2984 ἔστι
1386 2933 1492 3002 γὰρ
1525 2933 1690 2985 ἐπάν-

129 3013 243 3075 οδος,
268 3017 358 3065 ἐὰν
390 3013 632 3065 ἐναντίον
659 3023 681 3050 θ
708 3013 808 3081 τῆς
839 3013 1010 3084 ἀρχῆς
1040 3013 1216 3083 δείξῃς
1241 3015 1300 3066 τὸ
1329 3014 1495 3076 τέλος.
1522 3017 1689 3068 Πάλιν

128 3096 242 3164 πρὸς
283 3095 371 3147 τὸν
407 3095 633 3156 δίκαιον,
663 3094 1043 3163 Κατώρθωσας
1083 3096 1270 3158 πολλὰ,
1321 3097 1503 3165 φησὶν,
1555 3097 1689 3150 ἀλλά

132 3180 191 3247 μὴ
217 3180 491 3250 θαρσήσῃς
514 3194 527 3206 ’
562 3177 846 3247 συμϐαίνει
877 3179 983 3248 γάρ
1016 3180 1108 3230 καὶ
1137 3182 1342 3241 πεσεῖν,
1375 3180 1440 3232 ἂν
1482 3181 1556 3250 μὴ
1597 3180 1686 3233 διὰ

127 3262 254 3322 τέλος
279 3262 376 3328 τὴν
414 3262 536 3326 ἴσην
562 3260 692 3330 ἔχῃς
724 3261 976 3331 σπουδήν.
1004 3258 1156 3325 Εἶδες
1188 3263 1304 3325 πῶς
1336 3262 1428 3315 τοῦ
1461 3264 1560 3334 μὲν
1589 3264 1687 3334 τὴν

129 3341 401 3412 ῥαθυμίαν,
443 3341 535 3394 τοῦ
568 3343 625 3395 δὲ
668 3343 760 3412 τὴν
790 3344 1101 3412 ἀπόγνωσιν
1128 3345 1368 3409 ἀνεῖλεν;

185 3433 246 3493 γ’.
267 3426 492 3487 Οὐδενὸς
504 3424 708 3476 τούτων
721 3425 952 3494 ἤκουσεν
978 3426 1174 3488 Ὀζίαςο
1194 3427 1273 3478 διὸ
1303 3427 1395 3478 καὶ
1413 3427 1690 3497 θαρσήσας

127 3507 370 3558 κατέπεσε
403 3507 606 3575 πτῶμα
631 3506 862 3575 χαλεπὸν
892 3508 985 3558 καὶ
1013 3508 1247 3561 ἀνίατον.
1280 3507 1413 3558 Οὺδέ
1441 3508 1549 3578 γὰρ
1581 3511 1688 3561 πᾶν

130 3588 303 3656 πτῶμα
337 3589 453 3639 ἴσον
492 3591 625 3657 ἡμῖν
665 3587 963 3658 ἐργάζεται
1010 3588 1070 3640 τὸ
1114 3589 1352 3658 τραῦμα,
1401 3589 1536 3642 ἀλλά
1585 3591 1690 3643 τῶν

127 3673 386 3740 ἁμαρτιῶν
413 3672 482 3724 τὰ
519 3674 616 3739 μὲν
644 3673 748 3724 ὑπὸ
778 3673 1121 3740 κατάγνωσιν
1172 3675 1344 3724 κεῖται
1396 3674 1575 3742 μόνον,
1622 3675 1691 3727 τὰ

127 3756 171 3806 δὲ
212 3756 602 3824 χαλεπωτάτην
643 3755 858 3824 δέχεται
904 3755 1193 3825 τιμωρίαν.
1245 3756 1365 3816 Τοῖς
1416 3754 1546 3822 γοῦν
1590 3759 1689 3809 ούκ

127 3838 428 3906 ἀναμένουσι
458 3839 585 3899 τοὺς
628 3837 888 3904 ἀδελφοὺς
919 3840 976 3890 ἐν
1019 3840 1130 3900 τοῖς
1164 3841 1360 3900 κοινοῖς
1394 3838 1627 3902 δείπνοις
1661 3841 1689 3891 6

128 3920 312 3983 Παῦλος
359 3919 654 3988 ἐπιτιμῶν,
699 3918 871 3982 οὕτως
917 3919 1100 3988 ἔλεγε·
1138 3920 1314 3974 Τοῦτο
1358 3919 1426 3972 δὲ
1467 3937 1689 3989 παραγ-

128 4004 336 4068 γέλλων
396 4005 511 4055 οὐκ
557 4001 801 4054 ἐπαινῶ.
861 4003 1020 4072 Ὁρᾷς
1074 4002 1234 4071 μέχρι
1291 4002 1688 4069 καταγνώσεως

129 4085 394 4152 ἱστάμενον
417 4083 480 4135 τὸ
508 4083 725 4153 άμάρτη
736 4100 832 4152 μα,
859 4084 950 4136 καὶ
981 4083 1145 4150 ψόγον
1169 4083 1287 4153 ἕχον
1310 4085 1370 4137 τὸ
1394 4084 1686 4154 ἐπιτίμιον.

137 4165 256 4216 Ἀλλ’
277 4167 373 4236 οὐχ
396 4167 529 4218 ὅταν
558 4166 686 4234 περὶ
716 4168 969 4235 πορνείας
998 4166 1332 4234 διαλέγηται,
1353 4166 1495 4219 οὕτω
1525 4169 1688 4221 ποιεῖ.

134 4244 272 4298 Ἀλλὰ
323 4249 480 4311 πῶς;
531 4249 601 4300 Εἴ
633 4265 722 4311 τις
775 4249 879 4300 τὸν
917 4248 1068 4300 ναὸν
1099 4249 1203 4302 τοῦ
1252 4249 1398 4302 Θεοῦ
1452 4250 1685 4318 φθερεῖ,

127 4331 306 4396 μοδερεῖ
337 4331 564 4382 τοῦτον
599 4333 630 4380 ό
664 4330 824 4394 Θεός.
869 4328 1128 4382 Ἐνταῦθα
1171 4331 1277 4399 γὰρ
1306 4332 1403 4382 οὐκ
1444 4331 1558 4383 ἔστι
1592 4331 1688 4400 ψό-

127 4429 217 4475 γος,
249 4413 366 4464 οὐδὲ
410 4412 785 4478 κατάγνωσις,
833 4411 946 4462 ἀλλ’
1046 4412 1402 4479 χαλεπωτάτη
1432 4415 1687 4482 τιμωρία.

129 4489 226 4544 θῖδε
262 4497 354 4546 καὶ
400 4497 430 4546 6
478 4493 732 4561 Σολομῶν
790 4493 1199 4561 ἁμαρτημάτων
1255 4494 1551 4563 διαφοράςο
1593 4497 1692 4566 τὴν

127 4574 234 4639 γοῦν
266 4576 476 4646 κλοπὴν
507 4577 571 4644 τῇ
607 4575 821 4644 μοιχείᾳ
853 4575 1176 4642 συγκρίνων,
1213 4577 1408 4629 ούτωσί
1444 4578 1562 4642 πώς
1591 4597 1693 4647 φη-

130 4673 220 4706 σιν·
249 4661 330 4712 Οὐ
362 4655 741 4724 θαυμαστὸν,
778 4656 886 4708 ἐὰν
925 4655 1050 4720 ἁ.λῷ
1098 4674 1184 4722 τις
1220 4657 1517 4712 κλέπτων-⁸
1557 4661 1692 4714 κλέ-

128 4754 232 4790 πτει
270 4741 401 4808 γὰρ,
446 4742 550 4792 ἵνα
579 4739 864 4806 ἐμπλήσῃ
896 4737 1105 4805 ψυχὴν
1133 4740 1316 4792 αὐτοῦ
1353 4742 1656 4796 πεινῶσαν
1676 4762 1688 4774 ·

128 4825 149 4870 ὁ
172 4821 229 4871 δὲ
249 4841 344 4890 μοι
353 4822 472 4890 κὸς
505 4821 578 4873 δι’
605 4820 844 4873 ἔνδειαν
874 4819 1106 4888 φρενῶν
1133 4821 1432 4875 ἀπώλειαν
1460 4825 1535 4891 τῇ
1559 4826 1693 4877 ἐαυ-

128 4903 213 4954 ’τίτῦ
253 4903 430 4972 ψυχῇ
473 4902 880 4968 περιποιεῖται.
920 4903 1246 4971 Ἀμάρτημα
1279 4906 1371 4956 καὶ
1411 4906 1569 4958 τοῦτο
1600 4909 1694 4958 κά-

129 4987 266 5046 κεῖνο,
301 4989 496 5056 φησὶν,
541 4984 676 5036 ἀλλά
712 4985 772 5036 τὸ
821 4985 917 5053 μὲν
960 4985 1197 5047 ἔλαττον,
1239 4986 1300 5037 τὸ
1327 4988 1382 5038 δέ
1419 4990 1632 5056 μεῖζον·
1667 4992 1694 5041 6

236 5071 340 5139 γὰρ
378 5070 501 5138 ἔχει
531 5065 557 5105 ἀ
590 5067 689 5136 τὴν
724 5067 830 5118 ἀπὸ
859 5067 955 5136 τῆς
991 5067 1180 5128 πενίας
1219 5069 1506 5136 πρόφασιν,
1542 5065 1696 5135 οὗτος

128 5149 171 5200 δὲ
197 5152 370 5223 πάσης
396 5148 703 5217 ἀπολογίας
728 5149 1035 5218 ἐστέρηται.
1072 5148 1232 5202 Ἀλλά
1258 5151 1349 5204 καί⁹
1378 5146 1529 5216 οὗτος
1559 5156 1692 5225 ἔχει,

178 5335 199 5362 ⁸
223 5336 586 5404 Quatuoumsg.
615 5336 835 5404 εἰσελθὼν
855 5337 937 5404 είς.
967 5333 1018 5382 In
1042 5333 1355 5404 iisderpjnlra
1380 5338 1483 5404 haec
1507 5341 1694 5404 ῥαδίως,

132 5402 171 5441 el
190 5411 286 5445 mnx
304 5399 617 5462 ἠάπολογίας
640 5401 834 5462 (Seium.
851 5396 953 5443 Hoc
979 5409 1122 5462 porrq
1146 5398 1369 5462 ultimum
1389 5402 1416 5456 ἢ
1445 5396 1697 5462 ἀπολογίας

133 5469 204 5501 mn
236 5462 353 5519 iegit
395 5461 654 5508 Erasmus.
703 5458 856 5506 Paulo
897 5467 1010 5506 ante
1033 5458 1185 5506 eudex
1210 5471 1285 5519 ap.
1318 5461 1466 5510 Suvil.
1495 5458 1699 5511 δυσάνε-

132 5533 329 5576 tanta;

176 5581 200 5618 δ
231 5583 321 5628 ΑΙῘὶ
347 5579 525 5636 αὐτοῦ,
548 5579 650 5625 ἀλλ’
677 5579 724 5625 ἐν
744 5583 820 5639 τῇ.

179 5644 195 5668 ε
232 5642 369 5707 plum
401 5641 719 5707 mstﬁi‘i‘gﬂ,
742 5639 964 5707 ἐναντίον,
995 5641 1140 5688 male.
1167 5641 1457 5707 Paulgpgst
1496 5648 1696 5707 συμϐαι-

133 5716 183 5744 ua:
200 5704 278 5762 γὰρ
296 5705 375 5748 καὶ
401 5702 590 5748 πεσεῖν.
623 5702 849 5762 Erasmus
869 5704 950 5760 qui
977 5710 1208 5759 verterat,
1230 5703 1536 5754 subindimns
1561 5702 1696 5755 illum

137 5761 346 5830 ίηςιιιῖὶιηι,
375 5761 730 5830 logg-raylmud
750 5761 1249 5830 fillhieﬂangajvsﬂ'dp,
1266 5765 1408 5830 mulo.
1429 5766 1575 5817 l‘aulo
1591 5779 1695 5830 post

139 5825 248 5886 Ima-Eli
270 5837 379 5870 ῐηςς.
421 5825 503 5870 διὰ
526 5825 691 5886 τέλους
712 5823 809 5886 τήν.
834 5822 957 5886 νίιιίΐςι
987 5824 1014 5871 f.
1044 5824 1076 5874 l.
1104 5822 1465 5886 ἁμαρτημάτων.

188 5881 208 5916 ἀ
227 5890 437 5940 ριίειιιιυι·
462 5897 580 5931 mss.
606 5884 700 5943 γὰρ
725 5883 850 5929 δοκεῖ
877 5885 1010 5945 ἔχειν.

1799 453 1950 521 φησὶ,
1974 452 2074 522 τὴν
2096 451 2203 504 ἀπὸ
2238 451 2338 521 τῆς
2365 448 2598 520 φυσικῆς
2627 449 2916 520 ἐπιθυμίας
2947 450 3209 521 ἀνάγκην.
3227 451 3368 505 Ἀλλ’

1799 544 1898 597 ούκ
1941 543 2164 612 ἀφίησιν
2207 545 2241 610 ἡ
2273 541 2609 613 κληρωθεῖσα
2645 538 2791 612 [HG]
2844 541 3009 595 αὐτοῦ
3047 543 3217 610 γυνὴ,
3253 542 3369 597 ἀλλ’

1797 625 2094 694 ἐφέστηκεν
2124 624 2496 694 ἀποστεροῦσα
2541 622 2644 692 τῆς
2684 622 3009 693 συγγνώμης
3053 623 3235 677 αὐτόν.
3272 625 3371 678 Διά

1794 709 1902 778 γὰρ
1936 706 2093 760 τοῦτο
2120 707 2296 776 γάμος
2323 708 2416 760 καὶ
2443 706 2737 769 ἀπόλαυσις
2773 704 3049 775 ἔνθεσμος,
3082 707 3170 760 ῖνα
3205 707 3372 776 μηδὲν

1793 790 1890 860 ἔχῃ
1935 789 2138 843 τούτων
2183 790 2361 856 λέγειν
2406 791 2434 842 6
2477 790 2637 858 ἀνήρ.
2671 786 2768 840 Διά
2808 786 2964 839 τοῦτο
2991 787 3139 857 αὐτῷ
3179 787 3371 858 βοηθὸς

1794 872 1949 943 ἐδόθη
1982 874 2014 943 ἡ
2042 872 2199 942 γυνὴ,
2225 872 2312 924 ἵνα
2345 871 2672 941 μαινομένην
2701 869 3034 941 καταστέλλῃ
3061 871 3160 941 τὴν
3184 869 3366 938 φύσιν,

1795 954 1880 1007 ἵνα
1911 956 2136 1026 στορέσῃ
2179 955 2278 1024 τῆς
2309 953 2602 1023 ἐπιθυμίας
2642 954 2711 1006 τά
2748 955 2988 1022 κύματα.
3016 953 3227 1022 Ὠσπερ
3275 948 3368 1005 οὖν

1794 1037 2130 1108 κυϐερνήτης
2161 1038 2218 1088 ἐν
2250 1035 2429 1106 λιμένι
2469 1033 2724 1101 ναυάγιον
2757 1035 3120 1104 ἐργαζόμενος
3158 1034 3256 1086 οὐκ
3303 1034 3374 1086 ἂν

1793 1119 1943 1188 τύχοι
1986 1118 2310 1188 συγγνώμης
2339 1117 2516 1178 τινός·
2558 1116 2700 1168 οὕτω
2728 1117 2822 1168 καὶ
2857 1116 2886 1166 6
2915 1115 3199 1186 ἄνθρωπος
3231 1113 3372 1184 μετά

1791 1200 1889 1270 τὴν
1923 1201 2218 1269 ἀσφάλειαν
2251 1199 2350 1268 τὴν
2391 1197 2499 1251 ἀπὺ
2529 1196 2622 1250 τοῦ
2656 1197 2834 1266 γάμου
2875 1198 3001 1258 τοὺς
3042 1197 3227 1267 ἐτέρου
3258 1196 3379 1249 διο-η

1795 1283 2000 1354 ρύττων
2053 1284 2291 1352 γάμους,
2337 1281 2371 1350 ἦ
2430 1283 2659 1348 γυναῖκα
2721 1278 3006 1350 ἡντιναοῦν
3058 1278 3370 1347 περιέργως

1793 1365 1954 1435 όρῶν,
1983 1365 2083 1417 οὐκ
2111 1365 2175 1417 ἃν
2203 1364 2353 1434 τύχοι
2382 1361 2524 1425 τινὸς
2554 1361 2865 1429 ἀπολογίας,
2889 1361 2950 1414 ού
2981 1360 3131 1431 παρά
3161 1359 3370 1430 ἀνθρώ⁴

1794 1463 1935 1512 ποις,
1971 1448 2031 1500 ού
2063 1446 2210 1516 παρὰ
2243 1445 2381 1515 Θεῷ,
2414 1445 2518 1497 κᾶν
2559 1442 2816 1513 μυριάκις
2850 1442 2986 1512 λέγῃ
3014 1443 3111 1512 τὴν
3139 1441 3237 1510 τῆς
3271 1441 3370 1510 φύ-

1797 1545 1931 1593 σεως
1963 1530 2172 1600 ἡδονήν.
2212 1528 2422 1581 Μᾶλλον
2461 1526 2516 1578 δὲ
2552 1527 2679 1578 ποία
2711 1524 2907 1592 γένοιτ’
2936 1524 3002 1575 ἂν
3030 1524 3210 1592 ἡδονὴ,
3235 1524 3368 1575 ὅπου

1795 1613 1957 1682 φόϐος
2011 1613 2103 1665 καὶ
2157 1612 2362 1679 ἀγωνία
2397 1622 2419 1650 ε
2469 1611 2565 1664 καὶ
2618 1610 2860 1670 κίνδυνος
2924 1607 3018 1660 καὶ
3078 1606 3370 1675 προσδοκία

1794 1695 2059 1747 τοσούτων
2094 1694 2300 1756 δεινῶν,
2343 1695 2474 1746 ὅπου
2524 1692 2851 1761 δικαστήρια
2883 1691 2976 1742 καὶ
3008 1687 3245 1751 εύθῦναι,
3277 1689 3372 1740 καὶ

1794 1776 2044 1829 δικαστοῦ
2073 1776 2262 1846 θυμὸς,
2295 1776 2389 1828 καὶ
2423 1775 2574 1842 ξίφος
2605 1775 2698 1826 καὶ
2735 1774 2945 1843 δὴμιος,
2977 1771 3071 1824 καὶ
3101 1770 3371 1840 βάραθρον

1795 1859 1890 1911 καὶ
1929 1859 2198 1928 ἀπαγωγὴ
2233 1857 2249 1895 ί
2271 1874 2284 1922 ;
2319 1858 2502 1910 Πάντα
2541 1856 2733 1926 τρέμει
2765 1857 2857 1908 καὶ
2883 1854 3116 1907 δέδοικεν
3141 1856 3169 1905 6
3199 1851 3372 1906 τοιοῦ-

1795 1957 1904 2003 τος,
1925 1942 2024 2005 τάς
2050 1943 2226 2004 σκιὰς,
2259 1942 2384 2004 τοὺς
2405 1939 2634 2009 τοίχους,
2664 1941 2789 2001 τοὺς
2822 1937 3001 2000 λίθους
3028 1936 3248 1999 αὐτοὺς,
3279 1952 3372 1987 κα-

1796 2025 1970 2094 θάπερ
2011 2024 2190 2094 φωνὴν
2226 2024 2512 2093 ἀφιέντας·
2548 2023 2754 2084 πάντας
2792 2021 3059 2092 ὑφορᾶται
3104 2019 3196 2070 καὶ
3238 2018 3372 2070 ὑπο-

1797 2106 2001 2169 πτεύει,
2047 2107 2172 2168 τοὺς
2202 2107 2450 2169 οἰκέτας,
2492 2105 2618 2167 τοὺς
2665 2104 2942 2170 γείτονας,
2983 2101 3110 2162 τοὺς
3150 2099 3370 2167 φίλους,

1795 2189 1921 2250 τοὺς
1954 2188 2201 2256 ἐχθροὺς,
2231 2191 2356 2250 τοὺς
2405 2188 2580 2240 πάντα
2626 2184 2854 2246 εἰδότας,
2885 2185 3009 2245 τοὺς
3042 2181 3192 2234 οὐδὲν
3238 2181 3374 2233 είδό-

1795 2285 1910 2331 τας.
1937 2268 2145 2321 Μᾶλλον
2169 2269 2249 2331 δέ,
2272 2271 2319 2320 εί
2350 2267 2547 2336 βούλει,
2579 2268 2670 2318 καὶ
2698 2265 2869 2318 ταῦτα
2897 2263 3246 2334 ἀναιρείσθω,
3276 2264 3372 2315 καὶ

1799 2351 1984 2420 μηδεὶς
2014 2350 2144 2403 ἵστω
2169 2360 2193 2398 Β
2228 2351 2294 2403 τά
2321 2350 2728 2419 τετολμημένα,
2765 2348 2879 2401 ἀλλ’
2925 2348 2957 2418 ἢ
3001 2349 3158 2417 μόνος
3211 2346 3372 2409 αὐτὸς

1799 2435 1936 2503 μετὰ
1970 2435 2067 2503 τῆς
2107 2433 2466 2505 ὑϐριζομένης
2511 2433 2793 2501 γυναικός·
2827 2430 2941 2493 πῶς
2971 2429 3107 2481 οἴσει
3138 2429 3228 2481 τὸν
3260 2429 3373 2482 ἀπὸ

1794 2518 1890 2588 τῆς
1931 2518 2282 2586 συνειδήσεως
2311 2517 2551 2586 ἔλεγχον,
2584 2516 2776 2585 πικρὸν
2821 2512 3095 2582 πανταχοῦ
3143 2512 3372 2582 περιφέ-

1797 2618 1905 2671 ρων
1929 2602 2257 2670 κατήγορονς
2286 2601 2497 2670 Ὠσπερ
2532 2600 2639 2668 γὰρ
2665 2598 2854 2651 ἑαυτὸν
2880 2598 2982 2649 οὑκ
3012 2597 3077 2649 ἄν
3119 2594 3250 2646 ποτέ
3289 2611 3373 2657 τις

1795 2683 1975 2752 φύγοι,
2003 2684 2142 2735 οὕτω
2171 2685 2290 2737 ούδέ
2315 2685 2412 2754 τὴν
2439 2684 2548 2737 ἀπὸ
2577 2682 2668 2734 τοῦ
2705 2680 2987 2749 κριτηρίου
3015 2679 3196 2745 ψῆφον
3229 2675 3374 2728 ἐκεί-

1795 2784 1905 2819 νου.
1936 2767 2103 2818 Τοῦτο
2130 2768 2191 2818 τὸ
2229 2767 2574 2835 δικαστήριον
2602 2764 2661 2814 οὑ
2695 2763 2942 2833 χρήμασι
2981 2759 3372 2829 διαφθείρεται,

1796 2849 1856 2900 οὑ
1906 2848 2214 2910 κολακείαις
2255 2848 2525 2900 ἐνδίδωσι·
2564 2846 2704 2897 θεῖον
2751 2845 2860 2914 γάρ
2911 2845 3061 2904 ἐστι,
3094 2843 3187 2896 καὶ
3224 2842 3375 2912 παρά

1797 2931 1930 2984 Θεοῦ
1959 2934 2076 2994 ταῖς
2117 2932 2410 3001 ἡμετέραις
2451 2928 2792 2999 ἐνιδρυμένον
2820 2928 3038 2997 ψυχαῖς.
3065 2928 3271 2988 Ὄντως
3311 2927 3378 2978 '0

1791 3013 2001 3084 μοιχὸς
2041 3013 2114 3067 δι’
2155 3013 2393 3066 ἔνδειαν
2425 3011 2658 3081 φρενῶν
2696 3009 3002 3064 ἀπώλειαν
3041 3008 3115 3076 τῇ
3155 3007 3378 3061 ἑαυτοῦ

1796 3095 1965 3164 ψυχῇ
1999 3097 2398 3164 περιποιεῖται.
2429 3096 2502 3147 υύ
2541 3095 2643 3163 μὴν
2679 3093 2797 3146 οὐδὲ
2826 3095 2853 3145 ὀ
2891 3092 3128 3160 κλέπτης
3156 3092 3182 3130 ὶι
3217 3091 3376 3144 κολά-

1799 3195 1932 3243 σεως
1961 3180 2347 3248 ἀπεστέρηται,
2379 3176 2512 3230 ἀλλά
2553 3176 2734 3229 δίδωσι
2772 3175 2870 3245 μὲν
2910 3175 3085 3243 δίκην,
3111 3174 3371 3225 ἐλάττονα

1796 3259 1871 3314 δέ.
1903 3263 1966 3313 Δί
2003 3262 2107 3331 γὰρ
2129 3261 2444 3330 συγκρίσεις
2468 3260 2567 3312 ούκ
2598 3261 2676 3317 είς
2706 3257 2803 3327 τὴν
2837 3257 3083 3308 ἐναντίαν
3116 3254 3376 3318 ἐξωθοῦσι

1795 3343 1944 3407 τάξιν
1978 3344 2046 3395 τά
2077 3344 2494 3411 συγκρινόμενα,
2524 3341 2636 3392 ἀλλ’
2662 3341 2910 3406 ἀφιεῖσαι
2951 3336 3128 3407 μένειν
3155 3338 3247 3388 ἐπὶ
3277 3335 3377 3403 τῆς

1798 3425 2000 3485 οἰκείας
2028 3423 2207 3493 χώρας
2237 3424 2396 3482 αὐτὰ,
2427 3424 2719 3476 ἐλάττωσιν
2760 3422 3039 3489 εἰσάγουσι
3083 3421 3174 3473 καὶ
3212 3421 3380 3490 ύπερυ

1798 3507 1946 3574 οχήν.
1980 3505 2130 3574 Τάχα
2163 3506 2221 3557 οὐ
2259 3509 2523 3574 συνήκατε
2547 3504 2608 3556 τὸ
2655 3504 2841 3572 λεχθέν
2863 3521 2875 3534 ο
2926 3501 3118 3555 οὐκοῦν
3163 3502 3374 3571 ἀνάγκη

1801 3590 2130 3657 σαφέστερον
2160 3591 2348 3640 εἰπεῖν.
2381 3588 2556 3639 Καλὸν
2582 3589 2609 3638 ό
2644 3587 2838 3655 γάμος,
2870 3585 3004 3638 άλλά
3044 3585 3308 3654 κρείττων
3338 3589 3371 3654 ἡ

1800 3671 2063 3740 παρθενία
2082 3688 2095 3702 ο
2117 3671 2214 3722 ούκ
2234 3670 2418 3741 ἐπειδὴ
2441 3670 2703 3740 κρείττων
2729 3671 2760 3738 ἡ
2791 3668 3078 3737 παρθενία,
3103 3666 3190 3718 διὰ
3219 3665 3381 3719 τοῦτο

1799 3754 1963 3805 κακὸν
1999 3755 2025 3804 6
2054 3753 2226 3822 γάμος
2248 3793 2261 3816 ,
2309 3755 2422 3805 ἀλλ’
2466 3751 2681 3803 ἔλαττον
2715 3752 2810 3819 μὲν
2854 3750 3082 3812 ἐκείνου,
3124 3749 3286 3802 καλὸν
3319 3749 3376 3801 δὲ

1799 3835 1892 3885 καὶ¹
1937 3836 2087 3887 αὐτό.
2132 3834 2288 3888 Οὕτω
2326 3836 2420 3887 καὶ⁵
2465 3833 2727 3886 ἐνταῦθα·
2763 3834 2930 3884 κακὸν
2965 3835 2996 3903 ἡ
3029 3832 3225 3902 κλοπὴ,
3259 3831 3377 3884 ἀλλ’

1799 3915 2016 3968 ἔλαττον
2054 3918 2148 3985 μέν
2181 3917 2410 3981 ἐκείνου,
2443 3917 2608 3969 κακὸν
2635 3916 2691 3968 δέ
2722 3917 2812 3968 καὶ
2845 3916 2995 3967 αὐτὸ.
3020 3911 3172 3974 Εἶδες
3199 3915 3379 3984 ἁμαρ-

1800 4000 2056 4068 τημάτων
2104 4001 2396 4071 διαφοράς;
2424 4001 2651 4068 Ἴδωμεν
2690 3995 2780 4051 οὖν
2820 3999 2975 4051 ποίαν
3011 3994 3164 4060 οὗτος
3198 3998 3378 4067 ἀμαρ-

1801 4081 1918 4134 τίαν
1948 4085 2209 4153 ἥμαρτεν.
2250 4083 2493 4152 ’Υψὼοη,
2525 4083 2706 4152 φησὶν,
2734 4085 2772 4150 ἡ
2801 4081 3013 4149 καρδία
3040 4079 3246 4133 αὑτοῦ.
3273 4083 3381 4133 Χα-

1800 4163 1959 4234 λεπὸν
1980 4167 2039 4217 τὸ
2067 4165 2316 4236 τραῦμα·
2343 4167 2568 4218 ἀπόνοια
2594 4166 2700 4233 γάρ
2722 4166 2887 4227 ἐστιν,
2912 4163 3144 4215 ἀπόνοια
3166 4164 3199 4231 ἡ
3226 4165 3377 4232 πηγὴ

1801 4249 2016 4301 πάντων
2059 4249 2168 4300 τῶν
2216 4249 2419 4301 κακῶν.
2464 4250 2572 4300 Καὶ
2617 4249 2701 4300 ἶνα
2743 4247 3020 4317 συντόμως
3061 4246 3237 4316 μάθῃς
3281 4246 3377 4299 τοῦ

1802 4335 2100 4403 νοσήματος
2133 4334 2224 4402 τὴν
2263 4337 2476 4398 κακίαν,
2507 4335 2680 4386 ἐκεῖνο
2723 4332 2970 4385 ἄκουσον.
3000 4333 3080 4383 T6
3112 4332 3210 4400 μὲν
3241 4331 3375 4386 ἄλλα

1803 4417 2170 4486 ἁμαρτήματα
2205 4418 2330 4486 περὶ
2367 4418 2464 4486 τὴν
2492 4415 2760 4486 ἡμετέραν
2807 4415 3093 4484 στρέφεται
3128 4413 3308 4482 φύσιν,
3341 4417 3376 4485 ἡ

1801 4501 1856 4552 δὲ
1904 4500 2244 4568 ὑπερηφανία
2289 4500 2513 4567 δύναμιν
2561 4498 2848 4568 ἀσώματον
2901 4499 3233 4558 κατέσπασε,
3281 4498 3377 4550 καὶ

1803 4583 2094 4636 κατέϐαλεν
2121 4583 2342 4635 ἄνωθεν.
2376 4582 2477 4634 Τὸν
2506 4581 2613 4650 γάρ
2647 4580 2910 4645 διάϐολον,
2952 4581 3052 4632 οὐκ
3081 4580 3210 4631 ὄντα
3238 4581 3373 4648 πρό-

1802 4686 1954 4738 τερον
1987 4668 2247 4728 διάϐολον,
2278 4667 2435 4720 τοῦτο
2469 4666 2617 4738 [H7]
2661 4664 2796 4718 εἶναι
2842 4665 3083 4718 διάϐολον
3129 4666 3372 4734 ἐποίησε.

1802 4753 1913 4804 Κᾶν
1938 4751 2033 4820 μὲν
2050 4753 2138 4803 τὸν
2167 4752 2388 4804 Ἡσαΐαν
2411 4751 2818 4820 παραγάγωμεν
2853 4749 3107 4818 μάρτυρα
3151 4747 3375 4814 λέγοντα

1802 4834 1940 4884 οὕτω
1966 4836 2090 4905 περὶ
2118 4835 2301 4886 αὑτοῦ·
2325 4837 2426 4898 Εἰς
2447 4835 2553 4885 τὸν
2578 4831 2834 4897 οὐρανὸν
2855 4830 3249 4897 ἀναϐήσομαι,
3279 4831 3375 4881 καί

1803 4915 2013 4984 ἔσομαι
2057 4916 2255 4980 ὅμοιος
2284 4915 2361 4980 τῷ
2395 4916 2649 4982 Ὑψίστῳ
2669 4931 2681 4943 ·
2709 4915 2758 4965 οί
2796 4914 2892 4974 τὰς
2925 4913 3248 4982 ἀλληγορίας
3279 4916 3376 4981 οὐχ

1802 4999 1972 5067 ἡδέως
2037 4999 2346 5068 δεχόμενοι,
2401 4998 2852 5067 παραγράψονται
2906 4997 3003 5067 τὴν
3074 4997 3380 5066 μαρτυρίαν

1804 5081 1987 5151 ἡμῶν·
2027 5081 2091 5133 ἂν
2124 5081 2179 5132 δέ
2225 5082 2315 5132 τὸν
2355 5080 2563 5133 Παῦλον
2605 5082 2986 5149 ἐπιστήσωμεν
3018 5079 3166 5146 αύτῷ
3208 5082 3377 5147 κατή-

1803 5180 1982 5232 γορον,
2023 5163 2194 5223 οὐδεὶς
2223 5164 2400 5215 οὐκέτι
2431 5163 2611 5216 λοιπὸν
2639 5164 2868 5231 ἀντερεῖ.
2903 5162 2967 5212 Τί
2999 5157 3089 5213 οὖν
3111 5164 3137 5212 6
3172 5161 3377 5223 Παῦλος

1805 5248 2051 5317 Τιμοθέῳ
2099 5249 2358 5317 γράφων;
2403 5249 2525 5300 Ὀτι
2566 5245 2656 5298 τὸν
2710 5248 2831 5315 ἄρτι
2878 5244 2972 5297 τοῦ
3025 5248 3379 5315 κηρύγματος

1806 5330 2081 5401 ἁψάμενον
2120 5334 2179 5384 οὺ
2211 5333 2286 5383 δεῖ
2323 5331 2456 5400 πρὸς
2491 5330 2550 5383 τὸ
2586 5329 2724 5400 μέγα
2757 5331 2856 5398 τῆς
2881 5329 3185 5398 ἐπισκοπῆς
3227 5330 3379 5397 ἄγειν

1872 5597 1894 5644 ς
1921 5584 2134 5641 Quatuor
2173 5598 2288 5632 mss.
2313 5585 2461 5644 ἀγών.

1876 5642 1896 5680 τ
1933 5640 2182 5706 ’Άπαγωγή
2235 5640 2630 5706 frequentissimo
2677 5657 2766 5691 usu
2808 5642 2934 5700 apud
2982 5640 3378 5706 Chirysostomum

1806 5713 1881 5751 ost
1903 5703 2209 5769 abductior'ud
2234 5703 2551 5769 summam";
2583 5705 2809 5752 Erasmus
2830 5705 3084 5769 ἀπαγωγήν
3113 5703 3377 5769 Ιιὶρ-νιξνιρ-

1809 5775 1872 5814 ra!
1897 5765 2299 5825 dvporhztionmn.’
2315 5765 2424 5827 (lum
2445 5782 2531 5814 vox
2557 5769 2769 5815 (hu-cam
2794 5779 2887 5813 non
2921 5767 3038 5811 satis
3062 5765 3309 5823 cx‘ptimil.

1867 5830 1890 5890 β
1923 5829 2026 5876 Duo
2055 5844 2165 5877 m~s.
2196 5831 2352 5890 μηδεὶς
2377 5831 2528 5875 ἰδέτω.

1867 5888 1891 5924 h
1919 5893 2133 5949 QUquor
2154 5884 2266 5939 nisi,
2301 5895 2325 5938 ὁ
2349 5892 2576 5938 κλέπτων.
2609 5888 2726 5938 Infra
2750 5889 2895 5938 iidem
2918 5887 2964 5934 αἱ
2989 5885 3162 5947 κρίσεις
3186 5884 3272 5932 οὐκ
3294 5888 3378 5937 εἷς.
