  <div class='ocr_page' id='page_1' title='image "/cluster/home/n/w/nwhite01/storage/ocr_20150623/56/pst.000005712557/121.png"; bbox 0 0 4130 6316; ppageno 0'>
   <div class='ocr_carea' id='block_1_1' title="bbox 757 378 873 434">
    <p class='ocr_par' dir='ltr' id='par_1_1' title="bbox 757 378 873 434">
     <span class='ocr_line' id='line_1_1' title="bbox 757 378 873 434; baseline 0.017 -2"><span class='ocrx_word' id='word_1_1' title='bbox 757 378 873 434; x_wconf 88' lang='grc'>117</span> 
     </span>
    </p>
   </div>
   <div class='ocr_carea' id='block_1_2' title="bbox 752 467 2328 545">
    <p class='ocr_par' dir='ltr' id='par_1_2' title="bbox 752 467 2328 545">
     <span class='ocr_line' id='line_1_2' title="bbox 752 467 2328 545; baseline -0.006 -16"><span class='ocrx_word' id='word_1_2' title='bbox 752 473 994 545; x_wconf 78' lang='grc' dir='ltr'>ἀξίωμα,</span> <span class='ocrx_word' id='word_1_3' title='bbox 1020 472 1189 528; x_wconf 84' lang='grc' dir='ltr'>εἰπὼν</span> <span class='ocrx_word' id='word_1_4' title='bbox 1213 471 1382 526; x_wconf 77' lang='grc' dir='ltr'>οὕτω·</span> <span class='ocrx_word' id='word_1_5' title='bbox 1414 471 1513 542; x_wconf 84' lang='grc' dir='ltr'>Μὴ</span> <span class='ocrx_word' id='word_1_6' title='bbox 1548 472 1862 539; x_wconf 70' lang='grc' dir='ltr'>νεόφυτον,</span> <span class='ocrx_word' id='word_1_7' title='bbox 1893 470 1995 523; x_wconf 78' lang='grc' dir='ltr'>ἵνα</span> <span class='ocrx_word' id='word_1_8' title='bbox 2017 467 2102 537; x_wconf 81' lang='grc' dir='ltr'>μὴ</span> <span class='ocrx_word' id='word_1_9' title='bbox 2137 483 2328 536; x_wconf 74' lang='grc' dir='ltr'>τυφω-</span> 
     </span>
    </p>
   </div>
   <div class='ocr_carea' id='block_1_3' title="bbox 756 549 2324 626">
    <p class='ocr_par' dir='ltr' id='par_1_3' title="bbox 756 549 2324 626">
     <span class='ocr_line' id='line_1_3' title="bbox 756 549 2324 626; baseline -0.007 -11"><span class='ocrx_word' id='word_1_10' title='bbox 756 558 899 625; x_wconf 72' lang='grc' dir='ltr'>θεὶς,</span> <span class='ocrx_word' id='word_1_11' title='bbox 930 560 1018 624; x_wconf 85' lang='grc' dir='ltr'>είς</span> <span class='ocrx_word' id='word_1_12' title='bbox 1045 557 1223 626; x_wconf 80' lang='grc' dir='ltr'>κρῖμα</span> <span class='ocrx_word' id='word_1_13' title='bbox 1245 557 1478 625; x_wconf 79' lang='grc' dir='ltr'>ἐμπέσῃ</span> <span class='ocrx_word' id='word_1_14' title='bbox 1506 556 1603 609; x_wconf 76' lang='grc' dir='ltr'>καὶ</span> <span class='ocrx_word' id='word_1_15' title='bbox 1639 553 1858 621; x_wconf 78' lang='grc' dir='ltr'>πατίδα</span> <span class='ocrx_word' id='word_1_16' title='bbox 1881 551 1986 607; x_wconf 78' lang='grc' dir='ltr'>τοῦ</span> <span class='ocrx_word' id='word_1_17' title='bbox 2014 549 2324 605; x_wconf 73' lang='grc' dir='ltr'>διαὸὅλου·</span> 
     </span>
    </p>
   </div>
   <div class='ocr_carea' id='block_1_4' title="bbox 753 630 2330 711">
    <p class='ocr_par' dir='ltr' id='par_1_4' title="bbox 753 630 2330 711">
     <span class='ocr_line' id='line_1_4' title="bbox 753 630 2330 711; baseline -0.005 -18"><span class='ocrx_word' id='word_1_18' title='bbox 753 639 846 695; x_wconf 88' lang='grc' dir='ltr'>ῐνα</span> <span class='ocrx_word' id='word_1_19' title='bbox 876 640 950 711; x_wconf 82' lang='grc' dir='ltr'>μὴ</span> <span class='ocrx_word' id='word_1_20' title='bbox 973 639 1042 692; x_wconf 88' lang='grc' dir='ltr'>τὰ</span> <span class='ocrx_word' id='word_1_21' title='bbox 1062 638 1202 692; x_wconf 86' lang='grc' dir='ltr'>αὺτά</span> <span class='ocrx_word' id='word_1_22' title='bbox 1215 638 1484 710; x_wconf 65' lang='grc' dir='ltr'>ἁμαρτὼν</span> <span class='ocrx_word' id='word_1_23' title='bbox 1510 636 1725 706; x_wconf 84' lang='grc' dir='ltr'>ἐκείνῳ,</span> <span class='ocrx_word' id='word_1_24' title='bbox 1747 635 1899 706; x_wconf 76' lang='grc' dir='ltr'>φησὶ,</span> <span class='ocrx_word' id='word_1_25' title='bbox 1925 635 1993 687; x_wconf 80' lang='grc' dir='ltr'>τά</span> <span class='ocrx_word' id='word_1_26' title='bbox 2020 633 2158 688; x_wconf 79' lang='grc' dir='ltr'>αὑτά</span> <span class='ocrx_word' id='word_1_27' title='bbox 2181 630 2330 702; x_wconf 84' lang='grc' dir='ltr'>αύτῷ</span> 
     </span>
    </p>
   </div>
   <div class='ocr_carea' id='block_1_5' title="bbox 757 722 1033 792">
    <p class='ocr_par' dir='ltr' id='par_1_5' title="bbox 757 722 1033 792">
     <span class='ocr_line' id='line_1_5' title="bbox 757 722 1033 792; baseline -0.004 -16"><span class='ocrx_word' id='word_1_28' title='bbox 757 722 1033 792; x_wconf 83' lang='grc' dir='ltr'>πείσηται.</span> 
     </span>
    </p>
   </div>
   <div class='ocr_carea' id='block_1_6' title="bbox 828 861 2334 936">
    <p class='ocr_par' dir='ltr' id='par_1_6' title="bbox 828 861 2334 936">
     <span class='ocr_line' id='line_1_6' title="bbox 828 861 2334 936; baseline -0.005 -14"><span class='ocrx_word' id='word_1_29' title='bbox 828 867 890 924; x_wconf 86' lang='grc' dir='ltr'>δ’.</span> <span class='ocrx_word' id='word_1_30' title='bbox 905 869 1014 922; x_wconf 75' lang='grc' dir='ltr'>Καὶ</span> <span class='ocrx_word' id='word_1_31' title='bbox 1027 867 1127 922; x_wconf 86' lang='grc' dir='ltr'>οὒκ</span> <span class='ocrx_word' id='word_1_32' title='bbox 1147 867 1396 922; x_wconf 89' lang='grc' dir='ltr'>ἐντεῦθεν</span> <span class='ocrx_word' id='word_1_33' title='bbox 1418 868 1473 920; x_wconf 79' lang='grc' dir='ltr'>δὲ</span> <span class='ocrx_word' id='word_1_34' title='bbox 1490 868 1646 936; x_wconf 88' lang='grc' dir='ltr'>μόνον</span> <span class='ocrx_word' id='word_1_35' title='bbox 1667 865 2001 936; x_wconf 81' lang='grc' dir='ltr'>δῆλόνέστιν,</span> <span class='ocrx_word' id='word_1_36' title='bbox 2019 863 2152 916; x_wconf 88' lang='grc' dir='ltr'>ἀλλά</span> <span class='ocrx_word' id='word_1_37' title='bbox 2171 861 2334 926; x_wconf 69' lang='grc' dir='ltr'>καὶέξ</span> 
     </span>
    </p>
   </div>
   <div class='ocr_carea' id='block_1_7' title="bbox 756 943 2334 1021">
    <p class='ocr_par' dir='ltr' id='par_1_7' title="bbox 756 943 2334 1021">
     <span class='ocr_line' id='line_1_7' title="bbox 756 943 2334 1021; baseline -0.004 -17"><span class='ocrx_word' id='word_1_38' title='bbox 756 943 834 1005; x_wconf 77' lang='grc' dir='ltr'>ὧν</span> <span class='ocrx_word' id='word_1_39' title='bbox 857 951 936 1020; x_wconf 82' lang='grc' dir='ltr'>τῷ</span> <span class='ocrx_word' id='word_1_40' title='bbox 968 950 1169 1021; x_wconf 86' lang='grc' dir='ltr'>πρώτῳ</span> <span class='ocrx_word' id='word_1_41' title='bbox 1195 951 1412 1003; x_wconf 88' lang='grc' dir='ltr'>πάντων</span> <span class='ocrx_word' id='word_1_42' title='bbox 1435 949 1532 1002; x_wconf 87' lang='grc' dir='ltr'>ἀνθ</span> <span class='ocrx_word' id='word_1_43' title='bbox 1543 949 1737 1018; x_wconf 84' lang='grc' dir='ltr'>ρώπων</span> <span class='ocrx_word' id='word_1_44' title='bbox 1757 947 2032 1017; x_wconf 84' lang='grc' dir='ltr'>γενομένῳ</span> <span class='ocrx_word' id='word_1_45' title='bbox 2081 945 2334 999; x_wconf 80' lang='grc' dir='ltr'>συνεϐού-</span> 
     </span>
    </p>
   </div>
   <div class='ocr_carea' id='block_1_8' title="bbox 757 1029 2334 1102">
    <p class='ocr_par' dir='ltr' id='par_1_8' title="bbox 757 1029 2334 1102">
     <span class='ocr_line' id='line_1_8' title="bbox 757 1029 2334 1102; baseline -0.004 -17"><span class='ocrx_word' id='word_1_46' title='bbox 757 1032 948 1085; x_wconf 87' lang='grc' dir='ltr'>λευσεν</span> <span class='ocrx_word' id='word_1_47' title='bbox 991 1035 1019 1084; x_wconf 99' lang='lat'>6</span> <span class='ocrx_word' id='word_1_48' title='bbox 1051 1031 1282 1102; x_wconf 83' lang='grc' dir='ltr'>πονηρὸς</span> <span class='ocrx_word' id='word_1_49' title='bbox 1327 1030 1532 1100; x_wconf 88' lang='grc' dir='ltr'>δαίμων</span> <span class='ocrx_word' id='word_1_50' title='bbox 1571 1033 1793 1093; x_wconf 81' lang='grc' dir='ltr'>ἐκεῖνος.</span> <span class='ocrx_word' id='word_1_51' title='bbox 1833 1030 2040 1099; x_wconf 81' lang='grc' dir='ltr'>Ὠσπερ</span> <span class='ocrx_word' id='word_1_52' title='bbox 2079 1029 2186 1098; x_wconf 81' lang='grc' dir='ltr'>γὰρ</span> <span class='ocrx_word' id='word_1_53' title='bbox 2222 1029 2334 1089; x_wconf 86' lang='grc' dir='ltr'>τοῖς</span> 
     </span>
    </p>
   </div>
   <div class='ocr_carea' id='block_1_9' title="bbox 753 1102 2335 1182">
    <p class='ocr_par' dir='ltr' id='par_1_9' title="bbox 753 1102 2335 1182">
     <span class='ocr_line' id='line_1_9' title="bbox 753 1102 2335 1182; baseline -0.004 -16"><span class='ocrx_word' id='word_1_54' title='bbox 753 1113 980 1179; x_wconf 74' lang='grc' dir='ltr'>ἀγαθοῖς</span> <span class='ocrx_word' id='word_1_55' title='bbox 1009 1113 1148 1176; x_wconf 83' lang='grc' dir='ltr'>ἐθος,</span> <span class='ocrx_word' id='word_1_56' title='bbox 1181 1113 1353 1166; x_wconf 86' lang='grc' dir='ltr'>ταῦτα</span> <span class='ocrx_word' id='word_1_57' title='bbox 1389 1115 1500 1175; x_wconf 83' lang='grc' dir='ltr'>τοῖς</span> <span class='ocrx_word' id='word_1_58' title='bbox 1531 1120 1556 1148; x_wconf 74' lang='grc'>⁸</span> <span class='ocrx_word' id='word_1_59' title='bbox 1581 1113 1807 1182; x_wconf 84' lang='grc' dir='ltr'>πλησίον</span> <span class='ocrx_word' id='word_1_60' title='bbox 1837 1113 2136 1182; x_wconf 78' lang='grc' dir='ltr'>παραινεῖν,</span> <span class='ocrx_word' id='word_1_61' title='bbox 2166 1110 2232 1162; x_wconf 83' lang='grc' dir='ltr'>δι’</span> <span class='ocrx_word' id='word_1_62' title='bbox 2261 1102 2335 1162; x_wconf 83' lang='grc' dir='ltr'>ὧν</span> 
     </span>
    </p>
   </div>
   <div class='ocr_carea' id='block_1_10' title="bbox 759 1192 2335 1264">
    <p class='ocr_par' dir='ltr' id='par_1_10' title="bbox 759 1192 2335 1264">
     <span class='ocr_line' id='line_1_10' title="bbox 759 1192 2335 1264; baseline -0.002 -17"><span class='ocrx_word' id='word_1_63' title='bbox 759 1195 915 1248; x_wconf 76' lang='grc' dir='ltr'>αὐτοὶ</span> <span class='ocrx_word' id='word_1_64' title='bbox 933 1195 1218 1262; x_wconf 84' lang='grc' dir='ltr'>γεγόνασιν</span> <span class='ocrx_word' id='word_1_65' title='bbox 1249 1195 1461 1264; x_wconf 84' lang='grc' dir='ltr'>ἀγαθοί·</span> <span class='ocrx_word' id='word_1_66' title='bbox 1495 1195 1636 1248; x_wconf 75' lang='grc' dir='ltr'>οὕτω</span> <span class='ocrx_word' id='word_1_67' title='bbox 1668 1196 1762 1248; x_wconf 76' lang='grc' dir='ltr'>καὶ</span> <span class='ocrx_word' id='word_1_68' title='bbox 1793 1196 1905 1255; x_wconf 84' lang='grc' dir='ltr'>τοῖς</span> <span class='ocrx_word' id='word_1_69' title='bbox 1930 1196 2182 1264; x_wconf 83' lang='grc' dir='ltr'>πονηροῖς</span> <span class='ocrx_word' id='word_1_70' title='bbox 2218 1192 2335 1255; x_wconf 76' lang='grc' dir='ltr'>ἔθος</span> 
     </span>
    </p>
   </div>
   <div class='ocr_carea' id='block_1_11' title="bbox 758 1269 2335 1346">
    <p class='ocr_par' dir='ltr' id='par_1_11' title="bbox 758 1269 2335 1346">
     <span class='ocr_line' id='line_1_11' title="bbox 758 1269 2335 1346; baseline -0.003 -18"><span class='ocrx_word' id='word_1_71' title='bbox 758 1277 982 1329; x_wconf 86' lang='grc' dir='ltr'>τοιαῦτα</span> <span class='ocrx_word' id='word_1_72' title='bbox 1007 1277 1344 1346; x_wconf 86' lang='grc' dir='ltr'>εἰσηγεῖσθαι</span> <span class='ocrx_word' id='word_1_73' title='bbox 1369 1280 1480 1338; x_wconf 91' lang='grc' dir='ltr'>τοῖς</span> <span class='ocrx_word' id='word_1_74' title='bbox 1512 1275 1760 1345; x_wconf 83' lang='grc' dir='ltr'>πλησίον,</span> <span class='ocrx_word' id='word_1_75' title='bbox 1784 1276 1850 1327; x_wconf 86' lang='grc' dir='ltr'>δι’</span> <span class='ocrx_word' id='word_1_76' title='bbox 1885 1269 1959 1328; x_wconf 80' lang='grc' dir='ltr'>ὧν</span> <span class='ocrx_word' id='word_1_77' title='bbox 1994 1275 2147 1328; x_wconf 60' lang='lat'><em>66101</em></span> <span class='ocrx_word' id='word_1_78' title='bbox 2177 1275 2335 1342; x_wconf 88' lang='grc' dir='ltr'>γεγό-</span> 
     </span>
    </p>
   </div>
   <div class='ocr_carea' id='block_1_12' title="bbox 753 1353 2337 1429">
    <p class='ocr_par' dir='ltr' id='par_1_12' title="bbox 753 1353 2337 1429">
     <span class='ocr_line' id='line_1_12' title="bbox 753 1353 2337 1429; baseline -0.001 -20"><span class='ocrx_word' id='word_1_79' title='bbox 753 1373 882 1411; x_wconf 85' lang='grc' dir='ltr'>νασι</span> <span class='ocrx_word' id='word_1_80' title='bbox 913 1357 1124 1424; x_wconf 87' lang='grc' dir='ltr'>φαῦλοι.</span> <span class='ocrx_word' id='word_1_81' title='bbox 1166 1358 1262 1409; x_wconf 84' lang='grc' dir='ltr'>Ἐν</span> <span class='ocrx_word' id='word_1_82' title='bbox 1294 1356 1401 1429; x_wconf 89' lang='grc' dir='ltr'>γάρ</span> <span class='ocrx_word' id='word_1_83' title='bbox 1434 1358 1528 1411; x_wconf 72' lang='grc' dir='ltr'>καὶ</span> <span class='ocrx_word' id='word_1_84' title='bbox 1567 1358 1724 1411; x_wconf 88' lang='grc' dir='ltr'>τοῦτο</span> <span class='ocrx_word' id='word_1_85' title='bbox 1767 1360 1867 1428; x_wconf 86' lang='grc' dir='ltr'>τῆς</span> <span class='ocrx_word' id='word_1_86' title='bbox 1895 1357 2159 1428; x_wconf 76' lang='grc' dir='ltr'>πονηρίας</span> <span class='ocrx_word' id='word_1_87' title='bbox 2199 1353 2337 1418; x_wconf 81' lang='grc' dir='ltr'>είδός</span> 
     </span>
    </p>
   </div>
   <div class='ocr_carea' id='block_1_13' title="bbox 760 1438 2337 1508">
    <p class='ocr_par' dir='ltr' id='par_1_13' title="bbox 760 1438 2337 1508">
     <span class='ocr_line' id='line_1_13' title="bbox 760 1438 2337 1508; baseline 0 -18"><span class='ocrx_word' id='word_1_88' title='bbox 760 1438 898 1500; x_wconf 88' lang='grc' dir='ltr'>ἐστι,</span> <span class='ocrx_word' id='word_1_89' title='bbox 924 1440 1019 1491; x_wconf 77' lang='grc' dir='ltr'>καὶ</span> <span class='ocrx_word' id='word_1_90' title='bbox 1051 1439 1399 1508; x_wconf 72' lang='grc' dir='ltr'>παραμυθίαν</span> <span class='ocrx_word' id='word_1_91' title='bbox 1426 1439 1682 1508; x_wconf 85' lang='grc' dir='ltr'>ήγοῦνται</span> <span class='ocrx_word' id='word_1_92' title='bbox 1707 1442 1806 1507; x_wconf 82' lang='grc' dir='ltr'>τῆς</span> <span class='ocrx_word' id='word_1_93' title='bbox 1838 1440 2040 1502; x_wconf 72' lang='grc' dir='ltr'>οἰκείας</span> <span class='ocrx_word' id='word_1_94' title='bbox 2066 1439 2337 1500; x_wconf 85' lang='grc' dir='ltr'>κολάσεως</span> 
     </span>
    </p>
   </div>
   <div class='ocr_carea' id='block_1_14' title="bbox 757 1518 2336 1591">
    <p class='ocr_par' dir='ltr' id='par_1_14' title="bbox 757 1518 2336 1591">
     <span class='ocr_line' id='line_1_14' title="bbox 757 1518 2336 1591; baseline 0 -19"><span class='ocrx_word' id='word_1_95' title='bbox 757 1521 860 1591; x_wconf 81' lang='grc' dir='ltr'>τὴν</span> <span class='ocrx_word' id='word_1_96' title='bbox 887 1522 1087 1591; x_wconf 71' lang='grc' dir='ltr'>ἐτέρων</span> <span class='ocrx_word' id='word_1_97' title='bbox 1114 1520 1405 1576; x_wconf 84' lang='grc' dir='ltr'>ἀπώλειαν.</span> <span class='ocrx_word' id='word_1_98' title='bbox 1433 1523 1497 1574; x_wconf 93' lang='grc' dir='ltr'>Τί</span> <span class='ocrx_word' id='word_1_99' title='bbox 1517 1518 1611 1576; x_wconf 78' lang='grc' dir='ltr'>οῦν</span> <span class='ocrx_word' id='word_1_100' title='bbox 1641 1523 1669 1574; x_wconf 82' lang='lat'>6</span> <span class='ocrx_word' id='word_1_101' title='bbox 1689 1521 1930 1585; x_wconf 83' lang='grc' dir='ltr'>διάϐολος</span> <span class='ocrx_word' id='word_1_102' title='bbox 1956 1521 2336 1575; x_wconf 86' lang='grc' dir='ltr'>συνεϐούλευσε</span> 
     </span>
    </p>
   </div>
   <div class='ocr_carea' id='block_1_15' title="bbox 759 1602 2338 1674">
    <p class='ocr_par' dir='ltr' id='par_1_15' title="bbox 759 1602 2338 1674">
     <span class='ocr_line' id='line_1_15' title="bbox 759 1602 2338 1674; baseline 0.001 -19"><span class='ocrx_word' id='word_1_103' title='bbox 759 1602 841 1672; x_wconf 84' lang='grc' dir='ltr'>τῷ</span> <span class='ocrx_word' id='word_1_104' title='bbox 878 1603 1075 1673; x_wconf 77' lang='grc' dir='ltr'>’Δδάμς</span> <span class='ocrx_word' id='word_1_105' title='bbox 1105 1604 1340 1668; x_wconf 77' lang='grc' dir='ltr'>Μείζονα</span> <span class='ocrx_word' id='word_1_106' title='bbox 1382 1605 1483 1674; x_wconf 83' lang='grc' dir='ltr'>τῆς</span> <span class='ocrx_word' id='word_1_107' title='bbox 1524 1605 1730 1667; x_wconf 84' lang='grc' dir='ltr'>οἰκείας</span> <span class='ocrx_word' id='word_1_108' title='bbox 1775 1605 1987 1673; x_wconf 86' lang='grc' dir='ltr'>φύσεως</span> <span class='ocrx_word' id='word_1_109' title='bbox 2031 1605 2214 1660; x_wconf 84' lang='grc' dir='ltr'>λαϐεῖν</span> <span class='ocrx_word' id='word_1_110' title='bbox 2253 1603 2338 1656; x_wconf 88' lang='grc' dir='ltr'>ἐν-</span> 
     </span>
    </p>
   </div>
   <div class='ocr_carea' id='block_1_16' title="bbox 761 1685 2338 1758">
    <p class='ocr_par' dir='ltr' id='par_1_16' title="bbox 761 1685 2338 1758">
     <span class='ocr_line' id='line_1_16' title="bbox 761 1685 2338 1758; baseline 0.002 -21"><span class='ocrx_word' id='word_1_111' title='bbox 761 1701 930 1748; x_wconf 90' lang='grc' dir='ltr'>νοιαν,</span> <span class='ocrx_word' id='word_1_112' title='bbox 960 1687 1054 1738; x_wconf 75' lang='grc' dir='ltr'>καὶ</span> <span class='ocrx_word' id='word_1_113' title='bbox 1088 1685 1322 1740; x_wconf 77' lang='grc' dir='ltr'>ίσοθεῖαν</span> <span class='ocrx_word' id='word_1_114' title='bbox 1351 1685 1567 1740; x_wconf 76' lang='grc' dir='ltr'>ἐλπίσαι</span> <span class='ocrx_word' id='word_1_115' title='bbox 1587 1687 1638 1742; x_wconf 74' lang='grc' dir='ltr'>ι).</span> <span class='ocrx_word' id='word_1_116' title='bbox 1671 1687 1733 1740; x_wconf 88' lang='grc' dir='ltr'>Εἰ</span> <span class='ocrx_word' id='word_1_117' title='bbox 1765 1687 1871 1757; x_wconf 76' lang='grc' dir='ltr'>γὰρ</span> <span class='ocrx_word' id='word_1_118' title='bbox 1904 1688 2003 1758; x_wconf 78' lang='grc' dir='ltr'>ἐμὲ</span> <span class='ocrx_word' id='word_1_119' title='bbox 2035 1686 2126 1740; x_wconf 88' lang='grc' dir='ltr'>τοῦ</span> <span class='ocrx_word' id='word_1_120' title='bbox 2169 1687 2338 1756; x_wconf 80' lang='grc' dir='ltr'>ούρα-</span> 
     </span>
    </p>
   </div>
   <div class='ocr_carea' id='block_1_17' title="bbox 756 1766 2337 1840">
    <p class='ocr_par' dir='ltr' id='par_1_17' title="bbox 756 1766 2337 1840">
     <span class='ocr_line' id='line_1_17' title="bbox 756 1766 2337 1840; baseline 0.001 -22"><span class='ocrx_word' id='word_1_121' title='bbox 756 1767 856 1819; x_wconf 87' lang='grc' dir='ltr'>νοῦ</span> <span class='ocrx_word' id='word_1_122' title='bbox 878 1767 1056 1828; x_wconf 88' lang='grc' dir='ltr'>τοῦτο,</span> <span class='ocrx_word' id='word_1_123' title='bbox 1091 1768 1276 1836; x_wconf 71' lang='grc' dir='ltr'>φησιν,</span> <span class='ocrx_word' id='word_1_124' title='bbox 1311 1768 1554 1833; x_wconf 81' lang='grc' dir='ltr'>ἐξέϐαλε,</span> <span class='ocrx_word' id='word_1_125' title='bbox 1583 1769 1762 1840; x_wconf 73' lang='grc' dir='ltr'>πολλῷ</span> <span class='ocrx_word' id='word_1_126' title='bbox 1801 1769 1997 1839; x_wconf 73' lang='grc' dir='ltr'>μᾶὶλον</span> <span class='ocrx_word' id='word_1_127' title='bbox 2027 1768 2213 1822; x_wconf 84' lang='grc' dir='ltr'>τοῦτον</span> <span class='ocrx_word' id='word_1_128' title='bbox 2243 1766 2337 1820; x_wconf 91' lang='grc' dir='ltr'>τοῦ</span> 
     </span>
    </p>
   </div>
   <div class='ocr_carea' id='block_1_18' title="bbox 761 1849 2340 1918">
    <p class='ocr_par' dir='ltr' id='par_1_18' title="bbox 761 1849 2340 1918">
     <span class='ocr_line' id='line_1_18' title="bbox 761 1849 2340 1918; baseline 0.004 -19"><span class='ocrx_word' id='word_1_129' title='bbox 761 1849 1093 1918; x_wconf 83' lang='grc' dir='ltr'>παραδείσου</span> <span class='ocrx_word' id='word_1_130' title='bbox 1139 1849 1200 1902; x_wconf 86' lang='lat'>16</span> <span class='ocrx_word' id='word_1_131' title='bbox 1239 1851 1368 1903; x_wconf 81' lang='grc' dir='ltr'>αὐτὸ</span> <span class='ocrx_word' id='word_1_132' title='bbox 1409 1851 1565 1904; x_wconf 88' lang='grc' dir='ltr'>τοῦτο</span> <span class='ocrx_word' id='word_1_133' title='bbox 1600 1852 1835 1905; x_wconf 84' lang='grc' dir='ltr'>ἐκϐαλεῖ.</span> <span class='ocrx_word' id='word_1_134' title='bbox 1871 1853 1968 1906; x_wconf 87' lang='grc' dir='ltr'>Διά</span> <span class='ocrx_word' id='word_1_135' title='bbox 1996 1851 2153 1906; x_wconf 89' lang='grc' dir='ltr'>τοῦτο</span> <span class='ocrx_word' id='word_1_136' title='bbox 2185 1852 2279 1906; x_wconf 79' lang='grc' dir='ltr'>καὶ</span> <span class='ocrx_word' id='word_1_137' title='bbox 2310 1853 2340 1905; x_wconf 92' lang='lat'>6</span> 
     </span>
    </p>
   </div>
   <div class='ocr_carea' id='block_1_19' title="bbox 763 1931 2340 2003">
    <p class='ocr_par' dir='ltr' id='par_1_19' title="bbox 763 1931 2340 2003">
     <span class='ocr_line' id='line_1_19' title="bbox 763 1931 2340 2003; baseline 0.003 -20"><span class='ocrx_word' id='word_1_138' title='bbox 763 1931 1016 2001; x_wconf 83' lang='grc' dir='ltr'>Σολομῶν</span> <span class='ocrx_word' id='word_1_139' title='bbox 1055 1931 1280 1999; x_wconf 76' lang='grc' dir='ltr'>ἐλεγενο</span> <span class='ocrx_word' id='word_1_140' title='bbox 1299 1949 1312 1963; x_wconf 93' lang='grc'>·</span> <span class='ocrx_word' id='word_1_141' title='bbox 1362 1934 1422 1984; x_wconf 90' lang='lat'>&#39;0</span> <span class='ocrx_word' id='word_1_142' title='bbox 1464 1933 1608 1997; x_wconf 80' lang='grc' dir='ltr'>Θεὸς</span> <span class='ocrx_word' id='word_1_143' title='bbox 1639 1936 2042 2003; x_wconf 73' lang='grc' dir='ltr'>ὑπερηφάνοις</span> <span class='ocrx_word' id='word_1_144' title='bbox 2072 1934 2340 1990; x_wconf 78' lang='grc' dir='ltr'>ἀντιτάσ-</span> 
     </span>
    </p>
   </div>
   <div class='ocr_carea' id='block_1_20' title="bbox 762 2011 2337 2087">
    <p class='ocr_par' dir='ltr' id='par_1_20' title="bbox 762 2011 2337 2087">
     <span class='ocr_line' id='line_1_20' title="bbox 762 2011 2337 2087; baseline 0 -19"><span class='ocrx_word' id='word_1_145' title='bbox 762 2028 952 2068; x_wconf 82' lang='grc' dir='ltr'>σεται.</span> <span class='ocrx_word' id='word_1_146' title='bbox 984 2015 1099 2068; x_wconf 85' lang='grc' dir='ltr'>Οὑκ</span> <span class='ocrx_word' id='word_1_147' title='bbox 1136 2011 1312 2075; x_wconf 77' lang='grc' dir='ltr'>εἶπεν,</span> <span class='ocrx_word' id='word_1_148' title='bbox 1350 2015 1431 2067; x_wconf 86' lang='grc' dir='ltr'>ὅτι</span> <span class='ocrx_word' id='word_1_149' title='bbox 1471 2015 1500 2066; x_wconf 94' lang='lat'>6</span> <span class='ocrx_word' id='word_1_150' title='bbox 1539 2015 1669 2078; x_wconf 78' lang='grc' dir='ltr'>Θεὸς</span> <span class='ocrx_word' id='word_1_151' title='bbox 1703 2016 2082 2087; x_wconf 80' lang='grc' dir='ltr'>ὑπερηφάνους</span> <span class='ocrx_word' id='word_1_152' title='bbox 2123 2015 2337 2087; x_wconf 84' lang='grc' dir='ltr'>ἀφίησι,</span> 
     </span>
    </p>
   </div>
   <div class='ocr_carea' id='block_1_21' title="bbox 762 2097 2338 2169">
    <p class='ocr_par' dir='ltr' id='par_1_21' title="bbox 762 2097 2338 2169">
     <span class='ocr_line' id='line_1_21' title="bbox 762 2097 2338 2169; baseline 0.001 -18"><span class='ocrx_word' id='word_1_153' title='bbox 762 2097 858 2151; x_wconf 78' lang='grc' dir='ltr'>καὶ</span> <span class='ocrx_word' id='word_1_154' title='bbox 881 2097 1368 2167; x_wconf 81' lang='grc' dir='ltr'>ἐγκαταλιμπάνει,</span> <span class='ocrx_word' id='word_1_155' title='bbox 1391 2099 1487 2151; x_wconf 80' lang='grc' dir='ltr'>καὶ</span> <span class='ocrx_word' id='word_1_156' title='bbox 1512 2101 1612 2168; x_wconf 85' lang='grc' dir='ltr'>τῆς</span> <span class='ocrx_word' id='word_1_157' title='bbox 1634 2099 1839 2162; x_wconf 81' lang='grc' dir='ltr'>οἰκείας</span> <span class='ocrx_word' id='word_1_158' title='bbox 1859 2099 2106 2169; x_wconf 85' lang='grc' dir='ltr'>βοηθείας</span> <span class='ocrx_word' id='word_1_159' title='bbox 2123 2102 2338 2169; x_wconf 79' lang='grc' dir='ltr'>γυμνοῖ,</span> 
     </span>
    </p>
   </div>
   <div class='ocr_carea' id='block_1_22' title="bbox 762 2178 2341 2252">
    <p class='ocr_par' dir='ltr' id='par_1_22' title="bbox 762 2178 2341 2252">
     <span class='ocr_line' id='line_1_22' title="bbox 762 2178 2341 2252; baseline 0 -20"><span class='ocrx_word' id='word_1_160' title='bbox 762 2178 900 2241; x_wconf 84' lang='grc' dir='ltr'>ἀλλ’,</span> <span class='ocrx_word' id='word_1_161' title='bbox 935 2179 1357 2241; x_wconf 85' lang='grc' dir='ltr'>Ἀντιτάσσεται,</span> <span class='ocrx_word' id='word_1_162' title='bbox 1382 2181 1562 2248; x_wconf 85' lang='grc' dir='ltr'>φησίν·</span> <span class='ocrx_word' id='word_1_163' title='bbox 1591 2181 1688 2250; x_wconf 83' lang='grc' dir='ltr'>οὐχ</span> <span class='ocrx_word' id='word_1_164' title='bbox 1705 2181 1786 2234; x_wconf 83' lang='grc' dir='ltr'>ὅτι</span> <span class='ocrx_word' id='word_1_165' title='bbox 1813 2180 2167 2250; x_wconf 82' lang='grc' dir='ltr'>παρατάξεως</span> <span class='ocrx_word' id='word_1_166' title='bbox 2193 2181 2341 2252; x_wconf 86' lang='grc' dir='ltr'>αὑτῷ</span> 
     </span>
    </p>
   </div>
   <div class='ocr_carea' id='block_1_23' title="bbox 763 2261 2340 2335">
    <p class='ocr_par' dir='ltr' id='par_1_23' title="bbox 763 2261 2340 2335">
     <span class='ocr_line' id='line_1_23' title="bbox 763 2261 2340 2335; baseline 0.001 -21"><span class='ocrx_word' id='word_1_167' title='bbox 763 2261 859 2314; x_wconf 76' lang='grc' dir='ltr'>καὶ</span> <span class='ocrx_word' id='word_1_168' title='bbox 886 2261 1066 2331; x_wconf 86' lang='grc' dir='ltr'>μάχης</span> <span class='ocrx_word' id='word_1_169' title='bbox 1094 2261 1198 2314; x_wconf 73' lang='grc' dir='ltr'>ἔδει</span> <span class='ocrx_word' id='word_1_170' title='bbox 1231 2262 1365 2335; x_wconf 86' lang='grc' dir='ltr'>πρὸς</span> <span class='ocrx_word' id='word_1_171' title='bbox 1401 2263 1490 2315; x_wconf 78' lang='grc' dir='ltr'>τὸν</span> <span class='ocrx_word' id='word_1_172' title='bbox 1521 2264 1887 2334; x_wconf 82' lang='grc' dir='ltr'>ὑπερήφανον·</span> <span class='ocrx_word' id='word_1_173' title='bbox 1915 2264 1966 2316; x_wconf 87' lang='grc' dir='ltr'>τί</span> <span class='ocrx_word' id='word_1_174' title='bbox 1999 2264 2108 2334; x_wconf 86' lang='grc' dir='ltr'>γὰρ</span> <span class='ocrx_word' id='word_1_175' title='bbox 2136 2264 2340 2334; x_wconf 85' lang='grc' dir='ltr'>ὑπερη-</span> 
     </span>
    </p>
   </div>
   <div class='ocr_carea' id='block_1_24' title="bbox 762 2344 2340 2417">
    <p class='ocr_par' dir='ltr' id='par_1_24' title="bbox 762 2344 2340 2417">
     <span class='ocr_line' id='line_1_24' title="bbox 762 2344 2340 2417; baseline 0.003 -21"><span class='ocrx_word' id='word_1_176' title='bbox 762 2345 932 2412; x_wconf 87' lang='grc' dir='ltr'>φάνου</span> <span class='ocrx_word' id='word_1_177' title='bbox 975 2345 1172 2411; x_wconf 73' lang='grc' dir='ltr'>γένοιτ’</span> <span class='ocrx_word' id='word_1_178' title='bbox 1210 2344 1276 2397; x_wconf 77' lang='grc' dir='ltr'>ἂν</span> <span class='ocrx_word' id='word_1_179' title='bbox 1321 2346 1734 2414; x_wconf 77' lang='grc' dir='ltr'>ἀσθενέστερονς</span> <span class='ocrx_word' id='word_1_180' title='bbox 1788 2348 1996 2413; x_wconf 81' lang='grc' dir='ltr'>’Ὠσπερ</span> <span class='ocrx_word' id='word_1_181' title='bbox 2036 2346 2144 2417; x_wconf 84' lang='grc' dir='ltr'>γὰρ</span> <span class='ocrx_word' id='word_1_182' title='bbox 2180 2348 2209 2400; x_wconf 87' lang='lat'>6</span> <span class='ocrx_word' id='word_1_183' title='bbox 2243 2347 2340 2410; x_wconf 83' lang='lat'>16;</span> 
     </span>
    </p>
   </div>
   <div class='ocr_carea' id='block_1_25' title="bbox 760 2424 2341 2499">
    <p class='ocr_par' dir='ltr' id='par_1_25' title="bbox 760 2424 2341 2499">
     <span class='ocr_line' id='line_1_25' title="bbox 760 2424 2341 2499; baseline 0.003 -23"><span class='ocrx_word' id='word_1_184' title='bbox 760 2424 912 2493; x_wconf 80' lang='grc' dir='ltr'>ϐψεις</span> <span class='ocrx_word' id='word_1_185' title='bbox 937 2426 1228 2489; x_wconf 80' lang='grc' dir='ltr'>ἀπολέσας,</span> <span class='ocrx_word' id='word_1_186' title='bbox 1261 2428 1430 2480; x_wconf 82' lang='grc' dir='ltr'>ἀπασι</span> <span class='ocrx_word' id='word_1_187' title='bbox 1467 2428 1747 2497; x_wconf 81' lang='grc' dir='ltr'>πρόκειται</span> <span class='ocrx_word' id='word_1_188' title='bbox 1776 2429 1912 2499; x_wconf 83' lang='grc' dir='ltr'>πρὸς</span> <span class='ocrx_word' id='word_1_189' title='bbox 1940 2427 2000 2480; x_wconf 83' lang='grc' dir='ltr'>τὸ</span> <span class='ocrx_word' id='word_1_190' title='bbox 2025 2428 2209 2490; x_wconf 89' lang='grc' dir='ltr'>κακῶς</span> <span class='ocrx_word' id='word_1_191' title='bbox 2239 2445 2341 2481; x_wconf 90' lang='grc' dir='ltr'>πα-</span> 
     </span>
    </p>
   </div>
   <div class='ocr_carea' id='block_1_26' title="bbox 762 2507 2340 2579">
    <p class='ocr_par' dir='ltr' id='par_1_26' title="bbox 762 2507 2340 2579">
     <span class='ocr_line' id='line_1_26' title="bbox 762 2507 2340 2579; baseline 0.001 -19"><span class='ocrx_word' id='word_1_192' title='bbox 762 2507 895 2569; x_wconf 90' lang='grc' dir='ltr'>θεῖν,</span> <span class='ocrx_word' id='word_1_193' title='bbox 953 2507 1125 2570; x_wconf 79' lang='grc' dir='ltr'>οὕτως</span> <span class='ocrx_word' id='word_1_194' title='bbox 1178 2510 1206 2560; x_wconf 91' lang='lat'>6</span> <span class='ocrx_word' id='word_1_195' title='bbox 1247 2509 1608 2578; x_wconf 85' lang='grc' dir='ltr'>ὑπερήφανος,</span> <span class='ocrx_word' id='word_1_196' title='bbox 1648 2511 1677 2560; x_wconf 92' lang='lat'>6</span> <span class='ocrx_word' id='word_1_197' title='bbox 1724 2508 1799 2579; x_wconf 83' lang='grc' dir='ltr'>μὴ</span> <span class='ocrx_word' id='word_1_198' title='bbox 1825 2508 1981 2571; x_wconf 86' lang='grc' dir='ltr'>εἰδὼς</span> <span class='ocrx_word' id='word_1_199' title='bbox 2015 2509 2106 2561; x_wconf 79' lang='grc' dir='ltr'>τὸν</span> <span class='ocrx_word' id='word_1_200' title='bbox 2137 2509 2340 2578; x_wconf 85' lang='grc' dir='ltr'>Κύριον</span> 
     </span>
    </p>
   </div>
   <div class='ocr_carea' id='block_1_27' title="bbox 763 2589 2341 2662">
    <p class='ocr_par' dir='ltr' id='par_1_27' title="bbox 763 2589 2341 2662">
     <span class='ocr_line' id='line_1_27' title="bbox 763 2589 2341 2662; baseline -0.003 -16"><span class='ocrx_word' id='word_1_201' title='bbox 763 2591 972 2662; x_wconf 83' lang='grc' dir='ltr'>(Ἀρχὴ</span> <span class='ocrx_word' id='word_1_202' title='bbox 1016 2591 1144 2660; x_wconf 83' lang='grc' dir='ltr'>γὰρ,</span> <span class='ocrx_word' id='word_1_203' title='bbox 1193 2591 1376 2660; x_wconf 76' lang='grc' dir='ltr'>φησὶν,</span> <span class='ocrx_word' id='word_1_204' title='bbox 1423 2592 1852 2658; x_wconf 75' lang='grc' dir='ltr'>ὑπερηφανίας.</span> <span class='ocrx_word' id='word_1_205' title='bbox 1897 2590 1964 2644; x_wconf 84' lang='grc' dir='ltr'>τὸ</span> <span class='ocrx_word' id='word_1_206' title='bbox 2002 2589 2089 2658; x_wconf 78' lang='grc' dir='ltr'>μὴ</span> <span class='ocrx_word' id='word_1_207' title='bbox 2122 2590 2341 2642; x_wconf 81' lang='grc' dir='ltr'>εἰδέναι</span> 
     </span>
    </p>
   </div>
   <div class='ocr_carea' id='block_1_28' title="bbox 759 2671 2339 2747">
    <p class='ocr_par' dir='ltr' id='par_1_28' title="bbox 759 2671 2339 2747">
     <span class='ocr_line' id='line_1_28' title="bbox 759 2671 2339 2747; baseline -0.001 -22"><span class='ocrx_word' id='word_1_208' title='bbox 759 2673 871 2726; x_wconf 75' lang='grc' dir='ltr'>τὸν</span> <span class='ocrx_word' id='word_1_209' title='bbox 893 2673 1158 2742; x_wconf 78' lang='grc' dir='ltr'>Κύριον),</span> <span class='ocrx_word' id='word_1_210' title='bbox 1193 2673 1286 2725; x_wconf 78' lang='grc' dir='ltr'>καὶ</span> <span class='ocrx_word' id='word_1_211' title='bbox 1315 2671 1620 2742; x_wconf 81' lang='grc' dir='ltr'>ἀνθρώποις</span> <span class='ocrx_word' id='word_1_212' title='bbox 1652 2671 1917 2735; x_wconf 86' lang='grc' dir='ltr'>εὐάλωτός</span> <span class='ocrx_word' id='word_1_213' title='bbox 1941 2673 2075 2747; x_wconf 61' lang='grc' dir='ltr'>ἐστε,</span> <span class='ocrx_word' id='word_1_214' title='bbox 2107 2671 2201 2724; x_wconf 91' lang='grc' dir='ltr'>τοῦ</span> <span class='ocrx_word' id='word_1_215' title='bbox 2225 2690 2339 2741; x_wconf 88' lang='grc' dir='ltr'>φω-</span> 
     </span>
    </p>
   </div>
   <div class='ocr_carea' id='block_1_29' title="bbox 760 2752 2339 2824">
    <p class='ocr_par' dir='ltr' id='par_1_29' title="bbox 760 2752 2339 2824">
     <span class='ocr_line' id='line_1_29' title="bbox 760 2752 2339 2824; baseline 0 -18"><span class='ocrx_word' id='word_1_216' title='bbox 760 2753 853 2816; x_wconf 85' lang='lat'>16;</span> <span class='ocrx_word' id='word_1_217' title='bbox 896 2753 1145 2806; x_wconf 84' lang='grc' dir='ltr'>ἐκπεσὼν</span> <span class='ocrx_word' id='word_1_218' title='bbox 1188 2755 1415 2806; x_wconf 79' lang='grc' dir='ltr'>ἐκείνου.</span> <span class='ocrx_word' id='word_1_219' title='bbox 1445 2752 1506 2805; x_wconf 86' lang='grc' dir='ltr'>Εἰ</span> <span class='ocrx_word' id='word_1_220' title='bbox 1539 2752 1598 2804; x_wconf 91' lang='grc' dir='ltr'>δέ</span> <span class='ocrx_word' id='word_1_221' title='bbox 1637 2755 1731 2806; x_wconf 80' lang='grc' dir='ltr'>καὶ</span> <span class='ocrx_word' id='word_1_222' title='bbox 1769 2754 1983 2824; x_wconf 83' lang='grc' dir='ltr'>ἰσχυρὸς</span> <span class='ocrx_word' id='word_1_223' title='bbox 2007 2755 2112 2823; x_wconf 70' lang='grc' dir='ltr'>εἴη,</span> <span class='ocrx_word' id='word_1_224' title='bbox 2139 2756 2238 2807; x_wconf 78' lang='lat' dir='ltr'><em>06x</em></span> <span class='ocrx_word' id='word_1_225' title='bbox 2274 2755 2339 2808; x_wconf 84' lang='grc' dir='ltr'>ἂν</span> 
     </span>
    </p>
   </div>
   <div class='ocr_carea' id='block_1_30' title="bbox 762 2830 2337 2907">
    <p class='ocr_par' dir='ltr' id='par_1_30' title="bbox 762 2830 2337 2907">
     <span class='ocr_line' id='line_1_30' title="bbox 762 2830 2337 2907; baseline 0 -19"><span class='ocrx_word' id='word_1_226' title='bbox 762 2836 1124 2906; x_wconf 79' lang='grc' dir='ltr'>παρατάξεως</span> <span class='ocrx_word' id='word_1_227' title='bbox 1168 2835 1353 2906; x_wconf 84' lang='grc' dir='ltr'>ἐδέησε</span> <span class='ocrx_word' id='word_1_228' title='bbox 1395 2835 1472 2904; x_wconf 80' lang='grc' dir='ltr'>τῷ</span> <span class='ocrx_word' id='word_1_229' title='bbox 1516 2833 1634 2905; x_wconf 87' lang='grc' dir='ltr'>Θεῷ</span> <span class='ocrx_word' id='word_1_230' title='bbox 1675 2837 1812 2906; x_wconf 83' lang='grc' dir='ltr'>πρὸς</span> <span class='ocrx_word' id='word_1_231' title='bbox 1855 2837 2036 2889; x_wconf 87' lang='grc' dir='ltr'>αὑτόν·</span> <span class='ocrx_word' id='word_1_232' title='bbox 2064 2830 2118 2902; x_wconf 74' lang='grc' dir='ltr'><strong>ᾧ</strong></span> <span class='ocrx_word' id='word_1_233' title='bbox 2156 2837 2263 2907; x_wconf 88' lang='grc' dir='ltr'>γὰρ</span> <span class='ocrx_word' id='word_1_234' title='bbox 2305 2840 2337 2907; x_wconf 90' lang='grc' dir='ltr'>ή</span> 
     </span>
    </p>
   </div>
   <div class='ocr_carea' id='block_1_31' title="bbox 762 2917 2338 2989">
    <p class='ocr_par' dir='ltr' id='par_1_31' title="bbox 762 2917 2338 2989">
     <span class='ocr_line' id='line_1_31' title="bbox 762 2917 2338 2989; baseline -0.001 -18"><span class='ocrx_word' id='word_1_235' title='bbox 762 2918 1018 2989; x_wconf 86' lang='grc' dir='ltr'>βούλησις</span> <span class='ocrx_word' id='word_1_236' title='bbox 1057 2920 1257 2989; x_wconf 76' lang='grc' dir='ltr'>ἤρκεσε</span> <span class='ocrx_word' id='word_1_237' title='bbox 1289 2917 1421 2988; x_wconf 82' lang='grc' dir='ltr'>πρὸς</span> <span class='ocrx_word' id='word_1_238' title='bbox 1459 2917 1519 2970; x_wconf 86' lang='lat'>16</span> <span class='ocrx_word' id='word_1_239' title='bbox 1561 2919 1736 2971; x_wconf 90' lang='grc' dir='ltr'>πάντα</span> <span class='ocrx_word' id='word_1_240' title='bbox 1771 2923 2128 2989; x_wconf 81' lang='grc' dir='ltr'>παραγαγεῖν,</span> <span class='ocrx_word' id='word_1_241' title='bbox 2161 2921 2338 2989; x_wconf 79' lang='grc' dir='ltr'>πολλῷ</span> 
     </span>
    </p>
   </div>
   <div class='ocr_carea' id='block_1_32' title="bbox 765 2999 2340 3070">
    <p class='ocr_par' dir='ltr' id='par_1_32' title="bbox 765 2999 2340 3070">
     <span class='ocr_line' id='line_1_32' title="bbox 765 2999 2340 3070; baseline 0 -18"><span class='ocrx_word' id='word_1_242' title='bbox 765 3000 965 3070; x_wconf 79' lang='grc' dir='ltr'>μᾶλλον</span> <span class='ocrx_word' id='word_1_243' title='bbox 999 3002 1093 3053; x_wconf 82' lang='grc' dir='ltr'>καὶ</span> <span class='ocrx_word' id='word_1_244' title='bbox 1129 3001 1264 3070; x_wconf 74' lang='grc' dir='ltr'>πρὸς</span> <span class='ocrx_word' id='word_1_245' title='bbox 1299 3001 1397 3068; x_wconf 80' lang='grc' dir='ltr'>τὴν</span> <span class='ocrx_word' id='word_1_246' title='bbox 1438 2999 1710 3069; x_wconf 75' lang='grc' dir='ltr'>ἀναίρεσιν</span> <span class='ocrx_word' id='word_1_247' title='bbox 1752 3000 1928 3053; x_wconf 76' lang='grc' dir='ltr'>αὐτῶν</span> <span class='ocrx_word' id='word_1_248' title='bbox 1967 3002 2144 3069; x_wconf 80' lang='grc' dir='ltr'>ἀρκεῖ.</span> <span class='ocrx_word' id='word_1_249' title='bbox 2187 3001 2340 3063; x_wconf 83' lang='grc' dir='ltr'>Τίνος</span> 
     </span>
    </p>
   </div>
   <div class='ocr_carea' id='block_1_33' title="bbox 762 3079 2342 3152">
    <p class='ocr_par' dir='ltr' id='par_1_33' title="bbox 762 3079 2342 3152">
     <span class='ocr_line' id='line_1_33' title="bbox 762 3079 2342 3152; baseline -0.001 -15"><span class='ocrx_word' id='word_1_250' title='bbox 762 3079 856 3137; x_wconf 82' lang='grc' dir='ltr'>οῦν</span> <span class='ocrx_word' id='word_1_251' title='bbox 881 3084 1087 3146; x_wconf 84' lang='grc' dir='ltr'>ἐνεκεν,</span> <span class='ocrx_word' id='word_1_252' title='bbox 1121 3082 1302 3150; x_wconf 71' lang='grc' dir='ltr'>φησὶν,</span> <span class='ocrx_word' id='word_1_253' title='bbox 1331 3081 1736 3146; x_wconf 74' lang='grc' dir='ltr'>ἀντιτάσσεταις</span> <span class='ocrx_word' id='word_1_254' title='bbox 1766 3083 1882 3134; x_wconf 84' lang='grc' dir='ltr'>Ἵνα</span> <span class='ocrx_word' id='word_1_255' title='bbox 1906 3081 1966 3133; x_wconf 83' lang='lat'>16</span> <span class='ocrx_word' id='word_1_256' title='bbox 1993 3082 2219 3152; x_wconf 83' lang='grc' dir='ltr'>σφοδρὸν</span> <span class='ocrx_word' id='word_1_257' title='bbox 2246 3083 2342 3150; x_wconf 85' lang='grc' dir='ltr'>τῆς</span> 
     </span>
    </p>
   </div>
   <div class='ocr_carea' id='block_1_34' title="bbox 762 3165 2341 3238">
    <p class='ocr_par' dir='ltr' id='par_1_34' title="bbox 762 3165 2341 3238">
     <span class='ocr_line' id='line_1_34' title="bbox 762 3165 2341 3238; baseline -0.003 -16"><span class='ocrx_word' id='word_1_258' title='bbox 762 3167 1058 3238; x_wconf 78' lang='grc' dir='ltr'>ἀπεχθείας</span> <span class='ocrx_word' id='word_1_259' title='bbox 1083 3165 1380 3233; x_wconf 78' lang='grc' dir='ltr'>ἐνδείξηται</span> <span class='ocrx_word' id='word_1_260' title='bbox 1409 3166 1506 3233; x_wconf 85' lang='grc' dir='ltr'>τῆς</span> <span class='ocrx_word' id='word_1_261' title='bbox 1529 3165 1663 3234; x_wconf 82' lang='grc' dir='ltr'>πρὸς</span> <span class='ocrx_word' id='word_1_262' title='bbox 1690 3165 1779 3218; x_wconf 85' lang='grc' dir='ltr'>τὸν</span> <span class='ocrx_word' id='word_1_263' title='bbox 1818 3165 2183 3236; x_wconf 84' lang='grc' dir='ltr'>ὑπερήφανον.</span> <span class='ocrx_word' id='word_1_264' title='bbox 2221 3165 2341 3218; x_wconf 88' lang='grc' dir='ltr'>Ὅτι</span> 
     </span>
    </p>
   </div>
   <div class='ocr_carea' id='block_1_35' title="bbox 764 3247 2342 3322">
    <p class='ocr_par' dir='ltr' id='par_1_35' title="bbox 764 3247 2342 3322">
     <span class='ocr_line' id='line_1_35' title="bbox 764 3247 2342 3322; baseline -0.003 -19"><span class='ocrx_word' id='word_1_265' title='bbox 764 3252 865 3322; x_wconf 80' lang='grc' dir='ltr'>μέν</span> <span class='ocrx_word' id='word_1_266' title='bbox 887 3247 980 3304; x_wconf 81' lang='grc' dir='ltr'>οὖν</span> <span class='ocrx_word' id='word_1_267' title='bbox 1009 3249 1244 3320; x_wconf 84' lang='grc' dir='ltr'>χαλεπὸν</span> <span class='ocrx_word' id='word_1_268' title='bbox 1269 3248 1332 3300; x_wconf 88' lang='lat'>16</span> <span class='ocrx_word' id='word_1_269' title='bbox 1358 3247 1575 3317; x_wconf 88' lang='grc' dir='ltr'>τραῦμα</span> <span class='ocrx_word' id='word_1_270' title='bbox 1611 3250 1670 3300; x_wconf 89' lang='lat'>16</span> <span class='ocrx_word' id='word_1_271' title='bbox 1695 3250 1794 3319; x_wconf 84' lang='grc' dir='ltr'>τῆς</span> <span class='ocrx_word' id='word_1_272' title='bbox 1823 3248 2215 3319; x_wconf 79' lang='grc' dir='ltr'>ὑπερηφανίας,</span> <span class='ocrx_word' id='word_1_273' title='bbox 2247 3249 2342 3299; x_wconf 76' lang='grc' dir='ltr'>καὶ</span> 
     </span>
    </p>
   </div>
   <div class='ocr_carea' id='block_1_36' title="bbox 761 3328 2342 3399">
    <p class='ocr_par' dir='ltr' id='par_1_36' title="bbox 761 3328 2342 3399">
     <span class='ocr_line' id='line_1_36' title="bbox 761 3328 2342 3399; baseline -0.004 -13"><span class='ocrx_word' id='word_1_274' title='bbox 761 3335 828 3386; x_wconf 84' lang='grc' dir='ltr'>ἐκ</span> <span class='ocrx_word' id='word_1_275' title='bbox 853 3333 1066 3393; x_wconf 89' lang='grc' dir='ltr'>τούτου,</span> <span class='ocrx_word' id='word_1_276' title='bbox 1104 3331 1197 3383; x_wconf 79' lang='grc' dir='ltr'>καὶ</span> <span class='ocrx_word' id='word_1_277' title='bbox 1227 3329 1516 3390; x_wconf 85' lang='grc' dir='ltr'>ἀλλαχόθεν</span> <span class='ocrx_word' id='word_1_278' title='bbox 1553 3329 1727 3399; x_wconf 82' lang='grc' dir='ltr'>δῆλον.</span> <span class='ocrx_word' id='word_1_279' title='bbox 1768 3331 1828 3382; x_wconf 87' lang='grc' dir='ltr'>Εἰ</span> <span class='ocrx_word' id='word_1_280' title='bbox 1861 3328 1918 3381; x_wconf 91' lang='grc' dir='ltr'>δέ</span> <span class='ocrx_word' id='word_1_281' title='bbox 1945 3329 2218 3398; x_wconf 89' lang='grc' dir='ltr'>βούλεσθε,</span> <span class='ocrx_word' id='word_1_282' title='bbox 2248 3329 2342 3381; x_wconf 80' lang='grc' dir='ltr'>καὶ</span> 
     </span>
    </p>
   </div>
   <div class='ocr_carea' id='block_1_37' title="bbox 761 3407 2342 3484">
    <p class='ocr_par' dir='ltr' id='par_1_37' title="bbox 761 3407 2342 3484">
     <span class='ocr_line' id='line_1_37' title="bbox 761 3407 2342 3484; baseline -0.002 -17"><span class='ocrx_word' id='word_1_283' title='bbox 761 3415 1053 3484; x_wconf 84' lang='grc' dir='ltr'>ἀλλαχόθεν</span> <span class='ocrx_word' id='word_1_284' title='bbox 1088 3411 1187 3480; x_wconf 78' lang='grc' dir='ltr'>τὴν</span> <span class='ocrx_word' id='word_1_285' title='bbox 1219 3410 1396 3463; x_wconf 90' lang='grc' dir='ltr'>αἰτίαν</span> <span class='ocrx_word' id='word_1_286' title='bbox 1431 3410 1594 3462; x_wconf 84' lang='grc' dir='ltr'>αὑτοῦ</span> <span class='ocrx_word' id='word_1_287' title='bbox 1636 3411 1913 3480; x_wconf 81' lang='grc' dir='ltr'>μάθωμεν,</span> <span class='ocrx_word' id='word_1_288' title='bbox 1945 3411 2038 3478; x_wconf 85' lang='grc' dir='ltr'>ἀφ’</span> <span class='ocrx_word' id='word_1_289' title='bbox 2076 3407 2144 3481; x_wconf 76' lang='grc' dir='ltr'>ἧς</span> <span class='ocrx_word' id='word_1_290' title='bbox 2173 3413 2231 3464; x_wconf 90' lang='lat'>16</span> <span class='ocrx_word' id='word_1_291' title='bbox 2264 3412 2342 3464; x_wconf 80' lang='grc' dir='ltr'>ἒλ-</span> 
     </span>
    </p>
   </div>
   <div class='ocr_carea' id='block_1_38' title="bbox 763 3493 2338 3564">
    <p class='ocr_par' dir='ltr' id='par_1_38' title="bbox 763 3493 2338 3564">
     <span class='ocr_line' id='line_1_38' title="bbox 763 3493 2338 3564; baseline -0.003 -14"><span class='ocrx_word' id='word_1_292' title='bbox 763 3514 858 3559; x_wconf 89' lang='grc' dir='ltr'>κος</span> <span class='ocrx_word' id='word_1_293' title='bbox 884 3496 1118 3563; x_wconf 84' lang='grc' dir='ltr'>ἐγένετο.</span> <span class='ocrx_word' id='word_1_294' title='bbox 1160 3495 1269 3546; x_wconf 75' lang='grc' dir='ltr'>Καὶ</span> <span class='ocrx_word' id='word_1_295' title='bbox 1295 3493 1403 3561; x_wconf 86' lang='grc' dir='ltr'>γὰρ</span> <span class='ocrx_word' id='word_1_296' title='bbox 1431 3493 1549 3554; x_wconf 83' lang='grc' dir='ltr'>ἐθος</span> <span class='ocrx_word' id='word_1_297' title='bbox 1572 3496 1636 3563; x_wconf 82' lang='grc' dir='ltr'>τῇ</span> <span class='ocrx_word' id='word_1_298' title='bbox 1665 3495 1877 3563; x_wconf 78' lang='grc' dir='ltr'>Γραφῇ,</span> <span class='ocrx_word' id='word_1_299' title='bbox 1919 3493 2134 3546; x_wconf 87' lang='grc' dir='ltr'>ἐπειδάν</span> <span class='ocrx_word' id='word_1_300' title='bbox 2170 3495 2338 3564; x_wconf 85' lang='grc' dir='ltr'>μέλλῃ</span> 
     </span>
    </p>
   </div>
   <div class='ocr_carea' id='block_1_39' title="bbox 761 3575 2341 3648">
    <p class='ocr_par' dir='ltr' id='par_1_39' title="bbox 761 3575 2341 3648">
     <span class='ocr_line' id='line_1_39' title="bbox 761 3575 2341 3648; baseline -0.002 -17"><span class='ocrx_word' id='word_1_301' title='bbox 761 3578 907 3642; x_wconf 81' lang='grc' dir='ltr'>τινὸς</span> <span class='ocrx_word' id='word_1_302' title='bbox 940 3579 1289 3648; x_wconf 82' lang='grc' dir='ltr'>κατηγορεῖν,</span> <span class='ocrx_word' id='word_1_303' title='bbox 1324 3575 1397 3645; x_wconf 88' lang='grc' dir='ltr'>μὴ</span> <span class='ocrx_word' id='word_1_304' title='bbox 1423 3575 1520 3644; x_wconf 80' lang='grc' dir='ltr'>τὴν</span> <span class='ocrx_word' id='word_1_305' title='bbox 1541 3576 1815 3644; x_wconf 80' lang='grc' dir='ltr'>ἁμαρτίαν</span> <span class='ocrx_word' id='word_1_306' title='bbox 1848 3576 2010 3627; x_wconf 86' lang='grc' dir='ltr'>αὑτοῦ</span> <span class='ocrx_word' id='word_1_307' title='bbox 2037 3577 2212 3643; x_wconf 84' lang='grc' dir='ltr'>λέγειν</span> <span class='ocrx_word' id='word_1_308' title='bbox 2246 3579 2341 3644; x_wconf 89' lang='grc' dir='ltr'>μό-</span> 
     </span>
    </p>
   </div>
   <div class='ocr_carea' id='block_1_40' title="bbox 762 3655 2338 3727">
    <p class='ocr_par' dir='ltr' id='par_1_40' title="bbox 762 3655 2338 3727">
     <span class='ocr_line' id='line_1_40' title="bbox 762 3655 2338 3727; baseline -0.003 -13"><span class='ocrx_word' id='word_1_309' title='bbox 762 3678 873 3720; x_wconf 89' lang='grc' dir='ltr'>νον.</span> <span class='ocrx_word' id='word_1_310' title='bbox 917 3659 1053 3713; x_wconf 88' lang='lat'><em>6116</em></span> <span class='ocrx_word' id='word_1_311' title='bbox 1094 3659 1188 3710; x_wconf 75' lang='grc' dir='ltr'>καὶ</span> <span class='ocrx_word' id='word_1_312' title='bbox 1228 3658 1402 3710; x_wconf 87' lang='grc' dir='ltr'>αἰτίαν</span> <span class='ocrx_word' id='word_1_313' title='bbox 1435 3658 1532 3726; x_wconf 89' lang='grc' dir='ltr'>τῆς</span> <span class='ocrx_word' id='word_1_314' title='bbox 1564 3657 1836 3726; x_wconf 83' lang='grc' dir='ltr'>ἁμαρτίας</span> <span class='ocrx_word' id='word_1_315' title='bbox 1863 3655 2133 3710; x_wconf 87' lang='grc' dir='ltr'>διδάσκειν</span> <span class='ocrx_word' id='word_1_316' title='bbox 2173 3660 2338 3727; x_wconf 74' lang='grc' dir='ltr'>ἡμᾶς·</span> 
     </span>
    </p>
   </div>
   <div class='ocr_carea' id='block_1_41' title="bbox 764 3738 2342 3808">
    <p class='ocr_par' dir='ltr' id='par_1_41' title="bbox 764 3738 2342 3808">
     <span class='ocr_line' id='line_1_41' title="bbox 764 3738 2342 3808; baseline -0.003 -12"><span class='ocrx_word' id='word_1_317' title='bbox 764 3746 907 3796; x_wconf 83' lang='grc' dir='ltr'>ποιεῖ</span> <span class='ocrx_word' id='word_1_318' title='bbox 930 3742 988 3794; x_wconf 86' lang='grc' dir='ltr'>δέ</span> <span class='ocrx_word' id='word_1_319' title='bbox 1009 3740 1185 3804; x_wconf 90' lang='grc' dir='ltr'>τοῦτο,</span> <span class='ocrx_word' id='word_1_320' title='bbox 1210 3740 1336 3802; x_wconf 81' lang='grc' dir='ltr'>τοὺς</span> <span class='ocrx_word' id='word_1_321' title='bbox 1355 3741 1691 3806; x_wconf 86' lang='grc' dir='ltr'>ὑγιαίνοντας</span> <span class='ocrx_word' id='word_1_322' title='bbox 1717 3738 2149 3808; x_wconf 81' lang='grc' dir='ltr'>ἀσφαλεστέρους</span> <span class='ocrx_word' id='word_1_323' title='bbox 2179 3758 2342 3792; x_wconf 85' lang='grc' dir='ltr'>κατα-</span> 
     </span>
    </p>
   </div>
   <div class='ocr_carea' id='block_1_42' title="bbox 764 3821 2341 3893">
    <p class='ocr_par' dir='ltr' id='par_1_42' title="bbox 764 3821 2341 3893">
     <span class='ocr_line' id='line_1_42' title="bbox 764 3821 2341 3893; baseline -0.003 -14"><span class='ocrx_word' id='word_1_324' title='bbox 764 3826 1105 3887; x_wconf 81' lang='grc' dir='ltr'>σκευάζουσα</span> <span class='ocrx_word' id='word_1_325' title='bbox 1133 3824 1267 3893; x_wconf 63' lang='grc' dir='ltr'>πρὸς</span> <span class='ocrx_word' id='word_1_326' title='bbox 1286 3823 1347 3875; x_wconf 84' lang='grc' dir='ltr'>τὸ</span> <span class='ocrx_word' id='word_1_327' title='bbox 1377 3823 1450 3892; x_wconf 81' lang='grc' dir='ltr'>μὴ</span> <span class='ocrx_word' id='word_1_328' title='bbox 1474 3825 1586 3884; x_wconf 80' lang='grc' dir='ltr'>τοῖς</span> <span class='ocrx_word' id='word_1_329' title='bbox 1613 3823 1796 3884; x_wconf 78' lang='grc' dir='ltr'>αὐτοῖς</span> <span class='ocrx_word' id='word_1_330' title='bbox 1821 3824 2152 3890; x_wconf 81' lang='grc' dir='ltr'>περιπεσεῖν.</span> <span class='ocrx_word' id='word_1_331' title='bbox 2186 3821 2341 3874; x_wconf 86' lang='grc' dir='ltr'>Οῦτω</span> 
     </span>
    </p>
   </div>
   <div class='ocr_carea' id='block_1_43' title="bbox 762 3901 2340 3978">
    <p class='ocr_par' dir='ltr' id='par_1_43' title="bbox 762 3901 2340 3978">
     <span class='ocr_line' id='line_1_43' title="bbox 762 3901 2340 3978; baseline -0.004 -16"><span class='ocrx_word' id='word_1_332' title='bbox 762 3909 858 3962; x_wconf 78' lang='grc' dir='ltr'>καὶ</span> <span class='ocrx_word' id='word_1_333' title='bbox 903 3907 1076 3978; x_wconf 63' lang='grc' dir='ltr'>ἰατροὶ⁵</span> <span class='ocrx_word' id='word_1_334' title='bbox 1109 3905 1245 3975; x_wconf 83' lang='grc' dir='ltr'>πρὸς</span> <span class='ocrx_word' id='word_1_335' title='bbox 1296 3907 1420 3966; x_wconf 80' lang='grc' dir='ltr'>τοὺς</span> <span class='ocrx_word' id='word_1_336' title='bbox 1460 3904 1764 3974; x_wconf 83' lang='grc' dir='ltr'>κάμνοντας</span> <span class='ocrx_word' id='word_1_337' title='bbox 1802 3901 2076 3965; x_wconf 88' lang='grc' dir='ltr'>εἰσιόντες,</span> <span class='ocrx_word' id='word_1_338' title='bbox 2108 3904 2200 3956; x_wconf 76' lang='grc' dir='ltr'>καὶ</span> <span class='ocrx_word' id='word_1_339' title='bbox 2235 3903 2340 3973; x_wconf 89' lang='grc' dir='ltr'>πρὸ</span> 
     </span>
    </p>
   </div>
   <div class='ocr_carea' id='block_1_44' title="bbox 763 3984 2339 4060">
    <p class='ocr_par' dir='ltr' id='par_1_44' title="bbox 763 3984 2339 4060">
     <span class='ocr_line' id='line_1_44' title="bbox 763 3984 2339 4060; baseline -0.002 -17"><span class='ocrx_word' id='word_1_340' title='bbox 763 3991 872 4044; x_wconf 83' lang='grc' dir='ltr'>τῶν</span> <span class='ocrx_word' id='word_1_341' title='bbox 900 3989 1220 4060; x_wconf 85' lang='grc' dir='ltr'>νοσημάτων</span> <span class='ocrx_word' id='word_1_342' title='bbox 1251 3986 1588 4056; x_wconf 85' lang='grc' dir='ltr'>ἀνιχνεύουσι</span> <span class='ocrx_word' id='word_1_343' title='bbox 1615 3986 1712 4048; x_wconf 82' lang='grc' dir='ltr'>τὰς</span> <span class='ocrx_word' id='word_1_344' title='bbox 1744 3985 1944 4053; x_wconf 80' lang='grc' dir='ltr'>πηγὰς,</span> <span class='ocrx_word' id='word_1_345' title='bbox 1969 3984 2107 4036; x_wconf 83' lang='grc' dir='ltr'>ὥστε</span> <span class='ocrx_word' id='word_1_346' title='bbox 2135 3985 2339 4040; x_wconf 82' lang='grc' dir='ltr'>ἄνωθεν</span> 
     </span>
    </p>
   </div>
   <div class='ocr_carea' id='block_1_45' title="bbox 762 4067 2341 4142">
    <p class='ocr_par' dir='ltr' id='par_1_45' title="bbox 762 4067 2341 4142">
     <span class='ocr_line' id='line_1_45' title="bbox 762 4067 2341 4142; baseline -0.003 -17"><span class='ocrx_word' id='word_1_347' title='bbox 762 4074 1068 4126; x_wconf 68' lang='grc' dir='ltr'>ἀναστεῖλαι</span> <span class='ocrx_word' id='word_1_348' title='bbox 1106 4071 1168 4124; x_wconf 83' lang='lat'>16</span> <span class='ocrx_word' id='word_1_349' title='bbox 1199 4071 1384 4124; x_wconf 88' lang='grc' dir='ltr'>κακόν·</span> <span class='ocrx_word' id='word_1_350' title='bbox 1419 4073 1446 4123; x_wconf 92' lang='lat'>6</span> <span class='ocrx_word' id='word_1_351' title='bbox 1471 4071 1599 4142; x_wconf 79' lang='grc' dir='ltr'>γὰρ,</span> <span class='ocrx_word' id='word_1_352' title='bbox 1639 4069 1737 4140; x_wconf 89' lang='grc' dir='ltr'>τῆς</span> <span class='ocrx_word' id='word_1_353' title='bbox 1775 4068 1928 4138; x_wconf 79' lang='grc' dir='ltr'>ῥίζης</span> <span class='ocrx_word' id='word_1_354' title='bbox 1957 4067 2239 4137; x_wconf 79' lang='grc' dir='ltr'>μενούσης,</span> <span class='ocrx_word' id='word_1_355' title='bbox 2273 4068 2341 4121; x_wconf 82' lang='lat'>16</span> 
     </span>
    </p>
   </div>
   <div class='ocr_carea' id='block_1_46' title="bbox 768 4149 2338 4226">
    <p class='ocr_par' dir='ltr' id='par_1_46' title="bbox 768 4149 2338 4226">
     <span class='ocr_line' id='line_1_46' title="bbox 768 4149 2338 4226; baseline -0.004 -18"><span class='ocrx_word' id='word_1_356' title='bbox 768 4157 1123 4226; x_wconf 82' lang='grc' dir='ltr'>βλαστήματα</span> <span class='ocrx_word' id='word_1_357' title='bbox 1145 4151 1301 4224; x_wconf 73' lang='lat' dir='ltr'>{HS}</span> <span class='ocrx_word' id='word_1_358' title='bbox 1333 4153 1612 4221; x_wconf 80' lang='grc' dir='ltr'>ἐκτέμνων</span> <span class='ocrx_word' id='word_1_359' title='bbox 1662 4151 1846 4220; x_wconf 88' lang='grc' dir='ltr'>μόνον,</span> <span class='ocrx_word' id='word_1_360' title='bbox 1881 4149 2030 4202; x_wconf 80' lang='grc' dir='ltr'>οὐδὲν</span> <span class='ocrx_word' id='word_1_361' title='bbox 2071 4150 2274 4219; x_wconf 76' lang='grc' dir='ltr'>ἕτερον,</span> <span class='ocrx_word' id='word_1_362' title='bbox 2304 4151 2338 4220; x_wconf 84' lang='grc' dir='ltr'>ἢ</span> 
     </span>
    </p>
   </div>
   <div class='ocr_carea' id='block_1_47' title="bbox 768 4231 2341 4308">
    <p class='ocr_par' dir='ltr' id='par_1_47' title="bbox 768 4231 2341 4308">
     <span class='ocr_line' id='line_1_47' title="bbox 768 4231 2341 4308; baseline -0.004 -18"><span class='ocrx_word' id='word_1_363' title='bbox 768 4239 1138 4308; x_wconf 86' lang='grc' dir='ltr'>ματαιοπονεϊ.</span> <span class='ocrx_word' id='word_1_364' title='bbox 1166 4235 1272 4288; x_wconf 86' lang='grc' dir='ltr'>Ποῦ</span> <span class='ocrx_word' id='word_1_365' title='bbox 1302 4231 1393 4288; x_wconf 71' lang='grc' dir='ltr'>οὖν</span> <span class='ocrx_word' id='word_1_366' title='bbox 1416 4239 1448 4304; x_wconf 85' lang='grc' dir='ltr'>ή</span> <span class='ocrx_word' id='word_1_367' title='bbox 1477 4233 1665 4303; x_wconf 83' lang='grc' dir='ltr'>Γραφὴ</span> <span class='ocrx_word' id='word_1_368' title='bbox 1705 4233 1798 4286; x_wconf 77' lang='grc' dir='ltr'>καὶ</span> <span class='ocrx_word' id='word_1_369' title='bbox 1826 4231 1924 4302; x_wconf 84' lang='grc' dir='ltr'>τὴν</span> <span class='ocrx_word' id='word_1_370' title='bbox 1953 4233 2225 4302; x_wconf 84' lang='grc' dir='ltr'>ἁμαρτίαν</span> <span class='ocrx_word' id='word_1_371' title='bbox 2251 4234 2341 4285; x_wconf 78' lang='grc' dir='ltr'>καὶ</span> 
     </span>
    </p>
   </div>
   <div class='ocr_carea' id='block_1_48' title="bbox 763 4312 2341 4389">
    <p class='ocr_par' dir='ltr' id='par_1_48' title="bbox 763 4312 2341 4389">
     <span class='ocr_line' id='line_1_48' title="bbox 763 4312 2341 4389; baseline -0.004 -16"><span class='ocrx_word' id='word_1_372' title='bbox 763 4320 863 4389; x_wconf 86' lang='grc' dir='ltr'>τὴν</span> <span class='ocrx_word' id='word_1_373' title='bbox 907 4320 1086 4374; x_wconf 88' lang='grc' dir='ltr'>αἰτίαν</span> <span class='ocrx_word' id='word_1_374' title='bbox 1118 4320 1217 4388; x_wconf 89' lang='grc' dir='ltr'>τῆς</span> <span class='ocrx_word' id='word_1_375' title='bbox 1260 4319 1530 4388; x_wconf 83' lang='grc' dir='ltr'>ἁμαρτίας</span> <span class='ocrx_word' id='word_1_376' title='bbox 1562 4312 1717 4380; x_wconf 78' lang='grc' dir='ltr'>εἷπε;</span> <span class='ocrx_word' id='word_1_377' title='bbox 1751 4317 2059 4385; x_wconf 90' lang='grc' dir='ltr'>Κατηγορεί</span> <span class='ocrx_word' id='word_1_378' title='bbox 2091 4315 2197 4367; x_wconf 89' lang='grc' dir='ltr'>τῶν</span> <span class='ocrx_word' id='word_1_379' title='bbox 2236 4315 2341 4385; x_wconf 84' lang='grc' dir='ltr'>πρὸ</span> 
     </span>
    </p>
   </div>
   <div class='ocr_carea' id='block_1_49' title="bbox 763 4397 2342 4470">
    <p class='ocr_par' dir='ltr' id='par_1_49' title="bbox 763 4397 2342 4470">
     <span class='ocr_line' id='line_1_49' title="bbox 763 4397 2342 4470; baseline -0.004 -13"><span class='ocrx_word' id='word_1_380' title='bbox 763 4402 859 4457; x_wconf 88' lang='grc' dir='ltr'>τοῦ</span> <span class='ocrx_word' id='word_1_381' title='bbox 904 4400 1292 4470; x_wconf 82' lang='grc' dir='ltr'>κατακλυσμοῦ</span> <span class='ocrx_word' id='word_1_382' title='bbox 1327 4399 1628 4468; x_wconf 85' lang='grc' dir='ltr'>γενομένων</span> <span class='ocrx_word' id='word_1_383' title='bbox 1669 4398 1760 4450; x_wconf 74' lang='grc' dir='ltr'>ἐπὶ</span> <span class='ocrx_word' id='word_1_384' title='bbox 1795 4401 1913 4460; x_wconf 85' lang='grc' dir='ltr'>ταῖς</span> <span class='ocrx_word' id='word_1_385' title='bbox 1945 4397 2004 4449; x_wconf 90' lang='lat' dir='ltr'>o6</span> <span class='ocrx_word' id='word_1_386' title='bbox 2037 4397 2342 4467; x_wconf 70' lang='grc' dir='ltr'>προσηκού-</span> 
     </span>
    </p>
   </div>
   <div class='ocr_carea' id='block_1_50' title="bbox 766 4478 2336 4554">
    <p class='ocr_par' dir='ltr' id='par_1_50' title="bbox 766 4478 2336 4554">
     <span class='ocr_line' id='line_1_50' title="bbox 766 4478 2336 4554; baseline -0.003 -16"><span class='ocrx_word' id='word_1_387' title='bbox 766 4502 888 4549; x_wconf 85' lang='grc' dir='ltr'>σαις</span> <span class='ocrx_word' id='word_1_388' title='bbox 917 4483 1217 4554; x_wconf 78' lang='grc' dir='ltr'>ἐπιμιξίαις</span> <span class='ocrx_word' id='word_1_389' title='bbox 1236 4481 1290 4519; x_wconf 73' lang='grc' dir='ltr'>ά·</span> <span class='ocrx_word' id='word_1_390' title='bbox 1317 4482 1410 4533; x_wconf 78' lang='grc' dir='ltr'>καὶ</span> <span class='ocrx_word' id='word_1_391' title='bbox 1434 4480 1662 4532; x_wconf 78' lang='grc' dir='ltr'>ἄκουσον</span> <span class='ocrx_word' id='word_1_392' title='bbox 1691 4478 1805 4542; x_wconf 81' lang='grc' dir='ltr'>πῶς</span> <span class='ocrx_word' id='word_1_393' title='bbox 1827 4478 2003 4548; x_wconf 88' lang='grc' dir='ltr'>τίθησι</span> <span class='ocrx_word' id='word_1_394' title='bbox 2024 4479 2120 4550; x_wconf 76' lang='grc' dir='ltr'>τὴν</span> <span class='ocrx_word' id='word_1_395' title='bbox 2141 4480 2336 4534; x_wconf 84' lang='grc' dir='ltr'>αἰτίαν·</span> 
     </span>
    </p>
   </div>
   <div class='ocr_carea' id='block_1_51' title="bbox 776 4563 2337 4633">
    <p class='ocr_par' dir='ltr' id='par_1_51' title="bbox 776 4563 2337 4633">
     <span class='ocr_line' id='line_1_51' title="bbox 776 4563 2337 4633; baseline -0.006 -9"><span class='ocrx_word' id='word_1_396' title='bbox 776 4571 998 4631; x_wconf 78' lang='grc' dir='ltr'>Ἰδόντες</span> <span class='ocrx_word' id='word_1_397' title='bbox 1027 4569 1076 4622; x_wconf 85' lang='grc' dir='ltr'>οί</span> <span class='ocrx_word' id='word_1_398' title='bbox 1102 4568 1208 4620; x_wconf 74' lang='grc' dir='ltr'>υἱοὶ</span> <span class='ocrx_word' id='word_1_399' title='bbox 1239 4565 1333 4618; x_wconf 90' lang='grc' dir='ltr'>τοῦ</span> <span class='ocrx_word' id='word_1_400' title='bbox 1367 4563 1498 4618; x_wconf 87' lang='grc' dir='ltr'>Θεοῦ</span> <span class='ocrx_word' id='word_1_401' title='bbox 1530 4564 1629 4625; x_wconf 78' lang='grc' dir='ltr'>τὰς</span> <span class='ocrx_word' id='word_1_402' title='bbox 1655 4563 1958 4633; x_wconf 82' lang='grc' dir='ltr'>θυγατέρας</span> <span class='ocrx_word' id='word_1_403' title='bbox 1991 4563 2098 4616; x_wconf 87' lang='grc' dir='ltr'>τῶν</span> <span class='ocrx_word' id='word_1_404' title='bbox 2129 4563 2337 4632; x_wconf 86' lang='grc' dir='ltr'>ἀνθρώ-</span> 
     </span>
    </p>
   </div>
   <div class='ocr_carea' id='block_1_52' title="bbox 765 4646 2341 4716">
    <p class='ocr_par' dir='ltr' id='par_1_52' title="bbox 765 4646 2341 4716">
     <span class='ocr_line' id='line_1_52' title="bbox 765 4646 2341 4716; baseline -0.013 -9"><span class='ocrx_word' id='word_1_405' title='bbox 765 4672 903 4712; x_wconf 90' lang='grc' dir='ltr'>πων.</span> <span class='ocrx_word' id='word_1_406' title='bbox 939 4653 1020 4704; x_wconf 82' lang='grc' dir='ltr'>ὅτι</span> <span class='ocrx_word' id='word_1_407' title='bbox 1047 4650 1210 4703; x_wconf 85' lang='grc' dir='ltr'>καλαί</span> <span class='ocrx_word' id='word_1_408' title='bbox 1240 4651 1393 4710; x_wconf 88' lang='grc' dir='ltr'>εἰσιν,</span> <span class='ocrx_word' id='word_1_409' title='bbox 1421 4646 1608 4699; x_wconf 78' lang='grc' dir='ltr'>ἔλαϐον</span> <span class='ocrx_word' id='word_1_410' title='bbox 1639 4647 1806 4706; x_wconf 84' lang='grc' dir='ltr'>αὑτὰς</span> <span class='ocrx_word' id='word_1_411' title='bbox 1832 4646 2040 4716; x_wconf 71' lang='grc' dir='ltr'>ἐαυτοίς</span> <span class='ocrx_word' id='word_1_412' title='bbox 2063 4647 2140 4706; x_wconf 87' lang='grc' dir='ltr'>εἰς</span> <span class='ocrx_word' id='word_1_413' title='bbox 2164 4651 2341 4712; x_wconf 87' lang='grc' dir='ltr'>γυναῖ-</span> 
     </span>
    </p>
   </div>
   <div class='ocr_carea' id='block_1_53' title="bbox 764 4727 2337 4799">
    <p class='ocr_par' dir='ltr' id='par_1_53' title="bbox 764 4727 2337 4799">
     <span class='ocr_line' id='line_1_53' title="bbox 764 4727 2337 4799; baseline -0.004 -11"><span class='ocrx_word' id='word_1_414' title='bbox 764 4753 887 4796; x_wconf 83' lang='grc' dir='ltr'>κας.</span> <span class='ocrx_word' id='word_1_415' title='bbox 917 4734 981 4785; x_wconf 84' lang='grc' dir='ltr'>Τί</span> <span class='ocrx_word' id='word_1_416' title='bbox 1019 4730 1132 4795; x_wconf 79' lang='grc' dir='ltr'>οὖν,</span> <span class='ocrx_word' id='word_1_417' title='bbox 1167 4732 1227 4783; x_wconf 85' lang='grc' dir='ltr'>τὸ</span> <span class='ocrx_word' id='word_1_418' title='bbox 1262 4731 1452 4790; x_wconf 74' lang='grc' dir='ltr'>κάλλος</span> <span class='ocrx_word' id='word_1_419' title='bbox 1483 4730 1581 4799; x_wconf 84' lang='grc' dir='ltr'>τῆς</span> <span class='ocrx_word' id='word_1_420' title='bbox 1607 4727 1880 4798; x_wconf 85' lang='grc' dir='ltr'>ἁμαρτίας</span> <span class='ocrx_word' id='word_1_421' title='bbox 1907 4727 2107 4791; x_wconf 80' lang='grc' dir='ltr'>αἴτιον;</span> <span class='ocrx_word' id='word_1_422' title='bbox 2136 4729 2224 4797; x_wconf 85' lang='grc' dir='ltr'>Μὴ</span> <span class='ocrx_word' id='word_1_423' title='bbox 2251 4729 2337 4795; x_wconf 76' lang='grc' dir='ltr'>γέο</span> 
     </span>
    </p>
   </div>
   <div class='ocr_carea' id='block_1_54' title="bbox 763 4809 2340 4885">
    <p class='ocr_par' dir='ltr' id='par_1_54' title="bbox 763 4809 2340 4885">
     <span class='ocr_line' id='line_1_54' title="bbox 763 4809 2340 4885; baseline -0.005 -15"><span class='ocrx_word' id='word_1_424' title='bbox 763 4834 926 4870; x_wconf 84' lang='grc' dir='ltr'>νοιτο·</span> <span class='ocrx_word' id='word_1_425' title='bbox 951 4817 1048 4885; x_wconf 85' lang='grc' dir='ltr'>τῆς</span> <span class='ocrx_word' id='word_1_426' title='bbox 1080 4815 1185 4885; x_wconf 89' lang='grc' dir='ltr'>γάρ</span> <span class='ocrx_word' id='word_1_427' title='bbox 1213 4814 1348 4866; x_wconf 86' lang='grc' dir='ltr'>Θεοῦ</span> <span class='ocrx_word' id='word_1_428' title='bbox 1378 4813 1567 4881; x_wconf 87' lang='grc' dir='ltr'>σοφίας</span> <span class='ocrx_word' id='word_1_429' title='bbox 1590 4811 1750 4882; x_wconf 79' lang='grc' dir='ltr'>ἔργον</span> <span class='ocrx_word' id='word_1_430' title='bbox 1777 4811 1910 4862; x_wconf 82' lang='grc' dir='ltr'>ἐστί·</span> <span class='ocrx_word' id='word_1_431' title='bbox 1941 4809 2074 4861; x_wconf 83' lang='grc' dir='ltr'>Θεοῦ</span> <span class='ocrx_word' id='word_1_432' title='bbox 2106 4809 2160 4861; x_wconf 87' lang='grc' dir='ltr'>δέ</span> <span class='ocrx_word' id='word_1_433' title='bbox 2185 4810 2340 4880; x_wconf 77' lang='grc' dir='ltr'>ἔργον</span> 
     </span>
    </p>
   </div>
   <div class='ocr_carea' id='block_1_55' title="bbox 764 4892 2337 4965">
    <p class='ocr_par' dir='ltr' id='par_1_55' title="bbox 764 4892 2337 4965">
     <span class='ocr_line' id='line_1_55' title="bbox 764 4892 2337 4965; baseline -0.005 -13"><span class='ocrx_word' id='word_1_434' title='bbox 764 4900 864 4953; x_wconf 78' lang='grc' dir='ltr'>οὐκ</span> <span class='ocrx_word' id='word_1_435' title='bbox 894 4898 960 4950; x_wconf 82' lang='grc' dir='ltr'>ἀν</span> <span class='ocrx_word' id='word_1_436' title='bbox 983 4914 1112 4950; x_wconf 90' lang='grc' dir='ltr'>ποτε</span> <span class='ocrx_word' id='word_1_437' title='bbox 1135 4897 1344 4963; x_wconf 86' lang='grc' dir='ltr'>γένοιτο</span> <span class='ocrx_word' id='word_1_438' title='bbox 1376 4894 1636 4965; x_wconf 86' lang='grc' dir='ltr'>πονηρίας</span> <span class='ocrx_word' id='word_1_439' title='bbox 1661 4895 1848 4946; x_wconf 74' lang='grc' dir='ltr'>αἴτιον.</span> <span class='ocrx_word' id='word_1_440' title='bbox 1897 4892 2054 4944; x_wconf 85' lang='grc' dir='ltr'>Ἀλλά</span> <span class='ocrx_word' id='word_1_441' title='bbox 2087 4893 2145 4944; x_wconf 88' lang='lat'>16</span> <span class='ocrx_word' id='word_1_442' title='bbox 2178 4893 2337 4960; x_wconf 84' lang='grc' dir='ltr'>ἰδεῖν;</span> 
     </span>
    </p>
   </div>
   <div class='ocr_carea' id='block_1_56' title="bbox 766 4974 2340 5047">
    <p class='ocr_par' dir='ltr' id='par_1_56' title="bbox 766 4974 2340 5047">
     <span class='ocr_line' id='line_1_56' title="bbox 766 4974 2340 5047; baseline -0.004 -12"><span class='ocrx_word' id='word_1_443' title='bbox 766 4982 902 5034; x_wconf 84' lang='grc' dir='ltr'>Ούδέ</span> <span class='ocrx_word' id='word_1_444' title='bbox 953 4979 1131 5032; x_wconf 89' lang='grc' dir='ltr'>τοῦτο·</span> <span class='ocrx_word' id='word_1_445' title='bbox 1178 4981 1271 5031; x_wconf 77' lang='grc' dir='ltr'>καὶ</span> <span class='ocrx_word' id='word_1_446' title='bbox 1328 4977 1436 5046; x_wconf 88' lang='grc' dir='ltr'>γάρ</span> <span class='ocrx_word' id='word_1_447' title='bbox 1487 4979 1578 5030; x_wconf 72' lang='grc' dir='ltr'>καὶ</span> <span class='ocrx_word' id='word_1_448' title='bbox 1614 4975 1772 5029; x_wconf 89' lang='grc' dir='ltr'>τοῦτο</span> <span class='ocrx_word' id='word_1_449' title='bbox 1803 4976 1899 5044; x_wconf 88' lang='grc' dir='ltr'>τῆς</span> <span class='ocrx_word' id='word_1_450' title='bbox 1934 4974 2148 5042; x_wconf 85' lang='grc' dir='ltr'>φύσεως</span> <span class='ocrx_word' id='word_1_451' title='bbox 2183 4975 2340 5047; x_wconf 74' lang='grc' dir='ltr'>ἔργον</span> 
     </span>
    </p>
   </div>
   <div class='ocr_carea' id='block_1_57' title="bbox 768 5057 2340 5128">
    <p class='ocr_par' dir='ltr' id='par_1_57' title="bbox 768 5057 2340 5128">
     <span class='ocr_line' id='line_1_57' title="bbox 768 5057 2340 5128; baseline -0.005 -12"><span class='ocrx_word' id='word_1_452' title='bbox 768 5064 935 5117; x_wconf 89' lang='grc' dir='ltr'>ἐστίν.</span> <span class='ocrx_word' id='word_1_453' title='bbox 978 5062 1135 5114; x_wconf 79' lang='grc' dir='ltr'>Ἀλλά</span> <span class='ocrx_word' id='word_1_454' title='bbox 1161 5061 1248 5124; x_wconf 76' lang='grc' dir='ltr'>τίς</span> <span class='ocrx_word' id='word_1_455' title='bbox 1280 5060 1352 5112; x_wconf 87' lang='lat' dir='ltr'><em>T6</em></span> <span class='ocrx_word' id='word_1_456' title='bbox 1376 5058 1556 5122; x_wconf 87' lang='grc' dir='ltr'>κακῶς</span> <span class='ocrx_word' id='word_1_457' title='bbox 1590 5059 1736 5112; x_wconf 88' lang='grc' dir='ltr'>ἰδεῖν·</span> <span class='ocrx_word' id='word_1_458' title='bbox 1765 5057 1918 5111; x_wconf 87' lang='grc' dir='ltr'>τοῦτο</span> <span class='ocrx_word' id='word_1_459' title='bbox 1947 5057 2053 5128; x_wconf 83' lang='grc' dir='ltr'>γὰρ</span> <span class='ocrx_word' id='word_1_460' title='bbox 2083 5057 2340 5128; x_wconf 83' lang='grc' dir='ltr'>προαιρέ-</span> 
     </span>
    </p>
   </div>
   <div class='ocr_carea' id='block_1_58' title="bbox 769 5140 2338 5215">
    <p class='ocr_par' dir='ltr' id='par_1_58' title="bbox 769 5140 2338 5215">
     <span class='ocr_line' id='line_1_58' title="bbox 769 5140 2338 5215; baseline -0.004 -17"><span class='ocrx_word' id='word_1_461' title='bbox 769 5163 906 5208; x_wconf 90' lang='grc' dir='ltr'>σεως</span> <span class='ocrx_word' id='word_1_462' title='bbox 944 5145 1341 5215; x_wconf 83' lang='grc' dir='ltr'>διεφθαρμένης</span> <span class='ocrx_word' id='word_1_463' title='bbox 1372 5154 1395 5180; x_wconf 75' lang='grc' dir='ltr'>ο</span> <span class='ocrx_word' id='word_1_464' title='bbox 1432 5144 1567 5196; x_wconf 87' lang='grc' dir='ltr'>ἐστί.</span> <span class='ocrx_word' id='word_1_465' title='bbox 1614 5142 1710 5194; x_wconf 88' lang='grc' dir='ltr'>Διά</span> <span class='ocrx_word' id='word_1_466' title='bbox 1740 5140 1900 5193; x_wconf 89' lang='grc' dir='ltr'>τοῦτο</span> <span class='ocrx_word' id='word_1_467' title='bbox 1934 5141 2024 5193; x_wconf 88' lang='grc' dir='ltr'>καί</span> <span class='ocrx_word' id='word_1_468' title='bbox 2057 5159 2140 5204; x_wconf 90' lang='grc' dir='ltr'>τις</span> <span class='ocrx_word' id='word_1_469' title='bbox 2180 5143 2338 5210; x_wconf 78' lang='grc' dir='ltr'>σοφὸς</span> 
     </span>
    </p>
   </div>
   <div class='ocr_carea' id='block_1_59' title="bbox 768 5224 2334 5300">
    <p class='ocr_par' dir='ltr' id='par_1_59' title="bbox 768 5224 2334 5300">
     <span class='ocr_line' id='line_1_59' title="bbox 768 5224 2334 5300; baseline -0.003 -18"><span class='ocrx_word' id='word_1_470' title='bbox 768 5232 1025 5300; x_wconf 84' lang='grc' dir='ltr'>παραινεῖ</span> <span class='ocrx_word' id='word_1_471' title='bbox 1063 5228 1256 5295; x_wconf 89' lang='grc' dir='ltr'>λέγων,</span> <span class='ocrx_word' id='word_1_472' title='bbox 1296 5227 1385 5296; x_wconf 82' lang='grc' dir='ltr'>Μὴ</span> <span class='ocrx_word' id='word_1_473' title='bbox 1411 5226 1791 5294; x_wconf 85' lang='grc' dir='ltr'>καταμάνθανε</span> <span class='ocrx_word' id='word_1_474' title='bbox 1821 5224 2012 5287; x_wconf 83' lang='grc' dir='ltr'>κάλλος</span> <span class='ocrx_word' id='word_1_475' title='bbox 2042 5224 2334 5295; x_wconf 85' lang='grc' dir='ltr'>ἀλλότριον.</span> 
     </span>
    </p>
   </div>
   <div class='ocr_carea' id='block_1_60' title="bbox 768 5308 2340 5381">
    <p class='ocr_par' dir='ltr' id='par_1_60' title="bbox 768 5308 2340 5381">
     <span class='ocr_line' id='line_1_60' title="bbox 768 5308 2340 5381; baseline -0.003 -16"><span class='ocrx_word' id='word_1_476' title='bbox 768 5314 881 5365; x_wconf 78' lang='grc' dir='ltr'>Οὐκ</span> <span class='ocrx_word' id='word_1_477' title='bbox 911 5308 1049 5376; x_wconf 78' lang='grc' dir='ltr'>εἰπε,</span> <span class='ocrx_word' id='word_1_478' title='bbox 1068 5311 1158 5381; x_wconf 82' lang='grc' dir='ltr'>Μὴ</span> <span class='ocrx_word' id='word_1_479' title='bbox 1182 5311 1315 5381; x_wconf 75' lang='grc' dir='ltr'>ἴδῃς·</span> <span class='ocrx_word' id='word_1_480' title='bbox 1345 5309 1628 5379; x_wconf 88' lang='grc' dir='ltr'>συμϐαίνει</span> <span class='ocrx_word' id='word_1_481' title='bbox 1657 5309 1762 5379; x_wconf 77' lang='grc' dir='ltr'>γὰρ</span> <span class='ocrx_word' id='word_1_482' title='bbox 1794 5309 1922 5362; x_wconf 70' lang='grc' dir='ltr'>καὶῐ</span> <span class='ocrx_word' id='word_1_483' title='bbox 1948 5310 2055 5362; x_wconf 79' lang='grc' dir='ltr'>ἀπὸ</span> <span class='ocrx_word' id='word_1_484' title='bbox 2077 5309 2168 5362; x_wconf 89' lang='grc' dir='ltr'>τοῦ</span> <span class='ocrx_word' id='word_1_485' title='bbox 2185 5310 2340 5362; x_wconf 76' lang='lat' dir='ltr'><em>a610-</em></span> 
     </span>
    </p>
   </div>
   <div class='ocr_carea' id='block_1_61' title="bbox 832 5531 2335 5610">
    <p class='ocr_par' dir='ltr' id='par_1_61' title="bbox 832 5531 2335 5610">
     <span class='ocr_line' id='line_1_61' title="bbox 832 5531 2335 5610; baseline 0.003 -30"><span class='ocrx_word' id='word_1_486' title='bbox 832 5538 859 5564; x_wconf 75' lang='grc'><strong><em>⁸</em></strong></span> <span class='ocrx_word' id='word_1_487' title='bbox 882 5533 1018 5610; x_wconf 36' lang='grc' dir='ltr'>Ἐξθοες</span> <span class='ocrx_word' id='word_1_488' title='bbox 1036 5531 1230 5609; x_wconf 64' lang='grc' dir='ltr'>τοιαῦτα</span> <span class='ocrx_word' id='word_1_489' title='bbox 1251 5533 1365 5591; x_wconf 86' lang='grc' dir='ltr'>τοῖς,</span> <span class='ocrx_word' id='word_1_490' title='bbox 1391 5534 1458 5581; x_wconf 75' lang='lat' dir='ltr'>sic</span> <span class='ocrx_word' id='word_1_491' title='bbox 1489 5531 1682 5593; x_wconf 84' lang='lat' dir='ltr'>quidam</span> <span class='ocrx_word' id='word_1_492' title='bbox 1708 5546 1821 5581; x_wconf 88' lang='lat' dir='ltr'>mss.</span> <span class='ocrx_word' id='word_1_493' title='bbox 1866 5531 1989 5581; x_wconf 68' lang='lat' dir='ltr'>lnﬁ‘a</span> <span class='ocrx_word' id='word_1_494' title='bbox 2017 5534 2160 5584; x_wconf 80' lang='lat' dir='ltr'>iidem</span> <span class='ocrx_word' id='word_1_495' title='bbox 2192 5551 2335 5592; x_wconf 78' lang='grc' dir='ltr'>πονηο</span> 
     </span>
    </p>
   </div>
   <div class='ocr_carea' id='block_1_62' title="bbox 768 5595 1590 5717">
    <p class='ocr_par' dir='ltr' id='par_1_62' title="bbox 768 5595 1590 5717">
     <span class='ocr_line' id='line_1_62' title="bbox 768 5595 1201 5656; baseline -0.005 -14"><span class='ocrx_word' id='word_1_496' title='bbox 768 5595 868 5656; x_wconf 81' lang='grc' dir='ltr'>ρίας</span> <span class='ocrx_word' id='word_1_497' title='bbox 889 5595 1042 5642; x_wconf 77' lang='grc' dir='ltr'>αὐτῶν</span> <span class='ocrx_word' id='word_1_498' title='bbox 1069 5595 1201 5648; x_wconf 80' lang='grc' dir='ltr'>εἶδος.</span> 
     </span>
     <span class='ocr_line' id='line_1_63' title="bbox 831 5654 1590 5717; baseline 0 -15"><span class='ocrx_word' id='word_1_499' title='bbox 831 5656 858 5693; x_wconf 69' lang='grc'>1³</span> <span class='ocrx_word' id='word_1_500' title='bbox 887 5654 1018 5703; x_wconf 79' lang='lat' dir='ltr'>Unus</span> <span class='ocrx_word' id='word_1_501' title='bbox 1036 5656 1236 5709; x_wconf 70' lang='grc' dir='ltr'>ἰσοθεΐας</span> <span class='ocrx_word' id='word_1_502' title='bbox 1264 5658 1590 5717; x_wconf 79' lang='grc' dir='ltr'>φαντασθῆναι.</span> 
     </span>
    </p>
   </div>
   <div class='ocr_carea' id='block_1_63' title="bbox 831 5717 1753 5780">
    <p class='ocr_par' dir='ltr' id='par_1_63' title="bbox 831 5717 1753 5780">
     <span class='ocr_line' id='line_1_64' title="bbox 831 5717 1753 5780; baseline 0 -16"><span class='ocrx_word' id='word_1_503' title='bbox 831 5722 853 5780; x_wconf 60' lang='grc' dir='ltr'><strong>ξ</strong></span> <span class='ocrx_word' id='word_1_504' title='bbox 881 5718 1097 5780; x_wconf 73' lang='lat' dir='ltr'>Quatuor</span> <span class='ocrx_word' id='word_1_505' title='bbox 1119 5729 1233 5762; x_wconf 85' lang='lat' dir='ltr'>mss.</span> <span class='ocrx_word' id='word_1_506' title='bbox 1259 5717 1338 5780; x_wconf 72' lang='grc' dir='ltr'>καὶ</span> <span class='ocrx_word' id='word_1_507' title='bbox 1373 5720 1397 5764; x_wconf 89' lang='lat'>6</span> <span class='ocrx_word' id='word_1_508' title='bbox 1422 5720 1565 5780; x_wconf 78' lang='grc' dir='ltr'>Σιρὰχ</span> <span class='ocrx_word' id='word_1_509' title='bbox 1586 5719 1753 5780; x_wconf 74' lang='grc' dir='ltr'>ἔλεγεν.</span> 
     </span>
    </p>
   </div>
   <div class='ocr_carea' id='block_1_64' title="bbox 829 5775 1815 5841">
    <p class='ocr_par' dir='ltr' id='par_1_64' title="bbox 829 5775 1815 5841">
     <span class='ocr_line' id='line_1_65' title="bbox 829 5775 1815 5841; baseline 0.002 -18"><span class='ocrx_word' id='word_1_510' title='bbox 829 5778 856 5816; x_wconf 76' lang='grc' dir='ltr'>(Ι</span> <span class='ocrx_word' id='word_1_511' title='bbox 882 5775 1020 5841; x_wconf 60' lang='lat' dir='ltr'>pnus</span> <span class='ocrx_word' id='word_1_512' title='bbox 1037 5777 1389 5841; x_wconf 75' lang='grc' dir='ltr'>πρυμυκοὺσαις</span> <span class='ocrx_word' id='word_1_513' title='bbox 1409 5775 1815 5841; x_wconf 56' lang='grc' dir='ltr'>ἐπίμύρίαιςίείς).</span> 
     </span>
    </p>
   </div>
   <div class='ocr_carea' id='block_1_65' title="bbox 834 5837 1413 5898">
    <p class='ocr_par' dir='ltr' id='par_1_65' title="bbox 834 5837 1413 5898">
     <span class='ocr_line' id='line_1_66' title="bbox 834 5837 1413 5898; baseline 0 -14"><span class='ocrx_word' id='word_1_514' title='bbox 834 5853 859 5898; x_wconf 69' lang='grc' dir='ltr'>ε</span> <span class='ocrx_word' id='word_1_515' title='bbox 882 5837 1015 5898; x_wconf 88' lang='lat' dir='ltr'><strong>Unus</strong></span> <span class='ocrx_word' id='word_1_516' title='bbox 1033 5837 1413 5898; x_wconf 78' lang='grc' dir='ltr'>διεστραμμένης.</span> 
     </span>
    </p>
   </div>
   <div class='ocr_carea' id='block_1_66' title="bbox 833 5897 1479 5959">
    <p class='ocr_par' dir='ltr' id='par_1_66' title="bbox 833 5897 1479 5959">
     <span class='ocr_line' id='line_1_67' title="bbox 833 5897 1479 5959; baseline 0.002 -12"><span class='ocrx_word' id='word_1_517' title='bbox 833 5897 856 5936; x_wconf 77' lang='grc'><strong><em>⁸</em></strong></span> <span class='ocrx_word' id='word_1_518' title='bbox 885 5897 1018 5947; x_wconf 76' lang='lat' dir='ltr'>Unus</span> <span class='ocrx_word' id='word_1_519' title='bbox 1040 5898 1133 5945; x_wconf 83' lang='grc' dir='ltr'>ἀπὸ</span> <span class='ocrx_word' id='word_1_520' title='bbox 1169 5897 1479 5959; x_wconf 74' lang='grc' dir='ltr'>ταύτομάτου.</span> 
     </span>
    </p>
   </div>
   <div class='ocr_carea' id='block_1_67' title="bbox 1470 350 3307 414">
    <p class='ocr_par' dir='ltr' id='par_1_67' title="bbox 1470 350 3307 414">
     <span class='ocr_line' id='line_1_68' title="bbox 1470 350 3307 414; baseline -0.001 -1"><span class='ocrx_word' id='word_1_521' title='bbox 1470 356 1526 414; x_wconf 91' lang='lat' dir='ltr'>S.</span> <span class='ocrx_word' id='word_1_522' title='bbox 1568 354 1852 412; x_wconf 76' lang='lat' dir='ltr'>JOANNIS</span> <span class='ocrx_word' id='word_1_523' title='bbox 1885 350 2363 411; x_wconf 67' lang='lat' dir='ltr'>CHRYSOSTOM‘</span> <span class='ocrx_word' id='word_1_524' title='bbox 2406 351 2723 411; x_wconf 74' lang='lat' dir='ltr'>ARCHl&#39;EP.</span> <span class='ocrx_word' id='word_1_525' title='bbox 2763 356 3307 413; x_wconf 72' lang='lat' dir='ltr'>CONSTANTINOP.</span> 
     </span>
    </p>
   </div>
   <div class='ocr_carea' id='block_1_68' title="bbox 3903 369 4004 421">
    <p class='ocr_par' dir='ltr' id='par_1_68' title="bbox 3903 369 4004 421">
     <span class='ocr_line' id='line_1_69' title="bbox 3903 369 4004 421; baseline 0.03 -4"><span class='ocrx_word' id='word_1_526' title='bbox 3903 369 4004 421; x_wconf 84' lang='lat'><em>118</em></span> 
     </span>
    </p>
   </div>
   <div class='ocr_carea' id='block_1_69' title="bbox 2436 467 4006 542">
    <p class='ocr_par' dir='ltr' id='par_1_69' title="bbox 2436 467 4006 542">
     <span class='ocr_line' id='line_1_70' title="bbox 2436 467 4006 542; baseline 0.003 -22"><span class='ocrx_word' id='word_1_527' title='bbox 2436 467 2606 536; x_wconf 87' lang='grc' dir='ltr'>μάτου</span> <span class='ocrx_word' id='word_1_528' title='bbox 2655 470 2812 523; x_wconf 91' lang='grc' dir='ltr'>τοῦτο</span> <span class='ocrx_word' id='word_1_529' title='bbox 2853 472 3122 539; x_wconf 89' lang='grc' dir='ltr'>γενέσθαι·</span> <span class='ocrx_word' id='word_1_530' title='bbox 3173 472 3329 537; x_wconf 76' lang='grc' dir='ltr'>ἀλλά,</span> <span class='ocrx_word' id='word_1_531' title='bbox 3355 472 3449 542; x_wconf 79' lang='grc' dir='ltr'>Μὴ</span> <span class='ocrx_word' id='word_1_532' title='bbox 3474 469 3875 539; x_wconf 60' lang='grc' dir='ltr'>καταμάνθανε,</span> <span class='ocrx_word' id='word_1_533' title='bbox 3909 487 4006 542; x_wconf 88' lang='grc' dir='ltr'>φη-</span> 
     </span>
    </p>
   </div>
   <div class='ocr_carea' id='block_1_70' title="bbox 2435 550 4006 624">
    <p class='ocr_par' dir='ltr' id='par_1_70' title="bbox 2435 550 4006 624">
     <span class='ocr_line' id='line_1_71' title="bbox 2435 550 4006 624; baseline 0.01 -24"><span class='ocrx_word' id='word_1_534' title='bbox 2435 550 2508 613; x_wconf 72' lang='grc' dir='ltr'>σὶ,</span> <span class='ocrx_word' id='word_1_535' title='bbox 2544 551 2640 622; x_wconf 81' lang='grc' dir='ltr'>τήν</span> <span class='ocrx_word' id='word_1_536' title='bbox 2672 554 2735 605; x_wconf 89' lang='grc' dir='ltr'>ἐκ</span> <span class='ocrx_word' id='word_1_537' title='bbox 2764 553 2992 622; x_wconf 85' lang='grc' dir='ltr'>μελέτης</span> <span class='ocrx_word' id='word_1_538' title='bbox 3032 555 3377 624; x_wconf 78' lang='grc' dir='ltr'>κατανόησιν,</span> <span class='ocrx_word' id='word_1_539' title='bbox 3410 555 3508 623; x_wconf 78' lang='grc' dir='ltr'>τὴν</span> <span class='ocrx_word' id='word_1_540' title='bbox 3545 553 3833 621; x_wconf 71' lang='grc' dir='ltr'>περίεργον</span> <span class='ocrx_word' id='word_1_541' title='bbox 3869 550 4006 620; x_wconf 67' lang='grc' dir='ltr'>ὄψιν.</span> 
     </span>
    </p>
   </div>
   <div class='ocr_carea' id='block_1_71' title="bbox 2430 631 4009 706">
    <p class='ocr_par' dir='ltr' id='par_1_71' title="bbox 2430 631 4009 706">
     <span class='ocr_line' id='line_1_72' title="bbox 2430 631 4009 706; baseline 0.008 -22"><span class='ocrx_word' id='word_1_542' title='bbox 2430 631 2527 702; x_wconf 85' lang='grc' dir='ltr'>τὴν</span> <span class='ocrx_word' id='word_1_543' title='bbox 2558 634 2695 702; x_wconf 89' lang='grc' dir='ltr'>μετά</span> <span class='ocrx_word' id='word_1_544' title='bbox 2725 631 3003 704; x_wconf 91' lang='grc' dir='ltr'>διατριϐῆς</span> <span class='ocrx_word' id='word_1_545' title='bbox 3037 636 3277 706; x_wconf 75' lang='grc' dir='ltr'>πονηρὰν</span> <span class='ocrx_word' id='word_1_546' title='bbox 3304 636 3556 703; x_wconf 86' lang='grc' dir='ltr'>θεωρίαν,</span> <span class='ocrx_word' id='word_1_547' title='bbox 3593 635 3689 703; x_wconf 82' lang='grc' dir='ltr'>τὴν</span> <span class='ocrx_word' id='word_1_548' title='bbox 3713 633 3820 685; x_wconf 81' lang='lat'><em>6116</em></span> <span class='ocrx_word' id='word_1_549' title='bbox 3838 633 4009 703; x_wconf 73' lang='grc' dir='ltr'>ψυχῆς</span> 
     </span>
    </p>
   </div>
   <div class='ocr_carea' id='block_1_72' title="bbox 2427 713 4008 787">
    <p class='ocr_par' dir='ltr' id='par_1_72' title="bbox 2427 713 4008 787">
     <span class='ocr_line' id='line_1_73' title="bbox 2427 713 4008 787; baseline -0.001 -21"><span class='ocrx_word' id='word_1_550' title='bbox 2427 713 2828 786; x_wconf 76' lang='grc' dir='ltr'>διεφθαρμένης</span> <span class='ocrx_word' id='word_1_551' title='bbox 2861 715 2953 769; x_wconf 75' lang='grc' dir='ltr'>καὶ</span> <span class='ocrx_word' id='word_1_552' title='bbox 2981 718 3350 787; x_wconf 74' lang='grc' dir='ltr'>ἐπιθυμούσης</span> <span class='ocrx_word' id='word_1_553' title='bbox 3380 716 3635 786; x_wconf 78' lang='grc' dir='ltr'>ἀναιρῶν.</span> <span class='ocrx_word' id='word_1_554' title='bbox 3663 715 3772 768; x_wconf 58' lang='grc' dir='ltr'>Καὶ⁸</span> <span class='ocrx_word' id='word_1_555' title='bbox 3805 714 3877 778; x_wconf 89' lang='grc' dir='ltr'>τί,</span> <span class='ocrx_word' id='word_1_556' title='bbox 3910 733 4008 782; x_wconf 80' lang='grc' dir='ltr'>φη-</span> 
     </span>
    </p>
   </div>
   <div class='ocr_carea' id='block_1_73' title="bbox 2432 796 4005 868">
    <p class='ocr_par' dir='ltr' id='par_1_73' title="bbox 2432 796 4005 868">
     <span class='ocr_line' id='line_1_74' title="bbox 2432 796 4005 868; baseline 0.002 -21"><span class='ocrx_word' id='word_1_557' title='bbox 2432 796 2534 858; x_wconf 72' lang='grc' dir='ltr'>σὶν,</span> <span class='ocrx_word' id='word_1_558' title='bbox 2562 797 2626 849; x_wconf 90' lang='grc' dir='ltr'>ἐκ</span> <span class='ocrx_word' id='word_1_559' title='bbox 2654 797 2840 851; x_wconf 87' lang='grc' dir='ltr'>τούτου</span> <span class='ocrx_word' id='word_1_560' title='bbox 2875 797 3068 867; x_wconf 81' lang='grc' dir='ltr'>γένοιτ’</span> <span class='ocrx_word' id='word_1_561' title='bbox 3104 799 3167 851; x_wconf 84' lang='grc' dir='ltr'>ἂν</span> <span class='ocrx_word' id='word_1_562' title='bbox 3209 797 3434 868; x_wconf 77' lang='grc' dir='ltr'>βλάϐοςς</span> <span class='ocrx_word' id='word_1_563' title='bbox 3480 797 3573 850; x_wconf 84' lang='grc' dir='ltr'>Ἐκ</span> <span class='ocrx_word' id='word_1_564' title='bbox 3610 797 3823 859; x_wconf 86' lang='grc' dir='ltr'>τούτου,</span> <span class='ocrx_word' id='word_1_565' title='bbox 3855 799 4005 865; x_wconf 77' lang='grc' dir='ltr'>φησὶν</span> 
     </span>
    </p>
   </div>
   <div class='ocr_carea' id='block_1_74' title="bbox 2433 877 4008 949">
    <p class='ocr_par' dir='ltr' id='par_1_74' title="bbox 2433 877 4008 949">
     <span class='ocr_line' id='line_1_75' title="bbox 2433 877 4008 949; baseline 0.001 -20"><span class='ocrx_word' id='word_1_566' title='bbox 2433 877 2579 945; x_wconf 86' lang='grc' dir='ltr'>φιλία</span> <span class='ocrx_word' id='word_1_567' title='bbox 2613 877 2688 941; x_wconf 85' lang='grc' dir='ltr'>ῶς</span> <span class='ocrx_word' id='word_1_568' title='bbox 2730 879 2840 949; x_wconf 86' lang='grc' dir='ltr'>πῦρ</span> <span class='ocrx_word' id='word_1_569' title='bbox 2873 881 3190 933; x_wconf 83' lang='grc' dir='ltr'>ἀνακαίεται</span> <span class='ocrx_word' id='word_1_570' title='bbox 3231 882 3277 930; x_wconf 72' lang='grc' dir='ltr'>ε.</span> <span class='ocrx_word' id='word_1_571' title='bbox 3330 880 3595 946; x_wconf 81' lang='grc' dir='ltr'>Καθάπερ</span> <span class='ocrx_word' id='word_1_572' title='bbox 3639 879 3745 948; x_wconf 84' lang='grc' dir='ltr'>γὰρ</span> <span class='ocrx_word' id='word_1_573' title='bbox 3785 877 3846 929; x_wconf 89' lang='lat'>16</span> <span class='ocrx_word' id='word_1_574' title='bbox 3880 877 4008 948; x_wconf 79' lang='grc' dir='ltr'>πῦρ,</span> 
     </span>
    </p>
   </div>
   <div class='ocr_carea' id='block_1_75' title="bbox 2432 958 4011 1034">
    <p class='ocr_par' dir='ltr' id='par_1_75' title="bbox 2432 958 4011 1034">
     <span class='ocr_line' id='line_1_76' title="bbox 2432 958 4011 1034; baseline 0 -22"><span class='ocrx_word' id='word_1_575' title='bbox 2432 961 2648 1015; x_wconf 85' lang='grc' dir='ltr'>ἐπειδὰν</span> <span class='ocrx_word' id='word_1_576' title='bbox 2678 963 2868 1034; x_wconf 84' lang='grc' dir='ltr'>χόρτου</span> <span class='ocrx_word' id='word_1_577' title='bbox 2891 963 3033 1026; x_wconf 78' lang='grc' dir='ltr'>τινὸς</span> <span class='ocrx_word' id='word_1_578' title='bbox 3057 964 3088 1032; x_wconf 82' lang='grc' dir='ltr'>ἢ</span> <span class='ocrx_word' id='word_1_579' title='bbox 3119 962 3370 1032; x_wconf 79' lang='grc' dir='ltr'>καλάμης</span> <span class='ocrx_word' id='word_1_580' title='bbox 3399 958 3741 1030; x_wconf 69' lang='grc' dir='ltr'>ἐπιλάϐηται,</span> <span class='ocrx_word' id='word_1_581' title='bbox 3769 963 3868 1014; x_wconf 80' lang='grc' dir='ltr'>οὑκ</span> <span class='ocrx_word' id='word_1_582' title='bbox 3893 963 4011 1013; x_wconf 85' lang='grc' dir='ltr'>ἀνα-</span> 
     </span>
    </p>
   </div>
   <div class='ocr_carea' id='block_1_76' title="bbox 2437 1043 4011 1116">
    <p class='ocr_par' dir='ltr' id='par_1_76' title="bbox 2437 1043 4011 1116">
     <span class='ocr_line' id='line_1_77' title="bbox 2437 1043 4011 1116; baseline 0 -20"><span class='ocrx_word' id='word_1_583' title='bbox 2437 1045 2586 1111; x_wconf 85' lang='grc' dir='ltr'>μένει</span> <span class='ocrx_word' id='word_1_584' title='bbox 2611 1047 2803 1116; x_wconf 77' lang='grc' dir='ltr'>χρόνον</span> <span class='ocrx_word' id='word_1_585' title='bbox 2831 1047 2971 1110; x_wconf 77' lang='grc' dir='ltr'>τινὰ,</span> <span class='ocrx_word' id='word_1_586' title='bbox 3004 1047 3117 1100; x_wconf 85' lang='grc' dir='ltr'>ἀλλ’</span> <span class='ocrx_word' id='word_1_587' title='bbox 3146 1044 3281 1115; x_wconf 84' lang='grc' dir='ltr'>ὁμοῦ</span> <span class='ocrx_word' id='word_1_588' title='bbox 3319 1063 3376 1097; x_wconf 90' lang='grc' dir='ltr'>τε</span> <span class='ocrx_word' id='word_1_589' title='bbox 3402 1045 3577 1114; x_wconf 74' lang='grc' dir='ltr'>ἥψατο</span> <span class='ocrx_word' id='word_1_590' title='bbox 3607 1044 3705 1112; x_wconf 89' lang='grc' dir='ltr'>τῆς</span> <span class='ocrx_word' id='word_1_591' title='bbox 3738 1043 3892 1112; x_wconf 88' lang='grc' dir='ltr'>ῦλης,</span> <span class='ocrx_word' id='word_1_592' title='bbox 3924 1045 4011 1096; x_wconf 66' lang='grc' dir='ltr'>καὶ</span> 
     </span>
    </p>
   </div>
   <div class='ocr_carea' id='block_1_77' title="bbox 2433 1125 4012 1199">
    <p class='ocr_par' dir='ltr' id='par_1_77' title="bbox 2433 1125 4012 1199">
     <span class='ocr_line' id='line_1_78' title="bbox 2433 1125 4012 1199; baseline 0.001 -21"><span class='ocrx_word' id='word_1_593' title='bbox 2433 1126 2687 1199; x_wconf 86' lang='grc' dir='ltr'>λαμπρὰν</span> <span class='ocrx_word' id='word_1_594' title='bbox 2730 1129 2902 1198; x_wconf 86' lang='grc' dir='ltr'>ἀνῆψε</span> <span class='ocrx_word' id='word_1_595' title='bbox 2944 1129 2974 1169; x_wconf 76' lang='lat' dir='ltr'><strong>h</strong></span> <span class='ocrx_word' id='word_1_596' title='bbox 3006 1130 3103 1199; x_wconf 78' lang='grc' dir='ltr'>τὴν</span> <span class='ocrx_word' id='word_1_597' title='bbox 3134 1128 3326 1196; x_wconf 87' lang='grc' dir='ltr'>φλόγα·</span> <span class='ocrx_word' id='word_1_598' title='bbox 3373 1127 3515 1179; x_wconf 73' lang='grc' dir='ltr'>οὕτω</span> <span class='ocrx_word' id='word_1_599' title='bbox 3549 1125 3730 1178; x_wconf 76' lang='grc' dir='ltr'>καὶτὸ</span> <span class='ocrx_word' id='word_1_600' title='bbox 3771 1126 3884 1196; x_wconf 92' lang='grc' dir='ltr'>πῦρ</span> <span class='ocrx_word' id='word_1_601' title='bbox 3918 1127 4012 1194; x_wconf 81' lang='grc' dir='ltr'>τῆς</span> 
     </span>
    </p>
   </div>
   <div class='ocr_carea' id='block_1_78' title="bbox 2435 1207 4010 1281">
    <p class='ocr_par' dir='ltr' id='par_1_78' title="bbox 2435 1207 4010 1281">
     <span class='ocr_line' id='line_1_79' title="bbox 2435 1207 4010 1281; baseline -0.001 -21"><span class='ocrx_word' id='word_1_602' title='bbox 2435 1209 2731 1278; x_wconf 86' lang='grc' dir='ltr'>ἐπιθυμίας</span> <span class='ocrx_word' id='word_1_603' title='bbox 2762 1211 2860 1280; x_wconf 85' lang='grc' dir='ltr'>τῆς</span> <span class='ocrx_word' id='word_1_604' title='bbox 2891 1213 2948 1263; x_wconf 81' lang='grc' dir='ltr'>ἐν</span> <span class='ocrx_word' id='word_1_605' title='bbox 2982 1212 3135 1281; x_wconf 80' lang='grc' dir='ltr'>ἡμῖν,</span> <span class='ocrx_word' id='word_1_606' title='bbox 3165 1210 3385 1263; x_wconf 77' lang='grc' dir='ltr'>ἐπειδὰν</span> <span class='ocrx_word' id='word_1_607' title='bbox 3418 1209 3505 1261; x_wconf 84' lang='grc' dir='ltr'>διὰ</span> <span class='ocrx_word' id='word_1_608' title='bbox 3542 1207 3640 1276; x_wconf 87' lang='grc' dir='ltr'>τῆς</span> <span class='ocrx_word' id='word_1_609' title='bbox 3672 1208 3778 1259; x_wconf 89' lang='grc' dir='ltr'>τῶν</span> <span class='ocrx_word' id='word_1_610' title='bbox 3813 1207 4010 1274; x_wconf 84' lang='grc' dir='ltr'>ὀφθαλ-</span> 
     </span>
    </p>
   </div>
   <div class='ocr_carea' id='block_1_79' title="bbox 2439 1290 4010 1363">
    <p class='ocr_par' dir='ltr' id='par_1_79' title="bbox 2439 1290 4010 1363">
     <span class='ocr_line' id='line_1_80' title="bbox 2439 1290 4010 1363; baseline -0.003 -19"><span class='ocrx_word' id='word_1_611' title='bbox 2439 1291 2552 1360; x_wconf 85' lang='grc' dir='ltr'>μῶν</span> <span class='ocrx_word' id='word_1_612' title='bbox 2587 1292 2769 1361; x_wconf 70' lang='grc' dir='ltr'>ῦψεως</span> <span class='ocrx_word' id='word_1_613' title='bbox 2824 1292 3059 1357; x_wconf 78' lang='grc' dir='ltr'>εὐειδοῦς</span> <span class='ocrx_word' id='word_1_614' title='bbox 3101 1297 3194 1346; x_wconf 75' lang='grc' dir='ltr'>καὶ</span> <span class='ocrx_word' id='word_1_615' title='bbox 3231 1291 3490 1363; x_wconf 86' lang='grc' dir='ltr'>λαμπροῦ</span> <span class='ocrx_word' id='word_1_616' title='bbox 3529 1290 3757 1352; x_wconf 79' lang='grc' dir='ltr'>κάλλους</span> <span class='ocrx_word' id='word_1_617' title='bbox 3789 1291 4010 1358; x_wconf 72' lang='grc' dir='ltr'>ἅψηται,</span> 
     </span>
    </p>
   </div>
   <div class='ocr_carea' id='block_1_80' title="bbox 2435 1371 4016 1446">
    <p class='ocr_par' dir='ltr' id='par_1_80' title="bbox 2435 1371 4016 1446">
     <span class='ocr_line' id='line_1_81' title="bbox 2435 1371 4016 1446; baseline -0.002 -21"><span class='ocrx_word' id='word_1_618' title='bbox 2435 1373 2634 1437; x_wconf 81' lang='grc' dir='ltr'>εὐθέως</span> <span class='ocrx_word' id='word_1_619' title='bbox 2679 1375 2985 1446; x_wconf 83' lang='grc' dir='ltr'>ἐμπίπρησι</span> <span class='ocrx_word' id='word_1_620' title='bbox 3014 1376 3111 1446; x_wconf 76' lang='grc' dir='ltr'>τὴν</span> <span class='ocrx_word' id='word_1_621' title='bbox 3156 1375 3356 1446; x_wconf 81' lang='grc' dir='ltr'>ψυχήν.</span> <span class='ocrx_word' id='word_1_622' title='bbox 3397 1374 3490 1445; x_wconf 82' lang='grc' dir='ltr'><strong>Μὴ</strong></span> <span class='ocrx_word' id='word_1_623' title='bbox 3522 1371 3698 1426; x_wconf 80' lang='grc' dir='ltr'>τοίνυν</span> <span class='ocrx_word' id='word_1_624' title='bbox 3734 1371 3829 1442; x_wconf 78' lang='grc' dir='ltr'>τὴν</span> <span class='ocrx_word' id='word_1_625' title='bbox 3857 1374 4016 1439; x_wconf 83' lang='grc' dir='ltr'>πρόσ-</span> 
     </span>
    </p>
   </div>
   <div class='ocr_carea' id='block_1_81' title="bbox 2436 1453 4014 1528">
    <p class='ocr_par' dir='ltr' id='par_1_81' title="bbox 2436 1453 4014 1528">
     <span class='ocr_line' id='line_1_82' title="bbox 2436 1453 4014 1528; baseline -0.002 -21"><span class='ocrx_word' id='word_1_626' title='bbox 2436 1472 2625 1526; x_wconf 88' lang='grc' dir='ltr'>καιρον</span> <span class='ocrx_word' id='word_1_627' title='bbox 2670 1455 2784 1526; x_wconf 79' lang='grc' dir='ltr'>ἴδῃς</span> <span class='ocrx_word' id='word_1_628' title='bbox 2821 1458 3033 1526; x_wconf 80' lang='grc' dir='ltr'>ήδονὴν,</span> <span class='ocrx_word' id='word_1_629' title='bbox 3065 1458 3162 1528; x_wconf 80' lang='grc' dir='ltr'>τὴν</span> <span class='ocrx_word' id='word_1_630' title='bbox 3194 1457 3300 1510; x_wconf 79' lang='grc' dir='ltr'>ἀπὸ</span> <span class='ocrx_word' id='word_1_631' title='bbox 3339 1456 3437 1524; x_wconf 86' lang='grc' dir='ltr'>τῆς</span> <span class='ocrx_word' id='word_1_632' title='bbox 3468 1455 3720 1526; x_wconf 82' lang='grc' dir='ltr'>θεωρίας,</span> <span class='ocrx_word' id='word_1_633' title='bbox 3755 1453 3890 1507; x_wconf 90' lang='grc' dir='ltr'>ἀλλά</span> 
     </span>
    </p>
   </div>
   <div class='ocr_carea' id='block_1_82' title="bbox 2435 1536 4016 1610">
    <p class='ocr_par' dir='ltr' id='par_1_82' title="bbox 2435 1536 4016 1610">
     <span class='ocr_line' id='line_1_83' title="bbox 2435 1536 4016 1610; baseline -0.001 -22"><span class='ocrx_word' id='word_1_634' title='bbox 2435 1537 2652 1607; x_wconf 90' lang='grc' dir='ltr'>διηνεκῆ</span> <span class='ocrx_word' id='word_1_635' title='bbox 2685 1538 2956 1609; x_wconf 86' lang='grc' dir='ltr'>σκόπησον</span> <span class='ocrx_word' id='word_1_636' title='bbox 2979 1538 3192 1607; x_wconf 81' lang='grc' dir='ltr'>ὀδύνην,</span> <span class='ocrx_word' id='word_1_637' title='bbox 3221 1539 3318 1610; x_wconf 82' lang='grc' dir='ltr'>τὴν</span> <span class='ocrx_word' id='word_1_638' title='bbox 3343 1541 3449 1591; x_wconf 85' lang='grc' dir='ltr'>ἀπὸ</span> <span class='ocrx_word' id='word_1_639' title='bbox 3471 1539 3570 1608; x_wconf 89' lang='grc' dir='ltr'>τῆς</span> <span class='ocrx_word' id='word_1_640' title='bbox 3601 1537 3916 1606; x_wconf 88' lang='grc' dir='ltr'>ἐπιθυμίας.</span> <span class='ocrx_word' id='word_1_641' title='bbox 3955 1536 4016 1588; x_wconf 81' lang='grc' dir='ltr'><strong>Ἡ</strong></span> 
     </span>
    </p>
   </div>
   <div class='ocr_carea' id='block_1_83' title="bbox 2442 1618 4016 1691">
    <p class='ocr_par' dir='ltr' id='par_1_83' title="bbox 2442 1618 4016 1691">
     <span class='ocr_line' id='line_1_84' title="bbox 2442 1618 4016 1691; baseline -0.001 -20"><span class='ocrx_word' id='word_1_642' title='bbox 2442 1618 2541 1687; x_wconf 90' lang='grc' dir='ltr'>μέν</span> <span class='ocrx_word' id='word_1_643' title='bbox 2566 1619 2675 1690; x_wconf 88' lang='grc' dir='ltr'>γὰρ</span> <span class='ocrx_word' id='word_1_644' title='bbox 2709 1619 2768 1672; x_wconf 89' lang='lat'>16</span> <span class='ocrx_word' id='word_1_645' title='bbox 2796 1620 3013 1690; x_wconf 87' lang='grc' dir='ltr'>τραῦμα</span> <span class='ocrx_word' id='word_1_646' title='bbox 3043 1620 3255 1674; x_wconf 86' lang='grc' dir='ltr'>ἐνθεῖσα</span> <span class='ocrx_word' id='word_1_647' title='bbox 3294 1619 3612 1691; x_wconf 74' lang='grc' dir='ltr'>ἀπεπήδησε</span> <span class='ocrx_word' id='word_1_648' title='bbox 3651 1619 3932 1680; x_wconf 85' lang='grc' dir='ltr'>πολλάκις·</span> <span class='ocrx_word' id='word_1_649' title='bbox 3957 1619 4016 1669; x_wconf 87' lang='lat'>16</span> 
     </span>
    </p>
   </div>
   <div class='ocr_carea' id='block_1_84' title="bbox 2437 1700 4019 1774">
    <p class='ocr_par' dir='ltr' id='par_1_84' title="bbox 2437 1700 4019 1774">
     <span class='ocr_line' id='line_1_85' title="bbox 2437 1700 4019 1774; baseline -0.001 -21"><span class='ocrx_word' id='word_1_650' title='bbox 2437 1700 2493 1753; x_wconf 82' lang='grc' dir='ltr'>δέ</span> <span class='ocrx_word' id='word_1_651' title='bbox 2538 1701 2758 1772; x_wconf 90' lang='grc' dir='ltr'>τραῦμα</span> <span class='ocrx_word' id='word_1_652' title='bbox 2796 1705 2896 1756; x_wconf 84' lang='grc' dir='ltr'>οὐκ</span> <span class='ocrx_word' id='word_1_653' title='bbox 2927 1705 3205 1774; x_wconf 84' lang='grc' dir='ltr'>ἀποπηδᾷ,</span> <span class='ocrx_word' id='word_1_654' title='bbox 3249 1703 3384 1757; x_wconf 82' lang='grc' dir='ltr'>ἀλλά</span> <span class='ocrx_word' id='word_1_655' title='bbox 3437 1703 3584 1773; x_wconf 82' lang='grc' dir='ltr'>μένει</span> <span class='ocrx_word' id='word_1_656' title='bbox 3631 1703 3886 1763; x_wconf 83' lang='grc' dir='ltr'>πολλάκις</span> <span class='ocrx_word' id='word_1_657' title='bbox 3928 1701 4019 1753; x_wconf 64' lang='grc' dir='ltr'>καὶ</span> 
     </span>
    </p>
   </div>
   <div class='ocr_carea' id='block_1_85' title="bbox 2439 1783 4018 1858">
    <p class='ocr_par' dir='ltr' id='par_1_85' title="bbox 2439 1783 4018 1858">
     <span class='ocr_line' id='line_1_86' title="bbox 2439 1783 4018 1858; baseline -0.001 -22"><span class='ocrx_word' id='word_1_658' title='bbox 2439 1784 2718 1839; x_wconf 83' lang='grc' dir='ltr'>ἀπόλλυσι.</span> <span class='ocrx_word' id='word_1_659' title='bbox 2768 1787 2878 1842; x_wconf 80' lang='grc' dir='ltr'>Καὶ</span> <span class='ocrx_word' id='word_1_660' title='bbox 2921 1787 3172 1858; x_wconf 85' lang='grc' dir='ltr'>καθάπερ</span> <span class='ocrx_word' id='word_1_661' title='bbox 3207 1787 3409 1857; x_wconf 69' lang='grc' dir='ltr'>’ἔλαφος</span> <span class='ocrx_word' id='word_1_662' title='bbox 3466 1786 3730 1856; x_wconf 82' lang='grc' dir='ltr'>δεξαμένη</span> <span class='ocrx_word' id='word_1_663' title='bbox 3764 1783 3917 1854; x_wconf 84' lang='grc' dir='ltr'>βέλος</span> <span class='ocrx_word' id='word_1_664' title='bbox 3961 1783 4018 1834; x_wconf 84' lang='grc' dir='ltr'>ἐν</span> 
     </span>
    </p>
   </div>
   <div class='ocr_carea' id='block_1_86' title="bbox 2440 1865 4019 1941">
    <p class='ocr_par' dir='ltr' id='par_1_86' title="bbox 2440 1865 4019 1941">
     <span class='ocr_line' id='line_1_87' title="bbox 2440 1865 4019 1941; baseline 0.006 -23"><span class='ocrx_word' id='word_1_665' title='bbox 2440 1868 2638 1936; x_wconf 87' lang='grc' dir='ltr'>καιρίῳ</span> <span class='ocrx_word' id='word_1_666' title='bbox 2670 1868 2762 1920; x_wconf 91' lang='grc' dir='ltr'>τοῦ</span> <span class='ocrx_word' id='word_1_667' title='bbox 2805 1868 3072 1939; x_wconf 83' lang='grc' dir='ltr'>σώματος,</span> <span class='ocrx_word' id='word_1_668' title='bbox 3104 1870 3205 1924; x_wconf 76' lang='grc' dir='ltr'>κᾶν</span> <span class='ocrx_word' id='word_1_669' title='bbox 3242 1870 3456 1941; x_wconf 78' lang='grc' dir='ltr'>ἐκφύγῃ</span> <span class='ocrx_word' id='word_1_670' title='bbox 3497 1869 3605 1921; x_wconf 89' lang='grc' dir='ltr'>τῶν</span> <span class='ocrx_word' id='word_1_671' title='bbox 3638 1866 3892 1938; x_wconf 81' lang='grc' dir='ltr'>θηρατῶν</span> <span class='ocrx_word' id='word_1_672' title='bbox 3923 1865 4019 1928; x_wconf 75' lang='grc' dir='ltr'>τὰς</span> 
     </span>
    </p>
   </div>
   <div class='ocr_carea' id='block_1_87' title="bbox 2439 1948 4017 2021">
    <p class='ocr_par' dir='ltr' id='par_1_87' title="bbox 2439 1948 4017 2021">
     <span class='ocr_line' id='line_1_88' title="bbox 2439 1948 4017 2021; baseline -0.001 -21"><span class='ocrx_word' id='word_1_673' title='bbox 2439 1951 2646 2019; x_wconf 87' lang='grc' dir='ltr'>χεῖρας,</span> <span class='ocrx_word' id='word_1_674' title='bbox 2674 1950 2824 2003; x_wconf 84' lang='grc' dir='ltr'>οὐδὲν</span> <span class='ocrx_word' id='word_1_675' title='bbox 2851 1951 3119 2021; x_wconf 82' lang='grc' dir='ltr'>κερδαίνει</span> <span class='ocrx_word' id='word_1_676' title='bbox 3146 1951 3350 2006; x_wconf 85' lang='grc' dir='ltr'>λοιπόν·</span> <span class='ocrx_word' id='word_1_677' title='bbox 3382 1949 3524 2004; x_wconf 76' lang='grc' dir='ltr'>οὕτω</span> <span class='ocrx_word' id='word_1_678' title='bbox 3556 1951 3652 2004; x_wconf 78' lang='grc' dir='ltr'>καὶ</span> <span class='ocrx_word' id='word_1_679' title='bbox 3693 1948 3839 2019; x_wconf 80' lang='grc' dir='ltr'>ψυχή</span> <span class='ocrx_word' id='word_1_680' title='bbox 3863 1948 4017 2014; x_wconf 79' lang='grc' dir='ltr'>δεξα-</span> 
     </span>
    </p>
   </div>
   <div class='ocr_carea' id='block_1_88' title="bbox 2443 2031 4017 2103">
    <p class='ocr_par' dir='ltr' id='par_1_88' title="bbox 2443 2031 4017 2103">
     <span class='ocr_line' id='line_1_89' title="bbox 2443 2031 4017 2103; baseline -0.002 -19"><span class='ocrx_word' id='word_1_681' title='bbox 2443 2032 2580 2101; x_wconf 88' lang='grc' dir='ltr'>μένη</span> <span class='ocrx_word' id='word_1_682' title='bbox 2618 2031 2775 2100; x_wconf 85' lang='grc' dir='ltr'>βέλος</span> <span class='ocrx_word' id='word_1_683' title='bbox 2815 2033 3110 2103; x_wconf 86' lang='grc' dir='ltr'>ἐπιθυμίας</span> <span class='ocrx_word' id='word_1_684' title='bbox 3147 2034 3211 2097; x_wconf 80' lang='grc' dir='ltr'>ἐξ</span> <span class='ocrx_word' id='word_1_685' title='bbox 3252 2034 3551 2088; x_wconf 81' lang='grc' dir='ltr'>ἀκολάστου</span> <span class='ocrx_word' id='word_1_686' title='bbox 3592 2032 3685 2085; x_wconf 75' lang='grc' dir='ltr'>καὶ</span> <span class='ocrx_word' id='word_1_687' title='bbox 3724 2031 4017 2100; x_wconf 76' lang='grc' dir='ltr'>περιέργου</span> 
     </span>
    </p>
   </div>
   <div class='ocr_carea' id='block_1_89' title="bbox 2440 2112 4022 2185">
    <p class='ocr_par' dir='ltr' id='par_1_89' title="bbox 2440 2112 4022 2185">
     <span class='ocr_line' id='line_1_90' title="bbox 2440 2112 4022 2185; baseline -0.001 -20"><span class='ocrx_word' id='word_1_688' title='bbox 2440 2113 2690 2184; x_wconf 87' lang='grc' dir='ltr'>θεωρίας,</span> <span class='ocrx_word' id='word_1_689' title='bbox 2717 2113 2820 2167; x_wconf 84' lang='grc' dir='ltr'>κᾶν</span> <span class='ocrx_word' id='word_1_690' title='bbox 2847 2115 2906 2167; x_wconf 87' lang='grc' dir='ltr'>τὸ</span> <span class='ocrx_word' id='word_1_691' title='bbox 2937 2114 3089 2184; x_wconf 85' lang='grc' dir='ltr'>βέλος</span> <span class='ocrx_word' id='word_1_692' title='bbox 3118 2117 3317 2185; x_wconf 78' lang='grc' dir='ltr'>ἀφεῖσα</span> <span class='ocrx_word' id='word_1_693' title='bbox 3349 2115 3579 2184; x_wconf 82' lang='grc' dir='ltr'>ἀπέλθῃ,</span> <span class='ocrx_word' id='word_1_694' title='bbox 3607 2114 3745 2182; x_wconf 82' lang='grc' dir='ltr'>αὑτὴ</span> <span class='ocrx_word' id='word_1_695' title='bbox 3775 2112 4022 2180; x_wconf 87' lang='grc' dir='ltr'>διαφθεί-</span> 
     </span>
    </p>
   </div>
   <div class='ocr_carea' id='block_1_90' title="bbox 2441 2195 4022 2267">
    <p class='ocr_par' dir='ltr' id='par_1_90' title="bbox 2441 2195 4022 2267">
     <span class='ocr_line' id='line_1_91' title="bbox 2441 2195 4022 2267; baseline -0.002 -18"><span class='ocrx_word' id='word_1_696' title='bbox 2441 2214 2594 2267; x_wconf 92' lang='grc' dir='ltr'>ρεται</span> <span class='ocrx_word' id='word_1_697' title='bbox 2642 2198 2736 2249; x_wconf 76' lang='grc' dir='ltr'>καὶ</span> <span class='ocrx_word' id='word_1_698' title='bbox 2765 2198 3076 2262; x_wconf 88' lang='grc' dir='ltr'>ἀπόλλυται,</span> <span class='ocrx_word' id='word_1_699' title='bbox 3116 2197 3388 2267; x_wconf 81' lang='grc' dir='ltr'>πανταχοῦ</span> <span class='ocrx_word' id='word_1_700' title='bbox 3430 2198 3520 2251; x_wconf 82' lang='lat' dir='ltr'><em>16v</em></span> <span class='ocrx_word' id='word_1_701' title='bbox 3553 2196 3806 2263; x_wconf 88' lang='grc' dir='ltr'>πολέμιον</span> <span class='ocrx_word' id='word_1_702' title='bbox 3835 2195 4022 2262; x_wconf 79' lang='grc' dir='ltr'>δρῶσα</span> 
     </span>
    </p>
   </div>
   <div class='ocr_carea' id='block_1_91' title="bbox 2439 2279 4024 2352">
    <p class='ocr_par' dir='ltr' id='par_1_91' title="bbox 2439 2279 4024 2352">
     <span class='ocr_line' id='line_1_92' title="bbox 2439 2279 4024 2352; baseline -0.002 -20"><span class='ocrx_word' id='word_1_703' title='bbox 2439 2279 2531 2332; x_wconf 76' lang='grc' dir='ltr'>καὶ</span> <span class='ocrx_word' id='word_1_704' title='bbox 2574 2281 2834 2350; x_wconf 84' lang='grc' dir='ltr'>ἐπόμενον</span> <span class='ocrx_word' id='word_1_705' title='bbox 2875 2281 3090 2350; x_wconf 75' lang='grc' dir='ltr'>ἔχουσα.</span> <span class='ocrx_word' id='word_1_706' title='bbox 3143 2281 3281 2334; x_wconf 79' lang='grc' dir='ltr'>Ἀλλ’</span> <span class='ocrx_word' id='word_1_707' title='bbox 3309 2282 3444 2352; x_wconf 86' lang='grc' dir='ltr'>ὅπερ</span> <span class='ocrx_word' id='word_1_708' title='bbox 3477 2281 3659 2348; x_wconf 77' lang='grc' dir='ltr'>ελεγον</span> <span class='ocrx_word' id='word_1_709' title='bbox 3700 2280 3779 2344; x_wconf 92' lang='lat' dir='ltr'>(o6</span> <span class='ocrx_word' id='word_1_710' title='bbox 3803 2279 3916 2349; x_wconf 75' lang='grc' dir='ltr'>γὰρ</span> <span class='ocrx_word' id='word_1_711' title='bbox 3945 2279 4024 2330; x_wconf 86' lang='grc' dir='ltr'>δεῖ</span> 
     </span>
    </p>
   </div>
   <div class='ocr_carea' id='block_1_92' title="bbox 2443 2361 4019 2432">
    <p class='ocr_par' dir='ltr' id='par_1_92' title="bbox 2443 2361 4019 2432">
     <span class='ocr_line' id='line_1_93' title="bbox 2443 2361 4019 2432; baseline 0 -18"><span class='ocrx_word' id='word_1_712' title='bbox 2443 2363 2656 2431; x_wconf 81' lang='grc' dir='ltr'>μακρὰς</span> <span class='ocrx_word' id='word_1_713' title='bbox 2681 2367 2978 2432; x_wconf 84' lang='grc' dir='ltr'>συγχωρεῖν</span> <span class='ocrx_word' id='word_1_714' title='bbox 2999 2363 3092 2416; x_wconf 84' lang='grc' dir='ltr'>τοῦ</span> <span class='ocrx_word' id='word_1_715' title='bbox 3116 2363 3272 2432; x_wconf 88' lang='grc' dir='ltr'>λόγου</span> <span class='ocrx_word' id='word_1_716' title='bbox 3296 2363 3560 2416; x_wconf 85' lang='grc' dir='ltr'>ποιεῖσθαι</span> <span class='ocrx_word' id='word_1_717' title='bbox 3583 2363 3681 2426; x_wconf 81' lang='grc' dir='ltr'>τὰς</span> <span class='ocrx_word' id='word_1_718' title='bbox 3701 2361 4019 2431; x_wconf 82' lang='grc' dir='ltr'>ἐκτροπάς).</span> 
     </span>
    </p>
   </div>
   <div class='ocr_carea' id='block_1_93' title="bbox 2438 2443 4024 2516">
    <p class='ocr_par' dir='ltr' id='par_1_93' title="bbox 2438 2443 4024 2516">
     <span class='ocr_line' id='line_1_94' title="bbox 2438 2443 4024 2516; baseline -0.001 -21"><span class='ocrx_word' id='word_1_719' title='bbox 2438 2443 2520 2495; x_wconf 69' lang='grc' dir='ltr'>δτι</span> <span class='ocrx_word' id='word_1_720' title='bbox 2552 2445 2586 2512; x_wconf 83' lang='grc' dir='ltr'><strong>ἡ</strong></span> <span class='ocrx_word' id='word_1_721' title='bbox 2609 2443 2798 2514; x_wconf 84' lang='grc' dir='ltr'>Γραφὴ</span> <span class='ocrx_word' id='word_1_722' title='bbox 2830 2445 2922 2498; x_wconf 72' lang='grc' dir='ltr'>καὶ</span> <span class='ocrx_word' id='word_1_723' title='bbox 2946 2446 3014 2496; x_wconf 90' lang='grc' dir='ltr'>τά</span> <span class='ocrx_word' id='word_1_724' title='bbox 3043 2446 3414 2516; x_wconf 77' lang='grc' dir='ltr'>ἁμαρτήματα</span> <span class='ocrx_word' id='word_1_725' title='bbox 3451 2446 3547 2500; x_wconf 78' lang='grc' dir='ltr'>καὶ</span> <span class='ocrx_word' id='word_1_726' title='bbox 3580 2445 3679 2506; x_wconf 85' lang='grc' dir='ltr'>τὰς</span> <span class='ocrx_word' id='word_1_727' title='bbox 3717 2444 3902 2505; x_wconf 85' lang='grc' dir='ltr'>αἰτίας</span> <span class='ocrx_word' id='word_1_728' title='bbox 3928 2443 4024 2494; x_wconf 85' lang='grc' dir='ltr'>αὺ-</span> 
     </span>
    </p>
   </div>
   <div class='ocr_carea' id='block_1_94' title="bbox 2439 2525 4024 2594">
    <p class='ocr_par' dir='ltr' id='par_1_94' title="bbox 2439 2525 4024 2594">
     <span class='ocr_line' id='line_1_95' title="bbox 2439 2525 4024 2594; baseline 0 -18"><span class='ocrx_word' id='word_1_729' title='bbox 2439 2525 2545 2577; x_wconf 83' lang='grc' dir='ltr'>τῶν</span> <span class='ocrx_word' id='word_1_730' title='bbox 2584 2525 2762 2591; x_wconf 85' lang='grc' dir='ltr'>λέγειν</span> <span class='ocrx_word' id='word_1_731' title='bbox 2802 2526 3008 2588; x_wconf 75' lang='grc' dir='ltr'>εἴωθεν,</span> <span class='ocrx_word' id='word_1_732' title='bbox 3049 2529 3213 2581; x_wconf 82' lang='grc' dir='ltr'>ἄκουε</span> <span class='ocrx_word' id='word_1_733' title='bbox 3247 2527 3375 2594; x_wconf 88' lang='grc' dir='ltr'>γοῦν</span> <span class='ocrx_word' id='word_1_734' title='bbox 3408 2529 3503 2581; x_wconf 70' lang='grc' dir='ltr'>καὶ</span> <span class='ocrx_word' id='word_1_735' title='bbox 3535 2527 3769 2581; x_wconf 86' lang='grc' dir='ltr'>ἐνταῦθα</span> <span class='ocrx_word' id='word_1_736' title='bbox 3803 2526 3854 2577; x_wconf 92' lang='grc' dir='ltr'>τί</span> <span class='ocrx_word' id='word_1_737' title='bbox 3890 2540 4024 2592; x_wconf 84' lang='grc' dir='ltr'>φησι</span> 
     </span>
    </p>
   </div>
   <div class='ocr_carea' id='block_1_95' title="bbox 2439 2606 4022 2680">
    <p class='ocr_par' dir='ltr' id='par_1_95' title="bbox 2439 2606 4022 2680">
     <span class='ocr_line' id='line_1_96' title="bbox 2439 2606 4022 2680; baseline 0.001 -23"><span class='ocrx_word' id='word_1_738' title='bbox 2439 2608 2568 2676; x_wconf 74' lang='grc' dir='ltr'>περὶ</span> <span class='ocrx_word' id='word_1_739' title='bbox 2608 2607 2700 2660; x_wconf 88' lang='grc' dir='ltr'>τοῦ</span> <span class='ocrx_word' id='word_1_740' title='bbox 2735 2607 2900 2670; x_wconf 85' lang='grc' dir='ltr'>Ὀζία.</span> <span class='ocrx_word' id='word_1_741' title='bbox 2933 2609 3006 2660; x_wconf 83' lang='grc' dir='ltr'><strong>Οὐ</strong></span> <span class='ocrx_word' id='word_1_742' title='bbox 3044 2609 3152 2679; x_wconf 85' lang='grc' dir='ltr'>γὰρ</span> <span class='ocrx_word' id='word_1_743' title='bbox 3176 2611 3262 2662; x_wconf 71' lang='grc' dir='ltr'>ὅτι</span> <span class='ocrx_word' id='word_1_744' title='bbox 3298 2609 3485 2680; x_wconf 80' lang='grc' dir='ltr'>ὑψώθη</span> <span class='ocrx_word' id='word_1_745' title='bbox 3535 2611 3569 2679; x_wconf 85' lang='grc' dir='ltr'><strong>ὴ</strong></span> <span class='ocrx_word' id='word_1_746' title='bbox 3603 2608 3798 2678; x_wconf 88' lang='grc' dir='ltr'>καρδία</span> <span class='ocrx_word' id='word_1_747' title='bbox 3831 2606 4022 2672; x_wconf 81' lang='grc' dir='ltr'>αὑτοῦ,</span> 
     </span>
    </p>
   </div>
   <div class='ocr_carea' id='block_1_96' title="bbox 2439 2688 4026 2760">
    <p class='ocr_par' dir='ltr' id='par_1_96' title="bbox 2439 2688 4026 2760">
     <span class='ocr_line' id='line_1_97' title="bbox 2439 2688 4026 2760; baseline 0.001 -19"><span class='ocrx_word' id='word_1_748' title='bbox 2439 2688 2598 2742; x_wconf 83' lang='grc' dir='ltr'>τοῦτο</span> <span class='ocrx_word' id='word_1_749' title='bbox 2631 2692 2788 2760; x_wconf 88' lang='grc' dir='ltr'>μόνον</span> <span class='ocrx_word' id='word_1_750' title='bbox 2821 2691 2968 2759; x_wconf 80' lang='grc' dir='ltr'>ἡμᾶς</span> <span class='ocrx_word' id='word_1_751' title='bbox 3013 2691 3272 2755; x_wconf 78' lang='grc' dir='ltr'>ἐδίδαξεν,</span> <span class='ocrx_word' id='word_1_752' title='bbox 3309 2692 3445 2745; x_wconf 89' lang='lat'><em>6116</em></span> <span class='ocrx_word' id='word_1_753' title='bbox 3483 2692 3580 2744; x_wconf 75' lang='grc' dir='ltr'>καὶ</span> <span class='ocrx_word' id='word_1_754' title='bbox 3624 2690 3788 2744; x_wconf 88' lang='grc' dir='ltr'>πόθεν</span> <span class='ocrx_word' id='word_1_755' title='bbox 3830 2689 4026 2759; x_wconf 81' lang='grc' dir='ltr'>ὑψώθη</span> 
     </span>
    </p>
   </div>
   <div class='ocr_carea' id='block_1_97' title="bbox 2439 2769 4025 2844">
    <p class='ocr_par' dir='ltr' id='par_1_97' title="bbox 2439 2769 4025 2844">
     <span class='ocr_line' id='line_1_98' title="bbox 2439 2769 4025 2844; baseline 0.003 -22"><span class='ocrx_word' id='word_1_756' title='bbox 2439 2772 2764 2840; x_wconf 81' lang='grc' dir='ltr'>προσέθηκε.</span> <span class='ocrx_word' id='word_1_757' title='bbox 2800 2772 2972 2825; x_wconf 86' lang='grc' dir='ltr'>Πόθεν</span> <span class='ocrx_word' id='word_1_758' title='bbox 3019 2769 3110 2826; x_wconf 79' lang='grc' dir='ltr'>οὖν</span> <span class='ocrx_word' id='word_1_759' title='bbox 3143 2774 3366 2844; x_wconf 85' lang='grc' dir='ltr'>ὑψώθη;</span> <span class='ocrx_word' id='word_1_760' title='bbox 3409 2775 3610 2829; x_wconf 79' lang='grc' dir='ltr'>Ἡνίκα</span> <span class='ocrx_word' id='word_1_761' title='bbox 3643 2776 3888 2843; x_wconf 79' lang='grc' dir='ltr'>ἰσχυσε,</span> <span class='ocrx_word' id='word_1_762' title='bbox 3926 2791 4025 2843; x_wconf 85' lang='grc' dir='ltr'>φη·</span> 
     </span>
    </p>
   </div>
   <div class='ocr_carea' id='block_1_98' title="bbox 2441 2854 4025 2928">
    <p class='ocr_par' dir='ltr' id='par_1_98' title="bbox 2441 2854 4025 2928">
     <span class='ocr_line' id='line_1_99' title="bbox 2441 2854 4025 2928; baseline 0.003 -24"><span class='ocrx_word' id='word_1_763' title='bbox 2441 2854 2544 2917; x_wconf 68' lang='grc' dir='ltr'>σίν,</span> <span class='ocrx_word' id='word_1_764' title='bbox 2576 2854 2784 2921; x_wconf 66' lang='grc' dir='ltr'>ὑψώθη</span> <span class='ocrx_word' id='word_1_765' title='bbox 2815 2854 2853 2921; x_wconf 74' lang='grc' dir='ltr'>ὴ</span> <span class='ocrx_word' id='word_1_766' title='bbox 2889 2855 3099 2923; x_wconf 82' lang='grc' dir='ltr'>καρδία</span> <span class='ocrx_word' id='word_1_767' title='bbox 3128 2856 3336 2910; x_wconf 82' lang='grc' dir='ltr'>αὑτοῦ.</span> <span class='ocrx_word' id='word_1_768' title='bbox 3371 2858 3482 2910; x_wconf 83' lang='grc' dir='ltr'>Οὐκ</span> <span class='ocrx_word' id='word_1_769' title='bbox 3511 2858 3704 2928; x_wconf 74' lang='grc' dir='ltr'>ῆνεγκς</span> <span class='ocrx_word' id='word_1_770' title='bbox 3730 2856 3828 2926; x_wconf 86' lang='grc' dir='ltr'>τῆς</span> <span class='ocrx_word' id='word_1_771' title='bbox 3859 2857 4025 2910; x_wconf 77' lang='grc' dir='ltr'>δυνα-</span> 
     </span>
    </p>
   </div>
   <div class='ocr_carea' id='block_1_99' title="bbox 2441 2938 4027 3011">
    <p class='ocr_par' dir='ltr' id='par_1_99' title="bbox 2441 2938 4027 3011">
     <span class='ocr_line' id='line_1_100' title="bbox 2441 2938 4027 3011; baseline 0.001 -22"><span class='ocrx_word' id='word_1_772' title='bbox 2441 2939 2620 3000; x_wconf 86' lang='grc' dir='ltr'>στείας</span> <span class='ocrx_word' id='word_1_773' title='bbox 2655 2938 2717 2990; x_wconf 89' lang='lat'>16</span> <span class='ocrx_word' id='word_1_774' title='bbox 2753 2938 2998 3007; x_wconf 77' lang='grc' dir='ltr'>μέγεθος,</span> <span class='ocrx_word' id='word_1_775' title='bbox 3026 2938 3140 2992; x_wconf 81' lang='grc' dir='ltr'>ἀλλ’</span> <span class='ocrx_word' id='word_1_776' title='bbox 3173 2938 3359 3011; x_wconf 89' lang='grc' dir='ltr'>ῶσπερ</span> <span class='ocrx_word' id='word_1_777' title='bbox 3389 2939 3448 3007; x_wconf 80' lang='grc' dir='ltr'>ἐξ</span> <span class='ocrx_word' id='word_1_778' title='bbox 3469 2940 3776 3009; x_wconf 83' lang='grc' dir='ltr'>ἀδηφαγίας</span> <span class='ocrx_word' id='word_1_779' title='bbox 3805 2939 3908 3008; x_wconf 84' lang='grc' dir='ltr'>μὲν</span> <span class='ocrx_word' id='word_1_780' title='bbox 3938 2939 4027 3006; x_wconf 82' lang='grc' dir='ltr'>γί-</span> 
     </span>
    </p>
   </div>
   <div class='ocr_carea' id='block_1_100' title="bbox 2439 3021 4025 3092">
    <p class='ocr_par' dir='ltr' id='par_1_100' title="bbox 2439 3021 4025 3092">
     <span class='ocr_line' id='line_1_101' title="bbox 2439 3021 4025 3092; baseline 0.001 -21"><span class='ocrx_word' id='word_1_781' title='bbox 2439 3037 2586 3072; x_wconf 83' lang='grc' dir='ltr'>νεται</span> <span class='ocrx_word' id='word_1_782' title='bbox 2626 3021 2920 3090; x_wconf 82' lang='grc' dir='ltr'>φλεγμονὴ,</span> <span class='ocrx_word' id='word_1_783' title='bbox 2968 3022 3032 3073; x_wconf 86' lang='grc' dir='ltr'>ἐκ</span> <span class='ocrx_word' id='word_1_784' title='bbox 3064 3021 3366 3092; x_wconf 79' lang='grc' dir='ltr'>φλεγμονῆς</span> <span class='ocrx_word' id='word_1_785' title='bbox 3403 3022 3458 3074; x_wconf 82' lang='grc' dir='ltr'>δέ</span> <span class='ocrx_word' id='word_1_786' title='bbox 3498 3021 3736 3074; x_wconf 83' lang='grc' dir='ltr'>τίκτεται</span> <span class='ocrx_word' id='word_1_787' title='bbox 3765 3021 4025 3091; x_wconf 77' lang='grc' dir='ltr'>πυρετὸς,</span> 
     </span>
    </p>
   </div>
   <div class='ocr_carea' id='block_1_101' title="bbox 2440 3099 4029 3166">
    <p class='ocr_par' dir='ltr' id='par_1_101' title="bbox 2440 3099 4029 3166">
     <span class='ocr_line' id='line_1_102' title="bbox 2440 3099 4029 3166; baseline 0.002 -15"><span class='ocrx_word' id='word_1_788' title='bbox 2440 3099 2558 3152; x_wconf 74' lang='grc' dir='ltr'>εἶτα</span> <span class='ocrx_word' id='word_1_789' title='bbox 2585 3103 2789 3154; x_wconf 81' lang='grc' dir='ltr'>ἐκεῖθεν</span> <span class='ocrx_word' id='word_1_790' title='bbox 2823 3103 3048 3165; x_wconf 82' lang='grc' dir='ltr'>θάνατος</span> <span class='ocrx_word' id='word_1_791' title='bbox 3073 3103 3350 3166; x_wconf 77' lang='grc' dir='ltr'>πολλάκις·</span> <span class='ocrx_word' id='word_1_792' title='bbox 3378 3102 3519 3156; x_wconf 83' lang='grc' dir='ltr'>οῦτω</span> <span class='ocrx_word' id='word_1_793' title='bbox 3541 3104 3633 3155; x_wconf 65' lang='grc' dir='ltr'>καὶ</span> <span class='ocrx_word' id='word_1_794' title='bbox 3661 3103 3896 3155; x_wconf 84' lang='grc' dir='ltr'>ἐνταῦθα</span> <span class='ocrx_word' id='word_1_795' title='bbox 3919 3103 4029 3154; x_wconf 84' lang='grc' dir='ltr'>ἀπὸ</span> 
     </span>
    </p>
   </div>
   <div class='ocr_carea' id='block_1_102' title="bbox 2439 3182 4024 3255">
    <p class='ocr_par' dir='ltr' id='par_1_102' title="bbox 2439 3182 4024 3255">
     <span class='ocr_line' id='line_1_103' title="bbox 2439 3182 4024 3255; baseline 0.001 -23"><span class='ocrx_word' id='word_1_796' title='bbox 2439 3182 2539 3250; x_wconf 87' lang='grc' dir='ltr'>τῆς</span> <span class='ocrx_word' id='word_1_797' title='bbox 2568 3182 2765 3251; x_wconf 87' lang='grc' dir='ltr'>πολλῆς</span> <span class='ocrx_word' id='word_1_798' title='bbox 2797 3185 2813 3222; x_wconf 77' lang='grc' dir='ltr'><strong>ί</strong></span> <span class='ocrx_word' id='word_1_799' title='bbox 2855 3182 2962 3234; x_wconf 88' lang='grc' dir='ltr'>τῶν</span> <span class='ocrx_word' id='word_1_800' title='bbox 2998 3185 3338 3254; x_wconf 84' lang='grc' dir='ltr'>πραγμάτων</span> <span class='ocrx_word' id='word_1_801' title='bbox 3368 3183 3658 3255; x_wconf 90' lang='grc' dir='ltr'>περιϐολῆς</span> <span class='ocrx_word' id='word_1_802' title='bbox 3682 3183 3913 3236; x_wconf 84' lang='grc' dir='ltr'>ἀπόνοια</span> <span class='ocrx_word' id='word_1_803' title='bbox 3935 3183 4024 3250; x_wconf 72' lang='grc' dir='ltr'>γέο</span> 
     </span>
    </p>
   </div>
   <div class='ocr_carea' id='block_1_103' title="bbox 2440 3264 4032 3335">
    <p class='ocr_par' dir='ltr' id='par_1_103' title="bbox 2440 3264 4032 3335">
     <span class='ocr_line' id='line_1_104' title="bbox 2440 3264 4032 3335; baseline 0.002 -21"><span class='ocrx_word' id='word_1_804' title='bbox 2440 3280 2612 3330; x_wconf 88' lang='grc' dir='ltr'>γονεν.</span> <span class='ocrx_word' id='word_1_805' title='bbox 2649 3264 2826 3334; x_wconf 87' lang='grc' dir='ltr'>Ὅπερ</span> <span class='ocrx_word' id='word_1_806' title='bbox 2851 3264 2955 3335; x_wconf 75' lang='grc' dir='ltr'>γὰρ</span> <span class='ocrx_word' id='word_1_807' title='bbox 2994 3266 3086 3316; x_wconf 72' lang='grc' dir='ltr'>ἐπὶ</span> <span class='ocrx_word' id='word_1_808' title='bbox 3112 3267 3220 3318; x_wconf 83' lang='grc' dir='ltr'>τῶν</span> <span class='ocrx_word' id='word_1_809' title='bbox 3250 3267 3515 3335; x_wconf 81' lang='grc' dir='ltr'>σωμάτων</span> <span class='ocrx_word' id='word_1_810' title='bbox 3543 3265 3840 3335; x_wconf 85' lang='grc' dir='ltr'>φλεγμονὴ,</span> <span class='ocrx_word' id='word_1_811' title='bbox 3866 3265 4032 3319; x_wconf 82' lang='grc' dir='ltr'>τοῦτο</span> 
     </span>
    </p>
   </div>
   <div class='ocr_carea' id='block_1_104' title="bbox 2441 3345 4030 3420">
    <p class='ocr_par' dir='ltr' id='par_1_104' title="bbox 2441 3345 4030 3420">
     <span class='ocr_line' id='line_1_105' title="bbox 2441 3345 4030 3420; baseline 0.002 -24"><span class='ocrx_word' id='word_1_812' title='bbox 2441 3346 2533 3396; x_wconf 74' lang='grc' dir='ltr'>ἐπὶ</span> <span class='ocrx_word' id='word_1_813' title='bbox 2566 3345 2672 3398; x_wconf 91' lang='grc' dir='ltr'>τῶν</span> <span class='ocrx_word' id='word_1_814' title='bbox 2710 3345 2896 3416; x_wconf 81' lang='grc' dir='ltr'>ψυχῶν</span> <span class='ocrx_word' id='word_1_815' title='bbox 2929 3348 3174 3400; x_wconf 87' lang='grc' dir='ltr'>ἀπόνοια.</span> <span class='ocrx_word' id='word_1_816' title='bbox 3214 3345 3347 3401; x_wconf 83' lang='grc' dir='ltr'>Είτα</span> <span class='ocrx_word' id='word_1_817' title='bbox 3384 3347 3444 3411; x_wconf 82' lang='grc' dir='ltr'>ἐξ</span> <span class='ocrx_word' id='word_1_818' title='bbox 3476 3348 3732 3412; x_wconf 82' lang='grc' dir='ltr'>ἀπονοίας</span> <span class='ocrx_word' id='word_1_819' title='bbox 3757 3347 4030 3420; x_wconf 88' lang='grc' dir='ltr'>ἐπιθυμία</span> 
     </span>
    </p>
   </div>
   <div class='ocr_carea' id='block_1_105' title="bbox 2438 3427 3610 3501">
    <p class='ocr_par' dir='ltr' id='par_1_105' title="bbox 2438 3427 3610 3501">
     <span class='ocr_line' id='line_1_106' title="bbox 2438 3427 3610 3501; baseline 0.006 -24"><span class='ocrx_word' id='word_1_820' title='bbox 2438 3427 2546 3480; x_wconf 91' lang='grc' dir='ltr'>τῶν</span> <span class='ocrx_word' id='word_1_821' title='bbox 2569 3427 2628 3479; x_wconf 88' lang='lat' dir='ltr'>o6</span> <span class='ocrx_word' id='word_1_822' title='bbox 2663 3429 3050 3499; x_wconf 84' lang='grc' dir='ltr'>προσηκόντων</span> <span class='ocrx_word' id='word_1_823' title='bbox 3079 3430 3227 3500; x_wconf 89' lang='grc' dir='ltr'>αύτῷ</span> <span class='ocrx_word' id='word_1_824' title='bbox 3253 3430 3610 3501; x_wconf 87' lang='grc' dir='ltr'>πραγμάτων.</span> 
     </span>
    </p>
   </div>
   <div class='ocr_carea' id='block_1_106' title="bbox 2510 3600 4030 3674">
    <p class='ocr_par' dir='ltr' id='par_1_106' title="bbox 2510 3600 4030 3674">
     <span class='ocr_line' id='line_1_107' title="bbox 2510 3600 4030 3674; baseline -0.001 -20"><span class='ocrx_word' id='word_1_825' title='bbox 2510 3608 2570 3654; x_wconf 79' lang='grc' dir='ltr'>ε’.</span> <span class='ocrx_word' id='word_1_826' title='bbox 2595 3600 2776 3654; x_wconf 85' lang='grc' dir='ltr'>Ταῦτα</span> <span class='ocrx_word' id='word_1_827' title='bbox 2802 3603 2898 3671; x_wconf 83' lang='grc' dir='ltr'>οὑχ</span> <span class='ocrx_word' id='word_1_828' title='bbox 2922 3602 3103 3666; x_wconf 87' lang='grc' dir='ltr'>ἁπλῶς</span> <span class='ocrx_word' id='word_1_829' title='bbox 3140 3605 3471 3674; x_wconf 87' lang='grc' dir='ltr'>μηκύνομεν,</span> <span class='ocrx_word' id='word_1_830' title='bbox 3494 3603 3608 3656; x_wconf 77' lang='grc' dir='ltr'>ἀλλ’</span> <span class='ocrx_word' id='word_1_831' title='bbox 3638 3604 3728 3657; x_wconf 83' lang='grc' dir='ltr'>ἴνα</span> <span class='ocrx_word' id='word_1_832' title='bbox 3752 3602 4030 3672; x_wconf 84' lang='grc' dir='ltr'>μηδέποτε</span> 
     </span>
    </p>
   </div>
   <div class='ocr_carea' id='block_1_107' title="bbox 2443 3680 4031 3756">
    <p class='ocr_par' dir='ltr' id='par_1_107' title="bbox 2443 3680 4031 3756">
     <span class='ocr_line' id='line_1_108' title="bbox 2443 3680 4031 3756; baseline 0.001 -23"><span class='ocrx_word' id='word_1_833' title='bbox 2443 3681 2716 3749; x_wconf 80' lang='grc' dir='ltr'>ζηλωτοὺς</span> <span class='ocrx_word' id='word_1_834' title='bbox 2768 3680 2905 3735; x_wconf 70' lang='grc' dir='ltr'>εἶναι</span> <span class='ocrx_word' id='word_1_835' title='bbox 2949 3685 3222 3753; x_wconf 76' lang='grc' dir='ltr'>νομίζητε,</span> <span class='ocrx_word' id='word_1_836' title='bbox 3257 3686 3390 3755; x_wconf 87' lang='grc' dir='ltr'>μηδέ</span> <span class='ocrx_word' id='word_1_837' title='bbox 3433 3685 3774 3756; x_wconf 84' lang='grc' dir='ltr'>μακαρίζητε</span> <span class='ocrx_word' id='word_1_838' title='bbox 3803 3701 3860 3736; x_wconf 91' lang='grc' dir='ltr'>το</span> <span class='ocrx_word' id='word_1_839' title='bbox 3880 3702 3938 3746; x_wconf 59' lang='grc' dir='ltr'>ας</span> <span class='ocrx_word' id='word_1_840' title='bbox 3974 3687 4031 3736; x_wconf 82' lang='grc' dir='ltr'>ἐν</span> 
     </span>
    </p>
   </div>
   <div class='ocr_carea' id='block_1_108' title="bbox 2444 3763 4030 3839">
    <p class='ocr_par' dir='ltr' id='par_1_108' title="bbox 2444 3763 4030 3839">
     <span class='ocr_line' id='line_1_109' title="bbox 2444 3763 4030 3839; baseline 0.001 -23"><span class='ocrx_word' id='word_1_841' title='bbox 2444 3763 2591 3835; x_wconf 74' lang='lat' dir='ltr'>[HD]</span> <span class='ocrx_word' id='word_1_842' title='bbox 2619 3766 2953 3828; x_wconf 87' lang='grc' dir='ltr'>δυναστείαις</span> <span class='ocrx_word' id='word_1_843' title='bbox 2983 3767 3162 3829; x_wconf 79' lang='grc' dir='ltr'>όντας,</span> <span class='ocrx_word' id='word_1_844' title='bbox 3192 3769 3390 3830; x_wconf 82' lang='grc' dir='ltr'>εἰδότες</span> <span class='ocrx_word' id='word_1_845' title='bbox 3415 3769 3537 3821; x_wconf 83' lang='grc' dir='ltr'>ὅσον</span> <span class='ocrx_word' id='word_1_846' title='bbox 3565 3768 3660 3820; x_wconf 87' lang='grc' dir='ltr'>τοῦ</span> <span class='ocrx_word' id='word_1_847' title='bbox 3700 3767 4030 3839; x_wconf 82' lang='grc' dir='ltr'>πράγματος</span> 
     </span>
    </p>
   </div>
   <div class='ocr_carea' id='block_1_109' title="bbox 2439 3847 4034 3919">
    <p class='ocr_par' dir='ltr' id='par_1_109' title="bbox 2439 3847 4034 3919">
     <span class='ocr_line' id='line_1_110' title="bbox 2439 3847 4034 3919; baseline 0.001 -21"><span class='ocrx_word' id='word_1_848' title='bbox 2439 3847 2501 3898; x_wconf 83' lang='grc' dir='ltr'>τὸ</span> <span class='ocrx_word' id='word_1_849' title='bbox 2530 3847 2839 3914; x_wconf 87' lang='grc' dir='ltr'>ἐπισφαλές·</span> <span class='ocrx_word' id='word_1_850' title='bbox 2883 3849 2970 3901; x_wconf 85' lang='grc' dir='ltr'>ἵνα</span> <span class='ocrx_word' id='word_1_851' title='bbox 3000 3849 3268 3918; x_wconf 80' lang='grc' dir='ltr'>μηδέποτε</span> <span class='ocrx_word' id='word_1_852' title='bbox 3299 3851 3423 3912; x_wconf 76' lang='grc' dir='ltr'>τοὺς</span> <span class='ocrx_word' id='word_1_853' title='bbox 3451 3851 3508 3902; x_wconf 88' lang='grc' dir='ltr'>ἐν</span> <span class='ocrx_word' id='word_1_854' title='bbox 3541 3849 3700 3919; x_wconf 54' lang='grc' dir='ltr'>πενίᾳ⁵</span> <span class='ocrx_word' id='word_1_855' title='bbox 3731 3848 3823 3900; x_wconf 73' lang='grc' dir='ltr'>καὶ</span> <span class='ocrx_word' id='word_1_856' title='bbox 3843 3848 4034 3901; x_wconf 85' lang='grc' dir='ltr'>ταλαι-</span> 
     </span>
    </p>
   </div>
   <div class='ocr_carea' id='block_1_110' title="bbox 2440 3930 4032 4002">
    <p class='ocr_par' dir='ltr' id='par_1_110' title="bbox 2440 3930 4032 4002">
     <span class='ocr_line' id='line_1_111' title="bbox 2440 3930 4032 4002; baseline 0.001 -20"><span class='ocrx_word' id='word_1_857' title='bbox 2440 3931 2622 4001; x_wconf 82' lang='grc' dir='ltr'>πωρίᾳ</span> <span class='ocrx_word' id='word_1_858' title='bbox 2647 3930 2864 3994; x_wconf 87' lang='grc' dir='ltr'>ἀθλίους</span> <span class='ocrx_word' id='word_1_859' title='bbox 2901 3931 2914 3980; x_wconf 83' lang='lat' dir='ltr'>i</span> <span class='ocrx_word' id='word_1_860' title='bbox 2955 3932 3180 4002; x_wconf 81' lang='grc' dir='ltr'>ἡγῆσθε,</span> <span class='ocrx_word' id='word_1_861' title='bbox 3217 3933 3416 3996; x_wconf 85' lang='grc' dir='ltr'>εἰδότες</span> <span class='ocrx_word' id='word_1_862' title='bbox 3433 3934 3518 3986; x_wconf 73' lang='grc' dir='ltr'>ὅτι</span> <span class='ocrx_word' id='word_1_863' title='bbox 3545 3932 3741 3984; x_wconf 91' lang='grc' dir='ltr'>πλείων</span> <span class='ocrx_word' id='word_1_864' title='bbox 3771 3930 4032 3984; x_wconf 77' lang='grc' dir='ltr'>ἐντεῦθεν</span> 
     </span>
    </p>
   </div>
   <div class='ocr_carea' id='block_1_111' title="bbox 2442 4013 4034 4086">
    <p class='ocr_par' dir='ltr' id='par_1_111' title="bbox 2442 4013 4034 4086">
     <span class='ocr_line' id='line_1_112' title="bbox 2442 4013 4034 4086; baseline 0.001 -22"><span class='ocrx_word' id='word_1_865' title='bbox 2442 4014 2475 4081; x_wconf 84' lang='grc' dir='ltr'>ή</span> <span class='ocrx_word' id='word_1_866' title='bbox 2504 4013 2787 4080; x_wconf 86' lang='grc' dir='ltr'>ἀσφάλεια.</span> <span class='ocrx_word' id='word_1_867' title='bbox 2819 4014 2896 4065; x_wconf 84' lang='grc' dir='ltr'>Δι’</span> <span class='ocrx_word' id='word_1_868' title='bbox 2929 4013 2956 4066; x_wconf 82' lang='grc' dir='ltr'>δ</span> <span class='ocrx_word' id='word_1_869' title='bbox 2987 4015 3076 4065; x_wconf 71' lang='grc' dir='ltr'>καὶ</span> <span class='ocrx_word' id='word_1_870' title='bbox 3101 4016 3128 4066; x_wconf 93' lang='lat'>6</span> <span class='ocrx_word' id='word_1_871' title='bbox 3162 4016 3447 4086; x_wconf 77' lang='grc' dir='ltr'>Προφήτης</span> <span class='ocrx_word' id='word_1_872' title='bbox 3473 4015 3602 4068; x_wconf 88' lang='grc' dir='ltr'>ἐϐόα</span> <span class='ocrx_word' id='word_1_873' title='bbox 3632 4014 3823 4082; x_wconf 85' lang='grc' dir='ltr'>λέγων·</span> <span class='ocrx_word' id='word_1_874' title='bbox 3865 4015 4034 4083; x_wconf 76' lang='grc' dir='ltr'>Ἀγα-</span> 
     </span>
    </p>
   </div>
   <div class='ocr_carea' id='block_1_112' title="bbox 2441 4094 4035 4167">
    <p class='ocr_par' dir='ltr' id='par_1_112' title="bbox 2441 4094 4035 4167">
     <span class='ocr_line' id='line_1_113' title="bbox 2441 4094 4035 4167; baseline 0.002 -21"><span class='ocrx_word' id='word_1_875' title='bbox 2441 4095 2547 4146; x_wconf 81' lang='grc' dir='ltr'>θόν</span> <span class='ocrx_word' id='word_1_876' title='bbox 2560 4113 2676 4161; x_wconf 80' lang='grc' dir='ltr'>μοι.</span> <span class='ocrx_word' id='word_1_877' title='bbox 2699 4094 2890 4160; x_wconf 76' lang='grc' dir='ltr'>Κύριε,</span> <span class='ocrx_word' id='word_1_878' title='bbox 2923 4095 3010 4146; x_wconf 83' lang='grc' dir='ltr'>ὅτι</span> <span class='ocrx_word' id='word_1_879' title='bbox 3041 4095 3444 4162; x_wconf 70' lang='grc' dir='ltr'>ἐταπείνωσάς</span> <span class='ocrx_word' id='word_1_880' title='bbox 3462 4113 3556 4164; x_wconf 83' lang='grc' dir='ltr'>με.</span> <span class='ocrx_word' id='word_1_881' title='bbox 3575 4099 3714 4167; x_wconf 79' lang='grc' dir='ltr'>Ὅρα</span> <span class='ocrx_word' id='word_1_882' title='bbox 3745 4095 3880 4163; x_wconf 87' lang='grc' dir='ltr'>γοῦν</span> <span class='ocrx_word' id='word_1_883' title='bbox 3904 4099 4035 4149; x_wconf 85' lang='grc' dir='ltr'>ὅσον</span> 
     </span>
    </p>
   </div>
   <div class='ocr_carea' id='block_1_113' title="bbox 2441 4175 4034 4246">
    <p class='ocr_par' dir='ltr' id='par_1_113' title="bbox 2441 4175 4034 4246">
     <span class='ocr_line' id='line_1_114' title="bbox 2441 4175 4034 4246; baseline 0.003 -19"><span class='ocrx_word' id='word_1_884' title='bbox 2441 4176 2504 4228; x_wconf 81' lang='grc' dir='ltr'>ἐκ</span> <span class='ocrx_word' id='word_1_885' title='bbox 2551 4175 2644 4227; x_wconf 87' lang='grc' dir='ltr'>τοῦ</span> <span class='ocrx_word' id='word_1_886' title='bbox 2687 4175 2852 4243; x_wconf 73' lang='grc' dir='ltr'>ὕψους</span> <span class='ocrx_word' id='word_1_887' title='bbox 2888 4177 3078 4244; x_wconf 88' lang='grc' dir='ltr'>γέγονε</span> <span class='ocrx_word' id='word_1_888' title='bbox 3125 4178 3184 4229; x_wconf 85' lang='lat'>16</span> <span class='ocrx_word' id='word_1_889' title='bbox 3234 4179 3421 4231; x_wconf 83' lang='grc' dir='ltr'>κακόν.</span> <span class='ocrx_word' id='word_1_890' title='bbox 3464 4179 3686 4246; x_wconf 71' lang='grc' dir='ltr'>’Υψώθη</span> <span class='ocrx_word' id='word_1_891' title='bbox 3729 4180 3768 4246; x_wconf 76' lang='grc' dir='ltr'><strong><em>ἠ</em></strong></span> <span class='ocrx_word' id='word_1_892' title='bbox 3809 4179 4034 4246; x_wconf 78' lang='grc' dir='ltr'>καρδία</span> 
     </span>
    </p>
   </div>
   <div class='ocr_carea' id='block_1_114' title="bbox 2439 4257 4034 4330">
    <p class='ocr_par' dir='ltr' id='par_1_114' title="bbox 2439 4257 4034 4330">
     <span class='ocr_line' id='line_1_115' title="bbox 2439 4257 4034 4330; baseline 0.001 -20"><span class='ocrx_word' id='word_1_893' title='bbox 2439 4258 2624 4310; x_wconf 79' lang='grc' dir='ltr'>αὑτοῦ</span> <span class='ocrx_word' id='word_1_894' title='bbox 2670 4257 2779 4322; x_wconf 80' lang='grc' dir='ltr'>ἕως</span> <span class='ocrx_word' id='word_1_895' title='bbox 2823 4258 2929 4310; x_wconf 84' lang='grc' dir='ltr'>τοῦ</span> <span class='ocrx_word' id='word_1_896' title='bbox 2981 4258 3329 4327; x_wconf 63' lang='grc' dir='ltr'>διαφθεῖραι,</span> <span class='ocrx_word' id='word_1_897' title='bbox 3378 4260 3530 4330; x_wconf 85' lang='grc' dir='ltr'>φησί.</span> <span class='ocrx_word' id='word_1_898' title='bbox 3562 4260 3626 4311; x_wconf 90' lang='grc' dir='ltr'>Τί</span> <span class='ocrx_word' id='word_1_899' title='bbox 3676 4262 3842 4323; x_wconf 89' lang='grc' dir='ltr'>ἐστιν,</span> <span class='ocrx_word' id='word_1_900' title='bbox 3871 4262 4034 4324; x_wconf 82' lang='grc' dir='ltr'>Ἕως</span> 
     </span>
    </p>
   </div>
   <div class='ocr_carea' id='block_1_115' title="bbox 2439 4341 4036 4414">
    <p class='ocr_par' dir='ltr' id='par_1_115' title="bbox 2439 4341 4036 4414">
     <span class='ocr_line' id='line_1_116' title="bbox 2439 4341 4036 4414; baseline 0 -20"><span class='ocrx_word' id='word_1_901' title='bbox 2439 4342 2544 4394; x_wconf 87' lang='grc' dir='ltr'>τοῦ</span> <span class='ocrx_word' id='word_1_902' title='bbox 2576 4341 2944 4408; x_wconf 59' lang='grc' dir='ltr'>διαφθεζραω</span> <span class='ocrx_word' id='word_1_903' title='bbox 2977 4343 3094 4394; x_wconf 82' lang='grc' dir='ltr'>Τῶν</span> <span class='ocrx_word' id='word_1_904' title='bbox 3125 4344 3376 4414; x_wconf 86' lang='grc' dir='ltr'>πονηρῶν</span> <span class='ocrx_word' id='word_1_905' title='bbox 3394 4344 3666 4414; x_wconf 89' lang='grc' dir='ltr'>λογισμῶν</span> <span class='ocrx_word' id='word_1_906' title='bbox 3693 4345 3739 4396; x_wconf 89' lang='grc' dir='ltr'>οἰ</span> <span class='ocrx_word' id='word_1_907' title='bbox 3775 4343 3878 4412; x_wconf 87' lang='grc' dir='ltr'>μέν</span> <span class='ocrx_word' id='word_1_908' title='bbox 3908 4343 4036 4396; x_wconf 85' lang='grc' dir='ltr'>ούδέ</span> 
     </span>
    </p>
   </div>
   <div class='ocr_carea' id='block_1_116' title="bbox 2439 4424 4035 4496">
    <p class='ocr_par' dir='ltr' id='par_1_116' title="bbox 2439 4424 4035 4496">
     <span class='ocr_line' id='line_1_117' title="bbox 2439 4424 4035 4496; baseline 0.002 -22"><span class='ocrx_word' id='word_1_909' title='bbox 2439 4425 2572 4484; x_wconf 82' lang='grc' dir='ltr'>ὅλως</span> <span class='ocrx_word' id='word_1_910' title='bbox 2605 4424 2760 4493; x_wconf 82' lang='grc' dir='ltr'>ἡμῶν</span> <span class='ocrx_word' id='word_1_911' title='bbox 2805 4425 3139 4477; x_wconf 88' lang='grc' dir='ltr'>ἐπιϐαίνουσι</span> <span class='ocrx_word' id='word_1_912' title='bbox 3187 4429 3251 4495; x_wconf 80' lang='grc' dir='ltr'>τῇ</span> <span class='ocrx_word' id='word_1_913' title='bbox 3291 4427 3434 4496; x_wconf 83' lang='grc' dir='ltr'>ψυχῇ</span> <span class='ocrx_word' id='word_1_914' title='bbox 3459 4424 3507 4490; x_wconf 58' lang='grc' dir='ltr'>κ,</span> <span class='ocrx_word' id='word_1_915' title='bbox 3550 4427 3616 4478; x_wconf 87' lang='grc' dir='ltr'>ἂν</span> <span class='ocrx_word' id='word_1_916' title='bbox 3652 4426 3817 4494; x_wconf 81' lang='grc' dir='ltr'>πολλῇ</span> <span class='ocrx_word' id='word_1_917' title='bbox 3866 4442 4035 4494; x_wconf 82' lang='grc' dir='ltr'>περι-</span> 
     </span>
    </p>
   </div>
   <div class='ocr_carea' id='block_1_117' title="bbox 2441 4507 4032 4578">
    <p class='ocr_par' dir='ltr' id='par_1_117' title="bbox 2441 4507 4032 4578">
     <span class='ocr_line' id='line_1_118' title="bbox 2441 4507 4032 4578; baseline 0.001 -20"><span class='ocrx_word' id='word_1_918' title='bbox 2441 4507 2734 4578; x_wconf 82' lang='grc' dir='ltr'>φράξωμεν</span> <span class='ocrx_word' id='word_1_919' title='bbox 2793 4507 3019 4570; x_wconf 79' lang='grc' dir='ltr'>ἑαυτοὺς</span> <span class='ocrx_word' id='word_1_920' title='bbox 3069 4508 3352 4578; x_wconf 79' lang='grc' dir='ltr'>ἀσφαλείᾳ·</span> <span class='ocrx_word' id='word_1_921' title='bbox 3403 4510 3453 4561; x_wconf 85' lang='grc' dir='ltr'>οἰ</span> <span class='ocrx_word' id='word_1_922' title='bbox 3499 4509 3556 4561; x_wconf 85' lang='grc' dir='ltr'>δὲ</span> <span class='ocrx_word' id='word_1_923' title='bbox 3598 4509 3874 4561; x_wconf 85' lang='grc' dir='ltr'>τίκτονται</span> <span class='ocrx_word' id='word_1_924' title='bbox 3935 4509 4032 4576; x_wconf 90' lang='grc' dir='ltr'>μέν</span> 
     </span>
    </p>
   </div>
   <div class='ocr_carea' id='block_1_118' title="bbox 2441 4590 4033 4660">
    <p class='ocr_par' dir='ltr' id='par_1_118' title="bbox 2441 4590 4033 4660">
     <span class='ocr_line' id='line_1_119' title="bbox 2441 4590 4033 4660; baseline 0 -19"><span class='ocrx_word' id='word_1_925' title='bbox 2441 4591 2619 4654; x_wconf 77' lang='grc' dir='ltr'>ἔνδον,</span> <span class='ocrx_word' id='word_1_926' title='bbox 2665 4591 3093 4660; x_wconf 80' lang='grc' dir='ltr'>ρᾳθυμησάντων</span> <span class='ocrx_word' id='word_1_927' title='bbox 3147 4591 3201 4643; x_wconf 84' lang='grc' dir='ltr'>δέ</span> <span class='ocrx_word' id='word_1_928' title='bbox 3244 4592 3433 4660; x_wconf 83' lang='grc' dir='ltr'>ήμῶν,</span> <span class='ocrx_word' id='word_1_929' title='bbox 3477 4591 3572 4644; x_wconf 79' lang='grc' dir='ltr'>καὶ</span> <span class='ocrx_word' id='word_1_930' title='bbox 3612 4590 4033 4659; x_wconf 79' lang='grc' dir='ltr'>βλαστάνουσιν·</span> 
     </span>
    </p>
   </div>
   <div class='ocr_carea' id='block_1_119' title="bbox 2442 4670 4038 4741">
    <p class='ocr_par' dir='ltr' id='par_1_119' title="bbox 2442 4670 4038 4741">
     <span class='ocr_line' id='line_1_120' title="bbox 2442 4670 4038 4741; baseline -0.001 -17"><span class='ocrx_word' id='word_1_931' title='bbox 2442 4672 2506 4724; x_wconf 86' lang='grc' dir='ltr'>ἂν</span> <span class='ocrx_word' id='word_1_932' title='bbox 2536 4673 2590 4724; x_wconf 86' lang='grc' dir='ltr'>δὲ</span> <span class='ocrx_word' id='word_1_933' title='bbox 2617 4672 2997 4741; x_wconf 86' lang='grc' dir='ltr'>προληφθῶσιν</span> <span class='ocrx_word' id='word_1_934' title='bbox 3025 4670 3067 4735; x_wconf 71' lang='grc' dir='ltr'>ι,</span> <span class='ocrx_word' id='word_1_935' title='bbox 3097 4673 3484 4739; x_wconf 85' lang='grc' dir='ltr'>ἀποπνίγονται</span> <span class='ocrx_word' id='word_1_936' title='bbox 3511 4672 3718 4740; x_wconf 88' lang='grc' dir='ltr'>ταχέως</span> <span class='ocrx_word' id='word_1_937' title='bbox 3741 4672 3835 4722; x_wconf 73' lang='grc' dir='ltr'>καὶ</span> <span class='ocrx_word' id='word_1_938' title='bbox 3859 4689 4038 4723; x_wconf 85' lang='grc' dir='ltr'>κατα-</span> 
     </span>
    </p>
   </div>
   <div class='ocr_carea' id='block_1_120' title="bbox 2441 4753 4038 4822">
    <p class='ocr_par' dir='ltr' id='par_1_120' title="bbox 2441 4753 4038 4822">
     <span class='ocr_line' id='line_1_121' title="bbox 2441 4753 4038 4822; baseline 0 -18"><span class='ocrx_word' id='word_1_939' title='bbox 2441 4753 2759 4822; x_wconf 73' lang='grc' dir='ltr'>χώννυνται.</span> <span class='ocrx_word' id='word_1_940' title='bbox 2789 4754 2968 4806; x_wconf 84' lang='grc' dir='ltr'>Ἀλλοι</span> <span class='ocrx_word' id='word_1_941' title='bbox 2999 4756 3092 4806; x_wconf 69' lang='grc' dir='ltr'>καὶ</span> <span class='ocrx_word' id='word_1_942' title='bbox 3119 4755 3412 4818; x_wconf 87' lang='grc' dir='ltr'>τίκτονται,</span> <span class='ocrx_word' id='word_1_943' title='bbox 3444 4756 3536 4807; x_wconf 73' lang='grc' dir='ltr'>καὶ</span> <span class='ocrx_word' id='word_1_944' title='bbox 3559 4755 3910 4818; x_wconf 78' lang='grc' dir='ltr'>αὐξάνονται,</span> <span class='ocrx_word' id='word_1_945' title='bbox 3939 4755 4038 4805; x_wconf 75' lang='grc' dir='ltr'>καὶ</span> 
     </span>
    </p>
   </div>
   <div class='ocr_carea' id='block_1_121' title="bbox 2440 4835 4040 4905">
    <p class='ocr_par' dir='ltr' id='par_1_121' title="bbox 2440 4835 4040 4905">
     <span class='ocr_line' id='line_1_122' title="bbox 2440 4835 4040 4905; baseline 0.001 -18"><span class='ocrx_word' id='word_1_946' title='bbox 2440 4835 2575 4905; x_wconf 75' lang='grc' dir='ltr'>πρὸς</span> <span class='ocrx_word' id='word_1_947' title='bbox 2616 4835 2714 4898; x_wconf 83' lang='grc' dir='ltr'>τὰς</span> <span class='ocrx_word' id='word_1_948' title='bbox 2761 4837 3000 4904; x_wconf 76' lang='grc' dir='ltr'>πονηρὰς</span> <span class='ocrx_word' id='word_1_949' title='bbox 3055 4835 3363 4890; x_wconf 86' lang='grc' dir='ltr'>ἐκϐαίνουσι</span> <span class='ocrx_word' id='word_1_950' title='bbox 3411 4837 3656 4905; x_wconf 78' lang='grc' dir='ltr'>πράξεις,</span> <span class='ocrx_word' id='word_1_951' title='bbox 3701 4838 3797 4888; x_wconf 69' lang='grc' dir='ltr'>καὶ</span> <span class='ocrx_word' id='word_1_952' title='bbox 3843 4839 4040 4888; x_wconf 78' lang='grc' dir='ltr'>πᾶσαν</span> 
     </span>
    </p>
   </div>
   <div class='ocr_carea' id='block_1_122' title="bbox 2438 4919 4039 4990">
    <p class='ocr_par' dir='ltr' id='par_1_122' title="bbox 2438 4919 4039 4990">
     <span class='ocr_line' id='line_1_123' title="bbox 2438 4919 4039 4990; baseline -0.001 -20"><span class='ocrx_word' id='word_1_953' title='bbox 2438 4919 2596 4988; x_wconf 80' lang='grc' dir='ltr'>ἡμῶν</span> <span class='ocrx_word' id='word_1_954' title='bbox 2633 4921 2728 4988; x_wconf 80' lang='grc' dir='ltr'>τῆς</span> <span class='ocrx_word' id='word_1_955' title='bbox 2754 4920 2929 4989; x_wconf 83' lang='grc' dir='ltr'>ψυχῆς</span> <span class='ocrx_word' id='word_1_956' title='bbox 2965 4920 3064 4989; x_wconf 83' lang='grc' dir='ltr'>τὴν</span> <span class='ocrx_word' id='word_1_957' title='bbox 3101 4920 3288 4986; x_wconf 89' lang='grc' dir='ltr'>ὑγείαν</span> <span class='ocrx_word' id='word_1_958' title='bbox 3325 4920 3747 4990; x_wconf 72' lang='grc' dir='ltr'>διαφθείρουσιν,</span> <span class='ocrx_word' id='word_1_959' title='bbox 3804 4921 3944 4972; x_wconf 78' lang='grc' dir='ltr'>ὅταν</span> <span class='ocrx_word' id='word_1_960' title='bbox 3979 4923 4039 4972; x_wconf 81' lang='grc' dir='ltr'>ἐν</span> 
     </span>
    </p>
   </div>
   <div class='ocr_carea' id='block_1_123' title="bbox 2442 4997 4039 5071">
    <p class='ocr_par' dir='ltr' id='par_1_123' title="bbox 2442 4997 4039 5071">
     <span class='ocr_line' id='line_1_124' title="bbox 2442 4997 4039 5071; baseline 0 -19"><span class='ocrx_word' id='word_1_961' title='bbox 2442 5002 2606 5070; x_wconf 83' lang='grc' dir='ltr'>πολλῆ</span> <span class='ocrx_word' id='word_1_962' title='bbox 2658 5001 2942 5070; x_wconf 82' lang='grc' dir='ltr'>γενώμεθα</span> <span class='ocrx_word' id='word_1_963' title='bbox 2994 5001 3248 5071; x_wconf 73' lang='grc' dir='ltr'>ῥαθυμίᾳ.</span> <span class='ocrx_word' id='word_1_964' title='bbox 3305 5001 3475 5054; x_wconf 90' lang='grc' dir='ltr'>Τοῦτο</span> <span class='ocrx_word' id='word_1_965' title='bbox 3547 4997 3640 5054; x_wconf 84' lang='grc' dir='ltr'>οὖν</span> <span class='ocrx_word' id='word_1_966' title='bbox 3699 5019 3888 5071; x_wconf 82' lang='grc' dir='ltr'>φησιν,</span> <span class='ocrx_word' id='word_1_967' title='bbox 3954 5003 4039 5055; x_wconf 84' lang='grc' dir='ltr'>ὅτι</span> 
     </span>
    </p>
   </div>
   <div class='ocr_carea' id='block_1_124' title="bbox 2454 5083 4036 5154">
    <p class='ocr_par' dir='ltr' id='par_1_124' title="bbox 2454 5083 4036 5154">
     <span class='ocr_line' id='line_1_125' title="bbox 2454 5083 4036 5154; baseline 0.001 -19"><span class='ocrx_word' id='word_1_968' title='bbox 2454 5083 2680 5151; x_wconf 65' lang='grc' dir='ltr'>’Υψώθη</span> <span class='ocrx_word' id='word_1_969' title='bbox 2717 5087 2752 5150; x_wconf 78' lang='grc' dir='ltr'>ἡ</span> <span class='ocrx_word' id='word_1_970' title='bbox 2799 5084 3009 5149; x_wconf 81' lang='grc' dir='ltr'>καρδία</span> <span class='ocrx_word' id='word_1_971' title='bbox 3053 5084 3257 5136; x_wconf 83' lang='grc' dir='ltr'>αὑτοῦ·</span> <span class='ocrx_word' id='word_1_972' title='bbox 3309 5084 3403 5136; x_wconf 67' lang='grc' dir='ltr'>καὶ</span> <span class='ocrx_word' id='word_1_973' title='bbox 3437 5084 3536 5135; x_wconf 79' lang='grc' dir='ltr'>οὑκ</span> <span class='ocrx_word' id='word_1_974' title='bbox 3569 5083 3781 5153; x_wconf 76' lang='grc' dir='ltr'>ἔμεινεν</span> <span class='ocrx_word' id='word_1_975' title='bbox 3810 5084 3971 5136; x_wconf 83' lang='grc' dir='ltr'>ἐνδον</span> <span class='ocrx_word' id='word_1_976' title='bbox 4003 5089 4036 5154; x_wconf 78' lang='grc' dir='ltr'><strong>ὴ</strong></span> 
     </span>
    </p>
   </div>
   <div class='ocr_carea' id='block_1_125' title="bbox 2441 5167 4037 5239">
    <p class='ocr_par' dir='ltr' id='par_1_125' title="bbox 2441 5167 4037 5239">
     <span class='ocr_line' id='line_1_126' title="bbox 2441 5167 4037 5239; baseline -0.001 -18"><span class='ocrx_word' id='word_1_977' title='bbox 2441 5169 2686 5232; x_wconf 83' lang='grc' dir='ltr'>ἀπόνοια,</span> <span class='ocrx_word' id='word_1_978' title='bbox 2721 5169 2840 5221; x_wconf 74' lang='grc' dir='ltr'>οὐδὲ</span> <span class='ocrx_word' id='word_1_979' title='bbox 2869 5167 3224 5238; x_wconf 85' lang='grc' dir='ltr'>κατεσϐέσθη,</span> <span class='ocrx_word' id='word_1_980' title='bbox 3256 5167 3369 5222; x_wconf 87' lang='grc' dir='ltr'>ἀλλ’</span> <span class='ocrx_word' id='word_1_981' title='bbox 3400 5167 3711 5238; x_wconf 79' lang='grc' dir='ltr'>ἐξεπήδησε,</span> <span class='ocrx_word' id='word_1_982' title='bbox 3753 5167 3848 5220; x_wconf 76' lang='grc' dir='ltr'>καὶ</span> <span class='ocrx_word' id='word_1_983' title='bbox 3888 5170 4037 5239; x_wconf 73' lang='grc' dir='ltr'>πρὸς</span> 
     </span>
    </p>
   </div>
   <div class='ocr_carea' id='block_1_126' title="bbox 2503 5409 3092 5472">
    <p class='ocr_par' dir='ltr' id='par_1_126' title="bbox 2503 5409 3092 5472">
     <span class='ocr_line' id='line_1_127' title="bbox 2503 5409 3092 5472; baseline -0.002 -14"><span class='ocrx_word' id='word_1_984' title='bbox 2503 5413 2527 5472; x_wconf 58' lang='grc' dir='ltr'>Β</span> <span class='ocrx_word' id='word_1_985' title='bbox 2555 5411 2688 5472; x_wconf 61' lang='lat' dir='ltr'><strong>Alius</strong></span> <span class='ocrx_word' id='word_1_986' title='bbox 2713 5409 2805 5472; x_wconf 88' lang='grc' dir='ltr'>πῦρ</span> <span class='ocrx_word' id='word_1_987' title='bbox 2826 5411 3092 5472; x_wconf 67' lang='grc' dir='ltr'>ἀνάπτεται.</span> 
     </span>
    </p>
   </div>
   <div class='ocr_carea' id='block_1_127' title="bbox 2498 5470 4042 5533">
    <p class='ocr_par' dir='ltr' id='par_1_127' title="bbox 2498 5470 4042 5533">
     <span class='ocr_line' id='line_1_128' title="bbox 2498 5470 4042 5533; baseline 0 -15"><span class='ocrx_word' id='word_1_988' title='bbox 2498 5470 2528 5508; x_wconf 77' lang='lat' dir='ltr'><strong>h</strong></span> <span class='ocrx_word' id='word_1_989' title='bbox 2555 5470 2658 5518; x_wconf 89' lang='lat' dir='ltr'>Duo</span> <span class='ocrx_word' id='word_1_990' title='bbox 2679 5470 2792 5518; x_wconf 58' lang='lat' dir='ltr'>mss;</span> <span class='ocrx_word' id='word_1_991' title='bbox 2816 5472 3031 5533; x_wconf 84' lang='grc' dir='ltr'>λαμπρᾲν</span> <span class='ocrx_word' id='word_1_992' title='bbox 3055 5471 3166 5533; x_wconf 80' lang='grc' dir='ltr'>ἧψε,</span> <span class='ocrx_word' id='word_1_993' title='bbox 3193 5482 3252 5518; x_wconf 82' lang='lat' dir='ltr'>ex</span> <span class='ocrx_word' id='word_1_994' title='bbox 3286 5475 3585 5532; x_wconf 73' lang='lat' dir='ltr'>repetitione</span> <span class='ocrx_word' id='word_1_995' title='bbox 3609 5470 3693 5519; x_wconf 83' lang='grc' dir='ltr'>τοῦ</span> <span class='ocrx_word' id='word_1_996' title='bbox 3734 5488 3791 5518; x_wconf 90' lang='grc' dir='ltr'>αν</span> <span class='ocrx_word' id='word_1_997' title='bbox 3814 5471 4042 5520; x_wconf 69' lang='lat' dir='ltr'>deti-nn-</span> 
     </span>
    </p>
   </div>
   <div class='ocr_carea' id='block_1_128' title="bbox 2437 5531 4039 5592">
    <p class='ocr_par' dir='ltr' id='par_1_128' title="bbox 2437 5531 4039 5592">
     <span class='ocr_line' id='line_1_129' title="bbox 2437 5531 4039 5592; baseline 0.002 -12"><span class='ocrx_word' id='word_1_998' title='bbox 2437 5539 2538 5580; x_wconf 72' lang='lat' dir='ltr'>cata</span> <span class='ocrx_word' id='word_1_999' title='bbox 2564 5533 2714 5591; x_wconf 85' lang='lat' dir='ltr'>prima</span> <span class='ocrx_word' id='word_1_1000' title='bbox 2739 5531 3026 5591; x_wconf 71' lang='lat' dir='ltr'>posterioris</span> <span class='ocrx_word' id='word_1_1001' title='bbox 3046 5531 3178 5581; x_wconf 56' lang='lat' dir='ltr'>vo&#39;cis</span> <span class='ocrx_word' id='word_1_1002' title='bbox 3199 5531 3401 5592; x_wconf 70' lang='lat' dir='ltr'>syllaba.</span> <span class='ocrx_word' id='word_1_1003' title='bbox 3429 5533 3553 5582; x_wconf 61' lang='lat' dir='ltr'><strong>Inira</strong></span> <span class='ocrx_word' id='word_1_1004' title='bbox 3590 5546 3712 5581; x_wconf 86' lang='lat' dir='ltr'>unus</span> <span class='ocrx_word' id='word_1_1005' title='bbox 3732 5534 3916 5580; x_wconf 81' lang='grc' dir='ltr'>εὑθέων</span> <span class='ocrx_word' id='word_1_1006' title='bbox 3935 5537 4039 5583; x_wconf 81' lang='grc' dir='ltr'>τῶν</span> 
     </span>
    </p>
   </div>
   <div class='ocr_carea' id='block_1_129' title="bbox 2435 5594 2951 5655">
    <p class='ocr_par' dir='ltr' id='par_1_129' title="bbox 2435 5594 2951 5655">
     <span class='ocr_line' id='line_1_130' title="bbox 2435 5594 2951 5655; baseline -0.004 -15"><span class='ocrx_word' id='word_1_1007' title='bbox 2435 5596 2651 5655; x_wconf 82' lang='grc' dir='ltr'>ὁρώντων</span> <span class='ocrx_word' id='word_1_1008' title='bbox 2678 5594 2951 5654; x_wconf 75' lang='grc' dir='ltr'>ἐμπίπρησι.</span> 
     </span>
    </p>
   </div>
   <div class='ocr_carea' id='block_1_130' title="bbox 2506 5653 3298 5710">
    <p class='ocr_par' dir='ltr' id='par_1_130' title="bbox 2506 5653 3298 5710">
     <span class='ocr_line' id='line_1_131' title="bbox 2506 5653 3298 5710; baseline 0.003 -10"><span class='ocrx_word' id='word_1_1009' title='bbox 2506 5667 2516 5691; x_wconf 87' lang='grc' dir='ltr'>ι</span> <span class='ocrx_word' id='word_1_1010' title='bbox 2555 5657 2736 5710; x_wconf 69' lang='grc' dir='ltr'>Πολλῆς</span> <span class='ocrx_word' id='word_1_1011' title='bbox 2759 5653 2901 5701; x_wconf 70' lang='lat' dir='ltr'>deest</span> <span class='ocrx_word' id='word_1_1012' title='bbox 2923 5656 2970 5701; x_wconf 87' lang='lat' dir='ltr'>in</span> <span class='ocrx_word' id='word_1_1013' title='bbox 2999 5653 3151 5703; x_wconf 71' lang='lat' dir='ltr'>tribus</span> <span class='ocrx_word' id='word_1_1014' title='bbox 3183 5668 3298 5702; x_wconf 89' lang='lat' dir='ltr'>mss.</span> 
     </span>
    </p>
   </div>
   <div class='ocr_carea' id='block_1_131' title="bbox 2505 5713 4043 5780">
    <p class='ocr_par' dir='ltr' id='par_1_131' title="bbox 2505 5713 4043 5780">
     <span class='ocr_line' id='line_1_132' title="bbox 2505 5713 4043 5780; baseline 0.002 -19"><span class='ocrx_word' id='word_1_1015' title='bbox 2505 5716 2517 5764; x_wconf 81' lang='lat' dir='ltr'>j</span> <span class='ocrx_word' id='word_1_1016' title='bbox 2553 5716 2674 5766; x_wconf 82' lang='lat' dir='ltr'>Tres</span> <span class='ocrx_word' id='word_1_1017' title='bbox 2701 5715 2973 5780; x_wconf 48' lang='lat' dir='ltr'>@§§._1tevial</span> <span class='ocrx_word' id='word_1_1018' title='bbox 3010 5717 3091 5780; x_wconf 64' lang='grc' dir='ltr'>καί</span> <span class='ocrx_word' id='word_1_1019' title='bbox 3134 5717 3426 5780; x_wconf 66' lang='grc' dir='ltr'>ταλαιπωρίᾳ</span> <span class='ocrx_word' id='word_1_1020' title='bbox 3458 5717 3661 5780; x_wconf 75' lang='grc' dir='ltr'>ἀθλίους,</span> <span class='ocrx_word' id='word_1_1021' title='bbox 3684 5721 3757 5780; x_wconf 23' lang='lat' dir='ltr'>Det</span> <span class='ocrx_word' id='word_1_1022' title='bbox 3780 5713 3855 5763; x_wconf 87' lang='lat' dir='ltr'>sic</span> <span class='ocrx_word' id='word_1_1023' title='bbox 3905 5716 4043 5778; x_wconf 56' lang='lat' dir='ltr'>leg‘t</span> 
     </span>
    </p>
   </div>
   <div class='ocr_carea' id='block_1_132' title="bbox 2437 5776 3788 5841">
    <p class='ocr_par' dir='ltr' id='par_1_132' title="bbox 2437 5776 3788 5841">
     <span class='ocr_line' id='line_1_133' title="bbox 2437 5776 3788 5841; baseline -0.002 -15"><span class='ocrx_word' id='word_1_1024' title='bbox 2437 5779 2678 5841; x_wconf 63' lang='lat' dir='ltr'>Erosmps.</span> <span class='ocrx_word' id='word_1_1025' title='bbox 2708 5776 2983 5841; x_wconf 23' lang='lat' dir='ltr'>EdiAli‘ver&#39;o</span> <span class='ocrx_word' id='word_1_1026' title='bbox 3003 5777 3049 5823; x_wconf 86' lang='grc' dir='ltr'>ἐν</span> <span class='ocrx_word' id='word_1_1027' title='bbox 3071 5777 3205 5838; x_wconf 77' lang='grc' dir='ltr'>πενίᾳ</span> <span class='ocrx_word' id='word_1_1028' title='bbox 3238 5778 3318 5824; x_wconf 82' lang='grc' dir='ltr'>καὶ</span> <span class='ocrx_word' id='word_1_1029' title='bbox 3351 5776 3558 5841; x_wconf 71' lang='grc' dir='ltr'>εὐτελείᾳ</span> <span class='ocrx_word' id='word_1_1030' title='bbox 3591 5776 3788 5830; x_wconf 81' lang='grc' dir='ltr'>ἀθλίους.</span> 
     </span>
    </p>
   </div>
   <div class='ocr_carea' id='block_1_133' title="bbox 2499 5837 3275 5899">
    <p class='ocr_par' dir='ltr' id='par_1_133' title="bbox 2499 5837 3275 5899">
     <span class='ocr_line' id='line_1_134' title="bbox 2499 5837 3275 5899; baseline 0 -15"><span class='ocrx_word' id='word_1_1031' title='bbox 2499 5839 2522 5899; x_wconf 61' lang='grc' dir='ltr'>ξι</span> <span class='ocrx_word' id='word_1_1032' title='bbox 2550 5839 2580 5884; x_wconf 75' lang='grc' dir='ltr'><strong>Α</strong></span> <span class='ocrx_word' id='word_1_1033' title='bbox 2594 5837 2683 5899; x_wconf 66' lang='lat' dir='ltr'>lius</span> <span class='ocrx_word' id='word_1_1034' title='bbox 2706 5837 2995 5884; x_wconf 73' lang='grc' dir='ltr'>ἐπιϐαίνουσι</span> <span class='ocrx_word' id='word_1_1035' title='bbox 3016 5844 3097 5895; x_wconf 85' lang='grc' dir='ltr'>τῆς</span> <span class='ocrx_word' id='word_1_1036' title='bbox 3112 5837 3275 5899; x_wconf 65' lang='grc' dir='ltr'>ψυχῆς.</span> 
     </span>
    </p>
   </div>
   <div class='ocr_carea' id='block_1_134' title="bbox 2503 5897 3052 5960">
    <p class='ocr_par' dir='ltr' id='par_1_134' title="bbox 2503 5897 3052 5960">
     <span class='ocr_line' id='line_1_135' title="bbox 2503 5897 3052 5960; baseline -0.013 -11"><span class='ocrx_word' id='word_1_1037' title='bbox 2503 5897 2525 5939; x_wconf 62' lang='grc' dir='ltr'>λ</span> <span class='ocrx_word' id='word_1_1038' title='bbox 2551 5897 2648 5949; x_wconf 70' lang='lat' dir='ltr'>Alii</span> <span class='ocrx_word' id='word_1_1039' title='bbox 2676 5901 3052 5960; x_wconf 62' lang='grc' dir='ltr'>καταληφθῶσιν.</span> 
     </span>
    </p>
   </div>
  </div>
