4148 6306
116 358 211 413 117

121 456 361 511 satorem,
386 459 546 502 nemo
564 447 988 504 contradictores
1008 457 1110 504 est.
1134 448 1271 515 Quid
1293 450 1449 521 igitur
1469 450 1542 504 ait
1560 449 1697 504 Pau-

126 538 199 590 lus
212 537 493 593 Timotheo
516 539 793 593 scribens?
826 540 929 606 Qui
959 555 1127 610 nuper
1164 542 1591 610 praedicationem
1622 550 1679 594 at-

125 631 245 700 tigit,
274 644 400 683 eum
432 645 536 684 non
562 640 809 699 oportere
830 630 896 684 ad
918 646 1180 687 sunimam
1212 632 1444 701 episc0pi
1474 632 1701 701 dignita-

123 732 211 772 ιριιι
241 721 420 786 evehi,
452 721 535 775 his
575 736 764 792 nempe
790 721 1000 777 verbis:
1030 721 1150 777 Non
1180 724 1510 793 neaphytum,
1558 740 1619 777 ne
1647 724 1698 777 in

118 811 392 877 superbiam
409 811 590 877 elatus,
615 813 665 864 in
679 813 930 882 judicium
948 813 1154 878 incidat,
1182 824 1226 867 et
1252 816 1304 867 in
1330 813 1566 887 laqueum
1587 814 1701 867 dia-

121 905 206 956 tati
239 903 310 972 (ί.
350 904 481 958 Tim.
514 905 566 959 ὅ.
590 904 676 974 6);
724 920 790 959 ne
834 904 1046 973 eadem,
1086 906 1272 977 inquit,
1323 924 1548 978 peccans
1573 923 1695 964 cum

120 1002 216 1068 illo,
246 1001 435 1055 eadem
467 1017 586 1056 cum
618 1002 708 1056 illo
734 1003 983 1071 patiatur.

176 1092 225 1147 4.
258 1092 493 1147 Alienum
520 1093 885 1164 improbitatem
911 1092 1089 1148 solatio
1114 1108 1220 1147 esse
1248 1090 1697 1162 improbis—HOC

119 1199 233 1239 vero
265 1200 371 1239 non
405 1186 528 1239 liiuc
554 1187 722 1239 solum
751 1196 830 1240 est
860 1185 1224 1255 perspicuum,
1244 1200 1425 1240 verum
1446 1184 1605 1240 etiam
1628 1198 1696 1239 ex

119 1281 171 1332 iis
186 1296 305 1349 qua:
322 1280 582 1335 scelestus
601 1280 689 1334 ille
712 1279 922 1335 dmmon
949 1281 1120 1351 primo
1142 1280 1339 1333 homini
1368 1280 1558 1333 suasit.
1582 1278 1697 1333 Sic-

120 1378 167 1423 ut
203 1370 347 1424 enim
390 1370 543 1425 bonis
584 1370 670 1424 hic
699 1384 814 1424 mos
845 1380 959 1435 est,
1015 1385 1110 1440 per
1149 1385 1267 1440 qua:
1298 1369 1394 1438 ipsi
1423 1370 1542 1423 facti
1573 1377 1697 1422 sunt

118 1462 268 1527 boni,
298 1462 367 1516 ad
392 1461 577 1517 eadem
601 1461 876 1518 exhortari
908 1462 1179 1532 proximos
1203 1478 1223 1515 :
1253 1463 1320 1516 ita
1347 1471 1401 1517 et
1425 1462 1582 1516 malis
1610 1462 1697 1516 hic

118 1562 189 1608 est
230 1567 349 1608 mos
370 1595 387 1619 ,
431 1569 527 1624 per
569 1568 687 1624 qua:
717 1554 815 1624 ipsi
842 1562 966 1610 sunt
997 1553 1259 1624 improbi,
1291 1552 1479 1609 eadem
1506 1551 1695 1608 vicinis

118 1646 383 1702 invehere.
409 1646 543 1701 Nam
572 1661 674 1701 una
704 1646 820 1702 haec
849 1655 935 1700 est
962 1646 1175 1701 illorum
1208 1645 1423 1700 malitiae
1452 1646 1658 1715 species
1677 1684 1692 1709 ,

118 1747 167 1792 ut
208 1738 437 1793 aliorum
488 1737 774 1807 perniciem
822 1737 1072 1791 solatium
1112 1736 1195 1791 sui
1239 1736 1482 1806 supplicii
1520 1736 1691 1791 existi-

116 1839 276 1884 ment.
319 1828 459 1895 Quid
502 1829 660 1901 igitur
684 1829 932 1883 diabolus
957 1829 1125 1883 suasit
1155 1828 1401 1884 Adamo?
1427 1828 1498 1883 Ut
1523 1828 1697 1883 conci-

118 1928 260 1987 peret
282 1918 659 1988 cogitationem
680 1934 775 1976 sua
802 1928 989 1973 natura
1018 1919 1273 1988 majorem
1298 1960 1316 1987 ,
1343 1920 1548 1988 sibique
1572 1933 1695 1973 cum

126 2012 221 2065 Deo
250 2022 496 2082 speraret
522 2012 876 2082 aequalitatem
906 2011 1057 2082 (Gen.
1090 2013 1168 2082 3).
1200 2012 1253 2067 Si
1283 2013 1457 2073 enim.
1492 2012 1694 2080 inquit,

118 2105 222 2157 haec
252 2119 340 2158 res
365 2118 451 2158 me
472 2103 539 2159 de
558 2103 690 2159 caelo
709 2104 941 2172 expulit,
966 2102 1133 2157 multo
1154 2102 1321 2171 magis
1342 2102 1529 2155 eadem
1556 2102 1698 2156 hunc

117 2194 284 2262 cjiciet
327 2209 360 2247 e
407 2194 672 2263 paradiso.
717 2194 1056 2263 Quapropter
1093 2204 1146 2249 et
1180 2194 1434 2250 Salomon
1472 2195 1606 2249 dixit
1636 2196 1650 2225 ¹
1680 2212 1693 2249 :

121 2287 245 2339 Deus
258 2285 485 2354 superbis
505 2286 687 2339 resistit
710 2284 886 2354 (Prov.
911 2288 962 2340 5.
984 2286 1070 2340 54.
1099 2284 1270 2339 1.Ρει.
1291 2286 1343 2340 5.
1372 2287 1425 2339 5.
1448 2293 1495 2337 et
1515 2283 1695 2338 Iacob.

118 2378 164 2430 4.
203 2376 278 2447 6).
307 2377 423 2431 Non
455 2378 587 2432 dixit
620 2395 634 2430 :
664 2378 802 2431 Deus
831 2377 1093 2445 superbos
1122 2377 1378 2442 dimittit,
1408 2385 1461 2431 et
1488 2377 1540 2430 in
1572 2391 1697 2446 pec-

115 2470 242 2522 catis
284 2469 513 2535 deserit,
564 2484 763 2539 suoque
808 2471 973 2523 nudat
1017 2468 1409 2533 auxilio:sed,
1458 2468 1697 2533 Resistit,

120 2561 326 2627 inquit:
358 2575 463 2613 non
504 2560 643 2629 quod
685 2560 940 2613 instructa
982 2560 1097 2614 acie
1140 2570 1230 2614 aut
1276 2576 1446 2630 pugna
1488 2560 1597 2613 Deo
1632 2558 1700 2614 sit

114 2666 243 2716 opus
271 2650 528 2704 adversus
564 2650 851 2718 superbum
879 2667 893 2713 ;
939 2651 1062 2719 quid
1103 2651 1245 2705 enim
1272 2665 1389 2705 esse
1416 2651 1582 2721 possit
1607 2664 1700 2703 su-

118 2742 276 2807 perbo
307 2739 566 2793 infirmius
590 2740 611 2792 ?
640 2740 771 2794 Nam
798 2752 852 2793 ut
875 2742 964 2811 qui
988 2741 1205 2795 orbatus
1230 2749 1313 2795 est
1338 2741 1507 2795 oculis
1528 2782 1544 2807 ,
1577 2756 1698 2794 om-

116 2834 258 2884 nium
289 2833 561 2901 expositus
588 2842 669 2886 est
697 2832 904 2901 injuria:
926 2874 940 2896 ,
973 2833 1043 2886 ita
1072 2842 1127 2887 et
1154 2833 1450 2901 superbus,
1475 2831 1565 2901 qui
1593 2845 1700 2885 non

118 2926 261 2977 videt
304 2924 585 2977 Dominum
636 2922 779 2995 (nam
832 2921 1048 2976 Initium
1096 2923 1373 2992 superbite,
1423 2931 1481 2976 ut
1532 2922 1702 2992 inquit

116 3018 416 3086 Scriptura,
449 3026 521 3070 est
562 3033 661 3070 non
706 3032 849 3071 nosse
895 3015 1170 3070 Dominum
1207 3014 1394 3088 [Εεειὲο
1424 3017 1511 3071 40·
1543 3012 1699 3087 14])ν

117 3111 276 3162 etiam
302 3109 367 3163 ab
391 3108 693 3162 hominibus
719 3107 870 3162 facile
896 3116 1206 3175 superatur,
1237 3116 1579 3176 posteaquam
1610 3122 1705 3159 ex-

114 3199 245 3253 cidit
266 3200 331 3253 ab
360 3201 449 3253 illa
482 3200 620 3253 luce.
652 3198 801 3266 Quod
830 3200 874 3252 si
905 3200 1063 3252 etiam
1088 3198 1293 3251 validus
1316 3213 1376 3251 ac
1407 3206 1594 3266 potens
1619 3210 1704 3249 es-

113 3301 195 3343 set
231 3292 490 3361 superbus
508 3332 521 3353 ,
565 3289 694 3343 nihil
719 3304 852 3358 opus
879 3297 1023 3343 esset
1048 3289 1157 3342 Deo
1183 3290 1417 3342 exercitu
1446 3287 1702 3341 adversus

116 3384 266 3437 illum
315 3402 328 3440 :
377 3385 461 3438 cui
508 3383 651 3437 enim
695 3383 940 3436 voluntas
979 3381 1108 3435 satis
1151 3380 1337 3435 fuitad
1366 3378 1702 3448 producenda

111 3474 295 3527 omnia
311 3515 325 3539 ,
351 3474 517 3527 multo
541 3474 706 3543 magis
728 3471 1000 3527 sufﬂeeret
1021 3471 1087 3526 ad
1107 3487 1170 3527 ea
1196 3471 1450 3526 tollenda.
1479 3470 1585 3525 Cur
1606 3471 1703 3539 igi-

115 3576 230 3631 tur,
272 3567 475 3636 inquies
499 3607 512 3627 ,
560 3564 801 3620 resistit?
827 3564 980 3630 Quod
1006 3566 1293 3619 vehemens
1316 3564 1494 3618 odium
1525 3564 1704 3618 decla-

110 3668 194 3710 mt
223 3673 348 3727 erga
377 3658 686 3726 superbum.
717 3656 896 3726 Itaque
922 3657 1222 3726 superbiam
1249 3672 1368 3710 esse
1392 3656 1583 3709 vulnus
1610 3670 1705 3724 pe-

112 3748 445 3815 riculosum,
492 3757 602 3802 tum
644 3764 708 3802 ex
749 3747 832 3800 his
868 3762 989 3817 qua;
1022 3746 1292 3813 diximus,
1332 3756 1441 3799 tum
1482 3760 1547 3799 ex
1588 3745 1704 3798 aliis

109 3839 461 3908 perspicuum
482 3847 580 3893 est.
610 3836 760 3904 Quod
786 3837 831 3891 si
852 3838 1012 3891 vultis
1030 3877 1046 3901 ,
1077 3837 1237 3891 etiam
1264 3851 1480 3890 causam
1508 3836 1696 3904 ipsam,

109 3930 261 3985 unde
290 3930 483 3985 vulnus
502 3930 603 3983 hoc
625 3929 853 3995 accidit,
879 3928 1091 3983 aliunde
1116 3929 1403 3983 discamus.
1428 3926 1705 3997 Siquidem

109 4023 201 4077 hic
253 4020 544 4091 Scriptura:
584 4035 700 4074 mos
743 4029 863 4084 est,
911 4020 957 4074 si
999 4019 1213 4091 quando
1260 4027 1411 4089 parat
1453 4033 1705 4073 accusare

107 4113 427 4183 quempiam
450 4154 466 4178 ,
516 4126 619 4165 non
666 4110 826 4166 modo
867 4120 1145 4180 peccatum
1177 4110 1317 4163 illius
1346 4123 1595 4173 narrare,
1625 4122 1709 4161 ve-

105 4223 235 4260 rum
261 4208 425 4260 etiam
446 4205 638 4259 docere
661 4218 757 4258 nos
779 4218 899 4272 quae
923 4202 1077 4256 fuerit
1099 4202 1299 4270 peccati
1320 4215 1479 4254 causa
1504 4218 1520 4253 ;
1546 4199 1595 4252 id
1619 4214 1708 4252 au-

106 4311 220 4351 tem
254 4296 386 4349 facit
411 4338 424 4361 ,
454 4305 512 4349 ut
538 4309 631 4349 eos
659 4294 747 4363 qui
768 4293 883 4347 sani
908 4302 1031 4346 sunt
1056 4291 1244 4346 reddat
1266 4292 1485 4345 tutiores
1505 4291 1707 4344 cautio-

102 4402 351 4457 resque,
381 4401 449 4439 ne
478 4385 529 4438 in
556 4383 739 4438 eadem
770 4381 1007 4437 incidant
1033 4382 1193 4435 mala.
1222 4381 1479 4436 Similiter
1504 4390 1560 4435 et
1589 4396 1707 4435 me-

101 4480 216 4533 dici
264 4476 338 4531 ad
378 4484 693 4545 aegretantes
731 4473 994 4542 ingressi,
1033 4472 1193 4527 etiam
1234 4481 1358 4525 ante
1384 4471 1599 4525 morbos
1626 4470 1704 4541 (a)

102 4571 298 4624 fontes
348 4568 656 4637 explorant,
704 4577 758 4619 ut
784 4565 982 4635 prmia
1005 4579 1131 4620 cura
1156 4572 1438 4619 coerceant
1466 4564 1706 4618 malum:

100 4660 324 4713 etenim
350 4660 436 4727 qui
462 4698 476 4721 ,
509 4664 755 4710 manente
783 4655 965 4709 radice
986 4694 1003 4716 .
1026 4670 1204 4709 ramos
1232 4663 1433 4708 tantum
1456 4663 1709 4721 exsecat,

100 4750 247 4805 nihil
295 4748 438 4801 aliud
480 4762 635 4817 quam
681 4746 893 4800 inanem
939 4745 1101 4799 sumit
1144 4760 1381 4814 operam.
1424 4745 1524 4800 Ubi
1552 4746 1711 4814 igitur

97 4842 396 4911 Scriptura
439 4850 493 4894 et
534 4847 804 4909 peccatum
844 4847 899 4892 et
927 4836 1129 4907 peccati
1156 4851 1371 4890 causam
1400 4836 1708 4901 eloquitur?

98 4929 490 5003 Reprehendit
525 4944 617 4983 eos
655 4930 741 4997 qui
772 4936 1161 4997 prmcesserunt
1184 4927 1437 4981 diluvium
1464 4968 1479 4993 ,
1508 4927 1577 4980 ob
1608 4927 1707 4979 illi-

96 5027 247 5079 citos
278 5032 604 5088 congressus
630 5034 642 5070 :
668 5027 826 5085 atque
855 5016 975 5070 audi
1003 5016 1273 5086 quomodo
1294 5032 1508 5071 causam
1534 5015 1712 5085 expri-

99 5125 219 5169 mat
250 5131 265 5166 :
297 5110 426 5165 Cum
452 5107 683 5160 uidissent
714 5107 807 5175 lilii
828 5106 924 5160 Dei
947 5107 1082 5173 ﬁlias
1103 5106 1357 5159 hominum
1385 5123 1489 5159 esse
1518 5109 1712 5175 [οι-πιο-

93 5226 222 5273 ωε,
273 5209 577 5270 acceperunt
620 5199 735 5252 illas
772 5199 866 5251 sibi
908 5199 962 5251 in
991 5214 1173 5253 uxores
1209 5198 1359 5269 ((jtn.
1386 5200 1437 5251 ti.
1469 5198 1549 5266 Ξ).
1575 5195 1710 5264 Quid

163 5344 182 5375 ι
222 5344 454 5399 Quatuor
491 5340 634 5390 ιιι-,8η
662 5335 722 5399 βξΔ
748 5329 882 5399 Sirae
919 5329 1245 5399 diagit.__Atqui_
1270 5329 1377 5399 hinc
1408 5331 1560 5399 verba
1598 5337 1711 5399 sunt

1038 338 1103 393 ΙΝ
1142 338 1368 402 ILLUD,
1412 338 1547 393 VIDI
1590 338 1920 409 DOMINUM,
1963 344 2194 404 HOMIL.
2238 349 2323 407 ill.

1808 455 2008 525 igitur?
2056 476 2180 516 num
2228 464 2571 533 pulchritudo
2611 482 2770 525 causa
2814 482 2893 529 est
2923 392 3396 545 peccatilAbsltt1

1802 556 1885 602 est
1929 550 2073 604 enim
2119 552 2312 609 divina:
2360 558 2639 628 sapientia:
2675 574 2843 632 Opus;
2892 581 3026 636 opus
3071 578 3249 625 autem
3293 571 3385 628 Dei

1802 654 2089 710 numquam
2118 646 2287 714 possit
2310 662 2431 705 esse
2450 665 2611 706 causa
2633 657 2859 723 peccati.
2889 656 2993 713 Sed
3021 670 3272 731 aspectus
3292 664 3387 721 fuit

1802 742 1959 784 eausa
2010 735 2252 800 peccati?
2291 736 2367 792 Ne
2406 739 2459 793 id
2498 741 2713 809 quidem
2758 762 2772 799 :
2814 762 2934 802 nam
2977 749 3159 806 ethoc
3184 763 3390 809 natura:

1802 832 1935 889 opus
1961 832 2059 876 est.
2091 822 2193 878 Sed
2214 826 2339 896 quid
2366 830 2575 885 tandem
2596 833 2620 886 Υ
2638 834 2773 891 Male
2793 836 2973 893 videre
2997 856 3011 893 :
3036 856 3155 895 nam
3184 843 3285 900 hoc
3307 854 3392 902 est

1802 910 2106 1003 depravata:
2128 918 2435 974 voluntatis.
2462 922 2585 978 Ideo
2622 927 2833 995 sapiens
2859 930 3073 997 quidam
3112 934 3386 1003 admonet,

1804 1002 1983 1097 dicens
2012 1047 2031 1097 ,
2047 1005 2146 1097 (Ne
2188 1010 2471 1065 consideres
2496 1015 2922 1083 pulchritudinem
2950 1022 3168 1077 alienam
3200 1002 3386 1097 (Eccli.

1801 1093 1854 1149 9.
1895 1096 1971 1164 8).
2016 1096 2131 1153 Non
2172 1099 2304 1155 dixit
2329 1141 2345 1165 .
2387 1103 2463 1159 Ne
2490 1104 2711 1161 videas:
2740 1109 2789 1162 id
2819 1111 2959 1166 enim
2989 1093 3384 1186 nonnumquam

1800 1199 1927 1241 casu
1955 1188 2012 1241 tit
2033 1230 2049 1256 ,
2079 1188 2172 1245 sed
2194 1231 2210 1256 ,
2248 1190 2326 1246 Ne
2348 1195 2634 1252 consideres
2654 1240 2668 1265 ,
2700 1200 2903 1269 inquit,
2936 1203 3066 1259 illud
3096 1206 3291 1263 tollens
3315 1224 3386 1264 ne

1799 1278 1975 1333 studio
2017 1279 2535 1352 animadvertamus,
2584 1303 2651 1343 ne
2687 1291 2900 1347 curiose
2943 1294 3285 1365 intueamur,
3317 1312 3387 1352 ne

1800 1371 2003 1425 vitiosm
2044 1374 2482 1441 contemplationi
2526 1378 2907 1448 imnioremur,
2949 1401 3067 1455 quae
3106 1387 3174 1441 ab
3208 1388 3387 1442 animo

1800 1470 2054 1530 corrupto
2080 1472 2135 1515 et
2163 1465 2559 1535 concupiscenti
2595 1470 2963 1537 proficiscitur.
2993 1474 3097 1529 Sed
3126 1476 3281 1544 quid,
3306 1477 3389 1531 in-

1799 1550 1945 1619 quiet
1972 1550 2187 1621 aliquis,
2213 1552 2339 1607 hinc
2359 1554 2537 1609 damni
2567 1558 2737 1626 possit
2756 1561 2928 1615 oriri?
2948 1562 3162 1632 Exhoc,
3190 1565 3381 1636 inquit,

1799 1660 1942 1695 am0r
1983 1646 2111 1699 velut
2135 1647 2266 1716 ignis
2290 1648 2533 1700 excitatur
2565 1646 2725 1718 (Ibid.
2756 1668 2803 1705 υ.
2829 1652 2905 1723 9).
2936 1654 3004 1709 Ut
3034 1657 3175 1710 enim
3208 1657 3342 1727 ignis
3365 1697 3382 1723 ,

1800 1734 1889 1788 ubi
1934 1733 2133 1789 fcenum
2176 1747 2268 1789 aut
2314 1737 2561 1806 stipulam
2589 1741 2906 1809 arripuerit,
2937 1744 3068 1797 nihil
3098 1754 3338 1800 moratur
3360 1786 3378 1811 ,

1798 1824 1894 1879 sed
1923 1826 2079 1880 simul
2106 1834 2163 1880 ut
2186 1827 2355 1897 attigit
2380 1828 2691 1893 materiam,
2724 1830 2949 1885 lucidam
2971 1835 3211 1889 accendit
3232 1835 3383 1889 ﬂam-

1800 1931 1940 1970 mam
1972 1933 1987 1970 :
2020 1915 2202 1971 itidem
2226 1926 2282 1972 et
2309 1917 2445 1987 ignis
2472 1920 2914 1989 concupiscentiae
2940 1938 3059 1991 qua:
3084 1933 3167 1977 est
3196 1924 3249 1979 in
3280 1941 3380 1978 no-

1800 2007 1911 2072 bis,
1935 2007 2091 2061 simul
2119 2016 2277 2077 atque
2305 2023 2400 2077 per
2424 2008 2701 2064 oculorum
2732 2011 2976 2065 intuitum
3003 2012 3298 2082 elegantem
3318 2028 3384 2069 ao

1798 2108 2075 2153 venustam
2101 2098 2333 2168 attigerit
2361 2097 2586 2153 formam
2608 2140 2623 2165 ,
2656 2102 2898 2169 protinus
2926 2104 3101 2157 exurit
3123 2104 3381 2159 animum.

1800 2190 2029 2245 Proinde
2056 2206 2122 2244 ne
2151 2199 2360 2260 spectes
2385 2192 2759 2261 temporariam
2789 2193 2928 2247 illam
2950 2234 2967 2259 ,
2992 2209 3109 2264 quae
3130 2210 3195 2248 ex
3221 2209 3377 2265 aspe-

1800 2292 1886 2337 ctu
1931 2282 2317 2353 proficiscitur,
2360 2284 2681 2354 voluptatem
2702 2325 2718 2349 ,
2766 2286 2859 2340 sed
2888 2296 3197 2356 perpetuum
3226 2287 3385 2342 dolos

1803 2389 1914 2428 rem
1956 2373 2233 2429 considera
2254 2416 2268 2441 ,
2314 2375 2402 2445 qui
2428 2376 2662 2430 nascitur
2688 2392 2751 2430 ex
2777 2379 3225 2447 concupiscentia.
3251 2378 3385 2436 Nam

1804 2466 1915 2527 illa,
1943 2463 2147 2519 inﬂicto
2172 2466 2420 2532 vulnere,
2468 2467 2779 2536 plerumque
2807 2468 3059 2523 celeriter
3082 2470 3257 2525 avolat
3281 2487 3295 2535 ;
3324 2480 3381 2526 at

1802 2557 1993 2610 vulnus
2014 2570 2117 2609 non
2148 2555 2323 2611 avolat
2345 2598 2357 2619 ,
2382 2556 2476 2611 sed
2498 2557 2807 2627 plerumque
2834 2568 3011 2614 manet
3030 2569 3084 2615 et
3106 2560 3375 2618 interficit.

1804 2646 1871 2701 Et
1909 2645 2354 2717 quemadmodum
2392 2662 2548 2703 cerva
2575 2651 2785 2705 centixa
2806 2651 2982 2719 jaculo
3010 2653 3062 2706 in
3095 2653 3233 2708 letali
3260 2669 3385 2709 cor-

1805 2739 1947 2807 poris
1976 2748 2147 2806 parte,
2177 2739 2384 2794 etiamsi
2412 2750 2726 2795 venatorum
2757 2740 2970 2812 effugiat
2996 2758 3217 2810 manus,
3251 2745 3384 2802 nihil

1806 2829 1926 2882 inde
1966 2830 2066 2883 fert
2104 2831 2237 2884 lucri
2268 2846 2280 2882 :
2310 2828 2387 2882 sic
2405 2830 2914 2900 etanima,accepto
2938 2834 3382 2902 concupiscentia:

1800 2920 1978 2989 jaculo
2013 2935 2043 2974 e
2079 2921 2276 2975 lascivo
2304 2919 2621 2991 curioseque
2644 2930 2858 2989 aspectu
2879 2962 2894 2988 ,
2925 2924 3131 2978 etiamsi
3162 2924 3383 2979 dimisso

1802 3009 1978 3078 juculo
2007 3011 2339 3077 permittatur
2367 3012 2514 3067 abire
2537 3052 2553 3075 ,
2586 3022 2760 3067 tamen
2787 3012 2898 3079 ipsa
2930 3026 3024 3080 per
3054 3027 3113 3067 se
3139 3028 3385 3069 corrum-

1806 3104 1947 3172 pitur
1974 3118 2035 3156 ae
2058 3104 2229 3172 perit,
2252 3104 2443 3175 ubique
2462 3105 2648 3159 videns
2682 3104 2913 3167 hostem,
2938 3112 2990 3157 et
3018 3104 3382 3174 insequentem

1806 3195 2025 3249 habens.
2050 3195 2151 3251 Sed
2183 3196 2320 3265 quod
2361 3196 2540 3252 dicere
2563 3212 2827 3267 cmperam
2859 3194 3049 3265 (neque
3072 3197 3213 3249 enim
3234 3212 3385 3251 com-

1806 3288 2122 3341 mittendum
2153 3297 2234 3342 est
2260 3298 2315 3340 ut
2358 3288 2408 3341 in
2431 3287 2532 3343 hoc
2558 3298 2663 3343 tam
2684 3290 2868 3358 longas
2893 3286 3154 3343 sermonis
3174 3286 3381 3355 digres-

1806 3379 1984 3432 siones
2028 3379 2341 3448 faciamus),
2387 3377 2657 3449 Scriptura
2700 3395 2821 3433 cum
2866 3384 3095 3448 peccatis
3132 3380 3292 3433 simul
3335 3384 3388 3430 et

1809 3479 2144 3538 peccatorum
2184 3484 2373 3524 causas
2412 3470 2549 3523 solet
2572 3484 2994 3524 commemorare
3024 3486 3038 3523 :
3067 3470 3188 3524 audi
3215 3481 3270 3525 et
3299 3466 3387 3524 hic

1807 3564 1933 3634 quid
1971 3563 2109 3619 dicat
2150 3563 2217 3618 de
2257 3562 2401 3618 Ozia.
2431 3562 2613 3631 Neque
2638 3563 2776 3616 enim
2808 3562 2909 3615 hoe
2936 3569 3136 3615 tantum
3164 3577 3259 3616 nos
3284 3562 3385 3616 do-

1807 3657 1948 3721 cuit,
1978 3657 2176 3711 elatum
2204 3654 2372 3709 fuisse
2398 3669 2491 3708 cor
2519 3654 2632 3722 ejus
2652 3695 2666 3717 ,
2697 3669 2879 3707 verum
2904 3653 3103 3708 addidit
3132 3654 3269 3708 unde
3290 3653 3389 3708 fuit

1808 3748 2025 3803 elatum.
2058 3745 2212 3802 Unde
2237 3760 2365 3815 ergo
2394 3745 2591 3798 elatum
2620 3743 2757 3797 fuit?
2782 3743 2909 3799 Cum
2934 3754 3108 3814 potens
3135 3754 3278 3807 esset,
3302 3744 3387 3798 in-

1808 3839 1955 3908 quit,
1982 3838 2169 3891 elatum
2192 3844 2264 3890 est
2290 3852 2377 3889 cor
2401 3837 2527 3907 ejus.
2550 3834 2664 3889 Non
2694 3835 2811 3890 tulit
2836 3836 3159 3905 principatus
3184 3835 3390 3904 magni-

1811 3932 2045 3986 tudinem
2070 3972 2086 3996 ,
2132 3929 2227 3986 sed
2266 3929 2403 3983 sicut
2427 3943 2493 3983 ex
2518 3927 2777 3983 edacitate
2804 3928 3037 3981 nascitur
3064 3930 3212 3996 ignea
3237 3924 3389 3980 inﬂa-

1811 4025 1919 4091 tio,
1950 4038 2015 4077 ex
2039 4020 2308 4076 inﬂatione
2332 4020 2558 4090 gignitur
2583 4018 2771 4085 febris,
2804 4018 2995 4072 deinde
3022 4033 3085 4072 ex
3118 4017 3247 4071 febri
3273 4017 3389 4085 ple-

1811 4127 2033 4182 rumque
2075 4126 2220 4164 mors
2267 4127 2280 4164 :
2331 4109 2509 4163 itidem
2556 4117 2608 4163 et
2650 4107 2735 4163 hic
2763 4123 2828 4163 ex
2861 4123 3040 4163 rerum
3066 4106 3388 4161 abundantia

1811 4210 1931 4258 nata
1971 4212 2054 4257 est
2089 4200 2353 4269 superbia.
2382 4199 2511 4253 Nam
2542 4198 2679 4269 quod
2708 4199 2759 4253 in
2786 4198 3096 4267 corporibus
3123 4208 3205 4252 est
3233 4198 3388 4251 inﬂa-

1814 4297 1885 4350 tio
1906 4336 1919 4359 ,
1950 4295 2049 4347 hoc
2076 4295 2125 4347 in
2149 4292 2339 4346 animis
2359 4300 2441 4346 est
2466 4290 2733 4360 superbia.
2765 4290 2883 4344 Mox
2909 4305 2975 4344 ex
3002 4288 3247 4359 superbia
3271 4297 3389 4342 nata

1812 4398 1894 4444 est
1926 4386 2225 4457 appetentia
2250 4399 2427 4440 rerum
2454 4382 2553 4454 ipsi
2582 4398 2686 4437 non
2717 4382 3139 4450 congruentium.

1885 4480 1939 4534 5'.
1981 4478 2106 4532 llaec
2132 4490 2235 4531 non
2265 4476 2380 4530 sine
2405 4488 2564 4528 causa
2591 4472 2679 4527 diu
2704 4481 3021 4537 tractamus,
3049 4470 3140 4523 sed
3170 4484 3236 4523 ne
3271 4483 3388 4521 um-

1815 4586 1973 4642 quam
2012 4567 2327 4624 existimetis
2365 4580 2484 4619 esse
2527 4561 2930 4631 suspiciendas,
2982 4573 3153 4627 neque
3210 4558 3389 4613 felices

1814 4660 2001 4715 dicatis
2042 4673 2135 4712 eos
2180 4657 2269 4726 qui
2323 4654 2672 4724 principatum
2714 4659 2942 4721 gerunt,
2995 4663 3118 4703 cum
3204 4649 3389 4704 sciatis

1814 4766 1968 4820 quam
2000 4747 2203 4802 lubrico
2236 4746 2287 4799 in
2316 4754 2455 4797 statu
2494 4752 2810 4802 versentur;
2856 4754 2953 4793 nec
2983 4752 3231 4807 umquam
3273 4735 3390 4790 illos

1810 4840 2056 4910 judicetis
2084 4840 2329 4899 miseros,
2362 4835 2449 4904 qui
2478 4834 2530 4886 in
2562 4840 2796 4902 egestate
2820 4839 2874 4885 et
2904 4828 3282 4883 afﬂictionibus
3311 4826 3391 4877 vi-

1814 4940 1962 4995 vunt,
1995 4929 2225 4985 scientes
2257 4925 2392 4979 hanc
2418 4926 2580 4978 vitam
2607 4936 2726 4977 esse
2746 4922 2915 4975 multo
2946 4921 3207 4973 tutiorem.
3241 4917 3391 4973 Unde

1816 5031 1867 5077 et
1897 5018 2152 5090 propheta
2174 5016 2368 5071 clamat
2403 5013 2583 5069 dicens
2615 5011 2847 5064 :Bonum
2874 5020 2944 5063 est
2966 5008 3106 5072 mihi,
3142 5006 3390 5071 Domine,

1815 5114 1931 5182 quia
1961 5108 2238 5164 humiliasti
2259 5123 2335 5159 me
2359 5104 2377 5175 (
2402 5103 2546 5156 Psal.
2577 5102 2697 5156 “8.
2726 5102 2789 5154 Ἠ
2816 5102 2857 5169 ).
2883 5098 3013 5152 Vide
3042 5097 3198 5167 igitur
3220 5112 3389 5165 quan-

1818 5215 1925 5259 tum
1948 5218 2012 5257 ex
2034 5199 2317 5256 eminentia
2335 5204 2514 5250 natum
2536 5194 2605 5248 sit
2625 5193 2841 5247 malum.
2862 5189 3068 5245 Elatum
3088 5198 3177 5253 est,
3202 5188 3389 5257 inquit,

1806 5309 1899 5347 cor
1921 5295 2028 5365 ejus
2050 5306 2205 5361 usque
2223 5289 2289 5341 ad
2316 5286 2688 5356 corruptionem
2707 5284 2781 5353 (2.
2814 5280 2985 5336 Paral.
3010 5279 3097 5334 26.
3124 5280 3233 5349 16).
3253 5278 3389 5343 Quid

1817 5396 1927 5453 est,
1958 5386 2122 5453 Usque
2162 5382 2229 5435 ad
2258 5378 2665 5449 corruptionem?
2686 5376 2862 5445 Usque
2886 5374 2949 5428 ad
2980 5388 3165 5443 pravas
3188 5369 3391 5439 cogita-

1817 5479 1984 5531 tiones
2012 5517 2026 5539 ,
2078 5488 2195 5544 qum
2224 5485 2441 5541 prorsus
2472 5483 2575 5523 non
2601 5466 2891 5522 ascendunt
2931 5466 2981 5517 in
3009 5464 3240 5516 animum
3283 5473 3384 5513 no-

1817 5578 2003 5627 strum,
2031 5565 2075 5617 si
2101 5577 2197 5617 nos
2227 5564 2368 5631 ipsos
2399 5560 2561 5614 multa
2591 5559 2835 5614 cautione
2873 5553 3335 5620 circumsepiamus
3367 5569 3384 5607 ε

1816 5659 1909 5715 sed
1940 5660 1981 5711 si
2014 5656 2337 5725 negligenter
2364 5652 2625 5723 egerimus
2650 5692 2664 5715 ,
2698 5658 2980 5703 nascuntur
3009 5648 3057 5698 in
3088 5644 3235 5698 nobis
3262 5658 3382 5713 ger-

1819 5751 2122 5816 minantque
2153 5762 2164 5797 :
2196 5746 2276 5799 sin
2310 5749 2693 5813 praevertamur
2718 5782 2731 5806 ,
2764 5740 3000 5808 pratiuus
3032 5735 3383 5804 pra‘focantur

90 5390 391 5455 εδιοιιὶοηίδ
414 5400 463 5447 in
486 5394 787 5455 Proverbiis,
824 5392 937 5441 licet
972 5390 1131 5455 simile
1166 5390 1407 5454 quidpiam
1433 5395 1479 5440 iu
1503 5393 1710 5441 siraeide

90 5453 257 5515 etiam
285 5462 490 5521 legatur
507 5492 529 5521 ,ί
551 5458 606 5521 10
622 5490 636 5514 ,
658 5454 746 5521 14._
760 5461 855 5501 Non
890 5466 1001 5501 raro
1024 5453 1709 5521 Chrysostomus§alomonem

90 5513 242 5591 ιιόιῖιι
271 5513 378 5591 ι)τᾷ
392 5513 635 5591 siraeide;
660 5514 759 5591 sed
772 5526 1007 5576 nusquam
1028 5513 1217 5563 adverti
1240 5515 1364 5576 apud
1389 5513 1523 5562 illum
1546 5516 1711 5563 Siraci-

87 5578 213 5638 ἕκτη
244 5578 379 5648 noni
410 5594 498 5648 pro
519 5578 783 5648 5310m°9°~

153 5644 259 5710 (ιη’
284 5649 382 5698 Gr.
416 5647 497 5693 καὶ
542 5646 634 5705 πρὸ
672 5645 765 5690 τῶν
804 5644 1286 5710 νιοσηιῃιιπὶτωνιιε,ΗτηιίεΔ
1316 5644 1691 5710 similitudinem

82 5701 246 5761 affert
269 5701 681 5767 Chrysostomus,
713 5701 1063 5767 utrsigni‘ﬁ‘cet,
1092 5706 1250 5767 Deum
1270 5706 1429 5767 justos
1450 5708 1694 5767 exemplis

86 5758 400 5824 aaubEes'
414 5767 647 5825 reddere,
668 5758 743 5813 ἠε
774 5766 823 5811 in
844 5758 1214 5814 inorbos'auimi
1241 5758 1474 5814 incidant.
