4148 6306
779 346 804 397 1

738 346 851 399 119
1548 346 1604 368 υ.
1646 346 1922 368 ..υημμιυ
1959 346 2316 367 unum“...

735 442 788 488 et
815 435 1128 487 obruuntur.
1158 429 1288 485 Alia:
1314 429 1601 498 gignuntur
1624 467 1637 490 ,
1663 436 1717 480 et
1743 433 2028 496 augentur,
2067 433 2224 492 atque
2249 423 2316 476 ad

744 535 936 592 pravas
961 522 1201 576 actiones
1221 519 1535 588 procedunt,
1559 531 1877 586 omnemque
1905 515 2096 569 mentis
2124 522 2319 568 nostra:

734 614 1014 671 sanitatem
1029 623 1398 682 corrumpunt,
1417 613 1460 666 si
1479 625 1669 680 magna
1687 611 1739 664 in
1761 608 2005 664 socordia
2023 623 2316 663 versemur.

735 704 847 759 lloc
878 704 1057 774 itaque
1081 705 1207 758 dicit
1231 744 1244 767 ,
1275 701 1484 756 Elatum
1513 711 1584 755 est
1615 719 1702 754 cor
1731 703 1837 770 ejus
1858 741 1872 764 ,
1900 715 2072 770 neque
2096 713 2154 754 se
2179 700 2319 756 intus

733 794 995 849 continuit
1019 794 1338 864 arrogantia,
1368 807 1541 862 neque
1567 793 1823 846 exstincta
1850 799 1932 844 est
1954 831 1967 854 ,
1995 789 2087 844 sed
2112 800 2166 844 ut
2192 807 2317 859 pro-

735 885 910 953 rupit,
942 884 1008 938 ad
1035 899 1168 953 opus
1196 898 1362 953 usque
1391 899 1610 953 pravum
1641 897 1920 952 progressa
1942 924 1956 948 ,
1989 890 2150 935 totam
2179 883 2318 935 illius

733 976 984 1030 virtutem
1019 977 1275 1044 corrupit.
1311 975 1588 1030 Beatitudo
1619 984 1700 1029 est
1730 975 1918 1044 igitur,
1946 974 2316 1044 cogitationem

734 1066 1030 1135 improbam
1059 1081 1275 1136 prorsus
1297 1080 1400 1121 non
1426 1066 1729 1129 admittere,
1754 1065 1894 1133 quod
1918 1073 1972 1120 et
1998 1080 2027 1119 a
2060 1065 2314 1134 propheta

733 1157 930 1211 dictum
956 1169 1066 1221 est,
1097 1158 1338 1222 Domine,
1368 1175 1467 1211 non
1497 1168 1569 1211 est
1606 1159 1795 1210 elatum
1819 1173 1905 1210 cor
1940 1173 2100 1209 meum
2124 1158 2140 1225 (
2167 1155 2312 1209 Psal.

734 1249 856 1303 150.
889 1251 911 1303 1
937 1250 981 1319 ).
1004 1249 1119 1303 Non
1145 1250 1295 1314 dixit,
1326 1248 1538 1302 Elatum
1564 1248 1778 1318 quidem
1808 1254 1912 1312 est,
1943 1247 2034 1301 sed
2065 1245 2195 1301 illud
2216 1260 2313 1299 co-

729 1320 880 1394 itibui
914 1357 928 1394 :
956 1355 1142 1394 verum
1165 1379 1180 1406 ,
1227 1339 1344 1394 Non
1392 1347 1473 1394 est
1501 1340 1720 1393 omnino
1767 1339 1964 1393 elatum
1997 1355 2011 1392 :
2046 1338 2146 1393 hoc
2188 1346 2313 1403 est,

730 1428 939 1498 Jugiter
979 1430 1183 1486 servavi
1225 1432 1454 1483 animam
1500 1445 1675 1484 meam
1719 1429 2042 1484 inaccessam
2080 1429 2312 1486 malitiaa.

731 1519 846 1576 Hoc
872 1521 1029 1590 igitur
1047 1529 1130 1575 est
1159 1520 1501 1575 beatitudinis
1529 1538 1542 1573 :
1573 1518 1698 1574 huic
1729 1520 2026 1588 proximum
2056 1520 2182 1573 illud
2209 1529 2310 1585 est,

736 1611 906 1665 malas
942 1611 1289 1680 cogitationes
1314 1610 1423 1679 jam
1450 1610 1720 1680 ingressas
1746 1611 1996 1665 celeriter
2021 1610 2310 1680 repellere,

734 1715 907 1772 neque
927 1703 1123 1768 sinere,
1149 1713 1206 1755 ut
1227 1703 1332 1757 illic
1357 1702 1554 1757 diutius
1583 1703 1953 1768 immorentur,
1978 1718 2045 1758 ne
2074 1703 2128 1758 in
2160 1703 2314 1758 nobis

731 1793 959 1861 pessime
984 1799 1310 1862 grassentur.
1355 1794 1506 1860 Quod
1538 1793 1582 1847 si
1606 1808 1672 1848 eo
1712 1809 1878 1865 usque
1916 1795 2174 1849 socordiae
2193 1810 2316 1865 pro.

732 1885 1059 1939 cesserimus
1079 1923 1092 1948 ,
1121 1893 1206 1938 est
1235 1899 1330 1953 per
1357 1884 1450 1938 Dei
1479 1884 1771 1938 bonitatem
1795 1893 1848 1938 ct
1875 1884 2029 1952 hujus
2055 1884 2315 1939 socordia:

730 1976 1001 2040 solatium,
1022 1976 1290 2044 multaque
1308 1976 1379 2030 ab
1399 1977 1489 2031 illa
1513 1991 1720 2032 summa
1737 1986 1790 2031 et
1810 1977 2058 2032 ineffabili
2081 1978 2316 2034 bonitate

728 2068 921 2124 talibus
947 2068 1253 2122 vulneribus
1280 2077 1461 2138 parata
1491 2078 1615 2124 sunt
1642 2070 1898 2125 remedia.
1931 2071 2036 2126 Sed
2063 2087 2160 2140 age
2201 2088 2316 2127 ser-

727 2176 942 2215 monem
971 2161 1110 2215 hunc
1137 2161 1359 2216 missum
1384 2161 1654 2223 faciamus,
1686 2177 1757 2216 ne
1788 2162 1932 2232 quod
1960 2163 2010 2217 in
2043 2163 2194 2218 initio
2220 2178 2314 2219 ve-

728 2257 995 2320 rebamur,
1019 2272 1159 2310 nunc
1179 2257 1382 2311 accidat
1407 2257 1578 2323 nobis,
1602 2272 1887 2326 rerumque
1912 2258 2062 2311 turba
2087 2268 2313 2314 vestram

727 2347 917 2402 obruat
942 2351 1270 2405 memoriam.
1303 2351 1638 2420 QuaprOpter
1682 2365 1960 2406 necessum
1991 2360 2073 2405 est
2112 2361 2166 2405 ut
2197 2368 2314 2421 quae

726 2435 866 2490 dicta
887 2447 1028 2506 sunt,
1053 2442 1358 2494 summatim
1385 2442 1568 2510 paucis
1587 2452 1890 2510 repetamus
1916 2458 1928 2493 :
1954 2443 2030 2495 sic
2051 2451 2103 2496 et
2120 2455 2315 2498 matres

729 2529 905 2584 facere
929 2531 1104 2585 solent
1127 2547 1246 2585 cum
1275 2545 1454 2600 poma,
1485 2540 1576 2586 aut
1594 2531 1838 2596 bellaria,
1864 2542 1956 2586 aut
1976 2533 2118 2587 aliud
2140 2534 2314 2589 simile

732 2619 1002 2689 quidpiam
1033 2622 1082 2675 in
1111 2625 1368 2691 puerilem
1398 2625 1689 2678 immittunt
1713 2625 1888 2678 sinum
1917 2642 1930 2678 :
1960 2640 2030 2680 ne
2058 2640 2154 2695 per
2180 2639 2314 2695 pue-

733 2721 917 2763 rorum
955 2713 1331 2782 negligentiam
1361 2715 1570 2768 excidat
1599 2715 1800 2784 aliquid
1832 2730 2016 2770 eorum
2047 2734 2166 2786 quae
2190 2718 2313 2772 data

728 2809 892 2867 sunt,
919 2813 1244 2860 contractam
1284 2807 1517 2877 undique
1557 2809 1841 2864 tuniculam
1867 2851 1882 2874 ,
1910 2810 2120 2879 cingulo
2145 2811 2313 2880 subji-

729 2893 894 2961 ciunt,
924 2911 1030 2964 quo
1050 2897 1156 2950 sint
1185 2897 1236 2952 in
1259 2907 1391 2952 tuto.
1422 2899 1564 2954 Idem
1593 2915 1690 2954 nos
1717 2899 1992 2967 faciamus,
2016 2903 2312 2956 orationem

731 2984 784 3038 in
817 2985 1028 3056 longum
1061 2997 1356 3056 porrectam
1387 2991 1792 3056 contrahamus,
1817 2992 2194 3060 memorimque
2222 3007 2314 3046 cu-

729 3075 917 3130 stodiae
944 3077 1291 3147 deponamus.
1323 3082 1560 3136 Audistis
1599 3083 1866 3150 quomodo
1892 3083 2021 3136 nihil
2050 3083 2312 3153 agendum

731 3167 801 3219 sit
820 3167 885 3221 ad
903 3170 1333 3236 ostentationem,
1361 3182 1722 3241 quantumque
1740 3175 1808 3226 sit
1831 3174 2028 3229 malum
2049 3175 2312 3238 socordia,

732 3264 790 3309 ut
808 3257 966 3311 etiam
993 3259 1043 3312 in
1065 3261 1298 3329 perfecta
1323 3264 1425 3317 vita
1451 3273 1748 3318 versantem
1773 3264 1926 3320 facile
1945 3267 2311 3335 supplantarit.

737 3347 1004 3404 Didicistis
1026 3362 1220 3421 quanta
1253 3355 1406 3409 nobis
1435 3371 1569 3424 opus
1583 3356 1654 3410 sit
1680 3372 1828 3422 cura,
1857 3359 2191 3426 potissimum
2216 3361 2316 3416 sub

731 3439 852 3490 vitae
877 3439 1059 3504 finem,
1077 3449 1352 3508 utqucncc
1367 3446 1761 3515 desperandum
1779 3447 1906 3499 sitei
1923 3446 2012 3515 qui
2029 3463 2152 3503 cum
2185 3451 2314 3506 inci-

732 3528 900 3582 disset
947 3529 1001 3583 in
1035 3539 1250 3599 peccata
1291 3544 1523 3586 mutatus
1558 3544 1641 3588 est
1664 3576 1677 3597 ,
1710 3550 1881 3604 neque
1910 3549 2153 3606 oporteat
2191 3554 2312 3593 eum

733 3621 821 3688 qui
853 3623 903 3676 in
929 3626 1172 3679 socordia
1205 3627 1353 3690 vivit,
1377 3627 1442 3681 de
1463 3638 1609 3682 recte
1637 3628 1787 3683 factis
1817 3631 2105 3686 confidere.
2141 3633 2316 3688 Disse-

735 3713 936 3768 ruimus
976 3717 1125 3771 vobis
1168 3718 1237 3772 de
1281 3720 1578 3774 diﬂerentia
1616 3731 1956 3790 peccatorum
1983 3765 1998 3789 ,
2038 3741 2105 3778 ne
2151 3726 2314 3781 simus

738 3804 1082 3861 vehementer
1133 3807 1320 3863 intenti
1365 3810 1431 3864 ad
1474 3812 1696 3865 eximias
1742 3828 2023 3881 corporum
2073 3815 2312 3871 formas:

732 3906 1092 3967 quantumque
1113 3899 1235 3954 hinc
1263 3901 1463 3956 oriatur
1490 3903 1631 3967 mali,
1658 3904 2160 3960 demonstravimus.
2185 3907 2313 3973 Quae

732 3987 801 4041 de
846 3990 1090 4057 superbia
1132 3992 1285 4046 vobis
1324 3993 1554 4049 diximus
1593 3995 1912 4050 meministis
1937 4038 1952 4062 ,
1983 4012 2208 4066 quaeque
2247 3999 2313 4052 de

733 4079 911 4145 pravis
953 4082 1386 4147 cogitationibus.
1418 4084 1542 4138 Haec
1583 4095 1856 4140 servantes
1902 4086 2181 4142 redeamus
2215 4088 2312 4142 do—

734 4185 918 4236 mum;
966 4174 1092 4241 quin
1121 4175 1295 4242 potius
1325 4179 1440 4229 haec
1467 4187 1739 4232 servantes
1780 4179 2104 4248 excipiamus
2144 4181 2316 4250 perfe-

733 4262 954 4318 ctiorem
996 4261 1176 4319 eximii
1205 4267 1439 4322 doctoris
1474 4269 1923 4325 exhortationem.
1974 4273 2104 4331 Nam
2135 4285 2313 4327 nostra

733 4353 967 4421 quidem,
987 4356 1388 4426 qualiacumque
1410 4367 1550 4420 sunt,
1579 4359 1773 4412 habent
1788 4360 2078 4428 juventutis
2100 4362 2311 4418 indicia:

738 4445 898 4514 bnjus
920 4459 1132 4513 autem,
1163 4449 1570 4519 qualiacumque
1621 4450 1858 4515 fuerint,
1905 4466 2035 4505 cana
2086 4453 2309 4522 quadam

734 4537 1008 4603 prudentia
1034 4548 1157 4592 sunt
1181 4551 1383 4594 ornata.
1410 4545 1485 4595 Ac
1512 4551 1689 4594 nostra
1720 4542 1933 4611 quidem
1975 4543 2164 4599 similia
2193 4554 2314 4597 sunt

733 4635 953 4681 torrenti
973 4669 986 4692 ,
1018 4630 1104 4697 qui
1134 4645 1254 4683 cum
1283 4631 1508 4701 strepitu
1539 4631 1741 4699 fertur;
1780 4633 1919 4686 illius
1947 4642 2118 4686 autem
2147 4635 2314 4688 oratio

733 4717 920 4771 similis
940 4719 1163 4773 estfonti
1186 4737 1369 4791 magna
1397 4723 1774 4792 tranquillitate
1797 4723 1983 4777 fluvios
2001 4724 2309 4790 ef'fundenti,

735 4809 824 4878 qui
854 4810 954 4864 olei
987 4813 1152 4881 magis
1181 4829 1337 4881 quam
1366 4831 1620 4883 aquarum
1645 4833 1855 4870 cursum
1883 4817 2134 4871 imitetur.
2160 4819 2316 4874 Exci-

737 4901 943 4968 piamus
969 4902 1124 4971 igitur
1149 4918 1210 4958 ea
1240 4904 1466 4971 fluenta,
1498 4916 1554 4960 ut
1596 4908 1722 4960 fiant
1752 4910 1802 4960 in
1833 4909 1983 4962 nobis
2019 4909 2135 4964 fons
2165 4925 2314 4980 aqua:

736 4991 972 5045 salientis
998 4993 1048 5045 in
1075 4993 1232 5046 vitam
1257 5005 1505 5050 maternam
1530 4996 1716 5067 (Joan.
1740 5001 1791 5051 4.
1820 5000 1920 5067 14)
1947 5017 1958 5052 :
1984 5017 2138 5069 quam
2163 5003 2315 5056 nobis

736 5082 982 5136 omnibus
1009 5084 1278 5154 contingat
1307 5089 1512 5156 assequi
1538 5130 1550 5150 ,
1588 5089 1753 5156 gratia
1787 5097 1841 5142 et
1865 5088 2185 5158 benignitate
2215 5092 2314 5144 Do-

740 5173 866 5225 mini
900 5175 1065 5227 nostri
1091 5175 1217 5230 Jesu
1257 5176 1448 5231 Christi
1491 5177 1563 5249 (a)
1589 5218 1602 5243 ,
1632 5194 1752 5232 cum
1802 5195 1907 5248 quo
1948 5180 2088 5234 Patri
2116 5224 2130 5249 ,
2160 5182 2310 5235 simul

737 5275 853 5313 cum
879 5273 1062 5317 sancto
1083 5275 1134 5319 et
1156 5266 1296 5320 bono
1317 5269 1513 5338 Spiritu
1543 5269 1729 5335 honor,
1755 5270 1918 5338 gloria
1939 5281 1992 5325 et
2014 5272 2312 5342 imperium,

740 5367 879 5407 nunc
903 5361 956 5407 et
984 5368 1212 5424 semper,
1240 5368 1291 5411 et
1319 5361 1370 5412 in
1403 5360 1950 5415 smeula-smculorum.
1982 5365 2170 5417 Amen.

804 5510 874 5567 (a)
909 5517 1018 5573 Quae
1054 5511 1272 5570 sequitur
1309 5512 1551 5562 conclusio
1575 5517 1646 5564 sic.
1676 5515 1882 5563 habetur
1903 5516 1949 5562 in
1978 5528 2073 5563 uno
2108 5515 2277 5565 Codice
2301 5552 2314 5573 ,

740 5581 885 5637 atque
909 5571 1186 5637 italegerat
1212 5579 1444 5637 nasutus.
1473 5582 1760 5637 Quamquam
1789 5577 1860 5624 lue
1879 5577 2237 5634 conclusiones,
2265 5571 2316 5627 ut

741 5635 832 5689 inn
877 5632 987 5679 alibi
1025 5632 1248 5693 diximus,
1293 5634 1350 5682 ad
1392 5632 1695 5686 librariorum
1737 5636 1925 5686 libitum
1964 5647 2017 5686 ut
2061 5632 2312 5697 plurimum

740 5705 845 5739 com
863 5705 1034 5742 lltllitlt'l}
1060 5706 1184 5743 Slllll.

1547 311 1604 368 S.
1646 311 1922 368 JOANNIS
1958 307 2423 367 CHRYSOSTOMI
2465 309 2779 367 ARCIIIEP.
2819 315 3354 376 CONSTANTINOP.

3902 341 4006 395 120

2429 423 2681 492 Ejusdem
2711 425 2762 479 in
2788 426 2989 482 dictum
3020 428 3148 484 illud
3178 430 3344 495 Isaias,
3378 432 3588 488 Factum
3615 445 3877 506 estnunc,
3909 457 4004 505 quo

2501 530 2733 573 mortuus
2772 531 2844 574 cst
2883 521 3034 575 Ozias
3072 539 3182 588 rex,
3227 526 3330 577 vidi
3371 525 3644 582 Dominum
3679 532 3937 586 sedentem
3955 533 4002 585 in

2497 610 2625 665 solio
2654 614 2850 668 excelso
2887 625 2932 668 et
2961 615 3091 669 elato
3117 615 3137 687 (
3159 615 3287 670 Isai.
3313 618 3365 672 6.
3391 619 3415 672 1
3445 619 3501 687 );
3546 629 3600 673 et
3627 621 3742 675 laus
3778 623 4004 678 civitatis

2497 706 2795 760 Antiochiae
2822 722 2838 769 ;
2884 715 2940 760 et
2967 707 3221 763 adversus
3251 725 3345 765 eos
3370 711 3457 782 qui
3488 712 3771 782 prohibent
3796 716 4003 784 nuptias

2497 798 2878 854 demonstratio
2902 797 3104 852 divina.

3003 909 3281 966 HOMILIA
3325 912 3415 968 1V.

2503 1024 2549 1077 1.
2607 1021 2964 1094 Frequentiam
3028 1025 3319 1079 auditorum
3396 1028 3490 1081 sibi
3556 1030 3774 1101 ipsisque
3829 1041 4005 1102 gratu-

2427 1112 2600 1179 latur;
2645 1113 2822 1166 Romae
2887 1119 3091 1184 prefer:
3146 1133 3291 1170 suam
3353 1119 3618 1174 civitatem.
3648 1152 3718 1161 -
3774 1123 4006 1178 Praela-

2425 1221 2541 1260 rum
2596 1205 2748 1259 nobis
2786 1206 2943 1260 hodie
2995 1206 3259 1262 theatrum
3314 1212 3495 1278 adest,
3547 1214 3855 1283 magnificus
3900 1217 4009 1268 ala-

2423 1297 2632 1366 crisque
2697 1306 2883 1350 ctetus.
2938 1296 3072 1363 Quid
3131 1298 3343 1353 tandem
3400 1309 3483 1356 est
3543 1302 3596 1357 in
3654 1306 3853 1359 causa?
3905 1307 4005 1360 Sc-

2424 1387 2617 1439 mentis
2669 1385 2780 1441 heri
2831 1385 2982 1440 ructre
3025 1384 3255 1453 fructus,
3300 1389 3459 1445 hodie
3497 1393 3684 1448 messis
3727 1404 3828 1450 est.
3879 1395 4006 1451 Heri

2423 1474 2793 1543 plantavimus,
2819 1475 2977 1529 hodie
3010 1477 3280 1532 metimus.
3307 1478 3422 1532 Non
3450 1481 3591 1536 enim
3619 1492 3812 1538 terram
3839 1486 4010 1539 inani-

2424 1579 2562 1617 mam
2585 1564 2830 1631 colimus,
2853 1574 2909 1618 ut
2943 1565 3092 1619 tarde
3120 1565 3420 1634 fructifieet,
3447 1569 3540 1624 sed
3566 1572 3768 1629 animas
3800 1575 4010 1630 raticne

2423 1655 2690 1724 prtedilas.
2724 1655 2838 1710 Non
2867 1666 2948 1709 est
2990 1666 3196 1722 natura,
3225 1673 3346 1728 qua:
3374 1670 3668 1728 cunctatur,
3693 1663 3786 1719 sed
3812 1667 4006 1736 gratia,

2423 1764 2540 1818 qua:
2566 1748 2848 1803 accelerat.
2885 1749 3047 1804 Recte
3088 1753 3418 1820 compositus
3457 1754 3610 1811 nobis
3634 1758 3877 1825 populus,
3910 1775 4013 1812 au-

2423 1838 2599 1892 diendi
2629 1839 2866 1893 studiosa
2900 1840 3046 1908 plebs
3076 1851 3179 1895 est.
3210 1841 3335 1896 ﬂeri
3362 1845 3534 1898 vocati
3560 1855 3703 1912 sunt,
3724 1846 3882 1903 hodie
3912 1865 4014 1904 co-

2423 1941 2700 1985 ronantur.
2726 1932 3117 1988 Admouitionis
3150 1933 3419 1990 hesternas
3461 1936 3661 1993 fructus
3688 1939 4015 1996 hodiernum

2423 2030 2504 2076 est
2541 2022 2876 2092 obsequium.
2926 2024 3078 2078 Unde
3131 2039 3229 2079 nos
3273 2041 3486 2097 quoque
3527 2028 3752 2084 libenter
3800 2032 4016 2086 semina

2418 2113 2665 2182 jacimus,
2698 2116 2819 2184 quia
2867 2131 3057 2185 purum
3105 2117 3346 2172 videmus
3392 2134 3611 2186 arvum,
3641 2137 3746 2176 non
3797 2124 4017 2193 spinam

2423 2219 2540 2272 qua:
2569 2205 2824 2271 suffocat,
2860 2223 3032 2276 neque
3061 2208 3200 2262 viam
3247 2225 3367 2280 qua:
3414 2211 3667 2277 cnlcatnr,
3713 2229 3886 2285 neque
3914 2231 4016 2284 pe-

2427 2306 2559 2350 tram
2591 2298 2851 2363 sterilem,
2885 2299 2979 2354 sed
3029 2299 3347 2369 profundum
3389 2319 3452 2356 ac
3501 2305 3744 2373 pinguem
3789 2322 4016 2376 agrum,

2421 2389 2510 2456 qui
2536 2389 2692 2442 simul
2718 2399 2772 2443 el
2796 2404 2977 2443 semen
3005 2391 3229 2460 recipit,
3261 2401 3316 2446 ct
3342 2393 3542 2462 spicam
3584 2397 3735 2451 nobis
3761 2398 4013 2453 exhibet.

2423 2480 2548 2535 llaec
2573 2495 2784 2550 semper
2813 2481 3021 2550 loquor,
3054 2497 3154 2537 nec
3177 2482 3319 2553 loqui
3347 2484 3585 2540 desinam
3615 2503 3631 2541 :
3663 2488 3777 2543 haec
3807 2499 4017 2544 nostra:

2422 2573 2652 2626 civitatis
2698 2572 2815 2628 laus
2867 2582 2983 2638 est,
3014 2589 3119 2628 non
3171 2575 3315 2644 quod
3371 2586 3612 2633 senatum
3655 2580 3867 2644 habeat.
3904 2599 4016 2638 nou

2422 2665 2560 2735 quod
2585 2666 2831 2721 consules
2862 2682 3147 2721 numerare
3178 2669 3465 2737 possimus,
3503 2687 3673 2741 neque
3710 2675 3852 2743 quod
3898 2687 4016 2729 sta-

2424 2765 2542 2810 tuas
2564 2755 2889 2823 complures,
2923 2772 3096 2826 neque
3121 2758 3261 2827 quod
3296 2760 3552 2814 mercium
3575 2762 3804 2832 copiam,
3832 2781 4016 2835 neque

2421 2844 2560 2912 quod
2587 2846 2746 2898 situm
2789 2845 2980 2899 habeat
3006 2848 3348 2902 commodum
3385 2866 3398 2902 :
3432 2849 3526 2904 sed
3571 2851 3713 2920 quod
3747 2855 4013 2924 pupulum

2421 2932 2613 2989 habeat
2637 2935 2884 2990 audiendi
2929 2937 3248 3003 studiosum,
3279 2939 3418 3008 quod
3447 2943 3640 3010 templa
3668 2943 3763 2998 Dei
3813 2946 3975 3014 plena
4001 2990 4013 3008 ,

2421 3024 2559 3093 quod
2589 3025 2840 3080 Ecclesia:
2863 3026 3067 3081 delicim
3097 3029 3265 3098 magis
3293 3039 3542 3084 crescunt
3569 3032 3618 3085 in
3647 3033 3795 3102 dies,
3830 3040 4014 3106 quod-

2422 3131 2525 3184 que
2571 3131 2875 3171 sermonem
2925 3117 3117 3172 liabeat
3155 3119 3542 3189 profluentem,
3573 3123 4017 3198 desideriumque

2426 3221 2712 3275 numquam
2741 3208 3044 3261 satiantem.
3093 3207 3364 3278 Siquidem
3388 3212 3571 3266 civitas
3609 3231 3712 3269 non
3742 3216 3811 3270 ab
3840 3219 4016 3272 rediti-

2422 3296 2536 3361 ciis,
2563 3297 2656 3352 sed
2688 3298 2754 3352 ab
2781 3297 3201 3353 inhabitantibus
3226 3301 3538 3357 admiranda
3568 3305 3814 3361 redditur
3849 3311 3889 3364 ί.
3930 3310 4016 3366 Ne

2423 3387 2551 3441 mihi
2582 3405 2768 3443 narres
2795 3389 3159 3444 Romanorum
3183 3391 3369 3447 urbem
3413 3396 3768 3464 magnitudine
3799 3403 4011 3469 spatio-

2422 3493 2534 3533 sum
2567 3495 2715 3544 esse;
2743 3482 2835 3536 sed
2860 3483 3082 3536 ostende
3105 3483 3230 3537 mihi
3265 3485 3372 3539 illic
3399 3488 3648 3556 p0pulum
3677 3505 3828 3560 mque
3852 3496 4014 3562 cupi-

2422 3570 2544 3623 dum
2594 3571 2864 3626 audiendi.
2894 3572 3025 3626 Nam
3065 3573 3296 3627 Sodoma
3344 3585 3516 3630 turres
3557 3578 3849 3647 habebant,
3885 3600 4013 3638 cum

2424 3662 2689 3716 Abraham
2733 3665 2782 3716 in
2821 3665 3028 3734 tugurio
3076 3676 3418 3721 moraretur:
3449 3677 3680 3724 attamen
3729 3674 4016 3731 venientes

2422 3753 2593 3823 angeli
2624 3753 2854 3808 Sodoma
2886 3756 3253 3823 prieteribant,
3283 3766 3336 3811 et
3377 3758 3443 3811 ad
3481 3761 3741 3829 tugurium
3771 3764 4015 3822 diverte-

2422 3846 2548 3900 bant
2572 3844 2719 3915 (Gen.
2749 3844 2857 3918 18).
2885 3847 3000 3902 Νοη
3027 3847 3168 3902 enim
3198 3849 3391 3903 aedium
3421 3852 3756 3920 splendorem
3787 3872 4014 3926 qumrc-

2420 3935 2567 4001 bant,
2589 3937 2680 3990 sed
2704 3938 2894 3992 animae
2917 3939 3164 3993 virtutem
3194 3949 3247 3994 et
3269 3941 3714 4009 pulchritudinem
3746 3963 4010 4016 quaren-

2422 4036 2498 4081 tes
2551 4029 2916 4084 circumibant.
2963 4031 3038 4084 lta
3082 4045 3212 4087 sane
3259 4034 3392 4087 alias
3444 4035 3709 4091 desertum
3773 4039 4018 4097 habebat

2420 4118 2698 4186 Joannem,
2724 4122 2912 4176 civitas
2944 4123 3203 4178 Herodem
3235 4141 3248 4176 :
3279 4140 3450 4195 eoque
3476 4126 3744 4184 desertum
3771 4133 4016 4189 nobilius

2421 4222 2536 4265 crat
2562 4211 2791 4266 civitate.
2823 4213 2929 4266 Cur
2955 4213 3025 4266 ita
3056 4213 3309 4268 tandem?
3331 4215 3588 4283 Quoniam
3631 4235 3734 4274 non
3779 4222 3831 4276 in
3860 4233 4014 4278 stru-

2420 4305 2584 4358 cturis
2625 4304 2722 4358 sita
2751 4313 2832 4358 est
2863 4305 3158 4375 prophetia.
3185 4305 3308 4361 llaec
3335 4308 3473 4376 dico,
3503 4313 3783 4381 nequando
3811 4317 4013 4370 civita-

2424 4403 2528 4448 tem
2579 4396 2955 4462 prmdicemus,
2990 4412 3107 4464 qua:
3153 4399 3393 4454 moribus
3432 4400 3686 4458 dissoluta
3716 4415 3818 4460 est.
3864 4408 4013 4475 Quid

2421 4484 2549 4537 mihi
2578 4499 2762 4539 narras
2791 4488 3014 4541 azdificia
3037 4529 3050 4553 ,
3078 4488 3203 4556 quid
3237 4491 3559 4547 columnas?
3589 4494 3711 4550 Haec
3749 4513 3854 4552 una
3878 4515 4014 4555 cum

2422 4576 2669 4644 prmsenti
2725 4577 2828 4629 vita
2882 4576 3184 4630 diruuutur.
3245 4577 3539 4636 Ecclesiam
3601 4584 3919 4655 ingredere,
3958 4603 4018 4646 ut

2420 4666 2647 4720 civitatis
2674 4666 2853 4720 videas
2882 4667 3230 4722 nobilitatem.
3260 4669 3565 4740 Ingredere,
3599 4675 3832 4746 inquam,
3871 4682 4012 4737 vide

2423 4774 2679 4827 pauperes
2709 4774 2737 4812 a
2785 4759 2960 4815 medio
2987 4761 3158 4815 noctis
3188 4776 3356 4831 usque
3395 4765 3463 4818 ad
3514 4766 3687 4820 lucem
3736 4785 4016 4838 perseve-

2422 4862 2632 4917 rantes,
2664 4853 2783 4906 vide
2813 4867 2960 4906 sacra
2991 4853 3262 4923 pervigilia
3298 4855 3440 4909 diem
3471 4872 3591 4911 cum
3638 4871 3795 4917 nocte
3835 4879 4018 4935 copu-

2423 4943 2581 4998 lantia
2633 4961 2647 4997 :
2688 4944 2808 4998 vide
2848 4960 2938 4998 cos
2995 4958 3167 5012 neque
3223 4945 3451 5000 interdiu
3491 4965 3664 5020 neque
3707 4963 3870 5008 noctu
3928 4961 4019 5012 νει

2421 5036 2592 5089 somni
2625 5034 2956 5105 tyrannidem
2987 5049 3050 5088 ac
3078 5034 3384 5092 violentiam
3436 5050 3732 5097 metuentes
3753 5086 3768 5108 ,
3806 5047 3893 5100 vel
3933 5049 4021 5102 in-

2422 5128 2556 5198 opiae
2579 5129 2947 5182 necessitatem
2977 5127 3340 5186 formidantes.
3368 5131 3550 5201 Magna
3579 5151 3762 5189 revera
3791 5137 4020 5206 civitas,

2423 5239 2484 5277 ac
2512 5225 2668 5276 totius
2692 5223 2835 5276 orbis
2866 5223 3197 5292 metropolis.
3226 5225 3365 5291 Quot
3393 5228 3645 5298 episcopi,
3668 5239 3799 5297 quot
3825 5230 4025 5287 docto-

2423 5332 2509 5370 res
2552 5317 2653 5370 lmc
2699 5325 2995 5379 venerunt,
3027 5325 3082 5371 et
3122 5332 3149 5369 a
3197 5319 3395 5387 populo
3424 5318 3563 5373 docti
3590 5321 3881 5376 discedunt
3904 5363 3922 5386 ,
3957 5340 4024 5379 ac

2425 5408 2592 5476 legem
2647 5409 2785 5460 illam
2833 5406 3043 5462 insitam
3087 5407 3139 5462 in
3188 5423 3246 5463 se
3294 5412 3689 5480 transplantare
3715 5426 3919 5467 curant
3951 5419 4023 5469 ’Τ

2488 5522 2502 5549 ¹
2541 5518 2678 5567 savil.
2702 5554 2714 5574 ,
2741 5519 2807 5567 sic
2830 5517 3096 5582 habet......
3133 5519 3219 5569 sed
3253 5519 3310 5567 ab
3343 5519 3711 5571 inhabitantibus
3751 5521 4023 5582 deﬁnitur.

2489 5584 2506 5611 ³
2543 5584 2612 5645 sic
2634 5581 2980 5645 savil.,.t\torel.
3010 5591 3060 5645 et
3084 5583 3380 5645 manuscripti
3401 5619 3413 5637 ,
3441 5596 3533 5631 uno
3559 5593 3784 5645 excepto.
3809 5581 3902 5645 Qui
3935 5590 4022 5636 ha-

2426 5644 2528 5694 bet.
2557 5642 2632 5690 hic
2659 5642 2864 5701 discunt,
2893 5656 2993 5703 pl‘O,
3021 5644 3077 5706 in,
3094 5655 3143 5691 se
3156 5643 3519 5706 transplantare
3543 5642 3732 5706 curant,
3761 5653 3808 5695 et
3826 5642 3918 5697 _sic
3955 5653 4031 5701 le-

2430 5714 2570 5765 gerat
2594 5711 2825 5758 Erasmus.
2852 5701 2932 5766 qui
2959 5705 3121 5761 vertit,
3147 5701 3224 5751 hic
3249 5703 3453 5752 discunt.
