4130 6316
128 339 229 393 119

118 444 260 511 ἔργον
288 441 524 496 ἐλθοῦσα
564 441 825 514 πονηρὸν,
868 441 1050 497 πᾶσαν
1086 440 1248 495 αὐτοῦ
1281 438 1551 508 διέφθειρε
1587 434 1685 504 τὴν

118 526 325 595 ἀρετήν.
359 526 434 579 Τὸ
481 525 583 596 μὲν
624 522 720 580 οὖν
766 525 1053 596 μακάριον,
1086 526 1224 595 μήτε
1265 522 1401 583 ὅλως
1433 518 1685 585 δέξασθαι

117 610 197 662 τὸν
219 609 455 679 πονηρὸν
483 610 764 679 λογισμόν·
793 610 930 679 ὅπερ
962 604 1055 662 οὖν
1086 609 1181 660 καὶ
1207 608 1235 660 6
1261 606 1547 676 Προφήτης
1573 602 1688 655 ἐλε-

117 709 195 761 γε·
230 694 431 760 Κύριε,
469 695 585 762 οὐχ
626 691 835 761 ὑψώθη
869 693 909 759 ἡ
948 692 1161 758 καρδία
1188 707 1328 759 μου.
1355 690 1469 741 Οὐκ
1515 682 1687 748 εἶπεν,

124 772 337 843 Ὑψώθη
360 774 818 845 μὲν,κατέστειλα
846 774 903 827 δὲ
933 773 1121 844 αὐτὴν,
1156 772 1292 835 ἀλλ’,
1315 768 1451 824 Οὐδὲ
1468 769 1565 841 τὴν
1588 771 1686 839 ἀρ-

116 859 208 930 χὴν
230 859 445 929 ὑψώθη,
467 860 765 925 τουτέστιν,
802 857 1001 914 άϐατον
1028 857 1116 912 διά
1140 855 1341 918 παντὸς
1364 856 1604 926 ἐτήρησα
1624 857 1689 926 τῇ

117 943 276 1013 κακίᾳ
304 943 404 1012 τὴν
427 943 625 1015 ψυχήν.
662 943 736 997 Τὸ
760 942 855 1013 μὲν
890 938 983 997 οῦν
1018 941 1308 1012 μακάριον,
1340 938 1517 992 τοῦτο·
1556 938 1615 991 τὸ
1636 938 1692 991 δέ

118 1028 229 1094 μετ’
252 1026 435 1078 ἐκεῖνο
460 1024 869 1088 ἐπεισελθόντας
891 1025 1016 1087 τοὺς
1038 1024 1330 1093 λογισμοὺς
1357 1020 1567 1091 ταχέως
1588 1021 1695 1072 ἀπ-

116 1106 379 1173 ώσασθαι,
404 1110 498 1162 καὶ
522 1109 597 1179 μὴ
620 1107 969 1179 συγχωρῆσαι
989 1105 1323 1181 ἐνδιατρίψαι
1346 1104 1528 1169 πλέον,
1553 1104 1692 1157 ὥστε

120 1190 189 1260 μὴ
223 1191 472 1261 πονηρὰν
493 1193 550 1244 ἐν
572 1193 706 1261 ἡμῖν
732 1189 1066 1263 ἐργάσασθαι
1091 1191 1190 1262 τὴν
1216 1191 1408 1261 νομήν.
1434 1190 1496 1243 Εἰ
1514 1189 1571 1242 δὲ
1599 1189 1696 1242 καὶ

120 1273 279 1343 μέχρι
314 1274 508 1326 τούτου
553 1274 991 1345 ρᾳθυμήσαιμεν,
1030 1273 1145 1326 ἐστι
1182 1272 1272 1326 διὰ
1299 1271 1397 1343 τὴν
1432 1271 1525 1324 τοῦ
1558 1268 1694 1322 Θεοῦ

119 1356 529 1427 φιλανθρωπίαν
562 1359 655 1411 καὶ
681 1357 882 1426 ταύτης
913 1359 1013 1428 τῆς
1046 1357 1321 1429 ῥᾳθυμίας
1352 1354 1692 1425 παραμυθία,

119 1439 206 1489 καὶ
232 1438 407 1491 πολλὰ
447 1439 597 1511 παρά
622 1440 721 1511 τῆς
752 1439 1082 1511 ἀγαθότητος
1113 1439 1326 1509 ἐκείνης
1351 1438 1451 1507 τῆς
1486 1438 1694 1505 άφάτου

120 1520 208 1573 καὶ
242 1522 493 1592 μεγάλης
530 1524 641 1586 τοῖς
669 1522 929 1585 τοιούτοις
960 1520 1233 1592 τραύμασι
1264 1520 1697 1574 κατεσκεύασται

121 1602 183 1655 τά
213 1604 509 1674 φάρμακα.
550 1604 711 1658 Ἀλλὰ
736 1604 867 1674 φέρε
894 1604 1079 1658 λοιπὸν
1109 1604 1198 1658 τὸν
1227 1604 1383 1673 λόγον
1409 1601 1697 1658 καταπαύ-

125 1703 322 1756 σωμεν,
355 1688 446 1740 ῖνα
480 1686 557 1758 μὴ
577 1686 753 1751 τοῦτο,
777 1688 911 1758 ὅπερ
944 1688 1227 1759 ἐδείσαμεν
1256 1687 1314 1741 ἐν
1342 1687 1507 1758 ἀρχῇ,
1532 1685 1697 1754 γένηο

122 1785 205 1820 ται
236 1770 355 1833 νῦν,
378 1769 476 1823 καί¹
502 1770 564 1823 τὸ
588 1769 790 1841 πλῆθος
816 1769 1121 1841 λυμήνηται
1150 1769 1250 1841 τὴν
1272 1771 1493 1840 μνήμην
1519 1768 1694 1839 ὑμῶν,

124 1852 234 1903 Δι“δ
255 1853 350 1906 καὶ
367 1853 458 1907 διὰ
478 1852 724 1924 βραχέων
744 1851 1322 1921 ἀνακεφαλαιώσασθαι
1342 1852 1411 1906 τὰ
1433 1851 1697 1922 εἰρημένα

124 1936 417 2003 ἀναγκαῖόν
467 1939 635 1991 ἐστιν.
677 1936 833 1992 Οὕτω
879 1938 987 2008 γὰρ
1044 1937 1099 1991 αἰ
1154 1936 1386 2007 μητέρες
1430 1935 1695 1989 ποιοῦσιν·

124 2017 337 2071 ἐπειδὰν
369 2020 613 2089 ὀπώρας,
646 2019 679 2091 ἢ
714 2021 1062 2091 τραγήματα,
1095 2020 1130 2091 ἦ
1156 2037 1207 2073 τι
1232 2017 1469 2073 τοιοῦτον
1500 2019 1579 2081 εἰς
1608 2017 1700 2071 τὸν

124 2101 369 2154 παιδικὸν
399 2102 679 2171 ἐμϐάλωσι
701 2103 918 2167 κόλπον,
948 2101 1089 2156 ῶστε
1116 2105 1191 2173 μὴ
1218 2104 1283 2172 τῇ
1318 2101 1560 2173 ῥᾳθυμίᾳ
1589 2100 1699 2156 τῶν

124 2185 347 2237 παιδίων
370 2187 624 2240 ἐκπεσεῖν
641 2203 694 2239 τι
716 2185 822 2239 τῶν
842 2185 1101 2239 δοθέντων
1124 2187 1328 2250 αὐτοῖς,
1361 2183 1702 2255 περιστείλα-

127 2284 213 2320 σαι
235 2267 502 2320 πάντοθεν
529 2268 621 2320 τὸν
651 2268 964 2338 χιτωνίσκον
996 2268 1355 2323 ὑποϐάλλουσι
1381 2272 1446 2338 τῇ
1473 2268 1573 2338 τῆς
1605 2264 1701 2331 ζώ-

125 2368 217 2421 νης
239 2350 533 2421 ἀσφαλείᾳ.
565 2350 734 2403 Τοῦτο
756 2352 847 2404 καὶ
874 2352 1033 2421 ἡμεῖς
1059 2352 1395 2421 ποιήσωμεν,
1419 2352 1500 2412 εἰς
1525 2348 1701 2419 μῆκος

125 2432 417 2486 ἐνταθέντα
472 2432 564 2487 τὸν
617 2432 773 2499 λόγον
828 2432 1275 2505 περιστείλωμεν,
1340 2431 1435 2486 καὶ
1480 2434 1547 2503 τῇ
1601 2431 1700 2501 τῆς

128 2516 348 2585 μνήμης
403 2514 916 2588 παρακαταθώμεθα
964 2516 1199 2587 φυλακῇ.
1247 2514 1546 2569 Ἠκούσατε
1583 2513 1701 2576 πῶς

126 2596 276 2647 οὐδὲν
300 2598 447 2668 ἡμᾶς
471 2597 607 2666 πρὸς
631 2596 884 2662 ἐπίδειξιν
910 2599 1016 2669 χρὴ
1038 2600 1210 2651 ποιεῖν
1239 2597 1385 2655 ⁸,καὶ
1407 2597 1573 2649 πόσον
1603 2597 1694 2666 r5?-

127 2678 302 2747 θυμία.
354 2678 543 2742 κακὸν,
597 2679 714 2743 πῶς
759 2680 854 2733 καὶ
899 2680 993 2733 τὸν
1036 2681 1095 2734 ἐν
1127 2678 1347 2751 ἀκριϐεῖ
1386 2678 1563 2742 ζῶντα
1602 2678 1703 2748 βίῳ

130 2761 330 2830 ῥᾳδίως
380 2759 755 2816 ὑπισκέλισεν.
790 2763 1030 2829 Ἔγνωτε
1076 2762 1248 2834 πόσης
1296 2763 1429 2832 ἡμῖν
1478 2761 1560 2814 δεῖ
1602 2759 1703 2831 τῆς

128 2842 385 2913 σπουδῆς,
417 2844 513 2898 καὶ
550 2842 783 2913 μάλιστα
816 2844 954 2915 πρὸς
990 2844 1129 2899 αὐτὰ
1170 2843 1263 2898 τοῦ
1296 2843 1412 2914 βίου
1448 2843 1519 2896 τά
1546 2842 1701 2913 τέλη,

127 2928 218 2979 καὶ
250 2927 369 2991 πῶς
399 2925 523 2980 οὔτε
557 2926 953 2995 ἀπογινώσκειν
994 2928 1086 2981 ἐπὶ
1137 2929 1251 2991 τοῖς
1293 2927 1702 2999 παραπτώμασι

124 3009 214 3062 τὸν
243 3008 730 3079 μεταϐαλλόμενον,
754 3008 877 3063 οὔτε
907 3009 1125 3083 θαρρεῖν
1155 3010 1249 3065 ἐπὶ
1283 3013 1397 3075 τοῖς
1422 3010 1703 3083 κατορθώ-

128 3107 267 3159 μασι
307 3090 395 3144 τὸν
421 3091 812 3163 ρᾳθυμήσαντα
836 3095 963 3165 χρή.
1002 3095 1362 3166 Διελέχθημεν
1395 3096 1523 3167 περὶ
1555 3093 1703 3167 [120]

126 3173 393 3243 διαφορᾶς
418 3175 831 3246 ἁμαρτημάτων
855 3178 1005 3246 ὑμῖν,
1036 3178 1164 3249 περὶ
1187 3177 1282 3231 τοῦ
1318 3179 1392 3248 μὴ
1419 3177 1705 3247 κεχηνέναι

126 3256 270 3327 πρὸς
308 3257 372 3310 τά
402 3256 627 3329 λαμπρὰ
657 3258 765 3312 τῶν
793 3260 1060 3329 σωμάτων
1091 3261 1141 3326 ι»,
1173 3262 1268 3314 καὶ
1298 3262 1464 3315 πόσον
1492 3264 1556 3315 ἐκ
1585 3259 1707 3315 τού-

126 3356 221 3393 του
275 3339 461 3405 κακόν,
514 3340 811 3412 ἐδείξαμεν.
858 3343 938 3396 Τά
980 3344 1106 3415 περὶ
1149 3344 1405 3407 ἀπονοίας
1442 3344 1707 3415 εἰρημένα

127 3426 262 3493 ὑμῖν
319 3425 614 3495 μέμνησθε,
666 3425 735 3479 τά
781 3429 911 3497 περὶ
953 3426 1060 3480 τῶν
1112 3427 1364 3497 πονηρῶν
1408 3427 1704 3498 λογισμῶν.

127 3508 319 3561 Ταῦτα
361 3508 723 3577 φυλάσσοντες
777 3509 1222 3580 ἀναχωρήσωμεν
1262 3509 1463 3563 οῖκαδε·
1509 3510 1710 3581 μᾶλλον

126 3592 182 3644 δὲ
208 3590 384 3644 ταῦτα
408 3592 773 3662 φυλάσσοντες
807 3592 1089 3664 δεξώμεθα
1120 3593 1217 3647 καὶ
1243 3594 1340 3666 τὴν
1368 3594 1709 3665 τελειοτέραν

128 3675 220 3727 τοῦ
245 3675 413 3727 καλοῦ
439 3675 759 3731 διδασκάλου
782 3676 1124 3747 παραίνεσιν.
1150 3677 1231 3731 Τά
1255 3678 1353 3748 μέν
1381 3677 1489 3749 γάρ
1509 3679 1710 3750 ἡμέτε-

131 3773 219 3825 ρα,
253 3750 343 3809 οἷα
368 3757 435 3811 ἂν
462 3757 571 3827 εἴη,
602 3758 714 3827 ἔχει
744 3758 814 3811 τὰ
843 3759 944 3827 τῆς
961 3758 1214 3829 νεότητος
1239 3759 1526 3830 δείγματα·
1561 3758 1630 3813 τὰ
1652 3759 1710 3813 δὲ

128 3839 340 3903 τούτου,
369 3833 459 3893 οἷα
480 3838 545 3892 ἂν
570 3834 628 3911 ᾗ,
662 3839 831 3911 πολιῷ
863 3840 1200 3913 κεκόσμηται
1226 3842 1304 3913 τῷ
1336 3843 1642 3914 φρονήματι
1660 3854 1708 3899 ο.

133 3923 238 3975 Καὶ
267 3922 335 3975 τά
366 3922 465 3988 μὲν
503 3923 747 3993 ήμέτερα
771 3924 1059 3995 προσέοικε
1090 3926 1254 3996 ρύακι
1284 3927 1530 3997 ῥοιζηδὸν
1551 3944 1713 3998 φεροο

132 4008 299 4077 μένῳ·
323 4006 387 4058 τὸ
410 4006 466 4059 δὲ
487 4006 676 4059 τούτου
709 4008 998 4079 προσέοικε
1021 4012 1170 4082 πηγῇ
1195 4012 1472 4081 ποταμοὺς
1491 4012 1713 4087 ἀφιείσῃ

132 4088 251 4157 μεθ’
280 4089 513 4160 ἡσυχίας
542 4089 759 4159 πολλῆς,
787 4090 966 4145 ἐλαίου
998 4092 1198 4163 μᾶλλον
1225 4096 1258 4165 ἢ
1290 4095 1497 4150 ὑδάτων
1522 4114 1714 4167 μιμου-

134 4173 271 4245 μένῃ
314 4174 409 4225 τὸν
440 4174 657 4244 δρόμον.
690 4175 979 4245 Δεξώμεθα
1008 4176 1101 4231 οὖν
1140 4178 1209 4232 τὰ
1243 4180 1477 4249 νάματα,
1504 4182 1590 4233 ἵνα
1622 4182 1713 4248 γέε-

131 4271 287 4323 νηται
312 4256 371 4307 ἐν
402 4256 532 4324 ἡμῖν
558 4256 707 4325 πηγὴ
738 4256 924 4319 ὓδατος
974 4256 1262 4327 ἁλλομένου
1297 4262 1376 4324 εἰς
1409 4261 1552 4333 ζωὴν
1584 4262 1714 4317 αἰώ-

132 4354 262 4390 νιον·
300 4333 370 4409 ἦς
401 4338 611 4405 γένοιτο
651 4338 859 4402 πάντας
889 4341 1037 4411 ἡμᾶς
1073 4343 1371 4414 ἐπιτυχεῖν,
1407 4346 1589 4417 χάριτι
1617 4349 1714 4402 καὶ

132 4421 515 4503 φιλανθρωπίᾳ
535 4421 629 4475 τοῦ
660 4424 864 4495 Κυρίου
896 4425 1055 4493 ἡμῶν
1088 4428 1264 4497 Ἰησοῦ
1294 4431 1552 4500 Χριστοῦ,
1592 4433 1712 4503 μεθ’

130 4498 315 4587 οὖντῷ
364 4505 725 4587 Πατρὶτιμὴ,
777 4508 870 4561 καὶ
905 4507 1051 4572 δόξα,
1093 4512 1187 4563 καὶ
1231 4498 1452 4583 κράτος,
1494 4498 1611 4585 ἄμα
1635 4516 1713 4587 τῷ

130 4586 271 4656 ἁγίῳ
303 4588 402 4639 καὶ
429 4586 619 4657 ἀγαθῷ
648 4588 946 4659 Πνεύματι,
977 4591 1071 4645 νῦν
1099 4593 1191 4647 καὶ
1223 4596 1329 4661 ἀεὶ,
1366 4598 1461 4652 καὶ
1482 4601 1562 4663 εἰς
1588 4586 1714 4663 τοὺς

129 4668 334 4731 αἰῶνας
357 4668 463 4722 τῶν
502 4669 734 4724 αἰώνων.
772 4674 964 4742 Ἀμήν.

127 4773 232 4838 Εἰς
278 4771 349 4859 τι)
385 4772 577 4838 ῥητὸν
616 4772 723 4853 τρῦ
765 4775 1072 4856 προφήτου
1130 4778 1371 4834 Ἡσαΐου
1417 4782 1482 4834 τὸ
1509 4784 1709 4852 λέγον·

201 4860 219 4891 ι
264 4839 532 4903 Ἐγένετο
560 4858 667 4894 tau
693 4842 990 4903 ὲνιαυτου,
1020 4842 1093 4901 οὗ
1123 4848 1422 4903 ἀπέθανεν
1467 4852 1653 4903 Ὀζῖαο
1680 4858 1709 4903 d

201 4860 219 4891 ι
268 4852 532 4909 Ἐγένετο
560 4858 667 4894 tau
693 4852 990 4907 ἐνιαυτοῦ,
1020 4852 1093 4901 οὗ
1123 4852 1422 4904 ἀπέθανεν
1467 4852 1653 4917 Ὀζῒας
1680 4858 1714 4907 ὁ

190 4910 531 4989 ,βαᾳιλεὺςκ-
579 4907 744 4989 εῖδρν
792 4915 900 4989 τὸν
945 4916 1165 4989 Κύριον
1214 4921 1555 4989 καθήμενον
1612 4924 1712 4977 ἐπὶ

196 4981 699 5060 θρόνου-ὑψηλοῦ
737 4982 835 5060 καὶ
871 4981 1244 5060 ἐπηρμένου·
1268 5010 1286 5041 ι
1336 4981 1434 5045 οἷαὶ
1466 4992 1713 5058 ἔπαινος

195 5051 314 5115 τῆς
339 5051 569 5121 πόλεως
606 5051 716 5117 τῆς
749 5051 1119 5121 Ἀντιοχείας·
1152 5058 1424 5117 καὶκατὰ
1448 5051 1713 5116 κωλυόνξ

194 5135 321 5171 των
339 5120 447 5172 τὸν
470 5118 660 5189 γάμον
681 5121 886 5186 ἔνθεος
910 5118 1231 5193 ἀπόδειξις.

192 5303 267 5357 α’.
292 5305 565 5373 Δαμπρὸν
590 5307 721 5375 ἡμῖν
743 5224 989 5377 gitti:
1009 5229 1327 5382 36.0éa190v
1358 5315 1569 5383 γέγονε,
1615 5319 1707 5370 καὶ

183 5504 209 5568 _‘
236 5504 380 5568 Unus
508 5505 658 5568 ποιεῖν
678 5506 948 5568 ἀνθρώπων.

184 5564 212 5639 1]
240 5564 519 5639 Διίιιξπρὸς
540 5582 600 5637 τα
624 5564 814 5639 λαμπρὰ.
833 5569 927 5614 τῶν
951 5572 1372 5639 σωμάτωνμκάλλη.

186 5629 211 5657 ε
229 5628 335 5697 "Av
356 5624 405 5697 ᾖ,
427 5624 581 5699 πο).ιῷ
603 5624 851 5687 κοσμεῖται
874 5624 1130 5735 φρονήματι
1155 5635 1236 5684 Sic
1254 5624 1560 5689 dudéodiccs
1573 5657 1709 5705 mm,

198 5701 271 5734 mc
298 5689 425 5735 [emt
447 5688 692 5735 hrasmus.
720 5688 853 5735 Unus
872 5706 904 5735 π
938 5692 1018 5735 εἶω
1044 5697 1333 5735 κεκάσιιοηφη.
1382 5701 1509 5735 Imm
1533 5707 1705 5735 ..πρίω

132 5693 175 5733 el
298 5689 425 5745 legit
447 5688 692 5757 Ε-ζαξω-υξ.
720 5688 853 5757 Unu_s
872 5688 1356 5757 πλείῳαεκόσμηται.
1382 5688 1709 5754 Εάίινιίᾶτᾷέξᾷφζ

130 5748 635 5821 maximique)“;
658 5749 951 5811 IPgendu‘m:
980 5748 1085 5800 liam
1113 5748 1461 5821 hic'cbmpai'at
1480 5748 1714 5819 λὶιίξέὶιίἱίῖ.

133 5816 392 5889 [gingiuam
415 5808 783 5867 (hrysoslomus
807 5808 915 5858 cum
940 5826 1056 5862 cana
1074 5808 1338 5868 seucclule'
1364 5808 1708 5889 ἰδιογῖιῖηἷέρί-

131 5878 255 5927 suum

489 5966 763 6027 PATROL.
810 5967 926 6028 Gn.
974 5966 1134 6028 LVI.

1111 325 1179 383 IN
1217 326 1450 392 lLLUD,
1489 323 1626 381 .VIDI
1664 321 2003 395 DOMINUM,
2035 327 2251 387 HOMIL
2286 331 2378 393 ιν.

3256 341 3369 397 120

1794 440 2017 512 φαιδρὸς
2035 443 2063 493 ὁ
2083 444 2357 513 σύλλογος.
2386 443 2452 498 Τί
2482 462 2613 499 ποτε
2643 445 2755 519 ἀρα
2779 447 2842 501 τδ
2857 446 3059 516 αῖτιον;
3087 447 3215 502 Τῶν
3247 447 3373 519 χθές

1794 526 2125 595 σπερμάτων
2152 529 2382 601 καρπὸς,
2410 529 2441 580 6
2478 530 2726 600 σήμερον
2754 531 3032 603 θερισμός.
3064 532 3206 595 Χθές
3241 533 3374 599 ἐφυ-

1789 607 2079 679 τεύσαμεν,
2103 612 2198 664 καί⁵
2224 613 2464 682 σήμερον
2483 613 2793 683 τρυγῶμεν.
2816 614 2891 667 Οὐ
2912 614 3019 684 γάρ
3038 616 3141 685 γῆν
3167 614 3374 683 ἄψυχον

1789 691 2164 763 γεωργοῦμεν,
2195 694 2283 747 ἵνα
2318 695 2573 770 βραδύνῃ,
2606 696 2742 751 ἀλλὰ
2772 697 2949 768 ψυχάς
2986 696 3228 766 λογικάς.
3260 697 3375 750 Οὐκ

1790 771 1907 826 ἐστι
1936 774 2097 843 φύσις
2142 777 2176 847 ή
2224 776 2513 847 μέλλουσα,
2554 779 2693 833 ἀλλά
2723 781 2881 850 χάρις
2910 782 2946 852 ἡ
2982 780 3287 851 ταχύνουσα
3320 777 3372 832 δ.

1791 854 2067 922 Εὕτακτος
2098 859 2231 930 ἡμῖν
2261 862 2290 911 6
2312 859 2461 925 λαὸς,
2491 860 2746 931 φιλήκοος
2769 864 2797 916 6
2829 863 3020 933 δῆμος.
3046 863 3190 925 Χθές
3210 861 3375 931 ἐκλή-

1792 938 1985 1009 θησαν,
2032 941 2129 995 καὶ
2169 942 2411 1015 σήμερον
2453 946 2861 1014 στεφανοῦνται.
2911 946 3030 1015 Τῆς
3068 946 3194 1017 χθές
3240 962 3376 1016 παρ-

1791 1021 2051 1087 αινέσεως
2083 1025 2113 1077 6
2141 1025 2402 1098 καρπὸςή
2440 1028 2678 1099 σήμερον
2704 1027 2938 1098 ὑπακοή.
2973 1027 3073 1081 Διά
3096 1028 3253 1082 τοῦτο
3280 1027 3375 1081 καί

1790 1104 1953 1173 ἡμεῖς
1982 1106 2123 1174 μετά
2154 1107 2466 1178 προθυμίας
2506 1109 2577 1163 τὰ
2607 1110 2898 1182 σπέρματα
2941 1111 3374 1181 καταϐάλλομεν,

1794 1185 1876 1238 ὅτι
1914 1187 2164 1259 καθαρὰν
2191 1190 2407 1261 ὁρῶμεν
2450 1193 2551 1263 τὴν
2583 1194 2842 1265 ἄρουραν,
2869 1194 3106 1265 οὐδαμοῦ
3132 1194 3374 1249 ἄκανθαν
3416 1242 3419 1243 ,

1794 1270 2223 1341 ἀποπνίγουσαν,
2272 1275 2391 1329 οὐδὲ
2434 1275 2553 1331 ὁδὸν
2602 1278 2972 1349 πατουμένην,
3010 1278 3130 1331 οὐδὲ
3168 1277 3375 1346 πέτραν

1793 1353 2008 1423 ἄγονον,
2033 1355 2170 1409 ἀλλά
2204 1356 2425 1426 βαθεῖάν
2452 1375 2575 1412 τινα
2612 1360 2704 1413 καί
2733 1361 2975 1430 λιπαρὰν
3004 1360 3210 1431 χώραν,
3240 1360 3375 1430 ὁμοῦ

1793 1436 2090 1509 δεχομένην
2115 1439 2185 1492 τά
2215 1440 2527 1512 σπέρματα,
2567 1443 2661 1496 καὶ
2694 1444 2785 1498 τὸν
2829 1445 3030 1514 στάχυν
3066 1446 3199 1515 ἡμῖν
3233 1460 3376 1514 παρ-

1797 1518 2049 1589 έχουσαν.
2078 1521 2266 1577 Ταῦτα
2292 1523 2437 1591 λέγω
2467 1525 2575 1589 ἀεὶ,
2620 1528 2713 1580 καί
2747 1527 2920 1595 λέγων
2965 1528 3025 1581 οὐ
3074 1526 3374 1596 παύσομαι·

1796 1601 1879 1655 δτι
1902 1601 2177 1673 ἐγκώμιον
2204 1604 2305 1674 τῆς
2332 1606 2541 1669 πόλεως
2561 1607 2662 1678 τῆς
2683 1609 2980 1681 ἡμετέρας,
3012 1610 3111 1680 οὑχ
3136 1609 3217 1661 ὅτι
3243 1605 3377 1674 σύγ-

1795 1683 1993 1754 κλητον
2021 1686 2154 1755 ἔχει.
2186 1689 2282 1740 καὶ
2318 1688 2558 1754 ὑπάτους
2600 1691 2854 1762 ἀριθμεῖν
2889 1692 3106 1762 ἔχομεν,
3146 1690 3257 1744 οὐδ’
3296 1690 3380 1743 ὅτι

1796 1768 2120 1838 ἀνδριάντας
2146 1770 2395 1837 πολλοὺς,
2420 1774 2529 1827 οὐδ’
2549 1775 2630 1829 ὅτι
2654 1775 2830 1830 ὠνίων
2856 1776 3136 1845 ἀφθονίαν,
3163 1775 3270 1829 οὐδ’
3292 1774 3379 1828 ὅτι

1797 1849 2001 1916 θέσεως
2039 1854 2471 1926 ἐπιτηδειότητα·
2513 1857 2627 1911 ἀλλ’
2657 1860 2738 1913 ὅτι
2777 1859 2947 1929 δῆμον
2969 1860 3080 1930 ἔχει
3102 1857 3377 1928 φιλήκοον,

1798 1936 1895 1989 καὶ
1953 1936 2114 1999 ναοὺς
2151 1935 2289 1991 Θεοῦ
2335 1940 2815 2012 πεπληρωμένους,
2866 1943 2960 1996 καὶ
3007 1945 3041 2012 ἡ
3085 1939 3379 2011 Ἐκκλησία

1801 2015 1951 2092 [121]
1993 2020 2193 2089 μᾶλλον
2243 2025 2427 2094 τρυφᾷ
2487 2025 2611 2080 καθ’
2666 2026 2900 2097 ἑκάστην
2954 2025 3167 2096 ἡμέραν
3223 2023 3379 2093 λόγον

1801 2101 2015 2172 ῥέοντα,
2046 2105 2141 2159 καὶ
2166 2105 2330 2159 πόθον
2350 2106 2605 2160 οὐδέποτε
2627 2109 3038 2179 κορεννύμενον.
3075 2108 3140 2161 Ἠ
3163 2106 3271 2177 γάρ
3290 2105 3382 2159 πός

1798 2184 1881 2249 λις
1912 2186 2014 2240 οὐκ
2043 2186 2151 2240 ἀπὸ
2183 2188 2293 2241 τῶν
2316 2189 2635 2259 οἰκοδομῶν,
2675 2191 2813 2244 ἀλλά
2856 2192 2963 2245 ἀπὸ
3005 2191 3113 2245 τῶν
3156 2190 3381 2243 ἐνοίκων

1801 2268 2142 2339 θαυμάζεται
2172 2282 2218 2325 ο.
2246 2272 2337 2342 Μή
2374 2289 2463 2342 μοι
2501 2272 2651 2341 λέγε,
2694 2274 2777 2327 ὅτι
2817 2275 2853 2345 ή
2892 2275 3177 2344 Ῥωμαίων
3228 2273 3383 2336 πόλις

1804 2351 2014 2421 μεγάλη
2060 2352 2139 2422 τῷ
2178 2352 2418 2421 μεγέθει·
2446 2354 2583 2408 ἀλλά
2607 2354 2779 2421 δεῖξόν
2811 2373 2900 2426 μοι
2939 2357 3056 2409 ἐκεῖ
3090 2355 3231 2409 οὕτω
3254 2355 3382 2409 λαὸν

1801 2432 2078 2503 φιλήκοον.
2114 2434 2267 2489 Ἐπεὶ
2304 2436 2399 2489 καὶ
2436 2436 2505 2489 τά
2540 2437 2746 2506 Σόδομα
2778 2437 3019 2510 πύργους
3054 2434 3279 2507 εἴχεν,ή
3324 2437 3382 2491 δέ

1801 2518 2010 2587 καλύϐη
2040 2518 2131 2571 τὸν
2185 2517 2455 2590 Ἀϐραάμ·
2488 2518 2606 2574 ἀλλ’
2656 2520 2899 2583 ἐλθόντες
2940 2521 2989 2573 οἰ
3026 2521 3268 2589 ἄγγελοι,
3313 2522 3382 2573 τὰ

1804 2601 1904 2671 μὲν
1924 2601 2131 2671 Σόδομα
2153 2600 2525 2672 παρέδραμον,
2550 2602 2642 2656 ἐπὶ
2661 2602 2833 2674 δὲτὴν
2852 2602 3093 2673 καλύϐην
3115 2602 3383 2673 κατήχθη-

1803 2700 1917 2737 σαν.
1955 2682 2028 2736 Οὑ
2050 2683 2159 2754 γὰρ
2188 2682 2352 2736 οῖκων
2383 2686 2742 2755 περιφάνειαν
2764 2686 3010 2757 ἐζήτουν,
3046 2685 3179 2744 ἀλλά
3205 2685 3381 2755 ψυχῆς

1800 2765 2001 2837 ἀρετὴν
2024 2764 2320 2837 περιῄεσαν
2348 2765 2639 2838 ζητοῦντες
2660 2770 2756 2823 καὶ
2776 2770 2990 2833 κάλλος.
3019 2767 3175 2822 Οὕτω
3201 2768 3258 2822 δέ
3288 2768 3381 2820 καί⁵

1802 2848 1978 2911 άλλως
2017 2849 2051 2919 ἡ
2095 2848 2301 2920 ἔρημος
2335 2846 2448 2921 εἷχε
2489 2850 2582 2905 τὸν
2625 2852 2898 2925 Ἰωάννην,
2935 2853 2970 2925 ή
3002 2851 3061 2906 δέ
3095 2851 3248 2914 πόλις
3290 2850 3382 2903 τὸν

1813 2929 2078 3001 Ἡρώδην·
2104 2930 2194 2985 διά
2227 2930 2385 2986 τοῦτο
2422 2934 2456 3003 ή
2488 2932 2693 3005 ἔρημος
2720 2936 2927 2999 πόλεως
2948 2934 3383 3004 εὐγνωμονεστέ-

1806 3031 1876 3086 ρα
1897 3013 1944 3068 ί.
1971 3013 2037 3067 Τί
2064 3014 2298 3086 δήποτε;
2331 3016 2453 3070 Ὅτι
2492 3017 2592 3072 οὐκ
2617 3019 2674 3071 ἐν
2706 3022 2819 3082 τοῖς
2855 3018 3147 3089 κτίσμασιν
3178 3020 3210 3087 ή
3248 3032 3382 3086 προ-

1803 3095 2020 3168 φητεία.
2056 3095 2243 3151 Ταῦτα
2284 3097 2341 3152 δέ
2391 3098 2556 3169 λέγω,
2593 3100 2681 3153 ἵνα
2721 3100 2989 3171 μηδέποτε
3018 3100 3173 3152 πόλιν
3207 3101 3383 3167 ἐγκω-

1806 3179 2089 3250 μιάσωμεν
2141 3179 2251 3233 ἀπὸ
2299 3183 2641 3252 πραγμάτων
2694 3183 3123 3255 καταλυομένην.
3179 3182 3245 3235 Τί
3293 3199 3382 3253 μοι

1803 3260 1982 3329 λέγεις
2005 3261 2415 3334 οἰκοδομήματα
2456 3265 2550 3318 καὶ
2583 3265 2803 3331 κίονας;
2838 3265 3019 3320 Ταῦτα
3048 3263 3126 3336 τῷ
3159 3263 3384 3335 παρόντι

1807 3344 2237 3412 συγκαταλύεται
2294 3346 2321 3387 ε
2373 3344 2491 3418 βίῳ.
2548 3347 2769 3401 Εῖσελθε
2817 3349 2897 3411 εἰς
2943 3347 3256 3419 ἐκκλησίαν,
3290 3347 3387 3402 καὶ

1809 3426 1973 3496 βλέπε
2004 3427 2107 3496 τῆς
2140 3427 2347 3492 πόλεως
2369 3428 2470 3500 τὴν
2501 3429 2798 3498 εὐγένειαν.
2826 3430 3070 3494 Εἴσελθε,
3110 3430 3187 3483 ἰδέ
3218 3428 3387 3500 πένη-

1805 3527 1902 3572 τας
1923 3511 1988 3563 ἐκ
2012 3511 2380 3580 μεσονυκτίων
2406 3511 2567 3581 μέχρι
2588 3514 2685 3582 τῆς
2710 3513 2924 3583 ἡμέρας
2948 3512 3385 3585 παραμένοντας,

1809 3592 1973 3663 βλέπε
2002 3593 2330 3663 παννυχίδας
2368 3595 2519 3664 ἰεράς
2545 3594 2731 3666 ἡμέρᾳ
2772 3597 2869 3649 καί⁹
2910 3596 3064 3650 νυκτὶ
3095 3595 3389 3665 συναφθεί-

1810 3692 1932 3738 σας,
1966 3673 2089 3727 οὗτε
2121 3676 2180 3729 ἐν
2207 3675 2413 3747 ἡμέρᾳ,
2442 3676 2568 3729 οὔτε
2590 3680 2648 3730 ἐν
2677 3678 2834 3732 νυκτὶ
2858 3678 2959 3749 τὴν
2983 3679 3271 3750 τυραννίδα
3289 3677 3397 3732 τοῦ

1810 3756 2000 3819 ὕπνου,
2048 3756 2174 3811 οὔτε
2204 3759 2307 3830 τὴν
2339 3759 2585 3831 ἀνάγκην
2627 3760 2729 3830 τῆς
2771 3762 2962 3826 πενίας
3002 3762 3389 3834 φοϐουμένους.

1809 3838 2036 3910 Μεγάλη
2067 3840 2242 3904 πόλις,
2278 3841 2375 3893 καὶ
2422 3840 2753 3913 μητρόπολις
2784 3844 2881 3913 τῆς
2914 3846 3257 3916 οἰκουμένης.
3283 3844 3390 3897 Πό-

1812 3940 1895 3976 σοι
1938 3923 2246 3987 ἐπίσκοποι,
2279 3923 2435 3976 πόσοι
2468 3924 2778 3978 διδάσκαλοι
2809 3922 2971 3996 ἦλθον
3009 3927 3260 3990 ἐνταῦθα,
3299 3928 3392 3980 καὶ

1812 4004 2193 4069 παιδευθέντες
2217 4005 2370 4075 παρὰ
2397 4004 2490 4059 τοῦ
2519 4004 2651 4059 λαοῦ
2681 4007 3046 4078 ἀναχωροῦσι,
3079 4009 3172 4061 καὶ
3197 4010 3285 4062 τὸν
3315 4012 3393 4063 v6-

1816 4106 1915 4159 μον
1935 4090 2025 4142 τὸν
2040 4088 2276 4159 ἔμφυτον
2298 4089 2543 4143 ἐντεῦθεν
2572 4091 2972 4160 μεταφυτεῦσαι
3000 4093 3026 4132 h
3049 4096 3395 4165 παρασκευά-

1814 4171 2022 4239 ζονταις
2054 4172 2180 4226 Ἐάν
2197 4172 2361 4246 λέγῃς
2379 4190 2467 4243 μοι
2484 4173 2785 4243 ἀξιώματα,
2811 4174 2899 4229 καὶ
2923 4177 3219 4247 χρημάτων
3242 4195 3396 4248 περι-

1812 4255 2018 4319 ουσίαν,
2043 4255 2152 4308 άπδ
2179 4255 2292 4307 τῶν
2320 4255 2536 4325 φύλλων
2559 4256 2619 4309 τὸ
2644 4256 2857 4328 δένδρον
2884 4259 3145 4321 ἐπαινεῖς,
3176 4261 3268 4312 καὶ
3295 4262 3395 4313 οὑκ

1812 4339 1920 4391 ἀπὸ
1950 4336 2043 4390 τοῦ
2075 4336 2307 4407 καρποῦ.
2339 4337 2526 4391 Ταῦτα
2556 4338 2612 4391 δὲ
2635 4338 2778 4404 λέγω
2803 4341 2863 4392 οὐ
2899 4340 3208 4394 κολακεύων
3241 4343 3396 4413 ὑμῶν

1812 4419 1912 4490 τὴν
1959 4419 2201 4488 ἀγάπην,
2236 4420 2371 4473 ἀλλά
2416 4420 2515 4490 τὴν
2558 4420 2757 4491 ἀρετὴν
2796 4420 2949 4491 ὑμῶν
2983 4424 3392 4494 ἀνακηρύττων.

1814 4502 2097 4573 Μακάριος
2128 4501 2239 4569 ἐγὼ
2262 4502 2330 4553 δι’
2362 4501 2526 4571 ὑμᾶς,
2569 4502 2829 4572 μακάριοι
2869 4504 3026 4573 ὑμεῖς
3052 4505 3119 4558 δι’
3148 4507 3392 4570 ἑαυτούς·

1812 4585 2115 4651 Μακάριος
2146 4587 2180 4637 ό
2203 4584 2398 4651 λέγων
2428 4587 2515 4647 εἰς
2538 4580 2657 4639 ὦτα
2689 4586 3053 4641 ἀκουόντων·
3088 4588 3259 4653 οὕτως
3287 4591 3397 4658 ἐγὼ

1816 4667 2083 4736 μακάριος
2119 4667 2407 4735 ἐγενόμην.
2438 4666 2730 4734 Μακάριοι
2757 4672 2811 4721 οἱ
2834 4668 3154 4737 πεινῶντες
3179 4673 3275 4726 καί
3304 4672 3391 4727 δι-

1813 4747 2048 4815 ψῶντες
2076 4746 2192 4813 τὴν
2213 4746 2629 4815 δικαιοσύνην.
2664 4747 2815 4814 Εἶδες
2842 4751 2956 4816 πῶς
2984 4754 3142 4822 ὑμεῖς
3171 4754 3237 4807 δι’
3274 4756 3396 4807 ἐαυ-

1813 4832 1940 4895 τοὺς
1993 4829 2255 4899 μακάριοι
2300 4829 2589 4898 ἐγένεσθε;
2630 4833 2915 4904 Μακάριος
2959 4837 3098 4909 ἀνὴρ
3158 4840 3172 4879 ί
3219 4839 3393 4906 λόγων

1813 4915 1955 4986 ἐρῶν
1997 4915 2402 4986 πνευματικῶν.
2445 4915 2617 4969 Τοῦτο
2642 4917 2907 4988 διίστησιν
2944 4921 3090 4989 ἡμᾶς
3128 4922 3235 4973 τῶν
3266 4922 3392 4974 ἀλό-

1813 5015 1945 5067 γων.
1993 4999 2070 5051 Οὐ
2116 4997 2226 5065 γὰο
2272 4997 2337 5068 δὴ
2384 4998 2417 5068 ή
2461 4998 2555 5051 τοῦ
2596 4998 2845 5068 σώματος
2878 5003 3157 5069 ἀναλογία,
3185 5005 3304 5057 οὐδὲ
3334 5006 3394 5058 τὸ

1878 5168 1902 5206 d
1936 5167 2071 5231 Unus
2092 5167 2227 5231 χάρις
2244 5170 2275 5225 ὴ
2306 5169 2369 5231 μὴ
2393 5167 2690 5231 βραδύνουσα
2712 5168 2807 5217 εὖτ.
2835 5168 2954 5219 ibid.
2985 5172 3089 5229 alii,
3117 5172 3266 5222 Savil.
3292 5188 3371 5223 mo

1813 5236 1984 5286 neme,
2009 5229 2266 5291 εὖπρακτος
2284 5229 2406 5291 ἡμῖν
2424 5229 2450 5275 6
2472 5229 2597 5291 λαός.

1872 5293 1896 5352 ‘_
1923 5290 2075 5352 SaviI.
2100 5290 2202 5336 ἀλλ’
2229 5290 2323 5337 ἀπὸ
2348 5290 2661 5352 τῶν-ἐνοίκων
2680 5293 3087 5352 χαρακτηρίζεται.

1880 5350 1898 5387 ί
1932 5351 2066 5417 υηιιει
2113 5353 2142 5406 ἡ
2186 5352 2357 5417 ἔρημος
2402 5350 2585 5417 πόλεως
2609 5350 3176 5417 ,ἦνεὺσχημονεστέραι
3214 5356 3396 5405 melius

1811 5396 2419 5472 ρυυηῐεύγναςμοιεδτέρα,
2448 5396 2511 5457 τι
2553 5396 3137 5466 mm“'gmf‘afﬁmii
3153 5396 3396 5464 ἰειῐὶῖιῖἑξίἶ

1810 5478 1931 5532 quul
1952 5486 2068 5520 mss.
2112 5474 2248 5535 πόλιν
2280 5473 2501 5535 τοιαύτην
2532 5472 2920 5535 ἐγκωμιάσωμεν.
2963 5477 3079 5525 Ibid.
3132 5478 3393 5534 legendum

1811 5536 2085 5596 guspicatur
2108 5532 2259 5596 S_av_i|.
2285 5532 2381 5579 ἀπὸ
2408 5532 2696 5595 πραγμάτων
2719 5532 3097 5596 καταλυομένων.
3124 5532 3220 5585 Sed
3247 5555 3396 5586 κατα-

1811 5593 2117 5659 λυομέγῃννωι
2138 5593 2325 5659 habent
2340 5593 2631 5642 omn'escum
2656 5594 2774 5643 editi
2802 5604 2901 5645 lum
2926 5593 3033 5645 inss.
3048 5606 3195 5657 ,slarc
3210 5605 3391 5659 potest.

1875 5654 1908 5693 8⁷
1920 5654 2018 5703 Alii
2029 5654 2416 5703 συγκαταπίπτει.

1874 5715 1898 5780 [ι
1925 5715 2005 5765 Sic
2024 5717 2173 5780 Savjl.
2201 5716 2372 5763 Morel.
2400 5718 2453 5780 ξι
2476 5728 2623 5780 _mss..
2649 5730 2746 5763 uno
2790 5726 3016 5779 etcoplo,
3045 5722 3125 5780 qui
3151 5718 3293 5766 halm!
3321 5719 3394 5767 ἐν·

1810 5777 1959 5885 ἶλαῦθα
1983 5778 2282 5839 μανθάνουσι,
2310 5783 2362 5824 οι
2384 5777 2454 5825 sic
2476 5777 2667 5837 legerat
2714 5777 2952 5839 Erasmus},
2996 5777 3079 5841 qui
3126 5783 3292 5841 venit,
3314 5780 3393 5832 hit

1851 5846 2017 5885 iscum.

1851 5846 2001 5887 ίδιΊιίιί
2009 5878 2017 5883 .

1886 5912 1898 5937 ι
1930 5902 2052 5949 Tros
2074 5915 2187 5949 mss.
2219 5901 2453 5961 ἐγένεσθε,
2478 5900 2681 5961 ydola-ra
2704 5900 2819 5960 ἀνήρ

3037 6009 3076 6071 8
