4130 6316
707 362 817 418 121

707 464 1022 537 τρέφεσθαι,
1054 468 1174 522 ούδέ
1217 467 1279 523 τδ
1307 465 1501 528 πίνειν,
1528 464 1648 517 οὐδέ
1688 462 1749 516 τὸ
1779 461 2058 532 νέμεσθαι,
2088 460 2207 514 οὐδὲ
2233 458 2294 512 τὸ

707 556 825 623 ζῇν·
858 553 1032 607 ταῦτα
1071 554 1181 627 γὰρ
1226 556 1359 625 ήμῐν
1401 553 1616 606 ἅπαντα
1661 550 1814 604 κοινά
1843 549 1976 620 πρὸς
2001 549 2069 602 τὰ
2100 547 2286 614 ἄλογα·

705 639 842 692 ἀλλὰ
867 641 917 692 τι
944 641 1224 714 διέστηκεν
1245 651 1271 682 α
1298 639 1579 712 ἄνθρωπος
1603 637 1710 689 τῶν
1732 636 1970 703 ἀλόγων;
2001 633 2091 705 Τῷ
2117 633 2279 702 λόγον

706 727 791 781 διά
823 727 981 781 τοῦτο
1003 729 1098 782 καὶ
1116 727 1331 798 λογικὸν
1359 728 1496 792 ζῶόν
1523 729 1669 779 ἐστιν
1696 727 1724 777 6
1744 725 2047 794 ἄνθρωπος.
2077 722 2285 790 ’Ὥσπερ

705 814 815 885 γὰρ
841 815 1099 886 τρέφεται
1121 816 1191 868 τά
1219 813 1468 885 σώματα,
1496 810 1640 867 οὕτω
1665 813 1921 883 τρέφεται
1948 809 2042 863 καὶ
2068 805 2282 880 ἡψυχὴ

707 902 846 955 ἀλλὰ
887 903 948 955 τὸ
988 903 1085 974 μὲν
1129 903 1286 973 σῶμα
1329 902 1499 976 ἀρτῳ,
1535 901 1569 972 ή
1603 901 1660 954 δὲ
1691 900 1836 970 ψυχὴ
1876 897 2038 968 λόγῳ.
2071 897 2166 950 ‘Av
2195 890 2286 947 οὖν

711 990 825 1062 ἴδῃς
855 990 1138 1061 ἄνθρωπον
1174 991 1320 1044 λίθον
1351 991 1617 1050 ἐσθίοντα,
1646 985 1754 1060 ἆρα
1783 988 1848 1041 ἂν
1872 986 2046 1049 εῐποις
2075 981 2286 1054 ἀνθρω-

711 1095 810 1131 πυν
839 1073 1012 1146 εἶναι,
1043 1077 1228 1142 Οὕτως
1262 1078 1330 1133 ἂν
1361 1079 1477 1148 ῐδῃς
1509 1076 1582 1146 μὴ
1611 1075 1754 1144 λόγῳ
1783 1074 2136 1145 τρεφόμενον,
2170 1071 2285 1126 ἀλλ’

710 1165 901 1236 ἀλογίᾳ
930 1166 979 1229 ι’,
1030 1168 1196 1236 ἐρεῖς,
1215 1159 1384 1228 Οὗτος
1423 1163 1518 1217 καὶ
1554 1161 1615 1214 τὸ
1649 1157 1788 1215 εἶναι
1821 1160 2105 1230 ἄνθρωπος
2134 1158 2285 1230 [122]

712 1250 1009 1304 ἀπώλεσεν·
1054 1254 1087 1321 ή
1134 1252 1239 1322 γὰρ
1278 1249 1552 1320 ἀνατροφή
1589 1249 1828 1326 δείκνυσι
1863 1245 1958 1300 τοῦ
2000 1245 2285 1316 ἀνθρώπου

711 1340 808 1410 τὴν
833 1339 1130 1408 εὐγένειαν.
1172 1340 1388 1409 Ἐπειδὴ
1419 1339 1598 1393 τοίνυν
1635 1338 1697 1390 τὸ
1744 1337 1967 1406 θέατρον
2011 1337 2141 1405 ήμῖν
2187 1351 2286 1386 πε-

714 1428 1017 1498 πλήρωται,
1045 1429 1137 1482 καὶ
1176 1427 1335 1481 πάλιν
1374 1429 1408 1498 ή
1443 1427 1688 1480 θάλασσα
1712 1427 1745 1495 ὴ
1776 1423 2170 1495 κυμαινομένη,
2195 1423 2290 1475 xal

712 1514 950 1585 γαλήνης
973 1515 1235 1584 γέμουσα,
1271 1515 1368 1568 καὶ
1399 1514 1560 1567 πάλιν
1584 1513 1646 1566 τὸ
1674 1512 1907 1580 πέλαγος
1938 1510 2001 1563 τὸ
2028 1508 2289 1579 χειμαζὸ-

716 1617 894 1670 μενον,
927 1602 1020 1653 καὶ
1062 1601 1310 1670 ἐστηκός·
1347 1600 1478 1671 φέρε
1522 1600 1588 1670 δὴ
1629 1599 1690 1651 τὸ
1731 1598 1913 1651 πλοῖον
1952 1595 2286 1666 ἑλκύσωμεν,

713 1691 832 1741 ἀντὶ
850 1688 944 1741 τοῦ
972 1688 1142 1741 ίστίου
1171 1689 1269 1759 τὴν
1302 1688 1547 1756 γλῶτταν
1573 1686 2034 1751 ἀναπετάσαντες,
2055 1685 2175 1739 ἀντὶ
2195 1682 2290 1736 τοῦ

714 1776 950 1847 ζεφύρου
988 1775 1081 1829 τοῦ
1133 1776 1447 1846 Πνεύματος
1481 1775 1590 1847 τὴν
1609 1775 1768 1846 χάριν
1796 1773 2143 1837 καλέσαντες,
2172 1773 2292 1826 ἀντὶ

713 1862 805 1914 τοῦ
835 1862 1058 1933 αὐχένος
1105 1863 1200 1916 καὶ
1242 1862 1503 1932 πηδαλίου
1542 1861 1621 1932 τῷ
1646 1859 1863 1932 σταυρῷ
1896 1860 2169 1931 χρώμενοι
2199 1875 2295 1911 κυ-

715 1948 971 2019 ϐερνήτῃ.
1009 1947 1074 2000 Ἡ
1111 1947 1356 2002 θάλασσα
1391 1950 1490 2019 μὲν
1527 1948 1637 2019 γὰρ
1677 1947 1792 2019 ἔχει
1843 1946 2061 2019 ἁλμυρά
2103 1944 2291 2009 ὕδατα,

715 2034 949 2088 ἐνταῦθα
992 2034 1050 2086 δὲ
1079 2033 1222 2105 ὓδωρ
1253 2034 1382 2098 ζῶν.
1432 2035 1580 2088 Ἐκεῖ
1604 2034 1774 2103 ἄλογα
1804 2032 1938 2099 ζῶα,
1970 2031 2204 2085 ἐνταῦθα
2239 2030 2295 2083 δὲ

713 2124 885 2194 ψυχαὶ
924 2124 1160 2192 λογικαί·
1195 2126 1312 2176 ἐκεῖ
1356 2125 1405 2176 οί
1445 2123 1700 2187 πλέοντες
1741 2123 1848 2176 ἀπὺ
1894 2121 2170 2192 Θαλάσσης
2215 2121 2296 2184 είς

715 2211 842 2282 γῆν,
870 2210 1102 2265 ἐνταῦθα
1129 2210 1185 2264 δὲ
1221 2212 1268 2263 οί
1309 2210 1560 2273 πλέοντες
1587 2210 1694 2263 ἀπὸ
1719 2211 1824 2278 γῆς
1849 2210 1928 2272 είς
1955 2207 2180 2281 οὐρανὸν
2204 2209 2296 2278 ὀρ·

721 2298 986 2369 μίζονται·
1018 2299 1134 2350 ἐκεῖ
1165 2298 1344 2361 πλοῖα,
1379 2296 1609 2350 ἐνταῦθα
1637 2297 1694 2350 δὲ
1723 2296 1870 2364 λόγοι
1914 2295 2294 2366 πνευματικοί·

719 2387 835 2437 ἐκεῖ
872 2384 1081 2447 σανίδες
1115 2385 1171 2436 ἐν
1201 2383 1278 2454 τῷ
1305 2383 1496 2454 πλοίῳ,
1521 2381 1756 2436 ἐνταῦθα
1789 2382 1845 2435 δέ
1872 2381 2047 2450 λόγων
2073 2398 2299 2452 συγκρο-

718 2477 958 2546 τήματα·
976 2475 1093 2527 ἐκεῖ
1117 2473 1306 2537 ίστίον,
1333 2471 1568 2527 ἐνταῦθα
1592 2471 1651 2525 δὲ
1677 2471 1910 2541 γλῶττα·
1933 2472 2046 2524 ἐκεῖ
2065 2470 2298 2544 ζεφύρου

719 2561 885 2631 αὐρα,
915 2559 1149 2615 ἐνταῦθα
1187 2559 1504 2630 Πνεύματος
1537 2559 1818 2630 ἐπιδημία·
1861 2559 1980 2611 ἐκεῖ
2013 2557 2300 2630 ἄνθρωπος

721 2648 1082 2719 κυϐερνήτης,
1109 2645 1341 2701 ἐνταῦθα
1382 2647 1439 2700 δέ
1480 2646 1822 2717 κυϐερνήτης
1861 2647 1891 2698 6
1923 2645 2175 2716 Χριστός.
2202 2646 2299 2698 Διά

719 2736 783 2805 δὴ
821 2735 978 2788 τοῦτο
1018 2734 1079 2787 τὸ
1123 2733 1303 2788 πλοῖον
1344 2731 1684 2804 χειμάζεται,
1719 2731 1833 2785 ἀλλ’
1868 2731 2194 2803 ὑποϐρύχιον
2240 2733 2300 2784 οὐ

719 2822 949 2890 γίνεται.
996 2819 1252 2872 Ἦδύνατο
1285 2820 1384 2890 μὲν
1412 2820 1520 2890 γὰρ
1547 2818 1640 2872 καὶ
1667 2819 1724 2871 ἐν
1743 2817 1954 2890 γαλήνῃ
1983 2817 2153 2879 πλεῖν,
2186 2817 2300 2870 ἀλλ’

721 2911 822 2962 οὐκ
853 2909 1066 2978 ἀφῆκεν
1087 2910 1116 2961 6
1147 2907 1505 2978 κυϐερνήτης,
1536 2907 1623 2961 ἵνα
1648 2906 1743 2960 καὶ
1767 2905 1876 2959 τῶν
1910 2906 2179 2959 πλεόντων
2203 2904 2302 2976 τὴν

724 2995 996 3066 ὑπομονὴν
1060 2994 1193 3068 ίδῃς,
1242 2995 1335 3046 καὶ
1384 2994 1480 3046 τοῦ
1535 2991 1906 3064 κυϐερνῶντος
1949 2991 2046 3062 τήν
2089 2990 2302 3044 σύνεσιν

722 3082 965 3153 ἀκριϐῶς
994 3080 1321 3153 καταμάθῃς
1344 3089 1393 3135 ο.

797 3170 863 3238 β’.
883 3158 1254 3228 Ἄκουέτωσαν
1275 3167 1554 3239 Ἕλληνες,
1581 3165 1924 3221 ἀκουέτωσαν
1956 3166 2197 3220 Ἰουδαῖοι
2234 3163 2303 3218 τὰ

723 3255 1125 3326 κατορθώματα
1161 3253 1336 3325 ἡμῶν,
1379 3255 1474 3307 καὶ
1499 3253 1598 3324 τὴν
1617 3253 1911 3327 προεδρίαν
1935 3253 2034 3324 τῆς
2076 3253 2304 3324 Ἐκκλη-

726 3343 869 3406 σίας.
907 3341 1044 3396 Ὑπὸ
1063 3342 1246 3396 πόσων
1272 3341 1584 3411 ἐπολεμήθη
1609 3343 1643 3410 ή
1673 3339 1985 3410 Ἐκκλησία,
2011 3339 2124 3393 ἀλλ’
2153 3339 2302 3393 οὐδέ-

725 3447 856 3484 ποτε
913 3428 1180 3500 ἐνικήθη;
1227 3428 1384 3481 πόσοι
1429 3426 1714 3497 τύραννοι;
1763 3426 1918 3479 πόσοι
1970 3425 2302 3497 στρατηγοί;

725 3515 882 3570 πόσοι
916 3515 1153 3586 βασιλεῖς
1174 3513 1234 3580 ἀς
1269 3513 1595 3582 Δύγουστος,
1623 3512 1892 3584 Τιϐέριος,
1915 3513 2094 3576 Γάϊος,
2119 3511 2304 3564 Κλαύ-

723 3606 856 3668 διος,
895 3605 1109 3674 Νέρων,
1144 3603 1418 3674 ἄνθρωποι
1445 3601 1626 3670 λόγοις
1658 3601 2033 3672 τετιμημένοι,
2068 3600 2304 3665 δυνατοὶ,

726 3691 964 3744 τοσαῦτα
999 3691 1342 3760 ἐπολέμησαν
1369 3689 1552 3760 ἀκμὴν
1577 3688 1896 3753 νεάζουσαν,
1937 3687 2050 3742 ἀλλ’
2088 3687 2189 3741 οὐκ
2217 3686 2306 3753 ἐξ·

727 3779 1056 3852 ερρίζωσαν·
1088 3779 1200 3832 ἀλλ’
1229 3779 1277 3829 οἱ
1309 3777 1408 3847 μὲν
1438 3776 1846 3847 πολεμήσαντες
1873 3776 2185 3845 σεσίγηνται
2213 3776 2309 3830 καὶ

727 3866 866 3938 λήθη
911 3864 1321 3936 παραδέδονται,
1365 3865 1398 3934 ή
1443 3862 1500 3916 δὲ
1539 3861 1908 3934 πολεμηθεῖσα
1948 3861 2041 3913 τὸν
2081 3861 2308 3932 οὐρανὸν

728 3955 1036 4026 ὑπεραίρει.
1071 3954 1162 4024 Μὴ
1188 3953 1296 4024 γάρ
1321 3969 1409 4023 μοι
1439 3951 1596 4004 τοῦτο
1623 3950 1758 4021 ίδῃς,
1788 3951 1870 4004 δτι
1895 3951 1954 4002 ἐν
1983 3950 2054 4020 γῇ
2080 3947 2310 4019 ἕστηκεν

724 4048 760 4113 ή
808 4042 1120 4110 Ἐκκλησία,
1156 4041 1270 4093 ἀλλ’
1299 4041 1378 4094 ὅτι
1411 4041 1468 4092 ἐν
1497 4037 1710 4110 οὐρανῷ
1747 4036 2107 4090 πολιτεύεται.
2139 4036 2309 4090 Πόθεν

727 4131 887 4184 τοῦτο
928 4129 1086 4199 δῆλον
1111 4145 1125 4193 ;
1165 4129 1411 4180 Δείκνυσι
1440 4126 1548 4179 τῶν
1577 4125 1918 4196 πραγμάτων
1948 4125 1980 4195 ή
2013 4121 2307 4188 ἀπόδειξις.

741 4218 1189 4288 Ἐπολεμήθησαν
1236 4215 1427 4268 ἕνδεκα
1482 4213 1744 4282 μαθηταὶ,
1791 4212 1884 4264 καὶ
1927 4213 1960 4282 ή
2016 4210 2307 4283 οἰκουμένη

729 4306 984 4376 ἐπολέμει
1033 4305 1081 4356 οί
1114 4302 1168 4356 δὲ
1200 4300 1598 4371 πολεμηθέντες
1639 4298 1915 4368 ἐνίκησαν,
1955 4298 2049 4350 καὶ
2083 4298 2132 4349 οί
2156 4297 2311 4350 πολε-

734 4395 1006 4464 μήσαντες
1038 4389 1402 4461 ἀνῃρέθησαν·
1434 4386 1505 4439 τά
1535 4385 1787 4456 πρόϐατα
1814 4384 1922 4438 τῶν
1944 4383 2128 4437 λύκων
2157 4400 2312 4455 περι-

730 4482 996 4550 εγένοντο.
1029 4473 1182 4540 Εἶδες
1208 4475 1440 4542 ποιμένα
1465 4472 1533 4525 τά
1566 4471 1814 4543 πρόϐατα
1837 4472 1895 4524 ἐν
1923 4470 2071 4540 μέσῳ
2095 4470 2203 4522 τῶν
2228 4469 2315 4522 λύ-

730 4588 842 4624 κων
871 4567 1286 4627 ἀποστέλλοντα,
1327 4565 1414 4617 ἵνα
1447 4561 1578 4633 μηδὲ
1610 4563 1676 4631 τῇ
1721 4561 1864 4631 φυγῇ
1898 4560 1997 4631 τὴν
2038 4559 2312 4629 σωτηρίαν

731 4659 1090 4726 πορίσωνται;
1137 4656 1292 4714 ΙΙοῖος
1320 4650 1522 4720 ποιμὴν
1554 4647 1709 4701 τοῦτο
1745 4646 2073 4718 ἐργάζεται;
2118 4645 2254 4698 Ἀλλ’
2285 4646 2313 4697 ὁ

731 4743 964 4814 Χριστὸς
1004 4741 1161 4794 τοῦτο
1203 4739 1473 4808 ἐποίησεν,
1522 4736 1608 4789 ἵνα
1646 4751 1726 4787 σοι
1763 4734 1931 4804 δείξῃ,
1965 4735 2046 4787 ὅτι
2081 4735 2142 4786 οὐ
2174 4736 2314 4789 κατὰ

731 4831 1052 4886 ἀκολουθίαν
1098 4829 1204 4882 τῶν
1256 4825 1617 4897 πραγμάτων,
1666 4823 1780 4876 ἀλλ’
1828 4822 1968 4893 ὐπέρ
2008 4822 2169 4890 φύσιν
2221 4827 2315 4876 καὶ

731 4918 1052 4975 ἀκολουθίαν
1071 4916 1139 4970 τά
1164 4911 1566 4983 κατορθώματα
1592 4911 1821 4978 γίνεται.
1866 4911 1931 4963 'H
1953 4910 2061 4982 γάρ
2099 4911 2318 4983 Ἐκκλη-

734 5011 824 5060 σία
872 5003 1101 5075 οὐρανοῦ
1139 5001 1341 5073 μᾶλλον
1368 4998 1680 5070 ἐρρίζωται.
1729 4997 1866 5050 Ἀλλ’
1901 4997 2030 5061 ἴσως
2057 4998 2316 5054 ἀπόνοιάν

738 5114 837 5166 μου
891 5091 1291 5161 καταγινώσκει
1347 5092 1375 5143 6
1408 5087 1630 5160 Ἕλλην·
1685 5087 1797 5140 ἁλλ’
1857 5089 2172 5158 ἀναμενέτω
2208 5089 2316 5142 τῶν

735 5182 1077 5253 πραγμάτων
1114 5179 1212 5250 τὴν
1244 5177 1537 5242 ἀπόδειξιν,
1578 5176 1673 5228 καὶ
1707 5175 2019 5246 μανθανέτω
2051 5177 2152 5247 τῆς
2187 5178 2316 5246 ἀλη-

797 5356 827 5384 ﬂ
851 5351 1054 5411 Quidam
1073 5364 1187 5398 mss.
1209 5349 1298 5398 τίνι
1321 5349 1586 5406 διέστηκεν,
1611 5361 1709 5395 non
1731 5348 1879 5394 male.
1913 5347 1967 5394 In
1993 5345 2167 5394 iisdem
2192 5345 2318 5392 ἐστὶν

735 5413 1191 5478 ὸᾷνῗρωποςόθθβιζ
1573 5473 1583 5478 _
1653 5469 1663 5478 γ
1855 5468 1863 5478 Ι
1944 5463 2000 5475 ο,

805 5475 831 5512 ιι
861 5466 993 5523 imus
1015 5476 1140 5531 apud
1163 5471 1396 5520 Savilium
1419 5471 1540 5520 ἀλλὰ
1561 5469 1756 5531 ψιχίαις.
1779 5468 1864 5517 sed
1890 5466 2042 5515 micis.
2068 5466 2176 5531 qu
2197 5480 2319 5526 qua-

738 5547 849 5604 tu_or
879 5550 992 5604 mas.
1043 5528 1332 5604 ἀναστροφῇ,
1367 5539 1419 5604 οι
1450 5536 1521 5580 sic
1554 5528 1680 5593 [egit
1723 5530 1951 5587 Savilius,
1993 5529 2080 5576 sed
2119 5528 2320 5589 ἀνατρο-

738 5602 799 5661 φή
824 5599 977 5660 magis
997 5595 1204 5657 quadrat.
1239 5595 1298 5643 ad
1321 5595 1520 5642 seriem.
1868 5648 1891 5658 _

804 5665 826 5689 ⁶
856 5660 952 5706 Am
975 5658 1100 5717 apud
1123 5653 1274 5704 saVil-
1299 5657 1538 5715 ὑπομονήν
1575 5653 1674 5713 ἴδῃ,
1702 5651 1783 5699 καὶ
1811 5667 1896 5698 του
1929 5649 2214 5709 κυϐερνήτου
2235 5651 2319 5706 τὴν

739 5721 926 5768 σύνεσιν
947 5719 1152 5779 ἀκριϐῶς
1169 5718 1436 5777 καταμάθῃ.

802 5780 830 5819 ἆ
851 5781 1004 5828 Πόσοι
1014 5769 1692 5839 τύρώνοιωὸσοίστρατηγοὶ,
1717 5773 2018 5839 πόσοι-βαση,
2036 5769 2104 5839 ilq
2114 5770 2316 5839 ﬂuidam

742 5857 853 5891 mss.
884 5849 936 5888 et
954 5842 1026 5889 sic
1049 5832 1171 5900 Iégnl
1195 5832 1305 5888 Snv.
1345 5832 1561 5899 ilemdue
1596 5832 1838 5885 Erasmus.
1866 5834 1917 5882 In
1942 5835 2060 5881 edn.
2089 5832 2204 5882 Mor.
2228 5833 2315 5880 1:6-

743 5922 818 5954 σοι
840 5902 1090 5966 στρατηγοί
1114 5902 1274 5952 deest.

1419 346 1478 403 S.
1515 344 1798 403 JOANNIS
1833 338 2320 402 CIIRYSOSTOMI
2359 340 2678 400 ARCHIEP.
2720 343 3264 402 CONSTANTiNOP.

3848 353 3962 408 122

2400 460 2549 523 θείας
2585 459 2681 532 τὴν
2715 461 2887 530 ίσχύν,
2924 460 3041 523 πῶς
3063 457 3418 527 εὐκολώτερον
3449 446 3540 507 τὸν
3567 451 3715 524 ἥλιον
3743 453 3971 522 σϐεσθῆο·

2397 565 2506 611 ναι,
2535 549 2567 619 ἢ
2597 551 2696 619 τὴν
2731 548 3053 618 Ἐκκλησίαν
3094 545 3472 615 ἀφανισθῆναι.
3509 543 3605 606 Τίς
3637 541 3830 605 ταῦτα,
3863 559 3970 610 φη-

2396 641 2498 706 σίν,
2523 644 2551 694 6
2585 641 2903 714 κηρύττων;
2953 639 3010 694 '0
3042 639 3376 710 θεμελιώσας
3407 640 3594 707 αὐτήν·
3638 637 3691 689 Ὀ
3715 635 3970 702 οὐρανὸς

2394 731 2490 784 καὶ
2525 732 2563 799 ἡ
2596 731 2672 801 τῆ
2712 732 3208 801 παρελεύσονται,
3250 733 3304 784 οὶ
3333 729 3400 782 δὲ
3437 729 3603 796 λόγοι
3639 744 3755 795 μου
3785 726 3857 779 οὐ
3882 721 3972 793 μὴ

2395 817 2755 886 παρέλθωσι.
2795 818 2980 873 Ταῦτα
3022 818 3083 871 οὐ
3121 818 3278 888 μόνον
3316 811 3488 879 εἶπεν,
3516 813 3650 868 ἀλλά
3683 814 3776 866 καὶ
3805 811 3972 880 ἐπλή-

2396 920 2559 972 ρωσε·
2601 903 2689 957 διά
2733 905 2786 958 τί
2824 905 2932 976 γὰρ
2979 903 3177 975 μᾶλλον
3223 900 3451 973 οὐρανοῦ
3493 901 3710 970 μείζονα
3747 898 3918 968 αὐτὴν
3947 907 3973 938 ο

2393 991 2752 1061 ἐθεμελίωσε;
2795 992 3108 1062 Τιμιωτέρα
3157 991 3265 1060 γὰρ
3299 987 3530 1059 οὐρανοῦ
3575 990 3607 1058 ή
3656 984 3969 1055 Ἐκκλησία.

2393 1079 2489 1131 Διά
2518 1079 2569 1131 τί
2598 1080 2860 1149 οὐρανός;
2898 1078 2995 1131 Διά
3023 1079 3121 1150 τὴν
3161 1075 3510 1148 Ἐκκλησίαν,
3541 1075 3640 1144 οὐχ
3671 1074 3703 1144 ή
3741 1072 3974 1140 Ἐκκλη-

2396 1165 2484 1218 σία
2507 1165 2594 1220 διά
2620 1166 2711 1219 τὸν
2741 1166 2987 1237 οὐρανόν.
3026 1165 3083 1217 '0
3110 1163 3336 1234 οὐρανὸς
3359 1163 3414 1216 δὲ
3441 1162 3530 1214 διά
3549 1159 3639 1212 τδν
3667 1159 3972 1230 ἄνθρωπον,

2395 1253 2548 1326 [ηδ]
2576 1255 2678 1308 οὐκ
2716 1254 3001 1325 ἅνθρωπος
3043 1253 3130 1307 διὰ
3159 1253 3250 1306 τὸν
3273 1251 3518 1323 οὐρανόν.
3545 1251 3657 1302 Kal
3688 1249 3747 1312 ἐξ
3773 1246 3846 1301 ὼν
3878 1248 3976 1300 a6-

2393 1341 2484 1404 τὸς
2511 1342 2730 1412 ἐποίησε
2751 1342 2928 1411 δῆλον.
2952 1341 3215 1412 Οὐράνιον
3236 1339 3344 1409 γὰρ
3370 1337 3388 1375 τ
3417 1338 3574 1408 σῶμα
3597 1336 3697 1389 οὐκ
3718 1334 3978 1389 ἀνέλαϐεν

2394 1430 2423 1482 6
2449 1429 2702 1496 Χριστός.
2746 1427 2891 1481 Ἀλλ’
2920 1428 3006 1481 ἴνα
3034 1428 3108 1498 μὴ
3138 1427 3466 1497 μηκύνοντες
3490 1425 3580 1478 τὸν
3604 1423 3782 1490 λόγον,
3811 1421 3978 1476 πάλιν

2396 1513 2665 1585 χρεῶσται
2697 1515 3139 1585 ἅναχωρήσωμεν
3183 1515 3421 1585 σήμερον
3466 1513 3599 1581 (ἴστε
3632 1509 3739 1580 γάρ
3767 1509 3978 1576 ὅσαπερ

2397 1600 2522 1670 χθὲς
2550 1601 2941 1672 ὑπεσχόμεθα),
2967 1600 3290 1654 καταϐαλεῖν
3324 1599 3716 1668 ἑτοιμάσωμεν.
3746 1595 3845 1649 Διά
3865 1593 3978 1663 γάρ

2396 1689 2522 1749 τοὺς
2554 1687 2978 1756 ἀπολειφθέντας
3018 1686 3378 1757 άνεϐαλόμην.
3425 1685 3576 1738 Ἐπεὶ
3614 1678 3706 1736 οὖν
3747 1683 3797 1734 of.
3842 1683 3978 1734 ἀπο-

2398 1775 2706 1844 λειφθέντες
2741 1777 2808 1829 τά
2851 1774 3059 1830 ἑαυτῶν
3089 1775 3436 1845 ἐπλήρωσαν,
3480 1772 3573 1825 καὶ
3604 1774 3672 1842 τῇ
3705 1768 3980 1840 παρουσίᾳ

2397 1865 2532 1934 ἡμῖν
2561 1866 2627 1934 τῇ
2664 1863 2874 1918 ἑαυτῶν
2904 1865 2930 1904 Β
2957 1863 3281 1934 ἐχαρίσαντο
3306 1858 3586 1932 τράπεζαν
3615 1856 3982 1930 πεπληρωμέ-

2401 1969 2499 2023 νην
2537 1954 2644 2007 τῶν
2673 1953 3065 2024 ἀναλωμάτων,
3095 1950 3227 2022 φέρε
3264 1950 3350 2021 δὴ,
3379 1949 3447 2002 τὰ
3475 1948 3580 2018 ὄψα
3620 1946 3983 2018 παραϐῶμεν,

2403 2040 2508 2109 ϐψα
2536 2041 2632 2111 οὐχ
2653 2040 2816 2093 ἕωλα·
2852 2041 2901 2094 εί
2927 2039 3035 2110 γὰρ
3065 2036 3159 2092 καὶ
3189 2036 3412 2108 χθεσινά
3436 2032 3526 2107 ἦν,
3568 2034 3681 2088 ἀλλ’
3714 2034 3773 2086 οὐ
3801 2033 3985 2101 γίνον-

2404 2144 2493 2180 ται
2532 2127 2691 2180 ἕωλα.
2729 2127 2794 2179 Τί
2831 2127 3066 2196 δήποτε;
3105 2123 3219 2178 Οὐκ
3252 2123 3365 2176 ἐστι
3395 2123 3554 2193 κρέα,
3577 2121 3664 2174 ἵνα
3688 2119 3985 2188 διαφθαρῇ,

2403 2212 2540 2265 ἀλλά
2567 2215 2812 2285 νοήματα
2844 2212 3104 2284 διηνεκῶς
3141 2209 3421 2264 ἀνθοῦντα.
3457 2209 3539 2261 Τά
3577 2208 3674 2278 μὲν
3703 2207 3808 2278 γὰρ
3845 2204 3988 2274 κρέα

2404 2300 2703 2371 φθείρεται·
2744 2299 2902 2371 σῶμα
2946 2301 3055 2369 γάρ
3085 2301 3218 2352 ἐστε
3257 2298 3330 2351 τά
3357 2298 3413 2350 δέ
3444 2298 3687 2368 νοήματα
3730 2295 3987 2366 μένοντα,

2404 2389 2743 2460 εὐωδέστερα
2781 2389 3155 2443 καθίστανται.
3191 2387 3256 2439 Τί
3298 2381 3390 2440 οὖν
3427 2382 3515 2456 ἦν,
3545 2386 3579 2439 ἀ
3607 2385 3731 2455 χθὲς
3753 2383 3988 2454 εἰρήκαο

2409 2492 2537 2547 μεν;
2580 2477 2688 2531 Kal
2720 2476 2828 2547 γάρ
2870 2477 2963 2529 καὶ
2995 2477 3156 2546 ἡμεῖς
3191 2474 3318 2545 χθές
3356 2472 3740 2542 ἀπελαύσαμεν
3775 2466 3989 2540 τραπέ-

2407 2561 2526 2633 ζης,
2549 2563 2641 2617 καὶ
2663 2564 2712 2616 οί
2735 2563 3152 2632 ἀπολειφθέντες
3171 2563 3268 2616 οὐκ
3297 2560 3699 2633 ἐζημιώθησαν.
3723 2557 3830 2612 Καὶ
3852 2556 3990 2626 ἐτέ-

2404 2667 2541 2705 rato
2565 2651 2670 2705 τοῦ
2693 2651 2986 2714 ἐνιαυτοῦ,
3005 2647 3075 2707 οὗ
3096 2650 3393 2705 ἀπέθανεν
3415 2647 3591 2712 Ὀζῖας
3613 2643 3990 2710 ὀβασιλεὺς,

2407 2733 2571 2791 εἶδον
2601 2738 2709 2791 τὸν
2741 2740 2957 2807 Κύριον
2994 2737 3332 2806 καθήμενον
3367 2735 3465 2789 ἐπὶ
3492 2736 3706 2802 θρόνου
3738 2731 3991 2800 ὑψηλοῦ

2409 2823 2507 2880 καί
2541 2823 2901 2892 ἐπηρμένου.
2946 2824 3042 2887 Τίς
3071 2823 3242 2878 ταῦτά
3275 2838 3472 2892 φησιν;
3520 2821 3767 2882 Ἡσαΐας,
3796 2820 3824 2871 6
3852 2818 3992 2872 θεω-

2414 2910 2503 2980 ρὸς
2528 2909 2637 2963 τῶν
2667 2910 2964 2980 Σεραφεὶμ,
2999 2911 3029 2961 6
3059 2909 3221 2978 γάμῳ
3253 2907 3538 2979 ὁμιλήσας,
3577 2904 3671 2958 καλ⁵
3702 2905 3798 2974 τήν
3826 2903 3993 2974 χάριν

2413 2998 2487 3070 μή
2541 2999 2758 3062 σϐέσας.
2809 3000 2920 3052 Kal
2971 2999 3383 3068 προσεσχήκατε
3435 2994 3511 3065 τῷ
3557 2993 3834 3064 προφήτῃ,
3894 2990 3992 3044 καὶ

2410 3084 2678 3156 ήκούσατε
2718 3085 2810 3138 τοῦ
2847 3088 3125 3156 προφήτου
3172 3085 3427 3155 σήμερον·
3465 3082 3724 3145 Ἔξελθε,
3757 3078 3838 3132 σὺ
3889 3078 3991 3132 καὶ

2424 3174 2655 3229 Ἱασοὺϐ
2681 3177 2713 3228 ὁ
2741 3175 2868 3238 υἱός
2893 3189 3028 3227 σου.
3065 3173 3381 3240 Ἀναγκαῖον
3402 3170 3497 3224 καὶ
3524 3169 3695 3223 ταῦτα
3720 3168 3794 3238 μὴ
3815 3185 3993 3238 παρα-

2410 3261 2655 3334 δραμεῖν.
2704 3261 2949 3326 Ἔξελθε,
2997 3261 3061 3314 σὺ
3107 3259 3201 3313 καὶ
3255 3259 3284 3310 6
3326 3258 3440 3321 υίός
3477 3274 3589 3310 σου.
3627 3255 3752 3310 Υίὺν
3785 3249 3937 3326 εἶχεν
3963 3256 3994 3312 6

2413 3350 2728 3418 προφήτης;
2759 3346 2964 3400 Οὐκοῦν
2999 3348 3049 3400 εί
3084 3347 3218 3411 υἱὸν,
3253 3346 3346 3398 καὶ
3376 3346 3628 3413 γυναῖκα,
3665 3343 3752 3396 ἵνα
3785 3342 3992 3414 μάθῃς,

2412 3434 2494 3487 ὅτι
2519 3435 2579 3487 οὐ
2607 3433 2806 3501 φαῦλον
2835 3435 2862 3485 ὁ
2885 3432 3062 3502 γάμος
3081 3434 3130 3495 ιι,
3159 3431 3294 3485 ἀλλά
3320 3431 3486 3486 κακὸν
3510 3433 3543 3501 ή
3572 3429 3816 3501 πορνεία.
3847 3429 3989 3482 Ἀλλ’

2413 3519 2600 3590 ἐπειδὴ
2621 3519 2834 3582 πολλοῖς
2865 3536 2974 3572 τισι
3008 3518 3386 3589 διαλεγόμεθα,
3423 3519 3517 3572 καὶ
3541 3517 3793 3586 λέγομεν,
3813 3516 3917 3569 Διά
3940 3515 3993 3568 τί

2418 3607 2493 3676 μή
2529 3606 2703 3677 ὀρθῶς
2735 3605 2857 3677 ζῇς,
2893 3605 2980 3659 διὰ
3011 3605 3064 3659 τί
3093 3604 3166 3676 μὴ
3202 3604 3311 3674 βίον
3351 3603 3549 3675 ἀκριϐῆ
3584 3603 3993 3666 ἐπιδείκνυσαι;

2412 3693 2536 3760 Πῶς
2574 3692 2828 3764 δύναμαι,
2869 3693 3053 3763 φησὶν,
3093 3693 3188 3747 ἐὰν
3227 3692 3301 3762 μή
3349 3690 3703 3761 ἀποτάξωμαι
3743 3691 3994 3759 γυναικὶ,

2415 3782 2511 3835 ἐὰν
2560 3780 2634 3852 μὴ
2683 3773 3041 3850 ἀποὲάξωμαι
3087 3779 3336 3842 παιδίοις,
3383 3779 3477 3832 ἐὰν
3518 3779 3592 3850 μὴ
3629 3777 3996 3849 ἀποτάξωμαι

2416 3868 2735 3939 πράγμασι;
2763 3867 2864 3920 Διὰ
2897 3867 2983 3932 τίς
3019 3866 3093 3937 μὴ
3121 3866 3346 3937 κώλυμα
3370 3868 3400 3919 6
3435 3866 3647 3935 γάμος;
3675 3865 3879 3934 Βοηθός
3912 3883 3997 3918 σοι

2415 3955 2618 4008 δέδοται
2636 3957 2670 4025 ή
2693 3953 2852 4025 γυνὴ,
2876 3953 2950 4025 μὴ
2980 3954 3279 4015 ἐπίϐουλος.
3297 3953 3354 4006 '0
3375 3953 3658 4023 προφήτης
3675 3953 3733 4004 οὐ
3755 3955 3996 4019 γυναῖκα

2417 4037 2558 4112 εἷχε;
2594 4040 2700 4094 Καὶ
2722 4043 2824 4095 οὐκ
2861 4041 3074 4108 ἐγένετο
3105 4032 3331 4109 κώλυμᾶ
3363 4040 3456 4092 τοῦ
3495 4038 3805 4109 Πνεύματος
3831 4039 3866 4091 6
3893 4041 3995 4107 γάο

2420 4146 2519 4199 μσς
2547 4131 2562 4169 ί
2589 4146 2603 4159 ·
2637 4128 2774 4182 άλλά
2805 4128 2900 4181 καὶ
2944 4127 3136 4196 ὡμίλει
3185 4130 3250 4197 τῇ
3286 4127 3524 4195 γυναικὶ,
3573 4127 3666 4179 καὶ
3707 4127 3996 4198 προφήτης

2415 4213 2503 4287 ἦν.
2543 4217 2600 4270 Ὀ
2633 4216 2870 4286 Μωῦσῆς
2898 4216 2957 4268 οὐ
2997 4218 3229 4283 γυναῖκα
3255 4215 3412 4285 ἔσχες
3447 4215 3556 4267 Kal
3583 4213 3786 4285 πέτρας
3822 4213 3997 4286 ἐρρη-

2418 4304 2497 4369 ξε,
2552 4304 2646 4358 καὶ
2703 4304 2839 4374 ἀέρα
2887 4301 3167 4372 μετέϐαλε,
3220 4302 3315 4354 καὶ
3375 4301 3492 4371 Θεῷ
3542 4302 3826 4370 διελέγετο,
3902 4303 4001 4355 καὶ

2420 4391 2675 4460 θεήλατον
2697 4389 2864 4459 ὀργὴν
2891 4388 3215 4442 ἀνέστειλεν.
3254 4388 3311 4439 Ὀ
3347 4388 3594 4458 Ἀϐραὰμ
3614 4389 3732 4457 οὐχὶ
3757 4391 4002 4456 γυναῖκα.

2418 4477 2578 4547 ἐσχε;
2607 4477 2716 4532 Kal
2739 4475 2919 4545 πατὴρ
2945 4475 3159 4543 ἐγένετο
3183 4475 3370 4535 ἐθνῶν,
3400 4475 3610 4545 καὶτῆς
3644 4475 3997 4545 Ἐκκλησίας·

2419 4563 2509 4616 τὸν
2534 4563 2640 4636 γὰρ
2682 4562 2866 4615 Ἰσαὰκ
2893 4562 3004 4614 υίὸν
3025 4556 3159 4630 εἶχε,
3187 4561 3279 4614 καὶ
3307 4560 3466 4624 αὐτὸς
3486 4561 3698 4629 ἐγένετο
3719 4563 4002 4633 κατορθω·

2423 4652 2606 4721 μάτων
2635 4649 2909 4712 ὑπόθεσις.
2947 4649 3060 4701 Οὐκ
3101 4649 3367 4718 ἀνήνεγκε
3391 4647 3451 4700 τὸ
3482 4648 3712 4712 παιδίον,
3741 4648 3830 4702 τὸν
3861 4667 4003 4720 καρ-

2421 4740 2520 4791 πὸν
2545 4738 2637 4791 τοῦ
2659 4739 2871 4807 γάμου;
2904 4737 3002 4790 οὐκ
3024 4736 3237 4805 ἐγένετο
3264 4736 3359 4788 καὶ
3392 4736 3573 4807 πατὴρ
3600 4738 3692 4789 καὶ
3717 4737 3967 4806 φιλόθεος
3988 4755 4000 4802 ;

2421 4827 2520 4878 οὐκ
2546 4821 2614 4897 ἦν
2645 4826 2773 4880 ίδεῖν
2813 4823 2964 4895 ίερέα
2985 4823 3044 4888 ἐξ
3075 4823 3287 4876 οἰκείων
3319 4822 3636 4894 σπλάγχνων
3667 4825 4003 4896 γενόμενον;

2424 4914 2573 4983 ίερέα
2609 4913 2705 4966 καὶ
2736 4912 2985 4981 πατέρα;
3022 4909 3184 4978 φύσιν
3224 4910 3548 4981 νικωμένην,
3590 4910 3682 4964 καὶ
3707 4911 4006 4964 εὐλάϐειαν

2423 5000 2760 5070 κρατοῦσανς
2789 4998 3071 5067 σπλάγχνα
3097 4995 3432 5067 πατούμενα,
3465 4998 3558 5051 καὶ
3596 4997 4006 5068 κατορθώματα

2424 5088 2619 5159 εὐσεϐῆ
2645 5086 3028 5158 περιγινόμενα
3055 5101 3069 5149 ;
3105 5083 3198 5138 καὶ
3226 5083 3316 5136 τὸν
3355 5085 3563 5154 πατέρα
3593 5083 3871 5153 λυόμενον,
3908 5087 4007 5138 καὶ

2426 5175 2669 5245 φιλόθεον
2697 5171 3152 5241 στεφανούμενον;
3179 5172 3278 5224 οὐκ
3300 5170 3436 5235 εἶδες
3458 5172 3575 5226 ὅλον
3596 5170 3885 5238 φιλόπαιδα
3910 5173 4010 5224 καὶ

2426 5264 2696 5332 φιλόθεον;
2723 5263 2796 5332 μή
2813 5259 3150 5312 τιέκώλυσεν
3169 5259 3199 5312 6
3222 5259 3424 5330 γάμος;
3457 5260 3520 5313 Τί
3542 5258 3596 5311 δὲ
3620 5260 3652 5328 ή
3679 5259 3866 5329 μήτηρ
3893 5260 4010 5314 τῶν

2482 5467 2631 5575 ἷζᾹιὶί
2670 5464 2797 5526 apud
2821 5464 2972 5512 Savil.
3001 5463 3290 5526 ἐπλήρωσεν·
3313 5459 3514 5525 ούρανοῦ
3553 5461 3640 5525 γὰρ
3661 5463 3835 5520 μᾶλλον
3855 5465 4012 5521 αὐτὴν

2528 5549 2582 5575 ω.

2504 5534 2582 5583 ξω.

2426 5547 2633 5637 wnwalii
2656 5600 2770 5634 mss.
2808 5591 2860 5635 et
2900 5585 3048 5634 Savil.
3089 5586 3138 5632 in
3165 5589 3305 5633 textu
3329 5583 3540 5646 οὐρᾴνιον
3562 5585 3667 5646 γάρ,
3707 5590 3758 5633 οι
3789 5585 4011 5643 melius;

2424 5653 2510 5699 sed
2537 5650 2765 5699 Erasmus
2784 5648 2904 5707 legit
2925 5646 3141 5708 οὐρανοῦ,
3161 5653 3215 5694 ut
3236 5646 3384 5694 habet
3407 5645 3579 5695 Morel;
3609 5645 3662 5695 et
3694 5658 3866 5708 margo
3889 5647 4010 5697 Sav.

2423 5711 2577 5761 Paulo
2602 5716 2708 5770 post
2734 5709 2880 5755 iidem
2907 5707 3203 5770 μηκύναντες.

2487 5774 2512 5811 8
2540 5767 2635 5820 Alii
2661 5782 2774 5817 mss.
2800 5770 2885 5824 τήν
2906 5769 3164 5829 παρουσίαν
3187 5767 3298 5828 ἡμῖν
3329 5770 3412 5824 τήν
3437 5768 3631 5817 ἑαυτῶν.

2484 5833 2513 5899 ξ
2536 5833 2674 5899 lius
2693 5832 2764 5877 ὅτι
2793 5831 2845 5878 ού
2867 5828 3039 5899 {dies
3060 5831 3086 5876 6
3109 5830 3270 5899 γάμος.

2487 5897 2504 5934 ι
2546 5892 2669 5945 Tres
2691 5903 2804 5940 mss.
2827 5888 2912 5939 τοῖι
2931 5888 3190 5950 πνεύματος
3209 5892 3239 5945 ἠ
3261 5889 3409 5952 χάρις,
3429 5888 3571 5937 male.
