4148 6306
149 388 243 443 121
1073 372 1135 427 IN
1174 370 1393 433 ILLUD,
1438 365 1565 421 VIDI
1608 362 1943 432 DUMINUM,
1983 366 2217 424 HOMIL.
2259 368 2347 426 IV.

136 492 273 563 Quod
326 494 373 549 si
422 492 553 547 mihi
586 504 768 546 narres
797 489 1082 559 dignitates
1123 498 1177 543 et
1222 503 1380 556 opum
1424 482 1699 539 abundan-

135 598 269 649 tiam,
298 599 325 637 a
361 584 502 638 foliis
525 626 541 643 .
566 598 670 635 non
700 598 728 635 a
752 582 1039 645 fructibus,
1065 580 1309 634 arborem
1330 577 1530 632 laudas.
1575 575 1701 630 Haec

133 686 298 729 autem
350 676 540 744 loquor
582 690 686 728 non
742 680 1025 727 assentans
1076 672 1280 724 caritati
1339 679 1552 734 vestrae,
1606 668 1699 722 sed

135 768 378 823 virtutem
435 775 671 821 vestram
723 765 1041 835 prmdicans.
1096 763 1295 817 Beatus
1334 778 1434 832 ego
1484 769 1700 830 propter

134 870 213 909 vos
235 898 251 919 ,
283 857 421 910 beati
452 872 548 911 vos
575 866 789 925 prapter
814 870 907 908 vos
936 856 1078 923 ipsos
1106 868 1118 907 :
1153 853 1335 907 Beatus
1362 853 1448 922 qui
1478 851 1699 921 loquitur

132 949 187 1001 ad
223 966 383 1003 aures
433 949 744 1002 audientium
772 948 963 1015 (Eccle.
989 946 1079 999 25.
1113 944 1205 1013 12)
1231 962 1245 999 :
1274 944 1351 998 sic
1373 958 1471 1012 ego
1516 943 1700 997 beatus

134 1039 291 1093 factus
346 1056 489 1093 sum.
542 1038 683 1093 Beati
732 1038 817 1107 qui
869 1037 1095 1091 esuriant
1142 1044 1187 1088 et
1231 1034 1403 1088 sitiunt
1444 1033 1699 1103 justitiam

135 1130 331 1199 (Matth.
371 1131 424 1184 5.
461 1130 537 1199 6).
576 1129 734 1183 Vides
759 1126 1025 1197 quomodo
1054 1139 1148 1180 vos
1185 1124 1326 1179 beati
1365 1134 1577 1193 promer
1604 1136 1699 1175 vos

136 1224 265 1290 ipsos
314 1222 445 1277 estis
500 1220 662 1274 facti?
693 1220 881 1274 Beatus
920 1226 1001 1272 est
1052 1218 1133 1270 vir
1173 1230 1357 1269 amans
1396 1228 1697 1268 sermonum

132 1313 501 1381 Spiritualium.
541 1311 652 1365 Hoc
678 1324 776 1364 nos
804 1309 1079 1378 distinguit
1107 1322 1136 1360 a
1178 1306 1364 1360 brutis.
1397 1304 1511 1359 Non
1556 1305 1696 1358 enim

134 1422 213 1460 nos
248 1405 317 1458 ab
345 1406 449 1459 illis
480 1403 951 1471 separatcorporis
973 1402 1316 1468 ratio,ncque
1341 1396 1479 1467 quod
1510 1397 1699 1450 alimur

133 1505 207 1549 aut
235 1495 493 1557 bibimus,
518 1507 691 1562 neque
717 1491 854 1561 quod
888 1492 1151 1559 paseimur
1176 1499 1265 1543 aut
1290 1488 1511 1542 vivimus
1536 1505 1550 1544 :
1583 1487 1700 1541 base

134 1588 258 1639 enim
288 1585 474 1639 omnia
516 1584 667 1637 nobis
713 1596 833 1637 cum
874 1582 1043 1635 brutis
1081 1590 1201 1634 sunt
1239 1579 1559 1633 communia.
1594 1577 1696 1633 Sed

132 1693 215 1742 qua
246 1691 304 1729 re
331 1675 677 1742 distinguitur
702 1688 732 1726 a
778 1672 944 1725 brutis
984 1670 1183 1725 homo?
1217 1670 1473 1725 Sermone
1508 1686 1521 1721 :
1552 1679 1603 1724 et
1629 1669 1699 1724 ob

135 1771 173 1822 id
193 1770 388 1822 animal
416 1768 610 1821 dicitur
634 1774 842 1832 λογικὸνε
865 1766 966 1818 hoc
997 1773 1096 1828 est,
1126 1764 1387 1817 sermonis
1416 1765 1696 1832 particeps.

134 1861 190 1915 Ut
218 1860 365 1914 enim
388 1860 603 1914 aluntur
624 1871 846 1926 corpora
866 1899 880 1921 ,
913 1856 991 1910 sic
1019 1857 1232 1910 aluntur
1257 1864 1311 1907 et
1338 1855 1526 1907 animas
1558 1870 1571 1905 :
1604 1852 1696 1906 sed

132 1964 313 2019 corpus
367 1964 548 2019 pane,
600 1950 773 2002 anima
833 1961 1101 2003 sermone.
1155 1945 1381 2000 Proinde
1426 1943 1470 1999 si
1521 1944 1699 1998 videas

134 2040 393 2096 hominem
432 2048 736 2093 vescentem
787 2036 979 2106 lapide,
1012 2052 1138 2090 num
1170 2035 1315 2089 illum
1350 2034 1547 2089 dixeris
1580 2047 1697 2088 esse

134 2131 442 2186 hominem?
480 2129 666 2183 Itidem
718 2129 763 2183 si
814 2144 971 2198 quem
999 2128 1192 2182 videris
1243 2126 1331 2195 qui
1383 2141 1486 2179 non
1527 2125 1697 2179 alatur

131 2236 367 2275 sermone
391 2262 406 2287 ,
439 2219 533 2274 sed
563 2219 822 2273 sermonis
852 2232 915 2273 ac
940 2218 1159 2272 rationis
1188 2216 1384 2286 in0pia,
1414 2216 1575 2279 dices,
1602 2214 1697 2268 IIic

130 2326 175 2367 et
200 2315 429 2368 hominis
459 2322 699 2367 naturam
728 2312 907 2365 amisit
927 2352 942 2374 ,
970 2310 1231 2380 siquidem
1258 2310 1505 2365 educatio
1519 2308 1697 2363 decla-

132 2417 199 2458 rat
244 2406 480 2459 hominis
529 2404 879 2458 nobilitatem.
928 2400 1183 2468 Quoniam
1232 2401 1388 2470 igitur
1434 2399 1693 2455 theatrum

133 2495 271 2550 nobis
301 2495 519 2564 plenum
549 2502 650 2559 est,
684 2495 915 2563 itemque
937 2507 1081 2547 mare
1108 2492 1311 2561 pridem
1341 2493 1694 2558 mstuansjam

133 2588 495 2659 tranquillum,
535 2602 597 2641 ac
649 2601 857 2639 rursum
900 2585 1115 2653 pelagus
1156 2584 1334 2637 sedata
1386 2592 1696 2650 tempestate

131 2680 355 2745 quietum
387 2694 455 2732 ac
496 2676 757 2746 placidum
784 2692 797 2727 :
825 2690 920 2745 age
956 2675 1066 2743 jam
1098 2688 1283 2727 navem
1332 2672 1690 2737 detrahamus,

132 2769 223 2822 veli
251 2769 370 2822 loco
396 2765 761 2835 expandentes
794 2764 1043 2835 linguam,
1074 2778 1169 2833 pro
1198 2762 1427 2832 zephyro
1467 2761 1693 2832 Spiritus

129 2862 342 2928 gratiam
376 2860 707 2921 invocantes,
733 2870 828 2925 pro
858 2866 1069 2912 temone
1111 2856 1363 2924 clavoque
1409 2868 1565 2908 cruce
1593 2869 1691 2924 gu-

132 2950 427 3004 bernatrice
456 2957 681 3003 utentes.
714 2946 845 3001 Nam
886 2961 1032 3001 mare
1068 2944 1281 3014 quidem
1323 2944 1479 2999 habet
1504 2959 1693 3013 aquam

129 3041 316 3095 salsam
338 3082 351 3103 ,
380 3039 468 3093 hic
501 3050 679 3093 autem
710 3046 792 3092 est
818 3053 953 3106 aqua
980 3037 1116 3090 viva.
1146 3035 1259 3090 Illic
1286 3044 1409 3089 sunt
1447 3035 1692 3089 animalia

130 3134 343 3188 rationis
372 3132 618 3200 expertia
640 3172 654 3196 ,
684 3130 769 3185 hic
805 3146 933 3184 vero
978 3129 1169 3183 anima:
1215 3128 1496 3182 rationales
1525 3144 1538 3180 :
1586 3128 1696 3184 illic

128 3226 209 3291 qui
237 3223 487 3292 navigant
514 3238 545 3276 e
576 3223 704 3275 mari
736 3223 788 3275 in
820 3229 1038 3282 terram,
1069 3219 1154 3273 hic
1180 3235 1305 3273 vero
1334 3220 1421 3288 qui
1450 3219 1694 3289 navigant

127 3336 153 3369 e
182 3326 318 3369 terra
352 3318 402 3369 in
432 3315 620 3368 caelum
648 3312 919 3382 appellunt
950 3328 963 3365 :
992 3311 1101 3365 illic
1127 3310 1350 3380 navigia,
1375 3310 1459 3364 hic
1486 3311 1693 3380 eloquia

125 3409 413 3477 spiritualia
448 3425 460 3460 :
492 3408 599 3461 illic
624 3407 676 3460 in
714 3406 830 3459 navi
864 3405 1053 3459 labulm
1080 3445 1096 3469 ,
1121 3405 1205 3457 hia
1230 3418 1531 3459 sermonum
1562 3419 1691 3459 eon-

127 3510 308 3553 ventus
339 3518 350 3551 :
384 3500 495 3552 illic
527 3499 723 3560 velum,
761 3497 844 3551 hic
882 3498 1053 3566 lingua
1081 3512 1093 3549 :
1126 3495 1234 3549 illic
1265 3494 1479 3565 zephyri
1514 3494 1691 3561 ﬂatus,

127 3592 206 3644 hic
261 3591 482 3660 spiritus
531 3588 807 3658 prmscntia
840 3606 853 3641 :
887 3588 993 3642 illic
1040 3587 1200 3641 homo
1231 3586 1565 3655 gubernator,
1610 3586 1694 3642 hic

125 3698 246 3735 vero
266 3682 595 3752 gubernator
620 3681 880 3735 Christus.
922 3679 1121 3734 Idcirco
1163 3694 1289 3733 sane
1317 3680 1544 3747 jactatur
1573 3680 1691 3746 qui-

123 3772 238 3825 dem
274 3774 425 3825 navis
450 3814 463 3835 ,
496 3780 551 3824 at
579 3787 683 3825 non
725 3772 999 3839 mergitur.
1050 3770 1265 3824 Poterat
1308 3770 1518 3837 quidem
1550 3779 1601 3823 et
1639 3770 1689 3823 in

123 3865 407 3933 tranquillo
439 3865 707 3933 navigare,
734 3878 917 3917 verum
948 3877 1049 3915 non
1084 3875 1267 3930 passus
1303 3870 1383 3915 est
1430 3861 1692 3928 guberna-

122 3964 219 4019 tor,
243 3969 351 4023 quo
378 3954 540 4008 simul
568 3962 622 4007 et
643 3952 998 4021 navigantium
1029 3951 1313 4020 perspicias
1336 3950 1688 4015 tolerantiam,

118 4056 167 4100 et
203 4046 576 4116 gubernatoris
606 4045 937 4115 prudentiam
970 4044 1175 4113 plenius
1203 4058 1509 4113 cognoscas.

181 4141 234 4193 2.
266 4139 496 4194 Ecclesia
524 4139 710 4193 Clu-isti
735 4139 939 4191 invicta.
969 4136 1193 4189 Facilius
1221 4146 1291 4190 est
1315 4137 1469 4189 solent
1497 4139 1688 4189 exstin-

114 4235 215 4301 gui,
249 4249 405 4298 quam
434 4232 714 4285 Ecclesiam
738 4230 985 4282 deleri.—
1004 4228 1229 4281 Audiant
1258 4227 1690 4295 gentes,audiaut

114 4324 280 4377 Judaei
334 4322 609 4376 benefacta
668 4330 866 4382 nostra,
898 4317 1114 4371 audiant
1152 4332 1392 4387 magnam
1439 4315 1688 4370 Ecclesiae

114 4416 590 4483 praeeminentiam.
620 4415 657 4467 A
689 4429 843 4481 quam
872 4412 1049 4466 multis
1078 4421 1373 4480 Oppugnata
1402 4419 1482 4464 est
1515 4411 1689 4465 Eccle-

111 4509 204 4573 sia,
224 4524 326 4562 nec
343 4522 592 4576 umquam
612 4506 1095 4574 tamenvieta?quot
1113 4504 1483 4574 tyranniiquot
1504 4504 1683 4570 duces,

109 4611 235 4667 quot
253 4598 643 4667 Imperatores?
659 4595 1210 4665 Augustus,Tiherius,
1226 4593 1401 4657 Caius,
1416 4594 1684 4660 Claudius,

110 4694 283 4759 Nero,
332 4692 581 4745 homines
632 4688 798 4741 literis
849 4687 1050 4746 ornati,
1080 4695 1350 4753 potentes,
1399 4696 1475 4739 tot
1519 4686 1686 4737 modis

108 4790 484 4852 oppugnarunt
515 4789 782 4833 recentem
812 4792 875 4831 ac
906 4786 1165 4839 teneram,
1190 4786 1244 4827 at
1290 4791 1393 4828 non
1440 4775 1686 4829 radicitus

108 4872 477 4929 sustulerunt;
510 4868 636 4937 quin
667 4868 836 4935 potius
876 4866 909 4919 ii
942 4866 1029 4934 qui
1061 4874 1425 4934 Oppugnarunt
1466 4866 1686 4919 silentur

106 4959 363 5014 oblivioni
393 4957 593 5022 traditi,
620 4958 707 5010 illa
731 4971 858 5010 vero
882 4964 1177 5024 oppugnata
1206 4955 1391 5008 Caelum
1421 4964 1684 5008 transcen-

106 5055 196 5104 dit.
234 5052 422 5119 Neque
448 5050 590 5103 enim
637 5048 765 5101 illud
796 5048 925 5100 mihi
972 5058 1230 5115 spectato,
1262 5048 1399 5115 quod
1441 5048 1490 5099 in
1530 5046 1685 5099 terris

103 5146 199 5197 sita
248 5144 320 5197 sit
373 5141 633 5207 Ecclesia,
684 5141 774 5194 scd
802 5140 938 5209 quod
979 5141 1031 5194 in
1076 5142 1205 5194 cmlo
1235 5150 1491 5195 versetur.
1532 5139 1683 5194 Unde

106 5236 204 5289 hoc
235 5234 532 5290 dilucidum
564 5233 688 5287 est?
717 5232 970 5286 Nimirum
1002 5234 1130 5302 ipsae
1174 5249 1258 5285 res
1297 5233 1679 5286 demonstrant.

105 5327 409 5397 Oppugnati
439 5335 566 5381 sunt
597 5324 838 5377 undecim
868 5324 1145 5392 discipuli,
1180 5333 1317 5377 totus
1345 5325 1486 5377 orbis
1513 5338 1685 5391 Oppuw

104 5418 301 5484 gnabat
353 5434 365 5469 :
413 5430 598 5469 verum
654 5414 739 5482 qui
796 5415 1229 5482 oppugnabantur
1278 5413 1546 5477 vicerunt,
1595 5410 1679 5480 qui

103 5510 482 5579 oppugnabant
511 5506 698 5561 sublati
721 5517 837 5559 sunt
865 5523 878 5558 :
908 5522 1031 5561 oves
1049 5507 1289 5560 devicere
1312 5506 1675 5574 lupos.\’idisti

104 5612 374 5665 pastorem
398 5613 529 5651 oves
548 5600 599 5651 in
621 5597 848 5649 medium
866 5596 1105 5665 luporum
1125 5598 1450 5651 emittentem
1468 5598 1484 5665 (
1500 5596 1675 5649 ilattii.

108 5693 185 5744 lt).
223 5692 338 5759 l6),
374 5698 428 5743 ut
456 5706 526 5743 ne
556 5689 674 5757 fuga
701 5687 913 5756 quidem
943 5688 1161 5741 salutem
1192 5690 1678 5757 consequerentur?

103 5788 228 5851 Quis
258 5794 438 5854 pastor
488 5782 589 5837 hoc
620 5781 779 5837 fecit?
817 5780 1058 5836 Christus
1109 5780 1207 5835 hoc
1255 5780 1397 5846 fecit,
1441 5798 1542 5845 quo
1584 5782 1670 5835 tibi

3282 391 3395 446 122

1808 480 2196 538 demonstraret
2215 502 2331 552 qum
2359 496 2499 539 recte
2518 496 2771 555 geruntur
2793 501 2895 541 non
2925 483 3162 542 accidere
3190 501 3381 541 secun-

1806 572 1928 626 dum
1977 589 2153 627 rerum
2189 576 2383 629 seriem
2407 616 2420 639 ,
2460 576 2552 630 sed
2588 588 2781 646 praeter
2812 590 3054 632 naturam
3087 588 3383 647 pra‘terque

1807 680 1981 719 rerum
2025 666 2240 721 seriem.
2279 666 2408 720 Nam
2453 668 2692 723 Ecclesia
2738 668 3059 724 firmioribus
3091 685 3248 740 quam
3278 686 3385 724 exe-

1808 757 1913 810 lum
1938 758 2107 826 ipsum
2136 759 2402 814 radicibus
2431 759 2613 817 haaret.
2643 761 2840 816 Verum
2870 761 3109 818 fortassis
3136 761 3384 818 ethnicus

1805 852 2119 919 arrogantia:
2144 868 2227 905 me
2248 853 2573 908 condemnat
2606 874 2619 910 :
2652 854 2746 910 sed
2770 863 2982 909 maneat
2999 854 3169 910 donec
3194 856 3379 909 harum

1805 956 1982 996 rerum
2012 943 2372 1010 probationem
2396 946 2650 1006 attulere,
2682 945 2956 1014 discatque
2984 947 3091 1001 vim
3120 947 3379 1013 veritatis,

1805 1032 2069 1100 quomodo
2098 1033 2305 1086 facilius
2344 1045 2426 1087 est
2474 1036 2640 1088 solem
2684 1037 2966 1104 exstingui,
3000 1052 3154 1102 quam
3200 1037 3383 1091 Eccle-

1804 1125 1935 1180 siam
1965 1126 2152 1180 deleri.
2182 1127 2339 1193 Quis,
2375 1126 2541 1195 inquit
2565 1168 2579 1189 ,
2613 1128 2708 1181 ista
2736 1128 3027 1194 praedicat?
3057 1128 3104 1181 Is
3131 1129 3218 1195 qui
3262 1144 3379 1182 eam

1804 1216 2039 1271 fundavit
2072 1234 2084 1269 :
2114 1217 2304 1273 Caelum
2349 1226 2395 1270 et
2436 1227 2568 1271 terra
2613 1220 2923 1282 transibunt,
2947 1219 3035 1272 sed
3076 1220 3222 1272 verba
3270 1235 3381 1271 mea

1805 1329 1902 1365 non
1931 1310 2214 1364 transibunt
2245 1310 2454 1382 (Matth.
2477 1312 2564 1365 24.
2593 1312 2705 1381 55).
2737 1313 2859 1366 llarc
2886 1328 2989 1368 non
3025 1312 3183 1367 modo
3210 1313 3335 1367 dixit
3361 1354 3377 1375 ,

1802 1401 1895 1454 sed
1935 1410 1986 1454 et
2025 1400 2309 1469 complevit
2340 1416 2355 1454 :
2384 1416 2480 1455 cur
2529 1401 2671 1455 enim
2728 1401 2869 1455 illam
2929 1404 3096 1471 magis
3142 1401 3381 1457 fundavit

1802 1507 1958 1561 quam
1986 1491 2215 1545 crclum?
2245 1490 2514 1560 Siquidem
2546 1500 2627 1546 est
2656 1492 2785 1545 caelo
2811 1492 3091 1560 pretiosior
3112 1492 3369 1546 Lcclesia.

1801 1584 1977 1650 Quare
2013 1584 2282 1638 conditum
2309 1591 2389 1638 est
2408 1583 2640 1637 etelum?
2668 1584 2887 1652 I’r0pter
2914 1584 3204 1638 Ecclesiam
3226 1625 3240 1649 ,
3272 1598 3374 1637 non

1804 1673 2037 1728 Ecclesia
2078 1681 2305 1742 prepter
2334 1673 2542 1728 caelum.
2572 1675 2771 1728 titulum
2804 1674 3075 1729 conditum
3120 1683 3202 1729 est
3249 1691 3374 1744 pro-

1802 1774 1917 1834 pter
1947 1764 2213 1820 hominem
2233 1807 2248 1833 ,
2278 1779 2382 1819 non
2416 1764 2574 1821 homo
2601 1774 2820 1835 pr0pter
2839 1766 3048 1819 cmlum.
3085 1764 3140 1821 Id
3172 1767 3376 1835 perspi-

1800 1870 1955 1910 cuum
1977 1865 2059 1910 est
2088 1871 2151 1909 ex
2179 1856 2242 1909 iis
2268 1870 2384 1925 quae
2411 1855 2533 1910 fecit
2556 1855 2819 1910 Christus.
2850 1855 2965 1910 Non
2997 1856 3137 1911 enim
3163 1856 3375 1910 ea'leste

1800 1962 1995 2016 corpus
2016 1947 2323 2016 assumpsit.
2354 1946 2546 2002 Verum
2583 1946 2716 2002 nein
2736 1948 2950 2021 longum
2970 1950 3231 2021 producto
3256 1962 3371 2002 scr-

1801 2054 1993 2104 monc,
2052 2053 2237 2093 rursus
2297 2035 2453 2093 hodie
2502 2038 2654 2094 vobis
2706 2038 2975 2095 debitores
3038 2040 3373 2095 discedamus

1804 2130 1970 2199 (scitis
1991 2131 2131 2185 enim
2162 2146 2319 2200 quam
2346 2130 2509 2185 multa
2534 2132 2703 2185 simus
2730 2132 2843 2186 heri
2872 2130 3133 2204 polliciti),
3166 2133 3373 2201 persol-

1800 2239 1922 2278 vere
1955 2224 2120 2292 parati
2148 2238 2350 2278 sumus.
2380 2222 2511 2277 Nam
2542 2232 2755 2294 propter
2776 2239 2868 2279 eos
2894 2225 2983 2295 qui
3016 2240 3120 2280 non
3153 2225 3374 2280 aderant

1798 2313 2132 2368 distuleram.
2165 2313 2424 2379 Quoniam
2468 2313 2626 2383 igitur
2649 2314 2740 2383 qui
2782 2314 3086 2381 abfuerant,
3125 2331 3222 2371 sun
3250 2325 3373 2370 sunt

1798 2402 1974 2458 ofﬁcio
2012 2403 2310 2472 perfuncti,
2352 2418 2553 2473 suaque
2601 2404 2883 2473 pnesentia
2931 2404 3085 2459 nobis
3133 2420 3371 2459 mensam

1798 2495 2148 2549 exhibuerunt
2168 2503 2551 2564 sumptuosam,
2578 2510 2677 2565 age
2700 2537 2713 2559 ,
2745 2510 3071 2565 apponamus
3105 2496 3322 2551 obsonia
3352 2540 3368 2558 ,

1797 2584 2013 2639 obsonia
2034 2585 2246 2653 quidem
2268 2583 2407 2638 haud
2428 2584 2598 2652 putria
2623 2604 2639 2640 :
2666 2585 2766 2639 etsi
2799 2583 2940 2638 enim
2972 2587 3217 2639 hesterna
3242 2586 3366 2650 sint,

1800 2677 1912 2730 lizec
1943 2676 2161 2731 obsonia
2205 2689 2311 2730 non
2360 2684 2678 2744 putrescunt.
2716 2676 3073 2744 Quamobrem
3114 2678 3371 2733 tandem?

1796 2767 1908 2822 Non
1935 2776 2057 2821 sunt
2082 2782 2270 2823 carnes
2300 2776 2357 2821 ut
2384 2769 2651 2836 corrumpi
2692 2777 2924 2837 queant,
2958 2771 3049 2824 sed
3089 2772 3368 2825 sententia.-

1797 2874 2006 2928 semper
2028 2859 2299 2913 ﬂorentes.
2328 2859 2531 2913 Carncs
2550 2859 2713 2925 enim,
2739 2860 2984 2929 quoniam
3008 2874 3199 2930 corpus
3219 2874 3363 2925 sunt,

1794 2958 2207 3019 corrumpuntur
2236 2966 2249 3003 :
2295 2959 2476 3003 contra
2502 2950 2781 3004 sententia:
2805 2992 2819 3015 ,
2849 2951 2893 3006 si
2940 2961 3217 3016 maneant,
3250 2954 3368 3007 red-

1794 3044 1992 3098 duntur
2043 3043 2441 3112 fragrantiores.
2496 3042 2629 3109 Quid
2676 3041 2835 3113 igitur
2884 3054 2999 3100 erat
3058 3045 3197 3111 quod
3254 3045 3367 3101 heri

1797 3134 2073 3187 diximus?
2102 3132 2372 3202 Siquidem
2400 3145 2453 3186 et
2488 3135 2557 3187 ita
2586 3150 2683 3188 nos
2715 3135 2826 3187 heri
2857 3136 3138 3204 participes
3167 3152 3366 3190 mcnSa:

1797 3226 2098 3289 fuimus,ut
2144 3226 2231 3294 qui
2276 3240 2381 3278 non
2436 3225 2735 3290 adfuerunt,
2770 3226 2897 3279 nihil
2924 3226 3223 3281 detrimenti
3261 3228 3366 3281 sint

1797 3317 1957 3384 paSsi.
1988 3316 2053 3368 Et
2081 3319 2268 3386 factum
2287 3316 2429 3369 estin
2456 3333 2588 3370 anno
2614 3334 2711 3386 quo
2730 3330 2962 3371 mortuus
2982 3328 3052 3372 est
3076 3318 3226 3371 Ozias
3252 3336 3360 3382 rca',

1795 3410 1895 3461 vidi
1921 3407 2193 3461 Dominum
2230 3408 2479 3462 sedentem
2513 3410 2566 3461 in
2601 3409 2727 3461 solio
2768 3408 2957 3462 excelso
2981 3419 3029 3463 et
3059 3411 3190 3463 elato
3210 3409 3361 3480 (lsai.

1794 3500 1845 3554 6.
1878 3501 1949 3570 l).
1982 3501 2111 3569 Quis
2146 3500 2257 3553 lucc
2292 3499 2555 3569 loquitur?
2586 3499 2744 3553 Isaias
2782 3500 2870 3554 ille
2895 3508 3163 3568 spectator
3203 3501 3359 3555 cade-

1795 3595 1957 3647 stium
2010 3592 2331 3660 Seraphim,
2369 3594 2455 3660 qui
2507 3592 2773 3645 connubio
2818 3591 3029 3660 junctus
3083 3590 3217 3656 fuit,
3266 3607 3365 3647 nec

1796 3693 1969 3738 tamen
2013 3685 2266 3738 exstinxit
2311 3683 2554 3752 gratiam.
2598 3682 2912 3736 Attendistis
2954 3684 3263 3751 propheta),
3310 3697 3363 3739 et

1794 3774 2014 3829 audistis
2050 3775 2362 3843 prophetam
2392 3774 2549 3829 hodie
2569 3816 2583 3839 ,
2615 3774 2735 3840 Exi,
2761 3785 2812 3827 tu
2842 3786 2886 3828 et
2910 3774 3071 3829 Jasub
3094 3777 3228 3844 ﬁlius
3249 3786 3363 3830 tum

1794 3865 1942 3933 (lsai.
1962 3867 2013 3920 'l.
2046 3867 2122 3931 5).
2158 3865 2262 3919 Nec
2292 3866 2385 3918 ista
2416 3874 2625 3935 oportet
2647 3874 3067 3933 praetercurrcre.
3092 3866 3205 3932 Exi,
3231 3876 3285 3920 tu
3307 3879 3360 3920 et

1793 3959 1930 4012 lilius
1960 3967 2098 4011 tuus.
2132 3959 2275 4010 Itane
2304 3956 2467 4010 lilium
2506 3956 2733 4010 habebat
2763 3956 3056 4024 propheta?
3084 3956 3139 4012 Si
3196 3960 3359 4012 lilium

1794 4048 2046 4114 habebat,
2078 4047 2303 4101 habebat
2341 4056 2394 4099 et
2422 4062 2678 4109 uxorem,
2714 4058 2768 4099 ut
2814 4048 3073 4115 intelligas
3104 4063 3205 4102 non
3242 4063 3361 4102 esse

1793 4139 1958 4193 malas
2004 4139 2233 4207 nuptias,
2262 4138 2353 4193 sed
2398 4140 2587 4191 malam
2637 4155 2755 4193 esse
2804 4139 3199 4193 scortationem.
3254 4142 3359 4194 Sed

1790 4232 2038 4299 quoniam
2083 4245 2201 4283 cum
2250 4229 2563 4299 quibusdam
2613 4230 2924 4285 disserimus
2964 4230 3219 4295 dicentes,
3254 4231 3361 4285 Cur

1792 4335 1892 4373 non
1954 4328 2096 4374 recte
2150 4319 2321 4373 vivis?
2370 4322 2708 4388 quamobrem
2759 4337 2861 4374 non
2928 4332 3145 4388 prmstas
3195 4324 3350 4374 vitam

1792 4411 2051 4479 probam?
2082 4412 2178 4478 Qui
2232 4426 2442 4479 possum
2469 4453 2484 4475 ,
2528 4413 2806 4479 inquiunt.
2849 4413 2949 4464 nisi
2993 4412 3248 4465 divertain
3292 4414 3358 4467 ab

1791 4520 1986 4569 uxore,
2034 4505 2131 4557 nisi
2163 4506 2276 4557 vale
2320 4503 2501 4557 dixero
2545 4504 2753 4567 liberis,
2787 4505 2883 4557 nisi
2932 4504 3108 4558 valere
3149 4505 3358 4573 jussero

1792 4596 2039 4664 negotia?
2076 4594 2471 4658 Quamobrem?
2518 4610 2639 4648 num
2692 4594 2869 4648 obstat
2921 4596 3361 4649 matrimonium?

1794 4686 2032 4755 Adjntrix
2061 4687 2149 4737 tibi
2180 4687 2299 4739 data
2341 4696 2425 4739 est
2460 4701 2595 4739 uxor
2655 4702 2758 4739 non
2802 4687 3118 4740 insidiatrix.
3164 4690 3354 4739 Annon

1792 4778 2015 4832 habebat
2066 4792 2287 4830 uxorem
2338 4777 2633 4846 propheta?
2670 4778 2851 4847 Neque
2907 4790 3078 4831 tamen
3128 4777 3357 4845 Spiritus

1789 4871 1967 4936 gratim.
1990 4870 2230 4922 obstabat
2252 4869 2552 4937 conjuginni
2573 4871 2692 4924 :sed
2719 4885 2836 4923 cum
2866 4884 3029 4923 uxore
3056 4869 3352 4923 convictum

1794 4959 2046 5023 habebat,
2119 4968 2169 5011 et
2227 4968 2340 5012 erat
2410 4958 2752 5013 nihilominus
2810 4958 3084 5028 propheta.
3147 4959 3354 5029 Moyses

1791 5066 1963 5102 nonne
1994 5064 2210 5103 uxorem
2241 5049 2501 5103 habebat?
2533 5049 2598 5103 Et
2626 5058 2799 5103 tamen
2834 5052 2878 5103 is
2902 5059 3103 5117 petram
3130 5050 3350 5119 dirupit,

1786 5156 1964 5195 acrem
2015 5140 2468 5201 immutavit.cum
2522 5141 2629 5193 Deo
2673 5140 3093 5208 eolloquebatur,
3119 5141 3350 5194 divinam

1790 5234 1916 5285 iram
1945 5232 2201 5288 cohibuit.
2241 5231 2503 5284 Abraham
2538 5246 2712 5285 nonne
2744 5231 2969 5285 habebat
2998 5248 3212 5286 uxorem
3236 5235 3256 5286 ?
3284 5233 3351 5287 Et

1789 5338 1959 5377 tamen
1989 5334 2139 5392 pater
2172 5322 2338 5375 factus
2369 5330 2449 5376 est
2475 5324 2705 5391 gentium
2734 5333 2787 5377 et
2821 5324 3100 5378 Ecclesim:
3137 5325 3349 5377 sustulit

1788 5415 1946 5466 lilium
1998 5414 2159 5473 Isaac,
2190 5423 2241 5465 et
2288 5413 2372 5466 hic
2418 5413 2490 5467 illi
2535 5412 2631 5466 fuit
2673 5416 3002 5483 egregiorum
3055 5413 3344 5467 facinorum

1789 5505 2025 5556 materia.
2070 5504 2255 5557 Nonne
2306 5504 2495 5557 obtulit
2558 5504 2755 5568 ﬁlium,
2808 5505 3035 5574 conjugii
3082 5504 3348 5559 fructum?

1786 5611 1959 5649 nonne
2004 5595 2171 5650 factus
2204 5606 2285 5651 est
2323 5605 2488 5665 pater,
2519 5606 2570 5649 et
2614 5597 2705 5650 Dei
2734 5597 2957 5650 amans?
2984 5610 3154 5649 annon
3202 5596 3348 5652 licuit

1787 5688 1961 5741 videre
2013 5688 2338 5743 sacerdotem
2384 5703 2414 5741 e
2455 5688 2565 5741 suis
2604 5688 2895 5742 visceribus
2951 5690 3103 5741 lieri?
3142 5692 3345 5741 saeriti-

1792 5798 1938 5847 “um,
1993 5783 2235 5852 inquam,
2276 5781 2429 5835 simul
2484 5791 2534 5834 et
2600 5780 2840 5849 patrem?
2875 5780 3005 5832 vinci
3059 5792 3339 5846 naturam,
