4148 6306
749 342 862 398 123

742 450 961 505 vincere
1004 448 1298 515 pietatem?
1322 448 1524 503 viscera
1571 448 1900 511 conculcari,
1932 448 2122 518 piaque
2172 447 2306 501 facta

737 543 1039 613 superare?
1068 549 1268 608 patrem
1308 541 1463 610 dejici
1492 582 1506 605 ,
1554 540 1643 594 Dei
1697 548 1961 593 amantem
2023 539 2311 592 coronari?

735 651 914 690 annon
938 634 1109 689 vidisti
1132 643 1321 697 totum,
1342 643 1395 687 et
1424 632 1513 686 lilii
1539 641 1804 687 amantem
1829 640 1882 686 et
1908 632 2035 686 Dei?
2058 630 2308 700 numquid

737 727 824 782 hic
850 725 1018 780 obfuit
1050 722 1442 780 matrimonium
1466 723 1490 777 ?
1511 723 1645 790 Quid
1683 732 1863 777 autem
1892 722 2307 776 Maccabrcornm

737 815 953 871 mater?
979 830 1155 871 nonne
1183 831 1317 869 uxor
1346 814 1486 868 fuit?
1512 829 1689 869 nonne
1716 821 1918 882 septem
1948 813 2082 866 tilios
2109 810 2312 865 addidit

732 917 1041 962 sanctorum
1074 906 1282 962 choro?
1314 921 1489 961 nonne
1528 906 1658 961 vidit
1700 906 1819 960 illos
1862 904 2117 974 martyrio
2158 918 2311 957 coro-

732 998 926 1052 natos?
967 1014 1147 1053 nonne
1195 999 1483 1068 speetatrix
1534 999 1809 1063 adstabat,
1838 1005 2107 1065 tamquam
2156 1011 2310 1052 mons

734 1090 953 1161 quidam
1000 1091 1286 1145 immobilis
1326 1091 1555 1145 ?nonne
1600 1089 1845 1145 adstabat
1883 1091 1935 1143 in
1985 1104 2311 1159 unoquoque

733 1183 947 1237 illorum
1003 1183 1315 1255 martyrium
1373 1182 1610 1251 patiens,
1661 1192 1713 1237 et
1765 1189 1935 1237 mater
1981 1192 2303 1253 martyrum,

732 1274 930 1340 septies
962 1273 1072 1344 ipsa
1118 1272 1429 1343 martyrium
1469 1274 1627 1327 tulit?
1660 1274 1788 1327 Dum
1819 1274 1961 1328 enim
1994 1273 2067 1327 illi
2096 1283 2310 1343 torque-

732 1369 968 1431 bantur,
1013 1365 1100 1419 illa
1158 1367 1362 1435 plagam
1411 1366 1723 1434 accipiebat.
1776 1364 1959 1436 Neque
2007 1366 2148 1420 enim
2194 1366 2308 1421 sine

731 1457 919 1513 dolore
951 1459 1065 1513 haec
1088 1459 1385 1527 excipiebat
1419 1476 1432 1513 :
1464 1468 1634 1514 mater
1661 1468 1794 1524 erat,
1824 1468 1878 1514 et
1926 1471 2131 1513 naturae
2160 1459 2305 1513 illata

730 1552 813 1606 vis
843 1552 1109 1621 propriam
1134 1554 1383 1606 virtutem
1410 1552 1748 1617 declarabat;
1780 1562 1836 1607 at
1872 1554 1960 1607 illa
1992 1569 2097 1607 non
2126 1553 2303 1608 vince-

731 1643 907 1697 batur.
940 1643 1083 1697 Mare
1108 1644 1319 1713 quidem
1348 1652 1464 1697 erat
1508 1654 1561 1698 et
1608 1643 1838 1698 tinctus:
1871 1653 2123 1699 caeterum
2171 1646 2307 1699 sicut

732 1750 902 1800 mare,
927 1749 1050 1788 cum
1081 1736 1298 1801 insanit,
1328 1735 1543 1789 sedatur
1571 1751 1584 1789 :
1619 1736 1689 1789 ita
1719 1745 1774 1789 et
1802 1744 1991 1791 natura
2014 1746 2301 1802 commota,

732 1836 878 1882 metu
924 1826 1017 1881 Dei
1060 1825 1447 1881 refrenabatur.
1488 1826 1769 1894 Quomodo
1798 1841 1893 1882 eos
1934 1828 2127 1882 unxit?
2170 1843 2301 1897 quo-

733 1919 896 1973 modo
923 1933 1015 1975 eos
1046 1919 1216 1973 aluit?
1254 1918 1522 1988 quomodo
1549 1928 1751 1989 septem
1785 1920 1981 1989 templa
2014 1920 2123 1974 Deo
2152 1920 2305 1975 exhi-

734 2010 868 2076 buit,
901 2019 1104 2065 statuas
1135 2026 1326 2065 aureas
1348 2051 1363 2075 ,
1398 2010 1504 2065 imo
1547 2012 1725 2080 potius
1751 2025 1882 2065 auro
1913 2011 2307 2083 pretiosiores?

800 2104 854 2158 5.
888 2103 957 2158 Ut
1000 2104 1139 2158 enim
1184 2104 1319 2157 scias
1357 2119 1460 2157 non
1491 2104 1594 2157 tale
1623 2118 1741 2157 esse
1775 2118 1982 2170 aurum,
2009 2104 2186 2174 qualis
2217 2118 2302 2160 εει

731 2196 906 2248 anima
936 2203 1227 2264 martyrum
1252 2234 1267 2259 ,
1296 2194 1530 2248 attende.
1560 2193 1745 2249 Stabat
1766 2204 2040 2265 tyrannus,
2060 2204 2218 2266 atque
2240 2196 2307 2251 ab

732 2301 834 2338 una
880 2285 1100 2340 muliere
1127 2296 1407 2353 superatus
1444 2285 1766 2341 discedebat.
1804 2286 1895 2341 llle
1934 2289 2097 2342 armis
2134 2304 2305 2358 oppu-

732 2376 948 2443 gnabal,
979 2375 1089 2429 haec
1113 2376 1273 2430 animi
1300 2376 1348 2428 vi
1368 2375 1650 2443 superabat
1674 2394 1687 2441 ;
1717 2377 1803 2431 ille
1830 2377 2096 2433 fornacem
2122 2378 2307 2434 incen-

729 2465 913 2533 debat,
938 2464 1051 2520 hrcc
1072 2467 1320 2521 virtutem
1339 2466 1555 2535 spiritus
1579 2485 1594 2532 ;
1622 2467 1706 2521 ille
1723 2469 2011 2522 exercitum
2030 2470 2300 2536 movebat,

732 2558 848 2614 haec
877 2557 942 2611 ad
971 2558 1188 2628 angelos
1217 2557 1519 2629 applicabat
1552 2558 1785 2612 animum
1820 2577 1834 2613 :
1867 2559 2076 2614 videbat
2102 2560 2304 2615 inferne

731 2660 1034 2720 tyrannum,
1063 2658 1115 2703 et
1162 2653 1213 2703 in
1260 2650 1438 2703 animo
1472 2651 1715 2704 versabat
1762 2650 1907 2705 illum
1960 2652 2011 2705 in
2064 2654 2306 2722 supernis

732 2750 1039 2810 regnantem
1066 2758 1080 2805 ;
1114 2741 1325 2796 videbat
1352 2740 1485 2795 infra
1517 2757 1576 2796 se
1609 2751 1888 2805 tormenta,
1913 2752 1964 2796 at
1995 2745 2307 2798 numerabat

728 2846 962 2901 superna
1009 2831 1227 2899 bravia;
1276 2831 1490 2887 videbat
1539 2843 1854 2902 prmsentem
1898 2835 2210 2896 cruciatum.
2252 2846 2307 2891 et

728 2923 995 2992 cogitabat
1044 2921 1270 2976 futuram
1332 2923 1803 2977 immortalitatem.
1862 2924 2194 2995 Quapropter
2253 2938 2305 2981 et

705 3016 929 3078 .Paulus
950 3016 1181 3085 dicebat,
1214 3014 1336 3070 Non
1363 3017 1812 3086 contemplantibus
1837 3018 1977 3072 nobis
1996 3035 2110 3089 qua:
2132 3021 2304 3073 viden—

731 3118 815 3161 tur
838 3149 852 3171 ,
883 3107 972 3162 sed
994 3123 1052 3161 ea
1076 3122 1191 3178 quae
1228 3123 1327 3160 non
1354 3107 1585 3161 videntur
1612 3106 1701 3180 (2.
1748 3106 1865 3163 Cor.
1917 3110 1969 3164 4.
2002 3111 2121 3181 18).
2169 3111 2302 3165 Num

728 3201 859 3271 quid
892 3200 1151 3254 obstaculi
1180 3199 1454 3255 adferebat
1487 3202 1926 3257 matrimonium?
1964 3204 2099 3272 Quid
2125 3218 2302 3260 autem

732 3292 943 3357 Petrus,
976 3290 1118 3346 basis
1140 3290 1410 3357 Ecclesim,
1444 3290 1533 3346 ille
1559 3290 1845 3348 vehemens
1868 3305 2074 3351 amator
2088 3296 2302 3361 Christi,

735 3384 822 3438 ille
845 3397 1093 3438 sermone
1121 3381 1382 3449 indoctus,
1411 3392 1465 3439 et
1487 3383 1760 3439 rhetorum
1795 3386 1995 3454 victor,
2025 3390 2111 3445 ille
2136 3391 2305 3461 impe-

734 3476 891 3542 ritus,
938 3476 1029 3545 qui
1075 3483 1249 3530 tamen
1291 3476 1622 3545 philosophis
1668 3478 1933 3535 obturavit
1969 3497 2065 3549 os,
2096 3482 2183 3538 ille
2220 3486 2306 3553 qui

733 3566 1095 3621 Graecanicam
1116 3566 1430 3636 sapientiam
1462 3568 1477 3598 ⁸
1509 3570 1657 3637 quasi
1677 3584 1992 3628 aranearum
2022 3576 2178 3629 telam
2200 3576 2307 3630 dis-

735 3656 935 3724 solvit,
958 3656 1048 3727 qui
1071 3665 1332 3712 terrarum
1382 3658 1563 3713 orbem
1597 3665 1913 3730 peragravit,
1940 3665 2029 3734 qui
2059 3680 2306 3736 sagenam

736 3748 883 3803 misit
911 3750 964 3801 in
981 3760 1127 3801 mare
1152 3755 1207 3802 et
1232 3747 1465 3816 piscatus
1489 3758 1572 3804 est
1590 3750 1797 3820 orbem,
1820 3768 1995 3809 annon
2020 3757 2199 3812 habuit
2226 3759 2311 3814 hic

738 3852 947 3909 quoque
975 3838 1230 3899 uxorem?
1256 3838 1415 3907 Sane,
1437 3840 1637 3895 habuit.
1661 3841 1811 3909 Quod
1838 3855 2017 3901 autem
2048 3847 2310 3916 habuerit,

740 3930 861 3984 audi
891 3929 1265 3999 evangelistam
1288 3940 1594 3986 testantem.
1618 3931 1753 4000 Quid
1780 3944 1956 3991 autem
1978 3939 2086 3992 ait?
2102 3938 2311 4009 Ingres-

740 4035 829 4072 sus
849 4028 921 4072 est
945 4018 1091 4072 Iesus
1119 4020 1186 4071 ad
1210 4036 1408 4072 socrum
1438 4020 1580 4075 Petri
1607 4024 1967 4093 febricitantem
1994 4026 2014 4098 (
2040 4027 2205 4083 Marc.
2258 4031 2310 4083 1.

740 4107 866 4179 50).
909 4107 1006 4163 Ubi
1035 4123 1239 4173 socrus,
1274 4109 1341 4162 ibi
1371 4118 1423 4163 et
1454 4126 1616 4177 uxor;
1650 4113 1736 4167 ubi
1766 4130 1919 4182 uxor,
1949 4117 2020 4171 ibi
2051 4127 2104 4172 et
2128 4120 2314 4189 conju-

739 4201 904 4269 gium.
935 4198 1069 4267 Quid
1095 4208 1270 4254 autem
1300 4199 1612 4269 Philippus?
1643 4216 1821 4258 nonne
1846 4215 2069 4274 quatuor
2090 4209 2318 4265 habebat

742 4289 879 4344 filias
909 4290 1059 4360 (Act.
1090 4289 1178 4344 2L
1213 4289 1334 4362 9)?
1379 4290 1479 4347 Ubi
1520 4307 1650 4346 vero
1678 4304 1905 4363 quatuor
1936 4297 2095 4363 filim,
2126 4299 2233 4353 illic
2266 4310 2321 4356 et

743 4397 895 4445 uxor,
925 4390 978 4437 et
1005 4383 1430 4438 matrimonium.~
1445 4383 1582 4450 Quid
1609 4384 1768 4455 igitur
1791 4386 2080 4443 Christus?
2112 4389 2184 4443 Ex
2213 4392 2320 4445 vir-

741 4472 866 4540 gine
905 4471 1114 4541 quidem
1157 4481 1310 4527 natus
1335 4482 1418 4527 est
1449 4491 1464 4528 :
1496 4489 1677 4530 verum
1707 4476 1772 4529 ad
1806 4478 2016 4545 nuptias
2058 4482 2318 4548 accessit,

744 4577 808 4617 ac
836 4562 1033 4617 donum
1061 4565 1235 4619 attulit
1263 4582 1277 4617 :
1310 4564 1433 4619 Non
1462 4566 1641 4622 habent
1665 4607 1681 4633 ,
1719 4569 1905 4638 inquit,
1932 4571 2099 4626 vinum
2121 4574 2141 4643 (
2161 4573 2317 4629 Joan.

745 4652 798 4706 2.
832 4654 902 4723 ὅ)
938 4671 951 4707 :
977 4662 1029 4708 et
1056 4669 1245 4724 aquam
1274 4654 1430 4710 vertit
1458 4656 1511 4710 in
1540 4656 1717 4711 vinum
1744 4700 1758 4725 ,
1790 4660 2089 4728 virginitate
2113 4667 2322 4734 nuptias

746 4744 1018 4801 honorans
1041 4786 1056 4811 ,
1084 4745 1225 4799 dono
1264 4762 1377 4800 rem
1402 4748 1781 4803 commendans
1813 4767 1826 4804 :
1861 4760 1917 4805 ut
1946 4767 2014 4807 ne
2052 4754 2324 4810 abomine-

746 4836 820 4890 ris
863 4835 1111 4905 nuptias,
1140 4836 1234 4890 sed
1277 4836 1457 4891 oderis
1503 4841 1901 4897 scortatioucm.
1951 4842 2070 4897 Meo
2108 4845 2323 4915 quidem

748 4927 986 4996 periculo
1027 4942 1126 4999 ego
1163 4928 1403 4998 spondeo
1434 4928 1528 4985 tibi
1571 4930 1797 4986 salutem
1826 4973 1843 5000 ,
1869 4934 2076 4991 etiamsi
2107 4952 2324 4994 uxorem

710 5008 725 5069 i
754 5016 1029 5073 habueris.

825 5106 969 5163 Uxor
1002 5109 1137 5162 mala
1158 5110 1451 5180 corrigenda
1482 5121 1570 5168 aut
1599 5118 1827 5184 ferenda.
1855 5147 1926 5157 —
1953 5119 2203 5191 Prospice
2234 5124 2326 5179 tibi

750 5200 872 5269 ipsi.
916 5198 1107 5254 Mulier
1151 5200 1194 5254 si
1225 5203 1388 5270 proba
1429 5202 1607 5270 fuerit,
1650 5207 1877 5276 adjutrix
1905 5209 1996 5265 tibi
2048 5222 2149 5267 est.
2192 5213 2327 5281 Quid

756 5289 921 5360 igitur
946 5287 991 5343 si
1020 5304 1124 5343 non
1152 5289 1311 5345 fuerit
1330 5294 1648 5348 commoda?
1675 5296 1780 5351 Fac
1798 5298 1941 5355 illam
1967 5302 2322 5358 commodam.

752 5380 946 5433 Annon
960 5379 1170 5436 fuerunt
1187 5398 1375 5439 uxores
1392 5384 1541 5440 bona:
1558 5400 1620 5440 ac
1636 5388 1786 5443 mala:
1799 5428 1814 5455 ,
1830 5402 1901 5441 ne
1924 5392 2151 5447 haberes
2164 5407 2327 5447 excu-

756 5471 1062 5529 sationem?
1082 5471 1395 5537 Qualiserat
1412 5474 1500 5530 illa
1518 5471 1654 5528 Job?
1688 5474 1796 5532 Sed
1837 5481 1994 5535 Sarra
2024 5494 2137 5537 erat
2168 5486 2324 5541 bona.

814 5572 831 5603 ⁸
841 5570 957 5640 Alii,
972 5570 1295 5640 Grtvcanicam
1306 5572 1685 5640 superstitionem
1704 5577 1720 5640 (
1733 5576 2007 5635 Ἑλληνικὴν
2026 5580 2313 5640 θρησκείαν).

761 5632 881 5700 Qum
904 5632 1384 5700 lectio_pr§_ferenda
1420 5642 1555 5700 certe
1582 5632 1832 5688 videretur
1852 5632 1945 5687 hoc
1973 5632 2107 5689 loco.
2132 5632 2315 5690 Verum

764 5695 1016 5762 locellus.
1042 5694 1273 5762 saviiius,
1305 5701 1362 5745 et
1386 5696 1606 5762 maxims
1628 5713 1740 5761 pars
1764 5700 2198 5762 manuscriptorum
2242 5703 2317 5750 le-

765 5760 919 5819 gunt,
944 5754 1266 5807 ercanicam
1289 5755 1598 5822 sapientiam,
1632 5754 1785 5823 'atque
1819 5760 1886 5813 ita
1914 5754 2037 5825 legit
2068 5762 2312 5815 Erasmus.

1487 330 1544 386 S.
1588 326 1861 386 JOANNIS
1897 326 2364 387 CllRYSOSTOMl
2404 328 2712 385 ARCIIIEP.
2757 325 3287 384 CONSTANTlNOP.

3889 336 3994 389 124

2425 466 2709 520 Ostendam
2748 466 2838 520 tibi
2867 465 3141 520 mulierem
3164 474 3217 518 et
3242 462 3435 518 malam
3463 470 3518 519 et
3538 464 3859 534 improbam.
3879 465 3987 519 Non

2420 556 2596 608 nocuit
2621 556 2734 609 viro
2754 570 2884 609 uxor
2911 555 3010 609 Job
3042 572 3054 607 :
3081 569 3241 624 prava
3270 563 3387 607 erat
3413 562 3466 607 et
3496 554 3734 621 improba
3760 595 3775 619 ,
3806 558 3983 608 consi—

2419 647 2545 701 lium
2568 647 2725 701 dabat
2753 647 2824 700 illi
2853 656 2908 700 ut
2935 645 3287 715 blasphemias
3316 643 3597 713 proferret.
3626 644 3762 712 Quid
3794 646 3988 714 igitur?

2416 741 2751 796 labefactavit
2795 738 3018 794 turrim?
3063 739 3256 809 dejecit
3295 739 3669 791 adamantem?
3720 738 3989 807 superavit

2418 833 2655 901 petram?
2681 832 2879 901 depulit
2906 831 3125 885 militem
3152 830 3171 883 ἵ
3198 830 3511 884 comminuit
3534 829 3831 897 scapham?
3859 844 3977 882 era-

2415 922 2609 976 dieavit
2655 921 2941 976 arborem?
2965 920 3106 977 Nihil
3153 920 3342 974 horum
3378 919 3513 974 :sed
3546 920 3632 974 illa
3660 919 3987 989 impellebat.

2414 1022 2468 1066 et
2490 1011 2649 1065 arbor
2673 1011 2992 1066 reddebatur
3028 1011 3268 1066 stabilior
3296 1027 3311 1063 :
3340 1009 3427 1064 illa
3471 1009 3660 1063 ﬂuetus
3685 1009 3984 1074 excitabat,

2413 1112 2463 1157 at
2497 1104 2643 1157 navis
2668 1118 2772 1157 non
2819 1103 3275 1173 submergebatur,
3326 1100 3419 1156 sed
3449 1100 3684 1155 secundo
3711 1099 3988 1169 navigabat

2414 1202 2599 1259 vento;
2644 1193 2842 1247 fructus
2871 1194 2984 1261 ejus
3008 1192 3391 1262 decerpebatur
3410 1232 3426 1256 ,
3452 1200 3504 1247 et
3530 1191 3689 1246 arbor
3720 1201 3988 1245 commota

2412 1301 2517 1339 non
2546 1295 2663 1340 est:
2696 1284 2815 1339 folia
2864 1283 3194 1348 deciderunt,
3239 1293 3292 1338 et
3328 1282 3475 1337 radix
3505 1282 3701 1337 mansit
3740 1283 3981 1336 immota.

2412 1377 2535 1432 Haec
2562 1379 2765 1447 loquor,
2800 1392 2867 1432 ne
2892 1379 3008 1446 quis
3033 1374 3322 1445 praetendat
3352 1389 3532 1429 uxoris
3560 1374 3984 1444 improbitatem.

2411 1468 2542 1521 Mala
2567 1469 2686 1523 est?
2715 1469 2930 1538 Corrige
2960 1483 3096 1521 eam.
3123 1466 3226 1522 Sed
3252 1467 3347 1524 ais.
3373 1464 3413 1517 E
3437 1465 3681 1535 paradiso
3706 1480 3791 1519 me
3821 1479 3987 1533 expue

2416 1560 2493 1613 lit.
2521 1558 2715 1614 Verum
2747 1559 2930 1614 eadem
2962 1567 3013 1612 te
3035 1559 3084 1611 in
3112 1557 3269 1611 eteius
3297 1558 3520 1610 induxit.
3547 1556 3743 1610 Eadem
3766 1556 3984 1625 quidem

2412 1661 2620 1714 natura,
2656 1665 2805 1705 mens
2831 1658 3006 1705 tamen
3033 1650 3262 1703 diversa.
3291 1648 3394 1703 Sed
3427 1648 3514 1701 illa
3538 1646 3638 1701 Job
3664 1656 3778 1702 erat
3810 1646 3986 1699 mala?

2412 1743 2607 1797 Verum
2643 1742 2883 1797 Susanna
2922 1743 3081 1797 bona.
3119 1740 3222 1795 Sed
3264 1740 3348 1793 illa
3379 1739 3624 1808 [Egyptia
3666 1750 3780 1792 erat
3812 1739 3985 1806 impu-

2411 1833 2565 1888 dica?
2596 1832 2785 1887 Verum
2810 1832 2966 1886 Sarra
2999 1839 3115 1885 erat
3135 1831 3393 1884 modesta.
3428 1829 3609 1882 Vidisti
3639 1828 3827 1882 illam?
3859 1828 3986 1881 Vide

2411 1935 2461 1980 et
2505 1926 2673 1988 hanc;
2705 1922 3126 1993 quandoquidem
3170 1923 3328 1975 etiam
3356 1921 3492 1974 inter
3522 1921 3661 1974 viros
3686 1920 3737 1973 hi
3768 1920 3984 1988 quidem

2412 2015 2534 2069 mali
2565 2023 2707 2076 sunt,
2736 2015 2809 2069 illi
2838 2029 2966 2068 vero
2996 2014 3141 2067 boni.
3176 2014 3353 2066 Bonus
3384 2022 3498 2066 erat
3529 2011 3723 2078 Joseph
3752 2053 3765 2071 ,
3801 2012 3983 2064 senio-

2413 2124 2499 2163 res
2524 2118 2701 2161 autem
2732 2107 3003 2177 impudici.
3036 2106 3227 2160 Vidisti
3257 2105 3501 2160 omnibus
3530 2105 3580 2157 in
3602 2103 3761 2157 rebus
3793 2104 3982 2155 vitium

2411 2216 2473 2255 ac
2497 2200 2745 2255 virtutem
2777 2215 2880 2253 non
2917 2208 3104 2254 natura
3133 2197 3431 2267 dijudicari,
3464 2196 3557 2251 sed
3582 2197 3760 2251 animo
3790 2197 3986 2248 distin-

2410 2294 2519 2361 gui.
2552 2292 2628 2347 Ne
2672 2291 2800 2345 mibi
2832 2300 3091 2361 praetean
3118 2290 3505 2344 excusationes.
3540 2288 3641 2343 Sed
3668 2288 3734 2341 ad
3766 2303 3984 2349 eorum,

2411 2398 2529 2452 quae
2558 2382 2831 2446 debemus,
2853 2381 3168 2436 solutionem
3196 2394 3560 2450 properemus.
3592 2379 3659 2432 Et
3685 2383 3881 2449 factum
3915 2389 3988 2430 ιιι

2410 2491 2543 2528 anno
2575 2490 2673 2544 quo
2716 2484 2945 2528 mortuus
2970 2482 3043 2527 est
3076 2472 3226 2526 Ozias
3264 2488 3372 2526 reas.
3408 2472 3650 2526 Dicturus
3675 2485 3793 2524 sum
3826 2487 3986 2539 quam

2410 2566 2480 2621 ob
2505 2580 2716 2619 causam
2746 2566 2859 2634 ipse
2888 2563 3139 2633 propheta
3163 2564 3401 2633 designet
3432 2572 3641 2632 tempus
3671 2580 3685 2618 :
3714 2564 3985 2632 siquidem

2410 2656 2774 2727 qumrehamus
2799 2655 2931 2720 heri,
2965 2671 3118 2727 quam
3144 2656 3352 2709 tandem
3380 2654 3449 2708 ob
3472 2669 3688 2709 causam
3715 2670 3835 2708 cum
3868 2671 3990 2706 Olli-

2410 2763 2507 2803 nes
2552 2747 2855 2818 pr0phetze,
2908 2758 3064 2816 atque
3104 2745 3188 2799 hic
3236 2761 3481 2815 quoque,
3537 2756 3745 2814 tempus
3800 2760 3988 2813 regum

2411 2856 2660 2899 enarrare
2683 2842 2887 2895 soleant
2914 2855 3017 2909 quo
3044 2840 3309 2903 vixerint,
3344 2838 3443 2891 huc
3487 2838 3604 2891 loco
3650 2852 3712 2891 ea
3752 2852 3989 2890 consue-

2413 2934 2541 2990 tudo
2589 2933 2946 3004 prtetermissa
2978 2933 3044 2986 sit
3096 2950 3108 2985 :
3161 2947 3258 2987 nec
3310 2932 3449 2986 enim
3492 2931 3640 2996 dicit,
3688 2930 3744 2985 In
3797 2932 3991 2985 diebus

2411 3027 2552 3082 Ozias
2584 3045 2597 3081 :
2625 3024 2719 3080 sed
2740 3066 2755 3091 ,
2788 3024 2845 3079 In
2876 3035 3047 3079 morte
3072 3023 3233 3079 Ozize.
3277 3024 3423 3077 lianc
3452 3024 3797 3093 quaestionem
3827 3023 3993 3074 hodie

2412 3118 2620 3173 solvere
2642 3116 2782 3171 volo.
2816 3115 3144 3186 Quamquam
3172 3116 3314 3170 enim
3346 3116 3530 3185 ingens
3559 3124 3642 3170 est
3668 3128 3831 3169 aestus
3854 3157 3868 3179 ,
3906 3126 3988 3167 ta-

2413 3225 2533 3263 men
2557 3209 2724 3277 major
2748 3215 2833 3262 est
2860 3208 3122 3261 sermonis
3151 3206 3480 3277 refrigeratio
3514 3225 3526 3260 :
3557 3222 3880 3276 quamquam
3914 3210 3993 3260 vis

2416 3302 2471 3354 fit
2496 3301 2703 3370 corpori
2730 3299 3009 3361 fatiscenti,
3040 3310 3213 3352 tamen
3246 3299 3419 3352 anima
3450 3299 3633 3368 vigens
3669 3299 3993 3353 delectatur.

2415 3396 2489 3451 Ne
2515 3396 2639 3449 mihi
2670 3409 2851 3448 narres
2877 3401 3063 3447 :estum
3087 3407 3148 3445 ac
3178 3391 3447 3447 sudorem.
3478 3392 3531 3446 Si
3557 3391 3834 3445 sudaveris
3862 3408 3989 3443 cor-

2414 3502 2564 3557 pore,
2604 3484 2863 3555 abstergis
2907 3486 3135 3537 animam
3182 3492 3347 3537 tuam.
3400 3482 3532 3536 Tres
3580 3482 3654 3536 illi
3705 3484 3853 3551 pueri
3903 3481 3995 3551 qni

2415 3587 2567 3634 erant
2595 3578 2644 3632 in
2675 3577 2908 3641 fornace,
2938 3575 3064 3629 nihil
3090 3574 3393 3630 detrimenti
3424 3574 3658 3643 perpessi
3690 3585 3813 3629 sunt
3838 3617 3853 3639 ,
3891 3574 3989 3629 sed

2419 3668 2604 3723 fornax
2632 3668 2736 3722 illis
2762 3666 2861 3720 fuit
2888 3665 3179 3735 refrigerio.
3212 3664 3344 3720 Cum
3373 3666 3572 3733 cogitas
3598 3665 3868 3724 sudorem.
3906 3681 4002 3719 co-

2416 3762 2521 3831 gita
2551 3760 2706 3814 simul
2732 3768 2785 3813 et
2810 3758 3108 3813 mercedem
3154 3766 3209 3812 et
3234 3758 3530 3826 praemium.
3564 3756 3770 3809 Etenim
3813 3758 3999 3809 urina-

2420 3861 2503 3906 tor
2544 3851 2737 3905 nullam
2780 3850 2937 3903 aliam
2976 3848 3045 3903 ob
3069 3862 3281 3902 causam
3309 3847 3471 3901 audet
3515 3848 3745 3915 seipsum
3780 3850 3830 3899 in
3866 3862 3999 3914 pro-

2422 3943 2639 3998 fnndum
2662 3956 2915 4011 aquarum
2944 3940 3227 3995 demittere
3246 3982 3261 4007 ,
3289 3956 3446 4009 quam
3479 3950 3696 4009 propter
3728 3942 3998 4008 margari-

2423 4044 2535 4102 tas,
2591 4034 2847 4089 hellorum
2898 4046 3131 4087 causam.
3175 4031 3507 4101 Quamquam
3557 4045 3662 4085 non
3711 4032 4000 4084 materiam

2423 4126 2751 4196 reprehendo
2775 4166 2789 4191 ,
2822 4124 2919 4179 sed
2962 4133 3195 4179 mentem
3228 4123 3688 4193 intemperantem.
3731 4125 3797 4177 Et
3822 4134 3877 4177 tu
3902 4166 3916 4191 ,
3948 4133 4007 4177 ut

2422 4220 2650 4288 accipias
2691 4217 2994 4271 thesaurum
3021 4214 3249 4270 deficere
3278 4220 3513 4270 nescium
3536 4256 3551 4282 ,
3583 4215 3896 4284 plantesque
3920 4217 4002 4269 vi-

2424 4317 2531 4362 tem
2569 4312 2619 4361 in
2649 4307 2823 4360 anima
2852 4316 2937 4360 tua
2959 4346 2974 4371 ,
2999 4320 3106 4359 non
3136 4307 3365 4359 sustines
3404 4315 3589 4359 mstum
3632 4322 3804 4375 neque
3834 4307 4007 4361 sudo-

2425 4400 2575 4453 rem?
2600 4398 2712 4452 Non
2740 4398 2889 4451 vides
2919 4398 3046 4452 istos
3073 4398 3159 4465 qui
3181 4398 3364 4451 sedent
3395 4399 3444 4451 in
3474 4399 3697 4462 theatro,
3730 4400 4008 4468 quomodo

2425 4489 2658 4556 sudent,
2711 4487 2957 4557 nudoque
3015 4488 3186 4556 capite
3247 4490 3375 4542 solis
3427 4489 3631 4542 radium
3690 4489 4007 4559 excipiant,

2425 4596 2531 4652 quo
2580 4580 2706 4634 fiant
2755 4580 2945 4647 captivi
2990 4581 3173 4635 mortis
3196 4621 3210 4644 ,
3242 4596 3347 4650 quo
3384 4592 3544 4633 SCOI‘lI
3587 4583 3847 4651 mancipia
3874 4583 3899 4635 ἲ
3926 4585 4008 4637 Ad

2427 4672 2643 4728 exitium
2674 4671 2746 4725 illi
2779 4670 3017 4724 laborant
3039 4712 3053 4736 ,
3084 4678 3138 4725 et
3162 4679 3214 4724 tu
3242 4671 3306 4723 ad
3354 4672 3582 4724 salutem
3611 4673 3788 4741 segnis
3812 4688 3876 4728 ac
3915 4691 4007 4728 re-

2427 4766 2621 4817 missus
2644 4776 2701 4816 es
2727 4764 2749 4814 ?
2779 4762 2986 4815 Athleta
3016 4776 3073 4815 es
3091 4802 3106 4826 ,
3133 4761 3285 4815 miles
3312 4777 3373 4816 es
3399 4762 3436 4815 ί.
3462 4761 3591 4829 Quis
3614 4763 3773 4832 igitur
3800 4774 3887 4819 est
3921 4766 4014 4821 ille

2427 4853 2601 4921 Ozias,
2632 4862 2686 4907 et
2708 4868 2863 4922 quam
2886 4854 2953 4905 ob
2973 4867 3183 4907 causam
3208 4864 3433 4906 mortem
3463 4854 3599 4909 hanc
3620 4854 3759 4909 illius
3785 4872 4017 4929 expres~

2430 4944 2499 4999 sit
2519 4942 2810 5014 propheta?
2838 4944 2933 4997 ilic
2958 4941 3112 4997 Ozias
3142 4958 3235 4997 rex
3255 4953 3370 4997 erat
3390 4986 3403 5010 ,
3438 4960 3500 5000 ac
3530 4947 3610 5000 vir
3635 4947 3836 5017 justus,
3869 4950 4015 5003 mul-

2432 5035 2499 5088 tis
2538 5034 2732 5088 florens
2778 5034 3001 5103 egregiis
3059 5033 3208 5087 factis
3257 5054 3269 5087 :
3319 5050 3501 5089 verum
3560 5047 3738 5105 postea
3792 5040 4015 5092 tandem

2430 5123 2498 5178 ad
2531 5123 2833 5193 superbiam
2864 5123 3042 5188 venit,
3080 5122 3146 5176 ad
3179 5125 3481 5193 superbiam
3504 5167 3520 5190 ,
3555 5128 3767 5195 inquam
3788 5168 3803 5193 ,
3836 5131 4017 5183 tiialo-

2432 5229 2548 5267 rum
2598 5223 2841 5279 matrem,
2893 5213 2960 5267 ad
3010 5216 3364 5283 arrogantiam
3412 5217 3721 5271 tumultibus
3772 5220 4016 5287 plenam,

2433 5306 2501 5362 ad
2538 5306 2844 5370 elationem,
2891 5321 2992 5374 qua
3029 5306 3269 5363 diabolus
3321 5310 3373 5363 in
3420 5310 3637 5363 exitium
3694 5312 3820 5364 ruit.
3870 5313 4019 5367 Nihil

2497 5441 2533 5508 in
2550 5440 2631 5488 Hic
2653 5438 2812 5508 adjicit
2847 5444 3065 5508 Erasmus
3096 5439 3145 5487 in
3184 5441 3586 5508 interpretatione
3610 5444 3770 5508 latina
3791 5479 3806 5501 ,
3830 5458 3947 5508 quze
3974 5450 4019 5498 in

2435 5500 2569 5550 nullo
2593 5498 2859 5567 exemplari
2869 5506 3059 5567 _Gr:_eeo,
3081 5508 3179 5567 tum
3204 5498 3333 5567 edito
3356 5511 3455 5552 tum
3478 5498 3803 5567 manuscripto
3827 5498 4020 5557 b'abeu-

2435 5570 2534 5625 tur,
2559 5568 2624 5611 Ne
2640 5560 2790 5625 Διίιὶιιιν
2815 5560 3049 5625 laboribus
3071 5563 3349 5625 defatigeris
3367 5597 3381 5621 ,
3406 5566 3490 5613 sed
3524 5565 3641 5614 bono
3674 5560 3837 5616 animo
3862 5582 4023 5619 certa-

2437 5623 2567 5671 mina
2585 5621 2750 5687 tolera.
2772 5623 2936 5687 Nescio
2959 5632 3116 5687 utrum
3134 5621 3242 5674 ἰιωέ
3265 5625 3349 5673 ille
3376 5627 3421 5672 in
3444 5625 3714 5687 exemplari
3740 5640 3833 5677 suo
3855 5638 4022 5680 Graeco

2442 5686 2640 5753 tegerit,
2655 5695 2721 5752 an
2741 5695 2859 5753 vero
2881 5686 2983 5744 ipse
3002 5685 3236 5746 adjecerit
3253 5685 3632 5749 interpretando.
3662 5694 3717 5737 Ut
3737 5698 3793 5739 ut
3816 5705 3899 5743 res
3922 5702 4020 5753 est,

2442 5744 2545 5794 btec
2567 5744 2717 5793 seriei
2741 5752 2851 5793 sunt
2875 5744 3097 5795 consona.
