4130 6316
142 381 248 437 123

115 490 553 569 δΜακκαϐαίωνς
576 491 700 561 οὐχὶ
728 491 864 562 γυνὴ
886 486 986 563 ἦν;
1013 491 1132 561 οὐχὶ
1153 490 1292 544 ἐπτά
1309 489 1505 543 δέδωκε
1527 484 1721 544 παῖδας

147 574 296 645 [124]
325 572 403 644 τῷ
422 572 574 644 χορῷ
605 573 717 628 τῶν
749 576 949 643 άγίων;
986 574 1085 627 οὐκ
1114 570 1251 626 εἶδεν
1284 570 1479 633 αὐτοὺς
1515 583 1722 639 μαρτυ-

150 666 451 734 ρήσαντας;
485 665 586 734 οὐχ
618 668 860 738 εἱστήκει
888 668 1137 739 καθάπερ
1163 667 1286 737 δρος
1324 664 1400 735 μὴ
1428 659 1722 731 σαλευομέ-

145 774 209 825 νη
239 770 301 821 ις
336 758 437 827 οὐχ
462 761 709 829 εἱστήκει
743 761 861 813 καθ’
888 760 1115 814 ἕκαστον
1148 758 1325 813 αὐτῶν
1349 753 1720 828 μαρτυροῦσα,

146 848 236 901 καὶ
296 853 481 921 μήτηρ
535 850 845 921 μαρτύρων,
908 853 999 904 καὶ
1060 851 1286 913 ἑπτάκις
1340 845 1721 919 ἐμαρτύρησες

148 939 599 1010 Ιιασανιζομένων
635 942 744 1013 γάρ
782 942 1026 1007 ἐκείνων,
1056 941 1194 1011 αὑτὴ
1220 940 1318 1011 τὴν
1358 938 1570 1009 πληγὴν
1603 935 1723 990 ἐδέ-

146 1048 269 1101 χετο
288 1031 339 1089 δ.
384 1033 521 1087 Οὐδὲ
548 1034 659 1106 γὰρ
686 1034 911 1099 ἀπαθῶς
939 1034 1081 1088 οὕτω
1104 1034 1174 1087 τά
1203 1033 1461 1104 γινόμενα
1488 1028 1718 1100 ἐδέχετο·

150 1124 334 1195 μήτηρ
371 1125 484 1195 γὰρ
520 1121 609 1197 ἦν,
638 1127 856 1198 καὶτῆς
885 1126 1101 1197 φύσεως
1135 1127 1169 1198 ή
1198 1125 1355 1197 ὕϐρις
1381 1122 1481 1194 τὴν
1513 1119 1721 1176 οίκείαν

145 1215 372 1287 δύναμιν
409 1218 770 1273 ἐπεδείκνυτοο
801 1218 916 1272 ἀλλ’
946 1219 1048 1273 οὐκ
1077 1220 1311 1272 ἐνικᾶτο.
1332 1214 1588 1270 Θάλασσα
1611 1210 1721 1282 γὰρ

143 1302 208 1376 ἦν
256 1312 354 1362 καὶ
407 1310 647 1382 κύματα⁸
696 1311 811 1365 ἀλλ’
834 1311 1024 1383 ὥσπερ
1066 1315 1100 1383 ή
1144 1312 1387 1365 θάλασσα
1422 1306 1720 1380 μαινομένη

145 1402 491 1465 καταλύεται,
528 1402 671 1456 οὕτω
718 1402 812 1456 καὶ
865 1404 899 1474 ή
946 1401 1107 1471 φύσις
1145 1399 1465 1471 ἐγειρομένη
1506 1396 1586 1468 τῷ
1628 1395 1720 1466 φά-

144 1493 221 1560 εῳ
268 1492 365 1545 τοῦ
410 1492 547 1546 Θεοῦ
580 1493 911 1564 ἐχαλινοῦτο.
951 1492 1074 1556 Πῶς
1118 1492 1313 1555 αὐτοὺς
1353 1487 1538 1560 ἦλειψε
1562 1505 1577 1553 ;
1603 1487 1721 1551 πῶς

142 1586 338 1649 αὐτοὺς
377 1585 605 1656 ἔθρεψες
649 1588 767 1650 πῶς
804 1584 946 1639 ἐπτά
971 1586 1129 1649 ναοὺς
1171 1584 1249 1655 τῷ
1289 1581 1407 1653 Θεῷ
1445 1580 1721 1653 παρέστη-

144 1694 254 1740 σεν,
315 1677 639 1748 ἀνδριάντας
686 1676 945 1748 χρυσοῦς,
996 1675 1194 1748 μᾶλλον
1244 1675 1302 1728 δὲ
1363 1672 1459 1728 καὶ
1514 1670 1717 1745 χρυσοῦ

144 1769 506 1838 τιμιωτέρους
520 1787 538 1835 ;

206 1860 410 1926 γ¹.¹Ὂτι
425 1860 533 1931 γὰρ
553 1860 614 1913 06
629 1861 868 1914 10.0610v
885 1858 1101 1931 χρυσὸς,
1114 1856 1224 1913 οἷον
1237 1858 1381 1929 ψυχὴ
1400 1860 1716 1929 μαρτύρων,

140 1951 396 2020 πρόσεχε.
448 1951 703 2019 Είστήκει
733 1953 761 2005 6
785 1951 1066 2023 τύραννος,
1100 1951 1194 2005 καὶ
1228 1950 1331 2004 ὑπὸ
1370 1952 1498 2020 μιᾶς
1527 1966 1709 2018 γυναι-

138 2041 228 2104 x6;
250 2040 562 2112 ἡττώμενος
593 2042 875 2114 ἀνεχώρει.
922 2041 1157 2105 Ἐκεῖνος
1181 2042 1367 2105 ὅπλοις
1387 2040 1713 2111 ἐπολιόρκει,

137 2134 229 2185 καὶ
279 2132 418 2203 αῦτη
474 2134 757 2204 προθυμίᾳ
804 2134 1147 2204 περιεγένετο
1171 2150 1184 2163 ο
1239 2133 1444 2196 ἐκεῖνος
1484 2131 1715 2202 κάμινον

137 2223 333 2293 ἀνῆψε,
363 2225 456 2277 καὶ
491 2224 631 2294 αὕτη
668 2224 765 2295 τὴν
790 2224 987 2296 ἀρετήν
1016 2222 1111 2277 τοῦ
1141 2222 1448 2293 πνεύματος
1468 2238 1486 2253 ο
1507 2223 1715 2287 ἐκεῖνος

136 2315 494 2384 στρατόπεδον
521 2316 710 2382 ἐκίνει,
738 2316 831 2371 καὶ
866 2315 1002 2387 αὕτη
1033 2316 1170 2388 πρὸς
1202 2316 1463 2385 ἀγγέλους
1498 2313 1713 2387 μεθωρ-

137 2406 326 2474 μίζετο
344 2423 359 2438 ·
394 2407 542 2478 ἐώρα
564 2408 715 2461 κάτω
733 2408 823 2462 16v
841 2407 1121 2478 τύραννον,
1151 2407 1247 2461 καὶ
1272 2408 1469 2461 ἐνενόει
1487 2405 1580 2460 16v
1600 2406 1713 2461 ἀνω

133 2498 515 2567 βασιλεύοντα·
552 2500 702 2572 ἐώρα
730 2500 829 2563 τάς
857 2501 1008 2553 κάτω
1043 2500 1324 2569 βασάνους,
1357 2500 1452 2553 καὶ
1487 2499 1711 2569 ἠρίθμει

132 2588 195 2639 τὰ
236 2589 352 2642 ἀνω
379 2590 635 2659 βραϐεῖαο
677 2590 823 2660 ἐώρα
860 2589 958 2662 τὴν
1012 2590 1294 2662 παροῦσαν
1324 2590 1543 2645 κόλασιν
1565 2631 1580 2654 ,
1616 2591 1712 2644 καὶ

130 2679 332 2732 ἐνενόει
360 2681 458 2751 τήν
500 2680 799 2751 μέλλουσαν
832 2680 1147 2736 ἀθανασίαν.
1191 2681 1281 2734 Διὸ
1313 2681 1409 2735 καὶ
1437 2681 1465 2733 6
1500 2681 1710 2746 Παῦλος

130 2769 287 2837 ἔλεγε
306 2786 321 2799 ·
339 2771 433 2840 Μὴ
459 2774 854 2827 σκοπούντων
876 2771 1045 2842 ήμῶν
1066 2772 1138 2826 τὰ
1158 2773 1529 2842 βλεπόμενα,
1548 2774 1710 2827 ἀλλὰ

127 2860 196 2911 τὰ
217 2860 310 2928 μὴ
335 2862 705 2932 βλεπόμενα.
742 2863 828 2935 Μή
848 2882 899 2918 τι
921 2862 1149 2933 κώλυμα
1169 2863 1198 2915 6
1235 2864 1410 2933 γάμος
1447 2864 1663 2930 εγένετο
1686 2881 1702 2931 ς

128 2949 189 3000 Τί
221 2949 285 3003 δὲ
308 2950 334 3003 6
368 2950 596 3021 Πέτρος,
618 2954 651 3022 ὴ
685 2952 888 3023 κρηπὶς
909 2952 1007 3022 τῆς
1047 2952 1393 3023 Ἐκκλησίας,
1423 2954 1452 3004 6
1480 2953 1707 3023 μανικὸς

127 3040 358 3111 ἐραστὴς
382 3040 477 3093 τοῦ
509 3040 770 3113 Χριστοῦ,
806 3042 900 3098 καὶ
947 3043 1269 3109 ἀπαίδευτος
1311 3045 1388 3115 τῷ
1426 3046 1587 3116 λόγῳ,
1611 3046 1707 3098 καὶ

128 3133 371 3203 ρητόρων
437 3135 873 3205 περιγινόμενος,
920 3135 949 3187 6
991 3136 1227 3207 ἀμαθὴς,
1274 3137 1370 3189 καὶ
1397 3136 1705 3207 φιλοσόφων

126 3226 443 3298 ἀποφράξας
471 3229 733 3300 στόματα,
775 3231 804 3283 6
839 3229 936 3301 τὴν
982 3229 1297 3301 Ἑλληνικὴν
1333 3230 1523 3301 σοφίαν
1548 3241 1570 3269 ο
1605 3247 1706 3285 κα·-

125 3318 306 3390 θάπερ
334 3320 577 3391 ἀράχνην
610 3321 890 3385 διαλύσας,
923 3323 952 3374 6
972 3323 1069 3392 τὴν
1102 3322 1427 3393 οἰκουμένην
1457 3324 1706 3395 περιδρα-

128 3412 264 3481 μὼν,
296 3415 323 3466 6
343 3414 682 3484 σαγηνεύσας
713 3413 812 3485 τὴν
848 3413 1121 3468 θάλασσαν
1141 3456 1155 3481 ,
1191 3415 1287 3468 καὶ
1324 3414 1575 3481 ἀλιεύσας
1602 3415 1704 3488 τήν

123 3500 466 3574 οἰκουμένην,
501 3505 601 3558 οὐκ
640 3502 751 3575 εἶχε
775 3504 870 3559 καὶ
898 3497 1053 3569 οὗτος
1078 3507 1345 3574 γυναῖκας
1385 3505 1507 3570 Ναὶ,
1532 3502 1700 3577 εῖχεν.

127 3595 246 3647 Ὅτι
268 3595 324 3647 δὲ
348 3596 523 3666 ἔσχεν,
548 3597 777 3651 ἄκουσον
797 3595 891 3650 τοῦ
911 3596 1317 3666 εὐαγγελιστοῦ.
1337 3598 1401 3651 Τί
1424 3598 1480 3652 δέ
1504 3615 1666 3669 φησιν
1684 3614 1699 3663 ;

120 3684 421 3752 Εἰσῆλθεν
471 3690 505 3740 ὀ
551 3686 778 3754 Ἰησοῦς
804 3686 952 3754 πρὸς
988 3687 1103 3756 τὴν
1139 3689 1430 3755 πενθερὰν
1472 3688 1699 3756 Πέτρου

126 3776 583 3842 πυρέσσουσαν.
620 3777 790 3831 Ὅπου
819 3778 1074 3848 πενθερὰ,
1098 3780 1213 3832 ἐκεῖ
1233 3780 1326 3832 καὶ
1346 3778 1502 3847 γυνὴ,
1538 3775 1699 3832 ἐκεϊά

125 3869 214 3919 καί
243 3868 437 3938 γάμος.
464 3869 528 3921 Τί
559 3869 614 3921 δὲ
639 3870 669 3921 6
695 3869 957 3932 Φίλιππος
980 3888 995 3937 ;
1021 3871 1081 3923 06
1101 3870 1370 3941 τέσσαρας
1394 3869 1700 3941 θυγατέρας

122 3956 294 4029 εἶχενς
329 3960 507 4013 Ὅπου
544 3961 602 4014 δὲ
625 3960 888 4031 τέσσαρες
914 3961 1229 4032 θυγατέρες,
1256 3964 1372 4015 ἐκεῖ
1410 3965 1503 4016 καῖ
1536 3962 1696 4035 γυνὴ,

122 4049 209 4103 καὶ
245 4051 442 4120 γάμος.
490 4050 555 4103 Τί
587 4046 679 4104 οὖν
709 4051 737 4103 6
785 4052 1050 4121 Χριστός;
1086 4052 1217 4105 Ἀπὸ
1254 4051 1521 4122 παρθένου
1556 4053 1654 4124 μέν
1678 4068 1694 4085 ο

122 4142 232 4193 ἀλλ’
282 4146 363 4206 εἰς
399 4143 577 4213 γάμον
614 4143 944 4213 παρεγένετο
966 4181 983 4206 ,
1016 4144 1109 4196 καὶ
1144 4143 1315 4214 δῶρον
1345 4146 1692 4216 εἰσήνεγκενο

116 4234 232 4285 Οὐκ
278 4233 494 4301 ἔχουσι
523 4234 651 4303 γάρ,
699 4234 853 4303 φησὶ,
899 4230 1095 4288 οἷνον’
1155 4236 1247 4287 καὶ¹
1285 4236 1345 4288 τὸ
1390 4236 1530 4307 ὓδωρ
1555 4233 1695 4289 οἶνον

120 4325 359 4393 ἐποίησε,
388 4326 454 4394 τῇ
486 4324 757 4394 παρθενίᾳ
781 4322 872 4377 τὸν
904 4325 1079 4395 γάμον
1116 4325 1303 4394 τιμῶν,
1334 4329 1401 4397 τῇ
1428 4327 1608 4398 δωρεᾷ
1634 4327 1695 4379 τὸ

119 4418 348 4486 πρᾶγμα
403 4416 730 4486 θαυμάζων·
782 4418 869 4471 ἵνα
926 4416 1000 4487 μὴ
1052 4416 1312 4488 βδελύσσῃ
1345 4418 1436 4471 τὸν
1479 4419 1693 4488 γάμον,

114 4507 244 4559 ἀλλά
296 4511 459 4579 μισῇς
494 4520 518 4547 ε
566 4509 668 4579 τὴν
700 4510 975 4579 πορνείαν.
1016 4509 1107 4578 Τῷ
1147 4510 1266 4580 ὲμῷ
1304 4504 1555 4580 κινδύνῳν
1582 4510 1693 4578 ἐγὼ

114 4598 397 4667 ἐγγυῶμαι
428 4617 522 4652 σου
553 4601 655 4670 τὴν
685 4602 977 4671 σωτηρίαν,
1006 4600 1108 4654 κᾶν
1142 4603 1370 4669 γυναῖκα
1404 4600 1552 4673 ἐχῃς.

180 4689 423 4757 Πρόσεχε
457 4689 689 4758 σεαυτῷ.
725 4692 865 4760 Γυνὴ
892 4692 986 4742 ἐὰν
1006 4691 1302 4761 εὔχρηστός
1336 4694 1471 4759 ἐστι,
1502 4693 1691 4763 βοηθός

117 4794 201 4830 σου
228 4780 368 4830 ἐστί.
404 4780 469 4832 Τί
508 4775 601 4833 οὖν
627 4782 693 4834 ἂν
722 4782 794 4852 μὴ
895 4781 1223 4852 εῦχρηστοςς
1264 4782 1495 4852 Ποίησον
1522 4784 1689 4855 αὐτὴν

112 4870 427 4939 εὔχρηστον.
478 4872 569 4941 Μὴ
630 4872 729 4924 ούκ
788 4872 1030 4939 εγένοντο
1084 4872 1248 4925 καλαὶ
1298 4875 1548 4940 γυναῖκες
1596 4876 1689 4927 καί

114 4961 297 5026 κακαὶ,
345 4962 432 5014 ἵνα
472 4962 546 5033 μὴ
584 4962 712 5034 ἔχῃς
755 4964 1057 5035 πρόφασιν;
1087 4966 1313 5035 Ποταπὴ
1363 4966 1396 5035 ἡ
1441 4965 1533 5019 τοῦ
1571 4964 1687 5019 Ἰὼϐ

109 5050 203 5121 ἦνς
240 5054 309 5105 Ἠ
334 5052 392 5105 δὲ
433 5054 619 5124 Σάρρα
649 5054 785 5125 καλὴ
808 5051 896 5125 ἦν.
931 5056 1100 5122 Δείξω
1130 5074 1209 5109 σοι
1229 5059 1455 5124 γυναῖκα
1477 5057 1686 5128 φαύλην

114 5134 258 5207 [1‘25]
292 5137 387 5190 καὶ
406 5136 673 5205 πονηράν.
704 5138 818 5190 Οὐκ
838 5138 1036 5207 ἔϐλαψε
1054 5138 1144 5191 τὸν
1171 5138 1340 5208 ἄνδρα.
1370 5141 1403 5208 ή
1429 5141 1565 5210 γυνὴ
1588 5140 1681 5193 τοῦ

118 5228 254 5281 Ἰώϐ-
298 5228 515 5298 πονηρά
540 5224 608 5299 ἦν
646 5229 740 5281 καὶ
792 5230 994 5301 φαύλη,
1026 5231 1119 5285 καὶ
1171 5229 1509 5303 βλασφημεῖν
1538 5231 1684 5302 αὑτῷ

164 5446 189 5508 ἒ
213 5447 314 5493 Alii
339 5446 670 5508 σαλευόμενον.

158 5506 186 5571 l3
212 5509 315 5571 ᾼΙίὶ
332 5509 425 5571 τὴν
458 5506 640 5568 πληγὴν
667 5507 844 5571 ἔφερεν.

134 5569 183 5636 ,ξ
211 5569 312 5617 Alii
332 5567 608 5636 Ἱξλληνικήν
629 5567 895 5636 tigridisin}
912 5569 1030 5636 Qua}
1051 5573 1202 5621 lectio
1220 5574 1522 5635 praeferenda
1544 5582 1680 5627 certe

108 5629 357 5697 ﬁdelia-ur
378 5629 468 5677 hoc
488 5630 612 5697 loco.
634 5629 821 5697 Ῡειιυηι
847 5631 1130 5697 M_or.,Sav.,
1156 5639 1207 5683 et.
1224 5629 1453 5697 blerique
1474 5652 1586 5687 mss.
1602 5655 1681 5687 00-

106 5690 201 5754 τίαν
227 5690 432 5754 habent,
458 5696 609 5754 atque
631 5693 699 5754 ila
723 5694 847 5754 legit
868 5693 1107 5743 Erasmus.

161 5750 186 5788 ἀ
205 5750 559 5823 Al‘iquot‘msg;
578 5752 676 5823 ἐκεῖ
950 5755 1111 5823 "91106
1133 5758 1271 5823 γυνὴ,
1307 5758 1420 5818 ἐκεῖ,
1443 5767 1586 5823 u'quc
1612 5764 1677 5811 ita

106 5812 387 5869 legendum.
414 5812 468 5859 ln
516 5813 689 5863 Morel.
718 5820 766 5862 ct
791 5812 938 5863 Savil.
968 5817 1085 5864 ὅπου
1107 5812 1218 5877 γυνή
1238 5812 1401 5869 deest.

159 5875 180 5901 '
205 5874 334 5919 Tres
355 5886 465 5921 mss.
489 5875 610 5921 ἀλλά
634 5876 853 5921 μισήσῃς.

277 5888 334 5918 ας
355 5888 465 5921 ηιες.
489 5888 610 5921 ἀλλα
634 5888 853 5922 μισήσῃς.

160 5891 178 5901 -
216 5891 234 5919 ι
250 5891 334 5918 res
355 5891 465 5921 mss.
489 5891 610 5921 ἀλλα
634 5891 853 5937 μισησῃς.

160 5930 179 5969 ί
206 5933 343 5982 Unus
362 5936 439 5982 καὶ
462 5951 517 5983 το
542 5936 728 5997 δένδρον
747 5937 1092 6000 ἀσφαλέστερον
1111 5940 1307 5999 ἐγένετο.

1119 373 1186 431 ην
1224 370 1452 438 uno,
1485 364 1621 420 VIDI
1657 359 2001 434 DOMINUII,
2037 363 2271 422 HOMIL.
2313 364 2405 421 IV.

3284 369 3395 425 124

1831 482 2233 539 συνεϐούλευσε.
2296 483 2361 536 Τί
2409 478 2536 547 οὖν;
2594 479 2769 534 ἔσεισε
2820 477 2912 532 τὸν
2955 474 3189 547 πύργον;
3231 474 3400 543 κατή-

1827 591 1985 644 νεγκε
2000 576 2091 629 16v
2106 575 2385 647 ἀδάμαντα
2400 592 2416 641 ;
2434 572 2779 644 περιεγένετο
2796 570 2895 641 τῆς
2913 568 3115 639 πέτρας
3135 584 3150 633 ;
3174 565 3401 637 ἔκρουσε

1826 666 1917 719 16v
1936 666 2271 738 στρατιώτην
2296 685 2312 736 ;
2340 666 2589 738 διέτρησε
2620 665 2682 719 16
2712 663 2952 732 σκάφος;
2982 656 3309 730 ἐξερῤίζωσε
3337 657 3400 711 τὸ

1825 756 2070 828 δένδρον;
2100 757 2267 812 Οὐδὲν
2288 756 2491 810 τούτων
2508 772 2520 786 ·
2544 754 2657 809 ἀλλ’
2682 753 2866 822 ἐκείνη
2889 750 3282 823 προσέκρουσε,
3307 764 3400 801 και

1824 847 1853 899 6
1877 847 2083 919 πύργος
2132 848 2532 919 ἀσφαλέστερος
2562 848 2770 915 ἐγίνετο
2801 842 2822 883 ί
2842 861 2855 875 ·
2901 842 3040 913 αὐτὴ
3072 841 3140 894 τά
3180 839 3403 909 κύματα

1824 938 2031 1009 ἤγειρε,
2054 940 2149 993 καὶ
2173 939 2235 992 16
2263 938 2445 993 πλοῖον
2459 937 2521 991 οὐ
2545 936 2979 999 κατεποντίζετο,
2998 932 3112 987 ἀλλ’
3136 930 3194 996 ἐξ
3213 929 3401 1001 οὐρίας

1823 1031 2013 1106 ἔπλεεν
2031 1049 2046 1064 ο
2077 1034 2106 1085 6
2132 1030 2343 1103 καρπὸς
2367 1029 2531 1085 αὑτοῦ
2553 1029 2848 1101 ἐτρυγήθη,
2872 1025 2967 1081 καὶ
2987 1025 3047 1080 16
3071 1024 3281 1095 δένδρον
3301 1022 3402 1075 οὐκ

1824 1123 2086 1194 ἐσαλεύθη
2107 1139 2123 1155 ο
2152 1122 2221 1177 τά
2249 1121 2424 1192 φύλλα
2452 1119 2636 1187 ἔπεσε,
2670 1119 2765 1175 καὶ¹
2800 1120 2830 1188 ή
2875 1117 2999 1189 ῥίζα
3031 1115 3223 1186 ἔμενεν
3263 1111 3399 1166 ἀσά-

1822 1214 2029 1280 λευτος.
2060 1216 2243 1270 Ταῦτα
2270 1214 2412 1284 λέγω
2430 1253 2446 1279 ,
2475 1214 2563 1268 ἵνα
2601 1213 2789 1285 μηδεὶς
2829 1208 3232 1281 προφασίζηται
3260 1208 3287 1246 8
3302 1222 3412 1258 και

1824 1307 1949 1361 κίαν
1966 1309 2240 1377 γυναικός.
2261 1307 2443 1377 Φαύλη
2468 1304 2617 1371 ἐστί;
2648 1304 2950 1375 Διόρθωσον
2981 1300 3173 1371 αὐτήν.
3214 1297 3398 1359 Ἀλλὰ,

1823 1401 1986 1471 φησὶν
2008 1442 2024 1465 ,
2059 1402 2169 1456 ἀπὸ
2198 1400 2528 1473 παραδείσου
2568 1415 2635 1468 με
2672 1395 2943 1462 ἐξέϐαλεν.
2997 1392 3160 1447 Ἀλλά
3196 1392 3291 1445 καὶ¹
3321 1394 3399 1455 είς

1822 1494 2085 1565 οὐρανοὺς
2115 1511 2174 1546 σε
2189 1492 2499 1565 ἐξήνεγκεν.
2556 1489 2621 1544 Ἦ
2650 1491 2788 1559 αὑτὴ
2820 1487 2918 1558 μὲν
2940 1487 3119 1555 φύσις,
3146 1484 3399 1555 διάφορος

1820 1581 1877 1635 δὲ
1907 1584 1940 1653 ή
1979 1582 2194 1654 γνώμη.
2250 1582 2390 1636 Ἀλλ’
2420 1584 2453 1654 ὴ
2491 1582 2585 1635 τοῦ
2632 1580 2750 1634 Ἰὼϐ
2786 1577 2997 1649 φαύλη;
3044 1574 3183 1629 Ἀλλ’
3212 1577 3245 1644 ή
3282 1575 3398 1627 Σωρ

1824 1674 1990 1729 σάννα
2034 1675 2192 1747 καλή.
2242 1675 2381 1729 Ἀλλ’
2426 1678 2460 1747 ἡ
2498 1673 2771 1743 Αἰγυπτία
2806 1671 3136 1733 ἀκόλαστος;
3186 1665 3325 1718 Ἀλλ’
3365 1667 3398 1735 ή

1822 1761 2005 1833 Σάρρα
2054 1765 2278 1834 κοσμία.
2330 1759 2483 1827 Εἶδες
2516 1762 2763 1834 ἐκείνην;
2818 1760 2990 1812 Βλέπε
3036 1758 3130 1811 καὶ
3158 1756 3395 1829 ταύτην·

1819 1855 1943 1907 ἐπεὶ
1974 1855 2067 1909 καὶ⁵
2104 1857 2163 1910 ἐν
2189 1857 2447 1927 ἀνδράσιν
2472 1857 2521 1909 οἱ
2556 1856 2652 1927 μὲν
2683 1852 2897 1923 φαῦλοι,
2929 1852 2979 1904 οί
3007 1849 3063 1904 δὲ
3097 1851 3395 1905 σπουδαῖοι.

1818 1937 1999 2000 Καλὸς
2025 1941 2054 1992 6
2099 1939 2315 2011 Ἰωσὴφ,
2346 1942 2394 1993 οί
2424 1940 2481 1993 δὲ
2513 1936 2871 2008 πρεσϐύτεροι
2904 1934 3211 1987 ἀκόλαστοι.
3245 1928 3397 1997 Εἶδες

1820 2030 2095 2102 πανταχοῦ
2108 2033 2307 2086 κακίαν
2328 2032 2420 2085 καὶ
2449 2029 2667 2100 ἀρετὴν,
2691 2028 2764 2099 μὴ
2795 2030 2859 2099 τῇ
2886 2025 3042 2096 φύσει
3067 2025 3239 2078 ταῦτα
3285 2042 3397 2095 κρι-

1819 2122 2037 2193 νόμενα,
2069 2124 2204 2177 ἀλλὰ
2229 2127 2297 2195 τῇ
2337 2124 2530 2195 γνώμῃ
2556 2120 2927 2190 διαιρούμενα.
2956 2119 3045 2188 Μή
3076 2134 3164 2187 μοι
3195 2116 3399 2185 προφά-

1818 2232 1931 2279 σεις
1968 2216 2325 2287 προφασίζου.
2370 2214 2509 2268 Ἀλλ’
2543 2214 2637 2266 ἐπὶ
2682 2212 2749 2266 τά
2794 2212 2929 2283 χρέα
2962 2211 3053 2265 καὶ
3086 2211 3186 2280 τὴν
3226 2228 3396 2264 κατα-

1817 2304 1978 2375 ϐολὴν
2013 2306 2349 2376 σπεύδωμεν.
2399 2306 2509 2360 Καὶ
2548 2304 2785 2373 ἐγένετο
2826 2302 2932 2356 τοῦ
2960 2301 3238 2357 ἐνιαυτοῦ
3260 2341 3275 2365 ,
3321 2296 3395 2356 οὗ

1815 2396 2117 2450 ἀπέθανεν
2155 2396 2341 2463 Ὀζίας
2360 2399 2392 2452 ὁ
2409 2395 2729 2462 βασιλεύς.
2764 2393 2957 2447 Μέλλω
2972 2393 3149 2461 λέγειν
3181 2392 3268 2446 διά
3286 2392 3338 2445 τί
3366 2395 3395 2445 6

1816 2489 2101 2559 προφήτης
2133 2487 2549 2557 ἐπισημαίνεται
2580 2487 2672 2539 τὸν
2696 2485 2919 2556 καιρόν·
2951 2482 3253 2556 ἐζητοῦμεν
3284 2483 3395 2554 γάρ

1815 2579 1958 2648 χθὲς,
1987 2580 2038 2633 τί
2070 2580 2268 2651 δήποτε
2299 2580 2406 2633 τῶν
2445 2578 2739 2651 προφητῶν
2773 2578 3029 2633 ἁπάντων
3072 2576 3164 2630 τὸν
3204 2578 3394 2647 καιρὸν

1811 2674 1910 2743 τῆς
1942 2673 2085 2745 ζωῆς
2127 2673 2234 2726 τῶν
2280 2672 2541 2743 βασιλέων
2578 2672 2932 2743 ἱστορούντων
2980 2671 3045 2735 1³,
3089 2672 3184 2725 καὶ
3225 2672 3389 2727 αὑτοῦ

1813 2764 2023 2830 τούτου,
2059 2764 2291 2819 ἐνταῦθα
2321 2765 2382 2817 16
2412 2763 2532 2827 ἔθος
2557 2764 2722 2834 ἐλύθη
2743 2781 2756 2795 ο
2784 2765 2879 2819 καὶ
2906 2765 2968 2818 06
2992 2764 3160 2832 λέγει,
3190 2764 3249 2816 ἐν
3270 2766 3391 2828 ταῖς

1813 2854 2048 2926 ἡμέραις
2090 2856 2263 2921 Ὀζίου
2288 2896 2303 2919 ,
2348 2856 2463 2909 ἀλλ’
2498 2857 2556 2908 ἐν
2606 2858 2671 2927 τῇ
2722 2855 2945 2927 τελευτῇ
2992 2855 3186 2921 Ὀζίου.
3221 2856 3391 2908 Τοῦτο

1811 2945 1969 3002 λῦσαι
1999 2946 2256 3019 βούλομαι
2288 2948 2542 3019 σήμερον.
2580 2947 2768 3021 Είγάρ
2802 2949 2896 3001 καὶ
2928 2947 3060 3001 πολὺ
3090 2948 3150 3003 16
3176 2948 3385 3019 καῦμα,

1811 3038 1949 3094 ἀλλά
1974 3039 2174 3109 μείζων
2202 3041 2236 3109 ἡ
2268 3040 2455 3109 δρόσος
2492 3039 2587 3092 τοῦ
2626 3039 2783 3108 λόγου
2809 3057 2821 3071 ο
2856 3042 2905 3091 εί
2947 3040 3055 3111 γὰρ
3092 3039 3332 3110 βιάζεται
3363 3043 3380 3081 ι

1809 3131 1869 3184 16
1904 3130 2062 3201 σῶμα
2099 3130 2549 3201 μαλακιζόμενον,
2579 3130 2695 3185 ἀλλ’
2714 3131 3041 3202 ἀκμάζουσα
3065 3133 3097 3203 ἠ
3122 3130 3269 3202 ψυχὴ
3295 3132 3388 3185 εὐ-

1808 3223 2115 3294 φραίνεται.
2143 3223 2234 3294 Μή
2269 3238 2356 3290 μοι
2379 3221 2503 3290 λέγε
2530 3222 2719 3293 καῦμα
2746 3224 2838 3277 καὶ
2864 3224 3094 3295 ίδρῶταυ
3120 3221 3213 3278 ἐὰν
3233 3222 3389 3296 ἱδρώε-

1811 3331 1911 3387 σῃς
1948 3315 2026 3386 τῷ
2058 3315 2293 3387 σώματι,
2331 3319 2562 3388 σμήχεις
2592 3335 2686 3371 σου
2729 3317 2826 3388 τὴν
2862 3316 3063 3388 ψυχήν.
3109 3318 3171 3370 Ol
3200 3317 3387 3379 παῖδες

1807 3408 1857 3462 οἱ
1883 3411 2030 3481 τρεῖς
2053 3409 2110 3463 ἐν
2138 3411 2355 3481 καμίνῳ
2396 3405 2566 3481 ἦσαν,
2598 3411 2693 3465 καὶ
2719 3410 2871 3464 οὐδὲν
2908 3408 3143 3479 ἔπασχον
3165 3450 3179 3474 ,
3206 3408 3321 3462 ἀλλ’
3351 3409 3387 3479 ή

1807 3501 2038 3572 κάμινος
2062 3501 2251 3574 δρόσος
2279 3502 2516 3570 ἐγένετο.
2552 3502 2716 3555 Ὅταν
2751 3501 3010 3571 ἐννοήσῃς
3040 3500 3265 3571 ἱδρῶτα,
3300 3501 3387 3553 ἐν·-

1806 3592 1914 3645 νόει
1937 3595 2031 3645 καὶ
2062 3594 2151 3646 τὸν
2179 3592 2367 3663 μισθὸν
2398 3592 2491 3645 καὶ
2520 3592 2614 3661 τὴν
2638 3592 2891 3662 ἀμοιϐήν.
2917 3592 3027 3645 Καὶ
3048 3592 3156 3661 γὰρ
3184 3590 3386 3661 κολυμ-

1806 3682 1978 3755 ϐητὴς
2010 3684 2291 3755 ἅνθρωπος
2332 3683 2398 3737 δι’
2434 3682 2585 3737 οὐδὲν
2622 3682 2749 3738 ἀλλο
2794 3683 2970 3753 τολμᾷ
3009 3684 3089 3745 είς
3129 3682 3189 3735 τὸ
3224 3682 3385 3753 βάθος

1806 3776 1997 3831 ἐαυτὸν
2040 3776 2367 3831 καταϐαλεῖν
2412 3776 2521 3831 τῶν
2553 3776 2793 3842 ὑδάτων,
2821 3775 2854 3847 ἢ
2888 3773 2977 3830 διά
3014 3776 3379 3847 μαργαρίτας,

1802 3869 1894 3921 τοῦ
1926 3868 2166 3940 πολέμου
2185 3869 2284 3941 τὴν
2314 3870 2586 3924 ὑπόθεσιν.
2636 3870 2772 3923 Ἀλλ’
2808 3870 2868 3921 06
2893 3870 2991 3940 τὴν
3022 3868 3152 3938 ὕλην
3172 3869 3382 3923 διαϐάλ-

1803 3959 1898 4027 λω,
1935 3960 2074 4015 ἀλλά
2094 3961 2191 4033 τὴν
2212 3963 2508 4016 ἀκόλαστον
2537 3960 2779 4031 γνώμην.
2823 3961 2932 4013 Καὶ
2958 3962 3021 4013 σὺ
3042 4000 3055 4025 ,
3093 3961 3179 4014 ἵνα
3208 3960 3381 4033 λάϐῃς

1803 4050 2073 4121 θησαυρὸν
2123 4052 2416 4121 ἀνελλιπῆ,
2470 4053 2563 4105 καὶ
2602 4051 2873 4123 φυτεύσῃς
2918 4050 3159 4121 ἄμπελον
3211 4051 3269 4103 ἐν
3310 4053 3377 4121 τῇ

1801 4144 1945 4212 ψυχῇ
1979 4157 2093 4210 σου,
2136 4143 2236 4196 οὐκ
2264 4143 2433 4213 ἀνέχῃ
2467 4142 2776 4214 καύματος,
2806 4141 2924 4195 οὐδὲ
2969 4142 3221 4211 ίδρῶτος;
3263 4143 3375 4211 Οὐχ

1801 4233 1933 4303 δρᾷς
1959 4233 2087 4295 τοὺς
2116 4235 2174 4285 ἐν
2216 4233 2427 4304 θεάτρῳ
2472 4234 2833 4305 καθημένους,
2877 4233 2993 4295 πῶς
3030 4233 3249 4303 ἱδρῶσι,
3281 4234 3375 4286 καὶ

1801 4326 1979 4394 γυμνῇ
2006 4326 2069 4394 τῇ
2104 4324 2312 4395 κεφαλῇ
2341 4326 2439 4394 τὴν
2480 4326 2672 4378 ἀκτῖνα
2700 4326 2963 4393 δέχονται,
2994 4324 3081 4376 ἵνα
3112 4324 3373 4391 γένωνται

1801 4415 2031 4469 θανάτου
2057 4418 2411 4487 αἰχμάλωτοι,
2441 4418 2525 4469 ἵνα
2550 4419 2753 4488 πόρνης
2771 4416 2943 4470 δοῦλοι
2960 4435 2975 4483 ;
2995 4418 3085 4479 Είς
3100 4417 3374 4471 ἀπώλειαν

1800 4510 1995 4561 ἐκεῖνοι
2024 4509 2310 4578 κάμνουσι,
2340 4510 2433 4562 καὶ
2466 4510 2529 4561 σὺ
2555 4512 2633 4572 εἰς
2659 4509 2927 4579 σωτηρίαν
2949 4510 3147 4581 ἐκλύῃς
3187 4510 3375 4582 Ἀθλη-

1797 4599 1893 4668 τὴς
1915 4596 1983 4663 εἴ,
2007 4601 2100 4652 καὶ
2121 4600 2473 4670 στρατιώτης.
2498 4599 2591 4662 Τίς
2613 4595 2703 4653 οὖν
2726 4602 2871 4653 ἐστιν
2891 4603 2918 4653 6
2949 4601 3127 4665 Ὀζίας
3146 4603 3372 4665 ἐκεῖνος,

1800 4689 1951 4761 [1‘26]
1981 4691 2075 4744 ml.
2102 4692 2189 4745 διὰ
2218 4698 2269 4744 τί
2302 4693 2398 4763 τὴν
2440 4693 2695 4764 τελευτὴν
2741 4693 2905 4746 αὑτοῦ
2955 4693 3155 4764 ταύτην
3185 4690 3370 4758 εἶπενς

1798 4776 1966 4844 Οὗτος
1989 4784 2016 4834 6
2061 4784 2238 4847 Ὀζίας
2281 4783 2530 4854 βασιλεὺς
2559 4781 2625 4855 ἦν
2646 4826 2659 4849 ,
2694 4786 2789 4840 καὶ
2822 4784 2957 4855 ἀνὴρ
3001 4785 3205 4847 δίκαιος
3226 4824 3240 4849 ,
3279 4787 3373 4838 καὶ

1796 4872 2011 4937 πολλοῖς
2036 4876 2219 4945 κομῶν
2245 4880 2356 4940 τοῖς
2385 4876 2801 4948 κατορθώμασιν
2822 4892 2833 4906 ’
2858 4877 2971 4930 ἀλλ’
2999 4876 3220 4946 ὕστερόν
3242 4894 3372 4929 ποτε

1794 4969 1872 5030 εἰς
1899 4967 2153 5021 ἀπόνοιαν
2185 4964 2382 5039 ἦλθεν,
2428 4971 2506 5032 είς
2556 4969 2811 5023 ἀπόνοιαν
2833 5008 2846 5029 ,
2882 4969 2979 5039 τὴν
3017 4968 3227 5038 μητέρα
3262 4969 3371 5023 τῶν

1793 5057 1996 5121 κακῶν,
2027 5061 2106 5121 είς
2133 5060 2473 5125 ἀλαζονείαν,
2503 5062 2601 5130 τὴν
2635 5060 2876 5129 θορύϐων
2912 5059 3187 5129 γέμουσαν
3221 5058 3267 5125 i,
3293 5064 3371 5123 εἰς

1792 5150 2186 5219 ὑπερηφανίαν,
2223 5152 2319 5224 τὴν
2352 5152 2626 5205 ἀπώλειαν
2650 5151 2743 5203 τοῦ
2770 5150 3035 5205 διαϐόλου.
3068 5152 3232 5206 Οὐδὲν
3257 5151 3368 5222 γάρ

1790 5240 2044 5305 ἀπονοίας
2076 5246 2285 5313 χεῖρονυ
2322 5243 2407 5296 διὰ
2436 5241 2593 5295 τοῦτο
2612 5244 2707 5296 καὶ
2738 5243 2828 5295 τὸν
2860 5243 3017 5312 λόγον
3049 5246 3267 5300 ἅπαντα
3289 5247 3365 5307 είς

1848 5460 1872 5519 β
1898 5455 1991 5519 Alii
2016 5457 2380 5519 προφασίσηται.

1822 5581 1833 5593 ,
1849 5516 1875 5554 ὴ
1904 5518 2037 5566 Unus
2055 5516 2294 5591 βασιλέων
2317 5519 2597 5577 δηλούντων.
2622 5519 2773 5568 Savll.
2805 5520 2850 5567 in
2875 5521 3095 5580 margine
3119 5521 3213 5568 τῶν
3230 5522 3369 5583 βασι-

1784 5592 1901 5628 λεων
1959 5596 2242 5639 εμνημενων.

1851 5642 1866 5677 ί
1902 5596 2034 5687 [llius
2062 5642 2167 5688 cod.
2199 5644 2237 5689 εὶ
2264 5643 2344 5688 καὶ
2379 5642 2614 5749 Ριάζεται,
2661 5642 2840 5688 οῐηὶεειο
2883 5641 2990 5703 γάρ,
3013 5647 3061 5686 et
3091 5644 3161 5688 sic
3183 5642 3365 5697 legisse

1785 5704 1977 5748 videtur
2020 5701 2263 5749 Erasmus.
2292 5702 2375 5749 lb'u
2404 5742 2409 5747 .
2438 5703 2539 5749 ἀ>λ’
2584 5704 2779 5749 ἀκμάζει
2803 5705 2831 5749 ἡ
2860 5704 2984 5749 ψυνή
3013 5703 3361 5749 ε-ὔοοαινοιιένη.

1785 5704 1977 5748 videtur
2020 5701 2263 5749 Erasmus.
2292 5701 2409 5750 lbid.
2438 5703 2539 5749 ἀλλ’
2584 5704 2779 5763 ἀκμάζει
2803 5705 2831 5757 ἡ
2860 5701 2984 5761 ψυχὴ
3013 5703 3361 5763 εὐφραινομένη.

1784 5763 1936 5809 I'aulo
1961 5769 2069 5821 post
2103 5780 2193 5810 σου
2226 5765 2310 5819 τὴν
2336 5763 2557 5811 διάνοιαν.
2587 5768 2663 5811 Οἱ.
2695 5762 2819 5810 Infra
2864 5769 2963 5810 [res
2989 5776 3101 5810 mss.
3130 5764 3364 5810 κατατολ-

1785 5829 1865 5885 μᾷ,
1889 5828 1937 5869 et
1964 5837 2071 5869 mox
2102 5825 2338 5881 ἐμϐαλεῖν.

1856 5887 1867 5933 l
1906 5884 2007 5931 Duo
2036 5886 2304 5948 ἀλαζονείαν
2328 5886 2419 5932 τῶν
2441 5885 2620 5948 θορύϐῳ
2644 5885 2918 5932 νοσούντων.
2954 5885 3087 5933 Unus
3115 5884 3262 5933 habet
3285 5885 3363 5931 τὸν

1782 5946 1971 6007 θόρυϐον
1995 5946 2273 5993 νοσούντων.
