4130 6316
732 315 846 373 125

734 429 892 488 τοῦτο
917 428 1378 502 κατηναλῶσαμεν
1403 432 1550 502 χθὲς,
1582 433 1680 505 τὴν
1704 434 1964 491 ἀπόνοιαν
1988 437 2308 508 καθαιροῦν-

735 535 845 582 τες,
873 516 971 578 καὶ
1003 514 1495 586 ταπεινοφροσύνην
1524 516 1880 582 διδάσκοντες.

804 600 846 654 δ’
882 599 1034 653 Εἱπω
1056 616 1158 662 σοι,
1179 598 1344 651 πόσον
1373 599 1577 669 ἀγαθὸν
1596 601 2087 673 ταπεινοφροσύνη,
2107 605 2198 656 καὶ
2215 604 2313 657 πό-

738 702 830 740 σον
856 685 1023 738 κακὸν
1057 684 1322 750 ἀπόνοια;
1363 683 1714 756 ’Λμαρτωλὺς
1743 684 1952 740 δίκαιον
1990 687 2258 755 ἐνίκησεν,
2283 687 2312 738 ό

733 769 970 839 τελώνης
995 767 1085 820 τὸν
1105 767 1415 838 Φαρισαῖον,
1454 769 1548 821 καὶ
1589 768 1808 838 ῥήματα
1839 769 2015 837 ἔργων
2061 770 2310 840 περιεγέ-

733 870 905 906 νοντο.
941 851 1064 915 Πῶς
1110 852 1358 922 ρήματα;
1405 851 1462 903 '0
1503 850 1740 922 τελώνης
1782 851 1930 918 λέγει
1984 867 1998 882 ·
2036 852 2096 907 '0
2128 852 2308 920 Θεὸς,

734 935 1010 1002 ίλὰσθητί
1045 951 1147 1004 μοι
1183 934 1263 999 τῷ
1307 931 1649 1001 ἁμαρτωλῷ.
1704 933 1761 988 '0
1805 936 2097 1003 Φαρισαῖος
2124 933 2307 1003 λέγει·

736 1020 858 1071 Οὐκ
887 1018 1002 1086 εἱμὶ
1029 1018 1110 1082 ὡς
1148 1019 1202 1070 ol
1237 1016 1439 1071 λοιποὶ
1478 1014 1594 1069 τῶν
1617 1016 1942 1085 ἀνθρώπων
1967 1058 1981 1081 ,
2008 1017 2206 1084 ἅρπαξ
2230 1058 2243 1080 ,
2270 1017 2308 1086 ἣ

732 1101 1117 1168 πλεονέκτης.
1159 1100 1318 1153 Ἀλλά
1349 1100 1438 1166 τίς
1472 1101 1758 1167 Νηστεύω
1797 1101 1892 1166 δὶς
1921 1100 2028 1169 τῆς
2070 1102 2311 1171 ἑϐδομά-

732 1186 837 1251 δος
863 1197 890 1225 ι
911 1225 926 1251 ,
948 1183 1290 1239 ἀποδεκατῶ
1310 1201 1430 1254 μου
1451 1183 1523 1236 τὰ
1545 1182 1911 1253 ὑπάρχοντα.
1951 1184 2008 1238 Ὀ
2026 1187 2310 1255 Φαρισαῖος

734 1270 871 1339 ἔργα
901 1264 1442 1337 έδειξξδικαιοσύνης
1465 1285 1480 1300 ·
1509 1268 1536 1320 ό
1554 1266 1790 1338 τελώνης
1814 1269 2035 1340 ῥήματα
2067 1266 2187 1322 εἷπε
2213 1287 2310 1321 τα-

735 1352 1184 1427 πεινοφροσύνης,
1224 1351 1316 1404 καὶ
1356 1351 1502 1419 λόγοι
1534 1350 1712 1421 ἔργων
1758 1353 2170 1423 περιεγένοντο,
2218 1353 2310 1406 καὶ

731 1439 761 1489 6
813 1435 1065 1500 τοσοῦτος
1122 1435 1393 1506 θησαυρὸς
1443 1433 1780 1515 ὲξεφυσήθη,
1833 1435 1929 1488 καὶ
1976 1436 2008 1506 ή
2075 1435 2307 1505 τοσαύτη

734 1521 893 1574 πενία
947 1521 1028 1582 εἱς
1066 1519 1293 1574 πλοῦτον
1357 1514 1680 1590 μετεϐλήθη.
1733 1514 1940 1572 Ἦλθον
1998 1517 2091 1572 δύο
2151 1517 2311 1570 πλοῖα.

732 1610 922 1676 ἔχοντα
972 1605 1169 1674 γόμονο
1213 1602 1460 1673 εἰσῆλθον
1505 1603 1791 1675 ἀμφότερα
1835 1604 1915 1666 εἱς
1949 1601 2039 1657 τὸν
2075 1602 2266 1673 λιμένα
2291 1618 2305 1631 ο

733 1690 848 1746 ἀλλ’
873 1692 902 1745 6
929 1687 1165 1760 τελώνης
1195 1687 1378 1750 καλῶς
1409 1686 1487 1757 τῷ
1515 1686 1694 1758 λιμένι
1733 1687 2124 1760 προσωρμίσθη
2144 1729 2158 1754 ,
2199 1688 2228 1741 6
2252 1686 2309 1740 δὲ

729 1777 1023 1847 Φαρισαῖος
1049 1773 1303 1841 ναυάγιον
1336 1771 1627 1842 ὑπέμεινεν
1647 1811 1663 1835 ,
1692 1773 1779 1825 ἵνα
1806 1771 1984 1844 μάθῃς
2009 1773 2176 1825 πόσον
2213 1790 2310 1826 κα-

732 1861 828 1914 κὸν
851 1860 886 1930 ἡ
920 1858 1164 1912 ἀπόνοια.
1204 1858 1422 1918 Δίκαιος
1439 1852 1522 1922 el;
1543 1855 1636 1928 Μὴ
1670 1855 2012 1927 ταπεινώσῃς
2042 1856 2133 1910 τὸν
2153 1855 2310 1910 ἀδελ-

733 1943 834 2006 φόν
865 1958 983 1996 σου.
1013 1940 1204 2011 Κομᾷς
1227 1937 1646 2010 κατορθώμασι;
1673 1939 1766 2009 Μὴ
1794 1937 2059 2010 όνειδίσῃς
2077 1937 2155 2008 τῷ
2174 1938 2310 2010 πλη-

735 2025 871 2085 σίον,
892 2024 987 2078 καὶ
1014 2022 1290 2095 ὑποτέμῃς
1321 2039 1415 2074 σου
1440 2022 1502 2075 :6
1520 2019 1813 2092 ἐγκώμιον.
1848 2021 2012 2074 Ὅσον
2044 2019 2215 2090 μέγας
2238 2017 2306 2086 εἱ,

731 2108 986 2165 τοσοῦτον
1019 2105 1278 2160 ταπείνου
1313 2105 1530 2159 σαυτόν.
1571 2104 1681 2157 Kal
1731 2103 1964 2174 πρόσεχε
2010 2103 2128 2174 μετ’
2153 2104 2309 2174 ἀκρι-

731 2185 888 2256 ϐἑίας
916 2191 995 2262 τῷ
1021 2189 1185 2260 λόγῳ,
1231 2187 1504 2258 ἀγαπητέ.
1548 2185 1763 2241 Μᾶλλον
1804 2186 1834 2240 6
1864 2187 2066 2250 δίκαιος
2107 2185 2307 2256 ὀφείλει

732 2274 1021 2344 φοϐεῖσθαι
1060 2273 1160 2344 τὴν
1189 2271 1474 2338 ἀπόνοιαν,
1514 2269 1547 2340 ἢ
1580 2271 1610 2323 6
1648 2270 2000 2342 ἁμαρτωλός·
2029 2269 2187 2324 τοῦτο
2216 2271 2309 2323 καὶ

730 2358 860 2430 χθὲς
888 2355 1043 2410 εἶπον
1061 2395 1076 2419 ,
1104 2355 1198 2408 καὶ
1225 2354 1466 2424 τήμερον
1498 2351 1641 2420 λέγω
1671 2352 1760 2406 διὰ
1796 2355 1922 2416 τοὺς
1949 2352 2074 2422 χθὲς
2096 2351 2308 2405 ἀπολει-

732 2442 968 2511 φθέντας
986 2458 1001 2472 ·
1024 2439 1157 2494 διότι
1181 2443 1210 2493 6
1231 2435 1554 2508 ἁμαρτωλὸς
1573 2435 1690 2507 ἔχει
1713 2436 1774 2490 :6
1793 2437 2029 2500 συνειδὸς
2051 2436 2264 2507 ἀνάγκη
2280 2436 2308 2476 b

731 2525 1025 2589 ταπεινὸν,
1081 2525 1111 2576 6
1165 2521 1224 2576 δὲ
1271 2520 1480 2582 δίκαιος
1532 2519 1813 2590 ἐπαίρεται
1870 2517 2302 2590 κατορθώμασιν.

730 2611 946 2681 Ὠσπερ
989 2602 1083 2662 οὖν
1135 2606 1228 2660 ἐπὶ
1270 2604 1380 2658 τῶν
1408 2603 1643 2670 πλοίων,
1683 2604 1734 2656 οἱ
1771 2602 1868 2673 μὲν
1900 2602 2114 2673 ἔχοντες
2154 2601 2308 2656 κενὸν

732 2695 939 2756 πλοῖον,
966 2693 1028 2746 06
1059 2690 1328 2745 δεδοίκασι
1361 2687 1637 2760 πειρατῶν
1671 2686 1924 2758 σύστημα
1946 2704 1959 2717 ·
1985 2687 2046 2740 οὐ
2081 2687 2189 2758 γὰρ
2218 2687 2306 2756 έρ-

730 2795 919 2850 χονται
947 2777 1232 2849 διατρῆσαι
1260 2773 1322 2826 :6
1350 2773 1534 2826 πλοῖον
1561 2770 1625 2824 τδ
1659 2771 1824 2843 μηδὲν
1851 2770 2004 2841 ἔχονο
2026 2772 2077 2824 οἱ
2100 2771 2157 2824 δὲ
2187 2771 2311 2841 φόρ-

730 2859 1010 2930 τουγέμον
1033 2861 1248 2928 ἔχοντες
1276 2855 1480 2922 πλοῖον,
1512 2854 1782 2909 δεδοίκασι
1818 2852 2114 2924 πειρατὰς·
2140 2853 2168 2906 6
2200 2851 2309 2922 γὰρ

730 2943 1002 3014 πειρατὴς
1046 2942 1164 2994 ἐκεῖ
1190 2940 1522 3010 ἀπέρχεται,
1557 2938 1691 2991 ὅπου
1717 2936 1948 3008 χρυσὸς,
1982 2937 2114 2988 ὅπου
2142 2934 2310 3001 ἀργυ-

733 3045 850 3100 ρος,
877 3027 1012 3080 ὃπου
1050 3023 1188 3078 λίθοι
1217 3024 1387 3094 τίμιοι
1409 3039 1424 3052 ·
1463 3020 1607 3075 οὕτω
1637 3021 1732 3074 καὶ
1761 3022 1790 3074 6
1812 3018 2053 3082 διάϐολος
2089 3017 2190 3071 οὐκ
2220 3017 2311 3070 εὐ-

729 3099 908 3175 κόλως
946 3107 1242 3180 έπηριάζιι
1283 3106 1363 3178 τῷ
1402 3103 1738 3177 ἁμαρτωλῷ,
1785 3101 1922 3157 άλλά
1961 3102 2041 3173 τῷ
2084 3099 2306 3171 δικαίῳ,

729 3195 869 3249 ὅπου
900 3191 1129 3254 πλοῦτος
1152 3191 1338 3255 πολύς.
1390 3188 1608 3259 Ἐπειδὴ
1643 3186 1902 3250 πολλάκις
1931 3187 1965 3255 ἠ
1996 3183 2224 3239 ἀπόνοια
2251 3183 2311 3252 ἐξ

730 3275 1028 3345 ἐπιϐουλῆς
1047 3274 1140 3327 τοῦ
1157 3271 1624 3342 διαδόλου,νήφειν
1644 3271 1939 3338 ἀναγκαῖον
1953 3279 1975 3306 ο
1987 3307 2001 3321 .
2027 3268 2189 3321 Ὅσον
2211 3266 2278 3337 μέ
2291 3295 2309 3306 ο

731 3376 839 3430 γας
862 3353 951 3424 εἱ,
978 3358 1229 3413 τοσοῦτον
1269 3354 1526 3410 ταπείνου
1558 3355 1771 3408 σαυτόν.
1805 3354 1971 3406 Ὅταν
2003 3350 2207 3421 ἀναθῇς
2233 3352 2311 3414 εἱς

730 3443 798 3498 :6
831 3441 997 3512 ὕψος,
1023 3437 1422 3512 ἀσφαλισθῆναι
1460 3438 1648 3510 χρείαν
1680 3436 1858 3508 ἔχεις,
1886 3435 1975 3488 ἶνα
2010 3434 2084 3505 μὴ
2119 3434 2309 3508 πέσῃς.

731 3526 828 3582 Διὸ
865 3525 961 3579 καὶ
1002 3524 1032 3578 6
1069 3523 1272 3594 Κύριος
1309 3522 1467 3594 ήμῶν
1498 3521 1645 3590 λέγει
1668 3537 1682 3552 ·
1736 3519 1907 3572 Ὅταν
1950 3517 2125 3571 πάντα
2155 3517 2312 3586 ποιή-

735 3627 900 3682 σητε,
928 3609 1138 3676 λέγετε.
1175 3605 1512 3677 ὅτιἋχρεῖοι
1551 3603 1729 3659 δοῦλοί
1778 3604 1964 3673 ἔσμεν.
2009 3600 2074 3655 Τί
2099 3600 2128 3637 ά
2173 3599 2314 3669 μέγα

733 3693 976 3764 φρονεῖς,
1004 3689 1287 3759 ἄνθρωπος
1314 3687 1410 3752 ὢν,
1437 3687 1535 3757 τῆς
1575 3687 1682 3756 γῆς
1721 3687 2008 3755 συγγενὴς,
2034 3683 2314 3754 όμοούσιος

733 3778 805 3848 τῇ
831 3775 1030 3847 τέφρᾳ,
1067 3771 1126 3825 έν
1149 3787 1211 3825 τε
1237 3771 1305 3840 τῇ
1350 3769 1543 3840 φύσει,
1577 3769 1634 3823 έν
1674 3786 1735 3822 τε
1763 3771 1830 3840 τῇ
1861 3767 2089 3838 γνώμῃ,
2127 3767 2222 3820 καὶ
2247 3769 2314 3836 τῇ

733 3857 1055 3928 προαιρέσει
1081 3854 1191 3908 τῶν
1227 3851 1606 3925 πραγμάτων;
1641 3852 1891 3922 Σήμερον
1919 3850 2191 3913 πλούσιος,
2218 3848 2316 3900 a6-

740 3959 856 4016 ρισν
879 3940 1050 4012 πένης
1070 3956 1084 3970 ·
1113 3938 1353 4008 σήμερον
1385 3935 1665 4005 ὑγιαίνων,
1691 3933 1879 4006 αὔριον
1909 3933 2080 3987 νοσῶν
2098 3951 2114 3963 ·
2150 3932 2321 4002 σήμε-

738 4043 836 4097 ρον
866 4023 1020 4097 [127]
1058 4021 1264 4092 χαίρων
1287 4060 1302 4085 ,
1342 4020 1532 4092 αὔριον
1572 4017 1934 4088 λυπούμενοςο
1989 4017 2227 4087 σήμερον
2261 4015 2321 4067 ἐν

736 4107 902 4182 δόξῃ,
932 4104 1120 4178 αὔριον
1150 4106 1210 4157 ὲν
1249 4103 1469 4174 ἀτιμίσμ
1513 4104 1748 4173 σήμερον
1776 4103 1833 4154 έν
1864 4101 2105 4170 νεότητι,
2135 4097 2321 4169 αὔριον

736 4192 987 4270 ὶνγῄρᾳ.
1019 4189 1110 4260 Μὴ
1144 4187 1360 4270 ῖσταταί
1382 4204 1434 4239 τι
1463 4185 1571 4239 τῶν
1595 4183 2105 4270 ἀνθρωπίνων,μάλῖ
2135 4183 2323 4270 ὥσπερ

738 4264 863 4329 τῶν
877 4272 1159 4342 ποταμίων
1185 4269 1472 4343 ῥευμάτων
1497 4269 1745 4339 μιμεῖται
1777 4266 1868 4320 τὸν
1897 4266 2124 4336 δρόμονς
2157 4264 2322 4335 Ὁμοῦ

740 4375 804 4413 τε
835 4355 944 4428 γὰρ
979 4356 1184 4426 ὲφάνη,
1215 4353 1311 4408 καὶ
1332 4354 1493 4416 σκιᾶς
1518 4351 1816 4422 ταχύτερον
1846 4360 1870 4389 ο
1890 4351 2037 4421 ἡμᾶς
2060 4348 2325 4419 καταλιμ-

738 4440 925 4496 πάνει.
965 4437 1031 4492 Τί
1065 4434 1162 4491 οὖν
1188 4436 1331 4508 μέγα
1368 4437 1603 4506 φρονεῖς,
1632 4434 1886 4504 ἄνθρωπε
1904 4475 1920 4495 ,
1956 4433 1987 4485 6
2017 4431 2226 4495 καπνὸς
2247 4472 2264 4496 ,
2291 4433 2326 4500 ἡ

740 4686 844 4745 καὶ
862 4687 925 4740 :6
949 4685 1110 4749 ἀνθος
1137 4683 1302 4737 αὑτοῦ
1327 4684 1572 4750 ἐξέπεσε.

815 4770 1004 4826 Ταῦτα
1026 4769 1190 4837 λέγω,
1210 4768 1312 4838 οὐχ
1342 4766 1418 4831 ὡς
1443 4766 1540 4836 τὴν
1565 4764 1751 4819 οὐσίαν
1781 4762 2130 4831 ὲξευτελίξων
2152 4801 2170 4828 ,
2191 4761 2331 4817 ἀλλά

741 4857 845 4929 τὴν
883 4854 1146 4910 ἀπόνοιαν
1179 4850 1432 4923 χαλινῶν.
1462 4850 1572 4902 Kal
1587 4847 1696 4916 γὰρ
1725 4846 1868 4929 μέγα
1898 4845 2206 4917 ἄνθρωπος,
2234 4845 2330 4899 καὶ

741 4926 926 5017 τίμιον
942 4942 1080 5015 ἀνὴρ
1097 4941 1220 5007 ὲλεῆ
1228 4955 1364 5010 μων.
1381 4937 1517 4990 Ἀλλ’
1538 4937 1568 4988 6
1598 4933 1779 4998 Ὀζίας
1794 4926 1950 5017 οὗτος
1971 4931 2222 5017 βασιλεὺς
2234 4930 2329 5017 (ΞΝ,

752 5179 851 5264 τῆς
870 5191 1052 5257 ἀξίας,
1070 5187 1320 5259 εἰσῆλθεν
1343 5187 1422 5250 εἰς
1449 5186 1509 5239 :6
1537 5184 1700 5257 ἱερόν.
1722 5184 1833 5238 Kal
1852 5182 1905 5237 τί
1924 5199 2120 5254 φησιν;
2141 5179 2336 5247 Εἰσῆλ-

805 5417 838 5447 ³
861 5415 1001 5465 Unus
1021 5416 1090 5470 δὶς
1109 5412 1194 5462 τοῦ
1219 5413 1478 5462 σαϐϐάτου.

807 5477 841 5518 δ
863 5477 990 5527 Tres
1015 5466 1338 5538 mis._&vé-mg
1356 5470 1798 5538 ταπεινοφροσύνης.
1823 5471 1980 5526 Unus,
2007 5473 2136 5538 Iesle
2162 5466 2334 5529 Savil.,

745 5539 959 5605 συνειδὸς
1292 5529 1456 5605 αὺτοῦ,
1484 5529 1765 5605 καίἰᾶνρὶγκη
1787 5529 2226 5605 ταπεινοφροσύνης.

812 5601 838 5631 ⁸
862 5591 996 5650 υιιίιε
1216 5597 1264 5652 έξ
1285 5596 1508 5650 ἀπονοίας
1538 5595 1598 5641 τὰ
1630 5591 1947 5657 ἁμαρτήματα
1977 5591 2201 5649 τίκτεται,
2258 5591 2334 5640 διὰ

742 5659 890 5723 ω’ύτο
907 5661 1066 5723 νήφειν
1083 5658 1355 5723 ἀναγκαῖον.

809 5721 842 5762 ⁸
858 5722 917 5773 Τί
938 5719 1083 5772 deest
1103 5720 1153 5770 in
1175 5719 1330 5770 (ribus
1357 5730 1472 5766 mss.

813 5787 988 5837 οτι-θα
1029 5798 1146 5835 mss.
1183 5785 1263 5832 καὶ
1295 5785 1432 5834 σκιᾶς
1468 5778 1800 5839 εὐκολώτερον.
1849 5777 1974 5827 Infra
2022 5777 2169 5827 iidem
2213 5778 2328 5839 ώσεὶ

745 5850 922 5905 καπνὸς
941 5852 989 5896 αἱ
1011 5851 1096 5909 ἡμ.
1125 5853 1180 5897 et
1218 5843 1288 5894 sic
1313 5844 1506 5905 legerat
1552 5839 1793 5900 Erasmus,
1836 5841 1918 5901 qui
1948 5845 2181 5901 verterat,
2204 5838 2328 5891 velut

743 5912 906 5976 fumus
927 5909 1032 5960 dies
1054 5910 1174 5973 ejus.

1455 311 1514 368 S.
1553 311 1840 371 JOANNIS
1876 316 2371 377 CHRYSOSTOMI
2412 321 2726 384 ARCIIIEP.
2759 329 3303 392 CONSTANTINOP.

3875 341 3985 398 126

2413 440 2506 494 θεν
2533 444 2612 509 εἱς
2645 446 2712 500 τὰ
2742 450 2872 519 ἀγια
2900 452 3009 504 τῶν
3031 452 3222 520 ἁγίων,
3254 453 3348 508 καὶ
3393 453 3562 520 λέγει,
3606 450 3864 523 βούλομαι
3889 450 3982 504 θυ-

2415 527 2626 594 μιᾶσαι.
2657 530 2912 598 Βασιλεὺς
2942 533 3018 588 ὢν
3056 535 3353 605 ἱερωσύνης
3375 536 3549 607 ἀρχὴν
3584 535 3836 607 ἁρπάζει.
3855 536 3984 590 Bod-

2412 611 2593 681 λομαι,
2640 618 2792 686 φησὶ,
2831 618 3113 688 θυμιᾶσαι,
3163 619 3348 690 ἐπειδὴ
3399 619 3607 683 δίκαιός
3647 622 3783 689 εἰμι.
3828 621 3985 674 ’Δλλά

2413 697 2538 767 μένε
2568 698 2674 752 ἔσω
2707 700 2816 754 τῶν
2860 701 3073 756 οἰκείων
3112 703 3290 773 ὅρων’
3345 703 3495 757 ἄλλοι
3519 704 3633 774 ὅροι
3677 703 3983 772 βασιλείας,

2411 779 2503 833 καὶ
2519 779 2665 834 ἄλλοι
2690 783 2804 851 ὅροι
2836 784 3133 857 ἱερωσύνης
3159 801 3172 816 ’
3205 784 3319 838 ἀλλ’
3353 785 3491 857 αὕτη
3519 788 3720 857 μείζων
3751 787 3984 856 ἐκείνης.

2410 862 2486 916 Οὐ
2547 863 2654 933 γὰρ
2709 865 2817 919 ἀπὸ
2866 868 2973 921 τῶν
3021 869 3358 940 φαινομένων
3403 870 3654 938 φαίνεται
3703 869 3984 939 βασιλεὺς,

2408 947 2531 1000 οὐδὲ
2588 948 2695 1002 ἀπὸ
2739 950 2847 1003 τῶν
2895 953 3264 1023 πεπηγμένων
3325 952 3474 1023 αὐτῷ
3532 952 3715 1017 λίθων,
3759 955 3853 1006 καὶ
3917 947 3988 1006 ὧν

2410 1030 2712 1100 περίκειται
2764 1033 3020 1103 χρυσίων,
3067 1035 3268 1104 ὀφείλει
3322 1035 3602 1104 κρίνεσθαι
3637 1037 3665 1088 6
3714 1034 3984 1105 βασιλεύς.

2409 1107 2575 1177 Οὗτος
2609 1113 2708 1185 μὲν
2745 1117 2852 1186 γὰρ
2883 1117 2949 1169 τά
2987 1117 3080 1171 ἐπὶ
3105 1119 3204 1188 τῆς
3228 1118 3333 1188 γῆς
3374 1118 3565 1189 ἔλαχεν
3590 1120 3890 1188 οἰκονομεῖν
3916 1135 3931 1149 ο
3961 1120 3988 1171 6

2407 1195 2465 1249 δὲ
2495 1196 2596 1266 τῆς
2634 1198 2930 1270 ἱερωσύνης
2962 1197 3162 1270 θεσμὸς
3189 1199 3303 1254 ἀνω
3334 1201 3591 1270 κάθηται.
3623 1202 3766 1254 Ὅσα
3801 1201 3866 1254 ἂν
3900 1200 3989 1268 δὴ-

2409 1295 2541 1349 σητε
2588 1279 2679 1332 ἐπὶ
2702 1284 2800 1352 τῆς
2827 1282 2962 1351 γῆς,
2995 1282 3147 1336 ἔσται
3177 1283 3433 1352 δεδεμένα
3458 1286 3514 1336 ὲν
3543 1283 3621 1353 τῷ
3652 1282 3884 1354 οὐρανῷ.
3932 1284 3988 1336 '0

2411 1360 2661 1430 βασιλεὺς
2688 1363 2755 1416 τά
2788 1365 3022 1418 ἐνταῦθα
3059 1365 3454 1431 πεπίστευται,
3480 1366 3592 1435 ἐγὼ
3624 1366 3693 1418 τά
3721 1368 3950 1437 οὐράνια
3973 1381 3986 1393 ·

2409 1443 2518 1510 ἐγὼ
2557 1445 2684 1497 ὅταν
2733 1445 2890 1513 εῖπω,
2930 1449 3019 1501 τὸν
3067 1448 3217 1519 ἱερέα
3262 1448 3426 1516 λέγω.
3480 1450 3574 1520 Μὴ
3615 1445 3728 1514 οὖν,
3775 1448 3841 1501 ἂν
3873 1448 3989 1518 ἴδῃς

2411 1526 2560 1596 ἱερέα
2604 1529 2817 1593 ἀνάξιον
2841 1571 2856 1595 ,
2897 1531 2994 1602 τὴν
3042 1533 3340 1604 ἱερωσύνην
3395 1533 3649 1586 διά6αλε’
3690 1533 3750 1585 06
3789 1529 3900 1600 γὰρ
3933 1531 3990 1582 τὸ

2409 1611 2642 1681 πρᾶγμα
2673 1612 2940 1667 διαϐαλεῖν
2968 1615 3076 1682 δεῖ,
3099 1615 3235 1669 ἀλλά
3277 1615 3367 1669 τὸν
3397 1616 3585 1678 κακῶς
3609 1615 3686 1686 τῷ
3715 1614 3863 1684 καλῷ
3898 1631 3988 1666 κεο

2409 1688 2678 1759 χρημένον
2699 1706 2714 1724 ·
2743 1691 2864 1744 ἐπεὶ
2888 1694 2982 1746 καὶ
3008 1695 3036 1746 ό
3078 1694 3276 1757 Ἰούδας
3305 1695 3571 1764 προδότης
3599 1695 3835 1761 ἐγένετο,
3871 1691 3988 1744 ἀλλ’

2408 1773 2470 1825 06
2503 1773 2802 1844 κατηγορία
2822 1775 2922 1842 τῆς
2947 1777 3256 1846 ἀποστολῆς
3276 1777 3452 1840 τοῦτο,
3480 1777 3616 1831 ἀλλά
3649 1776 3747 1845 τῆς
3777 1774 3989 1828 ἐκείνου

2409 1855 2632 1928 γνώμης
2651 1874 2663 1886 ·
2691 1859 2751 1913 06
2783 1861 2844 1913 :6
2865 1860 3114 1934 ἔγκλημα
3137 1862 3235 1932 τῆς
3264 1861 3561 1933 ἱερωσύνης
3581 1900 3596 1926 ,
3631 1859 3763 1914 ἀλλά
3796 1859 3857 1912 τὸ
3888 1876 3991 1913 κα-

2411 1938 2505 1993 κὸν
2533 1941 2630 2011 τῆς
2653 1943 2896 2014 γνώμης.

2479 2029 2538 2077 ε’.
2570 2022 2678 2079 Kal
2712 2025 2775 2078 σὺ
2808 2026 2984 2081 τοίνυν
3022 2029 3097 2098 μὴ
3129 2025 3226 2098 τὴν
3254 2025 3552 2098 ἱερωσύνην
3577 2025 3816 2090 διάϐαλε,
3855 2023 3995 2077 ἀλλὰ

2414 2109 2499 2163 τὸν
2556 2109 2703 2178 ἱερέα
2748 2115 2838 2164 τὸν
2888 2111 3072 2174 κακῶς
3099 2110 3178 2182 τῷ
3219 2109 3372 2180 καλῷ
3414 2110 3770 2181 κεχρημένον.
3837 2109 3994 2162 Ἐπεὶ

2409 2192 2535 2246 ὅταν
2589 2192 2672 2246 σοί
2715 2211 2800 2258 τις
2843 2193 3182 2263 διαλέγηται,
3225 2195 3321 2249 καὶ
3352 2195 3505 2265 λέγῃ,
3526 2189 3677 2256 Εἶδες
3714 2191 3861 2245 τόνδε
3903 2191 3994 2245 τδν

2409 2276 2730 2346 Χριστιανόν
2755 2293 2769 2342 ;
2800 2277 2941 2340 εἱπὲ,
2972 2277 3107 2331 Ἀλλ’
3124 2278 3236 2348 ἐγώ
3249 2279 3310 2332 06
3344 2277 3472 2348 περὶ
3495 2275 3822 2346 προσώπων,
3856 2275 3996 2327 ἀλλά

2413 2358 2537 2429 περὶ
2561 2359 2894 2430 πραγμάτων
2925 2377 3006 2412 σοι
3043 2359 3383 2430 διαλέγομαι.
3431 2359 3583 2413 Ἐπεὶ
3617 2357 3770 2411 πόσοι
3815 2356 3995 2426 ἰατροὶ

2409 2442 2591 2513 δήμιοι
2625 2443 2891 2510 ἐγένοντο,
2934 2442 3027 2497 καὶ
3059 2442 3358 2514 δηλητήρια
3385 2442 3678 2495 δεδώκασιν
3700 2439 3821 2494 ἀντὶ¹
3854 2456 3996 2507 φαρ-

2413 2526 2638 2593 μάκων;
2682 2525 2819 2579 Ἀλλ’
2842 2526 2901 2578 οὐ
2927 2525 3026 2597 τὴν
3049 2526 3244 2597 τέχνην
3275 2525 3562 2586 διαϐάλλω,
3598 2524 3734 2576 ἀλλά
3773 2523 3861 2575 τὸν
3892 2539 3994 2575 κα-

2409 2608 2521 2671 κῶς
2560 2610 2627 2680 τῇ
2666 2608 2828 2680 τέχνῃ
2872 2609 3235 2679 χρησάμενον.
3282 2609 3446 2662 Πόσοι
3483 2606 3676 2660 ναῦται
3723 2607 3997 2660 κατεπόν-

2409 2710 2564 2745 τισαν
2617 2693 2809 2756 πλοῖα;
2856 2692 2993 2746 Ἀλλ’
3044 2693 3143 2762 οὐχ
3190 2693 3224 2764 ἡ
3277 2692 3544 2756 ναυτιλία,
3601 2690 3714 2744 ἀλλ’
3765 2693 3798 2759 ἡ
3843 2689 3999 2757 κακὴ

2408 2774 2599 2844 γνώμη
2635 2776 2874 2830 ἐκείνων.
2917 2774 3033 2827 Κᾶν
3139 2775 3463 2845 Χριστιανὸς
3511 2773 3737 2843 φαῦλος,
3787 2772 3863 2842 μὴ
3899 2769 3997 2822 τοῦ

2409 2858 2676 2928 δόγματος
2721 2858 3013 2928 κατηγόρει
3055 2859 3150 2910 καὶ
3203 2857 3304 2927 τῆς
3354 2855 3672 2928 ἱερωσύνης,
3723 2854 3860 2908 ἀλλά
3903 2853 3999 2905 τὸν

2411 2940 2592 3004 κακῶς
2627 2940 2705 3010 τῷ
2747 2941 2895 3011 καλῷ
2935 2940 3294 3011 κεχρημένον.
3364 2941 3423 2994 '0
3472 2939 3723 3009 βασιλεὺς
3765 2937 4003 3006 σώματα

2411 3023 2816 3094 ὲμπιστεύεται,
2843 3027 2872 3078 6
2893 3024 2948 3077 δὲ
2983 3025 3161 3096 ἱερεὺς
3187 3023 3364 3095 ψυχάς
3387 3039 3402 3056 ·
3456 3025 3485 3077 6
3517 3022 3769 3093 βασιλεὺς
3796 3019 4002 3073 λοιπά-

2409 3108 2504 3171 δας
2524 3107 2818 3179 χρημάτων
2847 3106 3088 3177 ἀφίησιν,
3115 3108 3142 3158 6
3164 3106 3219 3160 δὲ
3253 3106 3432 3176 ἱερεὺς
3457 3105 3715 3166 λοιπάδας
3740 3104 4004 3174 ἁμαρτη-

2414 3190 2594 3262 μάτων
2612 3207 2627 3221 ⁶
2656 3192 2861 3253 ἐκεῖνος
2885 3189 3203 3258 ἀναγκάζει,
3231 3181 3387 3252 οὗτος
3411 3187 3720 3258 παρακαλεῖ
3741 3202 3755 3217 ·
3789 3189 4006 3247 ἐκεῖνος

2411 3273 2644 3345 ἀνάγκη,
2691 3265 2844 3336 οὗτος
2878 3271 3103 3345 γνώμῃο
3155 3273 3360 3335 ἐκεῖνος
3389 3270 3528 3325 ὅπλα
3577 3270 3690 3340 ἔχει
3736 3267 4004 3337 αἰσθητὰ,

2411 3351 2712 3421 οὖτοςδπλα
2742 3355 3083 3425 πνευματικά
3101 3372 3115 3386 ·
3147 3355 3352 3416 ἐκεῖνος
3379 3353 3606 3423 πολεμεῖ
3631 3351 3767 3423 πρὸς
3798 3351 4011 3420 βαρϐά-

2414 3459 2561 3514 ρους,
2598 3441 2722 3510 έμοὶ
2763 3440 2994 3510 πόλεμος
3023 3437 3158 3508 πρὸς
3199 3437 3476 3507 δαίμονας.
3523 3436 3740 3498 Μείζων
3777 3435 3811 3504 η
3855 3433 4011 3504 ἀρχὴ

2414 3523 2550 3594 αὕτη
2575 3541 2589 3554 ·
2632 3521 2720 3576 διὰ
2741 3520 2900 3575 τοῦτο
2927 3523 2956 3575 6
2981 3519 3231 3590 βασιλεὺς
3258 3520 3358 3590 τὴν
3396 3517 3634 3587 κεφαλὴν
3668 3515 3774 3569 ὑπὸ
3810 3519 4010 3587 χεῖρας

2412 3606 2507 3659 τοῦ
2541 3605 2728 3676 ἱερέως
2751 3605 2894 3670 ἄγει,
2941 3604 3036 3657 καὶ
3061 3601 3337 3673 πανταχοῦ
3375 3603 3433 3656 έν
3465 3604 3532 3672 τῇ
3579 3599 3795 3671 Παλαιᾷ
3831 3599 4011 3670 ἱερεῖς

2417 3689 2667 3761 βασιλέας
2707 3688 2908 3759 ἔχριον.
2969 3686 3108 3739 Ἀλλ’
3151 3687 3181 3739 6
3230 3684 3481 3755 βασιλεὺς
3526 3685 3735 3746 ἐκεῖνος
3767 3681 3834 3734 τά
3897 3680 4014 3735 ἴδια

2419 3774 2715 3844 σκάμματα
2751 3769 3018 3842 ὑπερδάς,
3065 3769 3159 3823 καὶ
3203 3769 3267 3822 :6
3320 3768 3520 3839 μέτρον
3568 3767 3666 3837 τῆς
3720 3765 4013 3835 βασιλείας

2417 3857 2773 3926 διαπηδήσας,
2791 3853 2941 3926 [128]
2957 3853 3269 3922 προσθεῖναι
3284 3850 3626 3922 ἐπεχείρησε,
3646 3849 3737 3903 καὶ
3753 3847 4018 3917 εἰσῆλθεν

2419 3939 2500 4001 εἱς
2523 3938 2584 3991 :6
2607 3937 2752 4009 ἱερὸν
2782 3938 2922 4007 μετά
2951 3935 3256 3999 αὐθεντίας,
3285 3934 3549 4003 θυμιᾶσαι
3572 3931 3762 3986 θέλων.
3801 3930 3875 3983 Τί
3917 3927 4019 3984 οὖν

2419 4023 2451 4075 6
2496 4019 2712 4089 ἱερεύς;
2769 4019 2883 4072 οὐκ
2933 4017 3110 4082 ἔξεστί
3155 4033 3260 4083 σοι,
3304 4015 3476 4080 Ὀζία,
3527 4015 3808 4084 θυμιᾶσαι.
3865 4014 4020 4082 Ὅρα

2422 4103 2750 4174 παρρησίαν,
2794 4101 3046 4173 φρόνημα
3095 4099 3418 4162 ἀδούλωτον,
3474 4097 3725 4167 γλῶσσαν
3770 4096 4019 4167 οὐρανοῦ

2423 4185 2755 4256 ἁπτομένην,
2815 4182 3129 4254 ἐλευθερίαν
3192 4183 3492 4253 ἀχείρωτον
3513 4220 3530 4244 ,
3592 4178 3892 4246 ἀνθρώπου
3957 4179 4021 4230 τὸ

2424 4271 2604 4339 σῶμα,
2637 4269 2729 4321 καὶ
2761 4267 2993 4335 ἀγγέλου
3036 4266 3099 4318 τὺ
3148 4265 3421 4337 φρόνημα,
3469 4263 3641 4333 χαμαὶ
3700 4260 4021 4330 βαδίζοντα,

2425 4353 2517 4404 καὶ
2544 4352 2604 4403 ὲν
2635 4348 2848 4419 οὐρανῷ
2878 4348 3311 4418 πολιτευόμενον.
3344 4343 3464 4399 Εἷδε
3498 4346 3593 4398 τὸν
3622 4343 3873 4414 βασιλέα,
3923 4345 4023 4396 καὶ

2424 4437 2527 4489 οὐκ
2554 4431 2664 4487 εἶδε
2685 4433 2785 4503 τὴν
2820 4430 3134 4503 πορφύρανν
3193 4427 3300 4482 εἱδε
3345 4427 3439 4481 τὸν
3477 4428 3718 4497 βασιλέα,
3767 4427 3867 4478 καὶ
3916 4427 4026 4479 οὐκ

2427 4513 2533 4570 εἶδε
2563 4514 2627 4569 :6
2651 4515 2909 4584 διάδημα.
2950 4514 3046 4583 Μή
3099 4529 3190 4582 μοι
3215 4511 3341 4579 λέγε
3380 4511 3481 4580 τὴν
3529 4507 3822 4578 βασιλείαν,
3876 4509 4025 4560 ὅπου

2309 4635 2326 4661 ,
2427 4599 2760 4670 παρανομία.
2817 4599 2941 4652 Οὐκ
2984 4596 3192 4660 ἒξεστί
3237 4609 3359 4657 σοι,
3395 4592 3682 4657 βασιλεῦ,
3720 4591 4025 4660 θυμιᾶσαι

2427 4687 2516 4750 εἱς
2542 4683 2616 4737 τὰ
2642 4683 2778 4752 ἅγια
2802 4682 2922 4735 τῶν
2947 4681 3164 4749 ἀτίων·
3186 4679 3536 4750 ὑπερϐαίνεις
3574 4677 3642 4729 τά
3683 4677 4023 4746 σκάμματα,

2429 4768 2498 4823 τὰ
2521 4769 2596 4838 μὴ
2619 4766 2876 4837 δεδομένα
2902 4765 3085 4832 ζητεῖς
3107 4779 3124 4794 °
3162 4763 3252 4816 διά
3272 4762 3428 4815 τοῦτο
3457 4760 3551 4814 καὶ
3578 4759 3615 4813 ἃ
3647 4758 3839 4821 ἔλαϐες
3877 4760 4024 4812 ἀποο

2428 4853 2560 4915 λεῖς.
2609 4851 2724 4904 Οὐκ
2764 4847 2942 4914 ἕξεστί
2991 4864 3074 4898 σοι
3102 4845 3387 4916 θυμιᾶσαι,
3422 4842 3556 4897 ἀλλά
3593 4844 3706 4906 τοῖς
3748 4841 4025 4911 ἱερεῦσιν.

2431 4950 2548 5003 οὐκ
2570 4946 2686 5000 ἔστι
2719 4945 2811 4998 σὺν
2841 4944 3023 5002 τοῦτο,
3052 4940 3167 4993 ἀλλ’
3201 4937 3354 5010 ἐμόν.
3389 4937 3482 5008 Μὴ
3504 4934 3732 5008 ἥρπασά
3765 4950 3869 4986 σου
3919 4933 4031 5003 τὴν

742 5029 842 5084 καὶ
895 5025 958 5079 :6
1007 5024 1241 5093 διάδημα
1295 5018 1694 5091 περικείμενος,
1746 5018 1938 5086 ἐπειδὴ
1978 5018 2186 5076 δίκαιος
2239 5018 2330 5083 ἢν,
2434 5029 2767 5100 πορφυρίδας
2823 5024 2917 5096 Μὴ
2949 5023 3203 5095 ἀρπάσης
3244 5038 3348 5091 μου
3373 5021 3474 5090 τὴν
3506 5018 3825 5089 εερωσάγην,
3895 5018 4031 5069 οὐκ

631 5139 635 5143 ί
744 5106 1019 5181 ιφρόνησέ
1061 5121 1191 5158 ποτε
1224 5103 1383 5174 μέγα,
1416 5102 1510 5154 καὶ
1539 5102 1814 5172 φρονήσας
1843 5099 1986 5170 μέγα
2024 5097 2120 5152 καὶ
2146 5096 2331 5181 μεῖζρν
2437 5112 2638 5177 ἔξεστί
2677 5125 2779 5165 σοι
2825 5106 3131 5176 θυμιᾶσαι,
3169 5105 3306 5159 ἀλλ’
3331 5103 3370 5171 ἢ
3413 5101 3538 5168 τοῖς
3571 5100 3793 5170 ἱερεῦσι
3832 5098 3857 5136 τ
3896 5100 4031 5165 τοῖς

2437 5098 2638 5177 εεέάτὶ
2677 5125 2779 5165 σοι
2825 5106 3131 5176 θυμιᾶσαι,
3169 5105 3306 5159 ἀλλ’
3331 5103 3370 5171 ἢ
3413 5101 3538 5168 τοῖς
3571 5100 3793 5170 ἱερεῦσι
3832 5098 3857 5136 ί
3896 5100 4034 5165 τοῖς

2433 5196 2586 5261 υἱοῖς
2622 5191 2854 5261 Ἀαρών.
2894 5187 3050 5244 Μετά
3085 5187 3253 5240 πολὺν
3279 5186 3490 5256 χρόνον,
3527 5182 3663 5254 μετά
3696 5182 3795 5261 τὴν
3820 5181 4036 5235 τελευ-

2433 5282 2532 5351 τὴν
2560 5260 2784 5348 γ’Δαρών
2803 5273 2960 5328 τοῦτο
2999 5271 3233 5339 ἐγένετο.
3262 5270 3372 5323 Καὶ
3395 5269 3482 5322 διὰ
3511 5267 3563 5320 τί
3578 5268 3688 5351 οὐκ
3703 5260 3867 5351 εἷπε,
3897 5266 4038 5328 Τοῖς

2438 5347 2874 5434 ἱερεῦσιςμόνον,
2941 5355 3055 5408 ἀλλ’
3086 5352 3454 5423 ἐμνημόνευσε
3507 5349 3600 5403 καὶ
3640 5347 3734 5401 τοῦ
3771 5348 4036 5418 πατρός

2435 5432 2640 5518 Συνέϐη
2689 5444 2748 5497 έν
2791 5441 2984 5510 ἐκείνῳ
3017 5437 3096 5509 τῷ
3135 5438 3311 5509 χρόνῳ
3347 5434 3584 5490 τοιοῦτόν
3631 5450 3684 5486 τι
3735 5432 4036 5518 γενέσθαι.

2435 5513 2754 5596 Δαθάνγάρ
2778 5525 2872 5580 καὶ
2909 5520 3169 5593 Ἀϐειρὼν
3198 5521 3295 5574 καλ⁸
3313 5519 3458 5588 Κορὲ
3488 5513 3991 5596 κατεπανέστησαν
4012 5518 4043 5556 εἶ

2433 5611 2526 5667 τοῦ
2579 5594 2786 5681 Ἀαρών
2809 5626 2824 5639 ·
2873 5605 3096 5677 ἠνοίχθη
3129 5607 3164 5674 ἡ
3193 5603 3287 5673 γῆ,
3344 5601 3438 5655 καὶ
3465 5598 3721 5653 κατέπιεν
3761 5594 3984 5661 αὐτούς
4023 5618 4038 5631 ·

2499 5715 2518 5753 ί
2534 5714 2665 5764 Haec.
2689 5712 2785 5766 τοῖς
2807 5709 2999 5769 ἱερεῦσι,
3038 5709 3246 5757 deerant
3264 5703 3559 5769 junﬂoreli,
3579 5699 3667 5749 sed
3695 5699 3966 5749 habentur
3986 5701 4042 5769 ἰςι

2432 5775 2580 5850 ξειίι.
2612 5777 2675 5850 Vin
2715 5765 3039 5834 ouiuibusqde
3079 5765 3477 5832 exemplaribus,
3524 5765 3748 5824 lectaque
3787 5771 3922 5814 sum
3974 5765 4041 5816 ab

2431 5839 2646 5889 Erasmo.

2495 5902 2523 5941 ⁸
2545 5899 2656 5950 Duo
2674 5910 2789 5948 mss.
2814 5895 3212 5960 ὑπερᾶνέστησαν.
