4148 6306
167 382 263 437 125

164 483 289 539 enim
320 481 621 551 arrogantia
648 478 794 549 pejus
819 496 831 530 :
856 475 975 531 ideo
1006 484 1173 528 totum
1201 485 1504 527 sermonem
1532 470 1583 523 in
1624 469 1725 524 hoc

168 573 263 626 heri
292 570 739 639 consumpsimus,
758 566 1055 637 superbiam
1086 564 1440 626 eliminantes,
1470 569 1523 615 et
1548 558 1724 613 Immi-

168 662 354 715 litatem
394 660 669 715 docentes.

222 754 275 807 6.
322 752 598 805 Ilumilitas
622 761 861 821 quantum
887 751 1089 803 bonum.
1114 746 1179 799 In
1201 755 1348 817 portu
1377 744 1721 816 naufragium.

171 842 243 897 Vis
261 841 351 895 tibi
375 842 547 896 dicam
571 852 823 910 quantum
847 841 1039 895 bonum
1067 838 1136 891 sit
1165 837 1454 900 humilitas,
1478 844 1532 889 et
1553 850 1724 905 quan-

167 944 259 988 tum
291 933 491 988 malum
520 932 860 1002 arrogantia?
908 931 1162 985 Peccator
1205 928 1402 997 justum
1434 925 1723 995 superavit,

167 1026 464 1093 publicanus
477 1024 822 1086 Pharisaeum,
840 1031 893 1075 et
913 1020 1073 1075 verba
1090 1018 1241 1074 factis
1264 1016 1411 1072 fuere
1430 1017 1723 1083 superiora.

165 1116 432 1185 Quomodo
449 1115 607 1170 verba
628 1116 650 1168 ?
676 1114 995 1169 Publicanus
1012 1111 1144 1168 dicit
1163 1129 1177 1166 :
1198 1111 1356 1172 Deus,
1368 1107 1612 1177 prapitius
1624 1114 1727 1159 esto

168 1211 276 1263 mihi
304 1208 575 1279 peccatori.
607 1205 904 1261 Pharisaaus
929 1203 1058 1258 dicit
1084 1220 1097 1256 :
1122 1201 1243 1255 Non
1271 1217 1383 1254 sum
1402 1201 1530 1254 sicut
1555 1198 1725 1252 ueteri

168 1302 398 1364 homines,
433 1308 633 1367 raptor,
666 1305 758 1350 aut
796 1309 1006 1348 avarus.
1038 1292 1142 1347 Sed
1170 1291 1295 1362 quid
1319 1291 1341 1343 ?
1368 1290 1555 1358 Jejuno
1581 1288 1653 1341 bis
1673 1288 1727 1340 in

166 1398 378 1460 sabbato,
406 1394 623 1447 decimas
654 1391 718 1444 do
738 1390 799 1443 de
825 1387 1148 1458 facultatibus
1178 1389 1299 1439 meis
1330 1383 1483 1453 (Luc.
1517 1382 1607 1436 18.
1635 1381 1722 1435 15.

170 1492 239 1542 11.
267 1489 332 1542 i2
353 1491 391 1554 ).
423 1486 721 1540 Pharisacus
748 1496 909 1550 opera
938 1480 1150 1547 iustitiae
1174 1476 1460 1545 praestabat
1489 1492 1502 1527 :
1540 1471 1717 1542 publi-

166 1594 315 1633 canus
346 1578 504 1632 verha
533 1575 740 1630 dicebat
758 1571 1095 1635 humilitatis,
1125 1577 1178 1622 et
1206 1566 1367 1621 verba
1392 1564 1509 1633 plus
1541 1570 1727 1633 potue-

169 1682 277 1724 rttnl
296 1684 454 1738 quam
482 1668 640 1731 facta,
675 1676 953 1733 tantusque
986 1661 1263 1715 thesaurus
1284 1653 1595 1709 exsufﬂatus
1617 1659 1720 1716 est,

168 1774 211 1817 ct
236 1772 375 1815 tanta
407 1761 580 1829 inopia
604 1760 656 1811 in
686 1757 893 1812 divitias
916 1759 1264 1808 commutata.
1298 1749 1570 1802 Venerunt
1610 1744 1728 1798 dure

168 1870 319 1908 naves
346 1852 600 1906 habentes
623 1863 790 1910 unus;
821 1845 991 1900 amba:
1042 1853 1252 1912 portum
1291 1841 1540 1908 ingressae
1566 1844 1726 1898 sunt;

166 1946 247 2000 scd
295 1944 604 2013 publicanus
644 1939 861 2008 pulchre
907 1938 959 1991 in
1007 1945 1213 2004 portum
1261 1930 1503 1999 appulit,
1538 1927 1723 1981 Phari-

166 2051 293 2089 smus
331 2045 513 2087 autem
540 2030 872 2097 naufragium
899 2038 1183 2096 perpessus
1226 2031 1343 2085 est,
1392 2029 1446 2074 ut
1471 2018 1725 2078 disceres,

165 2138 410 2196 quantum
459 2124 579 2176 mali
611 2123 679 2175 sit
699 2119 857 2174 animi
891 2127 1085 2171 tumor.
1112 2113 1294 2169 Justus
1321 2126 1380 2165 es
1403 2110 1424 2162 ?
1446 2108 1522 2163 Ne
1548 2106 1727 2176 depri-

168 2234 269 2271 mas
300 2219 516 2270 fratrem
569 2224 737 2267 tutnn.
785 2211 968 2265 Flores
998 2220 1141 2261 reete
1174 2204 1368 2259 factis?
1416 2202 1491 2256 Ne
1534 2200 1726 2270 probra

163 2310 315 2377 jacias
376 2309 426 2360 in
491 2304 828 2374 proximum,
886 2310 1105 2367 tuasque
1170 2294 1353 2349 laudes
1413 2291 1724 2360 comprime.

166 2402 366 2467 Quanto
394 2398 565 2466 major
591 2412 668 2457 es,
700 2403 843 2449 tanto
884 2392 1051 2461 magis
1076 2389 1316 2458 deprime
1359 2385 1607 2454 tcipsum.
1635 2384 1729 2437 At—

165 2492 309 2547 tende
332 2490 473 2558 quod
504 2489 697 2543 dicitur
719 2528 735 2554 ,
766 2484 1061 2540 carissime.
1106 2478 1463 2550 Magisjustus
1490 2484 1728 2529 metuere

164 2586 311 2639 debet
353 2580 709 2650 arrogantiam
761 2592 917 2647 quam
962 2582 1207 2643 peccator
1253 2570 1397 2624 :hoc
1439 2567 1552 2623 heri
1582 2567 1723 2621 dice-

163 2677 295 2738 bam,
335 2683 389 2728 et
424 2672 583 2726 hodie
607 2669 726 2724 dico
755 2675 969 2737 pr0pter
993 2680 1086 2719 eos
1115 2664 1201 2732 qui
1234 2662 1347 2717 heri
1378 2661 1621 2724 aberant,
1657 2672 1723 2711 eo

163 2764 295 2834 quod
343 2772 591 2833 peccator
632 2759 822 2813 habeat
868 2754 1247 2811 conscientiam
1298 2767 1361 2805 ex
1412 2750 1727 2804 necessitate

164 2857 410 2911 humilem
454 2871 468 2908 :
516 2854 688 2923 justus
735 2860 910 2904 autem
967 2847 1037 2901 ob
1092 2843 1366 2900 benefacta
1419 2840 1724 2896 extollatur.

160 2944 609 3014 Quemadmodum
644 2941 800 3012 igitur
830 2939 889 2993 fit
912 2935 1221 3006 innavigiis,
1247 2931 1337 3001 qui
1360 2946 1583 2986 vacuam
1612 2929 1709 2982 ha-

162 3040 279 3092 bent
299 3052 487 3092 navem
514 3077 528 3101 ,
568 3048 671 3087 non
702 3037 943 3086 metuunt
972 3027 1261 3096 piratarum
1288 3022 1539 3076 insultum
1571 3037 1584 3073 :
1616 3033 1725 3074 non

159 3131 295 3183 enim
331 3127 551 3181 veniunt
597 3132 655 3178 ut
695 3127 975 3176 conteram
1001 3130 1189 3170 navem
1240 3112 1370 3166 nihil
1398 3110 1679 3165 vehentem
1711 3124 1723 3160 :

157 3230 206 3274 at
237 3221 270 3273 ii
315 3218 401 3287 qui
433 3229 622 3269 navem
648 3212 843 3266 habent
871 3216 1118 3263 onustam
1148 3245 1163 3270 ,
1195 3208 1438 3258 metuunt
1468 3201 1666 3271 piratas
1704 3216 1718 3254 :

159 3328 274 3365 nam
310 3311 473 3379 pirata
501 3308 626 3361 illuc
651 3308 921 3375 pr0perat,
952 3300 1039 3354 ubi
1068 3312 1278 3361 aurum,
1301 3295 1389 3349 ubi
1412 3300 1715 3362 argentum,

162 3404 246 3456 ubi
284 3401 485 3471 lapides
514 3396 729 3468 pretiosi
758 3412 771 3448 :
801 3394 879 3448 sic
916 3403 973 3446 et
1001 3388 1244 3445 diabolus
1276 3400 1381 3440 non
1428 3384 1580 3438 facile
1604 3397 1729 3452 pec-

155 3505 388 3549 catorcm
428 3489 746 3561 aggreditur,
796 3484 891 3540 sed
931 3484 1132 3553 jusmm
1176 3478 1371 3551 potius,
1418 3475 1507 3531 ubi
1549 3474 1729 3529 multa:

158 3596 277 3638 sunt
306 3598 457 3652 Opes.
498 3581 756 3648 Quoniam
787 3590 930 3645 szepe
955 3570 1255 3642 arrogantia
1278 3584 1341 3624 ex
1372 3566 1583 3622 insidiis
1610 3566 1728 3620 dia-

157 3676 256 3727 boli
284 3674 476 3737 oritur,
498 3667 816 3739 vigilandum
845 3675 927 3720 est
957 3665 994 3717 ί.
1026 3662 1235 3730 Quanto
1265 3659 1436 3724 major
1466 3671 1546 3722 es,
1582 3666 1726 3708 tanto

157 3767 323 3835 magis
366 3762 603 3832 deprime
645 3758 889 3826 tcipsum.
921 3754 1053 3808 Cum
1088 3748 1393 3804 ascenderis
1435 3746 1487 3799 in
1528 3746 1727 3808 altum,

153 3870 285 3923 tiptts
312 3864 398 3909 est
425 3862 481 3907 ut
522 3850 611 3905 tibi
641 3847 929 3919 prospicias
971 3859 1036 3897 ne
1079 3840 1258 3896 cadas.
1286 3838 1643 3905 Quamobrem
1673 3846 1727 3890 et

158 3948 411 4000 Dominus
446 3951 627 3997 noster
677 3939 806 3993 dicit
854 3954 868 3991 :
906 3935 1033 3991 Cant
1075 3933 1242 3987 omnia
1270 3930 1506 4001 feceritis,
1532 3930 1678 3982 dicite
1711 3943 1729 3979 :

155 4039 375 4090 Inutiles
424 4034 552 4089 servi
598 4048 767 4086 sumus
826 4028 975 4099 (Luc.
1028 4028 1115 4080 17.
1162 4024 1285 4093 10).
1337 4022 1472 4089 Quid
1524 4022 1729 4076 ell‘erris

152 4132 332 4185 animo
360 4143 481 4183 cum
524 4127 597 4180 sis
625 4125 802 4187 homo,
830 4129 1085 4191 cognatus
1115 4128 1270 4172 terrae
1293 4156 1307 4181 ,
1340 4115 1575 4182 ejusdem
1606 4113 1731 4166 sub-

150 4219 364 4275 stantire
404 4231 527 4271 cum
556 4215 755 4275 cinere,
805 4220 913 4264 tum
966 4218 1172 4267 natura,
1213 4214 1322 4259 tum
1368 4204 1567 4267 animo,
1619 4212 1728 4255 tum

152 4312 424 4365 actionum
472 4305 722 4360 delectu?
765 4301 932 4357 Hodie
960 4298 1129 4362 dives,
1159 4312 1275 4351 cras
1309 4309 1537 4364 pauper;
1572 4292 1730 4349 hodie

150 4419 338 4466 sanas,
372 4414 491 4455 cras
520 4405 783 4467 :egrotus;
816 4391 974 4446 hodie
1001 4389 1223 4460 gaudes,
1257 4402 1377 4441 cras
1404 4383 1596 4447 doles;
1632 4381 1728 4436 ho-

148 4495 233 4548 die
265 4494 322 4546 in
353 4490 543 4561 gloria,
575 4500 697 4540 cras
724 4485 776 4537 in
798 4480 1086 4552 ignominia
1113 4495 1126 4540 ;
1164 4472 1576 4545 hodiejuvenis,
1605 4486 1725 4527 cras

147 4598 337 4639 senex.
368 4580 502 4635 Nunt
551 4574 746 4645 aliquid
792 4574 841 4625 in
890 4568 1321 4626 relmshumanis
1370 4563 1734 4625 consistit,ac

148 4691 249 4729 non
280 4674 463 4743 potius
500 4668 736 4723 amnium
769 4660 1244 4734 prmterﬂuentium
1272 4671 1487 4711 cursum
1521 4653 1733 4707 imitan-

146 4781 231 4821 tur
260 4763 448 4820 omnia
472 4762 493 4814 ?
523 4758 653 4813 Nam
680 4754 834 4810 simul
857 4763 1016 4821 atque
1037 4755 1416 4819 apparuerunt,
1447 4745 1603 4799 citius
1630 4756 1731 4796 nos

143 4876 307 4928 quam
363 4854 555 4909 umbra
599 4850 927 4917 relinquunt.
984 4843 1120 4909 Quid
1166 4841 1321 4910 igitur
1361 4838 1528 4893 altum
1568 4835 1731 4902 sapis,

143 4927 329 5015 homo,
388 4947 563 5002 fumus
594 4952 647 4998 et
670 4937 920 4995 vanitas?
950 4935 1114 4989 Homo
1139 4933 1279 4988 enim
1306 4930 1515 4984 vanitati
1557 4927 1734 4982 similis

147 5049 317 5112 {nctus
369 5048 446 5093 est
492 5034 663 5106 (Psal.
707 5032 830 5086 HS.
887 5030 977 5096 4).
1038 5026 1203 5081 Veluti
1233 5029 1419 5095 foenum
1472 5022 1576 5074 dies
1627 5021 1735 5084 eius

142 5133 316 5197 tPsal.
356 5128 481 5185 102.
514 5126 623 5191 15).
656 5122 865 5176 Exaruit
895 5134 1119 5189 gramen,
1161 5127 1210 5170 et
1252 5117 1347 5185 ﬂos
1400 5116 1507 5182 ejus
1552 5112 1737 5165 decidit

138 5232 152 5297 (
193 5228 327 5283 Isai.
365 5222 458 5278 to.
491 5220 523 5276 8
546 5220 587 5288 1.

210 5319 328 5373 Rex
383 5309 656 5367 sacerdotis
702 5322 802 5359 non
848 5318 1091 5371 usurpare
1136 5300 1275 5353 debet
1310 5298 1622 5367 dignitatem.
1667 5323 1737 5335 ——

140 5412 266 5465 ll;ec
299 5408 431 5461 dico
460 5418 563 5457 non
592 5410 648 5453 ut
677 5394 1023 5452 substantiam
1041 5392 1358 5460 deprimam,
1382 5386 1474 5441 sed
1503 5395 1559 5438 ut
1588 5399 1735 5437 arro-

139 5501 387 5573 gantiam
419 5494 708 5549 refrenem.
738 5485 943 5555 Alioqui
975 5495 1027 5537 et
1047 5498 1232 5551 magna
1263 5496 1347 5535 res
1367 5490 1443 5534 est
1478 5479 1657 5539 homo,
1684 5486 1738 5530 et

141 5594 384 5662 pretiosa
435 5601 522 5641 res
566 5585 644 5637 vir
688 5579 1008 5636 misericors.
1055 5577 1251 5630 Verum
1296 5573 1380 5627 hic
1411 5573 1564 5627 Ozias
1615 5586 1735 5623 cum

201 5730 215 5757 ¹
258 5733 400 5773 [τιιυε
424 5720 495 5769 sic
519 5717 705 5765 habet:
741 5710 967 5765 Quoniam
1005 5722 1067 5758 ex
1106 5707 1383 5772 arrogantia
1420 5713 1617 5759 DCCCttlll
1656 5718 1736 5754 utt-

137 5797 366 5845 snmtur,
403 5790 656 5844 propterea
681 5774 973 5838 vigilandum
1000 5780 1086 5821 est.

1148 359 1209 413 ΙΝ
1254 357 1471 421 lLLUD,
1522 354 1651 408 VIDI
1698 352 2023 422 DOMINUM,
2068 354 2291 411 HOTtllL.
2338 352 2420 411 IV.

3306 359 3419 415 126

1834 481 1975 525 esset
2001 485 2094 525 rex
2120 470 2415 525 diademate
2445 470 2720 525 redimitus
2748 511 2761 533 ,
2791 469 3039 539 quoniam
3064 477 3178 522 erat
3212 468 3403 535 justus,

1832 561 2000 615 elatus
2034 570 2117 615 est
2154 562 2354 625 animo,
2384 570 2438 616 et
2476 561 2683 630 majore
2731 561 2916 630 spiritu
2946 567 3205 627 concepto
3247 575 3407 629 quam

1833 665 1927 718 pro
1956 651 2210 720 dignitate
2234 693 2247 716 ,
2279 652 2547 721 ingressus
2587 661 2670 707 est
2698 651 2972 719 templum.
3020 651 3085 706 Et
3130 650 3255 721 quid
3282 651 3413 705 dicit

1831 741 2139 809 Scriptura?
2186 740 2450 812 Ingressus
2493 749 2565 796 est
2613 751 2786 795 sancta
2827 752 3147 805 sanctorum,
3204 740 3404 807 aitque,

1841 829 1966 885 Volo
1992 832 2195 885 adolere
2219 833 2477 887 incensum
2513 832 2603 901 (2.
2643 832 2823 887 Paral.
2855 832 2945 886 26.
2980 833 3112 901 16).
3145 832 3255 885 Rex
3287 847 3409 885 cum

1830 922 1919 987 sit,
1950 921 2229 977 sacerdotii
2261 922 2613 992 principatum
2651 930 2885 993 usurpat.
2923 920 3066 985 Volo,
3097 923 3269 991 inquit
3312 923 3410 973 ad-

1833 1014 1966 1067 olere
1994 1014 2271 1081 iurensum,
2300 1014 2609 1084 quiajnstus
2635 1029 2775 1068 sum.
2801 1014 2907 1070 Sed
2938 1030 3093 1068 mane
3123 1014 3260 1068 intra
3292 1022 3413 1068 tuos

1832 1104 2126 1159 terminos:
2158 1105 2245 1159 alii
2285 1114 2410 1158 sunt
2438 1105 2646 1158 termini
2671 1105 2840 1174 regni,
2870 1104 2957 1158 alii
2992 1104 3202 1158 termini
3230 1118 3411 1158 sacer—

1831 1194 1962 1249 dotii
2008 1214 2021 1250 :
2054 1211 2238 1250 verum
2268 1196 2371 1250 hoc
2410 1196 2498 1249 illo
2524 1197 2697 1265 majus
2724 1204 2823 1249 est.
2854 1195 3035 1265 Neque
3059 1196 3202 1250 enim
3233 1210 3299 1249 ex
3326 1194 3412 1249 his

1832 1301 1949 1355 quae
1992 1286 2236 1340 videntur
2281 1286 2365 1341 hic
2411 1286 2710 1341 declaratur
2750 1302 2842 1340 rex
2872 1326 2886 1350 ,
2913 1301 3087 1356 neque
3130 1301 3159 1340 e
3184 1288 3408 1356 gemmis

1834 1376 1907 1428 illi
1935 1376 2130 1443 afﬁxis,
2152 1392 2324 1447 neque
2344 1392 2409 1431 ex
2432 1392 2562 1431 auro
2583 1394 2689 1447 quo
2717 1379 2942 1432 amictus
2963 1385 3065 1442 est,
3095 1376 3252 1431 debet
3278 1378 3413 1431 aesti-

1834 1467 1964 1519 mari
1998 1482 2113 1521 rex.
2147 1466 2241 1521 ille
2285 1468 2500 1536 quidem
2540 1482 2602 1522 ea
2632 1483 2750 1537 quae
2777 1476 2901 1521 sunt
2928 1468 2979 1520 in
3013 1468 3169 1521 terris
3194 1468 3413 1522 sortitus

1834 1566 1916 1611 est
1959 1557 2379 1612 administranda
2412 1576 2426 1613 :
2454 1568 2707 1612 creterum
2730 1557 3011 1612 sacerdotii
3038 1558 3123 1624 jus
3165 1572 3196 1612 e
3225 1572 3411 1626 supcr-

1837 1650 1917 1702 nis
1967 1649 2243 1703 descendit
2274 1668 2287 1704 :
2325 1650 2665 1717 Quaecumque
2683 1651 2817 1703 enim
2838 1651 3106 1721 ligaveritis
3125 1666 3274 1718 super
3302 1662 3404 1701 ter-

1832 1755 1970 1802 ram,
2002 1748 2145 1791 erunt
2173 1741 2330 1809 ligata
2358 1750 2403 1795 et
2426 1742 2479 1794 in
2502 1741 2625 1795 ctelo
2652 1740 2672 1811 (
2698 1740 2886 1794 Matth.
2916 1742 3002 1795 16.
3035 1742 3145 1810 19).
3181 1743 3309 1811 Regi
3337 1757 3398 1794 ea

1833 1842 1951 1896 qute
1993 1827 2079 1884 hic
2115 1840 2260 1895 sunt,
2301 1831 2586 1886 commissa
2615 1839 2761 1896 sunt,
2789 1831 2919 1885 mihi
2971 1832 3204 1886 cmlcstia
3237 1849 3248 1885 :
3279 1833 3409 1885 mihi

1834 1933 1950 1971 cum
1982 1918 2133 1983 dico,
2165 1921 2497 1975 sacerdotem
2541 1922 2799 1992 intelligo.
2834 1922 3017 1994 Itaque
3045 1939 3168 1980 cum
3212 1923 3411 1979 videris

1834 2009 2165 2064 sacerdotem
2216 2010 2524 2081 indignum,
2567 2028 2635 2067 ne
2685 2013 2932 2067 traducas
2989 2014 3345 2069 sacerdotium
3396 2032 3409 2067 :

1834 2116 1936 2153 non
1982 2102 2126 2156 enim
2177 2112 2384 2171 oportet
2440 2104 2694 2159 damnare
2750 2120 2874 2169 res,
2925 2105 3017 2159 sed
3054 2122 3175 2160 eum
3217 2108 3304 2175 qui
3358 2124 3413 2162 re

1835 2190 1970 2245 bona
2027 2192 2164 2246 male
2220 2194 2417 2260 utitur;
2461 2195 2890 2264 quandoquidem
2937 2205 2990 2250 et
3028 2196 3189 2251 Judas
3236 2199 3413 2266 prodi-

1836 2290 1917 2334 tor
1946 2280 2064 2345 fuit,
2086 2297 2273 2337 verum
2302 2299 2407 2338 non
2434 2285 2503 2339 ob
2536 2285 2585 2338 id
2612 2296 2894 2340 accusatur
2910 2287 3040 2340 ordo
3063 2288 3409 2356 apostolicus,

1833 2373 1925 2427 scd
1956 2375 2094 2428 illius
2118 2376 2328 2431 animus
2360 2391 2489 2431 :nec
2510 2377 2714 2433 crimen
2734 2389 2815 2432 est
2843 2379 3148 2445 sacerdotii,
3180 2380 3273 2434 sed
3302 2397 3413 2433 ma-

1835 2464 1939 2518 lum
1967 2466 2149 2519 animi.

1902 2557 1955 2610 5.
1986 2556 2282 2611 Sacerdotes
2305 2559 2429 2611 ntali
2447 2558 2782 2627 vituperandi,
2806 2575 2905 2612 non
2931 2559 3286 2613 sacerdotium.
3316 2560 3416 2614 Sa-

1832 2645 2088 2698 ccrdotum
2139 2650 2303 2718 major
2349 2649 2568 2719 dignitas
2604 2666 2757 2719 quam
2800 2652 2947 2719 regis.
2998 2649 3229 2703 Historia
3278 2652 3409 2720 regis

1836 2734 1974 2788 Ozias
1998 2737 2273 2807 peragitur.
2296 2768 2366 2777 —
2388 2738 2453 2792 Et
2482 2748 2535 2793 tu
2556 2740 2714 2809 igitur
2740 2756 2807 2794 ne
2828 2740 3181 2794 sacerdotium
3208 2740 3412 2808 vitupe-

1831 2841 1937 2893 res,
1982 2826 2074 2880 sed
2104 2828 2434 2883 sacerdotem
2473 2829 2612 2883 male
2657 2845 2717 2883 rc
2744 2830 2881 2883 bona
2915 2839 3168 2884 utentem.
3202 2830 3409 2885 Etenim

1832 2921 1874 2972 si
1904 2921 2022 2989 quis
2053 2929 2225 2975 tecum
2252 2920 2503 2990 disputet,
2533 2922 2778 2991 dicatque
2810 2940 2822 2974 ε
2859 2922 3045 2977 Vidisti
3076 2923 3224 2976 illum
3255 2922 3410 2977 Citri-

1832 3012 2097 3065 stianum?
2124 3013 2444 3081 respondeto
2470 3030 2483 3067 :
2516 3016 2583 3067 At
2601 3029 2699 3082 ego
2723 3030 2827 3068 non
2848 3014 2916 3069 de
2937 3015 3197 3083 personis,
3222 3014 3314 3068 sed
3346 3015 3412 3067 de

1832 3101 1991 3156 rebus
2020 3102 2111 3157 tibi
2136 3102 2344 3173 loquor.
2374 3104 2582 3172 Alioqui
2608 3113 2736 3173 quot
2765 3105 2953 3159 medici
2985 3102 3108 3158 facti
3140 3114 3261 3157 sunt
3290 3120 3410 3159 car-

1833 3193 2033 3260 niﬁces,
2068 3208 2132 3247 ac
2155 3208 2358 3248 venena
2386 3210 2480 3263 pro
2519 3195 2816 3264 pharmacis
2841 3194 3136 3248 dederunt?
3176 3194 3289 3249 Non
3333 3204 3415 3248 ta-

1833 3300 1953 3339 men
1986 3294 2152 3340 artem
2200 3285 2462 3356 vitupero,
2509 3285 2601 3340 sed
2640 3285 2779 3340 male
2825 3295 3059 3340 utentem
3099 3294 3233 3339 arte.
3277 3286 3421 3352 Quot

1833 3388 2007 3433 nauta:
2050 3377 2189 3432 male
2234 3376 2605 3432 demerserunt
2647 3377 2895 3446 navigia?
2922 3376 3114 3430 Verum
3166 3391 3270 3430 non
3325 3390 3413 3429 ars

1835 3468 2112 3539 navigandi
2158 3467 2298 3522 mala
2338 3475 2436 3533 est,
2483 3467 2578 3522 sed
2624 3466 2797 3521 malus
2832 3465 3041 3520 illorum
3084 3466 3310 3520 animus.
3359 3466 3412 3519 Si

1832 3557 2161 3613 Christianus
2198 3556 2356 3612 fuerit
2372 3558 2669 3625 improbus,
2685 3574 2755 3614 ne
2770 3554 2986 3610 incuses
2996 3554 3187 3625 dogma
3206 3570 3307 3609 nec
3326 3569 3381 3608 sa
3400 3585 3412 3592 -

1832 3647 2149 3711 cerdotium,
2181 3648 2275 3703 sed
2294 3660 2349 3700 re
2372 3643 2513 3698 bona
2537 3650 2781 3698 utentem
2813 3639 2969 3694 male.
3013 3637 3143 3708 Regi
3187 3652 3410 3706 corpora

1832 3738 2114 3792 commissa
2142 3743 2285 3801 sunt,
2317 3732 2577 3787 sacerdoti
2604 3735 2829 3796 animae;
2864 3746 2960 3785 rex
2990 3730 3200 3786 residua
3248 3745 3410 3798 pecn-

1834 3830 2038 3883 niarum
2066 3826 2305 3889 remittit,
2330 3823 2580 3879 sacerdos
2600 3832 2775 3877 autem
2800 3822 3009 3877 residua
3038 3829 3372 3890 peccatorum
3396 3839 3407 3874 :

1835 3921 1920 3974 ille
1958 3919 2118 3990 cogit,
2161 3917 2247 3971 hic
2272 3915 2624 3971 exhortatur:
2654 3914 2740 3967 ille
2769 3913 3104 3976 necessitate,
3150 3912 3235 3965 hic
3281 3926 3413 3965 con-

1834 4011 1953 4064 silio
1977 4028 1989 4062 :
2025 4010 2112 4063 ille
2135 4007 2294 4062 habet
2318 4021 2463 4060 arma
2486 4004 2778 4070 sensibilis,
2808 4003 2891 4057 hic
2912 4018 3057 4057 arma
3081 4003 3370 4073 spirituaiia
3399 4023 3409 4056 :

1835 4104 1921 4156 ille
1949 4101 2146 4156 bellum
2183 4101 2319 4168 gerit
2347 4114 2468 4153 cum
2505 4096 2761 4161 barbaris,
2797 4094 2925 4149 mihi
2974 4095 3169 4149 bellum
3210 4106 3291 4149 est
3318 4096 3414 4149 ad-

1837 4208 2018 4248 versus
2059 4191 2349 4247 daemones.
2393 4188 2558 4259 Major
2599 4188 2683 4242 hic
2727 4186 3089 4256 principatus;
3137 4196 3415 4255 propterea

1836 4302 1931 4340 rex
1959 4294 2118 4353 caput
2161 4282 2424 4337 submittit
2466 4282 2642 4334 manui
2686 4277 3000 4341 sacerdotis,
3037 4285 3089 4329 et
3130 4277 3324 4343 ubique
3364 4278 3417 4329 in

1833 4377 2005 4431 Veteri
2025 4376 2301 4444 Scriptura
2331 4372 2637 4427 sacerdotes
2666 4367 2990 4437 inuugebant
3018 4382 3189 4434 rcges.
3219 4366 3416 4420 Verum

1838 4482 1929 4521 rex
1958 4466 2043 4520 ille
2068 4478 2162 4517 sua
2192 4462 2491 4516 transiliens
2522 4469 2690 4529 septa,
2716 4458 3036 4527 modumque
3068 4457 3217 4526 regni
3243 4464 3416 4510 trans-

1836 4575 2073 4631 gressus,
2110 4567 2332 4611 conatus
2374 4564 2457 4609 est
2493 4554 2688 4624 aliquid
2719 4552 2933 4616 addere,
2965 4561 3121 4621 atque
3152 4551 3421 4619 ingressus

1836 4662 1917 4707 cst
1939 4650 2191 4718 templum
2213 4662 2331 4702 cum
2354 4643 2959 4707 auctoritatc,incensum
2977 4643 3197 4698 adolere
3214 4642 3421 4696 volens.

1837 4741 1973 4807 Quid
2000 4738 2157 4809 igitur
2181 4736 2466 4792 sacerdos?
2493 4736 2607 4790 Non
2638 4735 2761 4789 licet
2787 4732 2901 4800 tibi,
2924 4732 3074 4799 Ozia,
3104 4731 3320 4786 adolere
3344 4732 3424 4783 in-

1838 4847 2076 4887 censum.
2112 4829 2247 4885 Vide
2278 4829 2596 4893 libertatem,
2640 4824 2761 4880 vide
2802 4832 3035 4879 mentem
3077 4822 3280 4877 servire
3326 4838 3422 4874 ne-

1840 4923 2024 4986 sciam,
2074 4920 2193 4975 vide
2241 4920 2470 4989 linguam
2499 4917 2661 4972 caclos
2703 4917 3079 4984 attingentem,
3126 4911 3423 4965 libertatem

1840 5016 2110 5081 invictam,
2160 5014 2278 5067 vide
2331 5011 2560 5066 hominis
2587 5024 2800 5078 corpus,
2833 5017 2885 5061 et
2928 5004 3103 5075 angeli
3150 5014 3422 5058 mentem:

1840 5110 1959 5164 vide
1986 5107 2128 5163 humi
2159 5105 2563 5176 ingredientem,
2596 5112 2650 5157 et
2680 5102 2733 5154 in
2773 5100 2903 5154 caelo
2930 5106 3252 5154 versantem.
3282 5094 3429 5151 Vidit

1842 5218 2045 5274 regem,
2088 5216 2192 5255 non
2244 5199 2373 5252 vidit
2411 5210 2693 5266 purpuram
2732 5210 2745 5246 :
2778 5192 2912 5247 vidit
2941 5207 3141 5262 regem,
3172 5206 3269 5244 nec
3293 5188 3436 5242 vidit

1842 5294 2102 5349 diadema.
2134 5290 2210 5345 Ne
2237 5289 2361 5342 mihi
2389 5287 2586 5341 dixeris
2612 5300 2731 5341 esse
2760 5299 3003 5353 regnum,
3032 5284 3118 5336 ubi
3146 5290 3226 5336 est
3250 5282 3423 5349 legum

1845 5382 2212 5453 transgressio.
2250 5379 2369 5432 Non
2401 5379 2512 5431 licet
2542 5376 2647 5438 tibi,
2679 5392 2789 5441 rex,
2818 5376 3019 5427 adolere
3054 5374 3318 5426 incensum
3344 5368 3420 5418 iu-

1843 5487 1919 5529 tra
1946 5484 2119 5528 sancta
2158 5481 2445 5524 sanctorum
2478 5468 2553 5539 (2.
2590 5468 2766 5520 Paral.
2809 5465 2900 5519 26.
2936 5466 3063 5533 18);
3096 5461 3432 5516 transccntlis

1844 5576 2012 5637 septa,
2044 5564 2237 5632 qumris
2270 5562 2361 5616 tibi
2404 5577 2508 5614 non
2542 5574 2793 5613 concessa
2823 5576 2834 5611 :
2869 5557 2987 5610 ideo
3017 5570 3133 5623 qua:
3172 5552 3427 5619 accepisti

1846 5661 2053 5728 perdes.
2086 5654 2207 5707 Non
2237 5655 2348 5707 licet
2379 5653 2466 5705 tibi
2491 5650 2691 5703 adolere
2720 5650 3005 5708 incensum,
3040 5645 3126 5697 sed
3155 5644 3427 5697 sacerdoti-

1845 5756 1932 5807 bus
1958 5753 2089 5805 istud
2129 5749 2301 5801 datum
2344 5755 2429 5799 cst.
2463 5743 2579 5797 Non
2619 5753 2761 5796 tuum
2804 5748 2885 5793 cst
2925 5736 3043 5803 hoc,
3087 5734 3181 5791 sed
3227 5749 3421 5789 meum.
