4148 6306
677 351 788 406 127

679 459 816 514 Num
855 463 1002 510 tuam
1046 447 1294 519 usurpavi
1342 443 1664 517 purpuram?
1691 441 1771 496 Ne
1816 453 2042 509 usurpes
2083 451 2263 492 meum

680 536 1057 597 sacerdotium.
1091 532 1212 588 Non
1241 531 1353 584 licet
1380 530 1466 583 tibi
1494 527 1698 581 adolere
1715 525 1995 588 incensum,
2029 521 2117 576 sed
2152 529 2267 573 tan-

681 644 787 689 tum
814 627 1155 686 sacerdotibus
1193 623 1316 694 filiis
1353 623 1546 676 Aaron.
1578 619 1705 674 Post
1736 616 1973 671 'multum
2010 610 2268 682 temporis

676 727 788 796 jam
817 721 1067 780 defuncto
1091 718 1304 774 Aarone
1330 714 1432 771 hoc
1452 711 1663 768 accidit.
1692 709 1763 764 Et
1785 706 2132 778 quamobrem
2159 717 2266 758 non

677 817 831 879 dixit,
865 811 1226 870 Sacerdotibus
1254 815 1486 873 tantum,
1517 803 1611 864 sed
1638 810 1695 857 et
1734 800 1903 870 patris
1938 796 2267 852 mentionem

679 908 847 964 fecit?
874 903 1081 961 Accidit
1106 902 1160 958 in
1183 900 1272 955 illo
1297 908 1558 969 tempore,
1583 903 1641 949 ut
1661 893 1766 948 tale
1786 891 2058 962 quidpiam
2081 889 2266 944 ﬁeret:

680 1002 886 1058 Datlian
921 997 1086 1060 enim,
1115 994 1318 1051 Abiron
1345 1001 1400 1048 et
1424 989 1562 1046 Core
1587 988 1989 1042 insurrexerant
2010 982 2271 1038 adversus

679 1095 903 1147 Aaron:
950 1097 1133 1159 aperta
1163 1091 1248 1141 est
1293 1091 1457 1148 terra,
1501 1093 1566 1134 ac
1589 1076 1867 1134 devoravit
1913 1075 2082 1139 illos;
2125 1071 2273 1127 venit

679 1184 817 1254 ignis
862 1196 895 1238 e
930 1180 1085 1244 caelo,
1122 1186 1176 1232 et
1215 1174 1420 1231 exussit
1447 1185 1541 1228 eos
1569 1169 1759 1241 (Num.
1789 1166 1856 1223 l6
1885 1178 1934 1222 et
1962 1165 2111 1220 Psal.
2143 1162 2269 1220 £05.

680 1277 768 1329 17.
799 1271 911 1342 18).
941 1269 1138 1325 Veiens
1178 1267 1338 1337 igitur
1361 1279 1484 1321 eum
1519 1259 1984 1316 commonefacere
2009 1256 2153 1311 illius
2181 1254 2266 1309 his

679 1364 881 1427 storiaz,
921 1360 1063 1428 quod
1092 1359 1222 1413 olim
1249 1370 1462 1427 quoque
1490 1351 1848 1409 sacerdotium
1875 1347 2113 1420 aggressi
2142 1346 2270 1411 sint,

683 1471 865 1513 verum
898 1469 1002 1508 non
1040 1449 1400 1513 succubuerit,
1431 1445 1528 1502 sed
1550 1445 1738 1500 adorta
1763 1452 1847 1499 est
1883 1440 2188 1505 multitudo,
2216 1447 2272 1494 et

687 1549 829 1602 Deus
855 1547 998 1600 illam
1027 1546 1170 1600 ultus
1191 1550 1314 1597 est:
1348 1538 1472 1595 Non
1496 1538 1613 1592 licet
1641 1536 1730 1591 tibi
1756 1535 1962 1589 adolere
1985 1535 2268 1597 incensum,

681 1638 770 1691 sed
797 1637 919 1692 solis
958 1633 1300 1690 sacerdotibus
1347 1631 1469 1700 ﬁliis
1511 1629 1706 1683 Aaron.
1736 1626 1852 1682 Non
1894 1625 2048 1691 dixit,
2084 1623 2269 1692 Cogita

682 1728 809 1800 quid
845 1727 988 1799 passi
1032 1727 1140 1784 sint
1178 1723 1268 1795 qui
1306 1733 1434 1778 tunc
1477 1720 1566 1776 illa
1599 1728 1878 1790 patrarunt
1909 1735 1923 1771 :
1970 1732 2078 1772 non
2108 1715 2268 1780 dixit,

682 1821 865 1892 Cogita
896 1832 990 1872 eos
1027 1815 1118 1886 qui
1153 1814 1563 1870 insurrexerunt
1599 1810 1910 1866 combustos
1951 1808 2147 1874 fuisse;
2177 1806 2273 1861 sed

683 1910 960 1966 nominato
1010 1908 1254 1972 Aarone,
1303 1919 1464 1974 quem
1508 1902 1656 1957 ultus
1697 1911 1781 1957 est
1829 1900 1999 1967 Deus,
2041 1913 2164 1953 cum
2208 1896 2275 1951 ad

684 2002 922 2058 historia:
974 1997 1395 2055 recordationem
1446 1994 1708 2062 adduxit,
1758 1992 1841 2048 liis
1890 1990 2275 2062 propemodum

684 2092 863 2148 verbis
892 2100 1050 2146 utens
1084 2108 1098 2146 :
1131 2088 1249 2144 Noli
1278 2086 1474 2143 audere
1501 2100 1620 2155 qua:
1648 2098 1810 2138 ausus
1836 2092 1919 2139 est
1949 2082 2178 2150 Dathan,
2207 2095 2277 2136 ne

687 2183 906 2254 patiaris
936 2180 1144 2246 eadem,
1179 2193 1298 2250 qua:
1326 2188 1566 2247 tempore
1590 2175 1770 2232 Aaron
1800 2175 2129 2231 acciderunt.
2162 2173 2278 2228 Rex

684 2284 862 2330 autem
889 2273 1048 2330 Ozias
1077 2287 1184 2326 non
1223 2269 1477 2326 sustinuit
1512 2267 1964 2331 admonitionem,
1997 2269 2093 2322 sed
2121 2281 2276 2320 arro-

684 2366 865 2438 gantia
896 2365 1109 2420 inflatus
1136 2363 1406 2433 ingressus
1432 2368 1514 2416 est
1539 2358 1820 2429 templum,
1853 2357 2063 2427 aperuit
2095 2365 2278 2411 sancta

686 2467 1016 2521 sanctorum,
1066 2455 1254 2510 volens
1303 2452 1520 2508 adolere
1563 2452 1863 2506 incensum.
1915 2448 2051 2516 Quid
2098 2457 2276 2503 autem

690 2552 871 2607 Deus?
900 2547 1000 2605 Ubi
1042 2547 1201 2618 igitur
1237 2545 1488 2603 sacerdos
1515 2551 1854 2614 contemptus
1880 2551 1988 2608 est,
2017 2540 2276 2611 dignitas-

688 2658 796 2714 que
834 2639 1121 2697 sacerdotii
1153 2642 1504 2705 conculcata,
1536 2650 1639 2691 nec
1682 2634 1971 2705 quidquam
2015 2643 2277 2703 prmterea

690 2743 897 2802 poterat
925 2730 1176 2788 sacerdos
1208 2747 1222 2783 :
1253 2743 1376 2784 nam
1413 2726 1710 2783 sacerdotis
1741 2733 1946 2780 tantum
1974 2733 2060 2780 est
2085 2739 2282 2793 argue-

689 2841 768 2890 re,
801 2822 1130 2890 liberamque
1159 2829 1412 2889 praestare
1436 2816 1875 2878 admonitionem,
1909 2829 2014 2870 non
2062 2827 2280 2868 movere

690 2931 859 2980 arma,
909 2929 1013 2967 non
1048 2912 1265 2983 clypeos
1305 2923 1585 2978 usurpare,
1615 2923 1721 2963 non
1759 2907 1972 2962 vibrare
2015 2906 2279 2972 lanceam,

693 3023 791 3062 nec
817 3020 1000 3059 arcum
1033 3001 1272 3066 tendere,
1301 3015 1400 3056 nec
1437 2999 1614 3070 jacula
1659 2999 1897 3065 mittere,
1939 2996 2034 3053 sed
2076 3005 2279 3052 tantum

692 3110 949 3166 arguere,
984 3107 1048 3148 ac
1091 3092 1257 3148 libere
1299 3105 1519 3146 monere
1554 3108 1568 3144 :
1603 3098 1952 3161 posteaquam
1991 3089 2152 3161 igitur
2191 3105 2281 3144 ar-

691 3187 894 3256 guisset
922 3183 1195 3251 sacerdos,
1227 3198 1322 3238 rex
1349 3191 1530 3237 autem
1558 3196 1665 3236 non
1694 3181 1981 3246 cessisset,
2011 3179 2105 3236 sed
2135 3196 2282 3235 arma

694 3285 954 3341 moveret,
986 3275 1202 3346 clypeos
1221 3283 1276 3329 et
1297 3272 1500 3339 hastas,
1530 3286 1732 3342 suaque
1759 3281 2000 3329 uteretur
2024 3272 2281 3343 potentia,

693 3367 767 3421 ibi
838 3364 1113 3426 sacerdos,
1166 3361 1311 3433 Ego,
1364 3361 1574 3432 inquit,
1626 3364 1774 3433 quod
1817 3372 1938 3420 erat
1982 3365 2088 3420 mei
2121 3363 2283 3420 officii

693 3455 938 3526 praestiti,
985 3453 1115 3507 nihil
1143 3451 1372 3522 amplius
1402 3465 1640 3520 possum,
1667 3465 1922 3508 succurre
1980 3453 2283 3510 sacerdotio

693 3547 836 3617 quod
883 3544 1246 3606 conculcatur,
1297 3543 1439 3613 leges
1469 3542 1764 3610 violantur,
1813 3544 1894 3598 fas
1937 3545 2281 3601 subvertitur.

693 3636 832 3706 Quid
875 3635 1036 3706 igitur
1076 3633 1165 3688 ille
1202 3631 1479 3687 hominum
1506 3633 1751 3687 amator?
1776 3634 1960 3689 Virum
1984 3636 2240 3692 audacem
2265 3638 2282 3669 ³

698 3727 989 3779 ulciscitur.
1009 3723 1072 3776 Et
1085 3723 1319 3775 continuo
1335 3723 1543 3792 efﬂoruit
1555 3723 1695 3790 lepra
1706 3725 1759 3776 in
1773 3725 2085 3792 fronteillius
2097 3727 2170 3799 (2.
2189 3726 2287 3780 Pa-

697 3818 793 3871 t-nl.
823 3817 910 3871 96.
938 3815 1048 3883 l9).
1075 3813 1402 3884 Ubicumque
1423 3823 1505 3869 est
1525 3813 1872 3885 impudentia,
1897 3817 2002 3873 illic
2022 3829 2103 3873 est
2130 3819 2283 3874 ultio.

773 3909 911 3964 Ultio
953 3907 1050 3961 Dei
1092 3907 1324 3960 clemens.
1358 3936 1427 3947 —
1457 3906 1648 3962 Vidisti
1691 3907 2072 3979 benignitatem
2127 3911 2282 3966 ultio-

698 4002 780 4057 nis
807 3997 1036 4053 divinae?
1075 3997 1191 4052 Non
1222 3997 1417 4053 fulmen
1448 3998 1646 4065 emisit,
1683 4014 1788 4054 nou
1831 4011 2032 4056 terram
2062 4017 2288 4059 concus-

697 4095 787 4157 sit,
822 4105 924 4142 non
955 4090 1244 4143 commovit
1267 4089 1488 4154 caelum;
1515 4090 1606 4143 sed
1638 4090 1871 4145 effloruit
1899 4093 2066 4162 lepra,
2100 4110 2206 4150 non
2234 4096 2286 4150 in

699 4187 808 4240 alio
840 4185 954 4238 loco
982 4197 1141 4251 quam
1172 4182 1225 4234 in
1255 4181 1448 4248 fronte,
1477 4192 1533 4235 ιιι
1559 4183 1719 4237 facies
1750 4199 1858 4251 [me
1885 4201 1943 4237 se
1970 4185 2136 4241 ferret
2163 4188 2284 4241 vin-

699 4278 894 4329 dictam
926 4276 967 4336 ',
1002 4281 1057 4327 ut
1088 4280 1354 4340 tamquam
1387 4273 1438 4325 in
1468 4273 1622 4341 cippo
1651 4272 1819 4326 litem:
1847 4283 2031 4328 essent
2060 4276 2289 4344 impres-

701 4383 795 4419 sae.
825 4365 940 4418 Non
981 4365 1122 4418 enim
1155 4372 1368 4431 propter
1399 4362 1546 4415 illum
1579 4362 1774 4417 factum
1808 4373 1910 4429 est,
1947 4363 2042 4420 sed
2075 4375 2292 4434 propter

702 4476 796 4516 eos
825 4459 914 4528 qui
959 4459 1010 4510 in
1051 4465 1322 4526 posterum
1365 4465 1491 4509 sunt
1535 4456 1717 4510 futuri.
1747 4457 1881 4511 Cum
1927 4458 2069 4512 enim
2112 4469 2294 4528 posset

706 4569 802 4623 pro
824 4550 1026 4605 meritis
1046 4564 1251 4618 ptenam
1278 4548 1535 4618 infligere,
1560 4564 1661 4602 non
1688 4550 1906 4613 inﬂixit;
1931 4552 2023 4606 sed
2047 4552 2098 4606 in
2121 4552 2294 4608 fronte

705 4647 852 4716 quasi
880 4644 961 4697 lex
995 4643 1164 4712 posita
1188 4652 1268 4697 est
1294 4643 1435 4696 velut
1462 4643 1512 4696 in
1543 4643 1661 4698 loco
1681 4642 1916 4709 sublimi,
1941 4644 2163 4700 dicens:
2190 4645 2295 4701 No-

704 4742 798 4795 lite
828 4739 1000 4791 facere
1031 4737 1175 4799 talia,
1212 4751 1276 4788 ne
1305 4736 1577 4804 patiamini
1603 4736 1822 4790 similia.
1856 4735 1999 4790 Exiit
2029 4737 2113 4792 lex
2154 4738 2292 4804 viva,

703 4842 758 4886 et
799 4829 945 4883 frons
991 4842 1176 4881 vocem
1209 4826 1374 4881 edidit
1403 4827 1525 4880 tuba
1568 4827 1852 4882 clariorem
1883 4846 1895 4880 :
1929 4827 2100 4883 litera:
2147 4841 2299 4883 erant

706 4919 976 4988 inscripta:
1009 4919 1186 4981 fronti,
1217 4918 1381 4972 literae
1408 4935 1526 4988 quae
1552 4917 1719 4974 deleri
1745 4935 1852 4974 non
1880 4930 2126 4989 poterant
2150 4940 2165 4976 :
2194 4939 2299 4976 non

706 5014 848 5065 enim
879 5021 1030 5064 erant
1051 5019 1348 5064 atramento
1377 5011 1664 5079 inscriptaz,
1696 5021 1751 5064 ut
1777 5011 1971 5081 aliquis
1999 5023 2180 5081 posset
2209 5013 2305 5068 de-

710 5107 842 5166 lere,
878 5101 971 5155 sed
1014 5102 1270 5153 naturalis
1311 5113 1424 5155 erat
1453 5101 1617 5170 lepra,
1646 5116 1876 5169 eumque
1921 5103 2174 5159 reddebat
2206 5105 2304 5158 im-

713 5192 992 5255 mundum,
1025 5200 1081 5245 ut
1107 5192 1242 5246 alios
1264 5191 1461 5245 faceret
1488 5192 1736 5247 mundos.
1766 5193 1833 5246 Et
1857 5194 2304 5262 quemadmodum

706 5290 825 5353 jure
867 5285 1163 5345 damnatos,
1213 5293 1555 5351 posteaquam
1599 5285 1776 5338 funem
1820 5287 2143 5352 acceperint,
2174 5287 2305 5340 edu-

712 5384 838 5427 t-unt
876 5373 1054 5426 funem
1097 5389 1190 5427 ore
1224 5382 1536 5442 gestantes:
1581 5373 1658 5426 sic
1697 5383 1752 5427 et
1795 5374 1882 5428 hic
1923 5375 2304 5440 abducebatur,

714 5483 813 5536 pro
839 5469 962 5519 I'une
989 5466 1190 5533 lepram
1223 5465 1272 5519 in
1303 5467 1473 5520 fronte
1510 5477 1744 5534 gestans,
1778 5482 1844 5521 eo
1875 5469 2015 5536 quod
2060 5470 2308 5523 sacerdo-

785 5647 814 5732 ι’
839 5651 996 5700 Unus,
1177 5645 1251 5703 fas
1289 5642 1444 5691 subret
1459 5644 1592 5694 titur.
1633 5651 1688 5692 Et
1729 5645 1836 5693 vide
1870 5645 1988 5707 quid
2009 5641 2094 5708 ﬁat
2118 5657 2133 5695 :
2161 5644 2312 5695 virum

720 5715 972 5757 auu'm‘t'm,
1001 5715 1095 5752 etc.

792 5780 804 5798 -
833 5762 959 5811 'l'res
985 5775 1111 5824 διε-ε..
1139 5773 1184 5814 ut
1211 5762 1438 5817 sitve/icti
1461 5774 1692 5829 trapetum
1717 5768 1880 5827 ferret.

1425 327 1485 384 S.
1513 322 1793 383 JOANNIS
1829 318 2310 379 CHRYSOSTOMI
2350 317 2664 374 ARCHlEP.
2703 319 3234 380 CONSTANTINOP.

3826 341 3941 398 128

2376 435 2507 489 tium
2546 435 2812 493 adecisset
2851 441 3189 496 contumelia.
3221 439 3346 496 Haec
3388 439 3596 513 loquor,
3625 455 3733 499 non
3765 439 3922 499 luces

2371 541 2495 581 sens
2518 542 2692 596 reges,
2713 530 2808 586 sed
2838 546 2932 585 eos
2971 534 3058 602 qui
3087 533 3387 603 arrogantia
3416 533 3600 605 iraque
3625 544 3752 593 sunt
3787 535 3953 601 ebrii,

2371 628 2428 673 ut
2453 618 2756 691 intelligatis
2785 623 3144 680 sacerdotium
3174 640 3339 696 regno
3365 625 3537 696 majus
3562 641 3707 683 esse.

2440 709 2494 764 6.
2533 709 2751 779 Semper
2781 712 2926 766 enim
2960 712 3120 780 Deus,
3163 715 3251 772 ubi
3289 716 3529 786 peccavit
3565 714 3767 784 anima,
3798 715 3963 786 punit

2369 817 2586 873 corpus.
2626 802 2814 859 itidem
2854 804 2979 861 fecit
3013 817 3066 864 et
3113 808 3166 864 in
3206 809 3362 866 Cain.
3405 809 3598 866 Anima
3637 817 3967 880 peccaverat

2369 895 2606 951 admisso
2634 895 2942 965 parricidio,
2987 908 3041 955 et
3077 914 3271 970 corpus
3311 900 3451 956 illius
3493 900 3722 971 paralysi
3750 909 3964 956 tactum

2369 999 2491 1043 est:
2521 989 2680 1060 idque
2717 990 2838 1061 jure
2864 994 3084 1063 optimo.
3112 991 3505 1058 Quamobrem?
3530 990 3746 1048 Gemens
3763 1006 3830 1045 ac
3855 1001 3966 1046 tre-

2371 1095 2510 1134 mens
2539 1083 2639 1136 eris
2674 1098 2828 1153 super
2857 1094 3044 1138 terram
3085 1082 3234 1154 (Gen.
3265 1082 3319 1138 ι.
3365 1082 3481 1153 12).
3525 1080 3596 1138 Et
3635 1081 3965 1138 circumibat

2371 1168 2524 1235 Cain,
2550 1172 2798 1228 omnibus
2827 1173 3072 1243 loquens,
3113 1173 3326 1230 silentio
3353 1186 3539 1229 vocem
3568 1172 3756 1241 edens,
3787 1172 3964 1228 silen-

2374 1260 2555 1331 tioque
2591 1262 2861 1319 erudiens.
2901 1263 3104 1335 Lingua
3148 1264 3379 1330 tacebat,
3408 1272 3464 1319 et
3491 1273 3683 1320 cetera
3716 1265 3965 1320 membra

2371 1353 2674 1410 clamabant
2699 1371 2714 1409 :
2738 1355 3050 1427 cunctisque
3077 1355 3398 1425 exponebat,
3425 1370 3524 1410 cur
3558 1365 3817 1425 gemeret,
3859 1370 3966 1410 cur

2375 1453 2625 1501 tremeret
2656 1462 2671 1500 :
2700 1446 2942 1503 Fratrem
2965 1447 3156 1512 occidi,
3187 1448 3525 1518 parricidium
3561 1446 3773 1503 admisi.
3805 1447 3964 1516 Quod

2375 1546 2559 1604 postea
2583 1535 2793 1608 Moyses
2817 1538 3020 1608 scripto
3045 1539 3292 1600 narravit,
3331 1538 3421 1593 ille
3445 1539 3606 1594 rebus
3631 1537 3762 1606 ipsis
3787 1537 3969 1593 omni-

2372 1625 2473 1680 bus
2499 1627 2722 1696 loquens
2759 1628 3133 1684 obambulabat
3173 1646 3189 1685 :
3238 1627 3358 1682 Non
3395 1629 3590 1683 occides
3623 1627 3823 1698 (Exod.
3865 1629 3968 1685 20.

2375 1717 2488 1786 15).
2517 1716 2707 1772 Vidisti
2735 1733 2798 1774 os
2835 1719 3018 1783 silens,
3063 1727 3118 1775 et
3153 1734 3267 1774 rem
3311 1718 3741 1774 vociferantem?
3783 1718 3966 1774 vidisti

2375 1808 2545 1878 legem
2589 1809 2764 1865 vivam
2805 1809 2974 1866 ferri?
3016 1811 3194 1867 vidisti
3236 1813 3446 1880 cippum
3493 1808 3970 1868 obambulantem?

2376 1901 2554 1956 vidisti
2601 1901 2886 1957 vindictam
2937 1903 3168 1957 vindicta
3219 1902 3368 1957 tolli?
3415 1903 3592 1957 vidisti
3639 1902 3970 1973 supplicium

2375 2008 2591 2050 versum
2619 1995 2675 2050 in
2699 1995 3018 2051 eruditionis
3063 1995 3379 2050 materiam?
3425 1997 3604 2053 vidisti
3651 2006 3968 2066 peccantem

2376 2084 2631 2151 animam,
2659 2093 2715 2141 et
2734 2099 2950 2141 carnem
2984 2086 3198 2143 dantem
3235 2087 3460 2156 poenas?
3485 2086 3647 2157 quue
3673 2087 3972 2144 admodum

2376 2187 2752 2246 congruenter.
2783 2177 2928 2234 ldem
2957 2177 3151 2233 accidit
3195 2179 3249 2233 in
3275 2178 3532 2234 Zacharia
3565 2196 3581 2232 :
3621 2181 3806 2235 anima
3849 2197 3972 2247 pec-

2378 2277 2547 2334 carat,
2569 2270 2818 2342 etlingua
2836 2271 3013 2326 vincta
3036 2280 3139 2326 est.
3163 2270 3295 2326 Nam
3326 2285 3450 2326 eum
3481 2272 3668 2327 inutile
3698 2273 3969 2326 redditum

2379 2369 2522 2414 esset
2548 2375 2804 2428 organum
2834 2361 3044 2431 linguae,
3089 2363 3178 2418 ille
3204 2364 3291 2432 qui
3321 2363 3504 2434 genuit
3541 2378 3730 2419 vocem
3761 2364 3971 2418 Zacha-

2381 2449 2488 2506 rias
2517 2452 2733 2519 punitus
2755 2461 2836 2507 est
2864 2451 3022 2522 (Luc.
3048 2453 3108 2523 2)
3140 2469 3153 2506 :
3185 2454 3262 2508 sic
3288 2455 3539 2509 nimirum
3558 2462 3615 2510 et
3638 2455 3801 2510 Ozias
3825 2456 3972 2526 lepra

2381 2541 2433 2595 in
2465 2541 2639 2597 fronte
2663 2553 2940 2613 correptus
2974 2553 3077 2611 est,
3107 2559 3227 2599 cum
3260 2556 3555 2615 peccasset,
3588 2557 3646 2601 ut
3675 2548 3766 2602 ille
3792 2548 3974 2602 erudi-

2379 2643 2545 2689 retur.
2578 2633 2647 2688 Et
2673 2649 2923 2705 egressus
2963 2645 3046 2692 est
3086 2652 3203 2703 rex,
3247 2637 3494 2692 omnibus
3537 2639 3847 2709 exemplum
3893 2639 3975 2692 fa-

2380 2735 2518 2789 ctus,
2542 2735 2926 2797 purgatumque
2947 2739 3027 2784 est
3056 2731 3330 2799 templum,
3352 2739 3405 2786 et
3426 2730 3631 2800 ejectus
3651 2741 3736 2785 est
3758 2731 3975 2785 nemine

2383 2816 2734 2884 propellente,
2767 2831 2994 2887 cumque
3019 2819 3374 2874 sacerdotium
3401 2820 3501 2873 sibi
3543 2819 3708 2875 vellet
3734 2835 3973 2886 sumere,

2382 2915 2436 2959 et
2481 2905 2584 2962 hoc
2626 2906 2767 2976 quod
2810 2907 3038 2963 habebat
3076 2907 3323 2977 perdidit.
3368 2908 3434 2963 Et
3471 2909 3636 2965 exivit
3673 2925 3707 2964 e
3749 2910 3976 2979 templo.

2384 2994 2548 3050 Vetus
2575 3005 2693 3052 erat
2719 3011 2835 3051 mos
2861 3010 3074 3052 omnem
3113 2997 3382 3067 leprosum
3425 3013 3458 3053 e
3495 2999 3711 3054 civitate
3741 3000 3975 3069 ejicere;

2383 3105 2524 3144 nunc
2543 3103 2671 3144 vero
2699 3104 2804 3144 non
2837 3089 2974 3144 idem
3005 3089 3082 3144 ﬁt.
3112 3088 3220 3144 Cur
3245 3091 3313 3144 ita
3331 3090 3356 3144 ?
3374 3089 3506 3145 Nam
3535 3104 3656 3145 cum
3690 3091 3833 3146 Deus
3856 3091 3977 3145 vel-

2385 3181 2461 3237 uti
2519 3182 2698 3251 pueris
2741 3181 2887 3251 leges
2925 3181 3147 3247 ferebat,
3188 3192 3299 3236 tum
3331 3183 3474 3250 lepra
3519 3191 3637 3237 erat
3681 3184 3928 3252 corporis
3961 3199 3977 3237 :

2385 3289 2526 3328 nunc
2551 3283 2728 3328 autem
2758 3273 2948 3328 animae
2975 3274 3120 3343 lepra
3149 3274 3426 3344 quaeritur.
3465 3273 3647 3328 Exivit
3674 3272 3841 3342 igitur
3879 3287 3974 3326 rex

2384 3381 2506 3420 cum
2533 3366 2701 3434 lepra,
2728 3380 2827 3421 nec
2856 3375 3031 3421 tamen
3061 3367 3331 3435 ejeeerunt
3355 3382 3476 3422 eum
3506 3382 3537 3422 e
3577 3366 3819 3432 civitate,
3861 3366 3978 3420 dia-

2385 3456 2540 3512 dema
2567 3456 2707 3511 illius
2734 3457 3039 3527 regiamque
3065 3457 3378 3527 dignitatem
3408 3457 3624 3514 reveriti
3659 3476 3674 3511 :
3708 3458 3807 3514 sed
3850 3474 3981 3513 con-

2385 3547 2524 3603 sedit
2552 3547 2602 3600 in
2630 3547 2764 3601 solio
2793 3561 2976 3602 rursus
3012 3549 3178 3618 legem
3220 3549 3633 3620 transgrediens.
3669 3549 3810 3617 Quid
3852 3564 3983 3620 ergo

2388 3639 2565 3693 Deus?
2608 3637 2847 3695 lraseens
2875 3637 3074 3694 Judzcis
3118 3640 3400 3710 interrupit
3447 3641 3805 3710 prephctiam.
3855 3641 3983 3695 lla-c

2387 3739 2562 3785 autem
2591 3731 2768 3784 omnia
2791 3731 2928 3785 dicta
2956 3741 3080 3786 sunt
3100 3740 3317 3800 prOptcr
3342 3733 3562 3787 verbum
3592 3732 3896 3802 prepbetaa,
3925 3744 3985 3787 ut

2387 3822 2662 3877 exsolvam
2682 3821 2824 3892 quod
2845 3821 3016 3876 debeo
3037 3825 3078 3876 ί.
3099 3822 3205 3878 Sed
3230 3823 3297 3877 ad
3323 3825 3652 3892 propositum
3670 3823 3894 3878 redeam
3904 3840 3981 3876 us.

2389 3913 2650 3982 Egressus
2676 3921 2759 3967 est
2786 3927 2817 3966 e
2852 3912 3052 3982 templo
3077 3928 3173 3968 rex
3201 3913 3349 3981 lepra
3376 3921 3680 3981 correptus.
3721 3911 3860 3967 Cum
3893 3914 3986 3983 igi-

2393 4014 2479 4058 tur
2505 4004 2663 4058 ctiam
2707 4020 2772 4058 ex
2800 4004 2932 4058 urbe
2961 4005 3109 4058 illum
3150 4004 3270 4073 ejiei
3311 4003 3378 4059 de
3416 4017 3567 4057 more
3609 4012 3890 4072 oporteret
3934 4015 3989 4057 ιιι

2391 4095 2743 4159 immundum,
2788 4094 2930 4149 intus
2974 4095 3121 4149 illum
3159 4095 3385 4164 pepulus
3426 4094 3617 4150 sedere
3661 4095 3930 4164 permittit
3971 4115 3986 4151 :

2395 4200 2491 4240 nec
2516 4186 2682 4239 ullum
2712 4186 2796 4240 vel
2823 4186 3072 4255 exiguum
3101 4187 3182 4240 vel
3214 4200 3461 4256 magnum
3510 4187 3736 4240 verbum
3768 4189 3986 4250 emittit,

2392 4277 2534 4346 quod
2560 4278 2858 4331 libertatem
2889 4277 3136 4345 loquendi
3165 4292 3271 4345 prae
3305 4291 3363 4331 se
3409 4276 3598 4331 ferret.
3631 4277 3789 4343 Quod
3834 4280 3990 4349 igitur

2395 4367 2544 4420 illum
2590 4367 2845 4431 sinerent,
2882 4376 3156 4421 aversatus
3198 4376 3280 4420 est
3309 4367 3429 4421 illos
3474 4367 3649 4434 Deus,
3683 4377 3740 4422 et
3767 4373 3989 4439 gratiam

2462 4544 2478 4574 ι
2516 4542 2598 4590 Hic
2622 4547 2698 4588 est
2718 4552 2895 4602 magna
2919 4540 3269 4600 exemplarium
3295 4541 3533 4602 varietas:
3557 4552 3737 4590 omnes
3754 4542 3867 4590 fere
3882 4543 3996 4593 Mss.

2397 4617 2510 4653 cum
2547 4602 2719 4650 Savilio
2739 4637 2753 4660 ,
2778 4601 2874 4649 uno
2913 4610 3151 4661 excepto,
3178 4610 3366 4648 textum
3392 4601 3576 4648 habent
3603 4609 3657 4648 ut
3692 4616 3786 4651 nos
3813 4605 3861 4650 in
3888 4614 3995 4652 nota

2400 4665 2603 4714 edimus.
2630 4663 2854 4711 Morellus
2877 4675 2996 4711 vero
3021 4671 3071 4711 et
3095 4675 3218 4711 unus
3241 4662 3401 4710 Codex
3429 4668 3531 4710 toto
3563 4662 3687 4712 cwlo
3711 4665 3948 4712 differunt
3971 4679 3994 4713 a

2399 4726 2633 4774 saviliana
2656 4725 2888 4774 Editione.
2929 4724 3105 4773 Morelli
3144 4730 3307 4780 tamen
3346 4721 3600 4787 exemplar
3633 4736 3884 4787 sequutus
3925 4732 3999 4774 est

2403 4797 2639 4845 Erasmus,
2667 4795 2717 4835 et
2743 4800 2830 4835 nos
2851 4798 3047 4847 quoque
3071 4786 3323 4892 sequimur
3343 4819 3357 4841 ,
3393 4785 3688 4845 quibusdam
3715 4785 3898 4834 tamen
3935 4801 3993 4833 cx

2403 4849 2499 4892 alio
2523 4855 2661 4892 textu
2685 4848 2953 4892 emendatis
2973 4885 2984 4892 .
3011 4861 3120 4892 qua:
3166 4847 3260 4892 erri
3283 4860 3374 4892 non
3403 4853 3647 4892 poterant.
3675 4848 3825 4892 Savil.
3856 4850 3993 4892 igitur

2401 4849 2499 4898 alio
2523 4855 2661 4896 textu
2685 4848 2953 4895 emendatis
2973 4885 2984 4901 ,
3011 4861 3120 4907 qua:
3145 4847 3260 4893 ferri
3283 4860 3374 4892 non
3403 4848 3825 4908 [;Ulc’.l‘3lll.53\lil.
3856 4850 3999 4908 igitur

2405 4919 2457 4959 et
2482 4911 2779 4970 Manuscripti
2820 4917 3023 4969 quatuor
3064 4909 3135 4970 sic
3173 4909 3351 4954 habent
3388 4920 3398 4952 :
3430 4915 3526 4970 ego
3545 4907 3785 4970 quidem,
3812 4910 3962 4966 inquit
3983 4945 3994 4966 ,

2441 4972 2532 5018 uod
2555 4965 2727 5018 meum'
2753 4965 2892 5027 erat,
2940 4968 3120 5030 peregi.
3175 4978 3260 5016 t'os
3296 4965 3499 5030 papulas
3534 4965 3791 5030 impurum
3836 4965 4000 5030 ex;th-

2425 5026 2505 5081 ere
2541 5030 2758 5080 tinwtis?
2803 5026 2986 5079 Scilicet
3029 5026 3252 5078 veremini
3297 5026 3483 5091 regiam
3525 5026 3821 5091 dignitatem
3847 5031 3870 5079 2’
3903 5026 3998 5078 sed

2408 5094 2566 5156 potius
2611 5092 2763 5153 legem
2803 5092 2889 5156 Dei
2928 5091 3236 5156 contemnitis.
3287 5090 3426 5138 Illum
3461 5090 3615 5152 igitur
3654 5092 3790 5156 intus
3837 5093 4002 5141 sedere

2409 5152 2744 5217 permiserunt.
2782 5153 2907 5217 Quid
2945 5152 3090 5217 igitur
3132 5157 3298 5217 Deus?
3333 5161 3588 5217 aversatus
3620 5160 3694 5217 est
3714 5153 3833 5203 illos
3855 5167 3873 5203 :
3893 5157 4004 5217 Jam

2411 5212 2502 5265 non
2526 5215 2747 5286 amplius,
2774 5215 2944 5277 inquit,
2963 5212 3133 5322 largitor
3154 5213 3396 5283 prophetis
3415 5212 3605 5271 vestris,
3621 5213 3738 5273 jam
3756 5228 3854 5262 non
3877 5213 4006 5264 mitto

2412 5287 2618 5322 uratmm
2640 5282 2857 5322 Smritus.
2876 5284 2926 5322 Et
2943 5289 3019 5322 vcr
3056 5288 3132 5322 unt
3156 5282 3255 5322 erat
3273 5284 3536 5322 pretiosum
3561 5282 3699 5322 tunc.
3726 5285 3774 5322 et
3791 5289 3885 5322 non
3908 5283 4006 5322 erat

2412 5275 2618 5340 gratiam
2640 5275 2857 5335 Spiritus.
2875 5284 2926 5325 Et
2943 5275 3132 5340 uerbum
3156 5282 3255 5340 erat
3273 5275 3536 5340 pretiosum
3561 5282 3699 5331 tunc,
3726 5285 3774 5324 et
3791 5289 3885 5325 non
3908 5283 4006 5325 erat

2412 5336 2570 5389 Sermo
2594 5340 2871 5387 vutirirums.
2908 5336 3201 5400 siletggrutiu
3226 5336 3456 5400 Spiritus,
3499 5345 3631 5400 Deus
3667 5350 3765 5384 non
3799 5351 4008 5400 appare—

2417 5404 2511 5450 bat.
2541 5401 2783 5460 Qttmtiunt,
2813 5406 3003 5461 propter
3022 5398 3344 5461 immundum,
3365 5411 3457 5445 non
3484 5399 3662 5447 aderat
3696 5398 3896 5459 gratia,
3923 5412 4008 5446 non

2415 5459 2677 5524 apparebat
2707 5471 2828 5524 Deus
2853 5499 2880 5524 ,_
2901 5459 2992 5508 non
3032 5459 3229 5524 visiones
3265 5461 3562 5524 monstrabat
3585 5473 3732 5524 ,μου
3760 5463 4011 5524 Prop/tetu:

2418 5520 2641 5583 ﬁteiemta
2667 5521 2992 5570 declarabant.
3019 5522 3107 5569 Sed
3142 5521 3262 5569 situt
3295 5521 3354 5567 ub
3378 5520 3542 5579 aliquo
3566 5522 3780 5582 οιτειιδιιδ
3808 5520 4009 5576 ditari-'5,

2415 5589 2529 5632 Jum
2552 5598 2642 5632 non
2669 5584 2756 5632 tibi
2779 5584 2972 5642 loquor,
3000 5584 3104 5639 jam
3138 5597 3226 5630 non
3261 5595 3514 5629 cem'urwr
3551 5589 3750 5640 terum;
3787 5584 3858 5632 ita
3895 5592 4011 5632 nats

2418 5647 2556 5695 sentit
2603 5655 2646 5694 εἰ
2693 5646 2933 5692 irascitur.
2981 5655 3077 5692 Non
3118 5646 3242 5692 enim
3283 5643 3449 5691 urbem
3493 5643 3634 5692 illum
3675 5641 4015 5693 misericordia

2421 5711 2742 5754 ..ιιιιιιιίιιιιιεηι
2767 5707 3021 5766 ιἰιλΙέιΙιιΓέὶ.
3053 5719 3143 5753 neu
3168 5705 3334 5765 ptuit,
3364 5718 3453 5751 non
3481 5707 3761 5768 combussit.
3786 5711 3873 5768 sed
3894 5703 4010 5768 quid

2424 5769 2574 5820 dicit?
2601 5779 2694 5817 ,κομι
2719 5770 2853 5818 vultis
2877 5764 2946 5818 mc
2973 5764 3212 5818 vindicare
3232 5772 3253 5814 ’ἐ
3280 5775 3373 5831 Ego
3396 5779 3489 5815 non
3516 5766 3689 5828 loquor
3718 5764 3868 5816 ιιυινὶδ.
