4130 6316
692 347 805 402 129

706 450 900 520 θαρτον
938 441 1114 518 εἶχονο
1152 446 1246 500 ἐπὶ
1282 446 1338 499 δὲ
1387 445 1496 498 τῶν
1549 439 1874 510 ἀκαθάρτων
1919 436 2020 488 οὐκ
2064 433 2284 520 ἐνήργει

707 515 802 586 τοῦ
844 515 1159 600 Πνεύματος
1209 531 1242 598 ή
1287 528 1466 600 χάρις.
1525 524 1624 577 Διά
1653 522 1809 576 τοῦτο
1845 520 1906 571 οὐ
1948 517 2150 600 παρῆν,
2184 515 2285 567 οὐκ

705 615 952 684 ἐφαίνετο
993 598 1105 677 τοῖς
1147 598 1471 683 προφήταις,
1517 607 1653 661 ἀλλά
1709 604 1838 673 σιγᾷ
1889 598 2279 684 καὶκρύπτει.

704 682 823 752 Ἵνα
853 699 908 750 δέ
931 697 990 749 τὸ
1009 682 1293 765 λεγόμενον
1319 692 1486 761 σαφὲς
1512 690 1755 760 γένηται,
1783 685 1876 738 ἐπὶ
1893 682 2288 765 ὐποδείγματος

708 784 918 853 ποιήσω
948 780 1078 834 αὐτὸ
1124 764 1373 848 φανερόν.
1413 775 1624 844 ’Ὥσπερ
1660 770 1948 841 ἄνθρωπος
1988 764 2125 835 πρός
2164 778 2287 853 τινα

705 844 1044 934 διακείμενος
1076 844 1148 932 τῇ.
1178 844 1401 930 στοργῇ,
1462 854 1706 928 μανικῶς
1751 853 2081 934 λυπήσαντα
2127 844 2288 934 αὐτὸν

708 950 797 1002 ἐπί
820 928 1152 1018 τυπρᾶγμα,
1181 928 1318 1013 πρὸς
1346 928 1507 995 αὐτὸν
1533 938 1714 1005 λέγοι·
1735 933 1934 1018 Οὐκέτι
1962 928 2286 1018 ὂψομαᾹί-σοι,

707 1033 768 1083 οὐ
792 1009 1080 1083 λαλῶ’σοιὀ
1118 1009 1258 1078 οὕτω
1298 1024 1391 1078 καί⁸
1423 1025 1451 1075 6
1479 1021 1608 1084 Θεὸς
1636 1018 1759 1072 τότε
1797 1017 2075 1086 ἐποίησεν.
2137 1009 2290 1064 Ἐπεὶ

705 1115 812 1184 γὰρ
849 1113 1009 1166 αὐτὸν
1050 1109 1428 1180 παρώργισαν,
1469 1105 1581 1158 τὸν·
1612 1102 1794 1168 Ὀζίαν
1835 1101 1909 1172 μή
1939 1096 2282 1184 ἐκϐαλόντες,

701 1178 920 1260 Οὐκέτι,
956 1178 1305 1262 φησὶξλαλῶ
1358 1191 1469 1250 τοῖς
1520 1187 1824 1257 προφήταις
1877 1181 2051 1253 ὑμῶν,
2107 1178 2288 1232 οὐκέτι

705 1281 907 1347 πέμπω
942 1277 1256 1346 Πνεύματος
1295 1274 1475 1344 χάριν.
1532 1273 1673 1342 Ὅρα
1703 1269 1921 1323 κόλασιν
1951 1263 2289 1347 ἡμερότητος

702 1344 1004 1434 γέμουσαν.
1031 1344 1106 1414 Οὐ
1136 1360 1242 1430 γὰρ
1270 1356 1568 1427 κεραυνοὺς
1601 1353 1832 1434 ἀφῆκεν,
1868 1348 2007 1434 οὐδὲΔ
2029 1349 2092 1434 ἐκ
2126 1344 2287 1434 θεμε-

701 1425 833 1498 λίων
863 1425 1157 1499 κατέσεισε-
1186 1425 1284 1512 τὴν
1319 1425 1506 1493 πόλιν·
1559 1435 1696 1490 ἀλλά
1727 1433 1815 1498 τί;
1861 1431 1936 1485 Οὐ
1987 1425 2168 1512 θέλετέ
2218 1442 2285 1512 με

705 1529 1028 1599 ἐκδικῆσαι;
1067 1509 1267 1596 φησίν-ο
1313 1523 1413 1593 οὐχ
1459 1518 1630 1591 όμιλῶ
1665 1513 1995 1599 ὐμίν.γ]νίν1ὴ
2036 1511 2142 1599 γὰρ
2187 1509 2288 1599 οὐκ

701 1589 981 1682 ἠδυνάμην
1012 1589 1170 1662 αὐτὸν
1198 1589 1443 1660 ἐκϐαλείν
1465 1589 1662 1668 ;”Λλλ’
1698 1596 1994 1682 ἐβουλήθην
2021 1589 2286 1682 τὸλειςπός-

707 1672 1024 1764 μενονῦμῖν
1057 1689 1404 1745 καταλείπειν
1443 1697 1490 1739 α.
1545 1685 1621 1738 Οὐ
1659 1681 1954 1764 βούλεσθε;
1992 1677 2145 1764 ,Οὐδέ
2177 1672 2288 1764 ἐγὼ

698 1759 876 1848 όμιλῶ
908 1759 1056 1846 ὑμῖν,
1108 1773 1230 1827 οὐδέ
1278 1770 1412 1825 κινῶ
1455 1767 1562 1822 τῶν
1612 1763 1910 1837 προφητῶν
1953 1760 2051 1848 τήν
2084 1759 2282 1848 ψυχήν.

702 1841 818 1914 όύκ
845 1841 1064 1929 ἐνήργει
1095 1856 1188 1909 τοῦ
1223 1853 1540 1923 Πνεύματος
1568 1853 1600 1922 ή
1643 1852 1822 1920 χάρις,
1855 1847 1980 1917 σιγὴ
2003 1841 2090 1915 ἦν,
2117 1842 2287 1929 ἔχθρα

703 1943 837 1996 Θεοῦ
865 1925 959 1995 καί
1005 1939 1328 2009 ἀνθρώπων.
1368 1935 1520 1990 Ἐπεὶ
1568 1929 1661 1987 οῦν
1703 1937 1908 1993 ἐκεῖνος
1941 1929 2076 2001 μετά
2116 1925 2289 1979 ταῦτα

701 2027 964 2090 ἀπέθανε,
1015 2025 1108 2078 καὶ
1142 2022 1305 2091 ἐλύθη
1339 2020 1445 2074 τῶν
1501 2018 1827 2086 ἀκαθάρτων
1863 2015 1890 2054 b
1935 2015 1968 2084 ή
2013 2010 2284 2073 ὑπόθεσις.

717 2108 933 2180 Ἐπειδὴ
953 2103 1044 2161 οῦν
1070 2107 1260 2177 χρόνον
1297 2102 1462 2156 πολὺν
1488 2097 1632 2171 εἶχεν
1668 2101 1695 2151 6
1725 2097 2010 2168 προφήτης
2044 2093 2123 2180 μὴ.
2141 2109 2288 2180 Δπροί-

703 2175 1001 2262 φητεύσας,
1042 2175 1250 2241 ἐκείνου
1299 2186 1356 2238 δὲ
1408 2184 1482 2254 μή
1533 2181 1989 2254 προφητεύοντος,
2037 2175 2210 2262 ἐλύθη
2253 2176 2286 2246 ὴ

700 2259 862 2346 όργῆ,
893 2275 987 2327 καί⁵
1011 2275 1044 2343 ἡ
1073 2269 1375 2343 προφητεία
1419 2267 1709 2336 ἐπανῆλθε.
1751 2264 1949 2318 Λοιπὸν
1980 2259 2290 2346 ἀναγκαίως

700 2343 750 2412 ὁ-
776 2343 1057 2429 προφήτης
1110 2353 1529 2425 ἐπισημαίνεται
1571 2350 1662 2402 τὸν
1705 2347 1916 2429 καιρὸν,
1970 2345 2064 2397 καὶ
2103 2343 2284 2429 λέγει’

706 2425 829 2494 Kaz'
849 2425 1085 2509 ἐγένετο
1111 2438 1180 2491 ἐν
1205 2435 1282 2500 τῷ
1320 2431 1570 2497 ἐνιαυτῷ
1593 2443 1641 2493 c,
1674 2425 1744 2485 οὗ
1767 2429 2072 2483 ἀπέθανεν
2101 2426 2290 2490 Ὀζίας

701 2529 735 2580 ὁ
777 2523 1098 2590 βασιλεὺς,
1149 2517 1310 2574 εἶδον
1373 2519 1480 2571 τὸν
1532 2517 1751 2584 Κύριον
1801 2512 2140 2580 καθήμενον
2189 2509 2287 2563 ἐπὶ

704 2612 923 2675 θρόνου
980 2603 1224 2674 ὑψηλοῦ
1275 2602 1371 2656 καί
1421 2599 1782 2667 ἐπηρμένου.
1835 2596 1964 2648 Ὅτε
2028 2593 2283 2655 ἀπέθανε,

704 2692 824 2744 τότε
858 2687 995 2744 εἶδον
1019 2689 1109 2742 τὸν
1134 2687 1358 2758 Κύριον.
1391 2683 1527 2753 Πρὶν
1555 2684 1661 2752 γὰρ
1692 2680 1780 2733 τὸν
1819 2679 1951 2730 Θεὸν
1975 2677 2072 2748 οὐχ
2101 2677 2286 2745 ἐώρων

697 2774 1052 2847 ὀργιζόμενον
1072 2774 1218 2843 ἡμῖν.
1241 2768 1388 2841 [151]
1405 2762 1576 2819 ’Ἦλθε
1597 2765 1707 2833 γὰρ
1724 2765 1751 2813 6
1765 2763 1995 2847 θάνατος
2025 2759 2116 2813 τοῦ
2136 2761 2287 2847 Λάκα-

706 2841 928 2930 θάρτου,
955 2857 1048 2910 καὶ
1079 2841 1233 2908 ἔλυσε
1250 2855 1347 2922 τὴν
1363 2850 1556 2922 ὀργήν.
1581 2847 1676 2930 Διά
1696 2845 1872 2930 τοῦτο,
1890 2842 2162 2930 πανταχοῦ
2179 2841 2288 2930 τῶν

706 2921 970 3008 βασιλέων
995 2939 1093 3008 τὴν
1123 2936 1264 3006 ζωὴν
1294 2921 1490 3001 λέγων,
1510 2929 1742 2983 ἐνταῦθα
1767 2926 2025 3008 τελευτὴν
2047 2921 2284 3008 εἷπε-τοῦ

716 3022 926 3087 Ὀζίουο
978 3004 1258 3090 Ἐγένετο,
1294 3016 1447 3085 φησὶ,
1475 3013 1579 3067 τοῦ
1608 3010 1910 3076 ἐνιαυτοῦ,
1954 3004 2026 3064 οὗ
2069 3006 2288 3061 ἀπέθα-

701 3123 811 3159 νεν
848 3103 1035 3168 Ὀζίας
1061 3107 1094 3157 ό
1111 3099 1432 3167 βασιλεὺς,
1454 3093 1620 3152 εἶδον
1650 3095 1758 3148 τὸν
1786 3094 2006 3159 Κύριον
2033 3090 2288 3159 καθήμε-

703 3205 814 3242 νον
865 3188 965 3242 ἐπὶ
1007 3188 1222 3254 θρόνου
1273 3181 1518 3252 ὑψηλοῦ
1564 3179 1664 3233 καί
1702 3175 2058 3245 ἐπηρμένου.
2131 3173 2287 3226 Ἀλλὰ

705 3273 867 3326 πάλιν
889 3270 982 3325 τοῦ
1001 3270 1134 3324 Θεοῦ
1153 3270 1252 3340 τὴν
1279 3264 1688 3336 φιλανθρωπίαν
1711 3259 1943 3314 ἐνταῦθα
1973 3259 2097 3312 ἰδεῖν
2120 3258 2284 3314 ἐστιν.

717 3354 1010 3409 Ἀπέθανεν
1066 3354 1094 3404 6
1145 3351 1474 3420 ἀκάθαρτος,
1512 3347 1606 3400 καὶ
1645 3344 1957 3416 κατηλλάγη
2004 3342 2134 3404 Θεὸς
2177 3343 2288 3404 τοῖς

704 3438 803 3491 ἀνθ
813 3437 1035 3509 ρώποις.
1057 3436 1152 3490 Διά
1175 3434 1247 3501 τί,
1274 3434 1346 3504 μὴ
1370 3433 1538 3485 όντων
1563 3426 2022 3500 κατορθωμάτων,
2048 3424 2284 3509 ἐγένετο,

704 3508 841 3575 ἀλλά
868 3520 943 3590 τῷ
991 3517 1278 3573 ἀποθανεῖν
1312 3513 1511 3579 αὐτόν;
1568 3513 1692 3565 Ὀτι
1739 3508 2119 3580 φιλάνθρωπός
2147 3509 2284 3590 ἐστι,

705 3605 800 3659 καὶ
826 3589 925 3658 οὐκ
952 3601 1383 3673 ἀκριϐολογεῖται
1421 3599 1478 3651 ἐν
1515 3599 1627 3660 τοῖς
1667 3595 1960 3656 τοιούτοις·
2003 3591 2059 3643 ἓν
2106 3589 2288 3660 ἐζήτει

709 3689 867 3757 μόνον
893 3689 920 3740 6
957 3672 1336 3756 φιλάνθρωπος
1366 3682 1460 3735 καὶ
1483 3679 1682 3747 ἀγαθὸς
1703 3678 1856 3741 Θεὸς,
1890 3677 1976 3728 ἵνα
2002 3677 2028 3727 6
2054 3672 2288 3743 ἀκάθαρ-

703 3789 795 3834 τος
827 3769 1034 3840 ἐξέλθῃ.
1054 3768 1239 3821 Ταῦτα
1260 3768 1436 3820 τοίνυν
1459 3764 1678 3824 εἰδότες,
1703 3761 1958 3812 ἀπόνοιαν
1987 3757 2285 3840 διώξωμεν,

702 3838 1198 3923 ταπεινοφροσύνην
1245 3845 1649 3916 ἀσπασώμεθα,
1695 3843 1794 3912 τὴν
1845 3841 2096 3892 εἰωθυῖαν
2133 3838 2288 3901 δόξαν

703 3920 1116 4006 ἀναπέμψωμεν
1154 3920 1232 4004 τῷ
1267 3933 1437 4002 Πατρὶ
1491 3930 1584 3983 καὶ
1615 3927 1692 3998 τῷ
1741 3924 1854 3994 Υίῷ
1891 3924 1986 3976 καὶ
2031 3920 2106 3991 τῷ
2151 3921 2288 3992 ἁγίῳ

707 4019 1005 4090 Πνεύματι,
1057 4017 1150 4070 νῦν
1187 4017 1276 4070 καὶ
1327 4017 1434 4078 ἀεὶ,
1503 4013 1596 4066 καί⁴
1646 4012 1725 4073 είς
1764 4010 1888 4070 τοὺς
1932 4007 2132 4070 αἰῶνας
2184 4006 2289 4058 τῶν

706 4103 939 4156 αἰώνων.
979 4101 1172 4170 Ἀμήν.

704 4256 807 4319 Εἰς
845 4253 914 4336 τό
957 4249 1148 4336 ῥητὸν
1187 4249 1293 4332 τρῦ
1335 4246 1931 4336 προφτὶτουτᾘσαιΐου
1973 4244 2283 4336 mia-or;

786 4312 804 4374 ἱ
845 4312 1111 4391 Ἐγένετο
1140 4319 1244 4391 τοῦ
1269 4312 1568 4391 ἐνιαυτοῦ,
1604 4312 1674 4371 οὗ
1699 4314 1998 4391 ἀπέθανεν
2037 4312 2223 4391 ὀμας
2252 4315 2285 4366 ὁ

773 4383 1091 4478 ἕασέλεὺς,
1117 4389 1279 4478 εζδον
1301 4390 1408 4478 τόν
1437 4390 1686 4478 [{iprcior'
1699 4405 1732 4478 ,ι
1762 4384 1871 4478 καί,
1893 4386 1930 4451 ἠ
1959 4383 2286 4478 (ἐπόδιξιξις,

777 4454 866 4514 ὅτι
886 4454 1121 4526 δικαίως
1145 4459 1447 4526 ὲλεπρώθη
1478 4457 1666 4521 Ὀζίας
1691 4454 1952 4519 ἀναξίως
1973 4454 2287 4520 θυμιάσας,

777 4533 922 4601 ὅπερ
954 4535 1063 4586 οὐκ
1097 4531 1298 4595 ἔξεστι
1318 4527 1712 4593 βασιλεῦσιν.
1743 4526 1879 4579 ἀλλ’
1904 4523 2144 4593 ἱερεῦσι.

1322 4677 1563 4730 ΟΜΙΛΙΑ
1600 4676 1674 4737 Ε’.

777 4803 844 4848 α’.
873 4796 1009 4866 Φέρε
1042 4797 1280 4866 τήμερον
1306 4796 1414 4857 τοῖς
1444 4791 1584 4845 κατά
1617 4789 1708 4843 τὸν
1755 4787 1936 4853 Ὀζίαν
1961 4788 2289 4858 διηγήμασιν

707 4879 990 4949 ἀποδῶμεν
1029 4880 1089 4932 τὸ
1115 4879 1290 4944 τέλος,
1315 4877 1408 4930 καὶ
1441 4877 1539 4946 τὴν
1569 4875 1771 4945 ὀροφὴν
1803 4872 1988 4926 λοιπὸν
2013 4872 2289 4943 ἐπιθῶμεν

707 4963 784 5032 τῷ
808 4962 972 5031 λόγῳ,
1003 4964 1208 5034 μήποτε
1238 4960 1332 5014 καὶ
1367 4962 1526 5029 ἡμεῖς
1573 4956 2090 5026 καταγελασθῶμεν,
2117 4957 2287 5010 καθά-

715 5063 814 5114 περ
851 5047 1076 5109 ἐκεῖνος,
1112 5046 1139 5096 6
1172 5044 1261 5096 τὸν
1302 5043 1512 5113 πύργον
1556 5044 1615 5094 ἐν
1647 5041 1761 5102 τοῖς
1792 5039 2146 5106 Εὐαγγελίοις
2173 5040 2290 5091 ἐπι-

709 5129 969 5199 χειρήσας
1004 5128 1099 5198 μὲν
1142 5126 1513 5196 οἰκοδομῆσαι,
1559 5124 1634 5194 μὴ
1663 5122 1910 5193 δυνηθεὶς
1947 5123 2037 5176 δέ·
2078 5122 2289 5193 μήποτέ

710 5232 791 5277 τις
839 5212 947 5265 τῶν
988 5209 1293 5281 παριόντων
1335 5211 1430 5262 καὶ
1471 5209 1597 5280 περὶ
1641 5207 1799 5278 ήμῶν
1829 5206 1979 5279 εἴπῃ,
2015 5201 2203 5271 Οὗτος
2255 5209 2290 5261 δ

705 5299 1017 5362 ἅνθρωπος
1049 5293 1275 5362 ἤρξατο
1325 5292 1442 5362 μὲν
1478 5288 1888 5361 οίκοδομῆσαι,
1931 5291 2040 5343 οὐκ
2065 5291 2289 5358 ἴσχυσε

707 5379 775 5432 δὲ
803 5377 1131 5432 ἐκτελέσαι.
1160 5378 1322 5434 Ὥστε
1343 5375 1400 5430 δὲ
1430 5374 1739 5445 σαφέστερα
1769 5373 1894 5444 ὑμῖν
1929 5371 2181 5442 γενέσθαι
2219 5373 2288 5428 τά

772 5657 800 5686 ι
815 5655 996 5705 Omnes
1015 5668 1131 5704 mss.
1162 5655 1386 5718 elisavili.
1413 5656 1459 5704 in
1480 5667 1632 5718 marg.
1661 5654 1916 5713 ἐϐουλήθην
1935 5654 1990 5702 τὸ
2014 5655 2286 5716 λειπόμενον

707 5718 814 5778 ὑμῖν
834 5718 1119 5765 καταλιπεῖν.
1152 5718 1200 5765 In
1225 5716 1396 5765 Morel.
1417 5719 1470 5765 τὸ
1493 5716 1767 5779 λειπόμενον
1788 5717 1977 5779 deerat.

773 5779 799 5816 δ
823 5781 1016 5843 Οιηιιεε
1038 5793 1151 5843 mss.
1186 5780 1280 5826 τῶν
1311 5782 1546 5843 καταρῶν.
1575 5778 1694 5843 Sed
1729 5778 1903 5828 Morel.
1927 5785 1975 5827 et
2001 5778 2146 5827 Savil.
2191 5780 2285 5826 τῶν

711 5840 1204 5902 ἀκαῦάρτωνίίιειὶιριιι,
1227 5847 1374 5902 atque
1398 5840 1461 5889 ili:
1488 5842 1608 5902 legit
1633 5842 1878 5891 Erasmus.

769 5908 794 5935 ‘
814 5900 914 5954 Alii
936 5900 1018 5950 τοῦ
1042 5901 1272 5954 ἐνιαυτοῦ.
1297 5900 1421 5954 Infra
1446 5900 1643 5967 quoilue
1666 5904 1849 5966 legitur
1867 5901 1950 5952 τοῦ
1973 5901 2205 5951 ἐνιαυτοῦ.

1291 331 1351 388 8.
1385 327 1671 386 JOANNIS
1706 318 2198 383 CHRYSOSTOMI
2230 315 2556 374 ARCIIIEP.
2599 316 3154 375 CONSTANTINOP.

2393 427 2682 501 λεγόμενα,
2717 432 2888 503 μικρὰ
2919 431 3028 486 τῶν
3066 431 3332 502 πρότερον
3358 428 3662 500 εἰρημένων
3688 427 3984 483 ἀναλαϐεῖν

2393 513 2705 582 ἀναγκαῖον,
2744 515 2830 568 ἵνα
2867 513 2940 585 μὴ
2965 515 3134 586 χωρὶς
3171 513 3411 584 κεφαλῆς
3450 514 3581 583 ἡμῖν
3623 513 3652 565 6
3697 514 3856 582 λόγος
3898 516 3984 577 εἰς

2394 595 2456 648 τὸ
2485 595 2710 667 θέατρον
2734 597 2947 668 εἰσέλθῃ
2968 597 3029 650 τὸ
3057 597 3451 668 πνευματικὸν,
3477 595 3612 649 ἀλλὰ
3636 597 3736 665 τήν
3766 596 3984 650 οἰκείαν

2391 678 2513 748 ὖψιν
2533 680 2818 734 ἀπολαϐὼν
2842 680 3116 752 γνώριμος
3143 679 3370 752 γένηται
3393 683 3503 744 τοῖς
3519 677 3756 743 θεαταῖς.
3780 681 3984 733 Ἔσται

2390 762 2496 833 γὰρ
2523 761 2550 802 ά
2579 763 2648 816 τὰ
2677 763 2817 816 αὐτά
2857 766 2971 826 τοῖς
3015 763 3114 834 μὲν
3143 764 3443 834 ἀκηκοόσιν
3487 763 3811 834 ὑπόμνησις,
3866 765 3984 826 τοῖς

2390 843 2448 896 δέ
2478 843 2553 914 μὴ
2588 845 2851 916 ἀκηκοόσι
2879 845 3216 900 διδασκαλία.
3255 846 3454 917 Πρώην
3490 845 3586 916 μὲν
3631 841 3722 899 οῦν
3747 847 3985 915 εἰρήκα-

2395 945 2513 997 μεν,
2547 927 2667 989 πῶς
2708 925 2773 998 ῆν
2803 929 3032 999 εὐσεϐὴς
3068 931 3098 982 6
3150 928 3349 994 Ὀζίας,
3382 929 3497 993 πῶς
3533 929 3590 982 δὲ
3612 929 3801 996 γέγονε
3837 926 3986 996 φαῦ-

2392 1008 2500 1074 λος,
2522 1011 2613 1063 καὶ
2643 1012 2826 1073 πόθεν,
2853 1011 3124 1083 καὶμέχρι
3144 1012 3249 1064 ποῦ
3275 1015 3374 1083 τῆς
3397 1010 3652 1075 ἀπονοίας
3679 1010 3981 1081 ώλίσθησε·

2394 1092 2630 1164 σήμερον
2657 1095 2714 1148 δὲ
2753 1096 3046 1162 ἀναγκαῖον
3095 1096 3290 1158 εἰπεῖν,
3339 1093 3458 1158 πῶς
3497 1094 3745 1164 εἰσῆλθεν
3790 1095 3874 1158 εἰς
3923 1092 3986 1146 τὸ

2392 1175 2557 1244 ἱερὸν,
2615 1179 2730 1241 πῶς
2783 1177 3104 1248 ἐπεχείρησε
3148 1176 3432 1248 θυμιᾶσαι,
3471 1177 3588 1240 πῶς
3635 1176 3909 1230 ἐκώλυσεν
3954 1177 3986 1228 6

2395 1269 2592 1340 ἰερεύς,
2626 1267 2744 1332 πῶς
2767 1270 2867 1321 οὐκ
2892 1264 3033 1333 εῐξεν
3057 1269 3283 1333 ἐκεῖνος,
3328 1269 3450 1332 πῶς
3493 1269 3840 1321 ἐπεσπάσατο
3881 1267 3983 1320 τοῦ

2391 1351 2526 1404 Θεοῦ
2557 1351 2655 1420 τὴν
2682 1351 2870 1426 ὀργὴν,
2906 1351 3023 1415 πῶς
3057 1353 3113 1404 ἐν
3139 1354 3206 1423 τῇ
3229 1351 3406 1421 λέπρα
3430 1350 3521 1403 τὸν
3553 1350 3664 1421 βίον
3685 1350 3982 1413 κατέλυσε,

2391 1434 2487 1486 καὶ
2516 1433 2660 1496 τινος
2702 1433 2886 1488 ἕνεκεν
2925 1436 2953 1488 6
2993 1435 3280 1505 προφήτης
3313 1434 3410 1497 τὰς
3449 1433 3659 1503 ἡμέρας
3689 1434 3790 1504 τῆς
3831 1432 3986 1502 ζωῆς

2394 1516 2558 1570 αὐτοῦ
2618 1518 2834 1589 παρεὶς,
2872 1517 2971 1588 τῆς
3013 1517 3273 1588 τελευτῆς
3314 1517 3736 1587 ἐμνημόνευσεν,
3777 1517 3988 1569 οὑτωσὶ

2392 1598 2565 1667 λέγων
2585 1615 2600 1630 ·
2661 1600 2772 1654 Τοῦ
2795 1599 3095 1664 ἐνιαυτοῦ,
3128 1596 3200 1656 οὗ
3241 1601 3541 1654 ἀπέθανεν
3581 1597 3760 1667 ὈζΊας
3795 1602 3828 1654 ὁ
3850 1600 3990 1664 ,βα-

2391 1683 2622 1748 σιλεύς.
2658 1681 2827 1736 Τοῦτο
2857 1683 2966 1755 γάρ
2993 1684 3132 1748 ἐστι,
3181 1682 3251 1736 δι’
3289 1683 3318 1737 ὃ
3351 1685 3528 1737 πᾶσαν
3573 1679 3634 1748 ἐξ
3679 1682 3852 1753 ἀρχῆς
3883 1681 3988 1752 τὴν

2394 1766 2632 1837 ἱστορίαν
2659 1767 2992 1838 ἐκινήσαμεν
3013 1785 3027 1799 ·
3055 1767 3191 1823 ἀλλά
3221 1768 3515 1840 προσέχετε
3546 1766 3812 1838 ἀκριϐῶς.

2464 1850 2610 1922 [152]
2627 1851 2735 1905 Καὶ
2750 1851 3006 1922 ἐγένετο,
3021 1855 3207 1924 φησὶν,
3225 1855 3405 1921 ἡνίκα
3429 1855 3691 1922 τσχυσεν
3707 1854 3738 1905 ὀ
3755 1847 3941 1916 Ὀζῖας
3955 1853 3988 1904 ό

2386 1933 2706 1999 βασιλεὺς,
2731 1934 2943 2003 ὑψώθη
2968 1936 3006 2004 ἠ
3031 1936 3245 2006 καρδία
3267 1935 3453 1990 αὑτοῦ
3471 1935 3580 2001 ἕως
3599 1934 3704 1988 τοῦ
3721 1933 3992 2001 διαφθεῖ-

2383 2035 2506 2085 ραι,
2565 2017 2664 2069 καὶ
2700 2017 2998 2085 ἠδίκησεν·
3035 2019 3106 2073 ἐν
3148 2019 3344 2086 Κυρίῳ
3378 2017 3498 2084 Θεῷ
3545 2018 3751 2072 αὑτοῦ.
3800 2018 3902 2080 Τίς
3962 2020 3992 2069 ὀ

2391 2099 2591 2168 τρόπος
2612 2099 2713 2169 τῆς
2739 2099 2990 2167 ἀδικίας;
3028 2101 3315 2170 Εἰσῆλθε,
3347 2102 3530 2172 φησὶν,
3572 2104 3659 2166 είς
3683 2100 3789 2154 τόν
3831 2101 3994 2152 ναὸν

2391 2181 2634 2248 Κυρίου,
2680 2183 2966 2252 θυμιᾶσαι
3011 2183 3110 2237 ἐπὶ
3157 2184 3226 2238 τὸ
3274 2182 3707 2250 θυσιαστήριον
3742 2181 3849 2236 τοῦ
3890 2184 3992 2234 θυ-

2385 2262 2678 2332 μιάματος
2725 2275 2771 2320 θ.
2804 2267 2868 2318 ’Ὠ
2899 2267 2999 2337 τῆς
3058 2266 3288 2337 τόλμης,
3337 2266 3384 2319 ὣ
3424 2267 3521 2338 τῆς
3575 2266 3986 2336 ἀναισχυντίας.

2391 2347 2579 2400 Αὐτῶν
2609 2347 2717 2402 τῶν
2744 2349 2904 2419 ἰερῶν
2932 2348 3140 2402 ἀδύτων
3170 2348 3596 2419 κατετόλμησεν,
3631 2350 3713 2412 εἰς
3750 2347 3821 2400 τά
3854 2349 3992 2415 ἆγια

2391 2428 2499 2481 τῶν
2531 2430 2703 2498 ἁγίων
2732 2431 3111 2500 εἰσεπήδησεν,
3165 2430 3195 2484 6
3237 2433 3403 2486 πᾶσιν
3433 2431 3631 2486 ἄϐατον
3669 2426 3735 2502 ἦν
3760 2431 3988 2501 χωρίον,

2392 2510 2532 2583 πλὴν
2573 2511 2666 2564 τοῦ
2720 2512 3041 2582 ἀρχιερέως,
3079 2513 3237 2566 τοῦτο
3286 2513 3594 2583 βεδηλῶσαι
3633 2514 3988 2584 ἐπεχείρησε.

2392 2591 2644 2646 Τοιοῦτόν
2679 2595 2827 2647 ἐστιν
2866 2597 2945 2658 εἰς
2975 2595 3232 2650 ἀπόνοιαν
3266 2597 3566 2668 ἐπαρθεῖσα
3592 2596 3760 2668 ψυχή.
3797 2596 3994 2650 Καθά-

2391 2675 2502 2742 παξ
2539 2677 2647 2750 γὰρ
2678 2679 2778 2749 τῆς
2813 2679 3020 2743 οἰκείας
3059 2679 3377 2749 ἀπογνοῦσα
3413 2680 3707 2751 σωτηρίας,
3743 2680 3990 2750 οὐδαμοῦ

2391 2761 2490 2829 τῆς
2531 2762 2726 2831 μανίας
2779 2763 3015 2829 ἵσταται,
3063 2764 3199 2819 ἀλλὰ
3233 2763 3334 2829 τὰς
3375 2765 3529 2835 ήνίας
3565 2764 3665 2834 τῆς
3706 2765 3990 2835 σωτηρίας

2393 2843 2562 2914 αὐτῆς
2589 2844 2865 2898 ἐνδιδοῦσα
2906 2843 2923 2882 ί
2952 2848 3072 2909 ταῖς
3095 2847 3314 2914 ἀλόγοις
3349 2847 3663 2917 ἐπιθυμίαις
3702 2848 3990 2918 πανταχοῦ

2393 2925 2637 2998 φέρεται,
2676 2927 2767 2979 καί⁵
2812 2927 3064 2998 καθάπερ
3111 2930 3278 2993 ἵππος
3331 2930 3602 3000 δυσήνιος,
3642 2929 3731 2981 τὸν
3765 2929 3992 2999 χαλινὸν

2391 3007 2499 3060 ἀπὸ
2532 3008 2624 3061 τοῦ
2656 3010 2925 3080 στόματος
2958 3010 3226 3079 ἐκϐαλὼν,
3273 3012 3365 3065 καὶ
3395 3011 3486 3064 τὸν
3513 3011 3788 3081 ἀναϐάτην
3822 3013 3993 3082 ῥίψας

2390 3092 2498 3144 ἀπὸ
2526 3092 2620 3145 τοῦ
2657 3093 2849 3160 νώτου,
2880 3094 3081 3158 παντὸς
3103 3095 3308 3166 ἀνέμου
3357 3094 3709 3166 σφοδρότερον
3735 3095 3992 3166 φέρεται,

2391 3176 2485 3227 καί
2528 3179 2641 3240 τοῖς
2682 3178 2996 3231 ἀπαντῶσίν
3035 3179 3183 3232 ἐστιν
3231 3180 3524 3252 ἀφόρητος,
3568 3179 3994 3248 ὑποφευγόντων

2392 3259 2669 3324 ἁπάντων,
2699 3263 2990 3331 κατασχεῖν
3023 3261 3080 3315 δέ
3105 3261 3417 3333 τολμῶντος
3449 3262 3660 3326 οὐδενός
3680 3278 3695 3294 ο
3724 3262 3871 3315 οὕτω
3896 3263 3995 3316 καὶ

2389 3341 2556 3414 ψυχὴ,
2588 3344 2678 3396 τὸν
2713 3344 3033 3413 χαλινοῦντα
3078 3344 3249 3416 αὐτὴν
3293 3345 3387 3398 τοῦ
3441 3344 3575 3398 Θεοῦ
3616 3346 3780 3413 φόϐον
3805 3345 3996 3397 ἐκϐατ-

2389 3424 2575 3491 λοῦσα,
2609 3427 2706 3480 καὶ
2735 3427 2826 3480 τὸν
2851 3428 3172 3498 ἡνιοχοῦντα
3207 3427 3413 3498 ῥίψασα
3460 3429 3717 3498 λογισμὸν
3743 3428 3992 3492 ἅπαντα,

2390 3507 2458 3559 τὰ
2487 3507 2585 3578 τῆς
2615 3512 2815 3572 κακίας
2851 3510 3131 3581 ἐπιτρέχει
3166 3511 3363 3581 χωρία,
3415 3512 3518 3575 ἕως
3557 3512 3622 3564 ἂν
3652 3512 3733 3574 εἰς
3778 3510 3846 3564 τὰ
3888 3511 3995 3581 τῆς

2392 3592 2665 3656 ἀπωλείας
2689 3593 2938 3665 βάραθρα
2951 3595 3194 3665 φέρουσα
3216 3597 3638 3671 κατακρημνίσῃ
3662 3598 3760 3667 τὴν
3785 3597 3994 3666 ἑαυτῆς

2394 3676 2688 3745 σωτηρίαν.
2715 3677 2805 3730 Διὸ
2827 3677 2932 3747 χρὴ
2955 3677 3197 3748 συνεχῶς
3222 3678 3391 3749 αὐτὴν
3421 3678 3839 3750 ἀνακρούεσθαι,
3871 3683 3993 3744 καὶ,

2389 3757 2640 3828 καθάπερ
2674 3759 2781 3811 τινὶ
2810 3760 3033 3830 χαλινῷ,
3078 3759 3156 3831 τῷ
3183 3762 3282 3831 τῆς
3308 3762 3588 3826 εὐσεϐείας
3616 3762 3861 3832 λογισμῷ
3893 3763 3995 3834 τὴν

2390 3840 2580 3907 ἀλογον
2614 3841 2786 3910 αὐτῆς
2811 3842 3176 3914 ἀναχαιτίζειν
3208 3846 3386 3917 ὁρμήν
3410 3863 3423 3876 ·
3461 3846 3595 3917 ὅπερ
3619 3847 3646 3898 6
3684 3845 3866 3909 Ὀζίας
3893 3849 3996 3899 οὐκ

2393 3925 2666 3992 ἐποίησεν,
2701 3924 2814 3977 ἀλλ’
2851 3928 2930 3988 εἰς
2951 3927 3120 3997 αὐτὴν
3152 3927 3251 3998 τὴν
3275 3929 3536 3984 ἀνωτάτω
3572 3931 3790 3984 πάντων
3806 3931 3995 4002 ἀρχὴν

2392 4006 2803 4078 παρηνόμησεν.
2849 4008 3140 4080 Ἰερωσύνη
3175 4011 3286 4080 γὰρ
3333 4013 3425 4065 καὶ
3473 4013 3644 4084 αὐτῆς
3690 4014 3789 4084 τῆς
3837 4014 3994 4084 βασι-

2390 4087 2541 4149 λείας
2567 4090 2888 4160 σεμνοτέρα.
2940 4091 3036 4144 καὶ
3084 4091 3287 4162 μείζων
3321 4095 3466 4148 ἐστὶν
3507 4096 3674 4166 ἀρχή.
3733 4097 3824 4166 Μὴ
3882 4098 3996 4167 γάρ

2393 4190 2484 4243 μοι
2517 4173 2618 4243 τὴν
2650 4173 2947 4244 ἁλουργίδα
2977 4175 3160 4248 εἴπῃς,
3205 4176 3339 4248 μηδὲ
3372 4177 3431 4230 τὸ
3457 4179 3712 4251 διάδημα,
3747 4181 3884 4250 μηδὲ
3925 4183 3996 4234 τά

2392 4255 2582 4325 ἰμάτια
2609 4257 2678 4310 τά
2702 4258 2900 4326 χρυσᾶ.
2939 4258 3074 4312 Σκιά
3097 4259 3276 4314 πάντα
3302 4262 3506 4324 ἐκεῖνα,
3543 4264 3636 4316 καὶ
3679 4265 3788 4318 τῶν
3832 4267 3996 4336 ἐαρι-

2390 4340 2498 4394 νῶν
2519 4340 2696 4393 ἀνθῶν
2723 4341 3103 4412 εὐτελέστερα.
3135 4342 3313 4398 Πᾶσα
3340 4346 3449 4416 γάρ
3471 4345 3620 4409 δόξα
3645 4347 3992 4415 ἀνθρώπου,

2392 4425 2578 4492 φησὶν.
2609 4423 2689 4487 ὡς
2716 4422 2899 4489 ἄνθος
2919 4426 3159 4492 χόρτου,
3183 4427 3290 4479 κᾶν
3318 4428 3487 4499 αὐτὴν
3513 4429 3675 4502 λέγῃς
3701 4429 3798 4501 τὴν
3831 4431 3994 4500 βασι-

2391 4505 2571 4576 λικήν.
2609 4505 2702 4575 Μὴ
2729 4505 2787 4559 δὲ
2810 4505 2984 4561 ταῦτά
3021 4525 3111 4578 μοι
3143 4509 3290 4578 λέγε,
3325 4511 3440 4564 ἀλλ’
3479 4513 3528 4564 εἰ
3575 4512 3752 4581 βούλει
3799 4515 3994 4586 ἰερέως

2393 4589 2532 4658 πρὸς
2561 4588 2786 4658 βασιλέα
2817 4589 2877 4642 τὸ
2922 4590 3178 4664 διάφορον
3213 4594 3362 4658 ἰδεῖν,
3392 4595 3492 4665 τῆς
3521 4596 3735 4666 ἐκάστῳ
3771 4598 3995 4669 διδομέ-

2393 4688 2488 4740 νης
2519 4670 2770 4738 ἐξουσίας
2799 4671 2859 4725 τὸ
2897 4673 3094 4745 μέτρον
3139 4675 3392 4741 ἐξέτασον
3432 4680 3478 4741 Β,
3529 4681 3621 4733 καὶ
3663 4679 3848 4751 πολλῷ
3895 4682 3994 4735 τοῦ

2395 4752 2658 4822 βασιλέως
2693 4754 2998 4827 ὑψηλότερα
3044 4757 3168 4828 ὄψει
3205 4759 3297 4814 τὸν
3346 4762 3499 4832 ἰερέα
3535 4763 3868 4835 καθήμενον.
3931 4765 3994 4818 Εἰ

2393 4837 2502 4907 γὰρ
2536 4838 2629 4890 καὶ
2669 4839 2866 4907 σεμνὸς
2904 4842 3034 4910 ήμϊν
3071 4843 3101 4895 6
3146 4841 3336 4914 θρόνος
3367 4845 3612 4915 φαίνεται
3640 4850 3668 4901 6
3709 4847 3995 4916 βασιλικὸς

2394 4921 2501 4974 ἀπὸ
2533 4921 2639 4975 τῶν
2673 4925 3144 4993 προσπεπηγότων
3181 4926 3332 4997 αὐτῷ
3371 4927 3553 4996 λίθων,
3587 4932 3679 4984 καὶ
3704 4931 3801 4984 τοῦ
3834 4949 3996 5002 περι-

2395 5003 2718 5071 σφίγγοντος
2762 5006 2925 5060 αὐτὸν
2969 5009 3233 5077 χρυσίου·
3284 5010 3400 5064 ἀλλ’
3440 5013 3590 5083 ὅμως
3643 5013 3713 5066 τὰ
3753 5015 3850 5068 ἐπὶ
3895 5015 3996 5084 τῆς

2391 5089 2497 5158 γῆς
2536 5089 2725 5158 ἔλαχεν
2754 5092 3081 5162 οἰκονομεῖν,
3115 5099 3212 5148 καὶ
3251 5095 3431 5150 πλεῖον
3461 5099 3572 5168 ἔχει
3601 5099 3699 5168 τῆς
3739 5099 3996 5163 ἐξουσίας

2391 5172 2593 5245 ταύτης
2639 5174 2827 5228 οὐδέν·
2873 5177 2902 5228 6
2937 5175 2994 5228 δέ
3043 5176 3146 5247 τῆς
3188 5177 3487 5252 ίερωσύνης
3534 5181 3722 5250 θρόνος
3779 5184 3838 5237 ἐν
3879 5185 3996 5248 τοῖς

2432 5407 2483 5486 ,τι
2532 5407 3058 5486 νεηνίην-μ
3116 5409 3372 5472 ειρημένων
3429 5410 3756 5473 ἀναλάεωμεν.
3815 5411 3993 5464 Ἔσται

2389 5471 3076 5591 γαῒὲπέξξῐῐξίῗὲἑίῐῗθςίὶῗίῗϐἐὲ;
3101 5531 3177 5589 16,
3205 5533 3342 5582 locus
3364 5535 3435 5583 sic
3460 5531 3632 5583 habet:
3659 5536 3754 5582 Καὶ
3784 5538 3850 5592 ὡς
3873 5555 3993 5587 κατ-

2391 5596 2607 5659 ίσχυσενν
2629 5594 2797 5659 Ῐδψῴθη
2816 5595 2861 5659 ,ἡ
2884 5593 3231 5659 ἕαῆδίαμῦτοῦ
3255 5593 3346 5659 τοῦ
3366 5595 3691 5659 καταφθεῖραι,
3712 5599 3794 5659 καὶ
3815 5599 3992 5658 ἡδίχη-

2389 5653 2474 5706 σεν
2511 5657 2558 5704 ἐν
2605 5653 2776 5724 κυρίῳ.
2807 5654 2914 5724 Θεῷ
2937 5653 3103 5724 αὐτοῦ,
3126 5656 3441 5724 καὶ-εἰσῇλθεν
3468 5653 3531 5724 εἰς
3553 5653 3633 5704 τόν
3669 5658 3780 5705 ναὸν
3808 5653 3992 5724 Κυρίου

2389 5724 2610 5780 θυμιᾶσαι
2639 5716 2712 5763 ἐπὶ
2731 5716 2787 5762 τὸ
2810 5717 3141 5780 θυσιαστῄριον
3165 5719 3260 5765 ’ῶν
3296 5719 3615 5780 θυμιαμάτων.

2456 5779 2475 5816 ῐ
2500 5777 2728 5838 Quinque
2757 5791 2856 5825 mss
2897 5776 3116 5827 ἐπιδοῦσα.

2452 5844 2476 5881 ε
2500 5835 2723 5909 υιίιιιιίιιο
2748 5852 2860 5909 mss.
2888 5839 3088 5897 ἐξέταζε,
3114 5844 3167 5887 cl
3187 5854 3302 5909 mox
3326 5843 3632 5907 ὑψηλότερον,
3653 5857 3762 5906 qua
3787 5857 3990 5909 postre-

2389 5918 2467 5955 ma
2491 5904 2638 5952 etiam
2664 5902 2810 5951 lectio
2836 5913 2930 5950 non
2950 5902 3250 5963 spernenda.
