4148 6306
151 367 271 425 129

142 477 433 547 interrupit
459 476 787 548 prephetite;
824 490 886 530 ac
915 474 1106 529 merito
1142 488 1287 527 sane.
1330 472 1458 526 Nam
1491 470 1739 526 quoniam

142 572 327 639 legem
358 569 525 637 ipsius
568 567 855 631 violarant,
890 574 944 620 et
978 565 1171 634 ejicere
1198 563 1526 616 iunnnndutn
1554 559 1742 613 tirunc-

145 668 294 721 rant.
325 658 700 729 prOpheticum
732 658 873 712 sistit
900 657 1094 710 donum
1127 672 1138 708 :
1170 652 1240 706 Et
1270 654 1469 707 verbum
1497 660 1601 704 erat
1629 666 1741 719 pre-

143 755 335 805 tiosum
363 761 500 812 tunc,
532 765 633 802 non
663 758 768 802 erat
792 764 954 801 sermo
981 746 1263 799 vaticinans
1291 745 1362 813 (1.
1395 741 1522 812 Reg.
1553 742 1606 796 3.
1637 740 1689 809 1)
1725 757 1737 792 :

145 843 252 895 hoc
283 851 386 905 est,
434 856 538 893 non
580 838 949 907 alloquebatur
976 835 1093 890 illos
1122 849 1214 904 per
1256 834 1539 902 prophetas
1579 831 1738 895 Deus,

145 948 246 986 nec
285 931 579 1003 inspirabat
603 932 654 984 in
686 944 777 984 eos
804 930 1034 997 Spiritus
1056 942 1152 997 per
1174 941 1333 997 quem
1360 923 1737 995 loquebantur,

144 1028 273 1094 quia
302 1024 635 1079 immundum
663 1037 827 1093 penes
853 1036 910 1075 se
936 1021 1203 1075 habebant
1233 1037 1247 1072 :
1277 1032 1449 1088 neque
1487 1017 1628 1071 enim
1653 1031 1741 1069 so-

145 1119 219 1170 let
255 1117 561 1171 immundos
588 1114 769 1169 afﬂare
809 1113 1038 1182 Spiritus
1067 1111 1256 1181 gratia.
1303 1110 1590 1179 Propterea
1636 1121 1738 1160 non

145 1211 361 1271 aderat,
386 1224 491 1261 non
514 1205 804 1276 apparebat
828 1203 1127 1272 prophetis,
1154 1200 1246 1255 sed
1268 1201 1388 1254 silet
1413 1209 1464 1253 et
1490 1198 1736 1251 occultat.

146 1299 214 1353 lit
272 1310 452 1352 autem
508 1296 648 1365 quod
708 1295 826 1349 dico
883 1292 1226 1347 manifestum
1282 1289 1553 1351 reddatur,
1610 1286 1739 1339 illud

145 1391 402 1459 exemplo
423 1387 727 1443 declarabo.
752 1385 981 1440 Perinde
1001 1385 1149 1453 quasi
1179 1383 1438 1452 quispiam
1463 1396 1585 1449 erga
1612 1379 1743 1431 alte-

147 1500 268 1536 rum
309 1483 449 1535 bene
487 1478 729 1541 affectus,
770 1478 837 1531 ab
874 1492 939 1531 eo
977 1476 1175 1530 furiose
1223 1473 1380 1527 fuerit
1420 1470 1653 1525 offensus
1690 1470 1740 1523 in

148 1590 204 1626 re
235 1573 441 1639 aliqua,
477 1580 531 1624 et
552 1570 697 1623 dicat
716 1567 788 1621 illi
816 1585 829 1620 :
855 1566 969 1621 Non
992 1566 1221 1634 amplius
1248 1580 1332 1618 me
1364 1562 1567 1617 videbis
1597 1580 1610 1616 :
1638 1576 1740 1613 non

146 1666 339 1732 loquar
382 1671 556 1715 tecum
609 1678 622 1712 :
665 1660 743 1713 sic
790 1668 897 1711 tum
943 1657 1049 1727 egit
1099 1657 1257 1709 Deus.
1304 1652 1740 1722 Quandoquidem

150 1756 296 1807 cnim
342 1768 449 1805 non
478 1752 750 1821 ejicicntcs
779 1751 960 1804 Oziam
992 1749 1136 1802 illum
1172 1747 1455 1811 irritarent,
1487 1746 1602 1800 Non
1632 1759 1744 1798 am-

148 1844 310 1913 plius,
341 1842 538 1911 inquit,
570 1841 841 1909 prophetis
881 1839 1070 1893 vestris
1107 1838 1319 1907 loquor,
1367 1852 1474 1891 non
1517 1835 1745 1904 amplius

148 1935 385 2004 Spirtus
413 1934 639 2002 gratiam
686 1933 858 1985 mitto.
907 1929 1038 1985 Vide
1076 1930 1390 1999 supplicium
1422 1927 1743 1997 benignitate

150 2028 436 2082 refertum.
466 2025 581 2079 Non
613 2025 755 2079 enim
789 2023 1005 2077 fulmina
1037 2021 1276 2086 immisit,
1307 2034 1480 2089 neque
1511 2018 1743 2073 funditus

151 2119 339 2173 urbem
371 2118 680 2181 concussit;
711 2116 801 2169 sed
833 2114 989 2184 quid?
1028 2111 1145 2167 Non
1185 2113 1342 2167 vultis
1384 2127 1470 2166 me
1518 2110 1741 2165 ulcisci?

152 2210 362 2277 inquit;
397 2223 503 2259 non
533 2208 807 2274 colloquor
838 2206 1132 2260 vobiscum.
1175 2204 1365 2257 Annon
1407 2202 1547 2257 enim
1594 2208 1741 2270 pote.

152 2316 260 2353 ram
293 2300 452 2352 illum
479 2298 674 2368 ejicere
692 2299 714 2349 ‘t
743 2297 939 2351 Verum
967 2295 1107 2365 quod
1151 2296 1404 2357 restabat,
1439 2294 1587 2348 vobis
1616 2293 1744 2347 reli-

154 2406 293 2444 ctum
337 2402 465 2446 esse
515 2390 679 2444 volui.
721 2389 834 2443 Non
877 2388 1067 2443 vultis?
1109 2386 1293 2456 Neque
1335 2401 1434 2455 ego
1472 2385 1746 2453 colloquor

155 2484 463 2546 vobiscum,
512 2495 687 2548 neque
716 2479 890 2535 excito
922 2479 1298 2548 prophetarum
1328 2477 1584 2530 animum.
1630 2474 1743 2527 Non

156 2574 347 2642 agebat
378 2572 430 2625 in
456 2571 535 2625 eis
566 2570 793 2638 Spiritus
828 2569 1015 2638 gratia,
1045 2569 1314 2622 silentium
1340 2576 1474 2631 erat,
1503 2564 1745 2619 simultas

158 2665 294 2717 inter
321 2664 493 2717 Deum
538 2670 594 2715 et
635 2660 899 2714 homines.
942 2657 1074 2713 Cum
1122 2660 1277 2729 igitur
1319 2658 1405 2711 ille
1447 2667 1564 2726 post
1607 2663 1749 2710 esset

159 2766 426 2820 mortuus,
460 2754 667 2809 sublata
696 2763 779 2806 est
807 2761 860 2806 et
889 2752 1216 2822 impurorum
1239 2750 1467 2803 occasio.
1500 2748 1637 2816 Ergo
1660 2746 1748 2800 ubi

160 2850 420 2918 propheta
455 2846 623 2901 multo
656 2854 892 2915 tempore
931 2844 1177 2899 desiisset
1208 2842 1518 2913 prardieere,
1552 2842 1747 2909 illoque

158 2940 375 2993 silentio
404 2938 579 2992 soluta
608 2936 791 2990 fuisset
829 2936 907 2990 ira
937 2936 1050 3000 Dei,
1098 2934 1254 2990 rediit
1289 2933 1580 3003 prophetia.
1615 2932 1748 2986 ilinc

161 3036 421 3101 propheta
454 3030 761 3084 necessario
786 3029 1031 3098 designat
1053 3029 1239 3082 mortis
1267 3039 1490 3095 tempus,
1524 3026 1703 3080 dicens
1733 3043 1744 3077 :

164 3126 226 3177 l-It
258 3126 453 3192 factum
483 3132 557 3176 est
597 3139 751 3186 anno,
782 3137 879 3190 quo
910 3129 1137 3173 mortuus
1180 3128 1251 3172 est
1303 3117 1453 3171 Ozias
1496 3133 1606 3180 rex,
1650 3116 1751 3167 vidi

165 3214 445 3266 Dominum
475 3213 724 3266 sedentem
754 3213 807 3263 in
830 3212 957 3265 solio
986 3210 1181 3264 excelsa
1202 3218 1247 3263 et
1275 3208 1481 3262 elevato.
1510 3209 1642 3262 Cum
1664 3208 1751 3261 ille

162 3316 408 3358 tuortuus
435 3310 601 3367 esset,
633 3311 741 3356 tum
769 3300 873 3356 vidi
914 3301 1215 3354 Dominum.
1243 3299 1375 3353 Nam
1405 3307 1556 3352 antea
1587 3298 1750 3351 Demn

163 3413 273 3448 non
319 3394 567 3448 videbam
612 3394 765 3448 nobis
808 3394 1019 3447 iratum.
1067 3392 1222 3446 Venit
1262 3405 1406 3445 mors
1448 3391 1660 3460 impuri,
1701 3399 1753 3444 et

161 3488 325 3541 solvit
374 3487 531 3540 iram.
582 3485 731 3539 lianc
771 3485 840 3541 ob
883 3500 1133 3551 causam,
1180 3499 1299 3538 cum
1343 3483 1534 3551 ubique
1573 3498 1754 3551 regum

165 3580 332 3631 vitam
366 3586 774 3639 commemoret,
801 3576 886 3630 hic
915 3585 1138 3630 mortem
1168 3575 1299 3629 dixit
1325 3572 1467 3629 Oziae
1496 3592 1509 3627 :
1540 3572 1756 3625 Factum

165 3682 240 3725 est
268 3672 320 3723 in
349 3686 506 3733 anno,
536 3685 633 3735 quo
659 3677 884 3721 mortuus
923 3678 996 3721 est
1041 3666 1191 3721 Ozias
1218 3683 1326 3732 rex,
1358 3667 1458 3718 vidi
1485 3663 1756 3717 Dominum

159 3762 425 3816 sedentem
468 3760 519 3813 in
559 3760 687 3814 solio
732 3760 926 3814 excelso
968 3768 1014 3813 et
1058 3759 1262 3813 elevato.
1316 3761 1395 3812 Ae
1440 3771 1623 3811 rursus
1672 3755 1758 3810 hic

168 3854 541 3924 contemplare
570 3853 663 3908 Dei
690 3852 1002 3908 bonitatem.
1029 3852 1262 3906 Mortuus
1304 3858 1385 3904 est
1411 3850 1668 3918 impurus,
1706 3857 1760 3901 et

174 3950 317 4003 Deus
362 3945 740 4001 reconciliatus
787 3951 869 3997 est
921 3942 1238 3996 hominibus.
1270 3940 1628 4007 Quamobrem
1660 3937 1760 3991 hoc

175 4042 372 4094 factum
404 4046 509 4101 est,
536 4050 653 4089 eum
681 4033 809 4089 nihil
840 4042 982 4089 esset
1011 4040 1155 4088 recte
1199 4030 1476 4094 factorum,
1517 4028 1609 4083 sed
1642 4037 1758 4081 tan-

173 4146 284 4184 mm
318 4131 413 4184 ille
447 4138 686 4181 mortuus
721 4124 905 4179 esset?
942 4124 1204 4191 Quoniam
1248 4122 1509 4175 humanus
1551 4129 1631 4173 est
1660 4118 1762 4171 Do—

173 4224 376 4284 minus,
408 4232 510 4273 nec
549 4218 600 4269 in
644 4216 831 4269 talibus
873 4215 981 4283 agit
1021 4211 1256 4267 severius
1298 4228 1316 4263 :
1362 4225 1521 4263 unum
1560 4216 1762 4262 tantum

174 4312 461 4383 quaerebat
500 4307 769 4362 bcnelicus
816 4306 976 4369 Deus,
1023 4312 1079 4357 ut
1121 4303 1291 4358 exiret
1335 4302 1591 4369 impurus.
1641 4298 1765 4351 [hcc

177 4407 359 4473 itaque
400 4415 522 4456 cum
563 4398 816 4462 sciamus,
847 4395 1200 4464 arrogantiam
1227 4392 1559 4459 abjieianms,
1590 4388 1765 4442 humi-

178 4499 383 4550 litatem
413 4492 814 4562 amplectamur,
861 4489 1069 4542 solitam
1110 4487 1331 4556 gloriam
1360 4484 1642 4539 olTeramus
1665 4481 1761 4535 Pa-

180 4589 244 4641 tri
278 4596 336 4642 et
360 4584 500 4638 Filio
525 4593 577 4637 et
601 4582 819 4650 Spiritui
861 4588 1069 4644 sancto,
1112 4592 1251 4631 nunc
1283 4587 1334 4632 et
1374 4590 1604 4644 semper,
1633 4582 1687 4627 et
1714 4571 1765 4626 in

180 4676 383 4733 szecula
413 4673 754 4727 seculorum.
784 4669 977 4723 Amen.

183 4852 240 4910 In
269 4852 478 4905 dictum
510 4842 637 4899 illud
668 4841 818 4896 Isaite
845 4838 1124 4909 propheta:
1153 4856 1165 4891 :
1191 4830 1406 4889 Factum
1431 4842 1501 4887 est
1538 4833 1590 4885 in
1615 4849 1769 4887 anno,

258 4958 359 5013 quo
388 4948 618 4991 mortuus
647 4944 719 4988 est
750 4932 901 4986 Ozias
927 4947 1017 4984 rex
1040 4971 1054 4992 ,
1083 4928 1185 4983 vidi
1214 4927 1483 4979 Dominum
1525 4922 1585 4993 (I
1593 4923 1684 4975 sai.
1716 4920 1770 4975 6.

263 5039 288 5090 1
324 5036 343 5103 )
368 5050 382 5085 :
408 5040 464 5085 et
490 5024 873 5083 demonstratio
892 5021 1031 5091 quod
1058 5020 1211 5074 Ozias
1233 5019 1350 5086 jure
1377 5016 1535 5070 fuerit
1559 5012 1775 5066 affectus

265 5129 417 5193 lepra
438 5161 452 5186 ,
484 5116 627 5189 quod
669 5123 861 5185 praeter
888 5111 1195 5182 dignitatem
1246 5109 1520 5162 incensum
1552 5103 1777 5158 obtulis-

263 5226 352 5273 set
376 5256 395 5279 ,
425 5211 477 5267 id
508 5207 649 5279 quod
692 5220 798 5260 non
828 5202 953 5257 licet
980 5201 1192 5270 regibus
1214 5240 1230 5265 ,
1263 5199 1357 5253 sed
1393 5193 1774 5251 sacerdotibus.

806 5356 1085 5415 HOMILIA
1127 5356 1188 5411 V.

275 5508 330 5560 1.
372 5502 485 5573 Age
526 5493 845 5568 expositioni
892 5491 958 5546 de
1006 5490 1131 5544 Ozia
1184 5496 1373 5557 empta:
1420 5486 1577 5540 hodie
1626 5484 1782 5538 finem

198 5596 579 5665 imponamus,
633 5584 897 5655 fastigium
947 5580 1177 5635 sermoni
1220 5579 1327 5648 jam
1378 5577 1669 5640 addamus,
1720 5588 1787 5627 ne

208 5689 422 5760 quando
445 5698 542 5738 nos
558 5696 767 5753 quoque
782 5677 1132 5739 derideantur,
1165 5670 1608 5742 quemadmodum
1630 5685 1789 5723 evan-

210 5778 416 5847 gelicus
440 5770 658 5842 illc,qui
683 5779 967 5840 aggressus
1003 5766 1263 5823 mdilicare
1293 5769 1499 5833 turrim,
1534 5766 1785 5837 perlicere

1210 356 1276 413 ΙΝ
1311 356 1530 419 ILLUD,
1577 350 1709 408 VIDI
1751 352 2079 424 DOMINUM,
2123 359 2348 415 llOlllL.
2386 359 2449 416 ν.

3297 383 3410 436 130

1850 483 1952 523 non
1979 475 2144 539 potuit
2175 492 2187 528 :
2218 491 2281 529 no
2308 474 2425 545 quis
2455 474 2739 546 aliquando
2770 481 3202 547 przetercuutimn
3234 480 3300 534 dc
3332 495 3428 535 no—

1848 561 1929 615 bis
1954 579 2162 633 quoque
2188 565 2328 618 dicat
2360 583 2374 621 :
2420 566 2519 619 Hic
2547 570 2695 622 homo
2729 574 2874 638 erepit
2907 570 3182 637 wdiﬁcare,
3216 588 3304 625 nec
3337 591 3428 640 ροο

1848 654 1938 705 tuit
1965 654 2202 723 perficere
2232 654 2381 726 (Luc.
2417 658 2503 712 14.
2544 657 2655 730 30).
2695 659 2886 715 Verum
2916 676 3019 727 quo
3046 661 3196 715 vobis
3238 660 3431 715 diluci-

1847 744 1994 799 diora
2026 747 2153 801 fiant
2182 764 2297 816 qua:
2319 748 2579 815 dicentur,
2607 765 2670 804 ex
2702 751 2763 805 iis
2792 767 2907 819 qua:
2925 753 3062 805 dicta
3089 762 3214 806 sunt
3237 769 3429 820 nuper,

1847 850 2023 903 Operae
2049 838 2273 904 pretium
2303 840 2405 893 erit
2436 855 2597 909 pauca
2623 851 2861 908 repetere
2881 882 2895 906 ,
2929 858 2993 896 ne
3024 843 3194 912 capite
3218 853 3428 897 trunca-

1849 934 1933 979 tns
1959 941 2136 980 sermo
2164 937 2345 982 noster
2371 929 2594 999 prodeat
2623 930 2673 983 in
2707 932 2981 999 Spirituale
3014 933 3304 997 theatrum,
3334 932 3426 987 sed

1847 1027 2154 1087 recuperata
2222 1020 2354 1075 facie
2401 1035 2495 1074 sua
2544 1019 2696 1075 facile
2748 1036 2778 1075 a
2821 1024 3209 1091 spectatoribus
3260 1026 3429 1092 possit

1846 1108 2082 1175 agnosci.
2138 1108 2193 1163 Id
2236 1113 2376 1164 enim
2411 1112 2608 1179 pariter
2637 1111 2783 1165 etiis
2809 1114 2896 1181 qui
2950 1113 3267 1177 audierunt,
3328 1116 3431 1169 erit

1850 1199 2118 1253 memorize
2156 1203 2461 1267 renovatio,
2493 1212 2545 1255 et
2597 1203 2658 1256 iis
2686 1203 2773 1271 qui
2818 1218 2921 1257 non
2964 1204 3283 1273 audierunt,
3331 1207 3427 1259 do-

1846 1289 2033 1342 etrina.
2052 1286 2229 1358 Nuper
2254 1291 2408 1361 igitur
2434 1291 2661 1346 diximus
2683 1307 2839 1362 quam
2863 1294 3016 1347 fuerit
3044 1294 3159 1363 pius
3179 1294 3353 1360 Ozias,
3377 1305 3432 1350 et

1848 1379 2115 1445 quiomodo
2144 1382 2377 1435 evaserit
2406 1381 2676 1450 improbus
2697 1424 2711 1447 ,
2745 1392 2797 1437 et
2828 1383 2967 1438 unde
2996 1398 3179 1446 orsus,
3212 1401 3315 1454 quo
3340 1400 3429 1439 sn-

1848 1470 2043 1538 perbiae
2093 1471 2367 1540 prolapsus
2417 1474 2533 1527 sit:
2582 1473 2740 1528 hodie
2788 1489 2915 1528 vero
2959 1475 3243 1529 dicendum
3292 1480 3426 1541 erit,

1846 1559 2112 1628 quomodo
2167 1562 2418 1631 templum
2452 1563 2720 1632 ingressus
2749 1565 2847 1628 sit,
2892 1564 3158 1633 quomodo
3214 1568 3430 1619 teutarit

1846 1650 2061 1705 adolere
2100 1651 2407 1714 incensum,
2455 1653 2723 1720 quomodo
2769 1653 3097 1722 prohibuerit
3147 1655 3292 1708 illum
3338 1670 3427 1709 sa-

1848 1740 2058 1807 cerdos,
2077 1743 2341 1811 quomodo
2362 1743 2451 1797 ille
2467 1757 2573 1796 non
2597 1744 2837 1808 cesserit,
2856 1745 3124 1814 quomodo
3150 1746 3199 1797 in
3223 1761 3281 1798 se
3306 1761 3429 1813 pro-

1848 1834 2114 1887 vocaverit
2152 1833 2283 1887 iram
2314 1834 2441 1901 Dei,
2473 1834 2739 1903 quomodo
2781 1835 2943 1903 lcpne
2973 1836 3233 1889 obnoxius
3265 1837 3426 1888 vitam

1849 1926 2076 1992 finierit,
2107 1934 2161 1979 et
2203 1941 2359 1996 quam
2390 1927 2458 1981 ob
2484 1941 2697 1979 causam
2746 1926 2999 1995 propheta
3052 1928 3427 1995 pra‘termissis

1849 2018 1970 2071 vita:
2015 2018 2152 2072 illius
2180 2017 2365 2072 diebus
2390 2058 2402 2082 ,
2432 2019 2619 2071 mortis
2664 2016 2848 2071 fecerit
2892 2018 3218 2071 mentionem
3247 2018 3314 2069 ita
3343 2017 3427 2070 lo-

1848 2123 2017 2177 quens
2047 2126 2060 2163 :
2092 2108 2271 2174 Anno,
2302 2124 2400 2178 quo
2424 2119 2648 2161 mortuus
2677 2117 2751 2159 est
2783 2106 2933 2161 Ozias
2960 2122 3048 2159 rex
3077 2106 3229 2175 (lsai.
3260 2106 3310 2159 6.
3347 2108 3426 2175 1).

1851 2200 1973 2253 ":EC
2000 2199 2139 2254 enim
2184 2213 2339 2252 causa
2372 2198 2469 2252 fuit
2498 2213 2591 2252 cur
2618 2206 2780 2250 totam
2812 2197 2876 2250 ab
2898 2197 3118 2251 exordio
3146 2195 3425 2251 historiam

1850 2300 2233 2355 tractaremus;
2263 2289 2356 2345 sed
2382 2288 2675 2343 auscultate
2701 2288 3001 2357 diligenter.

1924 2382 2073 2453 Regis
2131 2380 2470 2435 sacerdotium
2516 2378 2795 2431 invadentis
2841 2377 3074 2430 audacia.
3137 2377 3427 2431 Sacerdotis

1848 2482 2035 2543 quanta
2070 2481 2305 2541 potestas.
2326 2499 2396 2511 -—-
2418 2470 2484 2523 Et
2506 2474 2695 2540 fartum
2739 2478 2810 2521 est
2832 2509 2845 2531 ,
2876 2468 3085 2536 inquit,
3132 2484 3244 2520 cum
3285 2469 3428 2521 inva-

1851 2564 2021 2615 luissct
2051 2560 2201 2614 Ozias
2230 2576 2318 2613 rex
2336 2600 2351 2625 ,
2379 2559 2562 2612 elatum
2586 2566 2657 2611 est
2684 2573 2769 2609 cor
2788 2557 2897 2626 ejus
2916 2598 2930 2623 ,
2958 2573 3111 2625 usque
3150 2558 3218 2609 ad
3250 2574 3426 2610 corru-

1852 2657 2089 2724 ptionem,
2112 2664 2159 2706 et
2179 2653 2417 2723 injuriam
2442 2653 2555 2722 fecit
2582 2653 2634 2703 in
2662 2650 2874 2703 Domino
2902 2648 3009 2702 Deo
3035 2665 3126 2703 suo
3149 2649 3224 2717 (2.
3250 2648 3425 2702 Paral.

1849 2747 1938 2800 26.
1965 2745 2076 2815 16).
2101 2746 2229 2813 Quis
2258 2744 2461 2814 injuriae
2488 2742 2717 2797 modus?
2742 2741 3008 2812 Ingressus
3033 2750 3132 2805 est,
3158 2742 3343 2810 inquit,
3378 2744 3429 2794 in

1852 2838 2093 2906 templum
2122 2836 2343 2901 Domini,
2369 2846 2419 2888 ut
2440 2834 2661 2888 adoleret
2690 2835 2945 2886 incensum
2966 2849 3117 2900 super
3137 2833 3296 2885 altare
3319 2832 3432 2901 thy-

1851 2928 2121 2982 miamatis.
2164 2930 2207 2983 Ο
2258 2925 2565 2980 audaciam!
2612 2939 2644 2977 ο
2695 2922 3107 2991 impudentiam!
3165 2922 3430 2976 Adversus

1852 3023 1962 3089 ipsa
1995 3033 2143 3073 sacra
2169 3017 2325 3087 adyta
2350 3031 2507 3070 ausus
2528 3056 2542 3079 ,
2569 3016 2621 3068 in
2662 3022 2843 3067 sancta
2876 3028 3175 3065 sanctorum
3210 3013 3335 3079 irru;
3357 3012 3388 3065 it
3411 3052 3429 3077 ,

1853 3128 1939 3182 qm
1969 3112 2113 3165 locus
2138 3108 2383 3161 omnibus
2409 3104 2838 3159 eratiuaccessus
2857 3142 2871 3165 ,
2903 3111 3251 3170 prteterquam
3285 3118 3430 3153 sum-

1855 3217 1941 3256 mo
1967 3199 2226 3255 sacerdoti
2249 3239 2263 3262 ,
2309 3197 2448 3250 lnmc
2489 3193 2767 3264 profanare
2792 3202 3014 3246 conatus
3040 3199 3138 3245 est.
3185 3190 3327 3243 Talis
3352 3206 3381 3245 c
3413 3200 3433 3245 t

1854 3294 2027 3346 anima
2058 3292 2111 3346 in
2137 3289 2489 3359 arrogantiam
2520 3287 2744 3340 sublata.
2777 3284 2955 3339 Semel
2981 3284 3121 3337 enim
3154 3283 3431 3351 desperata

1856 3385 2026 3438 salute
2056 3394 2383 3451 nequaquam
2402 3377 2593 3432 desinit
2613 3376 2807 3438 furere,
2828 3388 3010 3428 verum
3034 3372 3267 3426 habenas
3293 3372 3433 3425 salu-

1859 3477 1923 3531 tis
1944 3490 2053 3530 sua:
2071 3474 2255 3527 laxans
2271 3467 2721 3525 irrationabilibus
2743 3464 3119 3534 cupiditatibus
3138 3465 3327 3533 quovis
3346 3480 3430 3515 ru-

1859 3568 2023 3639 pitur,
2045 3579 2141 3618 nec
2160 3563 2312 3616 aliter
2328 3574 2483 3629 quam
2501 3573 2667 3628 equus
2686 3558 2963 3619 ferociens,
2988 3555 3073 3607 ubi
3094 3554 3301 3609 frenum
3316 3568 3430 3617 ore.

1858 3670 2123 3713 sessorem
2149 3662 2295 3721 tergo
2314 3649 2568 3713 excussit,
2596 3648 2763 3702 fertur
2781 3646 2966 3715 quovis
2993 3653 3152 3699 vento
3179 3645 3431 3707 velocius,

1861 3745 2107 3800 omnibus
2146 3741 2316 3798 obviis
2356 3738 2721 3802 intolerabilis,
2768 3734 3164 3804 diﬂ'ugieatibus
3204 3734 3429 3789 cunctis.

1862 3855 2032 3908 neque
2058 3848 2320 3907 quoquam
2349 3830 2579 3885 audente
2620 3828 2873 3883 cohibere
2901 3843 2915 3880 :
2948 3826 3025 3880 sic
3051 3834 3104 3879 et
3129 3823 3303 3877 anima
3349 3822 3436 3876 ubi

1864 3932 1958 3988 Dei
1991 3932 2235 3985 timorem
2280 3927 2445 3995 ipsam
2478 3922 2833 3977 rel‘renantem
2875 3916 3138 3979 excussit,
3175 3914 3435 3968 erratio-

1865 4042 1985 4082 nem
2010 4023 2243 4080 habenas
2273 4017 2637 4072 moderantem
2668 4013 2821 4081 ejccit
2843 4051 2857 4073 ,
2900 4008 2965 4062 ad
2993 4007 3193 4077 quaevis
3222 4006 3439 4059 malitia:

1866 4118 1979 4170 loca
2003 4112 2268 4176 decurrit,
2291 4110 2461 4164 donec
2487 4107 2539 4160 in
2566 4104 2710 4158 exitii
2736 4100 3041 4155 barathrum
3067 4096 3239 4151 delata
3258 4138 3271 4159 ,
3301 4111 3438 4163 pra:-

1866 4205 2096 4276 cipit'trit
2122 4217 2271 4257 suam
2302 4200 2466 4270 ipsius
2489 4197 2733 4251 salutem.
2760 4194 3094 4260 Quapropter
3120 4195 3331 4256 oportet
3357 4202 3441 4237 as-

1868 4298 2016 4352 sidue
2044 4295 2183 4349 illam
2216 4292 2521 4355 refrenare,
2559 4302 2619 4339 ac
2657 4282 2865 4353 pietatis
2896 4280 3101 4334 ratione
3144 4293 3239 4330 ceu
3292 4277 3441 4328 freno

1868 4388 2093 4458 quodam
2125 4381 2534 4439 irrationabilem
2564 4376 2701 4429 illius
2731 4375 2983 4439 imj'etum
3007 4368 3246 4421 inhibere
3267 4383 3279 4417 ε
3303 4365 3441 4433 quod

1873 4496 1975 4534 non
2005 4478 2128 4534 fecit
2154 4476 2305 4529 Ozias
2329 4513 2342 4537 ,
2368 4471 2465 4525 sed
2492 4468 2744 4521 adversus
2770 4465 2938 4532 ipsum
2979 4460 3216 4513 Omnium
3253 4470 3441 4523 suprc~

1873 4589 2016 4628 mum
2058 4566 2404 4639 principatum
2448 4562 2617 4629 legem
2650 4567 3007 4623 transgressus
3038 4560 3139 4605 est.
3174 4547 3443 4617 Siquidem

1873 4661 2225 4719 sacerdotium
2258 4655 2583 4726 principatus
2611 4657 2690 4704 est
2714 4689 2729 4713 ,
2759 4648 2873 4716 ipso
2900 4645 3057 4699 etiam
3094 4657 3258 4710 regno
3283 4655 3446 4694 vene-

1874 4754 2091 4809 rabilius
2125 4764 2187 4803 ac
2216 4746 2405 4816 majus.
2448 4743 2525 4797 Ne
2551 4742 2680 4795 mihi
2706 4751 2891 4791 narres
2928 4747 3247 4804 purpuram,
3279 4744 3449 4797 neque

1876 4845 2115 4899 diadema
2135 4882 2149 4905 ,
2198 4852 2370 4909 neque
2397 4845 2572 4889 vestes
2613 4846 2821 4885 aureas.
2852 4826 3068 4882 Umbrae
3113 4832 3236 4876 sunt
3266 4820 3450 4874 isthmc

1879 4934 2056 4993 omnia
2078 4972 2094 5000 ,
2122 4931 2408 4997 vernisque
2437 4923 2669 4979 ﬂosculis
2698 4921 2915 4975 leviora.
2956 4916 3133 4968 Omnis
3162 4913 3301 4967 enim
3326 4952 3339 4976 ,
3373 4912 3451 4964 itt-

1880 5029 2026 5098 quit,
2056 5022 2270 5078 hominis
2295 5018 2455 5089 gloria
2472 5016 2597 5070 sicut
2625 5015 2720 5083 [los
2742 5009 2861 5081 [wni
2889 5004 3155 5098 (Isaiam.
3177 5001 3262 5071 6),
3293 5003 3453 5098 etiam

1882 5092 1925 5174 si
1955 5119 2119 5186 ipsam
2149 5113 2369 5183 gloriam
2396 5108 2627 5177 regalem
2658 5102 2877 5157 dixeris.
2908 5097 3017 5163 Ne,
3052 5096 3287 5164 inquam,
3324 5092 3455 5146 mihi

1886 5183 2069 5265 nar—res
2090 5206 2221 5269 ista;
2256 5202 2348 5257 sed
2378 5200 2419 5253 si
2448 5199 2531 5251 vis
2555 5194 2738 5250 videre
2764 5190 3049 5245 discrimen
3093 5194 3346 5255 quantum
3391 5183 3460 5236 sit

1887 5312 2063 5367 regem
2094 5298 2229 5349 inter
2267 5301 2320 5348 et
2362 5285 2692 5343 sacerdotem
2717 5324 2732 5348 ,
2768 5277 3011 5349 expende
3042 5274 3256 5329 modum
3308 5284 3457 5340 pote-

1889 5362 2038 5445 statis
2069 5387 2274 5455 utrique
2298 5381 2522 5438 traditas,
2549 5375 2752 5430 videbis
2779 5370 3109 5426 sacerdotem
3140 5366 3305 5419 multo
3335 5362 3462 5415 sub.

1891 5484 2069 5539 limius
2112 5493 2238 5548 rege
2280 5474 2572 5529 sedentem.
2604 5471 2933 5535 Quamquam
2982 5462 3124 5517 enim
3174 5459 3325 5511 nobis
3373 5470 3459 5507 ve-

1895 5571 2185 5629 nerandum
2242 5564 2450 5619 videtur
2505 5559 2693 5614 solium
2747 5555 2952 5622 regium
3007 5551 3074 5603 ob
3125 5560 3363 5616 gemmas
3414 5542 3461 5595 ei

1896 5664 2116 5724 aflixas,
2174 5665 2226 5711 et
2273 5666 2457 5707 aurum
2513 5664 2616 5718 quo
2642 5648 2871 5700 cinctum
2901 5652 2983 5695 est
3022 5655 3035 5690 :
3072 5648 3245 5689 tamen
3288 5648 3462 5686 rerum

1902 5765 2229 5814 terrenarum
2262 5742 2768 5801 administrationem
2813 5737 3027 5789 sortitus
3073 5745 3163 5783 rex
3206 5738 3323 5779 est.
3367 5738 3459 5777 nec
