4148 6306
706 373 814 426 131

698 485 836 539 ultra
868 488 1187 553 potestatem
1233 482 1371 533 banc
1397 476 1684 548 quidquam
1710 474 1870 532 habet
1909 473 2237 530 auctoritatis
2267 490 2284 526 :

699 587 892 630 verum
913 570 1198 626 sacerdotii
1239 569 1433 624 solium
1473 567 1528 622 in
1556 567 1704 622 caelis
1730 566 2047 622 collocatum
2085 571 2200 628 est.
2232 573 2288 620 et

699 661 933 717 caelestia
958 658 1369 717 administrandi
1399 657 1560 714 habet
1586 656 1980 713 auctoritatem.
2009 654 2141 722 Quis
2172 654 2288 710 hare

701 750 870 806 dicit?
888 749 1009 822 Ipse
1029 750 1285 806 caelorum
1312 749 1446 804 Rex.
1483 747 1826 818 Qutrcumque
1843 745 1985 802 enim
2015 745 2287 818 ligmitis

695 857 848 913 super
884 851 1103 910 terram,
1129 849 1279 896 erunt
1312 840 1470 912 ligata
1496 850 1547 894 et
1574 841 1628 893 in
1665 837 1802 894 caelis
1830 852 1850 893 :
1885 845 1936 892 et
1961 853 2288 908 quiscumque

693 935 942 990 miseritis
962 951 1117 1006 super
1142 943 1328 988 terram
1348 976 1363 1001 ,
1397 943 1540 987 erunt
1561 933 1727 986 soluta
1753 931 1878 986 etin
1904 932 2041 986 cretis
2070 929 2284 1004 (Matth.

697 1029 787 1084 l6.
831 1028 946 1098 l9).
978 1027 1115 1094 Quid
1153 1043 1276 1083 cum
1329 1026 1432 1081 hoc
1485 1026 1688 1080 honore
1731 1023 1962 1080 conferri
2008 1023 2212 1094 possit?
2241 1024 2283 1080 Α

696 1134 839 1174 terra
851 1117 1125 1190 judicandi
1143 1117 1491 1190 principalem
1508 1116 1882 1173 auctoritatem
1901 1117 2280 1174 sumitctelum.

694 1211 824 1266 Nam
849 1210 1010 1282 jndex
1041 1210 1192 1266 sedet
1215 1211 1269 1265 in
1301 1221 1464 1278 terra,
1491 1209 1748 1265 Dominus
1778 1211 2018 1280 sequitur
2043 1226 2279 1279 servum,

697 1312 753 1359 et
778 1303 1036 1374 quidquid
1075 1302 1166 1358 hic
1193 1303 1246 1356 in
1276 1301 1618 1358 inferioribus
1649 1301 1934 1373 judicarit,
1966 1303 2069 1360 hoc
2095 1304 2185 1360 ille
2229 1304 2284 1360 in

694 1396 942 1466 supernis
965 1395 1298 1466 comprobat.
1324 1395 1509 1465 Itaque
1535 1395 1739 1450 medius
1760 1403 1864 1450 stat
1881 1395 2131 1451 sacerdos
2147 1396 2287 1452 inter

697 1490 863 1544 lteum
884 1497 939 1543 et
962 1497 1207 1544 naturam
1236 1487 1546 1552 humanam,
1577 1487 1725 1542 illinc
1745 1488 2007 1544 venientia
2029 1489 2285 1546 beneficia

692 1578 758 1633 ad
792 1592 890 1632 nos
912 1577 1185 1645 deferens,
1214 1589 1270 1633 et
1297 1587 1509 1632 nostras
1533 1578 1814 1648 petitiones
1840 1579 1964 1635 illuc
1991 1579 2282 1649 perferens,

695 1668 980 1724 Dominum
1007 1668 1201 1723 iratum
1233 1669 1586 1724 reconcilians
1609 1670 1880 1724 communi
1912 1679 2115 1725 natum
2140 1713 2155 1738 ,
2186 1686 2283 1726 nos

691 1761 782 1830 qui
825 1760 1152 1819 offendimus
1187 1764 1424 1835 eripiens
1458 1780 1526 1821 ex
1570 1765 1712 1820 illius
1763 1767 2024 1822 manibus.
2078 1765 2284 1823 Idcirco

696 1854 834 1910 Deus
861 1854 1035 1925 ipsum
1057 1857 1237 1927 regale
1263 1863 1425 1928 caput
1445 1858 1740 1913 sacerdotis
1762 1859 2005 1915 manibus
2029 1859 2279 1930 subjecit,

691 1959 791 2000 nos
817 1945 1048 2014 docens,
1090 1950 1232 2003 hunc
1272 1948 1570 2019 principem
1597 1965 1719 2006 esse
1747 1951 1838 2005 illo
1876 1951 2132 2021 majorem
2164 1971 2178 2008 :
2205 1954 2282 2009 si-

688 2035 905 2105 quidem
933 2038 984 2092 id
1015 2038 1158 2108 quod
1191 2039 1368 2094 minus
1396 2050 1513 2108 est,
1545 2041 1972 2098 benedictionem
1995 2043 2188 2113 accipit
2215 2044 2282 2100 ab

690 2144 758 2182 co
823 2130 964 2199 quod
1032 2131 1377 2202 praestantius
1432 2140 1534 2187 est.
1595 2132 1796 2188 Verum
1854 2133 1922 2189 de
1979 2135 2281 2191 sacerdotio

686 2227 994 2290 quantaque
1021 2221 1092 2277 sit
1137 2222 1280 2277 illius
1325 2222 1554 2293 dignitas
1574 2265 1590 2288 ,
1618 2225 1724 2280 alio
1768 2234 2010 2296 tempore
2037 2226 2278 2284 declara-

688 2307 864 2364 bimus
899 2329 914 2365 :
948 2312 1163 2368 interim
1214 2313 1621 2370 consideremus
1665 2325 1860 2384 quanta
1907 2320 1975 2372 sit
2017 2319 2156 2388 regis
2195 2321 2279 2376 vel

690 2405 903 2461 tvranni
954 2407 1130 2474 potius
1159 2407 1434 2479 iniquitas.
1488 2407 1764 2477 Ingressus
1804 2419 1887 2465 est
1925 2409 1979 2464 in
2022 2413 2277 2482 templum

689 2493 898 2550 Domini
918 2536 934 2563 ,
966 2496 1242 2565 ingressus
1269 2508 1352 2553 est
1379 2507 1435 2555 et
1461 2498 1678 2554 Azarias
1704 2500 1958 2556 sacerdos
1983 2511 2105 2572 post
2133 2515 2282 2555 eum.

687 2589 772 2642 An
795 2599 997 2645 temere
1025 2589 1270 2645 dicebam
1301 2590 1638 2648 sacerdotem
1669 2606 1794 2661 rege
1822 2592 2080 2662 majorem
2122 2595 2277 2649 esse?

685 2676 873 2748 Neque
888 2680 1032 2734 enim
1060 2688 1115 2734 ut
1136 2695 1316 2750 regem
1334 2679 1621 2750 ejecturus,
1641 2681 1733 2735 sed
1753 2691 1809 2736 ut
1827 2681 2104 2752 profugum
2122 2692 2178 2739 et
2197 2686 2281 2740 itt-

683 2781 895 2841 gratum
916 2772 1177 2828 famulum
1194 2772 1536 2845 expulsurus,
1560 2789 1680 2827 cum
1708 2773 2044 2830 vehementia
2076 2775 2278 2845 ingres-

684 2879 778 2919 sus
802 2874 884 2921 est
902 2907 917 2929 ,
946 2880 1052 2921 non
1081 2866 1242 2920 aliter
1269 2881 1430 2937 quam
1460 2881 1758 2937 generosus
1783 2867 1931 2923 cauis
1959 2867 2182 2923 incurrit
2209 2869 2276 2923 ad

685 2957 948 3027 impuram
971 2957 1221 3019 bestiam,
1243 2966 1301 3010 ut
1330 2955 1472 3011 illam
1492 2958 1666 3026 exigat
1684 2957 1750 3011 ab
1775 2956 1977 3011 adibus
1999 2957 2274 3013 herilibus.

753 3049 807 3102 2.
841 3047 1058 3103 Fiducia
1082 3048 1356 3102 sacerdotis
1376 3049 1462 3117 qni
1494 3048 1672 3102 Oziant
1710 3049 1974 3118 repressit,
2003 3049 2239 3103 laudatur
2254 3065 2286 3115 ;ι

683 3141 862 3196 timida
907 3143 1183 3211 tmpietas;
1228 3141 1464 3195 sacerdos
1510 3140 1761 3210 quomodo
1806 3139 1981 3195 debeat
2027 3143 2278 3211 corripere

683 3234 981 3303 principem.
1012 3263 1084 3274 —-
1114 3232 1301 3288 Vidisti
1322 3232 1614 3288 sacerdotis
1639 3234 1872 3287 animum
1898 3234 2063 3290 multa
2088 3234 2275 3289 fiducia

684 3323 922 3390 plenum,
949 3323 1254 3392 excelsique
1277 3323 1532 3392 spiritus?
1558 3323 1672 3378 Non
1694 3324 1985 3394 aSpicicbat
2013 3325 2277 3394 principa-

683 3425 768 3467 tus
795 3412 1020 3481 fastum,
1047 3428 1155 3467 non
1179 3412 1512 3483 expendebat
1534 3424 1732 3484 quanta
1759 3428 1846 3469 res
1871 3425 2011 3470 esset
2039 3416 2272 3470 animum

681 3502 971 3572 cupiditate
999 3503 1354 3558 temulentum
1396 3503 1686 3568 cohibere;
1735 3519 1840 3558 non
1869 3503 2116 3560 audiebat
2147 3506 2275 3562 illud

681 3594 1016 3651 Salomonis:
1042 3594 1203 3650 Hinc
1223 3597 1355 3667 regis
1375 3596 1502 3649 sicut
1521 3596 1602 3649 ira
1621 3597 1780 3651 leonis
1801 3596 1820 3667 (
1841 3595 1996 3651 Prov.
2024 3598 2108 3654 19.
2138 3599 2201 3652 12
2221 3599 2274 3668 );

681 3688 774 3744 sed
820 3688 1040 3745 sublatis
1065 3690 1236 3746 oculis
1262 3688 1330 3744 ad
1364 3705 1544 3743 verum
1577 3688 1774 3758 Regem
1804 3690 2087 3755 mulorum,
2119 3700 2278 3759 atque

683 3779 811 3832 illud
845 3780 1109 3846 tribunal,
1139 3794 1337 3849 easque
1370 3795 1554 3848 poenas
1584 3781 1926 3836 considerans
1945 3824 1960 3850 ,
1991 3793 2046 3837 et
2076 3784 2158 3837 his
2188 3799 2278 3838 co-

681 3869 1028 3935 gitationibus
1056 3884 1177 3925 sese
1221 3871 1466 3924 muniens
1489 3912 1504 3934 ,
1557 3869 1811 3938 impetum
1844 3870 1967 3926 fecit
2012 3874 2063 3927 in
2096 3884 2276 3944 tyran-

681 3976 830 4016 num.
863 3959 1094 4015 Noverat
1122 3961 1301 4027 enim,
1335 3969 1591 4026 noverat,
1633 3961 1845 4031 inquam
1867 4002 1881 4026 ,
1919 3973 2067 4017 certe
2111 3966 2278 4019 minas

682 4052 822 4122 regis
845 4051 1051 4107 similes
1087 4066 1207 4106 esse
1236 4051 1328 4105 ira:
1356 4051 1528 4106 leonis
1568 4051 1840 4108 dumtaxat
1878 4052 1942 4105 iis
1969 4054 2056 4122 qui
2085 4063 2276 4108 terrain

683 4152 1025 4211 spectarent:
1072 4158 1258 4197 verum
1300 4143 1496 4198 homini
1539 4145 1629 4214 qui
1672 4145 1858 4199 cazlum
1901 4145 2126 4200 habebat
2172 4163 2278 4214 pra:

683 4237 884 4300 oculis,
911 4239 1109 4307 quique
1138 4237 1216 4291 sic
1243 4236 1528 4290 induxerat
1555 4237 1788 4291 animum
1807 4279 1822 4303 ,
1853 4246 1910 4291 ut
1936 4241 2091 4292 vitam
2124 4239 2278 4294 citius

687 4329 739 4380 in
772 4328 900 4396 ipsis
924 4327 1098 4398 adytis
1125 4327 1423 4396 deponeret
1445 4367 1457 4391 ,
1492 4342 1648 4396 quam
1678 4341 1857 4381 sacras
1896 4327 2038 4398 leges
2081 4330 2280 4384 sineret

686 4417 911 4483 violari,
935 4418 1123 4484 quovis
1144 4433 1278 4472 cane
1303 4419 1456 4471 vilior
1481 4427 1597 4472 erat
1626 4417 1736 4472 ille.
1763 4418 1901 4472 Nihil
1925 4419 2064 4473 enim
2093 4435 2156 4475 eo
2184 4439 2279 4474 un-

691 4507 930 4561 bccillius
949 4549 963 4572 ,
996 4508 1083 4576 qui
1110 4507 1316 4562 divinas
1336 4509 1616 4563 conculcat
1640 4510 1784 4578 leges
1808 4550 1822 4573 ,
1855 4517 1912 4562 ut
1938 4519 2120 4564 contra
2149 4511 2279 4564 nihil

689 4598 957 4667 potentius
983 4613 1046 4652 eo
1077 4599 1165 4667 qui
1189 4598 1334 4667 leges
1361 4599 1569 4653 divinas
1596 4598 1851 4654 defendit.
1882 4600 2010 4654 Nam
2043 4601 2142 4666 Qui
2165 4619 2280 4669 pec-

689 4699 854 4742 catum
895 4692 1194 4756 committit,
1244 4707 1416 4745 servus
1459 4705 1530 4746 est
1570 4693 1758 4762 peccati
1801 4691 1990 4762 (Joan.
2024 4697 2076 4750 8.
2109 4696 2196 4751 51.
2223 4697 2278 4766 ),

689 4781 899 4836 etiamsi
946 4781 1129 4836 decem
1174 4783 1335 4837 millia
1382 4799 1704 4839 coronarum
1752 4785 1944 4840 habeat
1982 4787 2034 4840 in
2065 4789 2276 4856 capite:

689 4882 876 4928 contra
922 4873 966 4926 si
1006 4874 1128 4942 quis
1161 4873 1421 4942 justitiam
1455 4886 1735 4944 operatur,
1765 4878 1880 4947 ipso
1912 4894 2032 4947 rege
2059 4881 2282 4948 regalior

690 4976 772 5018 est
793 5007 808 5029 ,
840 4966 1049 5020 etiamsi
1083 4966 1242 5021 ftterit
1270 4969 1506 5021 omnium
1538 4969 1767 5024 infimus.
1800 4969 1924 5026 Ilwc
1951 4972 2036 5025 ille
2066 4974 2282 5040 pra-cla-

693 5075 781 5112 rus
808 5059 948 5128 apud
980 5074 1100 5114 sese
1140 5059 1576 5130 philosophatus,
1607 5060 1822 5118 adortus
1851 5073 1932 5118 est
1967 5080 2167 5134 regem.
2195 5065 2282 5119 In-

691 5149 997 5217 grediamur
1026 5159 1079 5203 et
1109 5165 1207 5204 nos
1227 5190 1239 5213 ,
1274 5152 1316 5204 si
1347 5151 1590 5218 videtur,
1623 5168 1743 5207 cum
1774 5153 1893 5219 illo,
1928 5164 1983 5208 nt
2012 5156 2284 5212 videamus

693 5238 818 5304 quid
842 5239 1089 5307 loquatur
1111 5240 1242 5308 regi.
1275 5240 1422 5294 Licet
1446 5243 1585 5296 enim
1614 5261 1626 5296 ε
1660 5258 1828 5312 neque
1855 5243 2170 5299 mediocrem
2194 5247 2286 5300 ad-

697 5331 829 5385 furet
858 5332 1140 5386 utilitatem
1164 5374 1178 5396 ,
1203 5341 1444 5401 spectare
1468 5350 1647 5402 regem
1669 5350 1696 5390 a
1719 5336 1994 5390 sacerdote
2019 5339 2283 5408 redargui.

695 5423 830 5488 Quid
861 5422 1016 5490 igitur
1044 5422 1168 5475 dicit
1200 5423 1488 5476 sacerdos?
1521 5425 1637 5477 Non
1677 5426 1787 5479 licet
1815 5427 1928 5492 tibi,
1983 5427 2138 5493 Ozia,
2193 5431 2287 5482 ad-

698 5516 831 5568 olere
859 5515 1118 5566 incensum
1149 5513 1363 5567 Domino
1386 5513 1472 5584 (ἢ.
1507 5514 1682 5570 Parul.
1706 5517 1775 5573 26
1796 5519 1836 5588 ).
1866 5518 1979 5572 Non
2008 5522 2289 5589 appellavit

696 5622 816 5658 cum
850 5620 1066 5673 regem,
1115 5621 1287 5674 neque
1330 5607 1534 5675 imperii
1570 5609 1772 5662 titulum
1807 5611 1982 5675 dedit,
2016 5612 2133 5679 quia
2176 5613 2288 5681 ipse

699 5698 1031 5766 praivcniens
1067 5713 1188 5751 sese
1220 5696 1470 5767 dignitate
1513 5700 1796 5769 dcjcccrat.
1831 5703 2013 5756 Vidisti
2046 5704 2288 5759 fiduciam

697 5787 1030 5844 sacerdotis?
1061 5788 1287 5844 Proinde
1339 5787 1489 5845 disce
1541 5804 1593 5847 ct
1638 5797 2120 5853 mansnettulincm.
2176 5800 2285 5853 Non

1451 352 1811 421 stetimus
1849 358 2322 424 CIIIIYSOSTOIII
2357 358 2676 423 menter.
2705 362 3239 423 CONSTANTINOP.

3882 388 3991 442 132

2396 472 2543 530 enim
2567 474 2756 532 fiducia
2779 475 2932 533 nobis
2951 485 3157 532 tantum
3180 491 3316 549 opus
3340 488 3423 536 est
3439 479 3492 536 in
3516 482 3958 551 reprehendendo
3973 532 3987 551 .
4055 506 4063 513 ·

2393 580 2575 622 verum
2605 569 2774 624 multo
2812 570 2980 640 magis
3023 585 3157 642 opus
3185 579 3268 626 est
3294 575 3700 632 mansuetudine
3741 594 3897 649 quam
3933 583 3982 636 ti-

2390 656 2569 715 ducia.
2600 659 2732 729 Quia
2766 662 2908 717 enim
2937 664 3206 720 neminem
3236 665 3540 722 mortalium
3570 671 3647 724 sic
3675 683 3992 729 aversantur

2391 748 2723 821 aderuntque
2749 751 2784 808 ii
2812 753 2902 824 qui
2929 763 3186 824 peccant,
3213 764 3273 811 ut
3296 771 3418 812 eum
3443 757 3533 828 qui
3563 759 3992 831 reprehensuros

2391 848 2506 906 est,
2538 841 2866 914 cupiuntque
2891 845 3232 901 occasionem
3261 847 3532 917 arripere,
3575 859 3633 902 ut
3669 849 3989 918 elabantur,

2391 937 2445 983 et
2467 928 2721 1002 effugiant
2744 933 3217 1002 reprehensionem
3243 951 3259 996 :
3291 951 3512 992 necesse
3535 946 3619 993 est
3645 947 3703 994 ut
3721 955 3814 996 eos
3843 958 3969 997 man

2390 1023 2669 1079 suetudine
2690 1024 3124 1096 humanitateque
3139 1028 3484 1084 retineamus.
3499 1029 3818 1102 Ubjurgator
3837 1034 3988 1089 enim

2392 1129 2498 1167 non
2547 1114 2720 1170 solum
2765 1130 2888 1171 cum
2937 1131 3123 1173 vocem
3151 1118 3381 1188 promit,
3423 1134 3608 1175 verum
3651 1123 3810 1177 etiam
3859 1140 3986 1181 cum

2390 1203 2633 1272 videtur,
2661 1207 2836 1277 gravis
2860 1215 2943 1264 est
2969 1210 3345 1278 peccantibus:
3378 1210 3559 1266 Gravis
3586 1213 3717 1268 enim
3735 1255 3750 1281 ,
3780 1215 3982 1284 inquit,

2389 1296 2531 1350 nobis
2559 1305 2631 1351 est
2655 1297 2806 1352 etiam
2833 1307 3040 1370 aspectu
3083 1299 3256 1371 (Sap.
3283 1300 3342 1355 2.
3375 1302 3477 1373 15)
3507 1320 3520 1358 :
3551 1302 3672 1358 ideo
3697 1305 3983 1375 plurimam

2388 1388 2846 1444 mansuetudinem
2884 1400 3136 1460 prtestare
3177 1402 3407 1462 oportet.
3440 1394 3566 1451 Ideo
3608 1397 3762 1451 nobis
3803 1414 3986 1452 sentio

2389 1478 2731 1549 prOpheticus
2758 1480 2826 1536 ob
2850 1481 3032 1536 oculos
3059 1484 3234 1552 posuit
3258 1491 3312 1538 et
3339 1498 3462 1540 eum
3510 1486 3599 1555 qui
3633 1487 3898 1554 peccavit,
3931 1499 3989 1544 et

2386 1585 2508 1626 eum
2536 1573 2623 1642 qui
2663 1573 2833 1642 ipsum
2875 1575 3146 1645 corrigere
3187 1576 3424 1646 parabat.
3470 1576 3679 1633 Etenim
3713 1580 3983 1649 sapientes

2387 1660 2576 1715 medici
2607 1677 2729 1718 cum
2758 1664 2995 1718 membra
3041 1666 3329 1735 putrefacta
3361 1667 3558 1721 secturi
3589 1678 3745 1733 sunt,
3776 1679 3867 1724 aut
3899 1670 3978 1725 la-

2388 1751 2538 1821 pides
2564 1753 2616 1807 in
2639 1754 2896 1810 meatibus
2919 1754 3110 1811 affixos
3137 1757 3458 1824 extracturi,
3487 1767 3576 1813 aut
3603 1760 3745 1814 aliud
3773 1771 3986 1817 natura:

2386 1842 2569 1897 vitium
2599 1845 2889 1901 correctori
2913 1887 2929 1913 ,
2974 1861 3081 1901 non
3113 1845 3165 1902 id
3196 1845 3427 1914 faciunt,
3456 1863 3524 1904 eo
3561 1849 3652 1920 qtti
3692 1850 3899 1906 laborat
3929 1853 3982 1907 in

2384 1935 2632 2006 angulum
2674 1936 2930 2003 abducto,
2962 1936 3058 1993 sed
3095 1953 3161 1993 eo
3197 1938 3249 1993 in
3293 1939 3481 1995 mediis
3524 1938 3654 1996 foris
3697 1941 3979 2012 deposito,

2385 2036 2663 2096 postquam
2692 2041 2790 2082 ceu
2813 2029 3078 2084 theatrum
3107 2031 3542 2098 praetereuntium
3569 2032 3669 2086 sibi
3691 2046 3945 2102 pamnmt
3965 2077 3980 2098 ,

2383 2115 2454 2170 ita
2484 2115 2696 2172 demum
2735 2117 3021 2174 admovent
3061 2118 3374 2174 sectionem.
3415 2119 3527 2176 Hoc
3563 2129 3740 2176 autem
3781 2123 3984 2179 faciunt

2385 2224 2490 2263 non
2516 2211 2657 2279 quod
2691 2210 2853 2266 velint
2882 2211 3141 2267 humanas
3171 2210 3451 2268 traducere
3479 2213 3809 2270 calamitates
3833 2257 3848 2280 ,
3883 2218 3981 2271 sed

2382 2311 2440 2358 ut
2478 2303 2759 2374 unicuique
2799 2304 3028 2376 propria:
3072 2305 3319 2362 sanitatis
3357 2307 3735 2363 commendent
3768 2325 3976 2366 curam.

2380 2393 2566 2451 Itidem
2595 2406 2650 2450 et
2678 2395 2950 2467 Scriptura
2986 2396 3148 2453 facit:
3181 2397 3268 2452 ubi
3297 2413 3454 2469 quem
3485 2399 3709 2470 arripuit
3746 2395 3981 2470 peccau-

2382 2486 2511 2540 tium
2533 2528 2547 2552 ,
2578 2488 2683 2541 alta
2710 2502 2839 2542 voce
2866 2487 3010 2542 illttm
3033 2488 3324 2543 curandum
3352 2490 3627 2559 praponit,
3653 2507 3760 2546 non
3785 2493 3838 2546 in
3863 2511 3980 2548 me-

2379 2574 2482 2632 diis
2511 2575 2637 2631 foris
2658 2617 2675 2644 ,
2707 2577 2802 2633 sed
2833 2577 2884 2632 in
2917 2578 3090 2636 media
3122 2586 3262 2633 terra
3291 2595 3304 2632 :
3337 2589 3392 2634 et
3437 2589 3783 2651 posteaquam
3817 2585 3982 2638 totius

2378 2667 2524 2723 orbis
2553 2668 2961 2724 circutnstetcrit
2992 2667 3254 2724 theatrum
3275 2710 3292 2737 ,
3327 2681 3436 2723 tum
3462 2670 3794 2726 curationem
3826 2672 3982 2726 adhi-

2377 2757 2504 2826 bet,
2534 2759 2788 2815 erudiens
2826 2772 2953 2827 nos,
2986 2768 3044 2814 ut
3081 2759 3222 2815 circa
3263 2760 3529 2831 propriam
3575 2762 3806 2817 salutem
3847 2778 3979 2817 cau-

2380 2851 2541 2906 tiores
2561 2854 2744 2906 simus.
2773 2851 3057 2908 Videamus
3084 2852 3241 2924 igitur
3260 2868 3368 2923 quo
3395 2862 3550 2921 pacto
3572 2853 3830 2909 sacerdos
3855 2866 3982 2911 tunc

2379 2942 2525 2996 illum
2558 2944 2823 3013 corrigere
2848 2944 2918 2999 sit
2960 2957 3265 3014 aggressus.
3291 2943 3404 2999 Non
3435 2943 3604 3012 dixit,
3633 2944 3678 2999 Ο
3710 2945 3872 3015 impie
3897 2986 3913 3012 ,
3947 2963 3980 3000 ο

2379 3034 2824 3091 sceleratissime:
2867 3035 3044 3090 omnia
3089 3036 3392 3092 subvertisti
3435 3036 3868 3108 confudistiquc,
3909 3040 3979 3093 ad

2377 3138 2670 3182 extremam
2718 3127 3041 3197 impietatem
3083 3127 3412 3198 prorupisti:
3453 3143 3626 3198 neque
3667 3144 3977 3184 sertttonettt

2377 3220 2729 3275 accusationis
2757 3221 2808 3275 in
2837 3220 3049 3290 longum
3078 3218 3328 3289 produxit
3352 3239 3367 3286 ;
3395 3220 3490 3275 sed
3518 3222 3978 3290 quemadmodum

2379 3313 2413 3366 ii
2441 3313 2526 3382 qui
2557 3319 2774 3378 secant,
2803 3309 2904 3368 hoc
2929 3311 3161 3367 breviter
3187 3309 3363 3366 facere
3403 3311 3653 3378 student,
3695 3313 3992 3367 celeritate

2378 3403 2628 3459 sectionis
2675 3403 2938 3459 cruciatus
2983 3417 3195 3457 sensum
3244 3401 3526 3458 fallentes:
3561 3404 3741 3457 itidem
3789 3415 3844 3458 ct
3890 3406 3980 3459 hic

2379 3496 2718 3566 asperitatem
2749 3495 3128 3566 objurgationis
3167 3495 3351 3564 paucis
3370 3493 3546 3550 verbis
3562 3495 3940 3564 constringam
3963 3539 3977 3558 ,

2380 3590 2519 3655 regis
2547 3585 2869 3640 iracundiam
2896 3584 3150 3640 cohibuit.
3192 3583 3344 3652 Quod
3378 3585 3518 3640 enim
3560 3595 3641 3639 est
3682 3586 3734 3640 in
3779 3587 3842 3640 iis
3884 3591 3978 3657 qui

2379 3679 2620 3733 laborant
2644 3679 2808 3733 sectio
2831 3679 2847 3709 ¹
2869 3718 2883 3746 ,
2909 3677 3008 3733 hoc
3028 3685 3111 3734 est
3131 3679 3184 3732 in
3209 3678 3274 3731 iis
3295 3676 3381 3749 qui
3404 3688 3625 3747 peccant
3646 3678 3978 3747 redargutio.

2383 3774 2617 3846 Denique
2666 3783 2854 3842 praeter
2899 3771 2999 3825 alia
3040 3773 3198 3826 etiam
3247 3771 3358 3840 ipsa
3407 3771 3662 3825 brevitate
3704 3774 3984 3827 strinonis

2380 3863 2799 3918 moderationem
2830 3862 2983 3917 nobis
3004 3861 3232 3917 exhibet.
3265 3862 3415 3930 Quod
3441 3862 3483 3916 si
3510 3863 3660 3929 cupis
3682 3879 3763 3916 ves
3784 3863 3979 3917 borum

2380 3968 2591 4023 quoque
2630 3955 2919 4007 sectionem
2959 3953 3143 4006 videre
3180 3961 3234 4007 et
3272 3953 3355 4004 ubi
3401 3952 3598 4006 ferrmn
3647 3953 3937 4007 occultarit
3963 3996 3979 4020 ,

2380 4045 2524 4098 audi.
2556 4043 2676 4097 Non
2702 4045 2847 4106 licet,
2877 4043 3077 4113 inquit,
3107 4044 3192 4096 tibi
3219 4044 3420 4096 adolere
3441 4044 3700 4096 incensum
3727 4044 3978 4112 Domino,

2380 4133 2468 4188 sed
2493 4135 2611 4188 solis
2639 4133 2976 4188 sacerdotibus
2996 4175 3009 4199 ,
3040 4135 3158 4200 ﬁliis
3181 4133 3350 4187 Aaron
3371 4174 3386 4200 ,
3418 4136 3736 4187 consecratis.
3771 4135 3865 4189 llic
3895 4139 3951 4191 itt
3975 4169 3978 4172 λ

2382 4225 2512 4279 flixit
2552 4226 2764 4279 vulnus.
2805 4223 3117 4290 Quomodo?
3156 4225 3263 4294 Ego
3300 4223 3492 4278 dicam.
3534 4222 3642 4277 Cur
3679 4226 3822 4279 enim
3867 4242 3980 4281 non

2380 4316 2693 4386 simpliciter
2727 4315 2898 4381 dixit,
2934 4314 3288 4370 Sacerdotibus
3311 4357 3324 4380 ,
3366 4314 3458 4368 sed
3491 4313 3729 4380 addidit,
3762 4316 3984 4372 Aaron?

2381 4408 2430 4463 Is
2470 4409 2668 4478 primus
2699 4408 2795 4462 fuit
2825 4409 3085 4476 pontifex,
3115 4407 3390 4475 similcqne
3432 4407 3632 4460 facinus
3661 4408 3803 4462 illius
3833 4419 3981 4463 telit-

2384 4501 2598 4570 poribus
2636 4499 2846 4568 quidam
2888 4499 3001 4552 ausi
3042 4507 3198 4565 sunt,
3244 4497 3446 4550 Dathan
3483 4498 3623 4552 enim
3663 4508 3718 4553 et
3758 4500 3898 4556 Core
3925 4512 3986 4556 et

2383 4594 2616 4656 Abiron,
2641 4592 2901 4661 conjurati
2940 4592 3192 4646 adversus
3235 4590 3377 4642 illum
3408 4606 3527 4643 eum
3568 4591 3688 4646 aliis
3731 4593 3980 4662 aliquot,

2385 4688 2665 4742 voluerunt
2695 4699 2748 4740 et
2779 4685 2873 4754 ipsi
2900 4684 3252 4739 sacerdotium
3281 4684 3428 4737 obire
3461 4683 3654 4755 (Num.
3692 4686 3778 4740 16.
3809 4697 3855 4740 et
3884 4689 3980 4742 Ps.

2385 4780 2507 4834 105.
2540 4781 2627 4834 17.
2673 4778 2771 4845 18)
2799 4794 2812 4842 ;
2845 4775 2934 4829 sed
2965 4775 3094 4828 alios
3123 4775 3334 4844 quidem
3365 4786 3430 4828 tet
3448 4790 3504 4828 ra
3542 4775 3828 4831 dehiscens
3879 4778 3985 4832 ab-

2384 4872 2616 4934 sorbuit,
2649 4871 2781 4923 alios
2807 4883 2931 4922 vero
2959 4867 3027 4922 de
3052 4867 3184 4922 casio
3209 4868 3436 4921 emissus
3467 4868 3601 4935 ignis
3625 4870 3848 4923 exussit.
3880 4871 3988 4923 llu-

2380 4962 2465 5031 jus
2495 4977 2621 5030 ergo
2651 4960 2882 5014 historia:
2907 4959 3089 5014 volens
3113 4958 3260 5012 illum
3291 4958 3756 5014 commonefacere
3777 5001 3790 5020 ,
3819 4975 3984 5014 men-

2389 5055 2587 5106 tionem
2628 5051 2747 5106 fecit
2777 5052 3000 5105 Aaronis
3024 5091 3038 5116 ,
3071 5050 3161 5118 qui
3203 5058 3326 5103 tunc
3366 5049 3459 5104 fuit
3501 5051 3688 5120 injuria
3718 5051 3946 5106 alit-ctus
3967 5097 3983 5118 ,

2390 5157 2445 5197 ιιι
2466 5144 2530 5198 ad
2557 5144 2908 5197 calamitatem
2937 5157 3118 5196 eorum
3142 5141 3231 5211 qui
3260 5140 3498 5195 fecerant
3521 5144 3794 5210 injm-iam,
3822 5143 3989 5213 hujus

2388 5237 2760 5305 cogitationem
2801 5232 3197 5288 transmitteret.
3239 5233 3503 5288 Caeterum
3546 5234 3676 5288 nihil
3708 5237 3821 5289 hzcc
3854 5252 3988 5305 pro-

2390 5330 2555 5394 fuere,
2583 5346 2684 5383 non
2713 5338 2929 5399 propter
2949 5326 3300 5390 sacerdotem,
3325 5327 3418 5380 sed
3446 5328 3514 5381 ob
3537 5327 3676 5396 regis
3701 5327 3987 5383 ferociam.

2391 5421 2520 5474 Cum
2543 5420 2681 5473 enim
2708 5419 2972 5472 debuisset
2994 5417 3208 5472 laudare
3233 5416 3561 5472 sacerdOtem
3581 5459 3593 5479 ,
3627 5434 3832 5488 proque
3853 5436 3991 5477 eon-

2456 5561 2472 5589 ι
2509 5558 2928 5622 Μοιιιιςςιιριοιτυιῃ
2952 5555 3026 5622 alii
3053 5556 3269 5622 habent;
3297 5555 3429 5613 Quod
3451 5553 3578 5622 enim
3601 5563 3670 5604 est
3705 5556 3756 5622 in
3778 5559 3993 5610 r-nlncrt-

2391 5619 2477 5669 bus
2500 5619 2673 5673 sectio;
2699 5619 2776 5666 alii
2805 5634 2813 5665 :
2845 5619 2973 5676 Quod
3004 5617 3129 5667 enim
3163 5625 3230 5666 est
3254 5619 3303 5666 in
3325 5617 3601 5675 corporibus
3624 5619 3789 5668 sectio.
3818 5623 3997 5673 Melius

2393 5690 2554 5730 tamen
2583 5681 2779 5740 legitur,
2808 5685 2935 5738 Quod
2963 5680 3087 5727 enim
3111 5689 3177 5728 est
3203 5679 3250 5726 in
3277 5677 3334 5727 iis
3366 5678 3449 5739 qni
3495 5677 3713 5728 laborant
3739 5684 3902 5738 sectio.
3935 5697 3989 5734 ut

2394 5745 2516 5804 legit
2540 5749 2772 5796 Erasmus,
2810 5756 2917 5802 qua:
2943 5741 3084 5788 lt‘clto
3116 5744 3267 5802 probe
3283 5741 3485 5802 quadrat
3507 5741 3565 5789 ad
3592 5749 3874 5804 sequentia,
3893 5744 3996 5797 hoc

2396 5818 2462 5856 est
2486 5804 2533 5856 in
2561 5804 2617 5852 its
2638 5804 2716 5864 qui
2745 5812 2934 5865 peccant
2963 5806 3252 5867 reditrgnlto.
