4130 6316
126 464 362 533 οὐρανοῖς
393 462 631 532 Βρυται,
675 477 765 516 και
807 463 875 516 τὰ
908 463 1025 515 ἐκεῖ
1054 462 1259 518 διέπειν
1287 465 1702 537 ἐπιτέτραπται.

126 547 217 610 Τίς
252 549 424 601 ταῦτά
460 565 667 617 quem;
720 547 892 611 Αὐτὸς
933 550 962 600 6
989 547 1101 601 τῶν
1138 537 1381 619 οὐρανῶν
1416 550 1702 615 βασιλεύςο

130 630 271 682 Ὅσα
294 629 408 698 γὰρ
445 630 523 684 ἂν
560 631 809 700 δήσητε,
842 631 1027 699 φησιν,
1069 630 1170 684 ἐπὶ
1202 631 1313 701 τῆς
1367 632 1502 704 γῆς,
1537 634 1709 687 ἕσται

128 712 409 780 δεδεμένα
484 715 557 767 ἐν
630 712 755 779 τοῖς
838 713 1115 782 οὐρανοῖς
1139 729 1157 747 ο
1250 716 1349 769 καὶ
1433 716 1551 769 ὅσα
1634 716 1712 770 ἂν

125 795 351 860 λύσητε
406 794 504 847 ἐπὶ
556 794 667 862 τῆς
716 793 852 864 γῆς,
904 798 1075 850 ἔσται
1131 798 1435 867 λελυμένα
1479 799 1549 852 ἐν
1589 798 1712 864 τοῖς

126 877 420 944 οὐρανοῖς.
446 876 514 929 Τί
533 878 737 949 ταύτης
766 880 878 932 ἰσον
909 879 1104 949 γένοιτ’
1126 882 1193 935 ἂν
1221 881 1321 952 τῆς
1337 884 1537 959 τιμῆςς
1583 882 1711 936 Ἀπὸ

126 962 217 1029 τῆς
246 962 351 1030 γῆς
386 962 485 1029 τὴν
516 961 689 1032 ἀρχὴν
730 962 832 1032 τῆς
876 962 1155 1034 κρίσεωςα
1201 964 1466 1036 λαμϐάνει
1498 968 1527 1019 6
1551 965 1712 1035 ούρα-

129 1043 227 1105 νός.
274 1043 500 1113 Ἐπειδὴ
521 1046 549 1098 6
578 1044 768 1115 κριτὴς
787 1046 846 1098 ἐν
877 1047 943 1116 τῇ
976 1048 1045 1118 γῇ
1088 1047 1345 1119 κάθηται,
1371 1049 1399 1102 6
1436 1049 1711 1118 Δεσπότης

128 1125 313 1178 ἕπεται
346 1125 428 1197 τῷ
454 1124 625 1195 δούλῳ
645 1141 659 1154 ⁸
713 1125 806 1180 καί⁸
858 1126 1003 1201 ᾇπερ
1052 1130 1120 1183 ἀν
1165 1124 1321 1193 οὗτος
1354 1131 1505 1184 κάτω
1528 1130 1709 1201 κρίνῃ,

130 1208 294 1262 ταῦτα
320 1211 529 1272 ἐκεῖνος
555 1209 666 1263 ἄνω
688 1213 864 1282 κυροῖ.
892 1212 1004 1267 Καὶ
1030 1214 1192 1283 μέσος
1216 1214 1312 1268 τοῦ
1337 1212 1471 1267 Θεοῦ
1494 1217 1587 1268 καὶ
1610 1216 1713 1284 τῆς

130 1294 234 1346 τῶν
263 1294 570 1363 ἀνθρώπων
596 1293 810 1363 φύσεως
839 1296 1069 1367 ἕστηκεν
1089 1299 1118 1352 6
1149 1298 1348 1369 ἱερεὺς,
1372 1297 1473 1361 τὰς
1504 1298 1713 1352 ἐκεῖθεν

131 1377 289 1447 τιμὰς
327 1378 589 1445 κατάγων
627 1377 764 1448 πρὸς
791 1379 959 1449 ἡμᾶς,
998 1379 1092 1433 καὶ
1131 1380 1232 1444 τάς
1256 1381 1385 1451 παρ’
1414 1382 1568 1451 ἡμῶν
1601 1384 1713 1435 ἰκε-

130 1462 317 1531 τηρίας
344 1461 562 1530 ἀνάγων
578 1463 711 1524 ἐκεῖ,
741 1462 1090 1532 ὀργιζόμενον
1125 1464 1285 1518 αὑτὸν
1304 1466 1368 1536 τῇ
1404 1467 1555 1536 κοινῇ
1586 1483 1716 1518 κατε

131 1542 401 1597 ἀλλάττων
423 1543 604 1612 φύσει,
658 1545 1166 1616 προσκεκρουκότας
1212 1548 1359 1617 ἡμᾶς
1392 1547 1714 1617 ἐξαρπάζων

133 1627 233 1678 τῶν
254 1626 467 1680 ἐκείνου
502 1627 718 1698 χειρῶν.
750 1627 849 1682 Διά
874 1627 1033 1681 τοῦτο
1059 1629 1153 1683 x01
1175 1629 1342 1701 αὐτὴν
1373 1630 1476 1701 τὴν
1501 1630 1710 1699 βασιλι-

134 1708 228 1781 κὴν
259 1709 505 1780 κεφαλὴν
530 1709 635 1763 ὑπὸ
670 1710 769 1774 τὰς
791 1709 887 1763 τοῦ
916 1711 1104 1782 ἱερέως
1134 1713 1323 1783 χεῖρας
1350 1713 1532 1784 φέρων
1556 1713 1712 1783 τίθη-

135 1809 212 1844 σιν
242 1791 391 1863 [155]
429 1792 458 1844 6
491 1792 643 1858 Θεὸς,
685 1792 955 1847 παιδεύων
997 1796 1167 1864 ημᾶς,
1202 1794 1283 1848 ὅτι
1319 1789 1473 1859 οὗτος
1503 1796 1714 1849 ἐκείνου

136 1874 327 1942 μείζων
352 1876 382 1925 6
412 1875 596 1945 άρχων
616 1892 629 1905 ·
659 1875 719 1929 τὺ
742 1876 849 1946 γὰρ
888 1875 1107 1930 ἔλαττον
1146 1876 1251 1931 ὑπὸ
1278 1875 1371 1930 τοῦ
1409 1877 1715 1947 κρείττονος

134 1956 449 2023 εὐλογεῖται.
500 1958 658 2011 ’Λλλά
708 1960 834 2031 περὶ
884 1959 1032 2030 μένδ
1092 1960 1410 2032 ἱερωσύνης,
1460 1962 1555 2015 καὶ
1591 1962 1714 2016 ὅσον

134 2040 225 2107 τῆς
257 2039 416 2104 ἀξίας
451 2040 515 2093 τὸ
553 2040 800 2110 μέγεθος,
837 2042 896 2093 ἐν
934 2042 1105 2115 ἑτέρῳ
1136 2042 1316 2113 καιρῷ
1364 2042 1710 2114 δηλώσομεν

136 2122 262 2183 τέως
284 2122 339 2174 δέ
375 2121 575 2191 ἰδωμεν
602 2123 703 2193 τῆς
726 2124 939 2187 ἀδικίας
966 2124 1028 2177 16
1056 2123 1284 2194 μέγεθος
1302 2124 1395 2178 τοῦ
1427 2124 1709 2195 βασιλέως,

140 2205 329 2272 μᾶλλον
358 2206 415 2258 δὲ
444 2206 539 2260 τοῦ
579 2208 865 2277 τυράννου.
914 2207 1176 2277 Εἰσῆλθεν
1208 2208 1290 2271 εἰς
1320 2208 1414 2261 τὸν
1454 2209 1581 2262 ναὸν
1601 2210 1715 2263 Κυ-

140 2287 267 2355 ρίου,
316 2289 536 2358 εἰσῆλθε
583 2291 677 2343 καὶ
712 2289 968 2363 Ἀζαρίας
1009 2293 1037 2343 6
1090 2291 1269 2361 ἰερεὺς
1297 2290 1473 2345 ὀπίσω
1522 2291 1709 2347 αὑτοῦ.

141 2366 273 2439 ’Δρα
310 2371 386 2441 μὴ
422 2372 602 2441 μάτην
640 2371 846 2441 ἔλεγον,
883 2374 967 2427 ὅτι
1017 2372 1220 2443 μείζων
1263 2373 1356 2427 τοῦ
1390 2373 1652 2443 βασιλέως
1684 2376 1714 2428 6

142 2451 440 2521 ἰερεύς;ού
488 2453 595 2524 γὰρ
630 2454 706 2518 ὡς
735 2455 961 2525 βασιλέα
1002 2455 1208 2525 μέλλων
1245 2454 1567 2523 ἐξελαύνειν,
1598 2457 1712 2511 ἀλλ’

141 2532 207 2594 ὡς
229 2533 503 2605 δραπέτην
530 2537 623 2589 καὶ
651 2536 870 2608 οἰκέτην
895 2536 1206 2608 ἀγνώμονα,
1237 2537 1409 2601 οὕτως
1427 2539 1713 2608 ἐπεισῆλθε

144 2614 269 2682 μετά
290 2616 670 2688 σφοδρότητος,
685 2619 836 2673 ὥσπε
844 2636 873 2689 ρ
885 2637 969 2682 τις
989 2620 1193 2685 σκύλαξ
1210 2621 1478 2688 γενναῖοςε
1495 2621 1715 2693 ἐπιδρα-

144 2696 247 2757 μὼν
276 2696 352 2765 τῷ
378 2698 676 2771 ἀκαθάρτῳ
713 2700 887 2773 θηρίῳ
910 2741 926 2768 ,
948 2700 1089 2755 ὥστε
1114 2702 1245 2756 αὑτὸ
1264 2705 1365 2773 τῆς
1390 2702 1715 2775 δεσποτικῆς

142 2781 419 2849 ἐξαγαγεῖν
441 2783 642 2845 οἰκίας.

204 2864 268 2932 β’.
288 2860 441 2927 Εῐδες
464 2864 642 2936 ψυχὴν
663 2866 848 2935 ίερέως
868 2868 1181 2940 παρρησίας
1200 2870 1473 2943 γέμουσαν
1492 2872 1713 2943 πολλῆς,

142 2948 226 2999 καί
251 2950 599 3019 φρονήματος
625 2950 834 3021 ὑψηλοῦ
859 2967 875 3016 ;
898 2952 1012 3005 Οὑκ
1037 2949 1176 3006 εἰδεν
1201 2956 1279 3018 εἰς
1303 2954 1397 3009 τὸν
1423 2955 1523 3027 τῆς
1542 2957 1716 3029 ἀρχῆς

143 3031 310 3100 δγκον,
349 3033 451 3086 οὐκ
487 3034 790 3105 ἐνενόησεν,
821 3038 947 3091 ὅσον
972 3037 1091 3093 ἐστί
1116 3037 1293 3111 ψυχὴν
1322 3040 1588 3113 ἐπιθυμίᾳ
1618 3060 1716 3113 με-

145 3114 367 3170 θύουσαν
393 3121 709 3190 κατασχεῖν,
752 3120 853 3173 οὑκ
891 3121 1090 3193 ἢκουσε
1130 3122 1224 3176 τοῦ
1263 3125 1605 3197 Σολομῶντος
1632 3126 1718 3179 λέ-

146 3214 351 3264 γοντος·
394 3201 630 3269 Ἀπειλὴ
662 3202 971 3270 βασιλέως
1030 3206 1205 3274 ὁμοία
1241 3206 1404 3277 θυμῷ
1434 3208 1715 3274 λέοντος-ο

146 3281 269 3334 ἀλλά
297 3284 436 3352 πρὸς
463 3284 554 3338 16v
590 3285 765 3355 ἀληθῆ
797 3285 1019 3355 βασιλέα
1046 3288 1154 3342 τῶν
1186 3290 1429 3360 οὐρανῶν
1454 3290 1597 3355 ἰδὼν,
1624 3292 1719 3345 καὶ

146 3364 198 3415 16
228 3364 377 3435 βῆμα
404 3367 664 3436 ἐννοήσας
695 3369 872 3421 ἐκεῖνο
906 3369 1001 3423 καὶ
1029 3370 1128 3433 τὰς
1158 3370 1408 3438 εύθύνας.
1458 3374 1551 3427 καὶ
1597 3374 1719 3427 τού-

147 3462 248 3510 τοις
277 3448 469 3501 ἐαυτὸν
493 3451 606 3513 τοῖς
644 3449 925 3521 λογισμοῖς
963 3452 1267 3522 ὀχυρώσας,
1304 3454 1474 3519 οὕτως
1508 3457 1717 3525 ἐπεπή-

147 3530 263 3600 δησε
287 3532 367 3602 τῷ
397 3534 664 3604 τυράννῳ.
689 3534 842 3605 ᾜδει
863 3535 992 3607 γάρ,
1020 3536 1135 3609 ᾔδει
1165 3537 1369 3607 σαφῶς,
1408 3539 1490 3593 ὅτι
1522 3540 1720 3613 ἀπειλὴ

150 3613 401 3683 βασιλέως
427 3616 587 3685 ὁμοία
615 3616 770 3686 θυμῷ
805 3617 1018 3682 λέοντος
1047 3621 1159 3683 τοῖς
1184 3620 1319 3691 πρὸς
1345 3621 1442 3692 τὴν
1472 3622 1576 3693 γῆν
1598 3622 1719 3692 βλέ-

150 3712 360 3749 πουσινο
401 3698 675 3769 ἀνθρώπῳ
700 3700 758 3751 δέ
786 3700 877 3755 16v
926 3702 1154 3772 οὐρανὸν
1177 3704 1583 3773 φανταζομένῳ,
1627 3705 1721 3758 καὶ

151 3780 636 3849 παρεσκευασμένῳ
686 3782 786 3850 τὴν
820 3782 1002 3851 ψυχὴν
1039 3782 1186 3837 ένδον
1235 3785 1293 3837 ἐν
1348 3788 1459 3848 τοῖς
1509 3784 1722 3849 ἀδύτοις

152 3858 377 3925 ἀφεῖναι,
427 3860 461 3931 ἥ
502 3862 627 3924 τοὺς
679 3863 856 3933 ἱεροὺς
888 3864 1086 3934 νόμους
1142 3865 1536 3937 ὑϐριζομένους
1566 3885 1725 3938 περι-

156 3940 331 4008 ιόεἰνά,
367 3942 527 4005 κυνὸς
547 3944 748 4008 παντὸς
779 3945 1156 4019 εὐτελέστερος
1183 3943 1252 4019 ἧν
1286 3948 1512 4013 ἐκεῖνος.
1559 3950 1725 4003 Οὐδὲν

155 4025 253 4095 γὰρ
274 4024 660 4096 ἀσθενέστερον
687 4028 781 4081 τοῦ
811 4031 937 4095 τοὺς
965 4029 1142 4095 θείους
1181 4032 1611 4104 παραϐαίνοντος
1640 4034 1726 4086 νό-

156 4123 312 4175 μους·
338 4108 526 4182 ῶσπερ
556 4105 648 4164 οῦν
675 4111 827 4165 ούδέν
861 4113 1205 4186 ἰσχυρότερον
1242 4115 1334 4168 τοῦ
1377 4117 1503 4179 τοὺς
1549 4116 1725 4181 θείους

154 4188 481 4256 ἐκδικοῦντος
512 4192 733 4263 νόμους.
758 4193 813 4246 '0
842 4195 941 4265 μέν
957 4195 1062 4267 γὰρ
1076 4197 1175 4267 τὴν
1200 4197 1492 4266 ἁμαρτίαν
1514 4198 1722 4264 ποιῶν,

155 4269 360 4339 δοῦλός
391 4275 526 4327 ἐστι
573 4274 686 4342 τῆς
722 4275 1031 4345 ἁμαρτίας,
1068 4280 1174 4333 κᾶν
1223 4281 1448 4353 μυρίους
1491 4282 1586 4335 ἐπὶ
1627 4284 1726 4353 τῆς

159 4354 387 4440 κεφαλῆς
410 4355 522 4440 ἔχῃ,
540 4356 839 4440 στεφάνους
862 4374 878 4390 ο
909 4362 939 4414 6
974 4361 1033 4414 δὲ
1056 4362 1157 4433 τὴν
1187 4362 1531 4437 δικαιοσύνην
1563 4366 1727 4440 ἐργα-

160 4436 393 4508 ζόμενος,
440 4439 536 4493 καὶ
599 4439 767 4495 αὑτοῦ
823 4442 919 4496 τοῦ
987 4444 1252 4514 βασιλέως
1308 4436 1727 4520 βασιλικώτερος

160 4521 303 4587 ἐστι,
345 4522 448 4576 κᾶν
503 4523 722 4577 πάντων
764 4523 990 4595 ἔσχατος
1119 4528 1306 4583 Ταῦτα
1362 4531 1497 4602 πρὸς
1539 4533 1729 4586 ἐαυτὸν

162 4605 510 4685 φιλοσοφήσας
538 4610 568 4660 6
592 4610 835 4675 γενναῖος
874 4610 1103 4674 ἐκεῖνος,
1144 4613 1430 4683 ἐπεισῆλθε
1471 4614 1548 4685 τῷ
1577 4615 1729 4685 βασι-

159 4684 250 4740 λεῖ.
277 4688 711 4758 Συνεισέλθωμεν
731 4686 825 4743 οῦν
849 4693 943 4743 καὶ
985 4694 1164 4761 ἡμεῖς,
1203 4696 1251 4747 εἰ
1287 4695 1455 4759 δοκεῖ,
1496 4696 1582 4750 ἵνα
1611 4697 1731 4750 ῐὸω-

164 4785 255 4835 μεν
292 4769 344 4822 τί
381 4770 519 4841 πρὸς
568 4770 659 4823 τὸν
707 4770 931 4840 βασιλέα
966 4772 1293 4841 διαλέγεται.
1326 4776 1545 4843 Ἔξεστι
1580 4778 1688 4847 γάρ
1711 4794 1726 4809 ’

161 4856 217 4905 οὑ
249 4858 435 4929 μικρὸν
472 4857 529 4910 δέ
558 4858 641 4921 εἰς
693 4858 960 4927 ὠφελείας
998 4859 1175 4929 λόγον,
1204 4861 1557 4935 ἐλεγχόμενον
1605 4866 1730 4920 ἰδεῖν

164 4938 262 4991 ὑπὸ
282 4940 468 5009 ἰερέως
490 4940 733 5010 βασιλέα.
769 4942 835 4995 Τί
868 4940 962 4996 οῦν
992 4961 1157 5014 φησιν
1184 4947 1212 4998 ὀ
1245 4945 1425 5017 ἰερεύς
1448 4964 1464 5013 ;
1485 4949 1606 5000 Οὐκ
1632 4948 1729 5011 ἐξ-

163 5022 287 5073 εστί
308 5036 424 5085 σοι,
466 5020 633 5088 Ὀζία,
656 5022 944 5091 θυμιᾶσαι
970 5024 1052 5091 τῷ
1077 5027 1289 5095 Κυρίῳ.
1313 5028 1425 5081 Οὐκ
1450 5029 1732 5099 ὠνόμασεν

164 5102 314 5155 αὑτὸν
360 5104 608 5174 βασιλέα,
652 5105 773 5158 οὑδὲ
822 5106 931 5159 ἀπὸ
978 5106 1071 5160 τοῦ
1109 5109 1207 5178 τῆς
1252 5110 1429 5180 ἀρχῆς
1478 5111 1732 5166 ἐκάλεσεν

163 5183 427 5254 ὀνόματος,
464 5186 653 5259 ἐπειδὴ
698 5188 888 5241 ἐαυτὸν
933 5189 1222 5260 προλαϐὼν
1271 5190 1492 5254 ἐξέϐαλε
1524 5193 1620 5263 τῆς
1650 5210 1734 5247 τι-

169 5264 288 5333 μῆς.
313 5265 459 5334 Εἰδες
496 5270 811 5343 παρρησίαν
834 5270 1063 5341 ἰερέως;
1096 5272 1305 5328 Οὐκοῦν
1328 5275 1611 5346 κατάμαθε
1640 5278 1734 5330 καὶ

168 5351 455 5422 πραότητα.
485 5354 560 5406 Οὐ
592 5353 702 5423 γὰρ
751 5355 1061 5425 παρρησίας
1106 5358 1237 5427 ἡμῖν
1268 5357 1349 5410 δεῖ
1390 5358 1570 5429 μόνον,
1609 5360 1735 5411 ὅταν

168 5432 394 5503 ἐλέγχειν
428 5436 733 5508 μέλλωμεν,
775 5436 913 5495 ἀλλά
968 5437 1063 5494 καὶ
1105 5441 1408 5515 πραότητος
1448 5440 1665 5512 μᾶλλον,
1700 5442 1734 5513 ἦ

227 5626 253 5695 _‘
279 5629 638 5695 ᾼΙὶἱγνωαΙΘ-τὴν
660 5632 807 5695 ἀρχὴν
826 5638 909 5692 τῆς
932 5632 1147 5695 κτίσεως.

229 5686 257 5725 b
280 5688 417 5757 ξενὶι.
444 5686 803 5757 ει-Μοτείξίἰέν
822 5686 918 5742 ιιόῂ
942 5686 1141 5757 δεῦσαι,
1162 5707 1307 5754 quam
1332 5700 1495 5744 tamen
1524 5696 1737 5757 particu-

169 5745 266 5794 ιω
286 5749 357 5797 hic
374 5752 644 5802 desiderari
664 5745 1035 5817 6é'subsequens
1056 5745 1249 5806 indicit.

232 5811 255 5838 ⁸
279 5811 365 5857 Alii
384 5816 619 5861 γενναίως.

234 5830 255 5838 ν
279 5830 365 5857 mu
384 5830 619 5871 γενναιως.

226 5866 258 5939 ξ
281 5868 907 5939 υιιυεὺϐριζομένουςῂἰδιῖν.
928 5875 1054 5939 Infra
1084 5876 1217 5925 idem
1235 5876 1322 5927 τοῦ
1345 5877 1454 5935 τοὺς
1476 5877 1624 5937 θείους
1647 5895 1739 5927 πα-

175 5933 250 5978 ῑοζ
287 5946 356 5985 τος
383 5933 568 5994 νόμους,
588 5933 739 5996 inque
765 5934 833 5985 ita
859 5938 979 5999 legit
1002 5938 1229 5987 Erasmus

1078 346 1145 402 IN
1184 346 1412 415 ILLUD,
1459 346 1592 404 VIDI
1630 342 1970 412 DOMINUM,
2022 344 2259 402 HOMIL.
2305 344 2371 402 ν.

1812 463 2145 537 παρρησίας.
2191 458 2408 532 Ἐπειδὴ
2430 461 2538 532 γὰρ
2564 460 2754 516 οὑδένα
2776 464 2885 517 τῶν
2904 464 3204 536 ἀνθρώπων
3228 467 3400 530 οὕτως

1814 548 2245 617 ἀποστρέφονται
2285 545 2377 598 καὶ
2410 544 2656 613 μισοῦσιν
2678 548 2725 599 οἰ
2757 548 3181 618 ἁμαρτάνοντες,
3207 548 3281 611 ὡς
3309 551 3399 602 τὸν

1816 629 2058 698 ἐλέγχειν
2092 628 2351 696 μέλλοντα
2375 642 2388 655 ⁶
2430 628 2523 679 καὶ
2552 628 2877 696 προφάσεως
2900 630 3248 683 ἐπιλαϐέσθαι
3280 634 3399 683 ἐπι-

1818 710 2098 780 θυμοῦσιν,
2126 708 2267 761 ὥστε
2300 708 2669 779 ἀποπηδῆσαι,
2701 710 2793 763 καὶ
2829 710 2926 781 τὴν
2953 712 3238 779 ἐπιτιμίαν
3280 712 3397 764 δια-

1817 795 2008 863 φυγεῖν
2031 808 2044 820 ·
2086 792 2168 843 δεῖ
2194 788 2286 842 οὖν
2313 790 2562 860 κατέχειν
2589 793 2785 854 αὐτοὺς
2812 795 2878 861 τῇ
2914 794 3183 863 πραότητι
3210 794 3302 846 καὶ
3330 796 3397 865 τῇ

1817 875 2103 946 ἐπιεικείᾳ.
2130 874 2203 927 Οὐ
2224 874 2332 945 γὰρ
2354 873 2535 943 φωνὴν
2559 875 2724 945 μόνην
2745 876 2900 942 ἀφεὶς
2918 879 2946 928 6
2966 875 3224 938 τοιοῦτος,
3245 874 3399 946 [1⁸54]

1817 959 1952 1014 ἀλλά
1996 959 2091 1012 καὶ
2140 957 2488 1027 βλεπόμενος,
2532 957 2700 1027 βαρὺς
2744 956 2897 1010 ἐσται
2924 966 2947 993 ⁸
2999 960 3112 1020 τοῖς
3144 959 3397 1028 ἁμαρτά-

1817 1058 1984 1095 νουσι·
2014 1041 2209 1109 Βαρὺς
2225 1039 2333 1110 γὰρ
2350 1040 2513 1109 ἡμῖν,
2528 1042 2712 1110 φησίν,
2735 1040 2975 1094 ἐστίκαί
2993 1042 3397 1110 βλεπόμενος

1816 1124 1905 1179 διὰ
1931 1125 2103 1179 ταῦτα
2147 1125 2345 1195 πολλὴν
2388 1124 2493 1195 χρὴ
2526 1124 2624 1193 τὴν
2656 1124 2938 1194 πραότητα
2971 1125 3397 1177 ἐπιδείκνυσθαι.

1817 1207 1915 1260 Διά
1942 1206 2115 1260 ταῦτα
2145 1209 2278 1277 ἡμῖν
2317 1208 2411 1259 καὶ
2441 1208 2470 1258 6
2494 1205 2650 1273 λόγος
2692 1206 2784 1257 ὑπ’
2817 1205 2937 1274 ὄψιν
2968 1206 3141 1276 ἤγαγε
3184 1208 3278 1259 καὶ
3307 1208 3399 1259 τὸν

1817 1289 2199 1359 ἡμαρτηκότα,
2248 1290 2342 1341 καὶ
2373 1287 2465 1340 τὸν
2499 1286 2742 1358 διορθοῦν
2771 1288 2933 1341 αὑτὸν
2975 1289 3253 1358 μέλλοντα.
3290 1291 3400 1342 K01

1818 1371 1927 1442 γὰρ
1955 1372 2004 1423 οἰ
2034 1372 2189 1440 σοφοὶ¹
2229 1370 2338 1423 τῶν
2397 1369 2617 1439 ἰατρῶν,
2668 1372 2796 1423 ὅταν
2844 1369 3077 1439 μέλλωσι
3125 1373 3400 1440 σεσηπότα

1818 1455 2035 1527 τέμνειν
2081 1456 2240 1525 μέλη,
2276 1456 2309 1525 ἢ
2341 1453 2522 1515 λίθους
2570 1454 2681 1516 τοῖς
2710 1453 2899 1523 πόροις
2945 1454 3399 1522 ἐναπεσφηνωμέ-

1819 1556 1943 1601 νους
1964 1537 1985 1577 τ
2010 1538 2321 1608 ἐξέλκειν,ἧ
2346 1536 2473 1591 ἀλλο
2500 1553 2551 1587 τι
2574 1540 2670 1607 τῆς
2694 1536 2909 1604 φύσεως
2933 1537 3235 1605 ἁμάρτημα
3258 1536 3400 1605 διορ-

1820 1619 1968 1685 θοῦν,
1999 1621 2100 1674 οὐκ
2131 1622 2212 1683 εἰς
2241 1619 2445 1688 γωνίαν
2470 1618 2725 1681 λαϐόντες
2757 1618 2846 1670 16v
2902 1619 3199 1688 κάμνοντα.
3244 1620 3403 1671 τοῦτο

1818 1702 2085 1769 ποιοῦσιν,
2118 1704 2233 1757 ἀλλ’
2258 1705 2317 1756 ἐν
2355 1702 2549 1773 μέσαις
2578 1702 2740 1755 αὑτὸν
2779 1701 2965 1763 θέντες
2990 1705 3108 1765 ταῖς
3150 1703 3399 1772 ἀγοραῖς,

1820 1786 1914 1839 καὶ
1942 1786 2163 1857 θέατρον
2194 1786 2260 1838 ἐκ
2300 1785 2408 1839 τῶν
2451 1784 2755 1856 παριόντων
2783 1785 3212 1853 περιστήσαντες
3237 1787 3282 1847 5,
3312 1783 3404 1837 οῦ-

1818 1887 1925 1932 τως
1955 1870 2221 1938 ἐπάγουσι
2249 1869 2347 1940 τὴν
2376 1869 2568 1939 τομήν,
2598 1866 2819 1920 Ποιοῦσι
2843 1867 2901 1918 δέ
2927 1866 3104 1933 τοῦτο,
3134 1868 3254 1937 οὑχλ
3281 1870 3404 1930 ταῖς

1819 1952 2187 2023 ἀνθρωπίναις
2251 1949 2629 2022 ἐμπομπεύειν
2697 1949 3006 2020 βουλόμενοι
3064 1953 3400 2020 συμφοραῖς,

1819 2036 1934 2090 ἀλλ’
1960 2036 2101 2089 ὥστε
2123 2034 2325 2107 πολλὴν
2347 2036 2447 2104 τῆς
2486 2034 2692 2096 οἰκείας
2725 2034 2932 2101 ὑγιείας
2971 2034 3203 2086 ἕκαστον
3231 2037 3401 2086 ποιεῖ-

1821 2118 1944 2172 σθαι
1967 2120 2065 2189 τὴν
2087 2119 2362 2191 πρόνοιαν.
2397 2117 2551 2171 Οὕτω
2574 2119 2665 2171 καὶ
2690 2120 2720 2187 ἡ
2756 2118 2945 2188 Γραφὴ
2981 2118 3124 2170 ποιεῖ
3148 2132 3161 2145 ο
3185 2117 3405 2170 ἐπειδάν

1818 2220 1937 2255 τινα
1967 2202 2108 2274 λάϐῃ
2147 2201 2256 2255 τῶν
2284 2201 2725 2272 ἁμαρτανόντων,
2762 2200 2846 2268 ἐφ’
2872 2198 3078 2268 ὑψηλοῦ
3108 2198 3203 2251 τοῦ
3227 2199 3399 2268 κηρύ-

1819 2302 2028 2355 γματος
2055 2285 2219 2339 αὑτὸν
2269 2282 2611 2355 προτίθησιν,
2657 2283 2757 2335 οὐκ
2802 2284 2858 2334 ἐν
2915 2282 3110 2353 μέσαις
3150 2282 3404 2352 ἀγοραῖς,

1818 2369 1933 2421 ἀλλ’
1971 2370 2027 2420 ἐν
2059 2369 2201 2442 μέση
2228 2371 2295 2439 τῇ
2315 2370 2385 2437 γῇ
2410 2383 2425 2397 ο
2458 2367 2552 2419 καὶ
2583 2365 2643 2417 16
2674 2365 2774 2435 τῆς
2799 2363 3123 2435 οἰκουμένης
3143 2366 3405 2435 περισττή⁴

1821 2467 1959 2504 σασα
1982 2450 2228 2521 θέατρον,
2259 2448 2400 2502 οὕτω
2440 2448 2539 2518 τὴν
2581 2448 2819 2518 ἰατρείαν
2850 2446 3238 2509 ἐπιδείκνυται,
3280 2464 3404 2499 παι-

1817 2532 2043 2585 δεύουσα
2066 2533 2211 2602 ἡμᾶς
2240 2530 2677 2601 ἀσφαλεστέρους
2722 2529 2851 2600 περί
2891 2528 2990 2600 τὴν
3031 2530 3236 2582 οἰκείαν
3265 2524 3404 2581 εἶναι

1821 2615 2113 2686 σωτηρίαν.
2140 2614 2369 2685 Ἴδωμεν
2393 2608 2486 2666 οὖν
2512 2611 2629 2676 πῶς
2658 2612 2931 2683 ἐπεχείρει
2963 2611 3150 2664 τοῦτον
3176 2614 3204 2664 6
3226 2612 3404 2683 ἱερεὺς

1819 2696 2216 2768 διορθώσασθαι
2266 2696 2407 2749 τότε.
2445 2695 2559 2749 Οὑκ
2591 2689 2764 2759 εἷπεν,
2815 2688 2860 2747 ὦ
2892 2694 3057 2766 μιαρέ
3103 2694 3199 2748 καὶ
3252 2711 3398 2765 παμ-

1824 2779 2008 2850 μίαρε,
2043 2778 2223 2832 πάντα
2266 2777 2568 2849 ἀνέτρεψας
2610 2778 2704 2830 καὶ
2744 2777 3022 2850 συνέχεας,
3065 2777 3144 2840 εἰς
3178 2777 3408 2847 ἔσχατον

1819 2861 2073 2926 ἀσεϐείας
2102 2859 2458 2933 ἐξεπήδησας,
2487 2861 2609 2913 οὑδέ
2641 2862 2887 2931 μακροὺς
2914 2861 3146 2924 ἐξέτεινε
3168 2878 3406 2931 κατηγο-

1823 2944 1945 3015 ρίας
1972 2943 2187 3013 λόγους·
2233 2944 2346 2997 ἀλλ’
2396 2944 2585 3014 ὥσπερ
2617 2945 2666 2996 οἰ
2695 2944 3004 3013 τέμνοντες,
3040 2944 3197 2998 τοῦτο
3230 2947 3409 2997 ποιεῖν

1823 3028 2102 3099 συντόμως
2134 3026 2511 3090 σπουδάζουσι,
2540 3027 2619 3097 τῷ
2646 3026 2801 3096 τάχει
2832 3027 2929 3097 τῆς
2955 3027 3127 3096 τομῆς
3150 3027 3410 3080 κλέπτον-

1821 3129 1913 3175 τες
1939 3112 2040 3181 τῆς
2060 3111 2250 3182 ὀδύνης
2281 3112 2380 3182 τὴν
2406 3110 2658 3181 αἴσθησιν
2683 3127 2696 3139 ·
2720 3110 2864 3163 οὕτω
2888 3110 2983 3162 καὶ
3004 3104 3158 3173 οὗτος
3184 3113 3250 3181 τῇ
3276 3110 3411 3181 βρα-

1823 3193 2046 3265 χυλογίᾳ
2087 3194 2187 3262 τῆς
2222 3193 2557 3265 θρασύτητος
2600 3192 2696 3247 τοῦ
2751 3191 3013 3263 βασιλέως
3040 3194 3140 3261 τὴν
3172 3193 3412 3262 φλεγμο-

1823 3275 1919 3346 νὴν
1947 3275 2191 3345 ἔστησεν.
2224 3276 2400 3345 Ὅπερ
2429 3276 2537 3345 γὰρ
2576 3274 2667 3327 ἐπὶ
2694 3276 2803 3327 τῶν
2840 3276 3156 3345 καμνόντων
3180 3277 3208 3313 δ
3242 3276 3409 3345 τομὴ,

1824 3366 1979 3420 τοῦτο
2009 3367 2101 3418 ἐπὶ
2133 3365 2240 3418 τῶν
2278 3365 2700 3437 ἁμαρτανόντων
2739 3367 2978 3438 ἐλεγχος.
3015 3366 3124 3418 Καὶ
3155 3366 3255 3437 τὴν
3305 3364 3413 3437 μὲν

1826 3450 2122 3502 ἐπιείκειαν
2158 3448 2294 3519 μετά
2320 3449 2429 3502 τῶν
2457 3448 2631 3503 ἄλλων
2665 3449 2760 3503 καὶ
2785 3449 2872 3502 διὰ
2901 3449 3001 3518 τῆς
3048 3448 3413 3519 βραχυλογίας

1825 3533 1957 3603 ἡμῖν
1996 3528 2381 3585 ἐπιδείκνυται.
2423 3532 2485 3584 Εἰ
2527 3532 2584 3585 δὲ
2632 3531 2808 3602 βούλει
2850 3532 2944 3584 καὶ
2981 3531 3073 3583 τὸν
3107 3533 3272 3601 τόμον
3303 3531 3415 3583 τῶν

1828 3615 2086 3685 ῥημάτων
2112 3615 2257 3675 ἰδεῖν,
2288 3616 2381 3666 καὶ
2402 3614 2503 3666 ποῦ
2524 3612 2585 3667 τό
2603 3614 2841 3685 σιδήριον
2868 3612 3127 3684 ἔκρυψεν,
3155 3615 3413 3667 ἄκουσον.

1821 3698 1943 3750 Οὐκ
1966 3696 2169 3760 ἒξεστί
2188 3710 2312 3762 σοι,
2340 3697 2493 3769 φησι,
2510 3695 2793 3765 θυμιᾶσαι
2816 3695 3036 3764 Κυρίῳ,
3063 3697 3203 3749 ἀλλ’
3230 3694 3270 3765 ἢ
3289 3695 3416 3761 τοῖς

1822 3780 2069 3849 ἱερεῦσι,
2095 3779 2218 3844 τοῖς
2246 3780 2399 3847 υιοῖς
2439 3781 2676 3848 Ἀαρὼν.
2704 3779 2830 3846 τοῖς
2851 3779 3259 3849 ἡγιασμένοις.
3301 3780 3417 3831 Ἐν-

1827 3862 2001 3917 ταῦθα
2034 3862 2201 3916 ἔδωκε
2221 3863 2320 3932 τὴν
2343 3862 2577 3934 πληγήν.
2613 3864 2724 3917 Καὶ
2762 3864 2913 3927 πῶς;
2938 3862 3050 3931 ἐγὼ
3074 3863 3219 3930 λέγω
3248 3865 3286 3916 ί.
3316 3862 3417 3914 Διά

1827 3949 1880 4000 τί
1914 3947 2021 4017 γὰρ
2045 3947 2144 4000 οὐκ
2177 3944 2321 4011 εἰπε,
2365 3946 2493 4009 Τοῖς
2532 3946 2815 4014 ἱερεῦσιν,
2837 3945 3046 4009 ἁπλῶς,
3068 3946 3204 3998 ἀλλά
3242 3962 3416 4016 προσ-

1829 4030 1993 4101 έθηκε
2030 4032 2121 4083 τὸν
2159 4028 2401 4100 Ἀαρώνς
2451 4029 2768 4100 Ἀρχιερεὺς
2794 4028 3011 4093 ἐγένετο
3038 4027 3275 4098 πρῶτος,
3324 4030 3420 4081 καὶ

1830 4115 2098 4184 ἐτολμήθη
2120 4112 2259 4166 κατά
2278 4113 2405 4174 τοὺς
2419 4112 2625 4165 ἐκείνου
2647 4112 2870 4182 χρόνους
2886 4109 3123 4164 τοιοῦτον
3138 4111 3414 4182 τόλμημα.

1831 4196 2008 4249 Δαθάν
2050 4197 2157 4266 γὰρ
2187 4196 2280 4248 καὶ
2327 4195 2471 4265 Κορέ
2508 4195 2603 4247 καὶ
2643 4193 2904 4265 Ἀϐειρὼν
2946 4197 3244 4256 συστάντες
3295 4194 3417 4247 κατ’

1831 4277 1991 4331 αὑτοῦ
2027 4278 2167 4348 μετά
2193 4278 2286 4330 καὶ
2324 4277 2526 4348 ἐτέρων
2578 4276 2742 4330 τινῶν
2776 4277 3059 4331 ἐϐούλοντο
3080 4276 3236 4329 αὑτοὶ
3265 4278 3416 4347 ἰερα-

1830 4360 2036 4414 τεύειν·
2064 4360 2202 4413 ἀλλὰ
2233 4361 2362 4422 τοὺς
2400 4358 2551 4429 μὲνὴ
2582 4360 2651 4428 γῆ
2688 4359 2954 4413 διαστᾶσα
3007 4359 3255 4421 κατέπιε,
3291 4360 3418 4420 τοὺς

1831 4442 1889 4496 δὲ
1919 4443 2030 4514 πῦρ
2081 4442 2285 4497 ἄνωθεν
2332 4441 2652 4510 κατενεχθέν
2690 4438 3008 4509 κατέφλεξε.
3054 4439 3270 4511 Ταύτης
3324 4437 3419 4492 οῦν

1832 4525 1991 4579 αὐτὸν
2013 4526 2110 4594 τῆς
2142 4525 2377 4594 ἱστορίας
2399 4522 2711 4593 ὑπομνῆσαι
2749 4522 3088 4593 βουλόμενος,
3116 4523 3419 4592 ἀνέμνησεν

1834 4610 1996 4663 αὑτὸν
2019 4609 2112 4661 τοῦ
2157 4608 2366 4677 ’Λαρὼν
2396 4606 2491 4659 τοῦ
2520 4608 2639 4660 τότε
2675 4606 3055 4676 ἀδικηθέντος,
3097 4606 3238 4659 ὥστε
3282 4608 3417 4677 πρὸς

1833 4694 1930 4763 τὴν
1950 4694 2054 4745 τῶν
2073 4693 2409 4761 ἠδικηκότων
2426 4692 2712 4762 συμφοράν
2729 4691 3095 4761 παραπέμψαι
3114 4691 3212 4762 τὴν
3227 4691 3417 4743 τούτου

1835 4778 2090 4830 διάνοιαν.
2128 4776 2272 4846 Πλὴν
2289 4776 2401 4829 ἀλλ’
2430 4776 2581 4830 οὐδὲν
2598 4776 2812 4844 ἐγένετο
2829 4775 2989 4828 πλέον
3008 4793 3021 4807 ·
3044 4775 3160 4829 ἀλλ’
3187 4776 3249 4827 οὑ
3270 4778 3418 4843 παρὰ

1835 4860 1925 4913 τὸν
1956 4861 2127 4929 ἱερέα,
2167 4859 2303 4912 ἀλλά
2330 4861 2479 4932 παρά
2510 4861 2608 4929 τὴν
2640 4860 2734 4913 τοῦ
2778 4859 3042 4930 βασιλέως
3081 4858 3414 4929 θρασύτητα.

1836 4944 1963 4996 Δέον
1997 4942 2103 5012 γὰρ
2134 4943 2417 4996 ἐπαινέσαι
2445 4942 2536 4995 τὸν
2577 4943 2750 5013 ἰερέα,
2779 4942 2873 4995 καὶ
2903 4944 3062 5012 χάριν
3087 4940 3416 5010 ὁμολογῆσαι

1837 5025 1934 5094 τῆς
1965 5024 2270 5095 συμϐουλῆς
2291 5040 2307 5055 °
2348 5021 2480 5077 Ὀδέ
2512 5025 2790 5095 ἐθυμώθη,
2841 5024 2998 5093 φησὶ,
3039 5024 3133 5075 καὶ
3161 5022 3223 5075 16
3262 5022 3418 5083 ἕλκος

1838 5108 2131 5178 εἰργάσατο
2186 5106 2583 5178 χαλεπώτερον.
2641 5108 2715 5159 Οὐ
2783 5105 2891 5175 γὰρ
2944 5105 3116 5168 οὕτως
3174 5106 3419 5179 ἁμαρτία

1840 5189 2027 5253 κακὸν,
2064 5189 2138 5253 ώς
2172 5192 2206 5261 ἡ
2258 5189 2396 5259 μετά
2443 5190 2541 5259 τὴν
2565 5188 2841 5258 ἁμαρτίαν
2872 5188 3223 5257 ἀναισχυντία
3282 5190 3419 5242 Ἀλλ’

1906 5387 1928 5413 θ
1965 5384 2180 5442 Quatuor
2200 5397 2315 5431 mss.
2340 5380 2480 5445 βαρύς
2503 5382 2622 5440 εστ.,
2648 5387 2699 5430 ει
2720 5379 2841 5430 infra
2857 5380 3128 5443 ὕπ’ὖψεσιν.
3153 5380 3254 5431 Sed
3276 5394 3418 5438 unus,

1906 5399 1927 5413 υ
1965 5399 2180 5442 uualunr
2200 5399 2315 5431 mss.
2340 5399 2401 5445 μα
2460 5400 2480 5437 ς
2503 5399 2622 5440 εστ.,
2648 5399 2670 5429 e

1840 5446 2022 5495 Savilio
2047 5452 2193 5499 teste.
2223 5445 2369 5493 habet
2394 5399 2465 5491 ἵζ’
2491 5444 2670 5505 ὄψεσιν.

1910 5506 1926 5544 ί
1982 5506 2499 5567 Ἐναπεσφηνωμένους,
2533 5502 2625 5553 ‘vox
2650 5518 2759 5567 rara
2781 5508 2833 5551 et
2870 5506 3135 5567 cpmposila
3164 5502 3419 5567 :_0’9~r,v6m,

1843 5566 2005 5631 fuligo,
2032 5562 2244 5631 ξηειιίεὸ,
2269 5562 2379 5631 ἰιὶιιρ
2400 5565 2779 5627 ἁποσφὴνοῦμαι,
2805 5572 2852 5613 et
2892 5562 3324 5626 ἐναποσφηνοῦμαι.

1908 5629 1944 5668 ὃν
1968 5630 2105 5676 Alius
2128 5629 2461 5683 ἐπιστήσαντες

1903 5690 1932 5727 h
1959 5690 2391 5750 Manuscripmrum
2431 5686 2513 5735 alii
2544 5688 2619 5734 ἐπὶ
2644 5689 2739 5750 τῶν
2779 5687 3074 5750 τραυμάτων,
3103 5684 3182 5731 alii
3220 5685 3421 5750 ἐπὶ-τῶν

1844 5752 2097 5813 σωμάτων.
2141 5746 2315 5797 Mélius
2349 5758 2517 5813 rlamen
2563 5756 2641 5794 est
2665 5749 2740 5813 ἐπὶ
2778 5746 2872 5813 τῶν
2900 5746 3193 5808 καμνόντων,
3218 5754 3270 5792 ut
3298 5746 3420 5813 legi!

1846 5807 2090 5868 Erésmus,
2112 5824 2219 5870 quae
2244 5812 2391 5858 lectio
2409 5810 2560 5870 probe
2581 5811 2785 5869 quadrat
2809 5810 2864 5856 ad
2890 5807 2999 5855 mox
3028 5815 3319 5870 sequentem
3346 5807 3423 5855 ἐπὶ

1844 5875 1937 5920 τῶν
1958 5869 2335 5933 ἁμαρτανόντων.
2366 5869 2485 5918 Ιιιίτδ
2510 5871 2749 5933 ιιηυςνποῦ
2772 5873 2825 5916 τὸ
2861 5872 3067 5931 σιδήριον
3092 5869 3357 5929 ἐνέκρυψεν.

1912 5933 1925 5970 ί
1954 5932 2155 5981 Maxima
2176 5946 2285 5994 pars
2307 5946 2421 5981 mss.
2450 5934 2540 5991 ἐγὼ
2567 5932 2749 5993 φράσω.
