4130 6316
722 339 835 395 133

719 451 816 516 οὐχ
862 449 891 500 6
939 447 1099 501 Δαυῒδ
1129 446 1336 513 οὕτως·
1376 450 1510 505 ἀλλά
1554 451 1705 519 πῶς;
1739 453 1896 506 Μετά
1934 451 2033 523 τὴν
2067 450 2172 504 ὑπὸ
2198 448 2291 503 τοῦ

718 528 908 582 Ναθάν
934 531 1234 600 γενομένην
1276 534 1608 605 κατηγορίαν
1624 535 1738 604 οτὴν
1777 536 1870 588 ἐπὶ
1891 537 1957 604 τῇ
1990 529 2289 605 Βηρσαϐεέ,

729 609 1070 682 Ἠμάρτηκα
1098 613 1250 688 [155]
1269 614 1349 682 τῷ
1377 617 1590 685 Κυρίῳ,
1612 617 1796 687 φησίν.

769 744 840 800 γ’.
864 733 1016 798 Εἶδες
1033 736 1465 807 συτετριμμένην
1486 737 1745 808 καρδίαν;
1790 731 1928 800 εἶδες
1961 753 2292 792 τεταπεινω-

716 813 886 884 μένην
913 816 1091 887 ψυχήν
1115 834 1130 882 ;
1163 812 1301 882 εἷδες
1328 818 1444 881 πῶς
1470 821 1562 872 καὶ
1587 820 1656 874 τά
1685 820 1952 891 πτώματα
1985 823 2093 875 τῶν
2121 822 2292 890 ἁγίων

713 894 971 967 λαμπρά;
1002 899 1266 969 Καθάπερ
1294 900 1401 970 γὰρ
1428 901 1496 954 τὰ
1534 902 1761 973 λαμπρά
1776 903 1883 957 τῶν
1907 906 2173 974 σωμάτων
2197 905 2291 958 καὶ

712 980 807 1032 ἐπὶ
840 980 939 1050 τῆς
967 981 1276 1052 ἀρρωστίας
1306 985 1476 1038 πολλά
1506 988 1604 1056 τῆς
1626 986 1927 1058 εὐμορφίας
1956 989 2088 1057 ἡμῖν
2125 987 2292 1041 ἐνδεί-

710 1077 900 1114 κνυται
923 1063 990 1115 τά
1022 1064 1142 1134 ίχνη
1162 1083 1176 1096 ο
1207 1066 1349 1120 οὕτω
1377 1069 1469 1123 καὶ
1497 1070 1605 1122 τῶν
1627 1070 1796 1138 ἁγίων
1824 1072 1880 1123 αἰ
1908 1070 2079 1141 ψυχαὶ
2112 1072 2204 1125 καὶ
2232 1073 2290 1125 ἐν

709 1143 893 1206 αὐτοῖς
945 1149 1058 1208 τοῖς
1101 1150 1510 1219 παραπτώμασι
1540 1161 1560 1182 ί·
1593 1152 1696 1222 τῆς
1731 1153 1935 1216 οἰκείας
1983 1154 2180 1224 ἀρετῆς
2219 1153 2288 1207 τὰ

708 1225 952 1296 σύμϐολα
995 1229 1238 1300 φέρουσι.
1287 1233 1479 1287 Καίτοι
1526 1251 1591 1302 γε
1628 1237 1835 1298 ἐκεῖνος
1875 1237 1973 1305 μέν
2009 1238 2068 1289 ἐν
2101 1237 2287 1307 μέσοις

703 1311 817 1371 τοῖς
873 1310 1164 1378 βασιλείοις
1223 1319 1579 1385 κατηγορεῖτο
1617 1318 1769 1387 παρὰ
1819 1317 1912 1370 τοῦ
1963 1320 2283 1390 προφήτου,

705 1391 988 1460 παρόντων
1018 1394 1227 1448 πολλῶν
1248 1415 1260 1426 ·
1287 1390 1442 1457 οὗτος
1465 1398 1520 1449 δὲ
1545 1397 1691 1453 ένδον
1718 1401 1775 1452 ἐν
1803 1403 1912 1465 τοῖς
1933 1401 2166 1467 ἀδύτοις,
2192 1404 2284 1455 καὶ

710 1474 1028 1546 ἀμάρτυρον
1058 1473 1171 1547 εἷχε
1206 1480 1296 1531 τὸν
1318 1480 1536 1550 ἔλεγχον
1553 1499 1565 1511 ·
1600 1483 1715 1535 ἀλλ’
1743 1484 1863 1536 οὐδὲ
1891 1483 2062 1550 οὕτως
2082 1487 2281 1558 ἤνεγκε

699 1557 797 1627 τὴν
832 1560 1165 1642 ἐπιτίμησιν.
1213 1563 1277 1615 Τί
1321 1561 1446 1627 οῦνς
1491 1567 1709 1630 ἀνίατος
1727 1567 1956 1638 ἐμενενς
1993 1557 2279 1642 Οὐδαμῶς,

698 1638 785 1724 διά
807 1641 904 1710 τὴν
931 1642 1023 1694 τοῦ
1055 1644 1188 1696 Θεοῦ
1221 1645 1628 1720 φιλανθρωπίαν
1647 1667 1658 1680 ·
1686 1649 1800 1704 ἀλλ’
1822 1651 2010 1724 ὥσπερ
2054 1638 2155 1708 ἐπὶν
2184 1654 2279 1708 τοῦ

701 1721 1167 1806 σεληνιαζομένου,
1219 1729 1328 1781 τῶν
1373 1732 1624 1803 μαθητῶν
1672 1735 1772 1788 οὐκ
1823 1721 2151 1806 ἰσχυσάντων
2189 1740 2279 1794 τὸν

695 1802 923 1888 δαίμονα
950 1807 1220 1872 ἐκϐαλεῖν,
1241 1812 1268 1862 ὁ
1285 1802 1516 1881 Χριστός
1547 1833 1703 1886 φησι,
1724 1802 1935 1884 Φέρετέ
1970 1838 2075 1888 μοι
2094 1823 2280 1876 αὐτὸν

693 1883 1014 1975 ὧδε-,οὕτω
1058 1893 1152 1945 καὶ
1192 1895 1445 1961 ἐνταῦθα,
1485 1883 1580 1951 τοῦ
1608 1883 1815 1973 -ἰερέως
1850 1902 1924 1974 μὴ
1960 1883 2277 1975 δυνηθέντος

695 1973 1165 2059 παντὸςῌδαίμονος
1186 1978 1562 2050 χαλεπώτερον
1596 1984 1826 2054 νόσημα,
1855 1973 1953 2057 τήν
2003 1973 2276 2059 ἁμαρτίαν

692 2053 962 2142 ἐκϐαλεῖν,
998 2059 1157 2121 αὐτὸς
1179 2059 1360 2114 λοιπὸν
1384 2065 1412 2115 6
1436 2063 1565 2128 Θεὸς
1588 2065 1678 2120 τὸν
1710 2053 1987 2138 κάμνοντα
2019 2053 2276 2142 μεταχει-

695 2137 921 2208 ρίςεται.
963 2142 1073 2194 Καὶ
1093 2142 1146 2195 τί
1174 2147 1347 2210 ποιεῖς
1379 2146 1603 2216 Λέπραν
1646 2137 1944 2221 ἐπαφίησιν
1989 2137 2275 2226 αὐτοῦ-’τῷ

692 2222 950 2294 μετώπῳ.
1001 2226 1269 2296 Ἐγένετο
1305 2228 1433 2298 γάρ,
1476 2232 1660 2301 φησὶν,
1710 2233 1779 2286 ἐν
1821 2232 1901 2299 τῷ
1947 2222 2273 2305 ἀπειλῆσαι

687 2307 875 2361 αὐτὸν
905 2309 986 2374 τῷ
1007 2311 1164 2379 ἱερεῖ,
1184 2315 1379 2381 λέπρα
1401 2314 1709 2370 ἀνέτειλεν
1733 2317 1831 2371 ἐπὶ
1854 2319 1959 2374 τοῦ
1998 2322 2272 2388 μετώπου

687 2390 894 2455 αὐτοῦ,
917 2393 1010 2445 καὶ
1032 2393 1180 2465 ἐξῄει
1207 2395 1417 2458 λοιπὸν,
1441 2398 1694 2469 καθάπερ
1720 2403 1768 2452 οἱ
1799 2402 1898 2470 τὴν
1923 2403 2018 2454 ἐπὶ
2046 2403 2273 2459 θάνατον

685 2472 1045 2558 ἀπαγόμενοι,
1079 2479 1338 2550 σπαρτίον
1364 2479 1456 2532 ἐπὶ
1498 2480 1591 2534 τοῦ
1621 2484 1885 2552 στόματος
1913 2485 2146 2555 ἔχοντες,
2173 2488 2272 2558 τῆς

687 2557 1154 2632 καταδικαζούσης
1205 2561 1474 2632 σύμϐολον
1519 2564 1736 2636 ψήφου,
1787 2567 1927 2622 οὕτω
1975 2569 2070 2621 καὶ
2107 2570 2270 2635 αὐτὸς

684 2640 783 2710 τῆς
820 2643 1046 2713 ἀτιμίας
1084 2645 1144 2698 τὸ
1184 2645 1451 2716 σύμϐολον
1487 2650 1580 2702 ἐπὶ
1622 2649 1716 2702 τοῦ
1768 2651 2020 2720 μετώπου
2063 2653 2265 2724 φέρων,

682 2725 742 2776 οὐ
772 2725 980 2797 δημίων
1024 2728 1188 2782 αὑτὸν
1214 2731 1497 2796 ἑλκόντων,
1544 2733 1678 2787 ἀλλά
1711 2735 1879 2804 αὐτῆς
1917 2736 2016 2805 τῆς
2061 2735 2267 2807 λέπρας

678 2809 799 2892 ἀντὶ
831 2809 1041 2880 δημίων
1071 2813 1165 2866 ἐπὶ
1193 2815 1433 2886 κεφαλήν
1456 2816 1484 2855 ι)
1510 2817 1777 2888 ώθούσης.
1810 2819 2072 2890 Εἰσῆλθεν
2112 2822 2268 2892 ἰερω-

682 2889 849 2960 σύνην
886 2892 1105 2957 λαϐεῖν,
1151 2897 1180 2948 6
1221 2897 1278 2950 δὲ
1333 2899 1428 2951 καὶ
1477 2901 1577 2969 τὴν
1634 2900 1913 2970 βασιλείαν
1947 2889 2262 2956 ἀπώλεσεν·

679 2974 896 3044 εἰσῆλθε
915 2977 1167 3044 γενέσθαι
1186 2981 1528 3052 σεμνότερος,
1543 2983 1637 3036 καὶ
1652 2984 1874 3052 γέγονεν
1889 2985 2144 3053 ὲναγέστε
2151 3004 2262 3057 ρος.

680 3057 790 3140 Καὶ
817 3058 926 3129 γὰρ
952 3059 1159 3114 ἰδιώτου
1193 3063 1394 3126 παντὸς
1445 3064 1629 3118 λοιπὸν
1661 3066 1986 3140 ἀτιμότερος
2030 3065 2098 3140 ἦν
2128 3071 2266 3125 ἀκά-

679 3139 874 3224 θαρτος
905 3141 1001 3196 ῶν.
1035 3143 1299 3200 Τοσοῦτόν
1332 3147 1447 3199 ἐστι
1475 3148 1644 3201 κακὸν
1681 3149 1740 3202 τὸ
1777 3151 1850 3224 μή
1886 3139 2068 3221 μένειν
2117 3153 2263 3210 ἔνδον

797 3223 907 3278 τῶν
933 3225 1195 3281 δοθέντων
1215 3229 1345 3298 ⁴ήμῖν
1375 3230 1526 3302 παρά
1547 3231 1641 3285 τοῦ
1669 3232 1802 3286 Θεοῦ
1840 3223 2074 3308 μέτρων,
2103 3237 2169 3291 ἀν
2201 3256 2263 3291 τε

677 3305 773 3392 ἐπι
815 3309 1000 3392 τιμῆς,
1039 3309 1111 3392 ἀν
1149 3328 1211 3363 τε
1255 3313 1348 3365 ἐπὶ¹
1389 3314 1641 3381 γνώσεως
1672 3317 1830 3371 τοῦτο
1914 3305 1960 3373 ο.
1994 3321 2106 3390 Οὐχ
2131 3323 2263 3392 ὁρᾷς

675 3388 880 3460 ταύτην
901 3391 1001 3461 τὴν
1029 3391 1316 3458 θάλατταν,
1347 3397 1463 3459 πῶς
1491 3398 1608 3450 ἐστι
1633 3403 1753 3464 ταῖς
1787 3388 1930 3471 βίαις
1968 3388 2259 3474 ἀφόρητος,

676 3472 864 3558 πόσοις
896 3475 1225 3546 κορυφοῦται
1263 3481 1378 3543 τοῖς
1423 3479 1699 3550 κύμασιν;
1759 3484 1898 3537 Ἀλλ’
1932 3472 2090 3555 ὅμως
2123 3472 2262 3558 πρὸς

677 3552 809 3622 ὕψος
833 3556 1222 3631 διανισταμένη
1261 3563 1424 3632 μέγα,
1462 3564 1553 3616 καὶ
1603 3565 1742 3634 μετά
1775 3552 1978 3620 πολλοῦ
1999 3552 2263 3637 προϊοῦσα

674 3639 769 3691 τοῦ
806 3639 1008 3724 θυμοῦ,
1043 3642 1259 3696 ἐπειδάν
1303 3645 1430 3716 ἔλθῃ
1480 3646 1616 3719 πρὸς
1663 3647 1724 3699 τὸ
1765 3649 1918 3703 τεθὲν
1942 3651 2088 3721 ὅριον
2121 3654 2258 3724 αὐτῇ

675 3722 829 3807 παρά
851 3725 945 3776 τοῦ
973 3726 1128 3792 Θεοῦ,
1155 3727 1224 3780 τά
1243 3727 1458 3798 κύματα
1475 3733 1554 3794 εἰς
1586 3731 1758 3802 ἀφρὸν
1787 3732 2104 3800 διαλύσασα,
2124 3722 2261 3807 πρὸς

673 3806 873 3877 ἑαυτήν
921 3809 1186 3864 ἐπάνεισι.
1238 3810 1427 3867 Καίτοι
1465 3830 1528 3881 γε
1579 3814 1633 3867 τί
1682 3815 1908 3891 ψάμμου
1951 3806 2260 3884 γένοιτίᾶν

675 3891 1100 3963 ἀσθενέστερονς
1140 3893 1279 3948 Ἀλλ’
1307 3897 1405 3949 οὐκ
1434 3897 1613 3950 ἐκεῖνό
1651 3898 1768 3950 ἐστι
1796 3899 1857 3952 τὸ
1886 3899 2111 3964 κωλύον,
2145 3901 2259 3955 ἀλλ’

672 3976 700 4026 6
729 3974 822 4026 τοῦ
871 3976 1052 4040 θέντος
1078 3977 1262 4048 φόϐος.
1303 3980 1365 4032 Εἰ
1403 3979 1459 4033 δέ
1481 3981 1541 4033 ού
1569 3980 1889 4051 σωφρονίζει
1927 3999 1986 4035 σε
2013 3984 2172 4038 τοῦτο
2199 3987 2261 4038 τὸ

673 4059 1026 4128 παράδειγμα
1052 4102 1068 4126 ,
1119 4063 1188 4114 τά
1220 4062 1362 4116 κατὰ
1389 4064 1481 4118 τὸν
1522 4065 1706 4129 Ὀςίαν
1745 4081 1805 4118 σε
1837 4067 2156 4134 παιδευέτω,
2191 4070 2260 4124 τά

671 4141 766 4194 νῦν
799 4144 929 4212 ἡμῖν
953 4144 1237 4215 εἰρημένα.

754 4259 895 4312 Ἀλλ’
927 4262 1115 4333 ἐπειδὴ
1144 4262 1242 4333 τήν
1289 4263 1460 4334 ὀργὴν
1487 4264 1701 4336 εἴδομεν
1728 4265 1823 4318 τοῦ
1859 4266 1993 4320 Θεοῦ
2033 4269 2128 4321 καὶ
2160 4270 2257 4340 τὴν

671 4343 826 4409 ἀξίαν
853 4346 1222 4408 ἀνταπόδοσιν,
1260 4349 1390 4418 φέρε
1419 4349 1511 4400 καὶ
1537 4349 1638 4421 τὴν
1659 4349 2065 4422 φιλανθρωπίαν
2092 4353 2257 4407 αὐτοῦ

670 4428 767 4481 καὶ
813 4429 911 4497 τήν
970 4429 1169 4500 πολλὴν
1225 4430 1526 4485 ἐπιείκειαν
1588 4432 1966 4503 ἐπιδείξωμεν.
2026 4436 2099 4488 Οὐ
2152 4436 2258 4508 γὰρ

672 4513 865 4581 μόνους
889 4511 916 4550 ά
939 4512 1066 4574 τοὺς
1088 4514 1215 4583 περὶ
1241 4512 1341 4574 τῆς
1369 4512 1649 4583 ὀργῆςσδεῖ
1681 4519 1849 4570 κινεῖν
1877 4517 2086 4586 λόγους,
2125 4520 2259 4574 ἀλλά

670 4595 923 4657 καὶτοὺς
969 4596 1096 4663 περὶ
1129 4595 1231 4665 τῆς
1277 4597 1661 4666 χρηστότητος.
1704 4599 1791 4653 ἵνα
1825 4601 1959 4671 μήτε
2001 4603 2080 4664 εἰς
2121 4602 2258 4654 ἀπό-

669 4695 870 4746 γνωσιν
914 4678 1238 4748 ἐμϐάλωμεν
1268 4681 1394 4742 τοὺς
1429 4679 1747 4745 ἀκούοντας,
1799 4683 1934 4753 μήτε
1967 4683 2044 4746 εἰς
2087 4684 2256 4755 ρᾳθυ-

672 4763 993 4830 μίαν.οῦτω
1012 4756 1105 4817 καὶ
1136 4761 1348 4823 Παῦλος
1368 4767 1526 4831 ποιεῖ,
1557 4766 1652 4819 καὶ
1683 4765 1890 4829 τούτοις
1928 4769 2256 4842 ἀμφοτέροις

669 4848 833 4915 κιρνᾷ
864 4848 964 4915 τὴν
995 4848 1338 4916 παραίνεσιν,
1364 4849 1562 4901 οὑτωσὶ
1598 4849 1774 4916 λέγων
1793 4866 1806 4880 ·
1851 4851 1966 4905 Ἰδὲ
2001 4848 2114 4907 οὖν
2143 4854 2258 4921 τὴν

667 4931 1053 4996 χρηστότητα
1074 4929 1172 4981 καί
1205 4930 1542 5000 ἀποτομίαν
1573 4933 1740 4996 Θεοῦ,
1776 4933 1863 4987 ἵνα
1888 4937 1981 4987 καὶ
2008 4935 2084 5006 τῷ
2109 4937 2258 5006 φόϐῳ

669 5015 762 5066 καὶ
782 5016 904 5076 ταῖς
933 5016 1195 5085 χρησταῖς
1224 5013 1435 5065 ἐλπίσιν
1464 5015 1742 5087 ἀναστήσῃ
1775 5017 1866 5070 τὸν
1897 5019 2246 5072 πεπτωκότα.

668 5091 820 5159 Εἶδες
856 5098 1160 5166 ἀποτομίαν
1213 5097 1383 5162 Θεοῦ;
1429 5097 1526 5150 ’ἰδὲ
1557 5101 1651 5150 καὶ
1689 5099 2053 5172 χρηστότητα.
2102 5100 2252 5174 [156]

669 5179 792 5242 Πῶς
808 5177 899 5233 οὖν
926 5181 1164 5250 ὀψόμεθα
1188 5182 1286 5251 τὴν
1304 5181 1682 5252 χρηστότητα;
1707 5184 1802 5235 Ἀν
1830 5184 2088 5256 μάθωμεν
2112 5186 2257 5250 τίνος

726 5368 752 5429 _‘
778 5365 983 5429 Aliquot
1013 5379 1130 5415 mss.
1154 5366 1251 5422 τοῖς
1273 5369 1515 5429 πτώμασι.

726 5426 753 5499 ξι
800 5426 926 5499 Ἀντί
969 5429 1148 5499 δημίων
1186 5430 1260 5499 ἐπὶ
1279 5426 1500 5499 κεφαλῆς,
1534 5432 1618 5499 _sic
1641 5431 1836 5499 qqidam
1861 5443 2005 5499 πήξει.)
2031 5433 2257 5499 Erasmus

661 5489 860 5536 videtur
889 5489 1077 5551 legisse
1090 5491 1200 5553 iam;
1235 5489 1421 5551 δημίου,
1463 5493 1544 5552 qui
1573 5489 1738 5551 veriil,
1768 5489 2011 5553 carnificis
2035 5494 2155 5543 loco.
2182 5498 2259 5546 ln-

662 5553 730 5597 l'ra
759 5564 900 5616 unu§,
923 5557 1054 5599 teste
1080 5551 1282 5612 Saviliu,
1307 5551 1491 5608 παντὸς
1519 5555 1681 5602 λοιπὸν
1715 5551 2018 5616 εὐαγέστερος
2053 5555 2109 5614 ἦν
2135 5557 2256 5606 ἀκά-

658 5611 960 5737 ῗαειτξθέἶῗῖς
1002 5673 1123 5722 «Sic
1141 5674 1327 5722 habent
1365 5676 1531 5723 caeteri
1574 5676 1771 5724 codices
1814 5681 1994 5737 Prae"
2036 5679 2253 5731 mdicem

657 5732 906 5797 Croslnavii
951 5737 1126 5792 nostri.
1166 5738 1250 5797 qui
1295 5750 1382 5797 pro
1407 5737 1481 5784 his
1507 5738 1668 5785 verbis
1698 5732 1970 5794 subs'lituil,
2011 5741 2112 5786 ἀλλ’
2151 5744 2251 5790 ἀντ’

661 5795 979 5864 ἐπιτιμήσεως
1017 5795 1200 5856 διὰ
1242 5795 1412 5860 )ἐπρας
1455 5799 1550 5853 τοῖς
1595 5805 1738 5847 πᾶσιν
1780 5799 2068 5860 ἐπίγνωστον
2111 5803 2250 5853 αὐτὸν

697 5873 782 5902 οιει
790 5894 800 5903 .
828 5875 848 5886 "

657 5871 800 5903 ποιει.
828 5875 848 5886 "

724 5914 750 5955 (Ι
781 5917 911 5967 Lnus
930 5918 1090 5981 μόνον.
1117 5920 1270 5970 Paulo
1293 5928 1403 5986 post
1429 5936 1553 5971 unus
1582 5922 1645 5977 εἰς
1663 5924 1929 5983 ἀπόγνωσιν
1954 5923 2243 5988 ἐκϐάλωμεν.

1358 333 1416 389 S.
1466 331 1749 388 JOANNIS
1785 330 2273 389 CIIRYSOSTOMI
2313 331 2634 390 ARCHIEP.
2677 336 3227 398 CONSTANTINOP.

2400 451 2548 534 ἄξιος
2603 448 2671 523 ἦν
2724 456 2752 505 6
2792 455 2994 519 Ὀζίας.
3027 457 3201 512 Τίνων
3249 453 3342 512 οῦν
3387 459 3536 524 ἄξιος
3577 457 3672 534 ἦν;
3705 463 3859 534 Ἀμα
3889 458 3994 512 τῶν

2401 533 2688 606 προθύρων
2719 536 2913 599 ἐπιϐάς
2932 537 3042 593 τῶν
3069 539 3231 611 ἱερῶν
3261 540 3397 610 μετά
3414 533 3684 616 τοσαύτης
3703 533 3990 616 ἀναισχυν-

2401 616 2540 681 τίας,
2585 619 2795 689 μυρίων
2835 623 3129 692 σκηπτῶν,
3172 625 3266 677 καὶ
3308 625 3406 696 τῆς
3441 628 3676 699 ἐσχάτης
3715 629 3990 694 κολάσεως

2401 702 2497 785 και
2537 704 2829 774 τιμωρίας.
2862 707 2927 759 Εἰ
2953 707 3066 777 ’γὰρ
3099 709 3148 760 οἰ
3188 709 3396 779 πρῶτοι
3421 711 3594 766 ταῦτα
3621 713 3989 785 τολμήσαντες

2398 783 2818 867 ταύτηνέδοσαν
2850 789 2950 860 τὴν
2981 789 3157 860 δίκην,
3189 793 3236 843 οἱ
3265 794 3393 862 περὶ
3415 793 3591 849 Δαθάν
3609 797 3702 849 καὶ
3720 783 3866 867 Κορέ
3899 799 3989 851 καὶ

2412 866 2695 939 Ἀϐειρὼν,
2714 870 2892 942 πολλῷ
2918 871 3118 941 μᾶλλον
3134 872 3322 926 τοῦτον
3342 875 3487 928 οὕτω
3508 866 3833 940 κολάζεσθαι
3861 877 3984 936 ἔδει.

2397 949 2667 1033 τὸνμηδέ
2709 956 2832 1016 ταῖς
2888 956 3114 1009 ἐκείνων
3167 959 3603 1029 σωφρονισθέντα
3653 965 3983 1033 συμφοραῖς.

2411 1031 2549 1084 Ἀλλ’
2577 1035 2676 1087 οὐκ
2712 1037 2936 1106 ἐποίησε
2961 1038 3116 1092 τοῦτο
3136 1040 3163 1091 6
3197 1039 3350 1106 Θεὸς,
3374 1041 3510 1094 ἀλλά
3543 1042 3803 1113 πρότερον
3836 1031 3986 1112 αὐτῷ

2395 1120 2588 1190 λόγους
2634 1130 2960 1196 προσήγαγε
2996 1141 3019 1168 θ
3058 1130 3257 1201 πολλῆς
3281 1132 3584 1196 ἐπιεικείας
3605 1134 3874 1204 γέμοντας
3902 1134 3987 1186 διὰ

2393 1205 2486 1258 τοῦ
2512 1207 2718 1286 ἰερέως.
2738 1210 2845 1263 Καὶ
2866 1209 3010 1280 ἀπερ
3035 1212 3063 1263 ὁ
3086 1213 3319 1283 Χριστὸς
3341 1217 3647 1286 παρῄνεσεν
3676 1215 3986 1285 ἀνθρώποις

2393 1283 2587 1351 ποιεῖν’,
2620 1290 2746 1344 ὅταν
2783 1293 2862 1355 εἰς
2890 1293 3151 1365 ἀλλήλους
3177 1283 3531 1368 ἁμαρτάνωσι
3561 1298 3605 1362 ί,
3625 1283 3832 1352 τοῦτοὸ
3852 1293 3986 1362 Θεὸς

2392 1371 2528 1454 πρὸς
2571 1372 2662 1424 τὸν
2713 1373 2996 1446 ἄνθρωπον
3041 1378 3318 1449 ἐποίησεν.
3359 1381 3544 1434 Ὅταν
3588 1383 3733 1452 γάρ,
3783 1384 3982 1454 φησὶν,

2389 1453 2620 1522 ἁμάρτῃ
2641 1457 2727 1521 εἰς
2754 1457 2830 1510 σὲ
2855 1458 3168 1528 όάδελφός
3197 1477 3335 1526 σου,
3354 1463 3566 1534 ὕπαγε,
3590 1453 3854 1535 ἔλεγξον
3874 1468 3984 1519 αὺ-

2387 1535 2496 1588 τὸν
2533 1539 2760 1606 μεταξὺ
2789 1540 2906 1594 σοῦ
2947 1542 3045 1594 καί
3077 1544 3266 1598 αὐτοῦ
3305 1547 3520 1614 μόνου.
3567 1547 3724 1601 Οῦτω
3765 1550 3982 1602 καὶτὸν

2389 1615 2612 1686 βασιλέα
2643 1621 2826 1674 τοῦτον
2861 1623 3086 1693 ήλεγξεν
3129 1625 3156 1677 6
3197 1626 3346 1690 Θεός.
3387 1629 3496 1682 Καὶ
3538 1632 3566 1683 ὀ
3617 1631 3714 1700 μὲν
3747 1632 3982 1702 Χριστός

2387 1718 2550 1769 φησιν
2565 1719 2578 1732 ο
2612 1703 2745 1756 Ἐὰν
2754 1703 2840 1772 μὴ
2857 1705 3093 1776 ἀκούσῃ
3115 1723 3252 1773 σου,
3283 1710 3440 1764 έστω
3464 1727 3562 1766 σοι
3578 1713 3658 1777 ὠς
3681 1716 3712 1766 ό
3741 1714 3983 1779 ἐθνικὸς

2386 1783 2484 1836 καί
2515 1787 2548 1838 ὁ
2567 1786 2860 1854 τελώνης·
2887 1788 2914 1840 ὁ
2942 1789 2999 1842 δέ
3024 1790 3155 1854 Θεὸς
3185 1792 3570 1866 φιλανθρωπίᾳ
3593 1797 3720 1860 τοὺς
3739 1797 3980 1861 οἰκείους

2386 1867 2726 1940 ὑπερϐαίνων
2757 1870 2976 1942 νόμους,
3011 1874 3132 1927 οὐδὲ
3156 1875 3329 1940 οὓτως
3350 1877 3511 1931 αὑτὸν
3544 1879 3816 1949 ἐξέκοψεν,
3840 1882 3980 1937 ἀλλά

2383 1953 2809 2023 παρακούσαντα
2859 1959 2955 2010 καὶ
2999 1958 3454 2031 ἀγανακτήσαντα
3500 1964 3600 2016 οὐκ
3647 1965 3977 2037 ἀπέρριψεν,

2384 2038 2518 2091 ἀλλά
2554 2038 2718 2092 πάλιν
2743 2042 3048 2112 προσίεται,
3076 2045 3169 2097 καὶ
3201 2045 3447 2098 παιδεύει
3471 2047 3656 2118 τρόπῳ
3685 2049 3977 2118 διόρθωσιν

2383 2119 2557 2190 ἔχοντι
2584 2121 2786 2192 μᾶλλον
2813 2123 3156 2196 ἢτιμωρίαν.
3191 2128 3326 2181 Οὖδέ
3349 2128 3456 2199 γάρ
3497 2131 3737 2200 σκηπτὸν
3761 2132 3980 2201 ἀφῆκεν

2379 2204 2585 2258 ἀνωθεν
2606 2244 2645 2289 ,ᾇ
2666 2206 2787 2259 οὐδὲ
2827 2207 3125 2278 κατέφλεξε
3161 2210 3259 2281 τὴν
3304 2213 3658 2282 ἀναίσχυντον
3690 2216 3975 2289 κεφαλὴν,

2379 2287 2514 2341 ἀλλά
2541 2291 2608 2359 τῇ
2635 2287 2809 2360 λέπρα
2841 2291 3000 2361 μόνον
3047 2293 3356 2350 ἐπαίδευσε.
3411 2298 3520 2350 Καὶ
3563 2298 3631 2350 τά
3673 2299 3773 2369 μὲν
3826 2287 3976 2355 κατά

2377 2369 2470 2422 τὸν
2520 2369 2696 2433 Ὀξίαν
2737 2371 2991 2425 τοιαῦτα·
3027 2374 3138 2442 ἐγὼ
3177 2377 3233 2428 δὲ
3269 2376 3328 2429 ἐν
3368 2378 3450 2431 ἔτι
3503 2380 3663 2449 μόνον
3714 2382 3977 2451 προσθεὶς

2379 2451 2718 2506 καταπαύσω
2749 2453 2839 2506 τὸν
2863 2455 3039 2523 λόγον.
3084 2458 3149 2510 Τί
3189 2457 3246 2511 δέ
3276 2459 3434 2512 τοῦτό
3475 2463 3658 2528 ἐστιν;
3706 2465 3772 2516 Ὀ
3803 2465 3976 2519 πάλαι

2379 2535 2470 2586 καὶ
2494 2533 2552 2599 ἐξ
2578 2535 2753 2606 ἀρχῆς
2785 2536 3131 2610 ἐζητήσαμεν
3151 2557 3165 2570 ο
3207 2541 3351 2606 τίνος
3396 2543 3584 2598 ἕνεκεν
3633 2547 3692 2599 ἐν
3717 2551 3826 2611 τοῖς
3866 2548 3977 2613 ἔξω

2377 2616 2687 2686 πράγμασι,
2717 2619 2811 2672 καὶ
2840 2620 2897 2674 ἐν
2924 2624 3043 2684 ταῖς
3065 2625 3446 2695 προφητείαις,
3482 2628 3736 2683 ἁπάντων
3781 2629 3978 2683 εἰωθόο

2375 2717 2494 2784 των⁸
2515 2701 2614 2771 τῆς
2644 2701 2790 2784 ςωῆς
2811 2703 2920 2756 τῶν
2951 2703 3212 2774 βασιλέων
3247 2710 3374 2772 τοὺς
3407 2711 3635 2780 χρόνους
3670 2714 3974 2784 ἐπισημαί-

2376 2781 2583 2845 νεσθαι,
2615 2773 2770 2847 οὗτος
2803 2773 2959 2838 τοῦτο
3004 2789 3184 2857 ἀφεὶς,
3224 2789 3315 2842 τοῦ
3577 2773 3676 2866 τῆς
3707 2773 3975 2868 τελευτῆς

2379 2863 2649 2933 μέμνηται
2677 2865 2775 2946 τοῦ,
2797 2867 2993 2932 Ὀζίου,
3024 2872 3221 2925 οὑτωσὶ
3237 2873 3410 2941 λέγων
3430 2893 3441 2906 ’
3473 2877 3580 2930 Καὶ
3605 2863 3839 2946 ἐγένετο
3862 2863 3976 2936 τοῦ

2373 2947 2671 3011 ἐνιαυτοῦ,
2704 2944 2775 3005 οὗ
2803 2951 3104 3008 ἀπέθανεν
3148 2953 3329 3022 Ὀᾷας
3357 2961 3389 3012 ό
3415 2944 3736 3028 βασιλεύς.
3770 2965 3974 3017 Καίτοι

2372 3047 2437 3098 γε
2476 3031 2604 3100 ἐνῆν
2633 3032 2726 3084 τὸν
2768 3034 2862 3088 τοῦ
2910 3034 3288 3104 βασιλεύοντος
3316 3042 3508 3111 χρόνον
3537 3045 3732 3108 εἰπεῖν,
3775 3045 3974 3120 ὥσπερ

2371 3113 2490 3176 ἔθος
2510 3112 2680 3167 ἅπασι
2703 3118 2813 3179 τοῖς
2831 3121 3140 3189 προφήταις
3165 3117 3255 3192 ἦν’
3273 3123 3388 3176 ἀλλ’
3416 3126 3517 3178 οὐκ
3538 3127 3760 3199 ἐποίησε
3785 3112 3971 3186 τοῦτο.

2371 3196 2526 3260 Τίνος
2553 3194 2645 3252 οὖν
2669 3199 2853 3253 ἕνεκεν
2873 3201 2974 3254 οὐκ
3013 3203 3268 3272 ἐποίησες
3303 3206 3486 3278 Νόμος
3520 3205 3589 3279 ἦν
3620 3194 3846 3275 παλαιὸς
3878 3215 3976 3267 τὸν

2371 3280 2569 3353 λεπρὸν
2595 3283 2697 3353 τῆς
2732 3284 2940 3349 πόλεως
2969 3286 3377 3355 ἐξελαύνεσθαι,
3431 3292 3572 3346 ὥστε
3609 3297 3703 3348 καὶ
3732 3299 3859 3360 τοὺς
3909 3300 3972 3350 ἐν

2369 3367 2437 3435 τῇ
2468 3365 2621 3451 πόλει
2654 3366 2894 3451 βελτίους
2922 3370 3198 3438 γενέσθαι,
3223 3375 3319 3428 καὶ
3344 3377 3506 3430 αὐτὸν
3545 3379 3620 3450 μὴ
3637 3382 3970 3451 προκεῖσθαι

2369 3449 2480 3533 τοῖς
2509 3446 2855 3533 βουλομένοις
2888 3451 3132 3533 ύϐρίζειν
3162 3459 3513 3527 σκωμμάτων
3537 3446 3631 3514 καί
3668 3446 3972 3533 χλευασίας

2369 3528 2644 3616 ἀφορμὴν,
2706 3531 2821 3585 ἀλλ’
2875 3532 2979 3598 ἔξω
3036 3539 3137 3606 τῆς
3199 3538 3407 3603 πόλεως
3472 3528 3721 3611 μένοντα,
3783 3564 3971 3616 παρα-

2369 3612 2772 3697 πέτασμαῗτῆς
2834 3621 3118 3689 συμφορᾶς
3162 3621 3304 3691 ἔχειν
3344 3625 3443 3694 τὴν
3487 3628 3744 3697 ἐρημίαν.
3793 3612 3974 3684 Τοῦτο

2369 3695 2463 3784 καὶ
2501 3697 2590 3749 τὸν
2631 3696 2856 3767 βασιλέα
2893 3700 3081 3784 τοῦτον
3127 3703 3421 3775 ὑπομένειν
3474 3695 3640 3779 ἐχρῆν
3682 3711 3821 3779 μετά
3865 3715 3973 3784 τὴν

2367 3776 2570 3868 λέπραν
2603 3797 2617 3812 ο
2642 3780 2757 3834 ἀλλ’
2785 3781 2883 3851 οὐχ
2927 3783 3207 3868 ὑπέμεινε,
3241 3787 3349 3841 τῶν
3374 3793 3431 3842 ἐν
3458 3776 3712 3862 τῇν-πόλει
3743 3796 3832 3849 διὰ
3862 3776 3970 3868 τήν

2367 3859 2541 3951 ἀρχὴν
2575 3864 2738 3916 αὐτὸν
2790 3866 3163 3931 αἰδεσθέντων,
3221 3870 3336 3923 ἀλλ’
3391 3859 3584 3942 ἔμενεν
3613 3877 3774 3947 ἐντῷ
3824 3859 3968 3951 οίκιρ

2368 3943 2530 3996 αὑτοῦ
2554 3947 2821 4014 κρυφίως.
2852 3948 3021 4002 Τοῦτο
3053 3951 3339 4021 παρώξυνε
3374 3955 3463 4008 τὸν
3489 3956 3642 4021 Θεὸν,
3668 3958 3826 4013 τοῦτο
3859 3966 3969 4033 τὴν

2369 4029 2705 4111 προφητείαν
2736 4030 2980 4111 ἐκώλυσε
3006 4050 3016 4062 ·
3062 4037 3154 4086 καὶ
3178 4035 3313 4106 ὅπερ
3347 4039 3437 4090 ἐπὶ
3466 4040 3559 4092 τοῦ
3606 4043 3722 4095 Ἦλὶ
3744 4029 3968 4111 γέγονε,

2379 4109 2570 4178 Ῥῆμα
2589 4113 2784 4181 τίμιον
2798 4109 2896 4182 ἦν,
2913 4114 3010 4167 καί
3027 4118 3138 4170 οὐκ
3154 4114 3232 4188 ἦν
3248 4119 3457 4187 ὅρασις
3480 4109 3964 4185 διαστέλλοιυσα.

2368 4191 2439 4244 Σὺ
2469 4193 2525 4246 δέ
2561 4211 2651 4265 μοι
2695 4196 2788 4248 καὶ
2831 4198 3065 4252 ἐνταῦθα
3110 4203 3303 4255 σκόπει
3334 4204 3428 4257 τοῦ
3458 4205 3595 4259 Θεοῦ
3627 4208 3726 4279 τὴν
3766 4212 3966 4278 φιλαν-

2368 4275 2634 4347 θρωπίαν.
2659 4278 2734 4331 on
2763 4279 2870 4350 γὰρ
2897 4280 3161 4351 ἀνέτρεψε
3191 4284 3290 4355 τὴν
3346 4287 3520 4355 πόλιν,
3556 4275 3968 4350 οὐδὲ-ἀπώλεσε

2366 4360 2491 4423 τοὺς
2528 4361 2870 4424 ἐνοικοῦντας
2889 4378 2903 4393 ⁸
2945 4363 3057 4416 ἀλλ’
3087 4366 3224 4437 ὅπερ
3254 4369 3398 4437 φίλοι
3433 4373 3645 4426 ποιοῦσι
3673 4376 3809 4444 πρὸς
3832 4382 3970 4445 τοὺς

2367 4442 2663 4528 όμοτίμους
2683 4444 2790 4496 τῶν
2817 4445 3005 4512 φίλων,
3029 4448 3247 4502 ἐπειδὰν
3276 4453 3441 4522 ἔχωσί
3467 4474 3517 4508 τι
3553 4442 3760 4511 δίκαιον
3791 4442 3963 4528 ἐγκαζ

2368 4521 2499 4588 λεῖν,
2541 4527 2598 4577 ἐν
2642 4531 3066 4599 παρασιωπήσει
3104 4521 3392 4602 μένοντεςο
3443 4539 3601 4592 τοῦτο
3632 4543 3782 4596 καὶὸ
3821 4544 3966 4610 Θεὸς

2368 4606 2505 4677 πρὸς
2523 4607 2584 4659 τὸ
2609 4606 2758 4672 ἔθνος
2774 4611 2996 4683 ἐποίησε
3034 4616 3280 4685 μείζονος
3307 4619 3365 4672 ὃν
3394 4621 3543 4685 ἀξιον
3571 4626 3844 4692 κολάσεως
3869 4606 3972 4687 καλ

2367 4693 2652 4784 τιμωρίας.
2684 4692 2834 4784 [15η
3045 4702 3144 4770 μὲν
3168 4702 3276 4774 γάρ
3304 4703 3556 4768 ἐξέϐαλον
3588 4710 3769 4775 αὐτὸν,
3798 4717 3965 4784 φησὶ,

2365 4773 2460 4864 τοῦ
2486 4775 2842 4864 ἱεροῦηὺμεῖς
2868 4781 2923 4833 δέ
2958 4783 3077 4836 οὑδέ
3093 4785 3192 4855 τῆς
3219 4773 3425 4852 πόλεως
3443 4804 3455 4818 ·
3475 4791 3587 4858 ἐγὼ
3609 4773 3778 4864 δήσας
3795 4773 3972 4850 αὐτὸν

2366 4857 2456 4946 διὰ
2491 4859 2591 4928 τῆς
2619 4859 2846 4932 λέπρας,
2883 4865 3098 4936 ἰδιώτην
3149 4871 3444 4941 παρέδωκα
3472 4913 3486 4936 ,
3518 4857 3693 4946 γὺμεῖς
3744 4857 3798 4932 δὲ
3837 4884 3968 4934 οὐέὲ

2368 4941 2511 4994 οὕτω
2525 4959 2590 4993 πε
2601 4946 2932 5012 ριεγένεσθε,
2956 4948 3092 5002 ἀλλά
3114 4951 3205 5004 τὸν
3231 4954 3321 5005 ὑπ’
3339 4956 3472 5023 ἐμοῦ
3491 4941 3969 5016 καταδικασθέντα

2368 5026 2467 5107 οὐκ
2514 5025 2772 5094 ήνέχεσθε
2802 5031 2899 5099 τῆς
2945 5031 3152 5096 πόλεως
3186 5036 3451 5093 ἐκϐαλεῖν.
3498 5043 3687 5094 Καίτοι
3721 5048 3872 5107 ποῖος
3898 5047 3972 5099 ἂν

2366 5106 2523 5159 τοῦτο
2553 5107 2811 5177 βασιλεὺς
2852 5114 3038 5184 πράως
3071 5117 3322 5185 ήνεγκεν,
3361 5121 3473 5174 ἀλλ’
3507 5125 3608 5176 οὐκ
3633 5124 3699 5176 ἂν
3747 5127 3808 5177 ἐκ
3864 5129 3968 5196 βά-

2563 5193 2660 5264 τὴν
2719 5195 2889 5281 πόλιν
2924 5197 3226 5268 ἀνέτρεψε,
3277 5205 3367 5255 τὸν
3407 5207 3486 5268 είς
3527 5206 3622 5275 τὴν
3659 5193 3970 5281 ὑπερορίαν

2371 5278 2776 5347 μετοικισθῆναι
2812 5279 3199 5349 κελευσθέντα,
3233 5287 3642 5358 ἐνδιατρίϐοντα
3676 5296 3741 5362 τῇ
3770 5278 3968 5352 ἠπόλει

2365 5359 2540 5430 ὁρῶν;
2571 5360 2709 5453 ἀλλἈ
2732 5361 2829 5429 οὐχ
2854 5363 2881 5412 6
2910 5362 3038 5426 Θεὸς
3070 5367 3226 5421 τοῦτο
3260 5371 3513 5442 ὲποίησε’
3538 5373 3670 5437 Θεὸς
3708 5359 3817 5449 γὰρ
3869 5377 3964 5453 ἦν,

2366 5445 2460 5540 καί.
2492 5443 2591 5496 οὐκ
2618 5443 2921 5540 ἄνθρωπος..
2966 5449 3182 5521 Ἐπειδὴ
3212 5454 3277 5506 .δέ
3326 5455 3647 5528 ἐτελεύτησε
3670 5500 3685 5521 ,

2362 5525 2551 5578 τούτου
2575 5527 2669 5579 καὶ
2699 5526 2797 5596 τὴν
2820 5528 2955 5598 πρὸς
2983 5532 3225 5596 ἐκείνους
3248 5536 3416 5606 ὀργὴν
3450 5525 3840 5608 συγκατέλυσε,
3863 5525 3970 5606 καί

2364 5610 2461 5678 τῆς
2485 5612 2821 5700 προφητείας
2869 5613 2965 5674 τὰς
2989 5615 3166 5700 θύρας
3197 5619 3423 5689 ἀνέῳξε,
3475 5623 3569 5675 καὶ
3617 5624 3776 5678 πάλιν
3817 5635 3964 5700 πρὸς

2363 5693 2558 5756 αὐτοὺς
2575 5693 2868 5761 ἐπανῆλθε.
2895 5696 2966 5748 Σὺ
2984 5696 3040 5749 δὲ
3058 5700 3121 5751 ἐκ
3141 5700 3234 5753 τοῦ
3258 5703 3462 5771 τρόπου
3486 5708 3584 5775 τῆς
3606 5693 3968 5787 καταλλα-ξῆξ

2421 5885 2443 5933 ς
2465 5869 2600 5933 Unus
2620 5872 2840 5933 ἐπήγαγε.
3750 5914 3753 5915 ν

2423 5930 2443 5969 ἲ
2473 5932 2671 5994 Quidam
2697 5930 2809 5981 nm.
2838 5935 3104 6000 ἁμάρτωσι,
3131 5945 3183 5987 et
3211 5940 3354 6001 paulo
3378 5950 3486 6002 post
3508 5944 3777 6009 ἁμαρτήσῃ.
