4148 6306
169 390 284 444 133

146 482 266 533 silio
306 478 505 550 gratias
543 491 741 549 agere:
783 473 905 539 ille,
948 472 1150 542 inquit,
1192 468 1492 538 indignatus
1529 473 1645 533 est,
1674 471 1733 519 et

146 574 337 626 vulnus
359 571 590 626 reddidit
608 569 869 624 acerbius.
887 566 1069 635 Neque
1088 563 1228 618 enim
1252 560 1471 631 perinde
1491 558 1625 612 mala
1648 570 1735 612 res

144 675 221 718 est
267 674 571 733 peceatum,
612 670 769 730 atque
800 667 917 728 post
957 665 1230 727 peceatum
1268 648 1611 721 impudentia.
1642 647 1738 703 At-

140 754 231 821 qui
258 771 363 808 non
389 755 579 809 eodem
605 752 762 806 modo
785 749 946 804 David
962 788 979 815 ,
1002 748 1094 802 sed
1121 741 1428 816 quomodo?
1450 738 1735 809 Postquam

142 864 166 896 ιι
192 845 401 899 Nuthan
425 846 696 898 incusatus
716 849 857 895 esset
876 838 946 893 de
966 836 1251 902 Bersabee,
1272 832 1486 888 Peccavi
1504 872 1519 897 ,
1543 829 1732 899 inquit,

143 938 368 990 Domino
402 936 489 1008 (2.
520 935 646 1005 Reg.
681 932 767 989 η.
800 932 869 987 15

209 1031 271 1084 5.
320 1029 537 1083 Peccata
552 1030 805 1097 justorum
832 1023 1017 1077 cedunt
1036 1022 1087 1074 in
1117 1020 1319 1073 bonum.
1347 1047 1411 1058 —-
1430 1013 1614 1070 Vidisti
1642 1027 1735 1067 cor

144 1136 242 1175 enn
253 1120 470 1175 tritum?
493 1119 666 1173 vidisti
684 1117 1001 1172 submissum
1022 1113 1252 1167 animam
1269 1111 1293 1164 ?
1308 1109 1479 1163 vidisti
1502 1106 1732 1163 utetiam

149 1212 335 1279 lapsus
364 1220 669 1266 sanctorum
699 1209 805 1262 sint
829 1205 1062 1275 egregii?
1088 1200 1542 1271 Quemadmodum
1592 1197 1734 1253 enim

149 1304 410 1369 praeclara
453 1315 674 1370 corpora
715 1299 876 1353 etiam
917 1297 968 1351 in
1000 1295 1217 1350 adversa
1248 1292 1544 1348 valetudine
1571 1291 1735 1345 multa

146 1394 303 1449 nobis
347 1393 531 1447 forma:
576 1390 792 1460 vestigia
842 1386 1171 1443 ostendunt:
1202 1386 1280 1439 sic
1333 1393 1387 1437 et
1427 1390 1732 1438 Sanctorum

145 1487 343 1539 animae
389 1485 439 1537 in
484 1483 610 1551 ipsis
642 1484 803 1536 etiam
830 1481 1022 1535 erratis
1045 1493 1159 1533 sua:
1203 1476 1411 1531 virtutis
1448 1475 1595 1543 signa
1626 1488 1737 1542 pra:

146 1590 201 1629 se
232 1573 435 1629 ferunt.
475 1573 539 1627 Et
566 1582 739 1627 tamen
766 1571 855 1625 ille
886 1570 936 1624 in
966 1568 1139 1623 media
1166 1568 1308 1636 regia
1335 1565 1682 1620 accusabatur
1706 1578 1737 1618 a

150 1666 414 1733 propheta
439 1662 618 1717 multis
646 1660 1034 1732 prtesentibus;
1061 1658 1149 1712 hic
1173 1671 1298 1711 vero
1322 1657 1463 1710 intus
1493 1655 1544 1708 in
1566 1654 1739 1724 adytis

151 1754 302 1807 nullo
330 1763 469 1807 teste
498 1752 810 1821 redargutus
834 1758 951 1815 est;
978 1763 1161 1802 verum
1193 1761 1259 1802 ne
1280 1746 1357 1800 sic
1385 1744 1598 1816 quidem
1621 1744 1739 1799 tulit

148 1845 593 1915 iucrepationem.
645 1843 781 1911 Quid
825 1842 1027 1912 igitur?
1070 1838 1375 1895 insanabilis
1413 1834 1739 1907 permansit?

146 1938 518 2008 Nequaquam,
548 1946 765 2007 propter
806 1935 901 1990 Dei
942 1933 1282 1988 clementiam
1318 1948 1332 1983 :
1364 1928 1456 1985 sed
1486 1926 1741 1997 quemad-

153 2030 376 2085 modum
398 2028 468 2084 de
498 2029 875 2094 lunatieo,eum
903 2024 1147 2094 discipuli
1166 2037 1271 2077 non
1286 2022 1526 2076 valerent
1545 2019 1741 2089 ejicere

151 2121 478 2175 dzcmonium
503 2161 519 2187 ,
552 2120 677 2173 dicit
705 2118 950 2173 Christus
980 2134 994 2170 :
1028 2115 1275 2170 Adducite
1309 2114 1435 2167 mihi
1479 2122 1598 2163 eum
1644 2112 1741 2166 huc

150 2211 368 2280 (Matth.
400 2212 487 2265 l7.
519 2209 608 2281 l6)
634 2226 647 2263 :
675 2210 751 2263 sic
772 2217 827 2263 et
853 2208 959 2274 hic,
989 2222 1110 2262 cum
1137 2204 1388 2262 sacerdos
1426 2217 1532 2258 non
1564 2210 1744 2271 posset

149 2305 398 2358 morbum
424 2304 610 2375 quovis
650 2302 919 2358 daemonio
950 2300 1265 2366 suaviorem,
1314 2312 1506 2366 nempe
1553 2308 1743 2365 pecca.

152 2405 282 2461 tum,
327 2395 547 2465 ejicere,
595 2395 708 2464 ipse
750 2395 889 2449 Deus
918 2394 1252 2448 laborantem
1295 2389 1619 2461 aggreditur.
1677 2389 1744 2444 Et

155 2488 279 2555 quid
304 2488 464 2543 facit?
499 2489 717 2557 Lepram
748 2485 984 2541 immittit
1011 2484 1169 2539 fronti
1200 2482 1383 2553 ipsius.
1402 2479 1618 2534 Factum
1644 2489 1737 2545 est,

156 2581 323 2651 inquit
349 2622 365 2647 ,
413 2596 527 2633 cum
553 2580 639 2634 ille
669 2580 944 2632 minaretur
972 2575 1221 2631 sacerdoti
1244 2614 1260 2638 ,
1289 2575 1428 2643 lepra
1455 2572 1665 2642 emeruit
1690 2570 1743 2623 in

154 2678 317 2742 fronte
341 2674 452 2742 ejus
480 2672 556 2742 ('2.
585 2670 763 2725 Paral.
794 2669 882 2724 26.
917 2669 1036 2738 l9),
1062 2668 1277 2738 jamque
1305 2665 1504 2730 exibat,
1534 2663 1669 2717 sicut
1708 2662 1742 2717 ii

155 2764 242 2832 qui
271 2762 335 2814 ad
370 2770 597 2815 mortem
628 2759 959 2815 abducuntur
986 2759 1163 2813 funem
1194 2771 1289 2812 ore
1306 2763 1575 2826 gestantes
1589 2753 1742 2808 dam-

155 2853 389 2907 nationis
442 2852 691 2920 signum,
742 2850 821 2905 sic
865 2858 920 2904 et
969 2848 1060 2903 ille
1093 2846 1394 2917 ignominia:
1437 2845 1642 2914 signum
1689 2844 1743 2898 in

157 2944 332 2998 fronte
356 2952 594 3013 gestans,
637 2957 741 2997 non
771 2941 1113 2997 carnificibus
1157 2941 1328 3009 ipsum
1374 2937 1702 2993 trahentibus
1724 2977 1739 3003 ,

156 3034 250 3088 sed
297 3034 447 3103 lepra
480 3035 597 3089 loco
626 3032 890 3088 carnificis
936 3032 1107 3101 ipsum
1159 3030 1483 3101 prmcipitem
1530 3036 1739 3097 agente.

158 3126 438 3196 Ingressus
480 3135 539 3180 ut
580 3125 935 3181 sacerdotium
966 3132 1286 3194 usurparet,
1314 3123 1476 3177 et'am
1521 3135 1742 3191 regnum

154 3216 392 3284 perdidit
426 3231 440 3267 :
472 3215 740 3284 ingressus
763 3223 845 3269 est
874 3222 931 3268 ut
972 3211 1123 3268 ﬁeret
1149 3211 1503 3267 venerabilior
1526 3252 1541 3275 ,
1572 3224 1625 3265 et
1664 3209 1744 3263 fa-

154 3318 273 3360 ctus
319 3315 403 3360 est
450 3304 841 3361 exsecrabilior.
867 3304 999 3359 Nam
1044 3317 1166 3359 cum
1217 3303 1519 3357 immundus
1569 3310 1742 3367 esset,

157 3398 349 3467 quovis
378 3396 598 3451 homine
622 3396 826 3465 privato
853 3394 1076 3464 posthac
1097 3394 1285 3448 vilior’
1315 3401 1447 3447 erat.
1483 3392 1631 3447 Adeo
1658 3406 1745 3447 res

154 3501 238 3543 est
265 3490 401 3544 mala
432 3504 537 3542 non
564 3503 780 3543 manere
808 3489 943 3542 intra
973 3485 1107 3541 lines
1127 3485 1282 3540 nobis
1308 3499 1337 3539 a
1364 3484 1473 3539 Deo
1504 3483 1747 3553 prmseri-

156 3593 297 3651 ptes,
344 3583 462 3637 sive
489 3581 709 3636 honoris
749 3581 860 3636 sive
889 3580 1207 3649 cognitionis
1235 3593 1323 3632 res
1349 3577 1527 3632 fuerit.
1558 3576 1745 3629 Nonne

155 3676 306 3730 vides
337 3675 441 3729 hoc
471 3689 637 3741 mare,
668 3688 824 3744 quam
850 3679 934 3727 est
959 3671 1033 3727 ob
1060 3670 1364 3725 violentiam
1393 3667 1740 3729 intolerabile,

155 3768 371 3837 quantis
405 3767 641 3836 insurgat
665 3764 951 3821 ﬂuetibus?
991 3765 1237 3818 Attamen
1270 3772 1610 3832 posteaquam
1648 3772 1744 3812 ve-

158 3862 441 3912 hementer
468 3856 775 3921 insurrexit,
806 3856 1080 3923 multoque
1106 3868 1224 3909 cum
1255 3861 1463 3907 tumore
1492 3864 1743 3922 progres-

155 3962 276 4001 sum
305 3956 405 4010 est,
443 3946 535 3999 ubi
562 3951 767 3999 venerit
786 3944 851 3998 ad
885 3945 1165 3998 terminum
1193 3942 1290 4011 ipsi
1316 3957 1345 3995 a
1370 3942 1479 3996 Deo
1504 3941 1747 4010 praescri-

156 4048 306 4107 ptum
333 4076 350 4103 ,
384 4035 631 4089 fluctibus
670 4035 719 4088 in
760 4048 1004 4103 spumam
1033 4033 1219 4086 solutis
1248 4034 1297 4086 in
1324 4047 1448 4086 sese
1474 4032 1630 4085 redit.
1678 4030 1745 4084 Et

155 4141 337 4184 tamen
366 4128 493 4199 quid
524 4142 680 4183 arena
710 4126 880 4197 possit
917 4139 1036 4181 esse
1072 4125 1369 4178 inﬁrmius?
1398 4124 1590 4177 Verum
1635 4137 1741 4177 non

152 4226 241 4278 illa
273 4232 358 4277 est
382 4237 502 4291 quae
530 4220 806 4290 prohibet,
853 4217 947 4272 sed
990 4217 1105 4285 ejus
1126 4225 1299 4269 metus
1323 4214 1411 4283 qui
1457 4214 1742 4268 terminum

152 4316 354 4382 posuit.
386 4312 539 4381 Quod
566 4311 610 4366 si
638 4311 738 4364 hoc
757 4308 1062 4377 exemplum
1093 4321 1194 4361 non
1218 4315 1269 4359 te
1294 4312 1507 4358 revocat
1535 4303 1601 4357 ad
1630 4317 1744 4356 mo-

152 4408 511 4471 derationem,
544 4419 661 4474 qute
697 4402 839 4458 Ozias
878 4400 1186 4456 acciderunt
1223 4398 1469 4453 erudiant
1508 4405 1595 4463 te,
1624 4410 1742 4466 quae

150 4514 297 4552 nunc
327 4512 355 4550 a
387 4496 544 4551 nobis
573 4494 713 4550 dicta
750 4501 893 4547 sunt.

232 4588 471 4641 Vindicta
488 4584 865 4640 mansuetudine
882 4592 1174 4651 temperata.
1193 4613 1264 4624 —
1280 4582 1472 4636 Verum
1492 4578 1740 4649 quoniam

150 4682 288 4734 iram
328 4680 421 4731 Dei
454 4676 681 4730 vidimus
706 4674 1024 4743 dignamque
1050 4674 1326 4736 ultionem,
1353 4685 1450 4740 age
1474 4680 1528 4725 et
1554 4670 1744 4723 huma-

150 4773 377 4825 nitatem
418 4767 534 4836 ejus
560 4766 884 4833 multamque
908 4763 1210 4832 aequitatem
1240 4769 1739 4815 commonstremus.

148 4862 338 4931 Neque
366 4858 509 4913 enim
554 4871 615 4911 ea
658 4863 859 4909 tantum
888 4852 1110 4908 dicenda
1139 4860 1280 4915 sunt,
1325 4865 1445 4921 quae
1474 4850 1743 4919 pertinent

146 4953 213 5006 ad
269 4951 430 5015 iram,
476 4960 658 5002 verum
701 4946 861 5000 etiam
892 4959 1010 5015 qua:
1038 4943 1102 4997 ad
1132 4941 1594 4996 mansuetudinem
1621 4980 1635 5004 ,
1684 4946 1741 4993 ut

147 5058 330 5113 neque
360 5042 411 5095 in
443 5037 867 5108 desperationem
885 5034 1231 5104 eonjiciamus
1258 5032 1547 5095 auditores,
1568 5044 1740 5101 neque

148 5137 199 5191 in
231 5132 564 5191 Socordiam.
594 5129 684 5185 Sic
730 5128 872 5183 enim
919 5137 973 5181 et
1019 5126 1211 5181 Paulus
1257 5124 1379 5177 facit
1406 5138 1473 5176 ex
1516 5132 1741 5190 utraque

146 5237 466 5295 temperans
486 5218 899 5276 admonitionem
931 5253 948 5278 ,
980 5215 1119 5269 hunc
1149 5216 1201 5268 in
1230 5212 1445 5267 modum
1471 5213 1692 5279 loquens
1722 5227 1737 5263 :

155 5318 289 5373 Vide
316 5318 470 5387 igitur
496 5313 766 5367 bonitatem
787 5324 847 5361 ac
866 5308 1170 5361 severitatem
1196 5306 1286 5359 Dei
1309 5305 1482 5376 (Rom.
1519 5304 1600 5356 Il.
1619 5301 1735 5371 22);

148 5425 257 5481 quo
308 5406 467 5463 simul
497 5414 551 5461 et
581 5414 783 5459 terrore
824 5408 879 5455 et
922 5399 1058 5453 bona
1103 5414 1196 5468 spe
1241 5398 1437 5452 excitet
1482 5411 1601 5449 cum
1648 5396 1736 5464 qui

149 5503 336 5571 lapsus
366 5508 469 5553 est.
505 5495 695 5549 Vidisti
726 5490 1062 5547 severitatem
1106 5487 1235 5541 Dei?
1265 5487 1385 5541 vide
1432 5496 1485 5540 et
1530 5484 1738 5539 bonita-

150 5593 297 5649 tem?
324 5587 601 5660 Quomodo
627 5586 784 5656 igitur
804 5580 1100 5637 videbimus
1122 5579 1446 5634 bonitatem?
1471 5577 1524 5632 Si
1544 5591 1737 5645 cogno-

215 5768 234 5805 ί
274 5775 418 5828 Unus,
442 5770 573 5816 teste
597 5762 788 5823 Savilio,
811 5761 961 5812 habet
986 5797 999 5822 ,
1064 5756 1288 5822 fragilior
1316 5798 1329 5822 ,
1411 5768 1514 5817 pro,
1547 5752 1699 5802 rit'or.

1182 350 1245 406 IN
1284 346 1506 412 ILLUD,
1550 345 1687 401 VIDI
1729 343 2055 411 DOMINUM,
2098 346 2324 404 IIOMIL.
2368 346 2428 403 ν.

3303 366 3414 423 134

1842 464 2072 521 verimus
2100 484 2198 537 qua
2228 484 2285 523 re
2301 470 2492 538 dignus
2521 468 2675 525 fuerit
2703 468 2875 525 Ozias.
2900 471 3100 538 Quibus
3121 468 3287 540 igitur
3306 488 3420 531 erat

1841 556 2139 629 dignus?Ut
2168 562 2322 616 simul
2350 572 2508 635 atque
2536 564 2669 619 intra
2698 579 2907 623 sacrum
2936 572 3246 628 vestibulum
3276 584 3418 630 tanta

1842 663 1962 703 cum
1988 650 2311 721 impudentia
2339 652 2637 724 irrupisset,
2662 657 2805 712 mille
2830 657 3151 727 fulminibus,
3177 674 3420 723 extremo

1843 743 2101 812 supplicio
2126 746 2470 817 eruciatuque
2492 748 2810 805 afficeretur.
2839 752 2893 807 Si
2919 753 3058 808 enim
3088 754 3159 808 illi
3188 758 3274 825 qui
3304 757 3418 816 hinc

1843 833 2071 902 prinmm
2101 846 2225 890 sunt
2271 839 2424 902 ausi,
2466 839 2601 895 hanc
2630 842 2827 898 dedere
2873 860 3082 913 poenam
3110 890 3124 915 ,
3175 851 3419 907 videlicet

1846 925 2070 991 Dathan,
2090 928 2226 983 Core
2252 939 2305 984 et
2325 930 2524 985 Abiron
2554 930 2737 1002 (Nam.
2763 934 2875 1005 ib),
2900 938 3064 991 multo
3090 942 3257 1011 magis
3279 942 3420 999 hunc

1842 1017 1908 1071 ad
1931 1034 2051 1073 eum
2075 1021 2286 1076 modum
2317 1024 2486 1092 puniri
2512 1028 2766 1094 oportuit,
2786 1030 2872 1096 qui
2889 1045 2954 1084 ne
2977 1030 3185 1085 illorum
3206 1036 3417 1103 quidem

1840 1110 2226 1167 calamitatibus
2257 1113 2413 1169 fuerit
2438 1116 2742 1186 castigatus.
2789 1118 2982 1174 Verum
3028 1121 3130 1177 hoc
3159 1140 3261 1179 non
3296 1124 3421 1180 fecit

1844 1199 2110 1269 Deus,scd
2140 1204 2282 1272 prius
2309 1205 2383 1259 illi
2413 1220 2689 1262 sermones
2715 1208 2948 1264 admovit
2967 1226 3060 1279 per
3087 1214 3416 1270 sacerdotem

1844 1292 2008 1348 multa
2051 1295 2232 1363 plenos
2262 1295 2588 1353 humanitate
2626 1316 2639 1351 :
2673 1298 2916 1370 quodque
2944 1298 3183 1357 Christus
3224 1305 3417 1359 adhor-

1846 1394 1983 1441 tatus
2011 1397 2112 1453 est,
2162 1397 2219 1442 ut
2246 1388 2481 1444 lacerent
2508 1389 2749 1445 homines
2776 1392 2983 1461 quoties
3025 1395 3075 1448 in
3107 1409 3165 1449 se
3197 1396 3417 1451 invicem

1844 1480 2196 1546 peccaverint,
2229 1480 2327 1535 hoc
2358 1480 2497 1535 Deus
2527 1482 2647 1537 feci;
2674 1498 2795 1553 erga
2828 1482 3114 1538 hominem.
3144 1485 3272 1540 Nam
3306 1490 3374 1542 ait
3400 1503 3416 1542 ε

1843 1567 1969 1624 Cum
1995 1572 2266 1640 peccaverit
2294 1573 2343 1625 in
2366 1582 2411 1625 te
2438 1577 2595 1644 frater
2621 1583 2752 1638 tuus,
2779 1574 2878 1639 abi,
2904 1591 3057 1645 argue
3080 1593 3189 1631 eum
3229 1579 3357 1633 inter
3376 1591 3423 1633 te

1845 1672 1892 1717 et
1918 1664 2081 1733 ipsum
2112 1665 2273 1719 solutn
2304 1664 2513 1731 (Matth.
2557 1667 2641 1721 18.
2678 1665 2787 1738 15).
2835 1666 2924 1723 Sic
2968 1678 3021 1723 et
3063 1685 3239 1740 regem
3282 1671 3422 1727 hunc

1846 1754 2111 1826 redarguit
2139 1757 2298 1811 Deus.
2330 1757 2395 1812 Et
2433 1756 2677 1812 Christus
2704 1758 2915 1829 quidem
2949 1761 3073 1815 dicit
3104 1780 3117 1815 :
3152 1762 3214 1818 Si
3250 1774 3295 1817 te
3321 1781 3422 1818 non

1847 1846 2062 1899 audierit
2090 1887 2104 1913 ,
2138 1849 2198 1900 sit
2227 1849 2314 1901 tibi
2340 1850 2471 1902 velut
2501 1850 2724 1903 ethnicus
2750 1861 2794 1903 et
2824 1851 3120 1921 publicanus
3165 1852 3323 1925 (Ibid.
3371 1874 3419 1912 υ.

1852 1938 1877 1990 ί
1887 1938 1936 1991 6.
1972 1940 2059 2006 17)
2091 1956 2104 1990 :
2136 1947 2191 1993 at
2226 1939 2364 1993 Deus
2405 1940 2687 1996 clementia
2728 1942 2968 2011 proprias
3014 1947 3422 2015 supergrcdieus

1850 2029 2011 2099 leges,
2042 2045 2140 2085 nec
2164 2032 2240 2085 sic
2264 2030 2476 2101 quidem
2508 2032 2654 2087 illum
2686 2035 2947 2100 reseeuit,
2994 2052 3090 2091 nec
3114 2038 3293 2093 audire
3322 2055 3421 2093 no-

1851 2120 2043 2175 lentem
2074 2119 2538 2192 indignantemque
2565 2121 2761 2192 dejecit
2782 2164 2799 2189 ,
2846 2123 2939 2179 sed
2970 2126 3155 2182 iterum
3183 2129 3422 2199 aggredi-

1850 2221 1935 2266 tur
1983 2212 2309 2295 castigatque
2357 2212 2518 2269 modo
2555 2214 2941 2270 correctionem
2991 2216 3216 2273 habente
3248 2221 3423 2288 potius

1849 2317 2007 2372 quam
2038 2304 2314 2359 ultionem.
2343 2304 2528 2375 Neque
2554 2306 2695 2362 enim
2728 2305 2925 2364 fulmen
2950 2309 3175 2365 vihravit
3198 2328 3228 2367 e
3257 2313 3422 2369 subli-

1850 2394 1940 2455 mi,
1972 2410 2145 2464 neque
2168 2395 2372 2450 exussit
2398 2395 2677 2465 impudens
2705 2406 2886 2467 caput,
2913 2400 3006 2455 sed
3041 2409 3241 2456 tantum
3277 2404 3418 2473 lepra

1849 2486 2141 2554 castigavit.
2173 2488 2345 2557 Atque
2376 2502 2437 2542 ea
2455 2487 2668 2557 quidem
2695 2504 2811 2559 qum
2837 2489 2979 2547 02in:
2998 2494 3322 2564 acciderunt,
3346 2498 3423 2553 sic

1853 2574 2047 2630 habent
2080 2593 2094 2630 :
2126 2592 2224 2647 ego
2248 2592 2376 2633 vero
2398 2578 2443 2633 si
2475 2594 2633 2634 unum
2662 2579 2909 2650 quiddam
2936 2583 3108 2640 adhuc
3132 2587 3420 2655 addidero,

1849 2667 2059 2723 dicendi
2101 2671 2256 2724 linem
2306 2670 2516 2726 faciam.
2570 2671 2706 2740 Quid
2751 2685 2928 2730 autem
2960 2675 3059 2732 hoc
3104 2680 3222 2734 est?
3271 2683 3421 2748 Quod

1854 2766 2054 2835 pridem
2073 2768 2138 2823 ab
2164 2768 2314 2824 initio
2334 2770 2721 2841 quaerebamus,
2741 2788 2837 2829 cur
2852 2789 2970 2828 eum
2990 2776 3040 2829 in
3067 2775 3221 2831 rebus
3254 2785 3425 2831 ester-

1852 2860 1932 2912 nis
1966 2859 2124 2929 inque
2150 2860 2478 2930 prophetiis,
2516 2877 2705 2918 omnes
2733 2864 2939 2919 soleant
2966 2865 3244 2937 designare
3289 2876 3423 2921 tem-

1853 2965 1978 3020 pora
2010 2953 2131 3005 vitae
2155 2967 2361 3022 regum,
2388 2952 2476 3007 hic
2505 2967 2570 3008 eo
2597 2956 2953 3021 pra:tcrmisso
2972 2996 2988 3023 ,
3019 2964 3225 3026 tempus
3252 2968 3425 3013 sumat

1852 3061 1959 3114 quo
1989 3052 2229 3099 mortuus
2255 3045 2324 3099 sit
2350 3042 2525 3111 Ozias,
2551 3043 2617 3098 ad
2648 3043 2787 3098 hunc
2812 3045 3033 3115 loquens
3061 3047 3273 3103 modum
3310 3067 3323 3102 :
3361 3050 3425 3102 Et

1852 3140 2041 3205 factum
2067 3139 2138 3189 est
2163 3150 2317 3203 anno,
2344 3150 2441 3205 quo
2471 3142 2701 3189 mortuus
2724 3143 2794 3189 est
2813 3134 2962 3190 Ozias
2987 3152 3076 3191 rex
3101 3134 3252 3205 (Isai.
3273 3138 3324 3192 6.
3348 3140 3421 3208 l).

1854 3229 1917 3283 Et
1946 3238 2119 3285 tamen
2154 3237 2361 3299 poterat
2389 3229 2528 3299 regis
2566 3237 2675 3283 tum
2720 3231 2985 3300 regnantis
3015 3240 3223 3304 tempus
3247 3239 3421 3305 expri-

1853 3336 2021 3387 mere,
2054 3319 2496 3391 quemadmodum
2528 3320 2773 3375 omnihus
2803 3321 3074 3391 prephetis
3114 3339 3229 3379 mos
3259 3336 3373 3381 erat
3406 3346 3421 3381 :

1852 3428 2034 3467 verum
2065 3411 2115 3466 id
2145 3427 2250 3469 non
2285 3410 2427 3467 fecit.
2459 3410 2627 3479 Quam
2661 3412 2732 3467 ob
2766 3427 2978 3467 causam
3025 3414 3182 3484 igitur
3211 3432 3313 3471 non
3349 3418 3425 3469 fe-

1852 3507 1921 3559 cit
1944 3505 1967 3557 ?
1992 3504 2103 3559 Mos
2126 3513 2242 3561 erat
2267 3513 2418 3559 vetus
2448 3506 2716 3573 leprosum
2744 3519 2775 3560 e
2806 3505 3018 3561 civitate
3044 3507 3335 3577 expellere,
3370 3518 3425 3559 ut

1853 3606 1905 3650 ct
1946 3596 1999 3649 hi
2030 3596 2119 3666 qui
2169 3597 2220 3649 in
2260 3595 2477 3651 civitate
2520 3597 2769 3651 vivebant
2810 3597 3000 3652 melius
3041 3597 3324 3666 haberent,
3372 3612 3426 3656 et

1854 3689 1965 3757 ipse
1992 3688 2235 3757 lcprosus
2283 3703 2388 3743 non
2418 3699 2559 3744 esset
2587 3689 2649 3743 iis
2678 3688 2766 3759 qtti
2813 3689 3183 3745 contumeliam
3230 3690 3426 3748 inferre

1853 3782 2047 3837 vellent
2074 3791 2423 3837 scommatum
2444 3796 2506 3837 ac
2526 3780 2807 3838 derisionis
2832 3783 3057 3847 occasio,
3077 3784 3167 3838 sed
3194 3792 3252 3837 ut
3274 3795 3423 3839 extra

1854 3874 2119 3928 civitatem
2151 3887 2510 3939 commorans,
2551 3872 2890 3927 solitudinem
2920 3872 3017 3926 veli
3048 3872 3165 3926 loco
3207 3872 3428 3927 haberet

1854 3963 2124 4018 obtentam
2153 3963 2413 4017 adversus
2434 3962 2679 4031 injuriam
2702 3963 3035 4017 calamitatis.
3057 3962 3167 4017 Hoc
3179 3973 3229 4018 ct
3249 3979 3423 4033 regem

1855 4055 1996 4109 hunc
2024 4053 2229 4123 perpeti
2253 4054 2490 4124 oportuit
2525 4062 2644 4123 post
2669 4053 2906 4123 lcpram;
2938 4053 3033 4109 sed
3064 4069 3167 4108 non
3210 4071 3421 4125 perpes-

1853 4161 1943 4200 sus
1971 4154 2071 4213 est,
2099 4145 2163 4200 iis
2191 4145 2282 4216 qui
2310 4145 2363 4201 in
2388 4145 2601 4200 civitate
2630 4155 2780 4199 erant
2809 4145 2951 4198 illum
2981 4145 3049 4200 ob
3073 4147 3425 4217 principatum

1852 4235 2249 4301 reverentibus,
2293 4250 2476 4291 verum
2507 4236 2754 4290 manebat
2797 4234 2941 4290 domi
2965 4251 3076 4292 sua:
3106 4237 3423 4293 clanculum.

1854 4328 1963 4382 Ilee
1993 4329 2057 4382 ad
2088 4326 2413 4382 iracundiam
2455 4327 2761 4396 provocavit
2806 4327 2991 4391 Deum,
3044 4324 3148 4380 hoc
3192 4329 3426 4396 prophe-

1854 4421 1977 4475 tiam
2020 4420 2247 4475 inhibuit
2285 4437 2299 4473 :
2342 4419 2590 4489 quodque
2634 4428 2871 4487 tempore
2916 4418 3028 4472 lleli
3069 4418 3262 4473 factum
3305 4428 3382 4473 est
3408 4460 3422 4483 ,

1861 4511 2076 4565 Verbum
2108 4511 2379 4581 pretiosum
2408 4519 2514 4562 erat
2538 4548 2552 4574 ,
2603 4524 2691 4561 nec
2716 4516 2819 4561 erat
2847 4508 2969 4561 uisio
2997 4508 3306 4579 distinguens
3348 4508 3422 4578 (ι.

1858 4602 1981 4673 Reg.
2010 4604 2166 4672 5.1).
2214 4601 2292 4654 Tu
2316 4615 2443 4654 vero
2474 4599 2600 4653 mihi
2642 4598 2730 4653 hic
2780 4613 2989 4669 quoque
3028 4598 3303 4655 considera
3334 4600 3423 4657 Dei

1853 4694 2257 4749 humanitatem.
2308 4692 2421 4747 Non
2461 4692 2601 4746 enim
2631 4691 2889 4747 subvertit
2915 4692 3219 4759 civitatem,
3252 4708 3425 4764 neque

1852 4786 2083 4856 perdidit
2123 4783 2508 4847 inhabitantes;
2550 4781 2641 4836 sed
2684 4780 2822 4852 quod
2851 4781 3006 4835 amici
3055 4781 3254 4836 faciunt
3298 4799 3421 4853 erga

1850 4879 2082 4949 aequales
2114 4876 2331 4941 amicos,
2368 4873 2574 4944 quoties
2606 4872 2802 4927 habent
2828 4872 3023 4943 aliquid
3052 4873 3190 4941 quod
3234 4874 3425 4927 merito

1851 4970 2204 5041 expostulent,
2237 4966 2407 5021 obiter
2430 4966 2640 5021 silentio
2666 4964 2843 5020 ferunt
2866 4972 3232 5033 exspectantes
3260 4979 3274 5016 :
3324 4964 3424 5017 itm:

1852 5072 1906 5116 et
1938 5063 2072 5114 Deus
2101 5075 2224 5130 erga
2252 5068 2461 5127 gentem
2491 5056 2613 5111 facit
2644 5055 2844 5124 majore
2876 5069 3028 5123 pinna
3045 5054 3422 5124 supplicioque

1850 5154 2085 5223 dignam.
2117 5150 2249 5205 Nam
2281 5164 2381 5220 ego
2408 5148 2640 5219 quidem,
2671 5145 2860 5215 inquit,
2893 5144 3024 5215 ejeci
3053 5144 3198 5199 illum
3229 5160 3260 5200 e
3283 5154 3420 5197 tem-

1849 5248 1956 5316 plo,
1991 5259 2084 5298 vos
2111 5255 2288 5299 autem
2318 5257 2384 5297 ne
2411 5256 2441 5295 c
2466 5239 2678 5294 civitate
2702 5237 2916 5308 quidem
2952 5254 2966 5291 :
2994 5251 3093 5308 ego
3119 5236 3267 5292 illum
3306 5240 3421 5289 vin-

1848 5348 1990 5392 ctum
2021 5337 2186 5405 lepra,
2237 5336 2307 5389 ita
2336 5334 2594 5404 privatum
2620 5329 2847 5397 reddidi,
2895 5342 2987 5383 vos
3015 5338 3191 5384 autem
3236 5347 3301 5383 ιω
3346 5333 3421 5383 sic

1849 5431 2062 5499 quidem
2089 5429 2373 5483 validiores
2404 5425 2645 5480 evasistis
2666 5464 2681 5489 ,
2711 5421 2804 5477 sed
2849 5436 2879 5475 a
2906 5436 2991 5477 me
3010 5420 3416 5477 condemnatum

1852 5542 1957 5579 non
1987 5522 2311 5578 sustinuistis
2355 5533 2387 5575 e
2414 5518 2626 5573 civitate
2673 5513 2991 5586 propellere.
3037 5514 3267 5569 Tametsi
3297 5514 3417 5581 quis

1847 5634 1940 5673 rex
1986 5618 2179 5671 factum
2213 5613 2315 5669 hoc
2348 5610 2607 5681 patienter
2638 5607 2887 5673 tulisset,
2938 5621 3108 5677 neque
3153 5604 3417 5658 civitatem

1850 5712 2085 5770 funditus
2110 5708 2364 5765 ευϋνοιιε.
2381 5711 2477 5773 set,
2503 5690 2640 5758 cum'
2658 5699 2863 5756 videret
2892 5714 3010 5755 eum
3033 5744 3044 5766 ,
3080 5697 3164 5767 qui
3196 5696 3244 5750 i:t
3272 5696 3415 5749 ossi.
