4148 6306
695 324 806 381 135

702 418 828 471 linat
870 415 947 470 ire
966 414 1146 483 jussus
1175 419 1346 472 esset,
1380 408 1431 462 ln
1464 408 1676 464 civitate
1705 404 2062 462 commorari?
2091 404 2287 457 Verum

701 513 845 567 Deus
870 510 971 563 hoc
1000 524 1101 563 non
1133 506 1295 570 fecit;
1331 503 1470 558 Deus
1498 503 1639 556 enim
1662 508 1798 561 erat,
1833 514 1940 553 non
1972 497 2151 550 homo.
2183 494 2280 549 Ubi

701 616 830 657 vero
858 600 1007 657 finita
1031 608 1112 654 est
1133 600 1287 667 hujus
1306 597 1432 662 vita,
1457 595 1613 649 simul
1641 602 1695 648 et
1722 592 1855 646 iram
1880 590 2134 649 adversus
2162 588 2281 642 illos

700 691 988 763 deposuit,
1018 687 1419 760 prophetizeque
1464 685 1607 740 fores
1651 685 1878 752 aperuit,
1913 696 1974 734 ac
2000 694 2185 735 rursus
2212 680 2278 733 ad

699 798 796 841 eos
833 782 1012 837 rediit.
1039 780 1119 835 Tu
1150 794 1279 834 vero
1309 794 1373 832 ex
1412 773 1861 830 reconciliationis
1904 772 2060 826 modo
2106 770 2280 824 consi-

700 873 832 929 dera
857 873 950 927 Dei
982 870 1379 940 indulgentiam.
1412 867 1543 921 Nam
1574 865 1619 919 si
1644 865 1762 935 quis
1789 861 2102 931 expenderit
2118 862 2278 927 justi-

708 965 791 1023 tite
816 963 1088 1018 arationem
1113 962 1154 1027 ἕ,
1188 974 1254 1014 ne
1298 968 1410 1013 tum
1456 946 1669 1027 quidem
1703 953 2038 1009 reconciliari
2076 951 2277 1006 debuit.

701 1055 869 1125 Quam
890 1053 959 1109 ob
981 1066 1193 1106 causam
1214 1049 1385 1117 iQuia
1416 1063 1521 1103 non
1551 1046 1760 1101 illorum
1785 1058 1947 1113 opera
1974 1042 2175 1111 ejectus
2200 1050 2286 1095 est

700 1146 877 1201 Ozias.
906 1143 1089 1214 Neque
1113 1142 1253 1197 enim
1286 1142 1357 1196 illi
1377 1147 1646 1211 arreptum
1674 1137 1987 1205 abegeraut,
2021 1133 2115 1187 sed
2137 1147 2282 1187 mors

702 1246 904 1291 natura:
934 1236 1050 1305 lege
1076 1233 1462 1302 superveniens
1488 1244 1609 1284 eum
1643 1236 1771 1282 tunc
1807 1241 1838 1281 e
1862 1226 2076 1280 civitate
2102 1222 2277 1292 eiecit.

702 1328 896 1382 Verum
921 1340 1045 1395 erga
1074 1340 1171 1378 nos
1205 1323 1343 1377 Deus
1374 1335 1478 1374 non
1525 1319 1860 1371 minimarum
1905 1329 2083 1369 rerum
2113 1326 2282 1381 usque

699 1419 834 1473 adeo
862 1417 1120 1472 rationem
1148 1413 1330 1477 habet,
1349 1411 1441 1467 sed
1466 1419 1668 1464 tantum
1698 1407 1801 1462 hoc
1826 1406 2035 1476 qumrit,
2064 1403 2279 1458 modum

701 1524 824 1565 sese
871 1508 1143 1563 nobiscum
1187 1501 1587 1560 reconciliandi.
1617 1497 1845 1553 Proinde
1873 1512 2033 1565 super
2064 1496 2148 1549 his
2175 1509 2284 1548 om-

701 1600 857 1654 nibus
882 1599 1078 1670 gratias
1098 1609 1316 1667 agamus
1345 1593 1443 1655 illi,
1475 1591 1831 1661 glorilieemus
1862 1588 2002 1641 illius
2034 1583 2277 1640 ineti‘abi-

691 1692 805 1746 lem
845 1689 1220 1758 benignitatem
1266 1704 1279 1739 :
1322 1699 1422 1754 qua
1470 1698 1565 1735 nos
1618 1695 1805 1735 omnes
1859 1678 2048 1748 dignos
2098 1674 2280 1731 haberi

700 1782 993 1851 contingat,
1025 1776 1193 1848 gratia
1221 1785 1277 1831 et
1316 1770 1681 1829 misericordia
1716 1770 1971 1837 unigeniti
2016 1768 2131 1822 Filii
2166 1768 2281 1835 ejus

703 1872 910 1927 Domini
939 1871 1111 1925 nostri
1148 1869 1270 1923 Jesu
1294 1867 1513 1929 Christi,
1545 1864 1758 1933 quicum
1786 1861 1928 1917 Patri
1956 1860 2144 1929 gloria,
2178 1858 2279 1912 ho-

708 1980 808 2020 nor
822 1973 876 2020 et
902 1964 1183 2033 imperium
1208 2002 1223 2028 ,
1247 1960 1403 2014 simul
1433 1972 1552 2011 cum
1578 1955 1777 2026 Spiritu
1804 1962 1992 2007 sancto
2010 1992 2028 2018 ,
2064 1965 2204 2006 nunc
2228 1959 2284 2005 et

699 2070 931 2125 semper,
961 2063 1014 2109 et
1044 2054 1096 2107 in
1126 2050 1319 2107 saecula
1350 2047 1691 2102 saaculorum.
1722 2045 1915 2099 Amen.

1038 2182 1315 2241 [IOMILIA
1354 2181 1419 2238 IN
1458 2177 1819 2236 SERAPHIM.
1853 2177 1937 2231 Vl.

774 2327 826 2380 l.
858 2325 952 2379 Vix
995 2320 1208 2377 tandem
1251 2317 1396 2372 Ozias
1442 2316 1660 2386 pelagus
1704 2314 1906 2369 emensi
1950 2311 2282 2369 sumuszvix

700 2429 877 2471 autem
905 2428 1086 2469 sumus
1111 2412 1313 2466 emensi
1334 2450 1350 2469 .
1377 2423 1484 2462 non
1519 2415 1737 2476 prepter
1764 2406 1969 2459 itineris
1994 2404 2283 2473 longitudi-

702 2525 823 2564 nem
846 2549 860 2569 ,
889 2503 980 2561 sed
1021 2514 1237 2574 propter
1262 2510 1494 2557 vestram
1517 2541 1532 2566 ,
1565 2500 1651 2568 qui
1685 2498 1957 2551 nobiscum
1990 2497 2282 2566 navigatis,

701 2594 939 2657 dirccudi
978 2594 1339 2665 cupiditatem.
1372 2593 1446 2646 lta
1490 2591 1812 2661 gubernator
1836 2589 1995 2642 etiam
2044 2598 2284 2642 vectores

703 2700 889 2745 nactus
904 2687 1142 2741 curiosos
1162 2694 1216 2739 et
1236 2682 1632 2753 magnificarum
1658 2694 1843 2734 rerum
1864 2678 2066 2741 avidos,
2090 2679 2286 2746 quique

706 2780 1010 2852 peregrinas
1034 2776 1213 2830 videre
1238 2773 1469 2845 gestiunt
1496 2771 1760 2835 civitates,
1779 2785 1883 2823 non
1907 2783 2015 2822 uno
2038 2767 2125 2822 die
2146 2767 2285 2821 viam

703 2872 936 2934 conficit,
966 2868 1091 2922 licet
1116 2867 1273 2919 unius
1291 2864 1396 2918 dici
1427 2861 1588 2917 fuerit
1617 2861 1973 2926 intervallum,
2008 2860 2102 2914 sed
2132 2859 2287 2927 longe

704 2963 822 3032 plus
852 2958 1105 3027 temporis
1131 2964 1305 3010 terere
1326 2954 1560 3024 cogitur,
1583 2952 1712 3006 dum
1737 2950 1803 3005 ad
1836 2952 2071 3021 singulos
2105 2959 2286 3019 portus

704 3052 884 3107 navim
909 3048 1147 3119 appellit,
1176 3055 1230 3101 et
1258 3045 1490 3115 singulas
1516 3042 1721 3114 ingredi
1750 3043 1909 3097 urbes
1934 3042 2091 3105 sinit,
2115 3051 2173 3095 ut
2191 3055 2285 3095 co—

705 3162 819 3199 rum
841 3141 929 3213 qui
948 3156 1129 3197 secum
1160 3138 1405 3209 navigant
1426 3136 1698 3207 cupiditati
1719 3135 1990 3208 quidpiam
2009 3134 2283 3205 largiatur.

707 3236 818 3288 llnc
837 3250 864 3285 a
893 3230 1045 3286 nobis
1070 3244 1280 3301 quoque
1309 3229 1501 3283 factum
1531 3236 1612 3283 est
1632 3268 1646 3291 ,
1678 3226 1804 3282 dum
1838 3243 1942 3280 non
1971 3226 2172 3281 circum
2203 3227 2285 3280 in-

705 3327 849 3381 sulas
904 3322 1209 3392 navigamus
1232 3361 1248 3384 ,
1297 3334 1396 3373 nec
1447 3318 1682 3388 emporia
1706 3360 1723 3386 ,
1761 3326 1945 3387 portus
1973 3358 1990 3383 ,
2022 3317 2286 3387 urbesque

706 3424 1061 3471 ittnnstramus
1080 3452 1097 3476 ,
1130 3411 1219 3466 sed
1252 3406 1485 3465 virorum
1509 3448 1526 3474 ,
1555 3409 1643 3479 qui
1671 3409 1923 3479 praeclare
1949 3423 2008 3462 se
2032 3422 2247 3477 gessere
2269 3448 2291 3483 ι

704 3510 951 3564 virtutem
977 3548 990 3570 ,
1022 3515 1075 3560 et
1122 3518 1307 3559 eorum
1330 3543 1346 3570 ,
1377 3502 1465 3573 qui
1503 3501 1640 3570 lapsi
1681 3508 1806 3556 sunt
1830 3539 1846 3563 ,
1874 3498 2247 3569 negligentiam
2268 3539 2285 3566 ,

705 3600 842 3671 regis
888 3598 1264 3667 impudentiam
1287 3637 1302 3659 ,
1335 3594 1628 3649 sacerdotis
1675 3592 1727 3647 in
1774 3592 2040 3663 loquendo
2070 3591 2286 3645 liberta-

698 3703 806 3747 tem
833 3730 848 3754 ,
881 3690 1010 3742 iram
1042 3688 1132 3742 Dei
1162 3702 1222 3740 ac
1260 3685 1637 3754 benignitatem
1663 3723 1678 3748 ,
1709 3698 1935 3752 quarum
1973 3690 2197 3752 utraque
2221 3682 2289 3735 ad

704 3779 1129 3841 emendationem
1175 3777 1443 3831 tendebat.
1483 3776 1599 3830 Jam
1651 3788 1776 3827 vero
1818 3787 1940 3826 cum
1985 3772 2051 3825 ad
2091 3773 2287 3841 regiam

698 3868 967 3923 civitatem
1004 3868 1403 3939 pervencrimus
1426 3907 1442 3931 ,
1468 3881 1537 3920 ne
1562 3875 1877 3920 cunctemur
1906 3863 2133 3932 amplius
2151 3904 2166 3927 ,
2195 3863 2288 3918 sed

705 3976 800 4015 nos
832 3961 974 4026 ipsos
995 3966 1258 4028 tamquam
1290 3958 1340 4011 in
1365 3958 1551 4011 urbem
1575 3954 1863 4025 ingressuri
1885 3967 2289 4024 componamus,

701 4058 761 4101 ut
789 4048 867 4101 sic
892 4048 957 4101 ad
987 4050 1255 4102 caelestem
1289 4046 1625 4113 metropolim
1653 4045 2004 4101 ascendamus
2029 4085 2042 4106 ,
2069 4041 2289 4099 Jerusa-

708 4138 807 4192 lem
829 4180 842 4201 ,
874 4138 1109 4191 omnium
1155 4147 1393 4190 nostrum
1422 4146 1645 4189 matrem
1678 4177 1693 4202 ,
1726 4152 1844 4205 qua:
1876 4135 2041 4191 libera
2088 4146 2202 4197 est,
2236 4137 2290 4192 in

704 4248 805 4299 qua
833 4230 1111 4299 Semphim
1130 4272 1145 4293 ,
1173 4230 1224 4283 in
1252 4245 1353 4298 qua
1379 4228 1699 4287 Cheruhim,
1730 4228 1782 4280 in
1810 4244 1910 4297 qua
1937 4227 2097 4281 multa
2128 4229 2289 4283 millia

700 4323 1137 4391 arcltangelurum
1165 4363 1178 4384 ,
1207 4330 1261 4375 et
1288 4321 1563 4374 innumera
1596 4319 1903 4388 angelorum
1936 4360 1951 4384 ,
1982 4320 2069 4373 ubi
2100 4321 2289 4374 solium

702 4424 785 4469 est
817 4416 1040 4483 regium.
1071 4411 1239 4466 Nemo
1266 4411 1422 4481 igitur
1456 4409 1707 4480 profanus
1732 4411 1890 4473 adsit,
1922 4427 2079 4465 nemo
2107 4413 2285 4481 piacu-

706 4506 833 4560 laris
858 4525 870 4559 :
895 4505 1115 4576 mystice
1149 4505 1343 4573 quippe
1372 4503 1525 4557 nobis
1548 4503 1898 4570 suscipicudm
1939 4515 2060 4557 sunt
2104 4519 2289 4557 narra-

707 4597 875 4650 tiones
900 4615 913 4649 :
938 4596 1236 4649 immundus
1266 4610 1442 4659 uctnn,
1466 4602 1518 4646 ct
1548 4593 1645 4647 hoc
1666 4593 1962 4647 auditorum
1989 4604 2129 4647 cmtu
2156 4593 2295 4647 adsit

709 4688 988 4756 indignus:
1019 4691 1123 4739 imo
1152 4702 1279 4740 vero
1307 4684 1561 4755 profanus
1592 4693 1644 4740 et
1692 4686 1974 4753 piacularis
2012 4687 2148 4737 adsit
2178 4686 2293 4753 qui-

706 4780 786 4832 vis
807 4822 819 4838 ,
842 4779 933 4831 sed
960 4779 1103 4832 omni
1132 4776 1261 4831 foris
1302 4778 1605 4845 impuritate
1634 4787 1791 4847 atque
1835 4777 2170 4846 improbitate
2198 4777 2291 4831 de-

705 4869 875 4937 posita
904 4869 980 4922 sic
1011 4868 1351 4935 ingrediatur.
1375 4866 1527 4920 illum
1552 4868 1714 4929 enim,
1744 4868 1831 4936 qui
1857 4878 2033 4920 vestes
2065 4867 2293 4921 habebat

705 4959 983 5023 sordidas,
1012 4957 1194 5025 Sponsi
1238 4965 1389 5027 pater
1432 4973 1462 5010 e
1518 4958 1697 5026 sponsi
1743 4958 1980 5011 conclavi
2034 4973 2292 5027 sacroque

706 5050 935 5104 thalamo
979 5051 1209 5119 expulit.
1242 5065 1346 5104 non
1378 5049 1516 5120 quod
1556 5049 1797 5104 sordidas
1839 5061 2013 5105 vestes
2052 5052 2288 5112 haberet,

704 5144 796 5197 sed
828 5143 967 5212 quod
997 5159 1084 5197 eas
1114 5144 1311 5198 habens
1338 5151 1480 5199 esset
1513 5145 1801 5212 ingressus.
1830 5143 2011 5212 Neque
2047 5145 2187 5195 enim
2218 5144 2288 5197 illi

706 5234 853 5297 dixit,
874 5238 980 5289 Cur
1011 5247 1209 5290 vestem
1239 5238 1522 5304 nuptialem
1554 5253 1655 5290 non
1686 5236 1888 5291 habes?
1914 5238 2027 5301 sed,
2062 5235 2162 5291 Cur
2192 5253 2291 5289 non

708 5328 891 5379 habens
920 5338 1098 5381 vestem
1140 5328 1412 5395 nuptialem
1444 5328 1539 5379 huc
1576 5328 1773 5381 intrasti
1804 5328 2014 5394 (Matth.
2038 5328 2125 5380 ‘29..
2164 5329 2291 5397 1‘2)?

705 5416 916 5483 Stabas,
949 5419 1133 5488 inquit,
1169 5420 1476 5473 mendicms
1506 5419 1554 5471 in
1591 5419 1757 5471 triviis
1778 5460 1791 5480 ,
1823 5436 1993 5489 neque
2023 5430 2123 5472 tute
2158 5436 2281 5487 [tall-

769 5572 785 5601 ι
821 5573 953 5633 tegit
975 5578 1223 5621 Erasmus:
1251 5581 1367 5621 Nam
1387 5571 1429 5622 si
1459 5582 1581 5622 neas
1597 5572 1900 5631 expendisse!
1914 5573 2120 5632 justi‘ia:
2142 5576 2287 5625 ratio-

704 5643 826 5700 nym,
854 5650 913 5690 qn
934 5650 958 5673 ν
984 5634 1127 5680 itu-uo
1152 5637 1384 5694 quadrare
1414 5650 1505 5685 non
1534 5636 1739 5695 tidetur,
1766 5649 1857 5685 nec
1882 5637 1927 5685 in
1954 5639 2179 5700 «inopiam
2198 5637 2286 5687 Co-

721 5693 859 5740 licutu
904 5706 1151 5743 murorum
1173 5693 1436 5756 νςυίιξεθιθυι.

1396 294 1455 351 8.
1495 290 1773 350 JOANNlS
1809 288 2277 348 CHRYSOSTOMI
2314 287 2629 346 ARCHIEP.
2668 288 3200 348 CONSTANTINOP.

3904 310 4024 366 136

2394 404 2614 471 penatis
2640 418 2725 459 me
2755 404 2978 472 puduit,
3007 404 3350 475 ignominiam
3384 413 3529 461 tuam
3554 420 3662 462 non
3691 406 3965 462 exhorrui
3992 449 4007 472 ,

2393 495 2486 549 sed
2517 495 2585 548 ab
2610 495 2695 547 illa
2738 496 2881 548 omni
2907 495 3107 549 vilitate
3136 496 3418 550 liberatum
3461 496 3514 550 in
3542 512 3757 552 sacrum
3790 507 3845 551 te
3875 497 4003 551 tha-

2392 587 2589 640 lamum
2617 586 2905 651 introduxi,
2939 588 3080 656 regia
3110 601 3262 643 coena
3289 602 3406 642 sum
3432 588 3706 657 dignatus,
3732 598 3790 643 et
3817 598 4008 642 extre-

2394 692 2483 732 mo
2510 678 2769 747 supplicio
2807 678 3021 747 dignum
3057 680 3123 732 ad
3165 694 3469 747 supremam
3499 682 3719 750 provexi
3755 680 4002 751 dignita-

2395 776 2500 821 tem
2528 784 2540 820 :
2565 775 2619 819 at
2645 776 2699 820 tu
2727 782 2794 821 ne
2814 766 3086 822 beneficiis
3111 767 3329 837 quidem
3360 768 3530 824 factus
3553 784 3615 825 es
3638 770 3838 825 melior
3856 809 3878 836 ,
3906 769 4005 822 sed

2394 859 2623 913 insolita
2652 860 2998 928 perversitate
3023 860 3286 926 mansisti,
3308 870 3363 915 et
3386 875 3505 915 cum
3538 862 3591 916 in
3613 863 3855 931 nuptias,
3887 869 4007 915 tum

2391 950 2444 1005 in
2464 965 2718 1020 sponsum
2749 952 2914 1019 ipsum
2939 953 3359 1007 contumeliosus
3380 952 3546 1008 fuisti.
3572 953 3671 1009 Abi
3692 968 3826 1023 ergo
3851 952 4009 1006 dein-

2389 1057 2536 1112 ceps,
2568 1050 2624 1098 et
2647 1042 2851 1097 debitas
2874 1052 3018 1101 tanto
3043 1044 3245 1112 stupori
3275 1058 3462 1113 poenas
3489 1044 3635 1100 dato.
3664 1043 3866 1099 Videat
3894 1046 4004 1114 igi-

2390 1143 2477 1189 tur
2512 1135 2873 1205 unusquisque
2905 1146 3143 1189 nostrum
3168 1175 3183 1199 ,
3210 1151 3277 1189 ne
3304 1134 3441 1190 forte
3470 1136 3629 1193 talem
3659 1151 3856 1191 vocem
3905 1152 4006 1189 au-

2389 1226 2500 1279 diat
2526 1265 2542 1291 ,
2572 1234 2628 1280 et
2653 1226 2798 1279 omni
2840 1225 3045 1295 abjecta
3083 1226 3406 1297 cogitatione
3477 1243 3599 1297 qua:
3621 1227 3899 1297 spirituali
3934 1227 4010 1281 sit

2389 1316 2603 1385 indigna
2629 1315 2870 1370 doctrina
2894 1356 2909 1381 ,
2939 1317 3009 1370 ita
3035 1331 3201 1371 sacra:
3243 1331 3445 1374 mensa:
3472 1320 3741 1389 particeps
3779 1319 3898 1373 fiat.
3935 1318 4007 1372 Et

2390 1412 2581 1477 factum
2609 1418 2698 1471 est,
2729 1409 2917 1478 inquit,
2942 1410 2996 1462 in
3023 1425 3179 1475 anno,
3206 1425 3306 1477 quo
3335 1421 3564 1465 mortuus
3587 1422 3663 1465 est
3691 1412 3855 1466 Ozias
3881 1428 4002 1478 rex,

2387 1500 2490 1553 vidi
2509 1498 2782 1553 Dominum
2803 1500 3052 1553 sedentem
3077 1501 3130 1553 in
3157 1503 3285 1555 solio
3313 1503 3510 1557 excelso
3538 1511 3586 1556 et
3608 1504 3806 1557 elevato
3832 1504 4003 1573 (Isai.

2387 1591 2440 1646 6.
2476 1592 2549 1663 l).
2583 1591 2861 1659 Quomodo
2886 1591 3093 1657 viderit,
3120 1593 3341 1647 minime
3363 1595 3505 1648 novi.
3528 1593 3599 1649 Se
3619 1595 3771 1649 enim
3793 1595 4005 1650 vidisse

2388 1682 2555 1749 dixit,
2582 1681 2850 1751 quomodo
2888 1691 3064 1736 autem
3111 1683 3344 1749 viderit,
3386 1685 3588 1738 tacuit:
3616 1684 3837 1752 excipio
3875 1700 4003 1754 quae

2388 1774 2530 1828 dicta
2557 1781 2680 1827 sunt
2701 1814 2715 1837 ,
2744 1788 2864 1842 qua:
2887 1772 3100 1827 silentio
3126 1788 3415 1843 suppressa
3439 1782 3563 1829 sunt
3587 1815 3602 1841 ,
3635 1776 3861 1830 curiose
3890 1790 4005 1830 non

2392 1865 2601 1933 inquiro
2629 1878 2782 1933 :quae
2828 1864 3058 1918 revelata
3092 1871 3254 1931 sunt,
3288 1865 3526 1935 intelligo
3548 1900 3566 1929 ,
3587 1881 3710 1935 qua:
3735 1875 3872 1920 sunt
3903 1881 4001 1926 oc-

2387 1958 2606 2021 cultata,
2638 1972 2743 2011 non
2774 1966 2984 2011 scrutor
3009 1975 3023 2011 :
3051 1956 3251 2012 idcirco
3282 1972 3512 2027 namque
3540 1965 3669 2011 sunt
3695 1958 4001 2013 occultata.

2388 2049 2583 2118 Peplus
2607 2057 2689 2103 est
2714 2063 2905 2103 aureus
2927 2048 3191 2117 expositio
3210 2047 3521 2118 Scriptum,
3537 2058 3752 2103 stamen
3778 2060 3868 2103 est
3897 2064 4003 2102 an-

2387 2157 2525 2207 rum,
2545 2143 2857 2211 subtegmen
2878 2156 3086 2196 aurum.
3116 2143 3446 2196 Aranearum
3468 2142 3599 2196 telas
3631 2156 3742 2195 non
3775 2152 4000 2196 attexo:

2387 2236 2510 2289 novi
2537 2235 2914 2304 cogitationum
2937 2250 3172 2290 mearum
3202 2234 3645 2291 imbecillitatem.
3672 2235 3807 2288 Noli
3829 2246 4005 2290 trans-

2388 2329 2518 2396 ferre
2545 2328 2781 2381 terminos
2807 2328 3038 2392 antiquos
3060 2364 3078 2391 ,
3107 2326 3317 2394 inquit,
3345 2341 3469 2394 quos
3493 2334 3777 2395 posuerunt
3826 2336 4005 2396 patres

2389 2419 2461 2471 tui
2481 2417 2661 2486 (Prov.
2684 2418 2775 2471 ἓξ.
2806 2416 2919 2485 28).
2944 2416 3226 2471 Tcrminos
3259 2430 3479 2471 movere
3509 2424 3683 2471 tutum
3728 2433 3841 2471 non
3870 2428 3960 2471 est
3986 2435 4001 2471 :

2386 2517 2442 2563 et
2470 2523 2576 2577 quo
2619 2517 2774 2577 pacto
2797 2546 2811 2571 .
2843 2522 2961 2575 qum.
3008 2508 3146 2561 Deus
3183 2506 3397 2575 posuit,
3430 2506 3829 2561 transferemus
3849 2509 3875 2561 ?
3907 2508 4005 2562 \‘is

2387 2599 2615 2662 discere,
2640 2597 2906 2667 quomodo
2935 2597 3124 2651 viderit
3153 2596 3318 2651 Deum
3342 2596 3363 2649 ?
3389 2596 3514 2652 Fias
3543 2606 3598 2651 tu
3625 2613 3849 2668 quoque
3876 2614 4007 2667 pro-

2392 2690 2569 2758 pheta.
2598 2690 2696 2755 Qui
2718 2689 2829 2742 fieri
2859 2698 3027 2757 potest
3054 2688 3157 2742 hoc
3179 2729 3194 2753 ,
3222 2688 3452 2758 inquies,
3479 2703 3603 2744 eum
3629 2704 3869 2745 uxorem
3900 2691 4003 2743 ha-

2394 2778 2544 2833 beam
2569 2820 2584 2841 ,
2615 2794 2735 2832 cum
2776 2778 2905 2834 mihi
2930 2795 3073 2834 cura:
3099 2782 3167 2834 sit
3195 2780 3443 2834 educatio
3476 2780 3775 2835 liberorum
3801 2782 3824 2834 2
3856 2781 4006 2835 Fieri

2391 2870 2605 2942 quidem
2635 2880 2836 2939 potest,
2868 2872 2911 2923 si
2943 2871 3106 2935 velis,
3130 2871 3429 2926 carissime.
3458 2870 3591 2927 Nam
3624 2882 3681 2927 et
3710 2874 3828 2940 ipse
3862 2890 4002 2927 nvo-

2391 2977 2506 3015 rem
2535 2960 2734 3025 habuit,
2763 2970 2819 3017 et
2846 2962 3072 3015 duorum
3099 2969 3249 3031 pater
3275 2962 3479 3017 exstitit
3508 2963 3833 3029 liberorum,
3867 2965 4005 3019 nihil

2392 3062 2565 3106 tamen
2596 3051 2784 3105 horum
2812 3052 3186 3121 impedimento
3214 3052 3293 3107 illi
3319 3052 3434 3108 fuit.
3456 3053 3642 3123 Neque
3666 3056 3817 3109 enim
3844 3057 4010 3112 nobis

2390 3146 2821 3216 impedimentum
2869 3155 2953 3201 est
2992 3145 3197 3202 itineris
3218 3146 3285 3201 ad
3322 3161 3542 3216 regnum
3572 3148 3836 3203 caelorum
3870 3165 4009 3203 con-

2385 3239 2588 3309 jugium
2615 3255 2627 3290 :
2651 3239 2900 3308 quoniam
2939 3239 2985 3293 si
3019 3238 3459 3307 impedimentum
3488 3249 3657 3304 esset,
3687 3249 3747 3294 et
3775 3240 4008 3293 insidias

2391 3328 2548 3382 nobis
2594 3337 2837 3395 paratum
2879 3326 3065 3381 fuisset
3108 3343 3281 3390 uxor.
3326 3341 3450 3381 cum
3490 3342 3610 3382 eam
3640 3343 3673 3380 a
3728 3329 4008 3398 principio

2390 3426 2598 3473 crearet
2642 3419 2819 3481 Deus,
2865 3417 3177 3485 adjutricem
3227 3432 3335 3472 non
3389 3418 3741 3486 appellasset.
3795 3419 4006 3475 Veliem

2391 3510 2636 3579 equidem
2653 3509 2850 3573 dicere,
2870 3508 3121 3577 quidnam
3138 3508 3210 3564 sit
3227 3509 3395 3564 Deum
3413 3510 3631 3565 sedere:
3652 3527 3834 3582 neque
3856 3514 4007 3568 enim

2392 3601 2535 3655 Deus
2560 3600 2708 3656 sedet
2732 3617 2745 3655 :
2770 3615 2890 3655 cum
2921 3601 3005 3654 hic
3029 3600 3099 3657 sit
3125 3614 3413 3669 corporum
3444 3601 3603 3669 situs,
3639 3601 3792 3659 Deus
3817 3616 4007 3659 autem

2390 3694 2461 3750 sit
2485 3697 2846 3762 lncorporeus.

2460 3786 2515 3837 '2.
2557 3784 2827 3853 Seraphin:
2869 3784 3089 3854 dignitas
3136 3786 3385 3841 maxima.
3422 3816 3496 3827 —
3544 3786 3756 3843 Vellem
3814 3789 4011 3843 dicere

2394 3875 2521 3945 quid
2552 3876 2621 3930 sit
2647 3876 2840 3928 solium
2876 3875 2966 3929 Dei
2996 3891 3011 3927 :
3040 3890 3213 3945 neque
3258 3878 3404 3930 enim
3452 3878 3637 3948 utique
3666 3882 3813 3935 solio
3860 3881 4010 3934 Deus

2394 3964 2897 4034 comprehenditur,
2946 3979 3068 4019 cum
3108 3967 3478 4022 circumscribi
3533 3969 3765 4023 minime
3834 3972 4011 4037 pos~it

2396 4055 2599 4111 Numen
2626 4071 2639 4107 :
2666 4054 2759 4108 sed
2787 4070 2977 4108 vereor
3001 4096 3017 4119 ,
3049 4071 3117 4109 ne
3142 4056 3187 4110 si
3240 4056 3501 4111 docendis
3544 4058 3666 4110 istis
3711 4060 4006 4124 immorer,

2396 4150 2699 4221 protrahaiu
2728 4148 2891 4203 debiti
2915 4148 3257 4202 solutionem.
3286 4148 3487 4203 Omnes
3519 4150 3665 4202 enim
3691 4152 3853 4205 video
3883 4169 4010 4205 nar-

2394 4242 2586 4295 rationi
2615 4240 2684 4295 de
2730 4240 3008 4308 Seraphim
3066 4240 3294 4301 inhiare,
3325 4256 3431 4293 non
3475 4242 3647 4294 solum
3682 4243 3879 4304 hodie,
3910 4244 4007 4297 sed

2390 4332 2499 4398 jam
2534 4330 2655 4383 inde
2681 4346 2708 4382 a
2741 4332 2913 4398 primo
2938 4332 3024 4385 die
3051 4347 3063 4381 :
3097 4341 3428 4400 quapropter
3448 4331 3857 4387 multitudinem
3888 4350 4013 4388 sen-

2398 4422 2677 4475 tentiarum
2732 4431 2998 4489 tamquam
3050 4421 3326 4476 hominum
3369 4433 3569 4477 castum
3627 4440 3831 4493 magno
3879 4441 4007 4478 cum

2397 4513 2597 4581 impetu
2645 4522 3015 4565 occurrentem
3060 4526 3435 4581 perrumpens,
3460 4513 3525 4566 ad
3558 4517 3971 4583 expositionem

2398 4603 2537 4655 illam
2560 4609 2737 4654 nostra
2758 4600 2969 4655 festinat
2987 4602 3177 4654 oratio.
3205 4600 3271 4654 Et
3295 4602 3571 4672 Seraphim
3598 4610 3809 4659 stabant
3832 4608 3887 4659 in
3906 4609 4007 4660 cir-

2395 4686 2532 4739 cuitu
2553 4685 2680 4753 ejus,
2698 4686 2861 4753 inquit
2886 4683 3032 4752 (lsai.
3054 4688 3106 4739 6.
3123 4686 3203 4755 2).
3227 4686 3365 4741 Ecce
3386 4688 3697 4757 Seraphim,
3718 4708 3841 4760 qua:
3865 4694 4004 4747 vide-

2398 4793 2455 4832 re
2480 4776 2604 4831 olim
2634 4778 2926 4845 cupiebatis
2952 4791 3157 4832 omnes.
3181 4777 3634 4848 Contemplamini
3658 4799 3813 4851 ergo.
3834 4798 3889 4840 et
3916 4802 4005 4837 cu-

2398 4867 2673 4935 piditatem
2702 4866 2910 4934 explete
2938 4884 2951 4919 :
2984 4867 3077 4920 sed
3101 4883 3206 4923 non
3237 4884 3358 4922 cmn
3389 4874 3645 4938 tumultu,
3676 4892 3855 4944 neque
3882 4890 4009 4943 pro-

2398 4958 2605 5027 peranti
2633 4958 2951 5023 cogitatione
2976 4998 2991 5019 ,
3018 4960 3158 5011 sicut
3183 4959 3241 5012 tit
3273 4960 3326 5013 in
3358 4960 3757 5031 lmperatorum
3804 4966 4007 5035 ingres-

2398 5065 2499 5104 su:
2535 5064 2655 5102 nam
2707 5050 2813 5104 illic
2852 5049 3065 5116 quidem
3113 5050 3254 5106 istud
3304 5052 3478 5124 ipsum
3532 5057 3731 5111 mrito
3781 5060 4005 5114 accidit.

2398 5140 2580 5207 Neque
2602 5140 2741 5193 enim
2774 5149 3015 5207 spectant
3036 5142 3298 5197 satellites
3322 5185 3337 5208 ,
3372 5155 3428 5199 ut
3462 5156 3802 5214 spectatores
3831 5153 4011 5205 oculis

2396 5241 2585 5286 cuncta
2614 5232 2876 5293 lustrent;
2910 5231 3025 5295 sed,
3051 5243 3338 5303 antequam
3378 5247 3527 5291 recte
3552 5237 3836 5305 viderint,
3872 5258 4003 5310 pra-,-

2399 5322 2560 5376 terire
2597 5323 2716 5375 illos
2754 5332 2951 5390 cogunt
2980 5340 2992 5374 :
3022 5323 3107 5378 hic
3136 5340 3265 5380 vero
3312 5342 3420 5380 non
3452 5329 3523 5381 ita
3557 5346 3571 5381 :
3604 5331 3700 5383 sed
3747 5342 4006 5386 contem-

2396 5413 2685 5484 plationem
2736 5423 2971 5466 nostram
3020 5416 3161 5470 sistit
3209 5420 3422 5483 oratio,
3472 5435 3764 5491 quousque
3818 5427 4005 5477 omnia

2396 5505 2788 5574 percurreritis,
2820 5521 2935 5572 qua:
2961 5509 3197 5574 percurri
3227 5524 3255 5561 a
3281 5508 3434 5563 vobis
3459 5523 3707 5578 possunt.
3741 5513 3805 5566 Et
3837 5515 4001 5568 Sem-

2396 5597 2534 5666 phim
2556 5596 2753 5647 stabant
2780 5596 2832 5648 in
2862 5598 3071 5650 circuitu
3094 5601 3223 5669 ejus.
3256 5602 3398 5653 Ante
3428 5611 3634 5656 natura!
3678 5605 4005 5674 dignitatem

2394 5702 2493 5743 nos
2519 5688 2694 5742 docuit
2716 5689 2869 5744 iSlalIl
2906 5705 2967 5743 ex
2994 5691 3094 5747 luci
3117 5692 3309 5748 vicinia
3338 5694 3682 5762 dignitatem.
3711 5697 3832 5752 Non
3863 5702 4003 5759 enim
