4130 6316
749 344 862 404 137

1479 353 1537 407 S.
1582 352 1870 410 JOANNIS
1903 352 2394 412 CHRYSUSTOMI
2433 360 2752 419 AllClllEP.
2786 362 3332 424 CONSTAN'I'INOP.

746 459 935 531 θρόνου
969 460 1268 531 βασιλικοῦ.
1304 467 1415 520 Kal
1440 467 1550 540 γάρ
1579 472 1673 523 καὶ
1695 472 1855 541 ἡμεῖς
1874 470 1982 525 τῶν
2004 470 2313 541 δορυφόρων

3874 378 3994 437 138

2415 474 2629 543 Ἄγιος,
2658 476 2842 546 ἅγιος,
2873 478 3059 548 ἅγιος.
3095 479 3201 532 Kal
3230 481 3262 549 ἡ
3293 478 3505 551 κραυγὴ
3538 478 3693 531 πάλιν
3723 476 3817 531 τοῦ
3848 476 3987 531 θαύο

747 544 994 631 ἐκείνους
1046 549 1474 620 ἐπισημοτέρους
1519 548 1657 606 εἶναι
1712 556 2001 625 νομίζομεν
2024 594 2040 618 ,
2078 553 2192 617 οὒς
2248 555 2313 607 ἂν
2414 574 2583 627 ματος
2608 544 2738 629 ἡμῖν
2766 544 2963 630 δεῖγμα
2988 544 3275 631 μέγιστον’·
3302 544 3419 615 ούδέ
3448 544 3556 631 γάρ
3579 559 3760 622 ἁπλῶς
3781 560 3986 630 ὕμνοῦο

749 624 941 696 ἴδωμεν
981 629 1145 698 ἐγγὺς
1170 631 1262 684 τοῦ
1282 632 1510 701 ζεύγους
1545 636 1862 701 ἐλαύνοντας
1902 624 1995 691 τοῦ
2031 636 2307 707 βασιλικοῦ

744 709 1014 779 ὀχήματος
1037 726 1083 764 ι.
1117 713 1273 766 Οὖτω
1306 717 1399 768 καὶ
1424 717 1530 771 τῶν
1557 718 1837 790 δυνάμεων
1862 721 1970 774 τῶν
2002 722 2310 791 ἀσωμάτων

744 792 945 845 ἐκεῖναί
979 796 1085 846 εἰσι
1118 795 1511 868 λαμπρότεραι,
1544 800 1665 854 ὅσαι
1694 819 1797 873 περ
1823 802 1889 857 ἂν
1912 796 2044 856 ὦσιν
2082 802 2310 870 ἔγγιστα

743 874 835 927 τοῦ
871 875 1080 945 θρόνου.
1112 878 1210 932 Διά
1246 879 1402 933 τοῦτο
1445 883 1539 935 καὶ
1572 886 1601 937 ὁ
1639 888 1922 956 προφήτης
1948 888 2105 956 ἀφεὶς
2136 886 2310 939 διαλε-

743 957 937 1024 χθῆναι
967 960 1208 1029 περὶτοῦ
1228 963 1326 1031 τῆς
1349 963 1561 1030 φύσεως
1578 966 1755 1018 αὐτῶν
1779 967 2104 1038 ἀξιώματος,
2125 970 2311 1039 πρότε-

744 1057 842 1123 ρον
882 1044 1014 1111 ἡμῖν
1041 1042 1343 1123 διαλέγεται
1378 1048 1507 1117 περὶ
1536 1050 1633 1118 τῆς
1672 1049 1766 1102 τοῦ
1798 1051 1965 1104 τόπου
1997 1053 2305 1123 προεδρίας,

742 1120 895 1184 εἰδὼς
920 1124 1002 1176 ὅτι
1045 1120 1196 1189 οὗτος
1227 1126 1426 1197 μείζων
1449 1131 1477 1182 ό
1503 1130 1705 1199 κόσμος
1735 1131 1871 1192 ἐστὶ,
1909 1134 2002 1186 καὶ
2027 1120 2108 1186 ὅτι
2152 1120 2308 1187 τοῦτο

738 1203 847 1256 τῶν
864 1204 1076 1273 φύσεων
1096 1208 1319 1261 ἐκείνων
1342 1211 1403 1263 τὸ
1432 1212 1644 1275 κάλλος.
1680 1213 1788 1265 Kal
1818 1213 1926 1285 γὰρ
1954 1215 2152 1286 τοῦτοὴ
2183 1215 2306 1280 δόξα

727 1290 831 1342 ικαὶ
872 1292 905 1360 ἡ
952 1292 1085 1362 τιμὴ
1139 1293 1232 1345 καὶ
1273 1296 1305 1362 ἡ
1356 1296 1504 1347 πᾶσα
1542 1294 1830 1362 ἀσφάλεια,
1880 1297 1941 1349 τὸ
1982 1298 2164 1369 κύκλῳ
2210 1299 2304 1352 τοῦ

728 1372 926 1440 θρόνου
950 1374 1157 1425 ἐκείνου
1181 1375 1483 1441 φαίνεσθαι.
1526 1376 1696 1430 Τοῦτο
1718 1378 1808 1429 καὶ
1826 1379 2039 1433 ἐπὶτῶν
2062 1381 2307 1449 ἀγγέλων

728 1453 884 1505 ἐστιν
918 1455 1070 1506 ίδεῖν·
1105 1456 1201 1507 καὶ
1223 1459 1330 1527 γὰρ
1351 1458 1592 1521 ἐκείνους
1610 1458 1927 1530 βουλόμενος
1952 1463 2120 1527 δεῖξαι
2140 1464 2307 1533 μεγά-

737 1534 861 1597 λους
909 1537 938 1587 ό
975 1537 1225 1607 Χριστὸς,
1263 1539 1371 1591 ὀὐκ
1409 1536 1559 1593 εἶπεν
1585 1579 1599 1601 ,
1643 1541 1725 1593 ὄτι
1775 1542 1993 1611 ἄγγελοί
2027 1546 2171 1608 εἰσι,
2213 1545 2306 1598 καὶ

738 1618 995 1686 ἐσίγησεν
1019 1635 1032 1650 ·
1068 1619 1205 1680 ἀλλ’,
1240 1621 1369 1672 Ὀτι
1403 1624 1456 1675 οί
1480 1622 1719 1691 ἄγγελοι
1748 1624 1945 1678 αὐτῶν
1961 1626 2057 1678 διὰ
2081 1626 2307 1692 παντὸς

728 1701 1035 1763 βλέπουσι
1052 1702 1116 1755 τό
1134 1704 1457 1768 πρόσωπον
1468 1705 1572 1759 τοῦ
1584 1708 1811 1775 Πατρός
1814 1725 1935 1777 μου
1948 1709 2052 1762 τοῦ
2064 1712 2134 1763 ἐν
2142 1713 2309 1779 οὐρα-

734 1784 1099 1865 νοῖς.Ὢσπερ
1140 1786 1247 1855 γὰρ
1294 1787 1455 1839 ἐκεῖὶι
1491 1788 1674 1857 μεῖζόν
1706 1791 1821 1843 ἐστι
1868 1791 1966 1860 τῆς
2012 1793 2306 1865 ἀγγελικῆς

730 1865 890 1930 ἀξίας
918 1866 977 1918 τὸ
1008 1864 1221 1934 βλέπειν
1252 1868 1312 1919 τὸ
1338 1869 1627 1939 πρόσωπον
1659 1870 1751 1923 τοῦ
1786 1873 2021 1944 Πατρός’
2051 1874 2192 1928 οὖτω
2208 1864 2306 1945 τῆς

732 1947 842 2000 τῶν
885 1948 1160 2018 Σεραφείμ
1205 1949 1359 2014 ἀξίας
1407 1952 1587 2019 μεῖζον
1617 1951 1678 2003 τὸ
1719 1954 1936 2007 ἑστάναι
1989 1956 2170 2025 κύκλῳ
2211 1956 2304 2008 τοῦ

725 2030 945 2100 θρόνου,
984 2030 1077 2083 καὶ
1113 2032 1274 2098 μέσον
1319 2032 1460 2101 ἔχειν
1490 2032 1845 2087 αύτόν.’Ᾱλλά
1888 2036 2042 2088 τοῦτο
2074 2037 2135 2088 τὸ
2165 2037 2305 2105 μέγα

733 2113 827 2166 καὶ
859 2116 942 2165 σοὶ
973 2113 1194 2167 δυνατόν
1238 2116 1409 2181 ἐστιν,
1438 2114 1503 2169 ἂν
1529 2115 1737 2188 ἐθέλῃς,
1768 2117 1969 2172 λαϐεῖν.
1999 2120 2071 2171 Ού
2106 2121 2215 2192 γάρ
2241 2122 2303 2192 δὴ

724 2198 837 2249 τῶν
870 2198 1146 2268 Σεραφεὶμ
1174 2199 1333 2269 μόνον
1367 2199 1528 2269 μέσος
1560 2201 1726 2257 ἐστὶν.
1760 2201 1893 2255 ἀλλά
1916 2204 2008 2255 καὶ
2030 2204 2182 2273 ἡμῶν
2208 2206 2305 2257 αύ-

730 2279 859 2341 τῶν,
897 2279 961 2332 ἂν
995 2280 1283 2349 ἐθέλωμεν.
1322 2277 1403 2336 Οὔ
1440 2280 1550 2350 γάρ
1574 2285 1691 2335 εἰσι
1718 2283 1827 2337 δύο
1862 2284 1900 2351 ἢ
1934 2284 2108 2351 τρεῖς,
2146 2289 2299 2355 φησὶ,

731 2361 1094 2427 συνηγιιιένοι
1121 2365 1207 2427 εἰς
1242 2364 1305 2415 τὸ
1328 2363 1473 2431 ἐμὸν
1502 2364 1707 2433 ὄνομα.
1741 2365 1869 2418 ἐκεῖ
1895 2370 2010 2434 εἰμι
2037 2368 2106 2419 ἐν
2139 2370 2304 2435 μέσῳ

728 2439 927 2494 αὐτῶν
947 2458 960 2471 ⁸
1011 2444 1127 2505 καὶ,
1178 2445 1391 2511 Κύριος
1417 2446 1596 2513 ἐγγὺς
1629 2446 1750 2510 τοῖς
1786 2447 2304 2515 συντετριμμένοις

731 2523 805 2591 τῇ
840 2524 1073 2592 καρδίᾳ,
1109 2525 1204 2577 καί
1239 2525 1378 2590 τοὺς
1406 2526 1722 2592 ταπεινοὺς
1748 2527 1828 2591 τῷ
1862 2529 2151 2596 πνεύματι
2188 2530 2304 2582 σώ-

719 2622 842 2659 ισει.
878 2608 975 2659 Διά
1009 2606 1165 2659 τοῦτο
1196 2608 1289 2659 xal
1318 2610 1345 2660 ὁ
1367 2607 1575 2671 Παῦλος
1608 2607 1704 2678 βοᾷ
1726 2625 1739 2638 ο
1769 2612 1843 2661 Τὰ
1865 2608 1987 2661 ἅνω
2013 2610 2299 2677 φρονεῖτε,

725 2684 801 2743 οὗ
841 2691 874 2741 ό
902 2690 1160 2755 Χριστός
1190 2689 1360 2742 ἐστιν
1394 2691 1465 2742 ἐν
1492 2689 1657 2757 δεξιᾷ
1686 2692 1791 2744 τοῦ
1820 2691 1967 2745 Θεοῦ
1986 2701 2008 2729 ο
2046 2693 2299 2761 καθήμε-

724 2788 849 2835 νος.
890 2769 1041 2835 Εἶδες
1072 2772 1187 2834 πῶς
1215 2774 1360 2843 ἡμᾶς
1389 2773 1539 2845 [MU]
1572 2774 1762 2844 ἐστησε
1798 2775 1936 2844 μετὰ
1984 2775 2091 2827 τῶν
2135 2777 2300 2846 Σερα-

722 2856 881 2923 φεὶμ,
909 2855 1072 2921 ἐγγὺς
1103 2853 1324 2922 ἀγαγὼν
1352 2854 1445 2908 τοῦ
1475 2856 1663 2926 θρόνου
1695 2855 1790 2908 τοῦ
1832 2856 2107 2925 βασιλικοῦ
2130 2876 2144 2923 ;
2171 2856 2301 2913 Εἶτά

728 2953 920 3005 φησιν·
957 2936 1059 2999 Ἓξ
1102 2936 1391 3005 πτέρυγες
1423 2935 1501 3001 τῷ
1536 2938 1646 2999 ἐνί,
1682 2938 1776 2989 καί
1802 2938 1871 3001 ἐξ
1901 2940 2186 3009 πτέρυγες
2219 2941 2299 3007 τῷ

726 3018 837 3070 ἐνί.
875 3018 939 3069 Τί
976 3020 1107 3087 ἡμῖν
1138 3020 1191 3069 αἰ
1226 3018 1283 3082 ἐξ
1323 3016 1589 3086 πτέρυγες
1620 3019 1976 3072 ἐνδείκνυνται
2007 3018 2195 3085 afuat;
2229 3024 2300 3074 Τὸ

726 3100 925 3169 ὑψηλὸν
950 3100 1042 3151 καὶ
1075 3100 1363 3168 μετάρσιον
1388 3103 1479 3152 καὶ
1504 3099 1701 3167 κοῦφον
1724 3102 1818 3154 καὶ
1843 3103 1902 3154 τὸ
1924 3105 2058 3172 ταχὺ
2082 3105 2299 3157 ἐκείνων

722 3180 831 3233 τῶν
888 3180 1119 3249 φύσεων.
1154 3182 1253 3232 Διά
1302 3180 1461 3233 τοῦτο
1506 3182 1599 3235 καὶ
1647 3184 1676 3234 ό
1723 3183 1958 3254 Γαϐριὴλ
2000 3185 2300 3253 ὑπόπτερος

724 3266 989 3323 κάτεισιν,
1022 3264 1118 3332 ούχ
1146 3264 1227 3316 ὅτι
1262 3264 1437 3334 πτερά
1488 3266 1613 3334 περὶ
1640 3264 1736 3335 τὴν
1763 3265 2051 3336 ἀσώματον
2087 3268 2298 3336 ἐκείνην

718 3344 970 3413 δύναμιν,
1009 3346 1121 3397 ἀλλ’
1147 3347 1229 3398 ὅτι
1258 3348 1321 3397 ἐκ
1356 3345 1508 3398 τῶνά
1548 3346 1895 3415 ὑψηλοτάτων
1922 3349 2151 3418 κατῆλθε
2189 3369 2296 3421 χω-

723 3430 874 3498 ρίων.
908 3429 1001 3479 καί⁵
1038 3429 1136 3491 τὰς
1176 3429 1291 3481 ἄνω
1328 3428 1607 3498 διατριϐὰς
1644 3431 1800 3497 ἀφεὶς
1851 3433 2094 3500 ἀφῖκται.
2123 3434 2189 3484 Τί
2241 3434 2297 3486 δὲ

722 3511 815 3563 καὶ
844 3514 870 3561 ό
903 3510 1130 3579 ἀριθμὸς
1164 3510 1407 3579 βούλεται
1438 3512 1545 3563 τῶν
1576 3512 1892 3582 πτερύγων;
1935 3514 2195 3567 Ἐνταῦθα
2234 3518 2294 3567 οὑ

720 3593 797 3643 δεῖ
847 3594 943 3660 τῆς
994 3592 1120 3661 παρ’
1149 3592 1303 3661 ἡμῶν
1337 3593 1628 3662 ἑρμηνείας
1651 3610 1663 3621 ’
1700 3594 1859 3656 αὐτὸς
1910 3596 2017 3664 γάρ
2050 3596 2241 3649 ἐαυτὸν
2269 3599 2296 3649 ὀ

722 3675 875 3741 λόγος
907 3676 1156 3735 ἐπέλυσε,
1192 3674 1290 3745 τὴν
1339 3677 1526 3745 χρείαν
1560 3679 1689 3746 ἡμῖν
1736 3677 1916 3729 αὐτῶν
1960 3678 2295 3748 ἐξηγησάμεο

722 3773 841 3818 νος’
882 3758 1011 3822 Τιιῖς
1057 3758 1163 3826 γὰρ
1206 3758 1367 3818 δυσὶ,
1405 3760 1588 3826 φησὶν,
1617 3758 1961 3812 ἐκάλυπτον
1998 3762 2069 3813 τὰ
2113 3764 2297 3829 πρόσ-

720 3854 850 3890 ωπα
900 3838 1155 3891 ἑαυτῶν·
1200 3840 1440 3901 εἰκότως,
1470 3840 1657 3909 ὥσπερ
1706 3842 1811 3891 τινὶ
1856 3840 2026 3910 διπλῷ
2074 3843 2298 3913 διαφρά-

722 3936 890 3987 γματι
916 3923 1011 3982 τὰς
1048 3919 1198 3987 ὖψεις
1226 3922 1574 3989 τειχίζουσαι,
1604 3922 1693 3974 διά
1718 3923 1780 3974 τὸ
1806 3922 1879 3992 μὴ
1911 3926 2093 3993 φέρειν
2116 3925 2211 3995 τὴν
2234 3927 2298 3980 ἐκ

721 4002 817 4071 τῆς
863 4001 1016 4069 δόξης
1063 4002 1273 4072 ἐκείνης
1314 4003 1636 4073 ἐκπηδῶσαν
1681 4005 1984 4075 ἀστραπήν.
2023 4008 2128 4059 Kal
2170 4008 2298 4073 ταῖς

720 4084 859 4137 δυσὶ
896 4084 1035 4149 τοὺς
1060 4086 1247 4151 πόδας
1270 4086 1613 4139 ἐκάλυπτον
1639 4099 1684 4149 ε,
1720 4088 1859 4155 τάχα
1884 4088 1975 4141 διὰ
2006 4090 2103 4158 τὴν
2132 4090 2297 4161 αὐτὴν

723 4166 996 4235 ἔκπληξιν.
1036 4167 1315 4237 Εἰώθαμεν
1358 4170 1465 4237 γὰρ
1498 4169 1589 4219 καὶ
1623 4170 1802 4237 ἡμεῖς,
1833 4171 1960 4222 ὅταν
2008 4171 2110 4223 ύπό
2157 4188 2297 4233 τινος

722 4248 963 4316 θάμϐους
1018 4250 1460 4319 κατασχεθῶμεν,
1515 4250 1777 4303 πάντοθεν
1829 4253 2194 4321 περιστέλλειν
2237 4255 2297 4306 τὸ

722 4330 898 4397 σῶμα.
934 4331 1042 4381 Kal
1088 4332 1137 4382 τί
1189 4331 1329 4397 λέγω
1372 4332 1433 4383 τὸ
1480 4332 1660 4401 σῶμα,
1684 4335 1816 4385 ὅπου
1863 4352 1925 4401 γε
1976 4338 2069 4388 καὶ
2099 4338 2232 4406 αὑτὴ
2261 4340 2293 4406 ἡ

719 4414 862 4481 ψυχὴ
894 4412 1049 4463 τοῦτο
1080 4411 1323 4463 παθοῦσα
1362 4415 1419 4463 ἐν
1451 4417 1569 4474 ταῖς
1608 4417 2065 4485 ὑπερϐαλλούσαις
2096 4420 2296 4486 ἐπιφα-

720 4496 907 4557 νείαις,
938 4495 1148 4556 καὶτὰς
1190 4494 1464 4564 ἐνεργείας
1497 4496 1693 4564 ἑαυτῆς
1716 4497 1735 4535 τ
1784 4500 2129 4561 συνέλκουσα,
2161 4504 2296 4571 πρὸς

718 4577 779 4629 τὸ
828 4576 987 4644 βάθος
1034 4579 1383 4645 καταφεύγει,
1433 4578 1681 4650 καθάπερ
1730 4582 1834 4632 τινὶ
1868 4582 2191 4652 περιϐολαίῳ
2221 4586 2297 4654 τῷ

720 4658 928 4728 σώματι
973 4659 1166 4727 ἐαυτην
1211 4658 1470 4711 πάντοθεν
1518 4662 1974 4731 περιστέλλουσα;
2016 4665 2174 4717 Ἀλλὰ
2222 4669 2294 4735 μή

719 4758 803 4802 τις
826 4741 1081 4809 ἔκπληξιν
1112 4743 1203 4793 καὶ
1233 4741 1438 4811 θάμϐος
1469 4743 1703 4805 ἀκούων,
1735 4745 1871 4814 ἀηδῆ
1899 4763 2019 4798 τινα
2061 4748 2298 4814 ἀγωνίαν

720 4825 907 4883 αὑταῖς
954 4823 1262 4891 ἐγγίνεσθαι
1294 4826 1591 4894 νομιζέτωο
1620 4828 1847 4898 καὶγὰρ
1884 4830 2021 4897 μετά
2066 4831 2164 4899 τῆς
2207 4834 2298 4883 ἐκ-

721 4907 965 4975 πλήξεως
1003 4906 1205 4976 ταύτης
1243 4909 1336 4960 καὶ
1368 4910 1524 4979 ἡδονή
1564 4925 1647 4971 τις
1681 4910 1953 4981 ἀφόρητος
1985 4916 2293 4985 κεκραμένη

718 4988 853 5039 ἐστί.
886 4989 1012 5049 Ταῖς
1040 4988 1093 5039 δὲ
1118 4989 1269 5040 δυσὶν
1280 4990 1541 5042 ’ἐπέτοντο
1560 4993 1602 5042 ε.
1651 4993 1755 5043 Kal
1780 4994 1937 5046 τοῦτο
1962 4999 2181 5063 σημεῖον
2202 4998 2296 5049 τοῦ

716 5070 824 5119 τῶν
875 5069 1092 5137 ὑψηλῶν
1141 5070 1383 5137 ἐφίεσθαι
1431 5073 1686 5139 συνεχῶς,
1718 5075 1809 5125 καὶ
1856 5076 2121 5144 μηδέποτε
2151 5080 2297 5129 κάτω

720 5156 953 5225 βλέπειν.
986 5159 1092 5210 Kal
1142 5158 1459 5226 ἐιιέλιριιγεν
1491 5161 1689 5228 ἕτερος
1723 5163 1870 5229 πρὸς
1907 5166 2013 5217 τὸν
2057 5166 2259 5233 ἕτερον
2280 5186 2291 5197 ·

779 5393 803 5419 ⁸
841 5392 1108 5452 Ὀχήματος
1131 5392 1273 5439 deest
1295 5393 1340 5440 in
1366 5391 1654 5452 quibusdam
1676 5406 1788 5440 mss.

780 5452 807 5490 h
830 5452 1233 5519 ξειγὶἰηένταῦίτιςιζ

781 5520 799 5575 ’ς
838 5513 969 5560 Unus
990 5516 1133 5561 habet
1157 5513 1242 5561 τοῦ
1265 5515 1465 5575 Πατρός.

776 5573 803 5611 ά
832 5577 925 5637 Alii
950 5577 1050 5622 ἀλλ’
1072 5578 1147 5622 ἵνα
1166 5577 1289 5636 δείξῃ
1313 5573 1383 5633 τῷ
1399 5577 1615 5637 προφήτῃ
1644 5576 1716 5622 ὅτι
1736 5576 1789 5623 ἐκ
1806 5578 1917 5621 τῶν.

781 5650 803 5674 ε
834 5635 1118 5696 ’Λα-τραπῆν.
1162 5639 1250 5683 Διά
1290 5635 1543 5685 τοῦτοκαὶ
1582 5635 1691 5691 τοὺς
1729 5637 1877 5691 πόδας
1919 5638 2198 5697 ἐκάλυπτον,
2229 5636 2299 5685 sic

710 5700 906 5760 quidam
930 5710 1041 5760 nugs.

781 5758 800 5796 ί
846 5758 1072 5805 Παθοῦσα
1117 5758 1211 5805 ἀπὸ
1236 5764 1318 5814 τῆς
1340 5760 1483 5820 ἄκρας
1516 5756 1780 5819 ἐπιφανείας
1818 5760 1902 5812 τάς
1947 5759 2174 5819 ἐνεργείας
2213 5761 2298 5808 αὖ-

709 5826 812 5877 τῆς.
833 5824 900 5867 sic
922 5820 1116 5879 quidam
1139 5829 1249 5867 mss.
1284 5820 1395 5867 Hzec
1416 5820 1566 5867 lectio
1589 5826 1728 5867 cBrle
1744 5832 1839 5867 non
1860 5822 2152 5879 spernenda.

780 5884 804 5921 ⁵
828 5878 947 5933 Αιίι
967 5882 1204 5929 ἐτέταντο.
1233 5880 1370 5930 Unus
1393 5878 1514 5929 intra
1557 5879 1705 5929 habet
1732 5878 2024 5941 215.0011th
2045 5883 2098 5928 τὸ
2122 5882 2294 5945 ἕτερον.

2419 656 2523 702 σιν,
2563 640 2697 693 ἀλλά
2742 643 3170 711 μετά-κραυγῆς
3220 643 3478 713 ἰσχυράς*
3532 642 3625 694 καὶ
3675 639 3793 693 ούδέ
3840 640 3985 709 μετά

2417 722 2659 791 κραυγῆς
2687 723 2891 788 ἁπλῶς,
2913 724 3046 777 ἀλλὰ
3077 726 3169 777 καὶ
3196 724 3452 792 διηνεκῶς
3476 723 3633 776 τοῦτο
3656 721 3875 773 ποιοῦσι.
3897 719 3984 773 Τὰ

2419 802 2518 871 μὲν
2550 805 2660 875 γὰρ
2699 804 2925 876 λαμπρά
2953 806 3060 858 τῶν
3090 805 3374 875 σωμάτων,
3401 805 3503 858 κᾶν
3530 804 3647 874 μεθ’
3680 800 3986 871 ὑπερϐολῆς

2415 879 2446 952 ᾖ
2473 884 2718 955 λαμπρά,
2750 888 2869 940 τότε
2897 890 3042 958 ἡμᾶς
3087 888 3244 957 μόνον
3271 887 3587 957 ἐκπλήττειν
3615 883 3822 947 εἴωθεν,
3850 882 3985 935 ὅταν

2416 966 2628 1035 πρῶτον
2662 970 2838 1022 αὐτῶν
2866 974 2983 1033 ταῖς
3025 970 3209 1039 ὄψεσιν
3253 966 3801 1039 ἀντιλαμϐανώμεθα·
3833 967 3987 1018 ἐπει-

2414 1046 2507 1101 δάν
2548 1049 2603 1101 δὲ
2648 1050 2803 1104 πλέον
2854 1042 3053 1105 αὐτῶν
3083 1050 3504 1120 ἐνδιατρίψωμεν
3548 1052 3614 1119 τῇ
3660 1047 3883 1118 θεωρίᾳ.
3910 1049 3984 1115 τῇ

2416 1130 2668 1202 συνηθείᾳ
2696 1134 2754 1185 τὸ
2788 1132 2969 1203 θαῦμα
2996 1133 3349 1201 καταλύομεν,
3378 1132 3485 1185 τῶν
3513 1129 3798 1199 ὀφθαλμῶν
3822 1128 3986 1199 ἡμῶν

2413 1212 2892 1284 ἐμμελετησάντων
2933 1216 3115 1268 λοιπὸν
3145 1216 3255 1277 τοῖς
3298 1213 3530 1283 σώμασι.
3565 1213 3662 1264 Διά
3699 1212 3856 1263 τοῦτο
3882 1209 3983 1262 καὶ

2414 1295 2594 1347 είκόνα
2639 1297 2915 1365 βασιλικὴν
2946 1299 3067 1366 ἄρτι
3118 1298 3215 1366 μέν
3262 1296 3608 1350 ἀνατεθεῖσαν
3638 1296 3731 1347 καὶ
3757 1292 3984 1362 φαιδρὸν

2413 1378 2520 1429 ἀπὸ
2562 1378 2669 1430 τῶν
2717 1382 3018 1448 χρωμάτων
3074 1380 3387 1433 στίλϐουσαν
3435 1379 3649 1440 ἰδόντες,
3685 1375 3985 1444 ἐκπληττό-

2416 1460 2581 1529 μεθαο
2620 1462 2757 1530 μετά
2778 1461 2833 1512 δὲ
2864 1462 2991 1530 μίαν
3020 1461 3111 1513 καὶ
3139 1461 3392 1533 δευτέραν
3415 1460 3623 1530 ἡμέραν
3641 1458 3819 1511 οὐκέτι
3846 1457 3985 1509 θαυ⁴

2414 1542 2723 1612 μάςομενιι.
2752 1544 2859 1595 Kal
2905 1543 2956 1595 τί
2994 1542 3136 1610 λέγω
3165 1543 3346 1595 εἰκόνα
3387 1542 3688 1613 βασιλικὴν,
3730 1542 3862 1593 ὅπου
3912 1556 3982 1607 γε

2411 1626 2505 1678 καὶ
2532 1627 2617 1678 ἐπ’
2645 1625 2822 1679 αὐτῶν
2845 1625 2953 1677 τῶν
2985 1626 3214 1678 ἀκτίνων
3243 1625 3335 1677 τοῦ
3365 1625 3511 1695 ἡλίου
3540 1624 3693 1677 τοῦτο
3718 1622 3847 1675 αὐτὸ
3880 1639 3984 1673 πε-

2413 1708 2701 1778 πόνθαμεν,
2730 1702 2803 1760 ὧν
2853 1708 3003 1760 ούδέν
3048 1706 3241 1774 γένοιτ’
3270 1706 3336 1759 ἂν
3381 1705 3726 1775 φαιδρότερον
3776 1703 3980 1770 σῶμα;

2412 1791 2595 1854 Οὖτως
2637 1792 2728 1844 ἐπὶ
2754 1791 2860 1844 τῶν
2891 1790 3154 1861 σωμάτων
3187 1789 3491 1858 ἁπάντωνὴ
3531 1785 3779 1856 συνήθεια
3810 1801 3982 1837 κατα-

2411 1870 2525 1924 λύει
2552 1873 2612 1925 τὸ
2637 1873 2818 1942 θαῦμα
2838 1889 2851 1903 ο
2880 1874 2975 1925 ἐπὶ
2996 1872 3052 1925 δὲ
3080 1873 3177 1942 τῆς
3207 1869 3301 1924 τοῦ
3331 1869 3465 1923 Θεοῦ
3491 1868 3644 1939 δόξης
3666 1868 3761 1936 οὐχ
3779 1865 3980 1929 οὕτως,

2411 1955 2544 2007 ἀλλὰ
2592 1958 2697 2009 πᾶν
2751 1956 3244 2009 τοὺναντίον.⁶”οσον
3286 1954 3395 2026 γάρ
3444 1947 3871 2026 ἐνδιατρίϐουσιί
3908 1951 3981 2019 τῇ

2412 2036 2611 2108 θεωρία
2638 2038 2733 2107 τῆς
2754 2036 2912 2105 δόξης
2938 2038 3150 2106 ἐκείνης
3174 2039 3227 2089 αἰ
3255 2025 3508 2105 δυνάμεις
3527 2025 3703 2095 αὗται,
3724 2029 3985 2084 τοσοῦτον

2414 2120 2609 2190 μᾶλλον
2640 2119 3027 2185 ἐκπλήττονται
3068 2119 3163 2173 καὶ
3191 2118 3510 2171 ἐπιτείνουσι
3546 2115 3607 2168 τὸ
3638 2113 3819 2182 θαῦμα
3840 2128 3855 2141 ·
3889 2111 3985 2164 διὰ

2410 2204 2563 2255 τοῦτο
2595 2203 2685 2254 καὶ
2712 2200 2770 2266 ἐξ
2797 2197 2856 2256 οῦ
2891 2200 3038 2271 [Ml]
3067 2201 3318 2268 γεγόνασι
3352 2199 3510 2268 μέχρι
3536 2195 3630 2250 νῦν
3648 2194 3852 2265 δρῶσαι
3878 2194 3984 2263 τὴν

2408 2287 2563 2351 δόξαν
2593 2285 2825 2354 ἐκείνην,
2862 2284 3125 2353 μηδέποτε
3151 2281 3164 2331 i
3204 2281 3505 2335 ἐπαύσαντο
3532 2277 3649 2349 μετ’
3670 2276 3984 2344 ἐκπλήξεως

2411 2369 2636 2437 βοῶσαιο
2658 2366 2783 2420 ἀλλ’
2817 2369 2951 2437 ὅπερ
2985 2368 3143 2437 ἡμεῖς
3175 2366 3453 2434 πάσχομεν
3485 2364 3543 2415 ἐν
3570 2360 3760 2432 βραχεῖ
3799 2358 3985 2427 καιρῷ

2408 2452 2545 2503 κατὰ
2591 2451 2698 2502 τῶν
2737 2451 2911 2520 ὂψεων
2957 2449 3112 2519 ἡμῶν
3157 2448 3439 2517 ἀστραπῆς
3468 2443 3791 2515 φερομένης,
3821 2441 3987 2493 τοῦτο

2409 2532 2608 2583 ἐκεῖναι
2657 2531 2917 2600 διηνεκῶς
2961 2530 3310 2598 ὑπομένουσι,
3346 2528 3439 2579 καὶ
3489 2525 3778 2585 ἀπαύστως
3839 2523 3988 2590 μετά

2407 2629 2549 2674 τινος
2584 2613 2774 2682 ἡδονῆς
2805 2613 2865 2664 τὸ
2898 2611 3082 2681 θαῦμα
3108 2610 3309 2679 ἔχουσι.
3338 2608 3446 2659 Kal
3472 2609 3578 2677 γὰρ
3600 2606 3660 2658 οὐ
3699 2604 3856 2673 μόνον
3885 2619 3987 2655 κε-

2408 2696 2695 2764 κράγασιν,
2731 2694 2867 2747 ἀλλὰ
2900 2694 3149 2762 καὶπρὸς
3176 2691 3435 2761 ἀλλήλους
3458 2688 3615 2743 τοῦτο
3658 2684 3920 2747 ποιοῦσιν,
3952 2684 3986 2738 δ

2407 2780 2503 2847 τῆς
2548 2779 2938 2847 ἐπιτεταμένης
2985 2775 3298 2847 ἐκπλήξεως
3347 2771 3571 2843 σημεῖόν
3625 2771 3789 2823 ἐστιν.
3820 2768 3987 2821 Οὕτω

2406 2864 2499 2915 καὶ
2549 2863 2728 2931 ἡμεῖς,
2779 2859 3005 2929 βροντῆς
3056 2852 3671 2933 καταρρηγνυμένης,ἢ
3720 2851 3821 2919 τῆς
3873 2850 3986 2933 γῆς

2406 2945 2706 3013 σειομένης,
2734 2941 2794 2993 ού
2829 2941 2987 3009 μόνον
3023 2939 3385 3009 ἀναπηδῶμεν
3416 2932 3506 2991 καὶ
3546 2935 3753 3005 βοῶμεν
3771 2934 3820 2995 ι,
3843 2932 3985 2985 ἀλλὰ

2405 3029 2499 3079 καὶ
2542 3027 2676 3097 πρὸς
2726 3026 2988 3094 ἀλλήλους
3036 3022 3447 3091 καταφεύγομεν
3490 3021 3548 3072 ἐν
3595 3020 3714 3079 ταῖς
3756 3016 3981 3077 οἰκίαις.

2406 3108 2576 3160 Τοῦτο
2602 3108 2698 3161 καὶ
2726 3108 2795 3161 τά
2837 3106 3116 3175 Σεραφεὶμ
3148 3107 3321 3157 ποιεῖ·
3355 3102 3447 3155 καὶ
3479 3100 3569 3153 διὰ
3592 3098 3749 3152 τοῦτο
3793 3099 3986 3169 ἕτερος

2406 3191 2542 3260 πρὸς
2570 3191 2658 3242 τὸν
2685 3191 2869 3260 ἕτερον
2899 3190 3186 3258 κέκραγεν,
3219 3188 3428 3255 Ἄγιος,
3466 3183 3649 3251 ἅγιος.
3681 3181 3868 3250 ἅγιος.

2478 3281 2544 3340 γ’.
2558 3268 2701 3343 τΔρα
2724 3271 2994 3339 ἐπέγνωτε
3012 3270 3108 3341 τὴν
3128 3269 3308 3339 φωνὴν
3322 3268 3522 3335 ταύτην
3542 3280 3555 3329 ;
3593 3261 3701 3334 ἆρα
3734 3262 3985 3333 ἡμετέρα

2404 3358 2568 3420 ἐστὶν,
2607 3355 2637 3425 ἡ
2668 3354 2775 3407 τῶν
2807 3354 3114 3421 Σεραφείμ;
3146 3351 3255 3403 Kal
3283 3349 3525 3420 ἡμετέρα
3554 3348 3643 3400 καὶ
3667 3346 3773 3399 τῶν
3807 3346 3985 3415 Σερα-

2405 3440 2556 3509 φεὶμ,
2590 3440 2675 3491 διὰ
2700 3438 2791 3491 τὸν
2812 3436 3043 3505 Χριστὸν
3068 3435 3156 3487 τὸν
3184 3434 3438 3487 ἀνελόντα
3462 3431 3523 3483 τὸ
3548 3429 3858 3499 μεσότοιχον
3882 3428 3981 3481 τοῦ

2405 3520 2679 3591 φραγμοῦ,
2712 3520 2804 3571 καὶ
2826 3518 3307 3586 εἰρηνοποιήσαντα
3333 3514 3401 3567 τά
3429 3515 3486 3565 ἐν
3519 3514 3765 3581 οὐρανοῖς
3794 3511 3887 3562 xal
3910 3512 3983 3561 τά

2403 3608 2496 3657 ἐπὶ
2524 3605 2620 3672 τῆς
2651 3603 2771 3670 γῆς,
2796 3602 2881 3653 διὰ
2906 3602 2996 3652 τὸν
3027 3602 3323 3668 ποιήσαντα
3348 3598 3414 3650 τὰ
3436 3597 3716 3665 ἀμφότερα
3738 3595 3812 3647 ἐν.
3848 3594 3986 3663 [1ρὸ-

2402 3704 2555 3755 τερον
2590 3686 2685 3753 μὲν
2728 3684 2836 3750 γάρ
2880 3683 2939 3734 ἐν
2982 3685 3090 3743 τοῖς
3120 3682 3365 3749 οὐρανοῖς
3393 3672 3545 3739 οὗτος
3578 3676 3729 3745 ᾔδετο
3762 3676 3925 3743 μόνον
3954 3678 3983 3729 ὁ

2405 3768 2597 3837 ὕμνος·
2633 3766 2815 3835 ἐπειδὴ
2850 3764 2905 3816 δὲ
2933 3763 3186 3831 ἐπιϐῆναι
3214 3761 3311 3829 τῆς
3337 3761 3437 3827 γῆς
3465 3757 3794 3826 κατηξίωσεν
3826 3758 3855 3808 ό
3880 3760 3983 3808 Δε-

2406 3852 2628 3919 σπότης,
2661 3850 2755 3901 καὶ
2798 3848 2897 3916 τὴν
2948 3845 3208 3913 μελῳδίαν
3256 3842 3460 3910 ταύτην
3508 3842 3805 3910 κατήνεγκε
3842 3840 3984 3909 πρὶς

2404 3935 2568 4002 ἡμᾶς.
2599 3930 2695 3982 Διά
2722 3928 2879 3981 τοῦτο
2907 3928 2999 3981 καὶ
3029 3929 3055 3977 ὁ
3093 3927 3263 3996 μέγας
3305 3920 3456 3984 οὗτος
3497 3924 3801 3992 ἀρχιερεὺς,
3829 3923 3985 3974 ἐπει-

2404 4016 2499 4066 δὰν
2533 4014 2623 4065 ἐπὶ
2648 4014 2745 4079 τῆς
2789 4012 2949 4077 ἁγίας
2976 4009 3176 4078 ταύτης
3208 4008 3410 4077 ἑστήκῃ
3435 4004 3726 4073 τραπέζης,
3754 4003 3854 4072 τὴν
3894 4004 3986 4055 λο-

2404 4096 2561 4165 γικὴν
2580 4095 2868 4163 ἀναφέρων
2891 4092 3165 4160 λατρείαν,
3183 4090 3279 4158 τὴν
3303 4088 3629 4155 ἀναίμακτον
3654 4086 3985 4155 προσφέρων

2406 4177 2614 4239 θυσίαν,
2646 4178 2744 4244 οὐχ
2789 4174 2975 4235 ἁπλῶς
3023 4174 3167 4242 ἡμᾶς
3199 4174 3291 4223 ἐπὶ
3336 4170 3434 4238 τὴν
3477 4167 3747 4234 εὐφημίαν
3774 4167 3985 4235 ταύτην

2407 4260 2579 4322 καλεῖ,
2606 4258 2741 4311 ἀλλά
2769 4258 3029 4327 πρότερον
3074 4256 3141 4305 τά
3190 4248 3705 4321 Χερουϐεὶμείπὼν,
3738 4250 3831 4299 καὶ
3868 4265 3983 4299 τιυν

2406 4341 2683 4409 Σεραφείμ
2739 4339 3075 4407 ἀναμνήσας,
3135 4335 3275 4387 οὓτω
3331 4331 3754 4402 παρακελεύεται
3813 4331 3984 4381 πᾶσιν

2404 4421 2719 4489 ἀναπέμψαι
2759 4420 2855 4489 τὴν
2906 4418 3343 4489 φρικωδεστάτην
3374 4413 3573 4482 φωνὴν,
3604 4413 3668 4479 τῇ
3712 4411 3820 4462 τῶν
3850 4428 3985 4477 συγ-

2404 4500 2771 4572 χορευόντωνι
2812 4504 2999 4570 μνήμῃ
3035 4499 3131 4568 τὴν
3168 4499 3401 4549 διάνοιαν
3431 4495 3585 4563 ἡμῶν
3612 4492 3716 4544 ἀπὸ
3748 4493 3846 4559 τῆς
3876 4492 3983 4559 γῆς

2405 4585 2683 4646 ἀνασπῶν,
2719 4585 2812 4636 καί⁵
2864 4581 3144 4651 μονονουχὶ
3190 4580 3325 4647 βοῶν
3360 4578 3493 4644 πρὸς
3526 4577 3751 4627 ἕκαστον
3793 4574 3981 4643 ἡμῶν,

2406 4669 2499 4719 καὶ
2527 4666 2729 4733 λέγων’
2762 4668 2896 4734 μετὰ
2930 4665 3037 4715 τῶν
3070 4662 3344 4731 Σεραφεὶμ
3382 4660 3545 4729 ᾄδεις,
3579 4657 3713 4726 μετά
3738 4657 3847 4708 τῶν
3879 4658 3981 4708 Σε-

2411 4750 2615 4818 ραφεὶμ
2665 4749 2841 4815 στῆθι,
2878 4748 2993 4816 μετ’
3019 4744 3240 4796 ἐκείνων
3273 4743 3368 4803 τὰς
3403 4742 3673 4808 πτέρυγας
3724 4740 3981 4804 πέτασον,

2410 4832 2524 4899 μετ’
2562 4831 2780 4882 ἐκείνων
2808 4829 3132 4898 περιίπτασο
3162 4828 3249 4878 τὸν
3280 4824 3464 4894 θρόνον
3488 4823 3579 4874 τὸν
3612 4821 3906 4890 βασιλικόν.

2479 4916 2585 4967 Kal
2616 4914 2667 4964 τί
2694 4912 3023 4980 θαυμαστὸν,
3052 4912 3097 4961 εἰ
3129 4910 3263 4977 μετᾶ
3289 4907 3395 4957 τῶν
3424 4905 3695 4975 Σεραφεὶμ
3718 4905 3981 4973 ἕστηκας,

2406 4998 2538 5049 ὅπου
2582 5014 2643 5064 γε
2676 4991 2750 5047 ὧν
2791 4996 2890 5046 οὐκ
2937 4993 3233 5060 ἐτόλμησεν
3282 4989 3515 5055 ἅψασθαι
3562 4988 3629 5039 τά
3674 4988 3979 5056 Σεραφεὶμ,

2405 5080 2580 5131 ταῦτά
2624 5096 2703 5130 σοι
2746 5076 2881 5145 μετά
2924 5075 3102 5135 ἀδείας
3140 5075 3333 5126 ἔδωκεν
3374 5075 3400 5123 ὁ
3440 5071 3602 5134 Θεόςς
3646 5069 3978 5137 Ἀπεστάλη

2412 5167 2519 5229 γὰρ
2561 5162 2710 5226 πρός
2751 5175 2846 5226 με,
2882 5159 3063 5224 φησὶν,
3096 5156 3163 5207 ἓν
3194 5154 3311 5206 τῶν
3338 5154 3641 5221 Σεραςρείμ,
3667 5152 3761 5205 καί
3812 5148 3984 5220 εἶχεν

2406 5246 2667 5308 arulam
2714 5241 2921 5307 m'pbg,
2954 5239 3025 5290 ὃν
3074 5237 3144 5303 τῇ
3194 5237 3388 5289 λιιϐίδι
3441 5237 3655 5289 ἔλαϐεν
3699 5232 3819 5287 ἀπὸ
3870 5233 3982 5287 τοῦ

2465 5465 2493 5491 ιι
2515 5456 2821 5517 Θαυμάζομεν
2854 5459 2965 5514 post
2986 5454 3140 5500 οὐκέτι
3164 5454 3209 5499 in
3231 5451 3379 5500 Savil.
3402 5462 3495 5498 non
3522 5448 3742 5506 habetur,
3765 5454 3820 5497 el
3841 5456 3984 5499 certe

2402 5521 2507 5563 sine
2528 5516 2782 5577 dispendio
2816 5519 3124 5575 μηνίει-πηιιί
3156 5520 3330 5574 potest.

2470 5577 2486 5615 ί
2517 5572 2614 5625 Αἰιὶ
2649 5572 2971 5638 ὸεδιέτριϐον,
3016 5583 3068 5623 el
3105 5572 3249 5635 palulo
3273 5581 3379 5635 post
3418 5572 3746 5627 ἐξεπλήττοντο
3769 5574 3852 5619 καὶ
3876 5574 3983 5621 ﬁxi-

2401 5652 2566 5685 τεινον.

2471 5710 2484 5747 J
2519 5702 2554 5746 Α
2566 5702 2612 5745 lli
2636 5699 2876 5745 οὐδέποτε.

2468 5761 2490 5828 ξ
2520 5762 2615 5828 Σ-ᾏΙὶἱ
2640 5760 2953 5828 ἀνῳτηδῶμεν
2985 5760 3091 5828 οῦδ-ἐ
3117 5760 3318 5828 βοῇμεν.
3463 5822 3487 5828 _
3547 5816 3560 5828 ‘
3708 5814 3721 5828 r

2470 5821 2482 5858 ι
2520 5822 2652 5869 [ους
2674 5824 2768 5867 τῶν
2792 5816 3135 5882 συγχορεδτῶνι
3179 5816 3286 5869 Μυι
3327 5817 3409 5867 alii
3431 5822 3515 5878 γῆς
3539 5816 3812 5864 ἀνασπάσαι
3833 5831 3981 5865 σπω-

2405 5886 2556 5937 δάζων
2579 5882 2843 5941 μονονουγί.
