4148 6306
189 364 294 422 137

188 487 317 543 dixit
349 485 600 557 primum,
624 496 863 559 quaenam
884 480 1161 552 Seraphim
1187 488 1386 546 essent,
1418 476 1511 534 sed
1536 475 1625 531 ubi
1653 483 1761 529 sta-

189 585 306 633 rent
363 576 524 631 dixit.
566 575 691 630 Haec
738 574 878 629 enim
922 573 1148 643 dignitas
1186 570 1355 640 major
1399 577 1479 625 est
1503 567 1612 623 illa.
1642 565 1758 633 Quo

189 670 393 722 tandem
435 666 631 736 pacto?
656 663 807 733 Quod
858 663 1105 718 nimirum
1154 660 1291 715 haud
1321 660 1392 714 ita
1421 658 1750 714 demonstret

185 775 400 830 magnas
448 758 567 813 illas
618 772 737 812 esse
776 757 1032 821 virtutes,
1081 752 1222 824 quod
1269 753 1373 806 sint
1435 747 1754 818 Seraphim,

184 866 334 920 quam
368 849 510 920 quod
542 863 705 919 prope
740 847 930 902 solium
958 852 1100 899 stent
1131 844 1352 914 regium.
1396 838 1528 895 Nam
1576 848 1631 895 et
1660 851 1757 892 nos

183 940 296 994 illos
329 940 620 994 nobiliores
649 953 769 994 esse
814 936 1067 991 satellites
1095 934 1449 998 arbitramur,
1476 929 1566 1000 qui
1600 929 1751 999 juxta

178 1032 360 1102 jugum
390 1032 520 1104 regii
551 1044 739 1086 currus
768 1028 1038 1084 incedunt.
1082 1025 1158 1080 lta
1187 1038 1395 1096 quoque
1414 1022 1663 1076 virtutum
1694 1020 1756 1074 il-

181 1122 348 1177 larum
379 1123 810 1191 incorporearum
840 1117 1161 1173 illustriores
1185 1123 1311 1170 sunt
1339 1114 1606 1183 illaque
1619 1111 1755 1164 solio

181 1213 268 1268 Dei
289 1224 419 1268 sunt
449 1213 721 1281 proximae.
744 1209 946 1265 Idcirco
970 1208 1131 1265 etiam
1157 1205 1413 1278 propheta
1431 1203 1500 1259 de
1524 1201 1753 1257 naturali

178 1319 364 1357 eorum
402 1303 657 1373 dignitate
697 1302 962 1356 disserere
999 1298 1287 1363 omittens,
1316 1295 1466 1365 prius
1493 1292 1649 1347 nobis
1688 1290 1754 1347 de

177 1392 271 1447 loci
313 1393 670 1462 praerogativa
711 1389 964 1456 disserit,
989 1387 1132 1459 quod
1170 1387 1309 1441 hunc
1335 1384 1592 1455 majorem
1634 1396 1755 1438 esse

176 1484 301 1537 sciat
320 1493 573 1537 ornatum
593 1523 608 1547 ,
628 1490 687 1537 et
712 1481 778 1536 ab
803 1480 907 1535 hoc
934 1487 1136 1533 natura:
1163 1476 1373 1531 illorum
1411 1472 1757 1542 pulchritudi-

177 1587 296 1628 nem
328 1574 627 1628 dimanare.
653 1572 764 1626 Hoc
788 1570 930 1626 enim
956 1569 1123 1639 gloria
1143 1609 1159 1636 ,
1190 1567 1392 1631 honor,
1419 1573 1474 1621 et
1491 1563 1754 1620 securitas

172 1664 371 1729 omnis,
403 1673 461 1718 ut
492 1665 546 1717 in
572 1663 793 1718 circuitu
821 1661 939 1716 solii
970 1660 1109 1716 illius
1128 1666 1450 1730 appareant.
1477 1656 1591 1713 Hoc
1617 1664 1673 1711 et
1698 1656 1749 1709 in

169 1755 377 1823 angelis
418 1768 641 1808 cernere
691 1752 813 1808 licet
841 1770 857 1807 :
882 1766 1003 1806 nam
1033 1759 1088 1806 et
1113 1750 1233 1806 illos
1257 1763 1376 1805 esse
1403 1761 1621 1818 magnos
1651 1761 1750 1800 vo-

172 1849 281 1900 lens
308 1842 559 1901 Christus
580 1845 866 1901 ostendere
892 1886 907 1910 ,
943 1860 1046 1899 non
1075 1858 1171 1899 eos
1204 1842 1423 1913 angelos
1442 1855 1560 1896 esse
1582 1839 1746 1901 dixit,

170 1945 220 1990 et
245 1938 417 1991 tacuit
449 1955 463 1991 :
490 1937 583 1993 sed
605 1978 621 2004 ,
666 1936 798 2003 Quia
843 1935 1014 2007 angeli
1042 1950 1215 1990 eorum
1256 1950 1452 2003 semper
1476 1932 1640 1986 uident
1662 1935 1748 2003 {a-

168 2029 290 2082 ciem
329 2028 507 2083 Patris
536 2029 632 2083 mei
655 2030 740 2099 qui
762 2030 815 2083 in
842 2028 980 2083 catis
1004 2035 1075 2081 est
1103 2024 1317 2096 (Matth.
1346 2024 1433 2080 18.
1458 2022 1570 2093 10).
1613 2022 1745 2077 Nam

168 2131 222 2176 ut
242 2123 359 2177 illic
384 2122 622 2192 angelica
651 2121 909 2191 dignitate
932 2121 1102 2189 majus
1124 2127 1207 2173 est
1233 2116 1422 2172 faciem
1457 2116 1629 2170 Patris
1662 2115 1747 2167 vi-

164 2212 290 2269 dere
314 2233 329 2268 :
364 2214 445 2268 sic
470 2223 523 2268 et
548 2212 803 2284 dignitate
822 2211 1099 2282 Seraphim
1126 2209 1297 2280 majus
1336 2216 1418 2264 est
1446 2208 1497 2262 in
1520 2205 1746 2263 circuitu

165 2315 304 2360 stare
334 2306 490 2369 solii,
522 2314 682 2375 atque
720 2305 772 2359 in
814 2319 999 2359 eorum
1029 2302 1207 2359 medio
1256 2302 1428 2371 ipsum
1465 2314 1606 2355 esse.
1640 2299 1747 2353 Sed

164 2398 351 2453 ethoc
397 2413 646 2467 magnum
680 2398 796 2452 ﬁeri
830 2404 1004 2467 potest
1045 2403 1103 2449 ut
1144 2392 1453 2463 adipiscaris
1495 2393 1537 2447 si
1568 2391 1743 2445 velis:

163 2506 264 2545 non
310 2494 458 2546 enim
499 2501 586 2545 est
622 2491 673 2544 in
723 2489 897 2544 medio
937 2488 1215 2557 Seraphim
1246 2495 1469 2548 tantum,
1495 2484 1587 2538 sed
1614 2493 1668 2537 et
1692 2483 1747 2538 in

164 2584 340 2637 medio
369 2582 542 2638 nostri
572 2584 841 2651 ipsorum,
871 2581 915 2634 si
943 2580 1184 2635 velimus.
1219 2578 1317 2633 Ubi
1337 2579 1466 2631 enim
1493 2584 1607 2629 sunt
1642 2575 1746 2628 duo

162 2673 233 2725 uel
259 2683 361 2726 tres
391 2672 717 2743 congregati,
748 2671 951 2739 inquit,
976 2669 1030 2723 in
1055 2670 1254 2722 nomine
1290 2684 1426 2730 meo,
1456 2669 1523 2720 ibi
1551 2682 1663 2721 sum
1691 2667 1746 2720 in

160 2766 324 2819 medio
339 2781 514 2819 eorum
534 2764 747 2834 (Matth.
772 2764 860 2820 l8.
876 2762 993 2833 20);
1024 2771 1097 2830 et,
1116 2760 1363 2817 Dominus
1386 2764 1533 2831 juxta
1556 2770 1627 2817 est
1645 2761 1708 2815 iis
1725 2802 1743 2829 ,

158 2859 242 2925 qui
262 2858 484 2909 contrito
504 2866 623 2910 sunt
647 2858 815 2923 corde,
841 2867 885 2910 et
906 2857 1118 2910 humiles
1140 2856 1321 2924 spiritu
1340 2854 1549 2909 salvubit
1572 2853 1738 2925 (Psal.

158 2950 245 3003 33.
267 2950 383 3019 l9).
411 2950 696 3019 PrOpterea
720 2950 913 3004 clamat
931 2948 1089 3004 etiam
1114 2948 1311 3004 Paulus
1341 2964 1353 3001 :
1388 2948 1513 3014 Qttae
1542 2963 1743 3002 sursum

157 3051 271 3093 sunt
300 3042 503 3111 sapite,
553 3043 636 3095 ubi
684 3040 912 3095 Christus
957 3048 1028 3095 est
1072 3040 1127 3093 in
1174 3039 1382 3094 dextera
1426 3038 1523 3092 Dei
1569 3039 1744 3091 sedens

157 3128 380 3197 (Colass.
415 3131 469 3185 3.
499 3130 580 3198 Ξ).
615 3130 776 3185 Vides
808 3139 865 3185 ut
895 3145 993 3185 nos
1020 3144 1139 3183 cum
1169 3128 1448 3197 Seraphim
1475 3128 1740 3192 statuerit,

154 3220 383 3287 ctjuxta
415 3222 620 3289 rt-gium
662 3220 853 3275 solium
882 3218 1201 3274 deduxerit?
1243 3217 1444 3272 Deinde
1485 3216 1695 3285 subjieit
1724 3233 1739 3272 :

156 3312 264 3367 Sea:
292 3314 396 3368 ala
421 3314 538 3377 uni,
569 3322 617 3367 et
642 3330 733 3368 sea:
759 3313 857 3367 alte
873 3312 1018 3367 alteri
1043 3310 1062 3383 (
1083 3310 1211 3368 Isai.
1240 3311 1292 3366 6.
1320 3311 1397 3383 9).
1428 3310 1560 3378 Quid
1590 3310 1743 3367 nobis

155 3402 235 3458 hre
277 3418 375 3457 sex
420 3403 519 3456 alte
560 3402 875 3473 designant?
914 3401 1295 3467 Altitudinem,
1324 3400 1738 3464 sublimitatem,

154 3493 434 3548 lctritatem
453 3534 468 3557 ,
491 3492 817 3547 celeritatem
846 3503 1151 3547 naturarum
1192 3492 1425 3546 illarum.
1456 3491 1741 3561 Propterea

153 3584 377 3640 Gabriel
404 3594 618 3654 quoque
654 3584 929 3640 descendit
966 3584 1138 3639 alatus
1159 3624 1173 3649 ,
1201 3598 1306 3638 non
1338 3582 1477 3654 quod
1515 3583 1612 3639 alis
1657 3584 1740 3636 in-

151 3684 360 3730 structa
392 3677 467 3729 sit
491 3676 805 3746 incorporea
834 3676 919 3729 illa
950 3683 1138 3729 natura
1156 3713 1171 3740 ,
1216 3674 1312 3730 sed
1339 3672 1478 3744 quod
1503 3673 1571 3727 ab
1598 3673 1743 3727 altis-

151 3768 309 3821 simis
341 3768 357 3798 ⁸
390 3766 523 3820 locis
553 3767 655 3822 illis
698 3766 1070 3832 descenderit,
1102 3780 1165 3821 ac
1197 3766 1444 3836 supernis
1482 3766 1585 3819 illis
1612 3780 1743 3821 con-

152 3858 409 3913 ventibus
426 3858 622 3912 relictis
635 3856 927 3913 advenerit.
945 3857 1080 3925 Quid
1100 3867 1276 3913 autem
1295 3859 1393 3913 sibi
1410 3859 1521 3913 vult
1539 3859 1741 3913 alarum

154 3948 458 4003 numerus?
501 3948 611 4003 Hoc
650 3949 769 4004 loco
811 3959 991 4004 nostra
1034 3949 1477 4020 interpretatione
1504 3950 1635 4005 nihil
1662 3958 1745 4005 est

151 4056 292 4109 opus
323 4061 339 4093 ;
374 4041 605 4109 seipsatn
634 4041 773 4095 enim
802 4041 971 4095 oratio
1001 4044 1129 4098 satis
1163 4042 1442 4111 exposuit,
1472 4057 1591 4097 cum
1623 4042 1742 4096 illa-

154 4149 277 4186 mtn
331 4132 489 4185 nobis
533 4146 686 4186 usum
736 4132 985 4188 indicavit
1016 4148 1030 4185 :
1063 4132 1276 4187 Duabus
1318 4134 1459 4189 enim
1485 4176 1500 4200 ,
1534 4135 1699 4204 inqttit
1723 4176 1737 4199 ,

150 4223 454 4293 aperiebant
474 4222 655 4289 [aciein
691 4238 869 4291 suam;
895 4224 1113 4290 merito,
1140 4232 1405 4294 tamquam
1431 4224 1615 4279 oculos
1640 4224 1740 4278 du-

155 4315 281 4377 plici
315 4311 550 4382 quodam
582 4322 733 4382 septo
756 4314 1057 4369 munientes
1078 4356 1093 4380 ,
1141 4314 1281 4384 quod
1312 4315 1645 4370 exsilientem
1674 4316 1740 4370 ab

159 4405 259 4459 illa
281 4403 457 4474 gloria
486 4402 744 4473 fulgorem
773 4404 992 4460 minime
1019 4404 1235 4460 ferrent.
1266 4404 1331 4459 Et
1356 4405 1552 4460 duabus
1589 4408 1737 4476 pedes

150 4498 459 4568 obtegebant
482 4536 496 4560 ,
528 4496 596 4554 ob
620 4496 862 4553 eamdem
893 4497 1029 4553 forte
1052 4498 1556 4553 consternationem.
1587 4497 1739 4553 Sole-

150 4604 275 4644 mus
306 4590 509 4659 quippe
529 4603 628 4643 nos
651 4590 961 4653 etiam,cum
978 4596 1170 4656 stupor
1185 4589 1380 4658 aliquis
1399 4605 1497 4645 nos
1528 4591 1737 4646 invase—

150 4680 258 4743 rit,
294 4692 496 4746 corpus
533 4679 678 4733 omni
706 4693 772 4733 ex
820 4687 969 4748 parte
1010 4688 1317 4749 contegere.
1370 4681 1504 4747 Quid
1546 4698 1737 4750 corpus

147 4769 311 4832 dico,
340 4781 467 4822 eum
497 4777 552 4822 et
577 4767 676 4836 ipsi
701 4768 895 4822 animat
922 4767 1026 4823 hoc
1052 4770 1330 4839 contingat
1371 4771 1423 4824 in
1451 4774 1740 4841 apparitio-

148 4862 317 4916 nibus
346 4875 469 4929 quai
494 4857 708 4913 modum
732 4859 1027 4924 excedunt,
1058 4871 1111 4915 et
1157 4864 1413 4930 repressis
1441 4864 1738 4921 actionibus

148 4953 268 5007 suis
296 4950 365 5005 ad
402 4949 649 5003 inferiora
686 4947 989 5020 confugiat,
1016 4966 1181 5022 seque
1217 4967 1441 5022 corpore
1470 4963 1737 5025 tamquam

149 5043 323 5112 pallio
352 5038 580 5109 quodam
602 5038 884 5094 obvolvatl
906 5038 1282 5097 Verumtamen
1306 5059 1460 5097 nemo
1487 5059 1606 5099 cum
1630 5054 1740 5099 stu-

156 5146 351 5203 porem
374 5140 431 5185 et
449 5130 929 5185 consternationem
957 5132 1122 5198 audit,
1153 5134 1357 5189 tristem
1380 5135 1608 5205 aliquem
1635 5136 1740 5192 illis

152 5223 471 5295 ingenerari
512 5222 754 5277 timorem
789 5222 1119 5281 arbitretur:
1146 5226 1412 5295 siquidem
1459 5227 1582 5283 hmc
1606 5244 1739 5284 con-

152 5316 482 5373 sternationi
515 5315 772 5371 immensa
809 5315 1052 5387 quaedam
1081 5318 1325 5388 voluptas
1355 5330 1434 5375 est
1472 5322 1733 5376 admixta.

150 5410 383 5465 Duabus
410 5418 578 5464 autem
605 5407 855 5463 volabant.
887 5408 951 5463 Et
975 5408 1076 5465 hoc
1100 5410 1354 5467 indicium
1382 5424 1464 5469 est
1491 5429 1583 5470 eos
1610 5416 1738 5469 sub-

146 5504 311 5557 limia
335 5516 549 5572 semper
574 5513 845 5573 appetere,
868 5516 966 5557 nec
990 5518 1237 5573 umquam
1280 5504 1529 5562 deorsum
1566 5509 1735 5577 respi-

147 5610 308 5651 cere.
338 5592 406 5647 Et
433 5593 682 5648 clamabat
706 5592 834 5649 alter
859 5594 927 5648 ad
954 5593 1167 5649 alterum
1191 5638 1205 5663 ,
1237 5598 1474 5666 Sanctus,
1506 5612 1729 5668 sanctus,

219 5733 239 5763 ι
278 5728 376 5803 alii
404 5731 476 5780 sic
514 5729 837 5803 habentis...
858 5728 944 5802 illa
971 5737 1161 5803 natura,
1201 5735 1286 5785 sed
1311 5742 1359 5787 ut
1381 5743 1540 5788 notum
1559 5738 1739 5803 faceret

150 5790 414 5854 prth
434 5791 563 5855 quod
583 5791 646 5842 ab
668 5790 930 5855 altissitttis,
953 5801 1048 5843 etc.

1130 362 1201 421 1N
1236 361 1458 430 ILLUD,
1497 360 1636 417 VlDl
1675 355 1997 425 DOMINUM,
2038 357 2268 414 HOMIL.
2312 356 2399 414 Vl.

3340 369 3454 427 138

1867 482 2067 528 sanctus
2102 471 2271 546 (Isai.
2305 472 2362 529 6.
2399 471 2493 545 3).
2524 470 2592 528 Et
2622 471 2735 543 ipse
2761 470 2963 529 clamor
2988 485 3172 528 rursus
3208 471 3442 528 admira~

1868 564 2024 620 tionis
2048 564 2303 620 indicium
2343 564 2495 622 nobis
2521 574 2604 621 est
2632 562 2963 621 maximum:
2994 579 3100 621 non
3138 563 3278 621 enim
3308 580 3444 635 quoe

1866 658 1946 712 vis
1971 658 2132 713 modo
2162 659 2449 714 concinunt
2478 658 2732 730 hymnum
2758 699 2773 725 ,
2811 658 2906 715 sed
2930 672 3050 714 eum
3077 657 3316 714 clamore
3344 673 3437 712 vt-

1866 748 1994 814 lido;
2037 763 2211 818 neque
2236 764 2357 804 cum
2385 748 2623 804 clamore
2648 749 2995 818 simpliciter,
3028 748 3124 805 sed
3149 756 3204 805 et
3232 764 3448 820 semper

1864 840 1965 896 hoc
1990 840 2249 897 factitant.
2277 839 2409 895 Nam
2437 839 2719 912 splendida
2743 840 2953 910 quidem
2979 855 3229 912 corpora,
3255 856 3443 912 quam-

1863 934 1941 989 vis
1982 949 2145 1003 supra
2187 934 2402 989 modum
2428 934 2535 990 sint
2562 932 2832 1003 splendida
2855 976 2870 1000 ,
2900 944 3009 989 tum
3036 936 3207 992 solum
3238 951 3336 991 nos
3375 937 3443 990 ad

1862 1025 2264 1081 admirationem
2293 1025 2468 1079 solent
2494 1023 2793 1092 traducere,
2816 1040 2935 1080 cum
2960 1040 3021 1081 ea
3050 1026 3282 1097 primum
3309 1042 3444 1082 ocu-

1862 1117 1926 1172 lis
1955 1116 2387 1187 usurpaverimus
2414 1131 2428 1168 :
2461 1131 2583 1170 cum
2623 1130 2754 1171 vero
2780 1115 3049 1171 multoties
3076 1118 3444 1187 contemplan-

1859 1209 1943 1263 dis
1972 1208 2075 1261 illis
2112 1206 2380 1261 immorati
2414 1205 2669 1261 fuerimus
2690 1247 2704 1271 ,
2737 1205 3023 1261 admiratio
3053 1206 3439 1262 consuetudine

1861 1298 2078 1361 tollitur,
2106 1298 2190 1351 tibi
2220 1312 2280 1352 se
2311 1298 2616 1367 spectandis
2644 1298 2743 1350 illis
2764 1297 3075 1367 corporibus
3118 1298 3256 1352 oculi
3281 1298 3439 1354 dein-

1858 1404 1983 1459 ceps
2026 1389 2384 1444 exercuerim.
2418 1389 2709 1459 Propterea
2746 1404 2869 1445 cum
2912 1390 3110 1460 regiam
3144 1391 3437 1461 imaginem

1858 1496 2045 1536 recens
2076 1482 2300 1550 positam
2332 1481 2607 1551 multoque
2632 1482 2870 1536 colorum
2900 1481 3185 1550 splendore
3230 1482 3440 1554 fulgen-

1859 1583 1963 1628 tem
1994 1574 2264 1627 iutuemur
2284 1612 2301 1639 ,
2331 1571 2760 1641 obstupescimus
2788 1591 2802 1627 :
2834 1581 2952 1641 post
2983 1587 3146 1627 unum
3175 1582 3353 1628 autem
3380 1583 3438 1629 et

1855 1667 2081 1722 alterum
2106 1665 2246 1721 diem
2272 1680 2381 1719 non
2406 1664 2517 1735 jam
2547 1663 2775 1734 amplius
2804 1664 3155 1720 admiramur.
3203 1664 3270 1720 Et
3305 1665 3434 1737 quid

1855 1758 1975 1813 dico
2000 1757 2198 1828 regiam
2221 1756 2529 1827 imaginem,
2557 1770 2678 1811 cum
2704 1755 2755 1809 in
2776 1765 2996 1825 aspectu
3017 1755 3285 1810 radiorum
3306 1756 3437 1812 solis

1855 1850 1957 1905 hoc
1980 1850 2153 1920 ipsum
2181 1851 2333 1906 nobis
2360 1849 2584 1913 accidat,
2608 1849 2799 1919 quibus
2822 1848 3022 1903 nullum
3041 1863 3234 1919 corpus
3256 1849 3437 1918 splen-

1852 1940 2028 1995 didius
2056 1941 2281 1995 inveniri
2310 1940 2530 2010 potest?
2560 1939 2647 1996 Sic
2675 1941 2913 1995 omnium
2943 1955 3229 2011 corporum
3258 1943 3435 1997 admi-

1854 2032 2111 2086 rationem
2146 2031 2281 2085 tollit
2302 2030 2633 2086 consuetudo
2664 2048 2679 2086 :
2710 2030 2805 2086 sed
2837 2030 2889 2085 in
2916 2030 3009 2087 Dei
3033 2031 3201 2103 gloria
3230 2047 3334 2087 non
3363 2034 3435 2087 ita

1854 2122 1939 2187 fit,
1972 2131 2027 2177 at
2054 2121 2213 2193 plane
2236 2122 2586 2178 contrarium.
2631 2115 2848 2184 Quanto
2917 2122 3061 2180 enim
3090 2124 3260 2196 magis
3288 2124 3436 2180 illius

1851 2218 2033 2287 gloria:
2085 2217 2527 2288 contemplationi
2590 2218 2816 2275 virtutes
2879 2219 3236 2277 immorantur
3280 2219 3431 2285 istae,

1854 2316 1998 2362 tanto
2019 2308 2186 2379 magis
2216 2309 2622 2378 obstupescunt,
2654 2317 2709 2365 et
2729 2308 3143 2367 admirationem
3169 2326 3321 2367 suam
3351 2313 3433 2366 in-

1852 2401 2076 2455 tendunt
2107 2418 2120 2453 :
2146 2416 2304 2471 quam
2332 2402 2404 2456 ob
2432 2416 2649 2458 causam
2675 2444 2691 2469 ,
2717 2417 2784 2459 ex
2810 2418 2917 2473 quo
2956 2418 3077 2460 esse
3120 2416 3395 2474 creperum
3415 2447 3430 2463 .

1848 2490 1915 2543 ad
1946 2491 2087 2545 hunc
2135 2506 2305 2561 usque
2340 2490 2481 2547 diem
2529 2492 2750 2563 gloriam
2801 2494 2942 2548 illam
2980 2478 3431 2561 intuentesgcum

1847 2589 2066 2651 stupore
2115 2581 2348 2637 clamare
2397 2597 2501 2637 non
2548 2582 2915 2639 cessant:sed
2959 2584 3101 2655 quod
3140 2585 3193 2640 in
3234 2587 3433 2656 exiguo

1850 2674 2104 2745 temporis
2133 2675 2305 2745 spatio
2329 2674 2482 2730 nobis
2504 2676 2762 2746 contingit
2779 2718 2794 2744 ,
2821 2675 2946 2731 dum
2973 2676 3145 2749 fulgor
3170 2678 3223 2732 in
3247 2679 3433 2735 oculos

1848 2764 2018 2820 fertur
2045 2775 2262 2821 nostros
2281 2806 2297 2829 ,
2329 2766 2435 2823 hoc
2469 2768 2570 2822 illze
2604 2776 2862 2838 perpetuo
2891 2768 3181 2838 patiuntur,
3207 2780 3260 2825 et
3298 2785 3431 2826 con-

1850 2859 1992 2913 tinua
2020 2858 2375 2914 admiratione
2395 2874 2517 2914 cum
2545 2859 2817 2928 voluptate
2847 2860 3073 2931 quadam
3098 2860 3427 2917 afficiuntur.

1846 2948 2031 3019 Neque
2057 2965 2184 3004 vero
2209 2950 2380 3004 solum
2405 2951 2657 3015 clamant,
2687 2950 2779 3005 sed
2808 2953 2877 3006 ad
2908 2952 3137 3008 invicem
3163 2952 3215 3007 id
3241 2962 3423 3024 agunt,

1846 3040 1987 3108 quod
2016 3041 2239 3093 intonsa:
2263 3040 2538 3109 cujusdam
2579 3040 2948 3095 admirationis
2979 3051 3061 3096 est
3088 3043 3317 3111 signum.
3353 3041 3426 3095 ita

1847 3145 1945 3184 nos
1972 3144 2183 3200 quoque
2206 3170 2221 3196 ,
2249 3129 2376 3184 dum
2421 3130 2653 3199 erumpit
2684 3131 2882 3185 tonitru
2912 3145 3031 3186 eum
3063 3131 3273 3202 fragore
3295 3174 3310 3195 ,
3339 3133 3428 3188 vel

1847 3230 1985 3276 terra
2028 3230 2308 3287 movetur,
2358 3237 2461 3276 non
2490 3221 2654 3276 modo
2680 3221 2949 3278 resilimus
2972 3262 2989 3287 ,
3027 3232 3080 3277 et
3100 3222 3425 3286 clamamus,

1849 3312 1944 3367 sed
1973 3313 2039 3367 ad
2064 3313 2290 3367 invicem
2324 3312 2375 3366 in
2399 3312 2602 3367 aedibus
2626 3313 2825 3367 nostris
2850 3311 3206 3384 confugimus.
3240 3314 3351 3369 Hoc
3375 3324 3429 3370 et

1847 3404 2125 3476 Seraphim
2148 3412 2310 3475 agunt
2338 3422 2351 3460 :
2381 3404 2608 3475 ideoque
2627 3404 2763 3460 alter
2788 3404 2855 3460 ad
2877 3404 3101 3461 alterum
3128 3405 3425 3472 clamabat,

1851 3496 2095 3560 Sanctus,
2140 3505 2375 3560 sanctus,
2403 3506 2627 3551 sanctus.

1922 3588 1975 3641 5.
2021 3587 2284 3657 Numquid
2308 3586 2446 3643 hanc
2472 3601 2659 3643 vocem
2680 3587 3013 3658 agnovistis?
3051 3589 3306 3659 numquid
3331 3603 3428 3644 no-

1846 3692 1954 3736 stra
1987 3691 2088 3747 est,
2116 3697 2182 3736 an
2217 3697 2345 3737 vero
2373 3680 2697 3751 Seraphim?
2724 3683 2790 3737 Et
2834 3692 3016 3737 nostra
3046 3692 3099 3738 et
3123 3683 3420 3752 Seraphim,

1847 3771 2101 3828 beneficio
2126 3772 2343 3839 Christi,
2372 3773 2459 3844 qui
2488 3772 2719 3828 medium
2748 3775 3005 3844 parietem
3035 3772 3276 3827 maceriae
3300 3787 3424 3827 sus-

1848 3867 1986 3929 tulit,
2010 3877 2058 3921 et
2093 3866 2387 3936 pacificavit
2411 3866 2588 3920 omnia
2616 3880 2734 3935 quae
2762 3865 2813 3919 in
2844 3863 2988 3918 exiis
3016 3872 3176 3929 sunt,
3209 3872 3263 3919 et
3304 3878 3425 3934 qua:

1848 3959 1898 4011 in
1927 3958 2100 4021 terris,
2131 3967 2184 4010 ct
2212 3957 2327 4025 ejus
2368 3956 2648 4023 beneﬁcio,
2676 3956 2764 4026 qui
2809 3964 3032 4026 utraque
3074 3954 3199 4011 fecit
3237 3972 3425 4012 unum.

1844 4053 1974 4106 Nato
2004 4064 2157 4105 antea
2186 4052 2398 4121 quidem
2430 4052 2482 4105 in
2512 4052 2658 4106 caelis
2690 4060 2890 4106 tantum
2928 4051 3157 4123 hymnus
3197 4051 3298 4107 iste
3331 4066 3424 4106 ca-

1846 4146 2111 4199 uebatur:
2159 4152 2436 4213 postquam
2468 4152 2643 4199 autem
2675 4144 2726 4199 in
2772 4153 2967 4199 terram
3010 4144 3190 4201 venire
3234 4144 3423 4216 digna-

1846 4249 1928 4291 tus
1954 4247 2034 4291 eSt
2072 4238 2348 4304 Dominus,
2376 4236 2519 4292 hunc
2547 4237 2705 4292 etiam
2738 4247 3052 4302 concentum
3096 4236 3161 4290 ad
3192 4250 3290 4290 nos
3330 4236 3426 4290 de-

1848 4330 1982 4383 tulit.
2020 4329 2307 4397 Propterea
2357 4344 2567 4398 quoque
2619 4343 2841 4397 magnus
2888 4328 2973 4381 hic
3010 4326 3253 4382 Pontifex
3300 4341 3420 4381 cum

1839 4422 1986 4492 juxta
2013 4436 2217 4475 sacram
2247 4420 2383 4475 hanc
2408 4435 2645 4475 mensam
2672 4419 2990 4483 constiterit,
3014 4426 3071 4472 ut
3108 4418 3423 4475 rationalem

1845 4514 2043 4567 cultum
2076 4512 2344 4574 exhibeat,
2377 4520 2430 4565 et
2469 4510 2785 4564 sacriﬁcium
2832 4508 3021 4565 offerat
3060 4509 3421 4577 incruentum,

1846 4620 1951 4656 non
1981 4602 2292 4670 simpliciter
2330 4614 2426 4654 nos
2451 4599 2514 4654 ad
2545 4599 2681 4654 hanc
2732 4600 2955 4655 faustam
2984 4601 3423 4657 acclamationem

1844 4694 2050 4756 invitat,
2080 4691 2173 4746 sed
2204 4692 2289 4746 ubi
2332 4692 2477 4761 prius
2518 4690 2803 4747 Cherubim
2832 4691 3144 4761 nominavit,
3176 4702 3231 4749 et
3267 4692 3425 4749 Sera-

1846 4785 1987 4852 phim
2019 4784 2339 4838 mentionem
2384 4784 2524 4846 fecit,
2556 4794 2665 4839 tum
2693 4784 2904 4839 demum
2926 4785 2991 4840 ad
3023 4786 3158 4842 hanc
3186 4794 3423 4841 tremen-

1842 4872 1963 4927 dam
2011 4890 2193 4929 vocem
2248 4875 2559 4931 mittendam
2613 4891 2798 4931 omnes
2844 4876 3171 4942 adhortatur,
3196 4888 3251 4931 et
3292 4878 3423 4932 dum

1845 4982 2026 5020 eorum
2074 4982 2172 5021 nos
2219 4967 2489 5034 admonet,
2522 4969 2609 5038 qui
2660 4968 2933 5023 nobiscum
2978 4967 3172 5021 choros
3199 4968 3419 5037 agitant,

1845 5066 2078 5112 mentem
2108 5068 2340 5113 nostram
2391 5075 2422 5114 a
2480 5070 2618 5115 terra
2665 5058 2944 5123 subducit,
2995 5073 3423 5131 unumquemque

1847 5158 2085 5205 nostrum
2115 5150 2198 5204 liis
2226 5150 2605 5221 prepemodum
2652 5150 2826 5204 verbis
2852 5150 3087 5205 excitans
3110 5165 3124 5203 :
3157 5149 3275 5208 Una
3300 5167 3421 5207 cum

1846 5243 2124 5315 Seraphim
2176 5246 2341 5308 canis,
2372 5260 2471 5298 una
2525 5259 2643 5297 cum
2695 5242 2971 5313 Seraphim
3002 5254 3114 5311 sta,
3146 5261 3266 5299 cum
3320 5245 3423 5300 illis

1845 5338 1958 5392 alas
1985 5337 2231 5400 extende,
2259 5352 2376 5390 cum
2400 5336 2501 5389 illis
2522 5334 2725 5405 regium
2756 5335 2945 5389 solium
2965 5337 3311 5390 circumvola.

1914 5429 2089 5482 Altare
2125 5427 2317 5482 caeleste
2359 5428 2525 5497 ﬁgura
2566 5428 2741 5482 altaris
2788 5428 3043 5483 Ecclesia.
3087 5427 3188 5483 Cur
3220 5428 3428 5498 jejunio

1845 5529 1962 5573 ante
1994 5519 2409 5573 communionem.
2438 5550 2511 5560 —
2535 5518 2673 5589 Quid
2703 5537 2828 5576 vero
2859 5522 3070 5587 mirum,
3102 5522 3143 5574 si
3172 5536 3290 5573 cum
3320 5520 3421 5573 Se-

1845 5611 2055 5681 raphim
2088 5612 2320 5678 steteris,
2349 5628 2468 5667 cum
2508 5628 2570 5668 ea
2596 5631 2713 5684 quae
2758 5615 3033 5685 Seraphim
3080 5630 3182 5667 non
3222 5614 3424 5669 audent

1845 5703 2175 5773 contingere,
2210 5704 2302 5758 tibi
2352 5704 2492 5761 Deus
2539 5705 2703 5761 libere
2734 5707 3002 5762 tractanda
3053 5707 3421 5759 concesserit?

1852 5794 2033 5850 Missus
2068 5804 2139 5850 est
2165 5794 2293 5850 enim
2335 5797 2402 5850 ad
2441 5814 2537 5861 me,
2581 5796 2769 5858 inquit.
2802 5813 2930 5851 unus
2958 5796 3020 5849 de
3049 5795 3338 5865 Seraphim,
3379 5800 3423 5850 α
