4148 6306
701 324 814 380 139

701 425 909 479 habebat
953 422 1216 478 carbonem
1262 420 1413 493 ignis,
1458 437 1603 491 quem
1652 420 1844 489 forcipe
1886 427 2167 489 sumpserat
2211 418 2271 471 de

698 516 849 568 altari
874 512 1025 586 (lsai.
1048 513 1098 567 ﬁ.
1120 514 1194 583 6),
1217 510 1341 567 illud
1363 513 1530 569 altare
1558 512 1718 581 ﬁgura
1743 522 1823 566 est
1846 522 1903 566 et
1928 512 2102 581 imago
2123 510 2273 564 istius

698 606 882 659 altaris
913 623 925 660 :
956 604 1092 675 ignis
1125 605 1229 669 ille,
1260 603 1552 673 Spiritnalis
1579 604 1717 672 ignis
1759 604 1929 657 istius.
1968 602 2038 655 At
2062 615 2167 656 non
2194 608 2275 655 est

695 711 858 751 ausus
902 696 1179 765 Serapliim
1224 711 1381 749 manu
1430 695 1757 764 contingere.
1803 693 1897 749 sed
1948 693 2183 762 forcipe:
2218 701 2273 746 tu

695 803 824 843 vero
864 804 1019 841 manu
1052 788 1265 858 accipis.
1308 788 1593 842 Enimvero
1621 788 1667 842 si
1704 803 1886 841 eorum
1916 802 2033 856 quas
2075 800 2270 856 prepo-

696 883 794 933 sita
823 891 947 934 sunt
972 880 1280 950 dignitatem
1325 889 1556 949 spectes,
1588 880 1703 949 ipso
1724 888 1968 933 contactu
1995 877 2272 949 Seraphitn

698 974 867 1027 multo
898 974 1096 1041 majora
1142 982 1261 1025 sunt
1291 972 1395 1025 ista
1423 990 1435 1025 :
1464 971 1544 1025 sin
1577 980 1753 1025 autem
1797 969 2004 1024 Domini
2030 968 2272 1035 benigni—

700 1074 862 1122 tatem
887 1065 1214 1128 consideres,
1245 1079 1312 1119 ne
1333 1064 1399 1118 ad
1439 1072 1677 1117 nostram
1707 1062 1919 1133 quidem
1950 1060 2276 1116 descendere

698 1158 952 1212 vilitatem
975 1173 1157 1213 eorum
1183 1159 1348 1226 gratia
1372 1172 1488 1227 qua!
1521 1156 1789 1226 preposita
1821 1164 1942 1209 sunt
1987 1153 2273 1209 erubescit.

702 1249 824 1305 lla-c
873 1248 1028 1319 igitur
1073 1250 1330 1319 cogitans,
1366 1248 1435 1301 mi
1480 1247 1662 1314 homo,
1702 1256 1755 1302 et
1797 1257 1992 1316 quanta
2033 1245 2155 1300 doni
2208 1245 2277 1300 sit

698 1338 1006 1408 magnitudo
1052 1348 1225 1393 tecum
1275 1348 1555 1407 reputans,
1588 1335 1871 1406 aliquando
1923 1335 2135 1390 tandem
2185 1350 2277 1390 ex-

698 1440 1051 1501 surge,atque
1073 1431 1286 1485 avulsus
1314 1445 1341 1483 a
1367 1438 1508 1484 terra.
1525 1430 1573 1482 iu
1596 1430 1783 1483 caelum
1812 1430 2059 1483 ascende.
2079 1426 2275 1482 Verum

701 1522 857 1576 trahit
899 1536 995 1577 nos
1025 1537 1237 1590 corpus,
1272 1531 1327 1576 et
1356 1521 1605 1577 deorsum
1654 1520 1778 1575 ferri
1805 1518 1985 1590 cogit?
2010 1518 2111 1574 Sed
2152 1533 2279 1574 ecce

703 1613 990 1666 adventant
1006 1613 1228 1683 jejunia,
1258 1629 1375 1681 quae
1406 1627 1607 1682 pennas
1641 1612 1832 1666 anima:
1857 1612 2003 1666 leves
2030 1610 2275 1677 reddunt,

701 1716 753 1760 et
779 1706 948 1762 levem
978 1707 1237 1761 sarcinam
1265 1706 1440 1761 carnis
1467 1704 1721 1769 efﬁciunt,
1764 1705 1888 1760 licet
1912 1704 2124 1774 plumbo
2148 1719 2279 1773 quo-

700 1798 780 1851 vis
818 1798 1032 1868 gravius
1077 1812 1273 1867 corpus
1316 1796 1639 1866 acceperint.
1665 1794 2046 1851 Verumtamen
2076 1808 2280 1850 sermo-

704 1903 823 1942 nem
857 1887 923 1942 de
948 1887 1150 1956 jejunio
1182 1888 1439 1957 tantisper
1463 1885 1790 1953 diﬁ‘eramus,
1822 1885 1962 1941 hunc
2004 1894 2180 1940 autem
2214 1886 2280 1944 de

703 1980 969 2053 mysteriis
991 1980 1099 2050 jam
1130 1979 1485 2043 instituamus,
1518 1994 1745 2050 quorum
1774 1979 1943 2048 gratia
1966 1987 2018 2033 et
2045 1978 2164 2047 ipsa,
2193 1978 2277 2047 je-

701 2074 849 2141 junis
891 2083 1016 2127 sunt
1058 2079 1275 2127 statuta.
1312 2071 1439 2125 Nam
1471 2071 1610 2126 sicut
1635 2070 1683 2123 in
1714 2070 2002 2141 Olympicis
2031 2069 2280 2123 certami-

704 2164 858 2217 nibus
884 2162 1227 2217 lnctationum
1257 2161 1376 2216 ﬁnis
1402 2170 1483 2217 est
1506 2175 1724 2223 corona,
1752 2160 1833 2215 sic
1866 2170 1916 2215 et
1940 2159 2124 2229 jejunii
2162 2160 2280 2213 finis

702 2263 785 2307 est
814 2253 1007 2308 munda
1037 2253 1377 2307 communio:
1410 2254 1585 2321 itaque
1624 2252 1722 2305 nisi
1755 2250 1943 2305 diebus
1971 2251 2082 2304 istis
2124 2248 2282 2305 fuerit

704 2360 733 2399 a
766 2345 919 2399 nobis
970 2344 1071 2399 hoc
1100 2344 1415 2415 pra-stilum,
1446 2343 1529 2399 ubi
1581 2352 1783 2398 temere
1830 2357 1892 2397 ac
1938 2341 2130 2396 frustra
2184 2356 2280 2396 nos

706 2440 848 2508 ipsos
889 2437 1524 2507 afllixerimus,expertes
1553 2451 1749 2493 corona
1793 2450 1856 2489 ac
1897 2435 2014 2492 sine
2063 2436 2281 2505 praemio

703 2545 765 2582 ex
789 2528 977 2597 jejunii
1010 2538 1297 2583 scammate
1323 2528 1677 2582 discedemus.
1728 2527 2011 2598 Propterea
2054 2526 2281 2595 majores

703 2620 862 2672 etiam
891 2619 1053 2674 nostri
1101 2618 1289 2689 jejunii
1321 2618 1547 2673 stadium
1593 2617 1971 2683 extenderunt,
2012 2631 2075 2671 ac
2115 2617 2283 2684 poeni-

706 2708 886 2764 tentia:
914 2718 1119 2763 certum
1152 2709 1306 2761 nobis
1338 2718 1544 2777 tempus
1586 2708 1943 2777 assignarunt,
1972 2717 2028 2761 ut
2064 2708 2149 2762 tibi
2183 2724 2280 2763 nos

705 2799 1195 2870 expurgaveritnus,
1227 2813 1519 2868 omnesque
1549 2797 1737 2852 sordes
1766 2797 2278 2861 absterserimus,ita

705 2889 920 2945 demum
946 2889 1282 2945 accedamus.
1313 2887 1438 2947 Ideo
1464 2902 1605 2941 nunc
1630 2890 1788 2943 etiam
1819 2902 1885 2943 ex
1914 2887 2014 2941 hoc
2043 2896 2280 2956 tempore

709 2983 849 3035 clara
883 2997 1013 3038 voce
1039 2980 1315 3043 denuntio,
1343 2980 1601 3044 obtestor,
1635 2995 1844 3049 precor,
1878 2989 1931 3033 et
1958 2979 2183 3033 obsecro
2214 2994 2280 3035 ne

706 3088 827 3127 cum
877 3071 1099 3135 macula,
1138 3086 1201 3126 ne
1233 3087 1351 3125 cum
1404 3085 1563 3140 prava
1592 3069 1916 3125 conscientia
1965 3068 2028 3123 ad
2076 3084 2280 3124 sacram

706 3167 844 3220 hanc
868 3179 1103 3221 mensam
1136 3166 1451 3219 accedamus
1475 3181 1487 3217 :
1523 3178 1694 3232 neque
1720 3163 1861 3218 enim
1885 3161 1986 3217 hoc
2014 3176 2279 3229 accessus,

706 3273 876 3327 neque
917 3257 1220 3313 communio
1250 3256 1351 3310 dici
1402 3263 1603 3323 potest,
1647 3254 1886 3323 quamvis
1932 3252 2122 3343 millies
2162 3267 2283 3305 san-

704 3360 849 3405 ctum
881 3346 1009 3403 illud
1035 3360 1228 3416 corpus
1253 3345 1593 3414 attingamus,
1612 3346 1704 3396 sed
1729 3340 2123 3405 condemnatio,
2154 3354 2280 3408 sup-

704 3444 919 3511 plicium
952 3448 1008 3496 et
1029 3454 1301 3509 pmnarum
1336 3437 1589 3491 accessio.
1618 3434 1801 3489 Nullus
1832 3434 1990 3503 igitur
2031 3442 2279 3502 peccator

706 3531 925 3587 accedat
954 3550 966 3585 :
1001 3531 1107 3584 imo
1142 3543 1268 3585 vero
1315 3543 1419 3581 non
1449 3526 1587 3592 dico,
1620 3525 1798 3579 tmllus
1830 3535 2093 3593 peccator,
2116 3539 2284 3593 quan-

707 3622 989 3693 doquidem
1020 3622 1279 3690 meipsum
1311 3619 1538 3689 priorem
1579 3632 1608 3671 a
1635 3616 1807 3670 divina
1846 3630 2029 3669 mensa
2061 3613 2285 3684 rep"'le-

707 3727 861 3777 rem;
901 3711 992 3766 sed
1032 3710 1122 3781 qui
1175 3716 1483 3779 perseveret
1530 3716 1796 3778 peccator.
1826 3705 2005 3759 nullus
2047 3706 2279 3759 accedat.

709 3800 909 3862 idcirco
933 3802 1040 3871 jam
1091 3816 1154 3855 ex
1205 3798 1305 3861 hoe
1356 3808 1591 3867 tempore
1631 3796 1879 3865 praedico,
1911 3810 1977 3848 ne
2022 3809 2140 3848 cum
2173 3795 2285 3849 dies

708 3898 975 3968 regiarum
1006 3894 1284 3964 epularum
1324 3891 1658 3955 adveneriut,
1686 3904 1806 3944 cum
1839 3888 1926 3941 illa
1954 3886 2177 3941 adfuerit
2199 3902 2285 3941 sa-

711 4004 799 4042 cra
851 4001 1072 4055 vespera
1105 3984 1283 4038 dicere
1320 3992 1477 4052 queat
1516 3982 1728 4050 aliquis,
1762 3978 2053 4048 lmparatus
2094 3977 2282 4032 intravi

710 4096 773 4135 ac
805 4079 995 4139 nudus,
1016 4087 1069 4132 et
1094 4076 1207 4131 haue
1234 4076 1356 4129 olim
1387 4075 1597 4143 prmdici
1626 4072 1876 4144 oportuit.
1901 4071 1955 4126 Si
1987 4071 2128 4127 enim
2157 4070 2281 4125 olim

710 4171 825 4225 haec
877 4168 1217 4231 audivissent,
1264 4166 1481 4220 omnino
1531 4175 1765 4221 mutatus
1814 4179 2019 4231 essem,
2070 4163 2286 4219 omnino

711 4272 991 4332 postquam
1023 4259 1280 4328 meipsum
1330 4271 1724 4327 expurgassem,
1752 4256 1821 4309 ita
1851 4256 2063 4309 demum
2104 4270 2288 4310 acces-

709 4359 921 4418 sissem,
949 4350 1024 4406 Ne
1057 4352 1212 4421 igitur
1242 4351 1377 4404 nllus
1412 4348 1505 4403 has
1552 4360 1843 4417 pravtexere
1873 4347 2039 4415 possit
2065 4361 2287 4401 excusa-

710 4449 904 4512 tiones,
933 4446 1041 4515 jam
1072 4459 1137 4498 ex
1169 4443 1269 4497 hoc
1297 4452 1534 4511 tempore
1559 4434 1702 4510 prius
1737 4441 1974 4494 obtestor
2013 4445 2065 4491 et
2094 4436 2287 4491 cohor-

713 4547 816 4596 tor,
844 4545 900 4589 ut
933 4550 1173 4604 magnam
1215 4534 1558 4588 exhibeamus
1604 4530 1989 4603 pcnuitentiam.
2023 4528 2146 4584 Seio
2190 4542 2287 4582 nos

717 4643 902 4690 names
931 4642 1054 4681 reos
1083 4641 1203 4683 esse
1232 4626 1494 4695 supplicii,
1531 4642 1628 4680 nec
1667 4626 1834 4678 ullum
1878 4638 2033 4693 posse
2072 4621 2287 4691 gloriari

713 4720 966 4776 mundum
992 4734 1050 4773 se
1080 4718 1274 4771 habere
1301 4732 1426 4771 cur:
1460 4718 1549 4770 Sed
1582 4734 1683 4770 non
1718 4718 1817 4772 hoc
1846 4716 2039 4769 malum
2066 4723 2147 4768 est
2170 4729 2288 4783 gra—

714 4809 1159 4881 vissimum,qnod
1185 4809 1435 4861 nmndum
1464 4824 1555 4861 eor
1585 4824 1686 4861 non
1712 4806 2126 4872 habeamus,sed
2145 4805 2283 4875 quod

714 4903 968 4958 mundum
1003 4917 1105 4955 non
1140 4900 1391 4952 habentes
1424 4913 1537 4963 cor,
1567 4914 1665 4951 nec
1694 4900 1758 4950 ad
1795 4914 1915 4951 eum
1949 4897 2282 4955 accedamus,

714 4996 802 5061 qui
849 4993 1101 5047 mundum
1152 4998 1324 5060 potest
1365 4987 1489 5043 illud
1537 4986 1779 5041 reddere.
1830 4987 2009 5041 Potest
2059 4988 2197 5042 enim
2244 4987 2284 5039 si

714 5086 878 5138 velit:
914 5087 993 5139 vel
1026 5084 1197 5152 potius
1239 5082 1401 5135 multo
1451 5080 1614 5149 magis
1643 5094 1799 5148 quant
1851 5093 1946 5131 nos
1990 5092 2151 5146 puros
2192 5092 2289 5129 nos

714 5192 830 5230 φελέα
878 5177 1008 5238 vult,
1041 5177 1133 5231 sed
1186 5184 1474 5243 exspectat,
1509 5182 1565 5226 ut
1594 5172 1833 5241 exiguam
1879 5185 1905 5221 a
1958 5170 2109 5223 nobis
2136 5184 2288 5222 occa-

710 5270 914 5321 sionem
970 5269 1221 5336 accipiat,
1251 5277 1308 5321 ut
1355 5266 1683 5321 conﬁdenter
1733 5279 1829 5316 nos
1876 5270 2113 5315 coronet.
2160 5261 2288 5327 Quis

712 5361 882 5431 major
908 5358 1008 5413 fuit
1041 5367 1287 5428 peccator
1312 5373 1467 5424 quam
1519 5354 1864 5427 publicanus?
1904 5352 2005 5407 Sed
2058 5361 2114 5405 ut
2157 5350 2287 5405 dixit

712 5462 949 5510 tantum:
970 5451 1123 5515 Deus,
1156 5450 1400 5521 propitius
1431 5461 1532 5503 esto
1578 5449 1700 5501 mihi
1731 5446 1978 5517 peccaturi
2008 5443 2172 5514 (Luc.
2198 5444 2284 5498 18.

710 5546 820 5615 15),
844 5546 959 5614 plus
980 5559 1136 5613 quam
1162 5542 1457 5596 Pharisazus
1477 5542 1794 5609 justiﬁcatus
1816 5535 2108 5593 descendit.
2131 5533 2288 5588 Tam-

710 5638 805 5689 etsi
835 5645 1083 5703 quantum
1114 5633 1215 5686 vim
1268 5632 1451 5685 habuit
1491 5633 1689 5685 dictum
1743 5629 1907 5684 illud?
1934 5627 2130 5681 Verum
2182 5639 2285 5681 non

701 5725 909 5781 dictum
937 5729 1104 5798 ipsum
1136 5726 1393 5796 purgavit,
1426 5724 1517 5780 sed
1550 5725 1769 5779 affectus
1806 5738 1922 5777 eum
1951 5736 2054 5792 quo
2089 5718 2285 5773 dictum

1441 309 1498 365 s.
1536 292 1813 364 rosariis
1848 304 2318 363 cuuvsosrout
2360 305 2670 362 ARCHIEP.
2710 304 3246 364 consummes.

3846 322 3971 378 140

2382 417 2507 472 illud
2536 419 2783 489 protulit:
2809 420 2915 475 imo
2937 435 3064 476 vero
3093 434 3162 477 ne
3185 419 3331 477 solus
3359 418 3573 492 quidem
3598 419 3837 490 affectus,
3856 422 3964 480 sed

2377 521 2501 564 ante
2530 512 2701 578 ipsum
2733 510 2825 566 Dei
2863 510 3173 581 benignitas.

2448 604 2501 655 4.
2545 602 2696 671 Quod
2725 604 2891 667 enim,
2921 618 3121 673 quaso,
3152 614 3255 659 tam
3286 606 3559 675 egregium
3596 615 3681 661 est
3722 604 3961 671 facinus,

2378 692 2497 762 quis
2522 692 2693 759 labor,
2723 693 2843 762 quis
2872 692 3036 747 sudor
3080 695 3359 762 peecatori,
3408 704 3466 749 ut
3507 707 3567 749 se
3617 704 3964 764 peccatorcm

2378 800 2498 841 esse
2529 786 2845 855 persuadeat
2876 786 2999 849 sibi,
3026 796 3079 841 et
3104 785 3206 842 hoc
3243 788 3381 859 apud
3408 788 3573 843 Deum
3605 787 3965 858 proﬁteatur?

2377 876 2539 933 Vides
2562 877 2699 932 haud
2733 878 2925 932 frustra
2952 878 3151 934 dixisse
3183 880 3461 941 me,Dcum
3487 880 3623 934 velle
3649 881 3899 950 exiguam
3931 896 3964 935 ι

2378 968 2533 1023 nobis
2556 969 2890 1025 occasionem
2918 969 3172 1040 arripere,
3204 979 3311 1024 tum
3340 970 3509 1039 ipsum
3543 970 3737 1025 deinde
3762 973 3826 1025 ad
3868 987 3967 1026 sa-

2381 1059 2544 1115 lutem
2574 1069 2811 1115 nostram
2855 1072 3042 1115 cuncta
3083 1059 3364 1116 conferre?
3395 1061 3763 1116 Pmnitentiam
3797 1063 3966 1133 igitur

2380 1167 2621 1222 agamus,
2668 1154 2959 1223 ploremus,
2991 1154 3361 1211 lamentemur.
3408 1155 3791 1224 Saepenumero
3832 1170 3967 1209 cum

2380 1241 2541 1297 ﬁliam
2571 1245 2689 1313 quis
2717 1244 2984 1311 amiserit,
3030 1243 3286 1314 majorem
3332 1244 3455 1299 vita:
3498 1259 3609 1300 suae
3653 1254 3859 1315 partem
3907 1246 3971 1304 in

2381 1333 2522 1388 luctu
2551 1350 2614 1391 ac
2642 1350 2874 1391 maerore
2900 1335 3128 1395 traducit
3154 1355 3168 1391 :
3199 1351 3299 1392 nos
3327 1336 3559 1392 animam
3606 1338 3967 1408 perdidimus,

2383 1440 2479 1479 nec
2519 1435 2693 1481 tamen
2727 1428 3010 1497 lugemus?
3051 1428 3344 1484 excidimus
3368 1443 3400 1483 a
3429 1429 3618 1493 salute,
3662 1445 3761 1485 nec
3804 1430 3967 1499 plan-

2381 1517 2595 1587 gimus?
2623 1518 2755 1583 Quid
2802 1518 2869 1575 de
2913 1519 3091 1576 anima
3117 1530 3172 1576 et
3208 1521 3378 1577 salute
3407 1520 3634 1592 loquor?
3675 1522 3973 1579 Dominum

2381 1610 2515 1665 adeo
2563 1612 2742 1667 mitem
2793 1626 2856 1667 ac
2911 1611 3193 1685 benignum
3240 1614 3592 1679 irritavimus,
3643 1630 3818 1684 neque
3862 1616 3975 1671 sub

2384 1712 2530 1757 torra
2555 1717 2650 1757 nos
2678 1702 3091 1759 abscondimus?
3118 1704 3234 1760 Non
3265 1707 3405 1761 enim
3435 1713 3637 1759 tantum
3667 1706 3875 1775 providi
3903 1722 3973 1762 ac

2382 1792 2603 1849 solliciti
2640 1791 2861 1861 domini,
2893 1794 2986 1850 sed
3014 1804 3067 1851 et
3098 1796 3263 1865 patris
3308 1795 3651 1867 indulgentis,
3678 1807 3732 1852 et
3763 1797 3972 1853 libero-

2383 1902 2499 1940 rum
2568 1886 2945 1943 amantissimze
3002 1887 3187 1943 matris
3247 1902 3463 1943 omnem
3534 1888 3976 1944 benevolentiam

2385 1986 2673 2047 exsuperat
2719 1992 2811 2043 ea,
2859 1992 2962 2047 qua
3011 1992 3109 2037 nos
3156 1977 3549 2048 complectitur,
3581 1977 3971 2035 sollicitudine.

2386 2067 2653 2137 Numquid
2679 2069 2819 2124 enim
2849 2068 3183 2136 obliviscetur,
3213 2068 3404 2140 inquit,
3433 2069 3615 2123 ntulier
3642 2070 3844 2136 paruuli
3864 2069 3972 2132 sui.

2384 2170 2439 2214 ut
2473 2176 2574 2214 non
2616 2160 2909 2217 misereatur
2946 2164 3138 2231 fetuum
3184 2160 3313 2214 uteri
3355 2161 3476 2215 sui?
3517 2158 3656 2213 Licet
3702 2170 3876 2215 autem
3924 2170 3981 2214 et

2384 2253 2564 2307 mulier
2592 2252 2744 2307 oblita
2769 2253 2941 2322 fuerit,
2973 2268 3064 2322 ego
3093 2255 3383 2307 tamennon
3411 2253 3678 2307 obliviscar
3717 2252 3811 2319 tui,
3844 2253 3983 2307 dicit

2384 2343 2633 2399 Dominus
2676 2345 2827 2414 (lani.
2854 2345 2948 2401 49.
2984 2344 3094 2413 15).
3140 2344 3425 2399 Enimvero
3468 2352 3591 2399 ante
3628 2343 3981 2398 demonstra-

2385 2437 2582 2491 tionem
2608 2436 2711 2491 ﬁde
2739 2436 2894 2506 digna
2937 2436 3020 2492 vel
3060 2435 3172 2491 sola
3213 2435 3370 2494 fuerit
3412 2435 3697 2489 afﬁrmatio
3726 2453 3739 2487 :
3771 2435 3979 2506 quippe

2384 2543 2504 2600 qua:
2545 2529 2635 2585 Dei
2686 2529 2756 2585 sit
2793 2547 2804 2583 :
2851 2528 3199 2585 nihilominus
3249 2540 3447 2597 tamen,
3477 2544 3595 2600 age,
3628 2530 3789 2586 rebus
3840 2530 3981 2601 ipsis

2385 2634 2692 2690 expressam
2732 2619 3238 2676 demonstrationem
3282 2621 3653 2677 exhibe-amns.
3700 2623 3836 2677 Cum
3870 2624 3976 2676 im-

2384 2719 2623 2781 perasset
2666 2710 2951 2781 aliquando
2978 2710 3087 2766 ﬁlio
3129 2712 3388 2779 Rebecca,
3427 2722 3484 2767 ut
3524 2713 3665 2767 illam
3709 2713 3778 2767 de
3828 2712 3981 2768 furto

2386 2801 2769 2859 benedictionis
2830 2802 3063 2858 fabulam
3115 2814 3329 2874 ageret;
3381 2817 3659 2875 postquam
3702 2808 3851 2860 omni
3906 2822 3979 2862 ex

2385 2900 2533 2963 parte
2563 2893 2818 2963 praeclare
2849 2893 3020 2964 ipsum
3060 2894 3358 2960 adornavit,
3382 2896 3539 2966 eique
3568 2896 3748 2951 fratris
3780 2912 3978 2967 perso-

2385 2999 2506 3040 nam
2541 2985 2791 3054 imposuit
2820 3003 2833 3040 :
2867 2985 3291 3057 quandoquidem
3345 3003 3413 3042 ne
3450 2988 3527 3041 sic
3554 2987 3771 3056 quidem
3818 2988 3979 3043 illum

2388 3074 2578 3132 ﬁducia
2609 3076 2886 3146 prteditum
2907 3077 3056 3145 vidit,
3084 3093 3298 3134 omnem
3338 3093 3404 3133 ex
3439 3079 3619 3134 animo
3647 3078 3738 3133 ﬁlii
3770 3088 3980 3135 metum

2387 3167 2573 3223 volens
2599 3168 2853 3230 eximere,
2883 3168 3053 3239 Super
3084 3186 3164 3223 me
3186 3172 3271 3236 sit,
3301 3170 3396 3237 ait,
3433 3180 3519 3224 tua
3543 3172 3860 3237 maledictio,
3903 3172 3985 3239 ﬁli

2391 3258 2539 3330 (Gen.
2564 3259 2653 3313 27.
2684 3261 2795 3329 t5).
2839 3260 3020 3316 Matris
3047 3276 3230 3317 revera
3260 3278 3382 3325 vox,
3412 3273 3467 3316 et
3502 3277 3619 3331 quae
3649 3277 3836 3317 amore
3886 3263 3986 3318 ﬁlii

2387 3359 2529 3405 esset
2557 3351 2793 3405 incensa.
2839 3350 3080 3406 Christus
3107 3361 3287 3406 autem
3318 3368 3425 3406 non
3450 3352 3550 3407 hoc
3575 3352 3714 3406 dixit
3741 3361 3980 3420 tantum,

2389 3441 2480 3496 sed
2516 3442 2677 3495 etiam
2711 3442 2839 3496 fecit
2869 3458 2882 3495 :
2917 3456 3021 3496 non
3064 3443 3308 3511 promisit
3348 3452 3574 3505 tantum,
3602 3443 3697 3498 sed
3725 3452 3782 3497 et
3810 3460 3985 3514 opere

2390 3530 2647 3597 exhibuit,
2688 3530 2831 3600 quod
2872 3540 2927 3587 et
2953 3532 3144 3587 Paulus
3187 3534 3329 3587 clara
3360 3548 3489 3588 voce
3533 3535 3851 3603 pronuntiat
3892 3535 3984 3590 di-

2389 3641 2518 3680 cens
2549 3644 2561 3680 :
2593 3624 2823 3681 Christus
2848 3642 2937 3679 nos
2976 3626 3182 3679 redemit
3232 3628 3296 3681 de
3328 3626 3594 3681 maledicto
3631 3627 3778 3697 legis,
3808 3627 3987 3696 {actus

2391 3735 2481 3787 pro
2509 3718 2647 3773 nobis
2678 3717 3002 3771 maledictum
3033 3717 3176 3789 (Gal.
3223 3718 3276 3773 5.
3308 3717 3418 3787 15).
3450 3718 3601 3772 llunc
3630 3718 3795 3789 igitur
3824 3735 3983 3785 num,

2390 3824 2591 3877 quaeso,
2638 3808 3002 3864 irritabimus?
3048 3824 3114 3862 an
3162 3823 3265 3862 non
3312 3818 3393 3862 est
3437 3808 3537 3862 hoc
3564 3809 3678 3875 ipsa
3728 3809 3985 3877 gehenna

2388 3899 2629 3968 gravius,
2666 3908 2721 3952 et
2761 3897 3041 3952 immortali
3087 3912 3288 3960 verme,
3320 3907 3375 3953 et
3415 3897 3537 3967 igne
3559 3897 3650 3966 qui
3679 3913 3987 3969 numquam

2392 3990 2745 4060 exstinguitur
2769 3990 2790 4042 ?

2461 4082 2541 4134 Ad
2560 4098 2753 4134 sacram
2775 4096 2994 4134 mensam
3016 4078 3263 4144 quomodo
3281 4078 3638 4133 accedendum.
3662 4108 3732 4118 —
3752 4078 3988 4146 Quando

2393 4176 2550 4246 igitur
2578 4174 2643 4229 ad
2674 4189 2877 4229 sacram
2903 4187 3140 4227 mensam
3167 4187 3224 4226 es
3248 4185 3593 4233 accessurus,
3629 4170 3740 4224 illic
3788 4170 3988 4227 adesse

2396 4268 2674 4321 Dominum
2704 4266 2937 4319 omnium
2965 4264 3219 4317 arbitrare
3250 4280 3261 4317 :
3296 4262 3556 4332 siquidem
3584 4260 3741 4317 adest
3766 4275 3986 4325 revera,

2394 4368 2444 4412 et
2468 4373 2583 4427 quae
2606 4358 2672 4409 sit
2695 4370 2842 4409 nitens
2866 4353 3123 4421 cujusque
3151 4353 3446 4420 cognoscit,
3466 4366 3527 4403 ac
3550 4351 3695 4403 videt
3715 4350 3841 4419 quis
3862 4363 3987 4403 cum

2393 4464 2452 4503 ea
2481 4463 2578 4517 qua
2614 4461 2703 4515 par
2732 4453 2813 4499 est
2838 4443 3131 4504 sanctitate,
3151 4442 3266 4511 quis
3286 4456 3405 4495 cum
3434 4440 3763 4493 conscientia
3790 4439 3989 4507 depra-

2394 4550 2509 4594 vata
2549 4537 2793 4598 accedat,
2826 4550 2946 4590 eum
2985 4532 3269 4588 immundis
3293 4541 3345 4585 et
3368 4530 3599 4583 sordidis
3635 4530 3986 4598 cogitationi-

2397 4634 2511 4694 bus,
2536 4646 2654 4685 cum
2678 4628 2893 4684 nefariis
2910 4625 3220 4680 actionibus.
3255 4621 3405 4691 Quod
3428 4622 3470 4675 si
3492 4621 3802 4690 quempiam
3825 4623 3987 4676 talem

2396 4721 2692 4785 otianderit,
2722 4720 2944 4789 primum
2971 4715 3180 4784 quidem
3210 4715 3377 4782 ipsum
3409 4711 3605 4779 iudicio
3633 4713 3989 4766 conscientia:

2399 4817 2595 4869 tradit:
2626 4812 2817 4868 deinde
2858 4824 2983 4863 vero
3028 4809 3069 4861 si
3120 4806 3254 4859 forte
3290 4804 3521 4871 seipsum
3562 4802 3990 4871 cogitationibus

2395 4910 2635 4979 castiget,
2674 4904 2961 4971 reddatque
2991 4899 3285 4963 meliorem,
3316 4909 3502 4950 rursus
3530 4895 3679 4947 illum
3710 4894 3986 4958 admittit;

2396 5002 2535 5073 quod
2563 5002 2605 5053 si
2638 5007 2842 5052 maneat
2875 4994 3200 5047 incorreettts
3220 5032 3233 5053 ,
3268 4998 3377 5042 tum
3402 4987 3616 5041 demum
3649 4986 3700 5041 in
3726 4987 3848 5052 ejus
3878 5001 3989 5037 ma-

2399 5111 2498 5150 nus
2532 5092 2711 5147 incidit
2741 5100 3003 5155 tamquam
3038 5085 3272 5153 ingratus
3303 5093 3354 5136 et
3382 5082 3662 5136 scelesms.
3708 5078 3987 5145 Quantum

2399 5203 2521 5240 vero
2543 5187 2606 5237 sit
2631 5181 2787 5243 istud,
2812 5194 2883 5233 ex
2903 5176 3065 5231 Paulo
3088 5174 3364 5242 disce,qni
3387 5174 3464 5225 sic
3478 5171 3583 5224 ait:
3614 5169 3951 5225 llorrendum
3972 5173 3987 5201 ι

2396 5277 2614 5329 incidere
2653 5274 2705 5324 in
2756 5284 2933 5322 manus
2974 5267 3065 5320 Dei
3105 5265 3310 5319 viventis
3341 5264 3358 5331 (
3387 5261 3541 5315 Hebr.
3576 5261 3663 5313 10.
3698 5261 3760 5315 5|
3790 5264 3831 5328 ).
3864 5263 3988 5317 Scio

2400 5367 2641 5422 mordere
2663 5375 2753 5415 vos
2777 5361 2891 5416 hanc
2918 5358 3071 5413 verba
3099 5374 3110 5409 :
3138 5355 3376 5425 sedquid
3398 5352 3625 5407 faciam?
3655 5350 3769 5406 Nisi
3792 5353 3989 5406 acerba

2462 5534 2477 5563 ι
2518 5529 2710 5591 Aliquot
2729 5533 2835 5591 Mss.
2864 5526 3046 5591 variant
3056 5525 3107 5591 in
3129 5520 3292 5591 verbis
3313 5516 3498 5591 minimi
3513 5517 3772 5591 momenti:
3790 5514 3989 5591 inlitus

2397 5603 2556 5642 autem
2587 5580 2824 5637 (froshavii
2862 5589 2931 5636 sic
2970 5584 3187 5654 legitur;
3365 5580 3407 5629 si
3427 5583 3619 5654 moneat
3634 5580 3989 5654 incurret-{15,

2388 5639 2522 5765 fuit;
2547 5654 2694 5761 pedesl
2713 5661 2971 5712 nimiusque
2996 5639 3136 5710 libari
3158 5639 3397 5707 ingratum
3420 5648 3464 5691 et
3488 5639 3839 5702 unpudentcm.
3864 5648 3992 5690 Hor-

2396 5730 2481 5766 reu
2522 5728 2615 5766 mn.
2643 5726 2671 5761 θ
2694 5725 2736 5760 c.

2603 5752 2615 5774 ’
2645 5748 2736 5761 νῦν·
