4148 6306
160 343 240 395 141
749 319 815 377 IN
847 319 1047 375 ILLUD
1086 316 1304 379 ISAIAE,
1346 312 1481 369 EGO
1513 308 1803 367 DOMINUS
1842 308 2019 365 DEUS
2058 307 2207 363 FECI
2246 306 2498 373 LUMEN,
2539 305 2686 362 El‘C.

152 438 507 493 tnedieamenta
549 433 845 495 adhibeam,
887 429 1100 482 vulnera
1142 440 1247 479 non
1292 423 1570 485 tollentur;
1606 420 1686 473 sin

151 528 401 585 adhibeam
432 524 642 587 acerba,
673 538 766 577 vos
793 522 1027 576 dolorem
1055 534 1158 572 non
1188 514 1476 569 sustinetis.
1509 513 1687 580 Angu-

150 620 240 672 stize
286 616 417 669 mihi
467 623 592 668 sunt
634 612 880 679 undique,
919 607 1008 663 sed
1046 619 1221 674 opera:
1266 604 1489 673 pretium
1536 600 1692 653 fuerit

152 722 340 761 manum
374 704 625 771 deinceps
666 701 945 760 cohibere;
990 696 1253 751 sufﬁciunt
1287 694 1429 747 enim
1459 691 1598 745 dicta
1625 689 1690 742 ad

154 811 336 858 cormn,
364 793 451 862 qui
478 792 661 845 attenti
693 788 918 852 fuerint,
946 784 1387 839 emendationem.
1424 780 1695 832 Verumta-

154 904 248 942 men
280 896 341 940 ut
378 900 481 938 non
512 883 679 937 solum
706 880 886 944 vobis,
922 876 1011 930 sed
1041 884 1091 929 et
1118 873 1323 927 caeteris
1349 870 1490 924 utilia
1521 877 1693 920 vestra

155 991 294 1046 opera
318 976 477 1037 ﬁant,
506 987 601 1041 age
623 984 804 1025 rursus
832 983 890 1022 ea
919 966 1217 1020 summatim
1241 962 1459 1016 collecta
1490 966 1695 1025 repeta-

157 1082 267 1121 mus.
305 1063 656 1119 Disset'uimus
694 1060 761 1113 de
801 1056 1107 1125 Seraphim,
1151 1052 1474 1106 ostendimus
1503 1055 1696 1117 quanta

157 1159 209 1210 sit
230 1156 471 1225 dignitas,
490 1153 636 1221 juxta
662 1150 861 1218 regium
885 1147 1070 1199 solium
1096 1152 1254 1206 stare,
1278 1152 1329 1194 et
1354 1141 1404 1191 in
1426 1138 1697 1191 hominum

159 1254 393 1315 potestate
415 1244 570 1297 situm
592 1254 729 1304 esse,
750 1250 799 1291 ut
824 1237 1126 1307 dignitatem
1151 1234 1294 1286 illam
1314 1230 1693 1299 adipiscantur.

158 1338 371 1391 Diximus
398 1335 465 1387 de
485 1333 601 1397 alis,
632 1341 685 1384 et
711 1329 777 1383 de
804 1325 1147 1382 inaecessibili
1174 1323 1263 1377 Dei
1288 1322 1495 1383 virtute,
1525 1319 1697 1387 deque

161 1423 482 1492 indulgentia,
511 1436 612 1490 qua
640 1434 697 1474 se
730 1418 878 1471 nobis
906 1412 1302 1481 attemperavtt;
1334 1408 1619 1477 adjecimus
1648 1416 1702 1460 et

158 1528 347 1568 causam
371 1510 616 1566 clamoris
639 1523 700 1561 ac
722 1516 983 1576 perpetum
1006 1500 1385 1563 admirationis,
1406 1509 1455 1551 et
1477 1496 1564 1565 qui
1588 1496 1697 1559 ﬁat,

163 1617 207 1657 ut
231 1604 347 1657 dum
372 1601 651 1669 Seraphin]
676 1597 1029 1651 indesinenter
1060 1594 1223 1645 Deum
1254 1586 1696 1654 contemplantur,

160 1708 260 1747 eum
300 1690 657 1744 indesinenter
700 1698 907 1755 quoque
944 1680 1263 1751 gloriﬁcent;
1294 1673 1703 1731 commonefeci-

163 1795 263 1835 mus
292 1796 384 1833 vos
422 1778 630 1833 cuinam
672 1775 835 1829 choro
868 1785 1260 1833 acceuseamur,
1293 1778 1486 1821 etcum
1515 1763 1703 1831 quibus

162 1883 477 1924 communem
504 1864 777 1919 Dominum
798 1863 1094 1925 laudemus;
1124 1859 1411 1928 adjecimus
1431 1854 1569 1910 etde
1592 1866 1704 1922 pce-

3272 306 3384 361 142

1795 420 2006 474 nitentia
2036 432 2337 479 sermones;
2366 432 2427 471 ac
2456 417 2691 481 demum,
2712 431 2867 483 quam
2890 430 3046 485 grave
3072 415 3141 469 sit
3161 416 3360 470 malum

1792 524 1910 562 cum
1954 525 2112 576 prava
2152 507 2472 562 conscientia
2512 507 2578 559 ad
2624 522 2772 561 sacra
2800 508 3049 576 mysteria
3076 506 3355 569 accedere,

1794 600 2292 662 demonstravimus,
2320 609 2375 652 et
2412 615 2516 667 quo
2562 611 2712 666 pacto
2756 598 2867 651 ﬁeri
2909 608 3156 666 nequeat,
3187 607 3242 650 ut
3272 593 3367 665 qui

1795 700 1972 745 manet
1997 691 2339 752 incorrectus,
2374 704 2584 758 pinnam
2612 691 2789 742 evitet.
2820 689 2944 743 llzrc
2971 698 3022 742 et
3049 704 3181 742 uxor
3200 704 3227 741 a
3249 691 3365 740 vim

1795 781 1982 846 discat,
2006 790 2059 835 et
2085 780 2222 833 ﬁlius
2242 795 2268 832 a
2292 788 2461 848 patre,
2485 789 2533 832 et
2562 794 2747 833 servus
2776 794 2804 829 a
2828 779 3063 840 domino,
3089 789 3140 832 et
3167 778 3367 831 vicinus

1798 889 1825 926 a
1854 874 2043 939 vicino,
2070 883 2123 926 et
2146 872 2345 927 amicus
2374 872 2442 924 ab
2468 872 2667 935 amico;
2698 872 2802 924 imo
2832 872 2990 924 etiam
3022 868 3247 925 inimicis
3269 871 3368 923 leta

1802 977 2073 1018 n:~rremus
2098 978 2110 1015 :
2136 978 2254 1015 nam
2277 970 2330 1014 et
2352 962 2557 1015 illorum
2586 960 2771 1013 salutis
2803 959 2952 1013 nobis
2977 967 3058 1012 est
3088 960 3221 1012 ratio
3248 958 3371 1012 red-

1800 1054 1989 1109 denda.
2028 1053 2083 1106 Si
2113 1052 2251 1104 enim
2279 1051 2485 1103 illormn
2513 1050 2718 1118 erigere
2737 1049 2974 1116 jumeuta
3005 1065 3120 1116 qua:
3156 1048 3361 1102 cecide-

1801 1145 1938 1208 rint,
1968 1152 2019 1197 et
2050 1157 2168 1211 qum
2193 1141 2551 1194 aberraverint
2576 1152 2893 1192 conservare
2918 1153 2980 1191 ac
3006 1136 3258 1190 reducere
3285 1136 3370 1205 ju-

1801 1234 1988 1288 bemur
2014 1233 2033 1303 (
2056 1231 2222 1285 Exod.
2254 1230 2341 1284 ‘23.
2378 1232 2408 1284 5
2429 1229 2448 1298 )
2468 1268 2481 1293 ,
2515 1229 2681 1283 multo
2707 1229 2874 1296 magis
2899 1237 3163 1280 errantem
3185 1241 3368 1279 eorum

1803 1327 2029 1379 animam
2053 1339 2148 1378 nos
2171 1322 2443 1385 reducere,
2462 1330 2514 1373 et
2534 1322 2818 1388 collapsam
2841 1328 3047 1387 oportet
3068 1318 3289 1385 erigere.
3316 1314 3378 1370 Si

1804 1418 1904 1473 hoc
1927 1425 2078 1487 pacto
2099 1425 2307 1469 nostras
2325 1424 2379 1467 et
2399 1413 2755 1481 proximorum
2778 1426 2860 1463 res
2876 1407 3373 1477 dispensaverimus,

1805 1518 1927 1561 ante
1969 1506 2196 1560 tribunal
2243 1502 2435 1557 Christi
2484 1516 2602 1554 cmn
2649 1500 2834 1553 ﬁducia
2875 1508 3014 1551 stare
3065 1497 3374 1566 poterimus,

1805 1614 1924 1653 cum
1969 1611 2074 1666 quo
2122 1594 2263 1648 Patri
2306 1592 2491 1661 gloria,
2535 1591 2724 1654 ltouor,
2770 1590 3065 1657 imperium,
3116 1601 3216 1639 una
3255 1600 3382 1638 cum

1807 1696 1987 1741 sancto
2021 1700 2083 1738 ac
2119 1683 2324 1737 viviﬁco
2362 1682 2577 1749 Spiritu,
2614 1693 2750 1733 nunc
2773 1687 2825 1732 et
2850 1692 3077 1745 semper,
3110 1684 3162 1729 et
3188 1677 3237 1727 iu
3269 1690 3371 1726 sm.

1808 1776 1920 1830 cula
1949 1774 2284 1830 sceculorum.
2319 1773 2519 1826 Amen-

1214 2370 1321 2428 AD
1357 2364 1759 2429 HOMILIAM
1799 2360 2297 2434 SEQUENTEM.

231 2627 451 2682 Difficile
495 2638 659 2693 porro
713 2628 794 2674 est
834 2626 1069 2672 statuere
1120 2611 1487 2666 Antiochiaane
1512 2625 1581 2663 an
1612 2607 2073 2677 Constantinopoli
2126 2606 2267 2659 hanc
2314 2603 2562 2659 habuerit
2612 2602 2883 2657 homiliam
2932 2601 3378 2674 Chrysostomus.

168 2760 457 2829 Auguratur
486 2754 877 2817 Tillemontius,
906 2746 1369 2815 Constantinopoli
1416 2746 1612 2799 dictam
1650 2743 1839 2806 fuisse,
1896 2741 2020 2810 quia
2071 2740 2489 2810 Chrysostomus
2530 2740 2621 2795 hic
2666 2749 2787 2810 post
2827 2739 2992 2793 alium
3020 2740 3385 2795 coneiouatus

166 2893 385 2959 dicitur;
420 2891 511 2946 sed
536 2900 649 2945 tam
676 2888 778 2942 levi
802 2886 1122 2956 conjecturae
1149 2898 1219 2936 ne
1245 2881 1359 2952 ipse
1391 2879 1607 2950 quidem
1633 2877 2009 2931 Tillemontius
2042 2874 2353 2943 adstipulari
2387 2872 2567 2928 audet.

231 3035 608 3104 interpretatio
629 3030 817 3086 Latina
844 3040 926 3086 est
957 3027 1244 3083 Frontonis
1278 3024 1475 3079 Dnezei.

162 3314 3375 3356 ΝΜ

820 3441 937 3521 ΙΝ
987 3428 1828 3518 PROPHETICUM
1879 3423 2337 3505 DICTUM
2397 3420 2779 3507 ILLUD,

151 3624 265 3667 EGO
309 3621 585 3666 DOMINUS
628 3618 785 3662 unus
814 3616 955 3659 FECI
1000 3610 1210 3655 unum
1244 3609 1323 3650 ET
1362 3602 1705 3655 TENEBRAS,
1734 3599 1993 3643 mersus
2036 3596 2268 3649 manu,
2315 3596 2394 3636 ET
2440 3593 2677 3637 cursans
2724 3591 2889 3634 anu
2938 3570 3115 3652 (Isai.
3150 3570 3248 3630 ιι5.
3292 3574 3379 3651 η.

1548 3725 1962 3781 mam-me

218 3884 266 3935 1.
308 3882 479 3935 Pauca
504 3887 625 3931 sunt
654 3876 863 3946 quidem
887 3873 1045 3936 dicta,
1070 3870 1162 3924 sed
1184 3868 1352 3921 dulcis
1391 3866 1508 3919 fons
1537 3865 1707 3918 mellis

150 3985 247 4037 εει,
292 3970 467 4025 mellis
506 3967 645 4037 quod
694 3964 958 4020 fastidium
998 3961 1215 4014 minime
1254 3957 1404 4026 parit.
1446 3955 1575 4008 Nam
1611 3954 1713 4007 hoc

148 4063 359 4130 quidem
386 4062 487 4116 mel
515 4059 707 4114 sensile
747 4057 1069 4124 voluptatem
1108 4053 1159 4104 in
1203 4051 1376 4117 lingua
1408 4048 1550 4110 ﬁuit,
1579 4056 1631 4098 et
1659 4046 1710 4097 iu

148 4152 539 4219 corruptionem
564 4148 674 4202 abit
705 4144 845 4198 :mel
885 4157 1008 4197 vero
1045 4139 1297 4194 doctrina:
1338 4135 1711 4191 conscientiam

148 4240 309 4294 afﬁcit
346 4240 442 4309 (a),
474 4250 696 4305 eamque
737 4241 983 4304 perpetua
1035 4229 1213 4283 laetitia
1255 4225 1544 4296 perfundit,
1573 4233 1623 4278 et
1646 4223 1711 4277 ad

149 4332 601 4385 immortalitatem
642 4341 738 4381 nos
772 4324 999 4379 deducit.
1044 4324 1212 4389 Atque
1251 4319 1373 4372 illud
1414 4316 1623 4386 quidem
1650 4330 1716 4368 ex

147 4421 330 4475 herbis
373 4419 738 4487 componitur,
769 4414 869 4468 hoc
908 4422 1081 4466 autem
1111 4426 1177 4464 ex
1204 4408 1395 4462 divinis
1430 4406 1716 4475 Scripturis

148 4511 348 4563 texitur
374 4526 387 4560 :
422 4509 522 4561 hoc
544 4520 638 4559 vos
668 4504 925 4558 hodierno
950 4502 1036 4554 die
1068 4497 1353 4566 complevit
1378 4497 1442 4559 is,
1471 4495 1557 4565 qui
1583 4510 1716 4564 prte-

144 4600 289 4653 clare
310 4598 466 4661 dixit,
490 4604 542 4649 et
566 4593 878 4647 obedientia:
895 4589 1165 4658 praemium
1193 4587 1498 4655 reportavit,
1525 4600 1587 4638 ac
1614 4585 1716 4637 vim

145 4688 387 4741 caritatis
420 4693 475 4739 et
519 4683 635 4737 ﬁdei
677 4682 1000 4735 nobilitatem
1037 4677 1286 4733 ostendit.
1312 4678 1421 4745 Age
1449 4689 1575 4742 ergo
1621 4688 1717 4727 nos

144 4792 363 4848 quoque
406 4774 568 4828 multa
612 4788 732 4828 cum
768 4772 1038 4827 alacritate
1068 4769 1273 4823 solitam
1304 4781 1540 4820 mensam
1567 4764 1718 4818 vobis

148 4882 365 4923 rursum
413 4877 771 4933 apponamus:
822 4877 925 4915 non
964 4860 1103 4915 enim
1154 4857 1487 4911 mediocriter
1523 4856 1720 4925 gaude-

147 4972 287 5023 mus,
314 4956 460 5028 quod
486 4971 603 5009 cum
632 4953 764 5006 adeo
784 4952 1017 5006 celebres
1041 4951 1143 5003 sint
1169 4948 1275 5003 ludi
1302 4948 1599 5008 Circenses,
1631 4946 1718 4997 illa

145 5050 355 5104 ludicra
395 5045 738 5113 occupatione
784 5048 1082 5109 contempta
1122 5039 1225 5092 huc
1271 5046 1413 5090 tanta
1442 5033 1720 5087 multitudo

142 5137 489 5193 conﬂuxerit.
511 5134 762 5201 Quocirca
786 5145 882 5183 nos
902 5130 1055 5183 etiam
1083 5128 1243 5182 multa
1266 5141 1383 5180 eum
1410 5123 1721 5177 liberalitate

143 5238 415 5283 craterem
441 5224 718 5279 statuimus
739 5262 753 5285 ,
776 5228 1030 5274 craterem
1058 5217 1145 5285 qui
1166 5216 1473 5271 ebrietatem
1505 5213 1722 5266 minime

206 5404 285 5465 (a)
315 5400 383 5465 _In
414 5405 885 5465 Graeco,_tptaonﬂ;9
903 5386 1393 5465 Mttasu.‘ad‘literarn
1413 5392 1505 5442 est,
1530 5384 1722 5432 abscon-

145 5447 282 5512 au‘Jr’
305 5447 364 5511 ὗι
382 5447 685 5508 consciattiu.
697 5447 893 5502 saviliu's
906 5450 1169 5512 suspicatur
1188 5447 1449 5512 legendum
1469 5457 1598 5502 esse,
1614 5456 1722 5500 ιτιά-

145 5464 280 5512 dﬂur
305 5464 364 5511 in
382 5464 685 5508 consuetum.
697 5464 893 5502 savmus
906 5464 1169 5557 suspicatur
1188 5464 1449 5508 tegendum
1469 5464 1598 5502 esse,
1614 5464 1721 5500 ιτια-

144 5537 262 5574 κτα.
291 5520 393 5572 Sed
408 5518 523 5567 nihil
539 5524 812 5578 suspectum
829 5514 877 5561 in
893 5513 981 5578 hac
1017 5510 1205 5578 actione
1222 5507 1435 5578 animadv
1443 5512 1565 5555 erto.
1583 5512 1721 5553 Fron-

144 5569 431 5633 ibimus
472 5569 637 5633 ver-tit;
660 5573 985 5624 condentium
1007 5569 1172 5635 afﬁcit,
1203 5570 1358 5631 magis
1396 5579 1590 5617 sensum
1612 5579 1651 5628 si
1671 5578 1721 5614 e-

144 5658 303 5700 etaus.
331 5656 478 5699 quam
504 5636 856 5700 etymologiam.

1815 3862 1999 3931 gignit,
2045 3858 2140 3912 sed
2188 3856 2586 3923 temperant'am
2630 3854 2788 3920 parit.
2816 3850 2943 3903 Tale
2984 3866 3209 3918 namque
3240 3850 3383 3905 Scri-

1817 3961 2084 4018 pturarum
2112 3955 2193 3999 est
2212 3946 2411 4008 viuum,
2446 3942 2566 3995 talia
2598 3956 2795 3994 mensae
2822 3951 2941 3993 sunt
2964 3941 3115 3993 istius
3136 3941 3383 3994 obsonia:

1817 4041 2061 4107 pinguem
2092 4044 2144 4089 et
2170 4036 2381 4089 obesant
2410 4047 2623 4086 carnem
2663 4047 2767 4084 nou
2800 4030 3042 4084 reddunt.
3085 4031 3145 4084 Et
3174 4031 3285 4085 ha‘c
3306 4032 3386 4083 di-

1817 4132 2003 4194 cimus,
2031 4143 2132 4182 non
2157 4138 2213 4180 ut
2236 4125 2520 4195 ignominia
2545 4138 2757 4177 carnem
2790 4122 3102 4185 afﬁciamus,
3134 4121 3225 4173 sed
3248 4121 3387 4188 quod

1818 4222 2007 4274 animm
2050 4219 2377 4273 nobilitatem
2422 4214 2586 4283 pluris
2631 4213 2953 4265 mstimemus
2988 4228 2999 4261 ε
3054 4225 3225 4278 neque
3262 4225 3390 4263 vero

1821 4325 1971 4364 usum
2013 4308 2302 4375 rejicimus,
2342 4304 2434 4357 scd
2467 4316 2742 4356 excessum
2782 4300 3135 4369 reprimimus.
3164 4299 3217 4353 Si
3248 4299 3386 4353 enim

1821 4400 2272 4473 philosophentur,
2298 4398 2365 4449 ita
2395 4391 2870 4464 philosophandum
2895 4401 2996 4458 est,
3029 4399 3085 4444 ut
3111 4390 3383 4445 lttcretit-m

1821 4475 2033 4558 ruui(a)
2065 4488 2255 4556 linguis
2282 4499 2467 4538 ansam
2506 4498 2611 4537 non
2651 4482 2855 4535 demus.
2886 4480 3016 4533 Nam
3052 4481 3151 4535 hoc
3179 4480 3391 4550 quidem

1820 4594 2013 4649 corpus
2061 4578 2235 4632 minus
2274 4586 2357 4630 est
2400 4576 2595 4638 anima,
2639 4573 2960 4626 contrarium
3013 4587 3137 4626 vero
3181 4588 3285 4625 non
3314 4586 3395 4631 est

1822 4670 2011 4724 anima:
2043 4686 2056 4720 :
2089 4666 2181 4719 sed
2205 4664 2425 4732 simplex
2458 4672 2538 4717 est
2559 4662 2773 4730 quidem
2804 4661 2909 4727 illa,
2944 4677 3126 4715 verum
3156 4662 3393 4728 corporis

1823 4757 2199 4826 cupiditatibus
2246 4753 2545 4807 famulatur.
2578 4753 2715 4806 Deus
2744 4752 2883 4805 enim
2912 4750 3096 4803 artifex
3132 4761 3392 4817 prmstan-

1825 4849 2055 4902 tissimus
2075 4860 2178 4898 nou
2201 4859 2265 4897 ex
2287 4858 2386 4896 una
2408 4853 2461 4896 et
2480 4840 2685 4894 duabus
2702 4851 2753 4894 et
2779 4839 2945 4891 tribus
2968 4838 3274 4895 substantiis
3296 4837 3394 4889 hoc

1825 4942 2125 4995 universum
2152 4934 2424 4991 constituit
2447 4975 2461 4997 ,
2493 4932 2585 4985 sed
2614 4931 2785 4983 varias
2806 4944 2867 4981 ac
2891 4928 3163 4981 distinctas
3194 4927 3396 4981 invexit

1826 5044 2057 5095 naturas,
2095 5041 2151 5085 ut
2178 5030 2549 5084 abundantiam
2572 5025 2839 5093 sapientim
2866 5037 2974 5075 sua:
3007 5024 3056 5075 in
3088 5021 3393 5076 diversitate

1827 5139 2001 5177 rerum
2046 5121 2375 5176 ostenderet.
2400 5116 2513 5171 Non
2548 5115 2690 5169 enim
2722 5114 2907 5168 caelum
2936 5112 3171 5166 condidit
3199 5114 3390 5174 solum,

1826 5212 1919 5268 sed
1944 5222 1997 5265 et
2023 5222 2215 5265 terram
2242 5225 2256 5262 :
2280 5222 2384 5261 non
2412 5215 2604 5260 terram
2636 5204 2825 5265 solum,
2858 5201 2950 5255 sed
2974 5214 3021 5254 et
3049 5202 3214 5255 solem
3242 5218 3257 5255 :
3288 5217 3395 5255 nou

1827 5304 1990 5359 solem
2038 5302 2215 5363 modo,
2242 5299 2335 5353 sed
2372 5307 2425 5351 et
2459 5298 2631 5350 lunam
2664 5313 2678 5349 :
2725 5310 2829 5347 non
2869 5294 3044 5347 lttuam
3081 5293 3270 5357 solum,
3299 5292 3396 5344 sed

1826 5406 1877 5447 et
1903 5394 2081 5448 stellas
2106 5409 2119 5444 :
2160 5404 2265 5444 non
2286 5386 2467 5441 stellas
2492 5385 2683 5449 solum,
2712 5382 2803 5438 sed
2830 5392 2883 5436 et
2902 5396 3078 5437 aerem
3107 5397 3121 5434 :
3164 5395 3269 5433 nou
3300 5395 3392 5433 ae-

1826 5502 1936 5542 rem
1958 5486 2147 5549 solum,
2175 5481 2268 5537 sed
2289 5488 2342 5536 et
2360 5478 2554 5533 nubes:
2580 5491 2683 5531 non
2712 5475 2880 5531 nubes
2904 5474 3092 5541 solum,
3115 5472 3210 5527 sed
3235 5473 3395 5528 etiam

1887 5620 1957 5682 (a)
1991 5613 2263 5667 Manichaeos
2285 5610 2529 5673 inteUigjt.
