4148 6306
743 275 854 328 143

728 381 925 438 cthera
955 398 971 436 :
1004 397 1105 436 non
1137 381 1334 436 aethera
1363 379 1556 447 solum,
1588 379 1680 434 sed
1707 380 1864 434 etiam
1903 377 2068 438 lacus,
2099 374 2286 439 fontes,

730 473 936 536 fluvios,
959 481 1186 537 montes,
1217 470 1400 536 valles,
1425 470 1608 535 colies,
1637 477 1806 538 prata,
1831 467 2036 531 hortos,
2065 465 2291 530 semina,

729 563 959 633 plantas,
994 561 1272 615 herbarum
1301 560 1442 613 varia
1464 573 1679 628 genera,
1710 560 2008 626 formasque
2035 554 2293 615 diversas,

729 655 870 705 vires
899 651 1154 714 diversas,
1185 664 1247 703 ac
1267 648 1504 704 diversas
1530 656 1744 702 naturas
1765 660 1985 700 cernere
2012 644 2224 713 poterit,
2251 644 2294 696 si

730 742 848 810 quis
893 739 1145 794 mundum
1189 739 1418 808 undique
1447 737 1682 791 lustrarit
1713 753 1725 800 ;
1767 735 1884 789 etsi
1918 744 2082 788 totum
2110 733 2293 786 orbem

730 843 994 886 terrarum
1038 831 1358 900 cogitatione
1395 829 1736 898 percurrerit,
1779 842 1898 881 cum
1945 826 2198 895 propheta
2243 826 2293 877 in

728 926 824 977 has
845 937 1002 977 voces
1027 931 1301 990 erumpet:
1330 921 1494 988 Quam
1519 921 1842 991 magni/Scala
1867 927 1979 973 sunt
2007 933 2158 984 opera
2188 926 2293 979 tua,

728 1015 982 1068 Domine!
1012 1012 1194 1066 Omnia
1236 1015 1287 1065 in
1332 1013 1577 1081 sapientia
1623 1012 1781 1082 fecisti
1815 1011 1982 1079 (Psat.
2021 1010 2141 1063 105.
2181 1008 2294 1076 ει).

728 1104 908 1174 itaque
933 1105 976 1158 si
1008 1105 1269 1158 theatrum
1311 1113 1553 1172 spectare
1581 1103 1729 1171 cupis
1754 1143 1768 1166 ,
1810 1101 1873 1155 ad
1903 1101 2004 1154 hoc
2029 1100 2297 1167 spirituale

729 1193 968 1248 satanico
996 1193 1086 1246 illo
1117 1192 1369 1247 derelicto
1397 1193 1515 1246 veni
1548 1209 1559 1242 :
1603 1192 1646 1245 si
1691 1191 1854 1261 lyram
1902 1189 2051 1258 cupis
2094 1188 2296 1252 audire,

732 1283 823 1335 ilto
854 1293 1115 1336 concentu
1147 1282 1384 1348 dimisso,
1426 1291 1477 1335 et
1503 1281 1734 1335 excitato
1763 1281 1954 1333 mentis
1983 1287 2084 1332 tum
2109 1278 2297 1333 robore

731 1371 794 1423 ad
826 1371 961 1424 hanc
992 1371 1106 1425 veni
1133 1411 1146 1434 ,
1174 1387 1290 1440 qua:
1319 1372 1551 1425 animum
1577 1380 1722 1425 tuum
1754 1370 1932 1440 erigit,
1962 1377 2298 1438 mentemque

730 1461 1026 1516 eoulirmat.
1057 1461 1187 1516 Vide
1213 1472 1268 1515 ut
1294 1463 1406 1516 soni
1434 1462 1646 1526 diversi,
1671 1460 1986 1529 chordaeque
2015 1459 2296 1524 distinctae,

731 1566 939 1605 summo
991 1550 1164 1621 opifici
1214 1552 1323 1608 Deo
1376 1568 1534 1605 unum
1575 1559 1629 1606 et
1667 1551 2036 1605 suavissimum
2071 1548 2298 1617 undique

731 1652 1045 1697 concentum
1069 1644 1328 1698 emittant.
1359 1644 1466 1698 Ccu
1491 1646 1629 1698 enim
1660 1644 1872 1713 quidant
1901 1655 2064 1698 sonus
2083 1641 2299 1710 spiritus

731 1751 797 1787 ex
817 1734 1183 1789 diﬂ‘erentibus
1213 1735 1354 1788 sonis
1384 1734 1642 1789 conﬂatus
1685 1749 1845 1788 unum
1883 1734 2040 1789 habet
2068 1746 2298 1788 concen-

733 1834 841 1877 tum
869 1824 1323 1893 glorificationem,
1347 1841 1447 1894 qua
1473 1825 1704 1880 celebrat
1730 1825 2067 1880 Conditorem
2091 1841 2105 1877 :
2134 1833 2187 1879 et
2213 1839 2298 1878 so-

733 1925 862 1970 nant
895 1916 1105 1984 quidem
1146 1919 1431 1985 separatim
1468 1917 1679 1972 cltordtc
1706 1918 1926 1988 singula:
1949 1959 1963 1984 ,
1993 1927 2183 1972 sonant
2207 1933 2298 1971 au-

732 2014 840 2060 tem
887 2017 940 2060 ct
982 2006 1120 2060 inter
1150 2021 1208 2062 se
1237 2008 1552 2075 conjunctae.
1585 2009 1756 2077 Atque
1789 2016 1846 2060 ut
1875 2007 2133 2076 intelligas
2154 2047 2171 2072 ,
2195 2022 2298 2074 quo

731 2102 889 2163 pacto
934 2096 1218 2164 separatim
1266 2105 1479 2163 sonent,
1525 2097 1642 2151 caeli
1686 2095 1939 2152 chordam
1983 2096 2300 2165 cogitatione

732 2185 958 2252 pulsato,
993 2195 1100 2239 tum
1128 2186 1324 2256 ingenti
1354 2186 1496 2240 edito
1523 2201 1654 2240 sono
1683 2186 1867 2240 audies
1893 2201 2009 2240 eam
2041 2187 2149 2240 Deo
2181 2187 2298 2239 lau-

732 2276 852 2330 dem
893 2276 1103 2332 offerre.
1151 2277 1300 2345 Quod
1345 2293 1464 2332 cum
1521 2277 1979 2332 animadvertisset
2022 2279 2298 2347 propheta,

734 2367 866 2420 dixit
893 2385 908 2420 :
935 2366 1058 2421 Caeli
1085 2379 1318 2422 enarrant
1338 2368 1550 2438 gloriam
1579 2368 1694 2433 Dei,
1723 2385 1849 2436 apus
1869 2379 2034 2422 autem
2065 2386 2300 2424 manuum

734 2457 844 2523 sjus
890 2458 1154 2510 annuntiat
1203 2460 1574 2525 ﬁrmamentum
1619 2458 1786 2530 (Psal.
1831 2459 1914 2514 18.
1960 2458 2039 2529 2).
2090 2459 2172 2515 Ab
2213 2459 2299 2513 illa

734 2545 934 2601 chorda
961 2547 1027 2601 ad
1053 2547 1155 2605 diei
1199 2550 1473 2619 noctisque
1500 2549 1752 2605 chordam
1783 2550 2043 2604 descende
2062 2591 2076 2616 ,
2113 2561 2218 2604 tum
2247 2561 2302 2604 et

738 2635 836 2689 hos
864 2636 975 2708 lyra
1003 2639 1186 2706 quavis
1212 2648 1265 2693 et
1288 2639 1489 2693 cithara
1531 2641 1804 2694 snaviores
1831 2641 1994 2694 emitti
2023 2653 2186 2695 sonos
2225 2642 2301 2693 vi-

734 2726 926 2782 debis:
979 2728 1272 2796 praesertim
1318 2743 1444 2784 vero
1483 2744 1606 2784 cum
1657 2729 1885 2784 adfuerit
1932 2729 2019 2799 qui
2077 2728 2302 2783 chordas

736 2818 863 2871 istas
903 2819 1114 2886 pulsare
1158 2820 1382 2873 noverit.
1411 2820 1649 2886 Quonam
1687 2829 1863 2876 autem
1893 2832 2046 2890 pacto
2072 2822 2301 2876 sonant?

735 2907 874 2961 dicet
900 2907 1108 2977 aliquis.
1149 2908 1344 2963 Ctelunt
1374 2924 1479 2964 non
1507 2925 1566 2964 os
1595 2920 1801 2977 movet,
1835 2926 2004 2981 neque
2029 2911 2255 2982 linguam
2281 2951 2299 2978 ,

736 3012 905 3065 neque
936 2999 1185 3066 palatum,
1210 3015 1378 3070 neque
1405 3001 1612 3067 dentes,
1631 3017 1802 3072 neque
1826 3002 2003 3056 labra:
2036 3003 2300 3072 quomodo

736 3104 860 3156 ergo
890 3104 990 3143 vox
1018 3090 1225 3144 oritur?
1253 3092 1517 3159 quomodo
1545 3101 1718 3145 autem
1748 3091 1861 3146 dies
1901 3094 2130 3162 loquitur
2155 3093 2301 3149 iNe-

738 3194 841 3247 que
884 3180 1023 3233 enim
1056 3180 1168 3235 hace
1207 3183 1402 3235 vocalia
1431 3192 1552 3236 sunt
1584 3185 1927 3237 instrumenta
1949 3225 1964 3250 ,
1997 3183 2089 3238 sed
2116 3196 2305 3237 cursus

736 3268 864 3322 solis
886 3278 939 3322 et
963 3269 1101 3325 luna.-
1125 3269 1236 3324 dies
1261 3281 1338 3325 est
1360 3279 1413 3326 et
1442 3287 1569 3338 nox,
1590 3273 1942 3341 temporisque
1971 3288 2300 3342 progressus.

737 3356 815 3412 Ne
842 3358 1000 3427 igitur
1022 3374 1084 3413 ex
1124 3361 1470 3415 erassioribus
1504 3361 1694 3431 aliquis
1736 3361 1814 3414 his
1844 3362 2035 3417 auditis
2063 3378 2300 3420 commo-

741 3458 927 3506 veatur
953 3464 1015 3502 ac
1042 3451 1378 3519 perturbetur
1400 3492 1412 3513 ,
1442 3451 1562 3505 audi
1598 3467 1704 3521 quo
1743 3463 1895 3521 pacto
1926 3452 2008 3506 his
2034 3494 2046 3518 ,
2075 3469 2190 3522 qua:
2215 3453 2298 3507 di-

737 3547 819 3592 cta
871 3548 1011 3604 sunt,
1067 3540 1261 3595 addere
1311 3541 1508 3610 majora
1552 3543 1822 3597 contendit
1865 3544 2139 3612 prOpheta.
2170 3544 2300 3598 Cum

739 3628 881 3681 cnim
912 3629 1069 3682 czclos
1118 3629 1210 3682 Dei
1249 3629 1470 3697 gloriam
1511 3645 1758 3684 enarrare
1796 3631 2013 3685 dixisset
2036 3672 2051 3692 .
2081 3641 2133 3686 et
2159 3632 2300 3686 diem

739 3716 840 3770 diei
871 3718 1088 3771 verbum
1117 3726 1376 3782 eructare,
1405 3730 1720 3789 noctemque
1749 3721 1888 3774 nocti
1912 3721 2184 3775 scientiam
2216 3724 2300 3776 in-

738 3805 914 3860 dicare
935 3805 1095 3876 (Ibid.
1126 3823 1173 3862 v.
1201 3808 1278 3878 '5),
1303 3824 1406 3861 non
1435 3808 1519 3863 hic
1543 3809 1795 3876 substitit,
1814 3811 1906 3865 sed
1929 3810 2157 3880 adjecit:
2184 3811 2303 3866 Non

739 3903 854 3947 sunt
883 3895 1111 3963 loquela,
1147 3912 1301 3966 neque
1339 3914 1610 3965 sermones,
1655 3915 1864 3966 quorum
1900 3916 1999 3954 non
2034 3901 2305 3955 audiantur

739 4003 878 4042 voces
904 4003 1074 4040 eorum
1113 3987 1273 4054 (Ibid.
1302 4005 1351 4040 υ.
1379 3990 1454 4058 4).
1482 3990 1679 4043 l-lorum
1709 4001 1882 4045 autem
1911 3993 2191 4047 verborum
2219 3993 2304 4048 hic

738 4091 927 4135 sensus
956 4087 1036 4132 est
1071 4096 1083 4132 :
1116 4078 1229 4132 Non
1259 4079 1427 4133 solum
1457 4095 1637 4135 vocem
1671 4082 1864 4136 habent
1891 4083 2007 4138 dies
2029 4125 2042 4146 ,
2074 4094 2126 4137 et
2156 4100 2259 4138 nox
2285 4127 2300 4151 ,

740 4175 793 4222 et
817 4168 1003 4221 cmlum
1039 4169 1077 4232 ί,
1121 4168 1212 4222 sed
1257 4179 1307 4223 et
1347 4185 1528 4224 vocem
1577 4172 1857 4239 ejusmodi,
1886 4188 2003 4242 qua:
2029 4176 2302 4243 insignior,

738 4255 952 4321 clarior,
998 4249 1052 4310 et
1094 4259 1265 4312 acrior
1306 4260 1373 4313 sit
1417 4259 1662 4313 humana.
1709 4260 1824 4326 Quo
1861 4261 2068 4316 tandem
2115 4265 2304 4331 pacto?

737 4345 872 4400 Audi
896 4345 1005 4415 ipsa
1035 4347 1146 4416 eius
1172 4349 1349 4404 verba.
1383 4349 1500 4402 Non
1539 4361 1652 4403 sunt
1675 4352 1902 4418 loquelw,
1935 4369 2090 4422 neque
2115 4369 2304 4407 sermo-

739 4451 1075 4506 nes,quarum
1124 4455 1225 4492 non
1269 4440 1539 4493 audiantur
1582 4457 1720 4495 voces
1758 4458 1945 4496 eorum.
1974 4444 2108 4510 Quid
2149 4447 2304 4514 igitur

739 4527 840 4581 hoc
866 4536 947 4583 est
970 4529 992 4580 ?
1015 4529 1321 4585 Encomium
1351 4532 1519 4597 vocis,
1551 4533 1663 4586 laus
1693 4535 1806 4587 soni
1840 4534 2137 4602 hujus.Vox
2163 4538 2302 4590 enim

740 4633 856 4672 mea
897 4629 1017 4672 nota
1048 4628 1128 4673 est
1156 4621 1259 4686 illi,
1289 4623 1374 4691 qui
1402 4623 1584 4677 eadem
1615 4639 1819 4678 mecum
1849 4625 2021 4694 lingua
2053 4627 2302 4694 loquitur,

738 4706 785 4760 ci
816 4720 942 4764 vero
969 4709 1055 4777 qui
1082 4707 1311 4776 diversa,
1340 4726 1443 4764 non
1467 4713 1613 4766 item.
1639 4713 1872 4782 Exempli
1895 4715 2135 4778 causa,si
2161 4716 2304 4772 Grac-

737 4812 797 4852 ca
825 4797 999 4868 lingua
1030 4800 1235 4868 loquar,
1273 4810 1325 4855 et
1350 4816 1532 4856 vocem
1565 4803 1701 4858 hanc
1730 4807 1934 4859 noverit
1958 4807 2149 4876 aliquis
2170 4848 2182 4871 ,
2215 4808 2304 4863 ille

740 4903 827 4944 me
852 4889 1029 4944 audiet
1062 4910 1076 4945 :
1114 4891 1306 4962 Scytha
1337 4908 1464 4948 vero
1488 4935 1502 4960 ,
1537 4895 1731 4961 Thrax,
1763 4897 2008 4964 Maurus,
2036 4908 2125 4952 aut
2148 4899 2304 4953 ludus

740 4993 846 5032 non
877 4981 998 5035 item
1033 4998 1046 5033 :
1079 4983 1272 5050 quippe
1301 4985 1441 5052 quod
1475 4985 1666 5054 linguae
1704 4985 1986 5041 discrimen
2031 4990 2300 5059 impediat,

740 5083 808 5123 ne
837 5068 909 5122 illi
936 5083 1109 5125 sermo
1139 5086 1289 5125 meus
1317 5073 1628 5129 innotescat.

809 5157 864 5214 2.
895 5159 1113 5229 Loquela
1138 5173 1477 5217 creaturarum
1509 5163 1669 5218 Deum
1694 5166 2009 5220 laudantium
2032 5169 2212 5236 qualis.
2240 5198 2309 5207 —

740 5252 944 5307 Rursus
970 5268 1086 5323 ego,
1116 5256 1158 5308 si
1185 5257 1429 5326 loquatur
1453 5257 1645 5327 Scytha
1673 5260 1753 5313 vel
1779 5259 1973 5323 Thrax,
1999 5261 2180 5314 audire
2204 5275 2306 5315 non

808 5405 839 5473 ξ,
859 5404 931 5451 sic
964 5416 1024 5473 ex
1050 5406 1324 5473 conjectura
1349 5410 1558 5473 restituit
1591 5415 1762 5473 Fronto
1799 5417 2013 5468 Duczcus,
2043 5417 2094 5460 et
2114 5412 2308 5473 quidem

741 5462 941 5523 optime.
968 5464 1104 5531 Apud
1127 5462 1346 5531 savilium
1371 5467 1566 5531 legitur,
1591 5469 1720 5531 dies,
1749 5477 1793 5518 et
1817 5484 1928 5527 nox,
1955 5462 2111 5520 etnon
2135 5462 2270 5522 homo
2291 5485 2310 5523 :

743 5535 921 5594 verum
939 5525 1125 5594 conjicit
1147 5526 1232 5575 ille
1257 5529 1303 5575 in
1328 5525 1561 5594 margine"
1589 5525 1851 5594 legendum
1899 5525 2026 5591 esse,
2055 5541 2098 5582 et
2122 5533 2307 5594 rictum,

747 5591 800 5632 ct
827 5591 962 5633 recte
986 5587 1178 5648 quidem
1204 5603 1215 5637 :
1246 5601 1351 5638 nam
1377 5587 1453 5638 sic
1467 5587 1888 5654 scnsus'postulat.

1399 262 1454 316 S.
1492 260 1768 317 JUANNIS
1803 257 2146 316 CHRYSOS’I
2160 253 2280 314 οΜι
2314 253 2626 311 ARCHIEP.
2664 255 3192 316 CONSTANTINOP.

3845 285 3961 338 144

2406 381 2607 443 potero,
2634 389 2802 442 neque
2832 375 2961 428 alter
2990 375 3218 445 linguam
3245 376 3457 431 alterius
3487 393 3500 429 :
3531 375 3581 430 in
3605 376 3734 430 caelo
3763 384 3968 438 autem,

2401 465 2452 517 in
2486 475 2637 518 noete
2662 480 2721 518 ac
2750 464 2836 518 die
2862 465 3033 519 locum
3059 465 3108 518 id
3132 481 3233 519 non
3259 465 3434 529 habet,
3461 465 3551 521 sed
3577 466 3831 534 ejusmodi
3866 482 3971 519 Ver.

2401 553 2612 607 illorum
2641 564 2737 616 est,
2771 564 2825 606 ut
2855 555 2920 608 ab
2947 557 3088 607 omni
3123 556 3313 622 lingua,
3347 557 3413 609 ab
3439 557 3578 609 omni
3610 556 3812 624 loquela
3846 571 3973 622 pos-

2401 646 2465 698 sit
2491 645 2677 712 audiri,
2710 647 2861 714 eique
2886 647 3025 701 clara
3052 648 3119 702 sit
3143 657 3196 701 ct
3221 648 3513 717 perspicua.
3539 648 3818 714 Propterea
3842 662 3967 698 cum

2401 727 2558 788 caelos
2590 736 2677 789 Dei
2705 737 2922 804 gloriam
2951 752 3199 792 enarrare
3222 738 3456 798 dixisset.
3485 747 3538 792 et
3561 739 3698 792 diem
3719 738 3818 791 diei
3845 754 3973 790 vcr-

2401 826 2524 879 bum
2554 839 2823 890 eructare,
2857 828 3047 896 adjecit
3076 847 3087 884 :
3121 827 3234 881 Non
3265 838 3376 881 sunt
3402 828 3640 898 loquelis,
3668 844 3820 895 neque
3853 845 3965 880 ser-

2401 934 2589 982 mones,
2614 935 2822 988 quorum
2852 936 2947 972 non
2979 921 3244 973 audiantur
3270 935 3408 972 voces
3435 936 3623 972 eorum.
3649 919 3775 985 Quae
3800 919 3968 971 verba

2403 1011 2556 1064 talem
2587 1013 2898 1064 sententiam
2935 1011 3126 1066 habent
3156 1030 3167 1062 :
3199 1011 3376 1065 Talem
3422 1011 3616 1065 habent
3657 1010 3925 1080 loquelam
3951 1051 3966 1072 ,

2403 1100 2663 1169 talemque
2690 1115 2870 1154 vocem
2901 1101 3094 1154 habent
3120 1100 3251 1165 dies,
3284 1116 3403 1162 nox,
3430 1109 3480 1153 et
3509 1100 3713 1162 caelum,
3744 1113 3970 1151 omnes-

2401 1206 2502 1259 que
2530 1202 2784 1247 creaturae
2805 1234 2817 1255 ,
2850 1202 2905 1247 ut
2946 1193 3013 1246 ab
3053 1193 3292 1246 omnibus
3327 1192 3548 1261 loquelis
3571 1232 3586 1254 ,
3621 1193 3719 1242 hoc
3746 1198 3822 1242 est
3850 1230 3867 1253 ,
3903 1208 3910 1233 =
3937 1188 3972 1240 ιν

2402 1281 2645 1335 omnibus
2674 1282 2880 1350 linguis,
2911 1283 2976 1334 ab
3004 1282 3241 1336 omnibus
3268 1282 3508 1351 gentibus
3536 1296 3632 1333 vox
3661 1293 3845 1333 eorum
3869 1293 3970 1329 au-

2401 1374 2591 1427 diatur.
2622 1374 2732 1428 Non
2763 1374 2902 1428 enim
2926 1385 3000 1429 est
3035 1375 3255 1443 loquela,
3282 1374 3469 1441 inquit,
3499 1374 3599 1426 hoc
3626 1381 3727 1436 cst,
3753 1386 3859 1424 non
3886 1379 3969 1423 e-t

2400 1478 2551 1532 gens,
2584 1478 2685 1517 non
2715 1473 2794 1518 est
2818 1479 2938 1530 vox,
2969 1465 3052 1518 ubi
3085 1480 3183 1518 vox
3212 1464 3327 1518 caeli
3357 1478 3457 1517 non
3487 1462 3764 1516 audiatur:
3791 1460 3887 1515 sed
3916 1469 3970 1513 et

2403 1554 2618 1624 Scytha,
2644 1565 2695 1609 et
2717 1556 2912 1620 Thrax,
2941 1567 2992 1609 et
3016 1556 3241 1621 Maurus,
3270 1564 3321 1610 et
3349 1555 3524 1620 Indus,
3552 1562 3604 1608 et
3629 1554 3966 1613 Sauromata,

2402 1653 2455 1698 et
2481 1644 2685 1713 loquela
2713 1646 2903 1708 omnis,
2927 1655 2976 1698 et
3008 1646 3180 1715 lingua
3211 1646 3378 1698 omnis
3408 1655 3459 1700 et
3481 1659 3608 1714 gens
3634 1644 3805 1697 omnis
3827 1643 3970 1695 hatrc

2402 1749 2586 1789 vocem
2617 1736 2807 1803 poterit
2835 1736 3100 1789 exaudire.
3133 1735 3246 1802 Quo
3274 1735 3480 1788 tandem
3513 1733 3831 1803 pactoiﬂoc
3859 1733 3971 1798 iam

2403 1823 2543 1888 audi,
2576 1833 2632 1878 ut
2661 1824 2920 1892 intelligas
2950 1840 3047 1892 qua
3078 1826 3277 1879 ratione
3301 1824 3484 1878 czt-lum
3515 1822 3734 1878 tacendo
3764 1822 3972 1890 loqua-

2405 1924 2504 1968 tur.
2535 1915 2662 1970 Cum
2689 1916 2825 1970 enim
2852 1917 3044 1970 videris
3069 1917 3181 1984 ejus
3210 1914 3671 1984 pulchritudinem,
3703 1914 3971 1982 magnitu-

2401 2003 2576 2058 dinem
2600 2045 2616 2072 ,
2648 2006 2803 2058 situm
2829 2047 2843 2066 ,
2875 2005 3271 2074 perpetuitatem
3297 2047 3309 2067 ,
3348 2005 3679 2073 splendorem
3699 2044 3715 2068 ,
3755 2013 3811 2057 et
3853 2003 3973 2056 ha-c

2402 2098 2573 2152 omnia
2619 2099 2868 2168 colligens
2910 2099 3047 2166 apud
3088 2107 3137 2153 te
3176 2097 3511 2153 Conditorem
3551 2095 3968 2166 glorificaveris,

2403 2187 2702 2242 Creatorem
2734 2189 2980 2255 laudaris,
3013 2198 3121 2243 tum
3147 2202 3326 2242 vocem
3355 2186 3528 2240 emisit
3556 2187 3764 2250 cadum,
3793 2196 3845 2237 et
3875 2200 3972 2252 per

2403 2278 2629 2347 linguam
2675 2278 2783 2333 Deo
2821 2279 3041 2350 gloriam
3081 2277 3389 2343 laudemque
3429 2277 3629 2331 detulit.
3665 2277 3836 2343 Atque
3866 2274 3971 2327 hoc

2403 2366 2530 2420 illud
2567 2375 2648 2421 est
2681 2366 2818 2435 quod
2845 2367 3016 2432 dixit,
3047 2368 3167 2422 Catii
3197 2375 3428 2421 enarrant
3462 2366 3674 2437 gloriam
3701 2365 3818 2419 Dei.
3850 2366 3972 2430 Quo

2403 2459 2614 2512 tandem
2639 2457 2834 2515 modo?
2859 2458 2990 2513 Dum
3015 2458 3094 2513 sui
3122 2457 3414 2528 splendoris
3441 2456 3823 2526 pulchritudine
3847 2471 3972 2524 spe-

2401 2555 2655 2602 ctatorem
2683 2548 2734 2602 in
2763 2547 3162 2607 admirationem
3193 2547 3466 2604 traducunt
3487 2546 3806 2602 Conditoris.
3834 2544 3972 2598 Cum

2402 2635 2541 2689 enim
2565 2645 2846 2704 conspecto
2869 2645 3010 2689 tanto
3031 2652 3188 2705 opere
3209 2637 3402 2691 dixeris
3426 2654 3438 2689 :
3463 2635 3639 2691 Gloria
3663 2635 3777 2698 tibi,
3807 2635 3970 2694 Deus,

2401 2727 2556 2797 quale
2582 2741 2770 2797 corpus
2795 2725 3092 2792 condidisti,
3119 2737 3173 2781 et
3198 2728 3247 2782 in
3277 2727 3449 2782 medio
3472 2726 3824 2781 constituisti!
3853 2725 3973 2778 ca-li

2402 2817 2623 2886 gleriam
2662 2816 2813 2870 istam
2852 2816 3184 2880 detulerunt,
3214 2825 3267 2869 et
3306 2825 3388 2868 tua
3431 2815 3603 2882 lingua
3634 2822 3847 2868 utentes
3878 2828 3976 2880 per

2401 2915 2669 2976 aspectum
2699 2907 3100 2962 admirationem
3123 2906 3491 2962 cxhibuerunt.
3518 2905 3592 2959 Ita
3619 2907 3838 2960 silentes
3855 2905 3976 2972 glo-

2400 2998 2533 3052 riam
2560 3009 2611 3052 et
2648 2998 2900 3052 honorem
2947 2998 3055 3051 Deo
3093 2997 3367 3063 deferunt,
3394 3005 3447 3051 et
3490 2997 3623 3051 hanc
3655 3010 3842 3051 vocem
3872 3010 3973 3047 au-

2399 3088 2550 3143 diunt
2578 3103 2780 3142 omnes.
2812 3088 3031 3154 Quando
3068 3090 3208 3142 enim
3245 3087 3361 3141 haec
3401 3087 3596 3154 percipi
3638 3085 3819 3139 auditu
3863 3100 3972 3137 non

2403 3189 2639 3246 possunt,
2668 3177 2756 3232 sed
2780 3188 2991 3248 aspectu
3015 3188 3067 3232 et
3092 3179 3548 3246 contemplatione,
3576 3187 3822 3244 aspectus
3848 3191 3976 3244 por-

2401 3286 2464 3326 ro
2492 3287 2624 3327 unus
2657 3279 2737 3324 est
2764 3270 3032 3332 omnibus,
3064 3271 3266 3323 tametsi
3300 3271 3471 3339 lingua
3501 3269 3567 3321 sit
3597 3267 3850 3321 dill‘erens
3874 3308 3887 3328 ,
3921 3276 3975 3319 et

2402 3360 2655 3415 barbarus
2678 3399 2695 3424 ,
2723 3358 2962 3429 Scythm,
3006 3358 3232 3412 Thraces
3255 3400 3271 3422 ,
3303 3358 3465 3411 Mauri
3489 3397 3508 3422 ,
3535 3366 3589 3411 et
3631 3357 3742 3409 Indi
3787 3369 3973 3408 vocem

2403 3450 2556 3503 istam
2579 3449 2813 3514 audiunt,
2839 3449 2938 3502 hoc
2963 3457 3061 3510 est,
3086 3446 3392 3500 miraculum
3415 3455 3712 3504 cernentes.
3743 3445 3976 3513 pulchri-

2404 3541 2638 3596 tudinem
2663 3541 3115 3609 obstupeacentes,
3145 3538 3497 3608 splendorem,
3529 3537 3969 3607 magnitudinem,

2402 3630 2502 3684 alia
2531 3631 2704 3684 omnia
2725 3673 2738 3696 ,
2768 3646 2886 3700 qua:
2924 3630 2989 3684 ad
3027 3631 3210 3685 czelum
3252 3629 3550 3697 pertinent.
3580 3630 3669 3696 qui
3708 3637 3852 3682 recta
3883 3643 3970 3677 sa-

2403 3723 2571 3790 piunt,
2604 3720 2820 3787 gloriam
2849 3732 2901 3774 et
2932 3720 3136 3776 laudem
3165 3718 3387 3774 oderunt
3414 3718 3539 3773 Deo.
3571 3717 3802 3787 ldipsum
3830 3729 3882 3772 et
3907 3719 3974 3772 de

2405 3811 2489 3864 die
2519 3820 2675 3878 atque
2705 3817 2855 3863 nocte
2880 3810 2980 3866 dici
3013 3819 3198 3878 potest.
3229 3809 3296 3863 Ut
3325 3810 3463 3862 enim
3495 3809 3594 3863 hoc
3623 3808 3973 3878 pulchritudi-

2405 3917 2493 3966 ne,
2524 3902 2648 3965 situ,
2681 3899 3056 3968 magnitudine,
3088 3899 3385 3967 splendore,
3420 3898 3672 3965 temporis
3703 3899 3974 3966 perpetui-

2406 4000 2512 4045 tate
2531 4033 2548 4056 ,
2576 4004 2701 4050 usu.
2731 3989 3040 4044 efficacitate
3060 4030 3073 4054 ,
3107 3990 3311 4043 cat-teris
3338 3988 3580 4042 omnibus
3616 3997 3974 4054 spectatorem

2405 4081 2470 4134 ad
2497 4081 2897 4134 admirationem
2925 4078 3199 4133 traducens
3228 4077 3392 4133 efficit
3414 4118 3427 4144 ,
3459 4085 3512 4131 ut
3539 4078 3764 4147 gloriam
3788 4086 3841 4132 et
3870 4078 3975 4130 lm-

2407 4185 2588 4223 norcm
2631 4169 2902 4223 Conditori
2941 4168 3236 4224 deferamus
3270 4187 3281 4221 :
3315 4171 3383 4222 ita
3429 4184 3532 4222 nox
3568 4177 3624 4222 et
3662 4168 3797 4224 dies.
3840 4169 3974 4224 Cum

2407 4261 2546 4313 enim
2588 4269 2787 4312 rectum
2827 4259 3013 4312 horum
3060 4269 3354 4329 temporum
3391 4260 3627 4313 ordinem
3661 4261 3854 4314 videris
3877 4304 3890 4321 ,
3926 4269 3978 4314 et

2410 4364 2512 4419 quo
2541 4358 2690 4417 pacto
2719 4364 2878 4415 penso
2905 4363 3001 4404 suo
3029 4349 3268 4403 absoluto
3296 4350 3406 4403 dies
3431 4359 3639 4405 noctem
3665 4366 3694 4403 e
3721 4352 3833 4404 suis
3855 4366 3977 4418 pro-

2408 4440 2602 4509 pellere
2631 4438 2876 4492 limitibus
2905 4454 3006 4492 non
3036 4439 3320 4502 contendit,
3353 4455 3448 4493 nec
3474 4440 3629 4493 ullam
3659 4457 3767 4507 prae
3794 4456 3850 4494 se
3878 4441 3980 4496 fert

2408 4544 2493 4583 res
2523 4529 2718 4582 alienas
2757 4527 3036 4595 usurpandi
3071 4528 3406 4596 cupiditatem
3437 4546 3450 4584 :
3481 4545 3654 4599 neque
3694 4543 3978 4600 propterea

2408 4618 2546 4688 quod
2595 4619 2702 4687 ipsa
2748 4619 3065 4686 splendidior
3101 4628 3210 4681 est,
3255 4627 3419 4673 totum
3462 4635 3728 4690 occupare
3769 4632 3982 4690 tempus

2408 4717 2647 4773 conatur,
2671 4707 2762 4762 sed
2788 4708 3018 4763 recedit:
3041 4709 3332 4777 eodemque
3359 4710 3515 4764 modo
3535 4725 3722 4766 rursus
3750 4728 3852 4766 nox
3882 4727 3978 4765 suo

2409 4796 2648 4853 confecto
2670 4813 2822 4851 cursu
2846 4798 2946 4851 diei
2972 4799 3109 4850 cedit
3133 4816 3144 4850 :
3169 4807 3221 4850 et
3245 4798 3343 4851 hoc
3366 4814 3459 4867 per
3484 4807 3559 4851 tot
3582 4815 3756 4855 annos
3784 4801 3978 4855 {aetum

2410 4899 2510 4953 est,
2541 4904 2637 4942 nec
2662 4889 2763 4941 ulla
2793 4889 3028 4941 confusio
3057 4888 3139 4940 vel
3171 4890 3488 4956 perturbatio
3521 4891 3630 4944 visa
3662 4901 3766 4956 est,
3799 4900 3854 4943 et
3885 4906 3980 4945 nec

2413 4978 2507 5033 ista
2538 4977 2677 5030 illam
2706 4977 2858 5044 ejccit
2882 5017 2896 5041 ,
2930 4992 3097 5045 neque
3137 4977 3222 5031 illa
3264 4978 3398 5032 hanc
3439 4979 3737 5043 fraudavit;
3773 4981 3984 5034 tametsi

2412 5067 2735 5137 splendidior
2764 5084 2895 5127 una,
2936 5075 2986 5118 et
3024 5068 3294 5121 obscurior
3320 5079 3397 5121 est
3431 5069 3595 5121 altera
3628 5086 3640 5120 :
3674 5085 3862 5123 rursus
3894 5085 3982 5123 re-

2412 5169 2554 5211 ctum
2583 5157 2816 5210 ordinem
2851 5156 3067 5208 miratus
3107 5172 3207 5210 non
3252 5158 3358 5211 Deo
3385 5158 3604 5226 gloriam
3637 5168 3692 5211 ct
3725 5159 3981 5213 honorem

2414 5247 2638 5303 oﬂ'cres?
2662 5247 2725 5299 Et
2749 5246 3180 5313 quemadmodum
3209 5263 3415 5302 sorores
3436 5248 3551 5300 duae
3574 5248 3838 5304 benevole
3863 5265 3982 5318 erga

2414 5353 2472 5390 se
2497 5335 2719 5388 invicem
2748 5333 2973 5397 affectae,
3005 5343 3270 5402 paternam
3314 5337 3657 5389 hereditatem
3689 5338 3739 5389 in
3775 5339 3910 5393 libra
3936 5350 3985 5392 et

2414 5427 2620 5480 bilance
2653 5424 2976 5491 partiuntur,
3005 5431 3058 5477 et
3088 5441 3152 5478 ne
3189 5426 3399 5479 minima
3429 5426 3642 5494 quidem
3679 5443 3738 5482 re
3766 5430 3876 5482 ulla
3908 5430 3982 5482 al-

2418 5531 2527 5571 tera
2555 5514 2774 5568 alteram
2807 5511 3006 5566 fraudat
3031 5532 3042 5566 :
3069 5515 3144 5568 sic
3173 5515 3414 5569 nimirum
3441 5527 3494 5569 ct
3521 5531 3625 5571 nox
3652 5528 3706 5573 et
3733 5519 3855 5576 dies
3882 5531 3986 5575 toto

2420 5616 2654 5674 tempore
2685 5603 2820 5655 inter
2843 5616 2898 5656 se
2925 5602 3109 5668 diviso,
3136 5604 3261 5659 dum
3289 5621 3352 5660 ne
3381 5607 3595 5662 minima
3625 5608 3848 5665 quidem
3879 5612 3987 5680 ejus
