4130 6316
166 360 270 415 143

163 463 254 513 καὶ
283 461 663 530 παραδείσους,
684 461 777 514 καὶ
813 461 1123 532 σπέρματα,
1166 460 1258 512 καὶ
1292 457 1454 527 φυτὰ,
1492 453 1726 525 βοτανῶν

164 543 274 611 εἴδη
309 543 548 604 ποικίλα,
597 545 689 596 καὶ
729 543 957 614 διάφορα
998 544 1265 613 σχήματα,
1305 541 1398 593 καὶ
1435 537 1720 606 διαφόρους

165 624 459 693 ἐνεργείας,
491 625 584 677 καὶ
609 625 894 695 διαφόρους
919 624 1126 692 φύσεις,
1156 624 1190 676 ἆ
1231 620 1502 690 πανταχοῦ
1531 619 1607 687 τῷ
1629 618 1719 667 κό-

167 723 284 774 σμῳ
306 705 531 775 περιιὼν
572 718 599 746 ι
639 706 736 758 ῐδοι
760 724 842 770 τις
871 708 965 760 ἄν’
991 708 1083 760 καὶ
1103 708 1163 758 16
1190 707 1344 776 σῶμα
1363 705 1461 770 τῆς
1480 699 1722 770 οἰκουμέ-

164 804 256 855 νης
283 789 579 857 ἐπιτρέχων
605 787 682 856 τῷ
708 787 968 856 λογισμῷ,
1005 789 1116 858 ἐρεῖ
1140 787 1274 856 μετά
1301 784 1392 838 τοῦ
1417 789 1715 852 Προφήτου·

173 871 267 934 Ὠς
312 871 680 938 έμεγαλύνθη
727 870 798 922 τὰ
829 869 970 938 ἔργα
1006 885 1139 930 σου,
1178 870 1367 935 Κύριε.
1418 867 1615 918 Πάντα
1650 867 1718 917 ἐν

163 952 344 1018 σοφίᾳ
395 952 702 1018 ἐποίησας.
751 951 912 1002 Ὠστε
974 949 1021 1003 εἰ
1075 950 1250 1019 βούλει
1295 950 1514 1018 θέατρον
1567 949 1712 1010 ἰδεῖν,

163 1034 469 1087 καταλιπὼν
497 1035 670 1086 ἐκεῖνο
709 1033 768 1085 16
814 1032 1119 1095 σατανικὺν,
1172 1030 1290 1083 ἐλθὲ
1337 1031 1428 1082 ἐπὶ
1461 1028 1615 1080 τοῦτο
1654 1029 1713 1080 τὸ

162 1115 541 1184 πνευματικόν
570 1114 716 1185 [146]
763 1117 808 1167 εἰ
857 1113 1031 1182 βούλει
1064 1112 1227 1182 λύρας
1269 1112 1514 1173 ἀκοῦσαι,
1557 1111 1713 1178 ἀφεὶς

161 1198 370 1264 ἐκείνην
408 1197 504 1266 τὴν
546 1197 824 1265 μελῳδίαν,
869 1197 960 1248 καί
1006 1195 1067 1248 16
1109 1195 1318 1248 εὐτονον
1356 1195 1451 1263 τῆς
1479 1192 1712 1254 διανοίας

162 1279 455 1338 συντείνας,
485 1274 604 1329 ἐλθέ
634 1278 723 1329 ἐπὶ
755 1278 958 1348 ταύτην
1001 1278 1099 1346 τὴν
1135 1275 1498 1345 διεγείρουσάν
1533 1291 1624 1326 σου
1654 1275 1714 1326 16

161 1360 427 1429 φρόνημα,
453 1358 745 1428 νευροῦσάν
777 1371 869 1411 σου
899 1360 995 1430 τήν
1015 1359 1416 1428 διάνοιαν.”ορα
1446 1358 1712 1425 φθόγγους

159 1441 440 1510 διαφόρους
465 1441 556 1492 καὶ
579 1441 773 1510 νευρὰς
794 1441 1213 1509 ἐνηλλαγμένας.
1243 1440 1366 1509 μίαν
1393 1440 1485 1491 καὶ
1506 1454 1712 1508 παναρ-

160 1523 338 1592 μόνιον
376 1524 452 1591 τῷ
496 1523 847 1593 ἀριστοτέχνῃ
880 1523 998 1592 Θεῷ
1041 1522 1370 1590 πανταχόθεν
1401 1521 1428 1560 δ
1465 1521 1709 1588 ἀναπεμ-

157 1603 354 1664 πούσας
378 1603 684 1673 [μελῳδίαν.
703 1603 865 1674 Ὠσεὶ]
893 1603 1001 1672 γάρ
1028 1621 1108 1666 τις
1139 1601 1392 1673 [φθόγγος
1417 1600 1508 1654 τοῦ
1543 1599 1706 1651 πνεύ-

159 1684 344 1756 ματος]
374 1689 436 1737 ἐκ
472 1685 742 1754 διαφόρων
781 1686 1029 1753 φθόγγων
1061 1685 1408 1752 συγκείμενος
1443 1682 1565 1751 μίαν
1594 1681 1706 1750 ἔχει

158 1768 436 1837 μελῳδίαν,
484 1767 582 1834 τὴν
619 1769 697 1829 εἰς
740 1768 828 1820 τὸν
874 1768 1171 1835 ποιήσαντα
1222 1765 1556 1832 δοξολογίαν·
1613 1765 1706 1815 καὶ

153 1849 336 1916 ⁴ἠχοῦσι
370 1851 466 1918 μὲν
490 1848 608 1901 καθ’
634 1849 831 1910 ἑαυτὰς
858 1849 916 1902 αι
953 1847 1156 1918 νευραί,
1180 1846 1370 1916 ήχοῦσι
1393 1846 1447 1897 δὲ
1470 1846 1561 1898 καὶ
1589 1845 1703 1912 μετ’

154 1930 409 2000 ἀλλήλων.
452 1931 563 1982 Καὶ
605 1931 689 1982 ἴνα
729 1932 904 2000 μάθῃς
955 1930 1070 1992 πῶς
1108 1929 1226 1982 καθ’
1274 1928 1464 1990 ἑαυτὰς
1494 1927 1702 1996 ήχοῦσι,

155 2011 375 2081 κροῦσον
403 2011 482 2080 τῷ
519 2011 756 2081 λογισμῷ
800 2012 898 2081 τὴν
937 2010 1132 2080 νευρὰν
1181 2009 1274 2062 τοῦ
1311 2008 1558 2078 οὐρανοῦ,
1611 2009 1703 2060 καὶ

155 2093 351 2164 ἀκούσῃ
387 2094 595 2161 μεγάλα
615 2094 872 2162 ἡκούσης,
901 2093 993 2144 καὶ
1023 2091 1097 2160 τῷ
1125 2091 1242 2160 Θεῷ
1278 2090 1431 2154 δόξαν
1462 2091 1703 2160 ἀναπεμ-

155 2176 374 2244 πούσης.
409 2176 586 2245 Ὅπερ
615 2171 704 2228 οὖν
737 2175 829 2228 καλ⁸
862 2178 888 2226 6
911 2173 1196 2246 Προφήτης
1227 2174 1468 2235 συνιδὼν,
1500 2173 1697 2242 ἔλεγεν·

155 2260 215 2309 Ol
253 2257 493 2323 οὐρανοὶ
534 2256 869 2325 διηγοῦνται
905 2256 1090 2320 δόξαν
1133 2255 1298 2317 Θεοῦ,
1352 2256 1597 2323 ποίησιν
1635 2255 1703 2308 δὲ

152 2337 352 2407 χειρῶν
382 2339 565 2392 αὑτοῦ
596 2339 944 2408 ἀναγγέλλει
971 2339 1036 2392 τὸ
1076 2337 1390 2405 στερέωμα.
1429 2337 1559 2388 ’Λπὸ
1603 2337 1701 2406 τῆς

151 2423 336 2490 νευρᾶς
368 2421 578 2489 ἐκείνης
611 2420 870 2489 μετάϐηθι
904 2421 995 2473 ἐπὶ
1027 2420 1122 2490 τὴν
1156 2419 1349 2489 νευρὰν
1375 2419 1470 2488 τῆς
1491 2419 1701 2488 ήμέρας

152 2501 235 2554 καὶ
265 2503 361 2570 τῆς
394 2501 606 2562 νυκτὸς,
643 2503 734 2553 καί
760 2501 876 2569 ὀψει
907 2503 1000 2554 καὶ
1027 2503 1246 2564 τούτους
1275 2501 1399 2562 τοὺς
1428 2501 1699 2567 φθόγγους

150 2582 305 2651 λύρας
338 2584 551 2652 ἀπάσης
584 2583 675 2635 καὶ
714 2583 940 2650 κιθάρας
975 2583 1106 2651 ήδίω
1139 2583 1567 2652 φθεγγομένους·
1607 2583 1699 2634 καὶ

152 2663 394 2731 μάλιστα,
425 2665 548 2716 ὅταν
639 2681 718 2726 τις
751 2666 779 2716 6
820 2665 918 2726 τὰς
967 2665 1160 2733 νευρὰς
1205 2663 1404 2724 ταύτας
1437 2662 1700 2733 ἀνακρού-

152 2745 334 2797 σασθαι
367 2745 736 2813 ἐπιστάμενος.
772 2746 882 2801 Καὶ
925 2745 1040 2807 πῶς
1066 2744 1292 2814 ἠχοῦσις
1337 2745 1486 2814 φησί.
1521 2744 1698 2813 Στόμα

149 2826 363 2895 οὐρανὸς
392 2827 450 2877 οὐ
480 2829 637 2886 κινεῖ,
683 2825 803 2878 οὐτε
833 2826 1094 2893 γλῶτταν,
1130 2825 1248 2877 οὐδὲ
1277 2823 1547 2896 ὑπερῴαν,
1581 2826 1698 2878 οὐδὲ

147 2910 376 2970 ὀδόντας,
412 2907 529 2960 οὐδέ
558 2908 704 2977 χείλη
727 2924 740 2938 °
779 2908 895 2971 πῶς
927 2905 1018 2961 οὖν
1047 2911 1078 2978 ή
1113 2909 1258 2977 φωνὴ
1290 2909 1526 2980 πρόεισι;
1580 2907 1698 2970 πῶς

146 2988 194 3041 δέ
218 2991 249 3058 ἡ
279 2990 457 3058 ἡμέρα
488 2989 815 3058 φθέγγεται;
869 2991 1001 3042 Οὐδὲ
1025 2991 1132 3058 γὰρ
1167 2989 1332 3042 ταῦτα
1360 2989 1561 3058 ὄργανα
1587 3007 1697 3057 φω-

147 3073 330 3137 νητικά
360 3073 524 3135 ἐστιν,
566 3071 698 3123 ἀλλὰ
729 3071 924 3141 δρόμος
951 3073 1095 3122 ἐστὶν
1127 3072 1274 3139 ἡλίου
1317 3070 1408 3121 καί
1448 3071 1691 3139 σελήνης,

145 3152 316 3222 ἡμέρα
341 3155 432 3205 καὶ
465 3153 576 3218 νὺξ,
613 3153 802 3221 καιροῦ
835 3153 1086 3222 πάροδος.
1124 3154 1217 3205 Ἵν’
1251 3146 1342 3204 οὖν
1376 3154 1446 3222 μή
1482 3170 1563 3215 τις
1588 3155 1694 3205 τῶν

145 3235 454 3303 παχυτέρων
481 3235 651 3288 ταῦτα
684 3234 893 3287 ἀκούων
916 3233 1202 3304 θορυϐῆται
1229 3235 1321 3286 καὶ
1346 3233 1691 3304 ταράττηται,

144 3318 363 3369 ἄκουσον
392 3318 507 3379 πῶς
533 3315 858 3386 ὁΠροφήτης
881 3316 1271 3384 ἐπαγωνίζεται
1301 3315 1377 3384 τῷ
1399 3318 1689 3386 εἰρημένῳ.

145 3396 317 3450 Εἰπὼν
335 3399 461 3467 γὰρ,
490 3399 569 3450 ὅτι
597 3401 661 3451 Ol
684 3398 921 3465 οὐρανοί
951 3397 1288 3466 διηγοῦνται
1313 3396 1497 3460 δόξαν
1524 3399 1688 3462 Θεοῦ,

142 3481 226 3531 καὶ
248 3480 326 3532 ὅτι
365 3480 575 3549 Ἡμέρα
606 3479 678 3546 τῇ
709 3481 896 3548 ἡμέρᾳ
929 3480 1223 3547 ἐρεύγεται
1254 3478 1433 3547 ῥῆμα.
1461 3480 1555 3531 καὶ
1579 3480 1692 3545 νὺξ

143 3563 304 3614 νυκτὶ
332 3561 682 3629 ἀναγγέλλει
728 3561 967 3627 γνῶσιν,
995 3561 1092 3612 οὐκ
1122 3560 1248 3628 ἔστη
1285 3561 1444 3629 μέχρι
1481 3561 1686 3625 τούτου,

141 3644 246 3695 ἀλλ’
277 3645 554 3713 ἐπήγαγεν
582 3659 595 3670 '
636 3645 755 3694 Οὐκ
794 3643 912 3695 εἰσὶ
963 3643 1183 3706 λαλιαί,
1211 3642 1350 3693 οὐδὲ
1398 3643 1580 3709 λόγοι,
1609 3643 1694 3695 ὧν

141 3725 267 3792 οὺχί
295 3728 610 3778 ἀκούονται
644 3728 700 3776 ιιι
725 3723 911 3791 φωναὶ
937 3723 1225 3778 αὐτῶν,Ὅ
1247 3723 1301 3774 δὲ
1331 3724 1492 3789 λέγει,
1518 3725 1690 3779 τοιοῦ-

140 3806 217 3857 τόν
250 3809 382 3859 ἐστι·
419 3808 480 3858 οὐ
511 3807 666 3874 μόνον
691 3805 872 3875 φωνὴν
901 3805 1110 3874 ἔχουσιν
1131 3805 1307 3874 ἡμέρα
1333 3806 1423 3857 καὶ
1457 3806 1569 3869 νὺξ,
1598 3808 1690 3860 καὶ

139 3889 352 3957 οὐρανὸς
376 3899 424 3950 ο,
457 3887 590 3940 ἀλλά
617 3888 710 3939 καὶ
733 3887 988 3956 τοιαύτην
1010 3887 1209 3955 φωνὴν,
1241 3887 1274 3956 ἠ
1296 3887 1391 3955 τῆς
1420 3886 1689 3958 ἀνθρωπί-

139 3985 225 4036 νης
263 3971 408 4021 ἐστὶν
435 3969 797 4039 εὐσημοτέρα,
825 3969 919 4020 καὶ
951 3967 1276 4036 σαφεστέρα,
1324 3969 1414 4019 καὶ
1462 3970 1687 4021 εὐτονω-

138 4051 275 4120 τέρα.
323 4052 445 4114 Πῶς
492 4053 586 4104 καί
635 4051 740 4101 τίνι
783 4051 1001 4118 τρόπῳ;
1047 4051 1305 4100 ’Ἄκουσον
1345 4049 1441 4118 τῆς
1481 4053 1689 4121 ρήσεως

137 4133 310 4201 αὐτῆς.
338 4136 456 4184 Οὐκ
474 4133 590 4184 εὶσί
613 4131 837 4195 λαλιαί,
867 4129 1004 4182 οὐδὲ
1031 4131 1216 4195 λόγοι,
1238 4123 1323 4180 ὧν
1347 4131 1476 4197 οὐχὶ
1510 4133 1687 4183 ἀκού-

137 4228 286 4264 ονται
335 4216 393 4263 αὶ
424 4212 610 4280 φωναί
657 4211 872 4264 αὐτῶν.
921 4212 986 4264 Τί
1031 4213 1143 4264 ποτ’
1176 4209 1268 4263 οὖν
1308 4211 1462 4264 τοῦτὸ
1508 4215 1684 4278 ἐστιν;

146 4294 436 4363 Έγκὼμιον
460 4295 558 4362 τῆς
589 4294 788 4361 φωνῆς,
820 4292 1039 4354 ἔπαινος
1070 4293 1165 4361 τῆς
1196 4295 1429 4364 ήχῆς.Ἡ
1463 4296 1557 4364 μὲν
1581 4293 1686 4365 γάρ

135 4375 229 4446 ἐμὴ
268 4377 416 4446 φωνὴ
441 4375 517 4444 τῷ
542 4375 658 4443 ἐμῷ
688 4373 956 4444 ὀμοφώνῳ
979 4374 1273 4445 γνώριμος,
1309 4376 1686 4446 ἐτερογλώσσῳ

135 4457 180 4508 δὲ
230 4458 432 4511 οὐκέτι.
480 4452 602 4510 Οἷόν
636 4474 687 4508 τι
734 4456 893 4523 λέγω,
943 4456 1144 4510 Ἐλλάδι
1186 4458 1548 4528 διαλεγομένῳ
1599 4476 1685 4529 μοι

135 4539 333 4609 γλώττῃ
379 4539 429 4603 ά,
469 4539 535 4592 ἂν
582 4539 756 4591 τοίνυν
801 4540 899 4607 τὴν
954 4539 1132 4606 φωνὴν
1175 4540 1285 4608 εἰδῇ
1335 4557 1438 4601 τις,
1485 4542 1687 4602 ἐκεῖνος

134 4620 407 4672 ἀκούσεταί
437 4637 536 4688 μου
557 4636 570 4650 ⁸
601 4622 630 4672 6
654 4620 713 4671 δὲ
741 4619 968 4688 Σκύθης,
991 4620 1082 4670 καὶ
1107 4621 1135 4670 6
1161 4619 1325 4688 Θρᾷξ,
1358 4621 1449 4672 καὶ
1478 4621 1507 4671 6
1535 4621 1688 4674 Μαῦ-

134 4718 233 4769 ρος,
263 4704 358 4754 καὶ
383 4705 409 4755 6
439 4701 595 4764 Ἰνδὸς
618 4701 798 4753 οὐκέτι
822 4715 835 4729 ⁸
872 4703 905 4770 ή
934 4700 1040 4770 γὰρ
1069 4701 1295 4770 διαφορὰ
1321 4703 1418 4770 τῆς
1440 4703 1686 4772 γλώττης

133 4784 219 4835 οὐκ
266 4784 490 4854 ἀφίησιν
534 4782 769 4852 εὔσημον
798 4783 948 4852 αὐτῷ
985 4782 1237 4849 γενέσθαι
1263 4785 1361 4852 τὴν
1395 4785 1530 4854 ἐμὴν
1568 4786 1688 4839 διά-ο

133 4865 283 4932 λεξιν.

185 5021 211 5050 ⁸
247 5019 538 5081 Legendum
574 5023 714 5081 pulsi
758 5018 993 5081 Sarv‘iHns,
1039 5019 1338 5081 ἁπανταχοῦ
1367 5018 1452 5066 τοῦ
1503 5021 1685 5080 κόσμου

131 5079 404 5142 περαὼνίεῑ
430 5079 759 5142 hgzegeuuina
786 5079 977 5142 videtur
1001 5091 1109 5127 esse
1135 5079 1296 5127 lectio.
1323 5080 1420 5128 Sed
1439 5082 1546 5128 sine
1571 5079 1683 5128 mss.

131 5140 407 5188 auctoritate
429 5140 549 5187 nihil
574 5145 763 5185 mutare
786 5141 1033 5187 audemus.

185 5201 210 5240 b
229 5201 325 5249 Hic
344 5199 390 5248 in
424 5201 581 5248 lacera
605 5200 737 5246 serie
773 5200 922 5246 verba
949 5200 1045 5248 duo
1067 5201 1220 5248 triave
1263 5200 1680 5254 desiderabantur.

131 5262 206 5308 sed
228 5274 283 5308 ea
308 5261 688 5309 uncinisiuclusa
699 5259 885 5321 damus,
900 5262 1080 5320 nequis
1100 5267 1237 5321 pulei
1253 5273 1379 5308 eaex
1396 5263 1683 5308 auctoritate

130 5332 227 5368 um.
245 5323 500 5382 proﬁcisci.
516 5321 712 5369 Certum
723 5319 904 5378 quippe
919 5319 1010 5382 esi.
1024 5322 1064 5369 si
1080 5319 1174 5368 u‘on
1190 5321 1276 5369 ead
1284 5334 1360 5382 em
1372 5321 1536 5378 verba,
1552 5334 1656 5368 eam
1668 5349 1681 5356 -

129 5385 226 5428 dem
247 5380 386 5429 herle
404 5382 619 5429 auctoris
643 5381 938 5442 seuleuliam
968 5380 1133 5439 fuisse,
1151 5389 1203 5428 ut
1225 5380 1381 5442 series
1403 5383 1500 5442 ipsa
1521 5382 1686 5429 docet.

183 5445 203 5518 ξ
225 5443 307 5518 δίς
325 5439 1578 5518 "Wereeiwiifii‘zi“:29:11;@9651?
1603 5443 1682 5518 ιαὶ

129 5501 194 5556 νὺξ
221 5505 299 5550 καί
321 5501 406 5550 οὐκ
428 5504 686 5564 ἀνθρᾳηιος,
726 5511 894 5564 γετυιῃ
938 5502 1130 5564 eoujicit
1165 5503 1252 5564 ille
1278 5504 1325 5564 iu
1352 5501 1564 5564 margine
1608 5502 1684 5549 ie-

129 5565 326 5622 gendum
349 5576 458 5611 esse
484 5559 564 5609 καὶ
583 5559 963 5623 οὐρανός.ωίιιιιιί
987 5568 1148 5623 autem
1175 5563 1260 5609 οὐκ
1295 5559 1547 5623 ἄνθρωπος,
1571 5564 1682 5610 ideo

129 5618 189 5684 sic
211 5623 494 5684 impressum
520 5628 617 5677 est,
639 5618 772 5680 Quod
796 5618 1017 5684 litgrarius
1037 5621 1119 5682 οὐρ
1143 5635 1230 5682 pro
1252 5623 1337 5668 οὐκ
1361 5618 1605 5684 inbuerit.
1631 5631 1684 5671 et

131 5681 226 5744 ἔθος
244 5679 329 5744 pi-o
340 5685 825 5744 6v69w1zoc,_quaevox
841 5679 950 5744 fere
973 5679 1166 5744 semric'r
1184 5685 1245 5732 ila
1266 5681 1489 5732 scribitur
1503 5685 1549 5731 in
1565 5697 1676 5732 mss.

182 5743 207 5781 ⁸
225 5740 312 5793 Hic
331 5740 511 5806 aliquid
533 5741 742 5791 subesse
769 5740 868 5787 vitii
891 5742 1119 5801 suspicor.

802 347 869 404 IN
904 346 1111 404 ILLUD
1147 345 1377 412 ISAIE,
1419 341 1552 398 EGO
1581 336 1886 396 DOMINUS
1915 339 2090 396 DEUS
2118 342 2263 398 FECI
2297 344 2555 411 LUMEN,
2592 345 2746 402 ETC.

3251 354 3358 410 144

1905 453 1967 521 β’.
1998 456 2161 508 Πάλιν
2192 458 2298 525 ἐγὼ
2328 460 2418 512 τοῦ
2449 462 2649 514 Σκύθου
2670 462 2876 515 καὶτοῦ
2907 464 3118 534 Θρᾳκὸς
3136 466 3369 538 διαλεγο-

1827 535 1985 620 μένου
2013 539 2073 590 οὐ
2104 538 2397 610 δυνήσομαι
2426 543 2660 606 ἀκούειν,
2697 545 2813 597 οὐδὲ
2843 544 3026 615 ἕτερος
3057 549 3153 617 τῆς
3184 535 3367 620 ἐτέρου

1821 617 2059 690 γλώττης
2082 635 2096 648 ·
2139 623 2230 674 ἐπὶ
2272 624 2328 675 δὲ
2367 624 2458 677 τοῦ
2487 626 2733 696 οὐρανοῦ,
2769 627 2862 680 καὶ
2900 629 3108 691 νυκτὸς,
3147 633 3239 683 καὶ
3270 617 3367 702 τῆς

1821 701 2031 771 ἡμέρας
2059 706 2158 756 οὐκ
2190 706 2305 759 ἐστι
2338 708 2512 771 τοῦτο,
2543 709 2677 760 ἀλλά
2710 709 2929 778 τοιαύτη
2957 710 3134 763 αὐτῶν
3163 713 3306 766 ἐστιν
3327 701 3366 783 νή

1820 785 1989 868 φωνή,
2008 785 2082 868 ῶς
2102 789 2249 858 πάσῃ
2264 789 2494 860 γλώττῃ,
2515 791 2660 868 ττάσῃ
2676 791 2849 859 λαλιᾷ,
2870 793 3030 843 παντὶ
3055 792 3192 845 ἐθνει
3218 794 3366 868 [147]

1816 863 2126 920 ἀκούεσθαι.
2152 871 2243 921 καὶ
2273 869 2489 938 εὔδηλον
2520 866 2654 922 εἶναι
2683 871 2774 923 καὶ
2809 872 2970 940 σαφῆ.
3001 872 3098 925 Διά
3117 863 3269 928 τοῦτο
3292 863 3367 927 ei;

1819 944 1954 1006 πὼν,
1983 947 2061 999 ὅτι
2101 951 2164 1000 Οἱ
2207 951 2446 1016 οὐρανοὶ
2473 951 2810 1018 διηγοῦνται
2836 951 3020 1014 δόξαν
3052 955 3216 1019 Θεοῦ,
3248 959 3357 1010 καί.

1830 1027 2041 1097 Ἡμέρα
2083 1029 2159 1096 τῇ
2183 1031 2368 1098 ἡμέρῃ
2396 1033 2688 1100 ἐρεύγεται
2707 1031 2888 1100 ῥῆμα,
2924 1036 3195 1102 ἐπήγαγεν
3212 1053 3223 1065 ’
3244 1040 3363 1090 Οὐκ

1816 1110 1930 1161 εἰσὶ
1947 1113 2166 1172 λαλιαί,
2184 1113 2520 1182 οὑδὲ-λόγοι,
2534 1107 2619 1165 ὧν
2633 1117 2702 1166 οὺ
2706 1116 2765 1182 χί
2781 1116 3094 1169 ἀκούονται
3105 1121 3164 1172 αἰ
3179 1121 3362 1185 φωναὶ

1814 1191 2024 1244 αὐτῶν.
2051 1194 2114 1244 Ὃ
2152 1192 2206 1244 δέ
2251 1193 2416 1261 λέγει,
2447 1196 2682 1248 τοιοῦτόν
2710 1198 2853 1248 ἐστι·
2903 1198 3153 1267 τοιαύτην
3183 1199 3361 1268 ἔχουσι
3434 1245 3436 1247 .

1812 1271 2017 1331 λαλιάν,
2057 1276 2147 1327 καὶ
2190 1277 2440 1345 τοιαύτην
2482 1278 2662 1346 ἔχουσι
2694 1280 2874 1347 φωνὴν
2904 1281 2935 1349 ἠ
2973 1281 3171 1351 ἡμέρα,
3203 1283 3294 1334 καὶ
3328 1287 3359 1351 ἡ

1812 1352 1920 1416 νὺξ.
1958 1356 2050 1407 καὶ
2082 1359 2108 1409 6
2131 1358 2372 1425 οὐρανὸς,
2399 1361 2491 1410 καὶ
2523 1360 2587 1411 τὰ
2617 1360 2886 1428 κτίσματα
2912 1362 3139 1423 ἅπαντα,
3161 1363 3233 1425 ὡς
3260 1367 3360 1418 πά-

1814 1453 1932 1492 σαις
1969 1441 2087 1501 ταῖς
2133 1439 2358 1504 λαλιαίς,
2395 1441 2655 1504 τουτέστι,
2702 1443 2899 1504 πάσαις
2925 1446 3042 1504 ταῖς
3077 1444 3357 1512 γλώτταις,

1812 1518 1941 1569 πᾶσι
1979 1520 2090 1581 τοῖς
2121 1519 2325 1574 ἔθνεσιν
2370 1522 2658 1575 ἀκούεσθαι
2706 1523 2883 1576 αὐτῶν
2917 1525 3014 1592 τὴν
3055 1528 3251 1595 φωνήν.
3285 1530 3356 1578 Οὺ

1808 1601 1912 1668 γάρ
1931 1602 2043 1653 ἐστι
2080 1602 2253 1666 λαλιὰ,
2276 1609 2428 1675 φησί,
2457 1606 2749 1669 τουτέστιν,
2780 1606 2877 1659 οὐκ
2905 1608 3049 1660 ἐστιν
3077 1608 3242 1671 ἔθνος,
3261 1612 3362 1663 οὐκ

1808 1681 1919 1732 ἔστι
1952 1676 2120 1752 φωνὴ,
2160 1684 2286 1738 ἔνθα
2333 1685 2406 1755 μὴ
2444 1686 2696 1739 ἀκούεται
2727 1690 2758 1757 ή
2799 1689 2945 1756 φωνὴ
2975 1688 3065 1740 τοῦ
3094 1689 3318 1759 οὐρανοῦ
3341 1709 3352 1720 ο

1805 1763 1937 1816 ἀλλά
1966 1767 2058 1816 καὶ
2082 1769 2109 1818 6
2144 1767 2372 1837 Σκύθης,
2405 1770 2496 1820 καὶ
2525 1769 2552 1819 6
2579 1769 2744 1839 Θρᾷξ,
2774 1771 2865 1822 καὶ
2884 1773 2911 1821 6
2940 1769 3178 1840 Μαῦρος,
3209 1773 3298 1823 καὶ
3329 1776 3357 1824 6

1821 1848 1993 1911 Ἰνδὸς,
2018 1852 2108 1903 καὶ
2131 1852 2157 1901 6
2182 1852 2552 1923 Σαυρομάτης,
2580 1856 2672 1906 καὶ
2704 1857 2847 1907 πᾶσα
2881 1855 3058 1916 λαλιά,
3091 1857 3180 1907 καὶ
3208 1858 3355 1908 πᾶσα

1804 1928 2032 1997 γλῶττα,
2059 1933 2153 1984 καὶ
2192 1936 2298 1986 πᾶν
2329 1933 2476 1995 ἔθνος
2505 1935 2786 2004 δυνήσεται
2825 1937 3024 1997 ταύτης
3065 1937 3356 1990 ὑπακούειν

1802 2011 1899 2080 τῆς
1957 2014 2155 2083 φωνῆς.
2208 2015 2329 2076 Πῶς
2377 2017 2470 2068 καὶ
2521 2018 2625 2068 τίνι
2685 2018 2900 2086 τρόπῳς
2956 2017 3123 2069 Τοῦτο
3171 2018 3355 2072 λοιπὸν

1803 2092 1984 2156 ἄκουε,
2024 2095 2105 2145 ῖνα
2143 2095 2320 2168 μάθῃς
2348 2097 2462 2157 πῶς
2511 2097 2671 2164 σιγῶν
2707 2101 2736 2149 6
2780 2099 3002 2169 οὐρανὸς
3042 2100 3348 2167 φθέγγεται.

1803 2175 1967 2252 Ὅταν
2008 2177 2114 2246 γὰρ
2157 2177 2273 2246 ῖδῃς
2310 2178 2472 2230 αὐτοῦ
2512 2180 2571 2231 16
2615 2180 2826 2244 κάλλος,
2874 2181 2933 2232 16
2976 2181 3220 2249 μέγεθος,
3255 2184 3354 2252 τήν

1802 2245 1966 2320 θέσιν,
1993 2258 2053 2308 16
2079 2245 2314 2326 διαρκὲς,
2345 2259 2443 2329 τὴν
2470 2261 2819 2330 φαιδρότητα,
2851 2263 2943 2314 καὶ
2970 2245 3137 2316 ταῦτα
3179 2245 3352 2318 πάντα

1804 2339 2121 2406 συναγαγὼν
2169 2341 2318 2410 παρὰ
2363 2343 2562 2411 σαυτῷ,
2604 2341 2829 2415 δοξάσῃς
2869 2344 2961 2395 τὸν
2991 2345 3348 2415 Δημιουργὸν,

1799 2421 2123 2491 εὐφημήσῃς
2154 2423 2243 2474 τὸν
2273 2425 2591 2492 ποιήσαντα,
2625 2427 2651 2477 ὁ
2682 2424 2905 2494 οὐρανὸς
2943 2427 3121 2496 φωνὴν
3150 2428 3346 2497 ἀφῆκε.

1798 2500 1884 2552 διὰ
1928 2500 2024 2570 τῆς
2065 2500 2308 2571 γλώττης
2357 2504 2677 2575 ἀναπέμψας
2725 2507 2803 2576 τῷ
2849 2507 2966 2577 Θεῷ
3012 2507 3183 2573 δόξαν.
3239 2511 3351 2562 Καὶ

1797 2581 1954 2633 τοῦτό
1982 2583 2092 2634 ἐστι
2125 2583 2185 2636 16
2215 2585 2519 2654 εἰρημένον,
2545 2587 2623 2638 ὅτι
2660 2591 2722 2640 οι
2747 2588 2985 2655 οὐρανοὶ
3012 2588 3348 2656 διηγοῦνται

1797 2665 1986 2727 δόξαν
2016 2665 2182 2719 Θεοῦ.
2223 2666 2345 2729 Πῶς
2393 2671 2485 2720 καὶ
2519 2671 2623 2723 τίνι
2654 2670 2868 2741 τρόπῳ;
2917 2672 3018 2723 Τὸν
3055 2670 3247 2743 θεατὴν
3274 2673 3350 2742 τῷ

1797 2745 1981 2799 κάλλει
2021 2747 2117 2817 τῆς
2149 2749 2351 2813 οἰκείας
2373 2752 2720 2822 φαιδρότητος
2753 2756 2830 2816 εἰς
2857 2753 3038 2825 θαῦμα
3070 2757 3350 2826 παραπέμ-

1797 2842 1983 2890 ποντες
2007 2828 2098 2880 τοῦ
2114 2831 2473 2900 Δημιουργοῦ.
2517 2833 2681 2886 Ὅταν
2717 2834 2823 2902 γὰρ
2858 2835 2980 2888 ίδὼν
3014 2837 3074 2888 16
3106 2838 3340 2891 τοιοῦτον

1795 2907 1971 2978 ἔργον,
2007 2911 2182 2982 είπῃς,
2198 2912 2334 2977 Δόξα
2356 2930 2458 2976 σοι,
2475 2916 2502 2966 6
2526 2913 2673 2976 Θεὸς,
2697 2916 2880 2983 ἡλίκον
2912 2917 3064 2986 σῶμα
3088 2920 3346 2989 εἰργάσω,

1795 2991 1886 3043 καὶ
1914 2993 1971 3043 ἐν
2003 2991 2078 3061 τῷ
2116 2991 2264 3062 μέσῳ
2307 2994 2586 3057 τέθεικας·
2635 2997 2683 3047 οἱ
2738 2999 2951 3068 οὐρανοῖ
2999 3010 3023 3036 ο
3068 3001 3166 3071 τὴν
3193 3001 3348 3064 δόξαν

1793 3072 1994 3140 ταύτην
2032 3073 2350 3142 ἀνήνεγκαν,
2397 3079 2460 3146 τῇ
2503 3079 2566 3146 σῇ
2617 3078 2823 3151 γλώττῃ
2873 3083 3220 3151 χρησάμενοι,
3254 3087 3346 3137 καὶ

1793 3151 1879 3203 διά
1915 3155 2010 3221 τῆς
2039 3153 2210 3222 ὅψεως
2240 3154 2300 3206 16
2326 3154 2505 3226 θαῦμα
2538 3160 3013 3228 παραπέμποντες.
3071 3164 3222 3218 Οὕτω
3269 3183 3345 3218 σι-

1793 3231 1993 3298 γῶντες
2022 3234 2348 3306 ἀναφέρουσι
2391 3238 2545 3301 δόξαν
2586 3240 2662 3309 τῷ
2699 3241 2835 3310 Θεῷ,
2885 3245 2975 3295 καὶ
3015 3245 3210 3315 ταύτης
3248 3248 3346 3315 τῆς

1793 3315 1972 3399 φωνῆς
2002 3316 2197 3399 πάντες
2227 3318 2527 3374 ἀκούουσιν.
2549 3321 2762 3391 Ἐπειδὴ
2782 3323 2887 3392 γὰρ
2916 3326 3012 3376 οὐκ
3042 3325 3182 3378 ἐστιν
3208 3329 3342 3399 ἀκοῇ

1792 3394 1958 3446 ταῦτα
1997 3397 2202 3465 μαθεῖν,
2250 3399 2362 3451 ἀλλ’
2401 3400 2516 3468 δψει
2570 3404 2661 3455 καὶ
2704 3403 2922 3472 θεωρίᾳ,
2971 3405 3088 3473 ὄψις
3130 3408 3183 3458 δέ
3212 3394 3344 3461 πᾶσι

1797 3477 1910 3543 μία,
1945 3480 1991 3528 εί
2041 3481 2130 3530 καὶ
2177 3482 2207 3548 ή
2243 3481 2451 3547 γλῶττα
2493 3483 2765 3553 διάφορος,
2801 3484 2893 3535 καὶ
2922 3484 3218 3554 Βάρὸαρος,
3250 3491 3342 3541 καὶ

1793 3556 2009 3621 Σκύθαι,
2041 3561 2132 3610 καὶ
2163 3561 2392 3630 Θρᾷκες,
2417 3564 2510 3614 καὶ
2548 3563 2778 3632 Μαῦροι,
2820 3566 2909 3616 καὶ
2959 3568 3104 3618 ’ἰνδοί
3145 3569 3341 3638 ταύτης

1792 3639 2043 3692 ἀκούουσι
2077 3643 2174 3708 τῆς
2208 3644 2406 3712 φωνῆς,
2444 3646 2704 3710 τουτέστι,
2739 3647 2797 3698 16
2831 3647 3011 3714 θαῦμα
3040 3649 3338 3717 βλέποντες,

1789 3721 1849 3770 16
1876 3723 2066 3785 κάλλος
2092 3724 2530 3795 ἐκπληττόμενοι,
2576 3727 2672 3797 τὴν
2711 3729 3052 3799 φαιδρότητα,
3090 3732 3150 3782 16
3184 3733 3340 3802 μέγε-

1793 3802 1902 3864 θος,
1926 3804 1993 3854 τά
2010 3804 2142 3856 ἄλλα
2168 3805 2380 3858 ἅπαντα
2409 3809 2474 3860 τὰ
2503 3809 2635 3878 πρὸς
2663 3809 2750 3861 τὸν
2774 3811 3014 3879 οὐρανὸν,
3033 3811 3186 3875 δόξαν
3214 3815 3340 3867 ἀνα-

1792 3886 2010 3953 φέρουσι
2058 3887 2133 3955 τῷ
2172 3889 2490 3958 Δημιουργῷ
2531 3892 2579 3940 οί
2633 3892 2808 3952 καλῶς
2864 3893 3200 3962 φρονοῦντες.
3266 3898 3337 3948 T6

1791 3969 1918 4018 αὐτὸ
1947 3970 2038 4019 καὶ
2073 3971 2195 4036 περὶ
2228 3969 2326 4036 τῆς
2365 3972 2573 4040 ἡμέρας
2618 3975 2708 4024 καὶ
2740 3974 2837 4042 τῆς
2870 3979 3056 4036 νυκτὸς
3089 3978 3231 4028 ἐστιν
3264 3981 3338 4031 εἰ-

1790 4053 1929 4099 πεῖν.
1957 4050 2160 4118 ’Ὠσπερ
2191 4041 2340 4111 οὗτος
2365 4051 2439 4119 τῷ
2467 4053 2668 4113 κάλλει,
2703 4058 2766 4124 τῇ
2799 4054 2960 4120 θέσει,
2994 4058 3069 4125 τῷ
3100 4059 3334 4127 μεγέθει,

1788 4133 1852 4198 τῇ
1890 4131 2217 4200 φαιδρότητι,
2250 4131 2325 4199 τῷ
2357 4132 2565 4202 διαρκεῖ
2598 4135 2688 4186 τοῦ
2731 4137 2937 4204 χρόνου,
2967 4142 3030 4208 τῇ
3061 4140 3230 4209 χρείᾳ,
3270 4145 3334 4212 τῇ

1791 4214 2056 4282 ἐνεργείᾳ,
2087 4217 2195 4276 τοῖς
2215 4214 2391 4277 ἄλλοις
2421 4216 2618 4268 ἆπασιν
2641 4219 2716 4278 εἰς
2748 4217 2929 4287 θαῦμα
2959 4223 3335 4291 παραπέμπων

1787 4294 1876 4344 16v
1915 4294 2126 4365 θεατὴν,
2177 4300 2319 4348 ποιεῖ
2354 4293 2506 4358 δόξαν
2551 4299 2837 4366 ἀναφέρειν
2875 4298 2949 4367 τῷ
2984 4303 3332 4372 Δημιουργῷ’

1787 4374 1924 4426 οὕτω
1957 4376 2051 4439 νὺξ
2097 4378 2188 4428 καὶ
2216 4377 2410 4446 ἡμέρα.
2447 4378 2612 4429 Ὅταν
2641 4379 2746 4447 γάρ
2797 4379 2909 4450 ίδῃς
2949 4383 3046 4450 τήν
3085 4382 3338 4448 εὐταξίαν

1794 4459 1891 4510 τῶν
1918 4458 2119 4527 καιρῶν
2144 4459 2367 4520 τούτων,
2405 4459 2493 4509 καὶ
2539 4458 2649 4521 πῶς
2682 4461 2740 4510 16
2769 4463 2960 4513 οἰκεῖον
2992 4465 3335 4534 ἀπαρτίσασα

1791 4541 1983 4607 μέτρον
2013 4543 2043 4607 ἡ
2070 4539 2268 4609 ἡμέρα,
2293 4540 2352 4590 οὐ
2383 4540 2672 4606 φιλονεικεῖ
2697 4541 2790 4610 τὴν
2816 4542 2978 4596 νύκτα
3008 4545 3202 4608 ἐξῶσαι
3230 4547 3335 4599 τῶν

1787 4621 1996 4672 οἰκείων
2045 4622 2204 4690 ὅρων,
2248 4623 2365 4674 οὐδὲ
2421 4622 2728 4687 πλεονεξίαν
2787 4626 2906 4678 τινὰ
2954 4627 3331 4691 ἐπιδείκνυται,

1787 4701 1922 4763 οὐδὲ,
1957 4702 2142 4771 ἐπειδὴ
2195 4703 2518 4771 φαιδροτέρα
2568 4705 2710 4755 ἐστὶν
2758 4707 2943 4776 αὐτῆς,
2987 4708 3075 4760 τὸν
3126 4719 3334 4762 απαντα

1789 4782 2025 4850 βιάζεται
2057 4787 2344 4853 κατασχεῖν
2371 4786 2577 4854 χρόνον,
2605 4786 2716 4838 ἀλλ’
2741 4787 3006 4858 ἀναχωρεῖ
3025 4806 3037 4820 σ
3072 4791 3162 4842 καὶ
3186 4793 3215 4858 ἡ
3243 4790 3336 4854 νὺξ

1787 4864 1845 4914 16
1880 4864 2007 4915 αὐτὸ
2038 4865 2216 4927 πάλιν,
2258 4868 2599 4935 ἀπαρτίσασα
2638 4869 2726 4919 τὸν
2773 4869 2937 4937 αὐτῆς
2976 4870 3188 4939 δρόμον,
3230 4889 3334 4922 πα-

1793 4947 2025 5015 ραχωρεῖ
2059 4949 2124 5016 τῇ
2167 4948 2366 5018 ἡμέρᾳ,
2417 4952 2506 5000 καὶ
2546 4949 2696 5001 τοῦτο
2743 4952 2830 5000 ἐπὶ
2875 4951 3140 5014 τοσούτοις
3194 4955 3334 5007 ἔτεσι

1786 5027 1992 5092 γέγονε,
2027 5031 2117 5080 καὶ
2149 5029 2371 5098 οὐδεμία
2405 5031 2676 5100 σύγχυσις,
2707 5030 2823 5081 οὐδέ
2847 5034 3076 5102 ταραχὴ,
3103 5037 3192 5086 καὶ
3214 5035 3335 5088 οῦτε

1786 5101 1917 5176 αῦτη
1965 5108 2231 5178 ὲξώθησεν
2279 5112 2509 5180 εκείνην,
2557 5111 2676 5162 οὐτε
2724 5112 2901 5181 ἐκείνη
2951 5101 3335 5184 ὲπλεονέκτησε

1786 5190 2003 5258 ταύτην,
2031 5191 2204 5244 καίτοι
2238 5193 2269 5259 ή
2309 5191 2405 5259 μὲν
2429 5193 2773 5263 φαιδροτέρα,
2805 5195 2835 5262 ή
2870 5196 2924 5247 δὲ
2945 5196 3331 5267 ζοφωδεστέραο

1788 5272 1943 5325 πάλιν
1969 5272 2068 5342 τὴν
2092 5273 2340 5335 εὐταξίαν
2373 5271 2675 5340 θαυμάσας,
2719 5275 2777 5326 οὐ
2812 5276 2965 5338 δόξαν
3003 5279 3336 5346 ἀναπέμψεις

1785 5353 1902 5423 Θεῷ
1928 5371 1940 5417 ;
1979 5356 2085 5406 Καὶ
2122 5352 2368 5423 καθάπερ
2398 5355 2621 5421 ἀδελφαὶ
2648 5356 2738 5407 δύο
2767 5359 2976 5420 οἰκείως
3009 5360 3139 5428 πρὸς
3175 5360 3334 5427 ἀλλή-

1786 5434 1876 5497 λας
1917 5435 2063 5505 [148]
2096 5435 2450 5502 διακείμεναι,
2495 5438 2738 5507 πατρῷον
2770 5440 3172 5508 διανειμάμεναι
3204 5442 3334 5510 κλῆ-

1789 5535 1878 5586 ρον
1903 5521 1958 5571 ἐν
1988 5518 2242 5587 σταθμοῖς
2287 5519 2377 5570 καὶ
2406 5518 2607 5586 ζυγοῖς,
2633 5520 2750 5573 οὐδὲ
2777 5523 2835 5573 16
2861 5523 3016 5590 τυχὸν
3051 5522 3209 5593 έτέρα
3237 5524 3336 5592 τὴν

1849 5682 1870 5708 ε’
1891 5678 1965 5739 ,ιω
1992 5675 2136 5724 Savil.
2167 5676 2401 5739 recle._lu
2433 5677 2622 5738 Ilurel.,
2651 5687 2813 5728 autem
2839 5679 2891 5726 οὐ
2916 5679 3116 5739 οὐρανοί,
3143 5682 3336 5736 mendo.

1787 5746 1837 5787 ul
1861 5737 2065 5790 videtur.
2093 5737 2455 5798 lypographico.
