4148 6306
189 335 299 391 145

164 446 309 505 parte
332 450 393 490 se
416 434 644 491 invicem
670 433 931 500 fraudant,
958 444 1155 490 tantam
1178 436 1530 505 :cqualitatcm
1556 434 1740 488 obser-

160 537 319 593 vant,
351 536 601 598 quantam
630 543 725 580 usu
756 537 808 581 et
845 527 1171 595 experientia
1201 526 1482 582 didicistis.
1515 526 1742 580 Audiant

159 619 325 683 avari,
355 628 406 673 et
432 620 517 687 qui
549 618 841 673 hereditate
867 618 1092 687 spoliant
1119 618 1304 673 fratres
1330 637 1341 673 :
1373 629 1573 673 rectum
1601 617 1743 671 ordi-

161 725 277 762 nem
312 717 613 777 temporum
641 720 1001 776 revereantur,
1028 726 1089 764 ac
1115 710 1282 765 noctis
1307 720 1360 764 et
1389 710 1489 763 dici
1521 724 1743 764 concor-

160 799 296 853 diam
322 838 345 865 ,
372 808 425 854 et
463 816 615 854 suum
659 800 839 854 vitium
870 800 1152 868 corrigam.
1186 800 1273 855 Sic
1314 801 1470 869 igitur
1502 800 1619 852 Dies
1644 798 1742 852 diei

158 891 363 945 verbum
392 900 603 954 eructat,
632 900 677 943 et
707 891 961 944 scientiam
989 892 1122 944 nocti
1152 906 1253 944 nox
1280 892 1487 956 indicat,
1518 906 1620 944 non
1650 906 1742 942 vo-

158 991 271 1029 cem
301 976 596 1041 mittentes,
626 976 719 1030 sed
748 976 871 1030 dum
902 986 1047 1029 recto
1072 990 1168 1029 suo
1197 975 1402 1037 ordine,
1436 990 1497 1029 ac
1524 976 1738 1043 disposi-

159 1072 325 1130 tione,
360 1076 413 1120 et
442 1066 814 1135 aequabilitate,
845 1082 907 1121 ac
932 1080 1177 1120 mensura
1205 1065 1271 1119 ab
1299 1065 1439 1119 omni
1470 1066 1739 1120 obstaculo

160 1156 348 1219 libera,
380 1158 501 1210 tuba
532 1157 724 1211 clarius
756 1157 1041 1225 pradicant
1065 1154 1389 1217 Creatorem,
1420 1171 1522 1208 non
1554 1156 1603 1208 in
1634 1169 1739 1209 uno

159 1256 421 1302 terrarum
451 1249 593 1302 orbis
619 1249 833 1317 angulo,
863 1249 954 1302 sed
983 1248 1035 1302 in
1059 1249 1323 1313 omnibus,
1351 1262 1482 1318 quas
1504 1249 1583 1302 sol
1609 1249 1740 1316 aspi-

159 1338 257 1401 cit,
308 1340 635 1408 regionibus.
678 1339 771 1393 HIB
814 1339 1073 1408 siquidem
1116 1352 1271 1393 voces
1307 1353 1401 1405 per
1438 1339 1736 1393 universum

157 1430 416 1485 mundum
449 1430 708 1496 feruntur,
736 1430 1160 1501 quandoquidem
1189 1431 1380 1499 ubique
1410 1430 1594 1485 caelum
1621 1439 1734 1495 est,

157 1521 353 1591 ubique
378 1521 527 1586 dies,
561 1523 756 1591 ubique
800 1537 904 1575 nox
928 1561 942 1587 ,
979 1536 1233 1590 suamque
1262 1521 1553 1575 doctrinam
1596 1529 1650 1575 et
1686 1522 1735 1575 in

158 1619 296 1666 terra
336 1612 604 1679 explicant
646 1621 699 1666 ct
742 1612 793 1665 in
835 1612 984 1665 mari.
1016 1611 1270 1678 Quocirca
1311 1626 1413 1665 non
1445 1611 1575 1665 dixit
1614 1625 1736 1679 pro-

158 1702 313 1771 pheta
355 1703 701 1771 simpliciter,
734 1703 859 1757 Caeli
896 1703 1182 1772 loquuntur
1212 1704 1430 1770 gloriam
1463 1703 1582 1767 Dei,
1611 1702 1734 1769 sed,

158 1792 438 1859 Eum-rant,
468 1793 568 1847 hoc
591 1805 692 1859 est,
723 1792 853 1847 alios
877 1794 1034 1847 etiam
1068 1794 1354 1859 instruunt,
1383 1808 1444 1848 ac
1471 1808 1564 1862 pro
1589 1792 1739 1847 disci-

157 1884 293 1953 pulis
320 1883 523 1939 habent
549 1887 849 1939 universum
876 1901 1044 1956 genus
1073 1888 1378 1951 humanum,
1408 1896 1461 1941 et
1488 1889 1537 1940 in
1567 1886 1739 1941 medio

159 1975 430 2043 proposita
461 1976 689 2029 maxima
714 1976 915 2041 schola,
944 1976 1195 2031 librorum
1222 1992 1282 2032 ac
1311 1978 1577 2031 literarum
1599 1976 1734 2042 loco,

158 2083 359 2121 natura:
404 2082 516 2122 sua:
560 2070 1004 2138 pulchritudinem
1046 2071 1252 2133 idiotis,
1296 2070 1653 2139 sapientibus,
1686 2078 1738 2122 et

157 2160 407 2215 omnibus
436 2160 901 2230 contemplandam
929 2161 1188 2229 prtebent,
1218 2171 1270 2215 ct
1297 2170 1558 2232 tamquam
1592 2161 1641 2216 in
1671 2162 1736 2216 li-

156 2250 252 2307 bro
284 2252 604 2307 insidentem
639 2254 766 2321 ipsis
791 2253 857 2308 de
887 2253 981 2308 Dei
1019 2254 1273 2323 sapientia
1314 2268 1376 2310 ac
1416 2256 1612 2311 virtute
1638 2256 1738 2310 do-

157 2346 405 2399 ctrinam.
441 2344 532 2399 Sic
566 2345 727 2399 etiam
764 2344 1007 2399 homines
1048 2360 1151 2399 non
1197 2345 1504 2416 loquentes,
1534 2346 1626 2401 sed
1654 2347 1739 2402 vel

159 2446 399 2492 tacentes
428 2451 524 2505 per
547 2437 679 2489 alios
712 2436 873 2490 Deum
913 2435 1210 2506 glorificant
1235 2453 1249 2498 ;
1281 2437 1504 2506 ideoque
1533 2437 1740 2493 dicebat

158 2528 401 2581 Christus
432 2544 445 2581 :
478 2526 669 2580 Luceat
715 2528 804 2580 tua:
838 2538 1000 2580 vestra
1037 2543 1207 2580 coram
1238 2527 1548 2591 hominibus,
1582 2538 1634 2581 ut
1663 2529 1738 2580 vi-

159 2618 307 2673 deant
336 2635 495 2686 opera
518 2627 677 2671 vestra
705 2618 851 2683 bona,
884 2628 931 2671 et
958 2618 1236 2687 gloriﬁcent
1279 2616 1480 2672 Patrem
1505 2628 1737 2684 vestrum,

158 2712 237 2779 qui
266 2712 319 2763 in
347 2710 487 2764 caelis
512 2720 582 2763 est
612 2709 823 2777 (Matth.
853 2710 906 2764 5.
935 2710 1047 2777 16).
1088 2710 1157 2766 Ut
1187 2710 1346 2780 igitur
1372 2725 1491 2765 cum
1523 2712 1639 2781 quis
1667 2712 1742 2765 vi-

163 2812 263 2854 tam
301 2802 570 2855 lucentem
602 2801 762 2866 videt,
794 2802 951 2856 ctiam
983 2801 1075 2855 illo
1106 2810 1311 2857 tacente
1336 2804 1424 2873 qui
1456 2803 1600 2864 vivit,
1629 2803 1742 2873 glo-

160 2892 291 2945 riam
318 2902 371 2946 et
399 2890 611 2946 laudem
636 2891 790 2945 offert
816 2892 923 2946 Deo
948 2908 959 2943 :
986 2892 1062 2946 sic
1090 2892 1339 2947 nimirum
1366 2901 1419 2948 et
1446 2893 1491 2948 is
1517 2894 1605 2963 qui
1627 2894 1740 2948 caeli

160 2981 610 3052 pulchritudinem
642 2982 905 3043 intuetur,
933 2981 1191 3050 gloriﬁcat
1215 2980 1575 3054 Conditorem.
1618 2983 1743 3038 Pro-

158 3080 341 3140 pterea
373 3071 587 3126 dicebat
616 3090 629 3127 :
654 3070 777 3125 Caeli
801 3081 1039 3125 enarravit
1076 3073 1287 3143 gloriam
1331 3072 1452 3140 Dei,
1495 3088 1589 3143 per
1615 3087 1741 3142 spe-

157 3171 426 3228 ctatores;
456 3161 579 3217 Dies
609 3163 708 3216 diei
740 3173 929 3216 eructat
960 3162 1174 3229 verbum,
1203 3172 1250 3218 et
1274 3180 1376 3217 nox
1400 3165 1537 3231 nocti
1554 3164 1741 3218 indicat

157 3256 420 3309 scientiam
454 3253 627 3324 (Psal.
662 3254 748 3309 18.
777 3256 852 3324 2).
889 3254 1163 3309 Scientiam
1185 3272 1204 3320 ;
1230 3257 1553 3326 quamnam?
1590 3256 1739 3311 Illam

159 3348 415 3400 nimirum
442 3346 509 3401 de
536 3345 837 3400 Coaditore.
870 3345 938 3401 Ut
970 3345 1109 3400 enim
1137 3344 1250 3401 dies
1284 3345 1350 3400 ad
1379 3347 1739 3415 operationem

161 3438 438 3492 hominem
469 3436 667 3502 educit,
700 3437 771 3491 ita
805 3435 1097 3491 succedens
1125 3452 1228 3491 nox
1258 3437 1325 3490 ab
1354 3437 1640 3492 innumeris
1667 3438 1741 3492 illi

158 3529 404 3597 requiem
444 3528 535 3583 dat
575 3527 875 3594 laboribus,
912 3534 1059 3588 curis
1078 3546 1204 3587 eum
1224 3531 1386 3597 levat,
1414 3529 1598 3584 oculos
1623 3528 1742 3584 fati-

159 3629 375 3672 scentes
404 3619 648 3687 εοιιεορὶι
671 3662 685 3683 ,
717 3620 995 3687 palpebras
1025 3620 1356 3688 comprimit,
1391 3620 1653 3688 efficitque
1687 3630 1743 3675 ut

159 3708 471 3762 instauratis
498 3709 698 3762 viribus
723 3710 899 3763 radios
927 3708 1058 3763 solis
1083 3724 1265 3764 rursus
1289 3710 1539 3779 excipiat.
1567 3711 1743 3781 Itaque

158 3813 261 3853 non
289 3798 483 3867 exigua
516 3798 668 3868 hujus
694 3814 905 3869 quoque
931 3809 1013 3855 est
1039 3799 1235 3854 utilitas
1257 3840 1273 3866 ,
1304 3799 1411 3855 itno
1439 3800 1598 3855 etiam
1628 3816 1739 3857 ma-

158 3904 278 3958 gna.
315 3889 431 3943 Nisi
458 3891 599 3944 enim
637 3890 934 3945 succedens
974 3891 1265 3946 innumeris
1290 3904 1319 3945 a
1346 3890 1613 3947 laboribus
1644 3894 1742 3947 ho-

160 3981 291 4035 mini
321 3982 565 4052 requiem
592 3981 818 4052 aliquam
845 3982 1014 4047 daret,
1044 3983 1171 4037 nihil
1202 3982 1316 4038 dies
1341 3983 1414 4038 illi
1445 3984 1740 4053 prodesset,

159 4087 277 4139 quae
303 4071 376 4125 ad
403 4072 763 4141 operationem
795 4073 944 4127 illum
976 4073 1157 4128 eduxit
1185 4092 1197 4127 :
1223 4075 1418 4145 quippe
1445 4084 1631 4129 natura
1658 4075 1743 4130 de-

162 4161 399 4227 ficiente,
432 4161 669 4216 laborum
694 4164 1040 4219 continuitate
1065 4164 1363 4219 confectum
1389 4165 1581 4219 animal
1605 4166 1743 4220 istud

159 4254 387 4321 periret,
424 4267 523 4307 nec
548 4253 702 4307 ullam
728 4254 773 4307 ei
802 4253 936 4309 lucis
961 4270 1117 4310 usura
1142 4255 1571 4311 commoditatem
1592 4256 1746 4311 alier-

160 4354 262 4399 ret.
294 4343 378 4399 Ea
404 4344 565 4413 igitur
591 4352 673 4398 est
697 4348 1012 4414 praesertim,
1035 4361 1153 4414 quae
1179 4344 1316 4400 diem
1341 4345 1537 4401 homini
1564 4346 1744 4403 utilem

160 4435 370 4498 reddit,
405 4449 525 4504 qua:
555 4435 849 4490 ministerio
882 4451 980 4492 suo
1007 4436 1075 4492 ad
1104 4438 1457 4508 cognitionem
1488 4439 1580 4496 Dei
1621 4454 1745 4511 pro-

159 4526 307 4580 vehit
345 4541 475 4580 eum
500 4566 515 4591 ,
544 4526 633 4595 qui
671 4526 865 4582 chorea
904 4527 1068 4597 ipsius
1108 4529 1411 4600 perfruitur.
1443 4530 1573 4587 Cum
1604 4533 1744 4588 enim

158 4617 298 4683 apud
324 4632 388 4669 sc
419 4617 759 4685 perpenderit
784 4618 1064 4686 quispiam,
1091 4630 1284 4687 quanta
1306 4620 1408 4675 diei
1436 4621 1503 4675 sit
1528 4622 1745 4688 utilitas,

159 4717 362 4775 quanta
394 4708 568 4761 noctis
590 4748 604 4773 ,
635 4717 689 4762 et
718 4724 823 4775 quo
854 4719 1007 4776 pacto
1034 4709 1146 4763 haec
1177 4711 1249 4765 illi
1280 4714 1545 4778 succedit,
1578 4724 1629 4768 et
1654 4729 1746 4767 va-

159 4804 311 4856 riatis
337 4801 569 4863 vicibus,
594 4801 736 4855 velut
761 4801 812 4854 in
842 4801 1007 4856 choro
1033 4804 1301 4872 quopiam,
1332 4805 1626 4859 alternatim
1650 4806 1748 4861 sibi

160 4892 519 4946 succedentes
547 4900 784 4945 nostrum
813 4906 980 4961 genus
1005 4904 1342 4959 conservant,
1374 4897 1611 4964 quamvis
1638 4913 1749 4950 om-

162 4986 309 5038 nium
344 4982 625 5037 hominum
656 4983 1047 5051 stupidissimus
1084 4984 1263 5052 fuerit,
1292 4990 1523 5040 excitata
1553 5002 1644 5041 sua
1674 5003 1752 5042 ra-

162 5076 312 5129 tione
352 5073 551 5129 summi
591 5072 796 5141 opiﬁcis
834 5073 927 5128 Dei
971 5075 1281 5146 sapientiam
1326 5091 1485 5131 nosse
1523 5078 1747 5145 poterit,

162 5183 327 5236 quam
360 5181 459 5237 per
483 5164 621 5219 diem
650 5180 713 5219 ac
743 5174 950 5219 noctem
979 5167 1244 5232 ostendit,
1276 5169 1398 5222 dum
1430 5168 1570 5222 illam
1602 5168 1752 5225 nobis

163 5260 229 5313 ad
256 5258 666 5329 operationem,
698 5256 833 5311 hanc
870 5257 935 5313 ad
976 5257 1214 5314 laborum
1254 5260 1629 5314 relaxationem
1671 5269 1751 5314 at-

165 5352 377 5407 tribuit.

236 5441 294 5496 3.
334 5439 535 5494 Verum
563 5439 628 5493 ad
655 5438 768 5493 haec
799 5439 973 5493 omnia
1011 5439 1230 5495 dicenda
1256 5441 1365 5511 jam
1397 5442 1518 5497 inde
1547 5443 1613 5497 ab
1635 5458 1753 5497 ora-

167 5535 332 5590 tionis
381 5534 605 5589 exordio
651 5532 867 5603 digressi
918 5548 1100 5588 sumus
1131 5553 1142 5587 :
1177 5536 1425 5605 quoniam
1475 5546 1648 5592 autem
1690 5553 1751 5592 ex

169 5627 256 5683 his
281 5642 410 5697 qum
439 5625 701 5681 hodierno
728 5626 813 5681 die
838 5628 972 5681 lecta
999 5636 1141 5691 sunt,
1176 5630 1426 5684 nonnulla
1468 5631 1662 5687 multos
1688 5646 1753 5686 ex

169 5717 231 5774 iis
264 5726 357 5788 qui
389 5717 565 5772 minus
593 5717 825 5772 animum
851 5717 1123 5773 attendunt
1143 5719 1273 5774 l'ortc
1295 5722 1749 5790 perturbaverunt,

803 341 864 398 ΙΝ
906 342 1108 399 iLLUD
1146 341 1363 410 lSAlAi,
1406 342 1539 398 EGO
1584 338 1878 399 DOMINUS
1916 341 2091 398 DEUS
2131 341 2281 398 FECl
2321 342 2579 415 LUMEN,
2612 343 2763 400 ETC.

3306 346 3419 404 146

1849 448 2044 503 eosque
2063 436 2150 506 qui
2173 436 2225 490 in
2239 435 2520 506 Scripturis
2539 456 2721 509 parum
2741 458 2763 493 τ
2776 440 2932 497 ersati
2949 450 3101 494 sunt:
3120 453 3219 509 age
3236 454 3427 509 magna

1846 526 2003 580 animi
2034 532 2385 597 propensione
2408 546 2469 585 ac
2490 533 2663 587 studio
2685 533 2906 603 gradutn
2930 532 2995 587 ad
3017 535 3116 586 ista
3146 530 3424 586 faciamus.

1846 614 2003 671 Lecta
2044 618 2184 671 enim
2217 630 2296 673 est
2335 622 2489 675 etiam
2520 625 2753 677 narratio
2770 624 2836 678 de
2865 623 3107 684 muliere,
3148 637 3265 691 qua:
3304 637 3424 675 sane

1846 708 2016 775 guinis
2045 706 2244 763 ﬂuxum
2289 711 2605 781 patiebatur,
2635 730 2858 783 qumque
2904 712 3102 767 fontem
3142 712 3416 782 sanguinis

1846 809 1990 854 tactu
2036 803 2307 870 repressit,
2353 819 2417 858 ac
2458 804 2578 858 fidei
2626 807 2815 859 virtute
2859 814 3061 859 tantum
3114 805 3421 857 thesaurum

1844 891 2142 960 deprardata
2185 905 2264 948 est
2291 893 2500 966 (Matth.
2532 897 2583 951 9.
2611 895 3089 967 20-22):furtum
3138 896 3278 950 enim
3328 894 3420 949 fuit

1845 982 1971 1037 illud
2011 983 2227 1050 factum,
2264 987 2356 1040 sed
2396 987 2551 1041 laude
2596 988 2834 1056 dignum,
2876 995 2931 1042 et
2956 987 3042 1040 ubi
3085 985 3419 1053 deprehensa

1844 1083 1923 1127 est
1944 1089 2060 1143 qua:
2083 1086 2345 1143 rapuerat,
2363 1078 2731 1132 commendata
2751 1086 2834 1132 est
2859 1095 2871 1129 :
2900 1078 3094 1145 quippe
3118 1075 3273 1129 Jesus
3291 1074 3429 1141 ipsc,

1843 1165 1931 1233 qui
1963 1163 2154 1219 furtum
2180 1178 2506 1235 passuserat,
2525 1169 2883 1223 mulierculam
2902 1168 3235 1223 collaudavit.
3261 1168 3419 1221 Lecta

1842 1264 1965 1308 sunt
2004 1256 2161 1309 etiam
2206 1258 2447 1327 stigmata
2484 1258 2652 1323 Pauli,
2694 1259 2946 1324 vulnera,
2996 1272 3270 1320 carceres,
3319 1256 3415 1309 ab-

1842 1346 2119 1405 ductiones
2149 1350 2446 1419 adjudicia,
2477 1352 2768 1422 naufragia,
2810 1352 3040 1415 vincula,
3082 1360 3305 1416 catenm,
3341 1347 3420 1401 in-

1843 1440 1989 1494 sidia:
2024 1440 2245 1496 diversa:
2272 1457 2335 1497 ac
2356 1444 2619 1497 continua:
2644 1484 2657 1507 ,
2691 1444 3011 1513 quotidiana:
3067 1451 3290 1505 mortes,
3339 1444 3420 1494 la-

1843 1547 1988 1597 mes,
2036 1533 2417 1599 sitis,nuditas,
2458 1536 2707 1589 instantia
2764 1533 3087 1605 quotidiana.
3127 1532 3232 1588 Sed
3292 1532 3418 1600 quid

1843 1621 2066 1677 faciam?
2090 1624 2275 1694 Magno
2312 1640 2430 1680 cum
2456 1626 2654 1694 impetu
2681 1640 2767 1679 me
2794 1624 3092 1694 proripiens
3121 1622 3244 1676 hinc
3269 1626 3421 1674 aulu-

1842 1717 1980 1786 giam
2004 1731 2220 1771 necesse
2240 1726 2340 1783 est,
2366 1732 2431 1771 ne
2445 1732 2629 1771 rursus
2651 1732 2748 1771 nos
2769 1717 3011 1771 detinens
3033 1715 3225 1769 Paulus
3242 1729 3271 1767 a
3292 1728 3418 1782 pro-

1842 1808 2014 1878 posito
2037 1816 2347 1875 argumento
2367 1807 2612 1861 abducat.
2634 1806 2763 1860 Nam
2784 1817 2839 1860 ut
2859 1805 3024 1870 scitis,
3046 1818 3417 1873 saepenumero

1842 1897 1967 1951 alibi
1998 1912 2083 1952 me
2103 1897 2437 1953 incedentem
2455 1908 2509 1952 et
2527 1913 2840 1952 conversum
2863 1910 3148 1951 occurrens
3168 1896 3219 1949 in
3242 1893 3419 1948 medio

1842 2001 2088 2043 sermone
2120 1986 2365 2053 detinuit,
2384 1998 2437 2041 et
2463 1988 2533 2041 ita
2564 1988 2722 2057 cepit,
2742 1994 2801 2040 ut
2819 1987 2871 2040 in
2895 1988 3009 2055 ipso
3036 1985 3187 2038 linire
3213 1996 3419 2037 sermo-

1842 2096 1962 2135 nem
1992 2080 2257 2135 suaderet.
2285 2080 2361 2134 Ne
2387 2079 2543 2149 igitur
2574 2078 2624 2133 id
2655 2079 2813 2133 hodie
2846 2092 3055 2147 quoque
3099 2076 3253 2131 nobis
3281 2075 3420 2129 acci-

1841 2173 1952 2240 dat,
1985 2179 2249 2242 tamquam
2282 2171 2541 2225 violenter
2584 2171 2779 2238 injecto
2823 2157 2973 2223 freno
3017 2167 3138 2221 illuc
3184 2164 3417 2220 tendenti

1843 2262 2090 2328 orationi,
2123 2261 2200 2317 sic
2248 2262 2390 2315 illam
2430 2260 2702 2315 trahamus
2731 2270 2784 2313 et
2810 2258 2876 2312 ad
2902 2258 3004 2311 hoc
3041 2255 3239 2311 dictum
3290 2271 3417 2324 pro-

1844 2354 2109 2424 pheticum
2138 2352 2471 2408 reducamus.
2504 2351 2778 2419 Quodnam
2815 2350 2973 2420 igitur
2999 2347 3125 2401 illud
3158 2348 3279 2401 est?
3307 2344 3419 2416 Ego

1846 2445 2109 2508 Dominus,
2137 2447 2322 2515 inquit,
2353 2444 2441 2514 qui
2463 2444 2562 2514 feci
2583 2443 2743 2497 lucem
2768 2455 2814 2496 et
2842 2442 3085 2507 tenebras,
3120 2443 3308 2510 {ac-iens
3329 2456 3421 2508 pa-

1843 2554 1967 2602 cem,
1995 2546 2045 2591 et
2074 2552 2246 2591 creans
2276 2537 2410 2589 mala
2440 2535 2592 2605 (lsai.
2623 2535 2713 2589 45.
2743 2534 2823 2604 7).
2861 2533 3058 2588 Videtis
3085 2546 3188 2586 non
3220 2542 3421 2586 lcmcre

1843 2644 2011 2699 neque
2028 2627 2218 2681 frustra
2237 2641 2334 2681 nos
2349 2626 2415 2681 ad
2432 2627 2570 2681 hunc
2590 2627 2763 2680 locum
2783 2623 3075 2678 instituisse
3085 2637 3320 2685 cursum,
3337 2637 3425 2676 ve-

1844 2734 1962 2772 rum
2004 2718 2249 2773 omnibus
2288 2715 2657 2786 prmtermiSsis
2687 2714 2791 2768 huc
2819 2711 3097 2782 pervenire
3116 2710 3420 2765 studuisse?

1845 2808 2026 2878 Neque
2050 2809 2191 2863 enim
2221 2808 2542 2863 mediocrem
2572 2806 2620 2861 ei
2646 2806 2735 2874 qui
2757 2806 2935 2859 minus
2968 2810 3204 2858 attentus
3239 2800 3417 2867 fuerit,

1846 2901 2291 2971 perturbationem
2333 2899 2560 2954 afferunt
2599 2898 2715 2952 ista.
2748 2894 3102 2964 Quamobrem
3140 2891 3417 2958 attendite,

1844 3005 2045 3062 quaeso,
2086 2989 2339 3053 animum,
2384 2996 2437 3043 et
2465 3002 2622 3042 aures
2665 2986 2874 3056 erigite,
2905 3000 2968 3039 ac
3004 2982 3246 3039 saeculari
3274 2982 3417 3035 omni

1846 3085 2040 3153 rejecta
2080 3080 2465 3149 sollicitudine,
2500 3097 2618 3149 quae
2660 3080 2910 3155 dicuntur
2948 3077 3229 3132 advertite.
3272 3076 3420 3129 Hanc

1845 3177 1983 3232 enim
2005 3176 2115 3246 jam
2132 3171 2290 3226 vobis
2304 3171 2469 3242 cupio
2501 3171 2803 3227 mercedem
2831 3170 2996 3225 vestri
3034 3170 3138 3223 huc
3161 3168 3420 3221 adventus

1845 3267 2180 3335 persolvere,
2220 3279 2283 3318 ac
2326 3263 2683 3332 spiritualibus
2738 3268 3076 3316 exsaturatos
3122 3257 3315 3313 eduliis
3349 3258 3417 3312 ita

1846 3356 2059 3411 domum
2101 3369 2193 3409 vos
2221 3354 2509 3417 remittere,
2540 3362 2594 3406 ut
2621 3352 2707 3422 qui
2736 3350 3035 3417 abfuerunt,
3065 3358 3312 3420 quantam
3330 3347 3415 3416 ja-

1846 3455 2049 3501 cturam
2089 3443 2327 3507 fecerint,
2356 3444 2528 3512 rcipsa
2556 3442 2761 3496 discant
2788 3458 2801 3493 :
2826 3441 2994 3496 scient
3021 3450 3197 3494 autem
3224 3439 3267 3492 si
3297 3454 3417 3491 cum

1847 3539 2136 3591 attentione
2177 3551 2295 3605 qua:
2332 3534 2568 3589 dicemus
2610 3533 2957 3601 exceperitis,
3002 3541 3159 3599 atque
3195 3529 3261 3583 ad
3299 3528 3421 3582 illos

1849 3626 2203 3681 transmittere
2243 3624 2536 3693 potueritis.
2588 3622 2697 3693 Ego
2739 3621 2985 3675 Dominus
3026 3620 3181 3685 Deus,
3210 3619 3297 3689 qui
3326 3620 3423 3689 feci

1848 3719 2007 3772 lucem
2034 3728 2080 3771 et
2104 3716 2348 3779 tenebras,
2379 3716 2567 3785 faciens
2594 3731 2788 3786 pacem,
2812 3724 2858 3768 et
2885 3730 3061 3767 creans
3082 3713 3235 3767 mala.
3268 3711 3419 3767 Assi—

1846 3808 1951 3863 due
1991 3808 2188 3862 dictum
2234 3806 2370 3860 istud
2408 3814 2609 3874 repeto,
2640 3814 2697 3859 ut
2722 3805 2773 3858 in
2803 3807 2990 3860 vestris
3012 3803 3201 3857 animis
3224 3802 3421 3871 defiga-

1850 3906 1954 3964 tur,
1982 3912 2043 3951 ac
2068 3896 2257 3952 deinde
2292 3897 2484 3950 solutio
2525 3895 2855 3949 adhibeatur.
2905 3894 3086 3963 Neque
3122 3908 3247 3946 vero
3274 3892 3421 3946 solus

1849 3992 1951 4047 hoc
1976 3992 2074 4046 iste
2120 3991 2265 4054 dicit,
2296 3989 2388 4044 sed
2424 4002 2477 4043 et
2500 3988 2633 4041 alius
2671 3987 2957 4041 concinens
2998 3985 3121 4039 huic
3164 3984 3421 4055 propheta

1848 4082 2086 4138 dicebat:
2112 4082 2173 4136 Si
2192 4090 2260 4135 est
2285 4081 2478 4134 malitia
2502 4080 2551 4133 in
2575 4080 2788 4145 civitate,
2803 4095 2953 4146 quam
2976 4095 3074 4131 non
3102 4078 3219 4147 fecit
3249 4075 3423 4129 Domi-

1850 4191 1941 4228 nus
1970 4174 2162 4243 (Amos
2190 4174 2241 4229 5.
2274 4172 2517 4244 6)?Quid
2571 4186 2699 4243 ergo
2746 4171 2843 4226 sibi
2886 4171 2999 4225 vult
3039 4169 3179 4240 quod
3222 4168 3419 4223 dictum

1851 4264 1965 4319 est?
1995 4263 2162 4320 Unam
2205 4263 2345 4318 enim
2388 4263 2633 4317 omnibus
2676 4272 2887 4331 oportet
2924 4260 3239 4314 solutionem
3268 4259 3419 4311 adhi-

1850 4357 1996 4413 bere.
2041 4355 2292 4423 Qua-nam
2330 4356 2486 4425 igitur
2512 4363 2593 4409 est
2620 4353 2849 4408 solutio?
2893 4352 2947 4407 Si
2978 4353 3082 4406 vim
3130 4352 3420 4406 dictionum

1852 4449 2056 4503 illarum
2082 4448 2440 4503 didicerimus.
2458 4446 2653 4501 Verum
2679 4444 2934 4499 attendite
2961 4444 3239 4513 diligenter
3270 4462 3283 4494 :
3318 4459 3421 4496 non

1853 4541 1991 4595 enim
2026 4550 2223 4593 temere
2249 4553 2346 4591 nec
2374 4536 2563 4591 frustra
2589 4550 2684 4589 vos
2713 4535 2777 4588 ad
2805 4534 2905 4588 hoc
2946 4532 3157 4587 assidue
3181 4532 3422 4587 cohorta-

1854 4646 1992 4697 mur,
2018 4628 2110 4684 sed
2138 4629 2383 4697 quoniam
2416 4626 2525 4695 jam
2550 4625 2615 4679 ad
2652 4626 2921 4679 abstrusas
2968 4638 3263 4694 gravesque
3293 4639 3420 4678 sen-

1858 4720 2043 4775 tentias
2074 4720 2290 4789 gradum
2336 4717 2577 4773 facimus.
2608 4716 2806 4771 Rerum
2853 4717 2969 4770 aliae
3009 4715 3221 4785 quidem
3270 4716 3423 4770 bona:

1855 4820 1994 4875 sunt,
2018 4810 2133 4865 alia:
2163 4810 2338 4875 malae,
2369 4809 2487 4862 alite
2507 4808 2717 4876 mediae,
2746 4824 2965 4877 quarum
2996 4807 3257 4861 nonnulla:
3284 4808 3422 4861 mul-

1857 4902 1923 4955 tis
1958 4901 2109 4956 malte
2134 4900 2398 4963 videntur,
2423 4900 2545 4955 licet
2585 4915 2691 4954 non
2738 4902 2864 4966 sint,
2892 4899 2985 4953 sed
3027 4898 3270 4951 dicuntur
3312 4908 3425 4952 tan—

1856 5002 1964 5048 tum
1987 5001 2039 5048 et
2064 4993 2445 5047 existimantur.

1930 5083 2208 5153 Paupertas
2251 5101 2351 5137 non
2386 5083 2540 5146 mala,
2582 5082 2767 5135 divitia:
2802 5098 2902 5134 non
2946 5080 3106 5135 bona.
3145 5082 3342 5137 -—Sed
3375 5096 3429 5139 ut

1857 5175 1995 5245 quod
2016 5191 2043 5229 a
2060 5191 2143 5230 me
2170 5174 2359 5229 dicitur
2385 5173 2663 5227 dilucidius
2692 5174 2802 5240 fiat,
2828 5189 2924 5243 age
2951 5174 3215 5229 firmatum
3243 5193 3424 5232 exem-

1859 5268 1960 5335 plis
1984 5282 2281 5322 sermonem
2314 5267 2665 5320 instituamus.
2701 5265 2987 5335 Paupertas
3016 5267 3194 5321 multis
3216 5269 3425 5337 quidem

1861 5362 2053 5415 malum
2095 5360 2321 5425 videtur,
2367 5372 2548 5411 verum
2600 5373 2705 5411 non
2736 5366 2854 5412 est:
2884 5358 3009 5427 quin
3055 5359 3211 5412 etiam
3236 5362 3278 5411 si
3310 5362 3428 5427 quis

1862 5450 2111 5521 providus
2132 5450 2201 5502 sit
2226 5458 2277 5502 et
2301 5449 2397 5502 sibi
2424 5456 2675 5513 attentus,
2708 5448 2842 5501 mala
2873 5448 3085 5502 tollendi
3113 5449 3216 5501 vim
3246 5449 3427 5506 habet.

1866 5542 2064 5596 Divitiae
2113 5552 2293 5592 rursus
2336 5540 2527 5592 bonum
2558 5538 2768 5606 quidem
2800 5538 3043 5593 videntur
3071 5553 3209 5602 esse,
3246 5548 3418 5593 tamen

1863 5632 2100 5686 absolute
2147 5630 2340 5685 bonum
2384 5630 2601 5684 minime
2645 5637 2788 5694 sunt,
2836 5628 2934 5681 nisi
2981 5630 3101 5697 quis
3138 5640 3193 5681 ut
3218 5640 3425 5699 oportet

1868 5723 1929 5778 iis
1958 5728 2150 5777 utatur.
2174 5719 2305 5775 Nam
2334 5721 2374 5775 si
2404 5719 2643 5774 absolute
2668 5719 2861 5774 bonum
2887 5728 3063 5773 csscnt
3092 5720 3308 5787 divitia),
3328 5719 3424 5776 ho-
