4148 6306
739 362 850 419 147

717 483 816 522 nos
840 483 964 524 esse
1004 477 1278 539 Oporteret
1304 472 1391 541 qui
1421 485 1511 525 eas
1543 467 1815 541 possident
1844 483 1856 518 :
1887 465 1966 521 sin
1993 472 2167 518 autem
2194 476 2302 516 non

717 573 908 614 omnes
962 559 1156 616 divites
1197 563 1391 617 virtute
1437 570 1560 618 sunt
1601 560 1804 631 prazditi
1832 599 1846 623 ,
1889 559 2054 628 liquet
2091 555 2301 611 divitias

718 651 1034 720 simpliciter
1069 669 1132 709 ac
1160 669 1260 725 per
1293 668 1352 710 se
1379 653 1546 710 bonas
1587 671 1691 708 non
1717 667 1852 718 esse,
1894 665 2078 705 verum
2105 649 2156 703 in
2182 664 2298 703 me-

717 744 806 796 dio
850 745 1074 814 positam
1125 745 1399 801 materiam
1448 746 1732 817 quamdam
1781 758 1900 798 esse
1945 742 2174 797 virtutis.
2214 741 2302 795 Sic

717 843 895 890 autem
925 852 1039 891 rem
1062 837 1321 904 expende.
1352 836 1486 892 Sunt
1505 836 1560 891 in
1586 849 1811 906 corpore
1836 835 2140 904 qualitates,
2170 847 2300 902 quas

719 924 807 994 qui
837 925 1040 982 habent
1079 929 1210 982 tales
1235 929 1300 982 ab
1326 929 1389 982 iis
1418 929 1768 998 appellantur.
1800 925 2042 996 Exempli
2092 940 2249 979 causa
2283 941 2295 977 :

715 1017 921 1071 candor
966 1019 1259 1073 substantia
1302 1036 1405 1073 non
1433 1029 1533 1083 est,
1564 1019 1656 1073 sed
1697 1017 1941 1086 qualitas,
1973 1024 2025 1068 et
2053 1014 2298 1068 accidens

715 1106 857 1176 quod
900 1107 1116 1163 advenit
1138 1109 1477 1173 substantiae;
1506 1122 1633 1179 ergo
1654 1108 1700 1163 si
1725 1107 1808 1162 cui
1840 1105 2155 1160 adnascatur
2175 1104 2294 1168 hoc,

719 1197 1000 1253 candidum
1047 1199 1304 1268 ejusmodi
1345 1200 1613 1255 hominem
1655 1201 2001 1269 appellamus.
2041 1197 2132 1251 Est
2158 1212 2296 1265 prce-

715 1300 863 1343 terca
894 1290 1150 1360 a-gritudo
1179 1300 1232 1345 et
1263 1292 1372 1362 ipsa
1399 1292 1627 1363 qualitas
1668 1290 1908 1360 quasdam
1947 1298 2001 1344 et
2025 1289 2294 1356 accidens,

715 1397 778 1436 ac
803 1383 848 1435 si
876 1382 957 1437 cui
1002 1383 1267 1449 adveniat,
1299 1385 1454 1438 talem
1485 1395 1738 1455 azgrotnm
1783 1398 2055 1438 vocamus.
2085 1383 2140 1438 Si
2172 1398 2297 1452 ergo

714 1468 911 1526 divitia:
942 1474 1108 1528 virtus
1135 1485 1334 1542 essent,
1367 1491 1487 1530 eum
1523 1477 1608 1546 qui
1649 1476 1863 1530 divitias
1908 1474 2142 1544 possidet
2188 1477 2296 1529 vir-

717 1574 830 1622 tute
874 1570 1150 1637 pmditum
1202 1587 1323 1627 esse
1364 1583 1634 1642 oporteret
1662 1590 1724 1628 ac
1768 1573 1868 1627 dici
1904 1589 1918 1627 :
1950 1573 2088 1644 quod
2118 1575 2160 1626 si
2192 1588 2294 1626 non

716 1659 936 1713 omnino
978 1661 1173 1717 virtute
1217 1663 1470 1732 pra-ditus
1513 1675 1592 1719 est
1625 1663 1796 1731 dives,
1834 1681 1940 1719 non
1981 1663 2299 1733 simpliciter

719 1759 808 1802 ant
839 1750 1005 1806 virtus
1032 1762 1120 1806 aut
1149 1752 1344 1807 bonum
1375 1763 1497 1808 sunt
1526 1753 1749 1822 divitim,
1779 1755 1870 1810 sed
1903 1755 1953 1809 id
1989 1754 2117 1809 llum
2145 1765 2299 1825 prout

713 1839 935 1896 allectus
982 1843 1136 1898 fuerit
1181 1844 1295 1913 ejus
1343 1845 1552 1900 animus
1597 1847 1685 1916 qui
1734 1846 1812 1902 eis
1851 1847 2046 1900 utitur.
2097 1847 2298 1901 Rursus

714 1943 996 2003 paupertas
1036 1936 1080 1990 si
1120 1938 1314 1991 malmn
1358 1947 1517 2004 esset,
1558 1955 1744 1994 onmes
1791 1939 1959 2008 quiin
1992 1948 2298 2008 paupertate

713 2025 931 2096 degunt,
976 2039 1247 2097 oporteret
1292 2045 1410 2086 esse
1437 2031 1607 2087 malos
1635 2055 1648 2086 ;
1679 2032 1759 2086 sin
1786 2042 1959 2086 autem
1993 2031 2144 2087 multi
2171 2047 2297 2100 pan-

715 2129 872 2184 pcres
925 2119 1116 2174 caelum
1166 2132 1486 2191 occuparunt
1517 2161 1532 2189 ,
1584 2138 1688 2176 non
1742 2132 1823 2178 est
1868 2123 2045 2192 utique
2099 2123 2293 2177 malum

713 2218 1018 2278 paupertas.

782 2301 833 2354 4.
867 2300 1002 2368 Quid
1033 2307 1172 2370 quod
1209 2302 1356 2358 multi
1388 2312 1604 2374 prepter
1642 2308 2005 2372 paupertatem
2043 2303 2294 2372 blasphe-

712 2401 856 2444 mant
878 2395 902 2444 ’ἔ
937 2390 1081 2446 dicet
1122 2393 1332 2464 aliquis.
1373 2393 1486 2448 Non
1518 2403 1735 2464 propter
1766 2403 2129 2463 paupertatem
2151 2434 2167 2459 ,
2200 2394 2293 2448 sed

713 2494 933 2553 propter
966 2485 1224 2540 insaniam
1254 2501 1402 2540 suam
1431 2497 1485 2541 et
1509 2486 1995 2558 pusillanimitatem
2027 2485 2077 2539 id
2110 2495 2293 2555 agunt.

712 2573 887 2644 Atque
929 2575 1032 2631 hoc
1066 2591 1131 2632 ex
1177 2577 1313 2631 beati
1346 2576 1446 2632 .Iub
1469 2577 1714 2647 exemplo
1741 2586 1883 2646 patet
1910 2590 1924 2642 ;
1958 2576 2046 2646 qui
2079 2591 2198 2631 cum
2229 2576 2295 2630 ad

712 2672 1006 2717 extremam
1041 2675 1407 2734 pauperta'em
1440 2665 1682 2721 redactus
1709 2677 1852 2720 esset
1874 2706 1890 2729 ,
1928 2674 1981 2719 et
2011 2666 2074 2718 ad
2123 2665 2293 2734 ipsum

713 2755 1040 2822 paupertatis
1089 2755 1393 2809 barathrum
1443 2755 1765 2822 devolutus,
1813 2770 1918 2808 non
1965 2755 2135 2808 solum
2190 2770 2294 2809 non

713 2843 1120 2914 hlaSphemavit,
1148 2843 1240 2899 sed
1273 2845 1437 2900 Deum
1469 2846 1780 2901 benedicere
1808 2859 1911 2899 non
1943 2845 2188 2911 cessnvit,
2214 2844 2296 2898 his

715 2936 922 2991 verbis:
951 2935 1194 2992 Dominus
1208 2937 1364 3004 dedit,
1389 2932 1630 2992 Dominus
1656 2937 1859 2991 abstulit
1883 2953 1902 3000 ;
1925 2936 2050 2990 sicut
2081 2934 2295 2989 Domino

697 3029 926 3099 .placuit,
945 3030 1014 3083 ita
1035 3033 1225 3101 factum
1251 3037 1322 3084 est
1348 3045 1366 3083 :
1390 3030 1454 3083 sit
1479 3045 1656 3084 nomen
1687 3029 1886 3082 Domini
1914 3026 2221 3082 benedictum
2245 3029 2295 3080 in

713 3117 902 3174 sarcula
933 3117 1054 3186 (Job
1086 3118 1134 3176 ι.
1155 3119 1273 3191 2t).
1300 3120 1367 3174 At
1391 3120 1529 3174 enim
1556 3119 1624 3175 ob
1645 3119 1851 3175 divitias
1869 3119 2025 3174 etiam
2049 3119 2195 3173 multi
2221 3135 2292 3173 ra-

715 3211 867 3282 piunt
888 3221 940 3266 et
970 3211 1138 3268 aliena
1174 3212 1446 3275 invadunt,
1477 3210 1620 3267 dicet
1644 3209 1852 3280 aliquis.
1882 3211 2076 3266 Verum
2106 3212 2157 3265 id
2189 3227 2294 3267 non

711 3302 784 3357 ob
808 3300 1018 3356 divitias
1050 3303 1106 3354 iit
1129 3342 1144 3367 ,
1175 3302 1266 3356 sed
1298 3303 1367 3355 ob
1397 3303 1633 3371 ipsorum
1663 3302 1972 3365 stultitiam;
2005 3310 2164 3371 atque
2193 3301 2292 3356 hu-

711 3394 798 3465 ius
826 3394 902 3449 rei
933 3394 1084 3449 testis
1110 3395 1262 3448 nobis
1288 3394 1389 3449 erit
1430 3395 1513 3448 hic
1543 3395 1653 3464 ipse
1678 3393 1775 3457 vir,
1805 3395 1892 3462 qui
1924 3407 2042 3447 cum
2075 3402 2150 3447 tot
2182 3394 2296 3462 opi-

711 3486 814 3540 bus
836 3485 1150 3550 abundaret,
1174 3502 1275 3539 non
1305 3485 1460 3540 modo
1489 3501 1572 3540 res
1602 3485 1824 3540 aliorum
1849 3499 1952 3538 nun
1981 3486 2170 3554 rapuit,
2201 3485 2294 3540 sed

710 3577 868 3630 etiam
894 3577 1102 3647 propria
1125 3577 1395 3647 erogabat,
1420 3583 1470 3630 et
1497 3575 1792 3645 peregrinis
1815 3585 2020 3644 portum
2052 3573 2290 3642 parabat,

711 3669 788 3722 sic
817 3668 1034 3722 dicens:
1060 3667 1249 3721 Domus
1280 3684 1387 3720 mea
1416 3667 1551 3720 omni
1580 3667 1840 3736 peregrino
1867 3666 2025 3736 patuit
2059 3666 2173 3738 (Job
2203 3664 2290 3720 5|.

710 3760 822 3831 52).
841 3760 1104 3816 Abraham
1127 3775 1336 3830 quoque
1357 3775 1474 3814 eum
1499 3768 1568 3813 tot
1593 3774 1722 3827 opes
1755 3759 2066 3827 possideret,
2085 3760 2136 3812 in
2162 3775 2292 3826 pne‘

711 3861 980 3908 tereuntes
1017 3851 1194 3906 omnia
1220 3849 1587 3920 expendebat;
1627 3859 1680 3904 et
1729 3865 1896 3919 neque
1939 3851 2078 3904 hunc
2123 3867 2292 3919 neque

710 3946 860 4000 illum
882 3943 1238 4000 fraudatorem
1268 3951 1358 3999 aut
1387 3958 1605 3998 avarum
1634 3941 1828 3997 diviti-.e
1852 3942 2212 4008 reddiderunt,
2235 3953 2293 3997 ut

710 4052 882 4106 neque
907 4036 1270 4105 blasphemum
1295 4044 1575 4105 paupertas
1601 4041 1691 4088 aut
1714 4034 1856 4087 illum
1887 4044 1975 4088 aut
1997 4034 2251 4088 Lazarum
2274 4053 2286 4089 :

709 4128 803 4182 sed
844 4142 965 4182 cum
1006 4142 1176 4197 neque
1221 4127 1516 4181 necessaria
1557 4127 1766 4196 utrique
1812 4134 2155 4195 suppeterent
2192 4125 2293 4179 ali-

711 4228 912 4283 menta,
944 4219 1022 4274 sic
1049 4218 1281 4272 illustres
1313 4217 1546 4284 luerunt,
1573 4226 1631 4270 ut
1661 4217 1793 4270 alter
1820 4217 1910 4270 Dei
1937 4258 1949 4281 ,
1985 4218 2072 4286 qui
2099 4232 2287 4271 arcana

710 4312 853 4366 clare
889 4310 1375 4371 novit,testimonio
1412 4306 1911 4363 commendaretur:
1946 4307 2075 4361 alter
2114 4317 2287 4361 autem

711 4404 780 4458 ab
807 4403 1008 4473 angelis
1047 4401 1482 4457 antecedentibus
1511 4399 1635 4453 hinc
1674 4397 1990 4462 auferretur,
2023 4408 2074 4451 et
2104 4407 2288 4451 contu-

711 4494 941 4550 bernalis
981 4493 1134 4548 ﬁeret
1173 4491 1485 4561 patriarchae.
1518 4532 1532 4556 ,
1571 4484 1863 4558 iisdemque
1905 4488 2056 4542 bonis
2098 4489 2287 4556 quibus

711 4584 799 4638 ille
828 4582 1108 4638 frueretur.
1137 4582 1318 4650 Itaque
1348 4582 1534 4635 mediae
1563 4594 1648 4634 res
1677 4589 1799 4633 sunt
1829 4581 1939 4633 ista:
1966 4619 1980 4644 ,
2009 4589 2287 4649 paupertas

711 4684 760 4729 et
790 4675 1017 4737 divitias,
1044 4675 1244 4728 sanitas
1271 4683 1324 4728 et
1347 4674 1563 4727 morbus
1589 4715 1602 4738 ,
1632 4672 1737 4727 vita
1767 4682 1819 4726 et
1849 4686 2011 4734 mors,
2039 4672 2202 4740 gloria
2236 4681 2289 4725 et

710 4766 902 4830 honor,
931 4765 1160 4819 servitus
1187 4773 1238 4818 et
1265 4763 1480 4818 libertas
1502 4804 1514 4825 ,
1542 4772 1594 4818 et
1625 4776 1972 4832 quaecumque
1997 4771 2119 4816 sunt
2143 4762 2287 4830 ejus-

711 4856 855 4911 modi
881 4873 894 4922 ;
927 4871 1032 4911 non
1061 4855 1202 4909 enim
1229 4854 1403 4909 omnia
1435 4863 1558 4908 sunt
1589 4854 1940 4922 percnrrenda
1962 4895 1977 4919 ,
2023 4869 2086 4907 ne
2129 4855 2289 4924 proli-

711 4951 829 5004 xior
861 4950 950 5003 ﬁat
977 4948 1178 5009 oratio.
1213 4947 1305 5000 sed
1335 4945 1486 4999 vobis
1512 4961 1580 4999 ex
1621 4946 1700 4998 his
1727 4945 1846 4998 data
1880 4946 2188 5008 occasione,
2222 4947 2285 4999 ad

709 5057 768 5093 ca
799 5057 917 5110 qme
945 5055 1043 5094 nos
1071 5047 1258 5107 urgent
1282 5036 1498 5092 dicenda
1525 5035 1848 5105 pergendum
1879 5046 1960 5089 est
2011 5034 2094 5088 Da
2123 5038 2285 5103 enim,

709 5133 901 5201 inquit,
935 5133 1148 5201 sapienti
1175 5130 1505 5196 occasionem,
1537 5139 1582 5182 et
1608 5128 1880 5198 sapientior
1905 5129 1995 5181 erit
2024 5127 2200 5198 (Prov.
2231 5130 2283 5184 9.

710 5220 801 5293 9).
834 5221 996 5290 igitur
1026 5237 1111 5275 res
1143 5222 1330 5276 medire
1363 5227 1486 5274 sunt
1523 5219 1634 5272 haec
1672 5217 1846 5273 omnia
1877 5236 1888 5271 :
1919 5217 1996 5271 sic
2034 5227 2090 5271 ut
2121 5217 2204 5271 his
2236 5219 2286 5273 in

709 5312 910 5367 bonum
941 5322 994 5366 et
1023 5313 1072 5365 in
1107 5313 1302 5365 malum
1334 5312 1575 5366 homines
1607 5311 1682 5366 uti
1719 5309 1942 5378 possint.
1967 5308 2115 5374 Quod
2146 5310 2285 5364 enim

711 5405 795 5459 ha:
825 5419 910 5459 res
935 5408 1042 5458 sint
1066 5404 1275 5468 mediae,
1302 5414 1359 5456 ut
1384 5401 1599 5466 divitia},
1629 5400 1861 5455 ostendit
1884 5400 2170 5462 Abraham,
2200 5401 2286 5468 qui

713 5503 770 5548 ut
792 5508 927 5564 opus
957 5500 1076 5546 erat
1095 5491 1226 5560 ipsis
1242 5497 1496 5543 estusus:
1532 5493 1762 5547 ostendit
1789 5501 1840 5547 et
1871 5491 1957 5546 ille
1987 5492 2072 5551 qui
2105 5491 2289 5544 Lazari

711 5585 841 5640 vixit
861 5594 1016 5638 astate
1044 5586 1210 5648 dives,
1237 5583 1323 5652 qui
1354 5585 1404 5635 in
1436 5584 1625 5650 capitis
1652 5584 1730 5636 sui
1762 5582 2046 5651 perniciem
2069 5581 2288 5634 faculta-

711 5687 791 5731 tes
817 5676 1093 5746 impendit.
1122 5675 1300 5744 Neque
1331 5674 1523 5727 bonum
1555 5675 1712 5743 igitur
1735 5673 1973 5728 absolute
2003 5683 2122 5727 sunt
2150 5672 2286 5726 divi-

713 5769 1005 5845 ti:c,ncquc
1037 5767 1255 5820 malum.
1296 5765 1347 5821 Si
1376 5767 1613 5820 absolute
1646 5766 1837 5820 bonum
1868 5773 2045 5821 essent
2069 5807 2082 5832 ,
2117 5780 2287 5834 neque

1496 355 1561 410 S.
1601 349 1880 411 JOANNIS
1916 349 2390 409 CHRYSOSTOMI
2427 351 2744 410 ARCHIEP.
2783 355 3316 416 CONSTAN'I'INOP.

3902 381 4015 435 148

2405 478 2496 518 res
2522 463 2729 532 mediae,
2749 465 2896 522 dives
2923 469 3012 524 ille
3032 469 3121 540 qui
3151 480 3304 527 aetate
3329 471 3511 529 Lazari
3536 475 3682 542 vixit,
3708 485 3818 534 tam
3846 483 4005 551 gravi

2407 553 2668 622 supplicio
2694 557 2912 626 punitus
2937 574 3042 614 non
3065 571 3206 617 esset
3235 579 3248 614 :
3278 562 3322 618 si
3350 565 3548 620 malum
3580 578 3761 624 essent
3780 611 3796 635 ,
3823 573 4002 625 Abra-

2406 643 2529 698 ham
2554 687 2569 710 ,
2594 647 2681 716 qui
2727 647 2875 702 dives
2913 649 3012 704 fuit
3035 693 3050 717 ,
3077 666 3179 706 non
3225 663 3331 707 tam
3362 655 3587 712 celebris
3627 658 3835 714 fuisset.
3864 661 4003 716 Tale

2405 735 2530 806 quid
2562 747 2642 791 est
2666 738 2823 792 etiam
2854 740 3089 796 morbus.
3121 741 3253 798 Nam
3276 743 3320 798 si
3344 746 3542 802 malum
3568 759 3710 803 esset
3744 751 3998 813 morbus.

2403 838 2676 896 oporteret
2701 840 2752 884 et
2780 833 2978 887 malum
3003 851 3121 890 esse
3149 847 3427 907 aegrotum.
3461 840 3641 912 itaque
3673 843 4002 901 Timotheus

2403 933 2616 990 quoque
2646 923 2814 977 malus
2842 939 2961 979 esse
2989 925 3300 995 debuisset,
3331 931 3420 1000 qui
3456 933 3646 988 morbo
3671 937 3998 1004 gravissimo

2403 1009 2972 1070 conﬂictabatur.Vino
2999 1019 3138 1070 enim
3169 1018 3365 1073 modico
3390 1031 3547 1086 utere,
3567 1023 3757 1093 inquit,
3785 1035 3998 1095 propta

2403 1103 2752 1170 stomachum,
2778 1116 2824 1158 et
2851 1107 3128 1177 frequentes
3155 1120 3265 1164 tuas
3291 1112 3609 1179 inﬁrmitates
3641 1117 3727 1184 (l.
3766 1114 3901 1170 Tim.
3938 1119 3990 1171 5.

2401 1192 2530 1263 25).
2559 1193 2710 1262 Quod
2737 1196 2779 1249 si
2808 1212 2910 1250 non
2939 1198 3096 1253 modo
3123 1203 3294 1256 malus
3321 1204 3516 1259 idcirco
3539 1222 3642 1260 non
3672 1206 3785 1272 fuit,
3813 1209 3908 1263 sed
3941 1222 3993 1264 et

2405 1286 2666 1341 mercedis
2695 1289 2875 1342 multa:
2901 1294 3258 1348 accessionem
3286 1299 3509 1366 accepit,
3543 1309 3596 1354 ut
3625 1303 3887 1371 patienter
3912 1307 3994 1357 in-

2404 1376 2705 1433 lirmitatem
2749 1379 2890 1434 illam
2933 1385 3050 1437 tnlit
3077 1424 3090 1449 ,
3133 1387 3375 1441 morbum
3417 1391 3596 1460 utique
3639 1394 3833 1447 malum
3878 1412 3989 1448 non

2402 1482 2518 1521 esse
2548 1471 2884 1528 manifestum
2926 1485 3026 1529 est.
3069 1479 3218 1532 Alius
3258 1496 3466 1552 quoque
3513 1485 3767 1554 propheta
3816 1490 3993 1543 oculis

2401 1573 2657 1631 perpetuo
2703 1565 3020 1624 laborabat:
3056 1587 3155 1626 nec
3194 1582 3368 1628 tamen
3413 1588 3626 1645 propter
3671 1579 3772 1635 hoc
3813 1583 3990 1636 malus

2401 1663 2516 1708 erat
2540 1694 2556 1716 ,
2585 1654 2676 1709 sed
2709 1667 2761 1711 et
2791 1659 3141 1728 prophetabat
3163 1703 3176 1726 ,
3207 1672 3260 1718 et
3291 1662 3463 1719 futura
3497 1667 3822 1736 prmvidebat
3847 1714 3860 1736 ,
3893 1689 3989 1728 ne-

2401 1757 2504 1813 que
2534 1745 2753 1802 morbus
2789 1748 2863 1802 illi
2901 1748 3112 1820 aliquod
3151 1753 3216 1807 a‘d
3263 1755 3509 1811 virtutem
3545 1759 3985 1828 impedimentum

2400 1835 2670 1892 all'erebat.
2715 1842 2782 1893 At
2812 1855 2982 1910 neque
3006 1848 3203 1900 sanitas
3230 1847 3472 1904 absolute
3504 1850 3700 1906 bonum
3734 1864 3816 1908 est
3840 1897 3853 1918 ,
3884 1859 3988 1910 nisi

2401 1927 2517 1994 quis
2552 1943 2612 1982 ea
2643 1938 2698 1982 ut
2723 1941 2964 1999 oportet,
2999 1950 3102 1988 non
3134 1934 3199 1990 ad
3231 1937 3531 2006 improbum
3564 1941 3769 1998 facinus
3800 1947 3885 2000 vel
3919 1949 3983 2000 ad

2402 2017 2584 2073 inutile
2609 2019 2772 2073 otium
2801 2030 2979 2077 utatur
3011 2040 3024 2077 :
3058 2040 3229 2095 neque
3255 2028 3396 2082 enim
3426 2031 3647 2087 crimine
3679 2034 3778 2088 hoc
3811 2036 3983 2103 ipsum

2403 2118 2570 2163 vacat.
2602 2111 2856 2177 Quocirca
2894 2114 3088 2170 Paulus
3131 2119 3292 2174 etiam
3328 2117 3537 2175 dicebat
3573 2141 3583 2176 :
3631 2124 3692 2178 Si
3731 2126 3843 2194 quis
3886 2144 3983 2180 non

2400 2200 2503 2251 t‘ttll
2531 2203 2729 2270 aperari
2751 2245 2764 2268 ,
2798 2220 2886 2256 nec
2917 2207 3183 2262 manducet
3215 2208 3304 2278 (2.
3332 2209 3509 2266 Thess.
3540 2214 3593 2265 5.
3624 2215 3688 2269 10
3714 2217 3753 2283 ).
3787 2215 3982 2271 Verum

2400 2287 2513 2343 lunc
2542 2291 2712 2344 media
2739 2303 2860 2347 sunt
2885 2303 2938 2348 et
2960 2295 3329 2364 indifferentia,
3353 2311 3404 2354 et
3434 2317 3530 2370 pro
3561 2307 3764 2358 ratione
3793 2319 3981 2360 eorum

2399 2383 2485 2452 qui
2509 2384 2586 2438 eis
2615 2395 2832 2439 utuntur
2866 2387 3151 2457 aliquando
3182 2389 3283 2445 hoc
3305 2433 3319 2456 ,
3348 2394 3630 2462 aliquando
3663 2396 3788 2450 illud
3829 2397 3979 2452 ﬁunt.

2400 2474 2534 2542 Quid
2571 2491 2697 2531 vero
2734 2479 2924 2533 attinet
2967 2483 3247 2537 sanitatem
3288 2499 3714 2542 commemorare
3743 2505 3807 2543 ac
3838 2506 3956 2545 mor

2399 2564 2545 2632 bum,
2571 2566 2780 2622 divitias
2801 2578 2855 2623 et
2875 2579 3236 2638 paupertatem
3261 2571 3282 2626 ?
3311 2571 3420 2628 Hoc
3447 2574 3592 2628 enim
3616 2577 3818 2644 ipsum,
3844 2583 3980 2650 quod

2401 2657 2557 2724 vulgo
2589 2657 2845 2712 bonorum
2874 2662 3109 2714 onmium
3146 2673 3304 2731 caput
3333 2671 3602 2730 censetur,
3631 2677 3684 2720 et
3715 2670 3980 2723 malorum

2400 2747 2661 2816 colophon
2687 2759 2887 2813 ,mors,
2917 2752 3170 2821 inquam,
3200 2763 3253 2808 et
3296 2755 3398 2808 vita
3421 2796 3437 2820 ,
3485 2773 3655 2826 neque
3698 2771 3826 2815 sunt
3870 2764 3980 2814 haec

2399 2839 2658 2902 absolute.
2693 2840 2786 2895 sed
2811 2853 2863 2896 et
2891 2843 3003 2912 ipsa
3029 2845 3200 2900 media
3232 2857 3375 2915 sunt,
3407 2857 3460 2904 et
3488 2862 3643 2918 prout
3667 2870 3856 2907 eorum
3880 2854 3980 2909 fert

2398 2931 2605 2986 animus
2637 2973 2651 2996 ,
2682 2934 2770 3002 qui
2815 2935 2892 2989 eis
2935 2946 3190 3004 utuntur,
3236 2939 3491 2995 alterutra
3538 2943 3690 2998 llunt.
3733 2945 3977 3017 Exempli

2398 3034 2555 3076 causa
2576 3025 2780 3080 bonum
2801 3024 3104 3092 estvivere,
3144 3029 3188 3082 si
3214 3029 3332 3098 quis
3355 3045 3420 3084 eo
3445 3041 3502 3085 ut
3527 3043 3739 3102 oportet
3766 3046 3978 3092 utatur:

2398 3129 2519 3169 eum
2546 3129 2674 3170 vero
2706 3112 2771 3169 ad
2801 3125 3014 3184 peccata
3043 3119 3127 3173 vel
3157 3119 3483 3190 iniquitates,
3514 3139 3619 3178 non
3645 3125 3752 3194 jam
3785 3129 3977 3182 bonum

2399 3214 2501 3273 est,
2527 3205 2623 3260 sed
2653 3207 2822 3261 multo
2850 3208 3039 3262 melius
3068 3206 3226 3265 fuerit
3245 3253 3260 3276 ,
3290 3219 3348 3267 ut
3372 3215 3458 3284 qui
3483 3214 3741 3284 ejusmodi
3765 3229 3847 3273 est
3868 3236 3973 3273 mo-

2398 3297 2584 3350 riatur.
2615 3295 2820 3353 Rursus
2850 3297 2978 3353 illud
3001 3340 3016 3364 ,
3049 3299 3187 3369 quod
3215 3300 3521 3372 fugiendum
3549 3308 3699 3362 multi
3729 3323 3972 3375 censent,

2397 3391 2670 3445 innumera
2720 3392 2878 3447 nobis
2911 3393 3049 3447 bona
3088 3396 3369 3461 conciliat,
3405 3399 3529 3453 dum
3570 3404 3976 3456 convenientem

2395 3496 2606 3536 causam
2637 3479 2825 3538 habeat
2850 3484 3170 3553 adjunctam.
3198 3490 3527 3557 Argumenta
3547 3501 3670 3544 sunt
3690 3501 3975 3562 martyres.

2395 3576 2482 3644 qui
2506 3586 2720 3646 propter
2745 3587 2968 3632 mortem
2993 3581 3226 3634 omnium
3255 3591 3378 3635 sunt
3408 3581 3717 3637 felicissimi.
3749 3583 3976 3653 Propter

2398 3667 2497 3722 hoc
2525 3669 2770 3722 nimirum
2797 3669 2987 3724 Paulus
3011 3684 3112 3724 non
3136 3671 3451 3741 simpliciter
3480 3674 3654 3727 vivere
3682 3675 3736 3728 in
3762 3674 3976 3731 Christo

2396 3757 2672 3824 cupiebat,
2721 3759 2813 3813 sed
2852 3760 3097 3828 quoniam
3129 3759 3230 3815 hoc
3274 3762 3345 3815 illi
3386 3762 3560 3830 operis
3599 3762 3800 3818 lruetus
3841 3777 3972 3820 crat.

2401 3847 2641 3902 «Etenim
2671 3847 2793 3918 quid
2821 3852 3030 3920 eligam,
3057 3869 3075 3903 ι
3107 3853 3293 3922 inquit,
3323 3873 3342 3905 ι
3372 3853 3589 3923 ignoro:
3621 3870 3864 3911 coaretor
3886 3874 3974 3910 au-

2397 3947 2499 3992 tem
2533 3953 2562 3992 e
2591 3938 2796 3993 duobus
2830 3957 2842 3991 :
2874 3940 3198 3995 desiderium
3239 3945 3378 3996 enim
3426 3945 3625 3999 habens
3667 3945 3886 4001 dissolvi
3927 3961 3976 4002 ct

2396 4044 2511 4083 esse
2551 4045 2670 4084 cum
2707 4026 2960 4098 Christo;
3009 4033 3159 4087 valde
3201 4036 3340 4088 enim
3385 4035 3551 4089 multo
3577 4037 3803 4102 melius;
3855 4055 3970 4107 pcr-

2396 4135 2611 4176 manere
2657 4133 2831 4176 autem
2875 4122 2926 4176 in
2971 4137 3129 4180 carne
3171 4127 3336 4195 magis
3376 4126 3730 4182 necessarium
3763 4142 3974 4198 promer

2395 4229 2488 4268 vos
2517 4233 2535 4268 ι
2564 4213 2783 4285 (Philip.
2811 4216 2860 4270 1.
2883 4212 3083 4286 22-24).
3114 4215 3191 4271 0b
3217 4216 3317 4272 hoc
3342 4219 3511 4287 ipsum
3535 4234 3743 4289 quoque
3766 4221 3971 4276 dicebat

2393 4307 2649 4375 propheta
2676 4349 2692 4372 ,
2737 4305 2965 4360 Pretiosa
2995 4309 3043 4360 in
3070 4319 3338 4377 conspectu
3376 4308 3580 4363 Domini
3613 4327 3743 4364 mors
3775 4323 3971 4365 sancto-

2393 4407 2504 4448 rum
2529 4397 2636 4465 ejus
2662 4395 2827 4463 (Psal.
2862 4397 2981 4450 115.
3022 4396 3123 4466 15)
3156 4413 3167 4449 :
3201 4415 3303 4451 non
3337 4399 3646 4469 simpliciter
3675 4414 3850 4466 mors,
3883 4403 3972 4456 sed

2394 4502 2537 4540 mors
2567 4487 2844 4555 ejusmodi.
2880 4487 2944 4541 Et
2983 4504 3165 4541 rursus
3206 4489 3432 4552 alicubi,
3481 4489 3622 4544 Mors
3655 4503 3972 4560 peccatorum

2395 4579 2609 4647 pessima
2637 4577 2654 4648 (
2683 4576 2822 4629 Psal.
2856 4577 2943 4632 55.
2971 4577 3044 4630 22
3067 4579 3102 4647 ).
3139 4577 3296 4633 Vides
3345 4579 3442 4633 hoc
3487 4595 3695 4649 quoque
3743 4583 3972 4637 medium

2394 4685 2544 4734 esse,
2576 4685 2674 4724 nec
2705 4670 2944 4723 absolute
2988 4671 3186 4724 bonum
3216 4712 3230 4734 ,
3277 4686 3374 4725 nec
3417 4672 3538 4727 item
3581 4670 3829 4729 absolute
3862 4691 3972 4728 ma-

2393 4761 2521 4825 lum,
2547 4762 2637 4816 sed
2668 4778 2764 4830 pro
2793 4764 2993 4817 ratione
3021 4764 3182 4817 animi
3205 4773 3257 4818 et
3282 4764 3500 4818 allectus
3528 4781 3710 4820 eorum
3735 4782 3762 4819 a
3785 4770 3973 4836 quibus

2395 4853 2520 4907 illud
2553 4854 2852 4922 excipitur?
2891 4853 3092 4908 Idcirco
3124 4863 3179 4908 et
3219 4856 3642 4923 sapientissimus
3672 4856 3926 4911 Salomon
3956 4899 3968 4917 .

2395 4945 2518 4997 dum
2549 4945 2826 4998 utilitatem
2859 4955 3282 5010 commemorat,
3315 4961 3432 5014 quas
3462 4947 3513 4999 in
3544 4947 3720 5000 medio
3751 4948 3971 5001 istorum

2397 5046 2474 5089 est
2505 5035 2667 5103 posita
2695 5075 2710 5098 ,
2754 5041 2806 5088 et
2836 5034 2900 5088 de
2932 5034 3012 5087 his
3043 5034 3464 5104 philosophatur,
3500 5035 3840 5106 ostenditque
3874 5052 3971 5090 non

2397 5127 2496 5181 hoc
2523 5125 2765 5180 absolute
2797 5126 2991 5179 bonum
3020 5141 3139 5180 esse
3164 5169 3176 5190 ,
3209 5136 3263 5179 et
3292 5126 3416 5180 illud
3450 5127 3648 5181 malum
3676 5167 3689 5191 ,
3722 5129 3816 5182 sed
3850 5143 3972 5182 eun-

2394 5217 2622 5271 venienti
2664 5232 2783 5270 cum
2816 5225 3053 5286 tempore
3086 5216 3201 5271 fieri
3233 5217 3369 5270 bona
3397 5258 3410 5278 ,
3449 5219 3572 5272 licet
3601 5220 3827 5274 molesta
3861 5234 3971 5273 esse

2396 5310 2688 5373 videantur,
2719 5307 2790 5378 (a)
2812 5307 2886 5380 [et
2907 5308 3062 5372 mala,
3093 5309 3216 5363 licet
3239 5309 3470 5377 jucunda
3497 5325 3614 5364 esse
3638 5310 3917 5364 videantur
3936 5309 3970 5380 ;]

2395 5416 2512 5455 cum
2545 5415 2645 5453 non
2673 5399 3003 5452 convenienti
3034 5401 3164 5453 liunt
3192 5411 3446 5470 tempore,
3478 5400 3689 5455 dicebat
3720 5401 3972 5470 :Tempus

2395 5492 2550 5562 ﬂendi
2576 5503 2620 5544 et
2649 5502 2839 5560 tempus
2868 5492 3062 5545 ridendi
3085 5513 3102 5545 .·
3123 5501 3314 5563 tempus
3342 5493 3553 5559 vivendi,
3581 5501 3627 5546 et
3655 5502 3850 5563 tempus
3872 5509 3971 5545 rno-

2459 5650 2530 5711 (α)
2563 5657 2672 5707 Qute
2689 5649 2877 5716 uncinis
2902 5648 3188 5697 clauduntur
3211 5648 3388 5697 desunt
3413 5649 3460 5695 in
3507 5654 3668 5696 Graec
3684 5660 3698 5707 ;
3715 5646 3828 5716 ἐρᾷ
3853 5645 3968 5693 desi-

2396 5708 2625 5761 derantur
2648 5712 2703 5758 ad
2728 5712 2927 5773 seriem,
2955 5724 3112 5773 eaque
3135 5717 3305 5759 t'Tonto
3345 5717 3560 5770 Ducseus,
3580 5721 3675 5757 non
3699 5708 3844 5757 dubia
3861 5719 3968 5754 conc

2395 5776 2599 5832 jectura,
2625 5771 2884 5834 supplevit.
