4130 6316
164 358 272 413 147

156 461 380 524 πλοῦτος
408 460 572 514 πάλιν
597 462 744 515 δοκεῖ
765 463 863 534 μὲν
884 464 1097 527 πολλοῖς
1118 460 1256 519 εἶναι
1281 467 1466 529 καλὸν,
1493 465 1591 517 οὐκ
1614 463 1730 515 ἐστι

153 545 202 596 δὲ
239 545 430 607 ἁπλῶς
469 544 656 607 καλὸν,
687 549 736 599 εἰ
782 550 854 616 μή
883 565 966 610 τις
994 549 1075 612 είς
1107 549 1224 602 δέον
1262 548 1410 618 αὐτῷ
1452 549 1730 620 χρώμενος

152 627 258 696 είη.
289 628 350 680 El
376 628 482 697 γὰρ
514 627 702 692 ἁπλῶς
731 630 892 683 καλὸν
913 625 980 700 ἦν
1009 632 1036 684 6
1063 630 1309 694 πλοῦτος,
1341 631 1445 686 ἔδει
1481 632 1575 685 καὶ
1605 632 1732 696 τοὺς

152 714 380 781 ἔχοντας
406 713 564 766 αὐτὸν
591 709 729 767 εἶναι
751 714 965 776 καλούς·
1011 717 1058 767 εἰ
1088 715 1144 768 δὲ
1175 715 1235 768 οὐ
1278 717 1475 778 πάντες
1503 718 1551 768 οἱ
1573 717 1733 768 πλου-

151 794 374 857 τοῦντες
420 797 681 865 ἐνάρετοι,
721 798 832 850 ἀλλ’
871 799 919 849 οἱ
953 798 1131 862 καλῶς
1169 798 1244 867 τῷ
1278 798 1491 868 πλούτῳ
1530 816 1732 869 κεχρη-

153 879 332 946 μένοι,
360 877 578 948 εὐδηλον
596 881 675 932 ὅτι
707 882 802 950 οὐχ
824 881 1010 944 ἁπλῶς
1031 881 1163 934 αὐτὸ
1194 882 1312 934 καθ’
1340 882 1497 934 ἑαυτὸ
1517 884 1544 934 6
1573 883 1729 934 πλοῦ-

149 980 235 1025 τος
297 962 475 1023 καλὸν,
527 963 637 1014 ἀλλ’
672 961 768 1030 ὐλη
813 964 893 1020 τίς
942 966 1089 1017 ἐστιν
1132 964 1333 1034 ἀρετῆς
1376 966 1432 1017 ἐν
1465 964 1539 1034 τῷ
1581 967 1728 1035 μέσῳ

150 1047 404 1116 κειμένη.
436 1048 631 1100 Σκόπει
662 1046 736 1100 δέ.
780 1048 927 1098 Είσὶν
962 1050 1019 1099 ὲν
1059 1047 1137 1117 τῷ
1178 1049 1387 1116 σώματι
1423 1049 1724 1117 ποιότητες,

149 1130 202 1190 Ξις
240 1131 299 1181 οἱ
327 1130 538 1198 ἔχοντες
579 1129 670 1181 ἀπ’
697 1129 873 1183 αὐτῶν
904 1129 1212 1183 καλοῦνται.
1242 1127 1365 1184 Οἷόν
1389 1149 1439 1184 τι
1465 1131 1632 1199 λέγω·
1666 1131 1719 1184 τὲ

148 1214 345 1266 λευκὸν
375 1216 471 1266 οὐκ
511 1216 656 1266 ἔστιν
692 1215 867 1271 οὐσία,
893 1215 1026 1268 άλλά
1051 1216 1288 1285 ποιότης,
1328 1218 1418 1268 καὶ
1448 1216 1716 1285 συμὸεση-

147 1298 238 1359 κὸς
281 1299 653 1367 ἐπιγινόμενον
691 1301 752 1368 τῇ
790 1299 970 1368 οὐσίαν
1013 1299 1078 1350 ἂν
1113 1295 1204 1351 οὖν
1225 1317 1329 1350 τινι
1358 1300 1723 1370 προσγένηται

146 1381 328 1441 τοῦτο,
352 1379 539 1433 λευκὸν
555 1382 646 1433 τὸν
667 1380 903 1433 τοιοῦτον
927 1381 1414 1450 καλοῦμεν.”Εστιν
1443 1382 1723 1452 ἀρρωστία

148 1467 312 1518 πάλιν
345 1468 438 1519 καὶ
481 1466 616 1534 αὐτὴ
653 1466 872 1536 ποιότης
914 1483 998 1527 τις
1031 1462 1168 1519 οὖσα
1200 1468 1292 1519 καὶ
1342 1466 1720 1537 συμϐεϐηκός·

145 1550 241 1600 κᾶν
280 1567 384 1602 τινι
424 1550 825 1620 προσγένηται,
871 1551 1151 1620 ἄρρωστον
1199 1551 1288 1604 τὸν
1337 1550 1576 1604 τοιοῦτον
1624 1568 1722 1604 κα-

144 1633 366 1701 )οὖμεν.
402 1635 461 1686 Εἰ
499 1634 676 1685 τοίνυν
711 1633 802 1686 καὶ
835 1632 863 1683 6
899 1633 1124 1696 πλοῦτος
1156 1628 1224 1704 ἦν
1260 1634 1448 1704 ἀρετὴ.
1489 1634 1594 1686 ἔδει
1632 1634 1721 1686 τὸν

143 1719 337 1786 ἔχοντα
379 1717 465 1769 τὸν
495 1717 720 1769 πλοῦτον
754 1716 1004 1787 ἐνάρετον
1035 1711 1175 1770 εἶναι
1217 1719 1306 1769 καὶ
1345 1716 1630 1784 λέγεσθαι·
1673 1718 1720 1769 εί

142 1802 192 1852 δέ
223 1800 293 1851 o6
326 1799 541 1863 πάντως
571 1803 598 1853 6
636 1799 885 1865 πλούσιος
932 1801 1207 1871 ἐνάρετος,
1238 1800 1338 1854 οὐκ
1375 1801 1562 1870 ἀρετὴ,
1599 1799 1720 1853 οὐδέ

145 1884 310 1935 καλὸν
334 1888 362 1937 6
398 1883 627 1947 πλοῦτος
668 1884 871 1947 ἁπλῶς,
912 1883 1044 1938 ἀλλὰ
1069 1886 1217 1956 παρά
1241 1884 1337 1953 τὴν
1362 1884 1585 1953 γνώμην
1623 1881 1718 1937 τοῦ

144 1967 425 2035 χρωμένου
455 1966 612 2020 τοῦτο
640 1968 868 2036 γίνεται.
895 1967 1063 2020 Πάλιν
1092 1969 1124 2038 ἠ
1163 1966 1321 2020 πενία
1353 1974 1400 2019 εί
1440 1967 1605 2020 κακὸν
1628 1962 1714 2038 ἦν,

143 2051 244 2102 ἔδει
279 2052 409 2112 τοὺς
435 2054 490 2104 ἐν
511 2053 672 2122 πενία
706 2052 950 2116 ἅπαντας
981 2049 1117 2105 εἶναι
1144 2051 1374 2113 κακούς’
1417 2053 1463 2103 εί
1503 2051 1557 2103 δέ
1586 2050 1715 2103 πολ-

141 2134 215 2184 λοι
236 2135 348 2185 τῶν
376 2136 431 2186 ἐν
456 2135 617 2204 πενίᾳ
652 2136 818 2187 ὄντων
853 2135 959 2188 τῶν
982 2134 1225 2206 οὐρανῶν
1250 2133 1589 2193 ἐπελάϐοντο,
1618 2133 1718 2187 οὐκ

141 2219 241 2286 ἄρα
278 2219 308 2286 ἡ
351 2217 510 2269 πενία
547 2221 735 2270 κακόν.

203 2318 262 2371 δ’.
303 2319 370 2370 Τί
394 2315 507 2383 οὖν,
530 2320 611 2372 δτι
637 2319 821 2372 πολλοὶ
843 2318 1220 2389 βλασφημοῦσι
1241 2318 1329 2373 διὰ
1358 2319 1452 2389 τὴν
1485 2320 1674 2372 πενίαν
1697 2338 1713 2384 ;

141 2408 316 2473 φησίν.
353 2405 429 2461 Οὐ
454 2407 542 2460 διὰ
564 2408 663 2477 τὴν
687 2409 896 2472 πενίαν,
930 2407 1064 2460 ἀλλά
1087 2407 1172 2460 διὰ
1201 2408 1296 2479 τὴν
1320 2408 1526 2461 οἰκείαν
1556 2409 1716 2476 ἀφροο

140 2494 296 2562 σύνην
320 2511 378 2545 τε
416 2496 510 2547 καὶ
535 2495 900 2564 μικροψυχίαν
925 2496 1083 2550 τοῦτο
1107 2497 1337 2550 ποιοῦσι.
1374 2498 1482 2548 Καὶ
1511 2495 1713 2547 τούτων

139 2581 402 2647 ἀπόδειξις
426 2586 453 2636 6
478 2584 746 2653 μακάριος
773 2584 912 2647 Ἰὼϐ,
931 2585 988 2649 ὃς
1013 2589 1071 2639 ἐν
1105 2588 1307 2656 ἐσχάτῃ
1331 2586 1486 2653 πενίᾳ
1501 2584 1595 2648 ὢν,
1619 2583 1711 2635 καὶ

139 2671 265 2742 πρός
293 2673 428 2724 αὐτὸ
463 2674 560 2740 τῆς
604 2675 791 2736 πενίας
823 2676 1164 2745 κατενεχθείς
1213 2674 1275 2727 τὸ
1310 2675 1602 2744 βάραθρον,
1647 2677 1708 2726 οὐ

141 2760 291 2828 μόνον
317 2761 418 2813 οὐκ
451 2762 897 2832 ἐϐλασφήμησεν,
921 2764 1031 2816 ἀλλ’
1070 2763 1305 2831 εὐλογῶν
1343 2763 1432 2816 τὸν
1462 2762 1591 2814 Θεὸν
1611 2762 1713 2814 διε-

137 2848 292 2914 τέλει,
328 2851 536 2916 λέγων·
598 2851 661 2903 '0
706 2853 917 2916 Κύριος
951 2851 1192 2914 ἔδωκεν,
1220 2856 1250 2905 ὀ
1285 2853 1496 2920 Κύριος
1543 2850 1708 2918 ἀφεί-

135 2940 291 2989 λετο·
328 2939 410 3003 ὡς
443 2936 521 3002 τῷ
544 2940 740 3005 Κυρίῳ
759 2939 990 3003 ἔδοξεν,
1019 2939 1171 2994 οὕτω
1205 2940 1302 2993 καὶ
1325 2938 1562 3007 ἐγένετο
1583 2956 1594 2968 ·
1616 2939 1708 3006 εἴη

137 3026 194 3075 τὸ
238 3027 422 3092 ὄνομα
471 3029 693 3094 Κυρίου
726 3029 1133 3097 εὐλογημένον
1171 3029 1256 3094 είς
1292 3027 1434 3092 τοὺς
1468 3026 1704 3092 αἰῶνας.

145 3113 299 3166 Ἅλλά
331 3117 425 3167 καὶ
454 3117 543 3168 διὸ.
574 3118 666 3170 τὸν
690 3117 917 3170 πλοῦτον
949 3117 1156 3180 πολλοὶ,
1191 3117 1374 3185 φησὶν,
1404 3115 1706 3184 ἁρπάζουσι

135 3207 222 3251 καὶ
268 3203 710 3256 πλεονεκτοῦσιν.
759 3205 897 3256 Ἀλλ’
922 3205 980 3256 οὐ
1019 3205 1105 3255 διὰ
1159 3203 1249 3256 τὸν
1286 3203 1533 3266 πλοῦτον,
1573 3201 1706 3254 ἀλλὰ

131 3289 214 3342 διὰ
238 3297 337 3360 τὴν
367 3293 576 3343 οἰκείαν
608 3292 952 3363 ἀφροσύνην·
981 3291 1075 3344 καὶ
1091 3290 1280 3344 τούτου
1315 3291 1525 3361 μάρτυς
1547 3289 1707 3343 πάλιν

131 3381 155 3427 6
187 3379 346 3441 αὐτὸς
398 3379 683 3446 ἄνθρωπος
727 3371 900 3442 οὗτος,
935 3378 992 3443 ὃς
1028 3381 1084 3432 ἐν
1128 3378 1366 3448 τοσούτῳ
1398 3376 1611 3446 πλούτῳ
1645 3376 1705 3428 οὐ

135 3467 291 3532 μόνον
325 3467 420 3536 οὐχ
451 3468 671 3538 ἥρπασε
707 3467 774 3521 τά
800 3468 1023 3538 ἐτέρων,
1068 3466 1206 3520 ἀλλά
1241 3467 1333 3519 καὶ
1365 3467 1432 3519 τά
1463 3468 1636 3519 οίκεῖα
1679 3477 1704 3505 ιι

131 3553 368 3626 ίὲδίόουῘ.
400 3559 495 3608 καὶ
537 3556 733 3624 λιμένα
772 3558 885 3618 τοῖς
913 3556 1082 3622 ξένοις
1113 3556 1530 3619 κατεσκεύαζεν,
1567 3554 1707 3608 οὕτω

128 3641 326 3708 λέγων·
372 3644 434 3698 Ἠ
475 3645 633 3696 οἰκία
678 3661 797 3710 μου
832 3643 1013 3696 παντὶ
1056 3643 1207 3707 ξένφ
1265 3642 1414 3714 [151]
1469 3643 1707 3695 ἐλθόντι

129 3731 406 3793 ὴνὲῳκτο.
451 3732 562 3782 Καὶ
610 3735 636 3783 6
677 3731 930 3800 Ἀϐραὰμ
976 3730 1204 3783 πλοῦτον
1248 3731 1502 3783 τοσοῦτον
1544 3729 1702 3798 ἔχων,

126 3823 232 3880 τοῖς
272 3819 526 3889 παριοῦσι
556 3821 731 3873 πάντα
755 3820 994 3873 ἐδαπάνα
1018 3836 1029 3848 ·
1065 3821 1158 3873 x0).
1187 3818 1307 3873 οὔτε
1344 3819 1552 3883 τοῦτον,
1581 3819 1704 3872 οὔτε

128 3908 329 3960 ἐκεῖνον
369 3909 700 3976 πλεονέκτην
737 3911 763 3960 6
798 3907 1025 3971 πλοῦτος
1055 3908 1325 3977 ἐποίησεν,
1361 3909 1549 3978 ὥσπερ
1586 3909 1703 3962 οὐδὲ

137 3995 454 4065 βλάσἊμον
488 3994 612 4046 οὐτε
644 3998 871 4057 ἐκεῖνον,
899 3995 1024 4048 οὔτε
1051 3996 1141 4048 τὸν
1170 3995 1418 4065 Λάζαρον
1449 3999 1479 4066 ή
1511 3998 1699 4050 πενία·

127 4083 233 4132 ἀλλ’
279 4083 420 4135 οὕτω
457 4081 756 4151 διέλαμψαν
801 4083 1071 4152 ἑκάτεροι,
1108 4083 1242 4154 μηδέ
1278 4087 1375 4154 τῆς
1403 4085 1702 4150 ἀναγκαίας

131 4169 486 4238 εὐποροῦντες
514 4174 744 4240 τροφῆς,
769 4173 845 4233 ὡς
877 4171 968 4222 τὸν
1001 4171 1097 4239 μὲν
1146 4171 1293 4240 παρὰ
1323 4171 1412 4222 τοῦ
1449 4170 1581 4223 Θεοῦ
1619 4170 1702 4223 δέ·

128 4256 315 4319 ξασθαι
345 4257 442 4325 ’τὴ-Ι
477 4258 800 4327 μαρτυρίαν,
830 4256 923 4310 τοῦ
950 4257 1014 4310 τὰ
1046 4258 1333 4329 ἀπόρρητα
1360 4258 1544 4325 σαφῶς
1575 4258 1704 4310 εἰδόο

125 4359 208 4405 τος
231 4361 244 4373 ·
283 4344 370 4395 τὸν
404 4345 460 4396 δὲ
489 4345 594 4397 ὐπὸ
623 4345 731 4396 τῶν
779 4345 1024 4413 ἀγγέλων
1060 4345 1482 4415 προηγουμένων
1531 4344 1702 4409 οὕτως

126 4430 374 4483 ἐντεῦθεν
408 4431 797 4498 ἀπενεχθῆναι,
831 4432 923 4484 καὶ
957 4431 1258 4502 ὁμόσκηνον
1285 4432 1362 4502 τῷ
1391 4433 1702 4504 πατριάρχῃ

127 4520 394 4583 γενέσθαι,
450 4522 544 4573 καὶ
588 4521 694 4573 τῶν
743 4521 964 4587 ἀγαθῶν
994 4521 1308 4588 ἀπολαύειν,
1348 4516 1422 4574 ὧν
1476 4526 1697 4585 ἐκεῖνος.

131 4608 266 4674 Ἀρα
321 4606 427 4658 τῶν
480 4608 659 4675 μέσων
698 4608 872 4660 ταῦτά
918 4610 1051 4669 ἐστι,
1112 4609 1267 4662 πενία
1313 4611 1404 4662 καὶ
1453 4611 1698 4676 πλοῦτος,

130 4693 307 4755 ὑγίεια
328 4695 416 4744 καὶ
440 4694 613 4754 νόσος,
651 4694 743 4746 καὶ
777 4694 891 4762 ζωὴ
917 4697 1010 4746 καὶ
1037 4695 1283 4757 θάνατος,
1300 4695 1430 4759 δόξα
1443 4697 1698 4766 καὶτιμή,

125 4779 336 4831 δουλεία
366 4781 456 4831 καὶ
507 4779 806 4848 ἐλευθερία,
854 4779 947 4831 καὶ
986 4780 1084 4832 ὅσα
1107 4781 1331 4833 τοιαῦτα
1354 4800 1366 4812 ·
1399 4784 1458 4832 οὐ
1492 4781 1600 4851 γάρ
1624 4785 1702 4835 δεῖ

126 4868 298 4918 πάντα
337 4866 564 4922 ἐπιέναι,
597 4864 737 4917 ὥστε
769 4866 841 4934 μὴ
874 4866 1134 4935 μηκύνειν
1161 4867 1250 4918 τὸν
1279 4869 1452 4934 λόγον,
1485 4869 1617 4921 ἀλλὰ
1642 4871 1699 4921 ἐν

124 4954 330 5014 τούτοις
380 4953 686 5020 παρέχοντα
721 4953 849 5021 ὑμῖν
884 4953 1157 5022 ἀφορμὰς,
1208 4956 1300 5006 ἐπὶ
1333 4957 1401 5007 τά
1451 4956 1700 5008 κατεπεί-

125 5057 292 5102 γοντα
331 5039 581 5105 βαδίζειν.
625 5038 800 5093 Δίδου
841 5041 970 5110 γὰρ,
1004 5042 1153 5109 φησι,
1201 5043 1371 5109 σοφῷ
1397 5043 1694 5110 ἀφορμὴν,

125 5126 217 5178 καὶ
249 5127 589 5194 σοφώτερος
614 5125 806 5180 ἔσται.
848 5127 988 5197 Ἀρα
1018 5128 1124 5179 τῶν
1161 5130 1340 5197 μέσων
1384 5129 1556 5182 ταῦτά
1585 5133 1698 5184 ἐστι

126 5215 326 5276 πάντα,
355 5215 427 5277 ὡς
475 5215 683 5276 τούτοις
715 5215 809 5266 καὶ
837 5217 914 5277 εἰς
959 5216 1140 5281 καλὸν,
1179 5219 1270 5270 καὶ
1313 5221 1388 5280 εἰς
1429 5220 1615 5284 κακὸν,
1651 5222 1696 5272 οἱ

126 5301 394 5370 χρώμενοι
424 5302 654 5355 δύναιντ’
699 5302 761 5354 άν
813 5303 862 5354 1³.
903 5304 1020 5355 Ὅτι
1057 5304 1165 5374 γὰρ
1211 5305 1318 5358 τῶν
1370 5309 1547 5375 μέσων
1585 5310 1698 5359 ἐστὶ

121 5391 318 5452 ταῦτα,
361 5386 436 5444 ὧν
475 5394 502 5443 6
551 5391 799 5454 πλοῦτος,
836 5391 1032 5454 ἔδειξεν
1075 5396 1103 5444 6
1158 5394 1424 5463 Ἁϐραάμ,
1462 5397 1539 5456 εἰς
1581 5395 1696 5446 δέον

178 5582 202 5606 ι
224 5576 443 5624 Verbum
472 5577 626 5624 ἐδίδου
664 5576 796 5624 inter
817 5575 939 5623 duos
975 5577 1179 5624 uncinos
1215 5579 1481 5638 posuimus,
1508 5584 1561 5626 ut
1583 5591 1698 5626 con-

119 5639 303 5695 jectura
324 5641 532 5700 positum
551 5641 932 5700 declarargmus.

175 5700 203 5737 δ
227 5697 436 5769 Savi'lius
460 5706 598 5769 pugn
623 5698 890 5769 lqggndum
911 5697 1088 5769 καὶ-είς
1108 5699 1258 5769 κακον
1273 5701 1696 5769 χρῆσθαιλδύναιντθ

117 5759 184 5815 ἄν,
212 5768 265 5809 el.
294 5774 408 5809 vere
449 5758 630 5810 melius
654 5758 884 5809 haberet:
929 5758 1016 5808 sed
1056 5772 1169 5808 mss.
1196 5758 1418 5811 des'iiluli
1443 5763 1562 5811 nihil
1590 5776 1695 5812 mu-

119 5827 215 5871 tare
242 5823 489 5873 audemus.

790 345 856 400 IN
897 345 1103 403 ILLUD
1141 346 1371 416 ISAIE,
1412 351 1549 410 EGO
1579 347 1892 405 DOMINUS
1937 348 2118 406 DEUS
2157 349 2308 408 FECI
2342 352 2601 420 LUMEN,
2635 354 2788 410 E'I'C.

1837 463 1984 534 αὐτῷ
2012 465 2372 535 χρησάμενος.
2413 469 2620 536 Ἐδειξε
2640 470 2695 523 δὲ
2729 471 2820 524 καὶ
2849 471 2941 526 ἐπὶ
2977 471 3070 524 τοῦ
3101 473 3354 546 Λαζάρου
3381 483 3410 534 6

1839 549 2108 616 πλούσιος,
2147 554 2239 606 ἐπὶ
2272 555 2513 626 ἀπωλείᾳ
2560 558 2660 626 τῆς
2695 560 2890 613 ἑαυτοῦ
2924 562 3165 632 κεφαλῆς
3188 566 3257 617 τὰ
3281 566 3410 620 ὄντα

1833 640 2169 710 δαπανήσας.
2211 641 2348 694 Οὔτε
2384 640 2477 696 οὖν
2503 645 2665 698 καλὸν
2706 649 2894 712 ἁπλῶς
2923 652 2952 703 6
2991 651 3240 717 πλοῦτος,
3282 653 3407 708 οὐτε

1837 726 2028 781 κακόν..
2059 728 2122 780 El
2153 729 2316 782 καλὸν
2346 725 2415 801 ἧν
2452 732 2656 797 ἁπλῶς,
2691 735 2805 788 ἀλλ’
2846 737 2968 806 οὐχὶ
3003 739 3190 808 μέσον,
3219 741 3316 794 οὐκ
3341 742 3408 795 ἀν

1838 818 1866 867 ὁ
1893 817 1984 868 ἐπὶ
2011 816 2104 869 τοῦ
2135 817 2383 890 Λαζάρου
2428 821 2682 886 πλούσιος
2720 824 2944 880 τοιαῦτα
2985 827 3271 892 ἐκολάζετο
3293 844 3307 860 ⁸
3356 832 3408 883 εἰ

1833 905 2004 957 κακὸν
2029 901 2118 974 ἦν,
2150 906 2249 960 οὐκ
2279 907 2345 960 ἂν
2395 909 2645 979 Ἀϐραὰμ
2679 911 2847 976 οὕτως
2893 914 3216 985 εὐδοκίμησε
3251 916 3408 969 πλού-

1833 1007 1943 1053 σιος
1968 991 2064 1045 ὧν.
2094 993 2346 1048 Τοιοῦτόν
2375 1013 2426 1046 τι
2451 998 2599 1066 καὶὴ
2631 997 2783 1062 νόσος
2808 999 2971 1052 ἐστίν.
3007 1002 3070 1054 Εί
3101 1003 3208 1072 γάρ
3236 1008 3406 1056 κακὸν

1827 1074 1895 1150 ἦν
1932 1083 1964 1151 ἡ
1991 1081 2170 1150 νόσος,
2196 1082 2301 1135 ἔδει
2328 1085 2421 1138 καὶ
2440 1085 2628 1139 τοῦτον
2658 1097 2679 1125 ε
2706 1087 2873 1141 κακὸν
2900 1085 3038 1143 εῖναι
3070 1092 3161 1144 τὸν
3189 1092 3402 1162 ἔχοντα.

1833 1168 1975 1237 ’Ᾱρα
2006 1169 2099 1221 καὶ
2130 1169 2391 1241 Τιμόθεος
2418 1172 2643 1243 ἔμελλεν
2671 1171 2810 1229 εἶναι
2838 1177 2977 1230 κατά
3008 1178 3166 1232 τοῦτο
3212 1181 3401 1244 κακὸς,
3431 1245 3434 1248 Α

1828 1254 2028 1326 ἐσχάτῃ
2063 1257 2201 1327 νόσῳ
2236 1257 2499 1312 παλαίων.
2547 1262 2700 1328 Οἵνῳ
2733 1262 2840 1331 γὰρ
2871 1265 3053 1334 ὀλίγῳ
3073 1264 3214 1333 χρῶ,
3247 1269 3400 1338 φησὶ,

1827 1341 1922 1394 διὰ
1944 1343 2051 1396 τὸν
2078 1345 2385 1413 στόμαχον
2414 1362 2551 1412 σου,
2575 1350 2671 1401 καί
2701 1350 2807 1416 τὰς
2835 1351 3068 1418 πυκνάς
3093 1371 3208 1409 σου
3227 1356 3404 1409 ἀσθε-

1826 1430 2010 1494 νείας.
2045 1431 2106 1484 El
2144 1431 2200 1484 δὲ
2230 1432 2287 1483 οὐ
2322 1432 2480 1502 μόνον
2531 1435 2699 1499 κακὸς
2732 1437 2829 1490 οὐκ
2857 1432 2923 1509 ἦν
2952 1439 3230 1503 ἐντεῦθεν,
3269 1442 3403 1496 ἀλλὰ

1827 1516 1918 1568 καὶ
1943 1517 2138 1570 πολλοῦ
2165 1517 2356 1588 μισθοῦ
2373 1521 2690 1593 προσθήκην
2708 1523 3000 1594 ἐλάμϐανε,
3023 1530 3283 1593 γενναίως
3305 1530 3403 1601 τὴν

1824 1603 2132 1672 ἀρρωστίαν
2171 1605 2416 1673 ἐνέγκας,
2459 1606 2680 1676 εὔδηλον
2719 1609 2800 1662 δτι
2833 1611 2894 1663 οὐ
2939 1612 3108 1665 κακὸν
3155 1615 3186 1684 ἡ
3226 1614 3398 1679 νόσος.

1825 1689 1934 1742 Καὶ
1956 1691 2041 1742 ἕτε
2052 1708 2140 1763 ρος
2162 1691 2218 1744 δὲ
2244 1694 2528 1764 προφήτης
2553 1694 2677 1758 τοὺς
2700 1696 3010 1767 ὀφθαλμοὺς
3036 1700 3206 1754 νοσῶν
3229 1701 3402 1755 διετέ-

1824 1776 1905 1830 λει
1928 1796 1940 1808 ·
1969 1778 2085 1831 ἀλλ’
2106 1780 2166 1832 οὐ
2196 1779 2335 1833 κατὰ
2365 1780 2522 1833 τοῦτο
2541 1782 2730 1847 κακὸς,
2754 1782 2891 1836 ἀλλά
2913 1783 3005 1837 καὶ
3034 1789 3396 1857 προεφήτευε,

1829 1867 1925 1919 καὶ
1954 1867 2020 1920 τά
2043 1867 2305 1938 μέλλοντα
2330 1869 2601 1941 προεώρα,
2633 1873 2727 1924 καὶ
2757 1871 2908 1925 οὐδὲν
2939 1873 2971 1940 ἡ
2999 1873 3151 1936 νόσος
3184 1875 3264 1937 είς
3297 1877 3398 1944 τὴν

1827 1954 2026 2025 ἀρετήν
2065 1957 2277 2024 ἐγένετο
2311 1955 2557 2027 κώλυμα.
2604 1957 2742 2010 Ἀλλ’
2769 1957 2889 2011 οὐδὲ
2928 1961 2961 2028 ἠ
2992 1959 3173 2027 ὑγίεια
3212 1961 3399 2025 ἁπλῶς

1825 2043 2011 2105 καλὸν,
2047 2043 2112 2097 ἂν
2145 2047 2217 2116 μή
2252 2063 2332 2108 τις
2366 2047 2446 2109 εἰς
2467 2046 2585 2100 δέον
2614 2049 2955 2117 κεχρημένος
2986 2049 3123 2119 αὐτῇ
3148 2051 3255 2119 εἴη.
3279 2051 3396 2104 ἀλλ’

1821 2133 1902 2193 είς
1926 2132 2187 2202 ἐργασίαν
2215 2134 2476 2205 πονηρὰν,
2495 2134 2526 2204 ἢ
2548 2138 2626 2198 είς
2650 2136 2847 2206 ἀργίαν
2872 2135 3125 2204 ἀνόητον·
3147 2137 3267 2190 οὐδὲ
3290 2137 3398 2209 γὰρ

1818 2218 1976 2271 τοῦτο
2019 2219 2330 2274 ἀνεύθυνον.
2362 2223 2453 2274 Διὸ
2477 2221 2571 2274 καὶ
2595 2224 2622 2274 6
2662 2221 2872 2284 Παῦλος
2905 2222 3090 2291 ἔλεγεν
3116 2237 3131 2254 ⁸
3196 2223 3270 2278 El
3308 2243 3398 2290 uc

1817 2307 1889 2358 οὺ
1929 2306 2087 2361 θέλει
2128 2307 2488 2376 εργύζεσθαι,
2530 2307 2682 2378 μηδὲ
2709 2310 2974 2365 ἐσθιέτω.
3031 2309 3191 2364 Ἀλλὰ
3222 2311 3397 2364 ταῦτα

1817 2391 1924 2444 τῶν
1961 2393 2140 2461 μέσων
2173 2395 2322 2458 ἐστὶ,
2376 2399 2526 2466 παρά
2576 2396 2701 2458 τοὺς
2762 2397 3079 2465 χρωμένους
3128 2397 3258 2450 ποτὲ
3298 2397 3398 2467 μὲν

1823 2479 2002 2543 τοῦτο,
2045 2481 2175 2533 ποτὲ
2203 2483 2261 2535 δὲ
2298 2485 2472 2535 ἐκεῖνο
2509 2484 2768 2551 γινόμενα
2789 2484 2837 2535 ά.
2872 2485 2981 2538 Καὶ
3011 2483 3066 2536 τί
3097 2484 3178 2536 δεῖ
3219 2484 3396 2551 λέγειν

1815 2563 2044 2630 ὑγίειαν,
2087 2567 2181 2617 καὶ
2217 2567 2388 2631 νόσον,
2426 2569 2520 2620 καὶ
2558 2568 2807 2630 πλοῦτον,
2858 2571 2954 2622 καὶ
2994 2569 3220 2635 πενίαν;
3253 2571 3396 2625 Αὐτὸ

1812 2651 1921 2720 γὰρ
1951 2652 2127 2719 τοῦτο,
2161 2653 2188 2706 ὃ
2210 2655 2486 2718 δοκεῖτοῖς
2513 2656 2724 2719 πολλοίς
2754 2651 2892 2711 εἶναι
2918 2658 3028 2711 τῶν
3053 2658 3274 2726 ἀγαθῶν
3300 2676 3394 2712 κε-

1819 2739 2069 2805 φάλαιον,
2096 2742 2317 2794 καὶτῶν
2340 2741 2526 2795 κακῶν
2549 2745 2576 2796 6
2607 2743 2868 2811 κολοφὼν,
2903 2746 2930 2798 6
2954 2745 3199 2809 θάνατος,
3229 2745 3392 2815 λέγω,

1815 2827 1909 2878 καὶ
1941 2830 1971 2897 ἡ
2007 2827 2142 2898 ζωὴ,
2170 2830 2289 2882 οὐδέ
2313 2829 2482 2883 ταῦτα
2517 2831 2702 2894 ἁπλῶς
2729 2832 2902 2892 ἔσται,
2935 2831 3072 2885 ἀλλὰ
3101 2833 3196 2886 καὶ
3222 2833 3396 2887 ταῦτα

1815 2913 1968 2993 [152]
1999 2916 2106 2969 τῶν
2151 2917 2350 2984 μέσων,
2391 2917 2538 2988 παρὰ
2566 2919 2664 2988 τὴν
2696 2918 2922 2990 γνώμην
2960 2919 3069 2972 τῶν
3097 2919 3396 2990 χρωμένων

1812 3004 2046 3074 ἑκάτερα
2071 3005 2241 3057 ταῦτα
2263 3007 2540 3075 γινόμενα.
2565 3003 2689 3059 Οἴόν
2716 3025 2767 3058 τι
2799 3007 2940 3076 λέγω
2956 3024 2971 3038 ·
3002 3007 3062 3059 τὺ
3083 3006 3181 3077 ζῇν
3206 3005 3391 3068 καλὸν,

1812 3090 1938 3141 ὅταν
1972 3092 2052 3151 εἰς
2082 3090 2198 3143 δέον
2239 3091 2522 3160 χρώμενος
2563 3093 2712 3160 αὐτῷ
2751 3111 2832 3156 τις
2883 3095 3000 3160 εἴη’
3036 3095 3164 3148 ὅταν
3201 3094 3258 3146 δὲ
3311 3095 3394 3156 είς

1810 3177 2186 3245 ἁμαρτήματα
2224 3177 2317 3229 καὶ¹
2350 3179 2715 3248 παρανομίας,
2755 3180 2941 3231 οὐκέτι
2968 3179 3035 3233 ἂν
3077 3180 3160 3249 είη
3204 3179 3390 3246 καλὸν,

1811 3262 1945 3316 ἀλλὰ
1976 3261 2184 3330 βέλτιον
2201 3263 2291 3317 τὸν
2315 3265 2554 3317 τοιοῦτον
2574 3266 2912 3334 τελευτῆσαι.
2940 3267 3111 3320 Πάλιν
3130 3265 3160 3320 6
3179 3267 3392 3331 πολλοῖς

1813 3353 2044 3420 φευκτὸν
2067 3347 2202 3403 εἶναι
2232 3353 2396 3414 δοκεῖ,
2429 3354 2636 3421 μυρίων
2653 3351 2872 3419 ἀγαθῶν
2893 3353 3088 3420 γένοιτ’
3107 3353 3172 3406 ἂν
3198 3354 3389 3412 αἴτιον.

1812 3439 1937 3492 ὅταν
1983 3439 2161 3492 αἰτίαν
2195 3439 2292 3509 ἔχῃ
2333 3441 2429 3509 τὴν
2463 3442 2865 3509 προσήκουσαν.
2900 3442 3009 3493 Καὶ
3053 3441 3304 3512 δηλοῦσιν
3343 3441 3392 3494 οῑ

1813 3526 2104 3598 μάρτυρες,
2145 3527 2193 3578 οἳ
2219 3527 2434 3580 πάντων
2463 3528 2566 3578 εἰσὶ
2589 3527 2672 3579 διὰ
2702 3527 2800 3598 τὴν
2820 3527 3075 3599 τελευτὴν
3112 3527 3394 3598 μακαριώη

1809 3630 1978 3683 τεροι.
2026 3613 2122 3666 Διὰ
2154 3614 2217 3683 δὴ
2254 3613 2410 3666 τοῦτο
2447 3616 2473 3665 6
2523 3613 2731 3677 Παῦλος
2771 3615 2868 3684 οὐχ
2900 3615 3084 3677 ἁπλῶς
3126 3615 3391 3684 ἐπεθύμει

1815 3699 1914 3772 ζῇν
1934 3703 1991 3752 ἐν
2017 3700 2259 3771 Χριστῷ,
2280 3701 2393 3754 ἀλλ’
2416 3702 2603 3769 ἐπειδη
2622 3701 2778 3753 τοῦτο
2808 3700 2957 3771 αὐτῷ
2980 3700 3188 3768 καρπὸς
3204 3701 3386 3770 ἔργον.

1809 3787 1917 3841 Καὶ
1954 3790 2010 3840 τί
2033 3789 2351 3857 αἱρήσομαι
2400 3788 2528 3856 γὰρ,
2577 3790 2760 3857 φησὶν,
2807 3789 2877 3842 οὺ
2917 3787 3169 3856 γνωρίζω
3193 3807 3205 3820 ·
3243 3802 3392 3840 συν-

1808 3875 2016 3943 έχομαι
2051 3875 2118 3928 δὲ
2158 3877 2226 3929 ἐκ
2257 3875 2376 3928 τῶν
2419 3875 2527 3928 δύο
2550 3916 2564 3939 ,
2598 3877 2712 3941 τὴν
2743 3875 3064 3942 ἐπιθυμίαν
3099 3875 3255 3942 ἔχων
3283 3875 3391 3927 τοῦ

1807 3961 2110 4016 ἀναλῦσαι
2132 3963 2228 4016 καὶ
2250 3962 2371 4015 σὺν
2404 3961 2631 4028 Χριστῷ
2659 3958 2811 4014 εἶναι
2829 3979 2840 3990 ·
2861 3959 3072 4024 πολλῷ
3102 3961 3213 4028 γὰρ
3229 3959 3388 4030 μᾶλ-

1805 4052 1920 4101 λον
1945 4049 2259 4115 κρεῖσσον·
2294 4049 2360 4101 τὸ
2382 4047 2450 4100 δὲ
2471 4047 2766 4115 ἐπιμεῖναι
2793 4045 2866 4114 τῇ
2895 4046 3073 4114 σαρκὶ
3105 4047 3391 4116 ἀναγκαι-

1807 4138 2018 4203 ότερον
2046 4136 2120 4190 δι’
2159 4135 2335 4205 ὑμᾶς.
2378 4137 2475 4188 Διά
2501 4135 2565 4204 δὴ
2597 4136 2754 4188 τοῦτο
2790 4135 2884 4188 καὶ
2909 4137 2937 4188 6
2962 4130 3272 4206 Προφήτης,
3312 4135 3394 4188 Τίς

1800 4241 1937 4292 μιος
1984 4224 2262 4279 ἐναντίον
2291 4225 2513 4291 Κυρίου
2549 4226 2581 4276 ό
2610 4223 2866 4288 θάνατος
2908 4222 3028 4275 τῶν
3059 4223 3246 4275 ὁσίων
3283 4224 3390 4276 αὺ-

1808 4312 1914 4363 τοῦ
1938 4327 1950 4340 ·
1980 4311 2076 4380 οὐχ
2117 4311 2302 4374 ἁπλῶς
2331 4313 2358 4364 6
2389 4311 2638 4373 Θάνατος,
2671 4310 2784 4362 ἀλλ’
2818 4311 2845 4361 6
2891 4307 3094 4360 τοιόσδε
3137 4307 3387 4369 Θάνατος.

1810 4398 1922 4451 Καὶ
1959 4399 2118 4452 πάλιν
2148 4397 2403 4467 ἀλλαχοῦ,
2431 4397 2695 4460 Θάνατος
2718 4393 3082 4463 ἁμαρτωλῶν
3101 4395 3386 4460 πονηρός.

1824 4485 1984 4557 Ὁρᾷς
2016 4488 2110 4539 καὶ
2139 4486 2296 4538 τοῦτο
2328 4485 2434 4536 τῶν
2464 4483 2664 4552 μέσων,
2700 4485 2797 4550 οὐχ
2834 4481 3017 4542 ἁπλῶς
3042 4479 3227 4546 καλὸν,
3269 4481 3390 4533 οὐδὲ

1809 4574 1994 4636 ἁπλῶς
2027 4573 2214 4635 κακὸν,
2253 4572 2365 4624 ἀλλ’
2397 4571 2506 4622 ἀπὸ
2538 4570 2635 4639 τῆς
2670 4569 2892 4639 γνώμης
2917 4569 3023 4621 τῶν
3050 4569 3387 4638 ὑποδεχομέ-

1808 4679 1912 4712 νων
1943 4662 2071 4712 αὐτό
2098 4676 2110 4722 ;
2155 4659 2251 4711 Διά
2286 4658 2347 4728 δὴ
2377 4657 2536 4709 τοῦτο
2564 4658 2656 4708 καὶ
2695 4660 2722 4709 ὁ
2770 4656 3081 4724 σοφώτατος
3113 4656 3388 4727 Σολομὼν,

1808 4747 1867 4797 τὸ
1901 4748 2060 4815 μέσον
2095 4747 2299 4799 τούτων
2333 4747 2392 4797 τὸ
2425 4746 2698 4816 χρήσιμον
2738 4746 3076 4813 καταλέγων,
3108 4747 3203 4798 καλ¹
3234 4746 3388 4815 φιλο-

1811 4834 1992 4899 σοφῶν
2018 4833 2157 4902 ὑπὲρ
2181 4834 2380 4894 αὐτῶν,
2411 4834 2504 4884 καὶ
2525 4833 2737 4895 δεικνὺς
2764 4833 2845 4883 ὅτι
2871 4832 2967 4900 οὐχ
3005 4832 3187 4894 ἁπλῶς
3230 4831 3387 4883 τοῦτο

1806 4919 1988 4980 καλὸν,
2026 4921 2243 4973 κάκεῖνο
2278 4921 2468 4983 κακὸν,
2498 4919 2635 4973 άλλά
2671 4921 2804 4990 μετά
2838 4919 3032 4988 καιροῦ
3063 4918 3158 4970 τοῦ
3220 4935 3386 4988 προσ-

1806 5010 2028 5078 ήκοντος
2054 5009 2262 5076 γίνεται
2297 5011 2456 5072 καλὰ,
2489 5010 2589 5063 κᾶν
2609 5008 2842 5077 φορτικά
2868 5003 3006 5060 εἶναι
3025 5008 3154 5076 δοκῇ
3185 5017 3232 5070 ε,
3251 5007 3381 5058 ὅταν

1807 5097 1896 5150 τὸν
1933 5097 2122 5168 καιρὸν
2173 5099 2246 5168 μὴ
2286 5102 2382 5168 ἔχῃ
2430 5098 2519 5151 τὸν
2575 5096 2953 5166 προσήκοντα,
3015 5094 3229 5160 Καιρὸς
3278 5092 3385 5146 τοῦ

1804 5185 2086 5248 κλαῦσαι,
2109 5188 2203 5238 καὶ
2224 5186 2428 5251 καιρὸς
2451 5184 2556 5236 τοῦ
2582 5181 2851 5250 γελάσαι,
2867 5179 3040 5246 ἔλεγε,
3061 5180 3265 5248 καιρὸς
3278 5181 3384 5234 τοῦ

1805 5271 1998 5336 ζῆσαι,
2030 5273 2128 5324 καὶ
2155 5271 2357 5337 καιρὸς
2380 5268 2481 5322 τοῦ
2513 5267 2857 5320 ἀποθανεῖν.
2894 5267 3028 5318 Οὐδέ
3046 5267 3154 5338 γὰρ
3178 5285 3384 5321 παντα-

1787 5360 1896 5427 -χοῦ
1933 5363 1991 5412 τὸ
2021 5360 2240 5429 χαίρειν
2266 5358 2450 5421 καλὸν,
2481 5357 2594 5408 ἀλλ’
2625 5357 2770 5411 ἔστιν
2800 5358 2931 5410 ὅπου
2968 5356 3060 5409 καὶ
3084 5356 3344 5428 βλασερόν
3369 5373 3382 5386 ο

1866 5521 1885 5547 ε
1919 5517 2200 5578 Legendum
2226 5524 2358 5565 esset
2382 5517 2463 5563 καὶ
2490 5516 2682 5577 ταύτην,
2724 5517 2991 5565 secundum
3025 5514 3388 5577 glammalicam

1797 5591 2147 5718 εθὲιῗῐὲὅῆεῐα.
2165 5639 2227 5714 In
2446 5639 2714 5718 ειρωριξιιί
2733 5635 3260 5718 γινόμενονξθεεζναιιιιὲ

1865 5703 1888 5730 ⁸
1939 5701 2056 5748 Post
2077 5701 2192 5761 δοκῇ
2219 5702 2493 5749 addendum
2539 5703 2735 5750 videlur
2773 5701 2851 5748 καὶ
2884 5701 3159 5761 κακάηκάν
3202 5702 3388 5761 χρῆστα

1798 5763 1914 5811 εἶναι
1938 5764 2073 5830 δοκῇ..
2098 5759 2468 5825 γετὶείωὶξείιυθ
2491 5770 2561 5812 εει
2587 5765 2678 5812 hoc
2701 5764 2971 5813 membrum
2998 5759 3058 5806 δι’
3088 5759 3390 5818 «summm-

1796 5841 1876 5871 τον
1901 5835 2160 5873 εχςιαιεδρ.
