4130 6316
726 370 840 426 149

729 472 857 527 οὔτε
886 469 1162 541 πανταχοῦ
1197 469 1258 523 τὸ
1287 468 1473 538 ἀλγεῖν
1497 471 1679 535 καλὸν,
1715 469 1828 524 ἀλλ’
1860 467 2005 520 ἔστιν
2033 466 2167 520 ὅπου
2206 463 2299 518 καὶ

733 555 1030 623 θανάσιμον
1073 553 1169 610 καὶ
1202 551 1467 622 ὀλέθριον.
1509 554 1618 606 Καὶ
1655 551 1811 606 τοῦτο
1847 550 1977 604 αὐτὸ
2006 549 2165 602 πάλιν
2193 547 2300 600 δει-

732 639 865 700 κνὺς
893 639 922 690 6
948 635 1161 698 Παῦλος
1197 635 1419 704 ἔλεγεν·
1461 636 1521 690 'H
1549 636 1698 689 κατὰ
1746 633 1893 688 Θεὸν
1929 633 2092 698 ⁸λύπη
2130 629 2308 700 μετὰ·

729 736 902 774 νοιαν
933 721 1021 783 εἰς
1054 719 1356 784 σωτηρίαν
1383 718 1834 786 ἀμεταμέλητον
1867 712 2304 782 κατεργάζεταιο

732 803 769 869 ἠ
795 800 863 852 δὲ
887 800 993 854 τοῦ
1015 801 1247 868 κόσμου
1273 801 1434 866 λύπη
1459 799 1715 853 θάνατον
1742 795 2164 864 κατεργάζεται.

801 890 860 935 ε’.
915 884 1080 952 Ὁρᾷς
1109 882 1206 935 καὶ
1230 881 1390 936 τοῦτο
1412 883 1519 935 τῶν
1552 882 1732 952 μέσων
1759 880 1850 944 6v;
1882 876 2090 931 Οὐκοῦν
2127 875 2220 929 καί
2248 876 2308 928 τὸ

731 965 972 1019 ἐναντίον
999 965 1164 1019 αὑτοῦ
1195 964 1303 1017 τῶν
1337 964 1536 1034 μέσων,
1568 963 1623 1016 τὸ
1665 962 1874 1033 χαίρειν
1906 959 2070 1028 λέγω.
2107 958 2308 1028 Διόπερ

729 1050 829 1119 ούχ
854 1048 1041 1112 άπλῶς
1071 1048 1280 1119 χαίρειν
1302 1047 1604 1110 ἐκέλευσεν,
1625 1045 1759 1098 ἀλλὰ
1781 1045 1992 1113 χαίρειν
2021 1044 2078 1096 ἐν
2100 1040 2308 1110 Κυρίῳ.

745 1131 884 1184 Ἀλλ’
913 1133 941 1184 6
966 1130 1064 1201 μὲν
1092 1130 1201 1182 τῶν
1234 1129 1414 1199 μέσων
1441 1128 1596 1197 λόγος
1621 1127 1820 1190 ἱκανῶς
1850 1128 1980 1196 ἡμῖν
2002 1123 2305 1194 διευκρίνη-

730 1231 843 1276 ται,
873 1215 986 1282 εῐγε
1010 1214 1286 1282 ἀκροατάς
1310 1213 1422 1282 ἔχει
1455 1213 1846 1284 ’προσέχοντας⁸
1881 1209 2018 1262 ἰτέον
2036 1207 2094 1261 δὲ
2124 1206 2309 1259 λοιπὸν

732 1297 825 1350 ἐπὶ
851 1297 920 1348 τὰ
965 1297 1038 1366 μὴ
1068 1295 1228 1366 μέσα,
1263 1294 1398 1347 ἀλλὰ
1429 1295 1520 1346 ἐπὶ
1545 1294 1615 1346 τά
1642 1295 1802 1357 καλὰ,
1833 1292 1868 1346 ὃ.
1892 1291 1989 1346 οὐκ
2013 1290 2078 1344 ἂν
2100 1289 2308 1357 γένοιτο

730 1379 900 1441 κακά,
929 1379 1022 1431 καὶ
1042 1378 1132 1430 ἐπὶ
1153 1377 1220 1429 τά
1243 1377 1407 1438 κακά,
1439 1378 1474 1429 ἀ
1499 1378 1598 1428 οὐκ
1624 1377 1690 1430 ἂν
1708 1377 1915 1444 γένοιτο
1937 1373 2096 1426 καλά.
2126 1371 2307 1424 Ταῦτα

734 1465 832 1531 μὲν
868 1459 974 1531 γάρ
999 1461 1065 1514 τὰ
1098 1459 1365 1530 εἰρημένα
1399 1461 1528 1512 ποτέ
1566 1461 1664 1530 μὲν
1686 1459 1862 1520 τοῦτο,
1902 1457 2030 1512 ποτέ
2050 1455 2106 1507 δὲ
2132 1457 2306 1507 ἐκεῖνο

732 1544 968 1611 γίνεται·
1014 1539 1125 1597 οἷον
1169 1546 1196 1597 6
1241 1543 1469 1607 πλοῦτος
1518 1544 1650 1596 ποτὲ
1697 1544 1792 1613 μὲν
1824 1541 2015 1596 κακὸν.
2049 1541 2175 1592 ὃταν
2225 1540 2306 1603 εἰς

731 1627 1043 1691 πλεονεξίαν
1072 1627 1399 1691 δαπανᾶται,
1429 1628 1558 1680 ποτέ
1584 1628 1640 1680 δέ
1678 1627 1859 1691 καλὸν,
1890 1627 2017 1678 ὅταν
2043 1625 2122 1687 εἰς
2154 1621 2304 1692 ἐλεη-

733 1711 970 1781 μοσύνην
1005 1711 1359 1780 άναλίσκηται
1380 1729 1391 1741 ·
1424 1712 1518 1762 καὶ
1545 1711 1611 1763 τά
1639 1711 1771 1763 ἄλλα
1799 1707 2022 1760 τοιαῦτα
2045 1705 2185 1758 κατὰ
2215 1705 2307 1758 τὸν

730 1795 932 1847 κανόνα
957 1794 1168 1848 τοῦτον.
1205 1795 1357 1846 Ἔστι
1385 1795 1442 1846 δέ
1472 1811 1616 1856 τινα,
1651 1793 1686 1846 ά
1717 1794 1815 1845 ούκ
1848 1793 1911 1846 ἄν
1943 1808 2072 1844 ποτε
2095 1790 2306 1858 γένοιτο

731 1878 908 1928 κακά·
941 1876 1010 1928 τά
1038 1877 1114 1940 δέ,
1152 1877 1370 1929 ἐναντία
1406 1876 1635 1936 τούτοις,
1667 1876 1752 1926 ἀεὶ
1784 1873 1948 1936 κακὰ,
1978 1875 2071 1926 καὶ
2103 1872 2202 1926 οὐκ
2241 1873 2306 1926 ἄν

731 1977 860 2011 ποτε
893 1959 1105 2026 γένοιτο
1133 1959 1307 2012 καλά’
1356 1953 1465 2011 οἷον
1497 1958 1740 2020 ἀσέϐεια,
1774 1955 2108 2028 βλασφημία,
2145 1955 2306 2009 ἀσέλ-

730 2057 877 2108 γεια,
894 2039 1046 2112 μὸὅ]
1074 2041 1316 2110 ὠμότης,
1347 2040 1735 2111 άπανθρωπία,
1759 2039 2186 2111 γαστριμαργία,
2212 2038 2305 2091 καὶ

729 2125 829 2176 ὃσα
851 2123 1094 2177 τοιαῦτα.

802 2209 875 2259 Οὐ
908 2208 1052 2274 λέγω
1081 2209 1162 2260 ὅτι
1193 2208 1478 2278 ἄνθρωπος
1512 2206 1682 2270 κακὸς
1707 2207 1805 2260 οὐκ
1839 2207 1904 2260 ἄν
1935 2223 2064 2259 ποτε
2097 2206 2304 2274 γένοιτο

727 2289 914 2352 καλὸς,
947 2289 1068 2342 οὗτε
1113 2291 1274 2353 καλὸς
1303 2292 1402 2342 οὑκ
1440 2291 1504 2343 ἄν
1537 2307 1666 2342 ποτε
1695 2290 1908 2356 γένοιτο
1942 2289 2142 2351 κακός’
2187 2289 2302 2340 ἀλλ’

729 2373 810 2424 ὅτι
841 2372 982 2425 αὐτὰ
1020 2373 1089 2424 τὰ
1116 2373 1416 2444 πράγματα
1445 2374 1543 2424 οὐκ
1575 2373 1639 2425 ἄν
1678 2388 1805 2424 ποτε
1849 2372 2076 2440 γένοιτο.
2122 2371 2305 2424 Ταῦτα

734 2455 832 2524 μὲν
860 2455 968 2525 γάρ
1013 2455 1096 2525 εἴη
1129 2465 1154 2493 ⁸
1185 2457 1276 2508 ἐπὶ
1303 2456 1402 2524 τῆς
1442 2455 1646 2517 οἰκείας
1677 2456 1912 2518 τάξεως,
1948 2455 2016 2508 τά
2043 2472 2101 2506 τε
2140 2456 2299 2516 καλά,

731 2538 825 2590 καὶ
855 2539 924 2592 τὰ
955 2539 1102 2592 κακά
1125 2555 1138 2567 ·
1173 2541 1202 2591 6
1233 2539 1289 2590 δὲ
1327 2537 1632 2606 ἄνθρωπος,
1665 2539 1790 2590 ὅταν
1827 2537 1924 2606 μὲν
1967 2538 2149 2590 ἐκεῖνα
2187 2537 2304 2606 ἐλη-

729 2639 840 2682 ται,
896 2621 1079 2684 καλὸς,
1129 2623 1256 2674 ὅταν
1291 2622 1347 2673 δὲ
1384 2621 1619 2678 ἐναντία.
1675 2623 1858 2682 κακός.
1904 2619 2109 2673 Οὐκοῦν
2155 2623 2304 2688 τρεῖς

729 2698 891 2756 αὗται
925 2707 1112 2774 μοῖραι
1131 2721 1144 2734 ·
1177 2703 1245 2756 τὰ
1270 2704 1365 2772 μὲν
1389 2703 1496 2773 γὰρ
1517 2701 1658 2755 καλά
1685 2703 1784 2754 οὐκ
1808 2703 1873 2755 ἂν
1905 2703 2110 2770 γένοιτο
2137 2703 2300 2767 κακά,

729 2787 842 2844 οἷον
875 2790 1220 2862 σωφροσύνη,
1252 2790 1610 2859 ἐλεημοσύνη,
1645 2789 1737 2841 καὶ
1759 2790 1858 2841 ὅσα
1882 2787 2130 2840 τοιαῦτα·
2154 2790 2221 2840 τά
2248 2788 2303 2841 δὲ

731 2876 877 2927 κακά
903 2875 1002 2926 οὐκ
1024 2874 1088 2927 άν
1111 2890 1240 2926 ποτε
1268 2872 1474 2939 γένοιτο
1502 2872 1662 2930 καλά,
1688 2868 1798 2924 οἷον
1828 2871 2105 2938 ἀσέλγεια,
2130 2871 2301 2923 άπανο

732 2957 970 3028 θρωπία,
1027 2956 1278 3026 ὠμότηςο
1327 2955 1394 3006 τά
1427 2955 1481 3007 δέ
1525 2955 1655 3007 ποτὲ
1714 2955 1810 3025 μὲν
1839 2954 2016 3018 τοῦτο,
2070 2954 2198 3006 ποτὲ
2247 2953 2304 3007 δὲ

731 3042 910 3093 ἐκεῖνο
939 3039 1200 3109 γινόμενα
1228 3039 1278 3102 ι),
1308 3038 1457 3108 παρὰ
1484 3039 1581 3106 τὴν
1609 3037 1832 3108 γνώμην
1855 3038 1963 3089 τῶν
1985 3036 2300 3107 χρωμένων.

745 3125 802 3176 ’0
822 3124 1049 3186 πλοῦτος
1075 3122 1205 3176 ποτέ
1235 3124 1330 3193 μὲν
1362 3124 1469 3192 γάρ
1497 3125 1575 3186 εἰς
1606 3123 1914 3186 πλεονεξίαν
1935 3121 2302 3190 ὑπηρετεῖται.

732 3206 863 3257 ποτέ
891 3206 945 3258 δέ
971 3208 1050 3269 εἰς
1078 3205 1447 3275 ἐλεημοσύνην
1467 3223 1478 3234 ο
1504 3205 1637 3258 ἀλλὰ
1668 3205 1816 3274 παρὰ
1842 3205 1940 3274 τὴν
1964 3203 2188 3272 γνώμην
2211 3201 2303 3255 τοῦ

731 3287 1036 3356 χρωμένου.
1067 3287 1234 3339 Πενία
1268 3288 1396 3339 ποτέ
1436 3289 1533 3356 μὲν
1573 3291 1652 3349 εἰς
1689 3287 2058 3357 βλασφημίαν,
2088 3288 2215 3338 ποτέ
2250 3287 2306 3338 δὲ

733 3374 811 3433 εἰς
840 3370 1114 3439 εὐφημίαν
1142 3370 1236 3422 καὶ
1263 3370 1576 3437 φιλοσοφίαν
1618 3371 1991 3439 ὑπηρετεῖται.
2035 3369 2184 3421 Ἐἰτεί⁵
2214 3366 2305 3422 οὖν

734 3453 919 3506 πολλοὶ
949 3454 1056 3505 τῶν
1080 3454 1434 3522 ἀλογωτέρων
1470 3455 1585 3515 (ἐπὶ
1607 3453 1715 3522 γὰρ
1739 3452 1834 3522 τὴν
1857 3452 2008 3504 λύσιν
2045 3453 2180 3504 ἰτέον
2202 3452 2307 3504 λοι·

735 3536 860 3600 πὺν)
889 3538 950 3589 οὐ
977 3537 1043 3588 τὰ
1071 3538 1215 3590 κακά
1248 3537 1426 3606 μόνον,
1453 3536 1488 3589 ἃ.
1513 3538 1612 3588 οὐκ
1652 3537 1715 3589 ἄν
1747 3552 1876 3587 ποτε
1903 3536 2111 3602 γένοιτο
2143 3535 2302 3598 καλὰ,

733 3620 868 3671 ἀλλά
910 3622 999 3672 καὶ
1027 3620 1133 3672 τῶν
1159 3621 1338 3688 μέσων
1355 3620 1470 3672 ἐνια
1487 3619 1635 3671 κακὰ
1657 3617 1928 3682 καλοῦσιν,
1959 3613 2066 3671 οἷον
2095 3617 2302 3681 πενίαν,

731 3703 1128 3772 αἰχμαλωσίαν,
1160 3703 1424 3760 δουλείαν.
1461 3703 1606 3772 ἆπερ
1651 3701 1928 3770 ἐδείξαμεν
1956 3701 2015 3753 οὐ
2066 3701 2172 3753 τῶν
2211 3719 2307 3756 κα-

733 3785 866 3848 κῶν,
906 3785 1041 3837 ἀλλά
1081 3785 1188 3837 τῶν
1225 3786 1406 3853 μέσων
1442 3784 1599 3836 ὅνταο
1637 3785 1820 3835 πολλοὶ
1862 3783 1939 3846 δὲ,
1966 3785 2104 3852 ὅπερ
2138 3783 2306 3855 ἔφθην

732 3869 925 3930 εἰπὼν,
957 3867 1128 3921 ταῦτα
1173 3867 1314 3920 κακά
1352 3866 1626 3927 καλοῦσιν,
1655 3871 1753 3918 οὐκ
1785 3866 1914 3919 ὄντα
1956 3867 2100 3919 κακά
2125 3882 2137 3896 ·
2181 3869 2308 3937 περὶ

731 3943 805 4001 ῶν
839 3961 861 3988 ο
905 3953 934 4002 6
963 3951 1246 4020 προφήτης
1289 3950 1439 4019 φησὶ,
1482 3949 1590 4000 τῶν
1631 3947 1772 4001 κατὰ
1806 3949 1902 4018 τὴν
1940 3948 2047 4001 τῶν
2097 3949 2306 4002 πολλῶν

734 4035 992 4086 ὑπόνοιαν
1041 4033 1410 4102 καλουμένων,
1448 4034 1509 4085 οὑ
1550 4031 1662 4084 τῶν
1713 4032 1877 4095 δντως
1913 4031 2133 4085 κακῶν·
2179 4034 2306 4103 περί

734 4117 1132 4186 αἰχμαλωσίας,
1170 4118 1298 4184 περὶ
1350 4116 1609 4177 δουλείας,
1664 4115 1794 4184 περὶ
1831 4113 2012 4183 λιμοῦ,
2065 4115 2158 4168 καὶ
2207 4116 2308 4177 ὅσα

734 4196 978 4247 τοιαῦτα.
1019 4197 1141 4246 Ὅτι
1165 4194 1272 4263 γάρ
1306 4193 1477 4245 ταῦτα
1510 4195 1570 4245 οὑ
1613 4193 1777 4254 κακὰ,
1814 4193 1948 4245 ἀλλὰ
1982 4195 2074 4246 καὶ
2122 4195 2306 4247 κακῶν

735 4277 1074 4350 άναιρετικὰ,
1098 4278 1190 4330 τὸν
1212 4277 1367 4346 λιμὸν
1391 4277 1654 4346 πρότερον
1688 4278 1765 4333 εἰς
1794 4276 1955 4344 μέσον
1987 4277 2303 4346 ἀγάγωμεν,

734 4360 824 4414 τὸν
855 4363 987 4413 πᾶσι
1035 4361 1261 4428 φρικτὸν
1304 4360 1395 4411 καὶ
1435 4358 1665 4428 φοϐερὸν
1700 4353 1836 4409 εἶναι
1873 4359 2145 4412 δοκοῦντα.
2182 4361 2306 4423 Πῶς

731 4442 825 4498 οὖν
872 4446 931 4498 ού
965 4445 1151 4504 κακὸν,
1211 4442 1470 4511 μάνθανε,
1519 4444 1614 4495 καὶ
1672 4441 1921 4494 παιδεύου
1978 4441 2299 4510 φιλοσοφεῖν.

747 4529 939 4581 Ἦνίκα
981 4529 1088 4580 τῶν
1132 4527 1397 4598 Ἑϐραίων
1421 4529 1446 4578 6
1472 4526 1642 4594 δῆμος
1681 4527 1757 4587 εἰς
1796 4524 2019 4594 ἔσχατον
2054 4524 2302 4588 ἐξώκειλε

738 4612 1102 4680 παρανομίας,
1136 4613 1258 4664 τότε
1290 4611 1352 4679 δὴ
1374 4614 1401 4663 6
1432 4611 1604 4679 μέγας
1644 4608 1848 4672 Ἠλίας.
1889 4609 1980 4660 καὶ
2003 4607 2111 4660 τῶν
2139 4609 2302 4677 ούρα-

734 4693 838 4744 νῶν
876 4693 1043 4756 άξιος,
1079 4695 1106 4744 6
1144 4693 1462 4761 βουλόμενος
1494 4693 1591 4761 τὴν
1631 4695 1693 4743 ἐκ
1726 4691 1823 4758 τῆς
1857 4690 2125 4761 ῥᾳθυμίας
2153 4692 2303 4742 νόσον

735 4775 966 4836 ἀνελεῖν,
1015 4775 1106 4826 καὶ
1143 4773 1431 4841 διορθῶσαι
1461 4773 1681 4835 ταύτην,
1719 4773 1961 4842 ἐπήγαγε
1990 4774 2187 4840 λέγων’
2218 4777 2264 4826 Ζ
2270 4774 2304 4842 ᾖ

735 4861 975 4924 Κύριος,
1022 4850 1067 4921 ᾧ
1119 4855 1425 4922 παρέστην
1472 4855 1726 4908 ἐνώπιον
1779 4857 1983 4920 αὐτοῦ,
2035 4861 2086 4910 εἰ
2134 4859 2303 4912 ἔσται

739 4939 930 5004 ὑετὸς,
966 4942 1016 4992 εί
1035 4938 1119 5006 μὴ
1142 4936 1239 4989 διὰ
1264 4938 1560 5004 στόματός
1577 4953 1696 5002 μου
1713 4954 1727 4967 ·
1762 4939 1851 4988 καὶ
1881 4941 1908 4988 6
1934 4939 2184 5010 μηλωτὴν
2209 4941 2303 5008 μό-

733 5043 830 5093 νην
869 5023 1233 5091 κεκτημένος,
1279 5021 1365 5072 τὸν
1413 5019 1639 5088 οὐρανὸν
1697 5020 2017 5072 ἀπέκλεισε·
2067 5022 2301 5092 τοσαύτη

732 5110 1014 5178 παρρησία
1065 5105 1212 5173 αύτῷ
1251 5104 1385 5173 πρὸς
1415 5105 1503 5154 τὸν
1543 5103 1692 5154 Θεόν.
1736 5102 1896 5171 Ὁρᾷς
1937 5104 2017 5154 ὅτι
2045 5106 2103 5156 οὺ
2138 5105 2302 5156 κακὸν

728 5193 761 5261 ἡ
818 5189 1011 5254 πενία;
1053 5189 1167 5240 Οὐκ
1212 5189 1276 5240 ἂν
1313 5191 1339 5240 6
1383 5188 1598 5238 πάντων
1648 5185 1946 5255 ἀνθρώπων
1983 5188 2302 5257 πενέστερος

729 5270 996 5338 τοσαύτης
1036 5271 1312 5322 ἀπέλαυσε
1358 5270 1689 5338 παρρησίας,
1724 5267 1799 5329 ώς
1846 5269 2018 5337 χαμαὶ
2052 5269 2298 5339 βαδίζων,

731 5355 812 5408 ἐνὶ
864 5354 1010 5424 μόνῳ
1043 5353 1186 5422 λόγῳ
1214 5353 1481 5422 τοσαύτην
1520 5353 1670 5421 ίσχῦν
1703 5351 2086 5416 ἐπιδείξασθαι.
2121 5352 2302 5407 Εἰπὼν

793 5547 810 5569 ⁸
840 5548 889 5594 In
935 5560 1022 5594 ms.
1067 5544 1105 5592 εἰ
1133 5545 1335 5604 legitur;
1371 5544 1458 5590 sed
1500 5543 1648 5594 Savil.
1678 5543 1724 5591 in
1769 5555 1920 5606 marg.
1963 5543 2034 5601 εἴη
2057 5542 2300 5606 posuilex

728 5610 1024 5669 coanclura,
1045 5619 1189 5667 quam
1209 5611 1406 5669 secutus
1426 5615 1504 5652 est
1531 5608 1754 5669 Ducasfuﬁs.

791 5665 830 5709 δ’
846 5669 931 5717 Ms.
963 5665 1390 5728 ἰιιιδειγινόμενον,
1418 5671 1470 5714 ut
1489 5679 1651 5728 supra.
1677 5668 1787 5716 Mox
1809 5666 2075 5728 legendum
2109 5665 2303 5715 videtur

733 5729 940 5784 τοιοῦτος
961 5731 986 5777 6
1011 5731 1068 5775 π)
1078 5727 1228 5784 οὗτος.

791 5796 813 5824 ε
838 5789 988 5840 Savil.
1016 5797 1155 5852 putat
1181 5789 1442 5851 legendum
1461 5790 1563 5850 περὶ
1586 5789 1781 5838 τούτων.

1396 355 1454 412 S.
1494 351 1773 412 JOANNlS
1809 348 2296 410 CIIRYSOSTOMI
2335 348 2655 407 ARCHIEP.
2695 349 3237 409 CONSTANTINOP.

3879 367 3994 424 150

2406 467 2586 521 τοίνυν
2623 467 2798 532 τοῦτο,
2839 466 3083 538 ἐπήγαγε
3123 465 3304 537 λιμδν,
3349 465 3602 537 καθάπερ
3639 466 3988 538 παιδαγωγὸν

2410 557 2651 626 ἄριστον,
2691 556 2784 610 καὶ
2830 555 3125 627 διορθωτὴν
3150 554 3259 607 τῶν
3287 552 3591 626 γινομένων
3631 555 3818 608 κακῶν
3843 570 3856 584 ·
3887 556 3988 613 καὶ

2407 641 2658 712 καθάπερ
2700 642 2940 712 πυρετοῦ
2965 642 3168 712 λάϐρου
3192 643 3272 705 εἰς
3311 641 3474 711 σῶμα
3507 642 3858 711 ἐμπεσόντος.
3887 642 3989 694 καὶ

2407 729 2568 782 αὐταὶ
2595 729 2693 797 τῆς
2720 728 2826 797 γῆς
2841 731 2896 783 at
2926 729 3120 798 φλέϐες
3145 726 3608 798 ἀνεξηράνθησαν,
3631 728 3728 782 καὶ
3750 729 3986 799 χείμαρο

2410 819 2493 887 ροι
2542 815 2818 880 ἐπέλιπον,
2857 818 2954 871 καὶ
2983 816 3227 886 βοτάναι,
3263 818 3358 870 καί⁵
3391 817 3489 886 τῆς
3527 818 3630 887 γῆς
3667 817 3724 868 αἱ
3757 815 3986 883 λαγόνες

2408 902 2591 970 ἄγονοι
2618 903 2803 957 λοιπὸν
2829 899 2989 974 ἦσαν.
3018 904 3129 958 Καὶ
3153 902 3214 955 οὐ
3238 903 3408 973 μικρὰ
3428 902 3551 956 τότε
3571 905 3599 956 6
3625 903 3795 972 δῆμος
3818 905 3990 972 ἐκαρ-

2409 989 2652 1054 πώσατο,
2677 993 2776 1062 τῆς
2802 992 2982 1064 ῥύμης
3008 993 3107 1062 τῆς
3128 993 3219 1044 ἐπὶ
3241 991 3341 1062 τὴν
3376 990 3721 1061 παρανομίαν
3747 990 3990 1044 άπαλλα·

2408 1080 2545 1147 γείς,
2567 1079 2662 1133 καὶ
2685 1079 2990 1143 συσταλεὶς,
3013 1079 3106 1132 καὶ
3129 1079 3419 1149 γενόμενος
3440 1078 3867 1149 ἐπιεικέστερος,
3894 1077 3991 1130 καὶ

2406 1167 2483 1236 τῷ
2511 1169 2759 1241 προφήτῃ
2783 1167 3090 1240 χειροήθης.
3125 1167 3279 1239 [154]
3311 1168 3374 1220 Οἰ
3397 1165 3505 1238 γάρ
3537 1167 3672 1238 πρὸς
3697 1167 3765 1220 τὰ
3792 1165 3992 1219 εῐδωλα

2407 1253 2712 1326 τρέχοντες,
2734 1255 2828 1308 καὶ
2855 1254 2979 1318 τοὺς
3003 1253 3153 1317 υἱοὺς
3172 1254 3351 1308 αὐτῶν
3368 1254 3840 1321 κατασφάττοντες
3871 1255 3992 1316 τοῖς

2407 1341 2722 1412 δαιμονίοις,
2740 1334 2886 1394 οὗτοι
2917 1340 3186 1394 τοσούτων
3217 1341 3410 1412 ίερέων
3434 1342 3532 1412 τῆς
3558 1340 3707 1395 Βάαλ
3729 1343 3989 1411 ἀναιρου-

2412 1431 2617 1500 μένων,
2662 1430 2764 1484 οὒκ
2807 1430 3194 1500 ἐδυσχέραναν,
3248 1431 3348 1482 οὐκ
3399 1430 3810 1500 ἠγανάκτησαν,
3865 1429 3988 1483 ἀλλ’

2406 1519 2643 1588 ἧνεγκαν
2681 1521 2807 1588 σιγῇ
2837 1519 2930 1571 καὶ
2956 1516 3105 1588 φόϐῳ
3130 1517 3191 1571 τὺ
3229 1515 3532 1588 γινόμενον,
3559 1516 3668 1570 άπὸ
3700 1516 3793 1571 τοῦ
3822 1514 3988 1587 λιμοῦ

2410 1605 2651 1676 βελτίους
2675 1606 2980 1678 γενόμενοι.

2481 1735 2553 1793 ς’.
2592 1729 2752 1802 Ὁρᾷς
2774 1731 2850 1793 ὡς
2871 1729 2930 1783 οὐ
2958 1728 3117 1800 μόνον
3137 1726 3247 1801 [οὐ]
3271 1729 3439 1780 κακὸν
3462 1727 3491 1780 6
3519 1725 3696 1797 λιμὸς,
3721 1724 3860 1779 ἀλλὰ
3891 1725 3989 1780 καὶ

2407 1815 2593 1870 κακῶν
2632 1815 2992 1886 ἀναιρετικδς,
3023 1816 3082 1867 ἐν
3106 1813 3257 1880 τάξει
3289 1813 3579 1884 φαρμάκου
3600 1813 3668 1867 τά
3699 1814 3988 1882 νοσήματα

2405 1901 2839 1972 διορθωσάμενος
2862 1920 2877 1968 ;
2903 1902 2966 1955 Εἰ
2999 1902 3094 1956 καὶ
3121 1901 3218 1973 τὴν
3259 1901 3634 1972 αἰχμαλωσίαν
3663 1901 3832 1972 αὐτὴν
3868 1900 3987 1971 βού-

2405 1988 2486 2041 λει
2515 1989 2542 2028 ἀ
2581 1989 2706 2042 ἰδεῖν
2743 1990 2802 2042 οὐ
2830 1990 2936 2042 τῶν
2972 1987 3159 2042 κακῶν
3203 1984 3389 2050 οὖσαν,
3420 1988 3671 2056 ἐννόησον
3704 1988 3846 2051 τίνες
3885 1987 3988 2057 μὲν

2405 2071 2543 2147 ἦσαν
2582 2077 2631 2129 οί
2683 2076 2920 2130 Ἰουδαῖοι
2951 2076 3056 2144 πρὸ
3095 2077 3190 2143 τῆς
3219 2075 3616 2145 αἰχμαλωσίας,
3655 2075 3798 2138 τίνες
3841 2076 3900 2129 δέ
3927 2077 3989 2128 ἐν

2404 2164 2469 2232 τῇ
2505 2161 2872 2232 αἰχμαλωσίᾳ,
2929 2161 3017 2214 ἵνα
3066 2161 3242 2235 μάθῃς
3294 2162 3374 2214 ὃτι
3422 2161 3543 2214 οῦτε
3609 2163 3643 2232 ἡ
3698 2163 3989 2232 ἐλευθερία

2405 2249 2591 2312 ἁπλῶς
2623 2249 2807 2310 καλὸν,
2843 2247 2967 2302 οὔτε
2998 2251 3031 2319 ἡ
3075 2249 3422 2319 αἰχμαλωσία
3456 2250 3646 2303 κακόν.
3681 2249 3849 2302 Ὅταν
3884 2249 3988 2319 μὲν

2402 2338 2511 2406 γὰρ
2542 2332 2683 2405 ἦσαν
2728 2337 2786 2389 ἐν
2821 2335 3122 2405 ἐλευθερίᾳ,
3174 2336 3268 2389 καὶ
3303 2336 3399 2407 τὴν
3434 2337 3669 2407 πατρίδα
3707 2333 3849 2406 εἶχον
3885 2335 3989 2406 τὴν

2403 2423 2632 2485 ἐαυτῶν,
2664 2421 2888 2476 τοιαῦτα
2917 2422 3204 2493 ἔπραττον,
3233 2422 3308 2484 ὡς
3336 2422 3457 2475 καθ’
3489 2423 3726 2494 ἐκάστην
3768 2424 3990 2494 ἡμέραν

2402 2511 2527 2574 τοὺς
2556 2511 2838 2581 προφήτας
2860 2508 3037 2563 αὐτῶν
3052 2507 3348 2579 καταϐοᾷν,
3377 2509 3484 2562 τῶν
3506 2510 3684 2579 νόμων
3708 2511 3991 2580 πατουμέ-

2403 2617 2530 2666 νων,
2567 2600 2662 2654 καί
2691 2598 2798 2652 τῶν
2827 2598 3060 2652 εἰδώλων
3091 2598 3604 2669 προσκυνουμένων,
3638 2599 3731 2652 καὶ
3767 2599 3878 2651 τῶν
3901 2601 3988 2652 ἐν-

2402 2687 2572 2740 τολῶν
2605 2685 2698 2739 τοῦ
2732 2686 2867 2739 Θεοῦ
2918 2686 3338 2757 παραϐαθεισῶν
3372 2697 3429 2724 θ·
3460 2685 3649 2754 ἐπειδὴ
3681 2687 3737 2739 δὲ
3770 2686 3983 2752 άπηνέυ

2403 2775 2609 2845 χθησαν
2635 2777 2714 2837 είς
2741 2775 2842 2844 γῆν
2881 2775 3187 2845 ἀλλοτρίαν,
3224 2775 3316 2827 καὶ
3347 2776 3405 2826 ἐν
3454 2776 3518 2844 τῇ
3552 2774 3662 2827 τῶν
3690 2773 3983 2845 βαρϐάρων

2402 2862 2555 2931 χώρᾳ
2603 2860 2893 2930 διέτριϐον,
2932 2860 3074 2914 οῦτω
3119 2861 3544 2932 συνεστάλησαν,
3592 2861 3686 2914 καὶ
3739 2860 3988 2930 βελτίους

2404 2949 2672 3016 ἐγένοντο,
2722 2947 2819 3000 καὶ
2854 2946 2948 3000 τοῦ
2979 2948 3145 3018 νόμου
3191 2948 3451 3016 φύλακες,
3498 2948 3573 3013 ῶς
3611 2947 3757 3003 ἐστιν
3792 2951 3860 3003 ἐκ
3891 2950 3990 3003 τοῦ

2401 3033 2616 3104 ψαλμοῦ
2645 3033 2802 3087 τοῦτο
2821 3033 3029 3104 μαθεῖν,
3055 3033 3114 3087 ὃν
3145 3034 3442 3103 ἀναγκαῖον
3468 3037 3548 3098 εἰς
3577 3037 3740 3106 μέσον
3755 3037 3992 3104 ἀγαγεῖν

2405 3123 2664 3193 σήμερον.
2714 3122 2800 3174 ἵνα
2838 3120 3044 3191 μάθητε
3074 3121 3173 3190 τῆς
3214 3121 3593 3192 αἰχμαλωσίας
3623 3123 3714 3176 τὸν
3745 3124 3987 3194 καρπόν.

2404 3211 2498 3273 Τίς
2534 3209 2592 3262 δέ
2625 3211 2772 3263 ἐστιν
2801 3210 2830 3262 6
2875 3209 3123 3278 ψαλμός;
3175 3210 3302 3263 Ἐπί
3330 3210 3449 3263 τῶν
3484 3210 3766 3280 ,ποταμῶν
3791 3212 3994 3266 Βαϐυ-

2402 3297 2599 3362 λῶνος
2625 3295 2756 3350 ἐκεῖ
2777 3297 3172 3366 ἐκαθίσαμεν,
3215 3297 3316 3350 καί
3357 3299 3746 3368 ἐκλαύσαμεν
3787 3300 3860 3352 ὲν
3905 3296 3995 3364 τῷ

2399 3381 2750 3451 μνησθῆναι
2796 3381 2955 3448 ἡμᾶς
2999 3382 3111 3448 τῆς
3143 3383 3314 3436 Σιών.
3361 3386 3484 3438 Ἐπί
3529 3386 3658 3444 ταῖς
3693 3385 3876 3451 ίτέαις
3918 3387 3997 3440 ἐν

2398 3470 2567 3537 μέσῳ
2603 3468 2794 3535 αὐτῆς
2840 3467 3253 3537 ὲκρεμὰσαμεν
3275 3470 3348 3522 τὰ
3373 3471 3596 3537 ὄργανα
3631 3471 3821 3539 ἡμῶν.
3850 3472 3992 3525 Ὅτι

2403 3555 2531 3610 ἐκεῖ
2542 3555 3103 3624 ἐπηρώτησανὴμᾶς
3126 3561 3180 3610 οἱ
3206 3560 3805 3625 αίχμιιλωτεύσαντες
3826 3561 3994 3628 ἡμᾶς

2403 3646 2624 3711 λόγους
2645 3640 2834 3706 ᾠδῶν,
2850 3641 3132 3709 ,λέγοντες
3152 3658 3166 3671 ·
3193 3644 3414 3710 ’ᾼσατε
3432 3643 3574 3711 ἡμῖν
3591 3643 3659 3696 ἐκ
3674 3641 3794 3697 τῶν
3812 3645 3992 3709 ᾠδῶν

2408 3732 2577 3785 Σιὼν.
2600 3727 2733 3795 Πῶς
2758 3728 2999 3798 ᾷσωμεν
3030 3728 3145 3796 τὴν
3166 3728 3330 3797 ᾠδὴν
3352 3732 3574 3796 Κυρίου
3596 3730 3694 3783 ἐπὶ
3729 3732 3845 3800 γῆς
3877 3734 3991 3787 άλ-

2406 3819 2685 3885 λοτρίας;
2712 3813 2862 3880 Εἶδες
2885 3817 3002 3880 πῶς
3031 3818 3228 3878 αὐτοὺς
3265 3818 3602 3871 συνέστειλεν
3636 3820 3669 3889 ή
3702 3820 3991 3890 αἰχμαλω-

2409 3904 2535 3968 σίας
2571 3905 2681 3974 Πρὸ
2730 3904 2826 3971 μέν
2854 3904 2961 3976 γάρ
3007 3904 3210 3975 ταύτης
3263 3906 3353 3958 καὶ
3395 3905 3503 3958 τῶν
3565 3907 3864 3976 προφητῶν
3898 3909 3993 3960 ἐν-

2413 3991 2690 4063 ηχούντων
2725 3991 2798 4061 μὴ
2826 3991 3184 4062 παραϐαίνειν
3218 3994 3306 4045 τὸν
3329 3993 3512 4064 νόμον,
3540 3993 3637 4046 οὐκ
3665 3995 3961 4062 ἠνέσχοντο
3980 4011 3992 4025 ’

2412 4080 2548 4151 μετά
2569 4080 2626 4132 δέ
2643 4080 2868 4149 ταύτην,
2894 4079 2988 4131 καὶ
3017 4078 3123 4131 τῶν
3162 4079 3450 4150 βαρϐάρων
3477 4079 3859 4148 ἐπικειμένων,
3893 4081 3994 4133 καὶ

2407 4168 2512 4221 τῶν
2548 4168 2910 4238 κυριευόντων
2939 4165 3463 4233 καταναγκαξὸντων
3498 4166 3590 4217 καὶ
3620 4167 3990 4231 κατεπειγόν-

2407 4273 2512 4308 των
2557 4255 2930 4324 παραϐαίνειν,
2980 4255 3077 4323 οὐχ
3109 4254 3383 4322 ὑπήκουον
3405 4293 3418 4316 ,
3456 4252 3570 4304 ἀλλ’
3618 4253 3800 4320 ἔλεγον
3829 4269 3840 4282 '
3866 4255 3988 4308 Οὐκ

2407 4342 2610 4412 ᾅσομεν
2638 4344 2737 4410 τὴν
2765 4343 2905 4412 ᾠδὴν
2932 4341 3134 4410 Κυρίου
3167 4339 3259 4391 ἐπὶ
3293 4340 3399 4408 γῆς
3429 4339 3738 4409 ἀλλοτρίας,
3790 4341 3988 4410 ἐπειδὴ

2405 4431 2434 4481 6
2463 4430 2624 4498 νόμος
2658 4428 2814 4482 τοῦτο
2843 4430 2940 4480 οὐκ
2974 4428 3295 4497 ἐπέτρεπεν.
3332 4425 3470 4496 Ὅρα
3500 4426 3556 4479 δέ
3585 4428 3680 4480 καὶ
3705 4429 3833 4490 τοὺς
3867 4430 3992 4480 παῖ·

2406 4515 2501 4578 δας
2529 4518 2652 4578 τοὺς
2675 4517 2822 4586 τρεῖς
2851 4515 2911 4567 ού
2942 4515 3100 4585 μόνον
3126 4514 3278 4566 οὐδὲν
3322 4513 3724 4584 βλαπτομένους
3754 4516 3861 4568 ἀπὸ
3885 4517 3993 4583 τῆς

2408 4602 2796 4672 αἰχμαλωσίας,
2829 4601 2962 4654 ἀλλὰ
2983 4601 3074 4653 καὶ
3103 4601 3515 4670 λαμπροτέρους
3548 4602 3641 4652 ἀπ’
3674 4602 3848 4671 αὐτῆς
3885 4620 3987 4669 γε-

2407 4693 2661 4762 νομένους
2681 4707 2694 4722 °
2725 4691 2818 4744 καὶ
2844 4690 2933 4742 τὸν
2960 4690 3157 4760 Δανιὴλ
3177 4689 3398 4759 ὁμοίως.
3424 4690 3568 4742 Τίδέ
3595 4693 3622 4742 ὁ
3661 4691 3864 4762 Ἰωσήφ
3890 4709 3908 4754 ;
3937 4693 3990 4744 τί

2408 4780 2572 4832 κακὸν
2607 4779 2790 4840 ἔπαθε,
2831 4780 2923 4832 καὶ
2955 4777 3122 4842 ξένος,
3154 4778 3248 4829 καὶ
3288 4778 3491 4840 δοῦλος,
3523 4780 3614 4829 καὶ
3640 4778 3864 4848 δέσμιος
3893 4796 3995 4846 γε·

2407 4868 2656 4937 νόμενος;
2691 4867 2811 4935 οὐχὶ
2833 4866 2919 4918 διὰ
2948 4864 3104 4917 τοῦτο
3131 4865 3288 4931 μόνον
3315 4864 3588 4933 εὐδοκίμει
3610 4865 3703 4916 καὶ
3731 4865 3945 4934 ἔλαμπε
3973 4883 3990 4925 ;

2407 4954 2471 5005 Τί
2499 4954 2616 5022 δέὴ
2654 4953 2925 5023 βάρϐαρος
2970 4953 3150 5019 ἐκείνη
3182 4950 3340 5019 γυνὴ.
3382 4951 3473 5003 καὶ
3518 4953 3573 5004 ἐν
3623 4952 3838 5019 πλούτῳ
3889 4954 3992 5004 καὶ

2408 5041 2751 5108 ὑπερηφανία
2795 5037 2887 5090 καὶ
2914 5039 2970 5088 ἐν
3001 5037 3284 5106 ἐλευθερία
3319 5037 3686 5108 διατρίϐουσα,
3733 5036 3995 5092 ἐντεῦθεν

2406 5127 2658 5179 ἀπώνατο
2682 5143 2694 5188 ;
2723 5126 2844 5195 οὐχὶ
2882 5127 3096 5179 πάντων
3118 5122 3185 5196 ἦν
3210 5127 3534 5196 ἀθλιωτέρα,
3559 5125 3741 5194 ἐπειδὴ
3771 5126 3991 5190 τούτοις

2406 5217 2485 5278 εἰς
2507 5215 2622 5267 δέον
2652 5212 2956 5282 χρήσασθαι
2984 5214 3084 5265 οὐκ
3114 5213 3406 5280 ἠθέλησεν;
3441 5214 3648 5266 Οὐκοῦν
3675 5212 3848 5265 ταῦτα
3882 5217 3989 5284 μὲν

2407 5306 2536 5374 ἡμῖν
2574 5303 2948 5356 ἀποδέδεικται
2994 5302 3198 5369 σαφῶς,
3249 5304 3370 5354 τίνα
3418 5301 3514 5369 μὲν
3553 5301 3718 5364 κακὰ,
3760 5303 3882 5355 τίνα
3928 5305 3990 5359 δέ

2408 5391 2563 5452 καλὰ,
2597 5390 2718 5442 τίνα
2747 5389 2804 5441 δὲ
2835 5389 3194 5457 μέσα⁶καίὃτι
3219 5391 3347 5458 περὶ
3375 5389 3481 5440 τῶν
3514 5387 3691 5454 μέσων
3714 5391 3742 5440 6
3767 5394 3992 5462 προφή-

2405 5496 2501 5547 της
2525 5477 2710 5548 φησὶν,
2744 5477 2803 5529 ού
2831 5477 2939 5529 τῶν
2967 5477 3135 5540 ὅντως
3157 5477 3358 5540 κακῶν,
3382 5476 3516 5529 ἀλλὰ
3544 5476 3650 5528 τῶν
3678 5475 3988 5533 δοκούντων

2468 5657 2494 5696 d
2524 5656 2576 5704 In
2606 5669 2695 5703 ms.
2729 5655 2885 5718 βούλει
2906 5656 3115 5718 ﬁeerat.
3145 5654 3260 5718 Sed
3283 5651 3433 5700 Savil.
3457 5657 3506 5701 in
3548 5666 3699 5714 marg.
3729 5658 3900 5716 posuit
3921 5669 3988 5707 ex

2406 5722 2703 5778 conjectura,
2732 5716 2879 5778 quam
2905 5716 3113 5766 Duceus
3141 5717 3189 5763 In
3220 5719 3359 5778 gextu
3392 5720 3590 5778 secums
3615 5722 3706 5778 est:

2472 5775 2504 5823 θ’
2517 5775 2901 5840 Παραϐαθασῶν.
2932 5778 2979 5826 In
2999 5791 3086 5827 ms.
3109 5775 3364 5838 legebatur
3382 5775 3787 5838 παραϐαινόντων.
