4148 6306
196 376 306 433 149

187 484 351 537 riendi
382 481 581 553 (Eat-fe.
613 483 667 537 3.
696 476 776 549 ι).
804 480 984 549 Neque
1013 480 1153 534 enim
1182 493 1392 546 semper
1418 474 1647 546 gaudere
1679 474 1769 523 bo-

186 592 313 632 Illm
344 585 429 628 est
449 616 466 641 ,
499 573 592 629 sed
620 572 905 641 aliquando
931 572 1090 627 etiam
1124 569 1338 623 noxium
1374 584 1388 626 :
1423 581 1593 633 neque
1622 563 1766 617 enim

190 680 406 721 Semper
432 665 616 721 dolere
640 665 835 718 bonum
862 704 876 724 ,
908 661 1004 717 sed
1033 661 1318 729 aliquando
1342 659 1499 712 etiam
1529 655 1683 709 letale
1708 667 1771 705 ac

184 758 569 824 perniciosum.
593 756 765 822 Atque
789 753 890 806 hoc
911 753 1080 822 ipsum
1104 764 1288 805 rursus
1312 748 1549 802 indicans
1578 744 1770 797 Paulus

184 844 435 900 dicebat:
476 864 494 897 ι
527 844 656 911 Qua:
682 843 977 897 secundum
1007 842 1171 896 Deum
1200 839 1410 893 tristitia
1436 845 1518 891 est
1544 876 1560 900 ,
1602 834 1771 904 pinni-

186 939 411 991 tentiam
443 936 495 989 in
526 936 751 990 salutem
782 934 1027 988 stabilem
1057 939 1307 1002 Operatnr
1337 948 1350 982 :
1382 928 1560 981 saeculi
1590 935 1766 978 autem

188 1029 403 1081 tristitia
437 1035 661 1080 mortem
685 1034 936 1095 operatur
960 1043 980 1077 ›
1016 1022 1109 1093 (2.
1135 1021 1251 1076 Cor.
1280 1022 1328 1073 7.
1359 1019 1484 1087 l0).

255 1121 312 1173 5.
368 1117 531 1171 Vides
573 1117 672 1172 hoc
713 1132 923 1186 quoque
971 1113 1201 1168 medium
1253 1122 1412 1180 atque
1460 1108 1768 1163 indill‘erens

186 1224 301 1260 esse
324 1209 349 1260 ἲ
380 1209 542 1277 Igitur
568 1216 622 1261 et
658 1206 983 1261 contrarium
1032 1204 1147 1273 ejus
1188 1214 1271 1256 est
1310 1202 1578 1262 medium,
1610 1202 1766 1253 nimi-

185 1313 298 1351 rum
334 1298 591 1367 gaudere.
640 1297 763 1350 Ideo
804 1310 908 1349 non
940 1295 1248 1364 simpliciter
1286 1293 1519 1361 gaudere
1566 1291 1765 1360 jussit,

186 1389 275 1439 sed
305 1388 358 1439 in
390 1388 615 1440 Domino
638 1386 871 1455 gaudere
894 1384 1126 1456 (Philip.
1161 1386 1213 1438 4.
1244 1382 1336 1454 4).
1369 1382 1472 1437 Sed
1504 1383 1632 1434 satis
1656 1380 1766 1447 jam

186 1494 494 1533 sermonem
531 1478 672 1531 hunc
713 1476 780 1531 de
828 1478 992 1531 rebus
1027 1477 1213 1531 mediis
1259 1474 1690 1535 enucleavimus,
1723 1469 1767 1522 si

186 1569 398 1637 quidem
422 1578 653 1623 attentos
677 1569 812 1623 nacti
837 1569 1091 1623 fuerimus
1112 1567 1383 1621 auditores
1406 1582 1419 1629 ;
1448 1571 1612 1617 restat
1630 1572 1685 1616 ut
1702 1560 1768 1614 ad

186 1677 247 1715 ea
270 1662 691 1731 progrediamur,
715 1677 833 1728 quae
858 1675 964 1713 non
988 1670 1112 1713 sunt
1136 1658 1328 1721 media,
1355 1659 1424 1712 ad
1466 1656 1624 1718 bona,
1653 1668 1768 1721 quae

188 1755 298 1807 ﬁeri
329 1754 468 1806 mala
499 1770 602 1807 non
635 1760 895 1821 possunt,
924 1759 979 1805 et
1007 1751 1073 1804 ad
1112 1748 1247 1803 mala
1273 1787 1287 1811 ,
1318 1761 1435 1816 qua:
1479 1758 1768 1813 numquam

188 1844 296 1897 ﬁeri
323 1856 547 1913 possunt
567 1846 723 1898 bona.
747 1842 880 1897 Nam
900 1857 963 1896 ea
985 1842 1197 1910 quidem
1215 1854 1331 1909 qua:
1355 1838 1585 1891 diximus
1610 1835 1768 1889 modo

187 1938 306 1999 hoc,
338 1938 500 1989 modo
537 1936 662 1989 illud
710 1934 840 1988 ﬁunt
862 1975 877 2001 ,
910 1933 1351 2003 quemadmodum
1383 1930 1577 1985 divitia:
1609 1928 1769 1982 modo

187 2028 384 2078 malum
412 2036 557 2088 sunt,
580 2041 698 2079 cum
721 2026 785 2079 ad
807 2025 979 2079 aliena
1004 2025 1139 2078 bona
1168 2022 1465 2093 usurpanda
1496 2024 1771 2076 insumun-

188 2128 271 2170 tur
303 2135 317 2183 ;
347 2117 508 2170 modo
538 2116 731 2170 bonum
758 2159 773 2182 ,
806 2132 926 2170 cum
958 2118 1007 2171 in
1035 2117 1425 2186 eleemosynam
1452 2112 1766 2181 expendun-

188 2219 290 2273 tur,
322 2218 376 2264 et
403 2210 503 2263 alia
534 2209 830 2278 bujusmodi
860 2208 1155 2264 secundum
1183 2209 1318 2261 hanc
1344 2207 1597 2275 regulam.
1631 2203 1768 2255 Sunt

186 2312 366 2356 autem
398 2303 648 2355 nonnulla
671 2346 685 2367 ,
714 2317 831 2368 qua!
870 2316 1156 2371 numquam
1191 2301 1303 2354 ﬁeri
1333 2307 1554 2369 possunt
1584 2297 1719 2350 mala
1753 2314 1765 2348 :

186 2410 304 2463 qua:
334 2409 461 2447 vero
489 2402 611 2447 sunt
641 2395 720 2447 his
747 2394 1045 2459 contraria,
1073 2408 1287 2463 semper
1315 2392 1452 2446 mala
1483 2399 1638 2452 sunt,
1672 2405 1770 2444 nec

189 2500 439 2554 umquam
465 2485 577 2539 ﬁeri
605 2485 741 2540 bona
768 2494 1019 2554 possunt:
1042 2483 1336 2553 cujnsmodi
1361 2492 1485 2536 sunt
1506 2484 1766 2550 impietas,

190 2578 539 2646 blasphemia,
568 2578 801 2639 lascivia,
833 2576 1144 2637 crudelitas,
1179 2574 1559 2638 inhumanitas,
1592 2573 1766 2641 inglu-

190 2671 327 2727 vies,
359 2678 412 2721 et
439 2668 537 2721 alia
565 2667 843 2736 ejusmodi.

261 2759 381 2811 Tria
400 2776 582 2828 genera
602 2777 766 2812 rerum
792 2759 992 2822 :bonw,
1020 2760 1185 2825 malta,
1215 2758 1406 2811 mediat.
1424 2753 1624 2808 —-Non
1651 2752 1771 2806 dico

191 2850 391 2903 malum
414 2850 679 2904 hominem
703 2866 994 2919 numquam
1022 2849 1132 2904 ﬁeri
1162 2864 1320 2917 posse
1346 2848 1563 2909 bonum,
1597 2858 1771 2913 neque

190 2944 389 2997 bonum
434 2941 547 2995 fieri
591 2941 785 2995 malum
836 2942 977 2995 haud
1022 2955 1271 3009 umquam
1314 2952 1508 3007 posse:
1544 2936 1638 2990 sed
1685 2950 1771 2990 res

191 3037 331 3105 ipsas
362 3036 475 3090 ﬁeri
505 3037 635 3089 tales
670 3050 773 3089 non
819 3048 995 3103 posse.
1026 3032 1311 3086 Enimvero
1340 3030 1420 3085 hm
1452 3031 1504 3085 in
1532 3044 1628 3084 suo
1656 3043 1770 3081 ma-

193 3138 380 3183 nentes
417 3128 626 3192 ordine,
672 3126 789 3179 alia:
830 3126 983 3179 bona:
1025 3133 1185 3183 sunt,
1216 3124 1334 3177 ariae
1380 3122 1531 3174 mala:
1564 3138 1576 3173 :
1609 3120 1770 3173 homo

190 3236 319 3273 vero
342 3259 357 3280 ,
402 3219 614 3287 quando
654 3218 741 3271 illa
771 3216 988 3284 quidem
1014 3214 1237 3283 elegerit
1262 3254 1274 3274 ,
1319 3212 1490 3266 bonus
1514 3254 1528 3276 ,
1560 3208 1771 3279 quando

191 3326 319 3365 vero
344 3310 632 3373 contraria,
661 3310 828 3361 malus
850 3307 974 3361 erit.
998 3305 1159 3376 Igitur
1186 3314 1295 3358 tres
1324 3313 1448 3357 sunt
1478 3303 1564 3356 isti
1592 3316 1772 3355 rerum

190 3401 405 3454 ordines
438 3417 451 3452 :
487 3399 623 3452 bona
650 3398 863 3466 quidem
898 3410 1184 3465 numquam
1213 3395 1325 3447 ﬁeri
1359 3400 1582 3461 possunt
1611 3390 1770 3454 mala,

189 3490 487 3560 eujusmodi
515 3498 639 3544 sunt
668 3488 1034 3556 temperantia,
1070 3488 1431 3553 eleemosyna,
1461 3491 1514 3536 et
1542 3480 1733 3534 similia
1758 3497 1771 3532 :

191 3582 326 3633 mala
357 3596 486 3632 vero
514 3593 800 3646 numquam
834 3576 947 3629 ﬁeri
980 3583 1203 3644 possunt
1233 3575 1367 3627 bona
1391 3614 1403 3633 ,
1434 3580 1490 3625 ut
1519 3570 1727 3623 lascivia
1756 3609 1769 3630 ,

192 3672 552 3725 inhumanitas
579 3678 632 3723 et
654 3668 946 3723 crudelitas
974 3684 987 3719 :
1019 3666 1260 3736 qumdam
1288 3675 1462 3718 autem
1490 3662 1773 3731 aliquando

192 3763 293 3816 hoc
315 3802 331 3826 ,
363 3761 651 3828 aliquando
682 3760 808 3813 illud
844 3760 977 3812 liunt
1005 3774 1099 3827 pro
1130 3757 1339 3811 ratione
1369 3756 1532 3809 animi
1563 3763 1615 3807 et
1644 3753 1769 3807 all‘e-

190 3867 305 3909 etus
331 3870 518 3909 eorum
548 3896 562 3915 ,
607 3854 693 3922 qui
740 3853 818 3907 eis
846 3859 1085 3905 utuntur.
1133 3850 1333 3903 Divitia:
1376 3861 1771 3915 nonnumquam

192 3950 254 4001 ad
283 3950 457 4001 aliena
492 3947 626 3999 bona
665 3944 963 3998 invadenda
1008 3944 1334 4005 inserviunt,
1375 3953 1771 4006 nonnumquam

191 4040 255 4092 ad
278 4040 677 4107 eleemosynam
703 4035 1103 4105 impertiendam
1124 4052 1135 4086 :
1155 4049 1337 4087 verum
1364 4032 1413 4086 id
1434 4032 1490 4084 ﬁt
1508 4047 1568 4085 ex
1596 4031 1774 4083 animo

190 4131 453 4186 etall‘cetn
483 4130 723 4197 ejus,qui
752 4128 829 4181 eis
857 4127 1039 4181 utitur.
1064 4127 1352 4194 Paupertas
1377 4136 1769 4190 nonnumquam

190 4225 254 4276 ad
287 4221 672 4290 blasphemiam
693 4261 705 4280 ,
734 4233 1128 4286 nonnumquam
1161 4216 1222 4269 ad
1256 4214 1679 4268 benedictionem
1712 4226 1773 4264 ac

192 4314 585 4383 philoSOphiant
620 4312 857 4365 inservit.
889 4310 1017 4376 Quia
1050 4310 1207 4377 igitur
1234 4305 1626 4375 insipientiores
1670 4318 1771 4356 non

194 4408 341 4476 pauci
374 4406 515 4477 (jam
554 4403 695 4455 enim
725 4401 790 4453 ad
822 4400 1144 4453 solutionem
1172 4396 1485 4449 veniendum
1514 4403 1595 4448 est
1623 4393 1641 4461 )
1666 4408 1771 4445 non

190 4498 362 4550 solum
393 4494 528 4546 mala
552 4534 567 4556 ,
597 4507 712 4556 quae
742 4504 1031 4558 numquam
1074 4488 1211 4539 bona
1246 4487 1357 4538 fieri
1387 4492 1610 4552 possunt
1637 4524 1650 4542 .
1682 4483 1773 4535 sed

190 4590 351 4641 etiam
381 4601 446 4638 ex
476 4585 540 4637 iis
569 4598 685 4651 quae
712 4581 883 4634 media
913 4590 1040 4633 sunt
1060 4621 1073 4645 ,
1105 4578 1354 4632 nonnulla
1385 4586 1574 4628 vocant
1602 4574 1736 4626 mala
1758 4615 1771 4639 ,

191 4688 247 4731 ut
276 4683 646 4745 paupertatem
667 4714 681 4735 ,
714 4671 1074 4738 captivitatem
1102 4710 1117 4733 ,
1149 4671 1455 4721 servitutem
1479 4706 1494 4730 ,
1524 4682 1641 4733 quin
1670 4681 1773 4717 non

191 4772 332 4824 inter
360 4768 496 4820 mala
518 4808 532 4830 ,
561 4765 652 4818 sed
681 4765 817 4817 inter
846 4762 1033 4823 media,
1048 4776 1168 4815 esse
1200 4759 1520 4813 numeranda
1549 4759 1774 4811 demon-

190 4859 479 4916 stravimus
510 4875 522 4911 :
556 4856 702 4908 inulti
737 4868 864 4908 vero
885 4895 898 4916 ,
933 4864 988 4905 ut
1018 4862 1139 4905 ante
1168 4852 1271 4903 dixi
1303 4890 1317 4912 ,
1365 4849 1478 4902 hmc
1508 4849 1777 4917 appellant

192 4954 328 5006 mala
358 4965 480 5018 quae
509 4947 642 4999 mala
674 4962 776 4998 non
808 4952 933 4997 sunt
963 4964 974 4996 :
1004 4943 1069 4996 de
1097 4944 1210 4995 istis
1238 4942 1469 5009 loquitur
1494 4939 1773 5008 propheta,

191 5059 309 5113 quae
350 5040 643 5095 secundum
674 5037 809 5105 vulgi
837 5034 1282 5090 existimationem
1326 5034 1462 5085 mala
1496 5041 1773 5096 vocantur,

194 5150 297 5187 non
332 5145 521 5185 revera
553 5139 674 5181 sunt
706 5129 840 5179 mala
873 5144 886 5180 :
921 5126 989 5179 de
1014 5125 1319 5193 captivitate
1344 5164 1357 5186 ,
1389 5122 1456 5176 de
1486 5124 1737 5175 servitute
1759 5163 1774 5187 ,

188 5225 257 5280 de
283 5224 429 5277 fame
457 5230 513 5274 et
535 5221 649 5272 aliis
680 5218 961 5287 ejusmodi.
996 5216 1145 5284 Quod
1176 5216 1314 5269 enim
1344 5214 1457 5268 haec
1488 5231 1591 5268 non
1621 5215 1778 5267 modo

194 5316 335 5368 mala
375 5328 481 5366 non
512 5312 618 5364 sint
644 5351 658 5372 ,
705 5310 797 5363 sed
838 5310 997 5362 etiam
1038 5309 1103 5360 ad
1146 5307 1279 5359 mala
1324 5304 1636 5373 depellenda
1674 5305 1780 5357 sint

194 5406 357 5469 usui,
405 5404 635 5472 primum
674 5402 725 5454 in
766 5401 995 5453 medium
1039 5400 1237 5467 prolata
1284 5396 1419 5449 fatue
1447 5396 1733 5448 doceamus
1760 5435 1774 5459 ,

196 5514 315 5568 quite
363 5492 641 5550 tremenda
693 5492 936 5545 omnibus
990 5504 1051 5542 ac
1094 5487 1345 5541 terribilis
1389 5484 1596 5538 videtur
1636 5498 1777 5537 esse.

201 5589 349 5642 Disce
377 5588 558 5655 igitur,
587 5598 692 5653 quo
720 5593 870 5649 pacto
898 5580 1032 5634 mala
1060 5596 1164 5633 non
1206 5580 1274 5631 sit
1300 5618 1315 5641 ,
1357 5585 1411 5631 et
1452 5575 1519 5629 ad
1550 5575 1781 5643 philoso-

202 5678 470 5749 phandum
523 5675 805 5727 instruere.
858 5669 991 5725 Cum
1044 5669 1265 5739 populus
1319 5667 1662 5721 Hebrzeorum
1717 5664 1780 5718 ad

200 5786 457 5827 summam
480 5766 871 5837 improbitatem
894 5763 1214 5829 devenisset,
1242 5772 1348 5816 tum
1372 5775 1590 5830 magnus
1614 5758 1777 5824 Elias,

819 366 883 421 ΙΝ
922 365 1122 422 lLLUD
1161 364 1384 423 ISAUE.
1428 365 1564 419 EGU
1605 361 1763 417 DOlll

1877 362 1901 414 5
1943 360 2118 416 DEUS
2156 358 2307 415 FECl
2346 356 2601 424 ιυιιΕΝ,
2645 357 2796 413 ETC.

3332 366 3443 422 150

1875 478 1929 521 et
1949 470 2077 523 cado
2100 469 2310 538 dignus,
2337 485 2456 523 cum
2481 468 2641 523 vellet
2667 465 2925 521 socordiae
2947 466 3189 521 morbum
3212 468 3443 534 auferre,

1874 576 2100 630 eumque
2125 562 2390 628 corrigere
2409 603 2421 626 ,
2448 560 2639 629 adjecit
2666 559 2849 613 dicens
2875 577 2887 611 :
2923 557 3048 612 Vivit
3080 560 3341 627 Dominus,
3365 564 3451 617 cui

1874 657 2043 707 adstiti
2070 672 2238 707 coram
2263 671 2320 709 eo
2342 695 2356 719 ,
2392 658 2434 705 si
2475 655 2565 707 erit
2596 653 2763 720 pluvia
2786 693 2802 719 ,
2842 652 2937 705 nisi
2965 667 3055 721 per
3081 669 3135 705 os
3169 669 3331 706 meum
3352 653 3372 726 (
3390 654 3445 708 3.

1874 746 2000 815 Reg.
2035 746 2117 798 l7.
2152 748 2169 798 l
2202 746 2218 815 )
2253 762 2266 797 :
2298 756 2351 796 et
2390 743 2476 810 qui
2509 744 2739 796 meloten
2781 742 2944 796 solam
2982 742 3310 811 possidebat,
3340 758 3446 797 ea:-

1875 835 1983 890 lum
2018 837 2244 899 clausit,
2286 843 2429 887 tanta
2470 832 2609 902 apud
2655 834 2817 887 Deum
2858 833 3025 902 gratia
3072 832 3256 887 valuit.
3284 832 3448 888 Vides

1876 935 2233 995 paupertatem
2262 926 2457 978 malum
2486 940 2588 977 non
2616 924 2777 978 esse?
2806 923 2917 977 Non
2945 924 3086 977 enim
3113 932 3254 976 tanta
3278 924 3445 992 gratia

1873 1017 2125 1069 valuisset
2155 1017 2454 1070 mortalium
2487 1023 2796 1068 cunctorum
2831 1015 3215 1083 pauperrimus,
3246 1021 3303 1066 ut
3325 1027 3446 1067 cum

1875 1111 1925 1162 in
1957 1108 2113 1163 terris
2141 1117 2463 1170 versaretur,
2498 1114 2698 1159 tantam
2731 1106 2978 1159 virtutem
3008 1121 3111 1157 uno
3141 1104 3255 1159 solo
3282 1103 3448 1158 verbo

1876 1217 1982 1269 prie
2009 1217 2066 1253 se
2090 1200 2269 1255 ferret.
2292 1200 2403 1255 Hoc
2420 1214 2546 1269 ergo
2566 1198 2710 1251 dicto
2730 1197 2922 1251 famem
2944 1196 3161 1249 immisit
3183 1207 3445 1264 tamquam

1873 1293 2131 1359 optimum
2175 1290 2517 1360 pmdagogum
2544 1331 2558 1354 ,
2591 1299 2644 1341 et
2680 1288 2939 1340 malorum
2984 1301 3101 1353 qua:
3145 1285 3449 1340 acciderant

1874 1382 2269 1436 emendatorem
2302 1399 2314 1432 :
2348 1390 2509 1449 atque
2536 1388 2593 1432 ut
2623 1380 2680 1432 lit
2716 1392 2835 1431 cum
2877 1375 3166 1430 vehemens
3204 1375 3446 1444 quaedam

1875 1472 2035 1526 febris
2061 1487 2252 1540 corpus
2283 1474 2493 1534 invasit,
2528 1485 2677 1523 vente
2708 1471 2836 1537 ipsze
2868 1478 3021 1521 terrre
3044 1468 3444 1532 exarescebant,

1875 1570 2135 1615 torrentes
2164 1561 2504 1623 deﬁciebant,
2534 1570 2585 1614 et
2616 1559 2814 1620 herbae,
2841 1567 2895 1612 et
2922 1566 3077 1611 terrae
3106 1558 3306 1610 viscera
3334 1565 3445 1611 ste-

1874 1652 1988 1706 rilia
2022 1652 2229 1721 penitus
2258 1652 2507 1718 deinceps
2534 1658 2706 1703 erant.
2740 1647 2923 1714 Neque
2955 1662 3081 1698 vero
3113 1645 3450 1699 mediocriter

1873 1742 1923 1797 id
1958 1743 2148 1810 populo
2188 1742 2283 1796 fuit
2326 1742 2452 1795 utile
2477 1781 2492 1805 ,
2528 1754 2650 1793 cum
2680 1751 2955 1807 repressus
2996 1736 3220 1803 impetus
3249 1734 3405 1789 fuerit
3429 1772 3445 1796 ,

1873 1850 1979 1904 quo
2003 1835 2067 1888 ad
2094 1835 2423 1904 iniquitatem
2447 1832 2735 1896 ferebatur,
2758 1838 2812 1885 et
2831 1830 3115 1898 castigatus
3136 1827 3447 1882 modestior-

1871 1941 1976 1997 que
2006 1927 2074 1980 sit
2106 1927 2289 1987 factus,
2322 1932 2375 1979 et
2403 1923 2469 1977 ad
2494 1919 2966 1989 obtemperantium
2997 1918 3264 1987 prephetae
3294 1932 3442 1971 man-

1872 2020 2091 2073 suetior.
2140 2017 2271 2071 Nam
2313 2017 2403 2086 qui
2447 2015 2512 2070 ad
2560 2013 2697 2067 idola
2736 2012 3058 2071 currebant,
3088 2018 3142 2063 et
3169 2007 3445 2061 daemoniis

1874 2109 2010 2163 ﬁlios
2040 2124 2164 2163 suos
2187 2107 2506 2169 mactabant,
2533 2104 2586 2157 hi
2611 2110 2687 2158 tot
2706 2102 2896 2155 occisis
2914 2097 3276 2153 sacerdotibus
3300 2096 3445 2159 Baal,

1874 2217 1978 2255 non
2010 2199 2261 2268 indignati
2293 2206 2435 2261 sunt,
2464 2211 2569 2249 non
2598 2193 2961 2256 indoluerunt,
2993 2188 3086 2242 sed
3110 2187 3264 2241 famis
3288 2200 3450 2254 Opera

1873 2292 2064 2348 redditi
2096 2291 2343 2344 meliores
2366 2329 2380 2353 ,
2421 2296 2657 2341 tacentes
2690 2298 2752 2337 ac
2777 2289 2919 2336 metu
2948 2277 3178 2348 correpti
3213 2291 3324 2332 rem
3353 2290 3449 2347 pa-

1877 2385 2068 2438 tienter
2098 2382 2352 2434 tulerunt.

1887 2532 1894 2542 ,
1946 2476 1996 2529 6.
2045 2474 2202 2527 Vides
2253 2487 2357 2525 non
2403 2468 2559 2523 modo
2589 2468 2782 2521 malum
2828 2480 2930 2518 non
2959 2478 3077 2519 esse
3112 2462 3323 2527 famem,
3346 2461 3441 2516 sed

1874 2566 1937 2619 ad
1969 2565 2103 2618 mala
2132 2565 2288 2616 etiam
2321 2560 2549 2614 tollenda
2575 2558 2909 2627 prodessc,et
2932 2556 2994 2608 ad
3017 2552 3275 2607 sanandas
3292 2552 3449 2622 aegri.

1877 2657 2083 2710 tudines
2115 2653 2334 2707 remedii
2363 2651 2539 2704 locum
2556 2646 2832 2701 obtinere?
2856 2645 3005 2712 Quod
3027 2644 3069 2698 si
3091 2642 3447 2712 captivitatem

1875 2748 2041 2814 ipsam
2073 2744 2229 2797 etiam
2262 2742 2440 2794 videre
2461 2740 2591 2793 velis
2615 2738 2808 2789 malum
2839 2751 2942 2787 non
2972 2748 3109 2796 esse,
3137 2731 3305 2800 cogita
3320 2745 3452 2800 qua-

1876 2838 1951 2891 les
1972 2847 2093 2889 ante
2113 2835 2468 2902 captivitatem
2491 2838 2671 2883 essent
2690 2827 2877 2889 Judrei,
2906 2835 2960 2878 et
2988 2824 3167 2893 quales
3198 2824 3248 2876 in
3278 2822 3448 2893 capti-

1876 2928 2056 2986 vitate,
2084 2934 2139 2977 nt
2167 2922 2429 2990 intelligas
2461 2933 2631 2987 neque
2651 2918 2944 2969 libertatem
2965 2914 3208 2967 absolute
3228 2912 3447 2977 bonum,

1877 3032 2047 3084 neque
2078 3013 2431 3081 Captivitatem
2458 3009 2651 3062 malum
2680 3020 2817 3059 esse.
2839 3002 3060 3071 Quando
3076 3002 3216 3056 enim
3239 3001 3451 3057 liberta-

1880 3119 1929 3163 te
1956 3108 2266 3161 fruebantur
2286 3145 2300 3166 ,
2323 3113 2377 3155 et
2406 3103 2455 3154 in
2488 3100 2653 3169 patria
2680 3114 2773 3152 sua
2799 3096 3083 3166 degebant,
3108 3095 3177 3147 ita
3211 3109 3269 3147 se
3292 3107 3448 3162 gere-

1877 3201 2020 3263 bant,
2053 3206 2107 3250 ut
2134 3194 2353 3263 singulis
2380 3193 2564 3246 diebus
2603 3190 2859 3243 adversus
2889 3188 3005 3240 illos
3032 3184 3451 3240 vociferarentur

1877 3290 2178 3358 propltetm,
2229 3287 2352 3339 dum
2398 3285 2546 3352 leges
2588 3281 3045 3342 conculcarentur,
3100 3276 3451 3329 adorarentur

1877 3383 2035 3443 idola,
2068 3388 2123 3433 et
2152 3380 2237 3432 Dei
2278 3377 2524 3430 mandata
2549 3374 2873 3426 violarentur
2900 3388 2913 3424 :
2949 3379 3223 3438 postquam
3271 3375 3448 3421 autem

1878 3475 1929 3527 in
1950 3474 2172 3525 alienam
2203 3470 2365 3524 delati
2396 3478 2517 3520 sunt
2548 3476 2740 3519 terram
2768 3505 2781 3528 ,
2814 3472 2867 3517 et
2905 3462 2956 3516 in
2984 3462 3328 3517 barbarorum
3364 3474 3450 3515 re-

1876 3566 2034 3633 gione
2064 3561 2294 3625 versati,
2327 3560 2402 3613 sic
2431 3558 2668 3627 depressi
2697 3565 2856 3619 sunt,
2880 3568 2942 3607 ac
2977 3554 3224 3608 meliores
3259 3566 3449 3606 evase-

1878 3664 2017 3717 runt,
2050 3653 2324 3721 legemque
2350 3656 2662 3711 servarunt,
2693 3655 2751 3700 ut
2790 3661 2853 3700 ex
2898 3646 3012 3713 ipso
3039 3645 3247 3710 psalmo
3273 3643 3448 3713 colligi

1879 3753 2071 3814 potest,
2102 3758 2257 3812 quem
2302 3756 2478 3811 opera:
2508 3740 2732 3807 pretium
2763 3745 2843 3789 est
2870 3735 3125 3788 hodierno
3145 3735 3229 3788 die
3258 3735 3309 3788 in
3332 3749 3448 3788 me-

1877 3839 2020 3892 dium
2044 3837 2252 3898 afferre,
2282 3844 2339 3887 ut
2365 3848 2429 3887 ex
2456 3846 2519 3885 eo
2535 3828 2852 3898 captivitatis
2878 3825 3104 3880 fructum
3126 3826 3446 3892 agnoscatis.

1877 3930 2004 3998 Quis
2044 3928 2127 3980 ille
2157 3940 2312 3995 porro
2346 3923 2580 3986 psalmus
2607 3919 2721 3974 est?
2743 3917 2911 3985 Super
2938 3918 3148 3984 ﬂumina
3178 3914 3448 3984 Babyloni:

1878 4022 1979 4073 illic
2004 4018 2239 4080 scdimus,
2270 4025 2313 4067 et
2352 4013 2598 4082 ﬂeuimus,
2631 4010 2750 4061 dum
2792 4007 3164 4060 recordaremur
3191 4005 3337 4059 Sion.
3380 4003 3449 4057 In

1878 4111 2107 4164 salicibus
2135 4109 2185 4159 in
2212 4104 2373 4157 medio
2395 4104 2502 4171 ejus
2520 4098 2866 4169 suspendimns
2883 4112 3070 4165 organa
3091 4103 3279 4146 nostra.
3305 4092 3449 4158 Quo-

1878 4204 2010 4254 niam
2056 4200 2157 4251 illic
2186 4199 2613 4263 interrogaverunt
2662 4206 2770 4248 nos,
2804 4188 2887 4255 qui
2935 4186 3154 4252 captivos
3201 4185 3449 4237 duxerunt

1879 4311 1986 4353 nos,
2016 4292 2160 4342 verba
2177 4288 2485 4344 curationum,
2519 4283 2737 4333 dicentes
2764 4278 3005 4331 :Cantate
3034 4276 3170 4328 nobis
3197 4276 3257 4327 de
3283 4276 3444 4327 canti-

1877 4386 1946 4436 cis
1979 4383 2123 4435 Sion.
2151 4376 2412 4442 Quomodo
2438 4372 2744 4427 cantabimus
2767 4369 3013 4421 canticum
3030 4367 3231 4419 Domini
3246 4367 3295 4418 in
3316 4375 3448 4419 terra

1879 4473 2043 4526 aliena
2091 4468 2256 4541 (Psal.
2288 4467 2407 4520 l'56.
2441 4463 2612 4532 1-4).
2663 4460 2822 4514 Vides
2848 4467 2905 4512 ut
2949 4459 3090 4525 ipsos
3128 4456 3449 4525 depresserit

1880 4563 2171 4631 captivitas.
2202 4558 2330 4610 Nam
2354 4564 2475 4609 ante
2509 4555 2648 4607 illam
2689 4549 2899 4618 quidem
2931 4547 3211 4614 prophetas
3238 4560 3342 4598 non
3376 4545 3449 4598 le-

1880 4659 2097 4718 rebant,
2127 4669 2153 4705 a
2190 4652 2376 4719 quibus
2402 4644 2839 4703 admonebantur,
2875 4649 2931 4692 ut
2970 4654 3034 4691 ne
3066 4638 3232 4703 legem
3277 4645 3449 4688 trans-

1879 4748 2223 4818 grederentur
2270 4759 2280 4793 :
2329 4748 2448 4807 post
2508 4737 2648 4789 illam
2706 4741 2878 4784 autem
2928 4730 3084 4781 etiam
3135 4726 3449 4780 instantibus

1880 4817 2139 4897 barbaris,
2174 4842 2224 4886 et
2248 4829 2478 4884 dominis
2508 4824 2815 4894 cogentibus
2841 4830 2996 4887 atque
3027 4817 3330 4887 urgentibus
3349 4856 3365 4881 ,
3394 4825 3450 4869 ut

1880 4946 1995 4983 eain
2047 4922 2563 4992 transgrederentur,
2613 4914 2827 4966 minime
2878 4908 3158 4977 parebant,
3188 4905 3279 4959 sed
3308 4905 3450 4958 diee-

1881 5025 2006 5077 bant
2034 5038 2046 5072 ι
2080 5019 2193 5072 Non
2214 5012 2539 5068 cantabimus
2568 5006 2827 5060 canticum
2854 5000 3055 5053 Domini
3089 4998 3137 5049 in
3161 5006 3295 5050 terra
3323 4995 3450 5048 alie-

1883 5130 1968 5178 na,
1997 5110 2241 5180 quoniam
2273 5104 2320 5157 id
2353 5106 2432 5155 lex
2468 5116 2569 5153 non
2605 5093 2959 5165 permittebat.
3017 5088 3146 5141 Vide
3183 5096 3357 5140 autem
3400 5093 3452 5137 et

1884 5217 1990 5259 tres
2014 5178 2238 5272 pueros,
2268 5197 2354 5265 qui
2389 5210 2491 5247 non
2538 5190 2706 5243 solum
2752 5203 2778 5238 a
2829 5182 3127 5251 captivitate
3182 5178 3291 5230 hesi
3346 5192 3449 5228 non

1883 5307 2038 5359 sunt,
2066 5292 2159 5347 sed
2187 5292 2342 5345 etiam
2360 5288 2473 5354 ejus
2493 5297 2650 5350 opera
2682 5278 2994 5332 illustriores
3023 5278 3334 5331 evaserunt;
3362 5282 3450 5319 eo-

1885 5355 2108 5455 demque
2130 5383 2283 5436 modo
2312 5378 2603 5432 Danielem.
2629 5371 2763 5438 Quid
2790 5382 2913 5421 vero
2934 5363 3125 5433 Joseph
3143 5362 3165 5414 ‘l
3186 5359 3309 5429 quid
3330 5355 3451 5455 mali

1882 5494 2069 5551 passus
2096 5484 2195 5540 est,
2226 5487 2342 5525 cum
2379 5478 2430 5523 et
2457 5464 2764 5535 peregrinus
2780 5502 2794 5521 ,
2818 5470 2871 5513 et
2898 5470 3083 5511 servus
3106 5495 3119 5520 ,
3140 5463 3193 5507 et
3215 5447 3459 5517 captivus

1886 5547 1962 5626 est
1994 5567 2188 5622 laetus?
2215 5577 2389 5618 nonne
2412 5558 2515 5612 hoc
2541 5570 2699 5609 unum
2733 5552 2806 5605 illi
2830 5547 3161 5619 Splendorem
3184 5554 3448 5609 compara-

1885 5660 1998 5714 vit?
2029 5657 2162 5725 Quid
2197 5667 2322 5708 vero
2360 5648 2551 5703 mulier
2588 5644 2674 5697 illa
2702 5640 2920 5695 barbara
2942 5678 2957 5701 ,
2986 5650 3099 5705 quas
3149 5634 3197 5685 in
3246 5629 3449 5697 opibus,

1894 5723 2163 5825 superbia,
2195 5757 2248 5802 et
2277 5744 2519 5800 libertate
2548 5735 2789 5807 degebat,
2820 5731 2938 5786 inde
2967 5730 3160 5782 lucrata
3180 5723 3296 5778 est?
3329 5737 3457 5775 nea-
