4148 6306
694 330 801 386 151

683 443 749 482 ne
779 425 1014 479 omniunt
1037 424 1132 479 fuit
1162 423 1478 488 miserrima,
1504 432 1785 493 postquam
1808 420 1942 484 istis,
1977 426 2033 473 ut
2052 429 2264 488 oporte-

685 519 797 584 bat,
825 517 898 571 uti
925 516 1132 572 noluit?
1161 516 1285 571 llaec
1311 515 1468 585 igitur
1492 513 1770 570 evidenter
1787 527 1817 566 a
1846 512 1999 566 nobis
2026 519 2148 564 sunt
2169 508 2262 564 de-

681 615 995 672 monstrata,
1014 622 1256 677 quaenam
1275 606 1381 661 sint
1401 605 1558 670 mala,
1580 618 1824 675 quaenam
1841 604 1998 666 bona,
2022 615 2265 671 quamam

682 699 876 766 media,
901 707 957 754 et
989 698 1054 754 de
1078 698 1268 752 mediis
1290 697 1433 767 loqui
1460 697 1930 767 prephetam,qu:e
1954 694 2125 763 reipsa
2154 706 2268 744 ma-

678 788 726 843 ia
757 804 861 843 non
887 797 1030 855 sunt,
1063 787 1157 843 sed
1184 788 1339 858 vulgo
1369 786 1508 841 mala
1534 786 1804 851 videntur,
1844 783 1910 837 de
1939 782 2262 852 captivitate,

676 884 967 943 servitute,
1017 877 1359 932 abductione.
1407 877 1577 944 Quam
1619 890 1748 930 vero
1788 875 1857 928 ob
1893 887 2110 928 causam
2150 871 2264 927 haec

682 971 823 1025 dicta
851 970 977 1034 sint,
1009 984 1188 1038 operte
1221 969 1447 1038 pretium
1478 966 1636 1022 fuerit
1663 979 1806 1019 nunc
1833 963 2047 1018 docere.

759 1059 1030 1132 PrOpheue
1077 1076 1167 1113 cur
1213 1061 1372 1113 missi.
1409 1089 1482 1100 -——
1519 1059 1786 1124 Benignus
1813 1070 1934 1109 cum
1983 1055 2050 1108 sit
2100 1053 2260 1120 Deus,

677 1161 732 1205 et
758 1151 823 1205 ad
853 1151 1212 1205 miserandum
1244 1161 1540 1221 promptus,
1571 1151 1636 1201 ad
1682 1146 2042 1217 castigandum
2073 1161 2137 1200 ac
2165 1161 2262 1214 pu-

679 1245 929 1299 niendum
959 1253 1238 1299 cunctator
1281 1252 1335 1298 et
1374 1243 1590 1307 tardus,
1640 1257 1705 1294 ne
1735 1240 1947 1294 Judaeos
1992 1238 2264 1308 suppliciis

678 1338 958 1394 mulctaret
985 1381 997 1401 ,
1031 1338 1314 1406 prophetas
1356 1336 1517 1398 misit,
1562 1345 1618 1388 ut
1657 1335 1833 1389 verbis
1871 1349 1962 1388 eos
2016 1342 2259 1399 terreret,

676 1447 849 1502 neque
889 1431 1050 1487 rebus
1099 1431 1226 1499 ipsis
1265 1428 1523 1499 puniret:
1569 1427 1712 1498 quod
1739 1437 1792 1482 et
1839 1441 1962 1498 erga
2006 1425 2263 1479 Ninivitas

679 1526 938 1594 praestitit.
973 1525 1103 1580 Nam
1134 1533 1187 1580 et
1212 1524 1317 1578 illic
1348 1524 1474 1577 olim
1506 1522 1688 1576 urbem
1726 1537 1784 1577 se
1813 1535 2126 1575 eversurum
2163 1518 2264 1572 mi-

676 1628 830 1671 natus
857 1625 974 1682 est,
1005 1633 1111 1670 non
1143 1627 1200 1669 ut
1229 1623 1524 1678 everteret,
1556 1614 1651 1667 sed
1703 1621 1759 1666 ut
1815 1627 1919 1665 non
1973 1619 2260 1678 everteret,

675 1706 817 1774 quod
846 1710 1024 1775 utique
1053 1707 1294 1775 contigit.
1350 1705 1459 1758 Hoc
1509 1705 1756 1758 nimirum
1793 1711 1846 1757 et
1890 1711 2012 1756 tunc
2052 1701 2260 1770 agebat,

677 1798 962 1866 prophetas
991 1798 1253 1863 mittebat,
1272 1813 1331 1851 ac
1349 1797 1691 1851 barbarorum
1726 1796 2077 1860 incursiones,
2100 1793 2260 1859 bella,

675 1889 1008 1955 captivitates
1031 1931 1046 1957 ,
1077 1888 1448 1943 abductionem
1472 1926 1485 1951 ,
1520 1896 1575 1941 et
1599 1889 1652 1940 in
1677 1888 1847 1940 aliena
1875 1886 2093 1955 regione
2112 1897 2262 1939 com-

677 1987 1025 2034 morationem
1066 1980 1387 2034 minabatur.
1431 1978 1498 2031 Et
1522 1977 1968 2047 quemadmodum
2001 1986 2149 2046 pater
2178 1976 2262 2029 in-

677 2072 918 2142 dulgens,
948 2073 1032 2126 cui
1058 2072 1195 2125 filius
1221 2082 1304 2126 est
1328 2071 1640 2125 libidinosus
1671 2086 1734 2125 ac
1757 2071 2047 2139 negligens,
2077 2070 2142 2122 ad
2170 2084 2260 2122 sa-

677 2176 796 2215 nam
824 2173 1054 2217 mentem
1081 2164 1266 2216 volens
1292 2178 1413 2217 emn
1453 2163 1739 2228 reducere,
1785 2161 1987 2231 ﬂagella
2019 2161 2258 2230 requirit,

677 2250 828 2306 funes
860 2253 1086 2306 tuinatur
1115 2253 1296 2308 dicens
1331 2271 1342 2305 :
1381 2253 1613 2307 Vineiam
1634 2294 1647 2318 ,
1681 2252 1904 2322 ﬂagellis
1930 2252 2150 2317 czcdam,
2181 2253 2261 2304 in-

679 2343 954 2406 terliciam,
989 2345 1151 2413 ﬁtque
1178 2345 1357 2400 verbis
1386 2346 1721 2410 terribilis,ut
1749 2346 1848 2398 hac
1884 2345 2086 2397 ratione
2109 2345 2261 2410 juve-

676 2435 759 2488 nis
788 2435 1174 2505 improbitatem
1203 2444 1508 2504 compescat
1540 2454 1552 2487 :
1583 2437 1651 2487 ita
1685 2435 1932 2487 nimirum
1963 2434 2101 2486 Deus
2133 2448 2262 2487 con-

683 2527 826 2580 tinue
856 2525 1185 2591 minabatur,
1212 2543 1331 2580 cum
1361 2541 1454 2581 eos
1485 2525 1677 2594 injecto
1723 2531 1866 2578 metu
1894 2523 2117 2577 reddere
2149 2538 2263 2577 me-

678 2620 839 2674 liores
867 2619 1042 2674 vellet.
1075 2619 1198 2673 Hzec
1222 2633 1452 2674 cernens
1477 2618 1739 2680 diabolus,
1759 2618 2042 2686 volensque
2071 2630 2260 2670 emen-

674 2712 946 2766 dationem
972 2753 988 2776 ,
1015 2728 1130 2777 qua:
1159 2711 1584 2778 consequebatur
1606 2708 1699 2761 bas
1726 2707 1896 2762 minas
1922 2749 1939 2774 ,
1968 2706 2256 2775 impedire,

679 2803 1162 2873 pseudoprophctas
1192 2803 1428 2867 immisit,
1476 2811 1529 2855 et
1553 2801 1824 2870 prophetis
1861 2799 2215 2868 captivitatem
2241 2838 2255 2862 ,

676 2896 1006 2960 servitutem,
1034 2895 1331 2962 famemque
1360 2893 1704 2956 minantibus,
1741 2893 1812 2945 illi
1848 2891 2132 2956 contraria,
2163 2904 2258 2958 pa-

674 3001 822 3051 cem,
852 2995 1007 3039 ternr
1039 2985 1361 3038 fertilitatem
1385 3026 1400 3049 ,
1435 2985 1832 3038 innumerorum
1873 2983 2132 3037 bonorum
2165 2998 2260 3037 co-

678 3077 814 3143 piam
870 3074 1242 3142 praedicebant.
1306 3074 1510 3128 idcirco
1558 3076 1944 3140 exprobrantes
1988 3073 2090 3126 illis
2140 3087 2262 3140 pro-

679 3167 852 3236 phetae
875 3166 1161 3221 dicebant:
1185 3166 1322 3232 Pax,
1357 3176 1551 3234 pax;et
1578 3167 1661 3219 ubi
1686 3175 1757 3219 est
1776 3183 1880 3236 pax
1906 3163 2036 3234 (Jer.
2061 3165 2113 3220 6.
2149 3165 2262 3233 ii)?

676 3259 742 3313 Et
762 3260 937 3313 sciunt
958 3274 1160 3324 omnes,
1195 3260 1281 3326 qui
1311 3273 1581 3313 sacrarum
1609 3258 1881 3312 literarum
1905 3267 2024 3311 sunt
2057 3257 2262 3311 studio-

675 3349 740 3416 si,
769 3358 958 3404 cuncta
984 3350 1245 3414 evenisse,
1264 3366 1382 3418 qua:
1409 3349 1679 3417 prophetze
1697 3348 2055 3417 praedixerant
2074 3348 2263 3403 adver-

676 3455 766 3494 sus
791 3439 1300 3510 pseudOprophetas,
1331 3441 1420 3510 qui
1451 3442 1627 3511 p0puli
1654 3441 1885 3495 studium
1917 3441 2263 3496 debilitabant

674 3549 737 3587 ac
766 3531 1094 3602 frangebant.
1126 3533 1560 3602 Quoniamigitur
1582 3535 1832 3603 pupulum
1855 3535 1921 3587 ita
1945 3534 2258 3587 dissolutum

675 3628 1105 3693 corrumpebant,
1167 3640 1260 3695 per
1305 3626 1593 3694 prephetas
1637 3627 1710 3678 ait
1750 3626 1888 3679 Deus
1927 3643 1938 3677 :
1971 3623 2084 3695 Ego
2126 3624 2262 3679 Deus

681 3715 868 3783 faciens
892 3732 1084 3785 pacem,
1115 3727 1162 3768 et
1181 3733 1355 3769 creans
1384 3717 1518 3769 mala
1541 3716 1694 3786 (Isai.
1723 3718 1809 3771 45.
1830 3717 1903 3786 7).
1929 3717 1991 3771 Et
2019 3732 2261 3786 quaenam

684 3805 1012 3858 mala‘tﬂaec
1065 3821 1180 3874 quae
1215 3819 1630 3861 commemorata
1687 3819 1829 3875 sunt,
1881 3810 2259 3878 captivitatem,

680 3895 981 3949 servitutem
1010 3905 1061 3949 et
1087 3896 1186 3949 alia
1215 3897 1472 3966 ejusmodi
1499 3915 1513 3951 :
1544 3913 1644 3951 non
1676 3897 2079 3953 fornicationem
2111 3911 2163 3955 et
2189 3902 2263 3954 la-

678 3987 915 4050 sciviam,
941 3996 993 4040 et
1020 3989 1314 4053 avaritiam,
1345 4004 1516 4058 neque
1543 3988 1684 4042 aliud
1714 3989 1997 4059 quidquam
2027 3990 2260 4058 ejusmo—

678 4078 750 4131 di.
793 4077 992 4132 idcirco
1024 4080 1180 4133 etiam
1208 4082 1421 4149 quando
1466 4081 1603 4135 alius
1629 4082 1883 4150 pmphela
1915 4083 2078 4147 dixit,
2112 4084 2172 4139 Si
2194 4094 2265 4138 est

679 4168 872 4221 malitia
901 4170 952 4222 in
977 4172 1171 4223 civitate
1195 4213 1207 4233 ,
1240 4189 1389 4238 quam
1424 4189 1522 4224 non
1552 4174 1668 4239 fecit
1697 4172 1942 4226 Dominus
1973 4173 1990 4241 (
2022 4173 2173 4227 Amos
2206 4176 2260 4229 5.

679 4260 760 4331 6),
785 4259 921 4313 hanc
958 4261 1090 4313 dixit
1116 4262 1390 4325 maiitiam,
1417 4262 1605 4315 famem
1627 4304 1639 4326 ε
1672 4263 1948 4328 morbum,
1981 4263 2204 4318 inﬂictas
2234 4279 2261 4317 a

684 4355 791 4407 Deo
814 4355 990 4423 plagas
1014 4371 1026 4405 :
1056 4355 1132 4408 sic
1161 4365 1212 4408 et
1242 4355 1483 4408 Christus
1510 4372 1629 4408 cum
1657 4356 1801 4421 dicit,
1832 4355 2264 4426 Suﬁicitdieima-

684 4449 790 4500 lilia
810 4465 900 4501 sua
926 4447 1133 4519 (Matth.
1167 4449 1218 4501 6.
1244 4448 1350 4515 5i),
1383 4449 1607 4502 sudores
1634 4449 1792 4513 dicit,
1818 4449 2052 4504 laborem
2079 4491 2092 4514 ,
2126 4449 2264 4503 afﬂi-

682 4540 934 4592 ctiouem.

755 4633 806 4685 7.
857 4631 968 4685 Hoc
992 4632 1150 4700 igitur
1178 4631 1304 4686 dicit
1331 4631 1584 4700 propheta
1611 4650 1622 4682 :
1647 4631 1722 4684 Ne
1755 4631 1954 4685 debiles
1983 4645 2044 4685 ac
2075 4631 2258 4686 remis-

686 4741 772 4778 sos
813 4739 907 4778 vos
951 4724 1176 4778 reddant
1219 4726 1731 4794 pseudoprophetae;
1781 4724 1918 4776 Deus
1943 4724 2083 4777 enim
2115 4724 2264 4776 vobis

687 4831 868 4881 pacem
909 4816 1083 4882 largiri
1117 4827 1324 4884 potest,
1365 4827 1415 4869 et
1446 4816 1734 4882 captivitati
1765 4830 1856 4867 vos
1890 4815 2098 4867 tradere
2128 4831 2138 4864 :
2171 4814 2270 4867 hoc

686 4916 786 4971 est,
822 4905 1038 4959 Facicns
1066 4925 1270 4975 pacem,
1301 4923 1344 4960 et
1383 4925 1554 4961 creans
1583 4911 1733 4960 nmio.
1766 4909 1938 4976 Atque
1968 4915 2021 4958 ut
2049 4905 2147 4958 hoc
2176 4920 2267 4958 vc-

688 5016 803 5053 rum
833 5014 952 5053 esse
982 5000 1264 5068 intelligas,
1291 5001 1431 5065 ipsas
1458 5000 1712 5053 dictiones
1742 4997 2036 5051 accuratius
2065 4996 2267 5048 exarui—

689 5106 894 5145 nemus.
946 5089 1078 5145 Cum
1111 5090 1250 5143 enim
1296 5101 1418 5144 ante
1459 5090 1719 5154 dixisset,
1765 5087 1878 5157 Ego
1919 5105 2024 5141 sum
2063 5091 2142 5155 qui
2177 5085 2271 5152 feci

690 5183 847 5235 lucem
864 5194 906 5234 et
925 5184 1168 5248 tenebras,
1191 5192 1312 5236 tunc
1329 5183 1548 5247 addidit,
1571 5181 1780 5234 Faciens
1805 5197 2006 5249 pacem,
2033 5190 2077 5231 ct
2097 5195 2272 5231 creans

692 5274 844 5326 mala.
877 5275 989 5328 Duo
1015 5278 1276 5329 contraria
1302 5291 1458 5343 supra
1489 5275 1680 5343 posuit,
1705 5289 1763 5325 ac
1795 5273 1988 5327 deinde
2013 5273 2118 5326 duo
2145 5287 2272 5325 con-

693 5370 884 5433 traria,
917 5379 971 5422 ut
1001 5370 1261 5438 intelligas
1291 5385 1411 5422 eum
1439 5384 1542 5422 non
1574 5369 1638 5420 de
1673 5365 2050 5430 fornicatione,
2085 5364 2176 5417 sed
2208 5364 2274 5418 de

694 5461 1076 5515 calamitatibus
1104 5461 1264 5530 loqui.
1298 5460 1431 5528 Quid
1464 5462 1603 5514 enim
1633 5456 1876 5526 estquod
1909 5457 2021 5525 paci
2048 5453 2272 5523 opponi-

698 5552 826 5608 tur?
858 5549 1070 5609 Clarum
1111 5565 1190 5608 est
1220 5554 1362 5622 quod
1402 5554 1467 5608 sit
1508 5551 1780 5620 captivitas
1805 5589 1819 5616 ,
1869 5564 1974 5602 non
2015 5546 2268 5612 lascivia,

1393 317 1449 368 S.
1489 309 1769 367 JOANNIS
1805 303 2280 364 CHRYSOSTOHI
2317 301 2634 357 ARCHIEP.
2662 299 3200 358 CONSTANTINOP.

3847 317 3978 373 152

2373 430 2544 486 neque
2574 413 2852 470 fornicatio
2874 456 2887 478 ,
2921 429 3095 485 neque
3129 412 3374 468 avaritia.
3420 411 3486 467 Ut
3529 411 3689 483 igitur
3709 417 3974 483 superius

2369 506 2479 561 duo
2505 506 2771 561 contraria
2800 508 2996 576 posuit,
3027 507 3106 562 sic
3133 505 3382 562 nimirum
3407 514 3462 560 et
3491 504 3592 560 hoc
3624 504 3744 561 loco
3773 523 3789 559 :
3818 519 3975 561 con—

2371 599 2530 652 traria
2562 613 2689 654 vero
2722 599 2838 668 paci
2864 614 2951 654 res
2977 606 3059 655 est
3086 614 3194 655 non
3222 598 3525 665 fornicatio,
3555 613 3728 669 neque
3751 599 3978 655 adulte-

2370 691 2505 744 rium
2528 731 2542 752 ,
2570 705 2743 760 neque
2770 689 2985 744 lascivia
3005 731 3020 752 .
3049 705 3223 761 neque
3251 690 3456 760 reliqua
3480 689 3642 755 vitia;
3667 687 3764 745 sed
3788 689 3976 760 capti-

2369 782 2505 837 vitas
2531 791 2586 837 et
2628 784 2876 839 servitus.
2923 781 3027 839 Sed
3055 783 3194 838 sicut
3226 798 3352 854 erga
3390 783 3653 839 elementa
3679 824 3694 849 ,
3724 782 3804 838 sic
3830 799 3973 854 erga

2370 890 2458 930 res
2484 877 2624 945 ipsas
2653 876 2895 931 homines
2922 875 3244 931 afficiuntur.
3279 875 3519 945 Exempli
3547 890 3708 931 causa
3731 893 3744 930 :
3771 890 3972 944 querno

2370 968 2654 1021 admodum
2683 966 2806 1022 fecit
2841 969 3012 1024 lucem
3039 977 3094 1022 et
3126 967 3395 1032 tenebras,
3426 978 3481 1022 et
3509 969 3688 1023 multis
3714 981 3834 1023 esse
3866 967 3974 1038 ju-

2368 1056 2541 1110 cunda
2569 1058 2654 1112 lux
2689 1059 2915 1126 videtur,
2942 1058 3176 1114 tenebrae
3203 1074 3330 1114 vero
3358 1059 3628 1126 molestae,
3653 1073 3716 1114 ac
3743 1068 3972 1115 noctem

2368 1151 2580 1218 quidam
2605 1160 2874 1222 tamquam
2903 1151 3093 1206 malam
3120 1161 3375 1207 accusant
3401 1169 3413 1205 :
3442 1152 3523 1208 sic
3549 1153 3797 1208 nimirum
3823 1164 3880 1208 et
3908 1153 3974 1208 in

2368 1244 2530 1298 rebus
2557 1244 2706 1313 ipsis.
2734 1246 2803 1297 At
2831 1260 3002 1315 neque
3030 1259 3132 1298 nox
3158 1253 3241 1298 est
3261 1243 3579 1310 accusanda,
3607 1258 3777 1313 neque
3803 1253 3973 1319 tene-

2369 1336 2499 1402 brae,
2524 1352 2697 1406 neque
2722 1337 2937 1391 omnino
2963 1337 3191 1391 servitus
3217 1345 3270 1390 et
3297 1335 3600 1402 captivitas.
3625 1335 3759 1404 Quid
3786 1336 3970 1402 enim,

2367 1441 2572 1497 quaeso,
2600 1426 2722 1480 mali
2754 1426 2948 1481 habent
2975 1427 3249 1480 tenebrae?
3276 1442 3452 1481 nonne
3477 1437 3600 1482 sunt
3629 1441 3657 1479 a
3684 1427 3974 1483 laboribus

2369 1519 2666 1573 relaxatio?
2698 1533 2874 1573 nonne
2922 1518 3168 1573 remissio
3213 1520 3502 1573 curarum?
3532 1534 3707 1575 nonne
3750 1519 3969 1575 doloris

2364 1611 2777 1666 exterminatio?
2805 1627 2979 1665 nonne
3006 1611 3195 1665 virium
3227 1612 3505 1666 accessio?
3530 1612 3682 1678 Quod
3720 1613 3765 1666 si
3801 1620 3967 1668 tene—

2368 1702 2477 1758 brtc
2518 1719 2625 1758 non
2672 1704 2890 1758 fuissent
2930 1713 2985 1759 et
3025 1719 3129 1758 nox
3154 1745 3166 1764 .
3211 1702 3421 1773 quando
3449 1703 3568 1758 luce
3615 1703 3763 1772 potiti
3802 1718 3964 1758 esse-

2367 1796 2527 1850 mus?
2571 1812 2744 1852 nonne
2787 1805 3094 1865 corruptum
3143 1795 3329 1851 fuisset
3368 1805 3527 1865 atque
3571 1796 3965 1864 interemptum

2368 1887 2469 1942 hoc
2507 1888 2702 1942 animal
2743 1889 2947 1942 homo?
2991 1887 3054 1943 Ut
3079 1896 3256 1942 autem
3285 1887 3536 1942 videntur
3573 1885 3785 1956 quidem
3826 1886 3966 1942 insi-

2368 1978 2632 2048 pientibus
2669 1980 2900 2033 tenebrae
2927 1979 3122 2032 malum
3148 1993 3268 2033 esse
3294 1977 3542 2047 quiddam
3566 2019 3581 2046 ,
3612 1978 3822 2033 tametsi
3848 1992 3964 2032 non

2366 2079 2522 2135 sunt,
2556 2085 2735 2124 verum
2783 2070 2847 2124 ad
2881 2070 3046 2138 ipsam
3075 2069 3216 2124 diem
3248 2070 3400 2123 nobis
3441 2078 3563 2124 sunt
3601 2072 3760 2136 usui,
3803 2079 3857 2126 et
3889 2071 3964 2124 ad

2365 2175 2548 2230 opera,
2573 2176 2689 2231 quae
2719 2162 2771 2214 in
2799 2162 2906 2228 ipsa
2930 2161 3265 2229 suscipimus,
3291 2161 3466 2229 quiete
3486 2169 3753 2216 recreatos
3775 2161 3967 2216 reddit

2365 2255 2598 2323 aptiores
2624 2270 2638 2306 :
2663 2255 2732 2308 ita
2758 2269 2928 2322 neque
2957 2254 3150 2308 malum
3177 2253 3304 2322 quid
3331 2261 3412 2307 est
3436 2253 3731 2322 captivitas,
3755 2253 3824 2308 de
3849 2267 3965 2322 qua

2364 2344 2662 2400 disserebat
2689 2346 2943 2414 propheta
2975 2361 3092 2399 cum
3129 2346 3330 2401 diceret
3354 2385 3369 2410 ,
3405 2344 3621 2399 Faciem
3660 2361 3838 2414 pacem
3861 2386 3878 2409 ,
3913 2354 3968 2398 et

2367 2450 2538 2487 cnam
2569 2436 2703 2487 mala
2737 2451 2756 2488 :
2790 2435 2882 2490 sed
2922 2451 3009 2490 res
3037 2437 3214 2490 utilior
3239 2444 3323 2490 est
3349 2437 3413 2491 iis
3441 2437 3532 2505 qui
3560 2445 3620 2490 ut
3648 2445 3860 2506 oportet
3889 2451 3960 2492 ea

2365 2526 2563 2582 fuerint
2587 2529 2698 2582 usi:
2724 2528 3162 2598 temperantiores
3186 2538 3364 2582 autem
3391 2543 3454 2582 ac
3475 2527 3835 2584 modestiores
3854 2544 3964 2585 eos

2364 2617 2560 2680 efficit,
2588 2616 2712 2672 dum
2745 2618 3096 2687 arrogantiam
3127 2616 3386 2672 retundit.

2449 2709 2616 2765 Virtus
2647 2728 2747 2764 non
2773 2721 2934 2782 potest
2965 2713 3015 2765 in
3050 2713 3333 2766 servitutem
3361 2711 3542 2782 redigi.
3573 2742 3646 2752 —
3668 2711 3782 2766 Non
3809 2713 3962 2767 enim

2366 2803 2416 2857 in
2448 2806 2755 2858 servitutem
2785 2803 2950 2873 redigi
2993 2812 3165 2872 potest
3190 2805 3358 2859 virtus
3383 2847 3397 2870 ,
3431 2820 3604 2873 neque
3632 2804 3699 2860 ab
3725 2805 3833 2859 ullo
3859 2819 3963 2859 su-

2365 2895 2562 2964 perari,
2592 2911 2695 2949 non
2724 2911 2753 2948 a
2783 2897 3058 2960 servitute,
3085 2911 3190 2949 non
3217 2911 3248 2949 a
3277 2896 3602 2965 captivitate,
3633 2913 3737 2951 non
3769 2913 3798 2952 a
3823 2913 3965 2966 pau-

2366 2995 2571 3054 pertate
2591 3029 2606 3054 ,
2640 3002 2742 3041 non
2774 2987 2841 3040 ab
2872 2988 2983 3052 ipsa
3012 2995 3217 3052 morte,
3249 3003 3367 3057 qua:
3391 2989 3631 3043 omnium
3658 2999 3740 3044 est
3769 2997 3966 3056 poten-

2365 3078 2588 3132 tissima.
2634 3078 2931 3134 Ostendunt
2969 3079 3020 3133 id
3059 3093 3247 3134 omnes
3273 3120 3287 3143 ,
3323 3079 3412 3148 qui
3454 3078 3572 3133 haec
3610 3081 3788 3134 omnia
3828 3091 3966 3135 sunt

2366 3170 2641 3238 perpessi,
2688 3179 2739 3224 et
2767 3185 2951 3223 eorum
2989 3185 3148 3240 opera
3178 3170 3435 3225 clariores
3462 3181 3767 3225 evaserunt.
3814 3171 3963 3242 Quid

2364 3260 2506 3314 enim
2535 3259 2767 3330 Iosepho
2793 3261 3020 3316 servitus
3050 3261 3268 3316 nocuit?
3301 3260 3452 3332 (nihil
3478 3263 3620 3318 enim
3647 3271 3787 3318 vetat
3814 3278 3964 3334 quo-

2367 3351 2542 3405 minus
2572 3351 2816 3406 eumdem
2842 3353 3012 3406 virum
3041 3353 3231 3407 iterum
3263 3353 3312 3406 in
3341 3354 3574 3408 medittm
3601 3355 3963 3425 adducamus)

2365 3440 2488 3510 quid
2538 3450 2711 3494 autem
2759 3441 3008 3496 vincula?
3049 3441 3174 3511 quid
3216 3442 3456 3497 catenae?
3483 3443 3608 3513 quid
3646 3445 3961 3502 calumnia!

2366 3532 2491 3601 quid
2531 3533 2774 3587 insidiae?
2816 3534 2938 3604 quid
2984 3536 3034 3589 in
3081 3536 3251 3590 aliena
3301 3538 3520 3607 regione
3561 3538 3964 3595 commoratio?

2366 3624 2500 3689 Quid
2528 3624 2722 3677 Jobum
2761 3625 2894 3679 laesit
2923 3634 3284 3680 armentorum
3315 3642 3378 3681 ac
3404 3642 3622 3697 gregum
3665 3629 3921 3685 interitus
3944 3673 3961 3699 ,

2369 3713 2601 3767 violenta
2626 3722 2681 3769 et
2700 3714 2978 3769 immatura
3009 3731 3152 3770 mors
3179 3717 3491 3783 liberorum,
3518 3720 3665 3789 plaga
3688 3723 3960 3790 corporis,

2367 3807 2627 3859 vermium
2672 3806 2841 3860 fontes
2865 3847 2878 3870 ,
2912 3805 3063 3860 dolor
3093 3806 3439 3863 intolerabilis
3457 3850 3474 3875 ,
3507 3809 3562 3863 in
3590 3809 3715 3864 ﬂmo
3741 3814 3921 3870 sessio
3945 3855 3961 3878 ,

2369 3897 2550 3951 uxoris
2581 3898 2806 3962 insidim,
2833 3898 3124 3952 amicorum
3149 3900 3459 3969 opprobria,
3483 3899 3803 3957 famulorum
3826 3918 3963 3958 con-

2366 3988 2544 4041 vicia?
2588 3988 2723 4056 Quid
2762 4002 2889 4042 vero
2918 3987 3119 4042 Lazaro
3162 3991 3376 4056 nocuit,
3419 3992 3560 4060 quod
3600 3993 3652 4047 in
3693 3992 3964 4049 vestibulo

2365 4080 2568 4149 jaceret
2613 4089 2664 4134 et
2710 4095 2897 4133 canum
2945 4081 3136 4149 linguis
3183 4081 3518 4150 lingeretur?
3560 4085 3684 4153 quid
3729 4085 3963 4141 laedebat

2369 4172 2616 4226 continua
2648 4172 2852 4227 fames?
2899 4173 3025 4242 quid
3053 4174 3232 4230 divitis
3272 4185 3605 4244 contemptus
3631 4218 3644 4242 ,
3685 4178 3910 4234 vulnera
3941 4221 3960 4246 ,

2369 4265 2731 4319 intolerandus
2755 4265 3009 4320 morbus?
3034 4268 3158 4337 quid
3186 4269 3326 4338 quod
3354 4268 3598 4326 desertus
3617 4271 3684 4324 ab
3710 4274 3960 4328 omnibus

2370 4365 2511 4409 esset
2540 4357 2626 4424 qui
2670 4358 2861 4424 juvare
2891 4364 3140 4424 possent,
3174 4357 3317 4427 quod
3354 4360 3420 4413 ab
3451 4361 3514 4414 iis
3538 4403 3552 4425 ,
3585 4362 3673 4431 qui
3714 4364 3962 4418 auxiliari

2373 4455 2625 4516 possent,
2653 4448 3125 4502 contemneretur?
3163 4449 3297 4516 Quid
3346 4449 3508 4503 Paulo
3539 4462 3839 4507 nocuerunt
3871 4456 3962 4510 illa

2371 4537 2629 4590 malorum
2671 4537 2911 4590 examina
2939 4577 2953 4597 ,
2980 4551 3223 4592 carceres
3247 4579 3262 4601 ,
3296 4539 3642 4596 abductiones
3667 4584 3680 4606 ,
3713 4552 3918 4597 mortes
3942 4585 3958 4609 ,

2371 4628 2766 4682 submersiones
2807 4641 2868 4680 ac
2903 4627 3118 4695 reliqua:
3142 4626 3454 4681 afﬂictiones
3479 4670 3492 4690 ,
3523 4645 3655 4697 quas
3679 4647 3838 4686 nemo
3868 4649 3962 4702 po-

2374 4723 2498 4774 terit
2547 4721 2783 4772 oratione
2831 4719 3162 4773 numerando
3204 4722 3564 4788 percensere?
3609 4723 3732 4778 llaec
3779 4726 3962 4778 omnia

2373 4811 2785 4874 considerantes,
2813 4811 3063 4864 malitiam
3089 4809 3366 4881 fugiamus,
3390 4812 3642 4868 virtutem
3660 4826 3962 4878 sectemur;

2376 4911 2428 4958 et
2453 4917 2682 4965 oremus,
2710 4918 2774 4955 ne
2799 4902 2850 4954 in
2873 4902 3216 4955 tentationem
3244 4902 3501 4957 intremus
3525 4923 3541 4958 :
3564 4905 3703 4974 quod
3728 4905 3771 4958 si
3795 4924 3965 4976 quau-

2376 4993 2447 5046 do
2473 4991 2808 5044 inciderimus
2832 5031 2847 5054 ,
2876 5006 2942 5045 ne
2969 5007 3107 5059 aegre
3135 4991 3386 5057 feramus,
3420 5008 3556 5050 neve
3583 4995 3956 5065 indignemur:

2377 5081 2639 5152 siquidem
2667 5096 2816 5136 arma
2844 5083 3049 5136 virtutis
3092 5081 3207 5137 lucc
3237 5093 3358 5137 sunt
3385 5085 3485 5148 iis,
3530 5087 3618 5154 qui
3657 5095 3713 5140 ut
3751 5099 3963 5156 Oportet

2378 5175 2462 5231 usi
2506 5173 2738 5239 fuerint,
2781 5184 2836 5228 et
2875 5173 3064 5228 horum
3109 5174 3347 5228 omnium
3392 5190 3552 5245 opera
3595 5178 3966 5234 celebritatem

2381 5271 2533 5325 nobis
2562 5271 2848 5339 poterimus
2876 5284 3188 5338 comparare
3212 5311 3225 5332 ,
3269 5270 3310 5322 si
3339 5270 3519 5338 vigiles
3549 5281 3602 5325 et
3627 5273 3818 5326 attenti
3845 5271 3965 5327 fue-

2381 5365 2546 5416 rimus
2569 5404 2582 5428 ,
2616 5377 2677 5417 ac
2708 5362 2856 5416 bonis
2885 5360 3078 5432 perfrui
3108 5363 3447 5430 sempiternis
3475 5381 3487 5417 :
3520 5380 3639 5434 quae
3668 5365 3828 5420 nobis
3857 5366 3964 5421 uti-

2383 5469 2503 5507 nam
2544 5453 2849 5522 coutingant
2887 5453 3181 5512 universis.
3227 5455 3276 5507 in
3318 5453 3530 5510 Christo
3570 5456 3696 5511 Jesu
3737 5458 3964 5513 Domino

2383 5554 2584 5611 nostro,
2613 5545 2693 5597 cui
2722 5545 2886 5613 gloria
2919 5545 2968 5598 in
3000 5544 3191 5598 saecula
3220 5546 3554 5601 saeculorum.
3588 5551 3781 5604 Amen.
