4130 6316
186 324 280 378 151

172 434 420 500 εἶναιτοῖς
437 440 673 504 πολλοις,
697 443 1084 510 αἰχμαλωσίας,
1109 445 1372 508 δουλείας,
1392 446 1712 515 ἀπαγωγῆς.

170 519 311 580 Τίνος
332 518 392 570 δὲ
421 519 608 574 ἓνεκεν
638 523 805 576 ταῦτα
837 526 1069 594 εἴρηται,
1103 527 1396 594 ἀναγκαῖον
1427 529 1598 579 εἰπεῖν

231 600 612 671 Φιλάνθρωπος
642 603 716 657 ὢν
745 607 772 658 6
799 605 947 668 Θεὸς,
984 607 1079 658 καὶ
1109 609 1237 675 περὶ
1264 609 1323 660 τὸ
1356 608 1523 661 ἐλεεῖν
1569 607 1712 671 ὀξὺς,

170 682 293 758 πρὸς
329 683 390 735 δὲ
426 684 485 735 τὸ
525 686 876 755 τιμωρεῖσθαι
922 687 1012 739 καί⁵
1056 690 1302 751 κολάζειν
1335 690 1712 758 ἀναδυόμενος,

174 756 308 832 [155]
329 763 471 816 ὥστε
495 766 566 834 μὴ
589 768 714 828 τοὺς
749 768 1024 832 Ἰουδαίους
1051 771 1382 838 παραδοῦναι
1405 756 1710 841 τιμωρίαις,

175 846 445 913 προφήτας
475 845 709 914 έπεμψε,
741 848 916 913 φοϐῶν
943 849 1136 911 αὐτοὺς
1167 849 1252 902 διὰ
1285 851 1392 903 τῶν
1432 853 1712 921 ῥημάτων,

171 924 296 976 ὣστε
335 925 412 993 μὴ
441 925 664 978 κολάσαι
693 926 778 981 διὰ
804 929 911 980 τῶν
938 930 1298 999 πραγμάτων,
1333 932 1469 1003 ὅπερ
1495 934 1588 986 καὶ
1620 933 1714 986 ἐπὶ

170 1005 265 1054 τῶν
291 1005 336 1055 Ν
347 1005 588 1058 ινευιτῶν
622 1009 814 1064 ἐποίει.
849 1012 954 1064 Καὶ
993 1012 1100 1081 γὰρ
1129 1015 1244 1065 ἐκεῖ
1274 1014 1392 1066 τότε
1419 1015 1517 1084 τὴν
1561 1015 1712 1067 πόλιν

171 1088 526 1154 καταστρέψαι
553 1089 975 1161 ἡπείλησεν,ούχ
992 1093 1075 1146 ἵνα
1097 1095 1466 1166 καταστρέψῃ,
1491 1095 1602 1148 ἀλλ’
1626 1097 1712 1150 ἵνα.

173 1167 235 1234 μὴ
263 1170 645 1240 καταστρέψῃ·
674 1173 811 1240 ὅπερ
849 1169 942 1226 οὖν
969 1175 1060 1228 καὶ
1085 1177 1318 1243 ἐγένετο.
1336 1178 1502 1230 Τοῦτο
1526 1178 1588 1247 δὴ
1620 1179 1712 1232 καὶ

168 1249 274 1328 τότε
302 1248 559 1320 ἔπραττε,
595 1253 690 1304 καὶ
721 1257 997 1325 προφήτας
1024 1255 1286 1326 ἔπεμπεν,
1310 1258 1545 1312 ἀπειλῶν
1579 1259 1710 1328 βαρ-

169 1327 334 1398 ϐάρων
386 1331 589 1397 ἔφοδον,
642 1334 945 1404 πολέμους,
1003 1339 1397 1408 αἰχμαλωσίας,
1448 1327 1707 1406 δουλείας,

169 1409 479 1480 ἀπαγωγὴν.
517 1412 612 1481 τὴν
634 1415 690 1467 ἐν
718 1416 971 1487 ἀλλοτρία
999 1418 1294 1489 διατριϐήν.
1332 1421 1441 1473 Καὶ
1461 1422 1709 1493 καθάπερ

168 1493 334 1561 πατὴρ
366 1494 712 1566 φιλόστοργος
742 1500 905 1553 παῖδα
935 1502 1230 1555 ἀκόλαστον
1247 1503 1385 1572 ἔχων
1417 1506 1510 1558 καὶ
1544 1506 1708 1575 ῥᾴθυ-

171 1590 292 1655 μον,
324 1579 652 1645 σωφρονίσαι
683 1580 868 1644 θέλων,
907 1584 1130 1651 ἱμάντας
1168 1586 1429 1654 ἐπιζητεῖ,
1468 1587 1707 1655 σχοίνους

168 1654 385 1718 ἀπειλεῖ,
414 1657 585 1725 λέγων
607 1672 621 1686 ⁸
644 1663 797 1731 Δήσω
816 1701 830 1725 ,
873 1662 1131 1731 μαστίξω,
1178 1666 1474 1736 ἀναιρήσω,
1503 1654 1603 1720 καὶ
1631 1669 1709 1736 γί-

169 1753 302 1788 νεται
331 1741 387 1789 ἐν
405 1741 516 1800 τοῖς
541 1743 743 1811 ῥήμασι
774 1742 1019 1814 φοϐερὸς,
1042 1746 1180 1797 ῶστε
1200 1746 1368 1818 ταύτῃ
1391 1748 1487 1814 τὴν
1512 1750 1707 1803 κακίαν

167 1818 460 1872 ἀναστεῖλαι
476 1821 568 1872 τοῦ
584 1824 699 1874 νέου
722 1839 733 1852 ·
761 1823 900 1876 οὕτω
923 1824 983 1894 δὴ
1013 1826 1105 1879 καὶ
1136 1830 1163 1880 6
1191 1827 1320 1890 Θεὸς
1347 1828 1554 1898 ἠπείλει
1580 1847 1707 1881 συν-

165 1897 311 1965 εχῶς,
341 1900 419 1967 τῷ
471 1897 617 1970 φόϐῳ
645 1904 861 1972 ποιῆσαι
891 1905 1126 1973 βελτίους
1153 1897 1490 1978 βουλόμενος.
1523 1912 1707 1964 Ταῦτα

166 1979 293 2045 ὁρῶν
325 1982 353 2032 6
378 1981 642 2044 διάϐολος,
683 1985 772 2036 καὶ
805 1986 1119 2056 βουλόμενος
1145 1989 1369 2041 ἐκλῦσαι
1395 1991 1491 2060 τὴν
1519 1994 1580 2042 ἐκ
1609 1991 1706 2060 τῆς

165 2062 402 2141 τοιαύτης
435 2063 661 2134 ἀπειλῆς
693 2066 973 2137 διόρθωσιν
1003 2071 1308 2140 γινομένην,
1341 2073 1547 2141 καθῆκε
1577 2073 1707 2140 ψευ-

163 2140 509 2212 δοπροφήτας,
545 2148 636 2198 καὶ
665 2147 768 2199 τῶν
803 2151 1093 2219 προφητῶν
1114 2140 1480 2204 ἀπειλούντων
1504 2154 1702 2221 αἰχμα-

164 2219 370 2288 λωσίαν,
406 2225 496 2276 καὶ
520 2224 780 2292 δουλείαν,
811 2230 905 2282 καὶ
933 2230 1141 2299 λιμοὺς,
1170 2234 1362 2286 ἐκεῖνοι
1389 2234 1456 2286 τά
1489 2219 1706 2288 ἐναντία

166 2302 347 2384 ελεγον,
385 2307 624 2376 εἰρήνην,
649 2309 951 2380 εὐετηρίαν,
975 2314 1068 2364 καὶ
1101 2315 1307 2384 μυρίων
1334 2315 1549 2382 ἀγαθῶν
1574 2316 1706 2369 ἀπόο

163 2382 353 2439 λαυσιν.
389 2387 480 2439 Διὸ
503 2390 596 2441 καί¹
632 2391 971 2458 ὀνειδίζοντες
1000 2382 1188 2458 αὐτοῖς
1206 2397 1254 2448 οἱ
1283 2399 1556 2467 προφῆται
1585 2398 1702 2450 ἔλε-

162 2479 243 2526 γον
265 2483 278 2496 ·
308 2469 554 2536 Εἰρήνη,
589 2471 824 2539 είρήνη·
851 2475 948 2527 καὶ
972 2477 1088 2530 ποῦ
1119 2476 1292 2530 ἔστιν
1314 2479 1563 2546 είρήνη;
1596 2481 1704 2531 Καὶ

162 2547 259 2598 ὅσοι
286 2548 392 2600 τῶν
424 2550 739 2620 φιλολόγων,
785 2555 937 2608 τοῦτο
976 2559 1173 2621 ἴσασιν,
1207 2559 1281 2621 ώς
1315 2561 1528 2613 ἅπαντα
1566 2578 1702 2629 κρα-

162 2631 257 2712 τεῖν
287 2633 327 2693 ⁸,
359 2633 396 2682 ἃ
427 2636 535 2694 τοῖς
579 2640 880 2704 προφήταις
923 2640 1058 2709 πρὸς
1086 2642 1212 2703 τοὺς
1257 2642 1703 2712 ψευδοπροφήτας

163 2707 426 2793 ἐγένοντο,
444 2713 729 2793 ἐκλύοντας
758 2718 846 2769 τοῦ
874 2707 1000 2772 λαοῦ
1023 2723 1119 2790 τὴν
1149 2707 1401 2793 σπούδήν.
1442 2707 1703 2776 Ἐπεὶ-οὖν

159 2783 314 2868 οὕτως
345 2787 628 2853 ἐκλύοντες
669 2793 973 2864 διέφθειραν
1001 2783 1090 2849 τὸν
1120 2798 1264 2862 λαὸν,
1301 2783 1465 2868 φήσὶν
1506 2802 1533 2851 6
1574 2801 1702 2864 Θεὸς

159 2865 233 2918 διά
254 2868 354 2920 τῶν
378 2872 694 2940 προφητῶν·
731 2875 873 2941 Ἐγὼ
893 2880 925 2928 ό
943 2879 1082 2942 Θεὸς
1104 2879 1286 2931 ποιῶν
1304 2865 1569 2948 εἰρήνην,
1601 2882 1699 2934 καί

160 2948 348 3032 κτίζων
367 2951 542 3006 κακά.
581 2955 688 3006 Καὶ
723 2959 846 3007 ποία
878 2959 1048 3022 κακά;
1082 2959 1268 3013 Ταῦτα
1313 2963 1381 3014 τά
1415 2963 1696 3032 εἰρημένα,

158 3029 535 3098 αἰχμαλωσίαν,
557 3036 812 3101 δουλείαν,
837 3040 928 3091 καὶ
947 3042 1045 3094 ὅσα
1066 3043 1286 3096 τοιαῦτα
1309 3061 1320 3073 ·
1341 3045 1401 3096 οὑ
1422 3048 1694 3116 πορνείαν,

161 3111 240 3161 καὶ
273 3113 580 3182 ἀσέλγειαν,
618 3119 710 3170 καὶ
741 3119 1071 3187 πλεονεξίαν,
1101 3124 1219 3177 οὐδὲ
1239 3124 1366 3178 ἀλλο
1395 3111 1507 3179 τῶν
1525 3127 1696 3181 τοιού-

160 3195 441 3278 των-οὐδέν.
481 3198 579 3250 Διά
619 3199 774 3253 τοῦτο
803 3204 895 3255 καὶ
924 3205 951 3256 6
988 3205 1171 3274 ἔτερος
1197 3208 1478 3278 προφήτης
1504 3208 1690 3275 ειπὼνι

162 3274 375 3356 Εἰέστι
409 3279 585 3330 κακία
621 3281 688 3332 ἐν
715 3285 904 3348 πόλει,
935 3284 1014 3351 ἣν
1041 3274 1255 3353 Κύριος
1283 3274 1390 3341 οὐκ
1424 3274 1692 3356 ἐποίησε,

155 3353 338 3437 ταύτην
370 3357 516 3426 λέγει
550 3360 644 3431 τὴν
679 3365 893 3426 κακίαν,
947 3368 1072 3429 τοὺς
1096 3369 1304 3437 λιμοὺς,
1352 3371 1450 3433 τάς
1484 3353 1691 3435 νόσους,

268 3437 559 3522 θεηλάτους
606 3443 837 3512 πληγάς.
879 3445 1034 3500 Οὕτω
1082 3432 1174 3502 καί,
1204 3451 1232 3501 6
1279 3432 1527 3522 Χριστὸς,
1565 3432 1692 3508 ὅταν

155 3515 288 3603 λέγῃ.
342 3520 608 3587 Ἀρκετὸν
647 3524 722 3592 τῇ
772 3527 956 3596 ἡμέρᾳ
1006 3531 1044 3598 ἡ
1086 3533 1262 3584 κακία
1319 3515 1522 3603 αὐτῆς,
1567 3537 1693 3598 τοὺς

154 3597 506 3684 ἰδρώτάθπὸν
528 3606 748 3684 μόχθον,
778 3610 876 3680 τὴν
907 3611 1275 3682 ταλαιπωρίαν
1303 3615 1451 3684 φησί.

211 3680 269 3742 ζ’.
301 3683 470 3765 Τοῦτο
492 3683 582 3740 οὖν
605 3705 765 3756 φησιν
786 3692 814 3742 6
836 3696 1115 3762 προφήτης
1135 3680 1256 3765 ⁸Μὴ
1275 3680 1416 3764 ὑμᾶς
1434 3697 1690 3751 ἐκλυέτω⁸

152 3776 236 3812 σαν
265 3764 774 3848 οᾼίᾲψευδοπροφῆται
797 3788 809 3802 ·
832 3773 860 3823 6
882 3774 987 3842 γάρ
1006 3774 1135 3837 Θεὸς
1160 3764 1286 3844 ὑμῖν
1316 3779 1537 3848 εἰρήνην
1566 3779 1688 3831 δοῦ-

151 3861 219 3927 ναι
279 3846 498 3927 δύναται
519 3891 533 3914 ,
561 3854 681 3927 ’καὶ
715 3854 1071 3927 Δαἰχμαλωσίςι
1112 3846 1443 3927 παραδοῦναι
1464 3846 1502 3890 ·-
1534 3878 1690 3913 τουτο

148 3912 295 3972 ἐστιν,
346 3917 403 3967 Ὀ
447 3912 632 3972 ποιῶν
675 3912 939 3990 εἰρήνην,
977 3912 1074 3976 mil
1120 3912 1326 3987 κτίζων
1368 3912 1689 3985 κακάξκαὶ

148 3993 218 4079 ίνα
247 3996 424 4069 μάθῃς
451 4001 532 4053 ότι
558 4002 714 4054 τοῦτό
747 4006 890 4057 ἐστιν
925 4007 1140 4077 ἀληθὲς,
1176 4010 1343 4072 αὑτὰς
1374 4011 1471 4073 τὰς
1515 4013 1688 4079 λέξεις

148 4073 511 4163 βασανίσωμεν
539 4084 674 4150 μετά
714 4073 1025 4156 ἀκριϐείας.-
1057 4090 1238 4144 Εἰπὼν
1267 4090 1376 4163 γάρ
1399 4073 1687 4162 ἀνω,’.έ’γώ

144 4157 312 4244 εἰμι-ό
342 4162 605 4244 ποιήσας
649 4164 774 4232 φῶς
824 4168 920 4220 καί
959 4172 1196 4237 σκότος,
1238 4157 1359 4225 τότε
1414 4157 1684 4244 ἐπήγαγε,

145 4238 317 4292 Ποιῶν
336 4243 608 4310 εἰρήνην,
639 4247 739 4299 καὶ
765 4249 972 4307 κτίζων
1001 4253 1175 4306 κακά.
1209 4254 1312 4306 Δύο
1339 4238 1685 4310 ἐναντία

144 4319 350 4384 τέθεικε,
393 4324 488 4376 καὶ
517 4325 610 4380 δύο
634 4329 848 4382 ἐναντία
892 4333 1028 4400 μετὰ
1057 4333 1247 4400 ταῦτα,
1274 4336 1360 4388 ἵνα
1395 4337 1572 4408 μάθῃς
1602 4339 1683 4390 δτι

140 4404 189 4490 οὐ
210 4407 330 4490 περὶ
351 4409 610 4476 πορνείας
634 4410 802 4479 λέγει,
832 4413 966 4468 ἀλλά
989 4417 1116 4486 περὶ
1148 4433 1210 4469 συ
1219 4404 1461 4489 μφορῶν.
1488 4404 1550 4472 Τί
1576 4421 1686 4490 γὰρ

142 4484 610 4571 ἀντιδιαστέλλεται
624 4496 690 4563 τῇ
717 4496 903 4567 εἰρήνῃ
926 4517 938 4562 ;
958 4484 1190 4568 Εὔδηλον
1216 4484 1295 4553 δτι
1316 4484 1680 4571 αἰχμαλωσία,

138 4567 222 4656 vim
255 4568 533 4656 ἀσέλγεια,
569 4574 691 4626 οὐδὲ
718 4579 962 4647 πορνεία,
992 4567 1110 4634 ούδέ
1137 4567 1435 4647 πλεονεξία..
1473 4585 1682 4656 Ὠσπερ

137 4645 214 4700 οἷν
243 4652 499 4725 ἀνωτέρω
532 4657 749 4712 ἐναντία
780 4645 872 4712 δύο
901 4662 1164 4728 τέθεικεν,
1194 4645 1352 4718 οὕτω
1381 4664 1446 4734 δὴ
1470 4669 1562 4720 καὶ
1593 4645 1680 4721 tv;

185 4801 307 4872 '_‘_05
328 4807 515 4872 ἅπαντα
552 4809 754 4870 κρατεῖν.
791 4810 904 4858 Haec
922 4812 1031 4872 jure
1070 4815 1235 4864 vitiata
1277 4817 1505 4866 videmur
1527 4819 1676 4869 Savil.

135 4858 332 4940 gedALale
358 4867 528 4940 νίιὶυιο
553 4858 660 4940 εἰει.⁸
677 4858 1679 4940 υι-ἱηωεεῖιηίι*Ιεδοιίέῖιιυί-έῖτῖηῖθὶὶίίξ

134 4934 174 4968 ra
191 4934 338 4971 .'0cum
357 4932 625 4978 restituere
650 4934 925 4980 mutaverit.

419 5760 698 5818 ιἈΤιιοι..
743 5761 857 5819 Gn.
910 5765 1053 5825 LVI.

789 328 854 382 IN
888 325 1090 384 ιω.υο
1122 327 1348 395 ΙΞΑΙᾸΞ,
1383 324 1518 384 EGO
1559 328 1862 386 DOMINUS
1899 330 2078 388 DEUS
2108 330 2261 388 FECI
2299 330 2559 399 LUMEN,
2593 328 2744 386 ETC.

3266 349 3376 404 152

1816 444 1989 500 ταῦθα
2013 465 2027 479 ·
2055 448 2294 502 ἐναντίον
2324 447 2380 499 δὲ
2404 451 2470 517 τῇ
2498 449 2686 518 εἰρήνῃ
2720 448 2780 499 ού
2828 445 3072 518 πορνεία,
3103 445 3222 498 οὐδὲ
3263 463 3379 515 μοι-

1817 529 1956 596 χεία,
1988 529 2106 580 οὐδὲ
2129 529 2401 598 ἀσέλγεια,
2431 527 2578 599 [156]
2605 530 2724 582 ούδέ
2747 529 2802 581 αἰ
2823 527 3006 580 λοιπαὶ¹
3027 526 3234 591 κακίαι,
3265 529 3378 581 ἀλλ’

1815 607 2156 678 αἰχμαλωσία
2199 611 2293 662 καὶ
2337 609 2567 662 δουλεία.
2617 609 2756 662 Ἀλλ’
2793 609 2929 679 ὅπερ
2962 611 3051 660 ἐπὶ
3091 607 3198 660 τῶν
3238 625 3381 660 στοι-

1815 689 1974 757 χείων
2036 690 2323 759 πάσχουσι,
2375 690 2533 744 τοῦτο
2579 691 2672 744 καὶ
2717 692 2809 744 ἐπί
2849 691 2957 742 τῶν
3017 690 3376 760 πραγμάτων.

1815 766 1939 823 υἷόν
1975 788 2027 823 τι
2061 772 2227 839 λέγω·
2257 771 2443 843 ὥσπερ
2482 775 2704 843 ἐποίησε
2747 773 2862 840 φῶς
2898 774 2993 825 καὶ
3028 773 3238 834 σκότος,
3285 774 3378 825 καὶ

1815 852 2026 915 πολλοῖς
2069 854 2129 905 τὸ
2157 854 2256 924 μὲν
2299 853 2413 922 φῶς
2457 855 2556 925 ἡδὺ
2595 855 2742 908 δοκεῖ
2779 851 2939 916 εἰναι,
2983 854 3044 906 τὸ
3085 853 3142 907 δέ
3188 854 3378 916 σκότος

1813 934 2064 1004 ἐπαχθὲς,
2121 937 2213 988 καὶ
2257 935 2600 989 διαϐάλλουσι
2640 935 2739 1006 τὴν
2791 935 2957 988 νύκτα
3003 936 3078 1000 ὼς
3133 935 3375 1005 πονηράν

1810 1033 1935 1069 τινα
1967 1012 2162 1069 οὖσαν·
2198 1016 2338 1070 οὕτω
2367 1017 2424 1070 δὲ
2448 1019 2541 1071 καὶ
2572 1018 2795 1071 ἐπὶτῶν
2827 1017 3191 1088 πραγμάτων.
3235 1017 3373 1069 Ἀλλ’

1811 1104 1934 1158 οὔτε
1973 1104 2073 1175 τὴν
2129 1105 2297 1159 νύκτα
2333 1106 2666 1176 διαϐλητέον,
2721 1107 2838 1162 ούδέ
2896 1107 2956 1160 τδ
3004 1108 3212 1169 σκότος,
3256 1109 3376 1161 οὐδὲ

1811 1186 1997 1252 ἀπλῶς
2021 1189 2120 1258 τὴν
2149 1187 2409 1252 δουλείαν,
2437 1189 2529 1242 καὶ
2576 1188 2674 1260 τὴν
2700 1189 3093 1260 αἰχμαλωσίαν.
3141 1188 3206 1240 Τί
3243 1189 3371 1258 γὰρ,
3409 1223 3412 1226 η

1811 1269 1930 1322 είπὲ
1977 1287 2085 1340 μοι,
2118 1271 2317 1339 φαῦλον
2356 1272 2465 1342 ἔχει
2505 1271 2566 1324 τὸ
2607 1271 2828 1337 σκότος;
2861 1273 2981 1342 οὐχὶ
3022 1271 3198 1325 πόρων
3227 1273 3374 1324 ἐστὶν

1810 1351 2143 1415 ἀνάπαυσιςς
2174 1355 2293 1425 οὐχὶ
2328 1354 2620 1424 φροντίδων
2638 1353 2849 1419 ἀνεσις;
2885 1356 3002 1424 οὐχ).
3021 1355 3195 1423 λύπης
3225 1353 3374 1406 ἀναίρ

1813 1448 1990 1501 ρεσις;
2020 1435 2138 1504 οὐχὶ
2187 1435 2367 1505 ἰσχύος
2401 1437 2716 1506 προσθήκης
2759 1435 2820 1488 Εἰ
2863 1436 2918 1488 δὲ
2975 1436 3048 1505 μὴ
3082 1436 3272 1498 σκότος
3305 1432 3372 1504 ἦν

1809 1514 1902 1566 καὶ
1932 1514 2047 1579 νὺξ,
2083 1517 2211 1569 πότε
2257 1517 2322 1571 ἂν
2359 1517 2739 1587 ἀπελαύσαμεν
2776 1516 2868 1570 τοῦ
2918 1518 3130 1584 φωτόςς
3186 1519 3284 1569 οὐκ
3309 1517 3375 1569 ἂν

1809 1595 2067 1665 διεφθάρη
2103 1599 2196 1650 καὶ
2245 1599 2493 1652 ἀπώλετο
2525 1598 2682 1651 τοῦτο
2709 1600 2768 1652 τὸ
2802 1599 2938 1661 ζῶον
2983 1600 3011 1650 6
3057 1598 3373 1669 άνθρωποςζ

1811 1675 2020 1744 Ὠσπερ
2051 1677 2108 1730 δὲ
2133 1678 2194 1730 τὸ
2227 1679 2414 1739 σκότος
2449 1677 2596 1732 δοκεῖ
2641 1681 2737 1750 μὲν
2777 1682 2888 1742 τοῖς
2933 1681 3178 1751 ἀνοήτοις
3233 1675 3372 1731 εἶναι

1808 1757 1997 1821 κακὸν,
2023 1759 2122 1812 οὑκ
2145 1759 2258 1813 ἐστι
2290 1760 2365 1822 δὲ,
2390 1759 2522 1814 ἀλλὰ
2559 1761 2693 1831 πρὸς
2719 1762 2815 1832 τὴν
2851 1763 3058 1832 ἡμέραν
3089 1764 3220 1832 ἡμῖν
3246 1779 3372 1814 συν-

1806 1839 1968 1900 τελεῖ,
2003 1840 2094 1893 καὶ
2121 1842 2256 1911 πρὸς
2294 1843 2390 1904 τὰς
2419 1845 2674 1912 ἐργασίας
2705 1846 2762 1898 ἐν
2800 1845 2934 1916 αὐτῇ
2973 1845 3099 1905 τοὺς
3133 1845 3374 1895 ἀναπαυ-

1808 1919 2071 1989 σαμένους
2099 1922 2563 1993 ἐπιτηδειοτέρους
2605 1926 3036 1987 κατασκευάζει·
3075 1923 3216 1975 οὕτω
3254 1923 3374 1974 οὐδὲ

1807 2002 2148 2070 αἰχμαλωσία
2181 2005 2411 2072 φαῦλον·
2460 2007 2588 2074 περί⁸
2625 2002 2692 2075 ἦς
2722 2009 2748 2058 6
2785 2008 3070 2076 προφήτης
3108 2005 3374 2071 διελέγετο

1805 2080 1996 2148 λέγων,
2043 2084 2098 2135 '0
2133 2085 2318 2138 ποιῶν
2342 2085 2612 2152 είρήνην,
2644 2085 2741 2139 καὶ
2790 2086 2996 2147 κτίζων
3024 2086 3179 2140 κακά
3205 2105 3216 2119 ·
3240 2087 3374 2139 ἀλλά

1807 2163 2220 2233 χρησιμώτερον
2244 2169 2354 2228 τοῖς
2382 2168 2459 2228 είς
2485 2166 2603 2219 δέον
2632 2169 2933 2237 χρωμένοις
2957 2184 2970 2198 ·
3006 2168 3374 2238 σωφρονεστέ-

1810 2260 1935 2312 ρους
1959 2244 2012 2296 δὲ
2042 2247 2134 2299 καὶ
2178 2247 2613 2316 ἐπιεικεστέρους
2640 2251 2783 2302 ποιεῖ
2819 2251 3222 2320 περικόπτουσα
3243 2249 3372 2303 ἀπό·

1807 2342 1973 2380 νοιαν.

1888 2407 2209 2463 Ἀδούλωτον
2240 2411 2348 2483 γὰρ
2378 2415 2410 2483 ἠ
2446 2414 2636 2485 ἀρετή,
2683 2415 2776 2466 καὶ
2810 2413 2960 2468 οὐδὲν
3001 2415 3171 2484 αὐτῆς
3215 2431 3371 2484 περι-

1803 2489 2050 2555 γενέσθαι
2073 2489 2272 2545 δύναιτ’
2312 2494 2396 2559 ἂν,
2426 2496 2486 2548 οὐ
2513 2495 2744 2560 δουλεία,
2768 2496 2868 2549 ούκ
2903 2496 3271 2567 αἰχμαλωσία,
3306 2496 3369 2549 οὐ

1805 2569 1981 2632 πενία,
2016 2572 2074 2623 ού
2103 2573 2272 2637 νόσος,
2304 2575 2401 2627 οὐκ
2456 2577 2610 2642 αὐτὸ,
2654 2577 2681 2630 ὃ
2721 2577 2936 2630 πάντων
2975 2578 3369 2648 τυραννικώτε-

1806 2667 1917 2721 ρον,
1950 2653 1977 2702 6
1997 2653 2242 2715 θάνατος.
2280 2656 2389 2709 Καὶ
2415 2657 2663 2726 δηλοῦσιν
2691 2659 2930 2722 ἀπαντες
2960 2660 3008 2712 οἰ
3029 2659 3202 2713 ταῦτα
3235 2661 3369 2713 ὑπο·-

1807 2731 2084 2799 μείναντες
2108 2732 2343 2798 ἅπαντα,
2379 2738 2470 2790 καὶ
2496 2737 2562 2790 δι’
2586 2739 2764 2792 αὐτῶν
2801 2739 3063 2809 μειζόνως
3108 2739 3370 2810 λάμψαν-

1805 2830 1914 2875 τες.
1941 2812 2003 2866 Τί
2040 2813 2149 2884 γὰρ
2179 2813 2269 2867 τὸν
2313 2816 2511 2888 Ἰωσὴφ
2557 2819 2789 2890 ἔϐλαψεν
2834 2822 2866 2890 ή
2909 2821 3153 2883 δουλεία;
3197 2822 3370 2892 (οὐδὲν

1803 2896 1911 2962 γὰρ
1942 2895 2138 2948 κωλύει
2168 2897 2327 2950 πάλιν
2361 2900 2454 2952 τὸν
2505 2902 2667 2955 αὐτὸν
2698 2903 2864 2976 ἄνδρα
2899 2906 2978 2968 εἰς
3023 2906 3187 2975 μέσον
3227 2907 3364 2971 ἀγαη

1802 2979 1918 3042 γεῖν
1942 2978 1979 3046 ο)
2012 2978 2066 3029 τί
2097 2978 2205 3048 γάρ
2236 2979 2304 3032 τά
2347 2981 2555 3052 δεσμά;
2599 2986 2650 3037 τί
2687 2985 2743 3038 δὲ
2789 2988 2844 3039 αί
2879 2988 3134 3052 ἀλύσεις;
3163 2987 3215 3039 τί
3249 2989 3305 3040 δὲ
3333 2990 3365 3056 ἡ

1806 3061 2168 3127 συκοφαντία;
2192 3062 2245 3114 τί
2269 3063 2321 3116 δὲ
2355 3065 2386 3134 ἡ
2411 3065 2706 3135 ἐπιϐουλῆς
2740 3068 2793 3121 τί
2821 3069 2877 3122 δὲ
2901 3072 2933 3140 ἡ
2958 3072 3049 3123 ἐπὶ
3081 3071 3180 3140 τῆς
3209 3070 3365 3123 ἀλλος

1802 3141 1953 3209 τρίας
1971 3142 2219 3214 διατριϐή
2241 3160 2254 3205 ;
2284 3145 2325 3195 Τ
2333 3145 2347 3196 ί
2377 3146 2466 3198 τὸν
2504 3147 2674 3218 Ἰὼϐή
2704 3150 2810 3201 τῶν
2835 3151 3124 3219 βουκολίων
3151 3150 3368 3203 καὶτῶν

1803 3223 2062 3291 ποιμνίων
2091 3225 2388 3293 ἀναίρεσις,
2419 3229 2448 3279 6
2472 3225 2643 3296 βίαιος
2674 3230 2767 3282 καὶ
2792 3231 2967 3300 ἄωρος
3006 3230 3114 3285 τῶν
3157 3231 3364 3284 παίδων

1799 3301 2045 3366 θάνατος,
2083 3305 2116 3372 ἡ
2145 3304 2444 3377 πληγὴτοῦ
2476 3308 2742 3379 σώματος,
2769 3313 2825 3365 αἱ
2864 3313 3037 3382 πηγαὶ
3075 3313 3183 3365 τῶν
3219 3329 3366 3365 σκωο

1797 3382 1998 3455 λήκων,
2022 3387 2055 3454 ἡ
2086 3384 2242 3456 ὀδύνη
2269 3389 2301 3456 ἡ
2329 3388 2718 3462 ἀκαρτέρητος,
2761 3394 2792 3463 ή
2838 3394 2930 3446 ἐπὶΙ
2979 3395 3079 3464 τῆς
3130 3395 3364 3464 κοπρίας

1797 3465 2051 3536 καθέδρα,
2082 3468 2115 3536 ἠ
2147 3468 2400 3540 ἐπιϐουλὴ
2447 3471 2544 3541 τῆς
2591 3475 2865 3541 γυναικὸς,
2917 3476 2984 3530 τὰ
3035 3477 3212 3546 ὀνείδη
3255 3477 3363 3528 τῶν

1797 3547 1985 3613 φίλων,
2019 3549 2072 3600 αί
2100 3549 2357 3620 λοιδορίαι
2390 3552 2500 3606 τῶν
2537 3555 2796 3620 οἰκετῶν;
2827 3557 2890 3609 Τί
2908 3557 2965 3609 δὲ
3000 3558 3088 3610 τὸν
3115 3559 3364 3626 Λάζαρον

1795 3628 1856 3681 τὸ
1884 3631 1942 3682 ἐν
1972 3629 2049 3700 τῷ
2076 3631 2282 3686 πυλῶνι
2314 3635 2548 3698 κεῖσθαι,
2573 3639 2668 3690 καὶ
2687 3641 2806 3701 ταῖς
2837 3639 3106 3706 γλώσσαις
3143 3639 3250 3694 τῶν
3272 3657 3366 3692 κυ-

1796 3710 1901 3764 νῶν
1961 3712 2381 3782 περιλείχεσθαι,
2441 3719 2535 3770 καὶ
2575 3717 2604 3770 6
2638 3713 2790 3789 λιμὸς
2834 3722 2862 3773 6
2890 3721 3160 3792 διηνεκὴς,
3197 3725 3288 3776 καὶ
3328 3725 3361 3784 ἠ

1798 3793 2065 3876 ὑπεροψία
2112 3796 2207 3848 τοῦ
2252 3797 2524 3863 πλουσίου,
2573 3803 2663 3854 καὶ
2710 3801 2780 3855 τὰ
2824 3804 3132 3874 τραύματα,
3189 3807 3281 3859 καὶ
3325 3809 3357 3876 ἡ

1797 3874 1946 3937 νόσος
1978 3878 2009 3945 ἠ
2041 3877 2332 3949 ἀφόρητος,
2368 3882 2460 3934 καὶ
2488 3883 2518 3952 ἡ
2551 3884 2754 3954 ἐρημία
2783 3885 2892 3939 τῶν
2923 3874 3356 3958 προϊσταμένων,

1795 3958 1887 4009 καὶ
1919 3959 1949 4026 ἡ
1984 3959 2250 4028 ὑπεροψία
2290 3963 2396 4015 τῶν
2433 3963 2799 4033 βοηθούντων;
2827 3968 2892 4020 Τί
2923 3969 2980 4022 δὲ
3011 3970 3101 4023 τὸν
3148 3971 3356 4024 Παῦλον

1793 4040 1858 4120 αίῗ
1873 4039 2086 4103 νιφάδες
2110 4041 2330 4096 ἐκείνων
2345 4045 2453 4097 τῶν
2476 4044 2880 4116 δεσμωτηρίων,
2901 4050 3008 4102 τῶν
3023 4051 3354 4120 ἀπαγωγῶν,

1792 4119 1900 4171 τῶν
1931 4121 2196 4186 θανάτων,
2231 4124 2340 4176 τῶν
2372 4128 2845 4195 καταποντισμῶν,
2864 4131 2972 4184 τῶν
2999 4132 3196 4188 λοιπῶν
3239 4153 3358 4187 πει-

1795 4202 2036 4282 ρασμῶν,
2082 4203 2148 4266 ἃς
2201 4205 2321 4257 οὐδὲ
2363 4205 2506 4278 λόγῳ
2567 4209 2926 4282 ἐξαριθμῆσαι
2992 4215 3102 4282 ἐνις
3171 4218 3357 4272 Ταῦτα

1791 4279 2005 4371 ἀπάντα
2048 4283 2514 4371 ἀναλογισάμενοι,
2561 4279 2769 4346 κακίαν
2797 4279 3104 4366 φεύγωμεν,
3155 4300 3354 4371 ἀρετὴν

1789 4359 2098 4446 διώκωμεν·
2129 4367 2221 4419 καὶ
2255 4369 2538 4438 εὐχώμεθα
2581 4373 2678 4441 μὲν
2714 4374 2787 4446 μὴ
2809 4359 3072 4432 εἰσελθεῖν
3094 4359 3204 4442 εἰς’
3231 4359 3353 4434 πείο

1793 4445 2042 4534 ρασμόν·¹
2071 4448 2119 4500 εἰ
2155 4449 2211 4502 δέ
2243 4467 2369 4534 ποτε
2407 4451 2754 4534 ἐμπέσωμεν,
2790 4458 2864 4528 μὴ
2900 4460 3170 4532 ἀλύωμεν,
3217 4465 3352 4534 μηδὲ

1787 4524 2224 4614 δμσχεραίνωμεν
2238 4545 2252 4558 ·
2276 4533 2369 4583 καὶ
2382 4533 2490 4602 γὰρ
2517 4534 2657 4587 ὅπλα
2692 4524 2808 4590 ἐστῖ
2830 4524 3002 4595 ταῦτα
3024 4524 3229 4614 ἀρετῆς
3240 4524 3353 4610 τοϊς

1786 4606 1864 4688 είς
1887 4606 2003 4660 δέον
2035 4610 2357 4678 χρωμένοις,
2390 4616 2485 4666 καὶ
2507 4616 2844 4688 δυνησόμεθα
2873 4622 2961 4676 διὰ
3002 4606 3217 4679 πάντων
3258 4606 3351 4681 εὐί-

1784 4685 2024 4773 δοκιμεῖν
2044 4690 2138 4773 ἐὰν
2163 4693 2440 4764 νήφωμεν,
2463 4697 2555 4748 καὶ
2581 4685 2688 4752 τῶν
2708 4685 2945 4758 αἰωνίων
2971 4706 3190 4773 ἀγαθῶν
3209 4709 3348 4764 ἀπο-

1784 4767 2006 4862 λαύσαι·
2045 4765 2120 4862 ὧν
2149 4775 2356 4862 γένοιτο
2388 4777 2592 4862 πάντας
2629 4765 3078 4862 ήμᾶςᾼέπιτυχέῖν
3111 4792 3169 4844 ἐν
3209 4793 3347 4862 Χριο

1943 4853 2116 4941 Ἰησρῦ
2172 4855 2252 4941 τῷ
2300 4856 2487 4929 Κυρίῳ
2543 4862 2716 4931 ήμῶν,
2747 4860 2792 4935 ᾧ
2842 4871 2874 4940 ή
2925 4851 3048 4936 δόξα
3101 4875 3180 4936 εἰς
3222 4851 3348 4941 τοὺς

1785 4934 1987 4998 αἰῶνας
2007 4936 2114 4990 τῶν
2140 4937 2370 4996 αἰώνων.
2423 4943 2612 5015 Ἀμήν.

2915 5777 2987 5837 10
