4148 6306
1014 375 1082 431 ΙΝ
1121 374 1345 444 lLLUD,
1382 374 1657 442 DOMINE,
1700 373 1778 430 ΝΟ

1877 374 2002 431 EST
2041 374 2106 429 IN
2147 373 2423 441 llOMINE,
2478 374 2625 432 ETC.
3318 399 3427 453 154

208 584 3390 623 W

957 916 1299 988 DOMINE,
1335 916 1493 976 NON
1526 917 1668 975 EST
1694 918 1775 977 IN
1806 915 2123 977 HOMINE
2156 914 2293 974 VIA
2324 914 2528 989 EJUS,
2561 930 2694 973 ETC.

209 1162 373 1217 ἰδεῖν.
414 1163 587 1216 Τοῦτο
622 1166 721 1235 μὲν
750 1164 859 1236 γὰρ
896 1164 1004 1218 ἀπὸ
1030 1167 1138 1219 τῶν
1190 1166 1432 1219 παλαιῶν
1462 1167 1917 1238 παραδειγμάτων
1966 1165 2129 1220 αὑτοῦ
2158 1166 2421 1233 (fortassis
2467 1164 2684 1235 αὐτοὺς)
2714 1164 2947 1234 ἐλέγχει,
2986 1161 3059 1226 ὡς
3107 1162 3235 1214 ὅταν
3267 1161 3421 1231 λέγη,

222 1274 363 1327 Ἰδοὺ
393 1275 493 1337 τὰς
520 1275 669 1338 ὁδούς
705 1293 796 1329 σου
824 1278 881 1329 ἐν
904 1276 983 1348 τῷ
1014 1276 1368 1347 πολυανδρίῳ,
1398 1276 1491 1328 καὶ
1518 1276 1584 1328 τὰ
1614 1275 1757 1345 ἑξῆς.
1793 1296 1810 1327 ι

290 1404 421 1460 Haec
446 1407 515 1461 de
542 1406 847 1477 bujusmodi
875 1406 1312 1474 Commentariis,
1354 1407 1443 1475 qui
1472 1408 1716 1463 consulto
1750 1408 2092 1476 praetermissi
2117 1416 2260 1462 sunt.
2303 1406 2427 1461 Hrec
2454 1415 2633 1460 autem
2656 1405 2873 1459 homilia
2905 1405 2956 1460 in
2988 1406 3164 1459 locum
3184 1404 3425 1461 Jeremia

209 1538 443 1607 optima:
462 1549 604 1595 notae
626 1549 728 1607 est,
751 1542 967 1612 suisque
989 1557 1047 1597 se
1073 1541 1282 1598 indiciis
1306 1543 1486 1612 prodit
1511 1558 1630 1598 esse
1676 1543 2062 1615 Chrysostomi.
2095 1546 2230 1598 Nam
2272 1545 2373 1599 sub
2424 1543 2634 1597 initium
2681 1543 2757 1597 ait
2792 1556 2851 1596 se
2882 1555 3054 1611 nuper
3088 1539 3155 1595 de
3186 1537 3329 1593 Petri
3375 1548 3426 1594 et

210 1674 376 1731 Pauli
398 1679 763 1735 controversia
798 1681 989 1753 egisse,
1037 1688 1325 1751 posteaque
1350 1696 1409 1738 se
1438 1683 1577 1738 beati
1607 1682 1872 1737 Eustathii
1918 1684 2186 1753 praeconia
2217 1698 2465 1739 sermone
2500 1684 2835 1754 complexum
2863 1699 3003 1751 esse,
3054 1694 3215 1756 atque
3239 1684 3428 1740 deinde

212 1810 279 1864 S.
322 1810 556 1866 Romani
606 1813 852 1882 martyris
891 1813 1075 1868 laudes
1103 1815 1467 1883 percurrisse:
1503 1813 1654 1884 queis
1688 1813 1951 1868 indicatur
1980 1815 2119 1869 hanc
2147 1815 2460 1869 concionem
2484 1815 2778 1870 secundum
2832 1816 2947 1872 illas
2979 1832 3165 1872 omnes
3194 1819 3428 1874 habitam

212 1944 411 2001 fuisse.
462 1947 521 2002 ln
542 1950 686 2005 nulla
711 1968 871 2021 porro
893 1966 1077 2007 earum
1114 1951 1239 2006 anni
1264 1959 1391 2006 nota
1423 1951 1507 2007 vel
1535 1950 1753 2005 minima
1783 1960 2078 2021 comparet.
2110 1951 2274 2022 ldque
2297 1954 2472 2009 solum
2503 1954 2771 2021 novimus,
2796 1969 2888 2010 eas
2913 1971 3101 2011 omnes
3136 1956 3427 2011 Antiochia

212 2081 435 2137 habitas
465 2083 654 2140 fuisse.
688 2085 880 2156 Agitur
910 2086 997 2142 hic
1022 2087 1090 2142 de
1116 2086 1208 2141 illo
1233 2086 1494 2141 versiculo
1523 2085 1785 2149 Jeremiae,
1816 2083 2054 2149 Domine,
2101 2102 2203 2139 non
2230 2086 2380 2139 estin
2426 2086 2627 2140 homine
2656 2088 2740 2140 via
2769 2089 2900 2156 ejus,
2934 2105 3093 2156 neque
3129 2090 3279 2142 homo
3315 2089 3426 2153 ibit,

214 2227 267 2271 et
298 2219 490 2288 diriget
518 2236 750 2290 gressum
772 2237 943 2275 suum.
985 2220 1057 2275 Ex
1085 2221 1281 2290 quibus
1325 2221 1503 2274 verbis
1543 2222 1755 2290 quidam
1804 2221 2140 2276 occasionem
2170 2194 2459 2291 captabant
2486 2222 2639 2277 liberi
2682 2224 2898 2280 tollendi
2943 2226 3167 2281 arbitrii.
3192 2226 3301 2281 Hos
3330 2242 3428 2296 pro

214 2361 364 2416 virili
392 2361 638 2415 confutat
676 2359 733 2413 S.
767 2360 973 2415 doctor.

291 2494 673 2564 lnterpretatio
706 2494 893 2548 Latina
930 2503 1013 2547 est
1050 2494 1334 2547 Frontonis
1364 2493 1560 2547 Dircaei.

3271 2754 3415 2768 -ἥ

241 2962 312 3005 IN
358 2958 565 3003 LOCUH
608 2954 800 2997 ILLUM
841 2950 1184 2995 PROPHETE
1226 2949 1537 3004 JEREMIE,
1582 2948 1778 2992 DOMIN

1894 2947 2015 2991 NON
2060 2947 2169 2990 EST
2212 2948 2275 2990 IN
2320 2949 2564 2992 HUMINE
2609 2950 2709 2993 VIA
2756 2950 2901 2993 EJUS
2928 2976 2943 3006 ,
2997 2949 3202 3003 NEQUE
3249 2950 3428 2994 HOMO

968 3058 1118 3114 IBIT,
1162 3055 1241 3098 ET
1281 3054 1538 3097 DIMGET
1583 3052 1863 3097 GRESSUM
1890 3050 2058 3094 suum
2102 3031 2187 3110 (α)
2234 3028 2387 3111 (Jer.
2437 3034 2530 3091 10.
2575 3032 2699 3112 23).

1923 3213 2199 3225 *-

1759 3194 1915 3247 W

1486 3218 1755 3232 ..υ-...-

288 3375 347 3427 1.
372 3371 538 3440 Hujus
574 3367 833 3423 sensibilis
860 3364 1182 3434 publicaeque
1213 3366 1311 3416 vim
1338 3369 1509 3431 partes
1535 3358 1771 3427 quaedam

212 3463 393 3533 plana:
418 3458 627 3528 quidem
659 3464 780 3511 sunt
802 3470 864 3508 ac
888 3454 1063 3518 lzeves,
1090 3450 1326 3521 quaedam
1348 3463 1474 3503 vero
1498 3457 1773 3517 praeruptae

211 3563 381 3620 atque
421 3563 655 3618 asperae;
703 3546 779 3600 sic
816 3555 870 3599 et
911 3543 1194 3611 Scriptum
1237 3554 1400 3594 sacra:
1439 3548 1614 3609 partes
1658 3538 1774 3591 aliae

212 3649 352 3697 sunt
374 3656 437 3695 ex
464 3654 522 3693 se
546 3637 787 3692 omnibus
812 3635 1078 3690 intellectu
1112 3632 1323 3697 faciles,
1366 3631 1484 3683 alia:
1523 3630 1773 3696 majorem

212 3732 544 3800 diligentiam
586 3742 647 3781 ac
674 3728 905 3781 laborem
946 3724 1236 3792 requirunt.
1281 3724 1357 3775 Ae
1395 3735 1491 3774 nos
1528 3719 1767 3787 quidem,

212 3837 345 3877 cum
381 3836 474 3888 per
502 3817 766 3887 planitiem
805 3815 1095 3883 levemque
1135 3812 1274 3865 viam
1318 3810 1639 3873 incedimus,
1682 3824 1774 3863 ne-

213 3925 375 3966 cesse
405 3923 505 3962 non
533 3916 629 3971 est,
663 3916 719 3959 ut
744 3903 1023 3959 admodum
1049 3902 1228 3956 attenti
1259 3901 1461 3957 simus:
1499 3914 1618 3953 cum
1649 3913 1773 3952 vero

214 4016 321 4071 per
340 4013 576 4067 asperam
598 4004 650 4051 et
672 4003 964 4065 angustam,
988 4006 1207 4061 qumque
1227 4005 1283 4044 se
1308 3989 1371 4044 ad
1393 3989 1559 4058 ipsum
1580 3988 1772 4043 montis

216 4103 475 4143 cacumen
500 4084 765 4149 extendat,
792 4092 846 4138 et
871 4080 1168 4152 przecipitiis
1185 4079 1408 4149 undique
1428 4077 1769 4133 circumclusa

219 4180 296 4233 sit
314 4219 328 4241 ,
379 4190 485 4231 tum
512 4176 651 4245 vigili
677 4183 851 4229 mente
880 4173 1029 4228 nobis
1054 4185 1185 4240 opus
1206 4180 1321 4236 est,
1355 4185 1474 4224 cum
1505 4170 1603 4224 loci
1630 4168 1769 4222 diffi-

216 4271 393 4323 cultas
418 4277 623 4335 torpere
651 4281 753 4318 non
798 4264 957 4317 sinat.
1002 4261 1346 4329 Quantumvis
1383 4260 1521 4314 enim
1566 4258 1771 4313 modice

216 4358 340 4428 quis
366 4356 685 4425 negligenter
704 4354 940 4421 aspiciat,
968 4352 1011 4405 si
1040 4351 1209 4405 solum
1233 4365 1322 4417 pes
1342 4349 1661 4417 prolabatur,
1687 4356 1769 4401 to-

219 4460 331 4501 tum
362 4460 553 4515 corpus
579 4445 628 4499 in
656 4458 891 4512 prmceps
919 4442 1061 4507 ruit,
1110 4449 1163 4495 et
1203 4441 1246 4495 si
1274 4440 1325 4493 in
1364 4440 1550 4493 vallem
1600 4440 1770 4508 capite

216 4541 471 4595 inclinato
501 4535 828 4604 deSpexerit,
866 4533 1189 4588 tenebricosa
1215 4540 1489 4599 correptus
1519 4531 1769 4600 vertigine

215 4630 549 4683 deturbatur.
575 4625 663 4680 Sic
688 4635 741 4678 et
765 4624 816 4677 in
847 4623 1113 4691 Scriptura
1138 4621 1309 4675 divina
1329 4620 1565 4689 qumdam
1591 4620 1769 4675 faciles

216 4726 342 4771 sunt
368 4730 431 4768 ac
461 4714 629 4781 planae
653 4712 924 4765 sententiae
943 4750 958 4774 ,
987 4724 1116 4778 quas
1144 4710 1258 4763 sine
1282 4710 1459 4763 labore
1488 4710 1610 4763 licet
1650 4726 1768 4777 pcr-

215 4818 433 4861 eurrere
465 4821 480 4857 :
508 4801 745 4870 quaedam
770 4798 1060 4866 asperiores
1087 4805 1138 4850 et
1165 4806 1438 4865 przeruptte
1455 4837 1469 4857 ,
1514 4812 1639 4865 quas
1664 4814 1767 4852 non

217 4898 288 4951 ita
317 4894 467 4948 facile
493 4892 645 4946 fuerit
684 4903 972 4959 permeare.
1002 4887 1281 4957 Propterea
1312 4888 1493 4956 vigiles
1516 4897 1569 4941 et
1596 4898 1767 4943 atten-

217 4998 301 5041 tos
322 5000 443 5039 esse
466 4992 683 5037 cunctos
707 4988 946 5048 oportet,
976 4979 1096 5032 dum
1125 4978 1382 5047 ejusmodi
1413 4978 1523 5033 loca
1552 4994 1767 5048 percur-

218 5080 385 5131 rimus
409 5116 423 5140 ,
465 5087 531 5126 ne
574 5072 626 5124 in
669 5085 929 5123 summum
956 5069 1136 5123 salutis
1168 5069 1449 5124 discrimen
1478 5070 1765 5124 veniamus.

221 5166 421 5221 Idcirco
452 5175 548 5215 nos
573 5159 833 5214 interdum
859 5158 909 5211 in
953 5157 1274 5213 facilioribus
1311 5173 1403 5212 vos
1438 5174 1763 5225 exercemus,

219 5266 609 5321 nonnumquam
633 5249 696 5302 ad
726 5246 1013 5301 difficiliora
1034 5246 1361 5313 deducimus,
1386 5256 1441 5301 ut
1461 5260 1513 5302 et
1538 5249 1765 5305 laborem

216 5348 453 5402 levemus
478 5386 491 5408 .
528 5352 582 5402 et
606 5342 972 5413 negligentiam
1010 5345 1348 5397 excutiamus.
1390 5344 1457 5398 Ut
1498 5345 1635 5398 enim
1678 5346 1764 5412 qui

215 5452 426 5506 semper
452 5434 749 5489 facilitatem
777 5432 1131 5501 experiuntur,
1159 5433 1484 5488 remissiores
1508 5434 1634 5486 ﬁunt
1659 5452 1670 5485 :
1695 5434 1761 5487 ita

298 5590 348 5645 al
381 5587 559 5639 Pollam
583 5600 691 5640 cum
716 5583 829 5647 00d.
853 5590 967 5647 Reg.
990 5583 1126 5642 2343,
1145 5595 1194 5632 et
1210 5596 1317 5632 cum
1339 5586 1623 5635 Colbertinis
1646 5586 1765 5647 ωδο

214 5657 268 5700 et
284 5646 423 5716 ηιξ).
452 5650 505 5698 In
530 5646 667 5716 titulo
686 5654 797 5716 post
819 5646 910 5713 has
928 5646 1085 5704 Voces,
1109 5657 1319 5707 gressum
1337 5658 1489 5706 suum,
1516 5646 1615 5696 haec
1636 5646 1764 5695 addit

214 5712 421 5771 uirilius,
450 5718 494 5760 et
516 5705 703 5769 diriget
720 5705 842 5755 tiam
863 5705 980 5765 ejus.

1877 3356 1966 3423 qui
1996 3364 2250 3423 perpetuo
2276 3353 2339 3406 ad
2368 3352 2632 3419 asperiora
2662 3350 3063 3419 pertrahuntur,
3096 3348 3327 3402 animum
3355 3348 3433 3401 la-

1877 3444 2005 3498 bore
2044 3442 2313 3513 defatigati
2362 3440 2708 3511 despondent.
2758 3440 3009 3507 Quocirca
3052 3439 3271 3492 mixtum
3317 3453 3436 3492 esse

1878 3542 2085 3602 Oportet
2113 3533 2366 3587 doctrinae
2392 3546 2555 3601 genus
2574 3571 2587 3595 ,
2636 3538 2691 3585 et
2733 3545 2872 3583 nunc
2900 3529 3107 3597 quidem
3136 3529 3264 3594 hoc,
3293 3542 3436 3581 nunc

1877 3631 2055 3675 autem
2092 3620 2219 3674 illud
2246 3629 2473 3673 tractare
2496 3658 2511 3683 ,
2554 3628 2610 3673 ut
2649 3633 2819 3687 neque
2848 3632 2997 3671 mens
3040 3618 3174 3672 ultra
3217 3617 3429 3670 modum

1878 3713 2175 3777 relaxetur,
2225 3726 2395 3781 neque
2434 3725 2616 3765 rursus
2655 3711 2773 3778 plus
2798 3724 2953 3778 quam
2982 3723 3077 3779 par
3113 3717 3192 3763 est
3236 3708 3429 3761 intenta

1877 3802 2145 3872 frangatur
2164 3844 2178 3865 ,
2204 3811 2259 3856 et
2292 3801 2557 3855 laboribus
2584 3799 2863 3869 defatigata
2891 3798 3117 3853 deﬁciat.
3146 3797 3430 3862 Propterea

1878 3906 2043 3959 nuper
2067 3907 2187 3945 cum
2213 3891 2279 3945 de
2314 3890 2472 3945 Petro
2496 3899 2550 3944 et
2575 3890 2736 3944 Paulo
2770 3888 3197 3942 disseruissemus
3235 3887 3253 3955 (
3277 3885 3431 3939 Tomo

1876 3977 1995 4044 111,
2020 3979 2118 4032 col.
2136 3979 2231 4032 571
2258 3976 2413 4048 sqq.),
2441 3986 2494 4031 et
2514 3976 2581 4030 de
2606 3985 2781 4029 exorta
2810 3975 2948 4028 inter
2974 3974 3114 4043 ipsos
3140 3973 3431 4027 Antiochia:

1875 4067 2231 4121 controversia
2255 4106 2268 4129 ,
2313 4077 2641 4134 pugnamque
2672 4064 2814 4117 illam
2837 4103 2852 4128 ,
2885 4078 3001 4132 qua:
3022 4064 3162 4117 inter
3192 4077 3284 4117 eos
3313 4077 3430 4117 esse

1875 4155 2185 4218 videbatur,
2236 4170 2363 4224 pace
2405 4156 2589 4220 quavis
2619 4154 2878 4208 utiliorem
2921 4153 3071 4207 vobis
3112 4152 3430 4207 ostendisse-

1876 4261 1991 4300 mus
2015 4289 2030 4312 ,
2071 4261 2296 4316 cumque
2335 4246 2398 4300 ad
2436 4254 2747 4315 prmruptam
2785 4254 2837 4299 et
2864 4260 3103 4313 asperam
3145 4258 3240 4298 vos
3286 4244 3427 4297 illam

1876 4336 2011 4390 viam
2053 4337 2447 4391 deduxissemus
2477 4352 2495 4389 :
2530 4337 2775 4405 quoniam
2817 4335 3123 4403 defatigatus
3170 4332 3422 4395 vidimus,

1875 4426 2112 4495 sequenti
2154 4426 2238 4479 die
2278 4426 2343 4479 ad
2369 4426 2509 4479 aliud
2537 4433 2897 4491 argumentum
2942 4436 3031 4475 vos
3072 4420 3423 4484 traduxiuius,

1874 4515 1999 4569 dum
2040 4516 2178 4570 beati
2225 4514 2478 4569 Eustathii
2518 4513 2775 4583 praeconia
2820 4510 3180 4576 narravimus,
3229 4522 3282 4566 et
3308 4522 3427 4580 post

1876 4604 2019 4656 illum
2071 4605 2314 4671 generosi
2370 4601 2613 4671 martyris
2656 4600 2875 4655 Romani
2931 4601 3110 4655 laudes
3158 4604 3424 4669 percurri-

1872 4707 1988 4745 mus
2016 4689 2085 4761 (a
2106 4693 2123 4758 )
2144 4730 2157 4754 ,
2192 4704 2309 4743 cum
2348 4689 2597 4744 illustrius
2627 4690 2777 4743 nobis
2804 4690 2991 4743 factum
3022 4698 3103 4745 est
3128 4690 3387 4745 theatrum
3406 4732 3421 4757 ,

1874 4781 2094 4848 amplior
2118 4780 2418 4848 applausus,
2448 4794 2510 4833 ac
2539 4779 2705 4849 major
2732 4781 2979 4848 strepitus
3000 4780 3418 4835 acclamantium.

1873 4870 1941 4925 Ut
1967 4872 2106 4923 enim
2136 4871 2178 4924 si
2209 4871 2325 4939 quis
2351 4870 2435 4923 ubi
2462 4869 2699 4924 defessus
2726 4869 2899 4935 fuerit,
2931 4869 3121 4924 deinde
3146 4870 3195 4922 in
3221 4876 3421 4937 pratum

1873 4959 2225 5027 ingrediatur,
2255 4958 2479 5028 gaudet,
2512 4974 2573 5013 ac
2606 4958 2915 5023 delectatur,
2948 4958 3069 5011 dum
3107 4956 3235 5009 nihil
3271 4971 3422 5025 aspe-

1871 5062 2009 5111 rum,
2037 5048 2162 5101 nihil
2195 5048 2467 5101 molestum
2496 5047 2753 5112 intuetur,
2785 5044 2873 5099 sed
2902 5044 3295 5109 recreationcm,
3323 5059 3421 5099 vo-

1872 5138 2144 5206 luptatem,
2168 5152 2228 5191 ac
2249 5138 2461 5193 delicias
2489 5136 2676 5189 multas
2701 5152 2713 5187 :
2743 5134 2818 5187 sic
2846 5141 2896 5186 et
2919 5146 3011 5186 vos
3036 5142 3143 5186 tum
3171 5134 3427 5202 temporis

1872 5229 2041 5282 allecti
2072 5228 2233 5281 eratis
2257 5266 2269 5289 ,
2302 5226 2424 5279 dum
2453 5232 2566 5292 post
2606 5222 2810 5275 labores
2854 5221 2973 5275 illos
3002 5235 3062 5275 ac
3082 5220 3425 5277 difﬁcultates

1873 5317 2139 5370 concionis
2186 5316 2359 5378 illius,
2407 5322 2669 5379 tamquam
2719 5311 2771 5365 in
2819 5320 3023 5379 pratum
3063 5310 3340 5381 quoddam
3361 5324 3418 5361 tn

1874 5415 2157 5475 martyrum
2187 5404 2365 5457 laudes
2404 5404 2653 5471 ingressi,
2698 5402 2857 5455 multa
2885 5416 3004 5456 cum
3032 5404 3417 5472 tranquillitate

1872 5498 1975 5550 illis
1994 5512 2087 5549 vos
2114 5496 2316 5549 deliciis
2340 5495 2659 5565 explevistis.
2690 5493 2801 5549 Non
2829 5496 2966 5549 enim
2996 5504 3104 5549 tum
3130 5504 3278 5549 erant
3301 5510 3419 5563 prc-

2215 5647 2387 5755 rigicde
2410 5655 2453 5697 s.
2494 5648 2731 5699 Eustathio
2770 5654 2820 5700 et
2846 5649 2908 5698 de
2932 5655 2973 5698 s.
3006 5656 3205 5698 uomano
3231 5653 3418 5692 sermo-

2215 5723 2238 5755 γ
2330 5744 2337 5754 .

1928 5648 2000 5707 (α)
2032 5654 2120 5694 Pan

1867 5721 1957 5756 nes
1978 5715 2120 5756 τοιηο
2144 5707 2161 5754 ι
