4148 6306
662 358 772 413 155

657 463 937 516 heusiones
967 475 1028 514 ac
1055 458 1218 511 mutui
1246 472 1412 511 nexus
1433 499 1445 521 ,
1482 472 1651 527 neque
1677 458 1832 513 lucta:
1878 472 1941 510 ac
1985 455 2211 509 declina-

656 553 825 605 tiones
854 548 1097 617 (a),scd,
1125 549 1334 602 nemine
1356 548 1679 612 obluctante,
1709 547 1818 600 sola
1844 545 2103 613 expedita,
2135 560 2219 598 so-

652 641 761 695 luta
806 650 858 694 et
904 639 1063 692 libera
1114 638 1283 691 oratio
1321 636 1643 691 decertabat.
1709 634 1909 689 ldcirco
1953 648 2122 687 autem
2166 644 2219 688 et

651 729 905 783 illustrior
934 737 1062 791 crat,
1088 736 1141 780 et
1167 727 1329 780 sacris
1355 725 1699 780 conventibus
1724 726 1913 792 aptior,
1940 724 2215 791 majorem-

652 834 756 889 que
784 818 989 871 laudem
1019 817 1340 885 rcportabat.
1370 816 1500 869 Cum
1523 815 1663 868 enim
1691 830 1771 879 ea,
1804 831 1921 883 qua:
1952 814 2214 877 dicuntur,

656 925 774 963 cum
803 908 1049 962 facilitate
1075 921 1224 961 meus
1251 907 1549 960 auditorum
1584 906 1897 973 assequitur,
1932 904 2093 956 multa
2119 919 2215 956 vo-

654 999 850 1066 luptate
879 999 1110 1066 perfusa,
1140 994 1203 1049 ad
1233 995 1663 1048 acclamationem
1692 1001 1745 1046 et
1766 993 1971 1047 laudem
1994 993 2217 1047 oratoris

658 1089 938 1142 excitatur.
978 1085 1197 1153 Quando
1240 1086 1395 1153 igitur
1418 1083 1626 1139 abunde
1655 1098 1747 1137 vos
1783 1082 1866 1136 his
1908 1082 2094 1136 diebus
2134 1098 2215 1135 re-

651 1178 972 1240 creavimns,
1006 1191 1173 1245 neque
1199 1175 1476 1229 molestum
1507 1182 1599 1227 aut
1624 1188 1784 1243 grave
1812 1172 2093 1241 quidquam
2125 1188 2214 1225 ve-

651 1279 779 1321 stra:
822 1268 1111 1336 objecimus
1163 1268 1406 1331 caritati,
1448 1281 1545 1335 age
1596 1280 1777 1320 rursus
1824 1266 1978 1319 hodie
2018 1280 2112 1318 vos
2150 1266 2213 1318 ad

654 1359 883 1429 priorem
913 1358 1341 1412 exercitationem
1372 1356 1725 1421 traducamus,
1752 1366 1805 1411 et
1848 1355 1914 1410 ad
1943 1355 2027 1410 illa
2070 1356 2213 1410 Scri-

653 1457 822 1519 pturte
852 1448 1079 1503 difficilia
1110 1449 1243 1515 loca,
1274 1464 1390 1517 qure
1420 1448 1578 1501 multa
1607 1447 1841 1517 indigent
1885 1446 2214 1501 animadver-

653 1540 832 1605 sione,
866 1541 1237 1593 transferamus
1260 1580 1276 1606 ,
1319 1554 1424 1592 non
1467 1547 1524 1593 ut
1557 1538 1735 1592 labore
1760 1552 1853 1592 vos
1886 1538 2176 1607 affligamus
2199 1579 2212 1602 ,

655 1627 747 1683 sed
778 1637 830 1681 ut
858 1643 1227 1690 exerceamus,
1257 1642 1361 1698 quo
1390 1629 1597 1697 possitis
1631 1628 1742 1681 hzec
1770 1629 1925 1681 etiam
1958 1628 2069 1681 loca
2096 1643 2214 1681 cum

654 1719 934 1773 securitate
975 1732 1299 1785 percurrere.
1351 1718 1416 1771 Ut
1457 1732 1581 1787 ergo
1621 1726 1728 1771 tum
1778 1718 2027 1785 temporis
2070 1717 2215 1770 initio

654 1807 864 1876 quidem
908 1822 1077 1877 pugna
1108 1808 1344 1877 qumdam
1384 1821 1500 1861 esse
1538 1821 1599 1860 ac
1641 1811 1908 1860 contentio
1940 1807 2211 1861 videbatur

653 1898 1032 1967 apostolorum,
1053 1907 1324 1966 postquam
1346 1906 1521 1951 autem
1544 1898 1788 1965 scopulos
1810 1897 1925 1951 illos
1956 1911 2211 1951 conscen-

652 1988 858 2051 dimus,
892 2002 1100 2041 sursum
1132 1987 1321 2041 deinde
1345 1986 1573 2055 Spiritus
1608 1986 1831 2040 fructum
1877 1988 2173 2055 aspeximus
2197 2026 2211 2050 ,

651 2077 921 2132 caritatem
948 2120 961 2141 ,
991 2077 1272 2146 gaudium,
1314 2092 1495 2147 pacem
1527 2076 1676 2145 (Gal.
1710 2078 1762 2131 5.
1795 2074 1923 2147 Ἡ),
1956 2086 2008 2132 et
2047 2093 2213 2146 neque

652 2168 845 2233 inanis,
878 2184 1049 2237 neque
1076 2183 1499 2237 supervacaneus
1530 2168 1625 2222 fuit
1645 2169 1791 2223 labor
1813 2179 2010 2235 nuster,
2045 2171 2131 2224 sed
2160 2171 2211 2223 iu

658 2258 893 2312 l:rtitiam
917 2259 1070 2313 desiit
1095 2276 1107 2311 :
1130 2260 1207 2313 sic
1232 2269 1284 2312 et
1306 2259 1463 2312 hodie
1488 2269 1776 2313 vestrarum
1808 2274 2018 2327 precum
2044 2261 2210 2313 subsi-

651 2347 739 2401 dio
769 2349 934 2401 fretus
966 2346 1196 2401 futurum
1224 2347 1434 2401 confido
1456 2391 1470 2412 ,
1511 2357 1587 2412 ut,
1620 2347 1665 2400 si
1693 2348 1949 2415 patienter
1969 2356 2021 2401 et
2051 2349 2208 2401 multa

649 2453 766 2492 cum
795 2438 1067 2493 tolerantia
1098 2438 1418 2507 propositum
1448 2438 1597 2491 nobis
1621 2439 1716 2491 iter
1739 2438 2100 2504 conficiamus,
2133 2448 2209 2492 at-

650 2542 751 2596 que
776 2526 839 2581 ad
870 2529 1037 2596 ipsum
1066 2542 1316 2582 cacumen
1340 2526 1628 2581 ascendere
1655 2527 1934 2596 possimus,
1966 2528 2071 2581 illic
2100 2543 2208 2580 om—

648 2618 733 2670 nia
762 2619 915 2686 plana
940 2657 953 2683 ,
984 2617 1133 2671 ltevia
1159 2657 1173 2682 ,
1222 2632 1489 2686 pronaque
1518 2618 1862 2687 reperiamus.
1897 2618 2030 2685 Quid
2058 2620 2211 2688 igitur

646 2709 751 2777 jam
783 2709 935 2761 nobis
964 2719 1043 2761 eSt
1086 2709 1449 2776 propositum?
1484 2707 1631 2775 Quod
1660 2708 1820 2763 hodie
1862 2726 1926 2762 ex
1954 2712 2207 2777 propheta

649 2797 843 2852 lectum
870 2806 951 2851 est
982 2818 994 2851 :
1022 2796 1250 2863 Domine,
1283 2812 1383 2850 non
1408 2799 1552 2851 estin
1581 2797 1778 2850 homine
1795 2800 1873 2851 via
1902 2801 2026 2868 ejus,
2056 2815 2210 2865 neque

648 2890 737 2943 ibit
766 2890 946 2956 homo,
994 2899 1040 2942 et
1088 2890 1269 2958 diriget
1310 2906 1533 2959 gressum
1574 2907 1716 2944 suum
1762 2890 1903 2961 (Jer.
1957 2892 2039 2946 10.
2080 2890 2202 2961 25).

658 2981 893 3048 Quaestio
923 2980 1131 3050 quidem
1164 2981 1275 3035 haec
1301 2991 1378 3036 est
1408 2998 1421 3035 :
1452 2996 1545 3036 vos
1570 2997 1695 3037 vero
1714 3023 1727 3047 ,
1758 2991 1813 3035 ut
1836 2980 2065 3035 studium
2088 2990 2208 3036 tunc

647 3073 978 3141 adhibuistis,
1005 3074 1073 3128 ita
1092 3090 1229 3129 nunc
1250 3075 1527 3144 diligenter
1554 3075 1805 3128 attendite
1836 3092 1847 3125 :
1883 3089 2049 3143 neque
2069 3075 2206 3129 enim

646 3163 735 3216 illa
766 3163 937 3217 minor
962 3173 1043 3217 est
1076 3164 1187 3217 haec
1216 3165 1438 3233 qna-stic
1458 3204 1471 3228 ,
1504 3164 1596 3218 sed
1627 3164 1879 3232 majorem
1910 3179 2088 3218 curam
2121 3181 2206 3218 re-

645 3252 824 3319 quirit.
858 3251 988 3318 Quid
1021 3253 1089 3305 ita
1114 3254 1135 3305 Ῥ
1157 3254 1413 3320 Quoniam
1447 3254 1533 3307 illa
1555 3253 1764 3323 quidem
1795 3254 1935 3307 Petri
1964 3264 2017 3308 et
2042 3254 2206 3320 Pauli,

646 3359 760 3413 qua:
796 3344 1067 3398 videbatur
1105 3358 1222 3399 esse
1265 3346 1622 3400 controversia
1645 3386 1659 3407 ,
1712 3360 1810 3399 nec
1845 3357 2017 3400 tamen
2060 3356 2204 3408 erat,

646 3452 750 3491 non
780 3438 851 3491 ita
877 3438 1054 3491 multis
1087 3445 1205 3492 nota
1228 3446 1360 3503 erat,
1392 3438 1531 3492 unde
1561 3453 1658 3492 nec
1690 3439 1827 3490 illam
1863 3440 2204 3507 ignorantiam

648 3530 937 3585 verisimile
988 3529 1085 3584 fuit
1142 3529 1359 3583 multum
1416 3530 1741 3585 invecturam
1785 3530 2204 3583 detrimentum:

648 3623 760 3676 haec
779 3630 950 3677 autem
970 3623 1227 3676 sententia
1249 3619 1620 3675 circumfertur
1640 3620 1851 3689 ubique,
1876 3621 1927 3674 in
1949 3620 2206 3685 domibus,

647 3712 699 3765 in
722 3710 867 3778 foris,
902 3712 953 3765 in
982 3712 1147 3781 pagis,
1177 3712 1227 3764 in
1258 3711 1493 3774 urbibus,
1517 3710 1569 3764 in
1594 3720 1751 3775 terra,
1786 3712 1835 3763 in
1866 3712 2016 3777 mari,
2049 3711 2098 3763 in
2132 3712 2209 3763 in-

647 3803 777 3857 sulis
806 3819 819 3854 :
848 3810 902 3857 et
928 3816 1257 3871 quocumque
1287 3808 1337 3853 te
1362 3800 1649 3854 contuleris
1671 3800 1862 3853 multos
1889 3801 2091 3865 audies,
2123 3802 2207 3868 qui

650 3898 764 3952 haec
782 3897 963 3951 dicunt
984 3913 996 3948 :
1019 3896 1281 3964 Scriptum
1313 3903 1414 3957 est,
1440 3892 1561 3946 Non
1582 3902 1653 3946 est
1677 3892 1729 3944 in
1754 3892 1951 3945 homine
1970 3893 2049 3944 via
2069 3894 2173 3962 ejus
2191 3908 2209 3943 :

650 4003 821 4058 neque
850 3984 1018 4042 solum
1067 3987 1201 4040 hanc
1241 3985 1556 4039 sententiam
1586 3982 1912 4043 didicerunt,
1961 3982 2050 4037 sed
2081 3983 2211 4036 alias

649 4081 807 4134 etiam
832 4078 1030 4132 similes
1058 4078 1180 4130 huic
1202 4084 1519 4141 annectunt,
1553 4073 1674 4127 Non
1701 4083 1771 4126 est
1796 4073 2029 4136 volentis,
2062 4088 2214 4140 neque

651 4168 894 4223 currentis
938 4164 1197 4235 (Rom.9.
1230 4165 1368 4232 16);
1413 4173 1465 4217 et
1510 4171 1628 4231 post
1655 4162 1782 4217 illud
1832 4176 2048 4226 rursus,
2097 4159 2214 4213 Νὲδὶ

654 4260 901 4315 Dominus
930 4255 1246 4324 wdificaverit
1272 4253 1474 4306 domum
1497 4292 1512 4317 ,
1557 4254 1609 4306 in
1645 4267 1825 4305 vanum
1866 4252 2213 4304 laboraverunt

651 4352 734 4419 qui
755 4349 1004 4417 aediﬁcant
1038 4361 1145 4398 eam
1180 4342 1358 4414 (Psal.
1388 4341 1511 4397 126,
1540 4341 1606 4411 1)
1641 4360 1652 4395 :
1684 4341 1735 4395 id
1783 4355 1941 4409 porro
1982 4339 2209 4403 faciunt,

653 4442 790 4511 quod
838 4456 901 4495 ex
943 4438 1210 4507 Scriptura
1249 4436 1426 4491 divina
1466 4435 1834 4505 depromptum
1886 4432 2214 4500 negligentiae

655 4547 762 4585 suae
788 4530 1022 4583 velamen
1044 4527 1346 4594 obtendant,
1374 4535 1427 4581 et
1452 4526 1674 4581 salutem
1706 4540 1959 4593 spemque
1982 4524 2215 4577 uestram

658 4620 738 4674 his
768 4618 939 4671 verbis
964 4624 1222 4671 conentur
1254 4615 1560 4685 infringere.
1605 4614 1745 4669 Nihil
1790 4615 1930 4669 enim
1960 4614 2099 4667 aliud
2126 4628 2216 4682 per

653 4709 773 4766 haec
798 4709 977 4761 volunt
996 4706 1224 4768 efficere,
1255 4709 1375 4771 nisi,
1403 4707 1455 4761 in
1486 4714 1746 4775 potestate
1775 4715 1954 4759 nostra
1982 4704 2112 4758 nihil
2141 4705 2215 4757 si-

657 4798 769 4853 lum
799 4814 933 4852 esse.
971 4798 1154 4848 Actum
1187 4803 1267 4847 est
1291 4795 1358 4848 de
1386 4796 1547 4849 rebus
1580 4796 1776 4849 nostris
1806 4812 1818 4847 :
1850 4794 2039 4848 frustra
2071 4793 2217 4862 regni

656 4890 907 4940 CiBinf‘um
938 4884 1215 4952 promissio
1239 4924 1253 4945 ,
1292 4882 1483 4937 frustra
1513 4884 1667 4938 mina;
1690 4885 1947 4954 gehennae
1967 4925 1982 4948 ,
2024 4882 2218 4937 frustra

646 4976 817 5045 leges,
852 4990 1035 5044 pcenae.
1072 4972 1343 5041 supplicia,
1373 4981 1425 5027 et
1453 4972 1692 5027 consilia.

724 5068 779 5120 ἓ.
816 5066 964 5132 Omni
1002 5065 1180 5117 aaendi
1222 5073 1460 5133 potestate
1490 5063 1687 5117 sublata
1728 5064 1922 5116 nullum
1960 5064 2217 5130 meritum,

659 5156 854 5209 nullum
881 5157 1196 5211 demeritum.
1226 5186 1293 5195 —
1318 5154 1453 5223 Quid
1481 5155 1621 5208 enim
1640 5154 1822 5206 attinet
1848 5153 2001 5206 alicui
2029 5167 2221 5205 consu-

656 5251 768 5305 lere
790 5290 806 5316 ,
837 5264 954 5303 cum
983 5250 1107 5302 nihil
1135 5249 1186 5303 in
1216 5249 1330 5319 ejus
1355 5248 1512 5301 situm
1545 5247 1612 5302 sit
1640 5252 1898 5316 potestate
1922 5245 1944 5297 ?
1982 5252 2071 5297 aut
2096 5242 2221 5312 quid

661 5352 794 5407 opus
821 5346 901 5391 est
930 5337 975 5391 ei
1006 5340 1312 5407 promittere
1336 5379 1348 5401 ,
1378 5338 1465 5406 qui
1495 5338 1636 5391 omni
1669 5337 1730 5389 sit
1767 5348 1941 5387 rerum
1968 5332 2223 5401 gerenda-

660 5444 776 5483 rum
805 5428 1049 5481 facultate
1077 5426 1350 5497 privatus?
1393 5429 1568 5497 Neque
1595 5427 1639 5483 is
1668 5426 1755 5495 qui
1778 5433 1919 5479 recte
1959 5438 2016 5477 se
2043 5437 2221 5492 gesse-

656 5522 759 5583 rit,
791 5520 978 5590 dignus
1015 5532 1093 5575 est
1134 5520 1286 5573 laude
1310 5562 1324 5587 ,
1372 5536 1541 5588 neque
1586 5520 1673 5589 qui
1712 5516 2023 5586 deliquerit,
2053 5529 2223 5583 paenae

730 5654 802 5718 (a)
820 5655 1106 5719 AAlludit‘bic
1130 5655 1490 5719 Chrysostomus
1527 5656 1585 5705 ad
1622 5658 1761 5708 ludos
1799 5655 2032 5719 publicos,
2055 5655 2227 5717 quibus

662 5714 911 5766 adhibitum
930 5714 1101 5767 addicti
1124 5714 1260 5765 erant
1283 5717 1584 5767 Antiocheni.

1325 349 1378 404 S.
1419 347 1691 403 JOANNIS
1728 342 2200 402 CllRYSOSTOMI
2239 342 2550 401 ARCHIEP.
2591 346 3111 405 CONSTANTINOP.

3797 364 3923 419 156

2332 458 2589 511 obnoxius
2617 473 2676 513 ac
2705 461 2978 528 supplicio,
3011 462 3110 515 nisi
3140 461 3339 517 arbitrii
3365 465 3527 518 nostri
3559 463 3755 519 fuerint
3776 479 3910 533 qure

2328 554 2447 596 sunt
2476 546 2695 613 agenda.
2720 548 2866 614 Quod
2897 550 2939 602 si
2980 550 3136 604 fuerit
3180 552 3280 605 hoc
3322 551 3629 607 hominibus
3672 569 3907 621 persua-

2328 649 2463 697 sum,
2496 650 2650 688 nemo
2669 637 2776 705 jam
2799 640 3018 707 amplius
3040 640 3282 692 virtutem
3316 643 3669 710 amplectetur
3689 683 3702 704 ,
3734 658 3907 696 nemo

2326 738 2353 776 a
2383 727 2507 778 vitio
2533 726 2830 779 declinabit.
2861 730 2986 781 Nam
3008 731 3071 793 si,
3098 730 3221 783 dum
3245 731 3465 799 singulis
3489 733 3677 787 diebus
3701 748 3903 800 perso-

2325 824 2450 868 nant
2488 831 2638 869 aures
2680 818 2948 872 hominum
2989 821 3205 873 vocibus
3248 824 3447 877 nostris
3491 824 3558 877 de
3604 824 3847 893 gehenna
3881 867 3902 885 ,

2323 907 2446 956 dum
2471 906 2625 958 verba
2654 905 2871 961 facimus
2896 908 2961 962 de
2988 924 3155 979 regno
3183 913 3453 976 cat-lorum,
3482 912 3607 966 dum
3640 914 3904 968 intulera-

2323 991 2453 1047 biles
2488 1009 2670 1064 poenas
2697 1004 2748 1049 et
2778 998 2984 1065 praemia
3006 1039 3021 1064 ,
3059 1015 3175 1067 qum
3203 1002 3488 1054 humanum
3514 1003 3779 1057 excedunt
3809 1004 3903 1057 in-

2323 1082 2609 1149 tellectum,
2641 1088 2996 1154 proponimus,
3025 1089 3152 1142 dum
3170 1091 3514 1154 consulimus,
3542 1093 3666 1146 dum
3694 1096 3901 1147 cohor-

2325 1179 2514 1237 tamur,
2538 1174 2660 1227 dum
2685 1189 2893 1229 omnem
2922 1179 3211 1231 orationem
3243 1179 3607 1243 admovemus,
3638 1196 3777 1251 aegre
3802 1192 3895 1235 ta-

2324 1276 2441 1314 men
2489 1262 2816 1318 adducuntur
2870 1265 3123 1335 quidam,
3181 1277 3236 1321 ut
3286 1268 3506 1323 sudores
3552 1285 3645 1337 pro
3691 1272 3895 1326 virtute

2322 1352 2605 1419 suscipiant
2629 1394 2643 1419 ,
2683 1369 2819 1423 a'gre
2848 1370 2875 1407 a
2903 1366 3232 1423 peccatorum
3261 1358 3617 1427 voluptatibus
3651 1374 3895 1414 avocati-

2323 1450 2406 1494 tur
2435 1460 2447 1495 :
2474 1442 2518 1495 si
2545 1442 2677 1496 hanc
2704 1445 2858 1498 etiam
2887 1460 3088 1500 sacram
3111 1447 3384 1516 abruperis
3412 1464 3681 1513 ancoram,
3704 1466 3893 1504 nonne

2321 1533 2521 1602 integra
2554 1536 2697 1589 navis
2726 1537 3089 1607 submergetur
3109 1581 3123 1606 ,
3181 1548 3233 1594 et
3262 1554 3445 1594 omnes
3474 1541 3684 1609 penitus
3714 1542 3894 1600 flucti-

2321 1623 2416 1678 bus
2445 1626 2675 1693 absorpti
2710 1626 2991 1696 peribunt,
3033 1630 3296 1699 multaque
3323 1631 3560 1699 quotidie
3598 1631 3724 1685 ﬁent
3755 1648 3895 1685 uan—

2323 1714 2518 1785 fragia?
2545 1715 2677 1769 Nihil
2700 1719 2835 1771 enim
2860 1718 3028 1787 plane,
3057 1720 3183 1773 nihil
3215 1721 3285 1773 ita
3315 1721 3586 1774 contendit
3613 1722 3890 1786 diabolus,

2322 1817 2375 1861 ut
2398 1809 2585 1863 animae
2612 1809 2848 1864 humana:
2871 1811 3203 1880 persuadere,
3231 1828 3402 1881 neque
3430 1814 3482 1867 in
3505 1814 3737 1881 peccatis
3763 1829 3889 1867 eam

2319 1902 2585 1969 suppliciis
2613 1903 2890 1956 obnoxiam
2915 1944 2930 1968 ,
2969 1919 3137 1965 neque
3168 1904 3409 1959 laudibus
3438 1914 3492 1958 et
3519 1906 3733 1959 coronis
3762 1919 3892 1960 esse

2318 1994 2523 2063 dignam
2548 1996 2595 2048 in
2624 2005 2764 2051 recte
2794 1996 2940 2051 factis
2961 2040 2974 2065 ,
3002 2008 3059 2051 ut
3087 2009 3137 2053 et
3169 1999 3527 2053 studiosorum
3562 2015 3751 2054 manus
3773 2000 3891 2053 dis-

2318 2086 2507 2151 solvat,
2537 2095 2584 2141 ct
2616 2089 2772 2142 animi
2800 2090 3116 2145 alacritatem
3149 2091 3469 2159 restinguat,
3502 2100 3555 2144 et
3581 2104 3762 2143 eorum
3789 2094 3890 2159 qui

2317 2177 2546 2230 animum
2574 2178 2899 2246 despondent
2926 2181 3177 2234 incuriam
3205 2180 3397 2244 foveat,
3422 2195 3484 2234 ac
3506 2181 3889 2249 negligentiam

2317 2280 2518 2335 augeat.

2384 2358 2605 2411 Libertas
2632 2360 2877 2412 actionum
2906 2362 3254 2413 humanarum.
3285 2390 3353 2399 ——-
3381 2361 3638 2426 Quocirca
3664 2360 3891 2429 diligen—

2316 2455 2395 2499 ter
2422 2449 2505 2512 iis,
2533 2464 2647 2516 qua:
2679 2450 2920 2503 dicuntur
2943 2493 2955 2516 ,
2988 2450 3358 2504 attendendum
3391 2458 3493 2504 est.
3521 2451 3889 2517 Prwcipitium

2315 2546 2396 2590 est
2424 2539 2666 2606 utrinque
2691 2554 2752 2592 ac
2779 2539 2923 2593 fovea
2962 2540 3104 2593 locus
3130 2541 3228 2593 iste
3253 2580 3267 2603 ,
3308 2541 3407 2593 nisi
3449 2549 3603 2594 caute
3652 2541 3887 2608 legatur.

2314 2626 2447 2692 Quid
2476 2628 2613 2681 enim
2652 2627 2926 2681 dicemus?
2971 2644 3035 2680 an
3064 2629 3367 2698 prophetam
3394 2643 3512 2683 esse
3554 2631 3838 2683 mentitum
3864 2630 3892 2682 ἓ

2314 2719 2748 2787 Atpericulosum
2794 2720 2915 2773 eSt?
2964 2734 3066 2773 non
3108 2721 3247 2773 enim
3295 2721 3550 2774 mentitur
3580 2719 3844 2789 prepheta
3870 2761 3887 2784 ,

2314 2821 2493 2879 utpote
2518 2813 2602 2881 qui
2631 2812 2724 2865 Dei
2756 2827 2909 2866 voces
2940 2814 3296 2881 proloquatur.
3327 2813 3440 2867 Non
3468 2827 3594 2881 ergo
3627 2813 3889 2864 mentitus

2312 2912 2393 2955 est
2417 2900 2709 2969 prepheta?
2740 2900 2956 2969 proinde
2983 2917 3085 2955 non
3117 2910 3241 2954 sunt
3288 2903 3337 2953 in
3378 2911 3558 2953 nostra
3591 2910 3888 2967 potestate,

2312 3008 2427 3059 qua:
2454 3006 2608 3060 agere
2628 2990 2923 3045 debemus?
2963 2990 3070 3045 lmo
3096 3001 3145 3045 et
3172 2994 3220 3044 in
3248 3001 3424 3044 nestia
3470 3001 3730 3059 potestate
3775 2992 3887 3043 siut

2312 3093 2432 3136 sunt
2458 3098 2571 3151 quae
2602 3096 2756 3151 agere
2777 3081 3027 3135 debemus
3047 3124 3062 3146 ,
3107 3091 3159 3134 ct
3191 3083 3444 3150 prepheta
3485 3081 3739 3135 mentitus
3770 3098 3890 3136 non

2310 3182 2391 3226 est
2421 3190 2432 3223 :
2462 3182 2514 3225 et
2537 3172 2718 3225 horum
2748 3180 3024 3240 utrumque
3052 3171 3407 3239 probabimus,
3436 3172 3478 3224 si
3509 3180 3743 3225 attentas
3782 3186 3889 3223 au-

2313 3277 2396 3316 res
2419 3261 2763 3330 przebueritis.
2794 3262 3070 3330 Propterea
3095 3276 3318 3329 namque
3342 3260 3686 3328 praecipitium
3709 3261 3890 3313 utrin-

2312 3368 2411 3420 que
2437 3352 2692 3418 objectum
2721 3351 2962 3415 ostendi,
3007 3359 3063 3403 ut
3106 3351 3291 3419 vigiles
3326 3360 3379 3403 et
3407 3350 3591 3403 attenti
3633 3352 3889 3418 preposi-

2314 3453 2419 3495 tum
2461 3442 2610 3495 nobis
2644 3442 2743 3495 iter
2771 3442 3129 3495 conliciamus.
3178 3442 3291 3493 Non
3340 3442 3480 3494 enim
3526 3440 3666 3493 hunc
3703 3441 3891 3493 locum

2314 3543 2509 3587 tantum
2540 3533 2863 3587 excutiemus
2887 3573 2900 3595 ,
2936 3530 3051 3585 Non
3079 3541 3150 3584 est
3174 3532 3225 3583 iu
3254 3531 3451 3583 homine
3479 3532 3556 3583 via
3590 3532 3739 3597 ejus;
3784 3532 3889 3583 sed

2313 3635 2362 3678 et
2387 3632 2659 3678 contextus
2688 3636 2895 3676 omnem
2926 3622 3114 3674 seriem
3138 3662 3151 3683 ,
3185 3630 3236 3673 et
3266 3635 3359 3688 pro
3385 3619 3576 3687 quibus
3601 3618 3741 3672 dicta
3773 3620 3891 3672 sint

2315 3717 2421 3781 illa,
2448 3730 2475 3765 a
2502 3730 2636 3782 quo,
2666 3714 2730 3767 ad
2762 3728 2938 3782 quem,
2967 3727 3123 3780 quam
3159 3712 3226 3765 ob
3253 3726 3465 3764 causam
3492 3752 3506 3776 ,
3551 3710 3798 3779 quando,
3834 3720 3893 3765 et

2312 3804 2593 3875 quomodo.
2637 3804 2747 3857 Non
2794 3802 2931 3856 enim
2960 3802 3131 3855 dicere
3162 3800 3355 3855 sufficit
3394 3800 3589 3869 aliquid
3640 3802 3691 3854 in
3735 3799 3892 3855 Scri-

2316 3906 2464 3962 ptura
2488 3896 2735 3961 scriptum
2763 3891 2974 3959 reperiri
2994 3932 3006 3953 ,
3037 3906 3205 3958 neque
3230 3901 3431 3945 temere
3467 3890 3649 3943 avulsa
3675 3904 3739 3942 ac
3770 3890 3891 3943 dis-

2314 3995 2491 4051 cerpta
2534 3980 2780 4034 divinitus
2825 3981 3090 4047 inspiratae
3118 3978 3405 4046 Scriptura:
3455 3978 3697 4031 membra
3742 3979 3892 4031 nuda

2315 4082 2370 4127 et
2395 4087 2425 4124 a
2448 4072 2649 4139 reliquo
2682 4079 2822 4122 textu
2844 4071 3082 4136 serieque
3102 4068 3363 4123 sermonis
3386 4068 3625 4136 sejuncta
3646 4083 3891 4133 sumere,

2316 4178 2378 4218 ac
2408 4160 2564 4215 nimia
2612 4161 2819 4215 licentia
2866 4158 3289 4227 confidentiaque
3333 4159 3460 4227 ipsis
3511 4158 3757 4213 illudere.
3800 4158 3895 4212 Sic

2317 4255 2455 4309 enim
2486 4267 2641 4322 prava
2667 4252 2905 4321 dogmata
2948 4251 3111 4306 multa
3154 4256 3205 4304 in
3238 4263 3471 4305 nostram
3505 4249 3645 4303 hanc
3674 4258 3894 4304 aetatem

2318 4346 2520 4400 invecta
2549 4349 2689 4401 sunt.
2716 4342 2839 4396 dum
2887 4341 3352 4410 negligentioribus
3388 4342 3651 4408 persuasit
3698 4341 3890 4395 diabo—

2318 4437 2420 4498 lus,
2449 4444 2507 4487 ut
2530 4434 2740 4500 oblique
2763 4433 2979 4485 distorta
3017 4432 3311 4485 testimonia
3354 4431 3645 4499 Scriptura:
3677 4434 3864 4497 profer

2318 4534 2457 4589 rent,
2485 4524 2564 4576 vel
2589 4522 2777 4575 additis
2802 4522 3181 4589 subtractisque
3214 4521 3479 4574 nonnullis
3513 4522 3763 4575 tenebras
3798 4538 3892 4575 ve-

2319 4615 2456 4669 ritati
2483 4612 2825 4668 effunderent.
2857 4612 2969 4666 Non
3008 4626 3136 4680 ergo
3162 4611 3355 4666 sufficit
3376 4612 3556 4666 dicere
3578 4653 3591 4675 ,
3633 4615 3897 4682 scriptum

2320 4721 2438 4761 esse
2477 4706 2527 4758 in
2574 4704 2839 4773 Scriptura
2865 4744 2879 4768 ,
2932 4704 3021 4757 sed
3069 4712 3228 4755 totam
3260 4704 3450 4756 seriem
3485 4703 3584 4770 legi
3633 4714 3883 4771 oportet:

2320 4795 2740 4866 quandoquidem
2780 4795 2821 4847 si
2852 4794 3247 4849 continuitatem
3282 4805 3333 4845 et
3364 4794 3763 4861 eugnationem,
3792 4810 3896 4862 qua

2324 4888 2459 4941 inter
2485 4901 2543 4941 se
2570 4900 2800 4939 connexa
2834 4892 2994 4950 sunt,
3046 4884 3429 4949 interrumpere
3467 4883 3733 4938 vellemus
3758 4926 3772 4940 .
3830 4886 3901 4936 ita

2323 4977 2484 5031 multa
2526 4990 2681 5041 prava
2722 4974 2959 5042 dogmata
2992 4972 3273 5026 orirentur.
3324 4973 3611 5027 Enimvero
3651 4974 3703 5026 in
3750 4973 3902 5027 Serio

2327 5076 2476 5136 ptura
2502 5065 2751 5132 scriptum
2780 5072 2859 5117 est
2894 5081 2905 5115 :
2937 5063 3053 5115 Non
3081 5074 3151 5115 est
3182 5063 3321 5117 Deus
3349 5064 3516 5132 (Psal.
3551 5066 3637 5118 15.
3667 5064 3721 5132 1)
3748 5082 3761 5128 ;
3809 5074 3903 5127 ct,

2324 5157 2507 5210 Avertit
2532 5155 2704 5224 facient
2732 5170 2871 5206 suam
2890 5194 2905 5217 ,
2937 5170 2996 5205 ne
3026 5154 3186 5205 videat
3211 5154 3263 5207 in
3292 5156 3476 5221 ﬁnem:
3505 5163 3593 5219 et,
3630 5154 3766 5206 Deus
3800 5172 3906 5208 non

2324 5248 2535 5315 requiret
2578 5242 2760 5315 (Psaf.
2804 5242 2887 5308 10,
2917 5244 3186 5297 secundum
3235 5243 3385 5296 Hebr.
3407 5259 3454 5295 υ.
3480 5244 3566 5296 Η.
3612 5243 3735 5313 f3).
3765 5244 3907 5298 Num

2328 5340 2485 5410 igitur
2508 5379 2523 5403 ,
2554 5337 2666 5400 dic,
2699 5351 2895 5403 quaeso,
2930 5351 3030 5388 non
3059 5346 3139 5389 est
3168 5335 3343 5389 Deus?
3376 5350 3549 5401 neque
3588 5335 3817 5403 respicit
3846 5350 3911 5388 ea

2327 5447 2441 5502 qua!
2468 5430 2517 5483 in
2552 5429 2703 5482 terris
2726 5427 2894 5480 fiunt?
2922 5429 3036 5495 quis
3066 5428 3165 5480 hoc
3186 5427 3321 5479 ausit
3348 5426 3532 5479 dicere
3560 5426 3647 5479 vel
3673 5427 3865 5480 audire
3886 5428 3913 5479 ’ἒ

2331 5522 2593 5588 Scriptum
2640 5529 2810 5570 tamen
2852 5525 2929 5569 est
2968 5517 3019 5569 in
3072 5516 3342 5583 Scriptura
3371 5531 3383 5567 :
3417 5514 3511 5567 sed
3555 5514 3705 5569 disce
3732 5556 3746 5578 ,
3802 5532 3915 5585 quo

2335 5621 2483 5684 pacto
2510 5611 2575 5663 sit
2602 5608 2867 5676 scriptum.
2922 5608 3057 5660 Dixit
3101 5607 3358 5674 insipiens,
3409 5605 3619 5672 inquit,
3668 5606 3721 5658 in
3758 5608 3917 5661 corde

2338 5720 2442 5767 suo,
2483 5699 2597 5753 Non
2634 5706 2703 5750 est
2733 5696 2887 5749 Deus.
2918 5696 3030 5749 Non
3057 5694 3340 5762 Scripturrc
3371 5692 3686 5767 suffragium
3731 5705 3818 5749 cst
3859 5707 3920 5751 et
