4130 6316
184 343 270 399 155

178 459 248 510 τὸν
271 455 298 507 ό
329 454 487 523 λόγος
520 454 812 523 ἠγωνίζετο
843 494 856 517 ,
889 454 1280 526 ἀπολελυμένος
1312 454 1402 507 καὶ
1423 451 1698 519 ἐλεύθερος

179 539 251 592 ὢν.
282 539 375 590 Διά
415 537 573 592 τοῦτο
607 539 661 590 δὲ
696 539 787 590 καὶ
816 537 1187 607 λαμπρότερος
1235 533 1302 607 ἦν
1342 537 1435 588 καὶ
1469 548 1705 602 πανηγυ-

185 620 474 690 ρικώτερος,
528 621 623 673 καὶ
689 618 944 672 πλειόνων
994 620 1257 672 ἀπέλαυεν
1311 616 1560 669 ἐπαίνων.
1644 611 1707 662 Ἡ

186 703 270 771 γὰρ
295 703 500 754 διάνοια
530 701 636 753 τῶν
666 701 964 770 ἀκροατῶν,
1000 703 1125 754 ὅταν
1175 703 1289 771 μετ’
1328 697 1573 758 εὐκολίας
1600 696 1709 756 τοῖς

185 784 472 852 λεγομένοις
511 783 908 852 παρακολουθῇ,
964 782 1161 851 πολλῆς
1203 781 1435 843 ἀνέσεως
1478 774 1710 832 ἀπολαύ-

187 882 316 925 ουσα,
359 864 759 934 προθυμότερον
800 864 934 934 πρὸς
965 864 1053 915 τὸν
1083 864 1298 917 ἔπαινον
1330 861 1422 915 τοῦ
1467 860 1712 927 λέγοντος

187 946 507 1015 διεγείρεται.
575 946 725 999 Ἐπεὶ
766 943 857 1000 οῦν
891 947 1087 1008 ἱκανῶς
1129 947 1272 1014 ὑμᾶς
1305 939 1714 1011 ἀνεκτησάμεθα

190 1030 235 1081 ἐν
257 1032 371 1089 ταῖς
405 1029 639 1098 ἡμέραις
665 1029 906 1092 ταύταις,
933 1029 1083 1080 οὐδὲν
1118 1028 1370 1080 ἐπίπονον
1411 1026 1503 1078 καὶ
1545 1024 1714 1093 τραχὺ

190 1110 302 1180 πρὸς
324 1111 421 1179 τὴν
439 1110 706 1178 ὑμετέραν
728 1111 1037 1180 κινήσαντες
1056 1111 1292 1178 ἀγάπην,
1313 1109 1444 1178 φέρε
1464 1107 1528 1176 δὴ
1549 1108 1716 1174 τήμε-

193 1210 266 1260 ρον
297 1194 441 1258 ὑμᾶς
471 1192 628 1244 πάλιν
657 1193 745 1244 ἐπὶ
775 1194 874 1261 τὴν
899 1193 1163 1262 προτέραν
1193 1194 1485 1260 ἀγάγωμεν
1514 1203 1720 1256 γυμνα-

194 1273 306 1336 σίαν,
326 1271 472 1343 [159]
495 1273 627 1341 πρὸς
641 1274 708 1326 τά
724 1273 1092 1344 ἐπιπονώτερα
1111 1273 1215 1326 τῶν
1239 1271 1469 1342 Γραφῶν
1490 1269 1580 1322 καὶ
1597 1267 1720 1320 πολ-

194 1357 273 1424 λῆς
299 1355 528 1422 δεόμενα
557 1353 821 1415 συνέσεως
838 1353 1298 1423 χειραγωγοῦντες
1332 1354 1494 1422 ὑμᾶς,
1520 1352 1617 1419 οὐχ
1637 1348 1722 1401 ἵνα

196 1443 550 1505 συντριψιυμεν
580 1435 658 1504 τῷ
685 1435 934 1504 καμάτῳ,
973 1435 1086 1487 ἀλλ’
1125 1434 1210 1487 ἵνα
1251 1434 1614 1502 γυμνάσωμεν
1642 1431 1720 1491 είς

193 1519 242 1569 τι
257 1516 504 1569 δύνασθαι
541 1515 812 1569 καὶταῦτα
844 1516 980 1584 μετά
1012 1515 1310 1582 ἀσφαλείας
1333 1513 1622 1566 διαϐαίνειν
1653 1510 1721 1563 τὰ

196 1599 368 1667 χωρία.
401 1599 610 1667 Ὠσπερ
639 1592 731 1650 οὖν
772 1597 887 1650 τότε
912 1597 1060 1666 παρά
1093 1596 1190 1666 μὲν
1218 1596 1314 1666 τὴν
1353 1593 1524 1666 ἀρχὴν
1554 1593 1722 1646 ἐδόκει

199 1682 324 1747 μάχη
347 1696 428 1742 τις
467 1675 601 1730 εἶναι
629 1679 722 1731 καὶ
749 1678 1043 1745 φιλονεικία
1077 1677 1183 1730 τῶν
1215 1677 1542 1739 ἀποστόλων,
1573 1676 1722 1728 ἐπει-

197 1761 248 1830 δὴ
285 1762 338 1813 δέ
377 1760 647 1828 ἀνέϐημεν
695 1760 819 1823 τούς
865 1759 1156 1820 σκοπέλους
1203 1759 1459 1821 ἐκείνους,
1516 1757 1725 1826 εἴδομεν

198 1842 292 1893 ἀνω
339 1840 522 1892 λοιπον
564 1841 653 1892 τὸν
697 1841 902 1910 καρπὸν
950 1840 1039 1893 τοῦ
1101 1841 1429 1909 Πνεύματος,
1487 1837 1722 1906 ἀγάπην,

197 1922 374 1993 χαράν,
399 1923 639 1991 εἰρήνην,
670 1923 762 1976 καὶ
789 1923 847 1975 οὑ
894 1923 1117 1992 μάταιος
1143 1926 1270 1992 ἡμῖν
1293 1922 1410 1974 οὐδὲ
1435 1919 1682 1990 περιττὸς
1699 1921 1726 1972 ό

199 2004 343 2066 πόνος
369 2006 603 2072 ἐγένετο,
637 2003 747 2057 ἀλλ’
771 2005 849 2066 είς
874 2004 1202 2074 εὐφροσύνην
1233 2003 1522 2072 κατέληξεν
1540 2020 1552 2032 ·
1587 2000 1728 2053 οὕτω

197 2085 279 2136 καὶ
306 2087 545 2154 σήμερον
592 2084 875 2153 προσδοκῶ
902 2087 1020 2148 ταῖς
1065 2085 1246 2154 εὐχαῖς
1277 2087 1394 2146 ταῖς
1419 2083 1724 2154 ὑμετέραις,

198 2167 254 2219 ἄν
283 2167 417 2235 μετά
437 2167 728 2236 καρτερίας
743 2166 836 2218 καὶ
852 2165 1048 2235 πολλῆς
1073 2169 1170 2237 τῆς
1195 2166 1467 2235 ὑπομονῆς
1484 2167 1580 2235 τὴν
1599 2181 1728 2234 προ-

199 2249 444 2316 κειμένην
476 2248 602 2316 ἡμῖν
650 2247 980 2317 διανύσωμεν
1011 2248 1146 2310 ὁδὸν,
1197 2249 1290 2300 καὶ
1332 2249 1423 2299 ἐπὶ
1453 2247 1548 2316 τὴν
1577 2263 1733 2316 κορυ-

199 2330 290 2397 φὴν
317 2330 488 2396 αὐτὴν
515 2328 778 2396 ἀναϐῆναι
795 2327 1127 2397 δυνηθῶμεν,
1159 2329 1371 2382 ίσόπεδα
1392 2330 1484 2382 καὶ
1505 2329 1621 2380 λεῖα
1639 2326 1733 2380 καὶ

201 2409 353 2463 ὖπτια
393 2411 567 2462 πάντα
590 2410 838 2480 εὑρήσειν
861 2412 992 2464 ἐκεῖ.
1025 2411 1089 2462 Τί
1127 2412 1242 2463 ποτ’
1275 2408 1366 2464 οὖν
1387 2413 1498 2463 ἐστι
1518 2411 1579 2463 τὸ
1599 2426 1732 2480 προ-

197 2493 432 2558 κείμενον
466 2491 592 2558 ήμῖν
619 2490 745 2557 νῦν;
777 2491 850 2544 Τὸ
891 2490 1040 2560 παρά
1067 2491 1158 2544 τοῦ
1195 2493 1469 2562 προφήτου
1501 2495 1734 2561 σήμερον

200 2570 528 2637 ἀνιγνωσθέν
549 2587 562 2600 ⁸
608 2571 800 2637 Κύριε,
841 2574 950 2625 οὐκ
986 2573 1056 2624 ἐν
1100 2571 1179 2636 τῷ
1214 2573 1495 2640 ἀνθρώπῳ
1520 2574 1558 2640 ἡ
1601 2571 1737 2636 ὁδὸς

203 2651 394 2714 αὐτοῦ,
430 2651 573 2706 οὐδὲ
622 2652 927 2719 ἄνθρωπος
978 2656 1348 2721 πορεύσεται,
1393 2655 1491 2707 καί
1543 2670 1740 2720 κατορ-

202 2735 363 2789 θώσει
389 2733 504 2803 τὴν
551 2736 794 2802 πορείαν
827 2735 1029 2790 αὐτοῦ.
1062 2737 1132 2789 Τὸ
1165 2737 1260 2807 μὲν
1312 2737 1527 2806 ζήτημα
1551 2734 1734 2788 τοῦτο’

201 2817 342 2883 ὑμεῖς
379 2817 458 2879 δὲ,
503 2814 686 2884 ῶσπερ
724 2815 843 2868 τότε
871 2816 1167 2886 παρέσχετε
1217 2818 1312 2887 τὴν
1355 2817 1612 2887 σπουδὴν,
1649 2817 1741 2869 καὶ

198 2899 283 2950 νῦν
321 2898 626 2950 συντείνατε
650 2897 874 2962 ἑαυτούς
895 2915 907 2928 ο
926 2899 1042 2952 οὐδὲ
1064 2899 1170 2969 γὰρ
1197 2899 1350 2952 τοῦτο
1371 2899 1583 2952 έλαττον
1611 2898 1743 2950 ἐκεί-

199 2996 280 3030 νου
303 2979 364 3031 τὺ
393 2981 636 3048 ζήτημα,
675 2979 809 3032 ἀλλὰ
847 2980 940 3032 καὶ
969 2980 1205 3043 πλείονος
1241 2979 1407 3033 δεῖται
1451 2980 1742 3050 φροντίδος.

201 3061 258 3115 Τί
282 3061 654 3129 δήποτεςὊτι
704 3062 736 3130 ἡ
772 3061 867 3131 μὲν
895 3061 1104 3114 Παύλου
1152 3062 1244 3114 καὶ
1273 3063 1473 3132 Πέτρου
1523 3060 1744 3115 δοκοῦσα

202 3141 292 3208 μὲν
316 3136 458 3195 εἶναι
489 3142 735 3212 διαφορά,
771 3144 868 3194 οὐκ
895 3138 1024 3196 οὖσα
1048 3143 1124 3206 δὲ,
1157 3145 1215 3196 οὐ
1238 3145 1446 3206 πολλοῖς
1478 3144 1747 3214 γνώριμος

200 3217 278 3291 ἦν,
321 3223 442 3275 ὅθεν
470 3223 589 3275 οὐδὲ
621 3223 816 3292 πολλὴν
841 3225 904 3278 ἐκ
933 3225 1028 3293 τῆς
1063 3226 1279 3293 ἀγνοίας
1308 3227 1451 3289 εἰκὸς
1482 3222 1548 3296 ἦν
1592 3225 1746 3292 γενέ-

201 3305 316 3356 σθαι
345 3305 446 3372 τὴν
479 3303 709 3372 βλάϐηνο
732 3304 864 3374 αῦτη
890 3305 945 3358 δὲ
969 3309 1000 3376 ἡ
1032 3307 1184 3376 ῥῆσις
1218 3308 1490 3377 πανταχοῦ
1523 3307 1748 3376 περιφέ-

203 3402 366 3452 ρεται,
400 3388 459 3437 ἐν
483 3383 699 3448 οἰκίαις,
737 3387 795 3438 ἐν
820 3387 1059 3458 ἀγοραῖς,
1086 3389 1143 3441 ἐν
1167 3388 1389 3460 χώραις,
1420 3392 1477 3441 ἐν
1513 3389 1747 3451 πόλεσιν,

200 3469 253 3516 ἐν
281 3469 350 3535 γῇ
379 3467 474 3518 καὶ
505 3465 740 3538 θαλάττῃ
776 3468 867 3520 καὶ
892 3469 1089 3537 νήσοις
1115 3471 1207 3522 καὶ
1227 3471 1468 3539 ὅπουπερ
1498 3469 1562 3522 ἂν
1586 3469 1748 3521 ἀπέλ-

203 3547 314 3618 θῃς,
373 3548 583 3618 ἀκούσῃ
628 3547 796 3600 ταῦτα
842 3549 1101 3616 λεγόντων
1142 3552 1376 3605 πολλῶν·
1425 3550 1748 3621 Γέγραπται,

204 3633 318 3680 οὐκ
353 3631 425 3682 ἐν
455 3629 534 3693 τῷ
571 3631 852 3696 ἀνθρώπῳ
887 3633 924 3698 ή
960 3633 1097 3698 ὁδὸς
1139 3635 1342 3688 αὐτοῦ.
1375 3635 1448 3685 Οὐ
1475 3633 1668 3692 ταύτην
1697 3634 1752 3684 δὲ

205 3711 357 3778 μόνον
383 3709 779 3780 μεμελετήκασι
803 3712 898 3782 τὴν
938 3713 1114 3781 ῥῆσιν,
1139 3714 1270 3767 ἀλλά
1296 3716 1388 3767 καὶ
1409 3715 1598 3782 ἐτέρας
1616 3715 1755 3784 πρὸς

201 3790 401 3859 ταύτην
430 3791 729 3861 συνείρουσι
751 3799 776 3826 α
810 3793 1080 3859 τοιαύτας,
1106 3795 1185 3847 ὅτι
1219 3797 1298 3849 Οὐ
1327 3795 1434 3849 τοῦ
1457 3797 1753 3860 θέλοντος,

200 3873 340 3926 οὐδὲ
389 3873 498 3926 τοῦ
547 3873 893 3941 τρέχοντος·
926 3876 1018 3928 καὶ
1065 3877 1178 3946 μετ’
1209 3878 1380 3929 ἐκεῖνο
1409 3877 1584 3944 πάλιν,
1619 3877 1757 3931 Ἐὰν

197 3955 278 4022 μὴ
318 3957 538 4022 Κύριος
580 3956 940 4026 οικοδοιιήσῃ
987 3955 1170 4020 οἶκον,
1199 3961 1283 4024 εἰς
1312 3959 1504 4027 μάτην
1525 3959 1760 4013 ἐκοπία-

201 4052 319 4088 oar
339 4040 398 4090 οὶ
424 4036 870 4103 οίκοδομοῦντες
907 4041 1107 4093 αὐτόν.
1134 4040 1299 4092 Τοῦτο
1326 4041 1383 4092 δὲ
1407 4040 1632 4102 ποιοῦσι,
1663 4042 1758 4108 τῆς

201 4117 409 4181 οἰκείας
437 4117 708 4188 ῥᾳθυμίας
733 4119 1163 4191 προκαλύμματα
1185 4123 1211 4160 1)
1235 4121 1332 4183 τὰς
1361 4121 1509 4183 θείας
1541 4121 1758 4192 Γραφάς

203 4199 656 4268 προϐαλλόμενοι,
679 4200 772 4252 καὶ
792 4199 888 4267 τὴν
917 4202 1182 4272 σωτηρίαν
1212 4203 1244 4272 ή
1253 4203 1365 4270 μῶν
1386 4204 1478 4256 καὶ
1498 4204 1594 4273 τὴν
1617 4203 1760 4255 ἐλπί-

199 4279 260 4330 δα
277 4281 369 4332 διά
391 4279 597 4332 τούτων
620 4279 912 4350 διορύττειν
939 4283 1333 4352 ἐπιχειροῦντες
1351 4284 1457 4336 τῶν
1482 4285 1754 4354 ῥημάτων.

200 4363 364 4415 Οὐδὲν
386 4364 496 4433 γὰρ
513 4364 697 4430 ἕτερον
720 4365 1115 4418 κατασκευάσαι
1141 4365 1413 4435 βούλονται
1432 4367 1515 4419 διὰ
1537 4367 1756 4431 τούτων,

197 4446 309 4497 ἀλλ’
345 4448 378 4516 ἢ
411 4449 494 4498 ὄτι
539 4445 748 4506 οὐδενός
799 4446 962 4514 ἐσμεν
1007 4445 1199 4516 κύριοι.
1243 4449 1422 4500 Πάντα
1456 4448 1657 4518 οἴχεται
1694 4451 1760 4501 τὰ

198 4528 317 4578 καθ’
359 4530 516 4598 ήμᾶς
538 4546 550 4558 ·
597 4528 716 4596 εἰκῆ
753 4527 1022 4596 βασιλείας
1052 4529 1357 4598 ὑπόσχεσις,
1388 4533 1508 4601 εἰκῆ
1541 4533 1760 4603 γεέννης

195 4608 419 4676 ἀπειλὴ,
451 4608 573 4678 εἰκῆ
621 4608 773 4677 νόμοι
827 4609 919 4662 καὶ
966 4610 1221 4680 τιμωρίαι
1272 4612 1363 4662 καὶ
1404 4614 1646 4676 κολάσεις
1671 4617 1761 4666 καὶ

197 4688 524 4756 συμϐουλαί.

263 4769 329 4838 β’.
348 4769 420 4821 Τί
433 4769 542 4838 γὰρ
557 4770 618 4821 ἀν
633 4787 716 4831 τις
728 4772 1069 4839 παραινέσειε
1083 4773 1157 4842 τῷ
1179 4774 1399 4844 μηδενὸς
1416 4777 1526 4829 ὄντι
1557 4777 1725 4846 κυρίῳ
1745 4796 1759 4842 ;

188 4852 314 4903 τίδὲ
339 4853 411 4905 ἄν
440 4867 521 4911 τις
551 4852 829 4918 ὑπόσχοιτο
869 4856 945 4924 τῷ
973 4857 1146 4923 πάσης
1176 4857 1417 4921 ἐξουσίας
1459 4860 1760 4928 ἀπεστερη-

196 4935 343 5001 μένῳ
371 4949 386 4995 ;
427 4929 566 4982 Οῦτε
587 4933 613 4982 ό
640 4933 985 5000 κατορθώσας
1014 4935 1162 5000 ἄξιός
1187 4938 1329 4988 ἐστιν
1355 4940 1573 4991 ἐπαίνου
1593 4979 1607 5004 ,
1642 4939 1763 4992 οῦτε

191 5016 218 5064 ὁ
245 5012 577 5083 διαμαρτὼν
611 5013 905 5094 ὑπεύθυνος
938 5019 1205 5080 κολάσεως
1237 5020 1327 5071 καὶ
1370 5023 1678 5094 τιμωρίαςη
1698 5023 1763 5075 ἂν

195 5098 265 5165 μὴ
299 5097 392 5164 ἐφ’
442 5090 638 5167 ήμῖνῇ
689 5095 753 5147 τά
782 5099 1049 5165 πρακτέα.
1102 5101 1164 5152 Εἰ
1195 5101 1250 5152 δὲ
1293 5102 1448 5154 τοῦτο
1499 5090 1764 5156 πεισθεῖεν

189 5179 502 5248 ἄνθρωποι,
520 5177 695 5238 οὐδεὶς
720 5175 896 5227 οὐκέτι
924 5177 1102 5231 λοιπὸν
1127 5181 1224 5233 οὐκ
1249 5183 1444 5252 ἀρετῆς
1466 5185 1761 5250 ἀνθέξεται,

189 5263 247 5312 οὗ
281 5261 496 5312 κακίαν
520 5258 898 5326 φεύξεταιε.Εί
920 5259 1022 5328 γὰρ
1046 5260 1138 5314 νῦν
1164 5264 1281 5315 καθ’
1299 5266 1530 5334 ἑκάστην
1556 5267 1762 5336 ἡμέραν

191 5359 250 5392 πε
263 5343 318 5410 ρὶ
361 5341 597 5408 γεέννης
625 5338 955 5408 ἐνηχούντων
977 5342 1149 5410 ἡμῶν,
1184 5347 1309 5414 περὶ
1352 5346 1619 5415 βασιλείας
1650 5349 1763 5404 δια-

250 5537 275 5563 ⁶
315 5535 422 5582 Alii
451 5532 572 5579 ἀλλὰ
595 5531 675 5578 καὶ
695 5532 851 5593 ἐτέρας
867 5529 1009 5639 ταύτέ
1030 5533 1306 5594 συνείρουσι.

250 5597 274 5634 b
309 5596 459 5639 Unus
478 5595 814 5639 προκάλυμμα.
837 5590 936 5638 Sed
1011 5594 1123 5639 avil.
1166 5594 1306 5639 Morel

247 5597 274 5634 δ
309 5596 459 5642 Unus
478 5590 814 5653 προκάλυμμα.
837 5590 936 5638 Sed
976 5590 1123 5640 Savil.
1161 5590 1333 5643 Morel.
1359 5602 1410 5647 et
1452 5610 1620 5649 omnes
1650 5615 1762 5651 mss.

186 5657 402 5718 προκαὶώ
409 5670 591 5718 μματα.

247 5719 270 5747 ⁸
309 5712 473 5766 Savil.
500 5715 554 5762 οὐ
579 5713 750 5766 κακίας
776 5712 998 5773 φεύξεται.
1022 5714 1116 5763 Sed
1135 5717 1298 5764 κακίαν
1331 5721 1520 5768 melius.

1158 332 1225 388 IN
1264 332 1484 397 ILLUD,
1515 327 1651 385 NON
1684 327 1813 382 EST
1848 327 1914 382 IN
1953 329 2230 396 HOMINE,
2273 331 2424 386 ETC.

3253 335 3360 392 156

1807 449 2125 518 λεγομένων.
2153 452 2243 503 καὶ
2273 452 2368 512 τὰς
2407 452 2651 513 κολάσεις
2690 451 2786 513 τὰς
2827 450 3124 519 ἀφορήτους
3164 448 3254 498 καὶ
3295 444 3362 497 τὰ

1809 535 2012 587 ἔπαθλα
2033 535 2099 588 τὰ
2130 537 2516 606 ὑπερϐαίνοντα
2543 536 2778 590 διάνοιαν
2800 534 3141 603 ἀνθρωπίνην
3179 547 3362 600 προτιο

1807 620 2020 683 θέντων,
2038 619 2180 691 [160]
2199 621 2684 690 συμϐουλευόντων,
2705 619 3175 691 παρακαλούντων.
3190 617 3366 668 πάντα

1807 708 2094 761 κινούντων
2107 707 2279 775 λόγον,
2304 708 2451 778 μόλις
2467 708 2608 769 τινὲς
2628 708 2952 777 ὑπομένουσι
2968 706 3091 767 τοὺς
3110 703 3246 772 ὑπὲρ
3266 701 3364 768 τῆς

1810 794 2005 863 ἀρετῆς
2033 794 2276 864 ἱδρῶτεις,
2317 794 2464 862 μόλις
2491 794 2807 859 ἀφίστανται
2836 793 2932 861 τῆς
2962 793 3017 842 ἐν
3043 792 3151 851 τοῖς
3181 789 3359 858 ἀμαρ-

1811 881 1874 948 τή
1885 895 2044 946 μασιν
2063 880 2252 949 ἡδονῆς
2274 897 2286 909 ο
2312 879 2376 931 ἂν
2397 880 2487 932 καὶ
2509 879 2708 948 ταύτην
2733 878 2967 948 ἐκκόψῃς
2997 876 3093 945 τὴν
3122 875 3366 944 ἄγκυραν

1812 965 1909 1035 τὴν
1937 967 2102 1036 ἱερὰν,
2131 967 2227 1034 οὑχ
2250 966 2537 1036 ὀλόκληρον
2573 964 2993 1036 βαπτισθήσεται
3034 962 3094 1014 τὸ
3136 961 3368 1028 σκάφος,

1815 1053 1908 1104 καὶ
1928 1052 2123 1114 πάντες
2160 1053 2462 1121 οἰχήσονται
2510 1050 2787 1120 γενόμενοι
2822 1050 3000 1101 τέλεον
3030 1047 3366 1119 ὑποϐρύχιοι,

1817 1139 1908 1190 καὶ
1933 1136 2098 1189 πολλὰ
2129 1137 2278 1190 ἔσται
2304 1137 2421 1189 me"
2447 1137 2656 1206 ἡμέραν
2676 1137 2742 1189 τὰ
2761 1136 3023 1203 ναυάγια;
3055 1134 3216 1187 Οὐδὲν
3238 1133 3365 1202 γάρ,
3450 1196 3452 1199 λ

1817 1223 1963 1275 οὐδὲν
1993 1223 2160 1284 οὕτως
2192 1224 2518 1276 ἐσπούδακεν
2547 1225 2574 1274 ὁ
2614 1223 2852 1285 διάϐολος
2870 1263 2882 1282 ,
2905 1222 2978 1283 ὡς
3006 1218 3160 1272 τοῦτο
3189 1221 3369 1273 πεῖσαι

1819 1309 1913 1376 τὴν
1941 1309 2278 1378 ἀνθρωπίνην
2301 1309 2495 1379 ψυχὴν,
2529 1310 2608 1363 ὅτι
2628 1309 2748 1362 οὐτε
2772 1311 2827 1361 ἐν
2852 1311 2961 1370 τοῖς
2990 1307 3201 1377 ἀμαρτή
3212 1305 3372 1374 μασίν

1819 1395 1961 1444 ἐστιν
1990 1392 2281 1457 ὑπεύθυνος
2297 1396 2586 1460 κολάσεως,
2609 1394 2729 1447 οὔτε
2753 1397 2808 1447 ἐν
2839 1397 2947 1456 τοῖς
2964 1391 3373 1463 κατορθώμασιν

1821 1482 2053 1534 ἐπαίνων
2075 1481 2217 1546 ἄξιος
2248 1481 2342 1536 καὶ
2380 1483 2674 1551 στεφάνων,
2707 1482 2792 1534 ἵνα
2822 1483 2915 1534 καί
2944 1481 3050 1533 τῶν
3079 1476 3376 1532 σπουδαίων

1822 1566 2021 1636 ἐκλύσῃ
2062 1567 2157 1630 τάς
2208 1569 2411 1638 χεῖρας,
2458 1569 2552 1620 καὶ
2601 1567 2766 1638 σϐέσῃ
2795 1567 2891 1636 τὴν
2933 1564 3253 1635 προθυμίαν,
3284 1563 3377 1614 καὶ

1823 1651 1930 1703 τῶν
1974 1653 2433 1705 ἀναπεπτωκότων
2473 1653 2711 1722 ἐπιτείνῃ
2769 1652 2868 1720 τὴν
2922 1648 3173 1718 όλιγιςιηίρ
3218 1696 3228 1711 ,
3285 1649 3379 1700 καὶ

1826 1735 2033 1807 αὐξήσῃ
2063 1738 2158 1808 τὴν
2187 1738 2473 1809 ρᾳθυμίαν.

1896 1879 1985 1931 Διὸ
2006 1880 2107 1950 χρὴ
2138 1882 2419 1951 προσέχειν
2452 1881 2586 1951 μετά
2615 1881 2897 1952 ἀκριϐείας
2918 1882 3029 1942 τοῖς
3051 1877 3379 1949 λεγομένοις.

1829 1965 2084 2036 Κρημνὸς
2113 1968 2447 2038 ἑκατέρωθέν
2477 1970 2590 2025 ἐστι
2628 1970 2720 2021 καὶ
2776 1968 2980 2038 βόθρος,
3004 1967 3068 2020 ἂν
3095 1965 3166 2036 μὴ
3197 1964 3384 2033 νηφόν-

1829 2069 1936 2114 τως
1955 2053 2271 2123 ἀναγνῶμεν
2294 2055 2354 2107 τὸ
2384 2055 2562 2125 ῥητόν.
2593 2055 2658 2106 Τί
2681 2053 2786 2124 γὰρ
2811 2056 3077 2122 είπωμεν;
3105 2053 3184 2105 ὅτι
3229 2049 3384 2118 ἐψεύ-

1833 2155 1960 2190 σατο
1983 2140 2011 2190 ό
2036 2141 2314 2209 προφήτης
2338 2159 2351 2202 ;
2395 2140 2531 2193 Ἀλλ’
2563 2141 2892 2193 ἐπικίνδυνον
2917 2156 2930 2170 ·
2971 2139 3250 2208 προφήτης
3277 2135 3386 2207 γὰρ

1830 2225 1890 2277 οὐ
1916 2224 2197 2293 ψεύδεται·
2240 2226 2308 2279 τά
2347 2226 2455 2297 γάρ
2504 2224 2596 2278 τοῦ
2649 2225 2782 2278 Θεοῦ
2815 2225 3103 2294 φθέγγεται
3145 2223 3383 2293 ῥήματα.

1845 2314 1980 2366 Ἀλλ’
2007 2313 2104 2366 οὐκ
2128 2313 2386 2382 ἐψεύσατο
2413 2315 2439 2366 ό
2478 2316 2787 2385 προφήτης;
2810 2313 2998 2366 οὐκοῦν
3018 2313 3115 2364 οὑκ
3142 2311 3225 2378 ἐφ’
3257 2310 3388 2379 ήμῖν

1832 2400 1900 2452 τὰ
1924 2399 2202 2467 πρακτέας
2248 2400 2405 2452 ’Λλλά
2435 2400 2527 2453 καὶ
2552 2401 2635 2468 ἐφ’
2662 2402 2791 2470 ἡμῖν
2834 2401 2902 2453 τὰ
2927 2396 3190 2468 πρακτέα,
3221 2396 3314 2448 καὶ
3359 2393 3389 2446 ό

1835 2487 2114 2555 προφήτης
2149 2486 2248 2538 οὐκ
2275 2484 2535 2554 ἐψεύσατο
2553 2501 2567 2515 ο
2604 2486 2694 2538 καὶ
2719 2485 2999 2555 ἀμφότερα
3019 2482 3186 2536 ταῦτα
3214 2497 3391 2551 παραο

1838 2572 2123 2640 στήσομεν,
2153 2571 2246 2624 ἐὰν
2278 2572 2595 2643 προσέχητε.
2613 2572 2711 2624 Διά
2737 2573 2844 2642 γὰρ
2872 2571 3026 2624 τοῦτο
3051 2563 3386 2638 ἑκατέρωθεν

1839 2657 2011 2722 ἔδειξα
2049 2657 2138 2710 τὸν
2182 2657 2440 2728 κρημνὸν,
2487 2657 2572 2710 ἵνα
2624 2660 2880 2728 νήφοντες
2921 2656 3251 2724 διανύσωμεν
3295 2652 3391 2723 τὴν

1841 2742 2202 2812 προκειμένην
2229 2745 2360 2812 ἡμῖν
2387 2743 2523 2797 ὀδόν.
2561 2742 2650 2813 Μὴ
2692 2743 2796 2814 γάρ
2818 2742 2880 2812 δὴ
2910 2740 3062 2795 τοῦτο
3091 2741 3246 2810 μόνον
3275 2738 3393 2804 ἐξε-

1839 2829 2106 2898 τάσωμεν,
2132 2828 2212 2890 τὸ,
2258 2832 2376 2882 Οὐκ
2413 2829 2482 2882 ἐν
2516 2828 2594 2894 τῷ
2628 2830 2910 2897 ἀνθρώπῳ
2935 2829 2973 2895 ἠ
3006 2827 3142 2892 ὁδὸς
3171 2824 3352 2880 αὐτοῦ
3375 2839 3391 2856 ο

1843 2914 1975 2967 ἀλλὰ
2018 2915 2108 2967 καὶ
2141 2915 2236 2984 τὴν
2283 2913 2595 2969 ἀκολουθίαν
2643 2916 2875 2979 ἃπασαν,
2926 2913 3019 2966 καὶ
3068 2913 3205 2981 ὑπὲρ
3240 2911 3396 2963 τίνων

1844 3002 2070 3072 εἴρηται,
2103 3001 2195 3054 καὶ
2230 3000 2380 3070 παρὰ
2411 3001 2551 3064 τίνος
2572 3041 2585 3062 ,
2613 3001 2707 3053 καὶ
2739 3001 2872 3071 πρὸς
2904 3001 3044 3066 τίνα,
3079 3002 3169 3050 καὶ
3207 2998 3293 3050 διὰ
3321 2998 3394 3058 τί,

1846 3087 1936 3138 καὶ
1963 3086 2111 3148 πότε,
2148 3086 2396 3148 καὶπῶς.
2440 3085 2514 3140 Οὐ
2563 3086 2667 3156 γὰρ
2700 3087 2860 3156 ἀρκεῖ
2896 3085 2954 3138 τὸ
2989 3086 3185 3152 λέγειν,
3220 3086 3300 3136 ὅτι
3340 3084 3397 3134 ἐν

1846 3174 1961 3232 ταῖς
2002 3172 2240 3240 Γραφαῖς
2272 3172 2597 3241 γέγραπται,
2619 3171 2735 3224 οὐδὲ
2775 3171 2958 3233 ἁπλῶς
2997 3169 3398 3238 παρασπῶντας

1851 3259 2065 3327 ῥήματα
2090 3258 2180 3309 καὶ
2210 3258 2616 3328 σπαράσσοντας
2640 3258 2708 3311 τά
2741 3257 2873 3327 μέλη
2897 3256 2988 3309 τοῦ
3021 3255 3265 3325 σώματος
3293 3254 3400 3306 τῶν

1850 3344 2213 3397 θεοπνεύστων
2241 3344 2489 3412 Γραφῶν,
2519 3344 2698 3413 ἔρημα
2734 3342 2826 3395 καὶ
2863 3342 3042 3411 γυμνά
3072 3342 3166 3410 τῆς
3201 3342 3402 3393 οἰκείας

1850 3429 2025 3482 αὐτῶν
2069 3429 2357 3496 συναφείας
2397 3428 2673 3493 λαϐόντας,
2702 3428 2786 3479 ἐπ’
2806 3427 3049 3493 ἐξουσίας
3086 3428 3176 3478 καὶ
3219 3427 3402 3489 ἀδείας

1852 3515 2170 3584 ἐπηρεάζειν
2208 3515 2404 3577 αὐτοῖς.
2435 3513 2588 3567 οὕτω
2627 3515 2731 3584 γὰρ
2789 3513 2959 3567 πολλά
3015 3513 3257 3582 δόγματα
3296 3512 3404 3565 διε·

1853 3599 2134 3669 φθαρμένα
2155 3601 2231 3661 εἰς
2256 3599 2344 3651 τὸν
2373 3599 2483 3668 βίον
2499 3600 2861 3669 εἰσενήνεκται
2890 3599 2979 3652 τὸν
3002 3599 3165 3668 ήμέτε
3177 3615 3282 3668 ρον,
3311 3599 3402 3650 τοῦ

1851 3686 2091 3738 διαϐόλου
2144 3685 2416 3749 πείθοντος
2457 3687 2581 3747 τοὺς
2614 3684 3012 3757 ῥᾳθυμοτέρους
3047 3685 3406 3756 διεστραμμέ-

1855 3769 2005 3832 νωςά
2041 3770 2394 3838 ἀπαγγέλλειν
2418 3769 2482 3823 τὰ
2529 3772 2584 3823 ἐν
2628 3772 2747 3833 ταῖς
2795 3771 3033 3840 Γραφαϊς
3077 3772 3327 3836 κείμενα,
3370 3771 3402 3838 ἢ

1856 3855 2307 3927 προστιθέντας-,ἢ
2327 3855 2681 3925 ὑφαιροῦντας
2705 3856 2988 3924 ἐπιζοφοῦν
3012 3857 3108 3925 τὴν
3131 3857 3402 3925 ἀλήθειαν.

1859 3945 1931 3996 υὺ
1957 3943 2130 3994 τοίνυν
2162 3943 2320 4010 ἀρκεῖ
2361 3943 2419 3993 τὸ
2443 3943 2634 4002 εἰπεῖν,
2664 3943 2745 3994 ὅτι
2777 3945 2832 3994 ἐν
2882 3945 2946 4013 τῇ
2995 3943 3180 4013 Γραφῇ
3213 3943 3408 4013 γέγρα·

1859 4045 2006 4090 πται,
2027 4027 2157 4080 ἀλλά
2178 4027 2279 4098 χρὴ
2300 4029 2391 4079 καὶ
2411 4028 2507 4096 τὴν
2525 4027 2836 4080 ἀκολουθίαν
2870 4028 3167 4097 ἀναγνῶναι
3190 4031 3365 4082 πᾶσαν
3391 4045 3404 4060 ⁸

1860 4116 1978 4167 ἐπεὶ
2002 4117 2049 4168 εἰ
2087 4115 2367 4185 μέλλοιμεν
2400 4114 2704 4168 διακόπτειν
2744 4116 2839 4186 τὴν
2878 4116 3010 4186 πρὸς
3057 4117 3258 4186 ἄλληλα
3289 4133 3409 4169 συν-

1861 4202 2037 4270 ἐχειαν
2065 4199 2236 4253 αὐτῶν
2271 4201 2361 4253 καὶ
2388 4201 2717 4267 συγγένειαν,
2747 4201 2913 4253 πολλὰ
2939 4202 3074 4254 οὓτω
3092 4203 3407 4273 τεχθήσεται

1862 4286 2069 4357 πονηρά
2104 4286 2364 4354 δόγματα.
2404 4287 2512 4337 Καὶ
2541 4287 2646 4354 γὰρ
2683 4289 2739 4337 ἐν
2771 4289 2835 4355 τῇ
2862 4286 3048 4356 Γραφῇ
3079 4289 3406 4357 γέγραπται,

1861 4374 1939 4425 ὅτι
1974 4375 2092 4425 Οὐκ
2121 4372 2248 4424 ἔστι
2275 4371 2434 4434 Θεὸς,
2479 4372 2570 4422 καὶ
2611 4372 2690 4423 ὅτι
2729 4373 3091 4442 Ἀπέστρεψε
3129 4376 3194 4427 τὸ
3221 4377 3406 4442 πρόσ-

1863 4474 2022 4513 ωπον
2052 4458 2252 4518 αὑτοῦ,
2313 4457 2418 4510 τοῦ
2444 4458 2529 4526 μὴ
2566 4459 2820 4522 ,βλέπειν
2855 4464 2940 4524 εἰς
2977 4462 3166 4527 τέλος,
3202 4466 3293 4515 καὶ
3329 4464 3410 4515 ὅτι

1866 4550 1985 4599 Οὐκ
2013 4543 2317 4610 ἐκζητήσει
2347 4547 2378 4598 ό
2406 4547 2565 4610 Θεός.
2603 4546 2666 4597 Τί
2695 4542 2817 4611 οὖν;
2851 4547 2969 4600 εἰπέ
3012 4566 3132 4617 μοι·
3167 4550 3263 4601 οὐκ
3298 4550 3410 4601 ἐστι

1863 4631 2021 4695 Θεός;
2056 4629 2184 4682 Οὐδὲ
2219 4631 2386 4699 ἐφορᾷ
2431 4629 2498 4683 τὰ
2530 4632 2667 4684 κατά
2700 4633 2800 4701 γῆν
2825 4633 3152 4703 πράγματα;
3189 4636 3294 4688 Καὶ
3331 4636 3410 4697 τίς

1863 4717 2013 4768 τοῦτο
2042 4717 2319 4785 ἀνάσχοιτο
2350 4719 2595 4786 εἰπεῖν,ἢ
2632 4718 2887 4783 ἀκοῦσαι;
2933 4721 3121 4772 Καίτοι
3154 4738 3216 4788 γε
3249 4723 3306 4774 ἐν
3345 4724 3409 4791 τῇ

1863 4804 2048 4872 Γραφῇ
2082 4803 2383 4871 γέγραπται
2403 4820 2414 4832 ·
2450 4803 2583 4854 ἀλλὰ
2612 4805 2745 4872 μάθε
2771 4804 2884 4866 πῶς
2907 4805 3227 4874 γέγραπται.
3245 4802 3409 4868 Εἷπε,

1865 4889 2043 4958 φησὶν,
2075 4888 2274 4954 ἄφρων
2307 4889 2375 4939 ἐν
2421 4887 2630 4955 καρδίᾳ
2666 4890 2868 4947 αὑτοῦ,
2918 4893 3034 4941 Οὐκ
3075 4891 3202 4942 ἔστι
3251 4893 3410 4957 Θεός.

1865 4975 1936 5026 Οὐ
1960 4974 2053 5043 τῆς
2082 4974 2303 5043 Γραφῆς
2329 4978 2472 5026 ἐστιν
2497 4977 2528 5042 ή
2553 4973 2742 5043 γνώμη
2767 4977 2856 5027 καὶ
2885 4977 2915 5044 ή
2941 4975 3135 5042 ψῆφος,
3169 4976 3301 5028 ἀλλά
3318 4978 3416 5046 τῆς

1864 5056 2206 5129 τοῦᾶφρονος
2236 5060 2466 5120 διανοίας
2489 5072 2503 5086 ⁹
2526 5061 2585 5110 οὐ
2611 5061 2674 5110 τὰ
2701 5061 2895 5130 ἑαυτῆς
2939 5057 3087 5113 εἶπεν
3189 5063 3379 5133 Γραφὴ
3401 5102 3415 5126 ,

1867 5144 2012 5215 [161]
2041 5145 2172 5196 ἀλλὰ
2201 5145 2267 5196 τὰ
2295 5146 2477 5214 ἐτέρου
2521 5145 2836 5213 ἀπήγγειλε.
2881 5149 2989 5199 Καὶ
3027 5148 3215 5203 πάλιν·
3267 5153 3417 5214 Ἐως

1865 5233 2025 5298 τινος
2073 5231 2418 5299 παρώξυνεν
2472 5235 2502 5284 ό
2545 5233 2768 5299 ἀσεϐὴς
2788 5235 2891 5286 τόν
2919 5239 3090 5299 Θεςὲν;
3119 5234 3264 5289 Elge
3308 5238 3418 5304 γὰρ

1866 5320 1932 5370 ἐν
1958 5318 2166 5384 καρδίᾳ
2193 5318 2395 5379 αὑτοῦ,
2444 5321 2564 5370 Οὐκ
2594 5319 2915 5387 ἐκζητήσει.
2959 5323 3320 5391 Ἀπέστρεψε
3351 5324 3417 5375 τὸ

1867 5407 2183 5471 πρόσωπον
2227 5405 2428 5471 αὐτοῦ,
2488 5406 2593 5458 τοῦ
2641 5407 2724 5473 μὴ
2783 5408 3034 5469 βλέπειν
3091 5413 3175 5476 εἰς
3226 5412 3415 5477 τέλος.

1928 5599 1952 5637 d
1974 5599 2079 5648 Duo
2104 5615 2213 5648 mss.
2258 5603 2609 5663 διεσταλμένως,
2635 5609 2686 5651 el
2720 5607 2790 5654 sic
2831 5607 2974 5653 etiam
3013 5607 3156 5655 habet
3199 5608 3341 5656 Savil.
3370 5611 3415 5657 In

1867 5665 2390 5783 ἓιζὶἔιῄῇἓῗσταλμένως
2409 5666 2706 5723 ἀπαγγέλλειν
2727 5672 2858 5716 esset
2869 5666 3162 5731 distinguere
3175 5670 3251 5718 vel
3273 5673 3416 5719 etiam

1907 5737 1918 5769 ί
2009 5735 2016 5743 ’
2124 5736 2176 5771 ’8.

1907 5735 2176 5771 ιδιονίηιενε.
3440 5752 3443 5753 ν
