4148 6306
132 356 245 409 157

144 452 390 511 sententia
410 494 423 513 ,
466 452 557 507 sed
601 449 760 504 animi
792 444 1086 515 insipientis
1116 462 1129 497 :
1165 457 1268 497 non
1298 442 1432 497 dixit
1456 456 1573 510 qua:
1599 454 1692 495 sua

143 554 264 597 sunt
287 543 575 608 Scriptum,
604 538 694 593 sed
724 550 841 605 qua:
868 541 990 589 sunt
1018 532 1236 586 alterius
1262 527 1603 583 denuntiavit.
1630 527 1697 579 Et

145 650 324 687 rursus
356 652 368 686 :
404 632 666 703 Usquequo
706 627 915 680 irritavit
946 624 1129 692 impius
1154 621 1355 674 Deum?
1398 618 1539 671 Dixit
1567 617 1696 670 enim

143 728 192 777 in
224 722 370 777 corde
393 738 479 774 suo
504 761 517 784 ,
562 720 679 771 Non
718 716 947 784 requiret.
994 712 1178 765 Avertit
1222 710 1399 778 facient
1435 723 1608 771 suam,
1638 722 1697 759 ne

144 818 302 868 rideat
343 816 392 866 in
435 814 582 878 ﬁnem
609 808 787 879 (Psal.
822 807 904 861 10.
939 805 1004 860 15
1030 814 1075 856 et
1100 805 1158 856 11
1186 804 1223 869 ).
1275 802 1339 854 Et
1382 800 1464 853 hic
1515 811 1697 851 rursus

148 902 370 956 hominis
397 902 537 966 impii
566 915 627 953 ac
653 896 861 952 scelesti
888 895 1137 964 judicium
1161 900 1214 945 et
1238 890 1548 944 sententiam
1571 901 1693 956 pro-

148 994 311 1060 ponit.
344 994 415 1046 lta
443 1005 651 1057 quoque
678 987 864 1041 medici
890 985 1059 1039 facere
1088 982 1286 1045 solent,
1318 981 1619 1032 insanorum
1646 986 1699 1031 et

146 1080 428 1132 amentium
462 1087 672 1145 peccata
712 1075 853 1130 sanis
898 1089 961 1127 ac
1002 1071 1297 1125 valentibus
1343 1076 1594 1132 narrant,
1643 1074 1698 1119 ut

146 1171 407 1222 cautiores
435 1169 564 1221 istos
589 1166 831 1220 reddant.
862 1165 991 1217 Cum
1021 1164 1176 1232 igitur
1197 1161 1393 1215 sanitas
1418 1160 1606 1212 animm
1631 1158 1698 1211 sit

150 1262 335 1328 pietas,
363 1259 572 1312 morbus
598 1267 771 1311 autem
801 1264 852 1309 et
881 1254 1154 1307 infirmitas
1180 1266 1382 1306 summa
1407 1251 1567 1304 Deum
1596 1250 1695 1301 mi-

148 1350 292 1402 nime
320 1362 471 1401 nosse
494 1388 509 1411 ,
557 1347 838 1415 impiorum
867 1346 1023 1399 verba
1052 1348 1452 1405 commemorat,
1492 1353 1599 1393 non
1644 1348 1699 1392 ut

146 1454 206 1491 ea
235 1449 429 1491 temere
456 1437 752 1500 audiamus,
781 1436 870 1489 sed
898 1444 953 1486 ut
977 1432 1043 1485 ab
1068 1433 1131 1485 iis
1157 1432 1529 1486 abstineamus.
1563 1428 1697 1496 Quid

150 1528 402 1597 insipiens
426 1528 635 1590 dixerit,
664 1534 859 1587 narrat,
892 1532 945 1577 ut
972 1531 1025 1576 tu
1048 1522 1256 1590 sapiens
1284 1521 1395 1583 fias,
1422 1529 1476 1573 et
1503 1519 1698 1573 dictum

150 1618 265 1685 ejus
288 1619 497 1671 minime
530 1618 720 1686 probes
746 1632 760 1667 :
789 1613 911 1683 quid
937 1613 1125 1681 impius
1149 1610 1367 1671 dixerit,
1395 1617 1604 1673 narrat,
1647 1614 1703 1661 ut

151 1722 201 1761 tu
232 1710 551 1778 impietatem
599 1708 785 1776 fugias.
832 1705 1010 1773 Neque
1038 1717 1164 1757 vero
1202 1702 1371 1757 solum
1400 1716 1430 1754 a
1456 1707 1700 1753 contextu

150 1800 390 1867 serieque
415 1797 675 1851 sermonis
700 1794 970 1848 evellenda
994 1793 1105 1846 loca
1134 1805 1237 1844 non
1268 1798 1407 1853 sunt,
1432 1788 1522 1842 sed
1544 1788 1701 1842 etiam

152 1904 276 1940 sana
304 1897 353 1941 et
383 1888 580 1954 integra
608 1895 728 1937 sunt
756 1882 1087 1951 proferenda,
1118 1880 1354 1948 nihilque
1380 1877 1700 1932 addendum.

224 1977 413 2029 Abusus
450 1977 547 2029 foci
577 1974 729 2027 Pauli
772 1990 833 2026 ea;
865 1972 1028 2040 Epist.
1053 1969 1118 2022 ad
1146 1969 1371 2023 Corinth.
1398 1970 1448 2021 1.
1469 1992 1539 2009 -α
1559 1966 1702 2020 Multi

153 2078 292 2119 ei-rte
320 2066 559 2134 quasdam
591 2065 747 2119 etiam
780 2064 880 2115 alia
910 2060 1281 2114 circumferunt
1309 2074 1369 2111 ex
1401 2058 1699 2126 Scripturis,

155 2172 271 2220 quae
289 2155 569 2223 depravate
596 2154 838 2221 allegant.
862 2150 1120 2217 Scriptum
1146 2159 1219 2202 est
1244 2148 1403 2212 enim,
1430 2147 1701 2215 inquiunt:

154 2245 208 2295 Si
242 2244 409 2297 nraris
435 2283 449 2308 ,
480 2257 697 2295 uxorem
724 2240 899 2293 ducito
936 2255 950 2292 :
984 2252 1238 2305 nusquam
1272 2245 1441 2289 tamen
1491 2233 1591 2287 hoe
1635 2234 1705 2287 ita

157 2336 403 2401 scriptum
430 2343 541 2395 est;
573 2331 664 2385 sed
694 2345 796 2399 quo
826 2337 975 2397 pacto
1004 2329 1070 2381 sit
1108 2328 1355 2394 scriptum
1390 2321 1659 2379 considera
1689 2341 1703 2376 :

159 2422 281 2475 Dico
306 2432 473 2474 autem
494 2438 591 2473 non
621 2420 785 2487 nuptis
810 2428 856 2472 et
882 2417 1060 2480 viduis,
1085 2418 1263 2469 bonum
1289 2414 1389 2467 illis
1414 2423 1501 2477 est,
1529 2414 1571 2467 si
1594 2425 1706 2465 ma-

159 2525 300 2565 neant
322 2555 336 2577 ,
367 2514 491 2566 sicut
516 2521 559 2563 et
583 2527 671 2579 ego
704 2527 720 2563 :
749 2510 879 2577 quod
907 2510 949 2561 si
975 2524 1071 2560 non
1100 2524 1150 2559 se
1183 2508 1457 2570 continent,
1486 2505 1707 2569 nubant;

160 2605 329 2653 mefius
354 2603 485 2653 enim
510 2610 576 2653 est
600 2600 779 2652 nubere
800 2615 946 2667 quam
975 2599 1053 2649 uri
1082 2598 1152 2665 (i.
1183 2594 1298 2648 Cor.
1325 2597 1374 2647 7.
1403 2594 1454 2647 8.
1488 2591 1563 2661 9).
1596 2594 1707 2645 Im-

163 2710 263 2746 non
292 2694 445 2761 igitur
472 2692 608 2745 idem
633 2700 731 2751 est,
759 2691 943 2756 inquit,
968 2688 1022 2743 Si
1044 2687 1232 2750 uraris,
1250 2698 1471 2739 uxorem
1497 2682 1709 2737 ducito?

164 2785 439 2836 Enimvero
490 2782 609 2835 licet
648 2782 782 2833 idem
827 2787 994 2842 esset,
1027 2792 1131 2829 non
1176 2774 1448 2843 oportebat
1493 2784 1706 2838 tamen,

162 2874 352 2926 omissa
380 2880 518 2925 recta
547 2872 827 2937 Scriptura:
865 2868 1174 2936 allegatione
1194 2906 1207 2931 ,
1232 2880 1346 2919 eam
1390 2872 1708 2933 pervertere,

164 2970 370 3031 suisque
412 2963 588 3015 verbis
633 2960 914 3026 Scripturae
957 2970 1106 3010 sensa
1135 2954 1367 3023 proferre
1398 2971 1410 3005 :
1438 2953 1545 3021 jam
1586 2967 1713 3006 vero

167 3057 381 3107 multum
420 3052 731 3106 offendimus
772 3050 943 3102 inesse
982 3045 1284 3099 discrimen.
1314 3042 1367 3098 Si
1392 3043 1532 3097 enim
1561 3042 1712 3096 abso-

166 3148 269 3199 lute
296 3144 491 3197 dixeris
511 3184 525 3206 ,
555 3141 609 3195 Si
639 3138 805 3193 uraris
828 3180 842 3202 ,
874 3151 1090 3191 uxorem
1135 3135 1311 3189 ducito
1336 3175 1349 3198 ,
1380 3133 1584 3188 cunctis
1625 3132 1713 3200 qui

164 3237 511 3305 virginitatem
542 3245 751 3285 servare
785 3230 921 3282 ultro
947 3235 1238 3281 statuerunt
1289 3228 1601 3291 potestatem
1638 3223 1715 3275 fa-

165 3329 259 3387 cis,
285 3341 402 3379 cum
441 3326 664 3392 primum
692 3320 850 3374 libido
880 3321 980 3372 illis
1010 3317 1271 3386 negotium
1302 3316 1521 3369 lacesset
1542 3354 1556 3378 ,
1591 3313 1713 3366 inita

166 3430 281 3467 cum
306 3415 415 3467 Deo
446 3421 597 3480 pacta
640 3409 886 3469 violandi,
914 3416 1068 3475 atque
1094 3405 1157 3458 ad
1189 3404 1391 3471 nuptias
1437 3401 1716 3470 transfugae

168 3520 313 3557 more
346 3502 669 3564 transeundi,
698 3514 757 3552 ac
784 3498 1025 3566 promissi
1052 3496 1240 3564 prioris
1266 3493 1623 3548 obliviscendi.

234 3595 285 3647 5.
324 3591 475 3656 Quod
503 3594 542 3643 si
585 3589 839 3657 intelligas
867 3628 880 3652 ,
904 3602 1035 3655 quos
1064 3586 1355 3653 alloquatur
1380 3583 1589 3643 Paulus,
1619 3581 1717 3635 hoc

170 3688 272 3733 est.
291 3694 398 3730 non
434 3694 621 3732 omnes
646 3681 859 3746 passim,
883 3695 1067 3733 verum
1087 3695 1197 3743 eos,
1224 3679 1311 3747 qui
1330 3679 1566 3731 nondum
1588 3693 1715 3745 pro-

170 3759 421 3811 missione
462 3776 519 3812 se
545 3760 947 3822 obstrinxerim,
979 3762 1173 3829 poteris
1217 3760 1428 3813 noxiam
1477 3761 1614 3812 hanc
1654 3774 1717 3813 ac

166 3848 519 3913 perniciosam
546 3850 727 3904 tollere
755 3851 1075 3904 facultatem.
1098 3850 1223 3903 Dico
1238 3849 1594 3916 enim,inquit,
1616 3864 1717 3900 non

165 3940 334 4005 nuptis
356 3948 402 3991 et
426 3940 612 4003 viduis,
636 3956 740 3994 non
760 3941 954 4008 iisquae
978 3940 1283 3993 viduitatem
1304 3942 1596 4009 promisere
1622 3942 1713 3995 sed

163 4032 225 4083 iis
244 4049 362 4099 quae
389 4046 563 4096 neque
584 4031 702 4092 hoc,
723 4045 893 4097 neque
911 4030 1038 4082 illud
1063 4029 1442 4083 decreverunt:
1470 4031 1563 4084 sed
1581 4039 1714 4084 tam-

168 4138 317 4190 quam
351 4123 405 4175 in
435 4121 608 4174 medio
650 4120 871 4188 quodam
901 4120 1177 4172 interstitio
1206 4120 1411 4172 consilii
1452 4119 1720 4187 utriusque

168 4220 462 4264 versantur.
506 4210 741 4276 Exempli
796 4222 950 4262 causa
982 4224 995 4259 :
1036 4207 1221 4260 mulier
1258 4208 1513 4275 quaepiam
1553 4208 1720 4259 virum

168 4316 313 4352 suum
344 4300 553 4362 amisit,
586 4298 875 4367 nequedum
908 4297 1040 4365 apud
1088 4312 1145 4350 se
1174 4298 1388 4363 statuit,
1418 4312 1586 4366 neque
1630 4296 1721 4350 de-

168 4390 351 4450 crevit,
384 4405 448 4441 an
480 4403 509 4439 a
536 4404 592 4441 se
619 4398 854 4454 oporteat
879 4389 995 4457 eligi
1029 4388 1329 4441 viduitatem
1356 4429 1370 4453 ,
1402 4403 1467 4441 an
1494 4403 1615 4441 vero
1640 4388 1719 4441 al-

168 4492 334 4535 terum
369 4482 610 4533 maritum
648 4481 855 4534 induci:
891 4480 1023 4534 hanc
1060 4495 1154 4548 ego
1195 4480 1482 4537 admoneo.
1514 4480 1716 4548 inquit,

169 4572 361 4624 bonum
386 4584 501 4623 esse
523 4578 579 4621 ut
605 4569 671 4620 ita
695 4577 999 4636 permaneat
1024 4586 1035 4619 :
1064 4568 1200 4635 quod
1228 4568 1271 4620 si
1297 4583 1429 4622 onus
1453 4568 1590 4622 ferre
1617 4584 1719 4621 non

167 4662 354 4729 possit,
383 4661 544 4715 nubat
572 4682 584 4715 :
616 4675 705 4714 eas
721 4673 844 4713 vero
873 4674 987 4727 quae
1006 4660 1112 4726 jam
1145 4673 1403 4726 aggressa:
1427 4668 1566 4721 sunt,
1589 4668 1642 4712 et
1669 4661 1718 4711 in

168 4767 349 4805 earum
379 4751 551 4803 album
582 4758 704 4803 sunt
731 4748 909 4801 relata:
934 4788 947 4812 ,
976 4763 1089 4817 quae
1130 4748 1429 4800 viduitatem
1458 4747 1680 4801 tolerant
1704 4790 1718 4812 ,

167 4853 213 4894 et
238 4855 364 4895 cum
392 4840 499 4891 Deo
525 4847 730 4906 pactum
749 4838 996 4900 inierunt,
1024 4852 1124 4889 non
1152 4837 1255 4903 jam
1280 4837 1385 4888 vult
1410 4835 1471 4888 ad
1498 4837 1719 4889 alterum

168 4945 322 4998 posse
350 4927 733 4981 matrimonium
761 4928 973 4981 reverti.
1004 4926 1282 4995 Propterea
1308 4925 1373 4979 de
1398 4926 1498 4979 illis
1538 4927 1602 4978 ad
1630 4926 1720 4980 Ti-

168 5020 437 5072 motheum
470 5016 707 5069 scribens
741 5016 816 5069 sic
846 5018 917 5068 ait
947 5034 957 5066 :
986 5015 1404 5069 Adolescentiores
1440 5027 1599 5067 aufem
1644 5018 1721 5069 vi-

171 5112 288 5164 duas
333 5108 514 5161 devita.
547 5106 665 5159 Cum
710 5106 837 5158 enim
880 5107 1144 5158 luxuriata:
1173 5107 1356 5175 fuerint
1404 5108 1454 5158 in
1503 5106 1717 5167 Christo,

166 5200 350 5249 nubere
388 5197 555 5248 volunt
585 5195 815 5246 habentes
859 5195 1249 5257 damnationem,
1278 5197 1392 5262 quia
1420 5197 1631 5262 primam
1661 5198 1721 5262 ﬁ-

166 5291 271 5339 dum
300 5287 497 5338 irritam
525 5286 741 5353 fecerunt
764 5282 783 5353 (
810 5286 853 5335 l.
875 5284 1003 5337 Tim.
1027 5288 1078 5340 5.
1117 5288 1197 5339 ll.
1231 5285 1502 5354 l‘l).‘t’ides
1534 5297 1590 5339 ut
1632 5303 1719 5339 eas

167 5377 244 5430 hic
272 5376 499 5443 caeliget
539 5390 599 5426 ac
638 5374 832 5442 puniat,
865 5384 915 5425 et
954 5374 1202 5428 obnoxias
1233 5390 1399 5443 ptena:
1428 5392 1488 5429 ac
1523 5377 1718 5444 judicio

164 5483 276 5521 eSse
307 5466 487 5529 dicat,
515 5465 652 5533 quod
698 5466 816 5517 inita
857 5480 971 5516 cum
1018 5465 1124 5517 Deo
1156 5475 1300 5533 pacta
1331 5467 1637 5528 violarint‘,
1668 5478 1719 5521 et

224 5599 236 5624 '
268 5601 404 5663 finus
428 5592 573 5651 Cod.,
615 5599 753 5653 pacta
789 5591 1145 5649 conculcartmt,
1185 5594 1354 5642 eadem
1381 5608 1572 5651 prorsus
1604 5611 1717 5646 sen-

166 5662 313 5705 lenita

964 333 1026 387 ΙΝ
1064 332 1281 397 ILLUD,
1312 330 1585 387 DOMINE.
1625 328 1756 383 NON
1796 330 1922 385 EST
1959 333 2023 388 ΙΝ
2054 333 2328 398 ΙΙΟΜΙΝΕ.
2356 337 2506 396 ETC.

3240 360 3349 415 158

1798 448 2073 513 promissis
2107 465 2210 505 non
2249 453 2532 506 steterint?
2558 452 2735 523 itaque
2768 470 2832 509 ex
2865 456 2964 511 hoc
2990 454 3108 511 loco
3137 459 3357 515 manife-

1798 548 1933 591 stum
1959 548 2057 602 est,
2089 540 2284 595 dictum
2316 543 2440 598 illud
2484 560 2586 598 non
2630 546 2694 599 ad
2735 561 2824 601 eas
2859 564 2974 616 qua:
2998 548 3359 613 promiserant

1799 642 1916 681 esse
1942 629 2195 683 directum
2226 648 2237 682 :
2273 633 2469 687 idcirco
2508 650 2612 689 non
2653 651 2771 691 esse
2800 638 2925 693 illud
2957 648 3152 695 temere
3180 641 3358 710 profe-

1799 717 2018 770 rendum
2043 757 2058 782 ,
2090 719 2181 773 sed
2234 723 2523 776 noscendas
2565 740 2684 779 esse
2727 742 3011 795 personas,
3044 745 3172 799 quas
3210 730 3353 785 Scri-

1802 816 1965 872 ptura:
1995 809 2166 862 verbis
2196 809 2297 863 illis
2322 812 2673 879 alloquuntur.

1871 895 2061 948 Abusus
2081 898 2284 951 alterius
2302 900 2398 951 foci
2415 901 2982 969 Scriptura—Rursus
3005 909 3162 961 alium
3186 910 3357 965 locum

1800 985 2174 1041 circumferunt
2196 1030 2211 1054 ,
2240 990 2386 1057 cujus
2416 1006 2518 1044 non
2559 992 2628 1044 illi
2655 993 2865 1061 quidem
2897 1004 3207 1053 structuram
3241 1016 3359 1067 per~

1800 1084 2029 1139 vertunt,
2048 1077 2139 1130 sed
2163 1078 2303 1131 aliud
2322 1080 2415 1142 illi,
2435 1081 2569 1148 quod
2594 1084 2643 1134 in
2666 1081 2927 1152 Scriptura
2952 1100 3054 1139 non
3078 1091 3356 1156 reperitur,

1800 1163 2068 1229 adjiciunt.
2102 1165 2243 1219 Talis
2269 1169 2407 1220 enim
2437 1178 2517 1222 est
2542 1169 2733 1223 diaboli
2763 1172 2977 1237 malitia,
3010 1184 3067 1228 ut
3096 1176 3175 1229 vel
3206 1178 3356 1231 addi-

1803 1254 1961 1317 tione,
1993 1254 2072 1308 vel
2113 1256 2466 1310 subtractione
2488 1299 2501 1320 ,
2524 1260 2608 1312 vel
2638 1260 3028 1329 depravatione,
3058 1275 3142 1318 aut
3166 1266 3360 1320 immn-

1804 1343 1999 1397 tatione
2018 1353 2289 1399 contextus
2317 1348 2611 1413 perniciosa
2636 1350 2878 1418 dogmata
2904 1351 3217 1409 introducat.
3234 1358 3360 1421 Quis

1804 1431 1889 1482 ille
1917 1446 2072 1499 porro
2104 1433 2253 1487 locus
2292 1436 2413 1487 est?
2443 1435 2610 1489 Meum
2644 1448 2745 1502 est,
2775 1440 2975 1508 inquit,
3019 1452 3362 1511 argentum,et

1804 1538 1965 1573 meum
1991 1540 2168 1575 aurum
2196 1526 2214 1593 (
2235 1524 2363 1595 Agg.
2392 1525 2445 1578 2.
2477 1526 2584 1595 9);
2616 1536 2668 1583 et
2691 1530 2772 1583 cui
2803 1531 3019 1586 voluero
3047 1533 3184 1587 dabo
3215 1536 3359 1589 illud.

1803 1613 1966 1681 llujns
1984 1614 2078 1667 loci
2104 1630 2220 1682 pars
2235 1616 2444 1683 quidem
2462 1626 2544 1671 est
2565 1618 2632 1670 ita
2650 1619 2805 1684 dicta,
2822 1637 2943 1689 pars
2962 1638 3088 1678 vero
3103 1624 3236 1678 dicta
3258 1642 3360 1679 non

1804 1712 1904 1767 est,
1952 1703 2044 1757 sed
2084 1703 2326 1758 alicunde
2364 1706 2585 1775 adjecta.
2608 1707 2738 1761 Nam
2774 1710 2896 1762 illud
2924 1712 3163 1779 quidem,
3196 1715 3366 1768 Meum

1804 1802 1875 1844 est
1903 1803 2161 1861 argentum
2180 1834 2194 1859 ,
2224 1803 2267 1847 et
2296 1811 2457 1847 meum
2484 1804 2553 1850 est
2578 1812 2757 1849 aurum
2777 1838 2791 1862 ,
2821 1798 2951 1851 dixit
2982 1801 3232 1869 propheta
3260 1820 3274 1856 :
3304 1804 3367 1856 il-

1807 1880 1896 1932 lud
1920 1889 2111 1946 autem,
2142 1881 2235 1934 Cui
2264 1883 2478 1937 voluero
2506 1884 2643 1937 dabo
2671 1885 2817 1951 illud,
2844 1900 2949 1940 non
2981 1889 3104 1942 item
3130 1890 3367 1957 sequitur

1806 1969 1857 2022 in
1896 1969 2184 2038 Scriptura,
2215 1971 2307 2025 sed
2334 1987 2397 2025 ex
2437 1973 2640 2026 inscitia
2672 1972 2809 2042 vulgi
2844 1984 3019 2029 natum
3058 1978 3364 2032 circumfer-

1808 2069 1909 2111 tur.
1963 2058 2236 2126 Quodnam
2286 2077 2441 2129 porro
2495 2063 2617 2117 inde
2663 2065 2897 2119 exuritur
2947 2067 3367 2123 detrimentum?

1808 2148 1949 2201 Multi
1977 2149 2246 2215 scelerati,
2276 2160 2324 2203 ct
2362 2152 2769 2220 prmstigiatores
2794 2194 2807 2219 ,
2831 2163 2986 2222 atque
3012 2157 3366 2224 intemperan-

1811 2247 1909 2301 tes,
1939 2240 2026 2306 qui
2053 2254 2121 2293 ne
2145 2241 2285 2307 digni
2307 2239 2517 2309 quidem
2542 2252 2682 2308 sunt,
2706 2244 2792 2312 qui
2815 2245 2940 2297 solis
2966 2245 3118 2312 hujus
3145 2261 3358 2315 consm-

1808 2338 1893 2381 ctu
1924 2328 2178 2392 fruantur,
2211 2342 2300 2383 aut
2335 2331 2542 2397 vivant,
2572 2342 2661 2385 aut
2690 2332 2843 2401 hujus
2872 2336 2983 2387 cmli
3007 2336 3243 2403 spiritum
3276 2338 3355 2390 du.

1809 2427 1951 2483 eant,
1980 2419 2155 2471 multis
2175 2420 2361 2487 Opibus
2390 2420 2673 2487 abundant,
2696 2422 2819 2475 dum
2840 2424 3011 2475 omnia
3039 2425 3361 2489 subvertunt,

1810 2506 2082 2561 viduarum
2112 2508 2297 2561 domos
2323 2508 2593 2576 diripiunt,
2619 2510 2881 2576 orphanos
2907 2513 3147 2579 spoliant,
3182 2514 3365 2567 adver-

1811 2607 1900 2648 sus
1929 2593 2205 2649 inferiores
2226 2597 2537 2650 efferuntur.
2569 2597 2763 2652 Volens
2790 2614 2915 2667 ergo
2937 2599 3174 2654 diabolus
3203 2602 3370 2656 homi-

1814 2682 1966 2738 nibus
2015 2683 2332 2752 persuadere
2383 2685 2590 2740 divitias
2661 2689 2891 2754 desuper
2953 2697 3110 2756 atque
3160 2706 3223 2743 ex
3280 2691 3371 2743 Dei

1813 2770 2084 2841 largitione
2128 2787 2361 2840 manare,
2392 2783 2450 2828 ut
2487 2791 2552 2828 ex
2594 2775 2695 2829 hoc
2727 2790 2965 2844 magnam
2993 2778 3371 2846 blasphemiam

1814 2865 2035 2919 Domino
2078 2864 2364 2935 impingat,
2394 2875 2596 2935 sumpta
2629 2866 2728 2921 hac
2775 2866 3059 2934 Scriptura:
3115 2872 3371 2924 sententia

1815 2969 1931 3021 quze
1963 2955 2040 3008 sic
2068 2955 2261 3009 habet:
2292 2955 2462 3009 Meum
2490 2965 2561 3009 est
2584 2966 2862 3025 argentum,
2892 2967 2936 3010 et
2981 2976 3142 3011 meum
3170 2970 3238 3014 est
3284 2977 3377 3013 au-

1815 3060 1941 3107 rum,
1975 3044 2129 3097 aliam
2156 3060 2272 3113 qua:
2300 3046 2351 3098 in
2373 3045 2644 3114 Scriptura
2672 3063 2775 3101 non
2805 3056 2901 3111 est,
2936 3049 3125 3114 adjecit
3150 3050 3327 3103 dicens
3357 3068 3372 3103 :

1818 3132 1885 3185 Et
1931 3134 2014 3186 cui
2044 3132 2261 3187 voluero
2305 3134 2442 3188 dabo
2487 3134 2632 3188 illud.
2668 3137 2734 3188 At
2761 3151 2863 3190 non
2906 3137 2973 3189 ita
3002 3138 3125 3191 dicit
3153 3141 3376 3206 Aggmus

1820 3222 2071 3289 propheta
2099 3242 2109 3275 :
2140 3224 2231 3277 sed
2261 3238 2377 3278 cum
2404 3240 2466 3278 ex
2491 3224 2830 3280 barbarorum
2860 3229 3070 3297 regione
3099 3229 3380 3284 rediisscnt

1816 3313 2002 3379 Judaei,
2032 3322 2085 3368 et
2113 3315 2449 3368 instauraturi
2482 3318 2732 3384 templum
2763 3326 2958 3383 essent,
2991 3328 3147 3387 atque
3173 3320 3235 3371 ad
3267 3321 3375 3387 pri-

1819 3404 2011 3457 stinum
2043 3405 2377 3473 splendorem
2408 3408 2637 3460 evecturi
2666 3448 2679 3470 ,
2708 3422 2824 3461 cum
2858 3413 3004 3476 egeni
3032 3418 3208 3463 essent
3238 3420 3288 3463 et
3313 3412 3380 3465 ab

1822 3491 2056 3546 hestibus
2100 3493 2429 3548 circumfusis
2476 3495 2715 3559 obsessi,
2747 3497 2905 3549 multa
2939 3506 3207 3564 premente
3249 3514 3381 3565 pau-

1822 3592 2020 3649 pertate
2044 3622 2057 3647 ,
2087 3596 2183 3635 nec
2222 3583 2339 3635 ulla:
2372 3582 2643 3637 facultates
2669 3584 2907 3637 alicunde
2937 3595 3251 3654 apparerent
3278 3628 3291 3649 ,
3326 3590 3376 3641 in

1821 3673 2091 3725 meliorem
2136 3687 2282 3740 spem
2329 3673 2443 3727 illos
2472 3673 2651 3728 volens
2696 3675 2929 3743 erigere,
2965 3690 3028 3729 ac
3067 3678 3383 3745 persuadere

1820 3771 1876 3813 ut
1904 3761 1969 3814 de
1997 3762 2099 3815 fine
2124 3762 2468 3828 confiderent,
2492 3777 2554 3816 ex
2584 3778 2803 3831 persona
2834 3766 2923 3818 Dei
2954 3767 3100 3831 dicit,
3118 3767 3283 3819 Meum
3308 3777 3379 3821 est

1821 3860 2099 3919 argentum,
2130 3861 2174 3903 et
2224 3868 2385 3904 meum
2432 3862 2503 3905 est
2542 3869 2754 3915 aurum;
2781 3864 2826 3905 et
2870 3856 2960 3907 erit
3004 3857 3163 3922 gloria
3208 3857 3384 3910 domus

1821 3940 1965 3992 istius
1990 3941 2251 3992 novissima
2287 3957 2434 4008 super
2459 3943 2669 4005 printam
2698 3941 2748 4010 (Ι
2756 3942 2855 3994 bid.
2883 3958 2929 3994 v.
2961 3943 3067 4011 10).

1894 4031 2170 4096 Scriptura:
2197 4031 2339 4082 verba
2364 4032 2607 4099 quomodo
2635 4034 2911 4085 tractanda.
2929 4035 3111 4088 —Sed
3136 4035 3257 4103 quid
3286 4036 3385 4089 hoe

1824 4121 1886 4173 ad
1912 4122 2272 4189 propositum?
2294 4122 2430 4175 dicet
2453 4123 2659 4191 aliquis.
2684 4125 2832 4191 Quod
2861 4140 2962 4178 non
2984 4134 3222 4193 oporteat
3242 4126 3385 4180 Scri-

1824 4222 1986 4279 ptura:
2016 4214 2300 4267 sententias
2336 4223 2533 4267 temere
2562 4215 2794 4282 arripere
2816 4255 2829 4277 ,
2862 4224 3016 4282 atque
3053 4231 3080 4266 a
3110 4216 3245 4268 serie
3273 4230 3377 4267 ser-

1825 4303 1992 4355 monis
2020 4311 2072 4355 et
2110 4304 2400 4371 argtnnenti
2442 4304 2690 4356 affinitate
2719 4303 2971 4356 divellere
3002 4321 3014 4356 :
3043 4318 3210 4371 neque
3249 4303 3386 4356 nuda

1823 4398 1980 4448 verba
2002 4395 2253 4448 sumenda
2274 4395 2394 4457 sint,
2427 4409 2713 4461 eorumque
2738 4394 2970 4448 subsidio
2997 4393 3243 4447 destituta
3272 4408 3387 4459 qua:

1824 4497 2111 4555 sequuntur
2130 4493 2217 4537 aut
2240 4485 2561 4554 prazcednnt,
2585 4494 2641 4537 ut
2659 4501 2752 4554 per
2773 4500 2830 4539 ea
2856 4494 3050 4539 temere
3070 4484 3385 4537 calumniam

1824 4588 2085 4629 struamus
2112 4583 2163 4628 et
2191 4576 2514 4630 cavillemur.
2547 4577 2740 4629 Annon
2783 4577 2922 4629 enim
2950 4575 3230 4629 absurdum
3271 4585 3349 4628 est
3370 4615 3383 4636 ,

1827 4678 1880 4718 ul
1911 4668 1957 4717 in
1986 4666 2193 4733 judiciis
2213 4666 2447 4733 quidem,
2479 4666 2563 4720 ubi
2586 4667 2650 4720 de
2675 4665 2830 4721 rebus
2851 4666 3189 4721 saecularibus
3216 4666 3381 4718 disce-

1827 4766 2051 4822 ptamus,
2079 4755 2252 4808 omnia
2277 4756 2393 4824 jura
2424 4765 2600 4809 nostra
2628 4757 2680 4809 in
2708 4757 2932 4810 medium
2961 4756 3301 4825 proferamus,
3336 4764 3387 4808 et

1826 4846 1933 4896 loca
1956 4886 1969 4907 ,
2002 4854 2266 4912 tempora,
2302 4858 2505 4909 causas,
2543 4859 2796 4913 personas
2822 4886 2836 4909 ,
2869 4845 3072 4913 aliaque
3111 4844 3385 4897 innumera

1828 4931 2173 5000 producamus
2193 4972 2208 4997 ,
2240 4947 2358 4987 cum
2389 4948 2514 4987 vero
2559 4937 2709 4988 nobis
2744 4934 2810 4988 de
2837 4934 2937 4987 vita
2964 4944 3155 4986 aztcrna
3198 4947 3387 5000 propo-

1824 5024 1977 5075 situm
2000 5024 2065 5076 sit
2085 5032 2369 5089 certamen,
2404 5033 2598 5078 temere
2623 5034 2676 5078 et
2703 5024 3081 5078 inconsiderate
3102 5021 3387 5090 Scriptura:

1824 5111 1934 5165 loca
1963 5112 2329 5181 proferamus?
2357 5115 2431 5167 Ac
2464 5114 2629 5181 legem
2658 5112 2867 5181 quidem
2896 5114 3088 5181 regiam
3118 5127 3275 5166 nemo
3304 5121 3383 5165 te-

1825 5216 1967 5256 mere
1988 5212 2038 5255 et
2061 5201 2444 5255 inconsiderate
2471 5202 2727 5265 recitabit,
2759 5202 2847 5256 sed
2873 5202 2968 5256 nisi
2995 5211 3197 5271 tempus
3219 5210 3383 5266 notet,

1823 5308 1881 5343 ac
1913 5293 2259 5360 legislaturem
2290 5291 2559 5359 designet,
2602 5300 2653 5345 et
2680 5293 2932 5360 integram
2966 5293 3102 5344 illam
3136 5300 3289 5359 atque
3320 5292 3387 5344 il-

1825 5384 2034 5435 libatam
2099 5391 2391 5449 proponat,
2442 5384 2723 5451 castigatur
2776 5385 3183 5451 gravissimaqne
3234 5397 3386 5449 poma

1825 5472 2099 5523 mulctatur
2129 5491 2139 5523 :
2172 5484 2267 5522 nos
2298 5486 2420 5522 vero
2447 5471 2567 5523 dum
2600 5487 2700 5523 non
2734 5473 2899 5539 legem
2932 5472 3208 5523 humanam
3236 5510 3250 5534 ,
3291 5472 3382 5523 sed

1824 5576 2099 5635 Supernam
2127 5576 2186 5612 ac
2208 5561 2272 5613 de
2296 5562 2423 5613 caelo
2446 5561 2711 5629 delapsam
2734 5562 3032 5619 recitamus,
3061 5569 3253 5611 tantam
3279 5576 3384 5626 pra:

1828 5655 1971 5704 nobis
1994 5650 2364 5719 negligentiam
2393 5652 2638 5715 feremus,
2666 5661 2715 5703 ut
2740 5650 2853 5717 ejus
2878 5659 3047 5718 partes
3071 5664 3127 5702 ac
3154 5648 3381 5704 membra
