4148 6306
736 334 848 388 159

719 437 1112 507 discerpimus?
1141 434 1267 502 Quis
1305 435 1404 488 hoc
1434 436 1580 488 venia
1622 433 1835 500 dignum
1873 430 2122 486 censeat?
2153 426 2283 482 For-

723 537 868 581 tasse
893 525 1027 579 ultra
1075 523 1290 578 modum
1330 522 1619 577 orationem
1648 521 1910 591 produxi,
1958 529 2010 572 at
2040 533 2142 572 non
2173 517 2288 571 sine

716 633 896 681 causa,
928 630 1109 670 verum
1141 623 1196 668 ut
1223 629 1253 669 a
1286 628 1441 683 prava
1473 611 1858 667 consuetudine
1889 625 1982 664 vos
2009 609 2286 664 abducam.

715 707 790 762 Nc
817 708 972 776 igitur
995 705 1358 774 defatigemur,
1380 704 1550 759 donec
1577 703 1640 757 ad
1664 703 1823 759 ﬁnem
1855 701 2283 771 pervenerimus:

716 805 992 866 propterea
1024 811 1252 866 namque
1279 796 1384 849 nati
1415 810 1619 856 sumus.
1649 809 1751 848 non
1782 803 1841 848 ut
1867 793 2086 848 edamus
2115 807 2177 846 ac
2203 791 2285 845 bl-

717 888 906 941 bamus
928 928 942 950 ,
965 895 1017 942 et
1039 887 1319 940 induamur
1337 925 1352 951 ,
1382 884 1472 939 sed
1499 893 1555 939 ut
1580 885 1765 938 vilium
1790 882 2051 953 fugiamus
2071 923 2086 948 ,
2117 896 2179 935 ac
2207 881 2287 935 di-

712 978 890 1030 vinam
910 975 1134 1044 amplexi
1153 973 1539 1043 philosophiam
1559 973 1803 1027 virtutem
1823 981 2105 1028 sectemur.
2126 970 2286 1025 Natos

714 1067 853 1120 enim
875 1079 995 1120 esse
1023 1078 1123 1118 nos
1148 1077 1250 1117 non
1278 1072 1333 1117 ut
1357 1062 1577 1118 edamus
1604 1077 1665 1118 ac
1691 1063 1951 1128 bibamus,
1981 1062 2074 1116 sed
2096 1061 2160 1116 ad
2185 1061 2284 1116 alia

713 1157 953 1227 quzedam
997 1157 1161 1211 multo
1204 1155 1407 1224 majora
1450 1155 1774 1224 melioraque
1816 1154 2110 1223 praestanda
2136 1192 2151 1216 ,
2181 1167 2285 1222 quo

713 1259 870 1319 pacto
896 1248 1032 1304 Deus
1055 1248 1263 1310 doceat,
1285 1246 1427 1310 audi,
1450 1255 1502 1300 et
1529 1260 1683 1315 quam
1713 1244 1897 1300 all'erat
1926 1259 2137 1298 causam
2163 1258 2285 1311 pro-

715 1353 830 1410 pter
856 1356 1010 1411 quam
1035 1339 1302 1394 hominem
1327 1338 1635 1407 procrearit.
1667 1336 1800 1392 Cum
1829 1336 1972 1391 enim
2005 1336 2151 1390 illum
2176 1334 2283 1388 {or-

714 1440 915 1493 maret,
951 1430 1034 1484 his
1074 1429 1248 1483 verbis
1292 1443 1416 1482 usus
1459 1437 1578 1482 est:
1615 1425 1888 1480 Faciamus
1925 1425 2175 1479 hominem
2217 1424 2284 1476 ad

711 1523 975 1592 imaginem
1016 1529 1237 1574 nostram
1303 1529 1347 1573 et
1383 1522 1449 1572 ad
1477 1517 1851 1572 similitudinem
1877 1515 2036 1589 (Gen.
2070 1517 2118 1569 1.
2151 1513 2220 1568 26
2238 1514 2280 1586 ).

782 1615 835 1666 4.
882 1611 986 1665 Deo
1048 1612 1296 1681 quomodo
1336 1610 1522 1664 similes
1563 1609 1852 1678 eﬂiciamur.
1879 1606 2133 1661 —Porro
2172 1605 2282 1659 Deo

711 1702 912 1756 similes
940 1701 1208 1756 reddimur
1228 1715 1332 1754 non
1362 1698 1486 1753 dum
1531 1696 1861 1753 comedimus
1880 1737 1894 1761 ,
1923 1697 2172 1759 bibimus,
2193 1701 2282 1748 aut

715 1791 978 1845 induimur
1004 1807 1018 1853 ;
1047 1791 1185 1846 Deus
1227 1791 1366 1846 enim
1400 1805 1571 1860 neque
1610 1790 1879 1855 comedit,
1908 1803 2082 1858 neque
2109 1787 2278 1851 bibit,

711 1896 881 1951 neque
911 1881 1142 1934 induitur
1173 1898 1186 1933 :
1219 1881 1311 1935 sed
1337 1881 1460 1934 dum
1485 1880 1743 1949 justitiam
1770 1893 2102 1939 exercemus,
2131 1877 2280 1931 benio

709 1976 958 2041 gnitatem
980 1971 1310 2036 exhibemus,
1336 1972 1490 2025 mites
1509 1979 1563 2026 et
1583 1969 1804 2024 modesti
1826 1984 1888 2022 ac
1909 1966 2280 2023 misericordes

711 2065 762 2115 in
794 2063 1033 2130 proximo
1052 2076 1256 2128 sumus,
1284 2063 1532 2116 virtutem
1555 2077 1767 2117 omnem
1791 2071 2055 2118 sectamur
2079 2077 2090 2112 :
2124 2059 2277 2129 siqni-

707 2155 828 2209 dem
857 2169 1136 2209 commune
1163 2155 1313 2209 nobis
1337 2164 1418 2209 est
1447 2155 1573 2208 illud
1599 2171 1716 2209 cum
1746 2155 2042 2208 belluarum
2068 2160 2274 2217 natura,

706 2247 846 2314 quod
889 2247 1215 2300 comedimus
1253 2255 1306 2300 et
1333 2245 1559 2300 bibimus
1585 2285 1600 2306 ,
1647 2260 1819 2314 neque
1860 2243 2146 2313 quidquam
2175 2243 2275 2295 illis

707 2336 883 2388 hacin
915 2350 970 2388 re
999 2344 1330 2403 pra-stamus.
1367 2332 1518 2388 Unde
1555 2347 1681 2404 ergo
1704 2333 1762 2387 fit
1783 2373 1796 2395 ,
1828 2344 1884 2385 nt
1910 2333 2008 2386 illis
2038 2330 2273 2384 antecel-

706 2424 874 2478 lamns
897 2425 920 2478 ‘l
948 2424 1095 2491 Quod
1124 2424 1368 2478 nimirum
1398 2425 1464 2478 ad
1491 2425 1768 2494 imaginem
1791 2433 1845 2478 et
1881 2423 2273 2477 similitudinem

708 2517 796 2570 Dei
825 2515 1018 2570 conditi
1047 2515 1232 2569 simus.
1263 2514 1340 2570 Ne
1370 2515 1527 2584 igitur
1551 2515 1899 2583 defatigemnr
1919 2513 2043 2566 dum
2072 2526 2272 2566 sermo-

706 2621 826 2660 nem
853 2605 920 2658 de
965 2605 1156 2659 virtute
1188 2606 1507 2659 instituimus
1536 2645 1550 2668 ,
1593 2605 1684 2658 sed
1715 2603 1928 2657 allatam
1960 2602 2012 2656 in
2040 2601 2270 2656 medium

704 2696 1063 2764 pr0pheticam
1089 2695 1224 2749 hanc
1248 2696 1563 2750 sententiam
1586 2693 1864 2763 diligenter
1891 2691 2268 2760 expendamus,

700 2789 817 2856 quis
842 2802 958 2840 eam
976 2785 1839 2856 protulerit.etquorumcausa,et
1863 2798 1968 2853 quo
1998 2792 2234 2850 tempore
2255 2822 2268 2846 ,

698 2888 754 2932 et
779 2892 934 2945 quem
967 2877 1272 2946 alloquens,
1300 2883 1355 2930 et
1388 2890 1491 2945 quo
1527 2876 1579 2930 in
1606 2883 1746 2929 statu
1774 2889 1860 2930 res
1903 2883 2011 2929 tum
2052 2883 2269 2939 essent,

698 2969 876 3024 omnia
907 2967 1119 3021 demum
1152 2966 1564 3036 pervestigcmus
1590 3006 1604 3032 ,
1648 2981 1766 3034 quae
1805 2964 1871 3018 ad
1899 2962 2270 3017 inveniendum

696 3063 810 3117 usui
842 3072 964 3114 esse
991 3066 1230 3127 possunt.
1260 3056 1309 3112 ls
1337 3057 1572 3126 quidem,
1603 3057 1690 3124 qui
1723 3054 1979 3124 protulit,
2009 3052 2270 3107 Jeremias

693 3162 774 3206 est
800 3151 1081 3220 propheta,
1104 3146 1229 3200 dum
1249 3162 1354 3200 non
1379 3146 1590 3216 quidem
1615 3160 1710 3215 pro
1732 3159 1810 3211 se,
1829 3159 2012 3199 verum
2039 3157 2133 3212 pro
2153 3143 2271 3195 aliis

694 3260 880 3315 preces
899 3244 1132 3308 oll‘erret,
1159 3256 1253 3309 pro
1273 3239 1467 3295 Judazis
1490 3240 1724 3309 ingratis,
1749 3237 1988 3306 stupidis,
2018 3236 2105 3306 qui
2127 3235 2270 3290 nullo

692 3335 851 3388 modo
863 3334 1051 3404 corrigi
1071 3339 1330 3402 poterant.
1350 3333 1433 3399 qui
1455 3329 1624 3399 puniri
1641 3329 1931 3392 debebant,
1957 3334 2011 3382 et
2032 3337 2270 3382 extremo

691 3426 947 3494 supplicio
963 3425 1224 3488 mulctari,
1248 3423 1313 3478 de
1334 3421 1524 3495 quibus
1543 3420 1668 3474 dicit
1691 3420 1765 3474 illi
1792 3419 1930 3473 Deus
1951 3437 1966 3473 :
1985 3417 2110 3472 Noli
2129 3433 2270 3470 orare

692 3533 782 3587 pro
823 3516 1007 3585 populo
1037 3515 1129 3567 hoc
1155 3556 1169 3580 ,
1200 3515 1317 3584 quia
1351 3531 1452 3566 non
1492 3511 1764 3567 emudiam
1802 3517 1850 3561 te
1875 3506 2017 3578 (Jer.
2060 3507 2110 3559 7.
2140 3504 2266 3577 16).

691 3610 768 3661 Ac
809 3606 1048 3660 nonnulli
1086 3605 1300 3674 quidem
1359 3603 1457 3656 hoc
1501 3603 1568 3656 (le
1608 3596 2126 3656 Nabuchodonosore
2164 3595 2265 3650 dici

692 3704 970 3749 autumant
1003 3710 1016 3743 :
1053 3710 1170 3747 nam
1199 3694 1444 3762 quoniam
1490 3693 1688 3746 bellum
1722 3691 1826 3745 illis
1855 3695 1972 3743 erat
2014 3686 2267 3740 barbarus

689 3788 950 3848 illaturus,
976 3786 1263 3853 urbemque
1287 3784 1575 3847 dcleturus,
1600 3791 1756 3851 atque
1783 3782 2022 3836 abductis
2045 3777 2266 3847 captivis

687 3878 928 3932 abiturus
948 3918 962 3934 .
993 3892 1111 3930 cum
1143 3876 1459 3944 persuadere
1486 3875 1731 3928 omnibus
1761 3875 1919 3928 vellet
1942 3914 1956 3936 ,
2003 3889 2104 3926 non
2142 3886 2264 3925 cum

692 3971 900 4037 propria
933 3969 1122 4022 virtute
1149 3969 1227 4021 vel
1259 3968 1489 4038 potentia
1520 3968 1784 4021 civitatem
1813 3975 2260 4035 expugnaturum,

689 4063 780 4116 sed
809 4063 877 4114 ob
915 4063 1131 4114 istorum
1163 4070 1372 4128 peccata
1402 4102 1415 4125 ,
1458 4061 1567 4114 Deo
1597 4059 1792 4114 bellum
1830 4057 1957 4112 illud
2005 4066 2220 4126 gerente
2246 4097 2260 4120 ,

690 4167 848 4224 atque
875 4155 1128 4208 adversus
1156 4143 1340 4205 urbem
1366 4167 1516 4206 suam
1556 4153 1702 4205 illum
1743 4151 2039 4205 deducente
2061 4190 2075 4210 ,
2107 4149 2224 4202 Scio
2245 4189 2259 4213 ,

690 4249 922 4310 Domine,
948 4247 1135 4315 inquit,
1160 4246 1278 4314 quia
1304 4258 1403 4298 non
1433 4253 1502 4297 est
1545 4245 1597 4296 in
1623 4243 1821 4296 homine
1847 4243 1924 4294 οἱα
1943 4243 2072 4310 ejus,
2106 4257 2262 4309 neque

689 4342 835 4392 homo
864 4338 973 4404 ibit,
1005 4348 1049 4391 et
1072 4339 1249 4407 diriget
1278 4353 1498 4408 gressum
1521 4353 1683 4389 suum.
1713 4337 1946 4402 Quorum
1977 4335 2257 4388 verborum

692 4435 774 4485 hic
803 4445 989 4485 sensus
1017 4440 1097 4484 est
1130 4447 1142 4482 :
1177 4429 1300 4482 llaec
1328 4429 1412 4480 via
1435 4467 1449 4489 ,
1478 4428 1680 4496 inquit,
1709 4441 1809 4494 qua
1839 4440 1977 4479 nunc
2006 4425 2261 4478 barbarus

688 4524 902 4586 incedit,
925 4523 1047 4577 dum
1077 4522 1228 4575 nobis
1259 4521 1358 4574 hoc
1379 4520 1573 4574 bellum
1597 4521 1770 4584 infert,
1807 4535 1908 4573 non
1931 4519 1997 4572 ah
2018 4519 2132 4586 ipso
2155 4528 2257 4584 est,

688 4629 857 4682 neque
884 4613 1102 4666 feliciter
1132 4613 1324 4665 bellum
1353 4609 1490 4664 istud
1519 4609 1763 4676 confecit,
1792 4625 1851 4663 ac
1878 4610 2142 4664 victoriam
2172 4625 2258 4663 re~

687 4707 912 4774 portavit
940 4723 952 4758 :
989 4717 1050 4757 ac
1078 4704 1178 4757 nisi
1225 4712 1277 4756 tu
1305 4717 1402 4756 nos
1447 4703 1498 4755 in
1543 4702 1657 4771 ejus
1700 4715 1883 4754 manus
1915 4700 2217 4754 tradidisses
2243 4743 2257 4765 ,

687 4811 970 4864 numquam
998 4803 1369 4862 expugnasset,
1404 4803 1493 4846 aut
1523 4794 1753 4846 vicisset.
1798 4793 1997 4846 Idcirco
2035 4806 2252 4861 precor,

686 4890 872 4957 inquit,
903 4903 966 4942 ac
985 4888 1206 4956 supplex
1237 4903 1351 4950 oro,
1383 4886 1593 4955 quando
1624 4887 1691 4939 ita
1722 4886 1811 4938 tibi
1840 4885 1940 4938 hoc
1966 4886 2135 4938 visum
2157 4895 2256 4950 est,

685 4990 741 5031 ιιι
771 4979 1028 5047 supplicio
1061 4979 1248 5033 modus
1278 4979 1612 5032 adhibeatur.
1651 4977 1856 5046 Corripe
1884 4993 2112 5048 namque
2140 4994 2256 5043 nos,

686 5070 888 5138 inquit,
911 5081 1247 5123 verumtamen
1277 5071 1327 5123 in
1347 5071 1577 5140 judicio,
1613 5080 1656 5123 et
1687 5087 1785 5122 non
1813 5071 1862 5122 in
1891 5074 2060 5138 furore
2107 5068 2255 5136 (Jer.

686 5163 772 5215 10.
800 5162 868 5214 24
891 5163 930 5229 ).
961 5162 1063 5215 Sed
1094 5164 1338 5230 quoniam
1373 5163 1493 5216 huic
1535 5162 1850 5230 expositioni
1890 5162 2260 5216 contradicunt

686 5253 949 5318 nonnulli,
972 5269 1143 5321 neque
1167 5254 1372 5308 barbari
1395 5269 1552 5309 causa
1575 5254 1771 5308 dictum
1795 5253 1896 5307 hoc
1917 5268 2035 5308 esse
2058 5255 2256 5318 volunt,

683 5343 776 5395 sed
804 5342 868 5395 de
892 5343 1156 5397 communi
1185 5343 1453 5397 hominum
1477 5354 1682 5410 natura,
1705 5346 2058 5398 necessarium
2083 5353 2161 5396 est
2204 5345 2262 5396 ιιι

685 5447 804 5485 cum
834 5433 950 5484 istis
976 5432 1329 5487 decertemus.
1359 5435 1490 5498 Quid
1517 5450 1640 5502 ergo
1682 5449 1959 5502 possumus
1988 5435 2067 5486 his
2098 5448 2260 5500 Oppo-

689 5521 856 5575 nere?
884 5521 1139 5587 Quoniam
1170 5539 1264 5592 pro
1294 5523 1594 5577 hominibus
1624 5524 1806 5578 orabat
1830 5564 1844 5587 ,
1891 5525 1976 5593 qui
2007 5537 2258 5592 peccave-

684 5623 801 5666 runt
827 5654 840 5678 ,
875 5629 970 5682 pro
1015 5617 1203 5682 quibus
1246 5632 1396 5668 orare
1442 5629 1582 5684 saepe
1626 5616 1918 5683 prohibitus
1959 5626 2112 5670 erat:
2144 5630 2262 5684 pro-

687 5713 865 5770 pterea
895 5716 1040 5760 curat
1070 5747 1081 5767 .
1117 5716 1170 5759 ιιι
1213 5707 1392 5761 civitas
1436 5707 1577 5776 prior
1603 5708 1775 5776 lugeat
1805 5723 1815 5758 :
1848 5722 1967 5761 nam
2014 5706 2260 5775 quoniam

1446 320 1501 375 S.
1543 316 1819 375 JOANNIS
1855 310 2322 372 CllRYSObTOMI
2366 312 2674 371 ARCHIEP.
2715 315 3236 376 CONSTANTINOP.

3843 338 3958 394 160

2393 428 2603 483 assidue
2647 430 2873 496 dicebat,
2903 434 3014 486 Noli
3042 450 3191 488 orare
3216 451 3310 505 pro
3338 437 3435 490 illis
3455 477 3469 500 ,
3498 453 3612 493 cam
3640 438 3805 506 ipsam
3833 454 3953 507 qua

2391 516 2711 587 benignitate
2732 522 2993 591 indigebat
3014 526 3237 592 priorem
3258 527 3534 590 submittit,
3560 536 3614 582 ut
3631 543 3811 582 ansam
3834 529 3958 585 inde

2390 610 2615 679 aliquam
2633 620 2687 666 et
2702 613 2990 679 speciosam
3009 617 3335 671 occasionem
3355 619 3569 686 arripiat
3591 634 3688 688 pro
3721 619 3823 673 illis
3847 620 3956 674 Deo

2391 717 2578 770 preces
2629 703 2900 769 oll‘erendi,
2932 716 3090 775 atque
3117 708 3183 761 ad
3211 710 3374 777 ipsam
3421 709 3599 779 dirigit
3623 711 3918 765 orationem
3939 752 3955 774 ,

2389 793 2583 861 aitque,
2626 792 2713 848 γω
2735 797 3019 848 contritioni
3045 807 3144 850 tute
3169 813 3188 849 :
3212 798 3400 851 doloris
3423 799 3570 867 plena
3600 808 3674 852 est
3697 801 3844 868 plaga
3867 809 3959 851 tua

2389 885 2518 952 (Jer.
2547 885 2888 957 “3.19-22).
2917 887 3048 939 Tum
3072 888 3184 941 inlit
3205 887 3289 941 illa
3317 905 3329 940 :
3357 887 3518 942 Plane
3538 891 3630 943 hoc
3667 900 3737 942 est
3774 889 3957 942 vulnus

2388 991 2569 1040 nteant,
2594 976 2967 1030 tabernaculum
2995 994 3156 1030 meum
3183 978 3345 1046 periit,
3370 979 3523 1048 pelles
3551 995 3672 1033 mea:
3692 980 3955 1033 conscissa-3

2386 1075 2520 1131 sunt,
2549 1066 2644 1134 ﬁlii
2668 1068 2762 1120 mei
2792 1076 2837 1120 et
2862 1083 2972 1122 oves
3000 1084 3122 1122 mete
3144 1070 3368 1122 exierunt
3393 1086 3424 1122 π
3459 1087 3534 1124 me
3552 1111 3568 1135 ,
3599 1081 3646 1124 et
3682 1089 3782 1124 non
3806 1082 3952 1125 sunt.

2390 1153 2624 1210 Pastores
2654 1158 2748 1210 mei
2774 1159 2921 1212 stulte
2947 1169 3186 1228 egerunt,
3213 1169 3258 1211 et
3291 1159 3558 1214 Dominum
3586 1178 3684 1215 non
3709 1163 3953 1232 exquisie-

2387 1256 2526 1298 runt.
2567 1245 2676 1300 Vox
2704 1250 2979 1302 auditionis
3019 1250 3148 1301 venit
3169 1289 3182 1310 ,
3213 1259 3256 1302 et
3285 1252 3625 1305 commotionis
3661 1268 3853 1321 magna:
3888 1253 3953 1305 ab

2385 1335 2615 1403 aquilone
2631 1377 2646 1399 ,
2669 1348 2721 1388 ut
2748 1347 2899 1405 ponat
2917 1337 3133 1390 civitates
3164 1338 3302 1390 Juda
3315 1339 3364 1390 in
3386 1339 3734 1393 desolationem
3755 1381 3768 1405 ,
3793 1351 3836 1393 et
3854 1358 3952 1393 cu-

2386 1425 2483 1479 bile
2509 1443 2782 1495 passerum.
2806 1428 3003 1483 Deinde
3030 1437 3299 1497 postquam
3319 1430 3403 1483 illa
3431 1445 3578 1484 suam
3599 1431 3948 1485 calamitatem

2385 1515 2692 1582 deploravit,
2738 1513 2917 1586 adjicit
2951 1535 2962 1569 :
2997 1502 3235 1583 Domine,
3261 1535 3357 1571 non
3381 1529 3451 1571 est
3484 1520 3696 1573 hominis
3717 1522 3793 1572 via
3817 1521 3948 1583 eius.

2382 1606 2516 1672 Quid
2546 1607 2742 1674 igitur?
2767 1609 2888 1675 quia
2913 1609 3250 1676 lamentatur,
3279 1611 3420 1665 dicet
3445 1612 3652 1680 aliquis,
3685 1614 3953 1681 pernicio-

2383 1714 2497 1751 sum
2538 1701 2725 1769 dogma
2772 1703 2822 1752 in
2871 1701 3122 1760 mundum
3179 1702 3415 1769 invexit,
3463 1713 3638 1758 nostra
3689 1713 3951 1772 potestate

2382 1804 2480 1843 nos
2507 1791 2737 1857 privans,
2764 1801 2816 1844 et
2842 1791 3133 1856 afﬁrmans,
3165 1807 3266 1846 non
3297 1807 3416 1847 esse
3438 1793 3638 1848 arbitrii
3669 1797 3830 1849 nostri
3857 1811 3952 1850 res

2380 1879 2637 1948 gerendas
2659 1879 2682 1931 ?
2705 1879 3044 1949 Nequaquam
3072 1922 3086 1945 ,
3124 1881 3216 1935 sed
3256 1891 3310 1936 et
3340 1882 3461 1936 dum
3509 1884 3821 1938 lamentatur
3843 1925 3855 1946 ,
3893 1885 3948 1938 id

2379 1971 2677 2025 conﬁrmat.
2712 1970 2845 2025 Cum
2870 1973 3010 2026 enim
3053 1973 3306 2036 dixisset,
3357 1973 3475 2027 Non
3504 1984 3573 2027 est
3616 1977 3826 2029 hominis
3864 1975 3951 2028 via

2379 2065 2486 2132 ejus
2516 2105 2529 2128 ,
2560 2064 2776 2118 minime
2809 2065 2988 2128 tacuit,
3023 2064 3113 2118 sed
3146 2065 3357 2133 adjecit,
3389 2064 3563 2134 Neque
3587 2067 3733 2120 homo
3758 2068 3862 2127 ibit,
3895 2076 3946 2120 et

2377 2154 2556 2223 diriget
2583 2170 2804 2224 gressum
2833 2170 2998 2207 suum.
3044 2154 3191 2220 Quod
3222 2164 3396 2208 autem
3421 2155 3541 2209 dicit
3571 2156 3704 2210 hanc
3731 2166 3951 2210 senten-

2379 2243 2500 2296 tiam
2533 2244 2687 2298 habet
2721 2243 2873 2297 :Non
2909 2252 3071 2296 totmn
3103 2253 3182 2298 est
3210 2244 3259 2297 in
3305 2254 3480 2297 nostra
3523 2255 3778 2314 potestate
3800 2287 3813 2309 ,
3848 2245 3948 2299 sed

2375 2335 2513 2389 aliud
2545 2335 2757 2406 quidem
2805 2335 2855 2388 in
2894 2345 3069 2389 nostra
3098 2375 3110 2398 ,
3133 2334 3273 2388 aliud
3304 2349 3430 2390 vero
3468 2336 3517 2388 in
3562 2336 3651 2389 Dei
3679 2337 3834 2390 situm
3861 2347 3951 2390 est

2377 2415 2652 2494 potestate.
2688 2425 2816 2479 Nam
2851 2435 2906 2479 ut
2932 2426 3126 2493 optima
3156 2440 3376 2495 quicque
3399 2426 3671 2495 eligamus,
3700 2426 3945 2490 velimus,

2376 2524 2429 2568 et
2451 2529 2610 2583 agere
2644 2514 3022 2568 contendamus
3048 2555 3062 2579 ,
3094 2529 3413 2584 omnemque
3449 2515 3679 2569 laborem
3709 2515 3948 2571 exantle—

2375 2617 2510 2667 mus,
2543 2603 2708 2656 nostri
2737 2611 2819 2657 est
2846 2603 3050 2657 arbitrii
3082 2621 3097 2658 :
3131 2612 3187 2657 ut
3209 2614 3384 2658 autem
3413 2603 3476 2657 ad
3504 2605 3702 2658 exitum
3737 2620 3797 2658 ca
3826 2619 3950 2672 per-

2374 2693 2646 2753 ducanms.
2679 2707 2847 2762 neque
2875 2694 3189 2748 intercidere
3211 2694 3470 2757 sinamus,
3505 2704 3666 2763 utque
3691 2695 3754 2747 ad
3784 2695 3944 2748 linem

2373 2795 2516 2838 recte
2545 2784 2797 2838 factorum
2822 2785 3210 2853 perveniamus,
3235 2784 3286 2838 id
3311 2799 3438 2838 vero
3462 2785 3686 2839 ctelestis
3715 2793 3794 2838 est
3816 2798 3944 2853 gra-

2374 2873 2478 2927 tire.
2510 2873 2740 2927 Partitus
2765 2873 2906 2927 enim
2953 2882 3036 2928 est
3080 2873 3350 2928 nobiscum
3394 2873 3640 2927 virtutem
3685 2873 3852 2934 Deus,
3889 2882 3948 2926 et

2373 2980 2543 3035 neque
2564 2979 2673 3019 rem
2698 2973 2857 3017 totam
2885 2963 2934 3016 in
2955 2973 3130 3018 nostra
3159 2966 3310 3018 sitam
3335 2979 3453 3018 esse
3477 2963 3638 3017 voluit
3658 2972 3943 3032 potestate,

2373 3072 2440 3112 ne
2469 3059 2520 3110 in
2569 3057 2872 3126 superbiam
2903 3056 3184 3110 eﬂ‘eramur
3208 3097 3222 3122 ,
3270 3071 3440 3125 neque
3488 3063 3650 3110 totum
3682 3055 3778 3108 sibi
3828 3055 3945 3124 ipse

2371 3147 2613 3214 sumpsit,
2647 3161 2716 3199 ne
2746 3160 2842 3200 nos
2869 3145 3074 3200 inertiae
3103 3145 3359 3200 dedamus
3388 3163 3400 3198 :
3429 3145 3520 3199 sed
3548 3145 3794 3214 exiguum
3814 3144 3946 3211 quid

2371 3239 2638 3293 laboribus
2680 3238 2874 3293 nostris
2915 3239 3254 3307 relinquens,
3278 3237 3534 3307 majorem
3581 3247 3782 3306 partem
3824 3237 3942 3305 ipse

2370 3331 2599 3384 coniicit.
2646 3330 2712 3387 Ut
2738 3332 2877 3385 enim
2907 3331 3135 3385 sciamus
3159 3370 3171 3393 ,
3201 3344 3306 3398 quo
3346 3340 3496 3397 pacto
3527 3329 3570 3384 si
3618 3344 3704 3382 res
3732 3338 3838 3380 tota
3890 3328 3945 3381 in

2370 3431 2630 3490 potestate
2661 3430 2837 3475 nostra
2869 3421 3075 3485 fuisset,
3108 3421 3302 3473 mullos
3325 3420 3374 3473 id
3407 3420 3456 3472 in
3481 3418 3782 3487 superbiam
3803 3419 3948 3486 egis-

2368 3521 2468 3576 set,
2499 3520 2552 3565 et
2576 3511 2871 3572 extulisset,
2898 3509 3171 3563 audiamus
3196 3508 3320 3579 quid
3353 3509 3649 3562 Pharisazns
3671 3507 3810 3558 dicat
3832 3546 3847 3571 ,
3886 3507 3940 3559 in

2368 3611 2616 3670 quantam
2649 3601 2979 3655 insolentiam
3011 3599 3176 3653 elatus
3211 3608 3383 3664 esset,
3413 3613 3515 3666 quo
3558 3605 3711 3665 pacto
3743 3598 3950 3666 magni-

2369 3693 2466 3747 lice
2486 3694 2807 3762 loqueretur,
2832 3707 2993 3761 seque
3018 3693 3110 3746 toti
3139 3692 3252 3745 orbi
3281 3700 3538 3745 terrarmn
3562 3688 3792 3744 l'asmose
3815 3703 3949 3756 prae.

2367 3788 2527 3842 ferret
2569 3786 2741 3853 (Luc.
2775 3786 2904 3855 18).
2931 3785 3214 3854 Propterea
3257 3801 3359 3838 non
3406 3792 3462 3838 ut
3487 3791 3652 3837 totum
3711 3798 3739 3834 a
3787 3781 3947 3835 nobis

2369 3857 2652 3945 penderei,
2686 3877 2879 3940 effecit,
2910 3877 3145 3945 quinimo
3186 3875 3443 3943 permisit,
3473 3882 3528 3927 ut
3554 3874 3601 3926 in
3633 3888 3809 3925 nos-ira
3845 3889 3943 3940 po-

2368 3980 2555 4026 testate
2581 3968 2775 4038 aliquid
2800 3976 2936 4023 esset
2960 4009 2973 4033 ,
3007 3977 3062 4020 ut
3093 3981 3188 4020 nos
3208 3966 3324 4033 jure
3349 3980 3410 4018 ac
3438 3965 3624 4017 merito
3648 3965 3940 4018 eoronandi

2365 4063 2658 4132 speciosam
2679 4060 3010 4114 occasionem
3043 4058 3319 4126 arriperet.
3350 4057 3519 4124 Atque
3547 4053 3645 4108 hoc
3674 4054 3758 4107 illa
3787 4070 3943 4122 para-

2364 4154 2482 4208 bola
2514 4150 2874 4210 declaravit,in
2897 4164 2996 4218 qua
3019 4146 3412 4210 dicit,homines
3439 4146 3575 4200 circa
3605 4144 3941 4199 undecimam

2365 4244 2546 4298 horam
2580 4244 2820 4295 inventos
2859 4255 2916 4293 se
2943 4240 2993 4291 in
3025 4239 3229 4291 vineam
3271 4237 3332 4289 ad
3364 4235 3684 4304 operandam
3731 4236 3943 4290 misisse

2369 4333 2573 4402 (Matth.
2602 4333 2690 4385 20.
2723 4331 2774 4384 6.
2802 4346 2906 4398 sqq.
2927 4327 2969 4397 ).
3001 4328 3232 4380 Tametsi
3269 4327 3390 4395 quid
3423 4327 3626 4392 Operari
3659 4325 3940 4378 undecima

2367 4425 2496 4478 hoz-a
2549 4421 2871 4490 potuerunt?
2914 4421 2980 4471 At
3026 4418 3366 4470 nihilominus
3411 4416 3475 4469 ad
3518 4416 3776 4485 integram
3834 4415 3942 4468 illis

2362 4515 2587 4569 dandam
2617 4511 2911 4566 mercedem
2940 4509 3099 4562 breve
3131 4516 3450 4560 momentum
3479 4507 3584 4559 Deo
3610 4507 3837 4560 sull‘ecit.

2439 4605 2532 4658 llic
2563 4605 2818 4674 propheta:
2844 4604 2980 4654 locus
3011 4600 3280 4652 libertatem
3317 4599 3509 4650 arbitrii
3536 4615 3633 4650 non
3662 4599 3829 4665 eripit.
3860 4627 3936 4638 -—-

2364 4699 2534 4765 Atque
2581 4705 2637 4748 ut
2681 4694 2939 4760 intelligas
2972 4691 3069 4743 hoc
3100 4688 3407 4756 prOphetam
3445 4702 3566 4741 vere
3599 4688 3798 4752 dicere,
3845 4704 3942 4740 ne-

2362 4805 2462 4856 que
2496 4803 2589 4840 nos
2619 4785 2826 4840 arbitrii
2859 4784 3096 4836 libertate
3128 4781 3354 4849 privare,
3374 4777 3463 4832 sed
3494 4777 3558 4831 de
3581 4793 3760 4832 rerum
3791 4779 3939 4831 exitu

2366 4879 2744 4951 philosophari,
2772 4877 2890 4929 audi
2925 4874 3046 4943 quid
3085 4873 3315 4940 adjiciat.
3367 4870 3493 4924 Nam
3522 4885 3639 4923 cum
3674 4869 3938 4930 dixisset,

2366 4972 2486 5025 Non
2512 4980 2580 5023 est
2606 4971 2656 5022 in
2687 4967 2884 5020 homine
2909 4965 2985 5017 via
3009 4965 3134 5030 ejus,
3177 4963 3350 5016 statim
3378 4959 3612 5029 adjungit
3659 4976 3674 5012 :
3728 4957 3941 5025 Corripe

2363 5082 2470 5124 nos,
2504 5062 2732 5124 Domine,
2779 5065 3115 5109 verumtamen
3141 5054 3191 5105 in
3209 5051 3424 5121 judicio,
3464 5058 3510 5102 et
3543 5065 3641 5102 non
3670 5049 3722 5100 in
3766 5047 3942 5114 furore

2366 5155 2573 5224 (Jerem.
2615 5152 2699 5205 iO.
2732 5150 2850 5218 Ἡ).
2889 5147 2943 5200 Si
2986 5145 3125 5200 enim
3158 5142 3361 5195 arbitrii
3401 5141 3566 5194 nostri
3593 5139 3719 5191 nihil
3752 5146 3896 5190 esset
3919 5177 3936 5200 ,

2363 5248 2552 5302 frustra
2581 5246 2800 5306 diceret,
2844 5239 3052 5306 Corripe
3092 5251 3200 5301 nos,
3232 5234 3464 5300 Domine,
3513 5241 3847 5285 verumtamen
3883 5229 3940 5280 in

2355 5341 2570 5411 judicio.

2434 5431 2486 5484 5.
2534 5428 2613 5480 Ex
2651 5426 2837 5476 indicto
2877 5418 3121 5488 supplicio
3149 5417 3349 5471 libertas
3378 5413 3571 5466 arbitrii
3598 5412 3828 5479 infertur.
3866 5438 3940 5451 —-

2365 5520 2499 5587 Quid
2526 5519 2662 5572 enim
2691 5515 2801 5568 ﬁeri
2834 5520 3004 5580 potest
3031 5510 3291 5576 injustius,
3323 5519 3479 5575 quam
3508 5513 3562 5554 nt
3593 5501 3663 5554 illi
3694 5501 3935 5569 plectan-

2365 5623 2468 5676 tur,
2511 5623 2728 5677 quorum
2775 5621 2838 5657 ex
2883 5602 3096 5656 arbitrio
3143 5617 3247 5653 non
3277 5598 3505 5667 pendent
3536 5608 3618 5646 res
3657 5591 3934 5660 gerendm,

2369 5711 2453 5756 aut
2494 5709 2549 5754 ut
2592 5698 2828 5750 homines
2873 5694 2944 5746 illi
2992 5707 3169 5761 poenas
3217 5689 3528 5750 sustineant,
3585 5699 3805 5751 quorum
3852 5683 3931 5734 via
