4130 6316
139 343 236 398 159

134 455 270 507 τοῦτο
298 454 614 522 ἐγενόμεθα,
648 456 744 525 οὐχ
784 457 870 508 ἵνα
908 458 1169 528 φάγωμεν
1203 461 1296 512 καὶ
1331 461 1561 529 πίωμεν,
1595 459 1687 511 καὶ

136 535 550 607 περιϐαλώμεθα,
586 538 702 591 ἀλλ’
733 541 817 592 ἵνα
870 540 1128 610 φύγωμεν
1174 543 1392 604 κακίαν,
1437 541 1684 611 ἑλώμεθα

134 617 179 669 δὲ
202 617 391 686 ἀρετὴν
412 658 425 679 ,
456 619 559 687 τῆς
609 620 755 683 θείας
789 621 1169 692 ἐπιλαϐόμενοι
1205 624 1536 692 φιλοσοφίας.
1564 625 1686 676 Ὅτι

135 700 222 768 γὰρ
247 700 339 768 οὐχ
380 700 466 755 ἵνα
501 703 762 772 φάγωμεν
805 704 898 756 καὶ
953 705 1169 774 πίωμεν
1220 705 1540 775 ἐγενόμεθα.
1573 706 1685 758 ἀλλ’

136 782 204 847 ἐφ’
231 782 430 851 ἑτέροις
459 785 636 852 πολλῷ
669 784 875 854 μείζοσι
903 786 997 838 καὶ
1032 786 1314 856 βελτίοσιν,
1340 789 1569 841 ἄκουσον
1590 788 1685 839 τοῦ

136 862 250 914 Θεοῦ
297 867 388 916 καὶ
431 866 529 934 τὴν
581 868 759 920 αἰτίαν
809 866 1076 934 λέγοντος,
1106 864 1252 939 ἐφ’ᾖ
1292 870 1382 922 τὸν
1407 870 1688 938 ἄνθρωπον

137 945 350 1012 ἐποίησε.
405 949 756 1002 Διαπλάττων
793 950 902 1019 γάρ
951 951 1132 1013 αὑτὸν,
1178 950 1321 1004 οὕτω
1359 951 1474 1013 πώς
1517 969 1683 1020 φησιο

136 1026 464 1094 Ποιήσωμεν
497 1029 810 1096 ἄνθρωπον
841 1033 967 1086 κατ’
1023 1033 1224 1085 εἰκόνα
1264 1032 1555 1102 ἡμετέραν
1590 1033 1687 1086 καί

134 1110 243 1161 καθ’
282 1111 414 1175 ὁμοί
419 1127 588 1162 ωσιν.

189 1191 244 1243 δ.
268 1190 485 1260 Ὅμοιοι
502 1193 554 1244 δὲ
573 1193 706 1245 Θεοῦ
724 1195 984 1264 γινόμεθα
1004 1196 1102 1249 οὐκ
1119 1197 1384 1258 ἐσθίοντες
1401 1199 1492 1248 καὶ
1509 1197 1687 1248 πίνον-

132 1289 208 1335 τες
233 1275 319 1325 καί
350 1275 796 1345 περιϐαλλόμενοι
819 1294 831 1308 ’
865 1277 996 1340 Θεὸς
1040 1280 1146 1349 γὰρ
1174 1278 1294 1331 οὕτε
1329 1278 1526 1338 ἐσθίει,
1566 1276 1688 1329 οὔτε

134 1355 276 1419 πίνει,
298 1353 421 1407 οὔτε
455 1358 836 1427 περιϐάλλεται
861 1375 872 1387 ·
907 1359 1044 1412 ἀλλά
1070 1358 1413 1428 δικαιοσύνην
1451 1358 1687 1410 ἀσκοῦν-

131 1453 238 1498 τες,
301 1438 715 1508 φιλανθρωπίαν
782 1441 1254 1510 ἐπιδεικνύμενοι,
1316 1441 1541 1508 χρηστοὶ
1594 1440 1689 1491 καὶ

134 1521 367 1580 ἐπιεικεῖς
409 1516 600 1583 ὄντες,
636 1523 760 1584 τοὺς
783 1523 1007 1591 πλησίον
1041 1522 1335 1584 ἐλεοῦντες.
1362 1523 1538 1573 πᾶσαν
1567 1521 1690 1590 ἀρε-

132 1605 214 1668 τὴν
260 1601 546 1666 διώκοντες
571 1619 583 1631 ·
620 1605 741 1655 ἐπεὶ
771 1605 830 1656 16
883 1607 1077 1672 φαγεῖν
1107 1607 1199 1658 καὶ
1227 1605 1286 1656 16
1326 1607 1467 1656 πιεῖν
1513 1605 1688 1657 κοινὸν

135 1683 250 1749 πρὸς
290 1684 386 1752 τὴν
433 1685 543 1736 τῶν
589 1685 798 1752 ἀλόγων
833 1685 994 1754 φύσιν
1039 1689 1169 1757 ἡμῖν
1213 1689 1350 1747 ἐστι,
1407 1687 1501 1739 καὶ
1539 1686 1688 1739 οὐδὲν

133 1765 329 1817 ἐκείνων
383 1765 530 1818 κατά
571 1767 728 1820 τοῦτο
771 1769 1025 1837 ἀμείνους
1069 1771 1253 1838 ἐσμέν.
1315 1768 1473 1821 Ἀλλά
1523 1767 1689 1821 πόθεν

133 1846 266 1912 ἡμῶν
291 1849 320 1914 ἡ
354 1847 630 1917 ύττεροχή;
665 1850 756 1902 Ἐκ
782 1850 872 1902 τοῦ
897 1853 1018 1902 κατ’
1056 1852 1240 1903 εἰκόνα
1271 1850 1404 1903 Θεοῦ
1436 1850 1687 1917 γενέσθαι

133 1927 207 1977 καὶ
249 1929 523 1996 ὁμοίωσιν.
582 1931 671 2000 Μὴ
730 1932 908 1984 τοίνυν
960 1933 1332 2002 ἀποκάμωμεν
1373 1935 1496 1994 τοὺς
1547 1932 1687 2001 ὺπέρ

132 2010 306 2076 ἀρετῆς
328 2010 604 2074 κινοῦντες
641 2013 847 2080 λόγους,
873 2013 986 2066 ἀλλ’
1020 2015 1315 2082 ἀγαγόντες
1351 2014 1448 2083 τὴν
1472 2030 1686 2084 προφη-

131 2092 262 2159 τκὴν
306 2093 511 2162 ταύτην
543 2096 696 2163 ῥῆσιν
726 2099 802 2158 εἰς
831 2098 1014 2164 μέσον,
1043 2097 1180 2165 μετά
1205 2097 1485 2167 ἀκριϐείας
1519 2097 1688 2166 αὐτὴν

132 2172 604 2245 διερευνησώμεθα,
654 2179 750 2229 καὶ
781 2177 1043 2246 μάθωμεν
1067 2191 1090 2219 ο
1122 2179 1202 2240 τίς
1232 2181 1258 2231 6
1298 2179 1531 2248 εἰρηκὼς
1554 2220 1564 2238 ,
1595 2178 1688 2230 καὶ

133 2254 249 2324 ὑπὲρ
273 2257 453 2320 τίνων,
502 2261 594 2311 καὶ
640 2261 786 2320 πότε,
819 2262 913 2314 καί
955 2263 1093 2332 πρὸς
1121 2263 1258 2325 τίνα,
1293 2262 1385 2314 καὶ
1429 2261 1545 2324 πῶς
1580 2262 1687 2315 τῶν

134 2340 451 2407 πραγμάτων
503 2340 885 2411 διακειμένων,
933 2344 1026 2395 καὶ
1074 2345 1249 2396 πάντα
1283 2343 1470 2407 άπλῶς
1504 2344 1689 2407 ἐξετά-

135 2417 290 2481 ζοντες
320 2422 386 2473 τά
415 2423 555 2491 πρὸς
585 2424 681 2491 τὴν
713 2423 927 2493 εὕρεσιν
959 2425 1328 2481 συντελοῦντα.
1375 2426 1433 2478 '0
1467 2427 1566 2495 μὲν
1596 2422 1688 2479 οῦν

131 2502 338 2569 εἰρηκὼς
385 2504 656 2573 Ἱερεμίας
698 2507 843 2558 ἐστὶν
889 2508 916 2558 6
973 2509 1280 2577 προφήτης,
1310 2509 1369 2559 οὐ
1401 2509 1505 2576 μὴν
1549 2509 1686 2579 ὑπὲρ

134 2585 320 2644 ἐιυτοῦ,
356 2587 470 2638 ἀλλ’
511 2589 648 2656 ὑπὲρ
684 2588 883 2656 ἐτέρων
907 2589 1006 2658 τὴν
1037 2590 1316 2658 ἱκετηρίαν
1346 2590 1686 2658 ποιούμενος,

134 2667 248 2734 ὑπὲρ
277 2667 542 2721 Ἰουδαίων
564 2670 671 2720 τῶν
701 2669 1050 2738 ἀγνωμόνων,
1069 2670 1176 2722 τῶν
1200 2671 1563 2741 ἀναισθήτων,
1579 2671 1688 2724 τῶν

132 2748 442 2816 ἀεινιρθώτως
469 2751 722 2818 ἐχόντων,
755 2750 861 2802 τῶν
892 2751 1213 2819 ὀφειλόντων
1247 2752 1574 2822 κολασθῆναι
1592 2753 1688 2804 καὶ

131 2829 209 2898 τὴν
229 2832 457 2902 ἐσχάτην
494 2834 778 2902 ὑπομεῖναι
801 2835 1091 2904 τιμωρίαν,
1114 2837 1238 2905 περί
1266 2829 1338 2888 ὧν
1366 2853 1528 2904 φησιν
1542 2834 1688 2903 αύτῷ

131 2913 285 2975 ὀθεός
306 2930 317 2942 ·
344 2915 439 2980 Μὴ
470 2918 812 2984 προσεύχου
853 2919 985 2986 περί
1021 2919 1125 2971 τοῦ
1159 2919 1310 2971 λαοῦ
1337 2920 1571 2980 τούτου,
1602 2917 1690 2970 ὅτι

132 2999 223 3047 οὐκ
248 2999 681 3066 είσακούσομαί
726 3014 841 3052 σου
862 3015 874 3028 ·
909 3000 1002 3053 καί
1046 3017 1194 3062 τινες
1238 3000 1336 3070 μέν
1373 3017 1506 3069 φασι
1534 3000 1690 3052 τοῦτο

131 3080 238 3147 περί
291 3079 384 3131 τοῦ
437 3079 906 3152 Ναϐουχοδονόσορ
967 3081 1272 3151 λέγεσθαι·
1325 3083 1510 3150 ἐπειδὴ
1581 3082 1690 3150 γὰρ

134 3159 326 3224 ἔμελλεν
357 3163 772 3234 ἐπιστρατεύειν
800 3166 983 3228 αὐτοῖς
1029 3167 1057 3217 6
1106 3165 1400 3234 βάρϐαρος,
1451 3165 1543 3215 καὶ
1593 3165 1690 3232 τὴν

132 3243 261 3295 τύλιν
295 3245 597 3313 ἀφανίζειν,
627 3245 774 3317 [164]
804 3247 896 3299 καί
925 3246 1103 3299 λαϐὼν
1125 3246 1506 3316 αἰχμαλώτους
1533 3247 1693 3298 ἀπιέ-

133 3341 221 3383 ναι,
252 3326 566 3395 βουλόμενος
619 3330 800 3380 πεῖσαι
865 3328 1107 3392 πάντας,
1159 3330 1239 3382 ὅτι
1291 3331 1350 3381 ού
1409 3328 1561 3399 παρά
1594 3329 1691 3399 τὴν

131 3408 309 3461 οἰκείαν
372 3411 530 3479 ἰσχὺν
571 3412 662 3462 καὶ
688 3409 915 3480 δύναμιν
963 3413 1062 3482 τῆς
1091 3413 1295 3474 πόλεως
1332 3413 1688 3487 περιγίνεται,

133 3490 247 3542 ἀλλὰ
277 3492 425 3562 παρὰ
450 3493 520 3545 τὰ
538 3491 742 3545 τούτων
761 3494 1150 3563 ἁμαρτήματα,
1182 3495 1275 3547 τοῦ
1298 3495 1430 3547 Θεοῦ
1459 3512 1693 3564 στρατη-

133 3572 330 3638 γοῦντος
372 3575 466 3628 τὸν
512 3575 764 3645 πόλεμον,
791 3578 884 3628 καὶ
912 3577 1375 3646 χειραγωγοῦντος
1407 3578 1566 3630 αὑτὸν
1602 3578 1691 3629 ἐπὶ

132 3655 214 3722 τὴν
258 3657 459 3710 οἰκείαν
523 3659 694 3722 πόλιν,
726 3660 923 3727 φησίν·
969 3655 1133 3721 Οἶδα,
1185 3661 1381 3725 Κύριε,
1431 3659 1519 3711 ὅτι
1555 3658 1692 3726 ούχί

134 3737 222 3789 τοῦ
274 3739 588 3805 ἀνθρώπου
627 3741 664 3806 ἡ
726 3740 863 3805 ὁδὸς
914 3742 1120 3801 αὑτοῦ,
1177 3741 1318 3793 οὐδὲ
1385 3739 1694 3808 ἄνθρωπος

135 3821 488 3886 πορεύσεται,
516 3821 612 3874 καὶ
655 3822 1016 3890 κατορθώσει
1047 3824 1162 3890 τὴν
1198 3823 1442 3890 πορείαν
1483 3823 1687 3874 αὐτοῦ.

139 3902 192 3952 Ὀ
211 3903 259 3954 δέ
289 3903 437 3971 λέγει
478 3905 718 3957 τοιοῦτόν
759 3907 905 3958 ἐστιν
925 3925 937 3936 ·
966 3909 998 3976 ἡ
1032 3906 1147 3969 ὁδὸς
1177 3905 1334 3975 αῦτη,
1369 3905 1549 3973 φησὶν,
1575 3905 1640 3974 ἢν
1666 3906 1692 3956 6

135 3982 386 4057 βάρϐαρος
418 3988 626 4056 βαδίζει
655 3988 750 4040 νῦν
781 3989 1189 4059 ἐπιστρατεύων
1223 3991 1371 4058 ἡμῖν,
1410 3989 1528 4058 οὐχὶ
1565 3989 1694 4057 παρ’

133 4067 303 4119 ἑαυτοῦ
339 4072 510 4129 ἐστιν,
551 4071 670 4123 οὐδὲ
715 4073 919 4133 ἐκεῖνος
975 4070 1302 4141 κατώρθωσε
1342 4071 1430 4123 τὸν
1460 4071 1693 4139 πόλεμον

132 4148 295 4201 τοῦτον
323 4153 416 4204 καὶ
456 4152 556 4220 τὴν
589 4153 763 4222 νίκην,
799 4153 980 4205 ἀλλἐἰ
1012 4153 1084 4223 μὴ
1108 4156 1170 4204 σὺ
1200 4152 1519 4221 παρέδωκας
1548 4153 1693 4220 ἡμᾶς

131 4233 232 4293 ταῖς
267 4234 476 4285 ἐκείνου
533 4235 738 4303 χερσὶν,
781 4236 879 4286 οὐκ
926 4233 993 4287 ἂν
1035 4235 1356 4304 ἐκράτησεν,
1388 4234 1506 4286 ούδέ
1540 4251 1692 4302 περι-

132 4314 339 4376 εγένετο.
362 4315 462 4366 Διά
489 4316 664 4376 τοῦτο,
693 4318 842 4384 φησί,
860 4316 1046 4386 δέομαι
1081 4318 1171 4368 καὶ
1197 4315 1476 4376 ἀντιϐολῶ,
1506 4315 1692 4384 ἐπειδὴ

131 4395 267 4449 τοῦτο
308 4397 478 4461 ἔδοξε,
540 4399 676 4466 μετά
719 4399 916 4468 μέτρου
977 4399 1226 4466 γενέσθαι
1271 4399 1366 4468 τὴν
1400 4398 1689 4467 τιμωρίαν.

131 4479 446 4534 Παίδευσσν
501 4479 674 4549 ἡμᾶς,
715 4481 880 4548 πλὴν
930 4481 999 4534 ἐν
1046 4483 1278 4550 κρίματι
1297 4482 1342 4545 ἶ),
1367 4482 1461 4534 καὶ
1490 4481 1576 4548 μὴ
1627 4480 1696 4534 ὲν

131 4562 292 4627 θυμῷ.
321 4563 459 4615 Ἀλλ’
487 4563 671 4632 ἐπειδή
706 4580 846 4626 τινες
875 4564 1012 4633 πρὸς
1036 4565 1192 4616 τοῦτο
1222 4565 1582 4630 ἀντιλέγουσι,
1603 4565 1695 4616 καὶ

130 4645 376 4713 οὐχὶπερὶ
419 4646 516 4696 τοῦ
549 4645 825 4713 βαρϐάρου
864 4647 1028 4713 φασὶν
1077 4646 1350 4716 εἰρῆσθαι,
1403 4645 1540 4698 ἀλλά
1569 4645 1696 4713 περὶ

131 4726 212 4792 τῆς
241 4727 418 4796 κοινῆς
454 4725 668 4794 φύσεως
702 4726 808 4778 τῶν
841 4725 1161 4796 ἀνθρώπων,
1190 4729 1402 4796 ἀνάγκη
1435 4728 1527 4779 καὶ
1561 4727 1696 4794 πρὸς

131 4808 330 4871 τούτους
360 4808 844 4876 ἀπομαχήσασθαι.
891 4809 954 4860 Τί
1004 4805 1098 4861 οῦν
1130 4811 1244 4861 ἐστι
1297 4810 1430 4879 πρὸς
1477 4809 1698 4870 τούτους

132 4892 304 4952 εἰπεῖνς
330 4893 409 4944 ὅτι
430 4893 574 4962 ὑπὲρ
599 4891 897 4960 ἀνθρώπων
930 4893 1328 4961 ἡμαρτηκότων
1361 4893 1535 4961 ἠξίου,
1558 4892 1697 4961 ὑπὲρ

134 4963 194 5022 ὧν
209 4975 446 5044 ἐκωλύθη
469 4973 729 5035 πολλάκις
741 4973 944 5038 ἀξιοῦν·
959 4973 1044 5027 διὰ
1061 4975 1217 5026 τοῦτο
1233 4975 1331 5044 τὴν
1349 4976 1500 5027 πόλιν
1522 4992 1698 5042 παρα-

134 5056 362 5119 σκευάζει
388 5057 660 5128 θρηνῆσαι
687 5055 917 5124 πρῶτον·
940 5057 1124 5126 ἐπειδὴ
1139 5058 1246 5126 γάρ
1263 5057 1500 5126 συνεχῶς
1522 5058 1696 5124 ἔλεγε,

131 5129 206 5198 Μὴ
232 5135 374 5199 ἀξίου
393 5139 536 5207 ὑπὲρ
561 5137 758 5196 αὐτῶν,
787 5138 883 5206 τὴν
908 5139 1168 5209 δεομένην
1190 5140 1359 5209 αὐτὴν
1388 5141 1486 5209 τῆς
1508 5140 1696 5207 φιλαν-

133 5217 356 5288 Θρωττίας
386 5221 614 5290 καθίησι
651 5219 896 5290 πρώτην,
936 5222 1021 5274 ἵνα
1051 5224 1260 5274 ἐκεῖθεν
1295 5226 1549 5292 ἀφορμήν
1579 5239 1700 5274 τινα

135 5305 214 5354 καὶ
242 5305 512 5373 πρὸφασιν
539 5305 761 5371 εῦλογον
795 5304 936 5374 λάϐῃ
963 5305 1062 5373 τῆς
1097 5308 1232 5375 πρὸς
1260 5307 1348 5357 τὸν
1390 5307 1522 5357 Θεὸν
1561 5306 1700 5375 ὑπὲρ

135 5385 289 5436 αὐτῶν
316 5387 617 5457 ἱκετηρίας,
642 5388 734 5438 καί⁸
765 5387 897 5455 πρὸς
927 5387 1096 5452 αὐτὴν
1118 5388 1385 5440 ἀποτείνει
1409 5389 1497 5439 τὸν
1523 5388 1698 5453 λόγον,

135 5468 214 5518 καί
244 5486 430 5538 φησιν·
461 5471 609 5524 Οὐαὶ
654 5468 734 5534 τῷ
771 5471 1171 5538 συντρίμματί
1200 5489 1348 5525 σου*
1380 5473 1612 5540 (Hrqu
1663 5472 1702 5538 ἠ

139 5657 324 5761 mihi
341 5661 561 5767 μάθωμεν
600 5661 820 5710 deestin
861 5658 1048 5709 duobus
1070 5674 1203 5719 mss.,
1247 5662 1428 5722 legitur
1463 5668 1624 5711 autem
1654 5666 1700 5713 in

155 5743 163 5758 -
228 5733 266 5767 κ.
294 5733 399 5767 ..:m
430 5757 441 5766 .

155 5731 266 5770 Πῦΐζ.
294 5731 441 5768 havu.

192 5775 214 5813 δ
244 5780 366 5830 L'uus
390 5785 438 5830 ἐν
458 5783 624 5843 κρίσει.

941 341 1009 403 ΙΝ
1049 343 1276 410 ILLUD,
1317 345 1600 413 DOMINE,
1641 344 1780 399 NON
1825 347 1949 401 E-ST
1988 348 2054 401 IN
2095 347 2380 410 IIOMINE.
2412 347 2560 402 ETC.

3245 347 3356 404 160

1795 462 1994 529 πληγή
2019 477 2153 514 σου.
2188 459 2318 514 Εἶτα
2345 461 2524 529 ἐκείνη
2555 458 2717 529 φησίν
2736 473 2750 488 ⁸
2786 460 3009 522 Ὄντως
3043 459 3216 512 τοῦτό
3233 477 3351 525 μου

1789 547 1851 598 τὸ
1885 546 2112 615 τραῦμά
2155 547 2343 611 ἐστιν,
2403 549 2441 613 ἡ
2489 545 2688 614 σκηνή
2735 561 2852 612 μου
2898 543 3102 604 ὤλετο,
3129 547 3187 596 αὶ
3230 544 3352 612 δέρ-

1779 633 1905 699 ρεις
1950 651 2066 700 μου
2109 633 2606 697 διεσπάσθησαν,
2666 635 2718 684 οί
2772 630 2889 684 υίοί
2946 647 3062 698 μου
3122 631 3218 683 καὶ
3281 631 3352 682 τὰ

1787 719 2046 786 πρόϐατά
2066 737 2184 786 μου
2211 717 2466 783 ἐξῆλθεν
2498 721 2595 771 ἀπ’
2627 719 2790 784 ἐμοῦ,
2827 717 2924 769 καί
2955 719 3064 770 οὐκ
3090 716 3267 769 εἰσίν.
3291 719 3355 770 Ol

1785 805 2057 873 ποιμένες
2085 822 2200 871 μου
2233 807 2698 872 ἠφρονεύσαντο,
2738 805 2834 856 καί
2867 803 2970 856 τὸν
2995 805 3211 869 Κύριον
3242 804 3352 854 οὐκ

1787 891 2167 958 ἐξεζήτησαν.
2201 891 2370 958 Φωνὴ
2411 890 2599 956 ἀκοῆς
2641 901 2660 928 ε
2699 891 2929 957 ἔρχεται
2972 889 3068 941 καί
3099 887 3350 954 σεισμοῦ

1781 977 2046 1044 μεγάλου
2075 977 2189 1030 ἀπὸ
2215 975 2426 1046 βορρᾶ,
2463 977 2568 1029 τοῦ
2596 975 2763 1038 τάξαι
2799 976 2906 1040 τὰς
2943 976 3146 1037 πόλεις
3171 973 3353 1026 Ἰούδα

1787 1066 1872 1126 είς
1908 1064 2246 1132 ἀφανισμὸν
2283 1064 2380 1115 καὶ
2410 1063 2616 1128 κοίτην
2652 1061 2974 1128 στρουθῶν.
3009 1057 3137 1111 Εἶτα
3172 1059 3353 1128 ἐπειδή

1788 1148 2126 1218 ὲτραγῴδησε
2158 1149 2254 1218 τὴν
2282 1149 2483 1201 οἰκείαν
2514 1149 2793 1216 συμφορὰν
2823 1147 3022 1215 ἐκείνη,
3058 1145 3208 1214 φησί,
3235 1147 3354 1198 Κύ-

1785 1253 1904 1301 ριε,
1945 1237 2078 1303 οὐχὶ
2125 1235 2229 1287 τοῦ
2268 1233 2578 1301 ἀνθρώπου
2621 1235 2657 1300 ή
2698 1233 2834 1298 ὁδὸς
2876 1231 3079 1285 αὑτοῦ.
3121 1231 3184 1282 Τί
3230 1226 3353 1297 οὖν;
3425 1229 3427 1231 ’

1788 1321 1972 1391 ἐπειδὴ
1997 1323 2198 1391 θρηνεῖ,
2225 1321 2563 1390 φησὶ,δόγμα
2587 1320 2824 1388 ὀλέθριον
2853 1320 3136 1387 εἰσήγαγεν
3159 1318 3236 1380 είς
3259 1317 3355 1384 τὴν

1787 1409 2135 1479 οἰκουμένην,
2171 1412 2267 1477 τὴν
2309 1407 2551 1470 ἐξουσίαν
2597 1407 2750 1474 ἡμῶν
2793 1403 3217 1473 ἀφαιρούμενος,
3263 1404 3358 1456 καὶ

1788 1495 1959 1562 λέγων
1987 1497 2086 1548 ούκ
2116 1497 2198 1562 ἐφ’
2223 1497 2354 1565 ἡμῖν
2374 1491 2508 1546 εἶναι
2534 1495 2598 1546 τά
2622 1493 2892 1562 πρακτέα;
2921 1491 3200 1560 Οὐδαμῶς,
3223 1491 3357 1544 ἀλλά

1789 1583 1880 1634 καὶ
1918 1581 2128 1650 θρηνῶν
2164 1581 2535 1650 ἀσφαλίζεται.
2576 1577 2755 1631 Εἰπὼν
2789 1578 2917 1647 γὰρ,
2958 1579 3038 1634 ὅτι
3074 1577 3218 1646 Οὑχί
3251 1578 3357 1632 τοῦ

1788 1668 2096 1736 ἀνθρώπου
2126 1670 2162 1736 ἡ
2192 1670 2330 1734 ὁδὸς
2367 1668 2550 1722 αὐτοῦ
2570 1707 2584 1732 ,
2615 1667 2713 1719 οὐκ
2735 1665 3057 1735 ἐσιώπησεν,
3081 1666 3195 1719 ἀλλ’
3225 1666 3359 1737 ἐπή-

1789 1771 1974 1822 γαγεν,
2003 1755 2152 1808 Οὐδὲ
2173 1755 2479 1822 ἅνθρωπος
2509 1754 2876 1817 πορεύσεται,
2891 1752 2987 1804 καί
3007 1753 3360 1819 κατορθώσει

1788 1841 1902 1907 τὴν
1921 1855 2164 1907 πορείαν
2190 1841 2395 1894 αὐτοῦ.
2417 1843 2480 1892 Ὃ
2511 1841 2567 1891 δὲ
2599 1839 2764 1905 λέγει,
2789 1837 3027 1890 τοιοῦτόν
3056 1838 3199 1890 ἐστιν
3219 1855 3231 1868 ο
3262 1839 3360 1890 οὐκ

1788 1929 1870 1996 ἐφ’
1896 1931 2022 1998 ἡμῖν
2048 1932 2162 1980 ἐστι
2185 1929 2242 1979 τὸ
2268 1929 2395 1987 πᾶν,
2429 1926 2565 1977 ἀλλὰ
2591 1926 2650 1977 τὸ
2679 1927 2775 1994 μὲν
2809 1925 2893 1992 ἐφ’
2920 1927 3072 1994 ἡμῖν,
3104 1925 3162 1976 τὸ
3187 1925 3243 1976 δὲ
3271 1925 3362 1977 ἐπὶ

1788 2013 1864 2082 τῷ
1885 2013 2019 2082 (θεῷ.
2048 2014 2120 2065 Τὸ
2145 2013 2239 2082 μὲν
2267 2012 2372 2082 γὰρ
2403 2011 2613 2062 ἑλέσθαι
2645 2013 2710 2063 τὰ
2737 2011 3012 2073 κάλλιστα,
3047 2012 3140 2062 καὶ
3170 2009 3360 2078 βουλη-

1791 2099 1966 2168 θῆναι,
2001 2100 2094 2151 καὶ
2117 2099 2430 2160 σπουδάσαι,
2461 2099 2552 2148 καὶ
2571 2097 2744 2148 πάντα
2762 2096 3046 2163 ὑπομεῖναι
3064 2095 3239 2157 πόνον,
3264 2096 3362 2164 τῆς

1789 2188 2061 2255 ἡμετέρας
2107 2186 2225 2237 ἐστὶ
2269 2184 2571 2252 προθέσεως
2606 2200 2617 2210 ·
2650 2184 2709 2234 τὸ
2745 2183 2800 2234 δὲ
2839 2183 2918 2243 εἰς
2951 2182 3100 2243 τέλος
3139 2183 3362 2249 ἀγαγεῖν

1789 2275 1955 2331 αύτά,
1990 2277 2081 2326 καὶ
2115 2273 2187 2341 μὴ
2221 2275 2567 2342 συγχωρῆσαι
2595 2271 2884 2331 διαπεσεῖν,
2922 2269 3016 2322 καί⁸
3059 2268 3192 2341 πρὸς
3232 2268 3362 2322 αὐτὸ

1793 2361 1848 2413 τὸ
1883 2359 2053 2429 πέρας
2083 2359 2253 2410 ἐλθεῖν
2280 2359 2386 2410 τῶν
2412 2357 2864 2426 κατορθωμάτων,
2891 2356 2990 2424 τῆς
3014 2355 3215 2408 ἄνωθέν
3245 2356 3364 2408 ἐστι

1789 2447 2022 2515 χάριτος.
2075 2445 2394 2514 Ἐμερίσατο
2439 2444 2546 2512 γὰρ
2591 2443 2725 2513 πρὸς
2762 2444 2906 2512 ἡμᾶς
2951 2443 3049 2510 τὴν
3093 2443 3290 2512 ἀρετὴν
3335 2442 3365 2492 6

1787 2533 1937 2596 Θεὸς,
1969 2533 2059 2584 καὶ
2082 2532 2202 2584 οῦτε
2233 2533 2314 2598 ἐφ’
2341 2533 2470 2599 ἡμῖν
2497 2529 2674 2597 ἀφῆκε
2700 2528 2758 2580 16
2785 2531 2892 2580 πᾶν
2915 2526 3071 2591 εἶναι,
3090 2529 3174 2581 ἵνα
3196 2529 3267 2597 μὴ
3288 2531 3366 2592 εἰς

1788 2617 2040 2669 ἀπόνοιαν
2062 2615 2434 2686 ἐπαιρώμεθα,
2464 2613 2609 2685 [165]
2631 2613 2751 2665 οὔτε
2773 2614 2928 2677 αὐτὸς
2950 2615 3009 2666 τὸ
3034 2616 3138 2666 πᾶν
3156 2614 3364 2679 ἐλαϐεν,

1791 2711 1875 2763 ἵνα
1909 2710 1981 2780 μὴ
2012 2712 2089 2771 εἰς
2128 2708 2394 2779 ρᾳθυμίαν
2418 2707 2794 2776 ἀποκλίνωμεν
2821 2721 2834 2736 ’
2863 2706 2974 2757 ἀλλ’
3005 2705 3181 2772 ὀλίγον
3209 2706 3368 2772 ἀφεὶς

1789 2798 1880 2848 ἐπὶ
1910 2800 2021 2860 τοῖς
2052 2798 2338 2866 ἡμετέροις
2371 2796 2579 2858 πόνοις,
2619 2794 2677 2846 τὸ
2713 2792 2869 2845 πλέον
2901 2792 3062 2854 αὐτὸς
3091 2793 3363 2861 κατορθοῖ.

1792 2886 1910 2938 Ὀτι
1945 2884 2050 2953 γὰρ
2077 2885 2122 2934 εἰ
2149 2882 2207 2934 τὸ
2237 2884 2343 2934 πᾶν
2375 2878 2440 2950 ἦν
2470 2882 2551 2948 ἐφ’
2584 2883 2733 2949 ἡμῖν,
2759 2879 2982 2938 πολλοὺς
3011 2879 3075 2932 ἄν
3101 2878 3258 2930 τοῦτο
3286 2880 3368 2941 εἰς

1790 2971 2042 3023 ἀπόνοιαν
2090 2969 2262 3038 ἐπῆρε
2309 2969 2402 3020 καὶ
2449 2967 2880 3036 ἐξετραχήλισεν,
2933 2964 3218 3032 ἀκούωμεν
3273 2961 3366 3015 τοῦ

1788 3058 2096 3127 Φαρισαίου,
2119 3058 2170 3107 τί
2189 3073 2367 3123 φησιν,
2392 3057 2470 3116 εἰς
2494 3056 2621 3120 ὅσην
2641 3051 2954 3114 ἀλαζονείαν
2978 3053 3226 3120 ἐπήρετο,
3252 3050 3368 3112 πῶς

1789 3146 2205 3214 ἐμεγαληγόρει.
2240 3144 2330 3194 καὶ
2366 3143 2461 3210 τῆς
2497 3140 2818 3208 οἰκουμένης
2853 3139 3067 3206 ἁπάσης
3101 3139 3368 3214 ἐφρόνησε

1793 3210 2168 3302 μείζοναξγΔῇια
2206 3231 2361 3282 τοῦτο
2402 3229 2462 3280 ού
2509 3228 2569 3280 16
2609 3228 2715 3279 πᾶν
2758 3225 2912 3295 ἡμῶν
2950 3225 3222 3294 ἐποίησεν,
3256 3210 3369 3276 ἀλλ’

1792 3321 1968 3388 ἀφῆκέ
1995 3338 2045 3372 τι
2083 3319 2165 3387 ἐφ’
2205 3320 2333 3388 ἡμῖν
2363 3313 2525 3377 εἶναι,
2558 3317 2643 3367 ἴνα
2672 3313 3024 3383 εὐπρόσωπον
3065 3312 3202 3383 λάϐῃ
3240 3312 3372 3382 πρό-

1792 3424 1951 3475 φασιν
1970 3406 2062 3459 τοῦ
2091 3406 2310 3467 δικαίως
2334 3406 2478 3472 ἡμᾶς
2497 3400 2810 3471 στεφανοῦν.
2832 3401 2941 3453 Καὶ
2968 3398 3124 3451 τοῦτο
3141 3399 3370 3467 ἐδήλωσε

1790 3496 1877 3548 διὰ
1905 3495 2002 3564 τῆς
2032 3492 2340 3562 παραϐολῆς
2361 3490 2588 3558 ἐκείνης,
2606 3488 2723 3540 καθ’
2740 3487 2804 3555 ἦν
2823 3502 3003 3556 φησιν,
3032 3486 3110 3537 ὅτι
3131 3487 3252 3552 περὶ
3274 3484 3370 3554 τὴν

1791 3581 2079 3648 ἑνδεκάτην
2118 3578 2265 3648 ὥραν
2297 3575 2470 3646 εὑρὼν
2511 3573 2849 3642 ἀνθρώπους,
2889 3569 3130 3639 ἐπεμψεν
3169 3573 3246 3632 εἰς
3279 3571 3371 3622 τὸν

1792 3666 2084 3736 ἀμπελῶνα
2115 3663 2454 3733 ἐργάζεσθαι.
2488 3660 2678 3712 Καίτοι
2705 3659 2756 3710 τί
2784 3660 2839 3710 ἐν
2867 3661 2933 3728 τῇ
2963 3657 3220 3728 ἑνδεκάτῃ
3253 3656 3372 3728 ὥρᾳ

1792 3755 2140 3823 εἰργάσαντος
2175 3749 2311 3802 Ἀλλ’
2339 3750 2484 3817 ὅμως
2511 3748 2709 3816 ἤρκεσε
2732 3745 2806 3814 τῷ
2830 3744 2945 3812 Θεῷ
2968 3746 3059 3796 καὶ
3085 3747 3115 3812 ἠ
3148 3743 3372 3813 βραχεῖα

1791 3841 1884 3894 τοῦ
1928 3838 2114 3908 καιροῦ
2155 3831 2294 3906 ῥοπὴ
2335 3835 2468 3904 πρὸς
2511 3834 2570 3886 τὸ
2606 3833 2785 3886 δοῦναι
2828 3832 2917 3885 τὸν
2965 3831 3151 3900 μισθὸν
3191 3833 3372 3896 αὐτοῖς

1793 3924 2213 3997 ἀπηρτισμένον.

1863 4015 1969 4064 Καὶ
1995 4013 2080 4064 ἵνα
2116 4009 2291 4078 μάθῃς
2317 4009 2396 4058 ὅτι
2423 4005 2575 4058 τοῦτο
2601 4003 2814 4074 ἀληθῶς
2843 4007 2870 4058 ὁ
2896 4005 3178 4076 προφήτης
3215 4005 3368 4074 φησι,

1793 4102 1885 4152 καὶ
1914 4100 2010 4150 οὐκ
2038 4097 2344 4165 ἀφαιρεῖται
2368 4093 2465 4162 τὴν
2492 4092 2735 4157 ἐξουσίαν
2764 4093 2928 4161 ἡμᾶς,
2959 4093 3092 4146 ἀλλὰ
3127 4093 3254 4162 περί
3280 4092 3373 4145 τοῦ

1793 4187 1975 4243 τέλους
2012 4182 2118 4234 τῶν
2158 4180 2493 4250 πραγμάτων
2532 4178 2762 4230 ἐνταῦθα
2804 4178 3099 4248 φιλοσοφεῖ,
3144 4178 3373 4230 ἄκουσον

1794 4275 1888 4342 τῆς
1924 4270 2233 4338 ἐπαγωγῆς.
2263 4267 2443 4321 Εἰπὼν
2466 4267 2591 4338 γὰρ,
2625 4269 2745 4319 Οὺκ
2775 4267 2841 4318 ὲν
2865 4266 3147 4330 ἀνθρώπῳ
3172 4267 3207 4330 ἡ
3237 4264 3374 4330 ὁδὸς

1794 4363 1996 4421 αὐτοῦ,
2037 4361 2197 4420 εὐθὺς
2239 4358 2516 4428 ἐπιφέρει,
2565 4355 2896 4406 Παίὸευσον
2939 4353 3123 4420 ἡμᾶς,
3176 4354 3371 4419 Κύριε,

1795 4449 1960 4514 πλὴν
1999 4448 2067 4499 ἐν
2107 4447 2315 4512 κρίσει,
2361 4443 2457 4495 καὶ
2497 4441 2580 4510 μὴ
2629 4441 2696 4493 ἐν
2731 4439 2912 4509 θυμῷ.
2955 4441 3015 4492 Εἰ
3056 4439 3161 4507 γὰρ
3211 4441 3380 4508 μηδὲν

1795 4539 1927 4597 ὅλως
1953 4538 2033 4603 ἐφ’
2058 4538 2192 4605 ἡμῖν
2216 4529 2303 4603 ἦν,
2336 4529 2603 4600 περιττῶς
2632 4527 2801 4596 ἐλεγε,
2831 4527 3169 4583 Παίδευσον
3197 4526 3373 4597 ἡμᾶς,

1796 4625 1962 4690 πλὴν
1993 4625 2060 4677 ἐν
2093 4624 2302 4689 κρίσει.

1866 4713 2004 4764 ε’.Τί
2025 4713 2130 4781 γάρ
2146 4709 2208 4763 ἂν
2229 4709 2553 4777 ἀδικώτερον
2575 4706 2667 4758 τοῦ
2696 4703 3014 4767 κολάζεσθαι
3036 4706 3157 4766 τοὺς
3177 4705 3271 4757 οὐκ
3292 4705 3376 4756 δν-

1796 4819 1890 4862 τας
1914 4799 2130 4868 κυρίους
2155 4797 2262 4848 τῶν
2296 4795 2601 4865 πρακτέων,
2629 4795 2718 4845 καὶ
2739 4791 3000 4862 τιμωρίαν
3031 4792 3249 4860 ὑπέχειν
3281 4793 3374 4843 ἀν-

1797 4888 2064 4958 θρώπους,
2083 4879 2205 4953 ὦνή
2231 4885 2345 4946 ὁδὸς
2369 4883 2461 4935 καὶ
2479 4883 2504 4933 6
2528 4882 2637 4950 βίος
2658 4881 2756 4932 οὐκ
2773 4881 2861 4932 ἐπὶ
2877 4883 2941 4949 τῇ
2965 4879 3140 4931 αὐτῶν
3163 4879 3377 4948 ἐξουσίᾳ

1797 4981 1998 5036 κεῖται;
2023 4976 2180 5026 Ὥστε
2203 4975 2328 5025 ὅταν
2350 4973 2603 5040 φαίνηται
2627 4971 2716 5023 16v
2737 4969 2866 5021 Θεὸν
2888 4967 3216 5035 παρακαλῶν
3240 4969 3375 5038 ὑπὲρ

1796 5065 1886 5117 τοῦ
1927 5065 1999 5133 μὴ
2036 5063 2396 5132 σφοδροτέραν
2427 5059 2675 5127 γενέσθαι
2702 5059 2798 5125 τὴν
2826 5057 3091 5126 τιμωρίαν
3123 5057 3237 5109 κατ’
3277 5058 3374 5110 αὑ-

1796 5152 1922 5215 τῶν,
1955 5152 2102 5202 οὐδὲν
2129 5151 2311 5219 ἕτερον
2340 5151 2370 5218 ἢ
2408 5147 2562 5199 τοῦτο
2589 5146 2860 5214 ἐμφαίνει,
2891 5145 2970 5195 ὅτι
2995 5143 3132 5208 ἄξιοι
3162 5144 3252 5195 τοῦ
3290 5159 3373 5194 κο-

1798 5239 2049 5300 λάζεσθαι
2089 5239 2180 5289 καὶ
2216 5237 2482 5304 τιμωρίαν
2519 5233 2736 5301 ὑπέχειν
2775 5232 2880 5283 εἰσί
2913 5249 2925 5260 ·
2961 5231 3117 5283 τοῦτο
3143 5231 3197 5282 δέ
3226 5230 3376 5282 οὐδὲν

1799 5327 2036 5396 ἕτερονῆ
2066 5327 2124 5377 τὸ
2152 5322 2490 5386 αὐτεξούσιον
2527 5321 2835 5390 συνίστησιν
2855 5317 2903 5370 ἀ.
2935 5321 2997 5371 Εἰ
3032 5319 3139 5390 γὰρ
3169 5319 3240 5387 μὴ
3277 5316 3373 5368 κύ-

1865 5483 1885 5510 τ
1916 5479 2061 5527 Savil.
2090 5479 2139 5524 in
2163 5482 2297 5523 Iexlu
2342 5471 2896 5536 q>_wv7,c&xo~r’1_,jn_marg.
2924 5471 3376 5536 φωνήμάκρῆςηιιιιξη

1800 5553 1914 5589 vera
1945 5542 2089 5586 lectio
2112 5543 2205 5591 est.
2233 5547 2281 5583 et
2306 5531 2515 5582 habetur
2539 5535 2584 5581 in
2614 5531 2698 5580 Ed.
2725 5531 2862 5580 Rom;
2889 5531 2982 5578 τῶν
3007 5535 3047 5577 0
3065 5531 3088 5575 ’.
3115 5531 3281 5576 Morel.
3310 5531 3374 5574 si-

1801 5603 1984 5648 mililor
2008 5602 2135 5661 φωνή
2163 5596 2506 5661 ἀκοῆςηΡδυίΟ
2538 5601 2645 5661 nos!
2666 5607 2794 5661 p_r_1_us
2818 5593 2879 5646 εἰς
2900 5591 3175 5654 ἀφορισμόν,
3205 5603 3376 5636 verum

1802 5666 1865 5717 εἰς
1886 5656 2142 5722 ἀφανίσμὸν
2167 5658 2514 5722 Ιρεεξηόιιηι,θι
2533 5657 2605 5704 sic
2625 5656 2762 5704 LXX.

1826 5710 1884 5760 ‘vd
1919 5710 2068 5769 ἐτη-ἱιῖ
2093 5710 2244 5780 putat"
2271 5719 2534 5780 legendum
2577 5722 2814 5777 συνιστᾷν,
2864 5718 2914 5761 οι
2947 5724 3078 5780 _vcrc_
3100 5710 3276 5780 ηιςῐίιιε
3315 5711 3373 5780 αι]

1808 5787 1987 5833 seriem
2012 5773 2587 5844 quddrarcvidelur;sed
2601 5773 2870 5832 συνίστησιν
2890 5778 3036 5824 ctiam
3059 5773 3171 5820 ferri
3192 5773 3372 5832 potest.
