4148 6306
142 352 237 403 161

143 468 349 524 maun
396 467 501 511 non
553 454 621 509 sit
665 451 719 510 in
766 470 950 511 eorum
980 460 1145 527 posita
1188 459 1486 528 potestate?
1526 460 1705 529 Itaque

142 559 256 598 cum
290 544 457 601 Deum
482 543 689 599 videtur
711 560 884 612 orare,
917 562 984 601 ne
1006 548 1236 607 mviori
1265 561 1417 615 pinna
1444 548 1703 603 mulcten-

143 646 238 701 tur,
262 635 395 689 nihil
424 636 565 690 aliud
590 636 800 702 indicat,
833 652 990 706 quam
1010 638 1192 706 dignos
1221 653 1313 692 eos
1338 653 1455 693 esse
1484 638 1567 707 qui
1591 638 1704 707 ple-

139 733 363 789 ctantur,
396 740 457 779 ac
485 741 697 794 pinnam
724 728 1014 781 sustineant
1044 745 1057 780 :
1091 727 1191 781 hoc
1212 739 1387 781 autem
1408 728 1536 781 nihil
1559 727 1701 783 aliud

136 830 294 881 quam
327 816 621 868 libertatem
646 816 847 869 arbitrii
873 816 1161 869 constituit.
1207 815 1262 871 Si
1307 817 1449 870 enim
1492 831 1578 871 res
1604 831 1699 886 ge-

136 904 313 957 renda:
346 905 559 957 illorum
585 904 718 972 juris
746 912 798 957 et
835 904 1036 957 arbitrii
1078 919 1184 957 non
1226 914 1423 970 essent,
1466 920 1568 958 non
1591 905 1701 972 jam

139 1004 190 1046 ut
218 994 416 1047 mitiori
448 993 704 1062 supplicio
741 993 1076 1047 allicerentur
1119 993 1222 1062 peti
1263 1002 1553 1063 oporteret,
1604 993 1697 1048 sed

139 1098 230 1136 nec
255 1083 364 1135 ullo
390 1083 549 1135 modo
580 1082 750 1149 puniri
783 1100 795 1135 :
826 1083 930 1136 imo
951 1098 1078 1137 vero
1107 1099 1276 1151 neque
1299 1083 1542 1153 precibus
1568 1098 1699 1151 opus

137 1181 315 1225 esset:
347 1187 449 1224 non
486 1172 623 1225 cnim
654 1171 997 1239 deprecatore
1024 1171 1220 1240 indiget
1255 1173 1411 1236 Deus,
1454 1181 1511 1226 ut
1550 1174 1700 1226 inno-

137 1274 310 1318 centes
342 1278 445 1316 non
490 1263 687 1331 puniat.
717 1263 782 1315 Et
809 1263 933 1332 quid
967 1263 1104 1330 dico,
1147 1264 1304 1327 Deus,
1347 1280 1465 1318 cum
1496 1280 1593 1319 nec
1619 1265 1699 1318 ul-

136 1351 209 1405 lus
242 1354 400 1405 homo
430 1352 704 1421 prudens?
730 1352 949 1418 Quando
980 1352 1136 1421 igitur
1176 1368 1272 1421 pro
1310 1353 1507 1408 Iudaeis
1545 1370 1697 1409 orare

138 1443 439 1510 prophetam
467 1443 726 1506 videmus,
758 1442 886 1497 satis
914 1442 1079 1510 liquet
1111 1456 1231 1496 eum
1269 1458 1364 1512 pro
1399 1443 1697 1499 hominibus

134 1548 283 1585 orare
333 1532 421 1599 qui
472 1533 737 1599 peccarint
779 1550 791 1584 :
837 1541 943 1585 tum
976 1546 1098 1586 vero
1127 1533 1359 1585 cernitur
1400 1542 1686 1601 peccatum,

134 1636 245 1673 cum
281 1635 443 1688 penes
472 1634 568 1672 nos
595 1629 674 1672 est
702 1628 752 1672 ut
782 1620 949 1687 legem
991 1635 1093 1672 non
1132 1620 1593 1688 transgrediamur,
1643 1630 1697 1677 et

135 1721 299 1764 tamen
330 1726 446 1764 eam
476 1710 906 1778 transgredimur.
931 1709 1069 1779 Ergo
1096 1710 1322 1779 ttndiqtte
1351 1711 1501 1764 nobis
1523 1713 1691 1766 mani-

134 1805 311 1855 festum
340 1811 442 1862 est,
480 1816 601 1875 cum
627 1801 678 1854 in
714 1810 911 1864 nostra,
947 1810 1052 1852 tum
1084 1800 1133 1853 iu
1169 1801 1255 1854 Dei
1294 1810 1550 1870 potestate
1592 1802 1691 1854 sita

133 1910 241 1947 esse
278 1903 425 1947 recte
457 1892 607 1945 facta.
640 1892 822 1945 Simile
852 1892 977 1945 illud
1006 1900 1087 1945 est
1109 1893 1285 1955 etiam,
1320 1892 1437 1946 Non
1465 1895 1691 1960 volentis,

133 2002 279 2049 neque
317 1985 579 2047 currentis,
622 1984 709 2037 sed
756 1984 1029 2036 miserentis
1058 1995 1130 2036 est
1166 1984 1260 2037 Dei
1301 1984 1474 2054 (Rom.
1503 1985 1691 2055 9.16).

134 2080 189 2130 Et
219 2092 374 2145 quam
405 2077 472 2128 ob
500 2091 712 2129 causam
740 2090 915 2139 curro,
942 2075 1125 2143 inquit,
1178 2076 1259 2128 vel
1288 2092 1439 2142 quam
1468 2076 1536 2129 ob
1565 2092 1692 2129 cau«

134 2183 237 2220 satu
281 2166 423 2229 volo,
480 2165 579 2217 nisi
624 2173 728 2216 tota
762 2178 845 2217 res
875 2164 922 2215 in
952 2180 1069 2217 meo
1097 2166 1159 2216 sit
1188 2164 1405 2216 arbitrio
1432 2165 1574 2218 sita?
1628 2164 1694 2219 Ut

132 2259 372 2310 nimirum
411 2257 533 2309 dum
577 2256 675 2317 vis,
721 2265 774 2309 et
799 2255 921 2307 dum
950 2255 1143 2320 curris,
1176 2254 1407 2307 divinum
1441 2256 1692 2308 auxilium

131 2357 180 2401 et
221 2347 640 2401 benevolentiam
694 2346 783 2398 tibi
832 2347 1110 2409 concilies,
1160 2347 1234 2399 sic
1273 2354 1328 2399 ut
1372 2355 1420 2399 te
1461 2347 1689 2413 adjuvet,

134 2456 189 2493 ac
233 2454 445 2492 manum
479 2439 727 2506 porrigat,
769 2446 927 2505 atque
959 2438 1021 2490 ad
1056 2439 1208 2490 liuent
1240 2454 1400 2506 usque
1425 2440 1690 2505 perducat.

134 2532 180 2584 Si
206 2532 348 2583 enim
380 2531 479 2581 hoc
506 2529 799 2588 sustuleris,
830 2536 882 2579 ct
913 2543 1127 2579 currere
1155 2528 1307 2579 simul
1337 2536 1387 2579 et
1427 2528 1559 2580 velle
1596 2528 1691 2579 de-

134 2620 299 2682 sieris,
332 2631 505 2684 neque
536 2631 742 2667 manum
772 2616 1000 2682 porriget
1033 2615 1186 2676 Deus,
1216 2614 1306 2667 sed
1333 2624 1383 2667 et
1424 2616 1531 2681 ipse
1569 2616 1690 2667 abs-

134 2710 295 2763 cedet.
349 2707 500 2761 Unde
538 2716 711 2760 autem
742 2706 789 2758 id
826 2708 1072 2759 constat?
1105 2706 1238 2758 Audi
1282 2706 1405 2775 quid
1444 2708 1581 2759 dicat
1609 2706 1694 2760 Je-

134 2800 437 2867 rosolymre:
467 2797 668 2860 Quoties
690 2794 821 2847 volui
849 2811 1144 2864 congregare
1167 2795 1296 2861 ﬁlios
1325 2806 1452 2855 tuos,
1474 2806 1517 2847 et
1542 2798 1695 2848 nolui-

134 2888 253 2940 stis?
280 2888 411 2939 Ecce
440 2887 732 2950 relinquitur
761 2886 937 2937 domus
966 2892 1125 2935 vestra
1147 2884 1340 2937 deserta
1369 2884 1574 2952 (Matth.
1602 2886 1692 2940 25.

134 2979 236 3045 57).
271 2976 453 3039 Vides,
488 2978 731 3041 quoniam
764 2976 832 3027 illi
865 2976 1163 3040 noluerunt,
1196 2990 1301 3044 quo
1345 2986 1495 3044 pacto
1540 2978 1694 3030 etiam

137 3070 265 3122 Deus
292 3068 590 3121 abscessit?
635 3068 917 3135 Propterea
964 3069 1112 3120 nobis
1146 3084 1351 3136 quoque
1380 3084 1511 3137 opus
1538 3081 1616 3124 est
1644 3080 1698 3124 ut

134 3159 373 3219 velimus,
418 3168 469 3209 et
497 3172 791 3219 curramus,
839 3171 944 3223 quo
974 3156 1137 3208 Deum
1166 3158 1317 3210 nobis
1342 3160 1497 3210 etiam
1523 3160 1698 3212 conci-

134 3251 340 3301 liemus.
394 3246 503 3300 Hoc
551 3248 705 3314 igitur
744 3255 844 3307 est,
896 3247 1032 3313 quod
1064 3246 1137 3299 ait
1168 3247 1441 3315 prepbeta,
1493 3247 1697 3301 felicem

135 3338 329 3389 exitum
378 3352 556 3389 rerum
607 3337 658 3387 in
710 3344 969 3402 potestate
1019 3345 1195 3388 nostra
1243 3336 1398 3388 situm
1428 3351 1530 3389 non
1560 3351 1697 3402 esse,

135 3441 311 3478 verum
345 3426 411 3476 ab
437 3424 629 3477 auxilio
660 3424 886 3491 pendere
914 3423 1087 3476 divino
1121 3442 1132 3476 :
1169 3434 1222 3477 ut
1246 3434 1417 3478 autem
1450 3426 1701 3493 eligamus

138 3518 186 3568 in
214 3517 370 3569 nobis
395 3526 446 3569 et
472 3516 521 3567 in
554 3516 769 3568 arbitrio
802 3524 982 3568 nostro
1028 3516 1182 3568 situm
1232 3530 1367 3570 esse.
1421 3516 1701 3569 Enimvero

135 3608 175 3658 si
204 3623 383 3660 rerum
416 3622 635 3673 prosper
665 3616 753 3658 aut
782 3608 994 3660 sinister
1024 3608 1191 3660 exitus
1216 3608 1279 3660 ab
1306 3610 1500 3660 auxilio
1526 3609 1702 3661 divino

138 3698 352 3764 pendet,
382 3697 521 3749 dicet
546 3696 761 3764 aliquis,
797 3696 925 3747 nulli
957 3696 1212 3749 obnoxius
1244 3698 1451 3749 crimini
1498 3698 1702 3751 censeri

136 3788 299 3841 debeo
350 3803 363 3839 :
419 3800 538 3839 cum
587 3787 726 3839 enim
785 3786 977 3847 omnia,
1028 3802 1143 3853 quae
1194 3800 1429 3839 mearum
1481 3788 1703 3855 partium

137 3886 274 3939 sunt,
314 3875 690 3943 przestitero,et
716 3874 952 3940 voluero,
976 3884 1029 3927 et
1060 3876 1287 3943 elegero,
1317 3884 1370 3928 et
1399 3892 1509 3929 rem
1539 3878 1704 3943 ipsam

138 3984 418 4040 aggressus
461 3967 632 4033 fuero,
678 3973 723 4020 is
765 3982 893 4021 vero
940 3982 968 4020 a
1016 3968 1165 4035 cujus
1217 3977 1471 4036 potestate
1518 3969 1705 4037 pendet

139 4073 381 4123 eventus,
432 4073 517 4112 me
548 4072 649 4111 non
690 4057 969 4125 adjuverit,
1005 4072 1173 4125 neque
1216 4073 1423 4111 manum
1458 4074 1706 4125 porrexe-

140 4154 221 4214 rit,
253 4149 401 4205 omni
433 4163 548 4201 sum
574 4147 795 4201 crimine
834 4148 1103 4199 liberatus.
1158 4146 1349 4199 Verum
1378 4162 1480 4199 non
1511 4149 1578 4200 ita
1604 4156 1704 4213 est,

140 4243 289 4309 plane
317 4253 425 4291 non
454 4245 535 4290 est
563 4238 631 4289 ita
660 4253 673 4287 :
703 4252 873 4303 neque
892 4237 1032 4289 enim
1067 4235 1177 4289 fieri
1210 4244 1398 4304 potest,
1430 4246 1486 4292 ut
1522 4238 1564 4289 si
1612 4252 1709 4291 nos

140 4330 485 4391 voluerimus,
531 4326 871 4394 elegerimus,
924 4340 986 4379 ac
1031 4326 1387 4389 statuerimus,
1437 4327 1572 4381 Deus
1615 4342 1710 4381 nos

141 4422 498 4489 derelinquat.
542 4418 597 4472 Si
626 4418 765 4472 enim
794 4432 885 4471 eos
910 4418 997 4486 qui
1026 4419 1207 4471 nolunt
1239 4418 1480 4471 hortatur
1504 4426 1558 4471 et
1586 4433 1711 4471 con-

143 4513 263 4564 sulit
298 4514 399 4575 eis,
450 4518 507 4563 ut
554 4509 718 4562 velint
756 4518 808 4561 et
835 4517 1086 4570 statuant,
1113 4508 1279 4560 multo
1315 4508 1477 4576 magis
1506 4522 1598 4561 eos
1624 4508 1711 4576 qui

146 4604 276 4654 ultro
304 4602 522 4670 eligent,
547 4615 649 4654 non
677 4599 1023 4667 derelinquet.
1055 4598 1302 4665 Respicite
1339 4614 1583 4666 namque,
1628 4600 1709 4650 in-

141 4691 270 4757 quit,
302 4691 358 4741 in
382 4690 723 4757 generationes
752 4689 1001 4756 antiquas,
1048 4696 1092 4739 et
1130 4687 1306 4751 videte,
1355 4687 1463 4754 quis
1503 4686 1714 4755 speravit

144 4780 192 4831 in
241 4778 535 4841 Dominum,
591 4786 637 4831 et
680 4777 916 4843 confusus
960 4776 1071 4828 est?
1108 4784 1193 4827 aut
1223 4775 1333 4843 quis
1359 4777 1628 4832 permansit
1662 4776 1715 4827 in

145 4868 397 4920 mandatis
426 4867 552 4932 eius,
585 4876 632 4919 et
663 4867 885 4936 despexit
917 4882 1027 4919 eum
1064 4865 1251 4934 (Eccli.
1280 4866 1331 4919 ‘2.
1369 4867 1451 4919 11.
1481 4866 1608 4933 l2)?
1654 4866 1717 4920 Et

147 4974 326 5014 rursus
366 4958 441 5011 ait
481 4957 693 5022 Paulus,
747 4959 875 5027 Spes
911 4974 1009 5010 non
1035 4957 1296 5025 confundit
1342 4956 1512 5027 (Rom.
1538 4958 1589 5011 5.
1623 4958 1713 5026 5),

147 5068 264 5119 spes
316 5049 566 5103 nimirum
618 5048 668 5100 in
711 5046 898 5101 Deum.
945 5046 1275 5116 lmpossibile
1327 5047 1468 5101 enim
1513 5056 1613 5112 est,
1663 5057 1720 5101 ut

150 5142 303 5195 finem
351 5139 691 5213 propositum
710 5152 819 5191 non
866 5137 1183 5207 adipiscatur
1212 5136 1254 5192 is
1283 5135 1369 5207 qui
1401 5144 1507 5191 tota
1537 5145 1714 5192 mente

956 344 1024 402 IN
1059 345 1281 414 ILLUD,
1322 346 1597 412 DOMINE,
1633 346 1769 405 NON
1804 348 1931 407 EST
1967 349 2035 405 IN
2071 350 2349 419 HOMINE,
2389 351 2538 408 ETC.

3262 360 3372 417 162

1807 460 1860 516 in
1894 460 2061 517 Deum
2085 471 2278 531 Sperat,
2302 472 2356 518 et
2379 478 2497 531 quae
2519 476 2731 515 suarum
2760 471 2879 516 sunt
2907 460 3131 529 partium
3160 468 3371 529 prmstat

1805 551 2001 604 omnia.
2025 551 2091 605 Et
2120 566 2322 618 rursus,
2348 551 2538 606 Fidelis
2562 562 2726 605 autem
2750 551 2907 615 Dens,
2932 552 3016 618 qui
3041 567 3140 603 non
3161 551 3375 618 patietur

1804 653 1890 694 vos
1917 641 2095 694 tentari
2121 658 2274 711 supra
2298 642 2351 694 id
2373 643 2505 709 quod
2526 644 2747 710 potestis,
2776 643 2862 695 sed
2884 642 3027 708 faciet
3054 657 3167 693 cum
3211 649 3373 694 tenta-

1806 733 1937 785 tione
1965 741 2253 802 proventum
2273 775 2287 799 ,
2320 744 2373 786 ut
2402 735 2597 803 possitis
2623 736 2863 786 sustinere
2890 733 2966 801 (l.
2991 731 3107 786 Cor.
3133 732 3217 785 10.
3258 732 3369 799 15).

1805 819 2004 875 Idcirco
2048 822 2294 876 admonet
2320 824 2528 891 sapiens
2557 826 2633 875 vir
2660 823 2871 891 quidam
2898 822 3084 875 dicens
3120 839 3134 875 :
3164 820 3289 885 Fili,
3327 822 3372 873 si

1803 914 2009 966 accedas
2034 914 2101 966 ad
2128 915 2403 967 servitutem
2434 914 2651 976 Domini,
2698 930 2927 981 prtepara
2969 914 3191 965 animam
3234 921 3370 965 tuam

1804 1002 1871 1053 ad
1898 1005 2230 1056 tentationem.
2263 1004 2434 1073 Dirige
2458 1020 2543 1055 cor
2572 1014 2731 1063 tuum,
2760 1012 2803 1054 et
2833 1004 3038 1067 sustine,
3068 1012 3116 1055 et
3140 1018 3200 1055 ne
3226 1001 3372 1069 festi-

1805 1107 1891 1144 nes
1912 1092 1963 1143 in
1992 1100 2207 1161 tempore
2241 1093 2570 1145 obductionis.
2603 1092 2913 1162 Conjttngere
2944 1092 3037 1153 illi,
3081 1102 3125 1144 et
3151 1108 3212 1144 ne
3238 1108 3372 1144 recea

1805 1182 2090 1251 das(Eccli.
2108 1183 2161 1235 2.
2183 1185 2231 1236 l.
2256 1183 2331 1253 2).
2354 1184 2499 1237 Alius
2526 1199 2735 1251 quoque
2758 1198 2933 1236 sermo
2965 1198 3059 1236 nos
3086 1182 3367 1237 admonet:

1806 1268 1903 1333 Qui
1930 1281 2091 1323 autem
2118 1273 2491 1340 perseveraverit
2523 1289 2675 1340 usque
2708 1272 2758 1323 in
2786 1272 2955 1339 ﬁnem,
2991 1271 3069 1323 hic
3089 1272 3255 1324 salvus
3277 1272 3369 1324 erit

1804 1356 2012 1430 (Matth.
2052 1360 2135 1414 l0.
2167 1360 2279 1429 22).

1880 1447 1969 1501 Vir
1992 1451 2131 1503 bonae
2153 1452 2418 1504 voluntatis
2458 1468 2559 1504 non
2586 1452 2828 1504 deseritur
2857 1467 2888 1503 a
2918 1450 3041 1504 Deo.
3088 1450 3222 1505 Deus
3269 1467 3367 1504 non

1800 1540 1898 1591 vim
1921 1538 2067 1604 aﬂ‘ert
2094 1549 2180 1592 aut
2200 1542 2348 1609 cogit.
2376 1570 2445 1579 —
2470 1540 2634 1594 Porro
2664 1540 2776 1593 haec
2802 1541 2974 1593 omnia
3006 1541 3197 1608 regulae
3224 1550 3365 1603 sunt,

1801 1628 1962 1697 leges,
1994 1642 2056 1681 ac
2079 1629 2288 1683 decreta
2318 1632 2693 1693 itnmutabilia;
2744 1638 2797 1683 et
2840 1630 2938 1683 hoc
2978 1631 3029 1682 in
3076 1639 3253 1684 mente
3280 1645 3370 1683 ve-

1800 1726 1907 1772 stra
1951 1720 2020 1771 sit
2068 1719 2225 1773 fixura
2268 1728 2496 1787 oportet,
2550 1720 2660 1772 fieri
2692 1734 2796 1773 non
2830 1734 3002 1787 posse,
3035 1728 3090 1773 ut
3137 1720 3223 1788 qui
3251 1728 3365 1772 stu-

1800 1806 1941 1860 dium
1969 1806 2231 1871 adhibeat,
2261 1817 2312 1859 et
2338 1808 2402 1860 de
2440 1822 2531 1860 sua
2556 1809 2721 1861 salute
2750 1809 2817 1861 sit
2843 1809 3123 1872 sollicitus,
3173 1816 3227 1860 et
3251 1823 3367 1860 om.

1800 1896 1884 1949 nia
1914 1912 2028 1964 quae
2049 1912 2259 1951 suarum
2288 1899 2650 1965 suntpartium
2676 1908 3009 1966 exsequatur,
3041 1899 3083 1950 is
3112 1913 3362 1966 umquam

1798 2000 1827 2037 a
1862 1986 1965 2040 Dco
1993 1988 2281 2040 deseratur.
2310 1988 2423 2040 Non
2453 1988 2603 2040 audis
2635 1987 2756 2055 quid
2786 1988 2939 2040 Petro
2965 1987 3137 2041 dicat?
3160 1987 3361 2054 Simon,

1801 2074 1994 2137 Simon,
2030 2080 2217 2144 quoties
2259 2080 2485 2146 expetivit
2514 2089 2733 2139 satanas,
2759 2089 2811 2129 ut
2840 2080 3075 2131 cribraret
3118 2096 3201 2130 vos
3237 2079 3363 2131 sicut

1799 2166 2011 2217 triticum
2041 2182 2057 2218 :
2084 2182 2170 2235 ego
2197 2177 2359 2218 autem
2388 2168 2524 2218 oravi
2554 2185 2641 2229 pro
2667 2177 2730 2225 te.
2781 2178 2831 2217 ut
2874 2184 2969 2218 non
3002 2167 3201 2229 deﬁciat
3237 2169 3363 2233 ﬁdes

1800 2265 1885 2308 tua
1914 2257 2058 2325 (Luc.
2084 2257 2172 2310 2‘2.
2202 2258 2291 2312 51.
2322 2259 2431 2325 5‘2).
2478 2258 2606 2310 Nam
2655 2276 2773 2311 eum
2807 2261 2999 2312 viribus
3030 2262 3222 2313 nostris
3245 2276 3364 2315 esse

1800 2348 1966 2414 majus
2000 2348 2185 2401 viderit
2230 2364 2382 2413 onus,
2427 2364 2635 2399 manum
2668 2351 2900 2415 porrigit,
2931 2366 2992 2401 ac
3024 2352 3359 2402 tentationem

1798 2437 1966 2489 reddit
2005 2438 2257 2489 leviorem
2306 2455 2318 2489 :
2365 2452 2481 2489 eum
2530 2452 2654 2489 vero
2707 2453 2799 2488 nos
2836 2454 2898 2489 ex
2945 2439 3154 2505 propria
3200 2440 3364 2507 negli-

1796 2526 1967 2594 gentia
2010 2526 2201 2579 viderit
2229 2541 2290 2579 ac
2333 2526 2532 2580 desidia
2580 2527 2842 2593 propriam
2871 2529 3088 2579 salutem
3119 2529 3361 2594 prodere,

1798 2632 1967 2683 neque
1994 2615 2127 2669 velle
2160 2616 2371 2679 salvari,
2403 2626 2523 2669 tunc
2554 2616 2871 2682 derelinquit
2912 2633 2973 2669 ac
3003 2618 3219 2671 deserit.
3266 2618 3367 2671 Ne-

1798 2723 1901 2773 que
1944 2708 2081 2760 cnim
2121 2708 2224 2760 vim
2268 2707 2436 2769 all’ert,
2469 2718 2556 2760 aut
2601 2710 2755 2775 cogit,
2806 2710 3047 2775 quodque
3092 2710 3215 2761 dum
3265 2711 3365 2764 do-

1800 2798 2019 2849 ctrinam
2065 2796 2312 2862 traderet,
2357 2798 2561 2865 agebat,
2604 2798 2653 2849 id
2684 2798 2839 2849 etiam
2871 2798 2952 2849 hic
2985 2799 3057 2849 fit.
3115 2798 3181 2852 Ut
3224 2800 3365 2853 enim

1804 2889 1909 2940 illic
1939 2903 2050 2953 eos,
2092 2888 2180 2956 qui
2208 2888 2389 2941 audire
2422 2888 2686 2949 nolebant,
2724 2888 2812 2939 sed
2861 2887 3219 2950 discedebant,
3262 2905 3369 2942 non

1804 2978 2059 3042 trahebat,
2093 2993 2261 3045 neque
2301 2983 2401 3028 vim
2433 2977 2723 3028 afferebat:
2753 2976 2843 3029 sed
2880 2977 2961 3036 iis,
3010 2978 3095 3042 qui
3134 2977 3373 3031 attende—

1801 3067 1925 3120 baut
1947 3070 2168 3120 obscura
2196 3068 2449 3129 solvebat,
2480 3076 2532 3119 et
2560 3067 2836 3133 :enigmala
2879 3066 3152 3119 manifesta
3184 3066 3370 3119 redde-

1802 3158 1890 3211 bat
1919 3176 1932 3210 :
1964 3159 2030 3211 ita
2061 3159 2306 3211 nimirum
2348 3168 2402 3211 et
2426 3158 2477 3210 in
2512 3158 2664 3210 rebus
2694 3158 2819 3224 ipsis
2856 3175 2867 3208 :
2908 3172 3001 3210 eos
3045 3160 3131 3224 qui
3177 3157 3368 3224 stupidi

1798 3258 1940 3313 sunt,
1970 3257 2023 3302 et
2066 3249 2282 3301 minime
2310 3247 2507 3312 volunt,
2562 3264 2663 3301 non
2696 3249 2853 3315 cogit,
2908 3264 3077 3315 neque
3119 3249 3221 3301 vim
3271 3248 3372 3299 illis

1802 3336 2110 3391 alfert:eos
2140 3349 2336 3401 autem,
2384 3339 2471 3406 qui
2514 3339 2650 3391 ultro
2694 3340 2893 3405 eligunt
2942 3352 3150 3389 summo
3200 3337 3373 3390 studio

1805 3427 1901 3481 sibi
1941 3428 2205 3481 conciliat.
2251 3429 2533 3495 Propterea
2583 3428 2709 3480 dicit
2736 3430 2891 3479 etiam
2921 3428 3105 3479 Petrus
3138 3445 3147 3477 :
3185 3426 3246 3478 In
3288 3444 3371 3479 ve-

1804 3517 1949 3567 ritate
1975 3518 2210 3584 comperi,
2259 3518 2372 3583 quia
2413 3517 2465 3567 in
2499 3517 2631 3565 omni
2672 3526 2829 3583 gente,
2886 3516 2968 3581 qui
3012 3519 3147 3565 timet
3187 3513 3371 3576 Deum,

1806 3614 1851 3657 et
1879 3616 2111 3671 operatur
2134 3607 2403 3676 justitiam,
2434 3615 2662 3672 acceptus
2686 3616 2753 3657 est
2776 3606 2848 3656 illi
2872 3604 3003 3673 (Act.
3032 3605 3113 3658 l0.
3150 3606 3234 3658 54.
3260 3606 3373 3673 55).

1810 3695 1877 3748 Ει
1909 3695 2137 3763 propheta
2158 3696 2252 3749 hoc
2276 3694 2437 3763 ipsum
2456 3695 2689 3746 admonet
2709 3692 2789 3747 his
2810 3692 3067 3746 verbis:ySi
3098 3694 3373 3755 volueritis,

1808 3798 1853 3839 et
1878 3786 2132 3838 audieritis
2159 3800 2254 3850 me,
2285 3784 2413 3836 bona
2442 3791 2585 3835 terra:
2609 3782 2915 3835 comedetis:
2939 3778 2987 3831 si
3012 3795 3179 3835 autent
3207 3784 3374 3835 nolue-

1808 3879 1938 3940 ritis,
1969 3891 2123 3943 neque
2150 3874 2472 3927 exaudieritis
2498 3890 2593 3936 me,
2622 3874 2817 3941 gladius
2840 3873 3091 3925 devorabit
3118 3890 3202 3926 vos
3228 3872 3377 3941 (lsai.

1812 3969 1862 4021 1.
1894 3967 1977 4020 19.
2002 3966 2114 4031 20).
2144 3964 2269 4030 Quae
2299 3979 2415 4017 cum
2444 3965 2512 4015 ita
2540 3975 2663 4016 nota
2691 3973 2742 4015 et
2772 3964 3041 4029 explorata
3069 3964 3174 4017 sint
3205 3963 3378 4026 nobis,

1809 4068 1967 4125 atque
2000 4056 2050 4108 in
2084 4063 2259 4107 nostra
2292 4062 2553 4122 potestate
2599 4055 2753 4106 situm
2782 4068 2901 4106 esse
2952 4064 3007 4106 ut
3050 4053 3294 4116 velimus,
3329 4060 3383 4105 et

1810 4160 2120 4208 curramus,
2175 4159 2408 4211 nosque,
2475 4142 2597 4195 dum
2662 4143 2904 4195 volumus
2964 4143 3378 4209 currimusque,

1815 4236 1979 4289 Deum
2029 4233 2180 4286 nobis
2218 4233 2589 4285 conciliaturas
2649 4232 2713 4283 ad
2782 4232 2894 4299 ejus
2949 4232 3201 4283 auxilium
3244 4231 3383 4284 obti-

1819 4324 2091 4386 nendum;
2158 4337 2221 4374 eo
2274 4336 2428 4388 porro
2474 4322 2623 4372 nobis
2665 4320 2977 4384 conciliato,
3050 4336 3147 4372 nos
3206 4336 3381 4373 rerum

1814 4414 2011 4467 exitum
2086 4420 2494 4479 assequuturos;
2542 4410 2830 4465 excitemus
2869 4425 2985 4471 nos,
3033 4408 3381 4474 dilectissimi,

1816 4514 1971 4571 atque
2032 4500 2098 4553 ad
2157 4502 2381 4553 salutem
2431 4499 2621 4552 anima:
2692 4510 2885 4552 nostra:
2934 4514 3092 4551 omne
3152 4499 3384 4552 studium

1816 4596 2170 4657 conferamus,
2217 4601 2275 4645 ut
2316 4607 2437 4645 cum
2486 4590 2748 4643 modicum
2780 4590 2831 4642 in
2879 4592 2975 4643 hac
3004 4592 3107 4642 vita
3152 4589 3387 4643 laborem

1818 4685 2287 4748 exantlaverimus,
2344 4684 2399 4737 in
2444 4691 2643 4736 :eterno
2689 4690 2744 4735 et
2794 4682 3075 4734 immortali
3130 4696 3242 4735 mvo
3298 4682 3386 4736 illo

1818 4776 1971 4830 bonis
2021 4774 2406 4828 immortalibus
2445 4772 2778 4842 perfruamur
2810 4788 2823 4823 :
2857 4787 2972 4839 qua:
3026 4770 3180 4824 nobis
3220 4771 3390 4822 omni-

1820 4869 1916 4923 bus
1942 4876 1998 4921 ut
2018 4866 2340 4934 contingant,
2388 4865 2518 4916 faxit
2548 4864 2712 4932 gratia
2759 4870 2811 4917 et
2839 4862 3134 4930 benignitas
3184 4862 3389 4914 Domini

1822 4959 1984 5013 nostri
2033 4957 2155 5012 Jesu
2186 4953 2403 5021 Christi,
2447 4971 2566 5010 cum
2591 4970 2695 5025 quo
2728 4955 2866 5007 Patri
2894 4952 3081 5022 gloria,
3124 4955 3398 5023 simulque

1829 5054 2013 5100 sancto
2055 5044 2295 5114 Spiritui,
2326 5061 2463 5101 nunc
2502 5054 2555 5100 et
2593 5059 2820 5113 semper,
2846 5053 2898 5097 et
2926 5042 2979 5096 iu
3019 5049 3388 5103 sccculasazcu-

1826 5137 2017 5191 lorum.
2052 5138 2239 5191 Amen.
