4148 6306
747 338 858 392 163
1472 325 1524 380 S.
1555 319 1831 381 JOANNIS
1860 315 2332 372 CHRYSOSTOMI
2361 317 2672 373 ARCUIEP.
2705 317 3237 374 CONSTANTINOP.

3863 339 3973 392 164

749 605 2012 630 πη--ῌυ--.ῌ-υο

886 621 1578 630 ι--α-υα-υ--ω--ηα
1591 620 2012 629 -_.._—-..—_._——

886 621 1578 630 -———-—~.——————.——_—.—
1591 618 2094 629 __.._—-.—_____——

1257 1005 1329 1064 IN
1388 1004 1590 1064 DUAS
1640 997 2029 1060 HOMILIAS
2086 998 2193 1056 DE
2240 994 2861 1055 PROPHETIARUM
2913 995 3461 1056 OBSCURITATE

821 1292 1121 1346 Admodum
1151 1291 1369 1346 difficile
1395 1301 1478 1344 est
1508 1301 1720 1359 tempus
1747 1289 2001 1352 indicare,
2023 1302 2131 1357 quo
2161 1287 2245 1341 hae
2263 1287 2384 1341 dua:
2404 1285 2636 1341 homiliaz
2661 1286 2859 1341 habita:
2893 1286 3062 1340 fuere.
3094 1285 3312 1341 Certum
3349 1284 3564 1355 quidem
3606 1293 3688 1339 est
3717 1283 3962 1354 priorem

756 1429 957 1499 aliquot
991 1429 1185 1484 diebus
1233 1430 1456 1485 alteram
1490 1429 1848 1500 praecessisse,
1875 1429 2231 1498 posteriorem
2273 1442 2401 1482 vero
2430 1428 2517 1482 die
2554 1426 2827 1482 Dominica
2859 1427 3057 1482 dictam
3089 1426 3273 1481 fuisse.
3307 1425 3360 1480 ld
3389 1425 3530 1479 enim
3560 1432 3774 1479 constat
3800 1438 3867 1477 ex
3898 1420 3970 1475 iis

747 1575 867 1630 qua:
895 1561 1154 1616 dicuntur
1187 1562 1241 1615 in
1266 1561 1496 1616 Humilia
1517 1561 1602 1616 cui
1631 1561 1839 1626 titulus,
1875 1559 2146 1614 Daemones
2174 1576 2274 1614 non
2297 1561 2584 1630 gubernare
2629 1560 2900 1614 mundum.
2929 1558 3007 1612 lbi
3045 1559 3213 1624 enim,
3254 1558 3407 1613 Tom.
3446 1558 3506 1621 II,
3541 1575 3592 1627 p.
3629 1559 3753 1622 247,
3789 1558 3848 1623 Β,
3881 1557 3971 1612 sic

748 1700 858 1754 ait:
893 1699 1059 1769 Atque
1093 1700 1186 1752 hoc
1228 1701 1434 1769 quidem
1467 1701 1530 1754 ab
1567 1701 1707 1754 omni
1742 1711 1970 1769 tempore
1998 1705 2117 1768 jam
2156 1700 2402 1764 innotuit,
2447 1699 2735 1768 prwsertim
2771 1716 2804 1752 a
2857 1699 3128 1752 Dominica
3167 1697 3449 1760 superiore.
3485 1694 3787 1762 Numquam
3825 1695 3974 1749 enim

749 1837 925 1891 divina
949 1837 1086 1890 vobis
1115 1836 1320 1905 etoquia
1352 1838 1621 1907 fastidium
1652 1853 1834 1905 parere
1862 1837 1968 1890 dies
1991 1836 2078 1890 ille
2114 1838 2402 1904 praesertim
2424 1836 2690 1890 indicavit.
2716 1835 2920 1889 Ibidem
2943 1842 3145 1900 autem,
3175 1834 3228 1888 in
3261 1831 3538 1889 concionis
3570 1830 3775 1885 scilicet
3810 1827 3974 1897 prin-

751 1970 914 2041 cipio,
950 1971 1038 2025 illa
1065 1972 1246 2026 omnia
1267 1973 1457 2028 ordine
1482 1975 1677 2043 repetit
1701 1989 1820 2043 quae
1850 1973 1904 2027 in
1936 1973 2098 2041 hujus
2121 1971 2399 2027 concionis
2422 1971 2527 2024 fine
2555 1969 2785 2033 dixerat,
2817 1967 2962 2036 quod
2991 1967 3045 2021 in
3075 1981 3224 2022 more
3250 1981 3370 2020 esse
3397 1964 3781 2034 Chrysostomo
3802 1973 3976 2012 nemo

751 2106 960 2170 nescit;
992 2104 1246 2160 nimirum
1278 2107 1388 2178 agit
1411 2108 1477 2162 de
1509 2109 1708 2163 sanctis
1731 2108 1998 2178 justisque
2025 2108 2173 2173 viris,
2219 2107 2309 2176 qui
2354 2121 2448 2161 sua
2477 2107 2715 2176 ipsorum
2755 2114 2996 2176 peccata,
3021 2120 3127 2159 non
3166 2111 3346 2158 autem
3385 2102 3579 2168 aliena,
3610 2115 3732 2157 cum
3763 2098 3977 2153 doloris

754 2237 1141 2308 significatione
1191 2241 1707 2302 commemorabam,
1771 2240 1944 2295 allatis
1988 2240 2153 2295 etiam
2208 2239 2498 2310 Scriptura:
2555 2241 2684 2295 locis
2723 2241 2861 2294 bene
2905 2239 3088 2294 multis
3134 2249 3294 2307 atque
3331 2236 3588 2305 exemplis
3625 2245 3968 2295 sanctorum,

753 2368 941 2422 eadem
968 2367 1108 2422 serie
1137 2377 1194 2423 et
1215 2370 1634 2424 accuratissime.
1658 2369 1789 2423 Nam
1819 2369 1962 2438 quod
1989 2369 2288 2439 exemplum
2328 2369 2619 2423 desiderari
2649 2369 2702 2422 in
2751 2369 2852 2422 hac
2882 2369 3118 2423 secunda
3157 2369 3418 2424 concione
3450 2367 3776 2436 querebatur
3800 2365 3980 2420 Tille-

755 2507 1014 2569 montius.
1065 2508 1148 2562 vir
1193 2508 1483 2579 diligentiae
1529 2519 1582 2563 et
1611 2508 1971 2563 accurationis
2010 2508 2466 2578 singularissimaa,
2503 2524 2700 2577 nempe
2746 2507 2875 2562 illud
2904 2507 3068 2573 Petri,
3112 2507 3216 2561 Exi
3258 2523 3291 2560 a
3327 2524 3425 2570 me,
3454 2507 3577 2577 quia
3609 2507 3689 2559 vir
3727 2516 3982 2572 peccator

755 2658 890 2705 sum,
920 2642 1028 2711 jam
1056 2657 1120 2694 ex
1149 2640 1346 2696 Codice
1374 2640 1682 2696 Colbertino
1705 2642 2006 2696 restitutum
2043 2642 2228 2696 habes.
2264 2642 2443 2712 Itaque
2466 2651 2674 2697 certum
2707 2642 3150 2712 exploratumque
3187 2649 3269 2696 est
3303 2641 3574 2696 homiliam
3608 2642 3746 2696 hanc
3770 2657 3978 2697 secun-

756 2770 878 2826 dam
913 2771 979 2826 de
1004 2771 1414 2841 Prophetiarum
1451 2772 1778 2826 obscuritate
1797 2773 1991 2826 dictam
2017 2772 2182 2827 fuisse
2228 2773 2500 2828 Dominica
2534 2774 2870 2844 praecedente
2893 2774 3206 2828 concionem
3231 2773 3374 2826 illam
3401 2788 3558 2842 Supra
3593 2782 3976 2827 memoratam.

757 2906 976 2962 Certum
1015 2907 1234 2976 perinde
1273 2908 1488 2962 videtur
1537 2909 1698 2963 hasce
1719 2909 1852 2962 duas
1874 2908 2161 2962 conciones
2190 2906 2486 2961 Antiochiae
2515 2908 2722 2962 habitas
2746 2906 2940 2973 fuisse;
2973 2908 3099 2977 quia
3136 2922 3331 2977 nempe
3357 2905 3769 2977 Chrysostomus
3797 2907 3875 2962 sic
3911 2908 3984 2961 de

757 3041 1014 3112 episcopo
1045 3040 1281 3110 loquitur
1311 3040 1365 3093 in
1390 3041 1608 3095 liomilia
1639 3043 1895 3106 secunda,
1927 3057 2075 3095 num.
2105 3043 2156 3106 5,
2198 3050 2255 3096 ut
2283 3057 2392 3097 non
2426 3057 2502 3107 se,
2549 3043 2640 3098 sed
2664 3043 2826 3096 alium
2850 3043 3163 3114 episcopum
3200 3057 3318 3098 esse
3353 3043 3679 3101 subindicet.
3706 3047 3779 3102 De
3827 3064 3987 3106 anno

759 3181 939 3226 autem
972 3173 1106 3226 nihil
1135 3175 1474 3242 exploratum
1513 3175 1757 3229 habetur.
1787 3175 1917 3229 Vide
1937 3174 2106 3230 Tomo
2128 3176 2190 3242 il,
2223 3193 2276 3247 p.
2303 3177 2428 3231 245.

832 3306 949 3362 Erit
981 3309 1118 3365 forte
1140 3310 1409 3382 quispiam
1437 3312 1525 3380 qui
1554 3326 1754 3366 annum
1792 3326 1850 3366 se
1880 3311 2007 3365 hinc
2037 3311 2298 3380 expiscari
2341 3328 2499 3382 posse
2531 3322 2697 3383 putet,
2721 3313 2864 3382 quod
2913 3316 2968 3368 in
3000 3314 3237 3370 Humilia
3266 3316 3437 3386 prima
3467 3315 3535 3373 de
3562 3315 3984 3388 Propbctiarum

742 4253 1036 4298 UTIIJTIR
1067 4253 1146 4295 ET
1173 4251 1599 4294 PERCOMMODE
1633 4249 1906 4303 FACTUM,
1953 4249 2034 4290 UT
2077 4250 2445 4292 PROPHETIE
2487 4251 2566 4291 DE
2596 4252 2863 4294 CllRlSTO
2901 4255 2978 4296 ET
3021 4255 3324 4298 GENTIBUS
3369 4258 3576 4310 DEQUE
3632 4266 3990 4313 JUD£0RUM

1491 4347 1961 4391 REPROBATIONE
2004 4346 2294 4388 osseum
2338 4347 2581 4402 ESSENT,
2632 4349 3113 4395 DEMONSTRATIO
3159 4336 3265 4415 (α).

2007 4492 2446 4547 —-—m

2454 4518 2748 4534 *ιι-ἠ

818 4643 866 4693 l.
901 4640 1174 4693 Sententia
1194 4637 1347 4692 Isaia:
1371 4653 1482 4690 cum
1506 4637 1766 4690 altitudine
1789 4636 1939 4690 maris
1967 4641 2303 4707 conferuntur.

752 4731 1084 4800 lt'xperieutiw
1103 4738 1148 4782 et
1170 4729 1532 4782 exercitationis
1554 4728 1832 4780 commoda.
1856 4757 1926 4766 —
1946 4727 2306 4796 Propheticam

741 4826 894 4880 vobis
922 4823 1080 4877 hodie
1104 4823 1225 4876 volo
1255 4835 1489 4874 mensam
1522 4820 1801 4884 instruere,
1831 4827 1988 4888 atque
2016 4821 2067 4873 in
2099 4821 2310 4888 pelagus

743 4915 1018 4983 sapientia:
1065 4911 1214 4967 Isaia:
1255 4910 1480 4964 meditor
1520 4910 1809 4963 orationem
1858 4910 2159 4964 immittere.
2209 4911 2311 4964 Sed

747 5003 873 5071 quid
896 5002 1081 5057 faciam
1102 5003 1124 5055 ?
1152 5001 1341 5055 Dubito
1363 5015 1424 5053 ac
1444 5009 1639 5064 metuo,
1666 5014 1731 5053 ne
1751 5015 1868 5053 cum
1892 5013 1922 5052 e
1943 5009 2094 5067 portu
2114 5005 2310 5069 egressi

747 5093 1026 5154 fuerimus,
1058 5101 1216 5160 atque
1242 5091 1307 5143 ad
1345 5088 1655 5157 profundum
1683 5090 2055 5142 sententiarum
2083 5093 2312 5158 prophe-

750 5193 817 5236 tse
846 5184 1272 5252 pervenerimus,
1305 5181 1443 5250 quod
1475 5183 1643 5234 nautis
1672 5180 1955 5248 contingit,
1986 5181 2073 5248 qui
2101 5182 2313 5249 nat-iga-

749 5274 879 5326 tioni
908 5277 1103 5326 assueti
1146 5287 1250 5323 non
1276 5281 1434 5335 sunt,
1474 5272 1726 5339 vertigine
1763 5271 2080 5326 laboremus.
2107 5272 2234 5325 Nam
2264 5283 2317 5326 ct

753 5365 826 5420 illi
854 5380 972 5416 cum
1001 5364 1176 5417 relicta
1213 5372 1347 5415 terra
1387 5377 1451 5416 ex
1492 5373 1709 5430 utraque
1741 5371 1887 5430 parte
1916 5363 2062 5416 navis
2103 5363 2315 5431 pelagus

755 5457 1001 5519 viderint,
1037 5470 1131 5508 nec
1159 5453 1296 5507 aliud
1324 5453 1604 5521 quidquam
1637 5464 1827 5519 pratter
1855 5468 1998 5506 mare
2023 5469 2082 5507 ac
2108 5456 2313 5516 caelum,

755 5548 1088 5601 tenebriCnsa
1117 5545 1368 5614 vertigine
1397 5546 1750 5612 corripiuntur
1775 5587 1787 5609 ,
1819 5553 1871 5598 et
1911 5561 2008 5598 una
2039 5561 2155 5599 cum
2186 5547 2314 5599 mari

751 5754 770 5806 1
809 5691 882 5801 (5(6)
915 5687 1096 5738 Collata
1125 5693 1236 5730 cum
1267 5679 1436 5730 Codice
1456 5679 1604 5740 [legio
1636 5677 1787 5738 2545,
1829 5687 1880 5729 et
1909 5692 2015 5728 cum
2041 5678 2313 5730 Colbertino

780 5756 808 5804 0
877 5787 888 5800 .

780 5756 888 5804 050.

2417 4638 2682 4707 navigium
2717 4641 2766 4692 in
2807 4639 2986 4694 orbem
3018 4639 3320 4695 existimant
3359 4640 3705 4696 circumferri.
3757 4642 3869 4696 Non
3906 4653 3990 4696 ta-

2417 4744 2536 4782 men
2567 4745 2631 4782 ex
2665 4739 2848 4782 natura
2895 4732 3086 4795 maris,
3132 4731 3222 4784 sed
3267 4732 3403 4800 quod
3450 4733 3705 4798 inexperti
3749 4734 3852 4786 sint
3898 4735 3989 4801 qui

2418 4822 2684 4888 navigant,
2709 4819 3016 4872 oboriuntur
3043 4821 3323 4888 vertigines
3353 4837 3362 4870 :
3397 4822 3570 4873 caueri
3599 4822 3812 4889 quidem
3837 4833 3992 4877 certe

2419 4922 2590 4964 nauue
2615 4910 2766 4964 nudis
2790 4911 3096 4976 corporibus
3121 4919 3173 4964 et
3195 4912 3244 4962 in
3273 4911 3457 4965 mediis
3482 4911 3724 4965 fluctibus
3751 4913 3800 4965 in
3824 4924 3993 4981 caput

2422 5019 2481 5059 se
2505 5004 2775 5071 dejiciunt,
2805 5019 2975 5072 neque
3003 5003 3107 5057 tale
3131 5004 3410 5072 quidquam
3435 5005 3719 5071 patiuntur,
3749 5005 3839 5059 sed
3862 5020 3991 5059 cum

2421 5097 2484 5148 ad
2514 5095 2680 5162 ipsum
2710 5094 3020 5161 profundum
3051 5095 3447 5159 descenderint,
3481 5097 3674 5161 tutius,
3708 5110 3862 5165 quam
3899 5098 3992 5165 qui

2423 5186 2472 5238 in
2498 5185 2794 5251 pavimento
2816 5184 3028 5252 degunt,
3055 5186 3160 5237 illic
3181 5194 3471 5247 versantur,
3498 5195 3549 5238 et
3579 5185 3701 5238 licet
3721 5201 3831 5250 ore,
3859 5203 3994 5239 ocu-

2424 5277 2518 5340 lis,
2546 5289 2608 5328 ac
2649 5284 2756 5326 toto
2783 5289 3003 5340 corpore
3033 5275 3349 5343 salsuginem
3387 5275 3675 5340 excipiant.
3710 5290 3815 5327 nun
3843 5290 3996 5343 aegre

2425 5366 2617 5420 ferunt.
2645 5367 2868 5419 Tantum
2899 5365 3092 5418 bonum
3115 5375 3194 5419 est
3218 5366 3540 5426 exercitatio,
3567 5374 3763 5417 tantum
3790 5367 3992 5419 malum

2424 5468 2502 5512 est
2534 5458 2789 5526 imperitia
2822 5474 2832 5509 :
2863 5458 2938 5510 sic
2980 5458 3074 5509 ista
3105 5456 3381 5524 persuadet
3402 5497 3414 5518 ,
3448 5464 3502 5506 ut
3542 5455 3700 5508 etiam
3731 5469 3843 5522 qum
3877 5455 3993 5507 fur-

2424 5549 2687 5602 midabilia
2711 5558 2830 5601 sunt
2851 5559 3266 5609 contemnamus,
3293 5548 3374 5598 illa
3401 5562 3525 5600 vero
3547 5547 3724 5608 efﬁcit,
3753 5556 3809 5600 ut
3829 5549 3992 5601 etiam

2425 5650 2529 5691 tuta
2561 5650 2799 5708 suspecta
2837 5641 2940 5694 sint
2971 5641 3120 5693 nobis
3142 5681 3154 5696 .
3184 5655 3247 5693 ac
3273 5638 3656 5692 reformidanda
3689 5637 3996 5690 vidcantur.

2426 5729 2555 5786 Nam
2586 5731 2635 5785 lii
2663 5732 2868 5802 quidem
2903 5733 2950 5785 iu
2994 5731 3307 5787 sublimibus
3336 5729 3578 5786 sedentes
3606 5730 3760 5784 navis
3783 5730 3988 5785 tabula-
