4148 6306
190 304 322 359 163
1194 301 1278 359 DE
1316 302 1849 361 PROPIIETIARUM
1888 303 2379 362 OBSCURITATE.
2424 308 2462 364 Ι.

1632 983 1689 1043 Μ
1700 982 2025 1045 ΟΝΙἸἭΜ.

192 1282 571 1347 obscuritate,
598 1298 825 1335 numero
856 1284 910 1347 5,
942 1280 1084 1335 dicat
1112 1297 1170 1335 se
1193 1294 1497 1335 sermonem
1530 1280 1596 1334 de
1622 1279 1980 1335 Melchisedec
2009 1279 2062 1333 in
2100 1276 2351 1349 alterum
2377 1278 2519 1365 diem
2553 1282 2798 1351 rejicere.
2830 1280 2904 1334 De
2933 1280 3286 1335 Melcliisedec
3312 1295 3442 1333 vero

192 1282 571 1347 obscuritate,
598 1298 825 1335 numero
856 1284 910 1347 5,
942 1280 1084 1335 dicat
1112 1297 1170 1335 se
1193 1294 1497 1335 sermonem
1530 1280 1596 1334 de
1622 1279 1980 1335 Melchisedec
2009 1279 2062 1333 in
2084 1280 2351 1365 [paiterunx
2468 1296 2519 1333 m
2553 1282 2798 1351 rejicere.
2830 1280 2904 1334 De
2933 1280 3286 1335 Melcliisedec
3312 1295 3424 1333 verr

191 1421 456 1488 pluribus
478 1422 585 1491 egit
617 1420 1034 1491 Cbrysostomus
1072 1419 1126 1471 in
1156 1417 1380 1472 llomilia
1409 1419 1636 1487 septima
1666 1425 1851 1470 contra
1887 1370 2123 1499 Judﬁgs,
2148 1416 2314 1471 Tomo
2348 1278 2584 1529 [ﬁnde
2610 1416 2759 1484 sequi
2785 1416 3057 1469 videretur
3083 1416 3223 1468 hanc
3256 1415 3424 1470 homi-

2038 1508 2041 1535 κ
2418 1508 2445 1537 ,κ

193 1553 355 1615 liam,
379 1553 667 1621 septimam
700 1562 885 1608 contra
911 1551 1124 1605 Judmos
1166 1551 1529 1619 prmcessisse,
1554 1559 1713 1619 atque
1752 1548 1807 1603 in
1838 1538 2171 1605 annum“587
2206 1540 2622 1627 consignandam
2675 1565 2816 1607 esse.
2852 1549 3051 1604 Verum
3080 1560 3437 1621 prmterquam

192 1692 352 1759 quod
383 1690 583 1760 sapius
610 1690 676 1743 de
707 1686 1063 1742 Melcliisedec
1091 1701 1397 1741 sermonem
1430 1685 1619 1740 habuit
1646 1686 2084 1756 Chrysostomus,
2116 1686 2233 1741 haec
2255 1701 2376 1756 qua;
2402 1686 2457 1739 in
2485 1686 2628 1740 aliud
2671 1696 2881 1754 tempus
2911 1701 2969 1740 se
3004 1688 3279 1745 remittere
3312 1688 3445 1742 dicit

193 1826 651 1894 Chrysostomus,
697 1822 1061 1893 genealogiam
1117 1822 1259 1876 illius
1295 1822 1411 1877 sine
1462 1832 1613 1892 patre
1655 1832 1709 1878 et
1731 1823 1845 1877 sine
1877 1834 2049 1877 matre
2079 1824 2416 1892 spectabant,
2445 1832 2504 1876 ut
2536 1840 2600 1876 ex
2634 1823 2773 1878 serie
2800 1825 3041 1894 arguitur
3072 1844 3085 1879 :
3124 1826 3178 1880 in
3204 1826 3441 1882 Homilia

193 1966 390 2010 autem
420 1955 510 2009 illa
537 1955 768 2026 septima
794 1964 983 2009 contra
1010 1954 1245 2017 Iudaeos,
1279 1956 1329 2009 id
1354 1970 1521 2009 unum
1558 1956 1749 2024 probat
1776 1956 1832 2010 S.
1862 1957 2070 2021 doctor,
2103 1956 2465 2010 sacerdotium
2502 1956 2629 2010 illud
2671 1957 3028 2016 Melchisedec
3076 1966 3430 2020 excellentius

197 2100 378 2153 fuisse
407 2098 711 2152 sacerdotio
738 2098 1068 2152 Judaeorum.
1109 2095 1470 2161 Quamobrem
1502 2097 1638 2150 nihil
1667 2097 1791 2152 hinc
1816 2097 1998 2151 indicii
2027 2096 2290 2167 expiscari
2341 2112 2647 2166 possumus,
2683 2113 2789 2166 quo
2829 2099 2895 2152 de
2930 2115 3074 2155 anno
3100 2102 3298 2172 aliquid
3326 2116 3428 2160 sta-

199 2246 449 2292 tuamus.

276 2373 393 2427 Has
425 2371 560 2426 duas
590 2370 881 2425 conciones
908 2370 1052 2423 inter
1083 2369 1449 2425 nobilissimas
1469 2384 1957 2423 commemoramus
1994 2388 2007 2424 :
2035 2370 2121 2424 hic
2151 2371 2317 2423 multa
2361 2370 2427 2423 ad
2449 2386 2659 2423 morum
2708 2371 3101 2425 institutionem
3134 2375 3386 2441 praeclara
3422 2392 3433 2427 :

197 2511 294 2568 hic
321 2513 539 2566 modum
567 2512 894 2582 precationis
922 2512 977 2565 in
1002 2520 1145 2568 ccetu
1174 2512 1415 2565 ecclesia:
1442 2526 1538 2579 pro
1565 2510 1817 2579 episcopo
1846 2511 2015 2563 emitti
2042 2511 2213 2563 solitae
2246 2510 2597 2578 perspicimus
2633 2510 2687 2561 in
2717 2510 2976 2564 concione
3008 2511 3066 2573 2,
3091 2526 3241 2565 num.
3283 2512 3335 2566 5.
3372 2512 3428 2566 ιιι

197 2659 475 2713 concione
504 2658 557 2721 l,
593 2672 745 2709 num.
787 2657 839 2721 5,
869 2656 1063 2710 Persas
1091 2656 1372 2710 obsedisse
1404 2654 1788 2727 Jerosolymam
1824 2655 1974 2719 dicit,
2006 2657 2072 2709 de
2106 2654 2385 2709 obsidione
2437 2653 2665 2722 loquens
2720 2669 2879 2721 quam
2913 2653 3161 2708 Ieremia:
3194 2666 3438 2725 tempore

199 2794 554 2865 Babylonios,
594 2809 703 2848 non
732 2793 945 2859 Persas,
977 2794 1224 2863 posuisse
1253 2802 1461 2847 certum
1493 2803 1595 2849 est.
1643 2794 1711 2847 Et
1735 2802 1913 2848 tamen
1958 2794 2100 2847 inter
2126 2795 2404 2849 dubitandi
2436 2810 2625 2849 causas
2658 2810 2686 2848 a
2728 2795 2858 2849 viris
2889 2794 3062 2849 doctis
3091 2796 3279 2851 allatas
3310 2795 3436 2867 περὶ

200 2926 568 2995 τνησιότητος
614 2925 937 2980 Sermonum
966 2925 1035 2980 de
1060 2926 1392 2995 precatione,
1441 2926 1612 2980 Tomo
1645 2926 1707 2991 ll,
1743 2942 1797 2995 p.
1852 2928 1977 2994 778,
2009 2929 2123 2983 haec
2147 2928 2370 2982 aﬂ‘ertur
2398 2928 2540 2997 quod
2585 2935 2773 2981 auctor
2818 2928 3080 2982 horumce
3127 2943 3439 2983 sermonum

203 3061 682 3117 Sennaclieribum
709 3060 913 3116 vocarit
941 3076 1121 3133 regem
1154 3061 1470 3125 Persarum;
1506 3061 1583 3114 illi
1612 3076 1737 3113 vero
1767 3061 1935 3129 probe
1977 3068 2205 3129 possunt
2247 3074 2312 3112 ex
2348 3060 2452 3112 hoc
2492 3059 2612 3111 loco
2643 3057 2932 3122 confutari,
2961 3072 3176 3113 necnon
3222 3074 3287 3113 ex
3317 3060 3441 3113 aliis

198 3197 352 3252 bene
372 3197 552 3251 multis
577 3197 665 3250 ubi
698 3196 1015 3265 Babylonios
1041 3206 1096 3249 et
1116 3197 1360 3266 Assyrios
1384 3196 1799 3267 Chrysostomus
1821 3196 2009 3250 Persas
2034 3204 2208 3250 vocat.

283 3329 479 3385 [larum
503 3329 823 3385 concionum
852 3329 1224 3399 interpretatio
1245 3329 1433 3385 Latina
1456 3339 1537 3385 est
1561 3328 1849 3385 Frontonis
1871 3330 2071 3394 Ducaai,
2104 3346 2262 3399 quam
2286 3332 2489 3400 aliquot
2520 3330 2571 3384 in
2597 3330 2727 3385 locis
2759 3329 3157 3402 castigavimus.

226 4080 545 4148 Ἀπόδειξις
593 4083 694 4137 τοῦ
736 4087 1040 4155 χρησίμως
1069 4089 1175 4154 τὰς
1205 4088 1334 4156 περὶ
1369 4090 1621 4157 Χριστοῦ
1658 4089 1756 4141 καὶ
1826 4090 2014 4143 ἐθνῶν
2044 4091 2137 4144 καὶ
2184 4092 2291 4161 τῆς
2310 4091 2657 4156 ἐκπτώσεως
2723 4091 3015 4145 Ἰουδαίων
3060 4088 3423 4157 προφητείας

1629 4175 1880 4243 ἀσαφεῖς
1902 4174 2074 4230 εἶναι.

276 4560 344 4607 α’.
371 4555 719 4627 Προφητικὴν
744 4558 979 4628 σήμερον
1005 4560 1131 4628 ὑμῖν
1164 4560 1482 4631 παραθεῖναι
1506 4565 1763 4636 βούλομαι

200 4637 482 4704 τράπεζαν
518 4640 612 4689 καὶ
644 4639 779 4707 πρὸς
807 4639 869 4691 τὸ
909 4642 1141 4707 πέλαγος
1165 4648 1265 4713 τῆς
1304 4648 1521 4701 Ἠσαίου
1577 4650 1764 4716 σοφίας

201 4720 493 4785 ἐπαφεῖναι
507 4718 599 4770 τὸν
621 4718 775 4787 λόγον
790 4723 1295 4792 παρασκευάζομαι.
1327 4728 1483 4781 Ἀλλά
1500 4731 1552 4780 τί
1574 4730 1727 4783 πάθω
1746 4749 1761 4795 3

214 4800 392 4853 Ὀκνῶ
414 4801 506 4853 καὶ
534 4799 775 4864 δέδοικα,
808 4803 881 4871 μή
914 4819 1042 4854 ποτε
1084 4804 1175 4857 τὸν
1208 4805 1395 4875 λιμένα
1431 4809 1759 4875 ἐξελθόντες,

204 4881 303 4935 καὶ
335 4882 471 4950 πρὸς
512 4880 571 4933 τὺ
606 4880 764 4948 βάθος
792 4885 1221 4953 καταντήσαντες
1257 4888 1365 4941 τῶν
1412 4893 1762 4961 προφητικῶν

204 4964 525 5032 νοημάτων,
570 4963 951 5034 ἱλιγγιάσωμεν
980 4983 992 4995 ·
1040 4968 1173 5037 ὅπερ
1217 4968 1513 5039 πάσχουσιν
1565 4975 1612 5025 οἱ
1657 4974 1763 5025 τῶν

205 5046 509 5116 πλωτήρων
538 5045 741 5116 ἀήθεις.
769 5047 878 5098 Καὶ
902 5047 1009 5119 γὰρ
1046 5049 1260 5115 ἐκεῖνοι,
1293 5054 1509 5105 ἐπειδάν
1540 5055 1635 5123 τὴν
1664 5059 1767 5126 γῆν

204 5128 433 5195 ἀφέντες
456 5127 513 5191 ἐξ
547 5127 798 5196 ἑκατέρου
836 5128 1030 5197 μέρους
1058 5131 1155 5200 τῆς
1179 5133 1304 5200 νηὸς
1332 5135 1564 5202 πέλαγος
1593 5137 1761 5201 ἴδωσι,

204 5210 303 5261 καὶ
348 5208 495 5260 οὐδὲν
555 5209 771 5278 ἕτερον,
818 5210 934 5261 ἀλλ’
988 5212 1020 5279 ἢ
1063 5211 1327 5266 θάλατταν
1372 5216 1465 5269 καὶ
1505 5217 1763 5286 οὐρανὸν,

208 5290 501 5359 σκοτοδίνῳ
586 5290 924 5359 κατέχονται,
956 5291 1047 5342 καὶ
1087 5296 1472 5364 περιφέρεσθαι
1504 5298 1562 5348 τὸ
1587 5298 1763 5349 πλοῖον

204 5372 390 5435 αὐτοῖς
420 5371 603 5442 κύκλῳ
634 5373 903 5443 νομίζουσι
938 5374 1073 5442 μετὰ
1103 5377 1201 5445 τῆς
1226 5378 1511 5449 θαλάττης.
1540 5381 1675 5432 Ἀλλ’
1704 5382 1762 5432 οὐ

208 5454 359 5523 παρὰ
384 5455 482 5523 τὴν
514 5453 676 5521 φύσιν
705 5456 802 5523 τῆς
832 5454 1114 5524 Θαλάττης,
1151 5458 1285 5510 ἀλλὰ
1314 5462 1461 5530 παρὰ
1490 5462 1585 5532 τὴν
1611 5464 1763 5514 ἀπει-

210 5538 335 5606 ρίαν
362 5537 470 5589 τῶν
504 5537 770 5589 πλεόντων
810 5539 857 5589 οἱ
894 5535 1087 5605 ίλιγγοι
1123 5540 1390 5606 γίνονται·
1422 5544 1597 5615 ἕτεροι
1640 5545 1764 5612 γοῦν

264 5713 286 5740 ο
302 5710 411 5760 Uss.
429 5711 590 5774 σκότῳ
601 5710 813 5773 δεινῷ,οι
824 5711 893 5759 sle
902 5723 1059 5771 supra,
1071 5710 1534 5779 p.158,A,scparatis
1547 5715 1760 5768 vocibus.

1862 4568 1971 4619 τῶν
1999 4570 2211 4621 ναυτῶν
2233 4572 2453 4638 γυμνοῖς
2472 4571 2581 4630 τοῖς
2600 4568 2815 4637 σώμασι
2827 4568 3120 4621 κυδιστῶσι
3152 4570 3289 4624 κατὰ
3311 4570 3421 4623 τῶν

1864 4651 2137 4717 κυμάτων,
2168 4652 2259 4703 καὶ
2286 4651 2435 4703 οὐδὲν
2459 4652 2723 4719 πάσχουσι
2746 4652 3000 4713 τοιοῦτον,
3031 4652 3165 4704 ἀλλὰ
3195 4653 3327 4723 πρὸς
3359 4654 3423 4704 τὸ

1865 4730 2022 4798 βάθος
2052 4730 2381 4792 καταϐάντες
2411 4733 2538 4784 αὐτὸ
2559 4771 2572 4793 ,
2602 4733 2710 4784 τῶν
2743 4735 2799 4784 ὲν
2832 4733 3017 4800 ἐδάφει
3053 4733 3420 4801 διαιτωμένων

1864 4811 2262 4880 ἀσφαλέστερον
2302 4812 2647 4882 διατρίϐουσι,
2683 4815 2775 4866 καὶ
2801 4813 2877 4883 τῷ
2916 4814 3159 4882 στόματι,
3191 4814 3419 4872 καὶτοῖς

1863 4891 2173 4960 ὀφθαλμοῖς,
2221 4894 2312 4945 καὶ
2338 4896 2497 4946 παντὶ
2523 4894 2598 4963 τῷ
2640 4894 2848 4963 σώματι
2893 4895 3161 4963 δεχόμενοι
3192 4893 3290 4960 τήν
3322 4892 3417 4943 άλι-

1868 4991 1991 5043 μην,
2023 4975 2083 5026 οὐ
2108 4975 2525 5045 δυσχεραίνουσι.
2559 4977 2822 5028 Τοσοῦτόν
2849 4976 2960 5026 ἐστι
2996 4974 3187 5042 μελέτη
3223 4974 3414 5035 καλὸν,

1862 5055 2099 5108 τοιοῦτόν
2120 5057 2263 5110 ἐστιν
2283 5058 2504 5127 ἀπειρία
2522 5058 2708 5110 κακόν·
2732 5056 2901 5117 οὕτως
2921 5055 3057 5122 αὕτη
3086 5056 3176 5105 καὶ
3195 5054 3301 5105 τῶν
3326 5073 3419 5122 φο-

1867 5138 2038 5208 ϐερῶν
2062 5143 2414 5210 καταφρονεῖν
2452 5139 2643 5200 πείθει,
2671 5137 2847 5205 εκείνη
2882 5137 2937 5189 δὲ
2971 5139 3064 5188 καὶ
3102 5136 3169 5187 τὰ
3203 5138 3417 5205 ἀσφαλῆ

1868 5221 2185 5274 ὑποπτεύειν
2210 5223 2301 5273 καὶ
2323 5222 2610 5272 δεδοικέναι
2637 5218 3063 5288 παρασκευάζει,
3098 5220 3159 5270 Οἱ
3196 5219 3291 5286 μὲν
3311 5220 3418 5286 γάρ

1864 5302 1949 5368 ἐφ’
1979 5301 2192 5371 ὑψηλῶν
2212 5302 2317 5354 τῶν
2337 5302 2523 5369 ἰκρίων
2552 5299 2849 5370 καθήμενοι
2882 5301 2983 5370 τῆς
3009 5302 3155 5370 νηὸς,
3174 5303 3266 5352 καὶ
3284 5302 3420 5368 πρὸς

1864 5382 1961 5450 τὴν
2004 5383 2127 5434 θέαν
2163 5381 2481 5449 ἰλιγγιῶσιν*
2510 5382 2558 5433 οἱ
2593 5382 2648 5434 δὲ
2675 5382 2795 5435 οὐδὲ
2826 5383 2882 5434 ὲν
2911 5384 3093 5452 μέσοις
3131 5381 3418 5450 θορυϐοῦν-

1869 5478 1956 5513 ται
1990 5466 2101 5523 τοῖς
2128 5462 2350 5531 κύμασι.
2386 5463 2552 5515 Τοῦτο
2578 5465 2671 5517 καὶ
2706 5465 2799 5516 ἐπὶ
2827 5464 2925 5532 τῆς
2951 5464 3182 5523 διανοίας
3212 5462 3419 5527 γίνεται

1865 5545 1959 5610 τῆς
1987 5543 2277 5612 ἡμετέρας
2321 5545 2415 5597 καὶ
2460 5545 2566 5615 γὰρ
2601 5547 2693 5598 καὶ⁸
2721 5546 2923 5615 ταύτην
2963 5545 3215 5603 πολλάκις
3246 5556 3414 5593 κατα-

1865 5624 2123 5694 λαμϐάνει
2153 5626 2369 5695 κύματα
2399 5630 2584 5682 παθῶν
2617 5631 2725 5682 τῶν
2750 5630 2838 5682 Θα)
2850 5629 3042 5681 αττίων
3073 5622 3377 5693 ἀγριώτερα
3397 5662 3413 5687 ,

1867 5701 1973 5759 οῖον
2018 5707 2150 5777 ζάλη
2187 5709 2354 5781 θυμοῦ
2384 5710 2621 5767 κάτωθεν
2669 5712 2970 5782 στρέφουσα
3009 5706 3106 5775 τὴν
3154 5705 3412 5769 καρδίαν,
