4130 6316
805 389 916 445 165

805 491 1088 561 πνεύματα
1104 486 1389 556 ἐπιθυμίας
1413 487 1648 554 πονηρᾶς
1672 484 1866 553 πολλὴν
1895 479 2217 550 ἐμποιοῦντα
2237 487 2265 516 ι
2283 477 2351 544 τῇ

803 580 1008 648 διανοίᾳ
1033 579 1130 647 τὴν
1162 576 1433 644 σύγχυσιν.
1488 574 1623 626 Ἀλλ’
1660 576 1688 625 6
1718 573 1814 643 μὲν
1849 573 2068 643 ἄπειρος
2091 572 2184 626 καὶ
2210 572 2347 642 ἀμε-

803 670 1042 736 λέτητος,
1074 667 1370 737 ἀρχομένου
1394 666 1486 717 τοῦ
1516 665 1777 735 χειμῶνος
1803 663 1900 731 τῆς
1921 663 2107 733 ὀργῆς,
2152 662 2350 726 εὐθέως

804 757 954 829 [169]
969 757 1293 827 θορυϐεῖται,
1310 757 1648 825 ταράττεται,
1669 755 1950 815 κλονεῖται,
1968 755 2195 823 περιορᾷ
2213 771 2352 822 γινο-

809 849 973 916 μένην
1007 844 1332 916 ὑποϐρύχιον
1363 845 1458 914 τὴν
1496 845 1670 912 ψυχὴν
1703 843 1804 894 ὑπὸ
1841 841 1948 894 τῶν
1995 840 2210 904 παθῶν,
2257 843 2350 894 καὶ

804 939 1058 1004 ναυάγιον
1090 937 1475 1005 ὑπομένουσαν·
1504 936 1531 985 6
1562 935 1617 986 δέ
1645 934 1900 1004 ἔμπειρος
1937 932 2027 986 καὶ
2058 931 2349 1002 μεμελετη-

804 1026 915 1089 κὼς
945 1028 1013 1079 τά
1044 1027 1264 1079 τοιαῦτα
1289 1027 1468 1095 φέρειν
1501 1025 1777 1092 γενναίως,
1823 1024 2066 1094 καθάπερ
2096 1023 2350 1093 κυϐερνή-

802 1133 904 1186 την
943 1118 1033 1171 ἐπὶ
1066 1117 1172 1168 τῶν
1198 1116 1414 1176 οἰάκων,
1450 1114 1589 1167 οὕτω
1617 1114 1706 1167 τὸν
1733 1113 1984 1183 λογισμὸν
2025 1114 2204 1167 ἐπάνω
2239 1115 2347 1167 τῶν

802 1208 989 1261 παθῶν
1007 1207 1252 1270 καθίσας,
1278 1207 1338 1258 οὺ
1364 1205 1623 1274 πρότερον
1650 1204 1935 1271 ἀφίσταται
1960 1204 2132 1257 πάντα
2158 1204 2343 1267 ποιιῖιν,

801 1301 906 1362 ἐως
937 1299 1001 1352 ἀν
1026 1297 1319 1367 κατευθύνῃ
1353 1298 1412 1350 τὸ
1447 1297 1647 1364 σκάφος
1679 1294 1813 1364 πρός
1840 1295 1928 1347 τὸν
1949 1293 2117 1348 εὔδιον
2139 1295 2238 1363 τῆς
2261 1313 2348 1365 φια-

802 1388 1053 1453 λοσοφίας
1075 1387 1282 1456 λιμένα.
1317 1387 1492 1454 Ὅπερ
1535 1381 1625 1438 οῦν
1671 1386 1762 1436 ἐπὶ
1781 1385 1877 1454 τῆς
1905 1385 2164 1454 Θαλάττης
2201 1385 2345 1453 γίνε-

801 1494 913 1539 ται,
937 1478 1029 1529 καὶ
1057 1479 1149 1529 ἐπὶ
1173 1479 1270 1547 τῆς
1295 1476 1527 1538 διανοίας
1567 1475 1868 1545 συμϐαίνει,
1895 1475 2049 1528 τοῦτο
2069 1477 2161 1527 καὶ
2187 1475 2245 1528 ἐν
2279 1478 2342 1546 τῇ

804 1567 1058 1637 ἐξηγήσει
1094 1571 1200 1620 τῶν
1238 1566 1464 1636 Γραφῶν
1506 1566 1817 1634 συμπίπτεμ
1851 1566 2056 1635 ἀνάγκη
2100 1566 2346 1636 θορυϐεῖ·-

806 1657 948 1721 σθαι,
982 1657 1365 1726 ταράττεσθαι,
1404 1657 1620 1710 ἐπειδὰν
1650 1656 1948 1726 ἐξέλθωμεν
1976 1658 2053 1719 εἰς
2087 1657 2148 1708 τὸ
2183 1656 2347 1709 πέλα-

803 1764 914 1814 γος,
937 1747 1034 1799 οὐκ
1058 1747 1239 1816 ἐπειδὴ
1265 1747 1322 1799 τὸ
1343 1747 1571 1813 πέλαγος
1594 1747 1834 1816 φοϐερὸν,
1853 1748 1964 1800 ἀλλ’
1987 1748 2168 1816 ἐπειδὴ
2187 1751 2345 1818 ἡμεῖς

799 1839 848 1889 οἰ
894 1837 1140 1900 πλέοντες
1184 1837 1414 1906 ἄπειροι.
1455 1834 1570 1889 Ὀτι
1603 1835 1708 1906 γὰρ
1737 1837 1898 1898 ἐστιν,
1946 1837 2160 1892 εὔκολον
2189 1839 2343 1907 φύσει

800 1927 955 1993 λόγον
1004 1928 1162 1989 ὄντα,
1203 1927 1453 1978 δύσκολον
1490 1927 1736 1993 γενέσθαι
1779 1927 1928 1995 παρά
1970 1929 2067 1997 τὴν
2094 1929 2344 2000 ἀπειρίαν

799 2015 906 2067 τῶν
935 2015 1252 2077 ἀκουόντων,
1273 2016 1476 2069 Παῦλον
1499 2018 1624 2084 ὑμῖν
1646 2018 2056 2085 παραστήσομαι
2075 2019 2340 2089 μάρτυρα.

802 2105 983 2158 Εἰπὼν
1011 2106 1113 2174 γὰρ
1140 2105 1220 2157 ὅτι
1249 2106 1476 2173 Χριστὸς
1521 2106 1730 2172 ἐγένετο
1760 2107 2040 2176 ἀρχιερεὺς
2084 2108 2220 2161 κατὰ
2247 2109 2343 2177 τὴν

798 2198 950 2263 τάξιν
975 2196 1333 2266 Μελχισεδὲκ,
1373 2199 1464 2249 καὶ
1497 2197 1672 2266 ζητῶν
1711 2198 1793 2262 τίς
1837 2201 1978 2251 ἐστιν
2012 2201 2039 2251 6
2080 2200 2340 2270 Μελχισε-

797 2287 911 2348 δὲκ,
946 2289 1215 2354 ἐπήγαγε’
1251 2289 1384 2351 Περί
1429 2285 1500 2342 οὗ
1549 2290 1739 2352 πολὺς
1780 2289 1922 2355 ἡμῖν
1966 2293 1999 2342 6
2034 2291 2212 2356 λόγος
2244 2292 2343 2344 καί

799 2376 1293 2444 δυσερμήνευτος.
1320 2376 1382 2426 Τί
1403 2377 1595 2442 λέγεις,
1614 2372 1657 2428 ὦ
1679 2379 1908 2445 μακάριε
1928 2378 2100 2430 Παῦλε
2119 2395 2133 2444 ;
2151 2380 2345 2450 Δυσερ-

802 2465 1060 2534 μήνευτός
1092 2482 1171 2516 σοι
1213 2463 1289 2533 τῷ
1333 2467 1696 2535 πνευματικὴν
1725 2466 1896 2534 ἔχοντι
1930 2468 2143 2535 σοφίαν,
2172 2468 2249 2537 τῷ
2274 2470 2341 2522 τά

797 2555 1079 2624 ἀπόρρητα
1107 2557 1321 2622 ρήματα
1349 2555 1658 2613 ἀκούσαντι,
1685 2557 1759 2624 τῷ
1792 2557 1922 2626 πρὸς
1948 2557 2125 2626 τρίτον
2167 2559 2342 2628 ἁρπα-

796 2647 944 2712 γέντι
975 2646 1227 2714 οὺρανόν;
1290 2647 1350 2697 Εἰ
1408 2647 1489 2697 σοὶ
1536 2647 1989 2715 δυσερμήνευτος,
2024 2649 2125 2700 τίνι
2179 2667 2342 2703 κατα-

794 2733 1026 2802 ληπτός;
1067 2734 1237 2801 Ἐμοὶ,
1278 2735 1428 2802 φησὶ,
1462 2736 1904 2802 δυσερμήνευτος,
1961 2738 2020 2790 οὐ
2066 2739 2213 2808 παρά
2243 2739 2339 2810 τὴν

793 2824 997 2876 οἰκείαν
1049 2824 1362 2883 δυσκολίαν,
1400 2825 1532 2876 άλλά
1577 2826 1723 2894 παρά
1771 2826 1867 2895 τὴν
1906 2827 2182 2880 ἀσθένειαν
2231 2830 2340 2882 τῶν

794 2914 1110 2966 ἀκουόντων.
1155 2914 1334 2965 Εἰπὼν
1358 2916 1482 2984 γὰρ,
1507 2917 2001 2982 Δυσερμήνευτος,
2035 2920 2333 2988 ἐπήγαγεν·

807 3002 1044 3067 Ἐπειδὴ
1062 3003 1268 3066 νωθροὶ
1285 3005 1559 3071 γεγόνατε
1577 3005 1698 3069 ταῖς
1717 3007 1938 3071 ἀκοαῖς.
1959 3009 2115 3077 Ὁρᾷς
2138 3009 2216 3061 ὅτι
2241 3011 2336 3079 οὐχ

795 3092 826 3157 ἡ
870 3090 1028 3157 φύσις
1058 3091 1149 3143 τοῦ
1195 3091 1369 3158 λόγου,
1402 3095 1512 3145 ἀλλ’
1549 3098 1580 3164 ἡ
1629 3096 1847 3164 ἀπειρία
1890 3098 1996 3148 τῶν
2039 3100 2338 3153 ἀκουόντων

792 3178 1044 3231 δύσκολον
1090 3181 1181 3232 τὸν
1227 3184 1287 3234 οὐ
1331 3183 1579 3236 δύσκολον
1621 3186 1902 3254 ἐποίησεν;
1959 3189 2030 3240 υύ
2082 3189 2238 3258 μόνον
2282 3191 2338 3244 δέ

792 3267 1064 3326 δύσκολον.
1117 3270 1250 3322 ἀλλά
1289 3276 1380 3324 καὶ
1422 3275 1585 3325 πολὺν
1625 3279 1765 3327 ποιεῖ
1791 3277 1878 3329 τὸν
1907 3278 2108 3347 βραχὺν
2139 3283 2169 3349 ἡ
2202 3283 2337 3352 αὑτὴ

792 3359 959 3410 αἰτία⁸
981 3360 1165 3430 διόπερ
1187 3362 1303 3429 οὐχὶ
1330 3363 1752 3432 δυσερμήνευτον
1776 3368 1972 3436 ἔφησεν
1996 3368 2132 3424 εἶναι
2157 3373 2333 3441 μόνον,

790 3447 923 3499 ἀλλά
947 3449 1038 3500 καὶ
1069 3448 1252 3511 πολὺν,
1295 3452 1386 3504 καὶ
1416 3453 1506 3504 τοῦ
1543 3456 1743 3521 μήκους
1763 3498 1775 3516 ,
1814 3459 1903 3510 καὶ
1933 3460 2030 3526 τῆς
2057 3459 2336 3526 δυσκολίας

791 3537 1007 3600 ἀναθεὶς
1040 3539 1138 3608 τὴν
1179 3543 1351 3593 αἰτίαν
1390 3547 1452 3612 τῇ
1487 3545 1775 3615 νωθρότητι
1802 3549 1898 3616 τῆς
1931 3551 2116 3620 ἀκοῆς.
2153 3553 2335 3607 Καθά-

791 3641 897 3694 περ
927 3627 1032 3696 γάρ
1058 3629 1148 3680 ἐπὶ
1178 3629 1285 3681 τῶν
1314 3631 1729 3700 ἀρρωστούντων
1760 3639 1856 3690 οὐκ
1891 3641 2178 3706 ἀναγκαῖον
2213 3643 2335 3696 σύν-

789 3731 951 3782 τομον
982 3719 1071 3769 καὶ
1097 3719 1510 3791 ἐσχεδιασμένην
1545 3727 1859 3794 παραθεῖναι
1889 3731 2180 3799 τράπεζαν,
2202 3734 2333 3788 ἀλλά

788 3803 870 3855 δεῖ
891 3808 1297 3876 παρασκευάσαι
1332 3812 1397 3865 τά
1432 3814 1572 3867 σιτία
1614 3815 1858 3883 διάφορα,
1894 3819 1976 3871 ἵνα
2021 3821 2086 3873 ἀν
2125 3823 2277 3875 τοῦτο
2307 3825 2334 3876 6

789 3895 1010 3963 κάμνων
1035 3897 1108 3966 μὴ
1136 3898 1362 3971 βουληθῇ
1403 3903 1736 3970 μεταλαϐεῖν,
1760 3907 1820 3958 τὸ
1848 3906 2028 3977 ἕτερον
2046 3909 2202 3982 λάϐῃ·
2234 3912 2335 3965 κάν

788 3984 962 4038 ἐκεῖνο
1002 3988 1076 4056 μὴ
1130 3991 1434 4058 προσίηται,
1492 3993 1549 4044 τὸ
1594 3994 1717 4046 ἀλλο
1749 3995 2000 4065 δέξηται·
2050 3997 2148 4051 κάν
2179 4000 2334 4055 τοῦτο

787 4073 1191 4146 διακρούσηται,
1227 4080 1545 4150 ἐπιλάϐηται
1577 4085 1820 4156 θατέρου,
1867 4089 1960 4142 καὶ
2002 4094 2067 4160 τῇ
2097 4093 2333 4164 ποικιλίᾳ

785 4162 893 4215 τῶν
945 4163 1243 4233 βρωμάτων
1277 4169 1373 4238 τὴν
1423 4171 1704 4226 δυσκολίαν
1748 4178 2080 4246 νικήσωμεν,
2128 4183 2219 4236 καὶ
2256 4162 2332 4255 τῷ

786 4251 1105 4324 πολυτρόπῳ
1134 4257 1232 4324 τῆς
1255 4260 1528 4329 τραπέζης
1552 4262 1611 4313 τὸ
1644 4264 1962 4335 δυσάρεστον
1988 4270 2084 4337 τῆς
2110 4251 2330 4343 γνώμης

784 4341 1222 4412 θεραπεύσωμεν·
1246 4347 1384 4400 οῦτω
1413 4349 1666 4413 πολλάκις
1705 4354 1793 4404 καὶ
1830 4357 1920 4407 ἐπὶ
1957 4358 2054 4427 τῆς
2092 4341 2330 4431 πνευμα-

781 4432 938 4501 τικῆς
981 4434 1269 4498 ἑστιάσεως
1308 4439 1411 4507 χρὴ
1443 4443 1631 4494 ποιεῖν.
1666 4442 1832 4496 Ὅταν
1875 4445 2113 4511 ἀσθενεῖς
2158 4443 2325 4519 ὦμεν,

782 4522 948 4574 πολὺν
982 4528 1494 4594 παρασκευάσασθαι
1525 4533 1628 4602 χρὴ
1653 4532 1741 4585 τὸν
1764 4533 1915 4601 λόγον
1944 4536 2034 4590 καὶ
2068 4541 2325 4607 ποικίλον,

781 4612 1092 4678 παραϐολάς
1131 4617 1220 4667 καῖ
1244 4619 1654 4687 παραδείγματα
1703 4623 1915 4692 ἔχοντα,
1955 4629 2325 4694 κατασκευὰς,

779 4699 872 4750 καῖ
890 4701 1186 4768 περιόδους,
1207 4706 1299 4755 καὶ
1321 4707 1404 4757 ἐτε
1414 4724 1479 4775 ρα
1496 4709 1661 4762 πολλὰ
1679 4713 1914 4776 τοιαῦτα,
1931 4715 2013 4768 ἰ¹να
2034 4717 2096 4768 ἐκ
2113 4719 2326 4773 πάντων

784 4789 936 4858 ρᾳδία
956 4790 1176 4858 γένηται
1196 4794 1324 4860 ἡμῖν
1352 4796 1458 4845 τῶν
1487 4803 1860 4869 συμφερόντων
1888 4806 1919 4874 ἡ
1940 4808 2165 4874 αἵρεσις.
2183 4810 2325 4880 Πλὴν

777 4878 888 4930 ἀλλ’
920 4882 966 4930 εἰ
999 4882 1091 4932 καὶ
1135 4883 1297 4944 πολὺς
1349 4884 1376 4934 6
1422 4884 1576 4951 λόγος
1613 4891 1707 4941 καὶ
1748 4893 2194 4965 δυσερμήνευτος,
2229 4878 2326 4954 οὐκ

776 4969 1142 5038 ἀπεστέρησεν
1172 4972 1363 5034 αὐτοὺς
1405 4973 1501 5042 τῆς
1543 4976 1880 5044 διδασκαλίας
1923 4986 2013 5037 τοῦ
2062 4989 2324 5058 Μελχισε-

774 5057 864 5107 δέκ
884 5074 896 5086 ο
929 5058 1005 5126 τῷ
1032 5059 1127 5126 μὲν
1147 5063 1251 5130 γάρ
1281 5065 1467 5125 εἰπεῖν,
1489 5068 1684 5132 Πολὺς
1705 5068 1796 5124 καὶ
1824 5057 2319 5143 Δυσερμήνεὺτος,

773 5142 1077 5214 ἀναστήσας
1106 5150 1282 5202 αὐτῶν
1312 5152 1407 5220 τὴν
1434 5156 1678 5226 σπουδὴν,
1714 5159 1797 5210 ἵνα
1821 5161 2207 5232 προθυμότεροι
2229 5142 2320 5232 γέέ

771 5246 965 5284 νωνται
1019 5238 1142 5302 περί
1195 5240 1292 5308 τὴν
1338 5244 1625 5312 ἀκρόασιν·
1673 5246 1747 5315 τῷ
1793 5248 1846 5300 δὲ
1893 5257 2189 5322 παρασχεῖν
2220 5256 2317 5326 τὴν

768 5321 1064 5411 τράπεζαν,
1095 5329 1452 5397 χαρισάμενος
1485 5336 1660 5387 αὐτῶν
1689 5340 1752 5406 τῇ
1793 5340 2067 5411 ἐπιθυμίᾳ.

842 5409 904 5477 β’.
925 5408 1072 5482 [170]
1097 5413 1263 5466 Τοῦτο
1282 5416 1335 5468 δὲ
1357 5421 1447 5470 καὶ
1469 5423 1627 5489 ἡμεῖς
1647 5408 1970 5496 ποιήσωμενλ
1991 5408 2036 5482 εῖ
2057 5434 2145 5484 καὶ
2162 5435 2260 5487 ἀπε
2272 5455 2316 5488 ι-

767 5517 858 5567 ρον
875 5502 935 5552 τὸ
953 5503 1181 5571 πέλαγος
1195 5504 1301 5558 τῶν
1320 5513 1628 5582 προφητῶν,
1652 5517 1742 5569 καὶ
1761 5519 1925 5573 πολλά
1939 5521 2052 5576 ἐκεῖ
2065 5525 2131 5577 τὰ
2153 5524 2309 5595 βάθη,

823 5666 850 5695 ⁸
870 5666 951 5718 Sic
977 5683 1100 5721 unus
1117 5674 1245 5732 cod.,
1271 5675 1351 5725 alii
1375 5678 1613 5729 ποιοῦντα.

1564 367 1620 424 S.
1659 362 1936 423 JOANNIS
1971 357 2448 417 CHRYSOSTOMI
2483 359 2797 423 ARCHIEP.
2839 368 3377 432 CONSTANTINOP.

3895 401 4011 454 166

2455 479 2942 553 κατατολμήσωμεν
2967 485 3066 554 τῆς
3109 486 3371 559 θαλάττης
3416 488 3553 542 κατά
3584 491 3680 560 τήν
3726 490 4002 562 ἡμετέραν

2450 564 2675 637 δύναμιν
2698 586 2712 600 ·
2745 571 2938 640 μᾶλλον
2968 574 3024 626 δέ
3055 575 3128 646 μή
3164 578 3302 631 κατὰ
3327 579 3422 648 τήν
3448 580 3718 650 ἡμετέραν
3745 580 3998 651 δύναμιν,

2445 657 2580 711 ἀλλά
2607 661 2742 714 κατὰ
2768 662 2864 731 τὴν
2884 663 3085 718 ἀνωθεν
3126 667 3410 738 δεδομένην
3439 671 3567 737 ἡμῖν
3605 671 3781 742 χάριν,
3819 671 3878 722 οὐ
3908 671 4000 724 διά

2444 747 2541 817 τὴν
2586 750 2855 821 ἡμετέραν
2891 756 3222 825 παρρησίαν,
3272 758 3404 812 ἀλλά
3449 759 3536 812 διὰ
3579 761 3676 829 τὴν
3725 761 4000 830 ὑμετέραν

2445 838 2706 905 ὠφέλειαν
2739 845 3227 916 κατατολμήσωμεν
3253 850 3348 918 τῆς
3375 849 3655 920 θαλάττης,
3688 853 3786 904 κάν
3819 851 3997 921 τούτῳ

2445 928 2652 983 Παῦλον
2691 933 3028 1002 μιμούμενοι.
3074 937 3192 989 Ὅτι
3217 938 3323 1007 γάρ
3366 940 3465 991 οὐκ
3495 941 3857 1010 ἀπεστέρησεν
3899 943 3999 994 αὖ·

2443 1020 2569 1083 τοὺς
2595 1019 2687 1075 τοῦ
2735 1021 2889 1088 λόγου
2919 1022 3012 1076 τοῦ
3052 1027 3191 1078 κατά
3229 1027 3318 1080 τὸν
3365 1029 3714 1097 Μελχισεδὲκ,
3765 1033 3998 1086 ἄκουσον

2442 1109 2550 1164 τῶν
2578 1111 2720 1181 ἑξῆς.
2748 1113 2926 1166 Εἰπὼν
2963 1115 3113 1182 γοῦν,
3141 1118 3279 1185 Περί
3307 1114 3376 1172 οὗ
3412 1119 3602 1185 πολὺς
3626 1123 3658 1173 6
3687 1122 3867 1190 λόγος
3895 1123 3996 1175 καὶ

2444 1198 2935 1269 δυσερμήνευτος,
2972 1206 3266 1274 ἐπήγαγεν
3294 1205 3477 1274 Οὗτος
3503 1210 3610 1278 γὰρ
3647 1214 3679 1263 ό
3705 1215 3999 1280 Μελχισε-

2443 1288 2549 1344 δὲκ
2565 1329 2578 1352 ,
2605 1292 2899 1359 ,ϐασιλεὺς
2926 1294 3310 1364 δικαιοσύνης
3329 1314 3342 1329 ·
3377 1300 3577 1352 ἔπειτα
3603 1301 3668 1354 δὲ
3697 1304 3793 1355 καὶ
3810 1304 3998 1366 ,ϐασι-

2444 1380 2587 1445 λεὺς
2613 1382 2818 1449 Σαλὴμ
2842 1423 2856 1447 ,
2888 1383 2920 1435 ὅ
2950 1385 3077 1438 ἐστι
3118 1387 3412 1453 βασιλεὺς
3436 1390 3697 1458 εἰρήνης,
3732 1391 3996 1459 ἀπάτωρ,

2444 1468 2678 1537 ἀμήτωρ
2699 1509 2714 1533 ,
2763 1472 3225 1544 ἀγενεαλόγητος
3247 1516 3260 1540 ,
3289 1477 3439 1546 μήτε
3483 1481 3680 1549 ἀρχὴν
3719 1482 3958 1551 ἡμερῶν
3982 1522 3998 1544 ,

2439 1559 2588 1627 μήτε
2619 1557 2764 1627 ζωῆς
2794 1561 2965 1626 τέλος
2992 1561 3164 1630 ἔχωνν
3202 1565 3646 1636 ἀφωμοιωμένος
3680 1571 3746 1622 δὲ
3774 1571 3855 1635 τῷ
3887 1571 4003 1635 Υἰῷ

2443 1648 2547 1700 τοῦ
2579 1650 2720 1702 Θεοῦ
2745 1653 2908 1717 μένει
2936 1653 3124 1719 ἱερεὺς
3161 1656 3247 1720 εἰς
3287 1655 3353 1708 τὸ
3395 1647 3680 1724 διηνεκές.
3711 1657 3856 1731 Ἀρα
3895 1666 4002 1716 οὐκ

2443 1737 2697 1807 ἐτάραξεν
2727 1739 2876 1808 ὑμῶν
2899 1740 2995 1804 τάς
3019 1743 3186 1805 ἀκοὰς
3213 1746 3338 1815 περί
3371 1746 3653 1816 ἀνθρώπου
3682 1749 4002 1819 διαλεγόμε-

2443 1842 2530 1888 νος
2561 1827 2588 1878 6
2620 1826 2823 1890 Παῦλος
2851 1828 2944 1881 καὶ
2966 1829 3154 1896 λέγων,
3194 1833 3462 1902 Ἀπάτωρ,
3494 1836 3767 1904 ἀμήτωρ;
3805 1842 3916 1892 Καὶ
3943 1842 3999 1892 τί

2441 1913 2600 1983 λέγω,
2639 1917 2763 1986 περὶ
2798 1917 3109 1987 ἀνθρώπους
3146 1921 3206 1973 Εἰ
3231 1922 3336 1993 γάρ
3366 1927 3490 1993 περὶ
3523 1926 3612 1979 τοῦ
3656 1927 3888 1996 Χριστοῦ
3915 1929 4005 1981 λέ-

2440 2021 2586 2072 γοιτο
2608 2006 2778 2070 τοῦτο,
2805 2007 2900 2060 οὑκ
2935 2010 3001 2062 ἀν
3031 2011 3223 2081 πολλὴν
3263 2013 3355 2065 καὶ
3392 2014 3560 2076 οὕτως
3608 2019 3735 2085 ἡμῖν
3765 2021 4003 2089 παρέχοι

2442 2093 2699 2167 ζήτησιν;
2751 2099 2812 2151 Εἰ
2850 2100 2955 2171 γὰρ
2998 2102 3242 2174 ἀπάτωρ,
3284 2104 3399 2166 πῶς
3447 2105 3602 2170 Υἱός;
3639 2109 3686 2159 εἰ
3735 2110 4003 2181 ἀπάτωρ,

2442 2186 2556 2250 πῶς
2584 2190 2920 2260 Μονογενής;
2961 2193 3018 2244 '0
3060 2193 3166 2263 γὰρ
3215 2195 3326 2258 υἱὸς
3363 2196 3561 2265 ὀφείλει
3593 2199 3800 2270 πατέρα
3824 2203 3998 2271 ἐχειν,

2441 2274 2560 2326 ἐπεὶ
2585 2277 2682 2326 οὐκ
2703 2275 2768 2328 ἂν
2799 2277 2883 2346 εἴη
2917 2277 3050 2341 υἰός.
3091 2279 3245 2331 Ἀλλὰ
3272 2282 3364 2334 καὶ
3387 2283 3611 2354 ἀπάτωρ
3633 2287 3777 2338 ἐστὶν
3806 2290 3835 2340 6
3867 2289 4004 2352 Υἱὸς

2438 2359 2530 2410 τοῦ
2557 2359 2706 2424 Θεοῦ,
2759 2363 2852 2414 καὶ
2897 2365 3147 2434 ἀμήτωρ.
3208 2368 3360 2433 Πῶς;
3409 2368 3658 2441 Ἀπάτωρ
3697 2374 3794 2442 τὴν
3842 2375 4003 2428 κάτω

2439 2444 2706 2513 γέννησιν,
2733 2449 2962 2518 ἀμήτωρ
2997 2451 3089 2520 τὴν
3115 2453 3224 2506 ἀνω
3247 2470 3260 2484 ·
3305 2453 3427 2505 οὔτε
3459 2454 3564 2524 γὰρ
3598 2458 3688 2509 ἐπὶ
3727 2459 3831 2526 γῆς
3868 2460 4006 2530 ἔσχε

2440 2534 2670 2604 πατέρα,
2711 2535 2832 2588 οὔτε
2861 2539 2917 2589 ἐν
2949 2539 3161 2609 οὐρανῷ
3201 2542 3428 2612 μητέρα.
3472 2543 4004 2615 Ἀγενεαλότητος.

2452 2620 2816 2676 Ἀκουέτωσαν
2848 2626 2895 2676 οἰ
2939 2625 3036 2693 τὴν
3065 2627 3250 2680 οὐσίαν
3287 2629 3447 2682 αὑτοῦ
3482 2631 4008 2702 πολυπραγμονοῦν-

2436 2723 2547 2770 τες·
2575 2708 2746 2761 καίτοι
2777 2711 2919 2773 τινές
2945 2713 3270 2781 νομίζουσιν,
3305 2716 3385 2768 ὅτι
3413 2716 3474 2767 τὸ
3508 2718 4006 2786 Ἃτενεαλόγητος

2435 2792 2592 2845 τοῦτο
2612 2796 2738 2864 περὶ
2760 2796 2857 2865 τῆς
2887 2799 2998 2850 ἀνω
3039 2802 3337 2869 γεννήσεως
3376 2803 3607 2873 εἴρηται.
3651 2806 3712 2857 Οί
3753 2806 3852 2873 μὲν
3882 2808 4005 2875 γὰρ

2436 2881 2692 2947 αἱρετικοῖ¹
2728 2883 2843 2934 οὐδὲ
2872 2883 3024 2936 τοῦτο
3047 2885 3336 2954 βούλονταιο
3370 2892 3460 2942 καὶ
3500 2891 3604 2960 γάρ
3647 2893 3737 2943 καὶ
3776 2893 4008 2964 ἐκείνην

2437 2967 2942 3039 πολυπραγμονοῦσι
2975 2974 3070 3026 καὶ
3116 2975 3579 3045 περιεργάζονταιο
3629 2979 3677 3030 οἱ
3723 2979 3778 3031 δέ
3820 2983 4008 3033 ἐπιει-

2436 3058 2683 3128 κέστεροι
2710 3060 2912 3114 τούτων
2953 3064 3132 3134 ἐκείνῃ
3180 3064 3276 3133 μὲν
3317 3068 3748 3137 παραχωροῦσιν,
3806 3071 4007 3124 οὐκέτι

2434 3145 2491 3199 δέ
2543 3148 2636 3200 καὶ
2691 3149 2816 3218 περὶ
2845 3149 3044 3218 ταύτης
3081 3152 3177 3221 τῆς
3219 3154 3367 3206 κάτω
3403 3156 3708 3224 νομίζουσιν
3740 3157 4006 3227 εἰρῆσθαι

2436 3232 2515 3297 τὸ,
2549 3235 3053 3302 Ἀγενεαλόγητος.
3078 3239 3344 3308 Δείξωμεν
3365 3238 3454 3294 οῦν
3470 3245 3550 3296 ὅτι
3578 3245 3701 3313 περὶ
3725 3246 4007 3317 ἑκατέρας

2437 3320 2743 3385 γεννήσεως
2761 3322 2916 3374 τοῦτο
2931 3324 2957 3374 6
2977 3323 3184 3386 Παῦλος
3203 3321 3340 3397 εἷπε,
3364 3330 3455 3381 καὶ
3475 3331 3714 3399 περὶτῆς
3737 3331 3872 3391 ἀνω,
3902 3335 4005 3384 καὶ

2436 3404 2561 3472 περὶ
2587 3405 2684 3471 τῆς
2713 3406 2878 3458 κάτω’
2907 3408 2998 3459 καὶ
3023 3409 3128 3477 γὰρ
3157 3411 3248 3461 καὶ
3279 3412 3456 3480 ἐκείνη
3487 3415 3703 3482 φρικτὴ,
3729 3419 3825 3468 καὶ
3850 3418 4004 3487 αὕτη

2437 3489 2834 3557 μυστικωτάτη.
2883 3490 2980 3542 Διά
3026 3491 3178 3544 τοῦτο
3227 3496 3319 3546 καὶ
3374 3496 3597 3559 Ἡσαΐας
3648 3502 3814 3568 φησὶ,
3873 3504 4008 3570 Τὴν

2435 3574 2642 3640 γενεὰν
2668 3575 2849 3628 αὐτοῦ
2872 3577 2960 3640 τίς
2988 3576 3325 3645 διηγήσεται
3348 3598 3365 3643 ;
3409 3582 3564 3635 Ἀλλά
3593 3587 3714 3653 περὶ
3741 3589 4003 3657 ἐκείνης,

2436 3661 2616 3727 φησὶν,
2661 3655 2777 3712 εἷπε
2807 3662 2902 3731 τῆς
2929 3663 3057 3718 ἀνω.
3090 3665 3153 3716 Τί
3172 3661 3262 3718 οὖν
3291 3667 3519 3737 ἐροῦμεν
3550 3671 3760 3741 Παύλῳ,
3806 3655 4001 3744 ἀμφο-

2433 3746 2594 3814 τέρας
2625 3747 2828 3800 εἰπόντι
2848 3747 2946 3811 τὰς
2974 3751 3265 3820 γεννήσεις,
3295 3755 3387 3806 καὶ
3408 3755 3523 3807 τότε
3554 3759 3885 3826 ἐπαγαγόντι
3911 3763 4003 3824 τὸ,

2446 3833 2961 3903 Ἆτενεαλόγητος;
2999 3839 3261 3909 Πρότερον
3309 3843 3413 3912 γὰρ
3457 3845 3656 3910 εἰπὼν,
3701 3848 4002 3916 Ἆπάτωρ,

2434 3918 2686 3987 ἀμήτωρ,
2718 3923 2835 3975 τότε
2865 3924 3105 3991 ἐπήγαγε
3138 3927 3217 3989 τὸ,
3255 3929 3761 3997 Ἀγενεαλόγ-ητος,
3792 3935 3882 3986 ἵνα
3920 3937 4003 4004 μὴ

2437 4005 2593 4074 μόνον
2625 4007 2742 4060 κατ’
2787 4008 2997 4076 ἐκείνην
3037 4010 3132 4080 τὴν
3169 4013 3449 4082 γέννησιν,
3486 4018 3606 4069 καθ’
3645 4019 3711 4088 ήν
3750 4020 4006 4092 ἀμήτωρ

2432 4091 2597 4152 ἐστὶν,
2643 4092 2778 4145 ἀλλά
2820 4094 2910 4147 καὶ
2948 4096 3086 4149 κατὰ
3128 4097 3349 4169 ταύτην,
3381 4101 3501 4153 καθ’
3533 4102 3599 4170 ἡν
3630 4102 3858 4175 ἀπάτωρ
3901 4091 4005 4178 ἦν,

2433 4177 2531 4249 τὴν
2556 4179 2702 4231 κάτω
2731 4179 2891 4247 λέγω,
2925 4182 3346 4255 ἀγενεαλόγητον
3371 4183 3509 4240 εἶναι
3539 4190 3852 4264 πιστεύσῃς.
3888 4196 4004 4248 Διά

2431 4264 2588 4318 τοῦτο
2609 4267 2917 4339 ἀμφοτέρας
2936 4269 3066 4334 θεὶς,
3084 4273 3203 4325 τότε
3223 4270 3345 4326 εἷπε
3361 4275 3438 4335 τὸ,
3470 4275 4003 4348 Ἀτενεαλόγ-ητοςπ

2434 4351 2526 4402 καὶ
2554 4351 2660 4422 γὰρ
2689 4354 2781 4406 καὶ
2810 4354 2944 4424 αὕτη
2977 4357 3008 4423 ἡ
3056 4358 3203 4410 κάτω
3245 4361 3653 4433 ἀκατάληπτος,
3707 4366 3794 4418 ἴνα
3848 4371 4006 4437 πρὸς

2432 4435 2640 4504 ἐκείνην
2693 4437 2823 4505 μηδὲ
2882 4441 3196 4510 παρακύψαι
3253 4445 3622 4517 τολμήσωμεν.
3676 4450 3736 4500 Εἰ
3774 4435 4006 4516 γάρῗτὰ

2431 4520 2735 4590 προπύλαια
2760 4524 2852 4576 τοῦ
2886 4526 3008 4577 ναοῦ
3034 4528 3172 4580 οὕτω
3206 4530 3405 4601 φοϐερὰ
3434 4533 3522 4585 καὶ
3548 4535 3838 4602 ἀπρόσιτα,
3869 4539 4005 4601 πῶς

2428 4605 2508 4666 εἰς
2532 4607 2600 4658 τὰ
2635 4607 2803 4661 ἀδυτά
2831 4626 2913 4673 τις
2944 4613 3196 4668 εἰσελθεῖν
3218 4617 3579 4688 ἐπιχειρήσει;
3614 4621 3732 4674 Ὀτι
3757 4624 3856 4690 μὲν
3881 4624 4007 4695 γὰρ

2427 4692 2683 4764 ἐγεννήθη
2721 4697 2783 4747 ἐκ
2811 4697 2904 4750 τοῦ
2938 4699 3167 4769 Πατρὸς,
3201 4697 3331 4756 οἴδα·
3357 4705 3415 4757 τὸ
3443 4706 3499 4758 δέ
3537 4707 3672 4773 πῶς,
3699 4709 3800 4762 οὐκ
3843 4692 4001 4768 οἶδα..

2430 4777 2549 4830 Ὀτι
2594 4779 2781 4850 ἐτέχθη
2828 4785 2890 4835 ἐκ
2935 4785 3030 4852 τῆς
3077 4788 3377 4855 παρθένου,
3430 4791 3762 4862 ἐπίσταμαι·
3799 4797 3900 4849 τὸν
3941 4799 4005 4850 δὲ

2425 4863 2619 4933 τρόπον
2666 4866 2783 4919 οὐδέ
2831 4869 3059 4922 ἐνταῦθα
3091 4874 3502 4942 καταλαμϐάνω.
3552 4878 3850 4949 Ἐκατέρας
3881 4884 4006 4954 γὰρ

2428 4948 2578 5019 [171]
2609 4950 2876 5024 φύσεωςὴ
2904 4955 3152 5023 γέννησις
3179 4958 3531 5027 ὁμολογεῖται,
3577 4967 3669 5018 καὶ
3715 4948 4002 5041 ἑκατέρας

2423 5035 2451 5084 6
2471 5036 2665 5104 τρόπος
2690 5038 2985 5106 σεσίγηται.
3014 5042 3122 5094 Καὶ
3144 5043 3328 5116 ὥσπερ
3349 5047 3577 5102 ἐνταῦθα
3600 5053 3690 5103 ἐπὶ
3717 5054 3816 5122 τῆς
3837 5035 4004 5128 παρ-

2423 5119 2606 5214 θένου,
2637 5122 2735 5175 οὐκ
2781 5124 2933 5187 εἰδὼς
2972 5126 3080 5193 ἐγὼ
3127 5131 3243 5194 πῶς
3275 5135 3338 5185 ἐκ
3383 5137 3644 5206 παρθένου
3679 5119 3999 5214 ἐγεννήθη,

2419 5205 2772 5301 ὁμολογῶρτι
2807 5212 3064 5301 ἐγεννήθη
3089 5254 3112 5301 ,γ
3137 5217 3230 5270 καὶ
3276 5221 3374 5274 οὐκ
3413 5205 3616 5292 ἀναιρῶ
3652 5225 3710 5275 τὸ
3746 5205 4007 5301 πρωῒ-γιλᾷ

2419 5290 2505 5380 διά
2532 5292 2628 5360 τὴν
2658 5293 2873 5380 ἀγνοιαν
2903 5295 2995 5349 τοῦ
3022 5300 3241 5369 τρόπουο
3273 5304 3411 5358 οὕτω
3435 5290 3616 5360 καὶσὺ
3640 5290 4008 5380 ποίησον-ἐπὶ

2415 5375 2509 5428 τοῦ
2530 5379 2757 5448 Πατρός·
2776 5381 2821 5431 εἰ
2842 5381 2932 5433 καὶ
2951 5384 3048 5436 οὐκ
3068 5381 3213 5451 οἶδας
3239 5390 3352 5453 πῶς
3371 5393 3652 5461 ἐγεννήθη,
3681 5375 3765 5457 τὸ,
3784 5398 4008 5467 Ἐτ-εν-

2416 5463 2589 5531 νήθη,
2623 5465 2946 5537 ὁμολόγησον
2977 5472 3028 5528 δ.
3060 5473 3176 5527 Κάν
3204 5476 3335 5549 λέγῃ
3363 5496 3442 5530 σοι
3471 5482 3498 5531 6
3523 5482 3790 5550 αἱρετικὸς
3812 5524 3826 5546 ,
3858 5463 4009 5555 ⁷Πῶς

2473 5632 2670 5717 ρξεξιι.
2698 5639 2758 5717 Et
2800 5635 2999 5717 lfa’IeIsiro
3040 5639 3299 5717 legenggm
3329 5646 3516 5696 videtur
3560 5652 3598 5697 εἰ
3639 5651 3689 5700 δὲ
3729 5652 3820 5700 οὐκ
3856 5660 4015 5717 οἶδας

2416 5697 2512 5748 πῶς
2538 5695 2765 5754 ἐγέννησε,
2790 5697 2842 5743 τὸ
2863 5699 3074 5758 ἐγέννησε
3090 5695 3399 5762 ὂμολόγησον.
