4148 6306
206 352 308 408 165

192 456 256 509 tis
293 454 449 508 etiam
494 454 611 523 ipso
637 467 700 506 ex
730 463 941 521 aspecm
970 448 1223 520 vertigine
1252 449 1639 516 corripiuntur:
1671 446 1744 499 il’li

192 556 312 595 vero
341 556 438 596 nec
467 542 520 595 itt
559 541 746 596 mediis
785 540 1025 594 ﬂuctibus
1052 538 1443 607 perturbantur.
1477 537 1585 589 Hoc
1613 544 1664 588 et
1694 541 1745 587 in

190 638 365 683 mente
393 638 572 685 nostra
596 631 774 684 evenit
801 647 814 682 :
845 627 1101 697 siquidem
1130 638 1181 681 et
1211 628 1373 695 ipsam
1398 640 1538 692 saepe
1558 625 1745 677 ﬂuetus

189 716 640 784 perturbationum
693 717 948 771 invadunt
995 717 1158 770 multo
1210 713 1427 767 marinis
1469 712 1742 775 saeviores,

190 804 348 860 veluti
379 808 605 875 procella
640 806 958 872 iracundias,
986 822 1102 876 qua:
1128 808 1373 860 deorsum
1414 820 1506 859 eor
1546 806 1741 874 dejicit,

188 905 239 950 et
266 912 442 964 prava:
472 898 771 965 cupiditatis
813 899 989 961 venti,
1037 898 1124 967 qui
1167 898 1383 951 multam
1423 900 1651 953 excitant
1692 900 1742 951 in

190 997 361 1042 mente
392 989 870 1043 conturbationem.
892 990 1064 1056 Atque
1089 990 1131 1041 is
1159 988 1365 1057 quidem
1392 991 1477 1057 qui
1505 990 1741 1056 inexper-

187 1088 265 1131 tus
314 1088 397 1133 est
444 1089 497 1134 et
535 1081 936 1143 inexercitatus,
978 1079 1259 1147 incipiente
1301 1079 1393 1132 ira:
1413 1085 1743 1147 tempestate,

185 1171 438 1222 continuo
480 1171 749 1231 turbatur,
781 1177 1145 1222 commovetur
1167 1209 1181 1233 ,
1212 1168 1469 1237 agitatur,
1516 1168 1740 1220 animam

184 1260 300 1310 sinit
324 1259 392 1312 ab
419 1258 692 1311 affectibus
716 1258 1001 1326 submergi,
1027 1272 1091 1311 ac
1120 1257 1443 1325 naufragium
1472 1257 1574 1323 pati
1606 1274 1617 1308 :
1650 1256 1738 1323 qui

185 1363 302 1400 vero
324 1359 572 1416 expertus
598 1357 649 1401 et
670 1348 989 1400 exercitatus
1011 1358 1090 1400 est
1114 1347 1176 1400 ad
1200 1347 1310 1400 hate
1335 1348 1507 1399 omnia
1541 1348 1738 1414 patien-

185 1447 259 1489 ter
302 1437 521 1490 ferenda
542 1478 556 1502 ,
603 1446 865 1504 tamquam
892 1436 1291 1505 gubernatorem
1319 1435 1384 1488 ad
1423 1434 1623 1487 clavum
1651 1449 1735 1488 se-

184 1528 415 1592 dentem,
452 1531 521 1582 ita
553 1531 806 1583 rationem
839 1544 993 1598 supra
1027 1530 1442 1598 perturbatioaes
1472 1532 1596 1582 istas
1623 1532 1737 1583 col-

182 1618 351 1681 locat,
388 1634 558 1687 neque
600 1620 743 1687 prius
772 1620 981 1673 absistit
1021 1621 1263 1673 omnibus
1309 1620 1514 1672 tentatis
1537 1661 1550 1683 ,
1582 1636 1735 1687 quam

182 1711 441 1777 navigium
470 1711 534 1762 ad
560 1712 889 1779 tranquillum
916 1710 1253 1778 philosophiae
1278 1722 1482 1780 portum
1507 1713 1734 1770 duxerit.

182 1796 322 1862 Quod
352 1798 511 1866 igitur
538 1798 594 1850 ﬁt
621 1800 670 1850 in
700 1800 853 1862 mari,
881 1808 935 1851 et
955 1798 1096 1867 quod
1124 1799 1175 1852 in
1202 1808 1376 1855 mente
1401 1802 1611 1867 accidit,
1636 1801 1735 1855 hoc

181 1898 229 1940 et
270 1891 321 1941 in
366 1891 697 1958 expositione
742 1889 1126 1959 Scripturarum
1167 1893 1346 1945 evenit
1375 1910 1387 1946 :
1416 1895 1731 1945 commoveri

178 1992 395 2033 necesse
424 1990 505 2033 est
547 1995 606 2034 ac
638 1981 868 2047 turbari,
912 1992 1185 2051 postquam
1212 1984 1262 2036 in
1301 1983 1512 2052 pelagus
1539 1987 1733 2052 egressi

179 2067 448 2134 fuerimus,
479 2084 583 2122 non
603 2070 741 2138 quod
771 2070 1098 2125 formidabile
1126 2073 1193 2124 sit
1220 2072 1449 2140 pelagus,
1477 2072 1570 2125 sed
1595 2072 1733 2140 quod

178 2155 435 2224 inexperti
465 2158 630 2211 simus
669 2173 765 2211 nos
791 2162 881 2227 qui
913 2161 1234 2228 navigamus.
1264 2160 1392 2213 Nam
1422 2161 1732 2223 orationem,

181 2260 291 2310 qua:
319 2260 414 2297 sua
444 2256 631 2300 natura
660 2247 727 2301 sit
763 2246 961 2311 facilis,
1007 2248 1076 2301 ob
1104 2248 1412 2316 imperitiam
1439 2248 1732 2301 auditorum

178 2332 440 2386 difﬁcilem
469 2334 583 2388 ﬁeri
605 2377 620 2401 ,
656 2336 875 2390 Paulum
903 2337 1051 2389 vobis
1076 2343 1261 2388 testem
1292 2338 1570 2405 proferam.
1603 2339 1731 2392 Cum

176 2426 307 2477 enim
335 2427 606 2481 Christum
636 2427 854 2482 dixisset
899 2427 1205 2482 Pontiﬁcetn
1248 2429 1410 2482 fuisse
1448 2429 1731 2483 secundum

176 2516 410 2570 ordinem
441 2518 808 2581 Melchisedec,
849 2519 1278 2588 quaesivissetque
1316 2520 1431 2588 quis
1460 2519 1732 2574 Melchise-

175 2606 267 2659 dec
293 2619 457 2672 esset,
482 2609 704 2676 adjecit:
729 2608 807 2661 De
834 2626 931 2677 quo
959 2611 1165 2679 grandis
1193 2612 1330 2664 nobis
1355 2628 1516 2665 sermo
1536 2653 1550 2675 ,
1580 2622 1623 2665 et
1650 2612 1731 2664 in-

176 2703 444 2761 terpretata
472 2696 683 2763 difﬁcilis
710 2697 892 2764 (Hebr.
919 2699 971 2753 5.
1003 2701 1113 2769 Η).
1147 2700 1279 2766 Quid
1308 2701 1401 2763 ais,
1432 2700 1581 2753 beate
1601 2701 1733 2753 Pau-

174 2782 259 2837 le?
302 2784 494 2839 Tibine
536 2786 764 2839 difﬁcilis
810 2797 891 2842 est
936 2790 1317 2857 interpretatu,
1361 2792 1446 2858 qui
1477 2790 1731 2858 spirituali

173 2872 333 2937 polles
362 2875 621 2940 sapientia
643 2914 657 2939 ,
689 2876 775 2943 qui
804 2891 994 2930 arcana
1037 2879 1195 2931 verba
1239 2878 1518 2943 audivisti,
1550 2880 1638 2948 qui
1668 2879 1730 2933 ad

174 2965 377 3015 tertium
423 2974 603 3032 raptus
642 2980 700 3018 es
725 2966 955 3019 calum?
995 2966 1051 3021 Si
1084 2968 1173 3021 tibi
1200 2967 1428 3023 difficilis
1460 2978 1540 3021 est
1570 2970 1732 3022 inter-

171 3063 409 3121 pretatu,
456 3070 484 3106 a
528 3071 632 3124 quo
677 3058 866 3124 poterit
915 3058 1328 3126 comprehendi?
1356 3059 1478 3112 Mihi
1505 3059 1732 3113 difﬁcilis

169 3153 244 3197 est
273 3143 621 3212 interpretatu
644 3188 656 3209 ,
697 3146 897 3214 inquit,
929 3163 1031 3199 non
1063 3148 1130 3201 oh
1171 3163 1316 3201 suam
1348 3148 1729 3211 difﬁcultatem,

176 3232 263 3285 Sed
289 3232 358 3285 ob
379 3233 679 3287 auditorum
703 3236 1078 3290 inﬁrmitatem.
1109 3237 1390 3306 Postquam
1416 3240 1553 3292 enim
1581 3239 1728 3303 dixit,

169 3320 512 3390 Interpretatu
555 3326 799 3393 diﬁcilis,
846 3327 1081 3387 adjunin
1123 3345 1135 3378 :
1175 3327 1424 3391 Quoniam
1465 3328 1732 3382 imbecilles

170 3414 285 3479 facti
307 3415 425 3466 estis
448 3414 515 3465 ad
536 3415 857 3467 audiendum.
887 3416 1044 3469 Vides
1066 3431 1168 3470 non
1193 3428 1427 3469 naturam
1454 3419 1729 3479 sermonis,

168 3502 257 3555 sed
300 3503 605 3557 auditorum
636 3504 947 3572 imperitiam
979 3505 1241 3560 difﬁcilem
1273 3523 1390 3561 eum
1420 3508 1727 3569 reddidisse,

169 3592 252 3657 qui
282 3591 517 3645 difficilis
547 3594 763 3647 minime
793 3594 934 3647 fuit?
972 3595 1148 3664 Neque
1177 3612 1300 3649 vero
1332 3597 1592 3650 difficilem
1622 3609 1731 3649 tan-

170 3687 295 3743 tum,
322 3681 415 3733 sed
441 3690 498 3735 et
520 3682 771 3749 grandem
796 3684 957 3737 efficit
981 3700 1119 3745 eum,
1146 3688 1230 3753 qui
1260 3686 1431 3739 brevis
1456 3686 1523 3738 sit
1548 3687 1729 3740 eadem

168 3781 319 3821 causa
352 3788 365 3821 :
394 3780 723 3838 quapropter
751 3787 855 3824 non
903 3773 1059 3825 modo
1096 3772 1359 3825 difficilem
1392 3775 1730 3841 interpretatu

168 3871 282 3909 eum
312 3873 435 3914 esse
465 3860 615 3922 dixit,
644 3875 825 3912 verum
856 3861 1012 3912 etiam
1041 3861 1330 3925 grandem,
1360 3872 1411 3913 et
1453 3864 1731 3931 longitudi-

170 3946 247 3999 nis
266 3987 280 4009 ,
311 3956 365 3999 et
393 3945 721 4001 difficultatis
750 3962 961 4001 causam
1002 3950 1306 4003 adscribens
1331 3952 1535 4003 aurium
1570 3952 1734 4004 imbe-

168 4035 389 4087 cillitati.
422 4034 557 4088 Nam
588 4036 721 4089 sient
754 4036 876 4089 dum
905 4053 1076 4105 agros
1103 4053 1346 4091 curamus
1387 4055 1489 4091 non
1529 4049 1734 4107 Oportet

169 4128 504 4181 subitaneam
534 4136 586 4180 et
613 4137 790 4195 paratu
822 4128 1027 4182 facilem
1057 4144 1290 4182 mensam
1323 4130 1424 4181 illis
1446 4144 1730 4197 appoaere,

169 4216 257 4269 sed
286 4217 433 4269 varia
465 4224 590 4268 sunt
620 4217 721 4269 illis
746 4216 921 4270 edulia
949 4218 1197 4285 paranda,
1228 4227 1283 4270 ut
1312 4219 1353 4270 si
1382 4226 1608 4286 tngrotns
1637 4219 1735 4270 hoc

167 4314 377 4373 gustare
404 4304 673 4368 noluerit,
706 4304 929 4359 alterum
955 4314 1128 4358 sumat
1160 4319 1173 4356 :
1202 4304 1339 4372 quod
1380 4306 1423 4357 si
1463 4304 1586 4358 illud
1631 4319 1735 4357 non

168 4393 444 4455 admittat,
479 4392 621 4445 aliud
651 4401 888 4460 acceptet
915 4410 930 4445 :
962 4402 1052 4447 aut
1080 4394 1123 4445 si
1155 4392 1254 4445 hoc
1283 4393 1553 4461 repudiet,
1584 4392 1734 4445 alteri

168 4496 377 4536 manum
412 4481 652 4549 injiciat,
683 4489 737 4534 et
771 4482 1006 4535 ciborum
1038 4482 1286 4535 varietate
1327 4480 1588 4533 fastidium
1617 4482 1732 4533 vin—

169 4585 365 4633 camus,
400 4585 467 4623 ac
497 4569 802 4623 diversitate
830 4584 1027 4623 mensa:
1053 4569 1213 4622 animi
1242 4571 1353 4636 ejus
1379 4568 1732 4621 morositatem

169 4661 471 4730 mitigemus
501 4676 516 4711 :
544 4660 613 4711 ita
635 4674 998 4726 saepenumero
1027 4661 1077 4711 in
1106 4659 1460 4727 spiritualibus
1478 4658 1735 4711 conviviis

167 4762 243 4805 est
269 4749 562 4818 agendum.
591 4748 720 4801 Cum
748 4746 942 4801 infirmi
972 4749 1154 4811 simus,
1200 4748 1360 4799 multa
1400 4755 1454 4801 et
1481 4748 1623 4799 varia
1652 4747 1731 4799 in-

168 4840 428 4893 stituenda
446 4847 533 4892 est
551 4839 741 4903 oratio,
761 4852 877 4906 quae
897 4839 1315 4905 comparationes
1335 4836 1543 4900 habeat,
1566 4850 1737 4889 exem-

168 4930 246 4997 pla
271 4971 284 4993 ,
326 4928 813 4981 demonstrationes
835 4966 850 4991 ,
879 4927 1158 4979 verborum
1199 4925 1449 4978 circuitus
1474 4964 1488 4988 ,
1532 4925 1735 4991 aliaque

168 5020 325 5071 multa
365 5016 669 5085 ejusmodi,
701 5026 758 5068 ut
785 5031 849 5069 ex
889 5015 1135 5069 omnibus
1164 5013 1331 5066 facilis
1368 5013 1435 5064 sit
1461 5012 1611 5064 nobis
1638 5027 1735 5065 eo-

168 5123 280 5161 rum
303 5149 317 5172 ,
351 5120 476 5175 quae
509 5105 615 5158 sint
656 5104 924 5172 profutura
947 5144 963 5169 ,
1008 5104 1260 5157 delectus.
1310 5101 1589 5157 Enimvero
1619 5099 1738 5152 licet

166 5196 378 5263 grandis
408 5204 560 5248 esset
585 5202 738 5261 atque
778 5194 1119 5261 interpretatu
1148 5190 1375 5243 difﬁcilis
1419 5189 1507 5241 ille
1540 5201 1735 5252 sermo,

170 5297 498 5353 nequaquam
531 5281 645 5335 illos
670 5280 907 5333 doctrina
933 5280 1000 5334 de
1021 5278 1366 5333 Melchisedec
1395 5276 1617 5344 privavit
1638 5274 1733 5345 (a),

168 5387 282 5425 cum
316 5381 371 5426 et
410 5368 643 5423 dicendo
669 5368 920 5437 grandem
961 5368 1104 5422 illum
1134 5381 1253 5422 esse
1279 5376 1433 5434 atque
1474 5364 1736 5430 interpre-

170 5471 275 5515 tatu
301 5460 585 5516 difﬁcilem
610 5460 817 5513 illorum
842 5458 1071 5513 studium
1094 5457 1351 5521 excitarit,
1378 5467 1431 5509 ut
1456 5454 1738 5509 alacriores

226 5612 302 5676 (0)
334 5618 419 5665 ﬂic
444 5624 497 5665 et
521 5613 644 5663 infra
669 5613 972 5664 Colbertinus
1002 5615 1050 5663 in
1073 5613 1231 5663 multis
1253 5612 1431 5663 deﬁcit.

1159 339 1248 393 DE
1289 332 1812 393 PROPHETIARUM
1852 331 2341 395 OBSCURITATE.
2378 339 2417 395 1.

3298 366 3409 420 166

1857 444 2041 500 ﬁerent
2062 449 2125 501 ad
2147 450 2460 503 audiendum
2486 468 2499 505 :
2523 459 2574 506 et
2601 452 2720 506 dum
2752 450 2853 508 illis
2874 469 3104 509 mensam
3132 457 3399 521 instruxit,

1853 548 2033 589 eorum
2062 540 2327 604 cupiditati
2361 542 2511 594 fuerit
2540 542 2877 611 obseqnutus.

1920 647 1973 699 2.
2007 649 2269 716 Scriptura
2295 668 2438 704 sacra
2463 655 2705 720 quomodo
2734 658 3012 708 tractanda.
3039 658 3298 711 Anomtzos
3318 677 3400 713 rc-

1851 737 2069 806 darguit.
2099 740 2346 793 Adversus
2376 743 2628 796 hereticos
2656 746 2716 797 de
2761 756 2944 799 a'terna
2972 746 3151 802 Christi
3189 769 3398 821 genera-

1850 827 2000 880 tione.
2027 827 2285 882 Generatio
2306 832 2452 884 etiam
2474 842 2663 887 terrena
2685 835 2867 889 Christi
2890 855 2987 892 non
3008 843 3393 911 intelligitur.—

1849 919 1958 973 lloc
1987 936 2081 974 nos
2110 938 2316 992 quoque
2341 924 2626 980 faciamus:
2661 931 2862 982 tametsi
2893 934 3258 999 prophetarum
3303 937 3399 989 im-

1849 1023 2087 1061 mensum
2124 1021 2203 1064 est
2229 1014 2459 1082 pelagus,
2483 1016 2761 1085 multa-que
2784 1019 2954 1071 insunt
2978 1022 3082 1075 illic
3101 1026 3396 1092 voragines,

1846 1097 2094 1152 audacter
2138 1117 2231 1168 pro
2270 1112 2447 1157 nostra
2476 1106 2607 1158 virili
2636 1116 2781 1173 parte
2822 1123 2962 1161 mare
3006 1110 3393 1179 ingrediamnr;

1846 1188 1952 1240 imo
1974 1204 2118 1252 vero,
2144 1208 2245 1245 non
2276 1208 2370 1261 pro
2398 1206 2570 1248 nostra
2594 1198 2727 1250 virili
2762 1211 2925 1265 parte,
2956 1201 3046 1253 sed
3072 1213 3221 1266 prout
3246 1206 3397 1259 nobis

1844 1291 2069 1345 superna
2108 1284 2269 1349 gratia
2309 1298 2614 1339 concessum
2658 1286 2845 1351 fuerit,
2894 1306 2993 1344 non
3046 1293 3229 1347 fiducia
3279 1297 3391 1350 freti

1843 1375 2020 1417 nostra
2042 1408 2054 1428 ,
2087 1369 2176 1421 sed
2223 1372 2566 1438 procuranda:
2593 1374 2828 1428 utilitatis
2853 1389 3037 1431 vestrm
3066 1396 3217 1435 causa
3250 1400 3394 1439 mare

1844 1452 2091 1509 audacter
2117 1458 2487 1525 ingrediatnur,
2520 1472 2572 1516 et
2603 1463 2652 1514 itt
2683 1463 2779 1516 hoc
2804 1480 3007 1533 quoque
3034 1468 3247 1523 Paulum
3276 1473 3393 1526 imi-

1844 1552 2031 1597 temur.
2062 1546 2208 1611 Quod
2241 1550 2379 1601 enim
2411 1552 2646 1605 oratione
2673 1552 2739 1606 de
2770 1552 3113 1609 Melchisedcc
3152 1558 3265 1611 illos
3291 1564 3389 1613 mi-

1841 1634 1981 1688 nime
2007 1639 2243 1704 privarit,
2273 1654 2334 1691 ex
2366 1641 2446 1703 iis,
2480 1656 2594 1707 quae
2622 1653 2924 1710 sequuntur,
2954 1645 3226 1714 intelliges.
3254 1648 3391 1705 Sane

1841 1737 1958 1775 cum
1987 1725 2236 1787 dixisset,
2288 1727 2358 1779 De
2394 1744 2489 1791 quo
2527 1731 2730 1797 grandis
2773 1748 2964 1792 sermo,
2997 1744 3041 1785 et
3069 1736 3389 1804 interpretata

1840 1811 2053 1879 difﬁcilis
2073 1853 2084 1873 ,
2128 1814 2317 1881 adjecit
2345 1834 2355 1867 :
2383 1814 2481 1867 Hic
2508 1819 2636 1869 enim
2664 1817 2989 1873 Melchisedec
3007 1863 3024 1885 ,
3052 1839 3139 1877 rea:
3155 1826 3385 1892 justitiw,

1838 1902 2016 1953 deinde
2043 1913 2205 1955 autem
2247 1914 2291 1955 et
2333 1921 2421 1958 rex
2446 1905 2613 1959 Salem
2637 1948 2651 1972 ,
2692 1910 2825 1977 quod
2861 1920 2929 1962 est
2966 1927 3052 1963 rex
3086 1914 3221 1981 pacis
3244 1954 3259 1977 ,
3285 1916 3390 1968 sine

1838 2000 1979 2060 patre
1996 2032 2009 2053 ,
2056 1993 2162 2045 sine
2186 2004 2369 2057 matre,
2401 1997 2506 2047 sine
2532 1998 2816 2065 genealoyia
2834 2037 2849 2061 ,
2889 2015 3040 2066 neque
3064 2001 3254 2053 initium
3278 2004 3387 2056 die-

1838 2097 1970 2146 rum,
2000 2098 2153 2149 neque
2178 2086 2289 2136 vita:
2315 2086 2464 2149 ﬁnem
2493 2086 2675 2138 habens
2697 2102 2716 2139 :
2739 2089 3037 2142 assimilatas
3069 2100 3231 2144 autem
3254 2091 3390 2146 Filio

1837 2163 1933 2216 Dei
1958 2176 2121 2217 manet
2148 2168 2379 2220 sacerdos
2407 2170 2456 2220 in
2487 2181 2772 2237 perpetuum
2799 2174 2815 2239 (
2838 2172 2989 2225 Hebr.
3022 2175 3070 2226 7.
3102 2176 3254 2243 1-3).
3283 2180 3389 2232 An-

1840 2270 1940 2308 non
1963 2264 2162 2309 vestras
2182 2272 2337 2312 aures
2360 2260 2679 2326 perturbavit
2700 2262 2764 2314 de
2788 2263 2995 2317 homine
3012 2266 3166 2318 verba
3191 2267 3387 2321 faciens

1838 2344 2050 2409 Paulus,
2080 2362 2140 2401 ac
2166 2347 2367 2412 dicens,
2399 2350 2524 2402 Sine
2548 2360 2703 2417 patre,
2733 2353 2837 2405 sine
2860 2355 3057 2407 matre?
3086 2355 3215 2421 Quid
3243 2358 3382 2421 dico,

1836 2434 1905 2489 de
1934 2436 2190 2490 homine?
2229 2437 2356 2491 Nam
2383 2438 2427 2491 si
2472 2439 2570 2492 hoc
2596 2439 2661 2493 de
2688 2441 2891 2493 Christo
2918 2444 3071 2496 etiam
3101 2445 3383 2505 diceretur.

1838 2540 2011 2581 nonne
2040 2527 2115 2581 sic
2142 2528 2299 2581 etiam
2339 2530 2554 2583 multam
2585 2533 2849 2599 quaerendi
2890 2535 3215 2588 occasionem
3249 2552 3385 2605 pra:-

1838 2616 2025 2671 beret?
2067 2618 2119 2673 Si
2149 2620 2289 2673 enim
2319 2629 2400 2674 est
2442 2622 2554 2675 sine
2598 2634 2763 2690 patre,
2809 2626 3069 2689 quomodo
3098 2627 3295 2680 Filius?
3340 2630 3384 2683 si

1838 2707 1952 2760 sine
1979 2708 2152 2772 Patre,
2181 2710 2441 2777 quomodo
2465 2711 2806 2780 Unigenitus?
2837 2714 2994 2768 Filius
3021 2718 3155 2769 enim
3184 2728 3385 2788 patrem

1838 2795 2032 2850 habere
2057 2797 2234 2861 debet,
2264 2800 2452 2868 alioqui
2483 2802 2618 2854 filius
2649 2818 2751 2855 non
2780 2804 2896 2857 erit.
2929 2807 3165 2860 Attamen
3193 2820 3247 2863 et
3273 2812 3387 2866 sine

1836 2896 1984 2954 patre
2013 2886 2177 2943 Filius
2206 2889 2294 2944 Dei
2324 2900 2423 2955 est,
2454 2901 2507 2945 et
2535 2894 2648 2946 sine
2676 2904 2867 2950 matre.
2896 2895 3010 2962 Quo
3039 2898 3244 2953 tandem
3274 2918 3387 2954 mo-

1837 2976 1947 3029 do?
1992 2975 2118 3031 Sine
2160 2987 2307 3046 patre
2350 2980 2631 3034 secundum
2678 2990 2935 3037 terrenam
2973 2989 3381 3054 generationem,

1836 3065 1949 3117 sine
1978 3075 2145 3121 matre
2168 3068 2453 3121 secundum
2480 3070 2741 3124 etelestent
2774 3090 2788 3125 :
2815 3088 2932 3125 nam
2960 3090 3125 3143 neque
3153 3078 3202 3129 in
3235 3081 3387 3133 terris

1837 3156 2014 3211 habuit
2055 3169 2255 3227 patrem
2278 3199 2291 3223 ,
2326 3175 2493 3228 neque
2522 3170 2742 3216 matrem
2782 3164 2831 3217 in
2863 3164 3023 3218 ctrlis.
3056 3166 3175 3220 Sine
3204 3185 3384 3236 genea-

1836 3246 1988 3315 logia.
2022 3246 2279 3309 Audiam,
2312 3252 2398 3315 qui
2444 3250 2558 3315 ejus
2598 3252 2875 3304 essentiam
2904 3254 3108 3307 Curiose
3146 3268 3385 3311 scrutan-

1838 3344 1961 3387 tur:
1992 3337 2198 3388 tametsi
2245 3336 2565 3390 arbitrantur
2610 3338 2856 3406 quidam,
2901 3341 3038 3408 quod
3080 3342 3160 3396 hic
3200 3345 3389 3399 dicitur

1838 3424 1962 3478 Sine
1983 3424 2295 3497 genealogia,
2323 3428 2387 3481 ad
2414 3428 2674 3481 caelestem
2693 3432 3076 3498 generationem
3104 3435 3384 3501 pertinere.

1836 3514 1963 3567 Nam
2005 3515 2237 3569 haeretici
2280 3533 2345 3570 ne
2393 3517 2493 3571 hoc
2534 3519 2743 3587 quidem
2774 3522 2994 3574 volunt:
3026 3526 3214 3575 etenim
3242 3525 3387 3577 illam

1837 3620 2043 3673 quoque
2065 3607 2272 3659 curiose
2294 3616 2591 3661 scrutantur
2614 3618 2665 3661 et
2687 3610 2949 3676 inquirunt
2973 3629 2984 3661 :
3009 3614 3092 3679 qui
3118 3628 3238 3664 vero
3265 3624 3387 3668 sunt

1836 3695 1972 3746 inter
2014 3695 2130 3747 illos
2174 3694 2541 3760 modestiores,
2585 3697 2655 3750 iih
2695 3700 3013 3766 generationi
3063 3701 3159 3754 hoc
3195 3717 3384 3755 conce-

1836 3785 1969 3837 dunt
1996 3801 2009 3837 :
2039 3783 2106 3837 de
2136 3792 2347 3839 terrena
2379 3801 2480 3839 non
2509 3787 2633 3841 item
2674 3788 2867 3842 dictum
2909 3792 3204 3845 existimant
3240 3794 3385 3861 illud,

1838 3874 1963 3928 Sine
1990 3875 2297 3944 genealogia.
2347 3875 2699 3931 Ostendamus
2743 3878 2900 3947 igitur
2942 3880 3039 3933 hoc
3080 3881 3143 3934 de
3174 3893 3389 3951 utraque

1840 3963 2056 4017 Paulum
2096 3966 2439 4034 generatione
2475 3966 2702 4033 dixisse,
2734 3968 2800 4022 de
2838 3970 3029 4024 ca-lesti
3061 3973 3213 4025 simul
3243 3986 3294 4027 et
3321 3975 3388 4030 de

1838 4064 2043 4109 terrena
2076 4073 2091 4110 :
2124 4071 2242 4109 nam
2274 4066 2325 4109 et
2352 4056 2433 4109 illa
2463 4057 2734 4111 tremenda
2764 4069 2873 4124 est,
2917 4070 2970 4113 et
3012 4060 3124 4114 btec
3168 4065 3385 4133 mystica

1837 4148 2082 4201 maxime.
2109 4147 2390 4215 Propterea
2412 4147 2617 4201 dicebat
2637 4148 2793 4201 etiam
2817 4149 2991 4215 Isaias,
3016 4148 3387 4208 Generationent

1838 4237 1946 4303 ejus
1968 4237 2075 4305 quis
2100 4235 2347 4288 enarrabit
2376 4234 2522 4306 ffsai.
2546 4236 2632 4291 55.
2656 4236 2720 4306 8)
2740 4238 2764 4289 τ
2787 4238 2940 4307 Atqui
2964 4239 3029 4294 de
3055 4241 3142 4293 illa
3166 4244 3383 4304 caelesti.

1842 4326 2040 4395 inquit,
2090 4325 2189 4380 hoc
2230 4324 2377 4380 dixit.
2426 4326 2560 4392 Quid
2609 4341 2734 4394 ergo
2781 4326 2940 4380 Paulo
2987 4328 3253 4391 dicemus,
3297 4333 3383 4401 qui

1842 4424 2114 4481 utramque
2156 4415 2543 4483 generationem
2590 4418 3051 4480 commemoravit,
3092 4434 3154 4472 ac
3198 4419 3390 4474 deinde

1840 4505 1986 4567 illud,
2014 4504 2135 4557 Sine
2159 4506 2465 4573 genealogia,
2494 4504 2800 4572 subiunxit?
2829 4504 2959 4559 Cum
2990 4508 3127 4560 enim
3158 4520 3277 4562 ante
3303 4510 3386 4562 di-

1839 4594 2033 4659 xisset,
2063 4595 2185 4647 Sine
2224 4604 2396 4662 patre,
2442 4594 2549 4646 sine
2587 4602 2777 4659 matre,
2818 4604 2933 4661 post
2968 4594 3201 4663 adjunxit
3225 4641 3239 4660 ,
3271 4598 3393 4652 Sine

1840 4684 2162 4753 genealogia,
2193 4692 2251 4736 ut
2279 4698 2384 4736 non
2415 4681 2571 4735 modo
2598 4681 2882 4735 secundum
2918 4682 3055 4736 illam
3093 4690 3389 4752 generatio.

1840 4788 1983 4838 nem,
2025 4773 2309 4827 secundum
2338 4785 2494 4839 quam
2522 4780 2602 4824 est
2629 4772 2740 4823 sine
2769 4778 2939 4825 matre
2960 4813 2973 4835 ,
3003 4775 3091 4825 sed
3120 4776 3273 4827 etiam
3303 4792 3391 4830 se.-

1841 4861 2068 4915 cundum
2093 4862 2245 4923 hanc,
2269 4860 2558 4914 secundum
2583 4872 2736 4927 quam
2766 4869 2877 4912 erat
2904 4860 3017 4913 sine
3042 4869 3207 4929 patre,
3231 4872 3391 4919 terre-

1841 4966 1961 5005 nam
1987 4951 2125 5017 dico,
2156 4952 2269 5004 sine
2296 4949 2596 5019 genealogia
2628 4950 2793 5017 ipsum
2820 4964 2935 5004 esse
2961 4951 3160 5004 eredas.
3196 4952 3392 5007 ideirco

1841 5050 2057 5111 utraque
2082 5041 2251 5111 posita
2297 5040 2458 5104 dixit,
2492 5041 2612 5093 Sine
2638 5039 2924 5110 genealogia
2948 5080 2963 5106 ,
2992 5056 3110 5094 nam
3140 5041 3255 5098 hac
3284 5050 3391 5097 ter-

1843 5148 1971 5187 rena
2001 5132 2373 5200 comprehendi
2404 5146 2504 5184 non
2537 5140 2746 5199 potest,
2780 5140 2835 5183 ut
2864 5131 2915 5183 in
2960 5131 3102 5185 illam
3131 5147 3196 5187 ne
3222 5136 3390 5201 reszzi-

1843 5240 1964 5279 eere
1989 5224 2201 5292 quidem
2227 5224 2533 5277 audeamus.
2564 5221 2691 5274 Nam
2721 5222 2765 5275 si
2795 5221 2968 5288 templi
2992 5222 3241 5276 vestibula
3272 5236 3393 5277 sunt

1844 5313 1975 5366 adeo
2004 5310 2257 5367 terribilia
2288 5321 2341 5366 et
2380 5313 2643 5364 inaccessa
2666 5351 2679 5373 ,
2709 5324 2811 5378 quo
2837 5317 2986 5379 pacto
3020 5311 3069 5364 in
3100 5312 3208 5379 ipsa
3238 5312 3392 5382 adyta

1844 5410 2118 5473 penetrare
2168 5403 2285 5471 quis
2344 5399 2604 5455 audebit?
2650 5399 2894 5456 Gmitum
2941 5401 3077 5455 enim
3124 5416 3185 5454 ex
3240 5401 3393 5456 Patre

1843 5493 2006 5549 fuisse
2051 5495 2158 5548 scio
2200 5512 2215 5548 :
2256 5506 2359 5564 quo
2405 5499 2591 5561 pacto,
2640 5490 2840 5546 nescio.
2888 5490 2968 5544 Ex
3004 5490 3200 5560 virgine
3246 5490 3390 5544 illum

1847 5588 2009 5649 fuisse
2048 5597 2223 5644 natum
2253 5586 2405 5649 novi;
2452 5581 2667 5636 modum
2708 5588 2878 5635 autem
2946 5593 3014 5635 ne
3056 5577 3141 5634 hic
3180 5578 3390 5645 quidem
