4148 6306
783 364 893 420 167

763 474 1031 529 assequor.
1065 459 1192 514 Nam
1224 459 1494 529 utriusque
1520 469 1719 513 naturze
1763 458 2157 527 generationem
2188 469 2314 508 con-

764 549 1004 612 ﬁtemur,
1033 560 1087 603 et
1112 550 1380 618 utriusque
1408 549 1619 602 modum
1653 559 1905 602 tacenms.
1948 547 2011 599 Et
2037 547 2172 598 sicut
2199 559 2318 598 cum

761 640 827 694 de
859 641 1056 710 virgine
1085 642 1275 710 agitur,
1304 641 1400 694 etsi
1428 640 1604 694 nescio
1632 654 1736 708 quo
1764 631 1913 707 pacto
1938 638 2004 690 sit
2031 652 2093 689 ex
2121 636 2319 703 virgine

760 741 1068 799 generatus,
1115 739 1288 783 tamen
1331 745 1448 783 eum
1491 737 1795 798 generatum
1841 728 1999 779 fuisse
2043 723 2316 789 conﬁteor,

763 835 858 873 nec
900 835 1007 873 rem
1052 820 1178 873 tollo
1208 828 1422 887 propter
1460 818 1805 886 ignorantiam
1839 814 1976 868 modi
2007 831 2019 865 :
2054 815 2119 866 ita
2154 811 2233 863 fac
2266 821 2317 865 tu

759 924 988 977 quoque,
1018 923 1135 962 cum
1163 909 1228 962 de
1257 909 1410 962 Patre
1435 911 1603 977 agitur
1633 926 1645 960 :
1680 909 1799 961 licet
1827 905 2027 959 nescias
2055 903 2316 971 quomodo

763 1000 926 1052 Filius
970 999 1036 1051 sit
1073 999 1314 1068 genitus,
1361 1015 1479 1053 eum
1523 998 1682 1051 fuisse
1720 996 1951 1065 genitum
1997 993 2246 1047 conﬁtere
2275 994 2312 1043 ⁸.

760 1089 907 1153 Quod
935 1090 976 1141 si
1004 1089 1197 1142 dixerit
1225 1089 1314 1142 tibi
1348 1088 1623 1141 hmreticus
1645 1128 1658 1151 ,
1688 1084 1962 1150 Quomodo
1998 1083 2205 1152 genitus
2238 1089 2319 1133 est

758 1193 820 1231 ex
850 1180 1002 1231 Patre
1042 1179 1244 1231 Filius?
1290 1187 1518 1230 mentem
1565 1175 1679 1241 ejus
1724 1175 1775 1228 in
1825 1184 2014 1227 terram
2061 1171 2312 1239 deprime,

756 1278 913 1337 atque
941 1269 1012 1320 illi
1037 1268 1196 1321 dicito
1225 1287 1237 1322 :
1269 1265 1537 1320 Descende
1567 1265 1631 1318 de
1657 1265 1821 1328 caelis,
1853 1279 1914 1317 ac
1945 1264 2068 1316 mihi
2097 1263 2316 1315 demon-

753 1369 862 1410 stra
883 1399 897 1423 ,
925 1355 1189 1426 quomodo
1219 1371 1283 1410 ex
1309 1356 1510 1424 virgine
1550 1356 1617 1408 sit
1655 1364 1833 1418 natus,
1865 1361 2078 1418 tumque
2116 1351 2202 1402 illa
2230 1364 2314 1402 mc

755 1461 898 1516 roga.
924 1446 1112 1501 Retine
1143 1446 1309 1508 illum,
1341 1454 1397 1499 et
1421 1445 1694 1498 obsessum
1725 1457 1872 1511 urge,
1903 1454 2075 1509 neque
2111 1438 2314 1493 resilire

754 1536 913 1590 sinito
942 1545 1030 1590 aut
1072 1536 1122 1589 in
1155 1534 1508 1605 labyrinthum
1541 1532 1996 1585 ratiocinationum
2039 1545 2097 1582 se
2141 1527 2312 1595 prori-

757 1639 882 1692 pere
910 1641 922 1676 :
949 1639 1130 1677 verum
1157 1624 1345 1687 retine,
1362 1627 1415 1680 et
1433 1624 1719 1692 strangula,
1744 1634 1847 1674 non
1871 1633 2049 1682 manu,
2077 1618 2167 1671 sed
2195 1630 2313 1670 ora-

755 1716 928 1779 tione;
961 1730 1028 1768 ne
1055 1713 1418 1766 distinctiones
1462 1711 1532 1764 illi
1563 1721 1614 1764 et
1652 1710 1838 1778 elTugia
1877 1707 2168 1770 concedas,
2197 1721 2312 1774 qua:

753 1803 916 1871 cupit.
948 1803 1079 1857 Hinc
1107 1803 1163 1855 ﬁt
1187 1811 1242 1855 ut
1267 1817 1358 1855 eos
1382 1801 1686 1871 perturbent
1715 1811 1768 1854 et
1787 1804 2170 1860 commoveant,
2199 1795 2313 1863 qui-

754 1895 972 1948 buscum
1003 1893 1290 1962 disputant,
1322 1891 1457 1960 quod
1490 1905 1584 1944 nos
1609 1891 1713 1944 illis
1741 1891 2110 1957 obsequantur,
2143 1899 2312 1954 neque

753 2000 845 2038 eos
867 1985 931 2038 ad
960 1999 1228 2039 sacrarum
1250 1983 1641 2051 Scripturarum
1669 1981 1808 2048 leges
1834 1978 2122 2045 adigamus.
2148 1975 2314 2030 Undi-

749 2089 853 2144 que
898 2074 1053 2143 igitur
1100 2073 1174 2126 illi
1219 2086 1429 2125 murum
1471 2085 1534 2124 ex
1577 2069 1888 2123 testimoniis
1921 2067 2309 2134 Scripturarum

749 2177 990 2231 oppone,
1021 2176 1082 2215 ac
1119 2176 1184 2215 ne
1216 2161 1416 2214 hiscere
1445 2158 1657 2228 quidem
1690 2158 1899 2225 poterit.
1933 2157 2024 2208 Dic
2055 2155 2164 2220 illi,
2195 2153 2309 2219 Quo

751 2265 904 2321 pacto
945 2269 1009 2307 ex
1057 2254 1256 2322 virgine
1300 2261 1451 2305 natus
1490 2252 1611 2304 est?
1659 2265 1764 2303 non
1809 2249 2094 2312 absistam,
2139 2259 2308 2313 neque

750 2342 1015 2396 recedam.
1061 2343 1215 2410 Atqui
1262 2342 1474 2395 modum
1517 2339 1662 2394 effari
1703 2355 1805 2392 non
1849 2339 2062 2407 poterit,
2105 2334 2308 2388 tametsi

750 2433 894 2486 omni
933 2447 1030 2500 ope
1056 2443 1351 2500 conataque
1378 2431 1678 2484 contendat.
1707 2429 1836 2482 Cum
1865 2429 2003 2480 enim
2036 2427 2171 2478 Deus
2213 2439 2308 2476 oc-

749 2521 985 2585 cluserit,
1012 2521 1130 2588 quis
1147 2521 1252 2587 jam
1281 2519 1576 2573 reserabit?
1603 2518 1726 2571 Sola
1752 2516 1852 2570 tide
1877 2514 2068 2583 percipi
2092 2520 2310 2581 possunt

749 2612 894 2663 talia.
925 2609 1074 2676 Quod
1099 2610 1142 2662 si
1173 2624 1277 2662 non
1306 2609 1631 2675 acquiescas,
1655 2605 1746 2658 sed
1775 2605 2003 2658 rationes
2027 2602 2306 2671 disquiras,

748 2700 934 2753 iisdem
976 2707 1026 2752 te
1054 2699 1255 2761 verbis,
1297 2698 1485 2765 quibus
1519 2695 1858 2749 Nicodemum
1886 2692 2144 2756 Christus,
2176 2689 2307 2741 aﬁ‘a-

749 2791 846 2844 bor
869 2808 881 2840 :
917 2790 975 2844 Si
1003 2801 1196 2842 terrena
1223 2789 1328 2842 dixi
1359 2789 1490 2841 vobis
1508 2827 1524 2852 ,
1552 2797 1598 2840 et
1628 2803 1725 2839 non
1752 2786 1968 2848 creditis,
1995 2784 2240 2852 quomodo
2265 2781 2310 2835 si

749 2879 922 2931 dixero
951 2879 1083 2930 vobis
1113 2878 1354 2940 cazlestia,
1380 2878 1587 2930 credetis
1618 2877 1789 2943 (Joan.
1821 2877 1871 2929 5.
1905 2875 2041 2942 19.)?
2070 2875 2142 2926 De
2167 2873 2304 2925 nati-

747 2967 908 3019 vitate
935 2967 1042 3018 dixi
1071 2981 1136 3018 ex
1161 2967 1382 3033 virgine,
1409 2981 1577 3034 neque
1607 2965 1766 3029 nosti,
1789 2979 1954 3032 neque
1981 2965 2183 3016 hiscere
2210 2977 2306 3014 au-

747 3058 877 3120 des,
921 3065 973 3110 et
1013 3057 1198 3110 czelum
1228 3057 1434 3109 curiose
1478 3054 1772 3108 scrutaris?
1813 3055 1985 3120 Atque
2031 3051 2225 3103 utinam
2255 3051 2305 3102 in

747 3146 934 3198 cadum
957 3185 972 3209 ,
1000 3154 1052 3198 et
1079 3161 1183 3198 non
1215 3147 1264 3197 in
1305 3146 1577 3198 Dominum
1605 3144 1720 3197 caeli
1760 3145 1965 3197 curiose
1996 3141 2304 3209 inquireres.

749 3237 811 3290 Si
837 3247 1028 3288 terrena
1057 3235 1164 3288 dixi
1205 3235 1370 3299 vobis,
1408 3244 1452 3287 et
1490 3251 1590 3286 non
1620 3233 1840 3286 creditis.
1889 3231 2002 3285 Non
2033 3230 2201 3295 dixit,
2247 3230 2309 3283 Et

749 3339 852 3376 non
884 3322 1271 3391 persuademini
1294 3365 1309 3388 ,
1345 3323 1438 3377 sed
1459 3362 1474 3387 ,
1509 3321 1627 3375 Non
1651 3323 1849 3374 creditis
1870 3361 1882 3383 ,
1911 3337 2014 3388 quo
2042 3320 2205 3374 verbo
2234 3319 2306 3372 si-

746 3411 958 3479 gniﬁcat
988 3421 1194 3465 terrena
1223 3413 1381 3465 etiam
1418 3413 1520 3465 ﬁde
1556 3411 1806 3481 indigere.
1850 3410 1998 3475 Quod
2029 3409 2070 3461 si
2101 3421 2306 3462 terrena

750 3501 1114 3569 ﬁde‘indigent
1136 3541 1151 3564 ,
1184 3502 1349 3553 multo
1376 3502 1539 3569 magis
1563 3501 1812 3553 etelestia.
1840 3499 2164 3565 Quamquam
2197 3506 2307 3548 tum

747 3591 1034 3646 Nicodemo
1060 3591 1126 3644 de
1156 3601 1306 3659 partu
1335 3591 1499 3644 multo
1541 3589 1731 3644 minori
1763 3589 2069 3656 loquebatur
2102 3604 2114 3638 :
2143 3586 2306 3654 siqni-

750 3683 870 3738 dem
898 3683 963 3737 de
992 3683 1252 3751 baptismo
1278 3697 1453 3737 sermo
1480 3690 1614 3746 erat,
1641 3691 1693 3735 ct
1719 3681 1786 3734 de
1811 3679 2068 3748 spirituali
2093 3693 2310 3746 regene-

750 3776 956 3828 ratione
986 3791 997 3825 :
1027 3775 1120 3829 sed
1149 3775 1260 3828 haec
1285 3790 1492 3843 quoque
1524 3774 1623 3827 ﬁde
1648 3770 2143 3841 comprehendenda
2170 3769 2310 3821 dice.

749 3865 857 3918 bat.
897 3864 1160 3919 Caeterum
1193 3875 1396 3918 terrena
1429 3866 1516 3917 illa
1543 3865 1764 3927 vocavit,
1795 3877 1898 3915 non
1928 3860 2066 3930 quod
2102 3869 2306 3912 terrena

751 3955 876 4016 sint,
909 3953 1001 4007 sed
1040 3955 1174 4023 quod
1206 3954 1542 4022 perﬁciantur
1579 3955 1630 4006 in
1660 3962 1814 4015 terra,
1845 3960 1894 4005 et
1920 3951 2057 4018 quod
2088 3952 2129 4004 si
2161 3966 2306 4002 com-

754 4054 1005 4112 parentur
1029 4059 1146 4097 cum
1173 4059 1396 4112 superna
1421 4043 1505 4096 illa
1532 4052 1584 4097 et
1611 4042 1854 4096 ineffabili
1879 4042 2163 4099 nativitate,
2194 4055 2308 4107 qua:

753 4145 980 4188 mentem
1007 4149 1215 4186 omnem
1246 4143 1545 4202 exsuperat,
1576 4133 1689 4186 haec
1721 4144 1926 4186 terrena
1951 4133 2072 4183 sint.
2101 4130 2150 4184 Si
2184 4145 2309 4197 ergo

756 4226 868 4278 ﬁeri
907 4238 1008 4276 non
1054 4232 1264 4291 potest,
1315 4233 1370 4277 ut
1412 4223 1573 4277 sciam
1618 4239 1719 4292 quo
1767 4230 1917 4290 pacto
1959 4237 2202 4276 renascar
2243 4237 2309 4274 ex

750 4314 922 4382 aquis,
954 4311 1046 4366 sed
1073 4313 1175 4364 ﬁde
1199 4312 1309 4366 sola
1347 4327 1434 4366 res
1474 4313 1558 4364 illa
1587 4312 1835 4380 capienda
1864 4321 1960 4374 est,
1995 4327 2162 4379 neque
2193 4325 2308 4362 mo-

751 4403 850 4455 dus
884 4402 1091 4455 curiose
1130 4402 1439 4454 scrutandus
1469 4420 1481 4454 :
1509 4411 1717 4470 quant-.e
1759 4403 1915 4454 fuerit
1953 4401 2051 4455 hoc
2093 4401 2308 4453 insanim

755 4494 820 4544 ad
849 4492 1261 4560 investigandam
1289 4493 1550 4546 emlestem
1594 4493 1841 4559 unigeniti
1873 4491 1986 4544 Filii
2017 4492 2310 4558 generatio-

755 4598 873 4635 nem
901 4583 1242 4649 cogitationes
1267 4581 1522 4634 humanas
1560 4582 1836 4634 admittere
1855 4622 1868 4646 ,
1914 4596 1974 4633 ac
2003 4580 2141 4632 modi
2162 4621 2176 4644 ,
2206 4596 2308 4649 quo

751 4671 885 4725 facta
915 4672 1010 4733 sit,
1040 4673 1293 4724 rationem
1324 4673 1574 4740 exigere?

820 4761 872 4813 5.
925 4759 1072 4812 Vetus
1102 4759 1467 4813 Testamentum
1487 4761 1766 4813 obscurum.
1796 4759 1896 4811 Cur
1923 4758 2142 4813 obscuris
2168 4770 2309 4813 erant

753 4847 1267 4918 prephetiw.—Satis
1297 4850 1450 4917 igitur
1476 4849 1891 4902 demonstratum
1917 4858 1998 4901 est
2021 4864 2125 4916 quo
2157 4857 2309 4916 pacto

749 4938 863 4989 sine
887 4946 1033 5004 patre
1055 4953 1116 4990 ac
1141 4938 1255 4991 sine
1282 4948 1447 4991 matre
1485 4939 1552 4991 sit
1597 4940 1893 5006 unigenitus
1923 4938 2013 4991 Dei
2044 4936 2227 4998 Filius,
2257 4946 2309 4992 et

749 5041 853 5092 quo
896 5038 1044 5092 pacto
1091 5027 1205 5078 sine
1248 5026 1551 5095 genealogia
1597 5026 1885 5079 secundum
1922 5037 2194 5092 utramque
2219 5040 2310 5093 ge-

751 5117 1074 5170 nerationem
1107 5132 1120 5168 :
1153 5117 1416 5185 reliquum
1456 5125 1536 5170 est
1566 5126 1619 5168 ut
1667 5115 1731 5168 ad
1774 5114 1822 5167 id
1861 5117 1997 5183 quod
2040 5115 2309 5167 instatre-

746 5203 985 5273 deamus,
1035 5215 1310 5276 postquam
1360 5220 1657 5260 sermonem
1702 5205 1768 5257 de
1820 5203 2171 5257 Melchisedcc
2253 5205 2308 5257 in

811 5357 826 5386 ⁸
867 5356 1114 5423 Μθιὶμεηηὶ
1141 5357 1292 5423 fallor,
1319 5359 1586 5423 legeretur,
1612 5356 1987 5423 assentientibus
2012 5357 2152 5423 etiam
2183 5358 2307 5403 Savi-

750 5413 814 5463 lio
838 5424 888 5464 et
912 5418 1114 5476 Halesio,
1151 5413 1473 5467 licet—nescius
1502 5418 1735 5523 Χαρητοάο
1770 5415 1926 5477 ﬁlium
1945 5416 2174 5478 genuerit,
2198 5429 2307 5464 eum

750 5476 960 5523 aenuisse
977 5478 1215 5523 conﬁtere.
1240 5488 1348 5523 Nam
1387 5479 1462 5523 hic
1537 5493 1563 5523 e
1590 5484 1725 5523 Patre
1759 5478 1932 5523 agitur.
1957 5484 2009 5523 ut
2031 5476 2170 5523 mulo
2192 5485 2306 5523 ante

745 5476 961 5545 genuisse
977 5478 1215 5539 con/itere.
1240 5488 1348 5527 Nam
1364 5541 1371 5545 _
1387 5479 1462 5526 hic
1502 5476 1563 5525 de
1590 5484 1725 5545 Patre
1759 5476 1932 5545 agitur,
1947 5476 2009 5523 'ut
2031 5476 2171 5545 paulo
2192 5485 2306 5525 ante

749 5536 807 5583 ile
831 5536 1031 5598 Yirgine
1055 5536 1222 5586 matre.
1248 5541 1404 5588 Lectio
1427 5547 1586 5585 tamen
1625 5536 1774 5584 altera
1801 5538 1912 5583 terri
1940 5536 2078 5596 posSe
2097 5537 2304 5598 videtur,

747 5602 796 5643 et
820 5595 1027 5657 alioduin
1046 5602 1254 5646 omnium
1279 5598 1627 5660 exemplarium
1665 5595 1949 5660 auctoritate
1972 5597 2218 5660 asseritur,
2245 5597 2302 5643 il-

744 5656 942 5717 .antque'
958 5661 1125 5719 probat
1147 5667 1350 5708 Joannes
1368 5656 1545 5706 ttoisius
1570 5661 1614 5704 in
1639 5659 1762 5705 notis
1790 5656 2029 5704 Sarilianis
2049 5671 2093 5716 ιτ.
2120 5658 2225 5703 857.

1446 342 1502 400 S.
1540 341 1813 399 JOANNIS
1848 339 2314 396 CIIRYSOSTOMI
2354 338 2663 395 ARCIIIEP.
2704 340 3228 402 CONSTANTINOP.

2431 376 2625 395 ιυηιμι
2651 381 2663 393 .
2705 376 3228 402 νυ.1υιηι1ιυ1υι”ο

2431 454 2654 509 alterum
2683 455 2823 510 diem
2853 457 3152 526 rejecimus,
3180 473 3241 513 ac
3270 460 3573 530 prophetica
3609 463 3884 534 aenigmata
3907 481 4006 518 au-

2429 541 2586 595 dituri
2631 554 2865 598 nostram
2897 548 3237 601 attentionem
3269 551 3575 604 excitemus.
3617 549 3826 608 Similes
3850 556 4000 608 enim

2428 640 2552 712 sunt
2597 634 2961 702 :enigmatibus
3017 651 3290 692 sermones
3344 639 3661 708 prophetici,
3710 643 4002 712 multisque

2425 709 2821 777 difﬁcultatibus
2843 724 3118 791 obseptum
3149 737 3229 780 est
3256 726 3417 780 Vetus
3439 727 3832 784 Testamentum
3852 769 3868 792 ,
3902 709 3998 787 ne-

2425 827 2526 881 que
2562 811 2738 868 faciles
2790 815 3062 870 intellectu
3092 827 3210 870 sunt
3242 817 3360 871 libri
3386 837 3402 871 :
3430 817 3628 872 Novum
3657 831 3828 875 autem
3854 822 3997 878 dim-

2424 902 2594 955 cidius
2638 915 2720 956 est
2763 914 2816 958 et
2856 904 3077 959 facilius.
3134 907 3364 974 Ecquam
3395 909 3605 963 tandem
3649 909 3717 964 ob
3747 925 3992 976 causam,

2422 991 2562 1046 dicet
2585 993 2791 1062 aliquis,
2831 995 2942 1050 Iure
2970 996 3038 1049 ita
3068 1007 3190 1050 sunt
3231 1001 3536 1066 constituta,
3577 1001 3698 1055 licet
3738 1001 3805 1056 de
3829 1003 3997 1058 rebus

2422 1083 2636 1149 majoris
2665 1087 2914 1137 momenti
2945 1095 3126 1154 agatur
3155 1089 3204 1140 in
3233 1087 3399 1151 Novo,
3432 1089 3497 1142 de
3521 1106 3681 1160 regno
3709 1094 3989 1159 caelorum,

2421 1173 2487 1226 de
2510 1175 2894 1229 resurrectione
2920 1192 3220 1245 corporum,
3240 1191 3292 1232 et
3316 1181 3662 1236 ineﬁ‘abilibus
3685 1185 3784 1238 illis
3807 1185 3986 1247 bonis,

2421 1278 2535 1328 quae
2566 1271 2616 1314 et
2636 1262 2914 1317 humanam
2957 1276 3185 1320 mentem
3209 1268 3472 1322 excedunt
3500 1270 3521 1322 ?
3548 1269 3682 1336 Quid
3725 1272 3884 1340 igitur
3933 1274 3988 1326 in

2419 1365 2596 1414 causa,
2625 1364 2677 1405 ut
2701 1353 2938 1406 obscura:
2966 1356 3070 1407 sint
3098 1358 3382 1424 prolihetim
3405 1359 3425 1410 ἱ)
3453 1359 3610 1411 Multa
3635 1358 3832 1413 Iudaeis
3860 1361 3988 1414 istae

2420 1441 2554 1492 mala
2584 1441 2888 1510 pracdiCnnt,
2916 1458 2978 1496 ac
3004 1442 3119 1497 fore
3145 1456 3202 1497 ut
3225 1448 3502 1513 ejiciantur
3527 1449 3617 1512 illi,
3643 1465 3736 1502 nos
3754 1451 3986 1517 recipia-

2420 1541 2557 1591 mur,
2597 1538 2653 1582 ut
2673 1528 2924 1596 templum
2942 1537 3229 1594 evertatur,
3249 1543 3345 1582 nec
3360 1529 3586 1597 amplius
3601 1533 3882 1594 excitetur,
3929 1545 3985 1588 ut

2418 1615 2698 1670 concidant
2739 1617 3102 1687 Jerosolyma,
3128 1627 3183 1672 et
3202 1619 3446 1673 omnibus
3482 1621 3587 1672 sint
3614 1623 3794 1688 pervia
3826 1640 3839 1674 :
3869 1633 3981 1677 Iunt

2420 1721 2544 1759 vero
2568 1705 2737 1759 Judzni
2767 1707 3048 1761 errabundi
3074 1748 3088 1771 ,
3136 1723 3231 1778 per
3259 1710 3554 1763 universum
3598 1711 3778 1765 orbem
3811 1721 3983 1765 terra-

2420 1811 2534 1849 rum
2564 1797 2953 1866 dispergautur,
3003 1815 3066 1854 ac
3113 1802 3328 1855 civitate
3376 1802 3634 1866 destituti,
3680 1818 3746 1857 ne
3771 1813 3983 1858 veteres

2418 1889 2628 1955 quidem
2655 1889 2788 1942 ritus
2813 1890 3094 1957 retineant,
3139 1892 3234 1946 sed
3266 1907 3450 1946 onmes
3496 1894 3598 1946 illis
3628 1908 3711 1948 res
3741 1893 3980 1963 ipsorum

2400 1978 2624 2045 priores
2666 1979 2990 2042 auferantur,
3047 1983 3358 2050 prOphetiie,
3400 1985 3675 2049 sacriﬁcia,
3732 1986 3985 2038 sacerdo-

2417 2067 2565 2131 tium,
2595 2076 2647 2120 et
2675 2083 2914 2137 regnum.
2946 2069 3124 2138 Neque
3153 2086 3278 2125 vero
3297 2080 3494 2124 tantum
3525 2074 3643 2138 ista,
3675 2074 3765 2127 sed
3796 2085 3848 2127 et
3877 2077 3982 2127 alia

2415 2154 2578 2207 multa
2605 2156 2863 2223 ejusmodi
2893 2157 3244 2224 pra-dicebant
3263 2159 3554 2227 prephetzn,
3583 2159 3706 2216 dum
3730 2161 3980 2214 innume-

2413 2258 2498 2297 ras
2529 2246 2638 2298 suis
2681 2247 2827 2299 libris
2875 2247 3154 2315 tragoedias
3202 2249 3578 2304 immiscerent.
3630 2250 3705 2304 Ne
3734 2251 3893 2320 igitur
3912 2253 3983 2306 ab

2413 2333 2560 2386 initio
2591 2333 2758 2388 Judzci
2784 2335 3062 2390 manifeste
3092 2337 3207 2391 inec
3231 2337 3526 2403 audientes,
3572 2353 3663 2393 eos
3714 2341 3984 2393 interﬁce—

2413 2431 2531 2474 rent
2555 2425 2641 2490 qui
2687 2424 2800 2476 haec
2844 2425 3112 2489 dicebant,
3165 2427 3613 2494 interpretationis
3664 2426 3980 2482 difﬁcultate

2417 2512 2785 2577 praedictiones
2815 2516 3165 2576 occultarunt,
3192 2530 3254 2569 ac
3280 2517 3441 2569 multa
3469 2517 3791 2572 obscuritate
3814 2519 3978 2573 rebus

2413 2597 2600 2664 offusa,
2632 2614 2725 2666 per
2747 2614 2929 2653 eorum
2957 2617 3070 2669 qua:
3103 2602 3417 2657 dicebantur
3437 2604 3814 2660 obscuritatem
3844 2624 3964 2675 pro-

2415 2688 2690 2756 phetarum
2741 2691 3089 2746 incolumitati
3142 2695 3537 2749 consuluerunt.
3571 2696 3722 2751 Unde
3752 2713 3876 2752 vero
3922 2700 3977 2753 id

2412 2779 2661 2830 constat?
2689 2779 2942 2835 Rationes
2971 2783 3108 2835 enim
3135 2798 3165 2836 a
3191 2784 3344 2837 nobis
3370 2785 3649 2839 reddenda:
3670 2797 3811 2851 sunt,
3839 2798 3980 2842 tam-

2411 2867 2509 2920 etsi
2541 2869 2674 2920 inter
2701 2870 2900 2923 amicos
2927 2871 3085 2924 verba
3116 2872 3336 2927 facimus
3369 2876 3662 2943 :siquidem
3693 2879 3837 2930 multi
3861 2879 3974 2932 for-

2414 2957 2566 3010 tassis
2602 2958 2791 3010 adsunt
2863 2976 2964 3013 non
3007 2961 3180 3014 amici.
3236 2963 3447 3016 Discant
3486 2965 3646 3033 igitur
3675 2967 3786 3020 haec
3811 2969 3977 3022 etiam

2413 3043 2506 3106 illi,
2537 3054 2590 3096 ut
2618 3055 2670 3098 et
2699 3046 2853 3098 amici
2897 3047 2992 3114 ipsi
3043 3049 3190 3102 ﬁant.
3218 3051 3353 3114 Dixi,
3374 3053 3416 3104 si
3451 3052 3619 3106 Judazi
3645 3056 3981 3112 audivissent

2412 3132 2569 3195 mala,
2621 3149 2738 3201 quae
2793 3137 3239 3204 comprehensura
3284 3139 3402 3193 illos
3433 3149 3612 3203 erant,
3644 3157 3705 3196 ac
3747 3142 3878 3207 fore,
3919 3156 3982 3200 ut

2413 3229 2627 3289 propter
2646 3220 2913 3277 Christum
2939 3227 3316 3281 exscindantur
3339 3228 3668 3301 Jcrosolyma
3701 3234 3750 3286 in
3783 3248 3978 3302 perpe-

2414 3318 2580 3376 tuum,
2634 3327 2731 3366 nec
2773 3317 3018 3382 umquam
3070 3317 3298 3385 amplius
3343 3319 3716 3388 instaurentur,
3772 3323 3886 3378 haec
3929 3327 3977 3380 si

2412 3401 2688 3468 perspicue
2718 3418 2744 3453 a
2769 3404 3040 3470 prophetis
3069 3406 3412 3471 audivissent,
3431 3409 3707 3465 confestim
3737 3426 3848 3477 eos,
3882 3416 3978 3483 qui

2414 3489 2525 3543 hcce
2545 3491 2912 3559 loquebantur,
2946 3494 3283 3550 occidissent.
3315 3495 3464 3552 Unde
3493 3499 3651 3568 igitur
3680 3500 3732 3554 id
3761 3501 3926 3570 liquet
3951 3501 3978 3554 ?

2413 3579 2644 3632 Primum
2673 3583 2882 3650 quidem
2927 3600 2989 3637 ex
3040 3586 3271 3652 ipsorum
3309 3589 3543 3642 moribus
3571 3607 3583 3643 :
3614 3589 3796 3644 furiosi
3829 3594 3979 3648 enim

2413 3679 2565 3723 erant
2588 3686 2648 3724 ac
2671 3673 2907 3725 belluini.
2941 3673 3172 3742 Populus
3206 3685 3288 3730 est
3314 3691 3522 3746 semper
3545 3680 3730 3736 sitiens
3760 3683 3979 3750 sangui-

2414 3772 2534 3810 nem
2559 3762 2953 3828 prepbetarum,
2983 3777 3169 3818 manus
3205 3780 3390 3820 eorum
3422 3769 3473 3821 iu
3503 3770 3736 3824 eardibus
3765 3786 3822 3824 se
3842 3788 3978 3827 san-

2413 3856 2616 3901 ctorum
2645 3863 3010 3906 exercuerant.
3039 3853 3162 3908 Haec
3182 3856 3435 3911 adversus
3456 3859 3574 3914 illos
3595 3875 3811 3930 magnus
3828 3862 3981 3918 Elias

2414 3938 2727 3993 vociferatur
2765 3940 2947 3996 dicens
2988 3961 3001 3995 :
3044 3943 3274 4008 Domine,
3320 3946 3588 4015 prephetas
3619 3959 3726 4003 tuos
3779 3954 3980 4006 occide-

2413 4038 2548 4092 runt,
2576 4030 2755 4080 altaria
2777 4040 2861 4082 tua
2886 4033 3143 4085 diruerant
3173 4035 3191 4103 (
3218 4035 3270 4087 ’5.
3296 4036 3418 4103 Reg.
3458 4036 3542 4092 19.
3568 4039 3634 4092 1O
3663 4041 3705 4109 ).
3734 4039 3980 4098 Christus

2417 4118 2623 4182 iterum,
2655 4118 2954 4187 Jerusalem,
2977 4121 3285 4190 Jerusalem,
3320 4111 3429 4194 qua
3457 4128 3636 4182 occidit
3682 4134 3978 4201 prop/tetas,

2414 4217 2459 4260 et
2488 4209 2677 4278 lapidat
2697 4227 2797 4274 eos,
2821 4214 2904 4282 qui
2926 4213 2991 4264 ad
3013 4214 3171 4283 ipsam
3208 4217 3345 4268 missi
3372 4227 3484 4271 sunt
3512 4219 3721 4288 (Matth.
3743 4221 3831 4276 ‘33.
3861 4225 3978 4294 37).

2415 4299 2482 4351 Et
2506 4299 2663 4354 lsaias
2685 4301 2900 4355 eosdem
2940 4319 3197 4358 accusans
3221 4306 3303 4360 his
3331 4323 3616 4365 consonam
3646 4329 3829 4368 vocem
3856 4321 3979 4371 mit-

2416 4399 2530 4443 tens
2566 4391 2670 4445 ait:
2697 4389 2880 4444 Manus
2904 4403 3073 4446 vestra:
3110 4397 3270 4464 plena:
3290 4407 3404 4450 sunt
3431 4401 3673 4468 sanguine
3710 4407 3726 4470 (
3752 4403 3881 4458 lsai.
3923 4409 3977 4460 1.

2415 4481 2525 4549 15).
2556 4481 2623 4534 Et
2646 4497 2827 4535 rursus
2850 4483 3087 4536 Christus
3121 4501 3135 4536 :
3166 4483 3348 4539 Patres
3377 4490 3522 4540 vestri
3547 4491 3834 4545 occiderunt
3853 4511 3978 4562 pro-

2415 4571 2606 4638 phetas,
2631 4587 2715 4622 vos
2745 4581 2907 4623 autem
2943 4572 3163 4639 ipsorum
3201 4575 3463 4642 a’di/icatis
3493 4591 3815 4633 monumenta
3845 4599 3864 4636 .'
3891 4584 3980 4635 int-

2415 4660 2542 4726 plete
2562 4674 2844 4718 mensuram
2871 4670 3067 4726 patrum
3088 4672 3357 4714 vestrorum
3377 4663 3588 4732 (Matth.
3618 4666 3706 4721 25.
3739 4669 3829 4723 3|.
3864 4671 3978 4740 3‘2).

2413 4749 2573 4803 Vides
2622 4759 2678 4800 ut
2723 4760 2775 4802 et
2817 4749 3070 4804 Dominus
3098 4761 3150 4804 et
3178 4753 3315 4804 servi
3364 4752 3654 4809 homicidas
3695 4757 3816 4812 illos
3859 4774 3981 4815 ease

2416 4839 2708 4893 testentur?
2734 4839 2868 4904 Quid
2892 4849 2973 4894 est
2991 4849 3187 4906 autem,
3219 4841 3431 4910 lmptete
3461 4860 3742 4898 mensuram
3776 4858 3981 4915 patrum

2413 4930 2721 4982 uestrorum?
2747 4927 2824 4981 ille
2853 4943 3084 4996 quoque,
3113 4931 3300 4999 inquit,
3333 4933 3556 4987 occidite
3587 4951 3602 4986 :
3628 4935 3840 5004 adjicite
3865 4953 3982 4992 ser-

2413 5033 2596 5072 vorum
2625 5018 2856 5072 caedibus
2884 5033 3062 5073 necem
3096 5019 3324 5074 Domini.
3351 5021 3496 5076 Licet
3516 5024 3656 5077 enim
3677 5026 3824 5081 mille
3844 5030 3981 5084 occi-

2412 5106 2587 5159 derint
2634 5106 2896 5171 homines,
2948 5116 3002 5159 at
3042 5120 3329 5162 conservos
3373 5123 3558 5164 omnes
3607 5127 3620 5162 :
3674 5127 3796 5166 cum
3848 5132 3978 5174 vero

2412 5206 2595 5250 contra
2624 5195 2900 5249 Dominum
2943 5210 3131 5252 manus
3180 5196 3564 5265 extenderunt,
3593 5208 3716 5255 tunc
3760 5203 3978 5273 impleta

2411 5301 2655 5341 mensura
2681 5296 2760 5341 est
2788 5304 2802 5341 :
2834 5295 2887 5340 et
2923 5288 3133 5341 merito.
3185 5287 3445 5354 Quamdiu
3500 5292 3641 5346 enim
3693 5293 3980 5350 Dominum

2411 5394 2515 5432 non
2539 5378 2866 5444 occiderunt,
2896 5393 3044 5448 spem
3081 5378 3265 5432 salutis
3293 5378 3604 5445 habuerunt,
3649 5392 3702 5436 et
3732 5392 3790 5436 ut
3816 5386 3980 5438 adve-

2412 5471 2561 5524 niens
2586 5483 2749 5538 agnus
2778 5469 2870 5522 Dei
2897 5477 3112 5538 peccata
3141 5468 3322 5522 mundi
3349 5469 3571 5535 tolleret,
3603 5475 3986 5540 exspectaram

2411 5558 2588 5627 (Joan.
2621 5561 2671 5613 1.
2694 5557 2786 5629 29)
2819 5577 2833 5613 :
2861 5567 3140 5627 postquam
3167 5569 3342 5612 autem
3387 5559 3648 5613 medicum
3691 5561 3979 5616 interfece-

2413 5658 2552 5714 runt,
2577 5657 2629 5704 et
2655 5649 2703 5701 in
2719 5647 3135 5717 propitiatorium
3163 5647 3330 5716 ipsum
3345 5648 3710 5703 contumeliosi
3739 5649 3975 5720 fuerunt,
