4130 6316
166 402 264 458 167

146 490 389 563 ἐγεννήθη
418 490 483 544 ἐκ
520 490 615 544 τοῦ
648 488 855 560 Πατρδς
885 489 914 542 ό
951 486 1112 551 Υἱός;
1144 486 1489 540 κατάσπασον
1519 475 1682 535 αὐτοῦ

144 585 196 636 τὸ
221 582 468 653 φρόνημα
504 583 587 643 εἱς
609 582 709 651 τὴν
732 580 855 649 γῆν,
880 578 971 632 καὶ
996 576 1116 630 εἱπέ
1142 577 1275 646 πρὸς
1304 574 1482 629 αὐτόν·
1500 571 1681 628 Κατά-

145 675 257 744 σηθι
288 676 351 727 ἐκ
386 674 497 727 τῶν
522 672 784 743 οὐρανῶν,
820 672 912 724 καὶ
958 669 1125 736 δεῖξον
1167 669 1285 731 πῶς
1327 664 1585 736 ἐγεννήθη
1620 666 1684 718 ἐκ

145 772 229 839 τῆς
251 768 542 839 παρθένου,
575 767 670 819 καὶ
699 765 819 819 τότε
847 764 1028 817 ἐκεῖνα
1061 761 1256 833 ἐρώτα.
1308 759 1559 828 Κάτασχε
1588 758 1685 810 αὐ-

145 858 240 921 τὸν,
268 858 364 911 καὶ
396 855 699 927 περίστηθι,
732 854 824 908 καὶ
868 853 939 922 μὴ
984 853 1126 922 ἀφῇς
1152 848 1517 917 ἀποπηδῆσαι,
1553 847 1685 917 μηδέ

146 948 482 1018 ἀναχωρῆσαι
510 945 588 1008 είς
616 944 706 998 τὸν
731 942 1047 1014 λαϐύρινθον
1072 940 1180 994 τῶν
1209 938 1499 1009 λογισμῶν·
1550 937 1685 992 ἀλλά

147 1034 389 1103 κάτασχε,
408 1033 502 1085 καὶ
520 1030 828 1095 ἀπόπνιξον.
850 1031 923 1101 μὴ
941 1033 1005 1100 τῇ
1030 1028 1191 1100 χειρὶ,
1212 1028 1346 1082 ἀλλά
1363 1027 1440 1097 τῷ
1463 1029 1526 1098 ῥή
1536 1043 1681 1096 ματιο

148 1124 209 1194 μὴ
237 1124 342 1193 δῷς
386 1122 535 1192 αὐτῷ
565 1120 841 1183 διαστολὰς
873 1119 965 1173 καὶ
999 1117 1285 1186 διαφυγάς,
1329 1118 1395 1180 ἃς
1422 1116 1681 1187 βούλεται.

158 1215 384 1268 Ἐκεῖθεν
442 1212 662 1284 θόρυϐον
724 1210 1004 1282 ἐμποιοῦσι
1078 1212 1188 1274 τοῖς
1255 1208 1682 1279 διαλεγομένοις,

147 1306 315 1375 ἐπειδὴ
344 1308 508 1376 ἡμεῖς
549 1304 726 1365 αὐτοῖς
756 1302 1166 1371 ἀκολουθοῦμεν,
1216 1301 1309 1354 καὶ
1341 1300 1439 1353 οὐκ
1481 1300 1686 1367 ἄγομεν

149 1395 236 1449 ὑπὸ
258 1397 383 1458 τοὺς
418 1395 613 1463 νόμους
652 1392 760 1444 τῶν
793 1391 949 1445 θείων
978 1391 1226 1462 Γραφῶν.
1261 1390 1488 1460 Περίθες
1510 1390 1686 1442 τοίνυν

148 1484 277 1553 αὑτῷ
304 1483 506 1552 τειχίον
536 1481 812 1545 πάντοθεν,
842 1481 939 1544 τὰς
967 1482 1072 1535 ἀπὸ
1100 1481 1206 1535 τῶν
1229 1480 1458 1552 Γραφῶν
1487 1496 1688 1550 μαρτυ-

152 1575 275 1643 ρίας,
302 1575 395 1627 καὶ
439 1574 556 1627 οὐδὲ
609 1576 766 1643 χᾶναι
797 1574 1100 1643 δυνήσεται.
1145 1573 1278 1625 Εἰπὲ
1321 1572 1456 1643 πρὸς
1503 1571 1682 1634 αὐτὸν,

145 1658 252 1722 Πῶς
280 1661 538 1731 ἐγεννήθη
564 1661 627 1713 ἐκ
655 1662 752 1731 τῆς
775 1660 1073 1731 παρθένου;
1111 1659 1211 1712 οὐκ
1237 1659 1539 1728 ἀφίσταμαι
1566 1658 1685 1712 οὐδέ

149 1748 413 1817 ἀναχωρῶ.
459 1747 596 1800 Ἀλλ’
627 1748 724 1799 οὐκ
762 1746 826 1800 ἂν
863 1746 973 1815 ἔχοι
1004 1744 1094 1797 τὸν
1118 1744 1317 1814 τρόπον
1353 1745 1542 1809 εἰπεῖν,
1581 1744 1684 1797 κᾶν

153 1839 304 1908 μυρία
346 1838 640 1908 φιλονεικῇ.
669 1838 835 1890 Ὅταν
861 1836 967 1906 γάρ
1012 1837 1041 1888 6
1079 1834 1208 1899 Θεὸς
1236 1834 1527 1906 ἀποκλείσῃ
1551 1874 1565 1898 ,
1601 1836 1685 1899 τίς

150 1926 331 1991 ἀνοίξει
357 1927 574 1991 λοιπόνς
606 1924 788 1978 Πίστει
832 1924 1144 1994 παραδεκτά
1179 1925 1247 1978 τὰ
1273 1924 1493 1978 τοιαῦτα
1526 1926 1681 1997 μόνῃ.

150 2017 200 2067 El
223 2016 276 2068 δέ
303 2017 401 2069 οὐκ
429 2016 615 2087 ἀνέχῃ.
640 2016 771 2068 ἀλλά
792 2016 1078 2085 λογισμοὺς
1099 2014 1391 2085 ἐπιζητεῖς,
1416 2014 1525 2082 ἐρῶ
1548 2015 1684 2084 πρὸς

152 2102 216 2165 σὲ,
248 2102 275 2154 δ
297 2102 433 2172 πρὸς
460 2102 550 2154 τὸν
582 2101 882 2171 Νικόδημον
914 2103 943 2154 6
970 2101 1217 2171 Χριστός·
1254 2102 1323 2153 El
1360 2100 1433 2152 τὰ
1457 2099 1685 2168 ἐπίγεια

151 2188 303 2245 εἶπον
323 2191 483 2260 ὑμῖν,
512 2191 609 2245 καί
636 2194 707 2245 οὐ
741 2193 1067 2257 πιστεύετε,
1106 2190 1254 2257 πῶς,
1283 2190 1390 2244 ἐὰν
1421 2190 1492 2244 τὰ
1511 2191 1685 2244 ἐπου-

149 2279 307 2345 ράνια
349 2280 517 2343 ειπω,
562 2281 944 2345 mentiente;
982 2281 1115 2351 Περὶ
1159 2280 1259 2348 τῆς
1309 2283 1372 2331 ἐκ
1417 2280 1683 2348 παρθένου

150 2372 433 2438 γεννήσεως
464 2367 612 2423 εἷπον
631 2408 645 2434 ,
696 2372 788 2423 καὶ
820 2370 915 2422 οὐκ
936 2369 1099 2433 οἶδας,
1136 2369 1255 2422 οὐδέ
1275 2370 1435 2438 χᾶναι
1462 2369 1680 2443 τολμᾷς,

150 2461 226 2511 καὶ
251 2460 343 2512 τὸν
363 2460 586 2529 οὐρανὸν
606 2459 968 2531 περιεργάζῃς
1000 2459 1124 2512 Είθε
1157 2460 1254 2529 μὲν
1291 2454 1382 2512 οὖν
1408 2458 1496 2511 τὸν
1525 2459 1685 2527 οὐρα-

149 2550 243 2610 νὸν,
266 2550 360 2602 καὶ
391 2550 465 2619 μὴ
490 2549 581 2602 τὸν
599 2550 869 2618 Δεσπότην
884 2549 987 2602 τῶν
1009 2547 1248 2619 οὐρανῶν
1269 2549 1684 2619 ἐπολυπραγμό⁶

150 2657 261 2702 νεις.
292 2644 358 2693 El
397 2641 469 2694 τὰ
494 2641 722 2710 ἐπίγεια
740 2638 908 2695 εἷπον
931 2640 1091 2710 ὑμῖν,
1129 2641 1225 2694 καί
1255 2643 1324 2695 οὐ
1352 2641 1680 2696 πιστεύετε.

149 2729 246 2780 Οὐκ
272 2727 444 2792 εἶπεν,
481 2731 543 2782 οὐ
576 2731 840 2796 πείθεσθε,
870 2730 1004 2794 ἀλλ’,
1027 2733 1108 2784 Οὐ
1130 2731 1457 2792 πιστεύετε,
1474 2730 1684 2791 δεικνὺς

149 2818 281 2885 ἡμῖν,
328 2819 407 2871 ὅτι
450 2820 543 2872 καὶ
570 2819 639 2871 τά
667 2820 880 2888 ἐπίγεια
923 2822 1155 2881 πίστεως
1200 2820 1388 2872 δεῖται.
1431 2805 1583 2871 ΕΓδέ
1616 2818 1684 2872 τὰ

148 2907 344 2973 ἐπίγεια
377 2907 610 2968 πίστεως
649 2907 838 2969 δεῖται,
869 2907 1057 2977 πολλῷ,
1093 2906 1288 2976 μᾶλλον
1334 2908 1401 2960 τά
1437 2905 1680 2976 οὐράνια.

148 2996 321 3049 Καίτοι
347 2998 467 3051 τότε
491 2997 568 3067 τῷ
602 2997 892 3069 Νικοδήμῳ
916 2998 1044 3069 περὶ
1067 2997 1224 3050 τόκου
1252 2995 1515 3064 διελέγετο
1549 2996 1683 3049 πολὺ

146 3086 427 3149 ἐλάττονος·
472 3088 600 3157 περὶ
643 3086 734 3140 τοῦ
769 3086 1138 3158 βαπτίσματος
1180 3087 1287 3158 γάρ
1330 3088 1359 3141 6
1404 3086 1558 3154 λόγος
1593 3082 1681 3157 ἦν,

147 3177 229 3227 καὶ
252 3176 349 3246 τῆς
377 3178 786 3246 ἀναγεννήσεως
808 3177 907 3247 τῆς
936 3170 1325 3247 πνευματικῆς·
1343 3178 1457 3230 ἀλλ’
1477 3178 1684 3245 ἔλεγεν,

143 3265 215 3318 ὅτι
245 3268 337 3319 καὶ
377 3267 551 3319 ταῦτα
589 3265 766 3320 πίστει
808 3268 923 3320 ἐστὶ
964 3269 1301 3339 καταληπτά.
1345 3268 1591 3337 Ἐπὶγεια
1625 3269 1684 3322 δέ

144 3354 269 3406 αὐτὰ
295 3356 571 3417 ἐκάλεσεν,
592 3355 691 3408 οὐκ
717 3355 901 3424 ἐπειδὴ
921 3356 1135 3424 ἐπίγεια
1164 3357 1329 3420 ἐστιν,
1362 3356 1474 3409 ἀλλ’
1498 3356 1684 3429 ἐπειδὴ

142 3444 193 3495 ἐν
224 3447 290 3515 τῇ
324 3448 394 3515 γῇ
445 3446 696 3509 τελεῖται,
737 3447 830 3499 καὶ
872 3449 939 3517 τῇ
976 3446 1256 3516 συγκρίσει
1278 3447 1377 3516 τῆς
1409 3446 1519 3500 ἄνω
1560 3463 1682 3515 γεν-

140 3536 331 3603 νήσεως
380 3537 477 3607 τῆς
525 3538 832 3608 ἀπορρήτου
887 3536 980 3590 καὶ
1032 3538 1207 3590 πάντα
1253 3537 1681 3608 ὐπερϐαινούσης

141 3626 270 3689 νοῦν,
302 3629 511 3695 ἐπίγεια
542 3627 708 3681 ταῦτά
738 3630 900 3680 ἐστιν.
949 3628 1011 3680 Εί
1056 3628 1265 3689 τοίνυν,
1314 3628 1429 3691 πῶς
1458 3630 1682 3695 ἀναγεν-

136 3716 303 3784 νῶμαι
331 3721 393 3770 ἐκ
419 3718 526 3770 τῶν
556 3718 778 3779 ὑδάτων,
805 3719 866 3771 οὐ
903 3718 1120 3771 δυνατὸν
1149 3718 1345 3771 εἰδέναι
1363 3757 1377 3781 ,
1420 3718 1555 3771 ἀλλὰ
1592 3719 1680 3770 πί-

140 3822 241 3859 στει
276 3809 409 3880 μόνῃ
438 3808 833 3879 παραδέχεσθαι
884 3809 966 3860 δεῖ
1009 3808 1070 3860 τὸ
1108 3808 1404 3876 γινόμενον,
1452 3808 1543 3859 καὶ⁸
1591 3807 1681 3860 τὸν

135 3896 321 3962 τρόπον
349 3897 423 3966 μὴ
457 3897 928 3966 περιεργάζεσθαιο
957 3896 1127 3966 πόσης
1150 3897 1214 3948 ἂν
1239 3899 1321 3965 είη
1350 3896 1563 3965 μανίας,
1587 3898 1680 3951 ἐπὶ

135 3985 219 4051 τῆς
254 3988 363 4039 ἀνω
403 3989 705 4056 γεννήσεως
744 3986 834 4040 τοῦ
890 3987 1205 4057 μονογενοῦς
1234 3987 1364 4040 Υἱοῦ
1390 3986 1677 4057 λογισμοὺς

132 4074 491 4143 ἀνθρωπίνους
524 4080 709 4143 κινεῖν,
761 4077 853 4132 καὶ
882 4078 1081 4150 τρόπου
1113 4079 1413 4149 γεννήσεως
1450 4078 1676 4141 εὐθύνας

133 4164 371 4219 ἀπαιτεῖν
392 4184 408 4232 ;

188 4262 252 4321 γ’.
289 4257 413 4320 Πῶς
440 4257 538 4326 μὲν
568 4252 659 4311 οὖν
679 4258 905 4328 ἀπάτωρ
931 4259 1023 4312 καὶ
1051 4259 1281 4327 ἀμήτωρ
1308 4259 1337 4309 6
1370 4257 1673 4327 Μονογενὴς

131 4344 240 4408 1%;
270 4348 365 4400 τοῦ
398 4347 555 4411 Θεοῦ,
589 4349 785 4412 ἱκανῶς
829 4346 1215 4409 ἀποδέδεικται,
1259 4350 1354 4399 καὶ
1388 4346 1503 4406 πῶς
1549 4348 1677 4413 ἀγε-

126 4436 435 4506 νεαλόγητος
474 4438 736 4508 ἑκατέραν
777 4438 873 4507 τὴν
905 4438 1155 4507 γέννησιν
1175 4454 1189 4466 ο
1222 4436 1403 4489 λοιπὸν
1438 4436 1495 4488 δὲ
1540 4435 1674 4507 πρὸς

124 4524 174 4575 τὸ
205 4525 356 4598 U72]
384 4531 601 4595 ἐπεῖγον
634 4529 1002 4599 ἀπαγάγωμεν
1022 4540 1072 4594 α,
1105 4530 1195 4582 τὸν
1232 4528 1385 4597 λόγον
1416 4529 1506 4580 τὸν
1548 4528 1675 4597 περὶ

121 4613 201 4666 τοῦ
229 4617 561 4688 Μελχισεδὲκ
593 4619 671 4681 εἱς
721 4619 909 4687 ἑτέραν
954 4619 1165 4689 ἡμέραν
1217 4617 1670 4685 ἀναϐαλλόμενοι,

121 4706 202 4756 καὶ
256 4707 703 4777 διαναστὴσωμεν
750 4710 849 4778 τὴν
898 4708 1084 4778 ἀκοὴν,
1142 4707 1491 4778 προφητικῶν
1543 4708 1669 4777 μέλ-

119 4793 288 4861 λοντες
334 4800 551 4852 ἀκούειν
576 4800 926 4868 αἰνιγμάτων.
967 4800 1256 4869 Αίγίγμασι
1287 4800 1394 4868 γὰρ
1419 4799 1559 4851 ἔοικε
1604 4798 1668 4852 τὰ

119 4888 442 4957 πῳφητικά,
473 4889 563 4940 καὶ
609 4888 774 4957 πολλὴ
824 4888 1073 4940 δυσκολία
1115 4890 1172 4939 ἐν
1209 4892 1273 4957 τῇ
1306 4888 1507 4957 παλαιᾷ
1543 4891 1669 4941 Δια-

119 4970 263 5047 θήκῃ,
310 4978 409 5029 καὶ
450 4977 815 5046 δυσεπίληπτα
855 4978 921 5029 τὰ
957 4978 1158 5045 βιϐλία·
1203 4981 1235 5047 ἡ
1278 4978 1332 5030 δὲ
1370 4978 1542 5048 Καινὴ
1577 4995 1671 5030 σα-

117 5067 343 5135 φεστέρα
396 5066 489 5117 καὶ
540 5066 894 5135 εὐκολωτέρα.
944 5067 1049 5119 Καὶ
1083 5067 1224 5129 τίνος
1270 5068 1471 5125 ἕνεκεν,
1513 5067 1667 5135 φησὶ,

113 5154 269 5209 ταῦτα
298 5157 449 5208 οὕτω
475 5156 883 5220 διατετύπωται,
926 5157 1098 5209 καίτοι
1127 5158 1159 5226 ή
1194 5158 1367 5226 Καινη
1399 5156 1524 5226 περὶ
1554 5172 1669 5225 μει-

112 5243 264 5305 ζόνων
311 5246 619 5312 διαλέγεται
651 5248 1003 5316 πραγμάτων,
1036 5247 1161 5316 περὶ
1192 5246 1463 5315 βασιλείας
1505 5248 1665 5316 ούρα-

110 5332 220 5397 νῦνν,
256 5336 356 5387 καὶ
397 5335 661 5403 σωμάτων
689 5336 1050 5399 ἀναστάσεως,
1080 5335 1171 5387 καὶ
1204 5335 1311 5387 τῶν
1344 5336 1666 5407 ἀπορρήτων

108 5425 381 5490 ἀγαθῶννῖι
410 5428 503 5480 καὶ
544 5425 876 5497 ἀνθρώπινον
910 5427 1221 5496 ὑπερϐαίνει
1264 5428 1414 5494 νοῦν;
1448 5429 1541 5491 Τίς
1573 5426 1665 5481 οὖν

108 5514 133 5579 ἡ
167 5518 315 5569 αἰτία
358 5515 456 5568 τοῦ
492 5517 590 5579 τὰς
637 5517 965 5587 προφητείας
1011 5519 1237 5584 ἀσαφεῖς
1276 5514 1451 5582 εἷναι;
1490 5519 1664 5571 Πολλά

106 5606 457 5673 προλέγουσιν
491 5606 759 5667 Ἰουδαίοις
779 5602 933 5658 αὗται
972 5609 1139 5659 κακά·
1162 5609 1254 5660 καὶ
1283 5610 1361 5660 ὅτι
1398 5609 1659 5678 ἐκϐληθή-

156 5710 175 5735 ε
203 5711 705 5775 gaviliusjegeqdqm
748 5712 973 5771 opinatur
1014 5713 1391 5775 ἐπαναγέιγωμεν,
1419 5716 1503 5763 sed
1546 5722 1662 5775 pulo

102 5766 267 5832 £21727
277 5788 411 5833 »μέν
435 5766 561 5818 bche
582 5770 762 5818 habere
772 5805 781 5814 .

404 5854 675 5913 ΡΑτιιοι..
717 5856 834 5915 Gn.
882 5857 1032 5918 LVI.

1110 371 1194 426 DE
1231 361 1772 427 PROPHETIARUM
1810 362 2309 422 OBSCURITATE.
2352 368 2367 420 Ι

3240 380 3348 435 168

1791 492 1970 532 σονται
2008 479 2107 549 μέν
2153 480 2367 546 ἐκεῖνοι,
2415 481 2575 551 ἡμεῖς
2617 482 2674 535 δέ
2720 482 3210 553 εἱσδεχθησόμεθαο
3250 484 3344 537 καὶ

1785 565 1867 620 ὅτι
1911 569 2339 639 καταλυθήσεται
2390 570 2488 640 μὲν
2535 570 2564 622 6
2599 571 2753 635 ναὸς,
2802 574 2896 626 καὶ
2939 574 3117 626 οὐκέτι
3161 573 3344 625 λοιπὸν

1785 659 2163 729 ἀναστήσεται,
2195 662 2439 713 πεσεῖται
2465 662 2521 714 δὲ
2548 660 2619 714 τά
2655 662 3018 732 Ἱεροσόλυμα,
3052 665 3145 717 καὶ
3176 665 3342 719 πᾶσιν

1786 745 1935 801 ισται
1975 749 2141 818 βατά·
2183 749 2422 804 Ἰουδαῖοί
2468 768 2527 804 τε
2560 751 2823 823 πλανῆται
2869 754 3169 823 γενόμενοι,
3206 770 3343 807 παν-

1784 838 1948 907 ταχοῦ
1980 840 2079 910 τῆς
2111 841 2432 912 οἰκουμένης
2478 843 2953 913 διασπαρήσονται,
2992 847 3083 898 καὶ
3113 845 3211 914 τῆς
3244 846 3338 896 πό-

1784 926 1917 989 λεως
1946 929 2295 995 ἐκπεσόντες,
2340 931 2460 984 ούδέ
2507 932 2606 1003 τὴν
2644 933 2912 1001 πολιτείαν
2948 934 3127 998 ἕξουσι
3164 933 3342 987 λοιπὸν

1784 1015 1881 1085 τὴν
1919 1018 2169 1087 ἀρχαίαν,
2214 1018 2348 1073 ἀλλά
2378 1022 2551 1074 πάντα
2598 1022 2777 1075 αὐτῶν
2824 1023 3343 1094 ἀφαιρεθήσεταιτά

1786 1108 2046 1179 πρότερα,
2087 1110 2180 1163 καὶ
2212 1115 2553 1182 προφητεῖαι,
2579 1114 2672 1167 καὶ
2704 1113 2900 1178 θυσίαι,
2930 1115 3024 1167 καὶ
3056 1115 3338 1187 ἱερωσύνη.

1786 1198 1881 1250 καὶ
1919 1198 2178 1266 βασιλεία.
2221 1202 2296 1255 Οὐ
2331 1203 2488 1272 μόνον
2532 1204 2587 1256 δὲ
2633 1205 2800 1258 ταῦτα
2820 1246 2834 1269 ,
2886 1204 3020 1259 ἀλλά
3069 1208 3162 1260 καὶ
3209 1206 3338 1262 ἀλλα
3437 1206 3439 1208 ’

1787 1288 1955 1342 πολλά
1995 1291 2219 1346 τοιαῦτα
2262 1294 2550 1364 προέλεγον
2579 1296 2627 1347 οἱ
2663 1297 2955 1366 προφῆται,
2990 1299 3185 1369 μυρίας
3216 1316 3338 1369 τρα‹

1787 1379 1985 1448 γῳδίας
2021 1384 2130 1445 τοῖς
2181 1385 2398 1447 οίκείοις
2438 1387 2934 1455 ἐγκαταμιγνύντες
2967 1388 3206 1458 βιϐλίοις.
3248 1390 3338 1444 Ἵν“

1787 1465 1880 1522 οὖν
1905 1471 1955 1522 οί
1987 1471 2223 1525 Ἰουδαῖοι
2260 1476 2332 1545 μὴ
2364 1476 2547 1543 σαφῶς
2587 1476 2914 1543 ἀκούσαντες
2941 1480 3088 1549 παρά
3118 1480 3216 1550 τὴν
3246 1482 3340 1551 ἀρ-

1787 1561 1910 1630 χὴν,
1938 1561 2367 1632 διαχειρίσωνται
2393 1566 2518 1628 τοὺς
2544 1567 2801 1634 λέγοντας
2830 1568 3021 1633 ταῦτα,
3051 1574 3117 1642 τῇ
3151 1573 3341 1626 δυσκο-

1785 1650 1875 1721 λίᾳ
1901 1652 1997 1721 τῆς
2037 1653 2330 1722 ἑρμηνείας
2374 1655 2692 1725 ἀπέκρυψαν
2731 1660 2829 1719 τὰς
2858 1662 3212 1733 προρρήσεις,
3249 1668 3342 1719 καὶ

1787 1742 1984 1811 πολλὴν
2031 1742 2297 1812 ἀσάφειαν
2348 1746 2609 1815 κατέχεαν
2648 1749 2676 1788 Β
2718 1749 2825 1803 τῶν
2875 1753 3228 1821 πραγμάτων,
3276 1759 3340 1825 τῇ

1786 1832 2018 1901 ἀσαφείᾳ
2041 1832 2148 1886 τῶν
2181 1832 2483 1901 λεγομένων
2515 1838 2624 1898 τοῖς
2655 1835 2865 1904 λέγουσι
2904 1843 3344 1909 παρασκευάζον-

1785 1936 1874 1982 τες
1905 1920 2220 1989 άσφάλειαν.
2263 1923 2371 1974 Καὶ
2402 1922 2563 1976 πόθεν
2590 1924 2747 1991 δῆλον
2777 1926 2963 1987 τοῦτος
2993 1931 3082 1980 Δεῖ
3109 1931 3214 1999 γὰρ
3249 1930 3341 1983 καὶ

1785 2007 2008 2071 εὐθύνας
2031 2010 2175 2078 ἡμᾶς
2202 2010 2564 2072 ἀπαιτεῖσθαι,
2593 2013 2642 2063 εί
2674 2014 2765 2065 καὶ
2794 2016 2851 2067 ἐν
2886 2016 3057 2083 φίλοις
3084 2017 3308 2090 λέγομεν
3326 2038 3339 2052 ·

1786 2098 1880 2151 καὶ
1924 2098 2029 2169 γάρ
2073 2098 2254 2152 πολλοὶ
2306 2100 2434 2163 ίσως
2492 2103 2585 2154 καὶ
2630 2104 2737 2156 τῶν
2776 2105 2836 2158 οὐ
2888 2106 3055 2175 φίλων
3102 2111 3340 2182 πάρεισι.

1786 2187 2214 2240 Μανθανέτωσαν
2237 2188 2415 2241 τοίνυν
2439 2188 2609 2243 ταῦτα
2653 2193 2909 2256 κάκεῖνοι,
2942 2195 3028 2247 ἴνα
3070 2197 3163 2249 καὶ
3191 2199 3341 2251 αὐτοὶ

1787 2278 1927 2346 φίλοι
1954 2280 2230 2347 γένωνται.
2255 2277 2437 2345 Εἶπον,
2464 2281 2545 2333 ὃτι
2583 2283 2629 2334 εί
2659 2283 2892 2352 ἦκουσαν
2915 2286 2963 2338 οἱ
3006 2288 3245 2342 Ἰουδαῖοι
3273 2291 3342 2344 τὰ

1788 2368 2046 2435 μέλλοντα
2095 2368 2289 2431 αὐτοὺς
2335 2370 2738 2440 καταλήψεσθαι
2786 2375 2961 2439 κακὰ,
3013 2378 3106 2429 καὶ
3150 2379 3231 2431 ὅτι
3273 2381 3342 2433 τὰ

1796 2456 2136 2527 Ἰεροσόλυμα
2181 2456 2442 2511 ἁλώσεται
2488 2460 2573 2512 διὰ
2604 2461 2693 2512 τὸν
2739 2463 2970 2533 Χριστὸν
3010 2467 3107 2535 τὴν
3144 2467 3339 2521 ἅλωσιν

1784 2545 1982 2616 ταύτην
2006 2544 2104 2613 τὴν
2135 2545 2535 2621 ἀθάνατονηκαὶ
2565 2548 2663 2600 οὐκ
2696 2548 2921 2617 ἔχουσαν
2952 2552 3267 2623 μεταϐολὴν,
3294 2558 3341 2608 εἱ

1784 2634 2020 2703 ἥκουσαν
2064 2633 2310 2702 φανερῶς
2350 2626 2501 2703 παρὰ
2537 2636 2645 2685 τῶν
2682 2638 2970 2706 προφητῶν
3010 2639 3214 2705 ταῦτα,
3252 2644 3342 2695 efr-

1787 2721 1920 2783 θέως
1944 2722 2009 2774 ἂν
2038 2721 2165 2784 τοὺς
2204 2723 2375 2775 ταῦτα
2398 2716 2655 2791 λέγοντας
2679 2726 3021 2781 ἀπέκτειναν.
3055 2730 3221 2784 Πόθεν
3250 2728 3340 2785 οὖν

1784 2812 1939 2865 τοῦτο
1964 2812 2149 2882 δῆλον;
2184 2813 2402 2882 Πρῶτον
2451 2815 2549 2884 μέν
2584 2815 2694 2868 ἀπὸ
2730 2816 2839 2869 τῶν
2882 2819 3098 2887 τρόπων
3127 2822 3304 2874 αὐτῶν
3324 2839 3337 2852 ·

1788 2903 2000 2972 μανικοὶ
2022 2903 2130 2973 γὰρ
2158 2905 2252 2956 καὶ
2290 2903 2570 2976 θηριώδεις
2610 2900 2767 2976 ἦσαν.
2794 2906 2973 2978 Δῆμός
3002 2911 3145 2962 ἐστιν
3176 2912 3342 2981 αἱμά-

1785 3006 1891 3042 των
1919 2991 2004 3044 ἀεὶ
2043 2991 2211 3061 διψῶν
2241 2992 2611 3063 προφητικῶν,
2644 2995 2699 3045 αἱ
2739 2997 2914 3064 χεῖρες
2942 2997 3119 3049 αὐτῶν
3149 2999 3341 3069 ἐμελέ-

1784 3098 1953 3151 τησαν
1991 3084 2049 3135 ἐν
2084 3087 2201 3148 ταῖς
2240 3088 2472 3154 σφαγαῖς
2508 3084 2614 3139 τῶν
2656 3086 2841 3154 ἁγίων.
2881 3087 3063 3141 Ταῦτα
3097 3091 3125 3141 6
3169 3092 3340 3160 μέγας

1797 3172 1981 3237 Ἠλίας
2011 3174 2186 3228 αὐτῶν
2231 3176 2471 3247 καταϐοᾷ
2502 3177 2703 3245 λέγων’
2726 3180 2919 3246 Κύριε,
2946 3181 3087 3245 τοὺς
3114 3184 3340 3252 προφή-

1784 3278 1889 3329 τας
1928 3278 2043 3318 σου
2089 3264 2464 3329 ἀπέκτειναν,
2503 3265 2576 3318 τὰ
2617 3268 3006 3336 θυσιαστήριὰ
3052 3284 3169 3326 σου
3204 3288 3340 3326 κατ-

1782 3352 2079 3422 έσκαψαν.
2121 3354 2176 3408 Ὀ
2218 3356 2448 3428 Χριστὸς
2479 3358 2660 3423 πάλιν,
2693 3360 3095 3430 Ἰερουσαλὴμ,
3133 3363 3338 3430 Ἰερου-

1784 3444 2008 3512 σαλὴμ,
2038 3446 2077 3513 ἡ
2107 3446 2512 3513 ἀποκτείνασα
2535 3449 2672 3515 τοὺς
2701 3452 3024 3520 προφήτας,
3058 3454 3154 3506 καί
3181 3458 3338 3509 λιθο-

1784 3532 2047 3587 ϐολοῦσα
2070 3534 2210 3598 τοὺς
2243 3535 2732 3605 ἀπεσταλμένους
2758 3540 2904 3607 πρὸς
2934 3540 3142 3605 αὑτήν.
3174 3543 3282 3595 Καὶ
3313 3543 3339 3593 6

1792 3622 2017 3686 Ἡσαΐας
2052 3625 2258 3694 συνῳδὰ
2286 3626 2492 3690 τούτοις
2521 3627 2698 3679 αὐτῶν
2726 3630 3063 3699 κατηγορῶν,
3092 3631 3217 3685 ἐϐόα
3234 3648 3247 3660 ’
3270 3637 3338 3687 Al

1783 3713 1974 3783 χεῖρες
2008 3714 2176 3782 ὑμῶν
2210 3716 2455 3783 αἵματος
2487 3716 2751 3782 πλήρεις.
2795 3721 2902 3772 Καὶ
2935 3721 3095 3774 πάλιν
3124 3723 3155 3774 6
3203 3725 3337 3793 Χρι-

1785 3805 1905 3867 στός
1926 3819 1941 3836 ο
1980 3809 2041 3857 Ol
2080 3805 2325 3872 πατέρες
2361 3806 2526 3876 ὑμῶν
2558 3809 2910 3863 ἀπέκτειναν
2944 3811 3080 3876 τοὺς
3112 3813 3336 3881 προφή-

1782 3909 1909 3959 τας,
1947 3892 2113 3961 ὑμεῖς
2156 3893 2225 3945 δὲ
2269 3896 2625 3964 οἰκοδομεῖτε
2667 3899 2737 3952 τὰ
2781 3900 3058 3969 μνήματα
3103 3902 3301 3954 αὐτῶν
3324 3918 3335 3932 ⁸

1782 3984 2132 4050 πληρώσατε
2156 3985 2223 4039 τό
2250 3986 2468 4054 μέτρον
2504 3988 2619 4042 τῶν
2655 3991 2919 4056 πατέρων
2949 3991 3132 4059 ὑμῶν.
3176 3992 3334 4060 Ὁρᾷς

1782 4073 1895 4137 πῶς
1932 4075 2021 4126 καὶ
2048 4077 2075 4127 6
2102 4076 2371 4143 Δεσπότης
2403 4078 2494 4129 καὶ
2524 4080 2571 4128 οἱ
2601 4078 2772 4130 δοῦλοι
2814 4080 3118 4147 μιαιφονίαν
3158 4082 3335 4133 αὐτῶν

1784 4164 2143 4231 μαρτυροῦσι;
2191 4165 2256 4216 Τί
2308 4164 2364 4216 δέ
2406 4168 2552 4218 ἐστι’
2600 4166 2957 4232 Πληρώσατε
3006 4171 3072 4223 τὸ
3117 4170 3335 4238 μέτρον

1779 4249 1897 4302 τῶν
1946 4252 2213 4318 πατέρων
2264 4254 2455 4322 ὑμῶν;
2512 4254 2658 4327 [175]
2704 4258 3106 4322 Ἀποκτείνατε,
3165 4262 3330 4330 φησὶ,

1780 4343 1949 4412 κάμέ·
1994 4344 2248 4413 πρόσθετε
2291 4349 2402 4409 τοῖς
2429 4348 2688 4411 δουλικοῖς
2718 4349 2905 4419 αἵμασι
2948 4352 3045 4421 τὴν
3085 4354 3331 4405 δεσποτι-

1779 4433 1878 4502 κῆν
1923 4437 2154 4504 σφαγήν.
2192 4438 2252 4488 El
2294 4437 2399 4506 γὰρ
2432 4439 2656 4508 μυρίους
2702 4440 2938 4507 ἔσφαξαν
2978 4441 3323 4512 ἀνθρώπους,

1777 4523 1909 4574 ἀλλά
1940 4526 2244 4589 συνδούλους
2281 4528 2519 4591 πάνταςο
2547 4531 2634 4581 ὅτε
2666 4529 2721 4580 δὲ
2760 4529 2898 4581 κατὰ
2934 4530 3027 4581 τοῦ
3066 4534 3333 4584 Δεσπότου

1775 4614 1872 4673 τὰς
1901 4617 2083 4683 χεῖρας
2110 4616 2394 4681 ἐξέτειναν,
2422 4619 2542 4671 τότε
2578 4620 2864 4689 ἐπληρώθη
2899 4620 2955 4673 τὸ
2982 4622 3176 4692 μέτρον
3196 4639 3210 4652 ·
3239 4625 3330 4676 καὶ

1775 4705 2013 4767 εἰκότως.
2042 4706 2182 4769 Ἕως
2227 4709 2322 4776 μὲν
2361 4709 2466 4778 γὰρ
2507 4710 2605 4760 οὐκ
2637 4708 2959 4761 ἀπέκτειναν
3007 4712 3095 4762 τὸν
3130 4714 3331 4765 Δεσπό-

1774 4812 1890 4863 την,
1941 4792 2082 4865 εἶχον
2114 4798 2301 4852 ἐλπίδα
2347 4800 2650 4870 σωτηρίας,
2700 4803 2790 4853 καὶ
2824 4802 3160 4871 προσεδόκων
3190 4805 3268 4857 ὅτι
3300 4807 3328 4857 6

1774 4886 1939 4953 ἀμνὸς
1977 4885 2070 4938 τοῦ
2118 4886 2249 4939 Θεοῦ
2284 4888 2451 4939 ἐλθὼν
2493 4891 2611 4959 ἀρεῖ
2656 4890 2754 4958 τὴν
2800 4891 3069 4961 ἁμαρτίαν
3113 4892 3204 4943 τοῦ
3237 4894 3326 4944 κό-

1775 4991 1943 5041 σμου·
1998 4977 2183 5047 ἐπειδὴ
2221 4978 2277 5030 δὲ
2312 4978 2401 5029 τὸν
2454 4979 2634 5050 ἰατρὸν
2681 4979 3081 5051 διεχειρίσαντο,
3118 4984 3211 5035 καὶ
3248 4985 3327 5045 εἰς

1773 5067 1901 5118 αὐτὸ
1927 5068 1985 5119 τὸ
2014 5069 2319 5137 ἱλαστήριον
2350 5067 2597 5139 ὕϐρισαν,
2630 5071 2721 5123 καὶ
2747 5071 2835 5124 τὸν
2865 5072 3082 5125 ἐλθόντα
3112 5072 3325 5141 ἀφεῖναι

1770 5159 1837 5210 τὰ
1868 5158 2230 5228 ἁμαρτήματα
2263 5160 2705 5231 ἀπεστράφησαν,
2741 5163 2915 5231 πάσης
2953 5163 3135 5214 λοιπὸν
3178 5162 3327 5215 ἐλπί-

1769 5248 1855 5310 δος
1888 5247 2160 5311 ἐξέπεσον.
2187 5249 2285 5301 Διά
2326 5249 2482 5301 τοῦτο
2514 5250 2694 5318 λέγει’
2722 5250 3082 5319 Πληρώσατε
3114 5252 3179 5305 τὸ
3219 5259 3326 5320 μὲ-

1770 5354 1909 5403 τρον
1954 5336 2069 5388 τῶν
2113 5338 2379 5404 πατέρων
2429 5336 2613 5406 ὑμῶν.
2656 5338 2796 5399 Ναὶ,
2862 5338 3055 5407 φησιν·
3091 5338 3201 5391 ἀλλ’
3240 5339 3322 5389 ὅτι

1772 5429 1867 5496 μὲν
1902 5429 2169 5497 μιαιφόνοι
2213 5430 2304 5481 καὶ
2345 5430 2585 5494 ἐναγεῖς,
2620 5429 2987 5481 ἀποδέδεικται
3022 5430 3084 5481 ἐκ
3116 5428 3325 5480 πολλῶν

1772 5518 2111 5587 μαρτυριῶνο
2144 5517 2302 5570 πόθεν
2344 5518 2399 5570 δὲ
2436 5519 2609 5587 δῆλον,
2648 5520 2725 5571 ὅτι
2758 5519 2863 5571 τῶν
2897 5518 3183 5588 προφητῶν
3223 5518 3324 5569 οὐκ

1770 5610 1831 5661 ἂν
1868 5611 2169 5675 ἐφείσαντο,
2200 5611 2247 5661 εί
2282 5611 2519 5679 ἥκουσαν
2564 5611 2642 5662 ὅτι
2680 5609 2748 5662 τὰ
2780 5610 3119 5680 Ἰεροσόλυμα
3154 5625 3323 5661 κατα-

1825 5772 1854 5811 ὶ)
1881 5772 1990 5821 MSS.
2024 5776 2257 5836 κατέχεον.

2924 5862 2989 5917 11
