4130 6316
723 391 837 447 169

725 492 1117 567 στραφήσεται,
1141 491 1223 545 ὅτι
1247 491 1277 544 6
1307 491 1468 560 νόμος
1493 489 1853 558 παυθήσεται,
1893 487 1976 539 ὅτι
2011 486 2044 555 ή
2078 481 2289 536 Παλαιὰ

722 585 1119 654 ἁλλαγήσετσι;
1166 579 1415 634 Μάλιστα
1450 577 1550 647 μέν
1590 575 1686 628 καὶ
1729 576 1794 628 ἐκ
1844 574 1954 627 τῶν
1987 573 2290 642 εἱρημένων

724 674 878 746 δῆλον
896 690 909 704 ο
936 672 1076 742 πλὴν
1101 669 1217 723 ἀλλ’
1245 668 1306 732 ἐξ
1337 666 1516 721 αὐτῶν
1542 666 1652 719 τῶν
1683 663 1914 736 Γραφῶν
1952 660 2112 715 πάλιν
2136 661 2294 729 ποιή-

726 786 890 838 σομαι
917 765 1013 836 τὴν
1040 761 1310 825 ἀπόδειξιν
1335 758 1691 828 σαφεστέραν.
1721 758 1786 811 Εἱ
1809 758 1918 827 γάρ
1949 770 2079 808 ποτε
2123 753 2291 822 ἢκουε-

727 877 828 913 σαν
856 856 1136 927 προφήτου
1181 851 1462 920 λέγοντος,
1498 850 1580 904 ὅτι
1619 848 1693 902 τὰ
1734 845 2083 919 Ἰεροσόλυμα
2118 859 2291 898 κατα-

728 950 1096 1020 στραφήσεται
1125 943 1505 1015 καταστροφὴν
1539 941 1890 1012 πρόσκαιρον,
1937 937 2057 990 δέον
2098 936 2293 998 αὐτοὺς

730 1038 1157 1111 μεταϐάλλεσθαι
1187 1037 1280 1091 καὶ
1325 1031 1725 1105 ἀποκρούεσθαι
1755 1030 1850 1084 τοῦ
1883 1028 2018 1082 Θεοῦ
2060 1027 2158 1099 τὴν
2201 1028 2292 1097 69-

726 1134 851 1204 γὴν,
891 1133 970 1194 εἱς
1010 1130 1100 1183 τὸν
1134 1128 1417 1200 προφήτην
1461 1125 1693 1194 ἠφίεσαν
1722 1124 1812 1177 τὸν
1854 1121 2041 1191 θυμόν.
2075 1119 2186 1173 Καὶ
2211 1119 2293 1172 δτι

725 1223 883 1278 τοῦτό
924 1225 1069 1275 ἐστιν
1107 1219 1324 1289 ἀληθὲς,
1358 1216 1537 1271 αὐτῶν
1568 1215 1833 1270 ἀκούσατε
1869 1211 1979 1264 τῶν
2025 1208 2293 1280 ἱστοριιῖιν.

740 1313 1116 1383 Ἐπολιόρκουν
1151 1308 1249 1379 τὴν
1291 1305 1441 1362 πόλιν
1488 1307 1667 1361 αὐτῶν
1693 1303 1743 1358 οἱ
1785 1302 1991 1373 Πέρσαι
2021 1301 2170 1367 ποτὲ,
2201 1299 2295 1354 καὶ

731 1402 1058 1476 βαρϐαρικὸν
1103 1399 1456 1471 στρατόπεδον
1509 1397 1615 1462 ἔξω
1662 1393 2051 1466 περιεκάθητο·
2094 1392 2187 1446 καὶ
2227 1388 2297 1444 τὰ

727 1497 836 1549 τῶν
867 1493 1122 1549 κινδύνων
1154 1493 1254 1547 οὐκ
1285 1486 1354 1562 ἦν
1393 1488 1580 1560 ἄδηλα,
1625 1486 1738 1540 ἀλλ’
1763 1488 1820 1539 ἐν
1869 1486 2006 1557 μέσῃ
2048 1483 2233 1553 παγίδι
2260 1483 2295 1552 ἡ

729 1587 881 1650 πόλις
907 1581 976 1656 ἦν
1000 1585 1121 1638 τότε
1151 1581 1521 1653 Ἰερουσαλὴμ,
1542 1577 1896 1648 ὡπλισμένων
1923 1576 2176 1630 ἀπάντων
2203 1572 2298 1626 καὶ

729 1677 1107 1750 περιεστώτων
1135 1675 1358 1740 ἔξωθενο
1385 1673 1500 1727 ἀλλ’
1521 1674 1669 1743 ὅμως
1697 1670 1840 1724 οὕτω
1864 1668 2114 1739 φανερῶν
2130 1667 2297 1721 ὄντων

730 1769 840 1823 τῶν
880 1767 1087 1833 δεινῶν,
1128 1764 1312 1837 ἐπειδὴ
1348 1763 1615 1836 Ἱερεμίας
1647 1759 1816 1816 ἐλθὼν
1848 1757 1969 1815 εἷπε
2015 1757 2154 1828 πρὸς
2196 1757 2297 1810 αὺ-

731 1861 888 1923 τοὺς,
937 1859 1017 1911 ὅτι
1060 1856 1280 1928 ήπόλις
1312 1851 1747 1925 παραδοθήσεται
1780 1851 1858 1913 εἱς
1911 1850 2098 1919 χεῖρας
2150 1845 2299 1899 Χαλ-

733 1951 897 2004 δαίων
913 1967 926 1979 ο
951 1949 1124 2003 καίτοι
1147 1941 1304 2000 τοῦτο
1324 1945 1445 1999 οὑδέ
1467 1942 1771 2015 προφητεία
1793 1937 1888 2012 ἦν’
1910 1942 1960 1992 οί
1985 1938 2091 2008 7&9
2111 1935 2301 2004 ὀφθαλ-

736 2043 830 2112 μοὶ
853 2041 1026 2094 αὐτῶν
1055 2038 1237 2110 ἐώρων
1260 2037 1329 2090 τὰ
1353 2035 1739 2106 συμϐησόμενα
1754 2048 1768 2065 ⁸
1804 2031 1916 2085 ἀλλ’
1938 2033 2085 2102 ὅμως
2113 2027 2299 2096 ἐπειδὴ

733 2136 804 2188 τὰ
848 2135 1054 2203 φανερὰ
1085 2133 1180 2186 καὶ
1211 2129 1316 2201 πρὸ
1354 2128 1464 2182 τῶν
1500 2126 1793 2197 ὀφθαλμῶν
1823 2121 1995 2188 εἶπεν,
2035 2122 2085 2174 οἱ
2118 2118 2302 2191 μιαροὶ¹

736 2226 832 2279 καὶ
857 2223 1167 2292 ἀναίσθητοι
1204 2223 1298 2275 καὶ
1330 2220 1457 2291 περὶ
1500 2219 1627 2280 τοὺς
1670 2215 1960 2288 εὐεργέτας
1992 2211 2303 2282 ἀγνώμονες

738 2315 910 2378 οὕτως
953 2314 1252 2383 ἐμάνησαν,
1294 2311 1369 2374 ώς
1411 2310 1674 2380 προδότην
1722 2307 1881 2360 αὑτὸν
1932 2305 2023 2358 καὶ
2052 2301 2303 2372 λυμεῶνα

738 2406 838 2474 τῆς
887 2404 1094 2464 πόλεως
1139 2401 1385 2470 νομίσαι,
1430 2398 1524 2452 καὶ
1563 2399 1756 2459 εἰπεῖν,
1799 2396 1881 2448 δτι
1931 2392 2159 2446 Ἐκλύει
2200 2389 2306 2456 τὰς

739 2497 940 2567 χεῖρας
977 2495 1082 2549 τοῦ
1119 2492 1272 2546 λαοῦ
1313 2492 1550 2546 τούτου.
1599 2489 1710 2542 Καὶ
1753 2487 1858 2557 μὴν
1906 2481 2179 2556 ἐστερέου.
2214 2483 2306 2535 καὶ

746 2589 850 2660 μὴν
880 2589 1120 2658 διήγειρε
1160 2586 1259 2656 τὴν
1294 2581 1600 2654 προθυμίαν
1638 2578 1840 2642 αὐτῶν,
1886 2575 1978 2630 καὶ
2012 2575 2144 2646 πρὸς
2174 2571 2308 2626 Θεὸν

739 2674 864 2748 ἦγε,
903 2677 966 2729 τὸ
1001 2674 1239 2746 ἀρραγές
1279 2672 1375 2726 καὶ
1409 2670 1831 2740 ἀκαταμάχητον
1872 2668 2052 2730 αὐτοῖς
2096 2681 2308 2735 περιτι-

743 2768 858 2831 θεὶς
893 2771 1096 2836 τεῖχος*
1126 2766 1238 2819 ἀλλ’
1281 2764 1432 2818 οὐδὲν
1468 2762 1672 2816 τούτων
1707 2762 2052 2832 ἐννοήσαντσς
2079 2762 2306 2824 ἐκεῖνοι,

744 2861 991 2914 ἐκέλευον
1017 2859 1175 2913 αὐτὸν
1202 2856 1557 2925 ἀναιρεῖσθαι.
1586 2855 1849 2918 Τοιαύτας
1880 2853 1986 2924 γὰρ
2013 2855 2125 2916 τοῖς
2151 2853 2310 2922 εὐερι

744 2953 930 3019 γέταις
968 2951 1053 3003 ἀεὶ
1093 2950 1190 3012 τὰς
1230 2948 1460 3018 ἀμοιϐὰς
1513 2946 1854 3007 ἀπεδίδοσαν,
1896 2945 1990 2997 καὶ
2026 2943 2118 2996 τοῦ
2155 2943 2310 3012 βασι-

747 3037 884 3104 λέως
920 3038 1262 3108 συγγνόντος,
1298 3037 1416 3089 οὑδέ
1447 3037 1618 3098 οὕτως
1660 3035 1946 3098 ἐνέδωκαν,
1983 3035 2096 3088 ἀλλ’
2130 3035 2312 3104 ἐπειδὴ

749 3131 954 3184 ἀνελεῖν
999 3129 1099 3182 οὐκ
1147 3129 1392 3198 ίσχυσαν.
1434 3127 1514 3191 εἱς
1559 3125 1651 3180 τὸν
1698 3123 1793 3178 τοῦ
1823 3123 2084 3196 βορϐόρου
2115 3123 2315 3177 λάκκον

750 3221 1019 3276 ἐνέϐαλον.

820 3310 882 3365 δ’.
919 3310 980 3365 El
1003 3311 1060 3363 δὲ
1094 3306 1426 3381 προσκαίρου
1452 3307 1824 3378 αἰχμαλωσίας
1849 3306 2016 3374 ἀκοὴν
2040 3305 2138 3358 οὐκ
2159 3306 2318 3375 ἠνεγ-

753 3424 874 3469 καν,
890 3405 1004 3467 πῶς
1014 3405 1111 3474 τὴν
1124 3403 1422 3473 πρόρρησιν
1435 3404 1532 3471 τῆς
1547 3400 1826 3471 διηνεκοῦς
1843 3397 2080 3460 δουλείας
2098 3396 2318 3466 ἔμελλον

753 3497 1084 3562 είσακούειν;
1117 3497 1180 3548 El
1213 3495 1476 3566 Ἱερεμίας
1505 3489 1678 3555 εἶπεν,
1709 3489 2196 3546 ὅτιἋπελεύσεσθε
2242 3490 2319 3550 εἱς

755 3588 1071 3650 Βαϐυλῶνα,
1104 3586 1201 3639 καὶ
1243 3587 1342 3655 οὐχ
1382 3585 1696 3655 ὑπήνεγκαν
1720 3591 1740 3613 ⁸
1785 3581 2035 3647 ἀκοῦσαι,
2069 3579 2182 3632 ἀλλ’
2211 3579 2321 3632 ἱτι-

759 3682 1082 3751 μωρήσαντο
1127 3678 1215 3730 τὸν
1259 3676 1508 3730 εἱπόντα·
1537 3677 1585 3727 εἱ
1618 3674 1855 3744 ἥκουσαν
1880 3671 1989 3724 τῶν
2030 3669 2323 3740 προφητῶν

757 3775 1038 3837 εἱπόντων,
1063 3773 1143 3825 ὅτι
1161 3771 1272 3823 Οὐκ
1298 3772 1377 3833 εἱς
1408 3767 1722 3831 Βαϐυλῶνα,
1757 3764 1893 3819 ἀλλὰ
1923 3761 2197 3833 πανταχοῦ
2227 3762 2325 3829 τῆς

761 3863 911 3937 [174]
941 3861 1260 3932 οἰκουμένης
1286 3856 1742 3929 διασπαρήσεσθε,
1772 3854 1866 3908 καὶ
1914 3853 2095 3906 οὐκέτι
2142 3850 2327 3905 λοιπὸν

758 3956 932 4024 ἐπανή
942 3955 1074 4020 ξετε,
1098 3952 1196 4006 οὐκ
1222 3951 1288 4004 ἂν
1311 3949 1404 4003 καὶ
1425 3948 1487 4001 τὸ
1508 3945 1646 4016 αἱμα
1672 3946 1781 3998 τῶν
1803 3944 2066 4014 λεγόντων
2086 3943 2325 4007 ἐξέπιονς

760 4051 825 4103 Εἱ
857 4049 912 4102 δέ
940 4048 1087 4101 δοκεῖ
1111 4044 1267 4097 τοῦτο
1297 4041 1375 4093 ἔτι
1410 4036 1712 4109 στοχασμὸς
1746 4031 1907 4098 εἶναι,
1937 4033 2176 4104 φανερὰν
2203 4033 2329 4101 ὑμῖν

761 4137 1030 4201 ἀπόδειξιν
1060 4133 1304 4204 παρέχω,
1332 4131 1413 4184 ὅτι
1443 4129 1543 4181 οὐκ
1568 4123 1636 4197 ἦν
1663 4124 1903 4194 ἀσφαλὲς
1938 4124 2119 4186 αὐτοῖς
2153 4122 2331 4190 λέγειν

760 4231 831 4286 τὰ
868 4228 1145 4299 μέλλοντα,
1183 4223 1281 4294 τὴν
1307 4218 1579 4291 ἡμετέραν
1608 4216 1771 4287 τιμὴν
1799 4216 1962 4283 λέγω,
1997 4215 2093 4280 τὴν
2123 4214 2334 4266 έκπτωο

767 4340 851 4375 σιν
880 4322 977 4392 τὴν
1005 4317 1243 4371 ἐκείνων.
1283 4313 1549 4380 Στέφανον
1579 4310 1706 4378 γὰρ,
1738 4307 1856 4360 εἱπέ
1893 4325 2002 4376 μοι,
2031 4305 2129 4375 τὴν
2158 4306 2335 4373 ἀπαρ-

764 4416 865 4486 χὴν
889 4413 996 4466 τῶν
1032 4413 1341 4481 μαρτύρων,
1372 4401 1459 4454 διὰ
1487 4401 1539 4452 τί
1568 4399 1850 4463 ἐλίθασαν;
1881 4398 1940 4451 οὐ
1978 4397 2147 4452 ταῦτα
2171 4398 2335 4464 ἐγκα·

765 4484 982 4562 λοήῦντες
1012 4495 1156 4566 αὐτῷ
1201 4493 1294 4547 καὶ
1320 4491 1589 4559 λέγοντες,
1621 4489 1701 4540 ὅτι
1735 4488 1788 4540 '0
1832 4487 1986 4555 ἀνὴρ
2023 4484 2200 4551 οὗτος
2229 4491 2337 4541 λα.

767 4596 868 4650 λεῖ
897 4590 1235 4658 βλάσφημα
1270 4582 1532 4652 ρήματα;
1569 4576 1733 4642 Elite,
1769 4578 1952 4648 φησὶν,
1987 4576 2076 4630 ὅτι
2110 4577 2336 4644 Ἰησοῦς

769 4684 1096 4740 καταλύσει
1129 4677 1234 4730 τὸν
1264 4673 1413 4727 ναὸν
1448 4670 1681 4732 τοῦτον,
1713 4669 1809 4722 καὶ
1836 4668 2087 4733 ἀλλάξει
2115 4669 2184 4722 τὰ
2210 4668 2336 4734 ἔθη,

771 4778 810 4831 ἁ
849 4772 1149 4841 παρέδωκε
1185 4763 1465 4831 Μωῦσῆς,
1515 4763 1609 4815 καὶ
1645 4761 1731 4814 διὰ
1765 4760 1921 4813 τοῦτο
1953 4761 2111 4813 αὑτὸν
2156 4762 2338 4815 ἐλίθαη

775 4885 889 4920 σαν.
937 4867 998 4917 Εἰ
1039 4865 1092 4915 δέ
1143 4861 1257 4913 τότε
1306 4860 1405 4910 οὐκ
1439 4855 1711 4925 ἠνείχοντο
1744 4852 1915 4906 ταῦτα
1965 4852 2201 4917 ἀκούειν,
2247 4854 2340 4906 καὶ

772 4958 943 5010 ταῦτα
993 4955 1099 5005 τῶν
1151 4947 1486 5020 πραγμάτων
1539 4946 1736 5005 αὐτοὺς
1789 4943 2083 4996 πειθόντων
2133 4946 2336 5012 λοιπὸν,

774 5047 890 5107 πῶς
916 5046 980 5098 ἂν
1012 5043 1117 5095 τῶν
1161 5037 1446 5111 προφητῶν
1473 5035 1757 5104 ἠνέσχοντο
1797 5034 1971 5086 ταῦτα
2017 5051 2340 5104 προαναφω-

775 5137 1040 5196 νοίντων;
1072 5133 1363 5192 Ἤκουσας,
1404 5125 1673 5194 άγαπητέ,
1705 5124 1787 5175 ὅτι
1817 5123 1906 5176 διὰ
1944 5123 2033 5175 τὸν
2077 5125 2202 5176 ναὸν
2247 5126 2340 5177 καὶ

774 5227 874 5296 τὴν
917 5223 1200 5294 μετάθεσιν
1229 5221 1322 5289 τῆς
1361 5217 1631 5278 πολιτείας
1661 5216 1822 5267 αὑτὸν
1863 5214 2116 5267 ὲλίθασαν
2136 5229 2151 5246 ·
2181 5215 2340 5268 ἄκου-

779 5335 868 5370 σον
896 5317 1009 5376 πῶς
1036 5316 1126 5366 καὶ
1152 5311 1228 5380 τῷ
1250 5309 1467 5380 Χριστῷ
1497 5308 1652 5360 τοῦτο
1678 5307 2040 5379 προφέρουσιν
2070 5305 2339 5376 ἔγκλημα.

779 5404 924 5460 Εἷπε
964 5405 1090 5472 γὰρ,
1127 5403 1306 5471 φησὶν,
1357 5397 1562 5464 οὗτος·
1598 5400 1834 5451 Λύσατε
1869 5396 1975 5449 τὸν
2006 5397 2155 5449 ναὸν
2206 5399 2341 5452 τοῦ·

777 5516 900 5561 τον,
937 5496 1030 5548 καὶ
1076 5497 1143 5547 ἐν
1191 5494 1382 5560 τρισίν
1421 5493 1666 5559 ἡμέραις
1702 5489 1882 5557 ἐγερῶ
1941 5490 2142 5542 αὐτόν.
2193 5489 2344 5553 Εἶδες

778 5590 895 5650 πῶς
941 5584 1212 5653 πανταχοῦ
1264 5586 1295 5634 ᾖ
1336 5582 1627 5643 κατάλυσις
1659 5580 1752 5633 τοῦ
1787 5578 1935 5646 ναοῦ,
1973 5579 2064 5632 καὶ
2101 5582 2133 5648 ή
2177 5581 2331 5649 μετά-

877 5811 1008 5864 Colb.
1033 5813 1118 5874 οὐχ
1137 5813 1401 5873 ὑπέμειναν.

1390 372 1447 428 S.
1480 370 1764 433 JOANNIS
1797 363 2280 427 οηιιῑεοετωιι
2316 363 2636 421 ARCHIEP.
2675 360 3216 421 CONSTANTINOP.

3853 350 3972 407 170

2393 481 2541 543 θεσις
2571 479 2672 549 τῆς
2705 479 2974 539 πολιτείας
3001 477 3099 546 τὴν
3128 471 3295 543 ὀργὴν
3327 467 3504 529 αὐτοῖς
3556 460 3823 524 ἐνεποίεις
3853 458 3961 549 Δ.ιά

2390 571 2548 624 τοῦτο
2573 547 2755 639 ελεγον
2797 571 2895 640 μὲν
2921 571 2970 621 οἱ
3001 566 3272 638 προφῆται
3312 558 3504 620 ταῦτα,
3537 556 3637 608 οὐκ
3667 553 3850 619 έλεγον
3895 547 3961 600 δὲ

2388 661 2656 731 φανερῶς.
2697 661 2794 714 Διά
2836 660 2991 713 τοῦτο
3023 659 3117 710 καὶ
3159 653 3370 708 Παῦλον
3407 647 3683 702 ἐϐούλοντο
3722 640 3959 702 ἀνελεῖν,

2386 756 2469 808 ὅτι
2509 753 2721 807 ἔπειθεν
2752 752 2947 813 αὐτοὺς
2991 742 3368 819 μετατίθεσθαι
3413 738 3522 794 ἀπὸ
3549 737 3647 805 τῆς
3683 732 3964 792 πολιτείας

2391 845 2563 899 Πόθεν
2586 843 2744 897 τοῦτο
2769 842 2960 912 δῆλον;
3005 835 3264 904 Θεωροῖς,
3289 833 3472 903 φησὶν,
3502 825 3744 895 ἀδελφέ,
3773 823 3965 912 πόσαι

2384 934 2668 1003 μυριάδες
2686 910 2845 987 sum
2887 929 3189 986 Ἰουδαίων
3209 923 3332 980 τῶν
3342 916 3841 976 πεπιστευκότων,
3858 910 3964 965 και

2389 1020 2554 1079 οὗτοι
2580 1023 2800 1088 πάντες
2840 1020 3208 1088 κατήχηνται
3238 1013 3370 1082 περὶ
3403 1010 3544 1073 σοῦ,
3569 1010 3658 1062 ὅτι
3691 1007 3967 1061 ἀποστα-

2391 1115 2536 1168 σίαν
2560 1113 2668 1168 τοῦ
2701 1115 2887 1183 νόμου
2920 1111 3246 1174 διδάσκεις.
3269 1107 3331 1160 Οἱ
3364 1101 3543 1156 πιστοὶ
3565 1101 3668 1154 οὐκ
3688 1097 3966 1168 ἠνείχοντο

2391 1201 2733 1256 διδάσκεσθαι
2775 1198 3110 1253 ἀποστασίαν
3148 1194 3243 1248 τοῦ
3285 1191 3485 1261 νόμον
3528 1187 3624 1241 καὶ
3653 1188 3704 1240 οἱ
3747 1183 3971 1237 οὐδέπω

2393 1292 2778 1354 πιστεύσαντες
2809 1289 2924 1352 πῶς
2969 1288 3036 1342 ἂν
3080 1286 3372 1357 ἠνέσχοντο
3403 1278 3656 1341 ἀκοῦσαι,
3699 1277 3784 1329 ὅτι
3815 1291 3968 1327 παυ-

2394 1383 2614 1453 θήσεται
2644 1383 2671 1434 ό
2701 1380 2864 1449 νόμος
2907 1379 3071 1443 ποτές
3101 1378 3225 1430 Ὅτι
3265 1374 3365 1445 μὲν
3393 1365 3485 1425 οῦν
3515 1370 3641 1430 τοὺς
3673 1365 3968 1453 προφήτας

2393 1452 2717 1525 ἀπέκτειναν
2770 1467 2838 1522 ἂν
2872 1469 2921 1520 οἱ
2969 1466 3209 1519 Ἰουδαῖοι
3229 1503 3246 1528 ,
3291 1462 3345 1515 εί
3384 1478 3440 1514 τι
3490 1457 3729 1512 τοιοῦτον
3775 1452 3971 1523 σαφῶς

2393 1564 2673 1633 προεῖπον,
2701 1557 2983 1627 ἐδείξαμεν
3007 1554 3114 1609 ἀπὸ
3143 1553 3252 1607 τῶν
3284 1548 3620 1622 μαρτυριῶν,
3646 1546 3752 1600 ἀπό
3776 1562 3840 1597 τε
3865 1541 3972 1596 τοῦ

2399 1650 2663 1720 μακαρίου
2699 1647 2981 1718 Ἱερεμίου,
3009 1646 3103 1699 καὶ¹
3130 1641 3227 1696 τοῦ
3270 1640 3732 1714 πρωτομάρτυρος
3762 1637 3977 1704 Στεφά-

2396 1759 2510 1806 νου,
2536 1742 2628 1794 ἀπ⁹
2651 1738 2816 1795 αὑτοῦ
2842 1736 2937 1791 τοῦ
2968 1733 3226 1806 Χριστοῦ,
3254 1731 3350 1787 καὶ
3374 1730 3469 1784 τοῦ
3501 1729 3799 1784 ἀποστόλου
3825 1726 3978 1781 Παύο

2395 1831 2508 1885 λου.
2555 1833 2694 1885 nam
2732 1831 2842 1900 7&9
2886 1828 2954 1881 τά
2983 1827 3122 1881 αὐτὰ
3152 1822 3527 1894 ἐγκαλοῦντες,
3559 1820 3733 1883 οὕτως
3769 1819 3979 1881 αὐτοὺς

2397 1923 2621 1977 ἀνεῖλον.
2652 1922 2772 1975 Ὀτι
2809 1921 2864 1974 δέ
2898 1919 2993 1973 καὶ
3029 1917 3168 1971 αὐτὰ
3208 1915 3278 1969 τὰ
3311 1913 3491 1985 βιϐλία
3528 1912 3874 1966 κατέκαυσαν
3903 1911 3980 1963 ἂν

2397 2011 2466 2062 τὰ
2492 2008 2834 2079 πῳφητικά,
2880 2010 2930 2060 εί
2978 2006 3213 2059 συνεῖδον
3259 2003 3328 2056 τὰ
3362 2002 3648 2074 λεγομένα,
3687 2001 3780 2054 καὶ
3811 1998 3982 2053 τοῦτο

2399 2102 2744 2171 παραστῆσαι
2773 2096 3104 2168 πειράσομαι
3124 2093 3234 2147 ἀπό
3263 2109 3405 2156 τινος
3432 2093 3698 2163 ἱστορίας,
3723 2107 3982 2161 κεκρυμ-

2404 2193 2569 2263 μένης
2595 2195 2692 2262 μὲν
2719 2191 2868 2259 ὑμῖν,
2897 2187 3062 2258 δήλης
3091 2186 3148 2238 δὲ
3177 2185 3439 2256 ἐσομένης
3473 2183 3668 2237 αὐτίκα
3690 2181 3753 2251 δὴ
3789 2181 3941 2251 μάλα
3961 2198 3980 2212 ο

2400 2283 2541 2336 οὕτω
2581 2280 2689 2350 γὰρ
2724 2280 2894 2349 αὐτὴν
2936 2276 3262 2345 ἀπαγγεῖλαι
3307 2274 3657 2344 πειράσομαι.
3685 2270 3782 2333 Τίς
3808 2264 3906 2323 οῦν
3937 2269 3982 2338 ἡ

2406 2373 2612 2440 ἱστορία
2635 2411 2649 2434 ,
2685 2369 2972 2424 ἀκούσατε.

2475 2463 2583 2516 Καὶ
2636 2461 2872 2530 ἐγένετο
2905 2461 2975 2512 ὲν
3005 2458 3085 2523 τῷ
3121 2457 3374 2524 τετάρτῳ
3409 2455 3524 2509 ἐτει
3555 2451 3808 2521 ἰωακεὶμ
3836 2450 3987 2506 υἱοῦ

2416 2551 2639 2607 Ἰωσίου
2673 2548 2979 2613 ,ϐασιλέως
3015 2545 3222 2607 Ἰούδα,
3263 2545 3393 2598 εἷπε
3438 2542 3650 2608 Κύριος
3686 2539 3836 2608 πρὸς
3869 2540 3989 2594 Ἰε-

2397 2635 2644 2710 ρεμίαν’
2676 2636 2927 2704 Γράψον
2958 2633 3188 2699 πάντας
3220 2633 3362 2696 τοὺς
3397 2633 3637 2697 λόγους,
3665 2627 3772 2692 οῦς
3799 2628 3994 2696 ἐχρη-

2401 2725 2627 2796 μάτισα
2656 2723 2804 2791 πρὸς
2829 2722 2904 2775 σὲ
2926 2719 3045 2774 ἀπὸ
3079 2717 3184 2785 τῆς
3211 2717 3434 2786 ἡμέρας
3466 2715 3709 2778 Ἰωσίου,
3732 2714 3842 2779 ἓως
3869 2711 3994 2779 τῆς

2409 2814 2623 2882 ἡμέρας
2666 2811 2884 2877 ταύτης
2904 2823 2919 2838 ⁸
2963 2807 3230 2868 τουτέστι,
3265 2807 3441 2859 πάντα
3471 2804 3539 2857 τὰ
3568 2802 3731 2867 κακὰ,
3761 2801 3796 2855 ἃ
3831 2801 3998 2868 λογί-

2410 2901 2572 2969 ζομαι
2617 2895 2838 2966 ποιῆσαι
2871 2894 3076 2956 αὐτοῖς.
3111 2893 3252 2963 Ὅρα
3284 2891 3336 2943 τί
3367 2887 3742 2960 φιλάνθρωπος
3784 2889 3815 2939 ό
3846 2884 3998 2949 Θεὸς

2410 2987 2506 3040 καὶ
2547 2981 2918 3055 κηδεμονικός.
2959 2979 3177 3049 Ἐπειδὴ
3209 2977 3317 3047 7&9
3356 2978 3495 3030 κατὰ
3544 2975 3709 3045 μέρος
3751 2969 4001 3027 ἀκοῦσαι

2410 3073 2511 3125 οὐκ
2551 3070 2847 3140 ἠνείχοντο,
2891 3067 3186 3134 Συνάγαγε,
3229 3063 3412 3132 φησὶν,
3455 3061 3594 3116 αὐτὰ
3643 3061 3842 3124 πάντα,
3893 3060 4007 3112 καὶ

2414 3157 2647 3227 αῦξησον
2679 3152 2771 3206 τὸν
2821 3152 3004 3220 φόϐον,
3035 3152 3122 3204 ἵνα
3148 3151 3248 3204 κάν
3276 3148 3418 3202 οὕτω
3442 3147 3470 3188 ι)
3502 3147 3741 3218 βελτίους
3785 3144 4005 3213 γένων-

2413 3261 2522 3298 ται.
2568 3239 2948 3311 Μνημονεύετε
2994 3240 3092 3310 τῆς
3142 3235 3515 3307 ὑποσχέσεως·
3547 3232 3606 3289 τὸ
3655 3229 4005 3303 ζητούμενον

2415 3333 2547 3402 ἡμῖν
2573 3328 2764 3395 δεῖξαι,
2785 3328 2866 3381 ὅτι
2896 3324 2989 3380 καὶ
3012 3326 3081 3379 τὰ
3109 3321 3287 3394 βιϐλία
3316 3324 3381 3378 ἂν
3412 3321 3551 3375 αὐτά
3577 3316 3914 3387 κατέκοψαν,
3949 3319 4007 3373 εἱ

2417 3423 2644 3492 ένόησαν
2690 3419 2760 3472 τά
2800 3420 3038 3489 σήμερον
3085 3416 3318 3471 ἐκϐάντα
3359 3416 3554 3468 πάντα.
3595 3413 3764 3476 Ἴσως
3805 3411 4011 3464 ἀκού-

2419 3525 2629 3564 σονται
2654 3508 2810 3562 κακὰ
2836 3507 2935 3577 (δεῖ
2967 3505 3074 3576 7&9
3104 3505 3319 3574 ἔχεσθαι
3357 3504 3454 3572 τῆς
3489 3497 3769 3571 ἱστορίας),
3807 3497 3846 3552 d
3884 3502 4010 3552 .10-

2420 3597 2643 3666 γίζομαι
2689 3592 2936 3659 ποιῆσαι
2987 3591 3220 3656 αὐτοῖς,
3268 3589 3369 3643 καὶ
3419 3584 4012 3654 ἁποστραφήσονταε

2421 3682 2538 3738 ἀπὸ
2577 3679 2688 3748 τῆς
2713 3678 2856 3733 ὀδοῦ
2880 3677 3077 3730 αὐτῶν
3116 3674 3220 3742 τῆς
3263 3671 3545 3740 πονηρᾶς.
3575 3673 3764 3734 Ἴσως,
3800 3671 3829 3722 6
3858 3668 4016 3731 Θεὸς

2423 3769 2603 3836 λέγεις
2632 3766 2836 3834 ἀγνοεῖ,
2868 3761 3018 3835 [175]
3050 3763 3170 3816 εἱπέ
3201 3779 3310 3831 μοι,
3339 3760 3408 3813 τὰ
3434 3758 3693 3828 ἐσόμενα;
3720 3757 3820 3809 οὐκ
3851 3751 4015 3810 οἶδεν

2425 3857 2474 3909 εἱ
2507 3853 2846 3916 ἀκούσονται,
2880 3853 2908 3903 6
2943 3847 3100 3911 εἱδὼς
3133 3849 3312 3901 πάντα
3341 3846 3467 3916 πρὶν
3503 3844 3784 3912 γενέσεως,
3810 3845 3839 3896 6
3876 3844 4019 3897 ἐτά-

2427 3943 2532 4005 ζων
2561 3939 2783 4010 καρδίας
2813 3937 2906 3990 καὶ
2931 3936 3179 4005 νεφροὺς,
3206 3937 3234 3987 ό
3260 3932 3503 4003 κριτικὸς
3528 3931 3880 3999 ἐνθυμήσεων
3911 3931 4022 3984 καὶ

2427 4026 2674 4090 ἐννοιῶν;
2715 4018 2760 4092 ᾧ
2799 4023 2975 4077 πάντα
3007 4019 3187 4090 γυμνὰ
3233 4019 3327 4072 καὶ
3373 4015 3837 4088 τετραχηλισμένα
3887 4020 4021 4078 τοῖς

2429 4112 2723 4181 ὀφθαλμοῖς
2790 4106 2992 4171 αὑτοῦ;
3047 4107 3202 4168 Τίνος
3247 4106 3304 4157 δὲ
3347 4105 3529 4156 ἐνεκεν
3591 4103 3798 4170 ἔλεγεν,
3825 4100 4023 4169 ’ἴσως

2430 4201 2828 4259 ἀκούσονται;
2865 4196 2975 4248 Καὶ
3016 4194 3123 4264 γὰρ
3166 4193 3260 4246 καὶ
3302 4191 3474 4244 ταῦτα
3518 4192 3813 4258 ἀναγκαῖον
3853 4189 4024 4260 ὑμᾶς

2435 4287 2741 4357 μανθάνειν,
2777 4283 2863 4335 διὰ
2889 4282 3014 4343 τοὺς
3058 4279 3413 4348 ἐγκαλοῦντας
3442 4278 3660 4344 ἄγνοιαν
3701 4275 3780 4344 τῷ
3827 4277 4024 4329 Mavo-

2432 4374 2596 4440 γενεῖ.
2635 4370 2764 4423 Ἰδοὺ
2793 4369 2899 4437 γὰρ
2944 4365 3036 4417 καὶ
3062 4365 3090 4416 6
3121 4364 3308 4434 Πατὴρ
3346 4361 3664 4430 ἀγνοοῦντος
3705 4359 4027 4428 φθέγγεται

2436 4462 2651 4531 ῥήματα
2670 4474 2683 4486 ·
2719 4455 2778 4507 τὸ
2813 4455 2942 4524 γὰρ,
2971 4455 3169 4517 Ἴσως,
3201 4449 3516 4518 ἀγνοοῦντός
3548 4449 3691 4502 ἐστιν
3711 4463 3724 4477 ο
3760 4447 3881 4499 ἀλλ’
3911 4450 4028 4502 οὐκ

2434 4546 2636 4612 ἀγνοεῖ.
2675 4540 2903 4594 Ὀτοόταν
2935 4533 3027 4591 οῦν
3064 4537 3158 4589 καὶ
3183 4534 3333 4605 παρά
3359 4534 3453 4587 τοῦ
3479 4532 3609 4586 Υἱοῦ
3641 4544 3663 4571 ο
3682 4531 3937 4603 ἀκούσῃς
3969 4552 4030 4588 τι

2435 4631 2673 4684 τοιοῦτον
2703 4626 2972 4690 λέγοντος,
3003 4622 3101 4692 τὴν
3132 4621 3299 4691 αὐτὴν
3332 4619 3618 4684 κατάδεξαι
3650 4618 3848 4688 ψῆφον.
3883 4620 4034 4683 Υἱὸς

2437 4717 2545 4787 γὰρ
2569 4714 2660 4776 ὣν,
2692 4710 2965 4781 πανταχοῦ
2993 4709 3082 4762 τὸν
3109 4709 3327 4779 Πατέρα
3358 4709 3622 4777 μιμεῖται.

2521 4800 2657 4852 Ἀλλ’
2689 4800 2738 4852 οἱ
2771 4797 2868 4867 μὲν
2897 4797 3004 4848 τῶν
3032 4793 3258 4862 ἀγώνων
3295 4794 3477 4862 καιροὶ
3509 4791 3712 4844 τούτων
3734 4793 4030 4860 ἀναμενέ-

2438 4905 2637 4952 τωσαν,
2670 4887 2756 4940 ἵνα
2791 4884 2865 4955 μὴ
2897 4885 2994 4950 τῆς
3030 4881 3393 4951 προκειμένης
3429 4879 3733 4939 ὑποθέσεως
3759 4879 4034 4932 ἐκπέσω-

2443 4992 2569 5046 μενο
2622 4973 2863 5041 εἴπωμεν
2897 4970 2976 5033 δὲ,
3019 4969 3162 5029 τίνος
3189 4968 3370 5019 ἕνεκεν
3406 4966 3588 5032 λέγει,
3634 4966 3802 5029 Ἴσως
3830 4965 4040 5019 ἀκού-

2439 5077 2668 5114 σονται.
2705 5059 2768 5111 Ei
2807 5054 2980 5118 εἶπεν,
3019 5056 3100 5107 ὅτι
3136 5054 3476 5116 ἀκούσονται,
3506 5052 3672 5121 χωρὶς
3697 5050 3791 5103 τοῦ
3818 5053 4037 5119 Ἴσως,

2439 5148 2626 5216 ψευδὲς
2649 5142 2748 5215 ἦν·
2786 5145 2845 5197 οὐ
2888 5143 2996 5213 7&9
3038 5141 3257 5211 ἔμελλον
3305 5138 3651 5193 ἀκούσεσθαι.
3693 5139 3754 5190 Ei
3785 5133 3923 5192 εἷπε
3973 5141 4044 5193 τὸ

2440 5233 2658 5302 ἀληθὲς,
2706 5233 2788 5283 ὅτι
2839 5230 2937 5282 οὐκ
2967 5228 3316 5289 ἀκούσονται,
3366 5225 3634 5296 περιττῶς
3680 5224 3908 5293 ἔπεμπε
3937 5229 4042 5282 τὸν

2442 5323 2727 5390 προφήτην
2759 5320 2868 5379 τοῖς
2901 5318 2999 5370 οὐκ
3039 5314 3440 5384 ἀκουσομένοις.
3476 5316 3586 5369 Καὶ
3627 5315 3686 5366 οὐ
3727 5314 3821 5368 διὰ
3863 5317 4046 5370 τοῦτο

2447 5409 2624 5476 μόνον,
2650 5405 2785 5458 ἀλλά
2807 5405 2900 5457 κα).
2932 5405 3018 5457 ἱνα
3041 5404 3113 5473 μὴ
3148 5403 3181 5473 ή
3213 5402 3518 5472 πρόγνωσις
3539 5401 3701 5454 αὑτοῦ
3730 5403 4040 5475 νομισθείη

2445 5493 2816 5561 άναγκαστική
2839 5509 2924 5553 τις
2952 5487 3089 5542 εἷναι
3113 5490 3212 5558 τῆς
3236 5490 3534 5561 παρακοῆς,
3562 5486 3649 5540 διὰ
3666 5485 3832 5541 τοῦτο
3852 5490 4044 5562 ἐπαμ-

2512 5686 2536 5723 h
2560 5683 2639 5747 Sirc
2660 5684 2780 5744 Reg.
2808 5685 2984 5731 melius
3001 5697 3142 5747 qugm
3179 5686 3280 5743 alii,
3327 5685 3408 5747 qui
3449 5685 3629 5747 habent
3646 5685 3722 5747 rga
3744 5688 3831 5734 καὶ
3856 5691 4046 5745 οὕτως.

2512 5748 2531 5772 ε
2562 5746 2656 5792 Alii
2677 5742 2845 5818 οηὶηρς
2869 5742 3115 5818 παρὰμτοῦ.
3147 5742 3312 5796 Morel.
3336 5742 3440 5810 περὶ
3476 5745 3562 5795 τοῦ
3589 5742 3717 5797 Υἱοῦ.
3751 5751 3822 5798 Al
3847 5742 4050 5802 Fromb

2453 5805 2653 5857 Duczeus
2673 5805 2800 5868 παρὰ
2815 5805 2898 5852 τοῦ
2924 5807 3041 5867 legit
3060 5841 3076 5856 .
