4148 6306
187 368 306 425 169

185 478 420 535 eumque
461 463 555 536 qui
591 471 827 528 venerat,
854 472 910 519 ut
949 473 1166 533 peccata
1193 462 1499 525 dimitteret,
1526 460 1756 517 aversati

182 565 335 625 sunt,
360 557 507 614 omni
537 571 630 626 spe
656 553 908 625 deinceps
927 554 1252 611 exciderunt.
1279 554 1563 625 Propterea
1589 552 1750 608 dicit:

183 649 407 720 lmplete
432 664 718 703 mensuram
743 658 943 718 patrum
974 656 1266 703 vestrorum.
1313 647 1490 713 Certe,
1544 645 1711 715 inquit
1738 662 1752 698 :

183 748 241 794 et
262 739 444 795 multis
471 738 684 809 quidem
706 746 973 793 ostensum
994 747 1076 793 est
1102 738 1439 803 testimoniis,
1465 736 1757 792 homicidas

183 828 311 884 illos
330 843 393 883 ac
420 829 653 885 nefarios
680 827 848 885 fuisse
875 845 889 882 :
922 828 1059 883 unde
1088 843 1214 882 vero
1244 836 1454 882 constat
1480 828 1599 882 illos
1625 841 1752 896 pro-

183 919 363 990 phetis
391 922 615 977 minime
639 921 951 993 parcituros,
978 921 1022 975 si
1064 920 1390 991 Jerosolyma
1419 934 1663 975 eversum
1690 916 1755 972 iri

181 1011 554 1077 audivissent,
588 1021 641 1067 et
668 1020 993 1067 cessaturam
1021 1011 1214 1080 legem,
1263 1026 1326 1065 ac
1369 1009 1486 1065 fore
1510 1018 1566 1063 ut
1592 1008 1756 1064 Vetus

180 1096 587 1156 Testamentum
610 1100 949 1181 immutetur?
975 1100 1031 1155 id
1058 1100 1270 1171 quidem
1294 1115 1357 1156 ex
1380 1100 1466 1166 iis,
1484 1114 1600 1169 quae
1614 1097 1755 1151 dicta

179 1200 328 1258 sunt,
357 1190 597 1247 maxime
631 1200 849 1263 apparet
879 1210 892 1246 :
924 1199 1285 1246 verumtamen
1342 1204 1407 1244 ex
1444 1190 1573 1259 ipsis
1612 1187 1755 1243 Scri-

180 1282 359 1350 pturis
410 1282 829 1338 manifestiorem
884 1280 1160 1351 subjiciam
1223 1279 1750 1335 demonstrationem.

179 1368 317 1426 Nam
342 1372 621 1441 siquando
646 1372 956 1442 praphetam
999 1372 1261 1426 dicentem
1300 1369 1599 1435 audierunt,
1639 1368 1753 1424 fore

180 1468 241 1513 ut
254 1458 554 1515 Jerusalem
586 1462 907 1531 temporaria
944 1460 1151 1515 excidio
1183 1459 1601 1525 exscinderetur,
1630 1473 1751 1513 cum

179 1548 304 1604 illos
321 1559 535 1605 mutare
548 1558 776 1606 mentem
793 1551 1110 1619 Oportuisset
1137 1558 1190 1605 et
1210 1551 1338 1604 iram
1358 1550 1448 1605 Dei
1464 1548 1751 1621 depellere,

179 1638 236 1693 iu
263 1640 581 1710 prophetam
609 1640 841 1696 furorem
869 1639 1185 1696 effuderunt.
1222 1642 1394 1711 Atque
1434 1641 1537 1696 hoc
1570 1656 1749 1695 verum

178 1742 324 1795 esse,
367 1743 441 1783 ex
485 1729 718 1786 historiis
757 1729 886 1800 ipsis
937 1730 1259 1801 intelligetis.
1287 1730 1613 1786 Obsidebant
1654 1730 1750 1784 ali-

178 1820 397 1889 quando
420 1820 688 1877 civitatem
714 1822 946 1893 ipsorum
978 1822 1177 1887 Persae,
1202 1831 1360 1893 atque
1407 1823 1573 1892 ipsam
1620 1822 1750 1877 foris

178 1910 497 1968 barbaricus
523 1913 785 1969 exercitus
822 1913 1251 1969 circumvallabat
1284 1931 1299 1968 :
1330 1929 1429 1969 nec
1467 1914 1748 1969 obscurum

178 2004 619 2073 erat‘pericuium
648 2004 785 2075 quod
812 2004 1139 2071 imminebat,
1185 2004 1278 2059 sed
1324 2004 1379 2059 in
1423 2004 1611 2060 mediis
1636 2012 1746 2058 tum

179 2094 388 2165 laqueis
406 2094 529 2149 urbs
550 2094 866 2162 Jerusalem,
890 2096 1106 2151 armatis
1124 2097 1367 2152 omnibus
1386 2105 1441 2152 et
1459 2098 1599 2152 illam
1620 2096 1750 2152 foris

178 2184 703 2250 circumsidentibus,
755 2186 1067 2241 versabatur
1116 2203 1133 2242 :
1185 2196 1415 2243 attamen
1473 2202 1592 2244 cum
1639 2197 1746 2243 tam

177 2286 323 2332 certa
353 2276 497 2331 mala
545 2292 640 2332 eos
684 2288 1007 2347 premerent,
1062 2280 1310 2348 quoniam
1358 2293 1667 2349 progressus
1693 2280 1745 2334 in

176 2366 415 2421 medium
463 2366 599 2421 dixit
627 2367 731 2422 illis
758 2366 1036 2431 Jeremias,
1063 2366 1177 2424 fore
1214 2376 1274 2422 ut
1300 2368 1354 2422 iu
1379 2383 1566 2424 manus
1586 2368 1745 2423 Chai-

176 2457 417 2513 daaorum
439 2457 625 2513 civitas
656 2458 983 2523 traderetur;
1012 2460 1215 2514 tametsi
1254 2475 1425 2530 neque
1473 2459 1745 2529 prophetia

177 2546 275 2602 fuit
303 2548 431 2615 hoc,
460 2563 580 2603 cum
602 2549 835 2617 ipsorum
860 2549 995 2603 oculi
1028 2564 1147 2618 quas
1166 2558 1419 2605 eventura
1452 2559 1629 2605 essent
1659 2551 1743 2604 in-

177 2646 491 2702 tuerentur;
533 2639 654 2708 quia
683 2647 858 2693 tamen
899 2653 965 2693 ea
1004 2654 1123 2707 qute
1172 2640 1445 2694 manifesta
1488 2649 1657 2705 erant,
1689 2648 1744 2695 et

176 2741 364 2782 eorum
393 2727 564 2783 oculis
609 2726 1023 2782 observabantur
1062 2726 1292 2792 dicebat,
1340 2729 1552 2783 scelesti
1579 2729 1653 2782 illi
1681 2743 1743 2784 ac

176 2818 401 2889 stupidi,
431 2827 488 2874 et
507 2834 632 2889 erga
659 2817 1028 2875 benefactores
1053 2818 1243 2888 ingrati
1267 2820 1345 2874 sic
1374 2820 1741 2888 insanierunt,

177 2917 236 2963 ut
262 2908 593 2979 proditorem
620 2909 765 2963 illum
804 2917 858 2964 et
898 2922 1197 2964 eversorem
1226 2911 1639 2978 arbitrarentur,
1679 2927 1743 2968 ac

175 2999 419 3054 dicerent
450 3016 465 3053 :
500 2998 601 3052 Hic
628 2998 852 3055 diuoluit
897 3015 1073 3053 manus
1106 3001 1280 3069 populi
1300 3002 1446 3071 hujus
1476 3001 1623 3073 (Jer.
1650 3000 1741 3060 38.

175 3091 256 3160 ι).
284 3093 538 3145 Attamen
566 3090 911 3146 conﬁrmabat
931 3131 947 3158 ,
987 3100 1217 3146 attamen
1240 3093 1472 3162 ipsorum
1503 3095 1743 3149 alacrita—

177 3191 285 3236 tem
316 3181 601 3247 excitabat,
630 3190 684 3236 et
710 3181 776 3235 ad
803 3180 965 3235 Deum
990 3180 1232 3247 ducebat,
1250 3197 1447 3250 eosque
1473 3184 1666 3237 invicto
1686 3192 1743 3239 et

175 3270 575 3341 inexpugnabili
600 3285 753 3327 muro
776 3270 1205 3326 circumvallabat
1230 3289 1245 3325 :
1283 3271 1375 3326 sed
1403 3272 1476 3325 illi
1498 3273 1628 3328 nihil
1644 3273 1740 3327 ho-

175 3376 293 3416 rum
320 3360 697 3432 iutelligentes,
720 3360 943 3416 interfici
960 3375 1079 3415 eum
1092 3360 1362 3430 jubebant.
1391 3361 1535 3416 Talia
1552 3363 1742 3434 quippe

175 3452 314 3508 bene
356 3451 427 3507 de
464 3467 524 3507 se
569 3450 771 3506 meritis
799 3451 1015 3521 praemia
1046 3466 1256 3520 semper
1281 3451 1658 3520 rependebant,
1688 3460 1742 3506 et

175 3558 299 3599 cum
338 3558 437 3598 rex
484 3542 789 3613 ignovisset.
830 3556 898 3598 ne
945 3542 1022 3596 sic
1063 3536 1273 3612 quidem
1313 3551 1603 3609 cesserunt,
1649 3542 1741 3597 sed

176 3634 429 3706 quoniam
458 3648 649 3691 necare
676 3648 783 3689 non
809 3640 1068 3704 poterant,
1096 3633 1150 3687 in
1183 3632 1279 3686 luti
1308 3632 1479 3688 lacum
1499 3633 1739 3702 projece—

175 3732 320 3780 runt.

244 3816 300 3871 4.
327 3813 480 3882 Quod
509 3814 552 3869 si
576 3815 905 3885 temporariae
922 3814 1240 3886 captivitatis
1274 3816 1597 3873 mentionem
1626 3817 1739 3873 fieri

176 3923 283 3962 non
310 3906 569 3974 tulerunt,
594 3920 701 3978 quo
729 3906 937 3961 tandem
982 3917 1137 3976 pacto
1164 3916 1431 3978 perpetuae
1465 3908 1739 3963 servitutis

177 3997 579 4069 pradictionem
607 3996 835 4053 audituri
859 3997 1114 4053 fuissent?
1137 3997 1191 4053 Si
1212 4012 1330 4053 cum
1356 3998 1574 4054 dixisset
1589 3998 1742 4056 Jere-

177 4089 335 4151 mias,
368 4079 424 4141 in
446 4086 765 4159 Babylonem
785 4086 1015 4153 abibitis,
1044 4101 1212 4157 neque
1238 4097 1516 4158 potuerunt
1531 4090 1735 4157 audire,

176 4180 271 4235 sed
292 4195 419 4235 eum
448 4180 536 4249 qui
565 4178 765 4232 dixerat
800 4178 1081 4247 punierunt
1107 4195 1123 4232 :
1162 4178 1206 4233 si
1236 4178 1517 4248 prophetas
1538 4178 1739 4234 audiis-

176 4281 297 4327 sent
326 4270 566 4325 dicentes
588 4310 603 4334 ,
645 4266 761 4323 fore
786 4276 845 4323 ut
880 4283 986 4323 non
1032 4268 1084 4322 in
1118 4267 1461 4340 Babylonem,
1488 4269 1582 4325 sed
1602 4285 1735 4340 quo-

177 4373 501 4433 quoversum
531 4374 626 4428 per
665 4359 848 4414 orbem
894 4368 1153 4414 terrarum
1201 4357 1606 4429 dispergamini,
1641 4374 1739 4415 nec

176 4452 408 4523 amplius
444 4446 779 4504 revertamini
803 4488 817 4511 ,
862 4463 1038 4503 nonne
1064 4448 1185 4503 talia
1214 4448 1498 4503 dicentium
1527 4448 1739 4521 sangui-

176 4559 304 4599 nem
329 4542 620 4597 ebihissent
635 4538 819 4606 tQuod
847 4540 892 4595 si
917 4539 1071 4595 vobis
1082 4538 1222 4596 istud
1242 4540 1414 4595 adhuc
1434 4540 1737 4610 conjectura

183 4636 393 4689 videtur
416 4647 556 4693 esse,
577 4630 1029 4685 demonstratione
1052 4631 1195 4684 clara
1235 4630 1489 4700 probabo,
1519 4645 1622 4686 non
1652 4641 1740 4685 tu-

181 4733 294 4778 tum
315 4721 481 4775 fuisse
508 4719 678 4774 futura
709 4718 813 4774 illis
834 4719 1166 4783 denuntiare,
1195 4725 1454 4784 nostrum,
1487 4720 1697 4790 inquam
1722 4760 1738 4787 ,

180 4818 445 4869 honorem
473 4818 527 4863 et
545 4809 964 4878 reprobationem
993 4809 1217 4863 illorum.
1236 4808 1340 4862 Cur
1354 4811 1518 4874 enim,
1540 4823 1740 4879 quaso,

178 4903 514 4974 Stephanum
554 4900 811 4968 primitias
845 4911 1135 4975 martyrum
1156 4896 1511 4969 lapidarnnt?
1566 4911 1743 4951 nonne

177 4993 327 5065 quod
358 4991 458 5045 hoc
484 4989 560 5045 illi
592 4989 802 5046 crimini
822 4993 1098 5042 verterent
1126 4980 1488 5053 dit-erentque.
1534 4985 1619 5037 Vir
1647 4988 1742 5065 ists

184 5064 418 5143 loquitur
442 5072 588 5125 verba
614 5068 968 5137 blasphemia?
1005 5068 1166 5130 Dixit,
1198 5067 1362 5129 aiunt,
1388 5067 1623 5133 quoniam
1658 5064 1749 5121 Je-

183 5184 271 5220 sus
303 5165 527 5216 destruet
555 5161 791 5225 templum
819 5159 983 5221 istud,
1010 5167 1057 5211 et
1086 5156 1293 5210 mutabit
1315 5157 1460 5222 ritus,
1494 5172 1619 5222 quos
1643 5166 1748 5207 tra-

183 5257 316 5306 didit
352 5252 552 5321 Moyses
581 5252 712 5318 (Act.
742 5249 794 5302 6.
830 5248 915 5300 ll.
946 5244 1057 5313 ll),
1085 5255 1240 5313 atque
1268 5244 1463 5298 idcirco
1493 5244 1639 5296 illum
1672 5246 1746 5297 la-

183 5344 399 5415 pidibus
428 5344 732 5395 obruerunt.
754 5338 810 5391 δί
836 5345 943 5389 tum
969 5336 1081 5388 hate
1104 5336 1286 5389 audire
1314 5350 1414 5387 non
1440 5343 1739 5401 potuerunt,

183 5436 349 5503 idque
384 5447 503 5486 cum
542 5445 628 5486 res
672 5430 798 5496 ipsa:
838 5426 991 5479 fidem
1036 5423 1163 5491 ipsis
1205 5425 1455 5489 deinceps
1488 5425 1737 5485 facerent,

180 5524 452 5596 quomodo
476 5522 759 5591 prophetas
780 5518 891 5571 haec
912 5516 1322 5583 praenuntiantes
1345 5514 1618 5568 tulissent?
1643 5515 1744 5565 Au-

180 5613 378 5677 divisti,
428 5612 790 5673 dilectissime,
835 5614 1044 5676 propter
1091 5605 1340 5671 templum
1373 5644 1386 5667 ,
1430 5613 1479 5655 et
1526 5613 1741 5672 promer

180 5709 452 5777 religionis
481 5705 828 5763 mutationem
853 5701 919 5757 ab
950 5700 1053 5756 illis
1080 5712 1197 5755 eum
1232 5696 1391 5752 fuisse
1421 5696 1736 5766 lapidatum:

1145 350 1232 407 DE
1270 348 1799 407 PROPHETIARUM
1836 348 2329 411 OBSCURITATE.
2366 354 2407 411 Ι.

3314 370 3426 429 170

1860 461 2142 533 audi,quo
2187 476 2342 535 pacto
2367 466 2578 524 Christo
2623 469 2782 526 etiam
2832 470 2975 528 istud
3023 471 3189 544 ipsum
3220 474 3421 530 crimen

1859 551 2128 622 obiiciant.
2149 554 2294 610 Dixit
2337 557 2498 625 enim,
2528 560 2790 630 inquiunt,
2816 561 2909 616 iste
2928 578 2948 617 :
2974 561 3164 617 Solvite
3183 564 3421 633 tentplum

1858 643 1972 710 hoc,
2000 654 2046 697 et
2073 646 2125 697 in
2155 645 2309 700 tribus
2332 646 2505 702 diebus
2528 650 2751 704 excitabo
2782 651 2911 705 illud
2934 652 2952 721 (
2982 651 3163 706 Matth.
3194 651 3282 708 26.
3310 653 3372 709 lli
3400 669 3416 718 ;

1856 732 2009 788 Joan.
2031 733 2085 788 2.
2113 735 2247 808 l9).
2276 738 2435 795 Vides
2461 740 2656 809 ubique
2686 742 2866 812 templi
2887 742 3324 810 destructionem,
3354 759 3418 800 ac

1857 824 2128 894 religionis
2154 828 2499 884 mutationem
2524 829 2685 885 bilem
2710 832 2815 886 illis
2842 834 3111 890 movisse?
3137 833 3259 889 ldeo
3278 835 3419 890 dice-

1859 912 1989 969 bant
2018 916 2118 970 hoc
2142 918 2356 987 quidem
2384 920 2676 989 prophetae,
2705 922 2798 976 sed
2836 924 3109 979 evidenter
3137 940 3242 979 non
3269 924 3417 981 dice-

1856 1003 2001 1059 bant.
2031 1005 2155 1061 ldeo
2180 1007 2399 1062 Paulum
2436 1010 2598 1064 etiam
2638 1010 2935 1067 interficere
2955 1014 3250 1082 voluerunt,
3274 1014 3414 1085 quod

1858 1093 1959 1150 illis
1990 1098 2332 1165 persuaderet
2371 1109 2428 1154 ut
2470 1102 2776 1171 religionem
2824 1114 3106 1160 mutarent.
3137 1105 3286 1162 Unde
3312 1106 3416 1162 hoc

1859 1182 2068 1254 liquet?
2102 1186 2285 1253 Vides,
2310 1192 2489 1260 frater,
2535 1190 2723 1262 inquit,
2756 1203 2873 1263 quot
2900 1195 3058 1249 millia
3085 1205 3201 1250 sunt
3236 1197 3289 1250 in
3315 1195 3414 1250 Ju—

1856 1273 1994 1340 dcis,
2018 1279 2103 1347 qui
2131 1280 2466 1349 crediderunt,
2513 1294 2561 1337 et
2602 1301 2769 1339 omnes
2807 1287 2892 1341 isti
2919 1289 3182 1343 audierunt
3225 1291 3287 1343 de
3323 1300 3370 1344 te
3391 1330 3409 1357 ,

1854 1367 1988 1433 quod
2008 1367 2355 1425 discessionem
2380 1373 2558 1427 doceas
2582 1390 2615 1427 a
2641 1373 2745 1445 lege
2765 1377 2896 1445 (Act.
2925 1376 3015 1431 2i.
3036 1377 3106 1433 20
3129 1378 3171 1449 ).
3203 1378 3415 1436 Fideles

1853 1452 2034 1511 doceri
2070 1474 2129 1514 se
2168 1460 2546 1517 discessionem
2594 1479 2625 1518 a
2668 1467 2785 1537 lege
2833 1484 2935 1523 non
2963 1471 3328 1539 patiebantur;
3357 1481 3413 1528 et

1854 1545 1944 1614 qui
1972 1548 2202 1603 nondum
2232 1552 2565 1608 crediderant
2591 1595 2606 1620 ,
2627 1557 2894 1627 quomodo
2917 1560 3100 1615 audire
3120 1562 3413 1631 potuissent

1854 1632 1986 1699 fore,
2016 1646 2074 1691 ut
2097 1638 2183 1693 lex
2224 1641 2507 1710 aliquando
2535 1643 2807 1700 cessaret?
2849 1648 2925 1701 Ac
2962 1648 3174 1704 Judzeos
3197 1651 3409 1721 quidem

1853 1721 2223 1783 interfecturos
2249 1729 2413 1786 fuisse
2442 1735 2745 1803 prophetas,
2771 1737 2815 1791 si
2844 1738 2966 1807 quid
2998 1739 3102 1795 tale
3129 1741 3407 1798 manifesto

1853 1816 2238 1884 praedixissent.
2265 1823 2578 1879 testimoniis
2611 1826 2783 1883 allatis
2808 1830 3154 1897 ostendimus,
3185 1847 3249 1888 ex
3293 1834 3410 1904 ipso

1850 1904 2007 1993 beato
2050 1907 2298 1976 Ieremia,
2342 1927 2406 1967 ac
2446 1922 2830 1988 protomartyre
2870 1918 3158 1989 Stephano,
3184 1936 3249 1976 ex
3294 1922 3407 1993 ipso

1849 1990 2081 2063 Christo,
2104 2006 2161 2053 et
2178 2003 2417 2069 apostolo
2443 2003 2627 2059 Paulo.
2648 2005 2904 2063 Omnibus
2928 2009 3070 2064 enim
3095 2009 3280 2066 eadem
3305 1990 3409 2067 (ἑνί-

1852 2085 1979 2140 mini
2008 2089 2215 2158 dantes,
2250 2108 2343 2147 eos
2371 2093 2437 2149 de
2465 2094 2641 2151 medio
2686 2098 3029 2154 sustulerunt.
3056 2099 3203 2170 ipsos
3227 2110 3404 2157 autem

1852 2177 2186 2247 pr0pheticos
2205 2184 2365 2239 etiam
2396 2184 2558 2242 libros
2582 2188 2956 2245 combusturos
2992 2206 3085 2247 eos
3125 2191 3286 2249 fuisse
3309 2234 3323 2259 ,
3358 2195 3402 2249 si

1847 2280 1966 2335 quae
1990 2268 2126 2324 dicta
2145 2271 2356 2328 fuerant
2382 2277 2788 2346 cognovissent,
2821 2278 2923 2335 hoc
2947 2295 3161 2352 quoque
3202 2297 3295 2353 per
3325 2284 3406 2338 hi-

1850 2361 2066 2416 storiam
2096 2366 2381 2434 quamdam
2412 2368 2637 2436 probare
2679 2379 2911 2442 satagam
2937 2372 3086 2427 vobis
3114 2375 3368 2430 occultam
3386 2418 3402 2439 .

1847 2450 1941 2505 sed
1969 2467 2084 2521 qua:
2127 2458 2404 2512 manifesta
2431 2462 2682 2516 continuo
2720 2462 2846 2517 fiet:
2878 2464 2949 2517 ita
2995 2465 3228 2520 conabor
3262 2467 3404 2522 illam

1847 2554 2134 2610 exponere.
2169 2546 2420 2612 Quaenam
2448 2549 2604 2618 igitur
2632 2552 2718 2605 illa
2743 2551 2960 2607 historia
2994 2554 3082 2620 sit,
3106 2555 3303 2612 audite.

1916 2631 2145 2687 Historia
2171 2636 2235 2690 de
2256 2635 2495 2692 Ieremia.
2513 2670 2585 2680 —
2600 2640 2666 2695 Et
2689 2647 2877 2713 factum
2906 2655 2977 2699 est
2999 2646 3051 2699 in
3072 2663 3205 2699 anno
3227 2657 3404 2717 quarto

1844 2718 2045 2776 Joacim
2065 2725 2161 2793 filii
2182 2725 2341 2781 Josite
2367 2730 2502 2800 regis
2541 2730 2701 2798 Juda,
2733 2733 2859 2787 dixit
2900 2734 3147 2789 Dominus
3170 2738 3238 2790 ad
3259 2737 3405 2792 Jers-

1844 2812 2031 2867 miam:
2055 2814 2228 2870 Scribe
2246 2820 2413 2872 omnia
2436 2821 2601 2886 verba,
2630 2838 2741 2892 quia
2769 2823 2999 2893 loquutus
3031 2842 3140 2879 sum
3163 2828 3231 2880 ad
3255 2838 3330 2891 te,
3372 2846 3405 2881 a

1845 2901 2017 2957 diebus
2043 2902 2201 2960 Josite
2222 2923 2380 2977 usque
2413 2910 2482 2961 ad
2516 2911 2646 2964 diem
2674 2913 2804 2966 hanc
2848 2914 2867 2983 (
2901 2914 3008 2968 Jer.
3040 2916 3125 2970 56.
3174 2917 3225 2970 1.
3268 2916 3349 2988 2)
3381 2932 3398 2967 :

1845 2991 1948 3048 hoc
1971 3002 2071 3060 est,
2103 2997 2279 3050 omnia
2332 2998 2469 3053 mala
2515 3015 2631 3069 qua:
2679 3002 2852 3072 cogito
2898 3003 3069 3060 facere
3110 3006 3207 3059 eis.
3237 3005 3389 3072 Vide,

1844 3083 1967 3152 quid
1996 3083 2253 3154 benignus
2279 3101 2342 3140 ac
2366 3089 2612 3156 providus
2640 3089 2779 3145 dicat
2804 3093 2959 3146 Deus.
2986 3092 3118 3148 Nam
3154 3097 3402 3164 quoniam

1843 3174 2046 3243 singula
2068 3176 2317 3231 nolebant
2346 3177 2549 3244 audire,
2582 3178 2804 3251 Collige,
2841 3183 3031 3253 inquit,
3066 3185 3151 3238 illa
3179 3186 3353 3240 omnia
3377 3227 3395 3252 ,

1842 3277 1905 3317 ac
1930 3273 2132 3318 metum
2157 3279 2311 3335 auge,
2344 3276 2407 3321 ut
2436 3269 2520 3323 vel
2546 3267 2644 3324 hac
2685 3273 2890 3326 ratione
2931 3274 3258 3342 resipiscant.
3295 3275 3402 3331 Rc-

1841 3353 2131 3409 eordamini
2151 3356 2394 3424 promissi
2419 3360 2584 3413 nostri
2609 3378 2622 3413 :
2653 3360 2705 3414 in
2727 3365 3019 3430 quastione
3039 3366 3263 3433 positum
3288 3377 3392 3431 est,

1845 3453 1901 3497 ut
1923 3445 2264 3501 ostendamus
2292 3462 2385 3504 eos
2412 3449 2575 3504 libros
2600 3453 2740 3519 ipsos
2768 3443 3089 3508 laceraturos
3116 3454 3276 3511 fuisse
3307 3496 3322 3519 ,
3356 3458 3401 3511 si

1843 3546 2031 3590 cuncta
2068 3551 2185 3606 qua:
2209 3537 2368 3593 hodie
2391 3540 2742 3609 contigerunt,
2773 3542 2875 3595 illis
2905 3544 2957 3598 in
2982 3554 3208 3598 mentem
3229 3546 3404 3600 venis-

1842 3634 1979 3681 sent.
2008 3626 2164 3682 Forte
2189 3631 2390 3683 audient
2414 3632 2957 3701 mala(adha:rcndum
2976 3635 3112 3687 enim
3136 3644 3218 3689 est
3236 3633 3403 3689 histo-

1842 3718 1936 3773 ria:
1962 3718 2000 3788 ),
2030 3735 2141 3789 qua:
2177 3721 2337 3791 cogito
2366 3726 2531 3793 facere
2563 3724 2632 3775 eis
2657 3764 2672 3788 ,
2714 3731 2759 3775 et
2809 3733 3088 3777 avertentur
3128 3741 3161 3777 a
3204 3726 3283 3779 uia
3308 3742 3402 3780 sua

1844 3810 2039 3882 praaa(
2067 3811 2202 3865 Ibid.
2231 3828 2278 3866 υ.
2309 3812 2343 3866 3
2366 3815 2408 3882 ).
2450 3810 2631 3880 Forte,
2665 3812 2790 3867 dicit
2829 3812 3008 3868 Deus?
3057 3829 3181 3868 num
3221 3815 3397 3885 igitur,

1846 3917 2046 3972 quaeso,
2078 3903 2250 3958 futura
2283 3905 2533 3974 ignorat?
2556 3917 2657 3956 non
2684 3902 2827 3956 novit
2853 3918 2919 3955 an
2950 3904 3175 3957 audituri
3203 3906 3327 3969 sint,
3352 3906 3397 3959 is

1843 3994 1932 4063 qui
1964 3995 2109 4049 novit
2138 3996 2313 4048 omnia
2337 4004 2617 4063 antequam
2649 3992 2798 4059 ﬁant,
2827 3996 2915 4063 qui
2944 3995 3103 4049 corda
3128 4006 3396 4051 scrutatur

1842 4092 1895 4138 et
1918 4098 2091 4149 renes,
2114 4084 2201 4153 qui
2228 4084 2491 4138 discretor
2514 4090 2597 4137 est
2623 4084 2998 4153 cogitationum
3021 4094 3074 4139 et
3099 4086 3351 4140 mentium
3375 4128 3392 4149 ,

1842 4175 1994 4245 cujus
2015 4175 2180 4229 oculis
2218 4174 2358 4230 nuda
2388 4184 2441 4229 et
2464 4185 2645 4243 aperta
2692 4184 2815 4229 sunt
2842 4176 3062 4229 omnia?
3086 4176 3195 4231 Cur
3218 4188 3396 4231 autem

1841 4264 2019 4330 dixit,
2052 4264 2205 4318 Forte
2248 4264 2652 4318 audient?Nam
2676 4274 2732 4319 et
2780 4264 2895 4319 haec
2947 4279 3120 4334 operte
3170 4268 3397 4334 pretium

1843 4356 2000 4412 fuerit
2026 4372 2121 4411 vos
2140 4357 2405 4421 didicisse,
2437 4366 2650 4427 propter
2673 4372 2765 4411 eos
2784 4358 2873 4426 qui
2902 4358 3168 4426 unigenito
3192 4358 3281 4412 Dei
3308 4358 3397 4412 Fi-

1844 4447 1915 4503 lio
1941 4447 2286 4517 ignorantiam
2315 4447 2584 4517 objiciunt.
2617 4446 2755 4502 Ecce
2804 4446 2945 4500 enim
2984 4447 3140 4501 Pater
3184 4462 3394 4517 quoque

1844 4538 2131 4609 ignorantis
2178 4539 2351 4593 verbis
2399 4539 2605 4592 utitur:
2653 4536 2934 4607 siquidem,
2981 4534 3153 4603 Forte,
3184 4552 3282 4591 vox
3313 4548 3396 4591 est

1844 4631 2131 4701 ignorantis
2158 4652 2170 4685 :
2198 4638 2557 4684 verumtamen
2578 4644 2904 4699 nequaquam
2928 4630 3147 4700 ignorat.
3173 4629 3392 4697 Quando

1848 4722 2006 4793 igitur
2036 4732 2087 4776 et
2118 4722 2305 4775 Filium
2350 4722 2451 4775 tale
2492 4720 2615 4789 quid
2656 4720 2917 4775 dicentem
2948 4720 3228 4785 audiveris,
3250 4736 3395 4777 eam.

1844 4815 1963 4868 dem
2003 4814 2314 4868 sententiam
2345 4813 2573 4883 suscipe.
2608 4812 2737 4867 Nam
2782 4827 2899 4867 cum
2948 4812 3108 4866 Filius
3149 4814 3251 4878 sit,
3283 4813 3388 4867 ubi-

1844 4917 1947 4971 que
1967 4902 2177 4955 Patrem
2209 4903 2460 4956 imitatur.

1917 4988 2240 5043 Prtescientia
2263 5006 2362 5045 non
2386 4996 2455 5043 est
2478 5006 2628 5043 causa
2652 4990 2858 5061 peccati.
2874 5018 2944 5029 —
2962 4986 3065 5043 Sed
3090 4987 3397 5048 dillcramus

1848 5066 2103 5132 tantisper
2146 5065 2240 5116 has
2288 5066 2733 5119 concertationum
2766 5069 3090 5136 occasiones,
3120 5087 3188 5128 ne
3210 5086 3240 5128 ι
3272 5087 3389 5138 pro.

1850 5158 2018 5221 positu
2047 5167 2354 5223 argumento
2401 5158 2732 5212 discedamus
2756 5176 2769 5212 :
2792 5175 3085 5227 qnzeramus
3114 5177 3210 5217 cur
3234 5164 3393 5230 dicat,

1845 5244 2001 5299 Forte
2045 5250 2267 5301 audient.
2318 5248 2373 5303 Si
2423 5248 2659 5314 dixisset,
2695 5251 2937 5312 Audient,
2974 5254 3169 5322 absque
3215 5251 3393 5317 Forte.

1844 5334 2031 5389 falsum
2063 5338 2407 5391 fuicset:non
2456 5337 2593 5389 enim
2640 5349 2789 5390 erant
2833 5341 3078 5394 audituri.
3124 5344 3176 5399 Si
3208 5361 3389 5397 verum

1841 5428 2079 5490 dixisset,
2101 5426 2215 5480 Non
2246 5428 2479 5491 audient,
2513 5429 2700 5483 frustra
2746 5446 2847 5483 non
2879 5433 3134 5485 audituris
3167 5433 3394 5500 praphe-

1842 5526 1949 5570 tam
1980 5520 2226 5571 misisset.
2260 5519 2438 5588 Neque
2480 5522 2674 5575 idcirco
2719 5532 2916 5575 tantum
2937 5564 2951 5585 ,
2984 5524 3072 5575 sed
3105 5539 3169 5577 ne
3197 5522 3301 5576 vim
3331 5539 3394 5578 ac

1842 5610 2204 5663 necessitatem
2229 5610 2455 5678 aliquam
2487 5612 2549 5664 ad
2572 5628 2673 5665 non
2698 5612 2985 5671 parendum
3015 5613 3204 5667 aii'erre
3227 5613 3391 5680 ipsius

1844 5702 2173 5769 przcscicntia
2221 5711 2527 5770 putaretur,
2576 5712 2850 5769 propterea
2904 5717 3023 5757 cum
3068 5705 3393 5761 dubitatione
