4148 6306
713 342 819 397 171

715 442 937 513 quadam
969 442 1077 497 haec
1113 441 1272 497 verba
1304 442 1534 511 protulit,
1568 458 1634 498 ne
1662 442 1796 500 forte
1822 442 2060 499 dicerent
2084 444 2264 513 aliqui,

714 531 961 587 Przrdixit
1003 532 1162 596 Deus,
1202 540 1255 586 et
1283 533 1496 587 omnino
1524 534 1737 588 evenire
1766 534 2041 602 oportebat
2075 553 2087 588 :
2126 534 2266 603 quod

711 626 779 680 de
805 625 935 679 Juda
965 624 1139 679 solent
1165 624 1361 679 dicere.
1394 625 1662 688 Praedixit,
1693 626 1969 695 inquiunt,
1989 642 2108 680 eum
2141 641 2266 695 pro-

711 714 935 769 ditorem
983 714 1234 777 futurum,
1263 722 1319 769 et
1361 714 1556 770 idcirco
1598 715 1833 784 proditor
1879 715 2047 770 factus
2092 725 2192 771 cst.
2222 715 2267 771 Ο

708 803 1061 857 dementiam!
1093 820 1126 858 ο
1148 804 1555 872 impudentiam!
1587 804 1767 874 Neque
1805 805 1946 860 enim
1980 805 2263 873 prmscien-

710 894 779 949 tia
808 894 1020 948 malitias
1042 908 1199 948 causa
1222 894 1337 960 fuit,
1368 894 1439 949 mi
1464 894 1624 949 homo
1651 912 1665 947 :
1693 895 1846 949 absit.
1874 895 1988 949 Non
2018 896 2156 949 enim
2179 911 2262 950 re-

708 989 808 1043 bus
840 988 1026 1043 futuris
1051 986 1205 1042 allert
1226 986 1613 1053 necessitatem,
1639 986 1733 1042 sed
1763 987 2011 1055 pnevidet
2040 996 2261 1040 tantum.

707 1080 824 1134 Non
851 1081 968 1149 quia
999 1078 1237 1148 praedixit
1276 1078 1530 1143 Christus,
1561 1078 1726 1132 lactus
1763 1086 1845 1131 est
1873 1075 2105 1145 proditor
2139 1076 2260 1141 ille;

707 1170 801 1225 sed
827 1171 945 1239 quia
968 1169 1201 1239 proditor
1229 1169 1430 1223 futurus
1449 1177 1580 1234 erat,
1602 1167 1839 1223 Christus
1863 1166 2055 1221 idcirco
2077 1166 2264 1236 przedi-

707 1262 802 1315 xit.
827 1260 901 1315 Ne
922 1261 1075 1330 igitur
1095 1259 1181 1314 hic
1198 1259 1353 1314 etiam
1379 1259 1555 1313 dicant
1580 1272 1697 1312 eum
1718 1272 1822 1312 non
1850 1257 2118 1312 audituros
2142 1256 2263 1311 illos

706 1352 924 1416 dixisse,
954 1367 1015 1405 ac
1044 1351 1361 1421 pcenitentias
1406 1351 1541 1404 viam
1586 1348 1688 1403 illis
1730 1348 2077 1417 prmclusisse,
2121 1362 2260 1416 pra:-

706 1445 867 1510 venit,
897 1454 1051 1513 atque
1092 1458 1303 1498 omnem
1332 1443 1658 1497 occasionem
1693 1441 1794 1496 illis
1823 1440 2108 1509 praeripuit,
2134 1438 2258 1493 dum

704 1533 974 1604 pmphetze
995 1532 1145 1587 dixit.
1175 1530 1327 1585 Forte
1354 1531 1576 1585 audient.

775 1624 828 1677 5.
857 1621 1224 1678 Recordamini
1252 1621 1493 1691 promissi
1525 1639 1538 1675 :
1570 1637 1688 1675 nam
1716 1622 1913 1677 idcirco
1936 1622 2143 1677 assidue
2167 1637 2260 1675 vn-

703 1711 786 1765 bis
828 1713 880 1766 in
922 1711 1227 1766 memoriam
1259 1710 1385 1765 illud
1430 1725 1639 1773 revoco,
1673 1726 1739 1766 ne
1779 1726 1897 1765 cum
1944 1712 2257 1767 solutionem

704 1804 960 1870 attulero,
1008 1804 1314 1873 quaestionis
1365 1802 1514 1857 initio
1568 1802 1933 1873 disputationis
1976 1806 2258 1873 proposita:

701 1895 820 1950 silis
848 1895 1201 1949 immemores.
1248 1892 1522 1960 Quodnam
1553 1893 1710 1963 igitur
1739 1893 1864 1948 illud
1893 1894 2025 1947 fuit?
2052 1893 2106 1950 Si
2150 1894 2256 1949 sci-

700 1986 905 2039 vissem
930 1984 1098 2038 Judmi
1139 1992 1391 2039 eventura
1432 1983 1534 2037 illis
1563 1982 1725 2037 fuisse
1768 1984 1925 2049 mala,
1966 2000 2082 2054 qu:e
2106 1998 2255 2038 com-

701 2074 1095 2145 prebenderunt
1122 2075 1239 2129 illos
1267 2074 1424 2146 (hare,
1449 2075 1681 2144 inquam,
1704 2076 1838 2128 mala
1863 2091 1978 2142 qua:
1998 2090 2138 2129 nunc
2163 2090 2256 2129 eos

701 2168 982 2237 detinent),
1008 2168 1150 2236 ipsos
1179 2166 1342 2221 libros
1370 2166 1767 2226 dilacerassent.
1800 2181 1968 2235 neque
1998 2165 2161 2220 sacris
2189 2166 2253 2219 li-

700 2260 829 2314 teris
866 2259 1244 2329 pepercissent.
1280 2256 1385 2312 Sed
1414 2256 1478 2311 ad
1519 2256 1789 2312 historiam
1832 2256 2127 2311 redeamus.
2159 2255 2255 2310 [Iis

701 2349 887 2403 auditis
921 2356 1059 2402 vocat
1097 2346 1341 2401 Jeremias
1370 2345 1668 2416 discipulum
1696 2362 1839 2399 suum
1866 2344 2066 2398 Βαττιεὴ
2095 2344 2254 2414 ﬁlium

702 2437 896 2504 Neria,
925 2448 973 2492 et
998 2438 1068 2491 ait
1095 2437 1173 2490 illi
1194 2453 1212 2492 :
1236 2436 1409 2492 Scribe
1432 2438 1482 2489 in
1505 2437 1630 2489 libro
1650 2437 1781 2489 mala
1806 2438 1993 2500 omnia,
2018 2451 2129 2504 quae
2154 2434 2256 2489 illis

700 2538 935 2582 eventura
953 2537 1068 2582 sunt
1094 2526 1227 2596 (Jcr.
1252 2526 1342 2580 56.
1366 2528 1442 2593 4).
1467 2525 1601 2592 Quid
1628 2527 1725 2579 hoc
1746 2525 1820 2580 rei
1846 2525 1960 2579 est?
1986 2525 2075 2578 tibi
2097 2539 2125 2576 a
2151 2524 2256 2578 Deo

700 2618 1001 2673 mandatum
1023 2626 1123 2683 est,
1152 2626 1205 2671 et
1224 2616 1534 2684 discipulum
1561 2616 1762 2669 mittis?
1790 2630 1914 2668 num
1932 2614 2128 2683 refugis
2149 2628 2255 2682 pra:

698 2709 927 2763 timore?
954 2724 1077 2762 num
1108 2707 1343 2762 vereris?
1373 2723 1495 2760 num
1540 2705 1891 2761 reformidas?
1930 2706 1975 2760 si
2006 2714 2061 2759 tu
2090 2704 2257 2759 refor-

698 2801 887 2863 midas,
915 2814 1019 2868 quo
1045 2808 1195 2868 pacto
1219 2797 1507 2866 discipulus
1542 2797 1791 2850 audebit?
1815 2798 1881 2849 At
1910 2796 2039 2849 nihil
2069 2796 2253 2848 horum

698 2900 819 2954 est;
848 2888 1056 2943 additur
1096 2887 1235 2942 enim
1263 2901 1458 2941 causa:
1500 2900 1619 2939 nam
1656 2898 1776 2939 cum
1814 2883 2052 2947 dixisset,
2083 2883 2254 2936 Scribe

698 2999 757 3035 ac
776 2982 900 3051 lege,
932 2978 1203 3048 subjunxit
1230 2995 1243 3031 :
1272 2976 1380 3048 Ego
1408 2976 1537 3029 enim
1563 2976 1783 3029 detineor
1802 2975 1854 3026 in
1876 2990 2068 3026 carcere
2092 2972 2249 3041 (Ibid.

698 3089 746 3126 υ.
779 3073 858 3142 5).
887 3072 931 3127 Ο
958 3070 1473 3139 magnanimitateml
1507 3067 1563 3122 In
1593 3066 1813 3121 vinculis
1837 3074 1969 3128 erat.
1995 3074 2049 3120 et
2077 3079 2107 3117 a
2136 3078 2254 3133 pro-

698 3161 872 3232 phetia
894 3176 996 3215 non
1022 3160 1335 3215 abstinebat.
1358 3157 1699 3213 Attendamus
1722 3156 1847 3224 justi
1870 3155 2252 3220 fortitudinem,

698 3255 919 3323 ejusque
960 3252 1121 3307 animi
1177 3248 1580 3320 philosophiam.
1626 3246 1740 3301 Non
1788 3246 1919 3300 dixit
1967 3245 2103 3314 apud
2152 3258 2251 3299 se:

697 3345 827 3399 Tam
868 3345 1028 3399 multa
1059 3342 1185 3396 mihi
1229 3349 1446 3411 prOpter
1490 3338 1626 3393 hanc
1669 3336 1916 3406 loquendi
1958 3337 2252 3390 libertatem

702 3435 836 3488 mala
887 3434 1222 3502 contigerunt
1261 3449 1275 3485 :
1330 3430 1603 3483 innumera
1654 3426 1858 3497 profudi
1915 3426 2107 3489 verba,
2155 3438 2253 3479 nec

696 3524 979 3593 quidquam
1008 3521 1225 3593 profeci,
1257 3537 1426 3591 neque
1455 3521 1587 3576 lucri
1617 3520 1741 3573 mihi
1782 3518 1878 3572 fuit
1904 3518 2065 3583 aliud,
2094 3532 2250 3586 quam

700 3623 758 3666 ut
784 3614 834 3667 in
864 3613 1067 3666 vincula
1093 3612 1385 3680 conjicerer
1411 3627 1425 3663 :
1452 3610 1672 3665 necdum
1710 3624 1792 3662 me
1822 3609 1958 3663 Deus
1983 3623 2010 3660 a
2035 3607 2253 3661 vinculis

698 3702 954 3765 liberavit,
981 3710 1036 3755 et
1062 3716 1145 3754 me
1186 3713 1368 3753 rursus
1392 3699 1459 3752 ad
1501 3700 1617 3753 illas
1663 3699 1861 3753 belluas
1889 3698 2085 3751 mittit?
2114 3698 2252 3751 Nihil

701 3794 888 3847 horum
916 3801 1005 3845 aut
1032 3791 1180 3857 dixit,
1209 3798 1300 3844 aut
1326 3790 1606 3859 cogitavit;
1638 3788 1731 3842 sed
1762 3788 1813 3842 id
1858 3804 2017 3842 unum
2042 3797 2251 3857 specta-

700 3884 809 3949 bat,
854 3891 912 3935 ut
957 3880 1161 3935 Domini
1205 3888 1522 3949 praeceptum
1550 3878 1824 3948 perliceret
1864 3894 1877 3929 :
1925 3888 1979 3932 et
2006 3879 2251 3947 quoniam

702 3988 794 4041 per
822 3972 1053 4041 scipsum
1080 3984 1184 4024 non
1212 3977 1437 4039 poterat.
1469 3984 1563 4038 per
1581 3968 1891 4037 discipulum
1918 3968 2044 4022 illud
2071 3970 2254 4036 imple-

700 4062 796 4117 vit.
825 4060 953 4130 Lege
977 4074 1201 4129 namque
1228 4059 1350 4124 illis,
1381 4059 1569 4127 inquit,
1596 4069 1641 4114 et
1665 4060 1745 4111 dic
1773 4060 1940 4113 omnia
1966 4061 2115 4114 mala.
2147 4060 2254 4130 Ego

702 4153 833 4206 enim
860 4152 1079 4205 detineor
1102 4151 1152 4203 in
1187 4165 1382 4202 carcere
1408 4148 1566 4217 (Ibid.
1594 4165 1641 4201 υ.
1670 4148 1745 4219 6).
1773 4149 1838 4203 Ει
1863 4151 2066 4204 dicebat
2104 4150 2253 4206 Jere-

702 4245 857 4309 inias,
902 4251 955 4296 et
997 4241 1199 4295 Barucb
1245 4240 1505 4294 scribebat
1534 4241 1584 4294 in
1630 4241 1780 4294 libro.
1809 4241 2000 4311 Jejunii
2052 4252 2255 4311 tempus

705 4333 820 4397 fuit,
847 4346 965 4386 cum
996 4331 1109 4386 ιιωο
1132 4331 1317 4385 tierent
1346 4348 1359 4383 :
1392 4330 1578 4385 festum
1610 4331 1853 4396 instabat,
1880 4332 2015 4400 quod
2045 4332 2110 4386 ad
2140 4348 2256 4387 me-

704 4422 951 4491 tropolim
993 4436 1175 4476 omnes
1200 4420 1417 4475 vocabat
1446 4437 1459 4473 :
1486 4436 1789 4475 communes
1812 4423 2001 4491 quippe
2025 4437 2252 4476 conven-

706 4523 788 4566 tus
815 4513 897 4581 agi
937 4513 1186 4582 oportuit,
1215 4510 1636 4582 quandoquidem
1662 4511 1729 4566 de
1768 4512 2077 4566 necessariis
2102 4512 2258 4566 rebus

706 4600 1097 4655 deliberandum
1125 4602 1177 4655 in
1204 4601 1433 4655 comitiis
1461 4599 1579 4654 fuit.
1625 4599 1887 4671 Ingressus
1912 4610 1981 4655 est
2019 4602 2084 4655 ad
2114 4604 2256 4670 prin-

708 4695 840 4762 cipes
871 4689 1093 4756 Baruclt,
1120 4701 1164 4743 et
1190 4692 1304 4760 legit
1324 4692 1377 4743 in
1402 4692 1603 4743 auribus
1629 4693 1907 4759 principum
1927 4693 2094 4744 omnia
2114 4690 2260 4745 verba

710 4789 815 4837 hac
839 4780 997 4852 (Ibid.
1028 4797 1076 4834 υ.
1118 4782 1181 4834 14
1202 4780 1313 4849 ,15)
1347 4797 1360 4832 :
1391 4788 1445 4833 et
1472 4795 1681 4834 causam
1724 4783 1882 4834 etiam
1913 4780 2045 4834 dixit
2077 4799 2088 4834 :
2123 4780 2256 4835 For-

710 4888 839 4931 tasse
880 4888 1124 4944 namque,
1169 4872 1352 4941 inquit,
1392 4872 1533 4924 cadet
1574 4873 1913 4926 misericordia
1950 4883 2108 4926 vestra
2148 4882 2263 4927 ante

710 4970 885 5039 [aciem
910 4965 1113 5020 Domini
1137 4962 1291 5035 (Ibid.
1319 4980 1366 5016 υ.
1396 4962 1449 5034 7)
1476 4978 1492 5015 :
1525 4978 1589 5016 ne
1606 4964 1966 5017 existimarent
1989 4979 2108 5018 eum
2132 4972 2263 5016 tam-

710 5070 866 5127 quam
896 5064 1251 5109 accusatorem
1290 5052 1403 5108 haec
1445 5052 1642 5119 dicere,
1688 5052 1781 5107 sed
1818 5061 1875 5105 ut
1907 5067 2025 5106 cum
2064 5054 2129 5107 ad
2171 5066 2265 5107 eos

711 5144 971 5200 sanandos
996 5144 1203 5198 venisse
1244 5144 1414 5212 ipsum
1454 5142 1866 5207 intellexissent,
1910 5143 2170 5211 aequiores
2202 5157 2263 5198 ac

712 5235 1041 5304 benigniores
1069 5233 1437 5288 redderentur.
1466 5233 1600 5300 Quid
1628 5248 1756 5301 ergo
1782 5234 1891 5287 illi?
1915 5233 2046 5287 Cum
2071 5236 2265 5301 gratias

715 5339 869 5395 agere
914 5323 1251 5393 oportuisset,
1300 5338 1417 5376 cum
1463 5339 1582 5377 eum
1625 5322 1858 5389 laudare,
1901 5338 2019 5378 cum
2058 5324 2265 5388 elferre,

716 5417 843 5471 nihil
867 5416 1056 5471 horum
1080 5422 1255 5484 agunt,
1287 5414 1379 5467 sed
1408 5414 1658 5469 abeuntes
1687 5416 2123 5469 annuntiaverunl
2156 5414 2265 5483 regi

714 5524 832 5577 qua:
858 5508 1051 5575 scripta
1080 5513 1229 5560 erant
1256 5505 1304 5557 in
1335 5504 1488 5568 libro,
1516 5515 1568 5558 et
1598 5504 1951 5574 deposuerunt
1995 5504 2182 5557 librum
2215 5505 2266 5558 in

715 5596 873 5651 domo
897 5596 1122 5649 Elisama
1155 5593 1313 5664 (Ibid.
1343 5610 1389 5646 v.
1420 5596 1534 5663 20).
1566 5594 1632 5647 Et
1666 5611 1778 5647 eum
1807 5595 2035 5659 misisset,
2068 5594 2266 5662 inquit,

716 5701 805 5739 rex
834 5686 1020 5752 Juden,
1054 5699 1214 5741 unum
1241 5700 1302 5739 cx
1342 5684 1723 5753 apparitoribus
1760 5686 1888 5753 suis,
1923 5686 2100 5739 librum
2120 5688 2272 5756 jussit

1434 328 1488 385 S.
1528 329 1800 387 .lOANNlS
1833 330 2297 390 CllRYSOSTOMI
2337 327 2646 387 ARClllEP.
2683 331 3206 392 CONSTANTINOP.

3808 349 3930 403 172

2372 442 2565 508 afferri.
2588 444 2657 497 Et
2680 445 2873 499 sedebat
2912 464 3001 501 rex
3043 448 3097 502 in
3142 449 3290 502 domo
3336 448 3539 503 hiemali
3566 449 3697 520 (Jer.
3727 451 3811 506 56.
3833 453 3934 506 21.

2373 532 2468 601 2‘2)
2492 550 2506 586 :
2529 535 2723 588 mensis
2742 537 2935 605 quippe
2956 553 3124 591 nonus
3143 548 3275 605 erat,
3298 538 3398 593 hoc
3415 548 3499 594 est
3511 539 3805 597 November
3821 543 3933 611 (a),

2372 632 2425 675 et
2450 637 2641 677 nonum
2671 626 2898 693 appellat
2924 642 2953 679 a
2982 626 3167 682 Martio
3191 630 3516 684 numerando
3547 648 3560 685 :
3591 647 3711 687 nam
3741 642 3795 686 et
3824 632 3934 688 hoc

2370 708 2643 780 diligenter
2669 713 3051 770 observandum
3077 726 3176 771 est.
3199 716 3254 772 Si
3283 718 3423 773 enim
3446 734 3477 773 a
3505 720 3799 789 Septembri
3826 738 3932 778 nu-

2369 810 2639 866 merasset,
2671 803 2839 857 hiems
2878 815 2987 860 tum
3034 808 3285 876 temporis
3323 823 3443 865 esse
3484 824 3587 865 non
3634 809 3926 869 debuisset.

2368 888 2474 946 Cur
2500 892 2654 961 igitur
2678 894 2777 949 hoc
2796 895 2951 949 etiam
2968 896 3302 967 adjungitur?
3326 915 3388 953 ex
3406 899 3469 954 iis
3490 915 3609 969 quae
3633 913 3932 971 sequuntur

2367 989 2549 1049 aperte
2571 996 2876 1051 cognosces.
2898 984 2965 1037 Et
2985 989 3125 1056 focus
3143 988 3272 1057 ignis
3295 998 3408 1041 mue
3434 989 3576 1041 illum
3600 1003 3621 1042 :
3641 992 3925 1053 carbones.

2367 1072 2552 1141 inquit,
2592 1074 2837 1142 quoniam
2884 1076 3046 1144 frigus
3088 1088 3221 1131 erat.
3250 1077 3451 1133 Videtis
3479 1087 3536 1133 ut
3572 1079 3697 1134 nihil
3723 1095 3752 1134 a
3778 1080 3929 1136 Serio

2365 1170 2516 1227 ptura
2542 1176 2688 1216 sacra
2712 1164 3016 1219 omittatur?
3046 1166 3107 1219 Et
3124 1166 3379 1222 carbones
3401 1168 3536 1236 ignis
3562 1177 3685 1224 ante
3708 1170 3924 1239 ipsum:

2363 1258 2415 1302 et
2436 1250 2885 1306 circumsistebant
2908 1268 3029 1309 eum
3057 1265 3281 1324 satrapa:
3305 1273 3318 1308 :
3350 1256 3541 1312 allatus
3566 1266 3649 1313 est
3672 1258 3808 1313 liber
3830 1259 3922 1314 in-

2363 1341 2593 1394 numeris
2618 1339 2917 1396 redundans
2938 1341 3093 1397 bonis
3117 1344 3395 1413 (malorum
3422 1348 3616 1417 quippe
3645 1349 3922 1417 pr0phetia

2362 1427 2616 1481 malorum
2665 1440 2781 1483 erat
2820 1430 3187 1503 prepulsatio),
3232 1442 3286 1489 et
3328 1434 3618 1504 legebatur.
3660 1437 3925 1493 Mensores

2361 1519 2506 1582 mihi,
2536 1535 2733 1588 qumso,
2760 1530 2926 1575 estote
2955 1524 3220 1592 promissi.
3248 1520 3313 1577 Et
3337 1539 3450 1578 cum
3477 1527 3669 1597 legisset
3694 1528 3780 1582 ille
3812 1538 3919 1583 tres

2361 1609 2602 1679 pagellas,
2626 1620 2823 1678 sumpto
2850 1612 3067 1680 scapello
3093 1613 3259 1679 scidit,
3296 1625 3343 1668 et
3368 1615 3420 1667 in
3448 1618 3614 1683 focum
3641 1616 3769 1687 ignis
3798 1634 3924 1687 pro.

2352 1698 2498 1767 jecil,
2521 1698 2673 1753 donec
2699 1709 2853 1753 totum
2878 1701 3103 1755 volumen
3131 1703 3309 1771 defecit
3337 1703 3496 1775 (Ibid.
3521 1720 3569 1758 υ.
3594 1703 3705 1774 25).
3730 1705 3919 1771 Vides,

2359 1797 2418 1841 ut
2443 1803 2507 1842 ne
2553 1789 2699 1843 libris
2736 1789 2946 1857 quidem
2979 1793 3233 1860 parcant?
3259 1802 3316 1847 ut
3343 1810 3411 1848 ne
3451 1809 3480 1847 a
3512 1795 3679 1850 literis
3701 1795 3919 1864 quidem

2358 1879 2523 1933 sacris
2560 1879 2892 1934 abstineant?
2920 1882 3175 1945 Quoniam
3222 1883 3576 1953 captivitatem
3620 1884 3919 1941 Jerusalem

2356 1970 2677 2036 continebat,
2697 1984 2815 2024 eum
2833 1971 3130 2026 conscidit:
3150 1983 3205 2027 et
3230 1988 3348 2027 cum
3374 1974 3679 2043 prophetam
3708 1992 3810 2032 non
3833 1976 3921 2029 in-

2358 2061 2609 2124 venisset,
2646 2061 2699 2113 in
2730 2061 2906 2115 literas
2937 2062 3066 2116 iram
3110 2062 3313 2117 effudit.
3342 2064 3439 2131 Qui
3467 2080 3594 2134 ergo
3624 2080 3709 2119 res
3738 2066 3918 2120 inani-

2357 2160 2524 2203 matas
2553 2152 2625 2204 ita
2652 2151 2998 2220 persequitur,
3030 2152 3075 2206 si
3099 2153 3271 2206 anima
3303 2153 3575 2222 praeditum
3604 2154 3917 2217 invenisset,

2355 2238 2478 2307 quid
2508 2253 2611 2292 non
2642 2239 2883 2293 fecisset?
2908 2240 3035 2294 Nam
3059 2241 3501 2309 quemadmodum
3520 2257 3676 2315 saeva:
3704 2243 3917 2307 bellum,

2355 2342 2474 2382 cum
2501 2344 2592 2382 eos
2635 2330 2969 2397 arripuerint,
3010 2330 3093 2400 qui
3124 2345 3241 2385 cum
3269 2332 3394 2400 ipsis
3420 2332 3709 2398 decertant,
3756 2343 3809 2387 et
3838 2334 3919 2389 illi

2354 2419 2547 2475 deinde
2574 2421 2767 2475 relictis
2793 2421 2843 2474 in
2870 2436 2961 2475 ore
2983 2422 3269 2475 belluarum
3300 2422 3541 2490 pellibus,
3570 2424 3760 2492 quibus
3780 2426 3922 2477 ami-

2353 2513 2582 2579 ciuntur,
2612 2511 2925 2581 aufugerint,
2963 2512 3076 2566 illas
3100 2513 3289 2568 deinde
3316 2513 3618 2582 discerpunt
3643 2514 3917 2584 dentibus,

2356 2611 2413 2654 ut
2439 2602 2508 2655 ita
2538 2603 2763 2655 furorem
2806 2616 2954 2655 suum
2999 2602 3280 2671 expleant:
3330 2604 3399 2656 ita
3430 2603 3675 2656 nimirum
3720 2612 3771 2656 et
3816 2618 3918 2657 rex

2355 2690 2496 2746 fecit.
2518 2691 2629 2746 Non
2656 2691 2873 2747 oﬂ’endit
2896 2707 3037 2757 eum,
3064 2692 3150 2760 qui
3173 2691 3360 2746 librum
3384 2692 3615 2757 tenebat,
3640 2701 3693 2747 et
3718 2692 3917 2745 librum

2353 2782 2651 2837 conscidit:
2680 2797 2851 2851 neque
2896 2774 3149 2837 conscidit
3191 2782 3384 2849 solum,
3413 2781 3506 2837 sed
3556 2783 3692 2836 etin
3736 2782 3917 2836 focum

2354 2872 2488 2940 ignis
2518 2872 2715 2941 injecit,
2741 2881 2797 2925 ut
2825 2888 2891 2926 ne
2918 2873 3152 2940 reliquiae
3172 2873 3383 2942 quidem
3410 2887 3473 2926 ex
3502 2872 3668 2927 literis
3694 2872 3795 2925 illis
3821 2886 3916 2925 re-

2354 2971 2574 3016 starent.
2599 2961 2701 3016 Sed
2739 2961 2967 3016 nondum
2994 2976 3205 3016 omnem
3234 2961 3348 3031 ejus
3383 2962 3664 3015 amentiam
3697 2975 3918 3029 perspe-

2354 3062 2493 3107 ctam
2519 3051 2756 3106 habetis:
2777 3051 2936 3121 probe
2959 3066 3085 3106 vero
3109 3051 3304 3115 scietis,
3323 3052 3366 3105 si
3391 3050 3674 3105 narrationi
3691 3050 3919 3118 diligen-

2355 3151 2436 3196 ter
2458 3141 2801 3197 attenderitis.
2832 3140 2946 3196 Non
2976 3141 3115 3196 enim
3142 3140 3273 3195 dixit
3301 3156 3418 3195 eum
3461 3150 3571 3195 toto
3611 3140 3748 3193 lecto
3777 3139 3918 3193 libro

2355 3232 2542 3287 deinde
2567 3233 2735 3303 ipsum
2762 3234 3028 3288 exussisse
3052 3249 3065 3285 :
3096 3232 3350 3302 quinimo,
3378 3230 3503 3286 Cum
3524 3240 3622 3285 tres
3641 3241 3919 3300 quatuorve

2357 3321 2577 3390 pageltas
2621 3322 2836 3390 legisset,
2884 3323 3049 3391 ipsum
3095 3321 3355 3375 conscidit.
3384 3320 3462 3375 Ne
3498 3322 3667 3391 ipsum
3698 3319 3918 3389 quidem

2354 3408 2591 3463 lectionis
2616 3409 2775 3464 finem
2798 3412 3139 3479 exspectavit,
3165 3410 3258 3465 sed
3283 3409 3351 3464 ab
3375 3411 3489 3479 ipso
3512 3410 3768 3479 prooemio
3791 3424 3919 3463 cono

2353 3500 2525 3555 festim
2550 3509 2883 3569 exasperatus
2904 3510 3002 3555 est.
3027 3500 3310 3569 Pr0pterea
3338 3509 3502 3555 tutum
3526 3515 3628 3554 non
3650 3508 3768 3554 erat
3792 3515 3919 3569 pro-

2355 3591 2525 3661 phetis
2554 3591 2722 3644 futura
2764 3590 2937 3644 omnia
2968 3590 3103 3645 mala
3128 3589 3325 3645 .ludzeis
3345 3598 3526 3659 aperte
3554 3589 3750 3644 dicere.
3777 3588 3915 3643 Nam

2354 3684 2397 3734 si
2427 3682 2777 3750 captivitatem
2804 3680 2868 3734 ad
2894 3690 3099 3750 tempus
3126 3681 3347 3734 futuram
3374 3680 3556 3734 audire
3580 3679 3793 3733 minime
3820 3693 3918 3750 po-

2354 3769 2473 3834 tuit,
2496 3769 2759 3838 quomodo
2784 3781 3082 3838 perpetuam
3108 3768 3312 3824 discere
3336 3767 3709 3824 sustinuisset?
3733 3768 3917 3839 Neque

2353 3868 2629 3914 contentus
2654 3860 2752 3912 hoc
2777 3858 2872 3912 fuit
2893 3875 2981 3913 rex
3008 3876 3020 3911 :
3054 3859 3147 3913 sed
3174 3860 3335 3925 misit,
3364 3859 3549 3928 inquit,
3577 3859 3644 3914 ad
3672 3876 3919 3929 quaren-

2354 3950 2478 4005 tlum
2504 3950 2694 4021 ubique
2722 3950 3050 4019 prOphetam,
3078 3950 3169 4005 sed
3194 3966 3299 4005 non
3325 3951 3521 4004 invenit
3547 3964 3666 4004 eum
3698 3968 3712 4004 :
3741 3952 3918 4005 occul-

2356 4041 2482 4095 tavit
2523 4041 2661 4094 enim
2708 4040 2851 4093 illum
2885 4039 3021 4095 Deus
3064 4038 3220 4107 (Ibid.
3267 4054 3313 4091 υ.
3356 4038 3471 4109 26).
3502 4039 3653 4092 illum
3698 4038 3915 4109 quidem

2356 4140 2466 4184 tum
2510 4128 2645 4194 loco,
2675 4140 2895 4184 caeteros
2928 4138 3102 4183 autem
3134 4128 3416 4198 prophetas
3452 4142 3635 4183 eorum
3669 4127 3919 4183 obscuri.

2357 4228 2462 4272 tate
2487 4234 2603 4287 qua:
2626 4217 2935 4272 dicebantur
2959 4216 3257 4271 occultavit.

2424 4307 2479 4361 6.
2508 4306 2685 4374 Neque
2704 4321 2829 4361 vero
2858 4314 3057 4360 tantum
3086 4321 3150 4360 ex
3176 4305 3257 4360 his
3286 4306 3435 4360 nobis
3465 4306 3685 4375 liquebit
3709 4345 3726 4369 ,
3775 4306 3919 4374 apud

2354 4394 2563 4450 Iudaeos
2590 4394 2755 4448 audax
2780 4394 2902 4448 illud
2934 4394 3134 4448 facinus
3156 4395 3417 4449 exstitisse
3436 4436 3451 4458 ,
3481 4395 3751 4465 animique
3773 4398 3919 4464 peri-

2356 4483 2486 4539 culis
2514 4494 2713 4537 temere
2742 4498 2857 4537 sese
2882 4483 3197 4551 objicientis,
3223 4491 3534 4539 eventurum
3554 4485 3797 4554 gentibus
3824 4486 3925 4540 ho-

2420 4612 2491 4674 (α)
2523 4619 2604 4677 I12
2626 4610 2905 4677 ῑραθειᾸιοε
2952 4615 3023 4662 θα
3059 4613 3324 4677 member.
3363 4614 3541 4677 «lessus
3570 4616 3621 4665 in
3653 4622 3763 4677 uss-
3791 4616 3923 4668 Iud.

2358 4669 2494 4737 negl,
2519 4669 3410 4737 {amnicusuartmsetprimusAlbid.
3454 4673 3691 4737 ϐου»,βὶ
3714 4677 3844 4727 enim
3882 4694 3916 4729 a

2358 4733 2613 4800 Novembri
2635 4738 2941 4800 numerasset.
2976 4733 3228 4783 Ut'autem
3261 4733 3557 4795 intelligatur
3595 4733 3774 4800 clarius
3809 4740 3926 4800 quid

2358 4794 2437 4859 hic
2457 4794 2547 4841 sibi
2571 4789 2689 4841 velit
2711 4792 3071 4856 Chrysostomus
3092 4806 3106 4841 :
3133 4801 3239 4843 Haec
3260 4801 3399 4859 gesta
3419 4789 3564 4859 “sunt,
3580 4857 3589 4859 _
3606 4798 3764 4859 inquit
3783 4789 3926 4849 sere—

2362 4857 2507 4925 mias,
2520 4865 2691 4925 mense
2714 4864 2861 4925 no-no,
2897 4861 3107 4925 tuncqtse
3144 4866 3239 4925 rex
3266 4856 3541 4925 sed_eba_t_iu
3562 4856 3929 4925 domb_hiemali

2362 4923 2414 4963 et
2435 4921 2546 4961 ante
2573 4914 2741 4970 locum,
2767 4912 2955 4974 frigoris
2976 4912 3161 4962 scilicet
3202 4914 3479 4975 depellendi
3515 4930 3675 4965 causa.
3700 4919 3821 4969 Cum
3844 4934 3929 4968 su-

2362 4984 2467 5045 t‘em_
2485 4987 2639 5022 nonus
2660 4974 2887 5045 mensisha
2918 4975 3028 5045 pio,
3050 4974 3335 5045 quirpritn’us
3354 4984 3460 5025 erat
3479 4979 3747 5028 secundum
3772 4988 3929 5029 staec-

2362 5035 2580 5098 douicutn
2598 5034 2874 5098 numerandi
2890 5035 3037 5083 ritum
3058 5034 3325 5098 Antiochiae
3346 5046 3613 5098 receptum,
3640 5052 3929 5089 numerare-

2364 5104 2459 5152 tur,
2485 5108 2513 5143 a
2534 5097 2632 5153 Dio,
2655 5095 2789 5164 cujus
2941 5096 3226 5165 Septembri,
3263 5109 3375 5165 pars
3409 5095 3618 5165 Octobri:
3640 5102 3925 5165 respondet,

2364 5167 2517 5219 nouus
2538 5154 2721 5203 mensis
2732 5154 2896 5219 incidit
2913 5158 2960 5202 in
2985 5154 3150 5219 staium
3182 5163 3232 5205 et
3252 5154 3620 5219 Junium;_atqui
3654 5159 3701 5207 hi
3726 5154 3930 5210 menses

2366 5229 2461 5279 non
2474 5218 2519 5262 in
2530 5223 2720 5279 tempus
2734 5214 2988 5279 hibernum
3012 5216 3250 5277 incidunt;
3268 5229 3420 5279 quare
3441 5214 3571 5279 aliud
3585 5221 3827 5268 mensium
3841 5223 3930 5270 ini-

2366 5278 2485 5342 tium
2507 5272 2725 5342 proponit
2745 5272 3136 5342 Chr_ysostomus;_
3157 5272 3334 5342 nempe
3362 5275 3661 5342 Xantbicum,
3686 5282 3773 5342 qui
3796 5294 3930 5330 men-

2366 5338 2433 5385 sis
2452 5335 2895 5408 respondetpartim
2914 5337 3186 5408 Februario,
3201 5335 3369 5408 partim
3384 5340 3556 5397 Martio,
3573 5342 3638 5387 ita
3655 5335 3934 5408 ut'maxjma

2367 5409 2478 5457 pars
2497 5398 2601 5457 ejus
2623 5397 2670 5443 in
2695 5397 2902 5457 Martium
2940 5398 3135 5457 incidat,
3174 5397 3342 5457 sicque
3374 5410 3528 5447 nonus
3548 5402 3732 5448 mensis
3753 5415 3781 5448 a
3804 5400 3934 5449 Xan-

2370 5456 2496 5504 thico
2518 5456 2566 5521 in
2588 5456 3136 5521 bovembremuincidet,
3180 5463 3236 5506 ut
3262 5456 3345 5507 hic
3379 5458 3571 5508 dicitur.
3604 5460 3936 5521 lucogitanter

2370 5524 2530 5564 autem
2554 5516 2629 5563 hic
2650 5529 2729 5564 Alco
2745 5518 2947 5564 Januarii
2971 5526 3184 5567 verterat
3207 5525 3376 5568 l-‘ronto
3397 5527 3613 5569 Duceus.
3633 5516 3749 5569 Hinc
3768 5530 3935 5571 autem

2370 5577 2667 5646 confirmatur
2700 5576 2746 5623 id
2782 5578 2912 5646 quod
2952 5576 3936 5646 vulgo_s_tatuitut_‘,_Autiocbenos_nennrve

2371 5637 2679 5686 Ltacedonicis
2700 5637 2945 5687 mensibus
2965 5637 3077 5689 usos
3099 5637 3265 5690 fuisse.
3302 5638 3423 5689 Vide
3449 5644 3687 5691 Usserium
3710 5640 3774 5691 de
3799 5637 3938 5693 Auito

2373 5698 2665 5749 Macedonico
2690 5709 2739 5748 et
2760 5697 2923 5749 solari.
