4148 6306
164 332 280 388 173

168 459 363 499 ,ποι-ειη
391 452 447 498 et
475 441 714 515 gloriam.
740 448 793 496 et
815 455 933 510 qua:
955 437 1075 492 illos
1094 448 1377 507 exceptura
1404 442 1547 489 esset
1580 435 1728 505 igno-

164 534 394 588 miniam
411 547 648 598 narrare,
664 529 926 588 sedetiam
935 544 1000 585 ex
1012 524 1505 600 ipsisPanliverbis.
1517 523 1612 581 Hic
1628 524 1732 578 ita-

162 638 274 692 que
291 638 417 677 cum
437 622 750 691 prophetam
772 619 1058 687 quemdam
1077 618 1284 673 videret
1305 616 1578 685 paululum
1600 616 1728 685 quid

163 712 536 781 pradictionis
562 710 722 780 hujus
783 716 1130 772 reserantem,
1174 717 1230 762 et
1270 707 1523 777 apertius,
1565 723 1726 777 quam

162 806 278 870 alii,
313 816 428 860 tum
458 805 598 860 bona
636 813 839 867 nostra,
875 810 988 857 tum
1016 802 1230 855 illorum
1265 800 1401 855 mala
1430 797 1721 866 dicentem,

166 898 469 967 obstupuit,
504 905 557 952 et
582 894 857 951 audaciam
887 893 1027 949 illius
1051 893 1276 948 miratus
1301 900 1403 958 est,
1431 891 1518 946 his
1550 890 1725 946 verbis

166 999 365 1044 utens:
390 990 565 1042 Isaias
599 996 774 1040 autem
802 985 979 1047 audet,
1020 993 1069 1037 et
1105 984 1249 1047 dicit,
1278 981 1523 1037 Inventus
1548 998 1663 1034 sum
1689 998 1725 1036 α

162 1082 266 1120 non
295 1066 627 1136 querentibus
650 1080 730 1118 me
749 1078 770 1116 :
792 1062 962 1133 palam
980 1061 1195 1130 apparui
1214 1060 1297 1125 iis,
1326 1060 1412 1130 qui
1440 1076 1516 1111 me
1534 1074 1632 1111 non
1650 1059 1732 1110 in-

164 1155 507 1225 terrogabant.
539 1152 661 1207 Dixi
679 1193 694 1216 ,
725 1151 857 1205 Ecce
880 1166 968 1220 ego
986 1190 1001 1217 ,
1025 1149 1158 1221 genti
1171 1189 1187 1215 ,
1213 1148 1298 1214 qui
1320 1164 1419 1201 non
1444 1157 1735 1201 vocaverunt

161 1260 347 1298 nomen
372 1259 537 1297 meum
561 1240 743 1312 (Rom.
766 1240 854 1295 10.
878 1239 983 1305 20;
1013 1239 1141 1292 lsai.
1168 1239 1255 1293 65.
1286 1239 1310 1292 i
1334 1236 1375 1308 ).
1405 1236 1732 1306 Quamquam

163 1336 211 1387 si
244 1336 451 1389 nullum
478 1349 544 1389 ex
568 1332 911 1403 praedictione
936 1330 1226 1400 periculum
1258 1329 1615 1400 impendebat,
1641 1343 1735 1383 cur

161 1424 299 1478 dixit
325 1423 539 1486 Paulus,
561 1421 728 1475 Isaias
748 1432 912 1475 autem
933 1420 1100 1484 audet,
1127 1429 1171 1472 et
1199 1419 1340 1484 dicit,
1368 1416 1605 1472 Inventus
1625 1434 1735 1472 sum

160 1533 193 1567 α
218 1532 320 1568 non
347 1513 678 1584 quaerentibus
701 1512 818 1566 me?
851 1512 1077 1566 Maxima
1102 1525 1283 1565 revera
1310 1509 1613 1565 Iudaeorum
1641 1524 1733 1563 ac-

160 1604 392 1659 cusatio.
427 1604 528 1670 Qui
557 1618 667 1658 non
691 1601 996 1671 quaerebant
1020 1603 1332 1657 invenerunt
1352 1641 1367 1664 ,
1398 1609 1451 1655 et
1474 1600 1561 1669 qui
1585 1614 1732 1670 qua:-

162 1698 374 1761 rebant,
407 1710 504 1765 spe
528 1693 765 1749 frustrati
786 1702 909 1747 sunt
937 1710 952 1746 :
984 1692 1073 1763 qui
1096 1706 1203 1749 non
1230 1690 1535 1756 audierunt,
1561 1689 1736 1745 credi-

162 1786 398 1853 derunt,
446 1792 500 1839 et
540 1784 629 1854 qui
678 1782 989 1847 audierunt,
1041 1782 1095 1835 in
1135 1794 1350 1837 crucem
1385 1780 1730 1835 sustulerunt.

163 1878 452 1947 Propterea
470 1876 725 1932 audacem
749 1873 1029 1945 appellavit
1056 1872 1261 1927 Isaiam.
1288 1871 1525 1926 Maxima:
1540 1870 1733 1940 quippe

162 1983 349 2023 revera
378 1967 475 2021 fuit
501 1967 733 2021 audacia
754 2006 772 2033 ,
813 1966 864 2020 in
894 1963 1068 2019 medio
1089 1978 1273 2019 eorum
1298 1977 1431 2030 quos
1453 1962 1736 2017 accusabat

162 2065 418 2120 stantem,
445 2055 643 2111 nemini
668 2055 933 2125 parcendo
952 2053 1340 2108 accusationem
1368 2053 1627 2108 intentare
1646 2092 1659 2116 ,
1681 2060 1735 2105 et

164 2150 284 2206 illos
307 2148 520 2219 quidem
543 2163 640 2218 per
667 2147 997 2219 prophetiam
1040 2155 1222 2215 aperte
1257 2145 1463 2198 honore
1490 2144 1697 2215 privare
1714 2184 1730 2209 ,

163 2238 298 2295 alios
326 2252 455 2293 vero
484 2236 550 2290 ad
568 2236 798 2291 debitam
822 2235 921 2289 illis
935 2234 1152 2304 gloriam
1183 2233 1538 2288 introducere.
1572 2235 1734 2287 Accu-

164 2336 378 2384 satores
415 2326 530 2397 ejus
557 2334 708 2380 erant
745 2338 931 2379 omnes
972 2324 1062 2393 qui
1107 2323 1159 2377 in
1185 2322 1384 2392 judicio
1428 2322 1731 2376 audiebant.

164 2419 297 2487 Quis
316 2427 495 2472 autem
515 2417 640 2472 dum
658 2415 910 2486 judicium
931 2424 1182 2470 exercent
1199 2414 1416 2478 inimici,
1439 2413 1735 2482 periculum

165 2510 362 2579 poterit
382 2508 621 2563 evitare?
650 2507 955 2575 Propterea,
982 2506 1167 2574 inquit,
1201 2506 1362 2559 Audet
1382 2514 1426 2558 et
1451 2505 1593 2558 dicit.

242 2599 328 2655 Ne
359 2609 477 2653 ante
504 2608 696 2668 tempus
722 2597 1049 2667 intelligerent
1076 2601 1251 2666 futura
1275 2595 1446 2650 Iudici
1466 2635 1483 2662 ,
1518 2596 1737 2650 obscura:

166 2692 369 2760 [amt
391 2688 682 2759 prop/aetiis.
708 2715 779 2727 —
801 2685 996 2741 Verum
1038 2686 1137 2741 hoc
1174 2687 1347 2756 ipsum
1381 2685 1502 2739 volo
1540 2685 1735 2740 clarius

165 2783 553 2838 demonstrare.
584 2778 785 2833 Idcirco
808 2777 877 2833 de
896 2776 1092 2832 Judacis
1116 2791 1178 2831 ac
1201 2776 1351 2831 nobis
1371 2776 1595 2830 obscure
1616 2790 1737 2844 pro-

166 2875 467 2930 nuntiatum
494 2881 573 2926 est
595 2870 648 2924 in
673 2868 977 2939 Scripturis,
1019 2882 1087 2922 ne
1110 2877 1232 2922 ante
1253 2876 1459 2937 tempus
1483 2867 1737 2937 intellige-

167 2975 289 3022 rent
316 2979 439 3036 quae
460 2962 778 3018 dicebantur
805 2960 992 3016 Judzei.
1024 2961 1196 3028 Atque
1220 2959 1378 3029 hujus
1403 2958 1478 3014 rei
1503 2957 1737 3027 produco

169 3067 365 3112 testem
392 3069 579 3124 magna
607 3068 739 3109 voce
763 3054 1081 3109 clamantem
1103 3051 1346 3116 Paulum,
1371 3067 1435 3106 ex
1460 3052 1567 3105 alto
1590 3050 1735 3104 voci-

171 3147 454 3210 ferantem,
482 3144 665 3200 tubam
678 3142 965 3207 caelestem,
986 3156 1079 3196 vas
1102 3141 1392 3203 electionis,
1421 3140 1616 3194 Christi
1641 3154 1736 3208 pa-

168 3233 544 3305 ranympbum.
570 3232 825 3302 Despondi
848 3232 978 3284 enim
1005 3246 1110 3297 vos,
1148 3231 1336 3299 inquit,
1367 3230 1456 3283 uni
1482 3231 1610 3295 viro,
1635 3231 1737 3284 vir-

168 3326 339 3395 ginem
378 3331 566 3377 castam
591 3321 819 3375 ethibere
850 3319 1044 3375 Christo
1078 3319 1169 3386 (2.
1201 3318 1318 3373 Cor.
1347 3320 1433 3373 ll.
1459 3318 1549 3387 2).
1590 3318 1739 3374 Hunc

165 3416 324 3471 vobis
367 3422 554 3469 testem
600 3413 833 3481 produco
882 3410 1143 3465 dicentem
1191 3418 1377 3480 aperte
1398 3452 1413 3475 ,
1460 3420 1738 3480 propterea

168 3505 427 3561 nonnulla
454 3505 505 3557 in
536 3503 716 3558 Veteri
740 3502 1080 3557 Testamento
1113 3500 1278 3556 fuisse
1304 3501 1566 3556 occultata
1587 3542 1602 3566 ,
1630 3518 1738 3557 non

168 3596 371 3651 munia.
399 3593 453 3649 Si
474 3594 618 3647 enim
644 3593 818 3646 omnia
848 3592 1067 3645 fuissent
1086 3590 1308 3646 obscura
1331 3633 1345 3657 ,
1378 3591 1573 3646 frustra
1600 3592 1738 3647 illius

172 3687 358 3742 seculi
388 3685 691 3739 hominibus
717 3683 938 3738 fuissent
960 3682 1098 3735 dicta
1127 3699 1140 3735 :
1170 3680 1426 3751 siquidem
1452 3681 1739 3751 prophetiae

169 3777 309 3832 bella
342 3775 657 3840 continent,
704 3787 822 3841 quae
850 3771 916 3825 ad
944 3780 1149 3839 tempus
1179 3778 1289 3824 tum
1314 3779 1460 3840 gesta
1491 3780 1646 3838 sunt,
1686 3782 1740 3827 et

170 3868 339 3922 fames
365 3876 419 3921 et
446 3874 620 3935 pestes
648 3881 661 3917 :
689 3864 960 3918 continent
984 3870 1037 3915 et
1062 3878 1180 3931 quae
1205 3861 1361 3917 hodie
1384 3862 1735 3932 contigerunt,

167 3956 505 4012 vocationem
532 3952 800 4015 Ecclesiae,
832 3950 1250 4021 repudiationem
1275 3966 1576 4022 synagogas,
1610 3953 1740 4023 legis

169 4046 590 4116 abrogationem.
630 4042 756 4097 Haec
794 4050 968 4096 autem
1004 4042 1148 4109 ipsos
1176 4055 1331 4096 nosse
1360 4042 1599 4108 nolebat,
1644 4043 1740 4097 sed

171 4138 261 4193 illa
286 4152 411 4205 qua:
437 4136 675 4204 ipsorum
700 4133 1026 4202 temporibus
1054 4130 1382 4185 accidebant.
1410 4134 1581 4201 Atque
1601 4133 1741 4187 istud

171 4228 351 4298 ipsum
376 4225 612 4281 conabor
640 4222 944 4287 ostendere,
977 4220 1092 4276 hac
1119 4220 1229 4275 sola
1256 4221 1370 4275 fleri
1394 4222 1616 4277 obscura
1644 4237 1740 4277 vo-

171 4318 340 4372 luisse
356 4356 372 4382 ,
404 4314 474 4369 de
501 4313 656 4369 nobis
682 4321 737 4367 et
760 4311 827 4367 de
868 4324 1161 4383 synagoga,
1188 4325 1305 4381 quae
1331 4326 1472 4367 nunc
1498 4312 1740 4382 contige-

168 4417 318 4474 runt,
346 4420 555 4463 necnon
575 4403 707 4475 legis
727 4402 1121 4474 abrogationem
1150 4418 1164 4457 :
1186 4402 1288 4457 hoc
1309 4418 1438 4458 vero
1457 4417 1563 4458 non
1582 4418 1743 4473 opor-

168 4501 271 4555 tuit
294 4514 368 4555 ex
412 4498 502 4552 illo
542 4505 778 4565 tempore
814 4495 1079 4564 cognitum
1106 4493 1209 4549 illis
1243 4493 1422 4551 fuisse.
1468 4495 1601 4551 Nam
1641 4497 1686 4551 si
1710 4510 1742 4550 a

167 4590 438 4661 principio
462 4587 774 4642 didicissent
799 4586 969 4655 legem
988 4585 1053 4639 ad
1082 4594 1290 4654 tempus
1311 4587 1621 4641 duraturam
1636 4627 1653 4653 ,
1680 4586 1743 4641 il-

168 4683 277 4736 lam
308 4677 530 4733 omnino
553 4676 994 4745 eontempsissent
1021 4691 1034 4727 :
1062 4683 1279 4743 propter
1317 4675 1417 4730 hoc
1444 4676 1617 4746 ipsum
1645 4691 1742 4731 oc-

166 4771 372 4825 cultam
401 4766 544 4821 illam
569 4779 689 4821 esse
716 4766 899 4819 voluit.
928 4763 1044 4818 Non
1077 4767 1217 4819 enim
1262 4780 1474 4821 omnem
1518 4766 1744 4836 prophe—

167 4860 301 4912 tiam
348 4855 609 4910 occultam
652 4854 836 4919 fuisse,
884 4867 1065 4907 verum
1114 4852 1253 4908 hanc
1293 4862 1493 4909 tantum
1539 4864 1743 4924 partem

167 4947 343 5002 fuisse
369 4942 595 4998 velatam
615 4982 632 5007 ,
678 4943 801 4996 audi
829 4956 934 5011 quo
961 4949 1114 5010 pacto
1144 4942 1295 4998 nobis
1325 4954 1603 5014 utrumque
1632 4961 1743 5000 ma-

169 5035 371 5090 nifeste
392 5033 587 5088 Paulus
607 5030 885 5098 ostendat,
924 5040 977 5085 et
1006 5032 1315 5087 occultatam
1343 5032 1504 5089 fuisse
1532 5035 1701 5104 legem
1727 5075 1740 5098 ,

166 5136 231 5183 et
270 5127 372 5179 hac
398 5125 452 5179 in
480 5130 631 5193 parte
657 5130 879 5177 tantum.
906 5120 1037 5176 Cum
1062 5122 1204 5177 enim
1233 5122 1490 5178 scriberet
1524 5124 1590 5178 ad
1636 5125 1742 5179 Co-

167 5216 425 5279 rinthios,
457 5213 539 5268 bis
559 5213 733 5268 verbis
757 5221 838 5267 est
867 5226 993 5267 usus
1021 5231 1035 5268 :
1070 5232 1089 5265 ι
1120 5212 1380 5268 Habentes
1406 5213 1561 5282 igitur
1588 5215 1745 5269 talem

168 5324 350 5381 spem,
383 5308 547 5363 multa
573 5306 761 5361 ﬁducia
787 5305 983 5359 utimur
1014 5323 1026 5359 :
1054 5316 1107 5361 et
1136 5320 1239 5360 non
1264 5306 1400 5360 sicut
1422 5305 1629 5376 Moyses
1652 5321 1743 5375 ρος

169 5399 337 5457 nebat
362 5397 603 5452 velamen
629 5410 786 5464 super
805 5393 991 5449 faciem
1012 5409 1183 5459 suam,
1206 5404 1263 5448 ut
1283 5410 1388 5449 non
1413 5394 1745 5450 intenderent

172 5494 267 5550 tilii
299 5490 465 5547 Israel
494 5488 547 5543 in
576 5487 733 5543 finem
764 5490 877 5556 ejus
904 5486 1046 5556 quod
1087 5496 1371 5542 evacuatur
1392 5527 1410 5555 ,
1450 5486 1543 5542 sed
1572 5488 1745 5544 obtusi

172 5592 301 5638 sunt
325 5593 526 5637 sensus
544 5592 748 5633 eorum.
775 5576 955 5645 Usque
981 5578 1032 5630 in
1064 5575 1374 5632 hodiernum
1421 5576 1563 5632 enim
1604 5577 1751 5639 diem

176 5672 409 5743 tdipsum
436 5669 679 5726 velamen
711 5667 765 5723 in
791 5666 1019 5724 lectione
1056 5666 1255 5725 Veteris
1274 5664 1597 5725 Testamenti
1624 5683 1741 5726 uta-

1107 321 1197 379 DB
1235 313 1762 377 PROPIIETIABUM
1800 312 2287 377 OBSCUBITA'I‘E.
2330 322 2371 377 1.

3288 352 3397 408 174

1839 441 1928 487 net
1964 448 2069 488 non
2108 435 2421 506 revelatum,
2453 441 2700 511 quoniam
2721 441 2778 497 in
2804 441 3017 501 Christo
3054 458 3339 504 evacuatur
3376 466 3395 499 ι

1834 524 1924 589 (2.
1971 525 2086 581 Cor.
2124 528 2177 581 5.
2225 526 2314 583 i2.
2341 530 2470 601 14).
2511 529 2805 589 Obscurum
2839 544 2922 591 est
2962 532 3217 603 fortasse,
3257 539 3400 609 quod

1835 617 2092 686 legimus;
2138 619 2314 688 itaque
2355 620 2639 678 dilucidius
2685 624 2815 680 illud
2854 626 3138 683 reddamus
3180 644 3400 686 messe

1835 717 1937 773 est,
1968 717 2023 764 et
2048 710 2214 777 ipsam
2243 710 2515 768 historiam
2542 715 2696 771 vobis
2735 717 2791 771 in
2835 720 3143 775 memoriam
3176 735 3398 777 revoce-

1833 812 1971 853 mus.
1999 799 2129 853 Nam
2158 815 2279 856 cum
2302 804 2533 872 acceptis
2548 805 2604 859 in
2624 815 2805 863 monte
2826 808 3016 864 tabulis
3040 810 3399 866 descensurus

1834 900 1975 945 esset
1993 891 2219 961 Moyses,
2248 893 2525 951 ineffabilia
2550 897 2567 928 ⁸
2588 898 2834 967 quaedam
2856 908 2909 955 et
2938 901 3195 958 mirabilis
3222 918 3287 958 ex
3311 903 3399 958 illa

1834 991 2013 1037 sancta
2040 983 2174 1038 facie
2196 986 2364 1055 gloria
2394 986 2514 1041 talis
2532 989 2828 1056 emicabat,
2870 999 2931 1046 ut
2966 992 3145 1047 nullus
3171 1009 3201 1048 e
3238 994 3399 1064 vulgo

1834 1071 1903 1125 ad
1932 1073 2075 1128 illum
2099 1076 2353 1131 accedere
2396 1086 2449 1133 et
2486 1095 2606 1133 cum
2643 1080 2734 1134 illo
2766 1082 2995 1153 colloqui
3039 1083 3277 1139 auderet.
3322 1086 3402 1141 Ne

1838 1162 1993 1232 igitur
2016 1166 2213 1233 populo
2239 1180 2449 1235 semper
2470 1167 2771 1224 inaccessus
2790 1180 2951 1237 esset,
2980 1171 3227 1241 imposito
3248 1174 3402 1230 faciei

1834 1262 1944 1308 suae
1972 1257 2234 1310 velamine
2256 1298 2271 1323 ,
2306 1259 2646 1327 permittebat
2671 1270 2726 1314 ut
2750 1276 2873 1315 cum
2899 1277 2964 1317 eo
2990 1264 3169 1318 venire
3203 1264 3255 1318 in
3285 1266 3400 1319 col-

1836 1346 2067 1414 loquium
2111 1346 2279 1401 Judaei
2307 1357 2525 1417 possent
2567 1349 2587 1419 (
2608 1348 2775 1405 Exod.
2804 1352 2892 1407 34.
2915 1352 3007 1407 53.
3031 1354 3152 1423 54).
3178 1357 3247 1409 At
3280 1370 3403 1409 cum

1837 1434 2031 1503 populo
2059 1436 2187 1489 dum
2212 1445 2509 1493 versaretur
2532 1479 2548 1502 ,
2578 1439 2815 1495 velamen
2844 1441 3093 1511 gerebat;
3138 1442 3208 1497 ad
3234 1444 3401 1499 Deum

1835 1536 2010 1581 autem
2037 1542 2101 1583 se
2119 1544 2452 1594 convertens,
2480 1544 2665 1585 rursus
2689 1531 2815 1586 illud
2838 1533 3156 1602 deponcbat.
3188 1534 3242 1589 ld
3274 1551 3402 1590 vero

1834 1616 2024 1684 fiebat,
2054 1626 2109 1672 ut
2147 1613 2313 1670 simul
2339 1619 2507 1689 major
2533 1619 2666 1675 fides
2706 1622 2990 1692 legislatori
3032 1624 3404 1680 conciliaretur

1834 1706 1972 1775 apud
2013 1722 2106 1763 eos
2148 1708 2239 1777 qui
2284 1723 2379 1778 per
2426 1712 2599 1778 ipsum
2648 1711 2861 1766 allatam
2912 1716 3181 1783 accepturi
3229 1716 3402 1784 legem

1836 1806 2007 1865 erant,
2039 1808 2092 1854 et
2118 1800 2274 1855 simul
2297 1801 2348 1854 in
2374 1800 2491 1869 ipso
2515 1802 2661 1872 prius
2689 1802 3099 1860 adumbraretur
3124 1806 3287 1875 figura
3312 1822 3404 1861 vc-

1836 1890 2026 1955 ritatis,
2056 1899 2108 1945 et
2130 1892 2504 1947 lncarnationis
2524 1892 2722 1948 Christi
2756 1909 2912 1949 causa
2945 1896 3111 1950 multo
3131 1906 3254 1951 ante
3276 1912 3404 1965 prae-

1836 1982 2239 2051 significaretur.
2282 1982 2413 2036 Nam
2442 1984 2693 2053 quoniam
2724 1984 2913 2039 dicturi
2944 1996 3096 2041 erant
3121 1986 3356 2041 nonnulli
3382 2028 3399 2052 ,

1834 2071 2011 2139 Quare
2041 2087 2143 2126 non
2176 2073 2228 2126 in
2256 2073 2394 2126 nuda
2424 2073 2699 2129 divinitate
2736 2073 2973 2131 Christus
3012 2076 3256 2141 advenit,
3307 2078 3405 2132 sed

1835 2178 2048 2217 carnem
2080 2163 2289 2218 induit?
2317 2163 2484 2218 multo
2508 2172 2633 2219 ante
2652 2179 2748 2233 per
2769 2164 2952 2221 faciem
2984 2169 3119 2221 servi
3145 2168 3405 2237 objectio—

1836 2254 1991 2310 nibus
2018 2256 2134 2310 istis
2159 2256 2411 2310 ocwrrit.
2457 2254 2513 2310 Si
2542 2256 2682 2310 enim
2714 2256 2852 2311 servi
2876 2257 3101 2327 gloriam
3123 2298 3139 2324 ,
3182 2272 3300 2327 qua:
3329 2259 3405 2313 illi
3490 2254 3493 2257 ’

1837 2354 2021 2413 postea
2042 2344 2275 2410 obvenit,
2301 2358 2524 2401 cernere
2545 2359 2650 2399 non
2679 2354 2897 2415 potuere
2912 2345 3100 2412 Judaei,
3123 2362 3227 2417 quo
3251 2360 3407 2421 paeto

1837 2436 2028 2491 nudam
2056 2444 2238 2505 postea
2265 2436 2593 2490 divinitatem
2621 2437 2800 2492 videre
2828 2438 3161 2505 potuissent?

1907 2526 1960 2579 7.
1990 2524 2170 2594 Neque
2194 2540 2323 2579 vero
2349 2532 2549 2579 tantum
2576 2527 2677 2579 hoc
2706 2527 2858 2581 nobis
2884 2527 3122 2582 velamen
3155 2528 3282 2582 illud
3306 2528 3407 2584 de~
3492 2544 3493 2549 ‘

1836 2616 2028 2685 signat,
2057 2615 2151 2669 sed
2171 2614 2355 2670 eadem
2385 2630 2525 2670 nunc
2550 2615 2749 2672 Judaeis
2772 2617 2907 2672 lecta
2936 2618 3051 2689 lege
3078 2619 3404 2689 contingere,

1836 2721 1954 2776 qua:
1982 2716 2089 2761 tum
2135 2707 2249 2760 visa
2293 2705 2486 2777 Moysis
2531 2706 2663 2761 facie
2705 2708 3100 2778 contingebant.
3152 2709 3220 2764 Ut
3263 2711 3407 2765 enim

1837 2796 1987 2852 faciei
2018 2796 2329 2867 legislatoris
2354 2798 2574 2867 gloriam
2622 2813 2727 2853 non
2764 2801 3090 2866 cernebant,
3130 2801 3268 2871 quod
3297 2818 3407 2857 me-

1838 2888 1981 2943 dium
2007 2888 2132 2942 illud
2161 2890 2336 2943 velum
2378 2889 2712 2958 interiectum
2744 2899 2887 2945 esset
2915 2906 2933 2946 :
2962 2891 3039 2945 sic
3066 2906 3238 2962 neque
3267 2908 3408 2947 nunc

1838 2980 1969 3050 legis
1995 2990 2215 3050 possunt
2241 2982 2461 3050 gloriam
2492 2982 2704 3035 intueri.
2751 2981 2861 3037 Hoc
2887 2997 3014 3037 vero
3032 2983 3191 3037 etiam
3214 2982 3406 3038 advera

1838 3086 1931 3126 sus
1955 3072 2230 3126 haereticos
2260 3071 2375 3125 usui
2405 3072 2558 3127 nobis
2578 3081 2676 3125 est.
2716 3072 2847 3127 Nam
2874 3074 2994 3142 quia
3024 3083 3208 3144 putant
3231 3074 3408 3128 crimi-

1839 3161 2106 3214 nationem
2142 3160 2273 3229 legis
2312 3175 2421 3228 prae
2464 3175 2525 3215 so
2561 3160 2698 3215 ferre
2742 3176 2860 3231 qua:
2898 3161 3036 3216 dicta
3071 3170 3225 3227 sunt,
3268 3162 3408 3216 hunc

1839 3252 2015 3305 locum
2054 3250 2293 3320 epistolae
2330 3260 2643 3320 receperunt
2682 3267 2697 3308 :
2738 3259 2793 3305 et
2833 3267 2953 3306 cum
2994 3252 3160 3322 legem
3211 3252 3410 3307 habere

1837 3342 2079 3395 velamen
2098 3340 2444 3405 audivissent,
2474 3349 2527 3396 et
2552 3342 2814 3406 evacuari,
2844 3341 2983 3411 quod
3013 3342 3154 3396 illam
3181 3342 3408 3396 arbitra-

1838 3442 2021 3487 rentur
2046 3433 2312 3498 accusari,
2358 3432 2535 3488 literas
2572 3432 2953 3497 deseruerunt,
2982 3443 3040 3487 ut
3062 3433 3171 3487 suis
3196 3433 3408 3487 ratioci-

1842 3524 2140 3578 nationibus
2185 3532 2519 3592 caperentur.
2568 3524 2711 3578 lstnd
2758 3524 2898 3578 enim
2945 3524 3115 3594 ipsum
3160 3539 3405 3595 magnam

1840 3631 1960 3670 esse
2009 3616 2176 3685 legem
2225 3615 2475 3670 ostendit.
2523 3614 2654 3669 Nam
2701 3616 2836 3669 sicut
2873 3622 2982 3669 tum
3026 3615 3231 3669 crimini
3275 3616 3409 3670 verti

1840 3706 2006 3777 Moysi
2048 3722 2151 3760 non
2185 3714 2427 3774 poterat,
2455 3705 2596 3775 quod
2625 3720 2786 3774 super
2822 3704 3006 3759 faciem
3034 3705 3276 3759 velamen
3313 3704 3409 3758 ha.

1840 3799 2009 3862 beret,
2036 3797 2131 3853 sed
2160 3797 2287 3851 illud
2309 3804 2424 3851 erat
2467 3796 2713 3851 indicium
2740 3796 3060 3851 infirmitatis
3083 3794 3402 3859 Iudaeorum,

1842 3890 2034 3960 Moysis
2060 3903 2187 3943 vero
2216 3888 2330 3943 laus
2368 3887 2593 3940 maxima
2617 3927 2632 3951 ,
2678 3886 2817 3955 quod
2859 3894 3007 3941 tanta
3036 3885 3202 3953 gloria
3246 3883 3411 3937 facies

1844 3980 1984 4035 illius
2020 3977 2305 4047 refulgeret
2342 3986 2400 4029 ut
2426 3975 2565 4046 apud
2604 3989 2889 4030 conservos
2917 3975 3180 4029 velamine
3202 3973 3409 4043 indigeu-

1842 4079 1960 4125 ret:
1987 4071 2058 4123 ita
2087 4084 2297 4138 quoque
2335 4068 2435 4137 legi
2472 4067 2684 4122 accidit.
2731 4065 2842 4121 Nisi
2888 4067 3028 4122 enim
3070 4066 3156 4121 lex
3188 4065 3412 4136 gloriam

1845 4159 2115 4214 habuisset
2130 4160 2473 4225 inaccessam,
2486 4157 2746 4212 velamine
2760 4170 2864 4211 non
2884 4156 3212 4225 indiguisset.
3234 4155 3381 4222 Quan
3394 4182 3410 4194 -

1843 4250 1915 4305 do
1959 4249 2115 4320 igitur
2152 4264 2369 4304 manere
2395 4248 2635 4304 velamen
2664 4248 2792 4303 dicit
2832 4248 2885 4302 in
2934 4248 3164 4302 lectione
3201 4247 3412 4302 Veteris

1844 4340 2186 4405 Testamenti,
2209 4338 2581 4393 obscuritatem
2602 4338 2716 4406 ejus
2736 4337 2863 4392 dicit
2891 4355 2905 4392 :
2927 4337 3138 4406 quando
3158 4350 3284 4391 vero
3304 4350 3411 4391 non

1845 4432 2136 4487 revelatum
2185 4431 2313 4484 dicit
2349 4428 2489 4497 quod
2519 4430 2575 4483 in
2611 4429 2821 4483 Christo
2848 4438 3157 4495 evacuatur,
3204 4436 3411 4498 partem

1846 4536 1963 4577 eam
1994 4521 2126 4590 legis
2154 4520 2305 4573 nobis
2352 4518 2579 4585 indicat,
2622 4518 2830 4573 ratione
2874 4518 3024 4587 cujus
3067 4519 3291 4575 obscura
3322 4519 3410 4573 lea

1846 4621 1947 4667 est.
1996 4610 2111 4666 Non
2148 4610 2288 4664 enim
2318 4609 2543 4664 obscura
2570 4624 2693 4679 pars
2721 4623 2783 4664 ea
2809 4609 2940 4679 legis
2969 4608 3069 4663 fuit
3103 4624 3221 4679 qua:
3259 4609 3413 4664 nobis

1848 4703 1913 4757 ad
1944 4704 2102 4757 vitam
2132 4710 2184 4756 et
2202 4700 2663 4756 conversationem
2690 4701 3062 4756 instituendam
3083 4702 3411 4765 conferebat,

1847 4796 2043 4865 alioqui
2082 4792 2348 4863 superflue
2374 4792 2495 4847 data
2533 4791 2720 4847 fuisset
2751 4808 2764 4845 :
2794 4792 2890 4847 sed
2927 4808 3003 4848 ea:
3032 4793 3204 4847 solum
3233 4801 3411 4862 partes

1847 4888 2142 4943 obscuratae
2185 4893 2346 4951 sunt,
2392 4899 2461 4939 ex
2497 4884 2692 4957 quibus
2724 4898 2881 4939 nosse
2923 4893 3225 4953 poteramus
3265 4882 3414 4939 illam

1848 4978 2087 5032 evacuari
2112 4991 2203 5046 per
2224 4975 2511 5029 Christum.
2530 4974 2659 5031 Nam
2686 4980 2741 5025 et
2766 4973 2867 5026 hoc
2886 4987 3016 5042 opus
3036 4982 3118 5026 est
3141 4973 3414 5042 sapientum

1849 5068 2074 5133 divinas,
2106 5066 2274 5136 legem
2304 5065 2371 5121 ah
2417 5065 2531 5132 ipso
2574 5062 2862 5129 introduci,
2903 5062 2991 5131 qui
3017 5062 3083 5118 de
3112 5078 3173 5116 ea
3211 5063 3414 5117 diceret

1849 5159 1980 5225 fore,
2003 5166 2061 5212 ut
2083 5156 2343 5219 Christus,
2370 5168 2488 5207 cum
2512 5152 2735 5218 venerit,
2762 5152 2929 5222 legem
2958 5158 3199 5215 evacuet,
3220 5162 3272 5207 et
3298 5153 3413 5208 fore

1850 5258 1908 5305 ut
1932 5251 1985 5304 in
2023 5250 2137 5318 ipso
2175 5262 2293 5302 esse
2335 5245 2560 5299 desinat.
2602 5244 2726 5299 [late
2765 5244 2923 5314 igitur
2956 5244 3068 5313 ipsa
3111 5260 3232 5315 pars
3259 5245 3411 5314 legis,

1850 5357 1973 5413 quae
2010 5341 2176 5414 legem
2226 5339 2279 5394 in
2306 5337 2520 5391 Christo
2547 5335 2675 5390 dicit
2699 5337 2975 5401 evacuari,
3027 5338 3135 5391 sola
3177 5337 3269 5389 fuit
3314 5336 3414 5388 oh.

1851 5447 2004 5488 scura
2034 5447 2048 5485 :
2076 5440 2232 5499 atque
2256 5427 2357 5481 hoc
2379 5426 2553 5495 ipsum
2581 5425 2819 5480 indicans
2846 5441 3066 5496 magnus
3094 5424 3285 5480 Paulus
3313 5424 3413 5479 ad—

1845 5517 2021 5595 junxit
2040 5522 2239 5585 dicens,
2261 5518 2380 5571 Non
2394 5517 2682 5583 revelatum,
2704 5517 2838 5587 quod
2851 5518 2903 5570 in
2915 5517 3111 5571 Christo
3124 5525 3413 5573 mutuatur.

1916 5679 1939 5714 ι
1970 5674 2104 5728 Coll).
2126 5671 2293 5733 habet.
2316 5670 2579 5735 ὑιαεσωω,
2602 5683 2709 5733 pro,
2725 5668 2999 5733 ineffabttts.
