4148 6306
765 322 876 377 175

772 426 977 482 Etenim
1023 442 1091 483 ne
1139 426 1274 482 forte
1319 442 1437 482 cum
1487 426 1725 481 audisses
1768 426 1820 480 in
1870 424 2096 480 lectione
2125 421 2325 477 Veteris

770 515 1091 573 Testamenti
1116 532 1329 572 manere
1357 518 1591 571 velamen
1612 556 1628 579 ,
1675 524 1834 569 totam
1860 514 2025 583 ipsam
2050 513 2327 567 obscuram

770 615 824 660 et
849 606 1111 661 obtectam
1136 620 1255 659 esse
1276 605 1608 659 existimares
1626 642 1643 669 ,
1686 604 1821 658 hanc
1860 601 2212 671 suspicionem
2236 598 2331 654 ad-

772 696 968 750 ditione
1008 696 1255 750 correxit.
1288 695 1417 750 Cum
1444 694 1581 749 extim
1603 694 1852 759 dixisset,
1891 693 2128 748 velamen
2164 691 2217 745 in
2248 691 2325 745 Ie-

773 786 952 839 ctione
995 784 1197 839 Veteris
1246 783 1571 840 Testamenti
1615 798 1866 849 manere,
1916 783 2146 852 adjecit,
2204 780 2326 835 Non

771 876 1060 941 revelatum,
1089 875 1225 945 quod
1254 875 1306 927 in
1327 873 1521 928 Christo
1540 882 1825 928 evacuatur.
1872 872 1982 927 Hoc
2008 872 2209 942 ipsum,
2240 872 2325 925 in-

770 965 913 1034 quit,
964 964 1252 1019 revelatum
1285 978 1390 1017 non
1439 971 1554 1027 est,
1598 962 1738 1032 quod
1768 962 1820 1016 in
1844 961 2058 1017 Christo
2085 969 2167 1016 est
2201 975 2323 1015 eva-

768 1052 1029 1108 cuaadum
1062 1068 1076 1105 :
1108 1066 1267 1122 porro
1311 1052 1377 1106 iis
1426 1051 1711 1106 revelatum
1764 1065 1869 1104 non
1920 1060 2036 1118 est,
2083 1053 2173 1120 qui
2219 1064 2323 1104 non

767 1143 1023 1197 accedunt
1046 1142 1112 1197 ad
1152 1142 1308 1196 tidem
1337 1159 1351 1194 :
1381 1142 1558 1212 itaque
1598 1142 1644 1196 is
1671 1143 1759 1211 qui
1788 1142 1854 1195 ad
1891 1142 2049 1197 fidem
2079 1144 2320 1208 accessit,

766 1243 821 1287 et
848 1235 1014 1286 sancti
1044 1231 1272 1300 Spiritus
1296 1232 1516 1299 gratiam
1543 1241 1899 1301 consequutus
1936 1240 2053 1296 est,
2086 1246 2188 1285 non
2212 1232 2321 1299 jam

767 1338 887 1379 cum
928 1323 1185 1378 velamine
1220 1322 1385 1391 legem
1422 1323 1689 1389 intuetur,
1736 1322 1829 1377 sed
1856 1322 2049 1378 nudam
2076 1322 2189 1391 ejus
2213 1322 2324 1391 glo-

766 1416 903 1471 riam
927 1423 1150 1485 spectat.
1204 1415 1381 1471 Gloria
1407 1415 1536 1485 legis
1560 1424 1675 1481 est,
1716 1424 1775 1470 ut
1800 1415 1995 1471 docere
2032 1415 2197 1485 possit
2221 1416 2323 1470 sei-

766 1521 913 1576 psam
958 1508 1012 1561 in
1054 1504 1262 1561 Christo
1305 1508 1586 1571 evacuari,
1631 1516 1690 1561 ut
1738 1507 1840 1562 hoc
1874 1522 2082 1577 quoque
2125 1507 2216 1561 tibi
2254 1508 2322 1561 sit

765 1600 1050 1667 cognitum.
1100 1595 1256 1651 Vides
1286 1612 1404 1666 qua
1446 1597 1516 1651 sit
1557 1596 1687 1666 legis
1727 1596 1926 1667 gloria?
1959 1596 2092 1651 Vera
2128 1597 2321 1667 quippe

764 1688 929 1755 gloria
971 1687 1088 1756 ejus
1118 1695 1234 1750 est,
1282 1686 1493 1756 quando
1533 1687 1792 1742 instruere
1819 1695 1870 1742 te
1912 1685 2141 1756 potuerit
2177 1696 2229 1742 et
2254 1686 2321 1742 ad

765 1778 1032 1832 Christum
1051 1777 1312 1833 deducere
1338 1795 1350 1831 :
1381 1786 1491 1832 tum
1514 1793 1640 1832 vero
1661 1779 1889 1844 instruit,
1921 1792 2043 1835 cum
2071 1779 2315 1834 evacuari

765 1883 824 1923 se
843 1868 1091 1923 ostendit.
1122 1868 1300 1939 Itaque
1330 1868 1450 1923 hinc
1471 1869 1629 1923 etiam
1659 1868 1921 1925 bmreticis
1949 1870 2103 1925 letale
2129 1869 2320 1924 vulnus

765 1959 1033 2028 inï¬‚igitur.
1060 1959 1191 2013 Nam
1219 1960 1263 2014 si
1291 1960 1554 2014 contraria
1590 1960 1674 2015 lex
1698 1970 1753 2014 et
1784 1961 2084 2015 adversaria
2109 1960 2319 2014 Christo

764 2059 941 2112 esset,
972 2064 1073 2104 nec
1098 2051 1166 2105 ah
1207 2051 1301 2104 illo
1333 2052 1557 2113 tradita,
1597 2066 1703 2105 non
1739 2053 2059 2119 oportuisset
2100 2050 2317 2105 Paulum

762 2140 877 2208 ejus
895 2140 1113 2210 gloriam
1142 2140 1193 2196 id
1218 2140 1503 2210 appellare,
1530 2141 1668 2210 quod
1688 2140 1998 2196 accedentes
2020 2140 2086 2194 ad
2115 2155 2172 2195 se
2196 2156 2317 2209 pos-

762 2237 848 2283 set
871 2227 1161 2295 instruere,
1192 2247 1286 2302 per
1318 2231 1586 2287 Christum
1614 2233 1783 2301 ipsam
1810 2234 2074 2289 evacuari.
2102 2232 2160 2288 Si
2183 2234 2317 2287 mala

762 2329 903 2375 esset
926 2321 1007 2376 lex
1031 2337 1233 2388 rursus,
1258 2337 1364 2376 non
1386 2322 1707 2391 oportuisset
1720 2324 1958 2379 velamen
1975 2324 2090 2393 ejus
2104 2324 2316 2389 auferri,

762 2408 856 2462 sed
902 2410 1043 2463 illam
1088 2412 1247 2465 etiam
1288 2420 1406 2481 post
1448 2412 1672 2481 gratiam
1705 2412 2043 2466 obscuratam
2080 2427 2315 2467 manere.

760 2499 912 2567 Quod
940 2502 987 2557 si
1022 2502 1123 2557 hoc
1156 2516 1347 2558 munus
1373 2512 1455 2559 est
1479 2504 1662 2574 gratim
1681 2543 1697 2567 ,
1727 2513 1785 2557 ut
1817 2504 2131 2558 accedentes
2160 2503 2223 2557 ad
2261 2519 2319 2559 se

761 2593 1177 2663 perspicaciores
1202 2594 1270 2648 ad
1309 2593 1861 2662 comprehendendam
1904 2594 2073 2665 legem
2100 2594 2313 2662 efficiat,

760 2684 841 2738 sic
875 2691 931 2737 ut
968 2683 1088 2737 inde
1116 2684 1317 2737 initium
1356 2692 1412 2739 et
1445 2684 1653 2738 occasio
1676 2684 1897 2739 ducatur
1921 2684 2093 2738 omnis
2117 2684 2235 2739 fidei
2263 2685 2315 2738 in

758 2772 1027 2827 Christum
1051 2772 1361 2827 exhibendae
1390 2790 1403 2824 :
1431 2774 1694 2841 quodnam
1719 2773 1959 2843 proferre
1986 2774 2157 2841 majus
2192 2788 2317 2840 pos-

758 2869 845 2917 set
868 2860 1006 2916 ullus
1038 2870 1402 2933 argumentum
1431 2863 1762 2932 cognationis
1795 2864 1927 2933 legis
1966 2878 2088 2918 cum
2128 2864 2315 2934 gratia,

758 2967 916 3021 quam
933 2967 1053 3007 cum
1072 2953 1257 3007 oculos
1282 2952 1521 3008 Christus
1547 2954 1716 3023 aperit
1732 2968 1934 3015 eorum,
1957 2955 2045 3025 qui
2061 2956 2125 3009 ad
2149 2956 2316 3025 ipsum

758 3044 1051 3109 accedunt,
1090 3052 1148 3097 ut
1177 3044 1556 3100 institutionem
1584 3046 1858 3114 percipere
1896 3046 2027 3116 legis
2070 3048 2313 3115 possint:

758 3132 849 3185 illa
876 3146 1003 3187 vero
1024 3147 1145 3187 cum
1177 3133 1514 3202 apparuerit,
1550 3142 1605 3188 et
1640 3134 1777 3189 facta
1819 3135 1975 3190 fuerit
2017 3136 2313 3203 manifesta,

757 3223 951 3291 poterit
986 3223 1149 3283 multa
1177 3238 1294 3277 cum
1319 3223 1568 3279 facilitate
1594 3226 1947 3282 transmittere
1968 3227 2105 3292 illos,
2140 3230 2227 3297 qui
2254 3243 2315 3283 ea

757 3326 876 3381 qua
913 3310 1105 3371 Christi
1148 3319 1274 3366 sunt
1313 3313 1640 3383 intelligunt?
1686 3316 1809 3370 llaec
1850 3318 1990 3371 enim
2033 3317 2319 3372 ostendunt

756 3415 931 3470 neque
948 3400 1214 3455 Christum
1241 3415 1361 3457 cum
1389 3402 1506 3471 lege
1542 3418 1775 3474 pugnare
1793 3444 1809 3470 ,
1854 3420 2025 3474 neque
2050 3421 2167 3461 cum
2190 3406 2315 3462 Jesu

757 3490 926 3559 legem
951 3489 1143 3544 bellum
1168 3505 1385 3560 gerere,
1418 3492 1510 3546 sed
1540 3494 1804 3547 contrario
1833 3494 1986 3563 plane
2015 3496 2172 3551 modo
2201 3512 2312 3551 rem

754 3593 816 3635 se
840 3579 1033 3634 habere
1055 3618 1072 3645 ,
1100 3595 1219 3634 cum
1248 3581 1335 3634 illa
1361 3582 1573 3651 quidem
1610 3582 1676 3636 ad
1703 3599 1941 3654 magnam
1978 3585 2114 3640 hanc
2143 3587 2315 3655 philo-

756 3666 997 3736 sophiam
1022 3668 1158 3723 viam
1197 3678 1425 3733 sternat,
1469 3670 1555 3726 hic
1581 3680 1757 3726 autem
1784 3673 1903 3727 inde
1927 3686 2223 3745 assumptos
2248 3678 2315 3734 ad

754 3771 1025 3815 summum
1067 3758 1274 3827 pietatis
1316 3761 1521 3814 culmen
1573 3759 1817 3815 adducat.
1868 3762 1972 3816 Pro
2013 3763 2095 3818 his
2141 3775 2313 3821 autem

753 3845 1001 3901 omnibtu
1028 3845 1254 3917 benigno
1281 3848 1389 3903 Deo
1413 3849 1609 3917 gratias
1647 3864 1863 3918 agamus
1883 3890 1900 3917 ,
1955 3854 2041 3920 qui
2071 3870 2165 3921 pro
2191 3871 2317 3911 eon-

753 3937 991 3993 venienti
1039 3946 1277 4007 tempore
1314 3939 1517 4009 singula
1543 3939 1812 4008 disponit,
1843 3943 2108 4013 variisque
2146 3947 2315 4001 modis

752 4028 980 4083 salutem
1004 4038 1239 4085 nostram
1264 4039 1541 4098 procurat,
1566 4040 1623 4086 et
1644 4032 1852 4102 dignam
1883 4035 2045 4102 ipsius
2065 4036 2315 4105 dignitate

753 4134 818 4175 ac
840 4129 985 4176 tanta
1012 4120 1338 4190 providentia
1374 4122 1495 4175 vita:
1538 4122 1793 4177 rationem
1822 4139 1916 4191 pro
1941 4126 2141 4182 viribus
2161 4128 2312 4185 exhi-

752 4211 1015 4277 beamus,
1056 4218 1118 4265 ut
1154 4210 1328 4268 futura
1367 4213 1525 4266 etiam
1564 4211 1702 4267 bona
1742 4229 2167 4283 consequamur:
2196 4237 2313 4289 qua:

754 4301 908 4355 nobis
934 4301 1181 4360 monibus
1220 4302 1416 4355 utinam
1459 4302 1792 4372 contingant,
1812 4302 1979 4372 gratia
2003 4316 2057 4361 et
2080 4308 2314 4378 benigni-

754 4399 864 4444 tate
885 4388 1091 4445 Domini
1115 4390 1278 4445 nostri
1302 4389 1426 4444 Jesu
1453 4390 1666 4456 Christi,
1700 4408 1793 4462 per
1818 4409 1974 4463 quem
1997 4406 2193 4452 etcum
2210 4415 2314 4469 quo

751 4478 917 4544 Patri,
945 4480 1100 4535 simul
1128 4495 1245 4535 cum
1267 4480 1461 4550 Spiritu
1490 4490 1691 4547 sancto,
1718 4483 1905 4551 gloria,
1931 4485 2117 4554 honor,
2149 4488 2315 4559 impe-

752 4570 912 4637 rium,
937 4568 994 4628 in
1014 4570 1211 4627 mula
1233 4570 1569 4629 saeculorum.
1601 4574 1790 4627 Amen.

749 4762 931 4817 Matre
950 4764 1007 4817 iis
1030 4765 1373 4819 obscuritatem
1411 4766 1594 4823 Veteris
1622 4768 1941 4836 Testameuti,
1966 4774 2079 4827 etin
2097 4773 2190 4831 Dei
2207 4777 2310 4832 ele-

821 4855 1081 4920 mentiam,
1103 4864 1150 4908 et
1178 4855 1313 4919 quod
1335 4855 1427 4909 alit
1453 4857 1581 4913 alios
1609 4874 1709 4913 non
1751 4861 1960 4917 debeant
1986 4880 2238 4922 accusare.

824 5013 875 5065 i.
915 5011 1123 5068 Gaudet
1148 5014 1359 5083 quidem
1402 5014 1675 5081 bubulcus,
1722 5017 1848 5072 dum
1892 5018 2027 5076 bene
2051 5022 2227 5079 valere
2251 5039 2315 5081 ae

750 5109 1001 5169 vegetum
1028 5116 1146 5156 esse
1183 5102 1325 5157 videt
1364 5114 1657 5160 armentum
1697 5122 1853 5161 suum
1880 5126 1895 5163 :
1922 5111 2115 5179 gaudet
2152 5114 2311 5173 etiam

751 5191 1001 5260 agricola,
1030 5192 1159 5252 dum
1177 5202 1480 5249 vernantem
1508 5208 1739 5263 segetem
1765 5201 1964 5254 cernit:
1993 5201 2085 5255 sed
2114 5218 2211 5256 nec
2243 5205 2317 5260 ob

752 5291 983 5351 segetem
1011 5283 1258 5351 agricola,
1307 5298 1406 5338 nec
1447 5284 1515 5337 ob
1556 5300 1677 5339 suas
1705 5286 1867 5341 boves
1895 5289 2150 5345 bubulcus
2178 5292 2313 5349 adeo

752 5369 999 5437 gaudent.
1032 5380 1087 5424 ut
1126 5385 1221 5439 ego
1250 5386 1387 5426 nunc
1428 5373 1629 5439 gaudeo
1672 5383 1725 5429 et
1764 5377 1989 5441 exsulto,
2033 5378 2156 5433 dum
2201 5384 2313 5449 pul-

754 5459 937 5513 chram
965 5458 1099 5519 hanc
1127 5474 1306 5514 aream
1348 5461 1704 5531 spiritualibus
1748 5464 2003 5533 repletam
2034 5469 2313 5538 manipulis

754 5564 933 5603 ccrno.
963 5550 1095 5605 Cum
1119 5552 1258 5606 enim
1289 5552 1339 5606 iu
1371 5560 1448 5606 tot
1474 5567 1536 5606 ac
1566 5554 1693 5609 tales
1716 5570 1871 5610 aures
1891 5572 2131 5625 sparsmn
2150 5559 2308 5617 fuerit

756 5646 977 5700 verbum
994 5645 1225 5717 pietatis,
1241 5644 1519 5702 confestim
1549 5661 1765 5705 necesse
1792 5658 1895 5719 est,
1925 5660 1983 5706 ut
2001 5652 2233 5723 copiosae
2250 5668 2309 5710 ac

1467 310 1525 366 S.
1562 307 1838 367 JOANNIS
1872 302 2335 365 CHRYSOSTOII
2371 303 2680 364 ARCï¬‚lEP.
2716 310 3239 371 CONSTANTINOP.

3870 329 3992 384 176

2429 431 2648 479 matura
2674 424 2982 481 obedientim
3008 427 3167 496 spica:
3190 436 3490 483 nascantur.
3516 427 3644 485 Nam
3669 430 3715 487 si
3738 431 3853 500 quis
3867 433 3989 488 sul-

2426 514 2502 567 cis
2522 513 2744 569 fertilem
2765 530 2826 569 ac
2846 515 3087 584 pinguem
3115 530 3295 586 agrum
3325 517 3625 585 prociderit,
3645 522 3885 588 quamvis
3900 537 3993 575 se-

2427 602 2566 655 mina
2595 602 2736 672 larga
2761 619 2916 658 manu
2942 620 3044 658 non
3070 605 3275 673 jecerit,
3303 606 3521 660 multum
3543 618 3848 675 proventum
3871 611 3994 664 col-

2425 690 2567 758 liget,
2598 691 2723 745 dum
2760 692 2857 746 loci
2896 703 3079 748 natura
3120 695 3378 748 seminum
3420 697 3662 765 exiguum
3700 712 3988 753 numerum

2426 780 2633 849 propria
2654 782 2845 837 virtute
2872 783 3232 852 multiplicabit
3253 802 3265 837 :
3287 785 3365 839 sic
3385 798 3503 839 cum
3530 786 3580 839 in
3607 786 3808 843 animas
3822 788 3991 842 obse-

2425 881 2645 941 quentes
2668 887 2731 926 ac
2758 872 2965 941 pietatis
2990 874 3173 942 plenas
3199 873 3387 944 aliquis
3410 876 3683 942 sparserit,
3707 876 3829 931 licet
3866 877 3982 931 exi-

2424 975 2523 1029 gua
2548 960 2801 1016 doctrinae
2820 962 3019 1016 semina
3042 962 3245 1030 jecerit,
3279 976 3505 1018 messem
3534 963 3745 1019 uberem
3770 975 3983 1031 cernet,

2424 1050 2549 1105 dum
2580 1066 2673 1121 per
2695 1052 2989 1107 auditorum
3018 1052 3322 1122 sapientiam
3358 1055 3739 1112 concionatoris
3768 1069 3985 1127 egestas

2423 1142 2785 1196 occultabitur.
2813 1142 2923 1198 Hoc
2946 1153 3000 1198 et
3025 1144 3075 1198 in
3104 1145 3386 1212 piscatione
3413 1147 3683 1217 contingit.
3725 1149 3984 1217 Quamvis

2422 1233 2561 1286 enim
2591 1233 2878 1302 piscatores
2917 1234 3021 1288 sint
3050 1234 3297 1303 imperiti,
3330 1236 3376 1291 si
3405 1246 3577 1292 tamen
3606 1239 3657 1293 in
3698 1240 3869 1294 sinum
3899 1242 3979 1310 piâ€”

2422 1322 2599 1377 scibus
2639 1324 2991 1378 abundantem
3032 1325 3161 1380 retia
3201 1325 3459 1391 miserint,
3498 1326 3653 1382 facile
3680 1329 3855 1398 praeda
3883 1345 3983 1399 po-

2424 1412 2645 1479 tiuntur,
2676 1413 2797 1467 dum
2819 1414 3024 1468 illorum
3045 1414 3316 1469 abscondit
3331 1416 3639 1484 imperitiam
3656 1432 3983 1475 concurren-

2424 1503 2549 1556 tium
2576 1504 2794 1573 piscium
2823 1504 3123 1559 multitudo.
3153 1504 3303 1571 Quod
3326 1507 3371 1561 si
3405 1508 3456 1561 in
3485 1508 3570 1562 illa
3598 1518 3811 1578 captura
3839 1513 3983 1567 mul-

2422 1591 2591 1646 titudo
2614 1593 2819 1647 illorum
2838 1594 2926 1663 qui
2947 1594 3186 1663 capiendi
3209 1604 3347 1654 sunt.
3370 1610 3734 1667 smpenumero
3751 1600 3867 1669 ejus
3882 1603 3979 1671 qui

2421 1691 2535 1737 rete
2575 1682 2754 1748 mittit,
2785 1682 3059 1752 imperitiae
3086 1684 3348 1739 defectuum
3385 1687 3563 1753 sarcit,
3611 1689 3776 1743 multo
3804 1692 3980 1760 magis

2421 1771 2556 1825 istud
2575 1772 2741 1841 ipsum
2764 1774 2813 1826 in
2836 1772 2932 1828 hac
2950 1774 3201 1843 spirituali
3228 1776 3513 1844 piscatione
3538 1778 3823 1848 continget.
3840 1780 3979 1836 Nam

2420 1862 2495 1916 illi
2519 1864 2731 1932 quidem
2754 1865 2927 1933 pisces
2954 1866 3039 1920 ubi
3068 1880 3248 1921 nassas
3274 1876 3328 1922 et
3353 1867 3536 1923 hamos
3581 1870 3790 1925 immitti
3831 1872 3982 1928 vide-

2420 1953 2541 2015 rint,
2574 1953 2847 2010 confestim
2890 1964 2944 2011 et
2986 1956 3276 2027 aufugiunt,
3308 1968 3361 2012 et
3388 1960 3636 2014 exsiliunt
3670 1979 3683 2015 :
3726 1977 3821 2016 vos
3846 1978 3981 2017 vero

2419 2046 2738 2100 contrarium
2777 2046 2962 2117 agitis:
2985 2062 3104 2103 cum
3140 2059 3439 2120 surgentem
3465 2061 3515 2105 et
3543 2051 3797 2107 doctrinae
3824 2069 3981 2124 sago-

2420 2150 2540 2189 nam
2566 2136 2804 2190 videritis
2840 2138 3240 2206 expandentem,
3269 2154 3374 2194 non
3398 2141 3566 2195 solum
3595 2157 3697 2196 non
3727 2145 3979 2214 aufugitis

2419 2234 2469 2278 et
2498 2226 2737 2290 exsilitis,
2776 2227 2867 2281 sed
2908 2237 2962 2282 et
3001 2228 3221 2284 interius
3250 2230 3464 2299 pergitis
3491 2232 3723 2301 undique
3752 2248 3982 2288 concur-

2420 2322 2615 2378 rentes,
2645 2324 2698 2368 et
2724 2314 3017 2383 proximum
3047 2318 3403 2386 unusquisque
3428 2320 3745 2388 protrudens
3769 2336 3832 2375 ac
3860 2338 3981 2390 pre-

2420 2417 2588 2469 mens,
2619 2404 2761 2471 prior
2803 2404 2913 2473 ipse
2951 2404 3150 2461 insiline
3186 2414 3241 2461 et
3284 2406 3336 2460 in
3366 2408 3497 2463 retia
3536 2408 3707 2464 delabi
3736 2409 3978 2466 festinat.

2418 2492 2533 2556 Quo
2561 2491 2752 2546 factum
2780 2504 2882 2558 est,
2909 2503 2966 2548 ut
2990 2510 3267 2565 numquam
3294 2511 3506 2553 vacuam
3532 2513 3777 2569 sagenam
3801 2511 3982 2557 extra-

2418 2584 2667 2649 xerimus,
2699 2599 2801 2638 non
2826 2585 2934 2653 jam
2975 2586 3045 2639 ob
3090 2595 3322 2641 nostram
3362 2590 3620 2658 peritiam,
3648 2591 3743 2645 sed
3781 2593 3853 2646 oh
3889 2608 3983 2647 ve~

2416 2682 2578 2725 stram
2624 2672 2981 2743 cupiditatem.
3028 2675 3165 2731 Satis
3216 2678 3390 2747 itaque
3431 2694 3529 2733 nos
3557 2696 3726 2750 nuper
3749 2682 3979 2750 dapibus

2418 2762 2662 2829 explevit,
2686 2779 2803 2832 quae
2833 2764 3051 2833 probato
3079 2780 3316 2835 puroque
3338 2779 3658 2824 manatauro
3692 2770 3894 2839 lingua,
3924 2780 3980 2826 et

2419 2850 2588 2905 mellis
2624 2850 2795 2907 fontes
2841 2867 2934 2907 ore
2978 2853 3260 2921 profundit,
3311 2857 3505 2926 lingua,
3553 2859 3787 2928 inquam,
3833 2860 3979 2915 beati

2419 2939 2587 3005 Pauli,
2614 2942 2694 2995 vel
2716 2941 2911 3010 potius,
2934 2958 3050 3012 quae
3074 2943 3178 2998 favi
3206 2945 3436 3013 cujusvis
3462 2948 3707 3002 suavitati
3729 2948 3985 3018 spiritua-

2418 3029 2482 3083 lis
2508 3030 2761 3085 doctrina:
2785 3030 3058 3087 dulcedine
3077 3034 3365 3089 antecellit.

2487 3119 2825 3191 Chrysostomi
2858 3123 3115 3177 modestia.
3150 3122 3326 3177 Prima
3352 3140 3507 3179 causa
3530 3126 3848 3182 obscuritatis
3882 3128 3985 3182 Veâ€”

2418 3212 2533 3265 teris
2565 3212 2883 3266 Testamenti.
2902 3242 2973 3252 â€”
2993 3213 3123 3279 Quia
3152 3228 3277 3268 vero
3314 3230 3410 3283 pro
3452 3231 3515 3270 ea
3557 3232 3677 3286 quae
3700 3232 3799 3271 vos
3825 3218 3983 3272 decet

2419 3300 2769 3370 philosophia,
2806 3315 2874 3355 ne
2902 3302 3003 3356 mei
3031 3301 3244 3371 quidem
3273 3304 3515 3372 pauperis
3540 3315 3595 3358 et
3637 3306 3867 3360 mendici
3894 3321 3984 3361 res

2418 3390 2774 3456 contemnitis,
2796 3392 2888 3445 sed
2905 3406 2964 3445 ea
2981 3392 3191 3460 quidem
3215 3408 3332 3461 qua:
3350 3403 3472 3447 sunt
3491 3394 3682 3449 eximia
3701 3403 3755 3449 et
3774 3410 3981 3449 summa

2420 3482 2705 3548 miramini,
2736 3491 2930 3537 nostrae
2954 3496 3082 3536 vero
3111 3482 3417 3537 humilitatis
3452 3484 3611 3539 verba
3638 3500 3743 3539 non
3785 3486 3985 3555 impro-

2420 3571 2575 3636 batis,
2602 3572 2847 3626 alacriter
2870 3570 2936 3625 ad
2966 3571 3243 3626 dicendum
3270 3573 3493 3639 surrexi,
3538 3582 3596 3628 ut
3623 3574 3858 3629 debitum
3892 3591 3986 3627 vo-

2417 3662 2497 3716 bis
2526 3662 2797 3718 redderem
2822 3662 2961 3732 quod
2987 3677 3152 3730 nuper
3178 3677 3295 3717 sum
3338 3663 3621 3731 pollicitus,
3665 3680 3763 3720 nec
3804 3675 3983 3721 tamen

2419 3753 2665 3821 persolvi,
2693 3754 2818 3807 dum
2847 3753 3140 3823 prolixitate
3166 3750 3419 3808 doctrina:
3440 3756 3687 3824 prohibiti
3710 3771 3897 3813 sumus
3916 3759 3983 3812 ad

2418 3844 2576 3897 tinem
2616 3858 2779 3911 usque
2806 3843 3122 3911 pertingere.
3150 3843 3423 3909 Quodnam
3465 3844 3623 3913 igitur
3650 3844 3892 3900 debitum
3918 3847 3985 3901 il-

2420 3930 2509 3984 lud
2531 3931 2657 3984 fuit?
2684 3930 2914 3986 Necesse
2938 3940 3020 3986 est
3042 3933 3205 3995 enim,
3238 3940 3294 3985 ut
3318 3933 3522 3986 initium
3548 3934 3717 3987 mutui
3747 3935 3899 3990 vobis
3927 3936 3982 3990 in

2418 4024 2726 4078 memoriam
2756 4033 3049 4087 revocetur,
3080 4030 3137 4077 ut
3161 4032 3471 4093 argumento
3498 4024 3613 4093 ipso
3638 4027 3853 4094 cognito
3890 4043 3988 4082 vo-

2418 4115 2498 4168 bis
2522 4115 2787 4169 enarratio
2809 4113 3090 4169 dilucidior
3115 4115 3224 4168 fiat.
3251 4114 3598 4180 Qumsivimus
3625 4124 3734 4169 tum
3777 4126 3986 4188 tempo-

2416 4206 2509 4267 ris.
2540 4221 2640 4275 qua
2677 4206 2744 4261 de
2784 4220 2943 4261 causa
2970 4206 3134 4261 Vetus
3162 4204 3555 4260 Testamentum
3584 4207 3652 4261 sit
3679 4206 3981 4273 obscurius,

2416 4311 2571 4363 quam
2606 4295 2835 4359 Novum;
2865 4296 3087 4350 fortasse
3114 4310 3339 4365 namque
3364 4297 3709 4363 meministis;
3742 4309 3798 4354 et
3822 4314 3983 4353 unam

2419 4388 2670 4440 hactenus
2693 4399 2906 4440 causam
2935 4386 3185 4452 diximus,
3227 4385 3527 4439 auditorum
3572 4387 3981 4453 immanitatem,

2418 4484 2707 4545 testemque
2736 4475 3072 4543 produximus
3092 4475 3308 4529 Paulum
3336 4475 3617 4541 dicentem,
3641 4478 3795 4536 Istud
3816 4480 3984 4547 ipsum

2416 4566 2635 4620 velamen
2656 4567 2707 4619 in
2734 4565 2942 4621 lectione
2977 4565 3164 4621 Veteris
3191 4565 3493 4620 Testamenti
3519 4579 3685 4621 manet
3709 4585 3811 4621 non
3840 4586 3984 4623 reve-

2416 4660 2590 4721 latum,
2637 4659 2871 4728 quosdam
2896 4658 2951 4711 in
2980 4657 3176 4712 Christo
3203 4668 3475 4713 evacuatur
3519 4657 3595 4729 (2.
3636 4657 3753 4711 Cor.
3776 4659 3831 4713 3.
3867 4662 3982 4727 14).

2415 4748 2765 4817 Ostendimus,
2779 4745 3225 4819 quemadmodum
3246 4750 3481 4804 velamen
3505 4749 3689 4803 habuit
3714 4750 3987 4820 legislator

2414 4840 2640 4909 Moyses,
2672 4840 2744 4893 ita
2768 4854 2976 4908 quoque
2998 4840 3163 4907 legem
3191 4839 3429 4894 velamen
3448 4838 3713 4904 habuisse,
3743 4841 3986 4898 obscuri-

2416 4940 2609 4988 tatem:
2638 4930 2731 4985 sed
2760 4946 2930 4999 neque
2968 4930 3253 4999 legislatori
3282 4930 3409 4983 vitio
3448 4930 3781 4995 vertendum,
3811 4947 3986 5001 neque

2418 5022 2517 5090 legi
2544 5021 2750 5075 crimini
2776 5021 3007 5075 dandum
3033 5019 3129 5073 fuit
3158 5019 3417 5085 velamen,
3446 5020 3539 5075 sed
3568 5022 3872 5077 auditorum
3908 5023 3987 5075 in.

2419 5111 2651 5166 ï¬rmitati
2679 5111 3035 5165 tribuendum.
3066 5110 3177 5164 Non
3207 5112 3345 5165 enim
3372 5122 3585 5181 propter
3623 5114 3859 5181 seipsum
3896 5128 3987 5168 ve-

2418 5200 2591 5255 lamen
2622 5200 2802 5254 habuit
2842 5200 3069 5270 Moyses,
3114 5199 3206 5253 scd
3237 5200 3356 5270 quia
3398 5201 3620 5270 gloriam
3660 5205 3843 5256 vultus
3869 5203 3987 5273 ejus

2418 5290 2556 5346 ferre
2594 5306 2695 5346 non
2740 5299 3001 5360 poterant.
3038 5290 3256 5358 Quando
3283 5292 3422 5346 enim
3449 5308 3507 5347 se
3533 5295 3881 5349 convertebat
3918 5295 3986 5350 ad

2419 5384 2722 5450 Dominum,
2740 5384 2979 5439 velamen
3005 5381 3294 5437 auferebat.
3324 5384 3412 5438 Sic
3436 5385 3596 5438 etiam
3628 5384 3713 5439 lex
3735 5387 3985 5455 quoniam

2418 5474 2648 5528 nondum
2695 5472 2927 5542 perfecta
2968 5471 3278 5529 documenta
3308 5475 3591 5544 multazque
3630 5475 3984 5546 philosophia:

2417 5563 2569 5631 plena
2600 5564 2666 5617 de
2702 5562 2912 5616 Christo
2936 5562 3184 5631 Novoque
3216 5563 3560 5618 Testamento
3589 5567 3867 5635 percipere
3892 5584 3979 5636 pcÂ»

2420 5663 2551 5710 terat
2573 5654 2852 5727 (siquidem
2877 5654 2964 5710 illa
2985 5654 3180 5725 omnia,
3204 5663 3473 5726 tamquam
3500 5656 3553 5711 in
3574 5655 3832 5715 Uuesauro
3855 5673 3981 5731 quoÂ»
