4130 6316
206 355 314 415 175

205 467 389 533 μένει,
428 463 558 534 ὃλην
588 463 755 535 αὐτὴν
781 463 964 536 ἀσαφῆ
1008 464 1104 519 καὶ
1130 464 1592 533 συνεσκιασμένην
1620 462 1757 518 εἶναι

205 547 451 618 νομίσῃς,
471 550 540 618 τῇ
569 548 825 617 ἐπαγωγῇ
849 548 1052 618 ταύτην
1073 546 1345 618 διώρθωσε
1365 547 1460 617 τὴν
1485 547 1754 600 ὑπόνοιαν.

206 630 387 684 Εἰπὼν
413 629 544 698 7&9,
577 628 867 698 Κάλυμμα
895 628 993 682 ἐπὶ
1023 627 1101 697 τῇ
1144 627 1473 696 ἀναγνώσει
1498 628 1610 695 τῆς
1643 632 1758 682 Πα-

204 709 380 777 λαιᾱς
411 708 703 777 Διαθήκης
724 709 910 778 μένει,
936 710 1204 778 ἐπήγαγε,
1232 708 1327 778 Μὴ
1353 709 1758 763 ἀνακαλυπτό-

206 810 406 859 μενον,
442 793 533 845 ὅτι
572 792 643 845 ἐν
693 790 922 859 Χριστῷ
956 790 1342 858 καταργεῖται.
1399 791 1565 844 Τοῦτο
1598 791 1757 855 αὐτὸ,

204 877 392 945 φησιν,
418 876 519 927 οὐκ
538 872 901 943 ἀνεκαλύφθη,
923 874 1004 926 ὅτι
1028 872 1206 943 μέλλει
1230 874 1286 926 ἐν
1314 872 1531 943 Χριστῷ
1562 890 1760 943 καταρ-

204 956 416 1026 γεῖσθαι
436 972 451 987 ’
479 955 579 1012 οὐκ
606 953 949 1025 ἀνεκαλύφθη
979 955 1037 1009 δέ
1064 957 1175 1018 τοῖς
1209 956 1283 1025 μὴ
1311 954 1664 1023 προσελθοῦσι
1692 956 1756 1025 τῇ

202 1042 383 1093 πίστει
402 1053 418 1070 ⁸
450 1037 527 1100 ὡς
555 1039 583 1092 ὅ
609 1054 673 1106 γε
700 1035 1029 1109 προσελθὼν,
1048 1037 1141 1089 καὶ
1171 1036 1268 1106 τῆς
1294 1036 1387 1089 τοῦ
1418 1036 1570 1104 άγίου
1592 1036 1760 1090 Πνεύ⁴

207 1136 376 1191 ματος
412 1119 632 1189 χάριτος
667 1116 999 1183 ἀπολαύσας,
1041 1116 1223 1171 οὐκέτι
1257 1117 1393 1185 μετά
1441 1117 1759 1186 παραπετά-

205 1218 407 1273 σμασι-ος
433 1201 618 1271 βλέπει
644 1200 734 1253 τὸν
756 1200 940 1270 νόμον,
965 1198 1101 1259 ἀλλὰ
1127 1198 1337 1271 γυμνήν
1361 1198 1524 1252 αὐτοῦ
1554 1198 1759 1269 καθορᾷ

203 1287 300 1355 τὴν
324 1284 505 1349 δόξαν.
527 1282 661 1346 Δόξα
689 1283 745 1336 δέ
767 1283 955 1352 νόμου,
977 1281 1038 1334 τὸ
1062 1281 1349 1352 δυνηθῆναι
1377 1293 1402 1321 ι
1433 1280 1657 1345 διδάξαι,
1678 1282 1758 1334 ὅτι

203 1368 261 1420 ἐν
291 1362 514 1436 Χριστῷ
542 1365 911 1433 καταργεῖται,
942 1363 1030 1417 ἴνα
1069 1363 1163 1416 καὶ
1189 1363 1349 1416 τοῦτο
1386 1362 1580 1435 μάθῃς.
1609 1359 1760 1425 Εἶδες

204 1448 296 1502 τοῦ
329 1448 495 1517 νόμου
532 1445 628 1517 τὴν
648 1445 835 1511 δόξανς
870 1445 1007 1511 Δόξα
1029 1444 1087 1498 δέ
1110 1445 1256 1497 ἐστιν
1293 1443 1497 1514 ἀληθής
1528 1444 1755 1506 ἐκείνου,

204 1533 326 1587 ὅταν
373 1547 436 1585 σε
481 1530 617 1600 πρὸς
666 1529 756 1582 τὸν
786 1527 1021 1599 Χριστὸν
1062 1525 1475 1595 παιδαγωγῆσαι
1520 1525 1756 1596 δυνηθῇ⁸

204 1612 541 1681 παιδαγωγεῖ
562 1610 640 1674 δέ,
663 1609 876 1663 ἐπειδάν
895 1608 1042 1679 δείξῃ
1063 1608 1091 1647 δ
1118 1607 1278 1662 αὐτὸν
1303 1606 1756 1677 καταργούμενον.

206 1695 366 1749 Ὥστε
410 1693 506 1748 καὶ
555 1690 796 1745 ἐντεῦθεν
822 1687 970 1762 [180]
1006 1688 1193 1759 καιρία
1236 1691 1346 1751 τοῖς
1389 1690 1681 1760 αἱρετικοῖς
1724 1690 1758 1759 ή

205 1776 384 1847 πληγὴ
413 1774 653 1844 γέγονεν.
676 1774 738 1826 Εί
756 1771 863 1843 7&9
884 1772 1120 1835 ἐναντίος
1142 1766 1209 1842 ἦν
1241 1773 1269 1825 0
1297 1771 1458 1843 νόμος
1487 1772 1578 1824 καὶ
1604 1768 1761 1823 πολέ-

207 1874 325 1930 μιος
355 1856 450 1910 τοῦ
479 1854 714 1926 Χριστοῦ
732 1865 777 1920 ο,
811 1855 904 1907 καὶ
932 1852 1006 1925 μὴ
1036 1855 1166 1924 παρ’
1196 1855 1400 1907 ἐκείνου
1432 1853 1625 1917 δοθεὶς,
1660 1853 1759 1905 οὐκ

204 1939 307 1993 εδει
332 1936 541 1991 Παῦλον
564 1936 721 2001 δόξαν
749 1934 912 1989 αὐτοῦ
946 1934 1194 2000 καλέσαι,
1225 1934 1301 2005 τῷ
1326 1934 1612 2005 δυνηθῆναι
1639 1951 1760 1987 παι-

205 2019 385 2074 δεῦσαι
411 2020 537 2083 τοὺς
564 2017 880 2090 προσιόντας
903 2016 1072 2087 αὐτῷ,
1098 2017 1180 2070 δτι
1203 2016 1290 2070 διά
1310 2016 1543 2087 Χριστοῦ
1564 2032 1758 2086 καταρ-

205 2106 399 2157 γεῖται.
422 2101 486 2155 Εἰ
514 2099 749 2171 πονηρὸς
773 2094 841 2170 ῆν
862 2100 891 2152 ό
915 2098 1078 2167 νόμος
1111 2097 1291 2161 πάλιν,
1316 2099 1415 2151 οὐκ
1438 2098 1543 2150 ἔδει
1572 2098 1633 2151 τὸ
1661 2099 1759 2152 κά-

204 2185 390 2257 λυμμα
428 2183 589 2237 αὐτοῦ
627 2179 1011 2251 ἀφαιρεθῆναι,
1058 2178 1195 2233 ἀλλά
1249 2179 1428 2250 μένειν
1461 2180 1621 2234 αὐτὸν
1665 2180 1757 2234 καὶ

208 2267 341 2338 μετά
369 2264 472 2338 τὴν
497 2264 654 2334 χάριν
676 2262 1147 2332 συνεσκιασμένον.
1177 2261 1240 2313 El
1263 2261 1323 2315 δέ
1347 2260 1504 2315 τοῦτο
1529 2263 1628 2331 τῆς
1656 2263 1755 2333 χά-

207 2364 347 2420 ριτος
378 2347 573 2417 ἐργον,
622 2343 685 2397 τὸ
713 2342 1188 2414 διορατικωτέρους
1216 2344 1389 2396 ποιεῖν
1429 2344 1554 2406 τοὺς
1585 2359 1756 2412 προσ-

207 2430 379 2493 ιόντας
408 2428 546 2498 πρὸς
579 2426 677 2496 τήν
704 2423 797 2477 τοῦ
839 2424 1003 2493 νόμου
1030 2423 1351 2494 κατάληψιν,
1384 2423 1524 2478 ῶστε
1551 2424 1757 2477 ἐκεῖθεν

202 2510 295 2574 τάς
324 2509 500 2581 ἀρχάς
544 2508 638 2561 καὶ
674 2505 769 2569 τάς
804 2504 1055 2576 ἀφορμάς
1098 2505 1275 2568 πάσας
1318 2505 1608 2575 λαμϐάνειν
1657 2505 1756 2575 τῆς

203 2592 333 2662 πρὸς
357 2592 453 2645 τὸν
476 2587 708 2660 Χριστὸν
740 2587 1003 2650 πίστεως’
1039 2586 1092 2639 τί
1130 2587 1309 2654 μεῖζον
1345 2586 1533 2639 τούτου
1560 2589 1757 2658 τεκμή-

205 2693 312 2746 ριον
347 2673 451 2743 τῆς
481 2672 574 2726 τοῦ
607 2670 773 2741 νόμου
809 2668 1125 2737 συγγενείας
1155 2669 1252 2738 τῆς
1285 2667 1421 2740 πρὸς
1460 2670 1556 2739 τήν
1600 2670 1755 2740 χάριν

202 2756 330 2811 εἴποι
361 2771 448 2818 τις
483 2753 570 2817 ἀν,
602 2751 715 2807 ἀλλ’
743 2750 777 2821 ἢ
806 2751 932 2804 ὅταν
952 2748 979 2789 ἀ
1014 2749 1113 2819 μὲν
1146 2750 1375 2821 Χριστὸς
1412 2751 1602 2821 ἀνοίγῃ
1632 2752 1756 2813 τοὺς

200 2835 508 2906 ὀφθαλμοὺς
552 2833 657 2887 τῶν
697 2831 845 2903 αὐτῷ
886 2830 1215 2902 προσιόντων
1241 2870 1255 2894 ,
1287 2830 1425 2883 ὥστε
1469 2831 1755 2902 δυνηθῆναι

202 2917 435 2972 κατιδεῖν
478 2913 572 2968 τοῦ
616 2913 779 2985 νόμου
816 2913 912 2984 τὴν
958 2913 1198 2981 ἀγωγὴν,
1234 2912 1412 2984 ἐκείνη
1446 2912 1501 2965 δέ
1531 2917 1757 2982 φανεῖσα

201 3001 290 3052 καὶ
321 2996 591 3067 γενομένη
641 2995 807 3066 δήλη,
845 2993 1208 3065 παραπέμψαι
1255 2994 1390 3064 μετὰ
1424 2994 1621 3063 πολλῆς
1657 2996 1755 3065 τῆς

199 3079 447 3142 εὐκολίας
507 3077 794 3145 δυνήσεται
844 3077 972 3138 τοὺς
1037 3074 1313 3138 συνιέντας
1365 3075 1434 3129 τὰ
1484 3075 1751 3147 Χριστοῦς

200 3160 379 3215 Ταῦτα
400 3157 513 3228 7&9
534 3157 656 3210 οὐτε
687 3156 778 3209 τδν
798 3156 1029 3225 Χριστόν
1043 3156 1121 3225 τῷ
1147 3156 1293 3226 νόμῳ
1326 3157 1625 3227 μαχόμενον
1651 3156 1755 3208 δεί-

200 3257 406 3305 κνυσιν,
431 3239 558 3293 οὔτε
588 3238 675 3292 τὸν
704 3238 863 3309 νόμον
893 3236 1231 3308 πολεμοῦντα
1266 3237 1344 3307 τῷ
1384 3238 1577 3307 Ἰησοῦ,
1620 3239 1755 3293 ἀλλά

198 3323 502 3377 τούναντίον
526 3320 690 3386 ἀπαν,
719 3319 810 3372 τὸν
841 3319 938 3389 μὲν
960 3317 1410 3389 προοδοποιοῦντα
1436 3322 1503 3389 τῇ
1544 3322 1754 3393 μεγάλῃ

197 3408 365 3479 ταύτῃ
385 3403 694 3477 φιλοσοφία,
722 3401 812 3456 τὸν
837 3400 893 3454 δέ
927 3400 1137 3454 ἐκεῖθεν
1173 3401 1366 3463 αὐτοὺς
1394 3400 1752 3471 παραλαμϐά-

196 3507 350 3546 νοντα
374 3488 471 3542 καὶ
492 3486 628 3557 πρὸς
650 3483 823 3553 ἀκραν
847 3484 1046 3550 ἀγοντα
1067 3484 1329 3554 κορυφήν.
1355 3482 1525 3555 ’Υπὲρ
1551 3483 1605 3535 δὲ
1636 3484 1754 3537 τού-

196 3589 305 3625 των
331 3570 590 3624 ἀπάντων
620 3566 1097 3637 εὐχαριστήσωμεν
1126 3565 1204 3634 τῷ
1228 3564 1589 3634 φιλανθρώπῳ
1612 3565 1748 3635 Θεῷ,

194 3652 270 3723 τῷ
288 3652 429 3705 κατά
448 3649 541 3702 τὸν
561 3649 902 3719 προσήκοντα
928 3645 1116 3714 καιρὸν
1139 3646 1344 3698 ἐκαστα
1364 3645 1748 3714 οἰκονομοῦντι,

196 3737 289 3791 καὶ
315 3732 672 3802 πολυτρόπως
702 3730 799 3799 τὴν
831 3729 1103 3800 ἡμετέραν
1129 3728 1631 3797 πραγματευομένῳ
1658 3745 1755 3780 σω-

194 3816 404 3886 τηρίαν,
443 3814 540 3868 καὶ
565 3812 663 3881 τῆς
686 3810 847 3864 αὐτοῦ
886 3808 1292 3879 φιλανθρωπίας
1316 3808 1408 3862 καὶ
1437 3808 1536 3878 τῆς
1568 3808 1753 3862 τοσαύ-

192 3914 290 3968 της
314 3895 575 3967 προνοίας
595 3893 750 3957 ἀξίαν
771 3891 914 3947 κατὰ
941 3891 1168 3961 δύναμιν
1192 3889 1585 3960 ἐπιδειξώμεθα
1612 3891 1753 3943 πολι-

191 3978 361 4042 τείαν,
392 3977 482 4030 ῖνα
506 3975 598 4027 καὶ
628 3974 734 4027 τῶν
775 3972 1073 4044 μελλόντων
1122 3971 1461 4041 ἐπιτύχωμεν
1498 3970 1749 4039 ἀγαθῶνο

190 4053 262 4114 ῶν
285 4059 499 4127 γένοιτο
525 4055 730 4119 πάντας
751 4056 897 4125 ἡμᾶς
920 4056 1212 4122 ἐπιτυχεῖν,
1241 4054 1420 4123 χάριτι
1446 4055 1538 4107 καὶ
1568 4055 1753 4122 φιλαν-

192 4140 410 4215 θρωπίᾳ
442 4137 538 4192 τοῦ
561 4137 766 4207 Κυρίου
801 4134 957 4205 ήμῶν
996 4128 1169 4204 Ἰησοῦ
1201 4134 1459 4203 Χριστοῦ,
1485 4135 1549 4187 δι’
1574 4130 1635 4188 οὗ
1658 4136 1751 4187 καὶ

191 4222 307 4291 μεθ’
336 4218 400 4275 οὒ
442 4219 523 4290 τῷ
569 4218 763 4289 Πατρὶ,
803 4218 918 4288 ἀμα
960 4215 1038 4285 τῷ
1091 4216 1231 4286 ἀγίῳ
1267 4216 1562 4286 Πνεύματι,
1602 4217 1748 4285 δόξα,

190 4304 344 4375 τιμὴ,
376 4303 601 4374 κράτος,
630 4302 709 4362 είς
733 4300 857 4362 τούς
881 4296 1083 4360 αίῶνας
1113 4297 1221 4352 τῶν
1260 4295 1488 4351 αίώνων.
1520 4298 1711 4369 Ἀμήν.

190 4452 318 4507 Ἔτι
341 4450 430 4516 εις
445 4447 561 4515 τὴν
574 4444 866 4516 ἀσάφειαν
888 4443 1001 4513 τῆς
1027 4443 1292 4509 Παλαιᾶς
1318 4443 1628 4516 Διαθήκης,
1652 4447 1750 4500 καί

250 4522 341 4585 εις
368 4514 489 4585 τὴν
510 4514 629 4571 τοῦ
668 4514 819 4585 Θεοῦ
845 4517 1311 4585 φιλανθρωπίαν,
1354 4514 1452 4568 καὶ
1480 4517 1613 4584 περὶ
1644 4517 1751 4571 τοῦ

244 4583 334 4660 μῆ
372 4583 724 4654 κατηγορεῖν
747 4583 1053 4653 ἀλλήλων.

246 4712 322 4760 ι’.
362 4702 561 4773 Χαίρει
584 4700 683 4772 μὲν
706 4699 979 4770 βουκόλος,
998 4698 1214 4753 ἐπειδὰν
1243 4698 1581 4754 εὐπαθοῦσαν
1603 4701 1751 4772 αὐτῷ

182 4787 273 4841 καὶ
298 4786 616 4857 σφριγῶδαν
653 4782 739 4854 ιδῃ
758 4780 868 4835 τῶν
899 4780 1037 4851 βοῶν
1060 4780 1161 4853 τὴν
1201 4781 1400 4851 ἀγέλην
1435 4796 1449 4811 °
1483 4782 1663 4852 χαίρει
1694 4784 1752 4837 δέ

180 4870 271 4922 καὶ
301 4865 565 4938 γητοόνος,
613 4862 829 4934 θεωρῶν
871 4862 1126 4933 κομῶντα
1167 4862 1237 4916 τά
1278 4863 1403 4933 λήῖα
1427 4878 1440 4892 ο
1473 4863 1584 4917 ἀλλ’
1628 4864 1751 4919 οὐτε

178 4952 418 5020 γηπόνος
448 4947 543 5000 ἐπὶ
565 4949 676 5009 τοῖς
704 4946 899 5017 ληῖοις,
927 4943 1053 4999 οὔτε
1085 4944 1336 5016 βουκόλος
1374 4946 1465 4998 ἐπὶ
1488 4949 1605 5009 ταῖς
1629 4947 1742 5017 βου-

180 5034 259 5085 σὶν
275 5032 427 5086 οὕτω
442 5029 742 5100 χαίρουσιν,
758 5027 835 5090 ὡς
861 5026 970 5095 ἐγὼ
989 5028 1163 5099 χαίρω
1184 5027 1276 5079 νῦν
1304 5029 1398 5081 καὶ
1426 5029 1749 5099 ἀγάλλομαι,

179 5114 280 5185 τήν
326 5110 501 5182 καλὴν
558 5108 759 5180 ταύτην
804 5107 916 5163 ἀλω
965 5109 1075 5162 τῶν
1129 5109 1512 5177 πνευματικῶν
1542 5112 1750 5163 ’τούτων

171 5196 509 5269 δραγμάτων
535 5190 967 5262 πεπληρωμένην
986 5191 1145 5261 δρῶν.
1166 5192 1331 5244 Ὀταν
1353 5191 1461 5260 γάρ
1487 5195 1562 5255 είς
1584 5193 1752 5253 ἀκοάς

174 5278 447 5339 τοσαύτας
490 5276 585 5330 καὶ
622 5272 875 5336 τοιαύτας
913 5273 1203 5344 σπείρηται
1246 5274 1344 5344 τῆς
1390 5273 1668 5337 εὐσεϐείας
1723 5275 1751 5326 0

231 5412 260 5441 ³
286 5411 449 5481 δανίι.
473 5410 544 5473 τῷ
562 5409 825 5469 δυνηθῆναι,
865 5407 1014 5469 male,
1036 5414 1092 5457 ut
1110 5406 1217 5471 ipse
1246 5420 1440 5469 quoque
1458 5410 1750 5469 suspicatur,

170 5472 530 5533 réponﬁqiens.
617 5531 629 5533 _
670 5530 694 5533 η
790 5530 801 5533 _
1132 5530 1141 5533 _
1188 5530 1202 5533 Α
1242 5530 1265 5533 __

226 5531 258 5573 δ
282 5530 443 5582 Sivil.
466 5533 595 5580 male
612 5530 776 5603 δείξῃς,
787 5530 835 5577 In
858 5541 1010 5591 marg.
1034 5530 1159 5592 conj.
1176 5530 1324 5591 δι’ξῃ.

206 5597 255 5667 ,ξ
277 5590 750 5667 Colp.’tq;§9:01¢g,
770 5592 897 5667 {0110
920 5592 1115 5667 ιοειίειε.
1146 5592 1296 5640 Paulo
1321 5598 1430 5652 post
1448 5590 1596 5641 Savil.
1618 5594 1749 5642 male

169 5651 744 5725 δόξειν-αὐτόνξιιιιὶηκιῂ.
922 5651 1084 5725 ᾳιξςοῖιτ

231 5712 261 5755 d
292 5712 387 5762 Hic
415 5713 675 5774 legendum
696 5710 834 5773 pum
863 5711 1016 5761 Sale.
1058 5710 1176 5759 ἀλλο
1196 5714 1234 5769 ἢ
1261 5713 1387 5763 ὅταν.
1417 5712 1516 5762 Sed
1540 5714 1674 5764 locus
1694 5718 1746 5764 ut

167 5784 257 5839 εει,
278 5776 331 5826 ni
360 5774 522 5835 fallor,
551 5773 668 5822 ferri
691 5780 879 5835 potest.

1145 343 1235 398 DE
1269 338 1803 398 PROPIIETIARUM
1837 339 2342 398 OBSCURITA'I’E.
2382 339 2449 398 ll.

3295 359 3406 416 176

1860 462 2035 529 λόγος,
2064 462 2275 533 ἀνάγκη
2300 463 2508 532 ταχέως
2532 464 2697 519 πολὺν
2729 462 2820 518 καὶ
2868 459 3074 532 ῶριμον
3113 463 3405 537 βλαστῆσαι

1858 546 1956 614 τῆς
1996 545 2236 615 ὑπακοῆς
2285 545 2375 596 τὸν
2421 545 2678 616 ἀσταχυν.
2714 546 2821 599 Καὶ
2873 541 2982 613 7&9
3022 545 3148 598 ὅταν
3192 562 3275 611 τις
3326 548 3407 613 είς

1860 624 2140 695 βαθύγειον
2169 627 2261 679 καὶ
2293 626 2527 695 λιπαρὰν
2574 628 2807 696 ἄρουραν
2857 624 3065 679 αὔλακα
3109 627 3268 700 τέμῃ,
3304 629 3405 683 κᾶν

1860 707 1933 776 μὴ
1964 707 2172 776 δαψιλεῖ
2196 709 2260 777 τῇ
2294 708 2436 777 χειρὶ
2467 707 2743 778 καταϐάλῃ
2769 706 2837 759 τὰ
2866 706 3173 777 σπέρματα,
3209 710 3406 779 πολλὴν

1857 787 2062 853 δέξεται
2087 789 2184 859 τὴν
2204 790 2394 859 φοράν,
2421 790 2518 858 τῆς
2546 790 2759 858 φύσεως
2787 787 2880 841 τοῦ
2901 789 3095 859 χωρίου
3124 790 3220 859 τὴν
3233 792 3407 859 ὀλιγό-

1857 887 1995 940 τητα
2025 871 2132 923 τῶν
2157 871 2483 939 σπερμάτων
2510 868 2595 922 διὰ
2614 871 2711 939 τῆς
2730 870 2932 932 οίκείας
2958 870 3231 940 δυνάμεως
3251 873 3407 926 πλεο-

1856 951 2117 1022 ναζούσης
2136 968 2150 982 °
2180 952 2320 1006 οὕτω
2347 954 2440 1005 καὶ
2467 954 2594 1006 ὅταν
2615 969 2696 1015 τις
2728 955 2805 1016 είς
2822 952 2995 1023 ψυχάς
3020 956 3211 1025 σπείρῃ
3243 973 3407 1010 κατα·

1858 1035 2063 1095 πειθεῖς
2092 1033 2187 1087 καὶ
2214 1033 2495 1097 εὐλαϐείας
2516 1032 2806 1102 γεμούσας,
2830 1033 2929 1086 κάν
2951 1033 3104 1103 ὀλίγα
3130 1036 3403 1109 καταϐάλῃ

1857 1115 1924 1167 τά
1955 1114 2102 1186 [181]
2128 1116 2224 1186 τῆς
2249 1115 2589 1177 διδασκαλίας
2611 1114 2919 1185 σπέρματα,
2941 1114 3186 1169 πλούσιον
3219 1117 3404 1187 ὄψεται

1857 1197 1946 1250 τὸν
1969 1200 2194 1267 ἄμητον,
2233 1198 2330 1267 τῆς
2377 1197 2484 1249 τῶν
2517 1197 2820 1251 ἀκουόντων
2858 1197 3046 1266 σοφίας
3072 1198 3168 1268 τὴν
3193 1197 3284 1252 τοῦ
3321 1201 3407 1252 λέ·
3474 1220 3475 1223 η

1858 1296 2043 1348 γοντος
2094 1279 2279 1333 πενίαν
2316 1278 2785 1349 ἀποκρυπτούσης.
2832 1278 2999 1332 Τοῦτο
3047 1281 3140 1333 καὶ
3180 1282 3269 1334 ἐπὶ
3306 1282 3407 1352 τῆς

1861 1362 2042 1425 ἀλείας
2066 1363 2272 1431 γίνεται
2298 1361 2405 1414 τῶν
2431 1361 2641 1431 ίχθύων.
2668 1361 2785 1415 Κάν
2824 1361 2931 1432 7&9
2958 1361 3170 1433 ἄπειροι
3205 1365 3406 1432 τυγχά-

1860 1462 2019 1498 νωσιν
2044 1445 2193 1508 ὄντες
2219 1446 2269 1498 οἱ
2288 1444 2476 1507 άλιεῖς,
2512 1445 2592 1506 είς
2615 1442 2879 1496 κόλπονδέ
2907 1443 3105 1512 βάλωσι
3134 1444 3203 1496 τά
3223 1444 3409 1498 δίκτυα

1861 1526 2083 1589 πολλοὺς
2106 1526 2292 1595 ἔχοντα
2326 1526 2450 1588 τοὺς
2485 1524 2689 1594 ίχθύας,
2729 1523 2923 1595 ῥᾳδίως
2948 1525 3047 1592 τῆς
3078 1523 3247 1594 θήρας
3290 1527 3408 1577 ἐπιο

1858 1608 2215 1677 τυγχάνουσι,
2260 1606 2353 1660 τοῦ
2391 1607 2627 1677 πλήθους
2653 1604 2759 1658 τῶν
2793 1605 3182 1674 συντρεχόντων
3216 1605 3409 1675 ίχθυων

1860 1688 2237 1752 συσκιάζοντος
2262 1700 2286 1728 ο
2321 1689 2541 1742 ἐκείνων
2570 1688 2667 1758 τὴν
2694 1687 2960 1757 ἀπειρίαν.
2992 1687 3053 1740 El
3086 1686 3142 1739 δέ
3180 1688 3271 1739 ἐπὶ
3311 1688 3409 1757 τῆς

1858 1772 2027 1840 ἄγρας
2060 1772 2271 1841 ἐκείνης
2294 1770 2401 1823 τῶν
2429 1768 2732 1824 ἀλιεύεσθαι
2779 1768 3074 1838 μελλόντων
3116 1768 3178 1821 τὸ
3210 1768 3408 1838 πλῆθος

1857 1852 1951 1905 τοῦ
1988 1851 2370 1922 σαγηνεύοντος
2402 1851 2656 1914 πολλάκις
2694 1850 3093 1919 παραμυθεῖται
3126 1850 3221 1920 τὴν
3262 1852 3407 1921 ἀμά-

1858 1933 2024 1998 θειαν,
2061 1935 2237 2003 πολλῷ
2279 1934 2473 2004 μᾶλλον
2527 1933 2618 1985 ἐπὶ
2664 1931 2764 2002 τῆς
2812 1931 3014 1994 ἁλιείας
3062 1932 3262 2003 ταύτης
3307 1933 3407 2002 τῆς

1858 2018 2226 2088 πνευματικῆς
2247 2016 2402 2069 τοῦτο
2431 2015 2785 2087 συμϐήσεται.
2816 2014 2925 2068 Καὶ⁵
2952 2013 3059 2085 γάρ
3084 2016 3276 2067 ἐκεῖνοι
3309 2017 3407 2086 μὲν

1856 2099 1906 2150 οἱ
1957 2098 2165 2167 ἰχθύες,
2210 2099 2335 2150 ὅταν
2390 2097 2568 2150 ίδωσιν
2622 2094 2959 2166 ἐμϐληθέντα
3006 2096 3075 2148 τὰ
3123 2095 3408 2168 θήρατρα,

1857 2179 2058 2243 εὐθέως
2089 2178 2405 2248 ἀποπηδῶσι
2427 2178 2519 2231 καὶ
2542 2177 2847 2243 ἐξάλλονται
2865 2193 2881 2209 ο
2912 2177 3068 2247 ὑμεῖς
3088 2176 3142 2230 δέ
3172 2178 3232 2230 τὸ
3260 2180 3409 2230 ἐναν-

1856 2262 1969 2315 τίον
1996 2264 2194 2314 ποιεῖτε
2213 2279 2226 2291 ·
2258 2262 2384 2314 δταν
2410 2259 2556 2331 ῐδητε
2588 2261 2891 2314 ἀναστάντα
2916 2259 3009 2313 καὶ
3045 2259 3145 2330 τὴν
3169 2262 3409 2331 σαγήνην

1857 2342 2183 2395 ἀπλώσαντα
2224 2342 2321 2410 τῆς
2358 2340 2719 2405 διδασκαλίας,
2752 2341 2814 2394 οὐ
2856 2341 3013 2410 μόνον
3052 2342 3151 2394 οὐκ
3196 2342 3410 2413 ἀποπη-

1855 2424 1981 2476 δᾶτε
2016 2425 2110 2475 καὶ
2162 2422 2475 2486 ἐξάλλεσθε,
2522 2421 2658 2475 ἀλλά
2705 2422 2798 2474 καὶ
2857 2422 3114 2493 ἐνδοτέρω
3168 2422 3409 2491 βαδίζετε

1857 2505 2191 2575 πανταχόθεν
2224 2504 2632 2576 συντρέχοντες,
2682 2506 2773 2558 καὶ
2818 2504 2907 2558 τὸν
2937 2505 3160 2575 πλησίον
3186 2507 3409 2572 ἐκαστος

1856 2587 2010 2640 ὠθῶν
2038 2588 2131 2640 καὶ
2172 2586 2364 2640 θλίϐων
2387 2624 2404 2650 ,
2449 2586 2712 2657 πρότερος
2739 2586 2898 2651 αὐτὸς
2930 2588 3200 2656 ἐπείγεται
3232 2592 3411 2660 ἐμπη-

1858 2670 2016 2740 δῆσαι
2051 2671 2143 2722 καὶ
2175 2671 2433 2740 ἐμπεσεῖν
2473 2672 2552 2733 είς
2594 2670 2663 2723 τά
2702 2669 2908 2725 δίκτυα.
2953 2671 3050 2725 Διά
3075 2671 3229 2725 τοῦτο
3266 2674 3409 2727 οὐδέ-

1858 2768 1987 2804 ποτε
2025 2751 2183 2822 κενὴν
2217 2751 2602 2823 ἀνεσπάσαμεν
2633 2751 2730 2822 τὴν
2770 2753 3032 2822 σαγήνην,
3074 2754 3137 2806 οὐ
3179 2754 3266 2808 διὰ
3310 2756 3410 2827 τὴν

1854 2834 2125 2905 ήμετέραν
2162 2834 2449 2904 ἐμπειρίαν
2470 2872 2486 2899 ,
2532 2833 2666 2887 ἀλλά
2697 2833 2782 2887 διὰ
2802 2832 2898 2905 τὴν
2922 2834 3189 2906 ὑμετέραν
3221 2837 3410 2890 ἐπιθυ-

1858 2918 2004 2988 μίαν.
2040 2917 2258 2981 Ἱκανῶς
2289 2918 2387 2987 μέν
2424 2912 2516 2970 οὖν
2558 2918 2705 2987 ἡμᾶς
2741 2917 2835 2970 καὶ
2871 2916 3057 2988 πρώην
3085 2920 3349 2973 εἱστίασεν
3375 2921 3410 2990 ή

1854 2999 2051 3069 χρυσὸν
2088 2999 2306 3067 δόκιμον
2345 3000 2439 3052 καὶ
2475 2997 2712 3070 καθαρὸν
2765 2998 2961 3069 ῥέουσα
3014 2999 3227 3067 γλῶττα
3253 3039 3267 3063 ,
3318 3003 3412 3054 καὶ

1856 3081 2035 3149 πηγάς
2050 3082 2243 3150 ἐχουσα
2264 3080 2477 3150 μέλιτος
2496 3081 2553 3133 ἐν
2574 3080 2651 3150 τῷ
2674 3080 2919 3149 στόματι,
2943 3083 2975 3151 ή
3000 3081 3093 3133 τοῦ
3119 3082 3408 3153 μακαρίου,

1854 3162 2015 3230 λέγω,
2040 3162 2250 3216 Παύλου
2271 3179 2285 3193 ·
2320 3162 2513 3233 μᾶλλον
2537 3162 2594 3215 δέ
2618 3165 2712 3216 καὶ
2740 3163 2931 3235 κηρίου
2955 3164 3149 3227 παντὸς
3174 3166 3414 3236 ἀποκρύ-

1855 3261 2058 3296 πτουσα
2082 3245 2178 3314 τὴν
2214 3244 2403 3315 ήδονὴν
2430 3246 2495 3314 τῇ
2525 3244 2624 3314 τῆς
2668 3244 3035 3315 πνευματικῆς
3074 3244 3413 3313 διδασκαλίας

1854 3325 2163 3396 γλυκύτητι.

1934 3407 2147 3478 Ἐπειδὴ
2181 3407 2236 3461 δέ
2283 3408 2423 3461 κατὰ
2464 3406 2562 3480 τὴν
2594 3407 2908 3478 πρέπουσαν
2935 3407 3063 3477 ύμῖν
3097 3408 3411 3479 φιλοσοφίαν

1852 3488 1969 3542 οὐδὲ
2012 3488 2080 3541 τά
2122 3487 2213 3541 τοῦ
2256 3489 2482 3558 πένητος
2522 3487 2655 3558 ἐμοῦ
2702 3490 2795 3542 καὶ
2826 3489 3190 3557 πτωχεύοντος
3220 3491 3414 3561 ἀτιμά-

1854 3568 1973 3631 ζετε
1998 3608 2012 3633 ,
2060 3569 2192 3621 ἀλλά
2226 3567 2530 3638 θαυμάζετε
2567 3569 2664 3640 μὲν
2692 3569 2759 3622 τά
2799 3568 2995 3639 πολλὴν
3027 3569 3213 3639 ἔχοντα
3246 3572 3413 3644 ὑπερ-

1852 3651 2000 3719 οχὴν,
2035 3650 2319 3720 προσίεσθε
2362 3650 2417 3703 δέ
2465 3649 2558 3703 καὶ
2603 3649 2670 3703 τά
2702 3650 2798 3719 τῆς
2832 3651 3100 3721 ⁴ήμετέρας
3143 3653 3413 3718 εὐτελείας

1855 3733 2091 3800 ῥήματα,
2117 3730 2344 3799 ἀνέστην
2376 3732 2513 3800 μετά
2539 3730 2841 3802 προθυμίας
2868 3732 3159 3785 ἀποδώσων
3204 3735 3329 3804 ὑμῖν
3353 3737 3413 3789 τὸ

1853 3811 2090 3883 ὄφλημα,
2123 3812 2151 3864 δ
2180 3812 2369 3883 πρώην
2399 3812 2711 3883 ὑπεσχόμην
2762 3812 2881 3883 μὲν,
2912 3814 2971 3867 οὐ
3014 3815 3307 3870 κατέϐαλον
3334 3818 3411 3877 δὲ,

1852 3893 1944 3945 τοῦ
1979 3896 2182 3964 μήκους
2215 3894 2314 3962 τῆς
2344 3892 2685 3955 διδασκαλίας
2729 3894 3118 3963 ἐκκρούσαντος
3148 3898 3291 3966 ἡμᾶς
3319 3898 3410 3951 τοῦ

1850 3975 2056 4038 τέλους.
2102 3976 2167 4027 Τί
2214 3972 2305 4028 οῦν
2346 3971 2413 4044 ἦν
2452 3974 2514 4027 τὸ
2548 3974 2765 4045 δφλημα
2793 3975 3001 4040 ἐκεῖνο;
3039 3976 3273 4047 Ἀνάγκη
3304 3979 3411 4051 7&9

1852 4055 2158 4125 ἀναμνῆσαι
2198 4056 2340 4123 ὑμᾶς
2378 4054 2474 4125 τὴν
2506 4055 2678 4126 ἀρχὴν
2723 4055 2814 4109 τοῦ
2858 4056 3242 4127 δανείσματος,
3270 4059 3410 4114 ὥστε

1855 4138 2193 4209 σαφεστέραν
2231 4138 2359 4207 ύμῖν
2398 4137 2503 4190 ἀπὸ
2529 4136 2628 4207 τῆς
2676 4136 2980 4203 ὑποθέσεως
3026 4141 3273 4208 γενέσθαι
3312 4143 3409 4215 τήν

1853 4216 2126 4288 ἐξήγησιν.
2158 4218 2526 4290 Ἐζητήσαμεν
2550 4220 2691 4283 τότε,
2708 4220 2848 4282 τίνος
2870 4220 3048 4273 ἐνεκεν
3069 4223 3411 4295 ἀσαφεστέρα

1851 4298 1951 4369 τῆς
1973 4301 2176 4371 Καινῆς
2205 4303 2237 4372 ή
2273 4300 2482 4354 Παλαιά
2509 4300 2771 4372 Διαθήκη·
2794 4304 2933 4370 τάχα
2954 4304 3061 4373 7&9
3090 4304 3365 4375 μέμνησθε
3392 4325 3407 4340 ο

1853 4383 1946 4433 καὶ
1980 4383 2107 4451 μίαν
2138 4383 2275 4445 τέως
2302 4383 2600 4454 είρήκαμεν
2628 4382 2825 4447 αίτίαν,
2864 4383 2960 4453 τὴν
2998 4384 3282 4455 θηριωδίαν
3304 4388 3411 4443 τῶν

1853 4464 2174 4529 ἀκουόντων,
2221 4464 2313 4517 καὶ
2355 4465 2602 4533 μάρτυρα
2649 4464 3039 4534 παρηγάγομεν
3076 4466 3166 4519 τὸν
3202 4467 3410 4524 Παῦλον

1852 4544 2096 4613 λέγοντα,
2109 4545 2187 4598 ὃτι
2210 4546 2278 4599 Τὸ
2296 4544 2440 4599 αὐτὸ
2457 4544 2737 4615 κάλυμμα
2755 4546 2852 4599 ἐπὶ
2878 4545 2947 4615 τῇ
2961 4547 3291 4616 ἀναγνώσει
3304 4550 3411 4619 τῆς

1852 4626 2117 4691 Παλαιᾶς
2132 4626 2420 4693 Διαθήκης
2432 4625 2599 4694 μένει
2612 4629 2696 4697 μὴ
2719 4629 3305 4699 ἀνακαλυπτόμενον,
3322 4634 3412 4687 ὅτι

1852 4710 1921 4762 ἐν
1957 4708 2187 4775 Χριστῷ
2248 4706 2637 4777 καταργεῖται.
2682 4708 2988 4781 Ἔδείξαμεν
3032 4711 3112 4765 δτι
3164 4714 3411 4786 καθάπερ

1852 4791 2088 4859 Μωῦσῆς
2106 4786 2216 4858 εἷχε
2241 4789 2502 4860 κάλυμμα
2522 4792 2549 4842 0
2569 4790 2882 4861 νομοθέτης,
2905 4791 3045 4847 οὕτω
3084 4795 3175 4847 καὶ
3201 4797 3229 4847 0
3250 4795 3409 4866 νόμος

1854 4868 1963 4940 εἷχε
1992 4873 2272 4942 κάλυμμα,
2307 4872 2403 4942 τήν
2436 4873 2700 4942 ἀσάφειαν
2721 4889 2737 4906 σ
2768 4874 2879 4927 ἀλλ’
2908 4874 3029 4927 οὐτε
3057 4875 3147 4928 τοῦ
3187 4877 3407 4947 νομοθέ-

1853 4972 1946 5007 του
1980 4954 2142 5025 ἐγκλη
2151 4972 2245 5023 μα,
2275 4954 2395 5008 οὔτε
2422 4955 2514 5008 τοῦ
2541 4958 2703 5027 νόμου
2723 4957 3020 5026 κατηγορία
3048 4956 3106 5009 τὸ
3128 4958 3406 5030 κάλυμμα,

1854 5036 1988 5088 ἀλλά
2028 5036 2127 5103 τῆς
2165 5037 2445 5100 ἀσθενείας
2486 5038 2593 5092 τῶν
2633 5038 2956 5093 ἀκουόντων.
3005 5038 3138 5092 Οὐδὲ
3186 5040 3292 5111 γάρ
3333 5042 3411 5094 δι’

1855 5118 2043 5170 ἐαυτὸν
2077 5113 2190 5188 εἶχε
2234 5118 2494 5188 κάλυμμα
2539 5121 2567 5171 0
2618 5119 2877 5189 Μωῦσῆς,
2930 5118 3044 5173 ἀλλ’
3079 5122 3262 5194 ἐπειδὴ
3310 5125 3409 5177 οὐκ

1854 5199 2110 5268 ἡδύναντο
2139 5201 2453 5267 ὑπενεγκεῖν
2482 5198 2577 5270 τὴν
2599 5199 2754 5265 δόξαν
2790 5199 2873 5254 τοῦ
2901 5201 3188 5273 προσώπου
3220 5204 3405 5258 αὐτοῦ.

1860 5283 1983 5336 Ὅτε
2027 5282 2155 5350 γοῦν
2204 5283 2499 5353 ἐπέστρεφε
2547 5282 2683 5352 πρὸς
2732 5283 2963 5355 άύριον,
3014 5289 3320 5357 περιῃρεῖτο
3350 5289 3412 5341 τὸ

1853 5365 2131 5435 κάλυμμα.
2177 5364 2329 5417 Οὐτω
2370 5366 2461 5416 καὶ
2500 5366 2527 5417 0
2559 5365 2740 5435 νόμος,
2788 5366 2908 5419 ἐπεὶ
2945 5368 3154 5421 οὐδέπω
3186 5367 3413 5437 ἠδύνατο

1856 5447 2044 5517 μαθεῖν
2064 5446 2130 5498 τά
2150 5446 2327 5499 τέλεια
2352 5446 2650 5516 διδάγματα
2681 5446 2773 5500 καὶ
2803 5447 3113 5516 φιλοσοφίας
3143 5447 3408 5518 γέμοντα,

1851 5530 1919 5581 τά
1946 5545 2003 5579 τε
2026 5530 2152 5599 περὶ
2185 5526 2419 5598 Χριστοῦ
2457 5530 2549 5581 καὶ⁵
2580 5529 2679 5599 τῆς
2697 5530 2902 5599 Καινῆς
2929 5528 3197 5599 Διαθήκης
3216 5531 3412 5598 (πάντα

1850 5611 1956 5680 γὰρ
2008 5614 2188 5663 ἐκεῖνα
2234 5611 2574 5677 ἐναπέκειτο,
2622 5611 2870 5683 καθάπερ
2913 5613 2970 5664 ἐν
3020 5610 3305 5683 θησαυρῷ,
3345 5618 3409 5684 τῇ

1906 5712 2249 5796 ἶξίοηξοςοι.
2274 5723 2429 5767 recte.
2457 5715 2608 5768 Savu.
2632 5722 2685 5767 el
2708 5716 2830 5779 Reg.
2874 5716 3237 5778 συσκιαζούσης.
3275 5721 3409 5773 Colb.

1849 5790 2208 5833 συσκιαςοντων.
