4130 6316
755 327 866 382 177

753 429 953 498 παλαιᾷ
985 427 1216 498 Γραφῇ),
1247 426 1396 499 [18⁸2]
1427 426 1686 494 κάλυμμα
1732 421 1895 493 εἶχεν,
1938 423 2163 483 ἐκείνοις
2200 418 2298 487 μὲν

751 508 1210 576 συγκαταϐαίνων,
1236 510 1364 577 ἡμῖν
1385 508 1440 560 δὲ
1468 507 1646 577 τηρῶν
1671 506 1761 558 τὸν
1805 504 2027 557 πλοῦτον
2059 502 2301 561 ἅπαντα,

748 587 800 641 ῖν
826 628 843 652 ,
872 590 998 642 ὅταν
1033 590 1401 660 παραγένηται
1434 590 1462 640 ὁ
1489 587 1739 657 Χριστὸς,
1771 587 1861 639 καὶ
1897 582 2307 652 ἐπιστρέψωμεν

754 671 890 739 πρὸς
927 670 1105 733 αὑτὸν,
1142 669 1460 740 περιαιρεθῇ
1492 669 1552 722 τὸ
1584 668 1864 736 κάλυμμα.
1909 667 2101 735 Ὁρᾶτε
2129 662 2306 715 τοίνυν

751 755 830 814 εἰς
864 753 992 822 ὅσην
1025 754 1163 821 ἡμᾶς
1185 752 1336 817 ἀξίαν
1363 752 1564 821 ῆγαγεν
1588 752 1620 818 ἡ
1641 748 1734 801 τοῦ
1758 747 1992 819 Χριστοῦ
2012 743 2301 817 παρουσία,

752 836 834 897 εἰς
860 834 957 902 τὴν
987 834 1138 899 τάξιν
1174 835 1445 900 ἀνάγουσα
1493 830 1789 892 Μωῦσέως.
1837 828 1975 881 Ἀλλ’
2013 829 2140 889 ἴσως
2192 826 2306 895 ἐρεῖ

751 930 868 977 τιςο
904 916 1009 967 Kal
1049 916 1191 977 τίνος
1218 915 1399 967 ἐνεκεν
1441 911 1653 979 ἐλέγετο
1680 909 1802 962 τότε
1826 950 1840 974 ,
1886 911 1933 962 εἰ
1977 908 2050 979 μὴ
2086 905 2305 976 ἔμελλεν

750 997 932 1059 αὐτοῖς
952 996 1094 1066 σαφῆ
1125 991 1258 1048 εἶναι
1278 995 1347 1048 τά
1374 994 1635 1063 λεγόμενα
1655 1009 1668 1058 ;
1706 994 1821 1044 ’Ἰνα
1842 993 1952 1053 τοῖς
1975 988 2111 1059 μετὰ
2135 986 2304 1040 ταῦτα

750 1079 969 1147 γένηται
984 1080 1243 1149 χρήσιμα.
1266 1074 1599 1147 Προφητείας
1615 1072 1722 1144 γάρ
1736 1072 1948 1141 ἀξίωμα
1970 1070 2120 1125 τοῦτό
2137 1072 2301 1133 ἐστιν,

749 1158 846 1229 οὐχ
872 1160 996 1213 ὅταν
1022 1160 1089 1213 τά
1122 1159 1359 1226 παρόντα
1387 1153 1688 1225 ἀπαγγείλῃ
1709 1155 2022 1223 πράγματα,
2045 1151 2304 1204 ἀλλ’·ὃταν

749 1241 818 1293 τά
853 1241 1106 1312 μέλλοντα
1126 1239 1579 1310 προαναφωνήσῃ.
1617 1234 1925 1307 Προφητεία
1951 1234 2006 1286 δέ
2036 1234 2160 1286 ὅταν
2183 1249 2304 1285 συν-

748 1322 1119 1391 εσκιασμένως
1149 1320 1392 1390 λέγηται,
1425 1319 1562 1389 μετὰ
1591 1317 1689 1387 τὴν
1716 1316 1823 1370 τῶν
1854 1316 2186 1386 πραγμάτων
2209 1313 2301 1366 ἐκ·

748 1403 907 1457 ϐασιν
925 1403 1130 1472 γίνεται
1157 1403 1480 1472 σαφεστέρα,
1517 1400 1622 1471 πρὸ
1634 1399 1690 1452 0t
1715 1398 1815 1467 τῆς
1843 1399 2115 1461 ἐκϐάσεως
2146 1397 2302 1451 οὐδα-

750 1487 884 1557 μῶς.
914 1485 1292 1556 Ὠστε,ἐπειδὴ
1322 1486 1442 1538 τότε
1470 1483 1565 1556 μὲν
1585 1482 1798 1552 ἐλέγετο
1812 1481 2299 1551 συνεσκιασμένως,

747 1569 929 1639 ἀσαφῆ
957 1564 1055 1640 ἦν·
1079 1569 1167 1621 ὅτε
1190 1568 1248 1621 0t
1282 1566 1549 1637 ἐκϐέϐηκε
1582 1564 1653 1618 τά
1688 1566 2002 1634 πράγματα,
2034 1563 2121 1617 διά
2145 1561 2301 1615 τοῦτο

748 1651 1051 1721 σαφέστερα
1078 1644 1145 1721 ἦν
1176 1650 1244 1703 τὰ
1293 1647 1576 1717 λεγόμενα.
1635 1646 1744 1698 Καὶ
1796 1647 1881 1700 ῖνα
1926 1646 2164 1716 μάθητε,
2218 1644 2301 1697 ὅτι

746 1731 1046 1801 προφητεία
1066 1772 1082 1797 ,
1111 1728 1115 1734 ’
1140 1730 1242 1785 κᾶν
1289 1730 1392 1801 πρὸ
1441 1726 1635 1781 πολλοῦ
1683 1728 1900 1798 λέγηται
1956 1727 2047 1780 τοῦ
2090 1725 2300 1796 χρόνου,

752 1811 1227 1882 συνεσκιασμένως
1278 1811 1335 1864 δὲ
1380 1808 1602 1881 λέγηται
1628 1850 1644 1874 ,
1701 1810 2046 1879 ἀσαφεστέρα
2094 1808 2299 1876 γίνεται

745 1894 1083 1964 ἀναμένουσα
1095 1894 1193 1965 τὴν
1208 1894 1271 1947 ἐκ
1285 1892 1390 1947 τῶν
1410 1892 1744 1963 πραγμάτων
1759 1890 2001 1952 ἐκϐασιν,
2015 1891 2106 1943 ἀπ’
2124 1888 2300 1942 αὐτῶν

745 1973 853 2027 τῶν
888 1974 1138 2045 μαθητῶν
1166 1975 1293 2044 ὑμῖν
1341 1972 1498 2027 τοῦτο
1539 1974 1747 2043 ποιήσω
1783 1973 2032 2044 φανερόν.
2067 1972 2301 2025 Λύσατε

745 2055 852 2109 τὸν
876 2057 1025 2111 ναὸν
1057 2057 1289 2119 τοῦτον,
1335 2058 1445 2119 τοῖς
1486 2055 1757 2118 Ἰουδαίοις
1785 2054 1966 2121 ἔλεγεν
1998 2055 2026 2104 0
2052 2053 2295 2123 Χριστός.

758 2138 970 2209 Ἐπειδὴ
1006 2139 1112 2208 γάρ
1137 2139 1321 2191 ἐδίωκε
1347 2140 1473 2200 τοὺς
1516 2137 1601 2190 διά
1634 2137 1732 2207 τῆς
1772 2136 2070 2206 καπηλείας
2097 2137 2175 2198 εἰς
2211 2134 2300 2186 τὸν

745 2218 870 2275 ναδν
902 2219 1293 2290 ἐνυϐρίζοντας,
1324 2219 1565 2287 λέγουσιν
1587 2220 1783 2272 ἐκεῖνοι
1806 2233 1820 2247 ’
1845 2217 1905 2270 Τί
1925 2216 2173 2286 σημεῖον
2192 2215 2302 2269 δει-

744 2302 943 2366 κνύεις
961 2301 1122 2376 ἡμῖν,
1140 2302 1226 2354 ὅτι
1240 2302 1425 2355 ταῦτα
1443 2299 1628 2365 ποιεῖς
1648 2317 1667 2363 ;
1688 2299 1795 2352 Kal
1812 2299 1945 2369 πρὸς
1971 2299 2125 2351 τοῦτό
2148 2314 2296 2369 φησι·

744 2382 981 2437 Λύσατε
1016 2382 1121 2436 τὸν
1148 2382 1298 2437 ναὸν
1324 2382 1559 2447 τοῦτον,
1605 2379 1703 2434 καὶ
1744 2381 1813 2433 ἐν
1838 2381 2032 2447 τρισὶν
2062 2380 2302 2448 ἡμέραις

744 2462 923 2533 ἐγερῶ
949 2465 1149 2520 αὐτόν.
1192 2463 1445 2528 Ἐκεῖνος
1462 2463 1531 2516 δὲ
1553 2462 1724 2531 ἔλεγε
1738 2462 1870 2530 περὶ
1895 2463 1999 2517 τοῦ
2031 2463 2179 2516 ναοῦ
2194 2463 2300 2517 τοῦ

742 2546 1013 2616 σώματος
1040 2546 1241 2601 αὑτοῦ.
1273 2547 1440 2599 Τοῦτο
1485 2545 1783 2615 προφητεία
1817 2545 1900 2608 τίς
1932 2550 2106 2599 ἐστιν·
2151 2545 2302 2599 οῦπω

744 2627 852 2699 γάρ
870 2624 938 2700 ἦν
956 2619 1267 2701 ἐὶιϐεϐηκὼς
1296 2630 1325 2681 0
1355 2628 1602 2699 σταυρὸς,
1629 2627 1745 2679 οὐδὲ
1783 2629 1816 2697 ἠ
1852 2626 2000 2689 λύσις
2027 2626 2118 2679 τοῦ
2147 2626 2297 2689 ναοῦ,

745 2711 867 2765 οὐδὲ
893 2712 927 2782 ἠ
949 2713 1241 2783 τριήμερος
1267 2711 1577 2773 ἀνάστασις,
1596 2711 1663 2779 ῆν
1687 2708 1846 2770 αὐτὸς
1875 2709 2163 2777 ἐποιήσατο
2198 2707 2302 2761 Kal

746 2793 848 2863 ὅρα
892 2793 1006 2856 πῶς
1036 2794 1106 2845 τά
1129 2793 1409 2863 ἀμφότερα
1462 2790 1596 2860 μετά
1628 2788 1909 2859 ἀκριϐείας
1943 2788 2174 2859 ᾐνίξατο,
2209 2789 2301 2841 καὶ

746 2873 843 2945 τὴν
862 2874 1061 2944 τόλμαν
1090 2874 1187 2943 τὴν
1218 2874 1459 2936 ἐκείνων,
1486 2872 1580 2925 καὶ
1604 2869 1702 2941 τὴν
1725 2870 1928 2924 οἰκείαν
1960 2868 2120 2921 αὑτοῦ
2149 2867 2302 2922 δύνα-

748 2972 862 3025 μιν.
900 2956 1035 3009 Ἀλλ’
1063 2956 1210 3027 ὅμως
1235 2956 1333 3010 οὐκ
1350 2955 1569 3027 ᾔδεισαν
1588 2954 1657 3006 τά
1681 2953 1966 3021 λεγόμενα.
1990 2952 2096 3004 Kal
2110 2951 2171 3003 τὸ
2201 2952 2300 3021 μὲν

760 3039 1038 3101 Ἰουδαίους
1080 3040 1322 3106 ἀγνοεῖν,
1368 3037 1516 3091 οὐδὲν
1558 3034 1891 3107 θαυμαστόν·
1926 3033 2071 3101 λέγει
2114 3033 2190 3099 δέ,
2219 3033 2299 3086 ὅτι

746 3120 865 3173 οὐδὲ
895 3122 945 3173 οί
970 3120 1203 3191 μαθηταὶ
1229 3119 1391 3175 αὐτοῦ
1420 3118 1676 3187 συνῆκαν,
1707 3117 1809 3178 ἕως
1837 3115 2035 3179 ἀνέστη
2078 3116 2142 3166 ἐκ
2192 3114 2300 3166 τῶν

745 3202 952 3271 νεκρῶν
972 3219 986 3234 ·
1027 3202 1136 3256 Καὶ
1160 3202 1279 3254 τότε
1317 3201 1685 3255 ἐπίστευσαν
1710 3197 1783 3267 τῇ
1810 3196 2041 3266 Γραφῇ.
2091 3196 2187 3250 καὶ
2221 3194 2301 3260 τῷ

745 3286 925 3353 λόγῳ,
961 3276 1009 3349 ᾧ
1027 3281 1193 3338 εἶπεν
1218 3286 1249 3336 ό
1282 3282 1537 3349 Ἰησοῦς.

818 3406 883 3473 β’.
933 3405 1089 3476 Ὁρᾷς
1121 3404 1202 3457 δτι
1234 3403 1530 3474 ἐδεήθησαν
1566 3401 1665 3471 τῆς
1700 3400 1787 3454 διά
1816 3399 1925 3454 τῶν
1966 3399 2301 3470 πραγμάτων

746 3487 1040 3550 ἐκϐάσεως,
1074 3486 1160 3540 ῖνα
1202 3486 1504 3555 σαφεστέρα
1536 3484 1760 3554 γένηται
1792 3485 1827 3554 ἡ
1859 3484 2179 3552 προφητεία,
2208 3482 2301 3535 καὶ

747 3570 829 3623 ὃτι
864 3567 1108 3637 ἔγκλημα
1132 3568 1229 3620 οὐκ
1261 3563 1403 3637 εῐχον
1444 3567 1492 3619 οι
1534 3565 1771 3619 Ἰουδαῖοι
1807 3564 1880 3634 μὴ
1909 3565 2178 3627 συνιέντες
2203 3564 2300 3626 τάς

747 3649 1077 3719 προφητείας
1116 3647 1323 3711 ἐκείνας
1367 3647 1462 3709 τὰς
1503 3647 1628 3715 περὶ
1660 3644 1895 3716 Χριστοῦ
1928 3645 2033 3715 1:90
2066 3644 2164 3714 τῆς
2205 3644 2299 3697 τοῦ

746 3728 980 3801 Χριστοῦ
1006 3730 1327 3800 παρουσίας;
1360 3729 1438 3797 Τῇ
1468 3727 1574 3799 γὰρ
1606 3726 1876 3796 παρουσία
1900 3724 2053 3792 δῆλαι
2082 3724 2300 3794 ἔμελλον

749 3810 992 3879 γίνεσθαι
1024 3810 1117 3863 καὶ
1168 3811 1377 3878 σαφεῖς.
1416 3809 1678 3867 ’Ἄκουσον
1712 3805 1874 3857 αὐτοῦ
1916 3805 2011 3858 τοῦ
2065 3804 2298 3875 Χριστοῦ

746 3890 1017 3959 λέγοντος·
1045 3893 1113 3945 El
1139 3890 1223 3959 μὴ
1246 3887 1453 3960 ἦλθον,
1476 3887 1575 3941 καὶ
1593 3885 1867 3953 ἐλάλησα
1886 3884 2105 3950 αὐτοῖς,
2122 3886 2302 3952 ἀμαρ-

746 3970 882 4028 τίαν
906 3977 1016 4028 οὐκ
1053 3969 1237 4041 εἶχον.
1280 3973 1377 4025 Διά
1412 3972 1467 4024 τί
1512 3972 1610 4023 οὐκ
1640 3967 1781 4039 εἰχον
1822 3968 2121 4040 ἁμαρτίαν,
2169 3970 2217 4020 εἰ
2244 3968 2299 4020 αἰ

749 4059 1070 4128 προφητεῖαι
1101 4056 1387 4125 προέλεγον
1406 4072 1420 4119 ;
1442 4055 1563 4107 Ὅτι
1589 4054 1877 4124 προέλεγον
1902 4053 2019 4122 μὲν,
2047 4053 2145 4105 οὐκ
2162 4048 2300 4121 ἦσαν

747 4137 805 4191 0t
838 4141 1043 4206 σαφεῖς,
1076 4137 1195 4190 οὐδέ
1237 4137 1390 4207 δῆλαι
1436 4134 1540 4206 1:90
1569 4135 1668 4204 τῆς
1699 4135 1995 4203 παρουσίας
2033 4134 2123 4185 τοῦ
2176 4151 2303 4204 προ-

748 4220 1054 4289 λεγομένου.
1090 4221 1151 4273 Εἰ
1184 4220 1291 4288 γάρ
1335 4218 1429 4271 καὶ
1452 4218 1570 4269 τότε
1604 4218 1791 4284 σαφεῖς
1828 4212 1965 4285 ἦσαν
1999 4217 2177 4277 αὐτοῖς
2209 4215 2302 4269 καὶ

746 4303 922 4373 δῆλαι,
955 4303 1042 4373 δῆ)
1053 4318 1111 4354 ον
1138 4303 1217 4355 ὅτι
1256 4301 1347 4355 καὶ
1370 4301 1474 4370 1:90
1490 4299 1587 4368 τῆς
1618 4297 1915 4369 παρουσίας
1939 4297 2099 4349 αὑτοῦ
2127 4298 2302 4367 ἀμαρ-

746 4384 869 4438 τίαν
888 4380 1058 4453 εῐχον-
1099 4385 1147 4436 εἰ
1176 4383 1231 4435 δὲ
1255 4381 1525 4452 ἀμαρτίαν
1552 4381 1651 4432 οὐκ
1679 4375 1841 4449 εἶχον,
1869 4376 2087 4446 εῦδηλον
2108 4379 2187 4429 ὅτι
2214 4376 2301 4430 διά

745 4464 843 4536 τὴν
856 4467 1117 4533 ἀσάφειαν
1138 4464 1311 4517 αὐτῶν
1328 4465 1419 4517 καὶ
1440 4464 1499 4515 τδ
1526 4460 1897 4515 συνεσκιάσθαι
1922 4459 1990 4512 τά
2015 4459 2297 4528 λεγόμενα.

747 4547 883 4601 Οὐδὲ
910 4547 1016 4618 γάρ
1044 4546 1345 4619 ἀπῃτοῦντο
1370 4545 1467 4617 τὴν
1492 4546 1569 4608 εἰς
1593 4544 1681 4597 τὸν
1708 4542 1938 4614 Χριστὸν
1972 4542 2148 4594 πίστιν
2196 4540 2301 4612 πρὸ

746 4629 847 4699 τῆς
883 4628 975 4682 τοῦ
1004 4629 1235 4698 Χριστοῦ
1282 4629 1597 4699 παρουσίας.
1634 4627 1787 4689 Τίνος
1819 4621 1908 4678 οὖν
1949 4624 2132 4677 ἐνεκεν
2172 4640 2303 4694 1:90-

749 4712 964 4779 ελέγετο
990 4712 1141 4775 τότε;
1170 4714 1284 4773 Ἰν’,
1314 4713 1441 4765 ὅταν
1476 4709 1869 4780 παραγένηται,
1907 4706 2114 4759 οἴκοθεν
2141 4705 2300 4773 ἔχωσι

748 4796 871 4856 τοὺς
896 4794 1241 4856 διδασκάλους
1259 4794 1547 4860 ἐνάγοντας
1563 4790 1710 4863 [I83]
1730 4789 1944 4853 αὐτοὺς,
1973 4790 2068 4841 καὶ
2093 4787 2302 4840 εἰδῶσιν

748 4878 830 4929 δτι
872 4878 933 4929 οὐ
980 4878 1295 4946 καινοτομία
1342 4876 1407 4928 τὰ
1458 4875 1731 4943 γινόμενα,
1773 4872 1892 4924 οὐδὲ
1935 4871 2239 4940 πρόσφατος
2268 4872 2301 4940 ἡ

748 4957 1021 5028 οἰκονομία
1041 4998 1055 5022 ,
1086 4958 1196 5010 ἀλλ’
1226 4957 1431 5012 ἀνωθεν
1460 4954 1629 5009 ταῦτα
1658 4954 1751 5007 καὶ
1777 4953 1881 5023 πρὸ
1913 4951 2117 5004 πολλῶν
2170 4967 2303 5020 προ-

750 5040 1139 5110 ανεκηρύττετο
1168 5040 1397 5109 χρόνων·
1428 5039 1486 5091 οὺ
1527 5036 1719 5108 μικρὸν
1745 5036 1800 5087 δὲ
1830 5033 1983 5086 τοῦτο
1998 5035 2075 5096 εἰς
2095 5033 2155 5086 τὸ
2182 5034 2302 5085 ἐπι-

752 5122 1052 5174 σπάσασθαι
1078 5121 1212 5192 πρὸς
1233 5121 1330 5188 τὴν
1356 5120 1534 5172 πίστιν
1557 5116 1768 5181 αὐτούς.
1791 5117 1904 5172 Μία
1930 5115 2027 5185 μὲν
2057 5110 2147 5167 οῦν
2165 5113 2300 5183 αὕτη

749 5204 844 5273 τῆς
860 5203 1119 5270 ἀσαφείας
1138 5204 1305 5267 αἰτία,
1329 5203 1397 5273 ῆν
1418 5202 1510 5255 καὶ
1546 5201 1636 5253 διά
1657 5198 1912 5252 πλειόνων
1944 5196 2302 5266 ἀπεδείξαμεν

754 5285 1058 5355 μαρτυριῶν
1096 5286 1154 5337 ἐν
1175 5288 1240 5355 τῇ
1270 5285 1507 5356 προτέρᾳ
1536 5281 1783 5347 διαλέξει.
1801 5281 1890 5333 ’ἶν’
1916 5274 2006 5332 οὖν
2040 5278 2112 5349 μὴ
2142 5278 2301 5332 πάλιν

750 5369 893 5438 ὑμᾶς
941 5368 1237 5438 ἐνοχλῶμεν
1280 5369 1348 5422 τά
1391 5367 1528 5421 αὺτά
1567 5366 1833 5433 λέγοντες,
1865 5364 2155 5426 ἀναγκαῖον
2204 5361 2299 5430 μὲν

748 5450 950 5519 ταύτης
989 5451 1322 5519 ἀποστῆναι,
1364 5450 1550 5517 ἑτέραν
1573 5448 1629 5500 δέ
1658 5449 1830 5500 εἰπεῖν
1865 5444 1961 5513 τὴν
1994 5444 2089 5497 οὐκ
2116 5444 2297 5514 ἀσαφῆ

750 5529 844 5582 καὶ
868 5528 1156 5595 ἄγνωστον,
1193 5529 1329 5584 ἀλλά
1351 5527 1749 5598 δυσκολωτέραν
1772 5529 1902 5596 ἡμῖν
1929 5523 2079 5577 ποιοῦ
2088 5539 2183 5576 σαν
2203 5522 2298 5593 τὴν

749 5611 986 5667 Παλαιὰν
1040 5614 1326 5684 Διαθήκην.
1387 5611 1546 5665 ’Δλλο
1595 5613 1702 5681 γάρ
1764 5612 1876 5662 ἐστι
1940 5607 2101 5679 μηδὲν
2163 5606 2297 5668 ὅλως

750 5692 944 5750 εἰδένα;
972 5693 1079 5751 τῶν
1108 5694 1435 5769 ἐγκειμένων
1454 5735 1468 5764 ,
1508 5693 1600 5747 καὶ
1630 5695 1759 5765 όρᾷν
1802 5692 2062 5764 κάλυμμα
2087 5687 2293 5743 ἐπικεί-

1452 314 1512 368 5.
1549 310 1829 368 JOANNIS
1866 298 2355 364 CHRYSOSTOMI
2391 298 2709 362 ARCHIEP.
2749 304 3293 363 CONSTANTINOP.

3856 327 3967 379 178

2411 432 2587 485 μενον,
2619 420 2746 473 ἀλλο
2776 420 2833 473 δὲ
2860 421 3039 491 εὑρεῖν
3067 419 3167 491 μὲν
3190 419 3261 472 τά
3282 418 3566 489 λεγόμενα,
3609 415 3747 487 μετά
3795 416 3958 472 πόνου

2405 503 2461 557 δὲ
2491 506 2688 574 εὑρεῖν.

2474 591 2571 653 Τίς
2597 587 2689 645 οὗν
2708 594 2854 645 ἐστιν
2884 594 2916 662 ἠ
2938 591 3165 654 δευτέρα
3190 591 3359 657 αἰτία,
3392 591 3458 646 δι’
3483 592 3551 662 ῆν
3583 590 3961 661 δυσκολωτερα

2403 676 2438 746 η
2464 676 2674 730 Παλαιά
2696 678 2937 747 Διαθήκη
2961 676 3059 747 τῆς
3078 676 3221 741 Νέας
3245 678 3390 731 ἐστίν
3413 693 3427 742 ;
3452 676 3585 747 Οὐχὶ
3613 680 3679 747 τῇ
3712 676 3961 747 ἐγχωρίῳ

2403 766 2550 833 φωνῇ
2581 764 2773 833 ἔχομεν
2821 765 2917 833 τὴν
2955 764 3195 818 Παλαιὰν
3237 764 3506 833 Διαθήκην
3535 764 3662 833 παρ’
3687 764 3816 833 ἡμῖν
3861 780 3960 829 7t-

2401 850 2724 922 γραμμένην
2742 868 2755 882 ·
2787 850 2899 904 ἀλλ’
2928 851 3094 921 ἐτέρᾳ
3123 851 3219 921 μὶν
3251 849 3503 921 συνετέθη
3530 849 3762 921 γλώττῃ,
3794 850 3961 920 ἐτέρᾳ

2400 938 2457 991 δέ
2507 939 2700 1009 ἔχομεν
2747 937 2912 1008 αὐτὴν
2960 936 3469 1008 ἀναγινωσκομένην
3510 939 3687 1007 ἡμεῖς.
3737 937 3815 1007 Τῇ
3846 936 3959 1005 γὰρ

2413 1024 2675 1095 Ἐϐραίων
2708 1027 2856 1095 φωνῇ
2887 1025 3036 1095 παρὰ
3062 1022 3163 1093 τὴν
3215 1023 3387 1093 ἀρχὴν
3433 1023 3763 1092 συνεγράφη,
3797 1023 3960 1092 ⁴ἡμεῖς

2399 1112 2456 1166 0t
2483 1113 2649 1183 αὐτὴν
2683 1116 2748 1183 τῇ
2785 1112 3047 1181 Ἑλλήνων
3078 1110 3451 1181 παρελάϐομεν
3479 1109 3716 1179 γλώττῃ’
3751 1110 3877 1161 ὅταν
3903 1107 3961 1159 δέ

2400 1198 2610 1266 γλῶττα
2644 1198 2949 1270 ἐρμηνευθῇ
2979 1199 3058 1260 εἰς
3083 1197 3273 1267 ἑτέραν
3299 1194 3561 1263 γλῶτταν,
3597 1192 3792 1264 πολλὴν
3843 1192 3959 1261 ἐχει

2398 1286 2496 1357 τὴν
2526 1284 2835 1339 δυσκολίαν.
2864 1285 2975 1337 Καὶ
3029 1283 3209 1337 ῖσασιν
3263 1280 3537 1352 ἀκριϐῶς,
3591 1281 3703 1333 ὅσοι
3746 1278 3958 1331 πολλῶν

2398 1373 2653 1443 γλωσσῶν
2678 1374 2811 1425 εἰσιν
2848 1370 3119 1441 ἐμπειροι,
3152 1368 3270 1431 πῶς
3297 1368 3356 1421 οὺ
3382 1366 3600 1420 δυνατὸν
3641 1366 3821 1419 πᾶσαν
3860 1364 3958 1435 τὴν

2399 1462 2693 1531 σαφήνειαν
2728 1462 2827 1529 τῆς
2860 1458 3041 1528 φωνῆς
3078 1458 3177 1527 τῆς
3208 1458 3266 1509 ἐν
3293 1457 3358 1526 τῇ
3389 1453 3562 1523 οἰκείᾳ
3589 1452 3743 1521 φύσει
3767 1452 3958 1522 κειμέ-

2396 1565 2492 1618 νης
2517 1548 2857 1618 μετενεγκεῖν
2876 1547 2955 1609 εἰς
2978 1544 3074 1615 τὴν
3101 1542 3291 1614 ἑτέραν
3329 1539 3750 1612 μεταϐάλλοντας
3790 1537 3959 1607 γλῶσ-

2398 1652 2516 1689 σαν.
2540 1634 2710 1687 Τοῦτο
2729 1629 2819 1687 οὖν
2837 1632 3006 1688 αἴτιον
3024 1632 3123 1702 τῆς
3147 1628 3426 1692 δυσκολίας
3452 1628 3545 1697 τῆς
3566 1628 3620 1679 tv
3652 1629 3716 1696 τῇ
3746 1625 3960 1695 Παλαιᾷ

2395 1722 2634 1794 Διαθήκῃ
2653 1721 2977 1792 γέγονε.Πρὸ
2997 1719 3103 1789 γάρ
3116 1716 3435 1787 τριακοσίων
3450 1712 3584 1765 ἐτῶν
3602 1712 3699 1781 τῆς
3716 1711 3809 1764 τοῦ
3823 1713 3961 1783 Χρι-

2396 1809 2521 1863 στοῦ
2549 1808 2869 1879 παρουσίας,
2905 1807 2997 1859 ἐπὶ
3037 1803 3367 1873 Πτολεμαίου
3419 1800 3512 1854 τοῦ
3555 1797 3811 1867 βασιλέως
3848 1798 3959 1852 τῶν

2393 1896 2728 1963 Αἰγυπτίων,
2760 1893 2893 1965 πρὸς
2920 1893 3018 1963 τὴν
3057 1890 3278 1943 Ἐλλάδα
3311 1887 3607 1960 μετηνέχθη
3639 1886 3888 1955 γλῶσσαν
3919 1887 3959 1956 ἠ

2394 1982 2606 2038 Παλαιά
2650 1981 2912 2051 Διαθήκη,
2954 1978 3235 2050 χρησίμως
3274 1976 3475 2047 σφόδρα
3500 1975 3593 2028 καὶ
3625 1973 3951 2041 ἀναγκαίως.

2397 2072 2543 2136 Ἕως
2591 2072 2691 2141 μὲν
2728 2069 2836 2139 γάρ
2887 2069 2969 2121 tvl
3016 2067 3157 2122 ἔθνει
3203 2065 3311 2118 τῶν
3358 2062 3624 2117 Ἰουδαίων
3662 2062 3952 2129 διελέγετο,

2394 2158 2583 2228 ἔμενεν
2611 2158 2670 2209 ἐν
2697 2158 2762 2226 τῇ
2794 2152 3030 2223 Ἐϐραΐδι
3061 2154 3232 2222 φωνῇ.
3254 2149 3439 2215 Οὐδεὶς
3459 2148 3563 2219 γάρ
3592 2148 3713 2201 τότε
3732 2146 3958 2217 ἐμελλεν

2395 2247 2531 2317 αὐτῇ
2584 2244 2871 2315 προσέχειν
2892 2282 2907 2305 ,
2950 2241 3045 2295 τοῦ
3086 2238 3275 2293 λοιποῦ
3302 2237 3409 2291 τῶν
3438 2234 3739 2307 ἀνθρώπων
3764 2234 3961 2303 γένους

2397 2336 2474 2395 εἰς
2494 2331 2780 2403 θηριωδίαν
2803 2329 3037 2398 ἐσχάτην
3061 2325 3398 2396 ἐληλακότας.
3433 2321 3646 2391 Ἐπειδὴ
3661 2320 3960 2389 δέἐμελλεν

2395 2424 2424 2475 0
2449 2421 2682 2490 Χριστὸς
2711 2415 3127 2489 παραγίνεσθαι,
3174 2416 3267 2467 xal
3293 2415 3390 2483 τὴν
3425 2412 3742 2482 οἰκουμένην
3770 2410 3956 2462 πᾶσαν

2397 2511 2533 2582 πρὸς
2567 2508 2756 2562 ἑαυτὸν
2788 2506 2991 2568 καλεῖν,
3024 2503 3144 2573 οὐχὶ
3167 2503 3254 2556 διά
3290 2503 3397 2555 τῶν
3421 2500 3728 2554 ἀποστόλων
3768 2498 3954 2569 μόνον,

2397 2594 2532 2648 ἀλλά
2567 2596 2661 2647 καὶ
2690 2592 2777 2646 διά
2805 2591 2913 2644 τῶν
2936 2588 3226 2660 προφητῶν
3263 2588 3374 2657 (καὶ
3400 2587 3508 2657 γάρ
3540 2587 3777 2640 κάκεῖνοι
3816 2583 3956 2654 πρὸς

2395 2682 2491 2753 τὴν
2530 2680 2709 2733 πίστιν
2730 2680 2873 2749 ἡμᾶς
2900 2673 3290 2747 χειραγωγοῦσι
3319 2673 3416 2743 τῆς
3439 2670 3533 2724 τοῦ
3557 2669 3789 2742 Χριστοῦ
3812 2667 3959 2737 γνὼ-

2401 2770 2578 2839 σεως),
2606 2766 2903 2839 τηνικαῦτα
2925 2765 3107 2817 λοιπὸν
3127 2762 3364 2833 ὡσπερεί
3384 2778 3531 2825 τινας
3547 2771 3574 2800 ει
3604 2759 3837 2819 εἰσόδους
3858 2758 3960 2810 καὶ

2396 2856 2546 2918 ὁδοὺς
2569 2854 2667 2916 τάς
2693 2852 3045 2923 προφητείας,
3074 2850 3331 2921 πρότερον
3360 2846 3858 2913 ἀποκεκλεισμένας
3885 2844 3956 2912 τῇ

2396 2946 2497 3015 τῆς
2549 2942 2794 3012 γλώττης
2846 2940 3113 3009 ἀσαφείᾳ,
3161 2937 3421 2991 πάντοθεν
3478 2934 3755 3005 ἀνοιγῆναι
3815 2949 3963 3003 παρ-

2398 3032 2659 3087 εσκεύασε
2704 3030 2790 3082 διά
2823 3029 2921 3097 τῆς
2954 3026 3265 3099 ἑρμηνείας,
3294 3027 3379 3079 [va
3429 3025 3623 3085 πάντες
3662 3024 3710 3075 οἰ
3739 3023 3804 3074 ἐκ
3846 3019 3961 3073 τῶν

2396 3122 2565 3174 ἐθνῶν
2596 3118 2925 3187 πανταχόθεν
2954 3114 3288 3187 συρρέοντες,
3335 3112 3429 3166 καὶ
3459 3111 3595 3182 μετά
3624 3109 3823 3179 πολλῆς
3852 3108 3959 3178 τῆς

2397 3208 2642 3271 εὐκολίας
2669 3207 2870 3269 ταύτας
2896 3203 3168 3265 ὁδεύοντες
3205 3201 3303 3264 τὰς
3334 3201 3484 3263 ὀδοὺς
3510 3238 3525 3263 ,
3563 3199 3629 3252 δι’
3656 3196 3834 3251 αὐτῶν
3863 3196 3963 3248 δυ-

2395 3298 2599 3370 νηθῶσι
2625 3297 2759 3367 πρὸς
2790 3296 2880 3347 τὺν
2912 3292 3130 3364 βασιλέα
3155 3290 3264 3345 τῶν
3292 3288 3583 3358 προφητῶν
3618 3286 3814 3351 ἐλθεῖν,
3859 3284 3963 3370 καὶ

2398 3369 2770 3455 προσκυνῆσαι
2800 3378 2877 3449 τῷ
2907 3379 3182 3448 μονογενεῖ
3209 3374 3304 3428 τοῦ
3328 3374 3461 3428 Θεοῦ
3493 3372 3626 3442 Υἰῷ.
3661 3372 3759 3425 Διά
3795 3369 3969 3425 τοῦτο

2397 3471 2503 3541 πρό
2518 3487 2583 3538 γε
2609 3468 2702 3522 τοῦ
2727 3466 2918 3539 χρόνου
2944 3463 3045 3533 τῆς
3076 3462 3378 3533 παρουσίας
3402 3460 3495 3513 τοῦ
3518 3459 3750 3529 Χριστοῦ
3772 3459 3965 3528 ἡρμη-

2396 3556 2662 3627 νεύθησαν
2709 3552 2951 3605 ἀπασαι·
2985 3549 3107 3602 ἐπεὶ
3160 3549 3209 3601 εἰ
3255 3548 3444 3618 ἔμενον
3492 3547 3551 3599 ἐν
3591 3548 3658 3616 τῇ
3711 3543 3964 3615 Ἐϐραῖδι

2396 3644 2658 3713 διαλέκτῳ
2701 3640 2856 3711 μόνον
2885 3677 2901 3704 ,
2932 3636 3083 3705 ἔλεγε
3139 3635 3196 3688 δέ
3223 3636 3252 3688 0
3296 3633 3457 3689 Δαυίδ
3484 3672 3500 3698 ,
3524 3633 3773 3701 Αῖτησαι
3816 3632 3963 3701 παρ’

2394 3725 2562 3798 ἐμοῦ,
2604 3727 2700 3782 καί
2733 3725 2902 3780 δώσω
2935 3736 3035 3777 σοι
3067 3722 3210 3790 ιθνη
3244 3722 3358 3790 τὴν
3381 3717 3782 3788 κληρονομίαν
3811 3732 3960 3779 σου,

2397 3817 2496 3871 καί
2512 3816 2626 3884 τὴν
2643 3811 3010 3881 κατάσχεσιν
3024 3824 3140 3864 σου
3166 3808 3238 3861 τὰ
3253 3806 3476 3876 πέρατα
3495 3805 3604 3873 τῆς
3628 3802 3761 3874 τῆς,
3786 3803 3970 3858 πόθεν

2398 3904 2615 3975 [μελλεν
2644 3901 2836 3954 εἰδέναι
2871 3898 2931 3951 τὸ
2964 3897 3249 3966 λεγόμενον
3279 3898 3306 3948 ό
3335 3894 3522 3964 Σύρος,
3558 3894 3591 3962 ἢ
3619 3892 3647 3943 0
3672 3892 3961 3964 Γαλάτης,

2398 3990 2431 4060 ἧ
2458 3992 2487 4043 0
2513 3984 2793 4047 Μακεδὼν,
2814 3983 2847 4052 ἢ
2872 3984 2901 4035 0
2935 3981 3231 4051 Ἀθηναῖος,
3250 3981 3307 4033 ἐν
3323 3979 3556 4050 ἀσαφείᾳ
3580 3978 3846 4049 μενούσης
3861 3981 3967 4051 τῆς

2398 4076 2649 4149 Γραφῆς;
2693 4074 2863 4127 Πάλιν
2889 4073 2917 4125 0
2952 4068 3177 4130 Ἡσαΐας
3217 4067 3364 4119 ἐϐόα·
3409 4067 3502 4132 Ὠς
3539 4067 3834 4133 πρόϐατον
3859 4067 3967 4120 ἐπὶ

2398 4162 2644 4233 σφαγὴν
2670 4161 2848 4230 ἢχθη,
2904 4154 3053 4229 [184]
3093 4153 3192 4208 καί
3215 4154 3294 4221 ὡς
3323 4152 3510 4222 ἀμνὸς
3544 4153 3822 4207 ἐναντίον
3852 4151 3967 4207 τοῦ

2398 4252 2699 4316 κείροντος
2737 4246 2921 4301 αὐτὸν
2962 4242 3217 4312 ἄφωνος.
3271 4242 3380 4294 Kal
3433 4240 3624 4294 πάλινο
3669 4240 3889 4293 Ἔσται
3924 4242 3965 4310 ἡ

2391 4335 2525 4404 ,ῥίζα
2548 4336 2655 4388 τοῦ
2683 4331 2920 4397 Ἰεσσαὶ,
2940 4330 3037 4382 καὶ
3057 4332 3090 4383 d
3104 4328 3501 4397 ἀνιστάμενος
3521 4326 3725 4392 ἄρχειν
3741 4324 3963 4381 ἐθνῶν·

2398 4422 2491 4477 ἐπ’
2517 4418 2675 4484 αὐτῷ
2700 4419 2843 4484 ἔθνη
2864 4417 3160 4469 ἐλπιοῦσι.
3185 4413 3288 4467 Kal
3316 4412 3474 4467 πάλιν
3495 4428 3511 4444 ο
3539 4411 3970 4479 Πλησθήσεταε

2397 4510 2439 4577 ἡ
2459 4507 2531 4578 τῆ
2558 4506 2664 4561 τοῦ
2692 4502 2910 4575 γνῶναι
2938 4502 3044 4555 τὸν
3068 4502 3303 4569 Κύριον,
3320 4500 3401 4566 ὠς
3426 4498 3579 4567 ὕδωρ
3597 4498 3751 4551 πολὺ
3780 4514 3972 4552 κατα-

2399 4596 2667 4662 καλύψαι
2705 4590 3039 4655 θαλάσσας.
3084 4587 3195 4640 Kal
3236 4588 3264 4638 0
3311 4584 3469 4639 Δαυῒδ
3512 4584 3674 4638 πάλιν
3720 4584 3915 4653 ελεγεν
3948 4600 3967 4616 ο

2413 4682 2608 4749 Ἀνέϐη
2666 4682 2699 4734 ό
2750 4678 2892 4743 Θεὸς
2935 4678 3004 4729 ἐν
3038 4671 3383 4744 ἀλαλαγμῷ,
3423 4674 3634 4741 Κύριος
3668 4673 3737 4725 ἐν
3788 4672 3971 4741 φωνῇ

2399 4770 2730 4836 σάλπιγγος
2747 4784 2760 4798 ·
2797 4765 2889 4819 καὶ
2912 4764 3074 4817 πάλιν
3094 4778 3109 4792 ·
3141 4757 3325 4815 Εἶπεν
3356 4762 3389 4813 ὁ
3428 4760 3640 4826 Κύριος
3660 4757 3739 4823 τῷ
3764 4760 3973 4828 Κυρίῳ

2394 4874 2511 4927 μου
2531 4875 2544 4888 ·
2562 4855 2757 4910 Κάθου
2786 4854 2852 4906 ἐκ
2878 4849 3089 4915 δεξιῶν
3102 4866 3239 4918 μου,
3257 4848 3366 4913 ἕως
3379 4850 3534 4904 ἂνθῶ
3550 4846 3690 4911 τοὺς
3707 4847 3974 4915 ἐχθρούς

2399 4962 2515 4999 σου
2552 4942 2881 4998 ὑποπόδιον
2905 4938 3022 4992 τῶν
3042 4934 3241 4990 ποδῶν
3272 4950 3408 4991 σου.

2468 5079 2538 5147 γ,
2590 5073 2744 5130 Ἐπεὶ
2773 5066 2865 5125 οῦν
2898 5066 3142 5137 καὶπερὶ
3168 5065 3263 5118 τοῦ
3294 5063 3516 5127 πάθους.
3551 5061 3645 5115 καὶ
3690 5060 3824 5126 περὶ
3868 5062 3974 5130 τῆς

2400 5166 2763 5226 ἀναστάσεως,
2804 5161 2897 5213 καὶ
2932 5156 3061 5229 περὶ
3099 5155 3195 5225 τῆς
3221 5152 3554 5223 ἀναλήψεως,
3584 5150 3675 5203 καὶ
3709 5149 3844 5219 περὶ
3872 5151 3975 5220 τῆς

2398 5257 2463 5309 ἐκ
2506 5252 2693 5319 δεξιῶν
2735 5248 3021 5318 καθέδρας,
3059 5242 3154 5296 καὶ
3194 5242 3323 5310 περὶ
3368 5240 3466 5309 τῆς
3508 5236 3759 5306 δευτέρας
3797 5234 3975 5288 αὐτοῦ

2399 5341 2713 5415 παρουσίας.
2738 5337 2828 5390 καὶ
2857 5334 2983 5403 περὶ
3014 5330 3227 5383 πάντων
3247 5326 3445 5380 τούτων
3474 5323 3653 5385 ἁπλῶς
3670 5320 3780 5373 τῶν
3808 5322 3873 5375 ἐν
3904 5323 3976 5392 τῇ

2459 5505 2485 5534 ε
2514 5503 2610 5553 Am
2636 5502 2794 5559 ὥσπερ
2830 5495 2903 5559 εἰς
2943 5509 3081 5559 τινας.
3110 5490 3260 5559 Sui].
3308 5484 3510 5549 ὡσπερεί
3538 5484 3983 5559 τιναςαιθεοηςίιιω

2395 5545 2626 5629 pou-CV?!
2640 5545 2803 5629 ἶριιιάι
2827 5545 2983 5629 ιοέυιῐι
3019 5545 3101 5629 δίε,
3118 5545 3983 5629 @9392???‘2':-“’SZ‘E.E'§.§.‘:

2393 5606 2631 5682 ξᾶςῖἒοῦξ
2654 5606 3064 5682 Ῠέμπεφραγμένας,
3086 5619 3171 5667 aut
3206 5609 3324 5675 quid
3360 5606 3537 5663 simile.
3562 5606 3665 5668 Ego
3709 5617 3829 5654 vero
3856 5611 3994 5665 pulo.

2393 5689 2552 5738 locum
2583 5684 2713 5735 bene
2733 5684 2936 5731 habere.
