4148 6306
245 281 357 339 177

244 380 393 445 dam,
425 380 478 437 in
506 381 685 438 Veteri
711 382 1049 439 Testamento
1077 384 1305 452 reposita
1340 386 1532 453 erant).
1568 386 1803 441 velamen

1197 272 1285 328 DE
1323 272 1847 329 PROPHETIARUM
1887 273 2371 335 OBSCURITATE.
2415 279 2477 335 II.

3379 309 3489 363 178

1914 400 2071 443 mone
2096 388 2590 448 demonstravimus.
2634 394 2709 449 Ne
2736 410 2862 451 vero
2892 396 3152 454 fastidium
3177 401 3326 456 vobis
3353 419 3472 459 rut-b

244 471 495 535 habebat.
522 474 646 529 dum
677 475 779 529 illis
803 477 1014 546 quidem
1038 493 1097 532 se
1122 476 1525 546 attemperabat,
1548 477 1699 532 nobis
1717 493 1811 530 au-
1912 491 2001 530 sus
2031 479 2311 545 pariamus,
2333 483 2380 534 si
2408 481 2592 535 eadem
2622 483 2879 550 dicamus,
2909 501 3084 556 opcrze
3114 501 3335 558 pretium
3361 491 3466 548 fue~

243 571 353 616 tem
380 562 587 619 divitias
613 581 798 623 omnes
826 568 1146 634 reservabat,
1170 578 1223 623 ut
1250 584 1368 623 cum
1394 568 1634 623 Christus
1653 570 1782 623 adve

238 653 400 715 nerit,
430 663 485 707 et
503 653 568 707 ad
593 656 764 723 ipsum
785 671 883 711 nos
910 658 1346 722 converterimus,
1376 660 1614 714 velamen
1660 659 1808 712 tolla-

240 754 347 796 tur.
382 743 584 800 Videtis
631 762 758 817 ergo
804 748 856 802 in
898 760 1147 817 quantam
1190 764 1287 804 nos
1328 750 1582 804 adventus
1610 748 1802 805 Christi

235 837 543 902 provexerit
586 837 912 907 dignitatem,
964 840 1051 909 qui
1095 839 1287 911 Moysis
1330 842 1381 896 in
1428 842 1665 897 ordinem
1708 857 1802 896 nos

233 925 501 979 cvexerit.
548 927 614 979 At
658 927 880 983 fortasse
924 928 1063 984 dicet
1107 931 1341 999 aliquis:
1376 929 1481 985 Cur
1508 929 1664 1000 igitur
1693 942 1798 985 tum

234 1013 495 1081 temporis
518 1014 827 1069 dicebantur
853 1016 962 1083 illa,
1006 1017 1050 1071 si
1095 1018 1370 1073 manifesta
1414 1033 1516 1073 non
1547 1029 1692 1073 erant
1723 1019 1802 1072 fu-

232 1113 351 1154 tura
377 1119 498 1171 qua:
537 1103 880 1160 dicebantur?
907 1106 971 1164 Ut
997 1110 1222 1177 posteris
1257 1110 1501 1163 nimirum
1532 1112 1674 1164 utilia
1708 1112 1800 1166 fie-

229 1203 371 1246 rent.
406 1192 530 1249 Ilaec
568 1197 709 1250 enim
739 1205 823 1252 est
864 1197 1088 1267 dignitas
1114 1200 1423 1268 prophetiae,
1466 1216 1569 1254 non
1611 1210 1667 1254 ut
1712 1216 1797 1256 res

226 1292 526 1350 presentes
549 1284 844 1351 denuntiet,
875 1287 968 1342 sed
997 1298 1053 1342 ut
1078 1287 1277 1342 futuras
1306 1291 1639 1357 prmnuntiet.
1672 1289 1799 1345 Pro-

225 1374 413 1442 phetia
443 1389 603 1443 porro
629 1391 749 1430 cum
778 1377 982 1433 occulte
1007 1378 1207 1447 prolata
1256 1378 1432 1445 fuerit,
1464 1387 1582 1448 post
1618 1394 1793 1434 rerum

222 1474 482 1521 eventum
513 1466 571 1521 fit
596 1467 943 1532 manifestior,
980 1477 1104 1524 ante
1132 1479 1378 1524 eventum
1404 1485 1529 1524 vero
1555 1470 1789 1525 minime.

223 1552 416 1625 Itaque
456 1558 579 1626 quia
625 1566 736 1612 tum
772 1558 999 1615 obscure
1036 1560 1362 1625 dicebantur,
1391 1562 1578 1630 ignotte
1603 1571 1790 1616 erant:

218 1660 350 1701 cum
365 1658 545 1703 autem
562 1663 647 1704 res
661 1651 1008 1720 contigerant,
1026 1660 1301 1720 propterea
1316 1652 1589 1706 manifesta
1617 1661 1789 1717 erant,

217 1752 346 1806 quae
386 1737 531 1792 dicta
555 1737 786 1793 fuerant.
827 1742 998 1809 Atque
1025 1749 1083 1794 ut
1107 1740 1439 1811 prophetiam
1466 1741 1787 1811 intelligatis,

216 1827 350 1883 licet
379 1830 549 1885 multo
575 1840 697 1887 ante
725 1841 960 1901 tempore
983 1831 1121 1888 dicta
1147 1832 1236 1899 sit,
1263 1832 1356 1887 sed
1385 1842 1556 1888 tamen
1585 1834 1791 1889 occulte

214 1917 387 1985 dicta,
418 1920 699 1975 obscuram
731 1935 869 1987 esse,
892 1936 956 1976 ac
981 1936 1155 1976 rerum
1184 1931 1430 1977 eventum
1458 1932 1784 1991 exSpectare,

213 2008 606 2078 discipulorum
641 2010 877 2081 ipsorum
914 2011 965 2066 id
994 2012 1238 2081 exemplo
1260 2013 1636 2082 comprobabo.
1670 2014 1790 2068 Sol-

212 2101 316 2154 vite
334 2102 582 2171 templum
604 2103 697 2157 hoc
718 2101 893 2167 (Joan.
915 2103 969 2157 2.
990 2103 1101 2175 i9),
1123 2105 1296 2159 aiebat
1315 2103 1555 2159 Christus
1569 2104 1784 2159 Iudaeis.

211 2188 351 2244 Nam
385 2206 510 2246 cum
535 2206 629 2247 eos
657 2193 922 2263 eiecisset,
952 2194 1042 2263 qui
1080 2196 1435 2264 negotiatione
1473 2211 1564 2249 sua
1608 2196 1786 2265 templi

210 2282 559 2337 sanctitatem
605 2283 885 2349 violarant,
933 2284 1185 2339 dixerunt
1232 2286 1305 2339 illi
1343 2304 1357 2340 :
1404 2286 1549 2352 Quod
1589 2287 1787 2355 signum

209 2372 444 2426 ostendis
482 2373 643 2436 nobis,
690 2375 807 2442 quia
848 2376 953 2428 lucc
989 2368 1115 2444 facis
1137 2373 1294 2442 (Ibid.
1326 2390 1375 2428 υ.
1406 2376 1534 2442 i8)?
1558 2376 1690 2429 Tum
1718 2376 1784 2430 ad

209 2460 317 2515 hoc
347 2461 671 2530 reapondet:
699 2462 889 2517 Soluite
908 2464 1146 2532 templum
1169 2464 1282 2529 hoc,
1305 2474 1350 2519 et
1372 2464 1425 2517 in
1442 2465 1594 2518 tribus
1613 2466 1784 2519 diebus

209 2554 446 2608 excitabo
473 2553 625 2607 illud.
651 2553 752 2608 Ille
774 2563 940 2608 autem
959 2556 1150 2608 dicebat
1170 2554 1231 2608 de
1260 2556 1443 2623 templo
1462 2556 1686 2625 corporis
1705 2557 1781 2610 sui

210 2642 377 2715 (Ibid.
410 2658 459 2697 υ.
483 2642 600 2713 2i).
630 2643 743 2699 Hoc
759 2652 934 2698 autem
954 2643 1226 2714 prophetia
1252 2645 1491 2715 quaedam
1518 2654 1631 2700 est:
1653 2661 1785 2700 non-

205 2733 341 2787 dum
369 2733 568 2802 quippe
591 2747 719 2787 crux
748 2742 1015 2799 evenerat,
1046 2749 1216 2804 neque
1245 2734 1426 2805 templi
1452 2735 1666 2803 solutio,
1689 2751 1783 2791 ne-

207 2840 313 2893 que
340 2832 465 2893 post
490 2833 599 2880 tres
621 2825 737 2880 dies
762 2826 1097 2891 resurrectio,
1126 2842 1284 2898 quam
1312 2828 1424 2896 ipse
1452 2826 1591 2882 fecit.
1615 2829 1691 2882 Ac
1706 2828 1783 2882 vi-

208 2913 279 2969 de
307 2929 471 2983 quam
498 2923 686 2970 exacte
705 2926 925 2986 utraque
951 2916 1255 2987 designarit,
1283 2925 1338 2972 et
1364 2917 1574 2973 illorum
1610 2918 1777 2973 audax

209 3004 444 3070 facinus,
472 3015 525 3060 et
549 3020 699 3061 suam
744 3007 906 3076 ipsius
931 3007 1196 3062 virtutem.
1227 3008 1342 3063 Non
1372 3017 1545 3063 tamen
1571 3025 1634 3064 ea
1658 3025 1779 3079 quae

207 3093 528 3149 dicebantur
551 3104 894 3165 agnoverunt.
918 3098 995 3152 Ac
1017 3097 1229 3153 Iudaeos
1248 3097 1462 3167 quidem
1486 3098 1773 3168 ignorasse,

209 3184 433 3239 minime
463 3186 762 3239 mirum:at
808 3201 877 3241 ne
916 3186 1203 3257 discipulos
1230 3188 1439 3257 quidem
1479 3190 1594 3258 ejus
1624 3190 1778 3243 intel-

211 3274 410 3328 lexisse
440 3273 587 3339 dicit,
617 3290 893 3346 quousque
917 3292 948 3330 a
976 3279 1199 3333 mortuis
1221 3279 1526 3344 resurrexit,
1562 3288 1776 3349 tumque

209 3364 542 3419 Crediderunt
584 3366 863 3437 Scriptum
899 3385 960 3422 ac
998 3371 1235 3438 sermoni,
1278 3386 1421 3441 quem
1462 3370 1589 3424 dixit
1625 3369 1776 3426 Iesus

210 3453 371 3520 \Ibid.
396 3472 444 3510 υ.
472 3456 585 3525 22).

276 3545 333 3598 2.
377 3545 535 3600 Vides
573 3556 764 3601 eventu
804 3549 922 3603 illos
960 3548 1245 3619 indiguisse
1274 3566 1472 3613 rerum,
1500 3559 1556 3604 ut
1584 3549 1768 3603 diluci-

208 3633 325 3689 dior
344 3634 497 3691 fieret
530 3637 826 3707 prophetia,
848 3652 1019 3707 neque
1042 3639 1246 3693 crimini
1274 3639 1581 3693 vertendum
1611 3639 1771 3693 fuisse

207 3726 428 3789 Judaeis,
466 3727 607 3798 quod
645 3729 947 3797 prophetias
972 3729 1088 3783 illas
1107 3730 1174 3785 de
1197 3729 1407 3784 Christo
1433 3740 1553 3785 ante
1578 3730 1770 3785 Christi

207 3816 493 3871 adventum
517 3832 620 3872 non
648 3818 998 3887 intelligerent
1011 3820 1035 3873 ἲ
1049 3818 1314 3889 Siquidem
1338 3835 1429 3888 per
1448 3820 1562 3888 ejus
1576 3818 1773 3875 adven-

208 3915 319 3959 tum
367 3907 523 3961 clam
566 3907 851 3963 reddendae
887 3908 1093 3964 fuerant
1116 3920 1170 3964 et
1203 3919 1419 3980 apertze.
1450 3912 1585 3965 Audi
1619 3909 1772 3966 Chri-

207 4003 349 4048 stum
398 3996 499 4049 hoc
550 3996 854 4051 dicentem:
896 3997 959 4052 Si
1003 4015 1102 4051 non
1140 4000 1411 4064 venissem,
1452 4009 1498 4052 et
1537 3998 1771 4063 loquutus

208 4082 413 4151 {absent
463 4083 554 4147 eis,
600 4093 856 4151 peccatum
902 4102 1005 4139 non
1052 4086 1285 4141 haberent
1314 4087 1490 4157 (Joan.
1532 4088 1622 4143 15.
1652 4072 1770 4159 2i).

207 4171 382 4236 Quare
423 4182 696 4240 peccatum
734 4188 841 4227 non
870 4173 1151 4242 habebant,
1183 4175 1228 4229 si
1255 4176 1542 4246 pr0phetize
1576 4179 1769 4247 praedi-

208 4271 393 4317 xerant
412 4263 436 4315 ‘l
455 4263 586 4330 Quia
611 4264 958 4332 praedixerant
978 4265 1206 4335 quidem,
1232 4267 1324 4321 sed
1354 4267 1644 4322 manifestae
1664 4283 1768 4323 non

207 4366 359 4410 erant
385 4371 557 4426 neque
581 4358 736 4413 clam
760 4368 883 4414 ante
909 4358 1046 4413 illius
1069 4359 1352 4413 adventum
1376 4360 1462 4429 qui
1491 4359 1769 4426 praedictus

210 4444 397 4498 fuerat.
434 4446 564 4501 Nam
603 4448 646 4501 si
678 4458 789 4502 tum
830 4463 1038 4519 quoque
1076 4448 1367 4503 manifestae
1405 4449 1507 4503 illis
1534 4458 1589 4503 et
1614 4450 1767 4504 clara

210 4533 449 4599 fuissent,
478 4534 616 4588 haud
643 4535 860 4591 dubium
886 4539 1012 4606 quin
1045 4540 1203 4592 etiam
1228 4548 1353 4593 ante
1378 4538 1542 4607 ipsius
1567 4539 1767 4595 adven-

212 4634 317 4678 tum
363 4635 634 4693 peccatum
689 4626 1039 4682 habuissent:
1091 4628 1230 4699 quod
1268 4629 1310 4682 si
1348 4638 1620 4697 peccatum
1662 4647 1765 4687 non

214 4716 539 4782 habuerunt,
566 4717 780 4773 dubium
808 4732 913 4773 non
938 4727 1049 4784 est,
1078 4720 1201 4788 quin
1229 4727 1443 4788 propter
1466 4735 1645 4774 earum
1672 4722 1767 4775 oh-

214 4806 533 4869 scuritatem,
560 4815 614 4860 et
643 4807 890 4876 quoniam
911 4804 1118 4861 obtecta
1147 4806 1351 4861 fuerant
1375 4822 1492 4875 quae
1516 4807 1759 4862 diceban-

216 4907 313 4950 tur.
334 4894 516 4963 Neque
535 4894 674 4950 enim
698 4905 823 4951 ante
840 4896 1035 4951 Christi
1064 4897 1344 4951 adventum
1371 4896 1505 4951 fides
1530 4897 1582 4950 in
1613 4897 1766 4951 Chri-

215 4999 347 5041 stum
376 4985 444 5039 ab
468 4986 572 5040 illis
592 4986 917 5056 exigebatur.
945 4987 1053 5042 Cur
1089 4988 1267 5057 itaque
1299 4995 1409 5041 tum
1442 4988 1762 5055 praediceba-

218 5086 295 5132 tur
319 5077 343 5130 ?
367 5076 436 5133 Ut
460 5093 580 5133 cum
606 5078 941 5144 advenisset,
969 5079 1288 5134 domesticos
1328 5076 1572 5133 doctores
1601 5078 1763 5133 habe-

217 5177 327 5224 rent
348 5183 378 5222 a
401 5169 590 5239 quibus
612 5169 971 5235 incitarentur,
989 5178 1045 5224 et
1064 5169 1416 5238 intelligerent
1438 5183 1547 5223 rem
1575 5182 1760 5222 novam

216 5275 311 5314 non
343 5273 463 5315 esse
491 5274 609 5329 quas
642 5259 977 5329 gerebantur,
1004 5274 1176 5330 neque
1203 5269 1469 5315 recentem
1493 5258 1764 5328 dispensa-

216 5349 422 5404 tionem.
451 5349 547 5403 sed
595 5349 709 5403 haec
744 5348 869 5403 olim
905 5357 960 5403 et
999 5359 1122 5404 ante
1161 5350 1352 5404 multos
1396 5364 1563 5403 annos
1601 5349 1761 5403 fuisse

216 5445 548 5507 prtenuuttata
579 5454 593 5490 :
624 5438 675 5492 id
700 5437 837 5508 quod
865 5452 968 5492 non
1008 5438 1342 5494 mediocriter
1365 5438 1528 5491 valuit
1551 5436 1614 5491 ad
1642 5436 1761 5492 illos

211 5530 270 5586 ad
286 5529 437 5584 fidem
470 5528 797 5584 alliciendos.
819 5529 943 5585 Haec
959 5529 1115 5597 igitur
1144 5544 1245 5583 una
1271 5537 1356 5584 est
1379 5543 1538 5583 causa
1565 5527 1758 5583 obscu-

210 5623 366 5680 sitatis
387 5664 404 5691 ,
431 5637 593 5693 quam
620 5621 857 5691 pluribus
878 5622 1192 5678 testimoniis
1226 5622 1278 5677 in
1310 5621 1623 5691 pmcedeuli
1646 5635 1757 5677 ser-

1910 566 1978 619 rit
2008 566 2076 621 ab
2104 584 2164 622 ea
2189 569 2477 636 discedere,
2508 582 2663 642 atque
2688 576 2904 630 alteram
2931 578 3185 646 proferre,
3214 598 3329 649 qua:
3358 599 3465 641 non

1906 652 2012 721 jam
2039 658 2318 712 obscurum
2343 671 2397 714 et
2425 662 2655 729 ignotum
2681 703 2696 727 ,
2721 665 2819 719 sed
2858 666 3122 722 difficilius
3149 669 3463 726 Testamen-

1911 755 2016 799 tum
2044 746 2205 801 Vetus
2232 750 2410 803 efﬁcit.
2439 752 2592 805 Aliud
2614 754 2752 806 enim
2774 765 2855 807 est
2879 756 3006 809 nihil
3032 759 3248 812 omnino
3276 776 3459 815 eorum

1906 850 2061 891 nosse
2082 877 2097 902 ,
2136 854 2252 907 qua:
2279 841 2484 904 insunt,
2512 850 2565 895 et
2588 843 2823 898 velamen
2866 845 3165 915 impositum
3194 865 3414 905 cernere
3442 870 3457 905 ε

1904 926 2044 979 aliud
2073 937 2248 982 autem
2275 930 2511 986 invenire
2546 948 2664 1001 qua:
2692 933 2936 990 dicuntur
2956 972 2974 1003 ,
3010 938 3102 992 sed
3129 954 3250 993 cum
3278 940 3461 997 labore

1902 1029 2156 1072 Invenire.

1972 1105 2202 1159 Secunda
2243 1124 2393 1161 causa
2439 1110 2748 1165 obscuritatis
2800 1110 2987 1168 Veteris
3022 1114 3344 1170 Testamenti.
3385 1145 3459 1158 —-

1899 1198 2147 1264 Quaenam
2175 1200 2333 1269 igitur
2358 1211 2439 1256 est
2462 1204 2690 1257 secunda
2719 1218 2899 1269 causa,
2933 1219 3143 1275 prepter
3168 1223 3321 1276 quam
3352 1208 3455 1261 dif-

1898 1289 2085 1343 ficilius
2130 1290 2288 1346 Vetus
2320 1303 2401 1347 est
2436 1293 2833 1348 Testamentum
2876 1312 3029 1365 quam
3070 1298 3307 1352 Novum?
3335 1299 3450 1354 Non

1898 1377 2152 1433 habemus
2184 1384 2361 1435 nativo
2404 1392 2584 1436 nostro
2623 1384 2870 1439 idiomate
2906 1388 3154 1455 scriptum
3185 1389 3323 1457 apud
3353 1405 3452 1445 nos

1898 1469 2057 1523 Vetus
2088 1471 2509 1527 Testamentum:
2538 1473 2631 1528 sed
2661 1475 2759 1528 alia
2786 1477 2996 1544 quidem
3024 1477 3199 1546 lingua
3236 1495 3450 1549 compo-

1894 1560 2050 1614 situm
2097 1571 2198 1627 est,
2242 1563 2344 1616 alia
2383 1579 2508 1618 vero
2538 1579 2633 1618 nos
2672 1565 2797 1619 illud
2840 1566 3113 1636 legendum
3154 1551 3447 1624 habemus:

1894 1665 2013 1704 nam
2050 1665 2080 1704 a
2112 1654 2366 1722 principio
2403 1654 2657 1711 Hebraico
2682 1659 3037 1727 conscriptum
3061 1668 3142 1713 est
3175 1660 3447 1735 idiomate,

1892 1756 1991 1795 nos
2014 1752 2187 1797 autem
2217 1744 2394 1800 Graeca
2426 1746 2601 1816 lingua
2627 1762 2933 1815 expressum
2955 1752 3251 1817 accepimus
3282 1768 3294 1802 :
3323 1765 3443 1805 cum

1890 1846 2019 1885 vero
2049 1832 2100 1885 in
2138 1834 2353 1887 alteram
2401 1836 2626 1905 linguam
2664 1837 3093 1904 interpretatione
3131 1841 3441 1894 translatum

1891 1920 2067 1988 fuerit,
2099 1924 2378 1977 maximam
2404 1926 2561 1979 habet
2590 1925 2970 1980 difficultatem.
2998 1930 3170 1996 Atque
3199 1930 3301 1985 hoc
3322 1944 3442 1998 pro-

1888 2011 1956 2067 he
1979 2014 2167 2079 sciunt,
2190 2017 2500 2087 quicumque
2516 2017 2706 2072 multas
2734 2019 2940 2088 linguas
2963 2021 3174 2085 callent,
3200 2020 3312 2075 fieri
3337 2036 3442 2077 non

1888 2119 2044 2173 posse
2068 2116 2119 2160 ut
2150 2107 2260 2176 pari
2300 2109 2667 2178 perspicuitate
2700 2112 2988 2164 sententias
3019 2127 3203 2166 omnes
3242 2129 3306 2167 ex
3348 2129 3443 2167 na-

1891 2196 1993 2247 tiva
2034 2209 2125 2247 sua
2173 2196 2345 2266 lingua
2385 2197 2437 2250 in
2485 2198 2701 2251 alteram
2737 2199 3129 2268 interpretando
3158 2202 3443 2257 transfera-

1887 2298 2025 2338 mus.
2057 2285 2178 2339 Hrec
2208 2285 2366 2355 igitur
2402 2302 2562 2342 causa
2598 2288 2918 2344 difficultatis
2953 2292 3153 2344 exstitit
3183 2293 3233 2344 in
3268 2293 3440 2347 Veteri

1886 2375 2242 2431 Testamento.
2289 2377 2420 2431 Nam
2462 2389 2581 2432 ante
2629 2380 2819 2432 Christi
2867 2380 3143 2433 adventum
3189 2384 3441 2437 trecentis

1881 2468 2067 2531 annis,
2091 2465 2452 2535 Egyptiorum
2484 2480 2607 2535 rege
2651 2466 2953 2531 Ptolemmo,
2988 2467 3040 2521 in
3070 2468 3304 2523 Grmcam
3338 2470 3438 2523 lin-

1881 2570 2034 2623 guam
2060 2555 2366 2609 translatum
2394 2565 2473 2609 est
2506 2555 2897 2609 Testamentum
2935 2556 3094 2610 Vetus
3122 2558 3270 2611 valde
3300 2560 3440 2612 utili-

1883 2653 1964 2698 ter
1991 2652 2045 2697 et
2068 2643 2612 2711 fructuose.Quamdiu
2644 2645 2781 2698 enim
2804 2660 2922 2697 cum
2951 2660 3049 2697 una
3076 2656 3231 2715 gente
3258 2647 3439 2715 loque-

1881 2732 2052 2797 batur,
2102 2734 2153 2787 in
2194 2732 2445 2808 liebraica
2489 2734 2659 2803 lingua
2703 2734 2963 2788 manebat.
3014 2734 3201 2789 Nullus
3243 2740 3438 2806 quippe

1882 2833 2007 2879 tunc
2033 2825 2264 2878 animum
2286 2825 2362 2879 illi
2389 2825 2714 2879 adhibiturus
2743 2836 2857 2878 erat
2877 2865 2892 2888 ,
2919 2841 3037 2878 cum
3058 2827 3315 2894 reliquum
3345 2843 3437 2897 ge-

1880 2930 1981 2970 nus
2010 2917 2291 2970 humanum
2314 2914 2377 2970 ad
2407 2929 2663 2969 summam
2687 2916 3062 2968 immanitatem
3086 2918 3431 2983 pervenisset.

1880 3005 1977 3061 Ubi
2021 3020 2148 3060 vero
2184 3004 2422 3059 Christus
2446 3014 2728 3058 eventurus
2777 3003 2898 3067 fuit,
2928 3014 2981 3057 et
3008 3005 3308 3058 universum
3339 3019 3432 3057 or-

1878 3096 1997 3151 bem
2050 3105 2308 3151 terrarum
2355 3095 2421 3149 ad
2462 3110 2521 3150 se
2563 3104 2866 3157 vacaturus,
2910 3109 3012 3147 non
3050 3110 3143 3163 per
3167 3096 3436 3162 apostolos

1880 3196 2081 3241 tantum
2102 3228 2114 3248 ,
2145 3187 2239 3241 sed
2274 3201 2367 3256 per
2408 3184 2689 3255 prophetas
2728 3200 2935 3253 quoque
2964 3183 3124 3257 (nam
3155 3196 3208 3239 et
3238 3185 3307 3239 illi
3339 3202 3434 3240 nos

1878 3276 1941 3331 ad
1971 3278 2123 3332 fidem
2154 3276 2463 3344 cognitionis
2486 3274 2680 3329 Christi
2706 3273 3012 3345 deducunt),
3048 3284 3153 3327 tum
3180 3277 3433 3343 temporis

1878 3375 2141 3435 tamquam
2181 3347 2353 3419 aditus
2384 3372 2438 3418 et
2482 3364 2593 3417 vias
2625 3362 2877 3431 quasdam
2921 3363 3240 3430 pr0phetias,
3277 3371 3432 3418 antea

1876 3458 2065 3527 linguae
2108 3455 2425 3510 obscuritate
2462 3454 2668 3507 clausas
2716 3461 2771 3505 et
2813 3452 3135 3517 obstructas,
3176 3452 3321 3505 omni
3360 3468 3426 3506 ex

1875 3556 2023 3616 parte
2064 3545 2264 3602 curavit
2299 3544 2726 3611 interpretatione
2767 3542 3021 3608 reserari,
3062 3552 3119 3595 ut
3156 3558 3342 3597 omnes
3364 3559 3431 3598 ex

1872 3636 2114 3706 gentibus
2134 3634 2362 3704 undique
2385 3632 2731 3697 confluentes,
2761 3640 2815 3686 et
2844 3633 3005 3686 multa
3034 3648 3152 3687 cum
3181 3633 3435 3690 facilitate

1875 3740 1969 3795 per
2016 3724 2110 3778 has
2150 3724 2262 3777 vias
2304 3722 2625 3786 incedentes,
2672 3731 2884 3791 possent
2915 3722 2981 3776 ad
3022 3722 3218 3791 Regem
3256 3725 3428 3791 ipsum

1874 3816 2247 3887 prophetarum
2292 3816 2491 3877 venire,
2540 3823 2694 3881 atque
2734 3812 3056 3882 unigenitum
3100 3813 3187 3866 Dei
3235 3814 3426 3868 Filium

1872 3907 2112 3961 adorare.
2140 3904 2220 3959 0b
2247 3906 2380 3958 hanc
2407 3918 2620 3959 causam
2648 3904 2827 3970 utique
2852 3912 2974 3957 ante
3000 3902 3196 3958 Christi
3236 3905 3432 3960 adven-

1873 4005 1983 4050 tum
2012 4009 2194 4048 omnes
2224 3992 2651 4062 interpretatione
2697 4002 2819 4047 sunt
2844 4007 3108 4062 expressa:
3136 4011 3150 4047 :
3178 3996 3425 4063 quoniam

1872 4088 1916 4139 sl
1936 4086 1985 4139 in
2013 4084 2271 4139 Hebraico
2301 4084 2547 4137 idiomate
2588 4082 2757 4136 solum
2795 4084 2991 4137 relictae
3017 4094 3232 4149 essent,
3262 4085 3425 4139 David

1871 4184 2044 4228 autem
2072 4173 2308 4240 dixisset,
2330 4172 2537 4226 Postulo
2562 4189 2593 4225 a
2619 4187 2715 4235 me,
2747 4182 2794 4224 et
2822 4172 2949 4224 dabo
2977 4172 3061 4224 tibi
3089 4182 3259 4241 gentes
3288 4173 3429 4225 here-

1871 4265 2074 4317 ditatem
2115 4273 2270 4329 tuam,
2324 4272 2369 4317 et
2416 4262 2770 4334 possessionem
2820 4270 2954 4312 tuam
3002 4261 3235 4313 terminos
3285 4270 3431 4315 terra

1872 4356 2039 4426 (Psal.
2061 4356 2116 4410 2.
2139 4356 2217 4425 8),
2242 4354 2381 4409 unde
2406 4355 2662 4423 potuisset
2686 4366 2841 4405 nosse
2868 4351 3005 4419 quod
3033 4351 3229 4406 dictum
3256 4352 3427 4408 fuerat

1870 4447 2057 4518 Syrus,
2087 4448 2173 4501 vel
2198 4446 2397 4511 Gaiata,
2426 4444 2506 4497 vel
2532 4443 2768 4509 Macedo,
2799 4443 2882 4496 vei
2914 4443 3273 4509 Atheniensis,
3304 4460 3424 4499 cum

1869 4536 2192 4592 obscuritate
2248 4532 2476 4586 involuta
2526 4532 2794 4600 Scriptura
2842 4531 3170 4585 mansisset?
3220 4532 3427 4587 Rursus

1869 4624 2126 4680 clamabat
2150 4622 2311 4677 Isaias
2341 4638 2354 4674 :
2388 4621 2533 4675 Sicut
2562 4621 2664 4674 ovis
2691 4619 2757 4672 ad
2782 4621 3073 4674 occisionem
3114 4621 3291 4673 ductus
3334 4632 3424 4686 est,

1868 4725 1915 4769 et
1936 4717 2063 4768 sicut
2086 4730 2245 4784 agnus
2265 4729 2433 4767 coram
2457 4714 2687 4766 tondente
2721 4728 2775 4765 se
2801 4721 2966 4764 mutus
2992 4710 3056 4781 (I
3063 4712 3159 4765 sai.
3188 4713 3273 4766 53.
3309 4712 3342 4766 7
3364 4713 3380 4778 )
3408 4728 3424 4775 ;

1867 4815 1920 4862 et
1947 4821 2129 4860 rursus
2157 4827 2170 4860 :
2214 4806 2326 4859 Erit
2352 4805 2500 4858 radix
2524 4802 2708 4867 Iesse,
2738 4811 2786 4855 et
2806 4806 2893 4873 qui
2913 4807 3182 4874 consurgit
3208 4813 3261 4855 ut
3286 4803 3428 4871 prin-

1866 4914 1980 4967 ceps
2016 4900 2079 4952 sit
2118 4900 2335 4969 gentium
2365 4914 2385 4962 ,°
2421 4898 2473 4950 in
2506 4897 2615 4963 ipso
2643 4905 2808 4964 gentes
2832 4896 3099 4961 sperabunt
3128 4895 3146 4957 (
3178 4891 3306 4945 Isai.
3334 4894 3424 4946 li.

1868 4990 1977 5059 10);
1999 4999 2052 5045 et
2071 5005 2251 5044 rursus
2281 5008 2295 5043 :
2327 4989 2613 5050 Replebitur
2650 4995 2780 5037 terra
2816 4984 3094 5053 cognitione
3115 4980 3342 5044 Domini,
3373 4992 3428 5034 ut

1865 5082 2009 5149 quasi
2026 5096 2153 5149 aqua
2179 5079 2338 5132 multa
2362 5076 2611 5144 cooperiat
2637 5076 2797 5127 maria
2824 5073 2841 5136 (
2866 5072 3000 5125 Ibid.
3029 5088 3077 5124 υ.
3100 5072 3192 5141 9).
3218 5072 3286 5125 Et
3317 5072 3420 5125 Da-

1865 5170 1953 5224 vid
1978 5185 2160 5224 rursus
2183 5169 2392 5223 dicebat
2418 5180 2433 5219 :
2462 5166 2696 5219 Ascendit
2722 5164 2859 5216 Deus
2884 5165 2935 5216 in
2955 5162 3277 5232 jubilatione,
3317 5160 3425 5213 Do-

1865 5261 2029 5313 minus
2058 5260 2109 5312 in
2140 5274 2253 5311 voce
2278 5257 2441 5324 tuba:(
2474 5254 2617 5308 Psal.
2648 5254 2735 5307 46.
2769 5254 2875 5324 6);
2908 5262 2961 5306 et
3004 5266 3187 5304 rursus
3222 5268 3235 5301 :
3286 5250 3427 5303 Dixit

1865 5348 2113 5404 Dominus
2154 5348 2367 5400 Domino
2414 5363 2542 5410 meo,
2590 5345 2726 5399 Sede
2764 5360 2795 5396 a
2841 5343 3028 5396 dextris
3076 5341 3215 5405 meis,
3268 5355 3428 5393 donec

1866 5455 2049 5509 ponam
2092 5437 2318 5491 inimicos
2361 5446 2470 5491 tuos
2500 5434 2773 5489 scabellum
2809 5432 2991 5503 pedum
3026 5439 3224 5482 tuorum
3251 5428 3425 5498 ipset.

1866 5527 2165 5677 1(Eum
2203 5617 2356 5690 igitur
2392 5617 2457 5672 de
2496 5614 2772 5687 passione,
2813 5613 2882 5670 de
2921 5612 3331 5680 resurrectione,
3360 5610 3430 5670 de
