4148 6306
755 360 868 413 179

759 539 1008 605 adventu,
1029 556 1091 594 ac
1130 540 1196 595 de
1233 542 1476 594 omnibus
1513 542 1628 595 istis
1673 542 1723 595 in
1772 539 2095 607 universum,
2125 557 2241 612 quae
2268 542 2320 596 in

760 626 907 682 Novo
946 639 1087 695 sunt,
1127 628 1522 683 Testamentum
1565 631 1725 684 Vetus
1769 630 2086 698 przedixerit,
2116 646 2181 685 ne
2222 632 2321 685 ista

756 717 1000 785 gentibus
1027 733 1149 773 mox
1174 718 1361 773 futuris
1388 721 1561 789 ignota
1582 730 1945 785 remanerent,
1974 735 2038 775 ac
2062 722 2167 775 vim
2192 737 2317 790 pro-

758 806 955 877 phetiae
982 808 1316 877 ignorarent.
1344 821 1465 864 ante
1490 809 1682 864 Christi
1711 810 1989 865 adventum
2017 821 2072 865 ut
2095 827 2317 867 conver-

757 905 996 951 terentur
1014 898 1320 967 Scripturae,
1338 900 1507 969 gratia
1531 900 1704 953 divina
1731 900 1973 968 providit,
1998 915 2191 970 easque
2211 916 2315 955 non

756 990 917 1043 modo
942 990 1211 1044 conversis
1242 1006 1306 1044 ex
1332 991 1604 1059 gentibus,
1635 991 1727 1045 sed
1757 992 1913 1046 etiam
1944 990 2140 1046 Iudaeis
2164 993 2316 1046 utiles

753 1077 1016 1144 reddidit,
1054 1077 1142 1147 qui
1182 1078 1374 1147 ubique
1409 1088 1669 1134 terrarum
1706 1079 1927 1148 dispersi
1966 1078 2189 1143 fuerant,
2217 1094 2317 1134 nec

753 1169 982 1238 amplius
1025 1169 1331 1223 Hebraicam
1379 1169 1609 1238 linguam
1658 1171 1923 1224 tenebant.
1973 1170 2108 1224 Ecce
2148 1170 2311 1235 enim,

753 1258 976 1314 credidit
994 1259 1081 1329 qui
1103 1274 1389 1314 conversus
1410 1270 1489 1314 est
1508 1274 1569 1313 ex
1590 1260 1852 1329 gentibus,
1870 1259 1991 1314 dum
2014 1259 2311 1314 Judarorum

752 1350 901 1420 signa
932 1351 1095 1405 videt.
1127 1351 1403 1419 Quomodo
1440 1350 1733 1420 potuissent
1768 1364 1948 1405 rursus
1976 1351 2195 1419 apostoli
2220 1351 2313 1405 Juâ€”

750 1440 922 1494 daaum
948 1441 1208 1497 adducere
1233 1484 1249 1508 ,
1287 1442 1386 1496 nisi
1422 1432 1765 1496 domesticum
1793 1442 1867 1496 illi
1896 1442 2163 1497 doctorem
2190 1457 2310 1511 pro-

751 1528 962 1599 phetam
993 1530 1298 1586 dedissent?
1330 1531 1457 1585 Nam
1487 1532 1531 1585 si
1556 1531 1787 1586 Athenas
1824 1532 2086 1599 ingressus
2120 1533 2309 1588 Paulus

751 1618 1093 1688 inscriptione
1123 1620 1341 1690 indiguit
1366 1623 1517 1676 aitari
1546 1623 1797 1692 insculpta
1823 1622 1970 1693 (Act.
2000 1625 2064 1677 l7
2083 1622 2102 1696 )
2122 1665 2136 1689 ,
2163 1633 2216 1679 et
2242 1624 2307 1678 ad

746 1724 930 1765 eorum
959 1712 1357 1767 instructionem
1386 1714 1526 1766 illam
1568 1713 1819 1779 traduxit,
1852 1715 1990 1784 quod
2018 1730 2077 1769 se
2105 1715 2306 1770 facilius

748 1802 975 1870 propriis
999 1803 1231 1872 ipsorum
1270 1802 1433 1856 armis
1469 1818 1562 1857 eos
1598 1814 2009 1874 expugnaturum
2047 1816 2302 1875 speraret,

747 1890 885 1959 quod
924 1891 1081 1945 etiam
1122 1891 1347 1957 accidit;
1396 1892 1559 1947 multo
1589 1894 1753 1964 magis
1775 1908 1896 1948 cum
1921 1894 2115 1950 Judaeis
2143 1912 2303 1967 agens

744 1982 941 2038 auxilio
974 1984 1350 2052 prophetarum
1378 1984 1644 2054 indigebat
1668 2026 1682 2048 ,
1715 2000 1781 2039 ne
1809 1984 1875 2040 ab
1901 1985 2004 2040 illis
2032 1988 2187 2040 etiam
2215 2003 2303 2041 ac-

742 2081 1048 2137 cusaretur,
1078 2073 1217 2140 quod
1245 2087 1376 2127 nova
1402 2074 1639 2143 qumdam
1686 2088 1747 2128 ac
1784 2075 2056 2145 peregrina
2086 2076 2297 2132 illorum

741 2161 956 2215 auribus
983 2161 1218 2216 inferret.
1250 2163 1315 2217 Et
1342 2178 1454 2228 cur,
1488 2164 1672 2233 inquit,
1698 2180 1796 2218 una
1828 2165 1999 2234 lingua
2033 2180 2137 2220 non
2167 2176 2298 2232 erat,

744 2259 803 2303 ut
828 2251 973 2304 omni
1001 2251 1309 2306 difficultate
1334 2252 1713 2307 liberaremur?
1740 2252 1853 2308 Una
1882 2254 2054 2324 lingua
2083 2263 2197 2310 erat
2214 2271 2302 2311 an-

742 2339 982 2410 tiquitus,
1010 2341 1080 2395 mi
1108 2341 1287 2407 homo,
1315 2350 1369 2397 et
1394 2343 1528 2397 sicut
1555 2358 1656 2397 una
1686 2343 1955 2398 hominum
1986 2352 2067 2399 est
2091 2354 2295 2410 natura,

737 2432 815 2485 sic
835 2440 889 2486 et
914 2447 1016 2485 una
1043 2441 1354 2486 cunctorum
1394 2434 1564 2503 lingua
1600 2442 1733 2488 erat.
1774 2433 1887 2487 Non
1916 2444 2031 2489 erat
2056 2436 2122 2488 ab
2150 2437 2298 2490 initio

737 2523 819 2577 vir
838 2523 975 2578 ullus
995 2524 1179 2578 aliena:
1199 2524 1408 2594 linguae,
1432 2541 1534 2579 non
1557 2535 1670 2581 erat
1691 2526 1905 2580 alterius
1925 2526 2166 2602 loquelae,
2192 2542 2296 2581 non

735 2624 853 2671 erat
876 2616 1030 2671 Indus
1050 2656 1067 2682 ,
1094 2632 1265 2687 neque
1293 2617 1464 2671 Thrax
1483 2659 1498 2682 ,
1527 2633 1696 2687 neque
1724 2617 1918 2689 Scytha
1942 2606 2081 2683 {sed
2110 2633 2294 2673 omnes

737 2722 840 2761 una
880 2707 1052 2777 lingua
1091 2708 1459 2777 loquebantur.
1503 2707 1638 2775 Quid
1677 2706 1833 2776 igitur
1874 2709 1925 2761 in
1970 2721 2126 2762 causa
2162 2707 2296 2762 fuit?

737 2795 940 2865 lndigni
972 2796 1072 2850 hac
1102 2813 1200 2850 una
1233 2798 1407 2865 lingua
1434 2798 1528 2851 visi
1557 2812 1739 2851 sumus
1773 2812 1869 2851 nos
1891 2837 1906 2861 ,
1939 2813 2149 2867 semper
2170 2814 2292 2867 erga

735 2886 1120 2942 benefactorem
1164 2888 1371 2957 ingrati.
1413 2885 1545 2955 Quid
1592 2888 1709 2941 ais?
1745 2886 1917 2956 lingua
1959 2902 2054 2941 nos
2096 2887 2293 2956 indigni

734 2978 831 3031 visi
859 2978 1075 3033 sumus?
1101 2993 1164 3033 ac
1188 2978 1355 3033 brutas
1376 2979 1584 3048 quidem
1603 2981 1893 3034 animantes
1914 2981 2175 3049 propriam
2202 2995 2294 3034 vo-

732 3081 849 3123 cem
880 3067 1075 3122 habent
1095 3083 1312 3135 omnes;
1339 3070 1516 3124 balant
1539 3084 1666 3123 oves
1690 3079 1745 3123 et
1769 3085 1960 3138 caprar,
1984 3070 2148 3139 mugit
2177 3077 2293 3123 tau-

730 3169 843 3223 rus,
859 3156 1029 3211 hinnit
1049 3173 1232 3228 equus,
1253 3160 1388 3229 rugit
1409 3160 1511 3227 leo,
1528 3160 1679 3229 lupus
1703 3160 1885 3223 ululat,
1907 3161 2080 3215 sibilat
2099 3160 2288 3214 draco:

729 3261 1056 3317 unaquaque
1085 3250 1253 3303 bestia
1278 3251 1547 3318 proprium
1584 3265 1771 3305 sonum
1799 3252 2165 3318 conservavit,
2192 3267 2290 3322 ego

728 3351 857 3391 vero
883 3337 1027 3391 solus
1055 3338 1265 3407 propria
1291 3353 1404 3392 sum
1436 3353 1563 3392 voce
1592 3339 1862 3407 privatus?
1903 3340 1973 3394 Et
2012 3342 2287 3411 sylvestria

728 3438 784 3483 et
827 3439 1119 3493 mansueta,
1149 3436 1203 3483 et
1241 3427 1470 3482 eicurata
1517 3438 1571 3482 et
1612 3442 1715 3481 non
1750 3429 1979 3482 eicurata
2013 3429 2285 3495 animalia,

728 3518 935 3588 singula
958 3519 1205 3572 tributam
1234 3518 1333 3571 sibi
1358 3533 1387 3571 a
1417 3519 1675 3587 principio
1701 3534 1881 3573 vocem
1911 3519 2239 3574 retinuerunt
2269 3537 2283 3574 :

728 3624 828 3679 ego
849 3624 973 3665 vero
994 3610 1235 3678 princeps
1256 3609 1464 3662 illorum
1488 3609 1767 3677 ignominia
1789 3624 1902 3663 sum
1925 3610 2162 3663 notatus?
2186 3610 2287 3665 illis

729 3698 959 3754 honores
988 3699 1154 3767 erepti
1174 3708 1266 3752 aut
1290 3700 1470 3752 mutati
1502 3713 1603 3751 non
1628 3709 1769 3763 sunt,
1797 3714 1894 3768 ego
1919 3716 2043 3754 vero
2065 3716 2181 3755 sum
2209 3701 2289 3754 di-

726 3788 864 3843 vinis
892 3790 1197 3843 muneribus
1221 3788 1509 3856 spoliatus?
1537 3787 1683 3853 Quod
1726 3797 1925 3841 tantum
1969 3788 2063 3841 fuit
2106 3790 2157 3842 in
2201 3804 2286 3845 me

725 3877 935 3933 scelus?
975 3893 1079 3933 non
1114 3877 1445 3932 sufficiebant
1470 3878 1670 3946 priores
1697 3878 1797 3932 illae
1826 3877 2030 3947 pmnae?
2067 3879 2285 3933 Paradi-

725 3981 843 4021 sum
863 3968 990 4023 mihi
1012 3978 1364 4031 concesserat,
1387 3977 1440 4023 et
1459 3984 1525 4023 ex
1548 3969 1787 4038 paradiso
1808 3985 1891 4024 me
1915 3970 2096 4039 ejecit;
2126 3971 2285 4025 vitam

725 4057 926 4112 doloris
951 4068 1223 4127 expertem
1246 4059 1589 4129 laborumque
1612 4059 1966 4126 traducebam,
1990 4061 2182 4115 sudore
2202 4076 2285 4116 me

724 4162 790 4201 ac
815 4148 993 4203 labore
1020 4148 1319 4214 damnavit;
1348 4150 1477 4204 citra
1502 4161 1790 4205 sementem
1822 4161 1875 4205 et
1902 4151 2101 4206 inarata
2131 4152 2285 4208 tellus

724 4237 901 4294 omnia
926 4240 1209 4309 prmbebat,
1238 4242 1516 4312 imperavit
1552 4242 1623 4295 illi
1672 4252 1727 4297 ut
1765 4243 1941 4311 spinas
1977 4254 2029 4299 et
2069 4245 2285 4300 tribulos

726 4328 918 4396 ferret,
957 4338 1013 4385 et
1051 4331 1103 4385 in
1147 4332 1313 4400 ipsam
1346 4345 1527 4386 rursus
1559 4346 1643 4386 me
1679 4334 1935 4387 convertit
1961 4351 1975 4387 :
2005 4343 2171 4387 morte
2200 4350 2284 4390 me

725 4419 1029 4486 mulctavit;
1059 4421 1339 4477 mulierum
1365 4436 1548 4475 sexum
1578 4422 1849 4477 mulctavit
1877 4431 2054 4491 partus
2081 4423 2279 4477 dolori-

723 4506 824 4561 bus
852 4508 1222 4579 laboribusque
1249 4510 1564 4577 subjectum.
1584 4510 1699 4565 Non
1723 4511 2047 4566 sufï¬ciebant
2076 4513 2189 4567 haec
2214 4512 2281 4567 ad

724 4611 959 4667 pinnam,
985 4600 1079 4653 sed
1105 4615 1286 4654 vocem
1316 4615 1528 4669 quoque
1563 4601 1691 4654 mihi
1733 4601 1957 4669 eripuit,
1988 4610 2043 4657 et
2073 4603 2172 4656 hoc
2200 4617 2285 4656 me

726 4687 927 4741 honore
947 4686 1188 4754 privavit,
1207 4698 1266 4743 ut
1288 4690 1503 4744 tribules
1524 4705 1586 4745 ac
1603 4691 1824 4760 gentiles
1848 4706 1994 4746 meos
2019 4700 2281 4760 tamquam

724 4778 923 4833 ferinos
945 4792 1177 4843 averser,
1205 4789 1325 4831 cum
1351 4795 1437 4833 me
1461 4781 1651 4851 lingua:
1679 4782 1955 4837 diversitas
1979 4794 2189 4853 separet
2215 4783 2283 4838 ab

725 4870 934 4925 illorum
946 4884 1250 4938 congressu.
1274 4869 1559 4938 Pr0pterea
1580 4872 1929 4940 objectionem
1949 4874 2281 4942 amplificavi,

723 4972 783 5017 ut
822 4978 942 5019 cum
983 4963 1299 5019 solutionem
1340 4962 1583 5032 adjecero
1606 5005 1621 5030 ,
1654 4964 1906 5019 illustrior
1930 4966 2020 5020 fiat
2045 4968 2280 5021 victoria.

722 5055 781 5110 Si
811 5055 893 5108 his
916 5055 1181 5121 omnibus,
1212 5055 1398 5125 inquit,
1428 5054 1684 5123 privatum
1713 5069 1798 5109 me
1826 5056 2054 5118 volebat,
2085 5074 2185 5126 qna
2216 5057 2283 5113 de

726 5159 884 5199 causa
917 5132 1002 5200 iila
1028 5144 1155 5199 mihi
1182 5146 1289 5214 jam
1314 5161 1346 5199 a
1371 5145 1625 5216 principio
1650 5146 2001 5201 concedebat?
2030 5148 2194 5201 Vultis
2218 5165 2284 5202 ex

723 5234 826 5289 hoc
848 5250 956 5290 uno
975 5235 1290 5291 solutionem
1316 5236 1578 5305 adjiciam,
1598 5236 1663 5291 ab
1690 5235 1787 5291 hac
1817 5236 1924 5305 ipsa
1947 5236 2169 5304 simplici
2191 5238 2286 5290 ob-

715 5325 995 5395 jections?
1039 5325 1205 5380 Tanta
1253 5326 1447 5395 quippe
1489 5334 1610 5380 sunt
1652 5341 1823 5380 causa;
1864 5326 2054 5379 divina:
2101 5326 2282 5379 ï¬rma-

725 5424 922 5479 menta,
951 5424 1007 5469 ut
1025 5416 1109 5470 vel
1137 5417 1246 5485 ipsa
1267 5416 1679 5471 contradicentis
1699 5416 1922 5485 objectio
1942 5417 2081 5471 nullo
2104 5426 2283 5470 nostro

721 5509 1059 5562 corroborata
1084 5507 1319 5563 subsidio
1335 5509 1398 5561 ad
1411 5510 1629 5562 crimina
1660 5508 1882 5564 sufficiat
1902 5508 2202 5565 refellenda.
2227 5508 2283 5564 Si

719 5612 807 5651 me
836 5598 916 5651 his
941 5600 1187 5654 omnibus
1214 5600 1419 5668 privare
1445 5600 1672 5665 volebat,
1692 5616 1787 5655 cur
1810 5616 1871 5656 ea
1896 5600 2021 5654 mihi
2038 5602 2143 5669 jam
2165 5601 2285 5656 inde

719 5703 749 5743 Î´
768 5689 1027 5759 principio
1037 5691 1360 5749 concedebat
1374 5690 1535 5747 iNam
1557 5700 1610 5747 ct
1628 5705 1727 5761 rgo
1743 5692 1875 5748 istud
1895 5693 2065 5762 ipsum
2078 5690 2244 5747 dicam
2261 5707 2274 5744 :

1533 338 1592 393 S.
1628 336 1902 393 JOANNIS
1934 334 2404 396 CHRYSOSTOMI
2442 339 2756 399 ARCHIEP.
2795 342 3324 403 CONSTANTINOP.

760 449 1093 513 ascensione,
1115 448 1184 502 de
1208 448 1445 503 sessione
1464 448 1527 503 ad
1550 449 1844 515 dexteram,
1868 448 1935 504 de
1958 450 2187 504 secundo
2210 448 2323 519 ejus

3880 373 3989 427 180

2429 448 2484 504 Si
2525 460 2574 505 te
2618 450 2698 506 his
2721 454 2964 509 omnibus
2995 457 3201 525 privare
3220 459 3461 527 volebat,
3493 476 3646 531 quam
3679 465 3747 518 ob
3773 479 3987 520 causam

2425 542 2780 599 concedebat?
2807 545 2985 617 itaque
3012 551 3257 618 quoniam
3285 561 3335 606 te
3362 554 3569 623 privare
3595 557 3825 622 nolebat,
3853 572 3980 625 prn-

2425 640 2602 700 pterea
2641 633 2732 688 tibi
2767 635 2875 703 jam
2911 638 3032 695 inde
3056 655 3084 693 a
3116 642 3372 711 principio
3395 644 3494 699 ista
3524 648 3805 701 concessit.
3845 647 3986 714 Quid

2423 734 2547 788 ergo
2568 722 2788 779 accidit?
2814 724 2927 780 Non
2952 736 3005 783 te
3029 729 3165 783 Deus
3186 730 3267 785 his
3291 731 3442 786 bonis
3468 733 3638 802 ejecit,
3669 736 3760 790 sed
3783 745 3835 790 tu
3862 753 3983 806 quas

2420 812 2540 867 data
2570 815 2776 872 fuerant
2807 821 3049 877 amisisti.
3083 824 3159 879 Tu
3186 826 3332 880 illum
3364 840 3576 897 propter
3602 831 3979 902 benignitatem

2420 902 2745 976 lauda,quod
2770 908 2983 978 largitus
3002 912 3071 966 sit
3098 930 3112 965 :
3139 916 3357 985 teipsum
3380 930 3593 987 propter
3612 921 3867 992 ignaviam
3892 939 3980 977 ac-

2418 1007 2562 1059 cusa,
2592 996 2681 1065 qui
2702 997 2895 1052 donum
2923 1001 3137 1058 minime
3156 1010 3570 1065 conservaveris.
3600 1011 3787 1081 Liquet
3817 1015 3980 1083 igitur

2418 1099 2520 1137 non
2543 1100 2663 1140 eum
2692 1089 2780 1158 qui
2802 1089 3043 1159 deposuit
3066 1108 3212 1149 reum
3239 1111 3377 1166 esse,
3403 1115 3586 1155 verum
3613 1118 3731 1157 eum
3761 1106 3851 1174 qui
3874 1105 3973 1159 de-

2417 1176 2641 1242 positum
2671 1179 2893 1246 perdidit
2918 1183 3124 1238 crimini
3151 1185 3432 1243 obnoxium
3461 1204 3599 1246 esse.
3637 1192 3768 1246 Nam
3797 1208 3858 1249 sc
3886 1194 3973 1248 di-

2415 1262 2574 1333 ligere
2592 1280 2655 1319 ac
2678 1267 2957 1338 benignum
2978 1286 3116 1339 esse,
3134 1283 3189 1329 et
3209 1276 3385 1345 largiri
3410 1279 3639 1336 voluisse
3658 1282 3970 1350 declaravit,

2413 1369 2531 1408 cum
2562 1372 2719 1411 nemo
2746 1373 2957 1430 cogeret
2983 1372 3074 1418 aut
3099 1366 3202 1419 vim
3228 1367 3441 1425 afferret
3459 1410 3475 1435 ,
3515 1386 3633 1426 cum
3670 1375 3809 1428 nulla
3836 1378 3891 1429 in
3920 1384 3972 1431 te

2413 1455 2554 1499 recte
2582 1446 2714 1501 facta
2744 1451 2962 1507 miratus
2985 1464 3125 1511 esset
3146 1498 3161 1519 ,
3192 1473 3362 1528 neque
3398 1460 3635 1517 laborum
3674 1467 3971 1522 retribuere

2412 1534 2706 1589 mercedem
2733 1538 2980 1607 deberet;
3009 1545 3101 1599 sed
3126 1548 3399 1602 confestim
3427 1550 3513 1604 ubi
3543 1552 3809 1619 formavit,
3835 1571 3970 1609 con-

2410 1620 2579 1675 festim
2600 1625 2663 1678 ad
2686 1624 2824 1681 hunc
2850 1630 3193 1701 principatum
3219 1638 3405 1701 evexit,
3428 1649 3484 1693 ut
3508 1640 3607 1695 hoc
3630 1642 3825 1697 donum
3859 1661 3971 1699 non

2409 1713 2806 1771 retributionem
2847 1724 3124 1791 mercedis,
3165 1726 3257 1781 sed
3300 1743 3500 1785 meram
3544 1734 3762 1802 gratiam
3803 1735 3969 1792 fuisse

2407 1804 2727 1861 ostenderet.
2749 1808 2895 1875 Quod
2916 1812 2960 1865 si
2981 1829 3099 1882 qua:
3118 1815 3237 1871 data
3258 1818 3462 1875 fuerant
3481 1836 3586 1876 non
3606 1828 3965 1894 conservati,

2408 1894 2632 1978 teipsum
2652 1912 2858 1965 accusa,
2888 1918 2989 1958 non
3013 1920 3134 1960 eum
3161 1909 3249 1978 qui
3278 1909 3474 1966 donum
3500 1916 3736 1969 contulit.

2475 1975 2659 2032 Christi
2695 1987 2931 2039 adventus
2968 1989 3150 2042 uotiua
3179 1975 3331 2046 nobis
3369 1996 3589 2049 auctiora
3630 1999 3863 2052 restituit.
3891 2029 3963 2040 -â€”

2405 2064 2539 2121 Num
2565 2068 2722 2139 igitur
2744 2072 2843 2128 hoc
2866 2090 3025 2131 unum
3063 2094 3157 2147 pro
3190 2080 3411 2137 Domino
3438 2084 3613 2140 dicere
3640 2092 3962 2156 possumus?

2402 2157 2608 2213 Sufficit
2631 2161 2843 2228 quidem
2884 2164 2997 2219 haec
3032 2166 3269 2223 defensio
3301 2188 3315 2223 :
3343 2171 3435 2227 sed
3467 2174 3719 2229 immensa
3750 2176 3963 2231 bonitas

2402 2246 2516 2313 ejus
2565 2256 2619 2302 et
2658 2250 2949 2321 benignitas
2980 2255 3255 2313 ineflâ€˜abilis
3282 2259 3383 2314 alia
3414 2262 3564 2318 nobis
3591 2264 3655 2317 ad
3686 2266 3801 2333 ejus
3824 2281 3960 2321 cau-

2400 2349 2510 2389 sam
2539 2338 2786 2393 tuendam
2815 2340 3138 2399 firmamenta
3166 2348 3378 2416 copiose
3416 2352 3729 2420 suppeditat.
3772 2354 3966 2424 Neque

2398 2426 2540 2481 enim
2571 2428 2672 2483 hoc
2700 2431 2867 2484 solum
2896 2432 3072 2489 dicere
3100 2437 3239 2503 licet,
3268 2439 3436 2504 ipsum
3463 2442 3672 2511 quidem
3700 2445 3916 2500 dedisse
3940 2487 3963 2511 ,

2401 2527 2451 2569 te
2474 2532 2599 2572 vero
2624 2519 2947 2587 perdidisse;
2993 2539 3111 2578 nam
3138 2534 3191 2579 et
3218 2526 3319 2582 hoc
3347 2539 3497 2597 pacto
3523 2533 3610 2601 qui
3639 2533 3816 2598 dedit,
3845 2537 3960 2589 cri-

2398 2606 2539 2661 mine
2566 2607 2832 2673 liberatur,
2865 2612 2946 2667 vel
2978 2615 3151 2682 potius
3179 2617 3404 2672 maxima
3433 2620 3587 2675 laude
3613 2622 3801 2692 dignus
3828 2639 3962 2678 cen-

2397 2706 2572 2766 setur,
2614 2701 2753 2770 quod
2789 2703 2946 2757 etiam
2988 2707 3280 2773 praevidens
3309 2718 3360 2763 te
3389 2711 3709 2776 perditurum
3736 2716 3963 2770 minime

2397 2796 2447 2842 te
2466 2788 2603 2842 dono
2624 2790 2840 2860 privarit
2861 2810 2877 2847 :
2900 2793 2992 2848 sed
3012 2794 3153 2850 aliud
3174 2797 3421 2866 quiddam
3440 2802 3608 2868 majus
3635 2802 3748 2857 istis
3773 2804 3961 2860 dicere

2396 2894 2689 2947 possumus.
2719 2882 2989 2949 Quodnam
3012 2896 3183 2941 autem
3206 2889 3331 2942 illud
3351 2890 3467 2944 est?
3494 2891 3642 2958 Quod
3673 2903 3964 2963 postquam

2393 2984 2457 3022 ex
2485 2970 2693 3039 propria
2722 2973 3032 3042 negligentia
3060 2977 3347 3045 perdidisti,
3377 2995 3559 3035 rursus
3597 2998 3659 3036 ea
3698 2984 3792 3037 tibi
3830 3002 3961 3054 quan

2393 3059 2695 3127 perdideras
2733 3064 3059 3119 restituerit:
3090 3067 3195 3121 imo
3223 3084 3327 3123 non
3358 3085 3420 3123 ea
3448 3080 3646 3126 tantum
3676 3089 3795 3143 quae
3826 3091 3960 3143 per-

2392 3150 2617 3214 dideras,
2641 3151 2732 3205 sed
2763 3153 2841 3207 his
2862 3155 3025 3208 multo
3044 3156 3263 3223 majora.
3294 3158 3423 3214 Nam
3447 3162 3746 3229 paradisum
3777 3165 3963 3231 perdi-

2391 3241 2562 3307 deras,
2584 3251 2637 3296 at
2652 3243 2738 3297 ille
2757 3244 2940 3299 ett-lum
2961 3247 3049 3299 tibi
3075 3247 3239 3301 dedit.
3266 3248 3425 3304 Vides
3445 3266 3548 3320 quo
3570 3261 3721 3320 pacto
3745 3253 3960 3309 lucrum

2392 3331 2560 3398 majus
2577 3341 2659 3386 est
2680 3348 2837 3402 quam
2860 3335 3102 3403 jactura?
3125 3352 3229 3405 quo
3249 3348 3399 3406 pacto
3426 3341 3600 3408 plures
3626 3352 3747 3394 sunt
3775 3357 3912 3409 opes
3931 3344 3958 3395 á¼“

2390 3420 2583 3473 Caelum
2616 3422 2707 3476 tibi
2731 3423 2944 3491 largitus
2969 3434 3070 3491 est,
3099 3436 3153 3479 ut
3179 3426 3551 3496 benignitatem
3576 3444 3723 3482 suam
3758 3445 3871 3498 pra:
3894 3446 3961 3486 se

2390 3508 2568 3574 ferret,
2587 3509 2793 3564 diabolo
2812 3512 3045 3567 dolorem
3065 3516 3312 3580 inureret,
3326 3528 3377 3570 et
3393 3517 3711 3581 ostenderet,
3727 3520 3853 3574 licet
3872 3522 3961 3575 in-

2390 3614 2630 3655 numeras
2645 3603 2821 3671 generi
2840 3615 3018 3658 nostro
3036 3606 3214 3661 tendat
3231 3607 3465 3673 insidias,
3478 3609 3603 3663 nihil
3627 3610 3724 3665 hoc
3738 3611 3809 3665 illi
3829 3629 3962 3681 pro;

2389 3689 2642 3756 futurum,
2668 3706 2785 3745 cum
2806 3692 2870 3745 ad
2892 3694 3143 3759 majorem
3169 3695 3304 3751 Deus
3335 3698 3586 3752 honorem
3611 3714 3707 3753 nos
3732 3701 3956 3758 evehat.

2387 3782 2621 3835 Amisisti
2650 3798 2774 3852 ergo
2799 3785 3114 3853 paradisum,
3144 3797 3199 3841 et
3223 3789 3312 3843 tibi
3342 3789 3478 3844 Deus
3497 3793 3699 3859 aperuit
3718 3794 3958 3860 celum;

2386 3871 2452 3923 ad
2483 3873 2850 3939 temporarium
2878 3873 3153 3930 damnatus
3177 3891 3234 3930 es
3260 3877 3512 3943 laborem,
3534 3890 3590 3935 et
3614 3882 3715 3935 vita
3746 3891 3959 3939 attenta

2386 3960 2576 4014 ditatus
2601 3976 2690 4025 es;
2732 3961 3003 4031 imperavit
3032 3973 3202 4028 terrae,
3235 3974 3292 4019 ut
3316 3968 3494 4034 spinas
3520 3982 3582 4022 ac
3607 3969 3829 4024 tribulos
3853 3972 3964 4027 tibi

2389 4050 2714 4118 produceret,
2738 4061 2790 4105 et
2811 4051 3036 4106 fructum
3053 4052 3143 4106 tibi
3168 4052 3391 4123 Spiritus
3409 4056 3580 4112 anima
3608 4060 3961 4126 geminavit.

2456 4142 2508 4194 4.
2538 4142 2615 4195 Ac
2644 4140 2761 4195 vide
2789 4150 2979 4209 quanta
3010 4143 3079 4196 sit
3107 4143 3199 4198 Dei
3229 4145 3551 4214 benignitas,
3582 4161 3863 4217 quousque
3893 4164 3966 4207 se

2387 4229 2674 4285 demiserit.
2704 4227 2760 4284 Si
2787 4230 2998 4299 quando
3028 4232 3261 4285 nonnulli
3293 4232 3495 4302 aliquas
3520 4234 3792 4289 facultates
3812 4239 3963 4291 ami-

2386 4322 2551 4375 serint
2570 4361 2585 4385 ,
2629 4321 2753 4375 licet
2794 4322 3019 4390 majores
3043 4336 3106 4375 ac
3130 4323 3467 4390 pretiosiores
3490 4326 3827 4390 acceperint,
3861 4326 3963 4379 illa

2387 4410 2499 4479 ipsa
2538 4424 2654 4478 quas
2700 4409 2987 4462 amiserant
3022 4424 3257 4478 quaerere
3301 4411 3552 4479 cupiunt,
3594 4427 3765 4481 neque
3799 4414 3965 4482 prius

2386 4499 2747 4567 acquiescere,
2778 4513 2932 4567 quam
2960 4499 3069 4566 ipsa
3093 4500 3534 4568 recuperaverint.
3562 4500 3821 4567 Quoniam
3851 4505 3964 4575 igi-

2386 4598 2472 4644 tur
2514 4590 2807 4659 paradisum
2848 4590 3189 4659 perdideras,
3239 4607 3342 4646 non
3382 4592 3567 4648 caelum
3609 4592 3700 4645 tibi
3743 4603 3971 4652 tantum

2386 4681 2604 4750 largitus
2640 4690 2753 4743 est,
2791 4680 2883 4735 sed
2916 4690 2969 4734 et
3008 4680 3303 4749 paradisum
3332 4690 3387 4736 et
3409 4681 3625 4736 caelum.
3650 4681 3820 4737 Hodie
3849 4703 3971 4741 me-

2386 4791 2499 4827 cum
2544 4774 2640 4827 eris
2685 4774 2737 4827 in
2779 4774 3012 4841 paradiso
3052 4773 3197 4841 (Luc.
3227 4772 3315 4826 25.
3348 4773 3439 4841 45)
3460 4812 3476 4838 ,
3508 4773 3677 4842 inquit
3704 4792 3719 4828 :
3751 4784 3812 4828 ut
3844 4794 3968 4833 non

2387 4865 2544 4918 modo
2581 4863 2846 4919 additione
2884 4865 3172 4930 majorum,
3210 4863 3304 4919 sed
3340 4864 3495 4919 etiam
3523 4880 3699 4921 rerum
3729 4868 3973 4923 amissa-

2388 4971 2502 5009 rum
2532 4956 2928 5022 recuperatione
2956 4955 3218 5009 dolentem
3242 4955 3468 5009 animam
3494 4957 3814 5012 consoletur.
3848 4960 3975 5017 Sed

2388 5047 2450 5099 ad
2494 5047 2594 5100 hoc
2634 5047 2803 5115 ipsum
2846 5047 3199 5114 propositum,
3231 5046 3275 5100 si
3316 5047 3522 5115 placet,
3548 5048 3823 5103 veniamus
3850 5090 3867 5114 ,
3902 5066 3973 5105 ac

2388 5140 2673 5201 videamus,
2703 5153 2805 5207 quo
2826 5146 2977 5206 pacto
2998 5137 3221 5205 linguam
3245 5137 3645 5206 perdiderimus.
3670 5137 3782 5192 Non
3805 5140 3975 5196 enim

2388 5228 2723 5282 mediocriter
2743 5229 2974 5281 conferet
2995 5228 3059 5281 ad
3087 5228 3419 5284 securitatem
3446 5229 3684 5283 historia.
3707 5228 3843 5283 Nam
3871 5233 3980 5301 qui.

2391 5322 2622 5388 pristinae
2651 5319 2945 5373 securitatis
2973 5318 3183 5373 modum
3210 5320 3481 5388 cognovit,
3511 5320 3563 5372 in
3586 5318 3801 5387 reliquis
3833 5335 3975 5374 cau-

2392 5412 2492 5464 tior
2516 5413 2618 5465 erit
2642 5419 2692 5463 et
2717 5408 2966 5463 securior.
2999 5409 3183 5478 Opera:
3210 5410 3431 5478 pretium
3462 5418 3541 5462 est
3561 5416 3733 5461 autem
3757 5418 3815 5460 ut
3839 5426 3978 5464 om-

2392 5504 2475 5557 nia
2504 5503 2653 5557 vobis
2678 5502 2915 5556 dicantur
2944 5518 2956 5554 :
2988 5502 3146 5570 quale
3174 5512 3253 5556 est
3271 5543 3287 5566 ,
3315 5516 3469 5555 unam
3498 5499 3656 5553 fuisse
3684 5500 3977 5567 quondam

2391 5596 2624 5650 omnium
2652 5595 2918 5647 hominum
2946 5592 3172 5661 linguam
3199 5602 3355 5661 atque
3382 5593 3433 5646 in
3458 5590 3649 5644 multas
3670 5598 3863 5657 postea
3894 5593 3978 5646 di.

2393 5689 2557 5745 visam
2596 5701 2715 5743 esse
2764 5704 2778 5739 :
2828 5685 2892 5740 ad
2936 5684 3075 5756 quod
3116 5696 3325 5756 tempus
3352 5697 3516 5755 usque
3548 5696 3649 5738 una
3677 5681 3843 5739 fuerit
3874 5727 3891 5755 ,
3914 5696 3979 5745 es
