4130 6316
176 376 268 429 179

168 485 317 553 Καινῇ
337 480 604 551 κειμένων
633 479 944 549 προεῖπενή
976 473 1184 530 Παλαιὰ
1211 477 1471 546 Διαθήκη,
1512 477 1599 528 ἵνα
1631 474 1703 545 μὴ

165 569 393 634 ἄγνωστα
444 564 582 635 μένῃ
617 562 791 614 ταῦτα
835 563 945 623 τοῖς
980 560 1155 613 ἔθνεσι
1194 562 1303 620 τοῖς
1354 558 1489 627 μετὰ
1531 557 1701 610 ταῦτα

167 648 427 717 μέλλουσιν
456 643 692 706 ἔσεσθαι,
723 643 817 693 καὶ
843 641 1079 708 ἀγνοῶσι
1115 642 1212 709 τῆς
1239 638 1571 708 προφητείας
1604 640 1700 707 τὴν

168 728 318 797 ἰσχὺν,
340 725 689 795 ᾠκονόμησεν
721 724 753 792 ή
778 723 870 775 τοῦ
900 722 1031 775 Θεοῦ
1060 722 1215 792 χάρις
1241 721 1343 788 πρὸ
1372 720 1471 787 τῆς
1495 735 1701 788 παρου-

166 812 263 870 σίας
292 808 387 860 τοῦ
414 804 648 876 Χριστοῦ
670 804 1063 874 ἐρμηνευθῆναι
1096 803 1193 863 τὰς
1224 800 1441 869 Γραφάς
1464 838 1478 863 ,
1509 800 1570 850 οὐ
1591 801 1701 860 τοῖς

163 894 207 959 ἐξ
235 892 403 945 ἐθνῶν
437 889 613 958 μόνον,
655 886 793 941 ἀλλὰ
839 886 931 939 καὶ
974 884 1237 937 Ἰουδαίων
1280 885 1389 944 τοῖς
1433 879 1700 949 πανταχοῦ

161 976 239 1043 τῆς
273 970 598 1040 οἰκουμένης
648 968 990 1038 διασπαρεῖσι
1022 966 1115 1017 καὶ
1154 964 1249 1034 τήν
1294 964 1547 1032 Ἐϐραῖδα
1594 963 1702 1013 λοι-

163 1056 242 1106 πὺν
270 1051 605 1107 ἀποϐαλοῦσι
635 1050 881 1117 γλῶσσαν
910 1047 1207 1117 χρησίμους
1251 1044 1417 1107 αύτάς
1465 1044 1629 1096 ποιῶν
1657 1052 1696 1096 ⁸.

170 1139 279 1189 Ἰδοὺ
311 1135 441 1205 γάρ,
471 1133 786 1186 ἐπίστευσεν
809 1134 837 1183 6
865 1130 922 1195 ἐξ
951 1128 1139 1193 ἐθνῶν,
1172 1128 1379 1195 βλέπων
1404 1128 1470 1179 τὰ
1502 1129 1700 1197 σημεῖα

160 1220 246 1271 τῶν
298 1217 589 1270 Ἰουδαίων.
629 1214 754 1277 Πῶς
795 1208 939 1282 εἶχον
989 1211 1150 1264 πάλιν
1208 1210 1578 1277 ἐπαγαγέσθαι
1611 1209 1699 1262 τὸν

170 1299 397 1353 Ἰουδαῖον
422 1298 473 1349 οῖ
497 1295 800 1357 ἀπόστολοι,
836 1294 987 1363 εί·μὴ
1022 1292 1239 1360 ἔμελλον
1269 1291 1420 1360 αύτῷ
1450 1290 1700 1343 διδάσκαο

161 1380 452 1434 λονοῖκοθεν
481 1377 740 1448 παρέχειν
768 1376 856 1428 τὸν
874 1374 1156 1444 προφήτην
1177 1389 1190 1436 ;
1211 1374 1271 1425 Εἰ
1299 1373 1404 1441 γὰρ
1435 1374 1513 1433 είς
1545 1371 1700 1440 Ἀθή-

160 1480 234 1524 νας
253 1460 507 1514 εἰσελθὼν
534 1461 562 1511 6
588 1457 798 1518 Παῦλος
818 1455 1230 1524 ἐπιγράμματος
1265 1453 1455 1523 ἐδεήθη
1486 1455 1701 1521 ἐγκεκο-

159 1546 413 1615 λαμμένου
441 1540 626 1611 βωμῷ,
641 1540 732 1593 καὶ
749 1540 846 1607 τὴν
869 1536 1209 1590 διδασκαλίαν
1239 1536 1297 1599 ἐξ
1329 1536 1533 1587 ἐκείνου
1565 1535 1699 1603 πρὸς

161 1630 333 1689 αὐτοὺς
369 1627 685 1694 ἐποιήσατο,
720 1623 831 1683 τοῖς
872 1620 1089 1681 οἰκείοις
1119 1621 1295 1671 αὐτῶν
1336 1619 1517 1683 ὅπλοις
1544 1619 1698 1670 εύκο-

157 1712 365 1780 λώτερον
384 1708 629 1776 αἱρήσειν
650 1702 978 1774 προσδοκῶν,
995 1703 1130 1770 ὅπερ
1147 1701 1238 1753 καὶ
1254 1702 1466 1767 ἐγένετο
1484 1717 1496 1730 ο
1522 1698 1698 1769 πολλῷ

162 1794 339 1863 μᾶλλον
374 1788 649 1848 Ἰουδαίοις
674 1784 1047 1854 διαλεγόμενος
1070 1784 1235 1835 ἐδεῖτο
1262 1783 1571 1852 συμμαχίας
1597 1782 1697 1850 τῆς

158 1874 249 1926 ἀπὸ
273 1872 380 1924 τῶν
412 1866 733 1939 προφητῶν,
766 1866 905 1918 ῶστε
933 1865 1006 1935 μὴ
1033 1865 1126 1917 καὶ
1167 1864 1403 1926 ἐκείνους
1428 1862 1693 1929 ἐγκαλεῖν,

158 1959 223 2008 δτι
248 1954 407 2007 καινά
430 1968 552 2004 τινα
583 1951 677 2003 καὶ
707 1948 977 2014 ξενίζοντα
1011 1948 1251 2017 εἰσφέρει
1284 1949 1363 2009 εἰς
1406 1946 1501 2008 τὰς
1529 1944 1696 2006 ἀκοὰς

158 2038 333 2092 αὐτῶν.
372 2034 482 2087 Καὶ
512 2031 598 2084 διά
616 2031 690 2093 τί,
714 2030 897 2098 φησὶν,
930 2030 1029 2081 οὐκ
1055 2025 1123 2099 ῆν
1158 2029 1255 2097 μία
1278 2027 1447 2097 φωνὴ,
1483 2028 1573 2080 καὶ
1595 2026 1696 2079 πά-

159 2136 240 2187 σης
264 2114 407 2186 ἦμεν
428 2112 835 2183 ἀπηλλαγμένοι
863 2112 960 2180 τῆς
992 2110 1303 2173 δυσκολία;;
1324 2110 1438 2162 Μία
1468 2108 1615 2176 φωνὴ
1638 2108 1697 2160 τὸ

157 2200 361 2252 παλαιὸν
385 2193 473 2266 ῆν,
496 2189 540 2248 ὦ
565 2194 833 2263 ἄνθρωπε,
860 2193 954 2245 καὶ
982 2190 1165 2261 ῶσπερ
1185 2191 1279 2260 μία
1307 2190 1464 2258 φύσις
1489 2188 1697 2258 ἀνθρώ-

157 2299 275 2344 πων,
303 2281 396 2332 καὶ
422 2278 520 2348 μία
539 2275 691 2345 φωνὴ
712 2274 926 2327 πάντων
954 2268 1041 2343 ἧν.
1067 2274 1180 2325 Οὐκ
1211 2267 1279 2341 ῆν
1306 2272 1697 2341 ἐτερόγλωσσος

156 2364 234 2415 ἀπ’
262 2360 460 2431 ἀρχῆς,
495 2360 594 2412 οὐκ
618 2353 685 2427 ῆν
719 2354 1080 2426 ἐτερόφωνος,
1116 2354 1214 2406 ούκ
1245 2350 1313 2423 ῆν
1352 2353 1527 2415 Ἰνδὸς,
1574 2351 1693 2405 οὕτε

156 2445 281 2513 Θρᾲξ
310 2482 324 2504 ,
368 2441 490 2494 οῦτε
542 2438 788 2508 Σκύθης,
838 2438 971 2489 ἀλλά
1019 2436 1217 2498 πάντες
1260 2437 1357 2505 μιᾷ
1400 2434 1697 2501 διελέγοντο

154 2526 371 2597 γλώσσῃ.
402 2524 467 2575 Τί
494 2518 582 2576 οὖν
606 2520 791 2589 γέγονε
819 2520 878 2571 τὸ
894 2519 1094 2580 αῖτιονς
1126 2518 1315 2587 φησίν.
1352 2516 1696 2584 Ἀνάξιοιτῆς

159 2612 267 2677 μιᾶς
282 2608 484 2675 ταύτης
510 2605 692 2673 φωνῆς
712 2603 985 2670 ἐφάνημεν
1006 2603 1185 2669 ἡμεῖς,
1210 2603 1255 2652 οἱ
1285 2600 1592 2667 ἀγνώμονες
1611 2602 1695 2651 ἀεὶ

155 2692 264 2759 περ).
309 2690 401 2741 τὸν
435 2686 747 2755 εὐεργέτην.
780 2683 845 2734 Τί
878 2682 1083 2749 λέγεις;
1119 2683 1298 2751 φωνῆς
1329 2683 1532 2746 ἀνάξιοι
1566 2683 1696 2747 ἐφά-

154 2787 333 2840 νημεν;
390 2768 486 2821 καὶ
522 2766 591 2818 τὰ
630 2765 726 2829 μέν
770 2764 935 2831 ἄλογα
977 2764 1072 2832 τὴν
1112 2763 1316 2816 οἰκείαν
1364 2764 1542 2832 φωνὴν
1584 2763 1695 2831 ἔχει

154 2856 312 2906 πάντα
333 2868 347 2880 ·
379 2850 642 2919 βληχᾶται
675 2845 940 2914 πρόϐατα,
983 2844 1259 2914 μηκῶνται
1286 2841 1458 2911 αἶγες,
1514 2846 1693 2911 μυκᾶ-

154 2949 227 2986 ται
252 2933 469 3003 ταῦρος,
498 2928 803 3000 χρεμετίζει
825 2928 1007 2989 ἵππος,
1052 2927 1306 2996 βρύχεται
1334 2926 1489 2988 λέων,
1526 2927 1696 2996 ὠρύε-

154 3033 229 3069 ται
262 3016 441 3077 λύκος,
468 3010 675 3080 συρίζει
706 3010 944 3078 δράκων·
979 3008 1203 3060 ἕκαστον
1228 3008 1336 3061 τῶν
1369 3009 1576 3076 ἀλόγων
1606 3010 1697 3062 τὸν

154 3100 331 3151 οἰκεῖον
354 3096 585 3165 φθόγγον
609 3094 942 3161 διετήρησεν,
968 3090 1075 3158 ἐγὼ
1102 3090 1157 3141 δὲ
1190 3090 1347 3159 μόνος
1373 3091 1469 3159 τῆς
1494 3090 1697 3153 οἰκείας

152 3182 514 3247 ἀπεστέρημαι
542 3175 755 3244 φωνῆςς
806 3176 911 3226 Καὶ
939 3172 1005 3225 τά
1038 3174 1202 3241 ἄγρια
1240 3175 1332 3226 καὶ
1376 3172 1444 3225 τὰ
1478 3173 1691 3243 ἥμερα,

151 3264 233 3315 καὶ
275 3262 343 3315 τὰ
385 3257 640 3331 χειροήθη
695 3256 785 3309 καὶ
816 3255 882 3307 τὰ
936 3254 1293 3307 ἀτιθάσσευτα
1335 3252 1448 3315 ζῶα
1488 3253 1695 3322 ἔμεινεν

153 3345 368 3397 ἕκαστον
398 3340 588 3409 ἔχοντα
611 3338 706 3407 τὴν
740 3336 798 3400 ἐξ
822 3336 992 3406 ἀρχῆς
1022 3334 1491 3404 συγκληρωθεῖσαν
1517 3336 1695 3397 αὐτοῖς

152 3426 323 3493 φωνήν
342 3438 355 3451 ·
392 3421 501 3489 ἐγὼ
525 3420 579 3472 δέ
605 3420 632 3472 6
651 3420 831 3488 ἄρχων
868 3417 1043 3470 αὐτῶν
1076 3415 1353 3485 ὴτίμωμαι
1378 3432 1391 3481 ;
1429 3414 1697 3477 κάκείνοις

154 3507 241 3574 μὲν
267 3508 295 3547 δ
318 3506 563 3573 ἀκίνητοι
581 3502 636 3554 αἱ
660 3501 835 3570 τιμαὶ,
864 3498 970 3567 ἐγὼ
996 3498 1050 3551 δέ
1072 3498 1324 3561 ἐξέπεσον
1349 3498 1456 3550 τῶν
1483 3497 1697 3564 δωρεῶν

150 3588 231 3640 τοῦ
263 3586 429 3651 Θεοῦ;
478 3584 589 3637 Καὶ
628 3582 681 3634 τί
707 3580 954 3634 τοσοῦτον
982 3579 1287 3650 ήμάρτηταί
1321 3595 1437 3649 μοις
1472 3579 1571 3630 οὐκ
1596 3578 1697 3647 ἦρ..

150 3685 267 3720 κουν
305 3670 359 3720 αῖ
393 3666 653 3734 πρότεραι
692 3662 979 3731 τιμωρίαις
1024 3660 1226 3713 Ἔδωκέ
1264 3677 1350 3728 μοι
1379 3660 1469 3711 τὸν
1520 3660 1696 3727 παρά-

150 3751 330 3814 δεισον,
344 3750 439 3801 καὶ
455 3744 674 3810 ἐξέϐαλέ
693 3760 758 3812 με
774 3742 870 3795 τοῦ
897 3741 1237 3811 παραδείσου’
1266 3740 1399 3803 ἕξων
1420 3740 1530 3808 βίον
1547 3740 1697 3810 [185]

148 3831 516 3899 ἀταλαίπωρον
538 3826 630 3879 καὶ
650 3826 825 3877 πόνων
842 3822 1275 3893 ἀπηλλαγμένον,
1291 3822 1608 3875 κατεδίκασέ
1632 3840 1699 3892 με

152 3915 321 3984 ἱδρῶτι
350 3914 445 3966 καὶ
478 3908 660 3980 μόχθῳ
683 3924 697 3939 ο
726 3907 980 3975 ἄσπαρτα
1009 3905 1103 3958 καὶ
1140 3906 1375 3973 ἀνήροτα
1412 3906 1586 3958 πάντα
1611 3922 1700 3974 μοι

151 3999 399 4066 παρεῖχεν
441 3995 475 4064 ή
518 3991 622 4059 γῆ,
666 3988 946 4041 ἐκέλευσεν
984 3988 1117 4055 αὐτῇ
1165 3986 1400 4048 ἀκάνθας
1450 3987 1542 4039 καὶ
1584 4004 1699 4057 τρι-

150 4078 328 4139 ϐόλους
354 4071 791 4138 ἀνενεγκεῖν,κα“ι
817 4070 893 4130 είς
920 4069 1086 4137 αύτήν
1116 4085 1181 4137 με
1199 4067 1356 4122 πάλιν
1372 4068 1695 4137 ἀπέστρεψε”

152 4159 354 4227 θανάτῳ
393 4173 460 4226 με
490 4155 711 4207 ἐκόλασε
732 4170 743 4181 ·
770 4152 828 4204 τὸ
848 4152 955 4203 τῶν
986 4150 1257 4217 γυναικῶν
1277 4150 1429 4216 γένος
1450 4150 1699 4201 ἐκόλασεν

149 4240 431 4294 ὑποϐαλὼν
480 4238 631 4290 ὠδῖσι
671 4234 765 4287 καὶ
817 4233 1018 4295 πόνοις.
1062 4232 1172 4284 Ούκ
1216 4232 1374 4301 ήρκει
1408 4230 1576 4283 ταῦτα
1622 4233 1700 4293 εἰς

148 4322 435 4394 τιμωρίαν,
459 4318 597 4373 ἀλλά
621 4317 713 4369 καὶ
732 4318 827 4383 τῆς
845 4316 1024 4383 φωνῆς
1049 4329 1113 4382 με
1134 4312 1373 4394 ἐξέϐαλε,
1396 4313 1485 4364 καὶ
1500 4312 1699 4380 ταύτης

148 4393 485 4476 ἀπεστέρησε
518 4400 615 4467 τῆς
660 4400 843 4465 τιμῆς,
881 4396 966 4447 ἵνα
985 4396 1109 4457 τοὺς
1132 4393 1431 4462 ὁμοφύλους
1462 4395 1552 4446 καὶ
1574 4396 1701 4462 ὁμο-

146 4490 311 4552 γενεῖς
336 4485 586 4552 καθάπερ
616 4480 892 4551 θηριώδεις
918 4477 1359 4546 άποστρέφωμαι,
1392 4477 1486 4545 τῆς
1520 4476 1701 4545 φωνῆς

145 4566 570 4636 διατειχιςούσης
604 4560 806 4632 μοιτήν
842 4559 1141 4612 συνουσίαν.
1172 4559 1267 4610 Διά
1313 4556 1466 4609 τοῦτο
1493 4556 1703 4625 ηὔξησα

144 4652 233 4717 τὴν
258 4649 536 4702 ἀντίθεσιν
555 4685 570 4708 ,
614 4646 679 4698 ἵν’
706 4646 831 4697 ὅταν
856 4640 1116 4707 ἐπαγάγω
1142 4639 1238 4708 τὴν
1261 4639 1427 4702 λύσιν,
1460 4639 1523 4690 λα
1532 4655 1703 4707 μπροο

144 4731 268 4799 τέρα
291 4731 521 4797 γένηται
550 4730 584 4797 ὴ
613 4725 754 4794 νίκη.
778 4725 838 4776 Εἰ
869 4722 1111 4775 ἐϐούλετό
1142 4737 1228 4790 με,
1252 4720 1431 4789 φησὶν,
1454 4720 1701 4772 ἐκϐαλεῖν

144 4812 339 4865 τούτων
382 4811 666 4869 ἁπάντων,
705 4805 845 4867 τίνος
887 4802 1068 4855 ἐνεκέν
1113 4819 1200 4871 μοι
1244 4801 1381 4854 αὐτὰ
1425 4802 1573 4870 παρά
1603 4801 1701 4869 τὴν

146 4896 310 4963 ἀρχὴν
348 4892 557 4953 ἐδίδου;
597 4886 856 4940 Βούλεσθε
892 4887 983 4937 ἀπ’
1016 4883 1177 4938 αὐτοῦ
1221 4883 1407 4937 τούτου
1442 4884 1703 4950 ἐπαγάγω

143 4975 232 5044 τὴν
259 4974 443 5035 λύσιν,
477 4972 569 5023 ἀπ’
597 4969 766 5036 αὐτῆς
815 4967 913 5036 τῆς
961 4967 1325 5035 ἀντιρρήσεως
1362 4966 1458 5033 τῆς
1502 4965 1699 5033 ψιλῆςς

143 5057 394 5125 Τοσαύτη
430 5053 537 5123 γάρ
587 5051 695 5103 τῶν
746 5050 884 5118 ὺπέρ
925 5047 1017 5100 τοῦ
1072 5048 1203 5100 Θεοῦ
1257 5047 1630 5115 δικαιωμάτων
1668 5049 1702 5115 η

144 5138 452 5209 περιουσία,
482 5133 555 5195 ὡς
593 5129 759 5199 αὐτὴν
791 5130 885 5181 τοῦ
932 5127 1293 5209 ἀντιλέγοντος
1318 5128 1415 5197 τὴν
1454 5128 1705 5199 ἀντίρρη-

144 5208 239 5281 σιν,
278 5218 453 5290 μηδὲν
500 5212 630 5283 παρ’
671 5211 828 5279 ήμῶν
878 5208 1425 5279 προσλαμϐάνουσαν,
1476 5210 1703 5279 ἀρκέσαι

147 5303 271 5370 :96;
323 5302 430 5368 τὴν
473 5296 580 5349 τῶν
626 5291 981 5361 ἐγκλημάτων
1026 5290 1198 5343 λύσιν.
1254 5292 1314 5343 Ei
1358 5292 1602 5342 ἐϐούλετό
1639 5308 1703 5359 με

143 5384 392 5437 ἐκϐαλεῖν
426 5381 640 5433 πάντων
660 5374 881 5437 τούτων,
910 5372 1050 5434 τίνος
1075 5373 1253 5425 ἕνεκεν
1282 5373 1419 5425 αὐτά
1449 5390 1533 5443 μοι
1559 5373 1704 5442 παρὰ

196 5540 220 5568 ⁸
245 5536 526 5588 Dicendum
573 5529 828 5579 videbatur
868 5526 1086 5575 ποιοῦσα³
1111 5540 1217 5575 nam
1259 5527 1603 5576 substantivum
1630 5536 1707 5577 est.

139 5612 274 5659 supra
300 5602 329 5653 ἡ
353 5596 440 5643 τοῦ
462 5592 587 5642 Θεοῦ
615 5592 762 5653 χάρις.
788 5590 882 5638 Sed
905 5590 979 5637 hic
1004 5601 1216 5646 sensum,
1242 5602 1333 5635 non
1365 5590 1523 5647 verba,
1552 5596 1705 5650 respi-

142 5668 199 5707 ειι
222 5661 620 5716 Εὴτθτεοςιοηιυε.

197 5706 349 5766 biné'v
374 5717 548 5765 deerat
582 5718 632 5759 tn
655 5710 845 5760 ’δῖοι-ει.
870 5708 965 5757 Sed
992 5706 1038 5755 in
1073 5708 1179 5755 ah‘is
1216 5708 1438 5767 habetur,
1463 5714 1511 5756 et
1534 5710 1609 5759 hic
1631 5723 1705 5757 re-

146 5779 367 5851 u'xirilur‘

1096 354 1185 410 DE
1222 354 1753 410 PROPHETIARUM
1790 351 2289 409 OBSCURITATE.
2328 350 2391 404 ιι.

3268 350 3379 405 180

1810 473 1903 542 τὴν
1932 473 2102 543 ἀρχὴν
2137 471 2342 535 ἐδίδου;
2392 470 2501 521 Καὶ⁵
2532 467 2639 539 γάρ
2672 470 2825 537 κάγὼ
2854 470 2916 522 τὸ
2944 469 3074 523 αὐτὸ
3120 468 3295 537 λέγωο
3321 472 3372 525 εῖ

1816 563 2062 616 ἐϐούλετό
2097 580 2154 614 σε
2188 560 2433 614 ἐκϐαλεῖν
2473 562 2686 614 πάντων
2730 566 2951 623 τούτων,
2998 560 3142 622 τίνος
3183 560 3373 613 ἕνεκεν

1807 645 2007 708 ἐδίδου;
2057 644 2216 695 Ὥστε
2255 643 2439 711 ἐπειδὴ
2480 642 2579 694 οὐκ
2611 640 2857 693 ἐϐούλετό
2892 658 2950 692 σε
2986 640 3252 705 ἐκϐαλεῖν,
3284 643 3371 698 διά

1804 725 1960 778 τοῦτο
1985 725 2148 777 ἔδωκέ
2180 741 2261 776 σοι
2285 722 2457 776 ταῦτα
2486 724 2635 793 παρά
2657 723 2757 794 τὴν
2793 722 2987 792 ἀρχήν.
3034 721 3099 775 Τί
3130 718 3223 777 οὖν
3249 723 3371 792 ἐγέ-

1804 830 1955 878 νετο;
1992 814 2101 881 Ούχ
2125 814 2152 865 6
2179 812 2310 874 Θεός
2340 828 2397 864 σε
2420 811 2689 874 ἐξέϐαλεν,
2716 811 2850 863 ἀλλά
2891 812 2955 862 σὺ
2980 810 3266 874 ἀπώλεσας
3300 812 3371 864 τά

1804 894 2042 949 δοθέντα.
2097 893 2328 946 Ἐκεῖνον
2378 891 2623 961 θαύμαζε
2660 892 2758 959 τῆς
2806 891 3234 960 φιλανθρωπίας,
3286 892 3370 944 ὅτι

1806 978 2095 1048 ἐχαρίσατο
2114 992 2127 1004 '
2158 974 2334 1044 σαυτῷ
2366 975 2578 1042 μέμφου
2612 973 2710 1041 τῆς
2739 973 3029 1042 ῥᾳθυμίας,
3058 973 3139 1025 ὅτι
3168 973 3229 1025 τὸ
3267 972 3368 1025 δῶ-

1807 1076 1899 1129 ρον
1920 1060 2018 1111 οὐκ
2041 1054 2329 1127 ἐφύλαξας.
2357 1057 2517 1108 Ὥστε
2543 1057 2720 1125 δῆλον,
2746 1056 2827 1107 ὃτι
2870 1058 2967 1125 οὐχ
2997 1058 3025 1108 6
3048 1073 3366 1127 παρακαταο

1806 1140 2029 1209 θέμενος
2076 1140 2263 1203 αἴτιος,
2297 1138 2409 1191 ἀλλ’
2440 1139 2467 1189 6
2497 1137 2593 1205 τὴν
2642 1138 3111 1207 παρακαταθήκην
3142 1138 3369 1207 προδοὺς

1804 1222 2157 1290 ἐγκλημάτων
2179 1220 2491 1282 ὑπεύθυνος.
2526 1219 2648 1271 Ὅτι
2677 1220 2785 1287 γάρ
2813 1218 3007 1286 ἐφίλει,
3053 1219 3147 1271 καὶ
3177 1219 3366 1286 φιλάν⁹

1805 1302 2017 1373 θρωπος
2036 1298 2122 1372 ῆν,
2157 1304 2248 1355 καὶ¹
2277 1301 2521 1355 ἐϐούλετο
2545 1300 2885 1370 χαρίσασθαι,
2915 1299 3131 1365 ἔδειξεν,
3159 1302 3369 1364 οὐδενὸς

1803 1383 1858 1434 δέ
1885 1383 2294 1451 ἀναγκάζοντος,
2324 1383 2442 1435 ούδέ
2473 1382 2593 1451 βίαν
2620 1381 2973 1447 ἐπιτιθέντος,
2996 1383 3055 1434 οὐ
3079 1382 3145 1434 τὰ
3175 1399 3369 1451 κατορ-

1806 1462 2030 1534 θώματά
2064 1482 2153 1517 σου
2184 1464 2485 1534 θαυμάσας,
2521 1464 2621 1515 οὐκ
2658 1463 2795 1531 ἔχων
2826 1480 2907 1515 σοι
2929 1464 3104 1516 πόνων
3134 1463 3368 1533 ἀμοιϐὴν

1803 1545 2120 1599 ἀποδοῦναι·
2178 1545 2291 1598 ἀλλ’
2343 1545 2542 1606 εὐθέως
2592 1542 2835 1607 πλάσας,
2889 1543 3085 1606 εὐθέως
3134 1545 3213 1605 είς
3269 1546 3368 1614 τὴν

1809 1626 1985 1696 ἀρχὴν
2013 1628 2286 1696 μετήγαγε
2311 1626 2531 1695 ταύτην,
2566 1626 2653 1678 ἴνα
2680 1625 2850 1695 δείξῃ,
2879 1626 2960 1677 ὅτι
2982 1624 3078 1676 οὑκ
3105 1624 3368 1687 ἀντίδοσις

1802 1708 2036 1776 ἀμοιϐῆς
2067 1710 2099 1778 ή
2134 1708 2329 1779 δωρεὰ,
2357 1707 2489 1760 ἀλλά
2519 1708 2698 1775 γυμνὴ
2723 1708 2756 1777 ή
2791 1707 2950 1776 χάρις
2977 1701 3063 1776 ῆν.
3097 1704 3159 1758 Εί
3184 1706 3239 1758 δέ
3267 1706 3366 1757 ούκ

1802 1789 2067 1858 ἐφύλαξας
2100 1791 2167 1845 τά
2198 1790 2434 1851 δοθέντα,
2464 1789 2656 1841 σαυτὸν
2685 1788 2862 1853 αἰτιῶ,
2891 1788 2964 1858 μὴ
2987 1788 3077 1840 τὸν
3101 1788 3367 1841 δεδωκότα

1805 1873 1903 1943 τὴν
1934 1871 2138 1942 δωρεάν
2169 1882 2217 1925 ε.

1870 1951 1993 2025 Ἆρ’
2042 1951 2133 2008 οὖν
2184 1954 2339 2006 τοῦτο
2391 1953 2547 2023 μόνον
2596 1953 2788 2023 ἔχομεν
2859 1953 3031 2005 εἰπεῖν
3083 1951 3222 2021 ὑπὲρ
3269 1949 3364 2004 τοῦ

1802 2036 2095 2101 Δεσπότου;
2154 2035 2331 2105 Ἰκανὴ
2387 2036 2482 2104 μὲν
2532 2030 2622 2087 οὖν
2664 2037 2756 2087 καὶ
2786 2034 2920 2104 αῦτη
2967 2036 3001 2103 ή
3053 2033 3315 2100 ἀπολογία
3348 2049 3363 2064 ο

1802 2119 1919 2171 ἀλλ’
1945 2119 1978 2189 ή
2006 2119 2228 2188 ἄπειρος
2253 2118 2414 2171 αὐτοῦ
2446 2118 2714 2186 ἀγαθότης
2740 2119 2830 2170 καὶ
2859 2118 2891 2186 ή
2920 2116 3155 2187 ἄρῤητος
3189 2114 3369 2183 φιλαν-

1802 2200 2012 2270 θρωπία
2048 2202 2139 2253 καὶ
2187 2200 2377 2269 ἐτέραν
2423 2200 2552 2267 ήμῖν
2608 2197 2923 2268 περιουσίαν
2980 2197 3361 2267 δικαιωμάτων

1801 2282 2047 2353 παρέχει.
2092 2282 2223 2335 ούδέ
2260 2282 2366 2352 γὰρ
2395 2281 2549 2334 τοῦτο
2572 2281 2729 2350 μόνον
2762 2281 2910 2332 ἐστιν
2945 2281 3137 2341 εἰπεῖν,
3169 2280 3248 2332 ὅτι
3271 2280 3370 2333 αὑ-

1800 2366 1891 2427 τὸς
1920 2367 2015 2434 μὲν
2046 2365 2231 2429 ἔδωκε,
2254 2367 2317 2416 σὺ
2344 2364 2400 2417 δὲ
2417 2363 2701 2425 ἀπώλεσας
2719 2378 2735 2393 °
2761 2362 3102 2431 ἀπήλλακται
3138 2361 3238 2432 μὲν
3260 2363 3369 2431 γὰρ

1803 2449 1899 2501 καὶ
1928 2448 2066 2500 οὕτω
2095 2448 2200 2500 τῶν
2230 2446 2586 2515 ἐγκλημάτων
2610 2448 2638 2497 6
2663 2445 2803 2506 δοὺς,
2834 2445 3030 2513 μᾶλλον
3057 2444 3113 2495 δέ
3151 2445 3244 2496 καὶ
3276 2460 3371 2513 με·

1800 2533 1983 2598 γίστου
2018 2529 2286 2598 θαύματός
2324 2530 2468 2580 ἐστιν
2509 2526 2691 2590 ἄξιος,
2728 2528 2810 2579 ὅτι
2850 2526 2943 2580 καὶ
2987 2525 3251 2590 προειδὼς
3287 2527 3369 2579 ὅτι

1800 2613 2036 2679 ἀπολεῖς,
2060 2614 2158 2664 οὐκ
2190 2609 2526 2680 ἀπεστέρησέ
2562 2626 2620 2661 σε
2649 2609 2750 2677 τῆς
2777 2608 2984 2678 δωρεᾶς
3024 2624 3039 2640 ο
3073 2606 3212 2677 πλὴν
3236 2606 3371 2659 ἀλλά

1801 2695 1893 2747 καὶ
1934 2695 2117 2765 ἕτερον
2154 2692 2331 2761 πολλῷ
2378 2690 2559 2760 μεῖζον
2606 2690 2712 2759 ἔχω
2751 2688 2950 2742 τούτων
2987 2689 3180 2745 εἰπεῖν.
3212 2688 3277 2741 Τί
3313 2689 3368 2741 δέ

1799 2775 1955 2827 τοῦτό
1994 2777 2173 2837 ἐστιν;
2214 2775 2334 2827 Ὅτι
2364 2773 2456 2824 καὶ
2497 2772 2632 2840 μετά
2676 2769 2735 2822 τὸ
2778 2769 3038 2822 ἀπολέσαι
3078 2767 3136 2833 ἐξ
3168 2770 3371 2831 οἰκείας

1804 2856 2089 2925 ῥᾳθυμίας,
2122 2854 2282 2909 πάλιν
2316 2853 2618 2906 ἀποδέδωκέ
2643 2867 2724 2903 σοι
2745 2851 2814 2903 τὰ
2844 2851 3155 2903 ἀπολωλότα
3180 2866 3196 2881 ο
3234 2850 3371 2920 μᾶλ-

1801 2937 1889 2990 λον
1924 2937 1980 2988 δὲ
2016 2937 2075 2988 ού
2106 2936 2171 2988 τά
2201 2934 2511 2988 ἀπολωλότα
2547 2934 2723 3002 μόνον,
2755 2931 2889 2985 ἀλλά
2922 2931 3016 2984 καὶ
3048 2930 3223 3000 πολλῷ
3253 2930 3371 2999 μεί-

1804 3019 1932 3083 ζονα
1961 3018 2184 3071 τούτων.
2222 3016 2530 3078 Ἀπώλεσας
2570 3015 2666 3085 μὲν
2697 3013 2803 3083 γὰρ
2838 3013 3177 3083 παράδεισον,
3204 3011 3370 3064 ἔδωκε

1800 3102 1855 3153 δε
1890 3118 1968 3153 σοι
1994 3101 2081 3153 τὸν
2106 3100 2344 3169 οὐρανόν.
2383 3099 2543 3167 Ὁρᾷς
2568 3096 2682 3158 πῶς
2714 3096 2912 3165 μείζων
2936 3098 2966 3164 ή
3005 3094 3241 3164 ἐμπορία
3269 3094 3371 3162 τῆς

1802 3180 2002 3250 ζημίας
2023 3220 2037 3244 ,
2070 3179 2215 3250 [186]
2252 3182 2366 3243 πῶς
2392 3179 2587 3231 πλείων
2612 3180 2638 3230 6
2660 3178 2914 3239 πλοῦτος;
2947 3176 3152 3229 Ἔδωκέ
3184 3192 3261 3227 σοι
3280 3176 3371 3227 τὸν

1800 3262 2041 3332 οὐρανὸν,
2059 3264 2143 3313 ἵνα
2168 3262 2260 3313 καλ⁸
2277 3262 2373 3329 τὴν
2386 3260 2588 3312 οἰκείαν
2606 3258 3005 3327 φιλανθρωπίαν
3022 3255 3370 3324 ἐπιδείξηται,

1802 3342 2007 3395 καὶτὸν
2037 3341 2279 3395 διάϐολον
2307 3341 2462 3411 δάκῃ,
2494 3340 2701 3402 δεικνὺς
2730 3340 2810 3391 ὅτι
2841 3337 2945 3391 κᾶν
2976 3337 3142 3407 μυρία
3166 3337 3243 3406 τῷ
3263 3336 3372 3387 τῶν

1802 3422 2101 3493 ἀνθρώπων
2123 3422 2478 3492 ἐπιϐουλεύσῃ
2501 3423 2668 3489 γένει,
2690 3420 2839 3473 ούδέν
2858 3420 3007 3472 ἔσται
3024 3418 3181 3470 πλέον
3202 3416 3370 3485 αὐτῷ,

1802 3506 1894 3556 τοῦ
1938 3504 2069 3557 Θεοῦ
2105 3505 2239 3573 πρὸς
2286 3504 2503 3574 μείζονα
2544 3503 2629 3556 ἀεὶ
2671 3502 2834 3571 τιμὴν
2876 3502 3020 3571 ἡμᾶς
3062 3499 3369 3565 ἀνάγοντος.

1804 3576 2115 3649 ’Λπώλεσας
2143 3586 2321 3639 τοίνυν
2352 3586 2694 3655 παράδεισον,
2723 3586 2813 3637 καὶ
2836 3582 3034 3651 ἀνέῳξέ
3070 3598 3150 3634 σοι
3186 3583 3214 3634 6
3241 3581 3370 3643 Θεὸς

1802 3668 1891 3719 τὸν
1915 3668 2137 3738 ούρανόν
2155 3685 2168 3698 ·
2197 3667 2586 3735 κατεδικάσθης
2610 3667 2755 3733 πόνῳ
2780 3664 3117 3734 προσκαίρῳ,
3148 3663 3240 3715 καὶ
3264 3664 3373 3713 ἐτι-

1807 3750 1981 3819 μήθης
2008 3749 2117 3819 ζωῇ
2147 3751 2345 3819 αἰωνίῳ
2362 3767 2373 3778 ·
2406 3749 2654 3801 ἐκέλευσε
2689 3751 2753 3817 τῇ
2781 3751 2849 3817 γῇ
2874 3745 3113 3808 ἀκάνθας
3140 3746 3232 3797 καὶ
3256 3762 3373 3816 τρι-

1804 3832 1987 3894 ϐόλους
2009 3832 2264 3899 ἐνεγκεῖν,
2283 3831 2374 3884 καὶ
2405 3829 2698 3899 ἐϐλάστησέ
2716 3846 2796 3882 σοι
2829 3828 3036 3898 καρπὸν
3061 3827 3374 3896 Πνεύματος

1804 3914 1837 3981 ἡ
1866 3913 2010 3981 ψυχή
2039 3911 2088 3965 δ-

1873 4007 1932 4058 δ’.
1958 4006 2065 4057 Καὶ
2084 4005 2270 4058 σκόπει
2294 4022 2379 4075 μοι
2403 4004 2499 4073 τὴν
2516 4006 2701 4073 φιλανθ
2711 4007 2916 4075 ρωπίαν
2929 4006 3019 4060 τοῦ
3036 4006 3188 4065 Θεοῦ.
3211 4009 3367 4080 μέχρι

1806 4086 1967 4138 πόσου
2002 4086 2223 4154 κατέϐη.
2268 4087 2354 4138 Ἐν
2378 4090 2487 4149 τοῖς
2522 4087 2845 4139 ἀπολλύουσι
2878 4105 2997 4139 τινα
3026 4089 3133 4141 τῶν
3160 4092 3371 4147 οἰκείων

1806 4169 2114 4237 κτημάτων,
2153 4169 2255 4220 κᾶν
2298 4167 2516 4236 μείζονα
2549 4168 2748 4220 λάϐωσι
2787 4170 2880 4221 καὶ
2921 4170 3367 4240 πολυτελέστερα,

1804 4256 1985 4306 ἐκεῖνα
2011 4252 2078 4305 τὰ
2097 4252 2407 4306 ἀπολωλότα
2426 4254 2604 4322 ζητεῖν
2622 4255 2881 4323 ἐφίενται,
2900 4257 2991 4307 καὶ
3018 4256 3091 4325 μὴ
3109 4255 3371 4325 πρότερον

1806 4335 2248 4403 πληροφορεῖθαι,
2282 4335 2384 4397 ἓως
2423 4335 2489 4387 ἂν
2526 4335 2663 4387 αύτά
2696 4336 3055 4389 ἀπολάϐωσιν.
3104 4338 3251 4390 Ἐπεὶ
3279 4335 3374 4391 οὖν

1806 4416 2090 4477 ἀπώλεσας
2136 4417 2476 4486 παράδεισον,
2514 4416 2631 4484 οὐχὶ
2667 4417 2755 4469 τὸν
2793 4417 3016 4487 οὐρανόν
3055 4436 3135 4471 σοι
3178 4420 3372 4472 δέδωκε

1810 4497 1986 4565 μόνον,
2034 4497 2165 4550 ἀλλά
2211 4498 2301 4549 καὶ
2345 4496 2664 4567 παράδεισον
2704 4499 2797 4551 καὶ
2827 4500 3070 4569 οὐρανόν.
3108 4499 3375 4569 Σήμερον

1800 4579 1924 4647 μετ’
1939 4579 2082 4645 ἐμοῦ
2099 4580 2211 4646 ἔσῃ
2232 4580 2300 4631 ἐν
2313 4578 2392 4643 τῷ
2408 4579 2764 4645 παραδείσῳ,
2781 4581 2941 4650 φησίν
2960 4597 2974 4611 ·
3001 4581 3089 4635 ἵνα
3114 4583 3187 4652 μὴ
3216 4584 3375 4652 μόνον

1804 4662 1869 4729 τῇ
1896 4660 2002 4711 τῶν
2031 4658 2289 4729 μειζόνων
2322 4660 2624 4730 προσθήκη,
2658 4662 2789 4714 ἀλλά
2818 4661 2911 4714 καὶ
2934 4665 3000 4733 τῇ
3029 4664 3136 4715 τῶν
3166 4665 3375 4718 ἀπολω-

1806 4742 1969 4793 λότων
2029 4742 2317 4811 ἀνακτήσει
2378 4742 2834 4813 παραμυθήσηται
2883 4744 2979 4813 τὴν
3036 4746 3374 4815 ὀδυνωμένην

1806 4822 2001 4892 ψυχήν.
2053 4822 2209 4887 Ἀλλ’,
2250 4824 2298 4875 εί
2330 4822 2500 4887 δοκεῖ,
2533 4823 2625 4875 καὶ
2672 4824 2758 4877 ἐπ’
2789 4825 2918 4878 αὐτὸ
2949 4826 3104 4879 τοῦτο
3135 4827 3376 4896 ἔλθωμεν

1806 4905 1865 4957 τὸ
1912 4903 2296 4972 προκείμενον,
2346 4904 2439 4957 καὶ
2486 4905 2682 4972 ἴδωμεν
2734 4906 2850 4969 πῶς
2883 4908 3238 4977 ἀπωλέσαμεν
3275 4910 3376 4977 τὴν

1809 4986 2006 5054 φωνήν.
2041 4985 2174 5038 Οὐδὲ
2203 4985 2309 5055 γάρ
2339 4986 2533 5055 μικρὸν
2566 4988 2643 5049 είς
2672 4988 2963 5055 ἀσφαλείας
2990 4988 3143 5055 λόγον
3168 4990 3201 5057 ή
3233 4989 3374 5039 ἱστο-

1811 5067 1917 5134 ρία.
1962 5066 2018 5117 Ὀ
2055 5066 2162 5135 γάρ
2200 5066 2382 5136 μαθὼν
2414 5068 2503 5119 τὸν
2540 5067 2733 5135 τρόπον
2769 5068 2867 5137 τῆς
2905 5068 3171 5138 προτέρας
3200 5071 3377 5137 ἀσφα-

1808 5147 1976 5210 λείας,
2004 5148 2137 5217 πρδς
2165 5148 2230 5201 τά
2258 5148 2417 5200 λοιπὰ
2442 5147 2837 5217 ἀσφαλέστερος
2866 5148 3035 5202 ἔσται.
3062 5150 3375 5217 Ἀναγκαῖον

1808 5228 1861 5280 δέ
1902 5229 2076 5281 πάντα
2114 5230 2246 5297 πρὸς
2285 5230 2426 5298 ὑμᾶς
2461 5231 2633 5281 εἰπεῖν
2670 5246 2684 5260 ·
2724 5225 2852 5294 οἷον,
2888 5232 2967 5282 ὅτι
3004 5232 3099 5299 μία
3134 5232 3281 5301 φωνὴ
3316 5231 3376 5283 τὸ

1810 5311 2034 5362 παλαιὸν
2064 5311 2275 5364 πάντων
2306 5310 2603 5380 ἀνθρώπων
2642 5307 2728 5380 ῆν,
2760 5314 2841 5363 ὅτι
2880 5315 2957 5376 είς
2993 5313 3187 5375 πολλὰς
3220 5314 3373 5366 ὓστε-

1811 5410 1902 5462 ρον
1928 5394 2185 5462 μετέπεσε
2210 5410 2221 5423 ·
2250 5394 2408 5462 μέχρι
2434 5394 2561 5445 πότε
2589 5393 2682 5461 μία
2705 5390 2793 5463 ῆν,
2814 5394 2904 5445 καὶ
2926 5396 3050 5446 πότε
3082 5396 3375 5464 μετέπεσεν

1810 5476 1889 5535 εἰς
1921 5476 2115 5537 πολλάς
2145 5490 2160 5506 ⁸
2196 5478 2288 5527 καλ⁵
2320 5476 2541 5541 πότερον
2576 5475 2707 5543 αὑτὴ
2742 5476 2917 5544 ἐκείνη
2955 5476 3245 5544 ἠφανίσθη,
3282 5479 3373 5531 καὶ

1811 5555 1991 5625 ἐτεραι
2020 5557 2426 5627 εἰσηνέχθησαν,
2458 5559 2489 5628 ἢ
2519 5557 2781 5627 μενούσης
2808 5558 3019 5625 ἐκείνης
3047 5558 3374 5628 ἐπεισήχθη-

1875 5706 1895 5771 ﬁ
1919 5705 2047 5771 (ζου).
2070 5708 2152 5763 τὴν
2174 5709 2321 5771 χάριν.

1874 5764 1896 5799 ⁸³
1927 5768 2057 5817 (ὶυιι).
2086 5764 2262 5825 καρπον
2287 5773 2421 5823 ζωῆς
2448 5766 2523 5812 καὶ
2546 5765 2729 5811 σκόπει.
