4130 6316
733 360 841 414 181

737 482 835 519 σαν
860 465 915 518 αἰ
946 462 1125 515 λοιπαί
1148 477 1162 493 ο
1187 458 1274 512 διά
1300 457 1350 510 τί
1380 454 1661 523 συνεχύθη,
1690 450 1783 504 καὶ
1809 450 1872 501 ὲκ
1896 444 2051 504 ποίας
2076 438 2246 498 αἰτίας
2264 447 2279 463 ⁸

736 547 855 603 εἶτα
892 549 1020 618 ποίᾳ
1046 545 1245 598 τούτων
1274 543 1379 595 τῶν
1409 539 1615 593 πολλῶν
1646 534 1835 605 φωνῶν
1868 533 1900 600 ή
1934 526 2142 618 Παλαιά
2169 540 2287 618 συν-

734 635 910 689 έκειτο
934 612 1172 701 Διαθήκη
1194 648 1207 659 ·
1234 629 1318 681 διὰ
1339 626 1444 697 γὰρ
1470 627 1680 691 ἐκείνην
1713 620 1885 675 πάντα
1913 615 2083 668 ταῦτα
2111 612 2288 701 έκινή-

1443 345 1503 398 S.
1541 334 1819 397 JOANNIS
1854 318 2328 389 CIIRYSOSTOMI
2360 318 2674 380 ARCHIEP.
2710 316 3245 376 CONSTANTINOP.

3834 329 3949 385 182

2391 431 2529 501 μετά
2558 432 2666 487 τῶν
2705 431 2879 503 μελῶν
2904 430 3013 484 τῶν
3043 430 3256 483 οἰκείων
3290 426 3525 498 γίνηται,
3563 425 3636 487 ὡς
3670 425 3798 478 ὅταν
3825 423 3945 476 ὀλό-

2383 515 2579 586 κληρον
2620 516 2680 568 τὸ
2722 514 2878 585 σῶμα
2917 514 3015 583 τῆς
3067 510 3387 583 Ἑκκλησίας
3438 507 3773 578 ὁμοθυμαδὸν
3815 508 3946 561 ἀνα-

2385 597 2575 667 πέμπῃ
2605 596 2701 667 τὴν
2732 596 2913 665 δέησιν
2948 596 3047 665 μιᾷ
3078 595 3258 663 φωνῇ,
3293 590 3481 661 ίερέων
3511 588 3805 659 παρόντων,
3848 586 3945 640 καὶ

739 672 910 791 ἓξὲξ
934 672 1213 786 Ϊζῖᾶἔεᾞὲν
1720 672 2081 777 πρεσὸυτέρᾳ,
2111 699 2144 769 ἢ
2172 672 2291 759 ταίς
2383 678 2481 739 τὰς
2505 678 2667 748 εὐχὰς
2688 676 2782 730 τοῦ
2803 674 2981 729 κοινοῦ
3009 674 3244 745 πλήθθυς
3267 672 3661 743 ἀναφερόντωνο

736 782 957 876 ὕστερον
984 782 1482 870 ἐπεισενεχθνείσαις.
1513 795 1667 849 Ἀλλά
1692 794 1763 863 μὴ
1780 791 1988 858 δείσητε
2016 804 2030 817 ·
2059 785 2161 876 κάν
2182 782 2289 876 γάρ

736 896 813 967 μὴ
838 873 1072 965 τήμερον
1106 893 1318 945 ἅπαντα
1348 887 1660 955 δυνηθῶμεν
1678 879 1982 967 ἀποδοῦναι,
2003 874 2137 967 ἀλλά
2159 873 2293 967 πάνῗ

734 957 842 1044 τως
1032 978 1377 1046 ἀποδώσομεν
1412 975 1650 1042 ὕστερον.
1694 968 1847 1028 Τίνος
1877 960 1969 1017 οῦν
2002 963 2181 1050 ἕνεκεν
2217 957 2291 1050 μὴ

738 1045 1019 1135 μέλλοντες
1045 1065 1256 1117 ἀπαντα
1284 1045 1520 1129 τήμερον
1547 1053 1879 1116 ἀποδιδόναι,
1912 1049 2160 1102 ἀπάντων
2186 1045 2294 1097 τῶν

735 1151 1061 1222 ὀφλημάτων
1074 1149 1172 1219 τὴν
1189 1148 1439 1201 ὑπόθεσιν
1462 1145 1588 1213 ὑμῖν
1618 1140 1958 1208 ἀνέγνωμεν;
1988 1138 2103 1187 Ἵνα
2130 1148 2295 1222 προσ-

737 1239 999 1301 δοκῶντες
1037 1236 1133 1307 τὴν
1182 1236 1457 1295 ἀπόδοσιν,
1492 1229 1779 1290 διαπαντὸς
1818 1224 1955 1278 κατὰ
1992 1222 2114 1275 νοῦν
2150 1221 2296 1307 ἡμᾶς

739 1325 918 1394 ἔχητε.
948 1322 1056 1376 Καὶ
1083 1305 1189 1392 γάρ
1218 1322 1247 1372 6
1273 1320 1493 1391 χρυσίον
1520 1316 1624 1370 τινὶ
1651 1313 1915 1373 δανείσας,
1943 1310 2034 1361 καὶ
2061 1305 2294 1361 ὑπεύθυ-

739 1430 827 1465 νον
846 1413 980 1481 ἔχων
1001 1409 1091 1463 τοῦ
1116 1410 1247 1478 όφλή
1257 1426 1440 1478 ματος,
1464 1408 1555 1458 καὶ
1576 1405 1632 1457 ὲν
1653 1400 1914 1473 τραπέζῃ,
1934 1416 2024 1451 και
2046 1399 2101 1449 tv
2128 1396 2293 1464 οἰκία,

741 1501 835 1553 καὶ
862 1501 919 1551 tv
949 1499 1141 1567 ἀγορᾷ,
1174 1497 1266 1549 καὶ
1296 1497 1351 1547 ὲν
1380 1494 1560 1563 κλίνῃ,
1602 1490 1695 1545 καὶ
1728 1485 1996 1557 πανταχοῦ
2028 1486 2117 1538 τὸν
2156 1482 2299 1551 ὀφεί-

739 1584 897 1638 λοντα
935 1584 1080 1652 αὐτῷ
1118 1578 1440 1650 φαντάζεται
1481 1578 1572 1631 καὶ
1606 1573 1932 1644 ὀνειροπολεῖ
1959 1588 1971 1600 ο
2000 1570 2093 1624 καὶ
2129 1571 2156 1621 6
2190 1567 2297 1619 τῶν

740 1672 1033 1742 χρημάτων
1055 1669 1191 1739 ἔρως
1217 1667 1350 1737 μετά
1376 1665 1480 1718 τῶν
1500 1662 1792 1734 χρημάτων
1817 1659 2064 1711 κάκεῖνον
2086 1656 2175 1742 ἐπὶ
2202 1653 2299 1742 τῆς

740 1739 843 1809 τοῦ
858 1739 1217 1816 δεδανεικότος
1243 1755 1382 1804 ποιεῖ
1401 1747 1682 1810 διαπαντὸς
1702 1742 2082 1815 περιφέρεσθαι
2103 1739 2297 1809 ψυχῆς.

745 1844 865 1895 Ἵνα
893 1836 985 1893 οὖν
1015 1841 1108 1893 καὶ
1133 1841 1291 1909 ἡμεῖς
1312 1840 1376 1907 τῇ
1398 1835 1571 1889 ὲλπίδι
1600 1833 1698 1902 τῆς
1726 1830 2024 1890 ἀποδόσεως
2053 1825 2302 1895 ὲσώμεθα

742 1926 1027 1989 διαπαντὸς
1060 1928 1116 1978 tv
1147 1926 1267 1986 ταῖς
1300 1923 1587 1992 ὑμετέραις
1624 1917 1897 1979 διανοίαις,
1930 1915 2021 1966 καὶ
2051 1915 2108 1965 tv
2136 1912 2300 1981 οἰκίᾳ,

746 2015 841 2067 καὶ
868 2015 924 2063 tv
956 2012 1158 2081 ἀγορᾷ,
1194 2009 1286 2063 καὶ
1312 2010 1443 2061 ὅπου
1470 2008 1513 2060 δ’
1550 2004 1615 2060 ἂν
1644 2000 1763 2073 ἦτε,
1794 2001 1880 2055 διά
1913 1999 2067 2054 τοῦτο
2099 1996 2168 2051 τά
2206 1997 2303 2067 μὲν

745 2101 1033 2171 ὀφλήματα
1053 2098 1499 2169 ὡμολογήσαμεν,
1521 2094 1618 2161 τὴν
1645 2092 1702 2144 6t
1728 2090 1979 2143 ἀπόδοσιν
2006 2087 2218 2140 ἃπασαν
2241 2085 2301 2137 οὐ

750 2184 1047 2255 ποιούμεθα
1068 2185 1323 2253 σήμερον,
1346 2182 1431 2234 ῐνα
1453 2182 1516 2249 τῇ
1544 2176 1833 2249 προσδοκίᾳ
1853 2174 1956 2226 τῶν
1978 2172 2306 2241 λειπομένων

748 2272 998 2324 ὑπόθεσιν
1012 2269 1110 2337 τῆς
1134 2269 1258 2338 περὶ
1274 2266 1429 2336 ήμῶν
1450 2266 1663 2334 μνήμης
1683 2263 1811 2333 παρ’
1830 2262 1956 2329 ὑμῖν
1973 2256 2305 2325 καταλείψω-

752 2374 869 2427 μεν.
882 2354 1104 2423 Μεγάλη
1122 2354 1227 2423 γάρ
1243 2355 1275 2423 ἡ
1281 2352 1396 2422 μῶν
1410 2351 1694 2419 ἀσφάλεια,
1704 2348 1800 2417 τῆς
1814 2349 1842 2400 ὑ
1850 2346 1973 2417 μετέ
1980 2362 2077 2415 ρας
2092 2344 2308 2413 ἀγάπης

750 2442 1036 2496 ἀπολαύειν
1047 2439 1323 2511 διηνεκῶς,
1332 2437 1381 2508 [1
1390 2437 1479 2508 87]
1492 2438 1554 2506 δή
1563 2452 1663 2506 μου
1679 2434 1913 2487 τοιούτου
1927 2435 2018 2486 καὶ
2035 2430 2304 2485 τοσούτου.

762 2529 822 2582 '0
844 2530 949 2599 γὰρ
963 2527 1179 2596 ἀγάπης
1192 2524 1492 2586 ἀπολαύων,
1512 2522 1601 2575 καὶ
1616 2522 1777 2590 εὐχῆς
1794 2520 2154 2573 ἀπολαύσεται
2178 2516 2311 2570 πάν-

749 2612 1048 2678 τως.Τοῦτο
1057 2612 1111 2665 δὲ
1124 2612 1303 2683 ήλίκον
1315 2611 1457 2663 ἐστὶν
1469 2608 1686 2676 ἀγαθὸν,
1699 2606 1854 2675 δῆλον
1869 2604 2070 2657 ἐκεῖθεν
2079 2620 2091 2633 ο
2104 2603 2309 2665 Παῦλος

753 2704 976 2765 ἐκεῖνος,
992 2702 1021 2753 6
1034 2703 1113 2765 είς
1130 2702 1309 2770 τρίτον
1325 2698 1591 2769 ἀρπαγείς
1611 2696 1853 2765 οὐρανὸν,
1867 2696 1895 2747 6
1913 2696 2127 2763 ῥήματα
2146 2692 2277 2745 ἀκού
2291 2721 2309 2732 -

755 2806 854 2851 σας
883 2790 1113 2859 ἄρρητα,
1140 2790 1169 2839 6
1196 2786 1369 2846 πάσας
1403 2785 1793 2851 καπαπατήσας
1825 2780 1921 2841 τὰς
1952 2780 2189 2846 ἀνάγκας
2216 2780 2312 2848 τῆς

756 2876 1017 2942 φύσεως,ό
1032 2876 1087 2926 tv
1101 2872 1363 2941 ἀσφαλείᾳ
1374 2869 1553 2940 τελεία
1568 2869 1749 2921 λοιπὸν
1768 2866 2029 2931 ῶν,ὲδεῖτο
2047 2867 2139 2918 καὶ
2150 2865 2311 2935 εὐχῆς

754 2962 861 3014 τῶν
890 2960 1163 3031 μαθητῶν,
1181 2960 1273 3012 καί¹
1314 2958 1463 3025 ἔλεγε
1498 2973 1511 2987 ο
1530 2955 1938 3022 Προσεύχεσθε
1971 2953 2119 3020 ὑπὲρ
2144 2951 2308 3019 ἐμοῦ,

757 3048 857 3100 ινα
868 3046 1072 3114 ῥυσθῶ
1087 3046 1201 3100 ἀπὸ
1216 3043 1333 3098 τῶν
1359 3042 1757 3097 ἀπειθούντων
1777 3058 1790 3072 ·
1819 3039 1912 3093 καὶ
1930 3039 2107 3100 πάλιν,
2125 3041 2313 3104 Προσο

757 3137 1029 3204 εὔχεσθε,
1050 3135 1148 3187 ἵνα
1171 3151 1270 3202 μοι
1294 3130 1438 3199 δοθῇ
1461 3130 1633 3199 λόγος
1652 3130 1719 3181 ἐν
1733 3126 1954 3191 ἀνοίξει
1975 3126 2079 3179 τοῦ
2099 3127 2315 3193 στόμα-

757 3222 861 3286 τός
895 3239 1034 3290 μου.
1068 3220 1178 3272 Καὶ
1220 3215 1491 3287 πανταχοῦ
1536 3216 1695 3285 δρᾶτε
1737 3214 1893 3267 αὐτὸν
1938 3212 2029 3265 καὶ
2069 3210 2315 3263 αἰτοῦντα

759 3310 859 3370 τὰς
900 3306 1063 3376 εὐχὰς
1100 3305 1207 3359 τῶν
1242 3304 1512 3374 μαθητῶν.
1553 3304 1647 3355 καὶ
1684 3298 2098 3369 εὐχαριστοῦντα
2136 3297 2316 3359 αὐτοῖς

763 3393 905 3463 μετὰ
933 3393 993 3445 τὸ
1021 3392 1223 3445 λαϐεῖν.
1253 3392 1368 3443 Ἵνα
1391 3389 1497 3459 γὰρ
1529 3389 1601 3458 μὴ
1625 3387 1755 3456 λέγῃ
1789 3402 1887 3448 τις,
1915 3385 1994 3436 ὅτι
2021 3383 2106 3435 διὰ
2130 3399 2317 3435 ταπει-

762 3480 1090 3551 νοφροσύνην
1123 3478 1449 3546 καταφεύγει
1478 3478 1567 3528 ἐπὶ
1592 3473 1687 3538 τάς
1714 3471 1873 3542 εὐχὰς
1904 3472 2010 3522 τῶν
2042 3468 2315 3539 μαθητῶν,

762 3567 1031 3620 δείκνυσιν
1068 3566 1243 3619 αὐτῶν
1273 3566 1364 3619 καὶ
1400 3563 1496 3632 τὴν
1524 3561 1769 3629 δύναμιν,
1802 3558 1940 3610 οὕτω
1967 3557 2137 3623 λέγων
2157 3571 2173 3587 ο
2216 3558 2319 3620 ’ος

764 3655 833 3707 ἐκ
862 3652 1222 3719 τηλικούτων
1250 3650 1515 3704 θανάτων
1542 3648 1830 3716 ἐρῤύσατο
1856 3640 2011 3712 ἡμᾶς
2033 3659 2047 3673 ο
2071 3642 2322 3708 ἠλπίκαμ-

760 3756 874 3810 μεν
916 3738 983 3791 δὲ
1025 3737 1113 3790 ὅτι
1159 3736 1255 3790 καί
1290 3736 1565 3803 ῥύσεται,
1609 3729 2182 3796 συνυπουργούντων
2221 3726 2320 3779 καί

767 3825 932 3894 ὑμῶν
952 3823 1025 3893 τῇ
1050 3824 1251 3891 δεήσει
1280 3821 1427 3887 ὑπὲρ
1455 3818 1639 3888 ἡμῶν,
1665 3818 1765 3869 ινα
1784 3817 1849 3868 τὸ
1875 3818 1959 3879 εἰς
1984 3812 2139 3881 ἡμᾶς
2162 3812 2323 3881 χάρι-

768 3926 893 3982 σμα
920 3911 1015 3964 διὰ
1040 3906 1282 3963 πολλῶν
1309 3901 1710 3974 εὐχαριστηθῇ
1745 3901 1895 3968 ὑπὲρ
1922 3898 2108 3967 ἡμῶν.

839 3997 901 4049 Et
947 3995 1003 4047 δὲ
1043 3992 1250 4047 Παῦλον
1288 3990 1541 4045 κινδύνων
1578 3985 1876 4057 ἀπήλλαξεν
1912 3988 1945 4053 ἡ
1970 3983 2061 4037 τοῦ
2092 3982 2323 4053 πλήθους

770 4081 928 4152 εὐχή,
960 4079 1076 4141 πῶς
1110 4081 1171 4131 οὐ
1218 4077 1424 4146 μεγάλα
1460 4074 1540 4126 δεῖ
1578 4071 1875 4143 προσδοκᾷν
1910 4069 2004 4122 καὶ
2040 4071 2185 4139 ἡμᾶς
2218 4067 2325 4121 ἀπὸ

769 4169 970 4237 ταύτης
1011 4162 1391 4235 καρπώσεσθαι
1431 4162 1527 4227 τῆς
1562 4156 1918 4229 προστασίας;
1969 4155 2182 4225 Ἐπειδὴ
2216 4154 2323 4225 γὰρ

774 4256 897 4310 καθ’
922 4255 1144 4315 ἑαυτοὺς
1172 4250 1449 4320 εὐχόμενοι
1478 4245 1720 4307 ἀσθενεῖς
1748 4245 1930 4312 ὲσμεν,
1960 4243 2087 4295 ὅταν
2113 4242 2169 4293 δὲ
2200 4241 2323 4293 συλ-

773 4342 1036 4413 λεγῶμεν,
1073 4338 1276 4407 ἰσχυροὶ
1305 4332 1561 4403 γινόμεθα
1600 4329 1816 4401 μᾶλλον,
1851 4327 2198 4396 δυσωποῦμεν
2234 4327 2324 4379 τὸν

774 4429 903 4481 Θεὸν
1032 4425 1223 4495 πλήθει
1251 4422 1343 4474 καὶ
1359 4422 1423 4489 τῇ
1447 4415 1747 4487 συμμαχίᾳ.
1773 4413 1923 4467 Οῦτω
1956 4413 2050 4466 καὶ
2079 4412 2325 4481 βασιλεὺς

773 4514 1031 4576 πολλάκις
1066 4510 1188 4563 τινὰ
1230 4504 1597 4577 παραπέμψας
1620 4502 1845 4569 θανάτῳ,
1878 4499 1957 4551 ἐνὶ
1986 4498 2081 4567 μὲν
2105 4499 2203 4549 οὐκ
2228 4498 2326 4549 έπ-

776 4600 955 4653 ἑνευσε
981 4597 1216 4667 δεομένῳ
1240 4594 1363 4664 περί
1399 4591 1490 4644 τοῦ
1534 4584 2029 4647 καταδικασθέντος,
2074 4584 2225 4636 πόλιν
2269 4582 2325 4635 6t

775 4686 1058 4754 ὁλόκληρον
1095 4678 1511 4752 παρακαλοῦσαν
1547 4672 1884 4743 ὲδυσωπήθη.
1916 4671 2007 4723 καί⁸
2030 4670 2117 4721 τὸν
2142 4671 2231 4721 ἐπὶ
2266 4668 2326 4719 τὸ

779 4773 1041 4845 βάραθρον
1064 4768 1403 4835 ἀπαγόμενον
1430 4765 1514 4817 διὰ
1536 4764 1597 4815 τὸ
1623 4760 1821 4831 πλῆθος
1837 4757 1941 4810 τῶν
1958 4754 2327 4826 παρακαλούν-

776 4842 884 4913 των
921 4858 1193 4927 ἐξήρπασε
1226 4854 1322 4923 τῆς
1361 4850 1673 4917 καταδίκης,
1701 4847 1792 4899 καὶ
1825 4844 1958 4915 πρὸς
1984 4842 2125 4912 ζωὴν
2162 4843 2325 4894 ὲπαν-

778 4948 969 5015 ήγαγε.
988 4943 1231 5009 Τοσαύτη
1260 4942 1294 5009 ή
1321 4937 1545 5006 δύναμις
1574 4936 1669 5004 τῆς
1688 4933 1779 4985 τοῦ
1802 4931 2030 5001 πλήθους
2055 4930 2327 5015 ἱκετηρίας

779 5014 912 5086 ἔστί.
937 5031 1030 5081 Διά
1061 5029 1216 5081 τοῦτο
1240 5026 1332 5079 καὶ
1355 5022 1584 5076 ἐνταῦθα
1606 5017 1967 5085 συλλεγόμεθα
1998 5015 2214 5078 πάντες,
2242 5014 2327 5067 ἵνα

783 5118 1036 5190 μειζόνως
1060 5119 1137 5176 εἰς
1161 5112 1336 5168 οἶκτον
1366 5107 1787 5177 ὲπισπασὼμεθα
1815 5106 1901 5158 τὸν
1931 5104 2080 5156 Θεόν.
2115 5101 2327 5170 Ἐπειδὴ

780 5188 887 5273 γάρ
903 5202 1019 5256 καθ’
1036 5202 1258 5261 ἑαυτοὺς
1274 5200 1569 5268 εὐχόμενοι,
1596 5194 1770 5254 καθὼς
1787 5192 1951 5261 ἔφθην
1968 5188 2155 5252 εἰπὼν,
2172 5188 2329 5239 ἀσθε-

782 5295 889 5353 νεῖς
906 5292 1086 5357 ἐσμεν,
1100 5287 1207 5338 ἀπὸ
1222 5286 1311 5337 τοῦ
1334 5286 1622 5349 συνδέσμου
1640 5281 1734 5349 τῆς
1755 5280 1967 5347 ἀγάπης
1982 5273 2223 5329 δυσωποῦ
2233 5290 2328 5341 μεν

786 5378 871 5430 τὸν
911 5376 1037 5427 Θεὸν
1083 5372 1260 5424 δοῦναι
1297 5372 1424 5439 ἡμῖν
1465 5370 1533 5420 τὰ
1574 5367 1881 5435 αἰτούμενα.
1920 5362 2099 5413 Ταῦτα
2144 5362 2198 5411 δὲ
2233 5361 2328 5428 οὐχ

785 5461 967 5522 ἁπλῶς
1000 5458 1167 5524 λέγω,
1208 5454 1324 5507 οὐδὲ
1363 5454 1426 5504 δι’
1469 5454 1697 5519 ἐμαυτὸν
1746 5452 1927 5520 μόνον,
1969 5450 2078 5500 ἀλλ’
2118 5448 2199 5497 ἵνα
2244 5447 2329 5497 ἀεὶ

786 5544 1051 5612 σπεύδητε
1086 5544 1164 5603 εἰς
1187 5541 1282 5601 τὰς
1315 5536 1577 5600 συνάξεις,
1619 5538 1701 5587 ἵνα
1743 5537 1814 5604 μὴ
1852 5536 2064 5602 λέγητε’
2105 5534 2167 5583 Τί
2200 5532 2325 5597 γὰρ,

786 5635 843 5685 tv
873 5634 938 5699 τῇ
967 5629 1109 5696 οἰκίᾳ
1132 5629 1189 5679 οὐ
1212 5626 1437 5693 δύναμαι
1482 5622 1759 5685 εὐξασθαι;
1790 5622 2017 5672 Λύνασαι
2052 5619 2147 5686 μὲν
2176 5617 2329 5680 εὐξα-

788 5718 932 5783 σθαι,
960 5716 1021 5767 οὐ
1054 5714 1315 5783 τοσαύτην
1347 5711 1401 5763 δὲ
1429 5710 1648 5778 δύναμιν
1688 5706 1796 5775 ἔχει
1834 5707 1865 5774 ἡ
1897 5706 2057 5773 εὐχὴ,
2099 5704 2169 5766 ὡς
2198 5704 2322 5755 ὅταν

2457 818 2517 863 ε’.
2545 810 2732 863 Βούλει
2750 810 2936 880 μαθεῖν
2964 809 3101 880 πόση
3125 808 3269 861 ἐστὶν
3284 808 3316 878 ή
3332 805 3559 877 δύναμις
3577 804 3677 873 τῆς
3700 803 3864 873 εὐχῆς
3888 804 3946 856 tv

2390 895 2454 962 τῇ
2490 892 2751 963 ἐκκλησίᾳ
2782 891 3106 961 γινομένης;
3147 888 3383 945 Ἐδέδετο
3413 890 3443 941 ό
3475 888 3679 958 Πέτρος
3716 886 3844 937 ποτὲ
3888 885 3946 936 tv

2389 975 2467 1096 ’ᾕρ
2514 974 2885 1096 δεσμωτηρίῳ,
2939 974 3033 1027 καὶ
3085 972 3299 1034 ἁλύσεις
3358 969 3662 1061 περιέκειτο
3724 967 3945 1029 πολλάςο

2443 1059 2702 1096 οοσευγη
2796 1043 2828 1095 ὲ
2873 1039 2952 1096 ἦν
2999 1040 3246 1096 ἐκτενῆι-
3300 1039 3420 1095 ὑπὸ
3462 1057 3570 1096 της
3606 1039 3945 1096 Εκκλησιας

2391 1038 2702 1110 Προσεύχὴ
2749 1038 2848 1096 δὲ’
2873 1039 2952 1113 ἦν
2999 1040 3246 1106 ἐκτενὴς
3300 1038 3442 1095 ὑπό
3462 1038 3570 1105 τῆς
3589 1039 3949 1102 Ἐκκλησιας

2393 1125 2520 1192 περί
2566 1123 2750 1177 αὐτοῦ
2796 1122 3093 1193 γινομένη,
3129 1122 3229 1176 καί
3265 1120 3480 1186 εὐθέως
3522 1121 3706 1173 αὐτόν
3754 1117 3950 1185 ἀπήλ-

2392 1204 2540 1269 λαξε
2562 1204 2668 1258 τοῦ
2697 1204 3114 1273 δεσμωτηρίου.
3143 1203 3209 1255 Τί
3229 1202 3404 1257 τοίνυν
3430 1200 3790 1269 δυνατώτερον
3816 1196 3951 1251 ταύ-

2392 1304 2495 1356 της
2557 1288 2747 1355 γένοιτ⁹
2803 1287 2869 1340 6v
2917 1286 3016 1355 τῆς
3072 1286 3254 1356 εὐχῆς,
3305 1286 3340 1356 ή
3400 1285 3526 1346 τοὺς
3581 1282 3802 1345 στύλους
3854 1281 3952 1332 καὶ

2395 1369 2635 1437 πύργους
2668 1369 2766 1438 τῆς
2803 1367 3120 1437 Ἐκκλησίας
3148 1366 3429 1436 ὡφέλησε;
3466 1363 3678 1426 Παῦλος
3719 1363 3824 1432 γὰρ
3857 1362 3953 1414 καὶ

2396 1452 2596 1518 Πέτρος
2639 1449 2835 1520 πύργοι
2873 1450 2966 1503 καὶ
3003 1447 3182 1501 στῦλοι
3211 1448 3308 1517 τῆς
3350 1445 3689 1514 Ἐκκλησίας·
3733 1445 3828 1497 καὶ
3855 1442 3951 1496 τοῦ

2400 1531 2496 1601 μὲν
2526 1531 2593 1584 τὰ
2622 1530 2796 1600 δεσμά
2825 1531 2997 1594 ἔλυσε,
3020 1530 3115 1583 τοῦ
3142 1530 3199 1583 6t
3219 1530 3278 1583 τὸ
3302 1530 3473 1599 στόμα
3500 1527 3733 1597 ἀνέῳξεν
3756 1538 3805 1580 ι.
3836 1526 3953 1577 Ἵνα

2395 1614 2452 1667 δὲ
2483 1614 2557 1683 μὴ
2590 1613 2746 1683 μόνον
2780 1613 2888 1671 ἀπὸ
2913 1611 3019 1667 τῶν
3039 1612 3159 1665 τότε
3190 1612 3526 1682 συμϐάντων.
3566 1610 3700 1664 ἀλλά
3718 1608 3818 1661 καὶ
3845 1607 3955 1660 ἀπὸ

2396 1696 2502 1748 τῶν
2562 1694 2679 1748 καθ’
2724 1695 2956 1763 ἑκάστην
3001 1694 3332 1764 τελουμένων
3365 1693 3462 1763 τὴν
3502 1692 3732 1764 ἡμέραν.
3761 1690 3955 1756 διπλῆν

2398 1778 2495 1846 τὴν
2525 1777 2750 1847 δύναμιν
2792 1775 3143 1846 ἐπιδείξωμεν
3184 1775 3355 1848 [188],
3399 1776 3562 1846 αὐτῆς
3593 1776 3691 1845 τῆς
3721 1773 3824 1828 ὑπὸ
3858 1770 3957 1825 τοῦ

2399 1860 2566 1931 δήμου
2605 1859 2890 1930 γινομένης
2918 1860 3082 1929 εὐχῆς
3130 1859 3272 1929 ὑμᾶς
3315 1860 3732 1929 ἀναμνήσωμεν.
3762 1855 3957 1909 Καίτοι

2399 1959 2463 2010 γε
2506 1942 2560 1995 εί
2605 1958 2689 2004 τις
2728 1942 2834 1995 τῶν
2877 1940 3083 1995 πολλῶν
3123 1940 3274 2011 ὑμῶν
3308 1940 3338 1981 δ
3375 1939 3673 2004 ὲπιτάξαεν
3708 1937 3962 2007 εῦχεσθαι

2402 2022 2523 2077 καθ’
2554 2023 2740 2076 ἑαυτὸν
2769 2023 2909 2093 ὑπὲρ
2940 2023 3036 2092 τῆς
3059 2022 3152 2075 τοῦ
3180 2022 3474 2076 ἐπισκόπου
3508 2021 3800 2091 σοηηρίας,
3825 2018 3964 2071 ἱκα-

2406 2124 2529 2171 στος
2562 2108 2630 2160 ἂν
2654 2108 3067 2178 παραιτήσαιτο,
3093 2107 3169 2169 ὡς
3194 2106 3374 2176 μεῖζον
3400 2105 3461 2158 τὸ
3495 2105 3712 2175 φορτίον
3733 2102 3830 2172 τῆς
3859 2102 3962 2153 αὐ-

2400 2190 2495 2243 τοῦ
2527 2189 2803 2258 δυνάμεως
2829 2188 2907 2242 δν·
2932 2192 3083 2258 κοινῇ
3114 2188 3171 2241 δὲ
3199 2189 3395 2249 πάντες
3414 2186 3697 2248 ἀκούοντες
3726 2183 3819 2237 τοῦ
3845 2184 3965 2236 δια-

2404 2272 2558 2324 κόνου
2616 2270 2771 2324 τοῦτο
2832 2269 3138 2332 κελεύοντος
3198 2269 3294 2322 καὶ
3343 2268 3615 2336 λέγοντος,
3660 2262 3965 2332 Δεηθῶμεν

2403 2354 2553 2420 ὑπὲρ
2601 2351 2707 2406 τοῦ
2757 2352 3110 2416 ἐπισκόπου,
3156 2351 3252 2404 καί
3296 2350 3401 2404 τοῦ
3452 2348 3662 2419 γήρως,
3709 2346 3808 2399 καί
3850 2345 3966 2411 τῆς

2406 2434 2777 2501 ἀντιλήψεως
2803 2444 2849 2496 ε,
2903 2432 3001 2486 καί
3036 2434 3137 2485 Ira
3176 2430 3463 2500 ὀρθοτομῇ
3498 2430 3605 2484 τὸν
3633 2431 3817 2496 λόγον
3854 2425 3967 2491 τῆς

2407 2517 2705 2582 ἀληθείας,
2753 2514 2851 2569 καί
2892 2514 3042 2582 ὑπὲρ
3082 2512 3199 2567 τῶν
3234 2512 3509 2575 ἐνταῦθα,
3536 2511 3631 2565 καί
3667 2509 3817 2578 ὑπὲρ
3844 2507 3969 2561 τῶν

2407 2597 2773 2666 ἁπανταχοῦ,
2817 2597 2878 2650 οὐ
2937 2595 3285 2663 παραιτεῖσθε
3343 2596 3511 2647 ποιεῖν
3548 2592 3609 2645 τὸ
3660 2592 3966 2660 ἐπίταγμα,

2410 2680 2542 2733 ἀλλὰ
2578 2683 2692 2750 μετ’
2718 2681 2986 2742 ἑκτενείας
3008 2678 3305 2748 ἀναφέρετε
3329 2677 3427 2745 τὴν
3450 2676 3630 2745 εὐχὴν,
3654 2674 3848 2734 εἰδότες
3866 2676 3969 2741 τῆς

2411 2764 2677 2835 ὑμετέρας
2704 2763 2918 2815 συνόδου
2953 2760 3053 2832 τήν
3088 2761 3329 2830 δύναμιν.
3358 2760 3562 2811 ’ἰσασιν
3590 2758 3639 2810 οἰ
3678 2756 3968 2827 μεμυημέ-

2410 2863 2487 2899 νοι
2528 2845 2597 2898 τὰ
2646 2844 2926 2914 λεγόμενω
2967 2846 3033 2913 τῇ
3081 2842 3188 2911 γάρ
3229 2842 3361 2911 εὐχῇ
3404 2841 3512 2893 τῶν
3549 2837 3971 2907 κατηχουμὲνων

2409 2926 2616 2978 οὐδέπω
2642 2924 2798 2978 τοῦτο
2822 2924 3231 2994 ιπιτέτραπται,
3253 2922 3439 2991 ἐπειδὴ
3464 2920 3672 2974 οὐδέπω
3702 2919 3839 2989 πρὸς
3867 2916 3971 2986 τὴν

2410 3008 2717 3078 παρρησίαν
2771 3006 3006 3075 ἔφθασαν
3051 3004 3271 3072 ταύτηνο
3313 3003 3439 3072 ὑμῖν
3479 3001 3535 3054 6t
3576 3002 3670 3054 καὶ
3702 3001 3839 3071 ὑπὲρ
3869 3000 3973 3069 τῆς

2411 3091 2749 3159 οἰκουμένης,
2783 3088 2875 3142 καὶ
2902 3086 3040 3157 ὑπὲρ
3066 3088 3164 3157 τῆς
3196 3085 3515 3155 Ἐκκλησίας
3541 3085 3639 3154 τῆς
3673 3084 3832 3153 μέχρι
3867 3098 3972 3134 πει

2416 3173 2588 3243 ράτων
2610 3172 2709 3238 τῆς
2740 3170 2843 3239 γῆς
2875 3168 3255 3239 ἑκτεταμένης,
3279 3168 3373 3221 καὶ
3403 3167 3541 3236 ὑπὲρ
3564 3168 3671 3219 τῶν
3708 3166 3975 3221 διοικούν-

2413 3271 2520 3307 των
2546 3252 2712 3322 αὐτὴν
2737 3251 3046 3305 ἐπισκόπων
3077 3251 3327 3304 ἁπάντων
3354 3248 3773 3319 παρακελεύεται
3799 3250 3974 3301 ποιεῖ-

2416 3336 2539 3389 σθαι
2570 3336 2667 3398 τὰς
2697 3336 2905 3405 δεήσεις
2932 3336 2960 3388 6
2989 3334 3213 3397 ταύταις
3238 3333 3513 3396 διακονῶν,
3545 3333 3638 3387 καί
3670 3331 3975 3385 ὑπακούετε

2419 3419 2553 3489 μετά
2573 3419 2895 3490 προθυμίας,
2919 3418 3062 3488 ἔργῳ
3095 3418 3511 3489 μαρτυροῦντες,
3537 3415 3618 3468 ὅτι
3645 3414 3854 3485 μεγάλη
3874 3415 3976 3485 τῆς

2416 3500 2577 3569 εὐχῆς
2627 3501 2661 3567 ή
2705 3498 2930 3568 δύναμις
2967 3502 3065 3568 τῆς
3111 3500 3169 3550 tv
3218 3498 3479 3568 ἐκκλησία
3513 3497 3621 3550 ἀπὸ
3658 3497 3750 3550 τοῦ
3798 3497 3975 3567 δήμου

2418 3579 2714 3651 συμφώνως
2764 3579 3170 3650 ἀναφερομένης
3220 3579 3383 3634 ἐστίν.
3421 3578 3579 3631 Ἀλλά
3623 3576 3730 3648 γὰρ
3778 3577 3873 3630 ἐπὶ
3914 3577 3981 3629 τὸ

2419 3662 2769 3731 προκείμενον
2796 3662 3121 3730 ὲπανίωμεν,
3151 3662 3230 3714 δτι
3261 3660 3355 3730 μία
3381 3661 3528 3730 φωνῆ
3558 3656 3623 3729 ἦν
3643 3661 3702 3713 τὸ
3723 3660 3975 3714 παλαιόν.

2420 3743 2587 3796 Πόθεν
2614 3740 2704 3796 οῦν
2733 3743 2907 3811 δῆλον,
2934 3743 3016 3795 ὅτι
3056 3742 3153 3812 μία
3184 3742 3333 3812 φωνὴ
3360 3738 3455 3813 ἦν;
3490 3742 3599 3795 Kal
3628 3736 3709 3811 ἦν
3734 3741 3905 3795 πᾶσα
3937 3744 3976 3809 ἡ

2419 3826 2515 3895 τῆ,
2544 3827 2694 3894 φησὶ,
2737 3824 2934 3893 χεῖλος
2962 3824 3049 3877 ἓν.
3096 3824 3324 3892 ’Δσαφὲς
3355 3824 3416 3877 τδ
3444 3824 3744 3894 εἰρημένον·
3792 3824 3857 3876 Ἦ
3905 3823 3979 3893 γῆ

2419 3908 2591 3979 χεῖλος
2622 3907 2764 3977 ἔχεις
2807 3905 3085 3975 Οὐδαμῶς.
3118 3906 3181 3958 Τί
3216 3902 3307 3960 οὖν
3339 3922 3487 3974 φησι,
3521 3905 3614 3960 καὶ
3643 3906 3769 3975 περὶ
3796 3904 3979 3970 τινος

2421 3990 2494 4042 Οὐ
2528 3988 2665 4059 περὶ
2704 3988 2902 4059 ταύτης
2930 3988 3076 4054 λέγει
3116 3988 3214 4058 τῆς
3249 3987 3352 4056 γῆς
3376 3987 3473 4056 τῆς
3503 3986 3846 4057 ἀναισθήτου,
3880 3988 3983 4057 τῆς

2422 4070 2693 4139 ἀκινήτου·
2722 4069 2856 4123 ἀλλά
2877 4069 2939 4122 τὸ
2964 4068 3139 4121 κοινὸν
3160 4068 3268 4121 τῶν
3296 4067 3593 4138 ἀνθρώπιον
3620 4068 3772 4135 γένος
3803 4066 3985 4130 οὕτως

2422 4150 2663 4214 ἐκάλεσε,
2699 4152 2795 4221 τῆς
2824 4151 3026 4213 οἰκείας
3062 4149 3255 4212 αὐτοὺς
3288 4150 3709 4218 ἀναμιμνήσκων
3739 4148 3982 4216 φύσεως,

2422 4233 2519 4302 τῆς
2564 4232 2765 4302 μητρὸς
2810 4234 2888 4295 εἰς
2919 4232 3219 4301 ὑπόμνησιν
3258 4232 3422 4297 ἄγων,
3446 4230 3565 4283 ὅθεν
3596 4229 3861 4296 ἐγίνοντο.
3892 4232 3985 4283 Δι-

2423 4313 2587 4366 πλοῦν
2616 4314 2721 4383 γὰρ
2746 4314 2901 4365 τοῦτο
2926 4314 2986 4365 τὸ
3019 4312 3175 4377 ζῶον,
3204 4313 3231 4365 6
3260 4311 3555 4379 ἄνθρωπος,
3597 4310 3756 4376 λέγω,
3793 4312 3859 4363 ὲκ
3892 4309 3986 4362 δύο

2425 4396 2775 4464 συγκείμενος
2817 4396 3031 4458 οὐσιῶν,
3070 4393 3167 4463 τῆς
3197 4394 3291 4461 μὲν
3328 4394 3605 4462 αἰσθητῆς,
3642 4396 3737 4461 τῆς
3769 4393 3826 4445 δὲ
3853 4410 3985 4462 νοη-

2421 4478 2539 4547 τῆς,
2586 4478 2779 4545 ψυχῆς,
2822 4475 2981 4541 λέγω,
3018 4474 3110 4527 καὶ
3150 4474 3413 4542 σώματος,
3441 4475 3531 4525 καὶ
3561 4476 3619 4525 tv
3644 4473 3860 4543 ούρανῷ
3891 4475 3989 4526 καὶ

2424 4562 2480 4611 tv
2515 4562 2583 4627 γῇ
2621 4557 2931 4625 συγγένειαν
2958 4557 3111 4625 ἔχων.
3148 4556 3243 4607 Διά
3272 4557 3367 4624 μὲν
3392 4556 3499 4625 γὰρ
3531 4558 3628 4626 τῆς
3659 4556 3857 4625 νοητῆς
3890 4556 3987 4609 οὐ·

2425 4640 2542 4699 σίας
2570 4641 2810 4691 κοινωνεῖ
2833 4640 2948 4699 ταῖς
2975 4639 3083 4691 ἀνω
3104 4637 3383 4707 δυνάμεσι,
3403 4638 3489 4690 διὰ
3516 4637 3571 4690 δὲ
3596 4638 3695 4705 τῆς
3715 4637 3985 4707 αἰσθητῆς

2424 4723 2534 4784 τοῖς
2571 4720 2670 4789 τῆς
2709 4722 2808 4788 γῆς
2849 4719 3110 4787 συνῆπται
3140 4718 3443 4787 πράγμασι,
3471 4718 3759 4787 σύνδεσμός
3793 4736 3881 4782 τις
3912 4718 3988 4771 ῶν

2424 4802 2649 4872 ἀκριϐὴς
2676 4802 2933 4870 ἑκατέρας
2957 4800 3055 4867 τῆς
3077 4800 3492 4862 κτίσεως.”οταν
3531 4801 3627 4868 μὲν
3654 4796 3743 4853 οὖν
3767 4801 3991 4871 πράττῃ

2424 4902 2477 4937 τι
2508 4884 2613 4936 τῶν
2648 4884 2724 4953 τῷ
2753 4883 2870 4953 Θεῷ
2899 4882 3212 4939 δοκούντων.
3242 4882 3601 4951 πνευματικὸς
3627 4882 3865 4948 λέγεται,
3896 4882 3991 4934 καὶ

2426 4966 2543 5018 οὐδὲ
2574 4966 2678 5018 ἀπὸ
2705 4966 2800 5035 τῆς
2824 4964 2997 5034 ψυχῆς
3015 4962 3353 5031 ὀνομάζεται,
3379 4961 3492 5015 ἀλλ’
3522 4963 3613 5029 ἀφ’
3641 4962 3837 5030 ἑτέρας
3873 4963 3993 5030 μείω

2427 5048 2575 5111 ζονος
2602 5047 2784 5115 τιμῆς,
2815 5048 2919 5099 ἀπὸ
2946 5047 3041 5115 τῆς
3068 5045 3160 5099 τοῦ
3184 5046 3495 5115 Πνεύματος
3524 5047 3606 5095 ὲνε
3618 5044 3822 5113 ργείας.
3853 5046 3993 5098 οὐδὲ

2427 5128 2533 5198 γὰρ
2574 5128 2731 5198 ἀρκεῖ
2774 5130 2805 5195 ή
2845 5128 2986 5195 ψυχὴ
3029 5127 3158 5195 ἡμῖν
3203 5130 3282 5188 εἰς
3319 5125 3729 5195 κατορθώματα,
3768 5126 3867 5176 ὲάν
3918 5130 3987 5195 μὴ

2428 5209 2815 5278 ἀπολαύσωμεν
2842 5208 2938 5276 τῆς
2963 5202 3210 5277 βοηθείας
3237 5207 3466 5275 ἐκείνης.
3498 5209 3604 5259 Καὶ
3633 5206 3721 5257 ἵνα
3752 5208 3988 5275 μάθητε,

2428 5292 2527 5355 ὅτι,
2560 5292 2675 5343 οίλὲ
2708 5298 2738 5359 η
2781 5288 2923 5357 ψυχὴ
2959 5289 3116 5358 ἀρκεῖ
3152 5290 3280 5358 ἡμῖν
3322 5292 3398 5350 είς
3438 5286 3855 5356 κατορθώματα
3900 5289 3993 5339 καὶ

2485 5469 2509 5497 ⁸
2536 5466 2665 5515 Colb.
2686 5467 2895 5527 ὴνὲῳξεν.

2485 5520 2820 5605 I‘J‘Qdd'etiduhl
2863 5540 2947 5570 τινι
2988 5527 3126 5584 putat
3168 5522 3317 5570 Savil.
3359 5521 3461 5583 Ego
3501 5521 3670 5580 tegere
3708 5520 3879 5567 malim
3905 5522 3997 5566 τᾶν

2426 5593 2506 5636 πο)
2548 5593 2651 5633 ὧνσὲ
2691 5593 2749 5632 Iv.

2493 5593 2728 5697 ελῦοιέίῒις
2770 5644 3033 5705 legendum
3070 5640 3355 5705 conjicilxai
3380 5640 3462 5690 τοῦ
3494 5642 3667 5702 κλήρου
3690 5640 3771 5687 καὶ
3792 5644 3880 5697 τῆς
3915 5640 3998 5687 τοῦ

2434 5711 2697 5771 Πνεύματος
2716 5707 3016 5765 ἀντιλήψεως.
