  <div class='ocr_page' id='page_1' title='image "/cluster/home/n/w/nwhite01/storage/ocr_20150623/56/pst.000005712557/186.png"; bbox 0 0 4148 6306; ppageno 0'>
   <div class='ocr_carea' id='block_1_1' title="bbox 232 378 330 434">
    <p class='ocr_par' dir='ltr' id='par_1_1' title="bbox 232 378 330 434">
     <span class='ocr_line' id='line_1_1' title="bbox 232 378 330 434; baseline -0.01 0"><span class='ocrx_word' id='word_1_1' title='bbox 232 378 330 434; x_wconf 89' lang='grc'><strong>181</strong></span> 
     </span>
    </p>
   </div>
   <div class='ocr_carea' id='block_1_2' title="bbox 217 471 1779 551">
    <p class='ocr_par' dir='ltr' id='par_1_2' title="bbox 217 471 1779 551">
     <span class='ocr_line' id='line_1_2' title="bbox 217 471 1779 551; baseline -0.006 -16"><span class='ocrx_word' id='word_1_2' title='bbox 217 478 417 551; x_wconf 81' lang='lat' dir='ltr'><strong>quando</strong></span> <span class='ocrx_word' id='word_1_3' title='bbox 458 479 512 533; x_wconf 88' lang='lat' dir='ltr'><strong>in</strong></span> <span class='ocrx_word' id='word_1_4' title='bbox 555 476 748 532; x_wconf 84' lang='lat' dir='ltr'><strong>multas</strong></span> <span class='ocrx_word' id='word_1_5' title='bbox 787 475 955 531; x_wconf 87' lang='lat' dir='ltr'><strong>divisa</strong></span> <span class='ocrx_word' id='word_1_6' title='bbox 997 474 1156 530; x_wconf 80' lang='lat' dir='ltr'><strong>fuerit</strong></span> <span class='ocrx_word' id='word_1_7' title='bbox 1200 491 1216 529; x_wconf 90' lang='lat'><strong>:</strong></span> <span class='ocrx_word' id='word_1_8' title='bbox 1254 483 1307 529; x_wconf 92' lang='lat' dir='ltr'><strong>et</strong></span> <span class='ocrx_word' id='word_1_9' title='bbox 1336 489 1460 528; x_wconf 92' lang='lat' dir='ltr'><strong>num</strong></span> <span class='ocrx_word' id='word_1_10' title='bbox 1490 474 1579 526; x_wconf 90' lang='lat' dir='ltr'><strong>illa</strong></span> <span class='ocrx_word' id='word_1_11' title='bbox 1605 471 1779 527; x_wconf 88' lang='lat' dir='ltr'><strong>deleta</strong></span> 
     </span>
    </p>
   </div>
   <div class='ocr_carea' id='block_1_3' title="bbox 217 561 1781 638">
    <p class='ocr_par' dir='ltr' id='par_1_3' title="bbox 217 561 1781 638">
     <span class='ocr_line' id='line_1_3' title="bbox 217 561 1781 638; baseline -0.003 -15"><span class='ocrx_word' id='word_1_12' title='bbox 217 570 363 624; x_wconf 76' lang='lat' dir='ltr'><strong>fuerit</strong></span> <span class='ocrx_word' id='word_1_13' title='bbox 382 607 399 633; x_wconf 86' lang='lat'><strong>,</strong></span> <span class='ocrx_word' id='word_1_14' title='bbox 446 576 605 638; x_wconf 88' lang='lat' dir='ltr'><strong>atque</strong></span> <span class='ocrx_word' id='word_1_15' title='bbox 641 568 758 621; x_wconf 71' lang='lat' dir='ltr'><strong>alia:</strong></span> <span class='ocrx_word' id='word_1_16' title='bbox 792 565 1138 631; x_wconf 63' lang='lat' dir='ltr'><strong>introductae,</strong></span> <span class='ocrx_word' id='word_1_17' title='bbox 1169 578 1235 618; x_wconf 87' lang='lat' dir='ltr'><strong>an</strong></span> <span class='ocrx_word' id='word_1_18' title='bbox 1261 579 1389 620; x_wconf 90' lang='lat' dir='ltr'><strong>vero</strong></span> <span class='ocrx_word' id='word_1_19' title='bbox 1416 570 1662 617; x_wconf 91' lang='lat' dir='ltr'><strong>manente</strong></span> <span class='ocrx_word' id='word_1_20' title='bbox 1690 561 1781 618; x_wconf 85' lang='lat' dir='ltr'><strong>illa</strong></span> 
     </span>
    </p>
   </div>
   <div class='ocr_carea' id='block_1_4' title="bbox 214 655 1778 729">
    <p class='ocr_par' dir='ltr' id='par_1_4' title="bbox 214 655 1778 729">
     <span class='ocr_line' id='line_1_4' title="bbox 214 655 1778 729; baseline -0.005 -14"><span class='ocrx_word' id='word_1_21' title='bbox 214 662 421 729; x_wconf 72' lang='lat' dir='ltr'><strong>reliquae</strong></span> <span class='ocrx_word' id='word_1_22' title='bbox 447 661 554 714; x_wconf 91' lang='lat' dir='ltr'><strong>sint</strong></span> <span class='ocrx_word' id='word_1_23' title='bbox 584 660 895 714; x_wconf 70' lang='lat' dir='ltr'><strong>introducta:</strong></span> <span class='ocrx_word' id='word_1_24' title='bbox 919 677 932 713; x_wconf 94' lang='lat'><strong>:</strong></span> <span class='ocrx_word' id='word_1_25' title='bbox 955 673 1119 729; x_wconf 90' lang='lat' dir='ltr'><strong>quare</strong></span> <span class='ocrx_word' id='word_1_26' title='bbox 1137 656 1353 712; x_wconf 79' lang='lat' dir='ltr'><strong>confusa</strong></span> <span class='ocrx_word' id='word_1_27' title='bbox 1380 655 1535 710; x_wconf 82' lang='lat' dir='ltr'><strong>fuerit</strong></span> <span class='ocrx_word' id='word_1_28' title='bbox 1554 694 1570 719; x_wconf 91' lang='lat'><strong>,</strong></span> <span class='ocrx_word' id='word_1_29' title='bbox 1599 661 1653 709; x_wconf 89' lang='lat' dir='ltr'><strong>et</strong></span> <span class='ocrx_word' id='word_1_30' title='bbox 1676 667 1778 722; x_wconf 85' lang='lat' dir='ltr'><strong>qua</strong></span> 
     </span>
    </p>
   </div>
   <div class='ocr_carea' id='block_1_5' title="bbox 214 745 1782 822">
    <p class='ocr_par' dir='ltr' id='par_1_5' title="bbox 214 745 1782 822">
     <span class='ocr_line' id='line_1_5' title="bbox 214 745 1782 822; baseline -0.006 -15"><span class='ocrx_word' id='word_1_31' title='bbox 214 753 275 807; x_wconf 82' lang='lat' dir='ltr'><strong>de</strong></span> <span class='ocrx_word' id='word_1_32' title='bbox 297 766 453 807; x_wconf 86' lang='lat' dir='ltr'><strong>causa</strong></span> <span class='ocrx_word' id='word_1_33' title='bbox 488 769 501 806; x_wconf 88' lang='lat'><strong>:</strong></span> <span class='ocrx_word' id='word_1_34' title='bbox 529 752 724 807; x_wconf 90' lang='lat' dir='ltr'><strong>deinde</strong></span> <span class='ocrx_word' id='word_1_35' title='bbox 747 765 973 822; x_wconf 88' lang='lat' dir='ltr'><strong>quanam</strong></span> <span class='ocrx_word' id='word_1_36' title='bbox 1003 764 1067 805; x_wconf 83' lang='lat' dir='ltr'><strong>ex</strong></span> <span class='ocrx_word' id='word_1_37' title='bbox 1092 750 1269 805; x_wconf 88' lang='lat' dir='ltr'><strong>multis</strong></span> <span class='ocrx_word' id='word_1_38' title='bbox 1293 748 1439 803; x_wconf 88' lang='lat' dir='ltr'><strong>hisce</strong></span> <span class='ocrx_word' id='word_1_39' title='bbox 1465 746 1654 817; x_wconf 76' lang='lat' dir='ltr'><strong>linguis</strong></span> <span class='ocrx_word' id='word_1_40' title='bbox 1677 745 1782 799; x_wconf 81' lang='lat' dir='ltr'><strong>Ve-</strong></span> 
     </span>
    </p>
   </div>
   <div class='ocr_carea' id='block_1_6' title="bbox 214 836 1777 910">
    <p class='ocr_par' dir='ltr' id='par_1_6' title="bbox 214 836 1777 910">
     <span class='ocr_line' id='line_1_6' title="bbox 214 836 1777 910; baseline -0.005 -12"><span class='ocrx_word' id='word_1_41' title='bbox 214 850 291 898; x_wconf 85' lang='lat' dir='ltr'><strong>tus</strong></span> <span class='ocrx_word' id='word_1_42' title='bbox 337 842 735 899; x_wconf 73' lang='lat' dir='ltr'><strong>Testamentum</strong></span> <span class='ocrx_word' id='word_1_43' title='bbox 788 841 1146 910; x_wconf 86' lang='lat' dir='ltr'><strong>conscriptum</strong></span> <span class='ocrx_word' id='word_1_44' title='bbox 1206 839 1363 894; x_wconf 81' lang='lat' dir='ltr'><strong>fuerit</strong></span> <span class='ocrx_word' id='word_1_45' title='bbox 1414 856 1428 892; x_wconf 89' lang='lat'><strong>:</strong></span> <span class='ocrx_word' id='word_1_46' title='bbox 1474 840 1589 907; x_wconf 85' lang='lat' dir='ltr'><strong>ejus</strong></span> <span class='ocrx_word' id='word_1_47' title='bbox 1635 836 1777 892; x_wconf 92' lang='lat' dir='ltr'><strong>enim</strong></span> 
     </span>
    </p>
   </div>
   <div class='ocr_carea' id='block_1_7' title="bbox 212 931 1775 1004">
    <p class='ocr_par' dir='ltr' id='par_1_7' title="bbox 212 931 1775 1004">
     <span class='ocr_line' id='line_1_7' title="bbox 212 931 1775 1004; baseline -0.004 -16"><span class='ocrx_word' id='word_1_48' title='bbox 212 934 368 1004; x_wconf 83' lang='lat' dir='ltr'><strong>gratia</strong></span> <span class='ocrx_word' id='word_1_49' title='bbox 407 934 476 990; x_wconf 91' lang='lat' dir='ltr'><strong>de</strong></span> <span class='ocrx_word' id='word_1_50' title='bbox 504 934 585 988; x_wconf 89' lang='lat' dir='ltr'><strong>bis</strong></span> <span class='ocrx_word' id='word_1_51' title='bbox 613 934 855 989; x_wconf 87' lang='lat' dir='ltr'><strong>omnibus</strong></span> <span class='ocrx_word' id='word_1_52' title='bbox 880 947 1179 989; x_wconf 74' lang='lat' dir='ltr'><strong>sermonem</strong></span> <span class='ocrx_word' id='word_1_53' title='bbox 1211 931 1533 986; x_wconf 81' lang='lat' dir='ltr'><strong>instituimus</strong></span> <span class='ocrx_word' id='word_1_54' title='bbox 1557 946 1570 993; x_wconf 90' lang='lat'><strong>;</strong></span> <span class='ocrx_word' id='word_1_55' title='bbox 1598 939 1775 983; x_wconf 89' lang='lat' dir='ltr'><strong>utrum</strong></span> 
     </span>
    </p>
   </div>
   <div class='ocr_carea' id='block_1_8' title="bbox 211 1026 1776 1098">
    <p class='ocr_par' dir='ltr' id='par_1_8' title="bbox 211 1026 1776 1098">
     <span class='ocr_line' id='line_1_8' title="bbox 211 1026 1776 1098; baseline -0.004 -17"><span class='ocrx_word' id='word_1_56' title='bbox 211 1028 292 1081; x_wconf 86' lang='lat' dir='ltr'><strong>illa</strong></span> <span class='ocrx_word' id='word_1_57' title='bbox 322 1028 603 1097; x_wconf 85' lang='lat' dir='ltr'><strong>antiquiori</strong></span> <span class='ocrx_word' id='word_1_58' title='bbox 628 1042 690 1082; x_wconf 89' lang='lat' dir='ltr'><strong>ac</strong></span> <span class='ocrx_word' id='word_1_59' title='bbox 713 1028 872 1098; x_wconf 84' lang='lat' dir='ltr'><strong>priori</strong></span> <span class='ocrx_word' id='word_1_60' title='bbox 893 1070 908 1093; x_wconf 93' lang='lat'><strong>,</strong></span> <span class='ocrx_word' id='word_1_61' title='bbox 940 1042 1007 1081; x_wconf 90' lang='lat' dir='ltr'><strong>an</strong></span> <span class='ocrx_word' id='word_1_62' title='bbox 1031 1040 1162 1080; x_wconf 87' lang='lat' dir='ltr'><strong>vero</strong></span> <span class='ocrx_word' id='word_1_63' title='bbox 1183 1026 1285 1079; x_wconf 84' lang='lat' dir='ltr'><strong>illis</strong></span> <span class='ocrx_word' id='word_1_64' title='bbox 1309 1039 1428 1093; x_wconf 76' lang='lat' dir='ltr'><strong>qua:</strong></span> <span class='ocrx_word' id='word_1_65' title='bbox 1450 1034 1629 1092; x_wconf 91' lang='lat' dir='ltr'><strong>postea</strong></span> <span class='ocrx_word' id='word_1_66' title='bbox 1652 1030 1776 1076; x_wconf 91' lang='lat' dir='ltr'><strong>sunt</strong></span> 
     </span>
    </p>
   </div>
   <div class='ocr_carea' id='block_1_9' title="bbox 211 1116 1777 1185">
    <p class='ocr_par' dir='ltr' id='par_1_9' title="bbox 211 1116 1777 1185">
     <span class='ocr_line' id='line_1_9' title="bbox 211 1116 1777 1185; baseline -0.004 -13"><span class='ocrx_word' id='word_1_67' title='bbox 211 1120 445 1173; x_wconf 73' lang='lat' dir='ltr'><strong>invectae.</strong></span> <span class='ocrx_word' id='word_1_68' title='bbox 471 1118 575 1174; x_wconf 87' lang='lat' dir='ltr'><strong>Sed</strong></span> <span class='ocrx_word' id='word_1_69' title='bbox 596 1119 755 1173; x_wconf 85' lang='lat' dir='ltr'><strong>nolite</strong></span> <span class='ocrx_word' id='word_1_70' title='bbox 782 1120 967 1174; x_wconf 91' lang='lat' dir='ltr'><strong>timere</strong></span> <span class='ocrx_word' id='word_1_71' title='bbox 996 1135 1010 1172; x_wconf 92' lang='lat'><strong>:</strong></span> <span class='ocrx_word' id='word_1_72' title='bbox 1041 1118 1281 1185; x_wconf 83' lang='lat' dir='ltr'><strong>quamvis</strong></span> <span class='ocrx_word' id='word_1_73' title='bbox 1303 1116 1444 1171; x_wconf 89' lang='lat' dir='ltr'><strong>enim</strong></span> <span class='ocrx_word' id='word_1_74' title='bbox 1466 1116 1626 1170; x_wconf 86' lang='lat' dir='ltr'><strong>hodie</strong></span> <span class='ocrx_word' id='word_1_75' title='bbox 1646 1130 1777 1169; x_wconf 83' lang='lat' dir='ltr'><strong>cun-</strong></span> 
     </span>
    </p>
   </div>
   <div class='ocr_carea' id='block_1_10' title="bbox 208 1206 1773 1279">
    <p class='ocr_par' dir='ltr' id='par_1_10' title="bbox 208 1206 1773 1279">
     <span class='ocr_line' id='line_1_10' title="bbox 208 1206 1773 1279; baseline -0.002 -18"><span class='ocrx_word' id='word_1_76' title='bbox 208 1218 283 1263; x_wconf 87' lang='lat' dir='ltr'><strong>cta</strong></span> <span class='ocrx_word' id='word_1_77' title='bbox 306 1208 530 1264; x_wconf 77' lang='lat' dir='ltr'><strong>reddere</strong></span> <span class='ocrx_word' id='word_1_78' title='bbox 556 1224 659 1264; x_wconf 91' lang='lat' dir='ltr'><strong>non</strong></span> <span class='ocrx_word' id='word_1_79' title='bbox 687 1210 968 1279; x_wconf 86' lang='lat' dir='ltr'><strong>possimus,</strong></span> <span class='ocrx_word' id='word_1_80' title='bbox 997 1208 1215 1264; x_wconf 91' lang='lat' dir='ltr'><strong>omnino</strong></span> <span class='ocrx_word' id='word_1_81' title='bbox 1244 1216 1419 1261; x_wconf 89' lang='lat' dir='ltr'><strong>tamen</strong></span> <span class='ocrx_word' id='word_1_82' title='bbox 1446 1206 1595 1260; x_wconf 92' lang='lat' dir='ltr'><strong>vobis</strong></span> <span class='ocrx_word' id='word_1_83' title='bbox 1626 1214 1773 1274; x_wconf 88' lang='lat' dir='ltr'><strong>post-</strong></span> 
     </span>
    </p>
   </div>
   <div class='ocr_carea' id='block_1_11' title="bbox 207 1295 1772 1369">
    <p class='ocr_par' dir='ltr' id='par_1_11' title="bbox 207 1295 1772 1369">
     <span class='ocr_line' id='line_1_11' title="bbox 207 1295 1772 1369; baseline -0.003 -15"><span class='ocrx_word' id='word_1_84' title='bbox 207 1314 262 1354; x_wconf 82' lang='lat' dir='ltr'><strong>ea</strong></span> <span class='ocrx_word' id='word_1_85' title='bbox 288 1298 587 1354; x_wconf 85' lang='lat' dir='ltr'><strong>reddemus.</strong></span> <span class='ocrx_word' id='word_1_86' title='bbox 613 1299 720 1355; x_wconf 84' lang='lat' dir='ltr'><strong>Cur</strong></span> <span class='ocrx_word' id='word_1_87' title='bbox 747 1299 904 1369; x_wconf 88' lang='lat' dir='ltr'><strong>igitur</strong></span> <span class='ocrx_word' id='word_1_88' title='bbox 942 1314 1063 1353; x_wconf 89' lang='lat' dir='ltr'><strong>cum</strong></span> <span class='ocrx_word' id='word_1_89' title='bbox 1106 1297 1266 1352; x_wconf 85' lang='lat' dir='ltr'><strong>hodie</strong></span> <span class='ocrx_word' id='word_1_90' title='bbox 1304 1307 1491 1352; x_wconf 88' lang='lat' dir='ltr'><strong>cuncta</strong></span> <span class='ocrx_word' id='word_1_91' title='bbox 1517 1295 1772 1351; x_wconf 82' lang='lat' dir='ltr'><strong>reddituri</strong></span> 
     </span>
    </p>
   </div>
   <div class='ocr_carea' id='block_1_12' title="bbox 210 1390 1772 1458">
    <p class='ocr_par' dir='ltr' id='par_1_12' title="bbox 210 1390 1772 1458">
     <span class='ocr_line' id='line_1_12' title="bbox 210 1390 1772 1458; baseline -0.004 -13"><span class='ocrx_word' id='word_1_92' title='bbox 210 1404 304 1445; x_wconf 86' lang='lat' dir='ltr'><strong>non</strong></span> <span class='ocrx_word' id='word_1_93' title='bbox 344 1406 617 1455; x_wconf 81' lang='lat' dir='ltr'><strong>essemus,</strong></span> <span class='ocrx_word' id='word_1_94' title='bbox 644 1393 879 1445; x_wconf 89' lang='lat' dir='ltr'><strong>omnium</strong></span> <span class='ocrx_word' id='word_1_95' title='bbox 905 1390 1056 1445; x_wconf 88' lang='lat' dir='ltr'><strong>vobis</strong></span> <span class='ocrx_word' id='word_1_96' title='bbox 1078 1390 1375 1446; x_wconf 87' lang='lat' dir='ltr'><strong>debitorum</strong></span> <span class='ocrx_word' id='word_1_97' title='bbox 1406 1397 1772 1458; x_wconf 79' lang='lat' dir='ltr'><strong>argumentum</strong></span> 
     </span>
    </p>
   </div>
   <div class='ocr_carea' id='block_1_13' title="bbox 208 1480 1772 1548">
    <p class='ocr_par' dir='ltr' id='par_1_13' title="bbox 208 1480 1772 1548">
     <span class='ocr_line' id='line_1_13' title="bbox 208 1480 1772 1548; baseline -0.004 -13"><span class='ocrx_word' id='word_1_98' title='bbox 208 1481 575 1535; x_wconf 79' lang='lat' dir='ltr'><strong>recitavimusl</strong></span> <span class='ocrx_word' id='word_1_99' title='bbox 602 1480 670 1535; x_wconf 87' lang='lat' dir='ltr'><strong>Ut</strong></span> <span class='ocrx_word' id='word_1_100' title='bbox 697 1480 1099 1535; x_wconf 86' lang='lat' dir='ltr'><strong>retributionem</strong></span> <span class='ocrx_word' id='word_1_101' title='bbox 1128 1489 1493 1548; x_wconf 79' lang='lat' dir='ltr'><strong>exspectantes</strong></span> <span class='ocrx_word' id='word_1_102' title='bbox 1513 1492 1609 1531; x_wconf 88' lang='lat' dir='ltr'><strong>nos</strong></span> <span class='ocrx_word' id='word_1_103' title='bbox 1631 1491 1772 1529; x_wconf 87' lang='lat' dir='ltr'><strong>sem-</strong></span> 
     </span>
    </p>
   </div>
   <div class='ocr_carea' id='block_1_14' title="bbox 205 1567 1767 1640">
    <p class='ocr_par' dir='ltr' id='par_1_14' title="bbox 205 1567 1767 1640">
     <span class='ocr_line' id='line_1_14' title="bbox 205 1567 1767 1640; baseline -0.004 -15"><span class='ocrx_word' id='word_1_104' title='bbox 205 1583 294 1640; x_wconf 87' lang='lat' dir='ltr'><strong>per</strong></span> <span class='ocrx_word' id='word_1_105' title='bbox 316 1580 492 1627; x_wconf 81' lang='lat' dir='ltr'><strong>mente</strong></span> <span class='ocrx_word' id='word_1_106' title='bbox 521 1571 759 1626; x_wconf 82' lang='lat' dir='ltr'><strong>versetis.</strong></span> <span class='ocrx_word' id='word_1_107' title='bbox 792 1570 920 1625; x_wconf 81' lang='lat' dir='ltr'><strong>Nam</strong></span> <span class='ocrx_word' id='word_1_108' title='bbox 960 1570 1048 1640; x_wconf 93' lang='lat' dir='ltr'><strong>qui</strong></span> <span class='ocrx_word' id='word_1_109' title='bbox 1093 1568 1342 1639; x_wconf 82' lang='lat' dir='ltr'><strong>pecunias</strong></span> <span class='ocrx_word' id='word_1_110' title='bbox 1378 1567 1532 1621; x_wconf 80' lang='lat' dir='ltr'><strong>alicui</strong></span> <span class='ocrx_word' id='word_1_111' title='bbox 1560 1576 1767 1619; x_wconf 88' lang='lat' dir='ltr'><strong>mutua-</strong></span> 
     </span>
    </p>
   </div>
   <div class='ocr_carea' id='block_1_15' title="bbox 203 1656 1766 1726">
    <p class='ocr_par' dir='ltr' id='par_1_15' title="bbox 203 1656 1766 1726">
     <span class='ocr_line' id='line_1_15' title="bbox 203 1656 1766 1726; baseline -0.006 -11"><span class='ocrx_word' id='word_1_112' title='bbox 203 1671 282 1716; x_wconf 87' lang='lat' dir='ltr'><strong>tus</strong></span> <span class='ocrx_word' id='word_1_113' title='bbox 316 1671 436 1726; x_wconf 82' lang='lat' dir='ltr'><strong>est,</strong></span> <span class='ocrx_word' id='word_1_114' title='bbox 481 1670 535 1717; x_wconf 93' lang='lat' dir='ltr'><strong>et</strong></span> <span class='ocrx_word' id='word_1_115' title='bbox 572 1661 859 1716; x_wconf 87' lang='lat' dir='ltr'><strong>obnoxium</strong></span> <span class='ocrx_word' id='word_1_116' title='bbox 904 1660 1064 1715; x_wconf 81' lang='lat' dir='ltr'><strong>habet</strong></span> <span class='ocrx_word' id='word_1_117' title='bbox 1113 1658 1409 1713; x_wconf 88' lang='lat' dir='ltr'><strong>debitorem</strong></span> <span class='ocrx_word' id='word_1_118' title='bbox 1430 1699 1445 1723; x_wconf 93' lang='lat'><strong>,</strong></span> <span class='ocrx_word' id='word_1_119' title='bbox 1474 1656 1524 1709; x_wconf 92' lang='lat' dir='ltr'><strong>in</strong></span> <span class='ocrx_word' id='word_1_120' title='bbox 1553 1671 1766 1721; x_wconf 85' lang='lat' dir='ltr'><strong>mensa,</strong></span> 
     </span>
    </p>
   </div>
   <div class='ocr_carea' id='block_1_16' title="bbox 206 1745 1769 1817">
    <p class='ocr_par' dir='ltr' id='par_1_16' title="bbox 206 1745 1769 1817">
     <span class='ocr_line' id='line_1_16' title="bbox 206 1745 1769 1817; baseline -0.004 -11"><span class='ocrx_word' id='word_1_121' title='bbox 206 1753 255 1806; x_wconf 93' lang='lat' dir='ltr'><strong>iu</strong></span> <span class='ocrx_word' id='word_1_122' title='bbox 294 1752 527 1817; x_wconf 67' lang='lat' dir='ltr'><strong>aedibus,</strong></span> <span class='ocrx_word' id='word_1_123' title='bbox 575 1752 629 1807; x_wconf 88' lang='lat' dir='ltr'><strong>in</strong></span> <span class='ocrx_word' id='word_1_124' title='bbox 676 1751 893 1816; x_wconf 81' lang='lat' dir='ltr'><strong>foro,in</strong></span> <span class='ocrx_word' id='word_1_125' title='bbox 946 1750 1118 1813; x_wconf 89' lang='lat' dir='ltr'><strong>lecto,</strong></span> <span class='ocrx_word' id='word_1_126' title='bbox 1145 1758 1198 1803; x_wconf 91' lang='lat' dir='ltr'><strong>et</strong></span> <span class='ocrx_word' id='word_1_127' title='bbox 1226 1748 1417 1817; x_wconf 92' lang='lat' dir='ltr'><strong>ubique</strong></span> <span class='ocrx_word' id='word_1_128' title='bbox 1446 1749 1677 1801; x_wconf 92' lang='lat' dir='ltr'><strong>locorum</strong></span> <span class='ocrx_word' id='word_1_129' title='bbox 1703 1745 1769 1800; x_wconf 91' lang='lat' dir='ltr'><strong>de</strong></span> 
     </span>
    </p>
   </div>
   <div class='ocr_carea' id='block_1_17' title="bbox 202 1836 1770 1909">
    <p class='ocr_par' dir='ltr' id='par_1_17' title="bbox 202 1836 1770 1909">
     <span class='ocr_line' id='line_1_17' title="bbox 202 1836 1770 1909; baseline -0.004 -14"><span class='ocrx_word' id='word_1_130' title='bbox 202 1856 291 1895; x_wconf 89' lang='lat' dir='ltr'><strong>suo</strong></span> <span class='ocrx_word' id='word_1_131' title='bbox 334 1840 575 1896; x_wconf 89' lang='lat' dir='ltr'><strong>debitore</strong></span> <span class='ocrx_word' id='word_1_132' title='bbox 617 1840 838 1909; x_wconf 79' lang='lat' dir='ltr'><strong>vigilans</strong></span> <span class='ocrx_word' id='word_1_133' title='bbox 876 1840 1072 1909; x_wconf 87' lang='lat' dir='ltr'><strong>cogitat</strong></span> <span class='ocrx_word' id='word_1_134' title='bbox 1098 1850 1152 1894; x_wconf 92' lang='lat' dir='ltr'><strong>et</strong></span> <span class='ocrx_word' id='word_1_135' title='bbox 1178 1839 1229 1892; x_wconf 93' lang='lat' dir='ltr'><strong>in</strong></span> <span class='ocrx_word' id='word_1_136' title='bbox 1256 1836 1456 1893; x_wconf 86' lang='lat' dir='ltr'><strong>somnis</strong></span> <span class='ocrx_word' id='word_1_137' title='bbox 1485 1854 1500 1890; x_wconf 89' lang='lat'>:</span> <span class='ocrx_word' id='word_1_138' title='bbox 1532 1845 1582 1890; x_wconf 90' lang='lat' dir='ltr'><strong>et</strong></span> <span class='ocrx_word' id='word_1_139' title='bbox 1612 1851 1770 1905; x_wconf 89' lang='lat' dir='ltr'><strong>pecu-</strong></span> 
     </span>
    </p>
   </div>
   <div class='ocr_carea' id='block_1_18' title="bbox 202 1925 1767 1995">
    <p class='ocr_par' dir='ltr' id='par_1_18' title="bbox 202 1925 1767 1995">
     <span class='ocr_line' id='line_1_18' title="bbox 202 1925 1767 1995; baseline -0.003 -11"><span class='ocrx_word' id='word_1_140' title='bbox 202 1932 399 1984; x_wconf 84' lang='lat' dir='ltr'><strong>niarum</strong></span> <span class='ocrx_word' id='word_1_141' title='bbox 440 1944 591 1983; x_wconf 90' lang='lat' dir='ltr'><strong>amor</strong></span> <span class='ocrx_word' id='word_1_142' title='bbox 631 1929 826 1993; x_wconf 81' lang='lat' dir='ltr'><strong>eﬂicit,</strong></span> <span class='ocrx_word' id='word_1_143' title='bbox 870 1937 927 1982; x_wconf 91' lang='lat' dir='ltr'><strong>ut</strong></span> <span class='ocrx_word' id='word_1_144' title='bbox 970 1929 1057 1982; x_wconf 89' lang='lat' dir='ltr'><strong>ille</strong></span> <span class='ocrx_word' id='word_1_145' title='bbox 1082 1942 1201 1983; x_wconf 91' lang='lat' dir='ltr'><strong>cum</strong></span> <span class='ocrx_word' id='word_1_146' title='bbox 1232 1926 1462 1995; x_wconf 85' lang='lat' dir='ltr'><strong>pecuniis</strong></span> <span class='ocrx_word' id='word_1_147' title='bbox 1489 1925 1767 1981; x_wconf 75' lang='lat' dir='ltr'><strong>creditoris</strong></span> 
     </span>
    </p>
   </div>
   <div class='ocr_carea' id='block_1_19' title="bbox 202 2016 1765 2088">
    <p class='ocr_par' dir='ltr' id='par_1_19' title="bbox 202 2016 1765 2088">
     <span class='ocr_line' id='line_1_19' title="bbox 202 2016 1765 2088; baseline -0.004 -14"><span class='ocrx_word' id='word_1_148' title='bbox 202 2018 249 2074; x_wconf 91' lang='lat' dir='ltr'><strong>In</strong></span> <span class='ocrx_word' id='word_1_149' title='bbox 285 2020 457 2073; x_wconf 84' lang='lat' dir='ltr'><strong>anima</strong></span> <span class='ocrx_word' id='word_1_150' title='bbox 494 2018 915 2074; x_wconf 80' lang='lat' dir='ltr'><strong>circumferatur.</strong></span> <span class='ocrx_word' id='word_1_151' title='bbox 947 2020 1015 2073; x_wconf 88' lang='lat' dir='ltr'><strong>Ut</strong></span> <span class='ocrx_word' id='word_1_152' title='bbox 1042 2019 1196 2088; x_wconf 90' lang='lat' dir='ltr'><strong>igitur</strong></span> <span class='ocrx_word' id='word_1_153' title='bbox 1225 2033 1322 2072; x_wconf 91' lang='lat' dir='ltr'><strong>nos</strong></span> <span class='ocrx_word' id='word_1_154' title='bbox 1350 2032 1558 2087; x_wconf 90' lang='lat' dir='ltr'><strong>quoque</strong></span> <span class='ocrx_word' id='word_1_155' title='bbox 1585 2016 1765 2069; x_wconf 84' lang='lat' dir='ltr'><strong>reddi-</strong></span> 
     </span>
    </p>
   </div>
   <div class='ocr_carea' id='block_1_20' title="bbox 201 2109 1763 2181">
    <p class='ocr_par' dir='ltr' id='par_1_20' title="bbox 201 2109 1763 2181">
     <span class='ocr_line' id='line_1_20' title="bbox 201 2109 1763 2181; baseline -0.001 -17"><span class='ocrx_word' id='word_1_156' title='bbox 201 2111 349 2166; x_wconf 89' lang='lat' dir='ltr'><strong>tionis</strong></span> <span class='ocrx_word' id='word_1_157' title='bbox 388 2126 483 2181; x_wconf 85' lang='lat' dir='ltr'><strong>spe</strong></span> <span class='ocrx_word' id='word_1_158' title='bbox 521 2125 731 2181; x_wconf 86' lang='lat' dir='ltr'><strong>semper</strong></span> <span class='ocrx_word' id='word_1_159' title='bbox 771 2111 825 2167; x_wconf 93' lang='lat' dir='ltr'><strong>in</strong></span> <span class='ocrx_word' id='word_1_160' title='bbox 863 2112 1055 2165; x_wconf 79' lang='lat' dir='ltr'><strong>vestris</strong></span> <span class='ocrx_word' id='word_1_161' title='bbox 1083 2110 1348 2165; x_wconf 88' lang='lat' dir='ltr'><strong>mentibus</strong></span> <span class='ocrx_word' id='word_1_162' title='bbox 1375 2123 1678 2173; x_wconf 79' lang='lat' dir='ltr'><strong>versemur,</strong></span> <span class='ocrx_word' id='word_1_163' title='bbox 1711 2109 1763 2162; x_wconf 93' lang='lat' dir='ltr'><strong>in</strong></span> 
     </span>
    </p>
   </div>
   <div class='ocr_carea' id='block_1_21' title="bbox 198 2200 1765 2272">
    <p class='ocr_par' dir='ltr' id='par_1_21' title="bbox 198 2200 1765 2272">
     <span class='ocr_line' id='line_1_21' title="bbox 198 2200 1765 2272; baseline -0.001 -16"><span class='ocrx_word' id='word_1_164' title='bbox 198 2201 425 2265; x_wconf 65' lang='lat' dir='ltr'><strong>aedibus,</strong></span> <span class='ocrx_word' id='word_1_165' title='bbox 476 2203 527 2256; x_wconf 93' lang='lat' dir='ltr'><strong>in</strong></span> <span class='ocrx_word' id='word_1_166' title='bbox 567 2202 715 2267; x_wconf 82' lang='lat' dir='ltr'><strong>loro,</strong></span> <span class='ocrx_word' id='word_1_167' title='bbox 747 2211 801 2256; x_wconf 84' lang='lat' dir='ltr'><strong>et</strong></span> <span class='ocrx_word' id='word_1_168' title='bbox 838 2202 1155 2272; x_wconf 88' lang='lat' dir='ltr'><strong>ubicumque</strong></span> <span class='ocrx_word' id='word_1_169' title='bbox 1180 2202 1415 2267; x_wconf 78' lang='lat' dir='ltr'><strong>fueritis,</strong></span> <span class='ocrx_word' id='word_1_170' title='bbox 1446 2200 1644 2254; x_wconf 82' lang='lat' dir='ltr'><strong>idcirco</strong></span> <span class='ocrx_word' id='word_1_171' title='bbox 1668 2200 1765 2255; x_wconf 84' lang='lat' dir='ltr'><strong>dc-</strong></span> 
     </span>
    </p>
   </div>
   <div class='ocr_carea' id='block_1_22' title="bbox 195 2290 1765 2362">
    <p class='ocr_par' dir='ltr' id='par_1_22' title="bbox 195 2290 1765 2362">
     <span class='ocr_line' id='line_1_22' title="bbox 195 2290 1765 2362; baseline 0.001 -16"><span class='ocrx_word' id='word_1_172' title='bbox 195 2290 299 2346; x_wconf 78' lang='lat' dir='ltr'><strong>bita</strong></span> <span class='ocrx_word' id='word_1_173' title='bbox 322 2292 535 2362; x_wconf 85' lang='lat' dir='ltr'><strong>quidem</strong></span> <span class='ocrx_word' id='word_1_174' title='bbox 563 2292 712 2346; x_wconf 84' lang='lat' dir='ltr'><strong>vobis</strong></span> <span class='ocrx_word' id='word_1_175' title='bbox 738 2292 1120 2362; x_wconf 90' lang='lat' dir='ltr'><strong>spopondimus</strong></span> <span class='ocrx_word' id='word_1_176' title='bbox 1137 2330 1157 2359; x_wconf 85' lang='lat'><strong>,</strong></span> <span class='ocrx_word' id='word_1_177' title='bbox 1187 2292 1341 2347; x_wconf 80' lang='lat' dir='ltr'><strong>hodie</strong></span> <span class='ocrx_word' id='word_1_178' title='bbox 1368 2307 1494 2346; x_wconf 88' lang='lat' dir='ltr'><strong>vero</strong></span> <span class='ocrx_word' id='word_1_179' title='bbox 1520 2307 1624 2345; x_wconf 87' lang='lat' dir='ltr'><strong>non</strong></span> <span class='ocrx_word' id='word_1_180' title='bbox 1648 2307 1765 2347; x_wconf 89' lang='lat' dir='ltr'><strong>om-</strong></span> 
     </span>
    </p>
   </div>
   <div class='ocr_carea' id='block_1_23' title="bbox 196 2380 1759 2453">
    <p class='ocr_par' dir='ltr' id='par_1_23' title="bbox 196 2380 1759 2453">
     <span class='ocr_line' id='line_1_23' title="bbox 196 2380 1759 2453; baseline 0 -16"><span class='ocrx_word' id='word_1_181' title='bbox 196 2380 277 2437; x_wconf 72' lang='lat' dir='ltr'><strong>nia</strong></span> <span class='ocrx_word' id='word_1_182' title='bbox 318 2384 716 2452; x_wconf 86' lang='lat' dir='ltr'><strong>persolvemus,</strong></span> <span class='ocrx_word' id='word_1_183' title='bbox 768 2392 823 2438; x_wconf 92' lang='lat' dir='ltr'><strong>ut</strong></span> <span class='ocrx_word' id='word_1_184' title='bbox 867 2398 1053 2439; x_wconf 88' lang='lat' dir='ltr'><strong>eorum</strong></span> <span class='ocrx_word' id='word_1_185' title='bbox 1078 2424 1093 2449; x_wconf 96' lang='lat'><strong>,</strong></span> <span class='ocrx_word' id='word_1_186' title='bbox 1139 2400 1257 2453; x_wconf 66' lang='lat' dir='ltr'><strong>qua:</strong></span> <span class='ocrx_word' id='word_1_187' title='bbox 1284 2383 1493 2437; x_wconf 90' lang='lat' dir='ltr'><strong>residua</strong></span> <span class='ocrx_word' id='word_1_188' title='bbox 1526 2382 1719 2437; x_wconf 79' lang='lat' dir='ltr'><strong>iuerint</strong></span> <span class='ocrx_word' id='word_1_189' title='bbox 1741 2424 1759 2451; x_wconf 92' lang='lat'><strong>,</strong></span> 
     </span>
    </p>
   </div>
   <div class='ocr_carea' id='block_1_24' title="bbox 193 2473 1761 2543">
    <p class='ocr_par' dir='ltr' id='par_1_24' title="bbox 193 2473 1761 2543">
     <span class='ocr_line' id='line_1_24' title="bbox 193 2473 1761 2543; baseline 0.001 -16"><span class='ocrx_word' id='word_1_190' title='bbox 193 2473 630 2542; x_wconf 80' lang='lat' dir='ltr'><strong>exspectationem</strong></span> <span class='ocrx_word' id='word_1_191' title='bbox 657 2474 804 2529; x_wconf 86' lang='lat' dir='ltr'><strong>vobis</strong></span> <span class='ocrx_word' id='word_1_192' title='bbox 835 2482 1103 2543; x_wconf 86' lang='lat' dir='ltr'><strong>tamquam</strong></span> <span class='ocrx_word' id='word_1_193' title='bbox 1130 2474 1397 2529; x_wconf 70' lang='lat' dir='ltr'><strong>memoria:</strong></span> <span class='ocrx_word' id='word_1_194' title='bbox 1419 2474 1582 2528; x_wconf 90' lang='lat' dir='ltr'><strong>nostri</strong></span> <span class='ocrx_word' id='word_1_195' title='bbox 1603 2489 1761 2529; x_wconf 90' lang='lat' dir='ltr'><strong>occa-</strong></span> 
     </span>
    </p>
   </div>
   <div class='ocr_carea' id='block_1_25' title="bbox 193 2564 1759 2637">
    <p class='ocr_par' dir='ltr' id='par_1_25' title="bbox 193 2564 1759 2637">
     <span class='ocr_line' id='line_1_25' title="bbox 193 2564 1759 2637; baseline 0.002 -18"><span class='ocrx_word' id='word_1_196' title='bbox 193 2564 388 2620; x_wconf 80' lang='lat' dir='ltr'><strong>sionem</strong></span> <span class='ocrx_word' id='word_1_197' title='bbox 425 2567 804 2636; x_wconf 88' lang='lat' dir='ltr'><strong>relinquamus.</strong></span> <span class='ocrx_word' id='word_1_198' title='bbox 834 2567 958 2622; x_wconf 78' lang='lat' dir='ltr'><strong>Hzec</strong></span> <span class='ocrx_word' id='word_1_199' title='bbox 984 2567 1121 2621; x_wconf 90' lang='lat' dir='ltr'><strong>enim</strong></span> <span class='ocrx_word' id='word_1_200' title='bbox 1150 2582 1333 2637; x_wconf 84' lang='lat' dir='ltr'><strong>magna</strong></span> <span class='ocrx_word' id='word_1_201' title='bbox 1363 2576 1443 2620; x_wconf 89' lang='lat' dir='ltr'><strong>est</strong></span> <span class='ocrx_word' id='word_1_202' title='bbox 1474 2577 1649 2622; x_wconf 86' lang='lat' dir='ltr'><strong>nostra</strong></span> <span class='ocrx_word' id='word_1_203' title='bbox 1678 2581 1759 2622; x_wconf 89' lang='lat' dir='ltr'><strong>se-</strong></span> 
     </span>
    </p>
   </div>
   <div class='ocr_carea' id='block_1_26' title="bbox 192 2659 1759 2729">
    <p class='ocr_par' dir='ltr' id='par_1_26' title="bbox 192 2659 1759 2729">
     <span class='ocr_line' id='line_1_26' title="bbox 192 2659 1759 2729; baseline 0.001 -18"><span class='ocrx_word' id='word_1_204' title='bbox 192 2659 381 2711; x_wconf 89' lang='lat' dir='ltr'><strong>curitas</strong></span> <span class='ocrx_word' id='word_1_205' title='bbox 401 2699 415 2721; x_wconf 93' lang='lat'><strong>,</strong></span> <span class='ocrx_word' id='word_1_206' title='bbox 444 2668 499 2712; x_wconf 92' lang='lat' dir='ltr'><strong>ut</strong></span> <span class='ocrx_word' id='word_1_207' title='bbox 520 2660 736 2713; x_wconf 89' lang='lat' dir='ltr'><strong>caritate</strong></span> <span class='ocrx_word' id='word_1_208' title='bbox 758 2668 931 2714; x_wconf 90' lang='lat' dir='ltr'><strong>vestra</strong></span> <span class='ocrx_word' id='word_1_209' title='bbox 960 2668 1212 2729; x_wconf 91' lang='lat' dir='ltr'><strong>perpetuo</strong></span> <span class='ocrx_word' id='word_1_210' title='bbox 1238 2660 1474 2714; x_wconf 79' lang='lat' dir='ltr'><strong>fruamur</strong></span> <span class='ocrx_word' id='word_1_211' title='bbox 1495 2701 1511 2726; x_wconf 92' lang='lat'><strong>,</strong></span> <span class='ocrx_word' id='word_1_212' title='bbox 1544 2660 1633 2715; x_wconf 91' lang='lat' dir='ltr'><strong>tali</strong></span> <span class='ocrx_word' id='word_1_213' title='bbox 1666 2675 1759 2729; x_wconf 89' lang='lat' dir='ltr'><strong>po—</strong></span> 
     </span>
    </p>
   </div>
   <div class='ocr_carea' id='block_1_27' title="bbox 191 2748 1757 2819">
    <p class='ocr_par' dir='ltr' id='par_1_27' title="bbox 191 2748 1757 2819">
     <span class='ocr_line' id='line_1_27' title="bbox 191 2748 1757 2819; baseline 0.003 -18"><span class='ocrx_word' id='word_1_214' title='bbox 191 2748 310 2815; x_wconf 91' lang='lat' dir='ltr'><strong>pulo</strong></span> <span class='ocrx_word' id='word_1_215' title='bbox 350 2763 411 2803; x_wconf 89' lang='lat' dir='ltr'><strong>ac</strong></span> <span class='ocrx_word' id='word_1_216' title='bbox 459 2757 627 2804; x_wconf 87' lang='lat' dir='ltr'><strong>tanto.</strong></span> <span class='ocrx_word' id='word_1_217' title='bbox 676 2750 807 2804; x_wconf 87' lang='lat' dir='ltr'><strong>Nam</strong></span> <span class='ocrx_word' id='word_1_218' title='bbox 852 2751 941 2819; x_wconf 90' lang='lat' dir='ltr'><strong>qui</strong></span> <span class='ocrx_word' id='word_1_219' title='bbox 987 2751 1179 2805; x_wconf 79' lang='lat' dir='ltr'><strong>fruitur</strong></span> <span class='ocrx_word' id='word_1_220' title='bbox 1220 2752 1465 2815; x_wconf 90' lang='lat' dir='ltr'><strong>caritate,</strong></span> <span class='ocrx_word' id='word_1_221' title='bbox 1512 2753 1757 2819; x_wconf 89' lang='lat' dir='ltr'><strong>precibus</strong></span> 
     </span>
    </p>
   </div>
   <div class='ocr_carea' id='block_1_28' title="bbox 192 2838 1753 2909">
    <p class='ocr_par' dir='ltr' id='par_1_28' title="bbox 192 2838 1753 2909">
     <span class='ocr_line' id='line_1_28' title="bbox 192 2838 1753 2909; baseline 0.002 -18"><span class='ocrx_word' id='word_1_222' title='bbox 192 2840 347 2892; x_wconf 87' lang='lat' dir='ltr'><strong>etiam</strong></span> <span class='ocrx_word' id='word_1_223' title='bbox 373 2839 590 2891; x_wconf 87' lang='lat' dir='ltr'><strong>omnino</strong></span> <span class='ocrx_word' id='word_1_224' title='bbox 617 2838 834 2893; x_wconf 84' lang='lat' dir='ltr'><strong>lruetur.</strong></span> <span class='ocrx_word' id='word_1_225' title='bbox 862 2840 972 2894; x_wconf 90' lang='lat' dir='ltr'><strong>Hoc</strong></span> <span class='ocrx_word' id='word_1_226' title='bbox 998 2855 1126 2894; x_wconf 90' lang='lat' dir='ltr'><strong>vero</strong></span> <span class='ocrx_word' id='word_1_227' title='bbox 1149 2850 1399 2909; x_wconf 91' lang='lat' dir='ltr'><strong>quantum</strong></span> <span class='ocrx_word' id='word_1_228' title='bbox 1426 2841 1494 2893; x_wconf 89' lang='lat' dir='ltr'><strong>sit</strong></span> <span class='ocrx_word' id='word_1_229' title='bbox 1523 2840 1717 2894; x_wconf 89' lang='lat' dir='ltr'><strong>bonum</strong></span> <span class='ocrx_word' id='word_1_230' title='bbox 1738 2881 1753 2905; x_wconf 94' lang='lat'><strong>,</strong></span> 
     </span>
    </p>
   </div>
   <div class='ocr_carea' id='block_1_29' title="bbox 188 2927 1754 2998">
    <p class='ocr_par' dir='ltr' id='par_1_29' title="bbox 188 2927 1754 2998">
     <span class='ocr_line' id='line_1_29' title="bbox 188 2927 1754 2998; baseline 0.004 -19"><span class='ocrx_word' id='word_1_231' title='bbox 188 2927 305 2982; x_wconf 90' lang='lat' dir='ltr'><strong>inde</strong></span> <span class='ocrx_word' id='word_1_232' title='bbox 323 2928 449 2982; x_wconf 92' lang='lat' dir='ltr'><strong>licet</strong></span> <span class='ocrx_word' id='word_1_233' title='bbox 471 2927 738 2998; x_wconf 82' lang='lat' dir='ltr'><strong>colligere.</strong></span> <span class='ocrx_word' id='word_1_234' title='bbox 763 2929 956 2983; x_wconf 88' lang='lat' dir='ltr'><strong>Paulus</strong></span> <span class='ocrx_word' id='word_1_235' title='bbox 982 2929 1097 2995; x_wconf 88' lang='lat' dir='ltr'><strong>ille,</strong></span> <span class='ocrx_word' id='word_1_236' title='bbox 1128 2931 1216 2997; x_wconf 91' lang='lat' dir='ltr'><strong>qui</strong></span> <span class='ocrx_word' id='word_1_237' title='bbox 1246 2930 1457 2984; x_wconf 86' lang='lat' dir='ltr'><strong>tertiqu</strong></span> <span class='ocrx_word' id='word_1_238' title='bbox 1488 2932 1539 2984; x_wconf 93' lang='lat' dir='ltr'><strong>in</strong></span> <span class='ocrx_word' id='word_1_239' title='bbox 1567 2931 1754 2985; x_wconf 66' lang='lat' dir='ltr'><strong>exulum</strong></span> 
     </span>
    </p>
   </div>
   <div class='ocr_carea' id='block_1_30' title="bbox 186 3018 1752 3091">
    <p class='ocr_par' dir='ltr' id='par_1_30' title="bbox 186 3018 1752 3091">
     <span class='ocr_line' id='line_1_30' title="bbox 186 3018 1752 3091; baseline 0.003 -20"><span class='ocrx_word' id='word_1_240' title='bbox 186 3029 363 3087; x_wconf 85' lang='lat' dir='ltr'><strong>raptus</strong></span> <span class='ocrx_word' id='word_1_241' title='bbox 390 3018 587 3083; x_wconf 79' lang='lat' dir='ltr'><strong>fuerat,</strong></span> <span class='ocrx_word' id='word_1_242' title='bbox 612 3021 698 3089; x_wconf 89' lang='lat' dir='ltr'><strong>qui</strong></span> <span class='ocrx_word' id='word_1_243' title='bbox 721 3020 995 3075; x_wconf 83' lang='lat' dir='ltr'><strong>audiverat</strong></span> <span class='ocrx_word' id='word_1_244' title='bbox 1016 3036 1207 3075; x_wconf 91' lang='lat' dir='ltr'><strong>arcana</strong></span> <span class='ocrx_word' id='word_1_245' title='bbox 1234 3022 1391 3075; x_wconf 87' lang='lat' dir='ltr'><strong>verba</strong></span> <span class='ocrx_word' id='word_1_246' title='bbox 1409 3062 1426 3087; x_wconf 88' lang='lat'><strong>,</strong></span> <span class='ocrx_word' id='word_1_247' title='bbox 1454 3022 1540 3091; x_wconf 91' lang='lat' dir='ltr'><strong>qui</strong></span> <span class='ocrx_word' id='word_1_248' title='bbox 1568 3036 1752 3076; x_wconf 71' lang='lat' dir='ltr'><strong>omnes</strong></span> 
     </span>
    </p>
   </div>
   <div class='ocr_carea' id='block_1_31' title="bbox 187 3112 1753 3182">
    <p class='ocr_par' dir='ltr' id='par_1_31' title="bbox 187 3112 1753 3182">
     <span class='ocr_line' id='line_1_31' title="bbox 187 3112 1753 3182; baseline 0.004 -21"><span class='ocrx_word' id='word_1_249' title='bbox 187 3119 382 3163; x_wconf 79' lang='lat' dir='ltr'><strong>natura:</strong></span> <span class='ocrx_word' id='word_1_250' title='bbox 419 3112 761 3166; x_wconf 88' lang='lat' dir='ltr'><strong>necessitates</strong></span> <span class='ocrx_word' id='word_1_251' title='bbox 792 3112 1101 3180; x_wconf 77' lang='lat' dir='ltr'><strong>subegerat,</strong></span> <span class='ocrx_word' id='word_1_252' title='bbox 1132 3113 1220 3181; x_wconf 89' lang='lat' dir='ltr'><strong>qui</strong></span> <span class='ocrx_word' id='word_1_253' title='bbox 1248 3113 1476 3181; x_wconf 80' lang='lat' dir='ltr'><strong>perfecta</strong></span> <span class='ocrx_word' id='word_1_254' title='bbox 1504 3113 1753 3182; x_wconf 85' lang='lat' dir='ltr'><strong>deinceps</strong></span> 
     </span>
    </p>
   </div>
   <div class='ocr_carea' id='block_1_32' title="bbox 186 3199 1753 3273">
    <p class='ocr_par' dir='ltr' id='par_1_32' title="bbox 186 3199 1753 3273">
     <span class='ocr_line' id='line_1_32' title="bbox 186 3199 1753 3273; baseline 0.004 -21"><span class='ocrx_word' id='word_1_255' title='bbox 186 3199 233 3253; x_wconf 92' lang='lat' dir='ltr'><strong>in</strong></span> <span class='ocrx_word' id='word_1_256' title='bbox 275 3201 558 3255; x_wconf 82' lang='lat' dir='ltr'><strong>securitate</strong></span> <span class='ocrx_word' id='word_1_257' title='bbox 604 3202 977 3271; x_wconf 90' lang='lat' dir='ltr'><strong>permanebat,</strong></span> <span class='ocrx_word' id='word_1_258' title='bbox 1007 3203 1255 3273; x_wconf 89' lang='lat' dir='ltr'><strong>precibus</strong></span> <span class='ocrx_word' id='word_1_259' title='bbox 1279 3205 1436 3258; x_wconf 91' lang='lat' dir='ltr'><strong>etiam</strong></span> <span class='ocrx_word' id='word_1_260' title='bbox 1464 3202 1753 3273; x_wconf 86' lang='lat' dir='ltr'><strong>discipulo-</strong></span> 
     </span>
    </p>
   </div>
   <div class='ocr_carea' id='block_1_33' title="bbox 184 3294 1752 3365">
    <p class='ocr_par' dir='ltr' id='par_1_33' title="bbox 184 3294 1752 3365">
     <span class='ocr_line' id='line_1_33' title="bbox 184 3294 1752 3365; baseline 0.004 -22"><span class='ocrx_word' id='word_1_261' title='bbox 184 3308 295 3345; x_wconf 90' lang='lat' dir='ltr'><strong>rum</strong></span> <span class='ocrx_word' id='word_1_262' title='bbox 338 3294 642 3360; x_wconf 79' lang='lat' dir='ltr'><strong>indigebat,</strong></span> <span class='ocrx_word' id='word_1_263' title='bbox 684 3309 744 3349; x_wconf 90' lang='lat' dir='ltr'><strong>ac</strong></span> <span class='ocrx_word' id='word_1_264' title='bbox 768 3294 978 3349; x_wconf 87' lang='lat' dir='ltr'><strong>dicebat</strong></span> <span class='ocrx_word' id='word_1_265' title='bbox 1009 3313 1023 3349; x_wconf 89' lang='lat'><strong>:</strong></span> <span class='ocrx_word' id='word_1_266' title='bbox 1056 3294 1208 3349; x_wconf 86' lang='lat' dir='ltr'><strong>Orate</strong></span> <span class='ocrx_word' id='word_1_267' title='bbox 1232 3312 1324 3365; x_wconf 88' lang='lat' dir='ltr'><strong>pro</strong></span> <span class='ocrx_word' id='word_1_268' title='bbox 1354 3312 1431 3349; x_wconf 88' lang='lat' dir='ltr'><strong>me</strong></span> <span class='ocrx_word' id='word_1_269' title='bbox 1450 3336 1467 3361; x_wconf 93' lang='lat'><strong>,</strong></span> <span class='ocrx_word' id='word_1_270' title='bbox 1494 3306 1545 3348; x_wconf 85' lang='lat' dir='ltr'><strong>ut</strong></span> <span class='ocrx_word' id='word_1_271' title='bbox 1574 3298 1752 3350; x_wconf 87' lang='lat' dir='ltr'><strong>liberer</strong></span> 
     </span>
    </p>
   </div>
   <div class='ocr_carea' id='block_1_34' title="bbox 181 3384 1749 3458">
    <p class='ocr_par' dir='ltr' id='par_1_34' title="bbox 181 3384 1749 3458">
     <span class='ocr_line' id='line_1_34' title="bbox 181 3384 1749 3458; baseline 0.003 -22"><span class='ocrx_word' id='word_1_272' title='bbox 181 3384 239 3437; x_wconf 87' lang='lat' dir='ltr'><strong>ub</strong></span> <span class='ocrx_word' id='word_1_273' title='bbox 258 3385 542 3454; x_wconf 80' lang='lat' dir='ltr'><strong>inﬁdelibus</strong></span> <span class='ocrx_word' id='word_1_274' title='bbox 567 3386 739 3458; x_wconf 81' lang='lat' dir='ltr'><strong>(Rom.</strong></span> <span class='ocrx_word' id='word_1_275' title='bbox 772 3386 859 3441; x_wconf 85' lang='grc'><strong>15.</strong></span> <span class='ocrx_word' id='word_1_276' title='bbox 900 3387 989 3441; x_wconf 75' lang='lat'><strong>30.</strong></span> <span class='ocrx_word' id='word_1_277' title='bbox 1017 3387 1110 3456; x_wconf 79' lang='lat' dir='ltr'><strong>5i)</strong></span> <span class='ocrx_word' id='word_1_278' title='bbox 1135 3405 1149 3452; x_wconf 92' lang='lat'><strong>;</strong></span> <span class='ocrx_word' id='word_1_279' title='bbox 1178 3398 1231 3442; x_wconf 93' lang='lat' dir='ltr'><strong>et</strong></span> <span class='ocrx_word' id='word_1_280' title='bbox 1262 3402 1441 3441; x_wconf 89' lang='lat' dir='ltr'><strong>rursus</strong></span> <span class='ocrx_word' id='word_1_281' title='bbox 1469 3404 1483 3439; x_wconf 90' lang='lat'><strong>:</strong></span> <span class='ocrx_word' id='word_1_282' title='bbox 1519 3388 1672 3441; x_wconf 87' lang='lat' dir='ltr'><strong>Orate</strong></span> <span class='ocrx_word' id='word_1_283' title='bbox 1697 3398 1749 3442; x_wconf 87' lang='lat' dir='ltr'><strong>ut</strong></span> 
     </span>
    </p>
   </div>
   <div class='ocr_carea' id='block_1_35' title="bbox 178 3476 1745 3553">
    <p class='ocr_par' dir='ltr' id='par_1_35' title="bbox 178 3476 1745 3553">
     <span class='ocr_line' id='line_1_35' title="bbox 178 3476 1745 3553; baseline 0.006 -26"><span class='ocrx_word' id='word_1_284' title='bbox 178 3476 318 3529; x_wconf 84' lang='lat' dir='ltr'><strong>detur</strong></span> <span class='ocrx_word' id='word_1_285' title='bbox 346 3478 473 3531; x_wconf 82' lang='lat' dir='ltr'><strong>mihi</strong></span> <span class='ocrx_word' id='word_1_286' title='bbox 508 3495 665 3532; x_wconf 80' lang='lat' dir='ltr'><strong>sermo</strong></span> <span class='ocrx_word' id='word_1_287' title='bbox 699 3480 750 3532; x_wconf 87' lang='lat' dir='ltr'><strong>in</strong></span> <span class='ocrx_word' id='word_1_288' title='bbox 774 3485 1028 3548; x_wconf 79' lang='lat' dir='ltr'><strong>apertione</strong></span> <span class='ocrx_word' id='word_1_289' title='bbox 1055 3482 1156 3535; x_wconf 87' lang='lat' dir='ltr'><strong>oris</strong></span> <span class='ocrx_word' id='word_1_290' title='bbox 1182 3482 1276 3535; x_wconf 87' lang='lat' dir='ltr'><strong>mei</strong></span> <span class='ocrx_word' id='word_1_291' title='bbox 1301 3480 1517 3552; x_wconf 85' lang='lat' dir='ltr'><strong>(Epltes.</strong></span> <span class='ocrx_word' id='word_1_292' title='bbox 1548 3484 1601 3538; x_wconf 84' lang='lat'><strong>6.</strong></span> <span class='ocrx_word' id='word_1_293' title='bbox 1634 3483 1745 3553; x_wconf 85' lang='grc'><strong>19).</strong></span> 
     </span>
    </p>
   </div>
   <div class='ocr_carea' id='block_1_36' title="bbox 180 3566 1748 3642">
    <p class='ocr_par' dir='ltr' id='par_1_36' title="bbox 180 3566 1748 3642">
     <span class='ocr_line' id='line_1_36' title="bbox 180 3566 1748 3642; baseline 0.005 -21"><span class='ocrx_word' id='word_1_294' title='bbox 180 3566 241 3621; x_wconf 82' lang='grc' dir='ltr'><strong>Ει</strong></span> <span class='ocrx_word' id='word_1_295' title='bbox 267 3569 461 3639; x_wconf 91' lang='lat' dir='ltr'><strong>ubique</strong></span> <span class='ocrx_word' id='word_1_296' title='bbox 480 3568 668 3624; x_wconf 82' lang='lat' dir='ltr'><strong>videtis</strong></span> <span class='ocrx_word' id='word_1_297' title='bbox 697 3572 865 3639; x_wconf 90' lang='lat' dir='ltr'><strong>ipsum</strong></span> <span class='ocrx_word' id='word_1_298' title='bbox 892 3581 947 3625; x_wconf 89' lang='lat' dir='ltr'><strong>et</strong></span> <span class='ocrx_word' id='word_1_299' title='bbox 970 3571 1347 3641; x_wconf 87' lang='lat' dir='ltr'><strong>discipulorum</strong></span> <span class='ocrx_word' id='word_1_300' title='bbox 1370 3574 1634 3627; x_wconf 90' lang='lat' dir='ltr'><strong>orationes</strong></span> <span class='ocrx_word' id='word_1_301' title='bbox 1657 3590 1748 3642; x_wconf 91' lang='lat' dir='ltr'><strong>po-</strong></span> 
     </span>
    </p>
   </div>
   <div class='ocr_carea' id='block_1_37' title="bbox 176 3657 1743 3732">
    <p class='ocr_par' dir='ltr' id='par_1_37' title="bbox 176 3657 1743 3732">
     <span class='ocr_line' id='line_1_37' title="bbox 176 3657 1743 3732; baseline 0.004 -21"><span class='ocrx_word' id='word_1_302' title='bbox 176 3657 401 3723; x_wconf 90' lang='lat' dir='ltr'><strong>stulare,</strong></span> <span class='ocrx_word' id='word_1_303' title='bbox 447 3666 503 3713; x_wconf 94' lang='lat' dir='ltr'><strong>et</strong></span> <span class='ocrx_word' id='word_1_304' title='bbox 540 3674 659 3724; x_wconf 81' lang='lat' dir='ltr'><strong>cum</strong></span> <span class='ocrx_word' id='word_1_305' title='bbox 697 3661 1014 3729; x_wconf 89' lang='lat' dir='ltr'><strong>obtinuerit,</strong></span> <span class='ocrx_word' id='word_1_306' title='bbox 1056 3662 1251 3732; x_wconf 82' lang='lat' dir='ltr'><strong>gratias</strong></span> <span class='ocrx_word' id='word_1_307' title='bbox 1278 3663 1380 3717; x_wconf 89' lang='lat' dir='ltr'><strong>illis</strong></span> <span class='ocrx_word' id='word_1_308' title='bbox 1407 3678 1583 3732; x_wconf 87' lang='lat' dir='ltr'><strong>agere.</strong></span> <span class='ocrx_word' id='word_1_309' title='bbox 1614 3664 1743 3718; x_wconf 88' lang='lat' dir='ltr'><strong>Nam</strong></span> 
     </span>
    </p>
   </div>
   <div class='ocr_carea' id='block_1_38' title="bbox 177 3749 1743 3821">
    <p class='ocr_par' dir='ltr' id='par_1_38' title="bbox 177 3749 1743 3821">
     <span class='ocr_line' id='line_1_38' title="bbox 177 3749 1743 3821; baseline 0.005 -20"><span class='ocrx_word' id='word_1_310' title='bbox 177 3764 240 3803; x_wconf 90' lang='lat' dir='ltr'><strong>ne</strong></span> <span class='ocrx_word' id='word_1_311' title='bbox 275 3749 417 3805; x_wconf 77' lang='lat' dir='ltr'><strong>forte</strong></span> <span class='ocrx_word' id='word_1_312' title='bbox 458 3750 599 3805; x_wconf 86' lang='lat' dir='ltr'><strong>dicat</strong></span> <span class='ocrx_word' id='word_1_313' title='bbox 634 3751 825 3821; x_wconf 87' lang='lat' dir='ltr'><strong>aliquis</strong></span> <span class='ocrx_word' id='word_1_314' title='bbox 868 3767 989 3806; x_wconf 90' lang='lat' dir='ltr'><strong>eum</strong></span> <span class='ocrx_word' id='word_1_315' title='bbox 1032 3767 1140 3821; x_wconf 72' lang='lat' dir='ltr'><strong>pra:</strong></span> <span class='ocrx_word' id='word_1_316' title='bbox 1172 3753 1328 3806; x_wconf 88' lang='lat' dir='ltr'><strong>nimia</strong></span> <span class='ocrx_word' id='word_1_317' title='bbox 1362 3752 1656 3809; x_wconf 90' lang='lat' dir='ltr'><strong>humilitate</strong></span> <span class='ocrx_word' id='word_1_318' title='bbox 1676 3755 1743 3809; x_wconf 90' lang='lat' dir='ltr'><strong>ad</strong></span> 
     </span>
    </p>
   </div>
   <div class='ocr_carea' id='block_1_39' title="bbox 174 3838 1741 3911">
    <p class='ocr_par' dir='ltr' id='par_1_39' title="bbox 174 3838 1741 3911">
     <span class='ocr_line' id='line_1_39' title="bbox 174 3838 1741 3911; baseline 0.003 -19"><span class='ocrx_word' id='word_1_319' title='bbox 174 3838 550 3908; x_wconf 87' lang='lat' dir='ltr'><strong>discipulorum</strong></span> <span class='ocrx_word' id='word_1_320' title='bbox 611 3856 795 3909; x_wconf 88' lang='lat' dir='ltr'><strong>preces</strong></span> <span class='ocrx_word' id='word_1_321' title='bbox 850 3842 1175 3911; x_wconf 77' lang='lat' dir='ltr'><strong>confugere,</strong></span> <span class='ocrx_word' id='word_1_322' title='bbox 1228 3844 1476 3897; x_wconf 78' lang='lat' dir='ltr'><strong>virtutem</strong></span> <span class='ocrx_word' id='word_1_323' title='bbox 1536 3844 1741 3897; x_wconf 90' lang='lat' dir='ltr'><strong>illarum</strong></span> 
     </span>
    </p>
   </div>
   <div class='ocr_carea' id='block_1_40' title="bbox 174 3930 1744 4000">
    <p class='ocr_par' dir='ltr' id='par_1_40' title="bbox 174 3930 1744 4000">
     <span class='ocr_line' id='line_1_40' title="bbox 174 3930 1744 4000; baseline 0.004 -17"><span class='ocrx_word' id='word_1_324' title='bbox 174 3930 442 3996; x_wconf 90' lang='lat' dir='ltr'><strong>ostendit,</strong></span> <span class='ocrx_word' id='word_1_325' title='bbox 468 3946 589 3984; x_wconf 93' lang='lat' dir='ltr'><strong>cum</strong></span> <span class='ocrx_word' id='word_1_326' title='bbox 618 3931 687 3985; x_wconf 91' lang='lat' dir='ltr'><strong>ita</strong></span> <span class='ocrx_word' id='word_1_327' title='bbox 715 3932 951 4000; x_wconf 86' lang='lat' dir='ltr'><strong>loquitur</strong></span> <span class='ocrx_word' id='word_1_328' title='bbox 975 3948 987 3983; x_wconf 91' lang='lat'><strong>:</strong></span> <span class='ocrx_word' id='word_1_329' title='bbox 1014 3932 1113 3997; x_wconf 86' lang='lat' dir='ltr'><strong>Qui</strong></span> <span class='ocrx_word' id='word_1_330' title='bbox 1137 3933 1199 3986; x_wconf 83' lang='lat' dir='ltr'><strong>de</strong></span> <span class='ocrx_word' id='word_1_331' title='bbox 1226 3934 1375 3985; x_wconf 81' lang='lat' dir='ltr'><strong>tantis</strong></span> <span class='ocrx_word' id='word_1_332' title='bbox 1394 3935 1631 3987; x_wconf 76' lang='lat' dir='ltr'><strong>mortibus</strong></span> <span class='ocrx_word' id='word_1_333' title='bbox 1653 3951 1744 3990; x_wconf 88' lang='lat' dir='ltr'><strong>nos</strong></span> 
     </span>
    </p>
   </div>
   <div class='ocr_carea' id='block_1_41' title="bbox 173 4020 1741 4092">
    <p class='ocr_par' dir='ltr' id='par_1_41' title="bbox 173 4020 1741 4092">
     <span class='ocr_line' id='line_1_41' title="bbox 173 4020 1741 4092; baseline 0.004 -21"><span class='ocrx_word' id='word_1_334' title='bbox 173 4020 388 4087; x_wconf 81' lang='lat' dir='ltr'><strong>eripuit;</strong></span> <span class='ocrx_word' id='word_1_335' title='bbox 412 4036 671 4089; x_wconf 76' lang='lat' dir='ltr'><strong>speramus</strong></span> <span class='ocrx_word' id='word_1_336' title='bbox 699 4031 896 4085; x_wconf 80' lang='lat' dir='ltr'><strong>autent,</strong></span> <span class='ocrx_word' id='word_1_337' title='bbox 928 4024 1161 4091; x_wconf 85' lang='lat' dir='ltr'><strong>quoniam</strong></span> <span class='ocrx_word' id='word_1_338' title='bbox 1186 4031 1231 4075; x_wconf 88' lang='lat' dir='ltr'><strong>et</strong></span> <span class='ocrx_word' id='word_1_339' title='bbox 1260 4022 1425 4075; x_wconf 81' lang='lat' dir='ltr'><strong>adhuc</strong></span> <span class='ocrx_word' id='word_1_340' title='bbox 1449 4024 1621 4092; x_wconf 83' lang='lat' dir='ltr'><strong>eripiet</strong></span> <span class='ocrx_word' id='word_1_341' title='bbox 1644 4026 1741 4077; x_wconf 87' lang='lat' dir='ltr'><strong>ad-</strong></span> 
     </span>
    </p>
   </div>
   <div class='ocr_carea' id='block_1_42' title="bbox 170 4108 1742 4181">
    <p class='ocr_par' dir='ltr' id='par_1_42' title="bbox 170 4108 1742 4181">
     <span class='ocr_line' id='line_1_42' title="bbox 170 4108 1742 4181; baseline 0.004 -22"><span class='ocrx_word' id='word_1_342' title='bbox 170 4108 453 4175; x_wconf 68' lang='lat' dir='ltr'><strong>;urantibus</strong></span> <span class='ocrx_word' id='word_1_343' title='bbox 478 4119 525 4161; x_wconf 88' lang='lat' dir='ltr'><strong>et</strong></span> <span class='ocrx_word' id='word_1_344' title='bbox 563 4110 696 4163; x_wconf 81' lang='lat' dir='ltr'><strong>vobis</strong></span> <span class='ocrx_word' id='word_1_345' title='bbox 728 4110 782 4163; x_wconf 88' lang='lat' dir='ltr'><strong>in</strong></span> <span class='ocrx_word' id='word_1_346' title='bbox 807 4111 1030 4165; x_wconf 86' lang='lat' dir='ltr'><strong>oratione</strong></span> <span class='ocrx_word' id='word_1_347' title='bbox 1048 4128 1139 4181; x_wconf 86' lang='lat' dir='ltr'><strong>pro</strong></span> <span class='ocrx_word' id='word_1_348' title='bbox 1167 4113 1330 4176; x_wconf 84' lang='lat' dir='ltr'><strong>nobis,</strong></span> <span class='ocrx_word' id='word_1_349' title='bbox 1357 4123 1410 4165; x_wconf 87' lang='lat' dir='ltr'><strong>ut</strong></span> <span class='ocrx_word' id='word_1_350' title='bbox 1430 4113 1489 4165; x_wconf 87' lang='lat' dir='ltr'><strong>ob</strong></span> <span class='ocrx_word' id='word_1_351' title='bbox 1514 4114 1742 4166; x_wconf 84' lang='lat' dir='ltr'><strong>donatio-</strong></span> 
     </span>
    </p>
   </div>
   <div class='ocr_carea' id='block_1_43' title="bbox 170 4201 1739 4273">
    <p class='ocr_par' dir='ltr' id='par_1_43' title="bbox 170 4201 1739 4273">
     <span class='ocr_line' id='line_1_43' title="bbox 170 4201 1739 4273; baseline 0.004 -22"><span class='ocrx_word' id='word_1_352' title='bbox 170 4216 275 4253; x_wconf 88' lang='lat' dir='ltr'><strong>nem</strong></span> <span class='ocrx_word' id='word_1_353' title='bbox 298 4242 315 4263; x_wconf 86' lang='lat'><strong>,</strong></span> <span class='ocrx_word' id='word_1_354' title='bbox 357 4216 472 4269; x_wconf 70' lang='lat' dir='ltr'><strong>quae</strong></span> <span class='ocrx_word' id='word_1_355' title='bbox 512 4201 564 4253; x_wconf 85' lang='lat' dir='ltr'><strong>in</strong></span> <span class='ocrx_word' id='word_1_356' title='bbox 603 4202 741 4255; x_wconf 84' lang='lat' dir='ltr'><strong>nobis</strong></span> <span class='ocrx_word' id='word_1_357' title='bbox 783 4211 892 4267; x_wconf 86' lang='lat' dir='ltr'><strong>est,</strong></span> <span class='ocrx_word' id='word_1_358' title='bbox 939 4217 1027 4269; x_wconf 82' lang='lat' dir='ltr'><strong>per</strong></span> <span class='ocrx_word' id='word_1_359' title='bbox 1066 4203 1248 4255; x_wconf 85' lang='lat' dir='ltr'><strong>multos</strong></span> <span class='ocrx_word' id='word_1_360' title='bbox 1278 4203 1455 4273; x_wconf 66' lang='lat' dir='ltr'><strong>gratia:</strong></span> <span class='ocrx_word' id='word_1_361' title='bbox 1481 4220 1573 4272; x_wconf 84' lang='lat' dir='ltr'><strong>pro</strong></span> <span class='ocrx_word' id='word_1_362' title='bbox 1600 4205 1739 4257; x_wconf 86' lang='lat' dir='ltr'><strong>nobis</strong></span> 
     </span>
    </p>
   </div>
   <div class='ocr_carea' id='block_1_44' title="bbox 170 4288 974 4361">
    <p class='ocr_par' dir='ltr' id='par_1_44' title="bbox 170 4288 974 4361">
     <span class='ocr_line' id='line_1_44' title="bbox 170 4288 974 4361; baseline 0.007 -22"><span class='ocrx_word' id='word_1_363' title='bbox 170 4300 382 4358; x_wconf 78' lang='lat' dir='ltr'><strong>agantur</strong></span> <span class='ocrx_word' id='word_1_364' title='bbox 408 4288 483 4361; x_wconf 75' lang='grc'><strong>(2.</strong></span> <span class='ocrx_word' id='word_1_365' title='bbox 516 4289 631 4343; x_wconf 81' lang='lat' dir='ltr'><strong>Cor.</strong></span> <span class='ocrx_word' id='word_1_366' title='bbox 666 4291 714 4343; x_wconf 89' lang='grc'><strong>1.</strong></span> <span class='ocrx_word' id='word_1_367' title='bbox 744 4290 828 4345; x_wconf 90' lang='grc'><strong>10.</strong></span> <span class='ocrx_word' id='word_1_368' title='bbox 861 4289 974 4360; x_wconf 86' lang='grc'><strong>11).</strong></span> 
     </span>
    </p>
   </div>
   <div class='ocr_carea' id='block_1_45' title="bbox 237 4379 1738 4451">
    <p class='ocr_par' dir='ltr' id='par_1_45' title="bbox 237 4379 1738 4451">
     <span class='ocr_line' id='line_1_45' title="bbox 237 4379 1738 4451; baseline 0.005 -19"><span class='ocrx_word' id='word_1_369' title='bbox 237 4379 417 4433; x_wconf 82' lang='lat' dir='ltr'><strong>Oratio</strong></span> <span class='ocrx_word' id='word_1_370' title='bbox 446 4380 778 4435; x_wconf 84' lang='lat' dir='ltr'><strong>multitudinis</strong></span> <span class='ocrx_word' id='word_1_371' title='bbox 796 4392 1038 4451; x_wconf 84' lang='lat' dir='ltr'><strong>quantum</strong></span> <span class='ocrx_word' id='word_1_372' title='bbox 1064 4384 1244 4437; x_wconf 78' lang='lat' dir='ltr'><strong>valeat.</strong></span> <span class='ocrx_word' id='word_1_373' title='bbox 1264 4412 1335 4424; x_wconf 89' lang='lat'>—</span> <span class='ocrx_word' id='word_1_374' title='bbox 1355 4383 1505 4451; x_wconf 86' lang='lat' dir='ltr'><strong>Quod</strong></span> <span class='ocrx_word' id='word_1_375' title='bbox 1531 4385 1574 4439; x_wconf 89' lang='lat' dir='ltr'><strong>si</strong></span> <span class='ocrx_word' id='word_1_376' title='bbox 1597 4386 1738 4439; x_wconf 79' lang='lat' dir='ltr'><strong>Pau-</strong></span> 
     </span>
    </p>
   </div>
   <div class='ocr_carea' id='block_1_46' title="bbox 168 4470 1735 4541">
    <p class='ocr_par' dir='ltr' id='par_1_46' title="bbox 168 4470 1735 4541">
     <span class='ocr_line' id='line_1_46' title="bbox 168 4470 1735 4541; baseline 0.005 -18"><span class='ocrx_word' id='word_1_377' title='bbox 168 4470 272 4524; x_wconf 90' lang='lat' dir='ltr'><strong>lum</strong></span> <span class='ocrx_word' id='word_1_378' title='bbox 310 4486 340 4525; x_wconf 89' lang='lat' dir='ltr'><strong>a</strong></span> <span class='ocrx_word' id='word_1_379' title='bbox 390 4472 641 4541; x_wconf 87' lang='lat' dir='ltr'><strong>periculis</strong></span> <span class='ocrx_word' id='word_1_380' title='bbox 686 4474 853 4528; x_wconf 90' lang='lat' dir='ltr'><strong>oratio</strong></span> <span class='ocrx_word' id='word_1_381' title='bbox 880 4475 1231 4529; x_wconf 87' lang='lat' dir='ltr'><strong>multitudinis</strong></span> <span class='ocrx_word' id='word_1_382' title='bbox 1255 4475 1531 4540; x_wconf 88' lang='lat' dir='ltr'><strong>liberavit,</strong></span> <span class='ocrx_word' id='word_1_383' title='bbox 1560 4492 1735 4531; x_wconf 90' lang='lat' dir='ltr'><strong>annon</strong></span> 
     </span>
    </p>
   </div>
   <div class='ocr_carea' id='block_1_47' title="bbox 165 4561 1735 4633">
    <p class='ocr_par' dir='ltr' id='par_1_47' title="bbox 165 4561 1735 4633">
     <span class='ocr_line' id='line_1_47' title="bbox 165 4561 1735 4633; baseline 0.004 -19"><span class='ocrx_word' id='word_1_384' title='bbox 165 4561 319 4616; x_wconf 85' lang='lat' dir='ltr'><strong>etiam</strong></span> <span class='ocrx_word' id='word_1_385' title='bbox 360 4577 392 4615; x_wconf 87' lang='lat' dir='ltr'><strong>a</strong></span> <span class='ocrx_word' id='word_1_386' title='bbox 436 4562 589 4617; x_wconf 89' lang='lat' dir='ltr'><strong>nobis</strong></span> <span class='ocrx_word' id='word_1_387' title='bbox 617 4563 907 4633; x_wconf 88' lang='lat' dir='ltr'><strong>exspectari</strong></span> <span class='ocrx_word' id='word_1_388' title='bbox 936 4579 1032 4633; x_wconf 91' lang='lat' dir='ltr'><strong>par</strong></span> <span class='ocrx_word' id='word_1_389' title='bbox 1058 4572 1171 4631; x_wconf 91' lang='lat' dir='ltr'><strong>est,</strong></span> <span class='ocrx_word' id='word_1_390' title='bbox 1202 4575 1258 4619; x_wconf 91' lang='lat' dir='ltr'><strong>ut</strong></span> <span class='ocrx_word' id='word_1_391' title='bbox 1288 4581 1351 4619; x_wconf 90' lang='lat' dir='ltr'><strong>ex</strong></span> <span class='ocrx_word' id='word_1_392' title='bbox 1378 4564 1477 4620; x_wconf 91' lang='lat' dir='ltr'><strong>hoc</strong></span> <span class='ocrx_word' id='word_1_393' title='bbox 1504 4567 1735 4621; x_wconf 89' lang='lat' dir='ltr'><strong>subsidio</strong></span> 
     </span>
    </p>
   </div>
   <div class='ocr_carea' id='block_1_48' title="bbox 163 4654 1736 4725">
    <p class='ocr_par' dir='ltr' id='par_1_48' title="bbox 163 4654 1736 4725">
     <span class='ocr_line' id='line_1_48' title="bbox 163 4654 1736 4725; baseline 0.004 -19"><span class='ocrx_word' id='word_1_394' title='bbox 163 4668 347 4724; x_wconf 87' lang='lat' dir='ltr'><strong>magna</strong></span> <span class='ocrx_word' id='word_1_395' title='bbox 372 4654 651 4710; x_wconf 89' lang='lat' dir='ltr'><strong>commoda</strong></span> <span class='ocrx_word' id='word_1_396' title='bbox 676 4670 1059 4725; x_wconf 84' lang='lat' dir='ltr'><strong>consequamur</strong></span> <span class='ocrx_word' id='word_1_397' title='bbox 1079 4658 1102 4709; x_wconf 65' lang='grc' dir='ltr'><em>ἲ</em></span> <span class='ocrx_word' id='word_1_398' title='bbox 1122 4656 1251 4710; x_wconf 88' lang='lat' dir='ltr'><strong>Cum</strong></span> <span class='ocrx_word' id='word_1_399' title='bbox 1279 4658 1419 4712; x_wconf 91' lang='lat' dir='ltr'><strong>enim</strong></span> <span class='ocrx_word' id='word_1_400' title='bbox 1450 4658 1640 4712; x_wconf 81' lang='lat' dir='ltr'><strong>inﬁrmi</strong></span> <span class='ocrx_word' id='word_1_401' title='bbox 1664 4658 1736 4712; x_wconf 86' lang='lat' dir='ltr'><strong>si-</strong></span> 
     </span>
    </p>
   </div>
   <div class='ocr_carea' id='block_1_49' title="bbox 163 4749 1735 4822">
    <p class='ocr_par' dir='ltr' id='par_1_49' title="bbox 163 4749 1735 4822">
     <span class='ocr_line' id='line_1_49' title="bbox 163 4749 1735 4822; baseline 0.005 -22"><span class='ocrx_word' id='word_1_402' title='bbox 163 4763 276 4803; x_wconf 89' lang='lat' dir='ltr'><strong>mus</strong></span> <span class='ocrx_word' id='word_1_403' title='bbox 295 4789 311 4816; x_wconf 94' lang='lat'><strong>,</strong></span> <span class='ocrx_word' id='word_1_404' title='bbox 358 4749 489 4804; x_wconf 91' lang='lat' dir='ltr'><strong>dum</strong></span> <span class='ocrx_word' id='word_1_405' title='bbox 517 4750 617 4804; x_wconf 89' lang='lat' dir='ltr'><strong>soli</strong></span> <span class='ocrx_word' id='word_1_406' title='bbox 654 4764 949 4820; x_wconf 90' lang='lat' dir='ltr'><strong>precamur,</strong></span> <span class='ocrx_word' id='word_1_407' title='bbox 980 4751 1068 4805; x_wconf 90' lang='lat' dir='ltr'><strong>ubi</strong></span> <span class='ocrx_word' id='word_1_408' title='bbox 1090 4767 1215 4806; x_wconf 88' lang='lat' dir='ltr'><strong>vero</strong></span> <span class='ocrx_word' id='word_1_409' title='bbox 1240 4754 1542 4822; x_wconf 85' lang='lat' dir='ltr'><strong>congregati</strong></span> <span class='ocrx_word' id='word_1_410' title='bbox 1572 4753 1735 4808; x_wconf 81' lang='lat' dir='ltr'><strong>fueri-</strong></span> 
     </span>
    </p>
   </div>
   <div class='ocr_carea' id='block_1_50' title="bbox 161 4839 1731 4906">
    <p class='ocr_par' dir='ltr' id='par_1_50' title="bbox 161 4839 1731 4906">
     <span class='ocr_line' id='line_1_50' title="bbox 161 4839 1731 4906; baseline 0.005 -16"><span class='ocrx_word' id='word_1_411' title='bbox 161 4854 275 4893; x_wconf 91' lang='lat' dir='ltr'><strong>mus</strong></span> <span class='ocrx_word' id='word_1_412' title='bbox 308 4880 323 4903; x_wconf 91' lang='lat'><strong>,</strong></span> <span class='ocrx_word' id='word_1_413' title='bbox 385 4839 758 4906; x_wconf 88' lang='lat' dir='ltr'><strong>robustiores,</strong></span> <span class='ocrx_word' id='word_1_414' title='bbox 810 4840 1144 4896; x_wconf 89' lang='lat' dir='ltr'><strong>multitudine</strong></span> <span class='ocrx_word' id='word_1_415' title='bbox 1195 4857 1257 4897; x_wconf 89' lang='lat' dir='ltr'><strong>ac</strong></span> <span class='ocrx_word' id='word_1_416' title='bbox 1302 4844 1553 4898; x_wconf 88' lang='lat' dir='ltr'><strong>societate</strong></span> <span class='ocrx_word' id='word_1_417' title='bbox 1604 4844 1731 4898; x_wconf 91' lang='lat' dir='ltr'><strong>inita</strong></span> 
     </span>
    </p>
   </div>
   <div class='ocr_carea' id='block_1_51' title="bbox 160 4930 1731 5006">
    <p class='ocr_par' dir='ltr' id='par_1_51' title="bbox 160 4930 1731 5006">
     <span class='ocr_line' id='line_1_51' title="bbox 160 4930 1731 5006; baseline 0.004 -22"><span class='ocrx_word' id='word_1_418' title='bbox 160 4930 320 4986; x_wconf 86' lang='lat' dir='ltr'><strong>Deum</strong></span> <span class='ocrx_word' id='word_1_419' title='bbox 352 4946 657 4986; x_wconf 78' lang='lat' dir='ltr'><strong>exoramus.</strong></span> <span class='ocrx_word' id='word_1_420' title='bbox 684 4930 771 4987; x_wconf 91' lang='lat' dir='ltr'><strong>Sic</strong></span> <span class='ocrx_word' id='word_1_421' title='bbox 792 4934 949 4987; x_wconf 90' lang='lat' dir='ltr'><strong>etiam</strong></span> <span class='ocrx_word' id='word_1_422' title='bbox 980 4949 1073 4988; x_wconf 84' lang='lat' dir='ltr'><strong>rex</strong></span> <span class='ocrx_word' id='word_1_423' title='bbox 1099 4949 1241 5003; x_wconf 66' lang='lat' dir='ltr'><strong>saepe</strong></span> <span class='ocrx_word' id='word_1_424' title='bbox 1269 4949 1389 4989; x_wconf 90' lang='lat' dir='ltr'><strong>cum</strong></span> <span class='ocrx_word' id='word_1_425' title='bbox 1413 4937 1638 5006; x_wconf 86' lang='lat' dir='ltr'><strong>aliquem</strong></span> <span class='ocrx_word' id='word_1_426' title='bbox 1664 4936 1731 4991; x_wconf 91' lang='lat' dir='ltr'><strong>ad</strong></span> 
     </span>
    </p>
   </div>
   <div class='ocr_carea' id='block_1_52' title="bbox 158 5023 1731 5096">
    <p class='ocr_par' dir='ltr' id='par_1_52' title="bbox 158 5023 1731 5096">
     <span class='ocr_line' id='line_1_52' title="bbox 158 5023 1731 5096; baseline 0.004 -21"><span class='ocrx_word' id='word_1_427' title='bbox 158 5034 384 5079; x_wconf 88' lang='lat' dir='ltr'><strong>mortem</strong></span> <span class='ocrx_word' id='word_1_428' title='bbox 426 5023 725 5091; x_wconf 88' lang='lat' dir='ltr'><strong>damnarit,</strong></span> <span class='ocrx_word' id='word_1_429' title='bbox 773 5024 860 5078; x_wconf 92' lang='lat' dir='ltr'><strong>uni</strong></span> <span class='ocrx_word' id='word_1_430' title='bbox 899 5025 1108 5095; x_wconf 91' lang='lat' dir='ltr'><strong>quidem</strong></span> <span class='ocrx_word' id='word_1_431' title='bbox 1153 5028 1321 5081; x_wconf 90' lang='lat' dir='ltr'><strong>oranti</strong></span> <span class='ocrx_word' id='word_1_432' title='bbox 1361 5043 1457 5096; x_wconf 89' lang='lat' dir='ltr'><strong>pro</strong></span> <span class='ocrx_word' id='word_1_433' title='bbox 1483 5028 1731 5082; x_wconf 89' lang='lat' dir='ltr'><strong>damnato</strong></span> 
     </span>
    </p>
   </div>
   <div class='ocr_carea' id='block_1_53' title="bbox 158 5113 1731 5186">
    <p class='ocr_par' dir='ltr' id='par_1_53' title="bbox 158 5113 1731 5186">
     <span class='ocr_line' id='line_1_53' title="bbox 158 5113 1731 5186; baseline 0.004 -21"><span class='ocrx_word' id='word_1_434' title='bbox 158 5127 257 5167; x_wconf 93' lang='lat' dir='ltr'><strong>non</strong></span> <span class='ocrx_word' id='word_1_435' title='bbox 306 5113 532 5178; x_wconf 89' lang='lat' dir='ltr'><strong>annuit,</strong></span> <span class='ocrx_word' id='word_1_436' title='bbox 580 5114 647 5168; x_wconf 91' lang='lat' dir='ltr'><strong>ab</strong></span> <span class='ocrx_word' id='word_1_437' title='bbox 693 5115 893 5185; x_wconf 88' lang='lat' dir='ltr'><strong>integra</strong></span> <span class='ocrx_word' id='word_1_438' title='bbox 919 5130 1045 5170; x_wconf 90' lang='lat' dir='ltr'><strong>vero</strong></span> <span class='ocrx_word' id='word_1_439' title='bbox 1070 5114 1280 5171; x_wconf 87' lang='lat' dir='ltr'><strong>civitate</strong></span> <span class='ocrx_word' id='word_1_440' title='bbox 1308 5116 1626 5186; x_wconf 90' lang='lat' dir='ltr'><strong>deprecante</strong></span> <span class='ocrx_word' id='word_1_441' title='bbox 1654 5118 1731 5171; x_wconf 78' lang='lat' dir='ltr'><strong>fa-</strong></span> 
     </span>
    </p>
   </div>
   <div class='ocr_carea' id='block_1_54' title="bbox 155 5203 1731 5275">
    <p class='ocr_par' dir='ltr' id='par_1_54' title="bbox 155 5203 1731 5275">
     <span class='ocr_line' id='line_1_54' title="bbox 155 5203 1731 5275; baseline 0.005 -20"><span class='ocrx_word' id='word_1_442' title='bbox 155 5203 256 5257; x_wconf 91' lang='lat' dir='ltr'><strong>cile</strong></span> <span class='ocrx_word' id='word_1_443' title='bbox 299 5214 556 5257; x_wconf 79' lang='lat' dir='ltr'><strong>exoratur</strong></span> <span class='ocrx_word' id='word_1_444' title='bbox 580 5244 595 5269; x_wconf 93' lang='lat'><strong>,</strong></span> <span class='ocrx_word' id='word_1_445' title='bbox 634 5219 861 5273; x_wconf 88' lang='lat' dir='ltr'><strong>eumque</strong></span> <span class='ocrx_word' id='word_1_446' title='bbox 898 5206 987 5275; x_wconf 91' lang='lat' dir='ltr'><strong>qui</strong></span> <span class='ocrx_word' id='word_1_447' title='bbox 1014 5205 1079 5260; x_wconf 90' lang='lat' dir='ltr'><strong>ad</strong></span> <span class='ocrx_word' id='word_1_448' title='bbox 1104 5206 1407 5261; x_wconf 85' lang='lat' dir='ltr'><strong>barathrum</strong></span> <span class='ocrx_word' id='word_1_449' title='bbox 1435 5208 1731 5263; x_wconf 86' lang='lat' dir='ltr'><strong>abduceba-</strong></span> 
     </span>
    </p>
   </div>
   <div class='ocr_carea' id='block_1_55' title="bbox 155 5295 1724 5369">
    <p class='ocr_par' dir='ltr' id='par_1_55' title="bbox 155 5295 1724 5369">
     <span class='ocr_line' id='line_1_55' title="bbox 155 5295 1724 5369; baseline 0.005 -23"><span class='ocrx_word' id='word_1_450' title='bbox 155 5303 256 5357; x_wconf 90' lang='lat' dir='ltr'><strong>tur,</strong></span> <span class='ocrx_word' id='word_1_451' title='bbox 283 5295 355 5350; x_wconf 93' lang='lat' dir='ltr'><strong>ob</strong></span> <span class='ocrx_word' id='word_1_452' title='bbox 376 5295 781 5365; x_wconf 80' lang='lat' dir='ltr'><strong>deprecaturum</strong></span> <span class='ocrx_word' id='word_1_453' title='bbox 808 5298 1194 5353; x_wconf 89' lang='lat' dir='ltr'><strong>multitudinem</strong></span> <span class='ocrx_word' id='word_1_454' title='bbox 1216 5300 1475 5369; x_wconf 90' lang='lat' dir='ltr'><strong>supplicio</strong></span> <span class='ocrx_word' id='word_1_455' title='bbox 1504 5301 1685 5355; x_wconf 89' lang='lat' dir='ltr'><strong>eximit</strong></span> <span class='ocrx_word' id='word_1_456' title='bbox 1709 5342 1724 5368; x_wconf 95' lang='lat'><strong>,</strong></span> 
     </span>
    </p>
   </div>
   <div class='ocr_carea' id='block_1_56' title="bbox 153 5388 1728 5457">
    <p class='ocr_par' dir='ltr' id='par_1_56' title="bbox 153 5388 1728 5457">
     <span class='ocr_line' id='line_1_56' title="bbox 153 5388 1728 5457; baseline 0.004 -18"><span class='ocrx_word' id='word_1_457' title='bbox 153 5397 309 5457; x_wconf 89' lang='lat' dir='ltr'><strong>atque</strong></span> <span class='ocrx_word' id='word_1_458' title='bbox 340 5388 409 5443; x_wconf 87' lang='lat' dir='ltr'><strong>ad</strong></span> <span class='ocrx_word' id='word_1_459' title='bbox 443 5388 601 5441; x_wconf 89' lang='lat' dir='ltr'><strong>vitam</strong></span> <span class='ocrx_word' id='word_1_460' title='bbox 632 5388 853 5443; x_wconf 88' lang='lat' dir='ltr'><strong>reducit.</strong></span> <span class='ocrx_word' id='word_1_461' title='bbox 885 5390 1051 5444; x_wconf 88' lang='lat' dir='ltr'><strong>Tanta</strong></span> <span class='ocrx_word' id='word_1_462' title='bbox 1074 5392 1153 5444; x_wconf 89' lang='lat' dir='ltr'><strong>vis</strong></span> <span class='ocrx_word' id='word_1_463' title='bbox 1173 5401 1253 5445; x_wconf 90' lang='lat' dir='ltr'><strong>est</strong></span> <span class='ocrx_word' id='word_1_464' title='bbox 1276 5390 1532 5445; x_wconf 89' lang='lat' dir='ltr'><strong>orationis</strong></span> <span class='ocrx_word' id='word_1_465' title='bbox 1552 5392 1728 5445; x_wconf 84' lang='lat' dir='ltr'><strong>multi-</strong></span> 
     </span>
    </p>
   </div>
   <div class='ocr_carea' id='block_1_57' title="bbox 156 5480 1727 5551">
    <p class='ocr_par' dir='ltr' id='par_1_57' title="bbox 156 5480 1727 5551">
     <span class='ocr_line' id='line_1_57' title="bbox 156 5480 1727 5551; baseline 0.004 -18"><span class='ocrx_word' id='word_1_466' title='bbox 156 5482 375 5535; x_wconf 88' lang='lat' dir='ltr'><strong>tudinis.</strong></span> <span class='ocrx_word' id='word_1_467' title='bbox 422 5480 626 5535; x_wconf 85' lang='lat' dir='ltr'><strong>Idcirco</strong></span> <span class='ocrx_word' id='word_1_468' title='bbox 663 5481 819 5536; x_wconf 90' lang='lat' dir='ltr'><strong>etiam</strong></span> <span class='ocrx_word' id='word_1_469' title='bbox 858 5481 1154 5551; x_wconf 87' lang='lat' dir='ltr'><strong>colligimur</strong></span> <span class='ocrx_word' id='word_1_470' title='bbox 1182 5493 1234 5537; x_wconf 91' lang='lat' dir='ltr'><strong>et</strong></span> <span class='ocrx_word' id='word_1_471' title='bbox 1259 5484 1601 5537; x_wconf 89' lang='lat' dir='ltr'><strong>convenimus</strong></span> <span class='ocrx_word' id='word_1_472' title='bbox 1626 5486 1727 5539; x_wconf 92' lang='lat' dir='ltr'><strong>huc</strong></span> 
     </span>
    </p>
   </div>
   <div class='ocr_carea' id='block_1_58' title="bbox 155 5569 1726 5633">
    <p class='ocr_par' dir='ltr' id='par_1_58' title="bbox 155 5569 1726 5633">
     <span class='ocr_line' id='line_1_58' title="bbox 155 5569 1726 5633; baseline 0.004 -12"><span class='ocrx_word' id='word_1_473' title='bbox 155 5584 339 5625; x_wconf 89' lang='lat' dir='ltr'><strong>omnes</strong></span> <span class='ocrx_word' id='word_1_474' title='bbox 362 5612 377 5633; x_wconf 93' lang='lat'><strong>,</strong></span> <span class='ocrx_word' id='word_1_475' title='bbox 436 5579 491 5623; x_wconf 93' lang='lat' dir='ltr'><strong>ut</strong></span> <span class='ocrx_word' id='word_1_476' title='bbox 518 5569 878 5625; x_wconf 83' lang='lat' dir='ltr'><strong>vehementius</strong></span> <span class='ocrx_word' id='word_1_477' title='bbox 914 5571 1077 5625; x_wconf 90' lang='lat' dir='ltr'><strong>Deum</strong></span> <span class='ocrx_word' id='word_1_478' title='bbox 1103 5572 1169 5624; x_wconf 90' lang='lat' dir='ltr'><strong>ad</strong></span> <span class='ocrx_word' id='word_1_479' title='bbox 1198 5572 1608 5626; x_wconf 90' lang='lat' dir='ltr'><strong>misericordiam</strong></span> <span class='ocrx_word' id='word_1_480' title='bbox 1633 5574 1726 5628; x_wconf 82' lang='lat' dir='ltr'><strong>lle-</strong></span> 
     </span>
    </p>
   </div>
   <div class='ocr_carea' id='block_1_59' title="bbox 152 5657 1721 5727">
    <p class='ocr_par' dir='ltr' id='par_1_59' title="bbox 152 5657 1721 5727">
     <span class='ocr_line' id='line_1_59' title="bbox 152 5657 1721 5727; baseline 0.004 -15"><span class='ocrx_word' id='word_1_481' title='bbox 152 5668 377 5713; x_wconf 91' lang='lat' dir='ltr'><strong>ctamus.</strong></span> <span class='ocrx_word' id='word_1_482' title='bbox 412 5657 543 5713; x_wconf 81' lang='lat' dir='ltr'><strong>Nam</strong></span> <span class='ocrx_word' id='word_1_483' title='bbox 572 5675 691 5714; x_wconf 92' lang='lat' dir='ltr'><strong>cum</strong></span> <span class='ocrx_word' id='word_1_484' title='bbox 713 5669 923 5714; x_wconf 88' lang='lat' dir='ltr'><strong>orantes</strong></span> <span class='ocrx_word' id='word_1_485' title='bbox 942 5661 1072 5727; x_wconf 92' lang='lat' dir='ltr'><strong>soli,</strong></span> <span class='ocrx_word' id='word_1_486' title='bbox 1098 5670 1154 5715; x_wconf 92' lang='lat' dir='ltr'><strong>ut</strong></span> <span class='ocrx_word' id='word_1_487' title='bbox 1173 5671 1293 5715; x_wconf 89' lang='lat' dir='ltr'><strong>ante</strong></span> <span class='ocrx_word' id='word_1_488' title='bbox 1320 5662 1424 5716; x_wconf 85' lang='lat' dir='ltr'><strong>dixi</strong></span> <span class='ocrx_word' id='word_1_489' title='bbox 1450 5704 1463 5723; x_wconf 87' lang='lat'><strong>,</strong></span> <span class='ocrx_word' id='word_1_490' title='bbox 1485 5663 1721 5718; x_wconf 86' lang='lat' dir='ltr'><strong>imbecil-</strong></span> 
     </span>
    </p>
   </div>
   <div class='ocr_carea' id='block_1_60' title="bbox 153 5748 1719 5819">
    <p class='ocr_par' dir='ltr' id='par_1_60' title="bbox 153 5748 1719 5819">
     <span class='ocr_line' id='line_1_60' title="bbox 153 5748 1719 5819; baseline 0.005 -17"><span class='ocrx_word' id='word_1_491' title='bbox 153 5748 229 5803; x_wconf 83' lang='lat' dir='ltr'><strong>les</strong></span> <span class='ocrx_word' id='word_1_492' title='bbox 268 5751 442 5805; x_wconf 88' lang='lat' dir='ltr'><strong>simus</strong></span> <span class='ocrx_word' id='word_1_493' title='bbox 464 5790 479 5815; x_wconf 95' lang='lat'><strong>,</strong></span> <span class='ocrx_word' id='word_1_494' title='bbox 523 5765 617 5819; x_wconf 84' lang='lat' dir='ltr'><strong>per</strong></span> <span class='ocrx_word' id='word_1_495' title='bbox 640 5751 1060 5818; x_wconf 75' lang='lat' dir='ltr'><strong>coniunctionem</strong></span> <span class='ocrx_word' id='word_1_496' title='bbox 1086 5753 1317 5809; x_wconf 89' lang='lat' dir='ltr'><strong>caritatis</strong></span> <span class='ocrx_word' id='word_1_497' title='bbox 1342 5754 1503 5809; x_wconf 88' lang='lat' dir='ltr'><strong>Deum</strong></span> <span class='ocrx_word' id='word_1_498' title='bbox 1534 5770 1719 5811; x_wconf 78' lang='lat' dir='ltr'><strong>exul-a-</strong></span> 
     </span>
    </p>
   </div>
   <div class='ocr_carea' id='block_1_61' title="bbox 1176 357 2457 419">
    <p class='ocr_par' dir='ltr' id='par_1_61' title="bbox 1176 357 2457 419">
     <span class='ocr_line' id='line_1_61' title="bbox 1176 357 2457 419; baseline 0.002 -3"><span class='ocrx_word' id='word_1_499' title='bbox 1176 359 1261 416; x_wconf 84' lang='lat' dir='ltr'><strong>DE</strong></span> <span class='ocrx_word' id='word_1_500' title='bbox 1300 357 1833 417; x_wconf 76' lang='lat' dir='ltr'><strong>PROPHETIARUM</strong></span> <span class='ocrx_word' id='word_1_501' title='bbox 1860 358 2351 417; x_wconf 76' lang='lat' dir='ltr'><strong>OBSCURITATE.</strong></span> <span class='ocrx_word' id='word_1_502' title='bbox 2395 362 2457 419; x_wconf 88' lang='lat' dir='ltr'><strong>ll.</strong></span> 
     </span>
    </p>
   </div>
   <div class='ocr_carea' id='block_1_62' title="bbox 3355 371 3468 427">
    <p class='ocr_par' dir='ltr' id='par_1_62' title="bbox 3355 371 3468 427">
     <span class='ocr_line' id='line_1_62' title="bbox 3355 371 3468 427; baseline 0 -1"><span class='ocrx_word' id='word_1_503' title='bbox 3355 371 3468 427; x_wconf 89' lang='lat'><strong>182</strong></span> 
     </span>
    </p>
   </div>
   <div class='ocr_carea' id='block_1_63' title="bbox 1884 475 3460 546">
    <p class='ocr_par' dir='ltr' id='par_1_63' title="bbox 1884 475 3460 546">
     <span class='ocr_line' id='line_1_63' title="bbox 1884 475 3460 546; baseline 0.006 -20"><span class='ocrx_word' id='word_1_504' title='bbox 1884 487 2037 539; x_wconf 89' lang='lat' dir='ltr'><strong>mus,</strong></span> <span class='ocrx_word' id='word_1_505' title='bbox 2079 482 2138 529; x_wconf 93' lang='lat' dir='ltr'><strong>ut</strong></span> <span class='ocrx_word' id='word_1_506' title='bbox 2174 475 2324 529; x_wconf 91' lang='lat' dir='ltr'><strong>nobis</strong></span> <span class='ocrx_word' id='word_1_507' title='bbox 2353 476 2614 546; x_wconf 87' lang='lat' dir='ltr'><strong>postulata</strong></span> <span class='ocrx_word' id='word_1_508' title='bbox 2639 478 2918 534; x_wconf 89' lang='lat' dir='ltr'><strong>concedat.</strong></span> <span class='ocrx_word' id='word_1_509' title='bbox 2950 478 3075 535; x_wconf 74' lang='lat' dir='ltr'><strong>Haec</strong></span> <span class='ocrx_word' id='word_1_510' title='bbox 3093 494 3223 535; x_wconf 84' lang='lat' dir='ltr'><strong>vero</strong></span> <span class='ocrx_word' id='word_1_511' title='bbox 3250 494 3355 535; x_wconf 93' lang='lat' dir='ltr'><strong>non</strong></span> <span class='ocrx_word' id='word_1_512' title='bbox 3379 489 3460 537; x_wconf 85' lang='lat' dir='ltr'><strong>te-</strong></span> 
     </span>
    </p>
   </div>
   <div class='ocr_carea' id='block_1_64' title="bbox 1882 566 3460 640">
    <p class='ocr_par' dir='ltr' id='par_1_64' title="bbox 1882 566 3460 640">
     <span class='ocr_line' id='line_1_64' title="bbox 1882 566 3460 640; baseline 0.006 -24"><span class='ocrx_word' id='word_1_513' title='bbox 1882 575 2030 617; x_wconf 85' lang='lat' dir='ltr'><strong>mere</strong></span> <span class='ocrx_word' id='word_1_514' title='bbox 2056 579 2085 618; x_wconf 88' lang='lat' dir='ltr'><strong>a</strong></span> <span class='ocrx_word' id='word_1_515' title='bbox 2112 580 2197 619; x_wconf 91' lang='lat' dir='ltr'><strong>me</strong></span> <span class='ocrx_word' id='word_1_516' title='bbox 2226 566 2567 634; x_wconf 80' lang='lat' dir='ltr'><strong>proferuntur</strong></span> <span class='ocrx_word' id='word_1_517' title='bbox 2587 609 2601 634; x_wconf 94' lang='lat'><strong>,</strong></span> <span class='ocrx_word' id='word_1_518' title='bbox 2627 584 2798 639; x_wconf 90' lang='lat' dir='ltr'><strong>neque</strong></span> <span class='ocrx_word' id='word_1_519' title='bbox 2830 578 3045 639; x_wconf 88' lang='lat' dir='ltr'><strong>propter</strong></span> <span class='ocrx_word' id='word_1_520' title='bbox 3067 572 3322 640; x_wconf 84' lang='lat' dir='ltr'><strong>meipsum</strong></span> <span class='ocrx_word' id='word_1_521' title='bbox 3344 579 3460 625; x_wconf 58' lang='lat' dir='ltr'><strong>tan.</strong></span> 
     </span>
    </p>
   </div>
   <div class='ocr_carea' id='block_1_65' title="bbox 1883 656 3458 731">
    <p class='ocr_par' dir='ltr' id='par_1_65' title="bbox 1883 656 3458 731">
     <span class='ocr_line' id='line_1_65' title="bbox 1883 656 3458 731; baseline 0.008 -25"><span class='ocrx_word' id='word_1_522' title='bbox 1883 660 1993 707; x_wconf 92' lang='lat' dir='ltr'><strong>tum</strong></span> <span class='ocrx_word' id='word_1_523' title='bbox 2019 695 2034 721; x_wconf 91' lang='lat'><strong>,</strong></span> <span class='ocrx_word' id='word_1_524' title='bbox 2076 656 2169 710; x_wconf 85' lang='lat' dir='ltr'><strong>sed</strong></span> <span class='ocrx_word' id='word_1_525' title='bbox 2216 668 2272 711; x_wconf 91' lang='lat' dir='ltr'><strong>ut</strong></span> <span class='ocrx_word' id='word_1_526' title='bbox 2298 672 2510 727; x_wconf 90' lang='lat' dir='ltr'><strong>semper</strong></span> <span class='ocrx_word' id='word_1_527' title='bbox 2530 662 2594 715; x_wconf 89' lang='lat' dir='ltr'><strong>ad</strong></span> <span class='ocrx_word' id='word_1_528' title='bbox 2625 661 2873 717; x_wconf 89' lang='lat' dir='ltr'><strong>collectas</strong></span> <span class='ocrx_word' id='word_1_529' title='bbox 2896 664 3187 731; x_wconf 89' lang='lat' dir='ltr'><strong>properetis</strong></span> <span class='ocrx_word' id='word_1_530' title='bbox 3211 704 3226 727; x_wconf 92' lang='lat'><strong>,</strong></span> <span class='ocrx_word' id='word_1_531' title='bbox 3253 678 3349 719; x_wconf 82' lang='lat' dir='ltr'><strong>nec</strong></span> <span class='ocrx_word' id='word_1_532' title='bbox 3371 664 3458 719; x_wconf 78' lang='lat' dir='ltr'><strong>di-</strong></span> 
     </span>
    </p>
   </div>
   <div class='ocr_carea' id='block_1_66' title="bbox 1881 744 3456 822">
    <p class='ocr_par' dir='ltr' id='par_1_66' title="bbox 1881 744 3456 822">
     <span class='ocr_line' id='line_1_66' title="bbox 1881 744 3456 822; baseline 0.009 -26"><span class='ocrx_word' id='word_1_533' title='bbox 1881 744 2013 798; x_wconf 88' lang='lat' dir='ltr'><strong>catis</strong></span> <span class='ocrx_word' id='word_1_534' title='bbox 2060 760 2073 800; x_wconf 91' lang='lat'><strong>:</strong></span> <span class='ocrx_word' id='word_1_535' title='bbox 2121 748 2309 802; x_wconf 80' lang='lat' dir='ltr'><strong>Annon</strong></span> <span class='ocrx_word' id='word_1_536' title='bbox 2355 749 2498 804; x_wconf 90' lang='lat' dir='ltr'><strong>enim</strong></span> <span class='ocrx_word' id='word_1_537' title='bbox 2546 766 2703 807; x_wconf 84' lang='lat' dir='ltr'><strong>orare</strong></span> <span class='ocrx_word' id='word_1_538' title='bbox 2740 752 2883 807; x_wconf 92' lang='lat' dir='ltr'><strong>domi</strong></span> <span class='ocrx_word' id='word_1_539' title='bbox 2923 754 3187 822; x_wconf 79' lang='lat' dir='ltr'><strong>possum?</strong></span> <span class='ocrx_word' id='word_1_540' title='bbox 3216 754 3372 811; x_wconf 82' lang='lat' dir='ltr'><strong>Potes</strong></span> <span class='ocrx_word' id='word_1_541' title='bbox 3402 766 3456 810; x_wconf 88' lang='lat' dir='ltr'><strong>tu</strong></span> 
     </span>
    </p>
   </div>
   <div class='ocr_carea' id='block_1_67' title="bbox 1880 837 3454 911">
    <p class='ocr_par' dir='ltr' id='par_1_67' title="bbox 1880 837 3454 911">
     <span class='ocr_line' id='line_1_67' title="bbox 1880 837 3454 911; baseline 0.006 -22"><span class='ocrx_word' id='word_1_542' title='bbox 1880 837 2091 906; x_wconf 89' lang='lat' dir='ltr'><strong>quidem</strong></span> <span class='ocrx_word' id='word_1_543' title='bbox 2115 853 2270 894; x_wconf 86' lang='lat' dir='ltr'><strong>orare</strong></span> <span class='ocrx_word' id='word_1_544' title='bbox 2291 881 2307 906; x_wconf 96' lang='lat'><strong>,</strong></span> <span class='ocrx_word' id='word_1_545' title='bbox 2336 840 2429 895; x_wconf 89' lang='lat' dir='ltr'><strong>sed</strong></span> <span class='ocrx_word' id='word_1_546' title='bbox 2461 850 2657 897; x_wconf 86' lang='lat' dir='ltr'><strong>tantam</strong></span> <span class='ocrx_word' id='word_1_547' title='bbox 2685 843 2932 898; x_wconf 80' lang='lat' dir='ltr'><strong>virtutem</strong></span> <span class='ocrx_word' id='word_1_548' title='bbox 2960 858 3063 899; x_wconf 90' lang='lat' dir='ltr'><strong>non</strong></span> <span class='ocrx_word' id='word_1_549' title='bbox 3086 845 3243 900; x_wconf 83' lang='lat' dir='ltr'><strong>habet</strong></span> <span class='ocrx_word' id='word_1_550' title='bbox 3262 846 3454 911; x_wconf 81' lang='lat' dir='ltr'><strong>oratio,</strong></span> 
     </span>
    </p>
   </div>
   <div class='ocr_carea' id='block_1_68' title="bbox 1878 929 3453 1003">
    <p class='ocr_par' dir='ltr' id='par_1_68' title="bbox 1878 929 3453 1003">
     <span class='ocr_line' id='line_1_68' title="bbox 1878 929 3453 1003; baseline 0.006 -23"><span class='ocrx_word' id='word_1_551' title='bbox 1878 941 2035 995; x_wconf 90' lang='lat' dir='ltr'><strong>quam</strong></span> <span class='ocrx_word' id='word_1_552' title='bbox 2061 929 2147 983; x_wconf 91' lang='lat' dir='ltr'><strong>ubi</strong></span> <span class='ocrx_word' id='word_1_553' title='bbox 2170 944 2289 983; x_wconf 92' lang='lat' dir='ltr'><strong>eum</strong></span> <span class='ocrx_word' id='word_1_554' title='bbox 2322 932 2548 1001; x_wconf 84' lang='lat' dir='ltr'><strong>prepriis</strong></span> <span class='ocrx_word' id='word_1_555' title='bbox 2572 934 2824 988; x_wconf 86' lang='lat' dir='ltr'><strong>membris</strong></span> <span class='ocrx_word' id='word_1_556' title='bbox 2847 932 2905 987; x_wconf 83' lang='lat' dir='ltr'><strong>lit</strong></span> <span class='ocrx_word' id='word_1_557' title='bbox 2922 975 2938 1000; x_wconf 94' lang='lat'><strong>,</strong></span> <span class='ocrx_word' id='word_1_558' title='bbox 2960 949 3115 1003; x_wconf 90' lang='lat' dir='ltr'><strong>quam</strong></span> <span class='ocrx_word' id='word_1_559' title='bbox 3141 949 3260 990; x_wconf 88' lang='lat' dir='ltr'><strong>eum</strong></span> <span class='ocrx_word' id='word_1_560' title='bbox 3285 944 3453 989; x_wconf 91' lang='lat' dir='ltr'><strong>totum</strong></span> 
     </span>
    </p>
   </div>
   <div class='ocr_carea' id='block_1_69' title="bbox 1877 1018 3453 1094">
    <p class='ocr_par' dir='ltr' id='par_1_69' title="bbox 1877 1018 3453 1094">
     <span class='ocr_line' id='line_1_69' title="bbox 1877 1018 3453 1094; baseline 0.004 -23"><span class='ocrx_word' id='word_1_561' title='bbox 1877 1031 2070 1086; x_wconf 89' lang='lat' dir='ltr'><strong>corpus</strong></span> <span class='ocrx_word' id='word_1_562' title='bbox 2112 1018 2362 1074; x_wconf 85' lang='lat' dir='ltr'><strong>Ecclesiae</strong></span> <span class='ocrx_word' id='word_1_563' title='bbox 2404 1022 2726 1076; x_wconf 89' lang='lat' dir='ltr'><strong>unanimiter</strong></span> <span class='ocrx_word' id='word_1_564' title='bbox 2761 1032 2815 1077; x_wconf 92' lang='lat' dir='ltr'><strong>et</strong></span> <span class='ocrx_word' id='word_1_565' title='bbox 2842 1039 2943 1077; x_wconf 90' lang='lat' dir='ltr'><strong>una</strong></span> <span class='ocrx_word' id='word_1_566' title='bbox 2967 1039 3096 1079; x_wconf 90' lang='lat' dir='ltr'><strong>voce</strong></span> <span class='ocrx_word' id='word_1_567' title='bbox 3120 1040 3304 1094; x_wconf 87' lang='lat' dir='ltr'><strong>preces</strong></span> <span class='ocrx_word' id='word_1_568' title='bbox 3329 1026 3453 1080; x_wconf 77' lang='lat' dir='ltr'><strong>fun-</strong></span> 
     </span>
    </p>
   </div>
   <div class='ocr_carea' id='block_1_70' title="bbox 1877 1106 3453 1180">
    <p class='ocr_par' dir='ltr' id='par_1_70' title="bbox 1877 1106 3453 1180">
     <span class='ocr_line' id='line_1_70' title="bbox 1877 1106 3453 1180; baseline 0.006 -20"><span class='ocrx_word' id='word_1_569' title='bbox 1877 1106 1994 1172; x_wconf 90' lang='lat' dir='ltr'><strong>dit,</strong></span> <span class='ocrx_word' id='word_1_570' title='bbox 2044 1109 2404 1165; x_wconf 87' lang='lat' dir='ltr'><strong>sacerdotibus</strong></span> <span class='ocrx_word' id='word_1_571' title='bbox 2446 1112 2828 1180; x_wconf 71' lang='lat' dir='ltr'><strong>przesentibus,</strong></span> <span class='ocrx_word' id='word_1_572' title='bbox 2868 1128 2931 1169; x_wconf 87' lang='lat' dir='ltr'><strong>ac</strong></span> <span class='ocrx_word' id='word_1_573' title='bbox 2970 1115 3131 1170; x_wconf 87' lang='lat' dir='ltr'><strong>verba</strong></span> <span class='ocrx_word' id='word_1_574' title='bbox 3156 1116 3453 1170; x_wconf 89' lang='lat' dir='ltr'><strong>communis</strong></span> 
     </span>
    </p>
   </div>
   <div class='ocr_carea' id='block_1_71' title="bbox 1876 1199 2432 1255">
    <p class='ocr_par' dir='ltr' id='par_1_71' title="bbox 1876 1199 2432 1255">
     <span class='ocr_line' id='line_1_71' title="bbox 1876 1199 2432 1255; baseline 0.009 -5"><span class='ocrx_word' id='word_1_575' title='bbox 1876 1207 2044 1251; x_wconf 64' lang='lat' dir='ltr'><strong>curtus</strong></span> <span class='ocrx_word' id='word_1_576' title='bbox 2066 1199 2432 1255; x_wconf 74' lang='lat' dir='ltr'><strong>offerentibus.</strong></span> 
     </span>
    </p>
   </div>
   <div class='ocr_carea' id='block_1_72' title="bbox 1944 1288 3440 1365">
    <p class='ocr_par' dir='ltr' id='par_1_72' title="bbox 1944 1288 3440 1365">
     <span class='ocr_line' id='line_1_72' title="bbox 1944 1288 3440 1365; baseline 0.006 -23"><span class='ocrx_word' id='word_1_577' title='bbox 1944 1288 1997 1342; x_wconf 88' lang='lat'><strong>5.</strong></span> <span class='ocrx_word' id='word_1_578' title='bbox 2031 1289 2189 1345; x_wconf 86' lang='lat' dir='ltr'><strong>Visne</strong></span> <span class='ocrx_word' id='word_1_579' title='bbox 2212 1292 2418 1346; x_wconf 90' lang='lat' dir='ltr'><strong>discere</strong></span> <span class='ocrx_word' id='word_1_580' title='bbox 2443 1302 2635 1362; x_wconf 89' lang='lat' dir='ltr'><strong>quanta</strong></span> <span class='ocrx_word' id='word_1_581' title='bbox 2664 1294 2733 1349; x_wconf 91' lang='lat' dir='ltr'><strong>sit</strong></span> <span class='ocrx_word' id='word_1_582' title='bbox 2756 1294 2923 1347; x_wconf 90' lang='lat' dir='ltr'><strong>virtus</strong></span> <span class='ocrx_word' id='word_1_583' title='bbox 2948 1295 3221 1361; x_wconf 86' lang='lat' dir='ltr'><strong>orationis,</strong></span> <span class='ocrx_word' id='word_1_584' title='bbox 3242 1312 3360 1365; x_wconf 77' lang='lat' dir='ltr'><strong>qua:</strong></span> <span class='ocrx_word' id='word_1_585' title='bbox 3388 1298 3440 1352; x_wconf 91' lang='lat' dir='ltr'><strong>in</strong></span> 
     </span>
    </p>
   </div>
   <div class='ocr_carea' id='block_1_73' title="bbox 1872 1377 3445 1453">
    <p class='ocr_par' dir='ltr' id='par_1_73' title="bbox 1872 1377 3445 1453">
     <span class='ocr_line' id='line_1_73' title="bbox 1872 1377 3445 1453; baseline 0.007 -23"><span class='ocrx_word' id='word_1_586' title='bbox 1872 1377 2093 1433; x_wconf 85' lang='lat' dir='ltr'><strong>ecclesia</strong></span> <span class='ocrx_word' id='word_1_587' title='bbox 2140 1381 2232 1434; x_wconf 87' lang='lat' dir='ltr'><strong>lit?</strong></span> <span class='ocrx_word' id='word_1_588' title='bbox 2258 1381 2475 1436; x_wconf 82' lang='lat' dir='ltr'><strong>Vinctus</strong></span> <span class='ocrx_word' id='word_1_589' title='bbox 2518 1392 2633 1436; x_wconf 88' lang='lat' dir='ltr'><strong>erat</strong></span> <span class='ocrx_word' id='word_1_590' title='bbox 2684 1384 2968 1453; x_wconf 86' lang='lat' dir='ltr'><strong>aliquando</strong></span> <span class='ocrx_word' id='word_1_591' title='bbox 2993 1385 3178 1439; x_wconf 87' lang='lat' dir='ltr'><strong>Petrus</strong></span> <span class='ocrx_word' id='word_1_592' title='bbox 3223 1386 3276 1440; x_wconf 90' lang='lat' dir='ltr'><strong>in</strong></span> <span class='ocrx_word' id='word_1_593' title='bbox 3323 1402 3445 1441; x_wconf 85' lang='lat' dir='ltr'><strong>car-</strong></span> 
     </span>
    </p>
   </div>
   <div class='ocr_carea' id='block_1_74' title="bbox 1872 1472 3445 1531">
    <p class='ocr_par' dir='ltr' id='par_1_74' title="bbox 1872 1472 3445 1531">
     <span class='ocr_line' id='line_1_74' title="bbox 1872 1472 3445 1531; baseline 0.006 -12"><span class='ocrx_word' id='word_1_594' title='bbox 1872 1480 1994 1520; x_wconf 84' lang='lat' dir='ltr'><strong>cere</strong></span> <span class='ocrx_word' id='word_1_595' title='bbox 2016 1508 2029 1531; x_wconf 91' lang='lat'><strong>,</strong></span> <span class='ocrx_word' id='word_1_596' title='bbox 2084 1484 2145 1522; x_wconf 90' lang='lat' dir='ltr'><strong>ac</strong></span> <span class='ocrx_word' id='word_1_597' title='bbox 2183 1472 2359 1526; x_wconf 88' lang='lat' dir='ltr'><strong>multis</strong></span> <span class='ocrx_word' id='word_1_598' title='bbox 2388 1472 2590 1526; x_wconf 84' lang='lat' dir='ltr'><strong>catenis</strong></span> <span class='ocrx_word' id='word_1_599' title='bbox 2632 1473 3025 1528; x_wconf 89' lang='lat' dir='ltr'><strong>circumdatus:</strong></span> <span class='ocrx_word' id='word_1_600' title='bbox 3052 1474 3227 1528; x_wconf 87' lang='lat' dir='ltr'><strong>Oratio</strong></span> <span class='ocrx_word' id='word_1_601' title='bbox 3279 1488 3445 1530; x_wconf 81' lang='lat' dir='ltr'><strong>autem</strong></span> 
     </span>
    </p>
   </div>
   <div class='ocr_carea' id='block_1_75' title="bbox 1876 1556 3451 1635">
    <p class='ocr_par' dir='ltr' id='par_1_75' title="bbox 1876 1556 3451 1635">
     <span class='ocr_line' id='line_1_75' title="bbox 1876 1556 3451 1635; baseline 0.01 -28"><span class='ocrx_word' id='word_1_602' title='bbox 1876 1556 2022 1622; x_wconf 76' lang='lat' dir='ltr'><strong>[iebat</strong></span> <span class='ocrx_word' id='word_1_603' title='bbox 2049 1558 2156 1610; x_wconf 85' lang='lat' dir='ltr'><strong>sine</strong></span> <span class='ocrx_word' id='word_1_604' title='bbox 2176 1560 2537 1615; x_wconf 85' lang='lat' dir='ltr'><strong>intermissione</strong></span> <span class='ocrx_word' id='word_1_605' title='bbox 2555 1562 2617 1615; x_wconf 83' lang='lat' dir='ltr'><strong>ab</strong></span> <span class='ocrx_word' id='word_1_606' title='bbox 2642 1561 2866 1617; x_wconf 85' lang='lat' dir='ltr'><strong>Ecclesia</strong></span> <span class='ocrx_word' id='word_1_607' title='bbox 2890 1580 2981 1633; x_wconf 85' lang='lat' dir='ltr'><strong>pro</strong></span> <span class='ocrx_word' id='word_1_608' title='bbox 3006 1581 3061 1617; x_wconf 88' lang='lat' dir='ltr'><strong>eo</strong></span> <span class='ocrx_word' id='word_1_609' title='bbox 3090 1566 3226 1634; x_wconf 82' lang='lat' dir='ltr'><strong>(Act.</strong></span> <span class='ocrx_word' id='word_1_610' title='bbox 3255 1565 3341 1619; x_wconf 68' lang='grc' dir='ltr'><strong>η.</strong></span> <span class='ocrx_word' id='word_1_611' title='bbox 3367 1566 3451 1635; x_wconf 83' lang='grc'><strong>5),</strong></span> 
     </span>
    </p>
   </div>
   <div class='ocr_carea' id='block_1_76' title="bbox 1872 1651 3448 1726">
    <p class='ocr_par' dir='ltr' id='par_1_76' title="bbox 1872 1651 3448 1726">
     <span class='ocr_line' id='line_1_76' title="bbox 1872 1651 3448 1726; baseline 0.008 -27"><span class='ocrx_word' id='word_1_612' title='bbox 1872 1657 1927 1701; x_wconf 84' lang='grc' dir='ltr'>ει</span> <span class='ocrx_word' id='word_1_613' title='bbox 1966 1651 2245 1703; x_wconf 79' lang='lat' dir='ltr'><strong>confestim</strong></span> <span class='ocrx_word' id='word_1_614' title='bbox 2279 1652 2423 1706; x_wconf 91' lang='lat' dir='ltr'><strong>illum</strong></span> <span class='ocrx_word' id='word_1_615' title='bbox 2452 1654 2633 1708; x_wconf 85' lang='lat' dir='ltr'><strong>eduxit</strong></span> <span class='ocrx_word' id='word_1_616' title='bbox 2661 1670 2691 1709; x_wconf 91' lang='lat' dir='ltr'><strong>e</strong></span> <span class='ocrx_word' id='word_1_617' title='bbox 2720 1671 2954 1711; x_wconf 90' lang='lat' dir='ltr'><strong>carcere.</strong></span> <span class='ocrx_word' id='word_1_618' title='bbox 2997 1656 3133 1724; x_wconf 86' lang='lat' dir='ltr'><strong>Quid</strong></span> <span class='ocrx_word' id='word_1_619' title='bbox 3165 1657 3319 1726; x_wconf 84' lang='lat' dir='ltr'><strong>igitur</strong></span> <span class='ocrx_word' id='word_1_620' title='bbox 3349 1657 3448 1712; x_wconf 88' lang='lat' dir='ltr'><strong>hac</strong></span> 
     </span>
    </p>
   </div>
   <div class='ocr_carea' id='block_1_77' title="bbox 1872 1740 3446 1815">
    <p class='ocr_par' dir='ltr' id='par_1_77' title="bbox 1872 1740 3446 1815">
     <span class='ocr_line' id='line_1_77' title="bbox 1872 1740 3446 1815; baseline 0.008 -24"><span class='ocrx_word' id='word_1_621' title='bbox 1872 1742 2137 1806; x_wconf 89' lang='lat' dir='ltr'><strong>potentius</strong></span> <span class='ocrx_word' id='word_1_622' title='bbox 2173 1740 2283 1795; x_wconf 79' lang='lat' dir='ltr'><strong>fieri</strong></span> <span class='ocrx_word' id='word_1_623' title='bbox 2324 1753 2479 1809; x_wconf 86' lang='lat' dir='ltr'><strong>queat</strong></span> <span class='ocrx_word' id='word_1_624' title='bbox 2510 1745 2785 1809; x_wconf 89' lang='lat' dir='ltr'><strong>oratione,</strong></span> <span class='ocrx_word' id='word_1_625' title='bbox 2834 1762 2950 1815; x_wconf 78' lang='lat' dir='ltr'><strong>qua:</strong></span> <span class='ocrx_word' id='word_1_626' title='bbox 2994 1748 3061 1801; x_wconf 87' lang='lat' dir='ltr'><strong>de</strong></span> <span class='ocrx_word' id='word_1_627' title='bbox 3102 1749 3358 1802; x_wconf 90' lang='lat' dir='ltr'><strong>columnis</strong></span> <span class='ocrx_word' id='word_1_628' title='bbox 3382 1764 3446 1804; x_wconf 88' lang='lat' dir='ltr'><strong>ac</strong></span> 
     </span>
    </p>
   </div>
   <div class='ocr_carea' id='block_1_78' title="bbox 1870 1830 3445 1893">
    <p class='ocr_par' dir='ltr' id='par_1_78' title="bbox 1870 1830 3445 1893">
     <span class='ocr_line' id='line_1_78' title="bbox 1870 1830 3445 1893; baseline 0.007 -11"><span class='ocrx_word' id='word_1_629' title='bbox 1870 1830 2101 1884; x_wconf 88' lang='lat' dir='ltr'><strong>turribus</strong></span> <span class='ocrx_word' id='word_1_630' title='bbox 2136 1831 2390 1887; x_wconf 60' lang='lat' dir='ltr'><strong>Ecclesiae</strong></span> <span class='ocrx_word' id='word_1_631' title='bbox 2434 1833 2568 1890; x_wconf 88' lang='lat' dir='ltr'><strong>bene</strong></span> <span class='ocrx_word' id='word_1_632' title='bbox 2604 1837 2793 1890; x_wconf 90' lang='lat' dir='ltr'><strong>merita</strong></span> <span class='ocrx_word' id='word_1_633' title='bbox 2840 1838 2957 1892; x_wconf 80' lang='lat' dir='ltr'><strong>est?</strong></span> <span class='ocrx_word' id='word_1_634' title='bbox 2984 1838 3173 1893; x_wconf 83' lang='lat' dir='ltr'><strong>Paulus</strong></span> <span class='ocrx_word' id='word_1_635' title='bbox 3210 1840 3349 1893; x_wconf 91' lang='lat' dir='ltr'><strong>enim</strong></span> <span class='ocrx_word' id='word_1_636' title='bbox 3388 1848 3445 1893; x_wconf 90' lang='lat' dir='ltr'><strong>et</strong></span> 
     </span>
    </p>
   </div>
   <div class='ocr_carea' id='block_1_79' title="bbox 1872 1922 3441 2002">
    <p class='ocr_par' dir='ltr' id='par_1_79' title="bbox 1872 1922 3441 2002">
     <span class='ocr_line' id='line_1_79' title="bbox 1872 1922 3441 2002; baseline 0.007 -26"><span class='ocrx_word' id='word_1_637' title='bbox 1872 1922 2058 1976; x_wconf 74' lang='lat' dir='ltr'><strong>Petrus</strong></span> <span class='ocrx_word' id='word_1_638' title='bbox 2084 1933 2258 1979; x_wconf 86' lang='lat' dir='ltr'><strong>turres</strong></span> <span class='ocrx_word' id='word_1_639' title='bbox 2282 1934 2431 1980; x_wconf 90' lang='lat' dir='ltr'><strong>erant</strong></span> <span class='ocrx_word' id='word_1_640' title='bbox 2458 1936 2511 1981; x_wconf 92' lang='lat' dir='ltr'><strong>et</strong></span> <span class='ocrx_word' id='word_1_641' title='bbox 2534 1929 2793 1983; x_wconf 83' lang='lat' dir='ltr'><strong>columna:</strong></span> <span class='ocrx_word' id='word_1_642' title='bbox 2810 1930 3081 1996; x_wconf 83' lang='lat' dir='ltr'><strong>Ecclesiae,</strong></span> <span class='ocrx_word' id='word_1_643' title='bbox 3107 1940 3262 2000; x_wconf 87' lang='lat' dir='ltr'><strong>atque</strong></span> <span class='ocrx_word' id='word_1_644' title='bbox 3286 1932 3441 2002; x_wconf 86' lang='lat' dir='ltr'><strong>hujus</strong></span> 
     </span>
    </p>
   </div>
   <div class='ocr_carea' id='block_1_80' title="bbox 1868 2013 3440 2090">
    <p class='ocr_par' dir='ltr' id='par_1_80' title="bbox 1868 2013 3440 2090">
     <span class='ocr_line' id='line_1_80' title="bbox 1868 2013 3440 2090; baseline 0.01 -26"><span class='ocrx_word' id='word_1_645' title='bbox 1868 2013 2079 2082; x_wconf 87' lang='lat' dir='ltr'><strong>quidem</strong></span> <span class='ocrx_word' id='word_1_646' title='bbox 2108 2014 2310 2069; x_wconf 89' lang='lat' dir='ltr'><strong>vincula</strong></span> <span class='ocrx_word' id='word_1_647' title='bbox 2337 2018 2512 2081; x_wconf 88' lang='lat' dir='ltr'><strong>solvit,</strong></span> <span class='ocrx_word' id='word_1_648' title='bbox 2540 2020 2678 2074; x_wconf 81' lang='lat' dir='ltr'><strong>illius</strong></span> <span class='ocrx_word' id='word_1_649' title='bbox 2705 2031 2881 2075; x_wconf 90' lang='lat' dir='ltr'><strong>autem</strong></span> <span class='ocrx_word' id='word_1_650' title='bbox 2908 2036 2971 2075; x_wconf 92' lang='lat' dir='ltr'><strong>os</strong></span> <span class='ocrx_word' id='word_1_651' title='bbox 2996 2025 3222 2090; x_wconf 90' lang='lat' dir='ltr'><strong>aperuit.</strong></span> <span class='ocrx_word' id='word_1_652' title='bbox 3250 2025 3355 2078; x_wconf 89' lang='lat' dir='ltr'><strong>Sed</strong></span> <span class='ocrx_word' id='word_1_653' title='bbox 3382 2036 3440 2079; x_wconf 91' lang='lat' dir='ltr'><strong>ut</strong></span> 
     </span>
    </p>
   </div>
   <div class='ocr_carea' id='block_1_81' title="bbox 1868 2106 3439 2176">
    <p class='ocr_par' dir='ltr' id='par_1_81' title="bbox 1868 2106 3439 2176">
     <span class='ocr_line' id='line_1_81' title="bbox 1868 2106 3439 2176; baseline 0.009 -20"><span class='ocrx_word' id='word_1_654' title='bbox 1868 2118 1973 2157; x_wconf 91' lang='lat' dir='ltr'><strong>non</strong></span> <span class='ocrx_word' id='word_1_655' title='bbox 2002 2106 2173 2158; x_wconf 85' lang='lat' dir='ltr'><strong>solum</strong></span> <span class='ocrx_word' id='word_1_656' title='bbox 2203 2121 2266 2159; x_wconf 79' lang='lat' dir='ltr'><strong>ex</strong></span> <span class='ocrx_word' id='word_1_657' title='bbox 2300 2107 2393 2168; x_wconf 90' lang='lat' dir='ltr'><strong>iis.</strong></span> <span class='ocrx_word' id='word_1_658' title='bbox 2426 2124 2543 2176; x_wconf 66' lang='lat' dir='ltr'><strong>qua:</strong></span> <span class='ocrx_word' id='word_1_659' title='bbox 2573 2120 2682 2163; x_wconf 90' lang='lat' dir='ltr'><strong>tum</strong></span> <span class='ocrx_word' id='word_1_660' title='bbox 2712 2111 3035 2174; x_wconf 88' lang='lat' dir='ltr'><strong>acciderunt,</strong></span> <span class='ocrx_word' id='word_1_661' title='bbox 3066 2112 3159 2165; x_wconf 88' lang='lat' dir='ltr'><strong>sed</strong></span> <span class='ocrx_word' id='word_1_662' title='bbox 3187 2114 3347 2169; x_wconf 86' lang='lat' dir='ltr'><strong>etiam</strong></span> <span class='ocrx_word' id='word_1_663' title='bbox 3371 2130 3439 2170; x_wconf 86' lang='lat' dir='ltr'><strong>ex</strong></span> 
     </span>
    </p>
   </div>
   <div class='ocr_carea' id='block_1_82' title="bbox 1866 2193 3439 2274">
    <p class='ocr_par' dir='ltr' id='par_1_82' title="bbox 1866 2193 3439 2274">
     <span class='ocr_line' id='line_1_82' title="bbox 1866 2193 3439 2274; baseline 0.009 -26"><span class='ocrx_word' id='word_1_664' title='bbox 1866 2193 1950 2260; x_wconf 86' lang='lat' dir='ltr'><strong>iis,</strong></span> <span class='ocrx_word' id='word_1_665' title='bbox 1983 2211 2101 2264; x_wconf 76' lang='lat' dir='ltr'><strong>qua:</strong></span> <span class='ocrx_word' id='word_1_666' title='bbox 2140 2197 2363 2267; x_wconf 81' lang='lat' dir='ltr'><strong>singulis</strong></span> <span class='ocrx_word' id='word_1_667' title='bbox 2406 2199 2595 2255; x_wconf 89' lang='lat' dir='ltr'><strong>diebus</strong></span> <span class='ocrx_word' id='word_1_668' title='bbox 2638 2203 3011 2269; x_wconf 75' lang='lat' dir='ltr'><strong>perﬁciuntur,</strong></span> <span class='ocrx_word' id='word_1_669' title='bbox 3039 2202 3298 2272; x_wconf 89' lang='lat' dir='ltr'><strong>duplicem</strong></span> <span class='ocrx_word' id='word_1_670' title='bbox 3323 2206 3439 2274; x_wconf 86' lang='lat' dir='ltr'><strong>ejus</strong></span> 
     </span>
    </p>
   </div>
   <div class='ocr_carea' id='block_1_83' title="bbox 1870 2286 3438 2366">
    <p class='ocr_par' dir='ltr' id='par_1_83' title="bbox 1870 2286 3438 2366">
     <span class='ocr_line' id='line_1_83' title="bbox 1870 2286 3438 2366; baseline 0.01 -29"><span class='ocrx_word' id='word_1_671' title='bbox 1870 2286 2117 2341; x_wconf 88' lang='lat' dir='ltr'><strong>virtutem</strong></span> <span class='ocrx_word' id='word_1_672' title='bbox 2135 2287 2578 2355; x_wconf 86' lang='lat' dir='ltr'><strong>demonstremus,</strong></span> <span class='ocrx_word' id='word_1_673' title='bbox 2597 2293 2853 2346; x_wconf 86' lang='lat' dir='ltr'><strong>orationis</strong></span> <span class='ocrx_word' id='word_1_674' title='bbox 2878 2293 3042 2362; x_wconf 84' lang='lat' dir='ltr'><strong>ipsius</strong></span> <span class='ocrx_word' id='word_1_675' title='bbox 3057 2310 3173 2363; x_wconf 61' lang='lat' dir='ltr'><strong>quae</strong></span> <span class='ocrx_word' id='word_1_676' title='bbox 3193 2310 3221 2349; x_wconf 85' lang='lat' dir='ltr'><strong>a</strong></span> <span class='ocrx_word' id='word_1_677' title='bbox 3246 2300 3438 2366; x_wconf 88' lang='lat' dir='ltr'><strong>p0pulo</strong></span> 
     </span>
    </p>
   </div>
   <div class='ocr_carea' id='block_1_84' title="bbox 1866 2376 3435 2457">
    <p class='ocr_par' dir='ltr' id='par_1_84' title="bbox 1866 2376 3435 2457">
     <span class='ocr_line' id='line_1_84' title="bbox 1866 2376 3435 2457; baseline 0.009 -28"><span class='ocrx_word' id='word_1_678' title='bbox 1866 2376 1921 2430; x_wconf 83' lang='lat' dir='ltr'><strong>tit</strong></span> <span class='ocrx_word' id='word_1_679' title='bbox 1955 2378 2101 2432; x_wconf 88' lang='lat' dir='ltr'><strong>vobis</strong></span> <span class='ocrx_word' id='word_1_680' title='bbox 2127 2382 2436 2434; x_wconf 87' lang='lat' dir='ltr'><strong>memoriam</strong></span> <span class='ocrx_word' id='word_1_681' title='bbox 2466 2382 2797 2437; x_wconf 78' lang='lat' dir='ltr'><strong>refricemus.</strong></span> <span class='ocrx_word' id='word_1_682' title='bbox 2830 2384 3155 2455; x_wconf 78' lang='lat' dir='ltr'><strong>Quamquam</strong></span> <span class='ocrx_word' id='word_1_683' title='bbox 3186 2387 3230 2441; x_wconf 91' lang='lat' dir='ltr'><strong>si</strong></span> <span class='ocrx_word' id='word_1_684' title='bbox 3259 2390 3376 2457; x_wconf 89' lang='lat' dir='ltr'><strong>quis</strong></span> <span class='ocrx_word' id='word_1_685' title='bbox 3404 2405 3435 2443; x_wconf 91' lang='lat' dir='ltr'><strong>e</strong></span> 
     </span>
    </p>
   </div>
   <div class='ocr_carea' id='block_1_85' title="bbox 1863 2466 3430 2548">
    <p class='ocr_par' dir='ltr' id='par_1_85' title="bbox 1863 2466 3430 2548">
     <span class='ocr_line' id='line_1_85' title="bbox 1863 2466 3430 2548; baseline 0.011 -32"><span class='ocrx_word' id='word_1_686' title='bbox 1863 2466 2018 2535; x_wconf 80' lang='lat' dir='ltr'><strong>vulgo</strong></span> <span class='ocrx_word' id='word_1_687' title='bbox 2043 2468 2194 2523; x_wconf 86' lang='lat' dir='ltr'><strong>vobis</strong></span> <span class='ocrx_word' id='word_1_688' title='bbox 2220 2470 2526 2539; x_wconf 88' lang='lat' dir='ltr'><strong>imperaret,</strong></span> <span class='ocrx_word' id='word_1_689' title='bbox 2558 2481 2616 2526; x_wconf 91' lang='lat' dir='ltr'><strong>ut</strong></span> <span class='ocrx_word' id='word_1_690' title='bbox 2643 2474 2833 2543; x_wconf 88' lang='lat' dir='ltr'><strong>singuli</strong></span> <span class='ocrx_word' id='word_1_691' title='bbox 2861 2489 2925 2529; x_wconf 90' lang='lat' dir='ltr'><strong>ac</strong></span> <span class='ocrx_word' id='word_1_692' title='bbox 2951 2476 3049 2530; x_wconf 90' lang='lat' dir='ltr'><strong>soli</strong></span> <span class='ocrx_word' id='word_1_693' title='bbox 3077 2491 3173 2545; x_wconf 91' lang='lat' dir='ltr'><strong>pro</strong></span> <span class='ocrx_word' id='word_1_694' title='bbox 3200 2478 3430 2548; x_wconf 84' lang='lat' dir='ltr'><strong>episcopi</strong></span> 
     </span>
    </p>
   </div>
   <div class='ocr_carea' id='block_1_86' title="bbox 1860 2556 3433 2640">
    <p class='ocr_par' dir='ltr' id='par_1_86' title="bbox 1860 2556 3433 2640">
     <span class='ocr_line' id='line_1_86' title="bbox 1860 2556 3433 2640; baseline 0.01 -30"><span class='ocrx_word' id='word_1_695' title='bbox 1860 2556 2031 2611; x_wconf 88' lang='lat' dir='ltr'><strong>salute</strong></span> <span class='ocrx_word' id='word_1_696' title='bbox 2074 2561 2315 2624; x_wconf 89' lang='lat' dir='ltr'><strong>oraretis,</strong></span> <span class='ocrx_word' id='word_1_697' title='bbox 2360 2563 2720 2634; x_wconf 89' lang='lat' dir='ltr'><strong>unusquisque</strong></span> <span class='ocrx_word' id='word_1_698' title='bbox 2766 2580 2886 2620; x_wconf 89' lang='lat' dir='ltr'><strong>sese</strong></span> <span class='ocrx_word' id='word_1_699' title='bbox 2929 2578 3225 2635; x_wconf 85' lang='lat' dir='ltr'><strong>excusaret,</strong></span> <span class='ocrx_word' id='word_1_700' title='bbox 3275 2581 3433 2640; x_wconf 89' lang='lat' dir='ltr'><strong>atque</strong></span> 
     </span>
    </p>
   </div>
   <div class='ocr_carea' id='block_1_87' title="bbox 1862 2646 3431 2724">
    <p class='ocr_par' dir='ltr' id='par_1_87' title="bbox 1862 2646 3431 2724">
     <span class='ocr_line' id='line_1_87' title="bbox 1862 2646 3431 2724; baseline 0.008 -24"><span class='ocrx_word' id='word_1_701' title='bbox 1862 2646 1962 2702; x_wconf 88' lang='lat' dir='ltr'><strong>hoc</strong></span> <span class='ocrx_word' id='word_1_702' title='bbox 1998 2658 2266 2719; x_wconf 85' lang='lat' dir='ltr'><strong>tamquam</strong></span> <span class='ocrx_word' id='word_1_703' title='bbox 2306 2666 2441 2707; x_wconf 89' lang='lat' dir='ltr'><strong>onus</strong></span> <span class='ocrx_word' id='word_1_704' title='bbox 2470 2654 2672 2708; x_wconf 90' lang='lat' dir='ltr'><strong>viribus</strong></span> <span class='ocrx_word' id='word_1_705' title='bbox 2700 2655 2814 2709; x_wconf 90' lang='lat' dir='ltr'><strong>suis</strong></span> <span class='ocrx_word' id='word_1_706' title='bbox 2842 2657 3014 2724; x_wconf 85' lang='lat' dir='ltr'><strong>majus</strong></span> <span class='ocrx_word' id='word_1_707' title='bbox 3042 2672 3072 2710; x_wconf 93' lang='lat' dir='ltr'><strong>a</strong></span> <span class='ocrx_word' id='word_1_708' title='bbox 3100 2672 3158 2712; x_wconf 90' lang='lat' dir='ltr'><strong>se</strong></span> <span class='ocrx_word' id='word_1_709' title='bbox 3182 2659 3431 2713; x_wconf 86' lang='lat' dir='ltr'><strong>amolire-</strong></span> 
     </span>
    </p>
   </div>
   <div class='ocr_carea' id='block_1_88' title="bbox 1864 2740 3431 2803">
    <p class='ocr_par' dir='ltr' id='par_1_88' title="bbox 1864 2740 3431 2803">
     <span class='ocr_line' id='line_1_88' title="bbox 1864 2740 3431 2803; baseline 0.008 -12"><span class='ocrx_word' id='word_1_710' title='bbox 1864 2747 1949 2793; x_wconf 92' lang='lat' dir='ltr'><strong>tur</strong></span> <span class='ocrx_word' id='word_1_711' title='bbox 1972 2756 1985 2791; x_wconf 91' lang='lat'>:</span> <span class='ocrx_word' id='word_1_712' title='bbox 2009 2740 2133 2793; x_wconf 91' lang='lat' dir='ltr'><strong>dum</strong></span> <span class='ocrx_word' id='word_1_713' title='bbox 2161 2757 2288 2796; x_wconf 87' lang='lat' dir='ltr'><strong>vero</strong></span> <span class='ocrx_word' id='word_1_714' title='bbox 2311 2745 2668 2799; x_wconf 90' lang='lat' dir='ltr'><strong>communiter</strong></span> <span class='ocrx_word' id='word_1_715' title='bbox 2690 2759 2875 2799; x_wconf 91' lang='lat' dir='ltr'><strong>omnes</strong></span> <span class='ocrx_word' id='word_1_716' title='bbox 2900 2746 3106 2802; x_wconf 89' lang='lat' dir='ltr'><strong>diaconi</strong></span> <span class='ocrx_word' id='word_1_717' title='bbox 3132 2763 3314 2803; x_wconf 92' lang='lat' dir='ltr'><strong>vocem</strong></span> <span class='ocrx_word' id='word_1_718' title='bbox 3337 2764 3431 2803; x_wconf 81' lang='lat' dir='ltr'><strong>au-</strong></span> 
     </span>
    </p>
   </div>
   <div class='ocr_carea' id='block_1_89' title="bbox 1855 2827 3413 2909">
    <p class='ocr_par' dir='ltr' id='par_1_89' title="bbox 1855 2827 3413 2909">
     <span class='ocr_line' id='line_1_89' title="bbox 1855 2827 3413 2909; baseline 0.007 -28"><span class='ocrx_word' id='word_1_719' title='bbox 1855 2827 1979 2882; x_wconf 90' lang='lat' dir='ltr'><strong>ditis</strong></span> <span class='ocrx_word' id='word_1_720' title='bbox 2004 2829 2053 2882; x_wconf 88' lang='lat' dir='ltr'><strong>id</strong></span> <span class='ocrx_word' id='word_1_721' title='bbox 2081 2830 2385 2897; x_wconf 86' lang='lat' dir='ltr'><strong>imperantis</strong></span> <span class='ocrx_word' id='word_1_722' title='bbox 2423 2848 2485 2887; x_wconf 90' lang='lat' dir='ltr'><strong>ac</strong></span> <span class='ocrx_word' id='word_1_723' title='bbox 2522 2834 2745 2889; x_wconf 88' lang='lat' dir='ltr'><strong>dicentis</strong></span> <span class='ocrx_word' id='word_1_724' title='bbox 2764 2877 2779 2897; x_wconf 86' lang='lat'><strong>,</strong></span> <span class='ocrx_word' id='word_1_725' title='bbox 2812 2835 3021 2890; x_wconf 84' lang='lat' dir='ltr'><strong>Oremus</strong></span> <span class='ocrx_word' id='word_1_726' title='bbox 3046 2853 3137 2906; x_wconf 86' lang='lat' dir='ltr'><strong>pro</strong></span> <span class='ocrx_word' id='word_1_727' title='bbox 3162 2840 3413 2909; x_wconf 82' lang='lat' dir='ltr'><strong>episcopo,</strong></span> 
     </span>
    </p>
   </div>
   <div class='ocr_carea' id='block_1_90' title="bbox 1857 2925 3428 2995">
    <p class='ocr_par' dir='ltr' id='par_1_90' title="bbox 1857 2925 3428 2995">
     <span class='ocr_line' id='line_1_90' title="bbox 1857 2925 3428 2995; baseline 0.008 -25"><span class='ocrx_word' id='word_1_728' title='bbox 1857 2928 1903 2970; x_wconf 88' lang='lat' dir='ltr'><strong>et</strong></span> <span class='ocrx_word' id='word_1_729' title='bbox 1948 2928 2210 2984; x_wconf 75' lang='lat' dir='ltr'><strong>senectute,</strong></span> <span class='ocrx_word' id='word_1_730' title='bbox 2258 2938 2319 2975; x_wconf 86' lang='lat' dir='ltr'><strong>ac</strong></span> <span class='ocrx_word' id='word_1_731' title='bbox 2371 2925 2649 2992; x_wconf 80' lang='lat' dir='ltr'><strong>patrocinio</strong></span> <span class='ocrx_word' id='word_1_732' title='bbox 2690 2925 2789 2995; x_wconf 82' lang='grc' dir='ltr'><strong>(α),</strong></span> <span class='ocrx_word' id='word_1_733' title='bbox 2833 2936 2981 2995; x_wconf 83' lang='lat' dir='ltr'><strong>atque</strong></span> <span class='ocrx_word' id='word_1_734' title='bbox 3008 2938 3060 2980; x_wconf 85' lang='lat' dir='ltr'><strong>ut</strong></span> <span class='ocrx_word' id='word_1_735' title='bbox 3088 2937 3215 2981; x_wconf 86' lang='lat' dir='ltr'><strong>recte</strong></span> <span class='ocrx_word' id='word_1_736' title='bbox 3252 2938 3428 2983; x_wconf 85' lang='lat' dir='ltr'><strong>tractet</strong></span> 
     </span>
    </p>
   </div>
   <div class='ocr_carea' id='block_1_91' title="bbox 1855 3011 3427 3089">
    <p class='ocr_par' dir='ltr' id='par_1_91' title="bbox 1855 3011 3427 3089">
     <span class='ocr_line' id='line_1_91' title="bbox 1855 3011 3427 3089; baseline 0.009 -28"><span class='ocrx_word' id='word_1_737' title='bbox 1855 3011 2054 3063; x_wconf 81' lang='lat' dir='ltr'><strong>uerbum</strong></span> <span class='ocrx_word' id='word_1_738' title='bbox 2080 3014 2300 3066; x_wconf 74' lang='lat' dir='ltr'><strong>veritatis</strong></span> <span class='ocrx_word' id='word_1_739' title='bbox 2323 3056 2335 3076; x_wconf 91' lang='lat'><strong>,</strong></span> <span class='ocrx_word' id='word_1_740' title='bbox 2370 3025 2414 3068; x_wconf 87' lang='lat' dir='ltr'><strong>et</strong></span> <span class='ocrx_word' id='word_1_741' title='bbox 2444 3032 2535 3085; x_wconf 86' lang='lat' dir='ltr'><strong>pro</strong></span> <span class='ocrx_word' id='word_1_742' title='bbox 2565 3016 2625 3069; x_wconf 89' lang='lat' dir='ltr'><strong>iis</strong></span> <span class='ocrx_word' id='word_1_743' title='bbox 2661 3018 2747 3086; x_wconf 83' lang='lat' dir='ltr'><strong>qni</strong></span> <span class='ocrx_word' id='word_1_744' title='bbox 2772 3018 2852 3071; x_wconf 73' lang='lat' dir='ltr'><strong>hic</strong></span> <span class='ocrx_word' id='word_1_745' title='bbox 2877 3027 3011 3084; x_wconf 85' lang='lat' dir='ltr'><strong>sunt,</strong></span> <span class='ocrx_word' id='word_1_746' title='bbox 3041 3028 3088 3071; x_wconf 82' lang='lat' dir='ltr'><strong>et</strong></span> <span class='ocrx_word' id='word_1_747' title='bbox 3115 3020 3294 3089; x_wconf 79' lang='lat' dir='ltr'><strong>ubique</strong></span> <span class='ocrx_word' id='word_1_748' title='bbox 3323 3031 3427 3075; x_wconf 88' lang='lat' dir='ltr'><strong>ter-</strong></span> 
     </span>
    </p>
   </div>
   <div class='ocr_carea' id='block_1_92' title="bbox 1853 3103 3422 3179">
    <p class='ocr_par' dir='ltr' id='par_1_92' title="bbox 1853 3103 3422 3179">
     <span class='ocr_line' id='line_1_92' title="bbox 1853 3103 3422 3179; baseline 0.008 -25"><span class='ocrx_word' id='word_1_749' title='bbox 1853 3118 2023 3154; x_wconf 83' lang='lat' dir='ltr'><strong>rarum</strong></span> <span class='ocrx_word' id='word_1_750' title='bbox 2041 3150 2053 3167; x_wconf 78' lang='grc'><strong><em>,</em></strong></span> <span class='ocrx_word' id='word_1_751' title='bbox 2085 3103 2222 3171; x_wconf 90' lang='lat' dir='ltr'><strong>quod</strong></span> <span class='ocrx_word' id='word_1_752' title='bbox 2254 3104 2568 3174; x_wconf 81' lang='lat' dir='ltr'><strong>imperatum</strong></span> <span class='ocrx_word' id='word_1_753' title='bbox 2598 3117 2679 3162; x_wconf 86' lang='lat' dir='ltr'><strong>est</strong></span> <span class='ocrx_word' id='word_1_754' title='bbox 2706 3124 2862 3179; x_wconf 83' lang='lat' dir='ltr'><strong>agerc</strong></span> <span class='ocrx_word' id='word_1_755' title='bbox 2890 3124 2995 3164; x_wconf 89' lang='lat' dir='ltr'><strong>non</strong></span> <span class='ocrx_word' id='word_1_756' title='bbox 3025 3113 3299 3176; x_wconf 85' lang='lat' dir='ltr'><strong>recusatis,</strong></span> <span class='ocrx_word' id='word_1_757' title='bbox 3329 3114 3422 3168; x_wconf 88' lang='lat' dir='ltr'><strong>sed</strong></span> 
     </span>
    </p>
   </div>
   <div class='ocr_carea' id='block_1_93' title="bbox 1852 3192 3421 3269">
    <p class='ocr_par' dir='ltr' id='par_1_93' title="bbox 1852 3192 3421 3269">
     <span class='ocr_line' id='line_1_93' title="bbox 1852 3192 3421 3269; baseline 0.007 -26"><span class='ocrx_word' id='word_1_758' title='bbox 1852 3205 2037 3260; x_wconf 85' lang='lat' dir='ltr'><strong>magna</strong></span> <span class='ocrx_word' id='word_1_759' title='bbox 2066 3192 2226 3245; x_wconf 90' lang='lat' dir='ltr'><strong>animi</strong></span> <span class='ocrx_word' id='word_1_760' title='bbox 2250 3195 2591 3250; x_wconf 89' lang='lat' dir='ltr'><strong>contentione</strong></span> <span class='ocrx_word' id='word_1_761' title='bbox 2614 3212 2797 3265; x_wconf 88' lang='lat' dir='ltr'><strong>preces</strong></span> <span class='ocrx_word' id='word_1_762' title='bbox 2819 3198 3037 3263; x_wconf 82' lang='lat' dir='ltr'><strong>oll&#39;ertis,</strong></span> <span class='ocrx_word' id='word_1_763' title='bbox 3065 3199 3204 3269; x_wconf 90' lang='lat' dir='ltr'><strong>quod</strong></span> <span class='ocrx_word' id='word_1_764' title='bbox 3229 3210 3421 3269; x_wconf 86' lang='lat' dir='ltr'><strong>quanta</strong></span> 
     </span>
    </p>
   </div>
   <div class='ocr_carea' id='block_1_94' title="bbox 1849 3281 3420 3362">
    <p class='ocr_par' dir='ltr' id='par_1_94' title="bbox 1849 3281 3420 3362">
     <span class='ocr_line' id='line_1_94' title="bbox 1849 3281 3420 3362; baseline 0.008 -28"><span class='ocrx_word' id='word_1_765' title='bbox 1849 3281 1916 3335; x_wconf 91' lang='lat' dir='ltr'><strong>sit</strong></span> <span class='ocrx_word' id='word_1_766' title='bbox 1939 3282 2015 3336; x_wconf 85' lang='lat' dir='ltr'><strong>vis</strong></span> <span class='ocrx_word' id='word_1_767' title='bbox 2037 3298 2325 3339; x_wconf 90' lang='lat' dir='ltr'><strong>concursus</strong></span> <span class='ocrx_word' id='word_1_768' title='bbox 2347 3288 2506 3341; x_wconf 86' lang='lat' dir='ltr'><strong>vestri</strong></span> <span class='ocrx_word' id='word_1_769' title='bbox 2536 3288 2698 3355; x_wconf 87' lang='lat' dir='ltr'><strong>probe</strong></span> <span class='ocrx_word' id='word_1_770' title='bbox 2726 3290 3048 3358; x_wconf 89' lang='lat' dir='ltr'><strong>intelligatis.</strong></span> <span class='ocrx_word' id='word_1_771' title='bbox 3072 3290 3273 3357; x_wconf 88' lang='lat' dir='ltr'><strong>Sciunt,</strong></span> <span class='ocrx_word' id='word_1_772' title='bbox 3297 3294 3420 3362; x_wconf 86' lang='lat' dir='ltr'><strong>quid</strong></span> 
     </span>
    </p>
   </div>
   <div class='ocr_carea' id='block_1_95' title="bbox 1850 3371 3420 3446">
    <p class='ocr_par' dir='ltr' id='par_1_95' title="bbox 1850 3371 3420 3446">
     <span class='ocr_line' id='line_1_95' title="bbox 1850 3371 3420 3446; baseline 0.008 -21"><span class='ocrx_word' id='word_1_773' title='bbox 1850 3371 2043 3439; x_wconf 91' lang='lat' dir='ltr'><strong>dicam,</strong></span> <span class='ocrx_word' id='word_1_774' title='bbox 2089 3374 2122 3427; x_wconf 92' lang='lat' dir='ltr'><strong>ii</strong></span> <span class='ocrx_word' id='word_1_775' title='bbox 2163 3376 2250 3444; x_wconf 92' lang='lat' dir='ltr'><strong>qui</strong></span> <span class='ocrx_word' id='word_1_776' title='bbox 2298 3377 2565 3446; x_wconf 88' lang='lat' dir='ltr'><strong>mysteriis</strong></span> <span class='ocrx_word' id='word_1_777' title='bbox 2608 3388 2732 3431; x_wconf 91' lang='lat' dir='ltr'><strong>sunt</strong></span> <span class='ocrx_word' id='word_1_778' title='bbox 2776 3379 3149 3434; x_wconf 86' lang='lat' dir='ltr'><strong>initiati:nam</strong></span> <span class='ocrx_word' id='word_1_779' title='bbox 3195 3382 3420 3438; x_wconf 86' lang='lat' dir='ltr'><strong>orationi</strong></span> 
     </span>
    </p>
   </div>
   <div class='ocr_carea' id='block_1_96' title="bbox 1848 3462 3416 3541">
    <p class='ocr_par' dir='ltr' id='par_1_96' title="bbox 1848 3462 3416 3541">
     <span class='ocr_line' id='line_1_96' title="bbox 1848 3462 3416 3541; baseline 0.007 -26"><span class='ocrx_word' id='word_1_780' title='bbox 1848 3462 2344 3519; x_wconf 77' lang='lat' dir='ltr'><strong>cateeltumenorum</strong></span> <span class='ocrx_word' id='word_1_781' title='bbox 2364 3466 2595 3521; x_wconf 89' lang='lat' dir='ltr'><strong>nondum</strong></span> <span class='ocrx_word' id='word_1_782' title='bbox 2624 3476 2707 3521; x_wconf 92' lang='lat' dir='ltr'><strong>est</strong></span> <span class='ocrx_word' id='word_1_783' title='bbox 2730 3468 2853 3522; x_wconf 93' lang='lat' dir='ltr'><strong>illud</strong></span> <span class='ocrx_word' id='word_1_784' title='bbox 2880 3469 3215 3538; x_wconf 88' lang='lat' dir='ltr'><strong>permissum,</strong></span> <span class='ocrx_word' id='word_1_785' title='bbox 3242 3486 3416 3541; x_wconf 82' lang='lat' dir='ltr'><strong>quan-</strong></span> 
     </span>
    </p>
   </div>
   <div class='ocr_carea' id='block_1_97' title="bbox 1847 3549 3419 3629">
    <p class='ocr_par' dir='ltr' id='par_1_97' title="bbox 1847 3549 3419 3629">
     <span class='ocr_line' id='line_1_97' title="bbox 1847 3549 3419 3629; baseline 0.008 -26"><span class='ocrx_word' id='word_1_786' title='bbox 1847 3549 2130 3619; x_wconf 91' lang='lat' dir='ltr'><strong>doquidem</strong></span> <span class='ocrx_word' id='word_1_787' title='bbox 2160 3554 2393 3608; x_wconf 91' lang='lat' dir='ltr'><strong>nondum</strong></span> <span class='ocrx_word' id='word_1_788' title='bbox 2438 3556 2503 3609; x_wconf 91' lang='lat' dir='ltr'><strong>ad</strong></span> <span class='ocrx_word' id='word_1_789' title='bbox 2544 3555 2677 3611; x_wconf 89' lang='lat' dir='ltr'><strong>hanc</strong></span> <span class='ocrx_word' id='word_1_790' title='bbox 2709 3555 2954 3625; x_wconf 90' lang='lat' dir='ltr'><strong>loquendi</strong></span> <span class='ocrx_word' id='word_1_791' title='bbox 3000 3558 3264 3613; x_wconf 90' lang='lat' dir='ltr'><strong>licentiam</strong></span> <span class='ocrx_word' id='word_1_792' title='bbox 3294 3575 3419 3629; x_wconf 88' lang='lat' dir='ltr'><strong>per-</strong></span> 
     </span>
    </p>
   </div>
   <div class='ocr_carea' id='block_1_98' title="bbox 1846 3651 3417 3721">
    <p class='ocr_par' dir='ltr' id='par_1_98' title="bbox 1846 3651 3417 3721">
     <span class='ocr_line' id='line_1_98' title="bbox 1846 3651 3417 3721; baseline 0.008 -28"><span class='ocrx_word' id='word_1_793' title='bbox 1846 3653 2105 3697; x_wconf 89' lang='lat' dir='ltr'><strong>venerunt</strong></span> <span class='ocrx_word' id='word_1_794' title='bbox 2126 3660 2137 3695; x_wconf 89' lang='lat'><strong>:</strong></span> <span class='ocrx_word' id='word_1_795' title='bbox 2160 3660 2254 3700; x_wconf 86' lang='lat' dir='ltr'><strong>vos</strong></span> <span class='ocrx_word' id='word_1_796' title='bbox 2289 3655 2463 3700; x_wconf 89' lang='lat' dir='ltr'><strong>autem</strong></span> <span class='ocrx_word' id='word_1_797' title='bbox 2496 3655 2553 3701; x_wconf 92' lang='lat' dir='ltr'><strong>ut</strong></span> <span class='ocrx_word' id='word_1_798' title='bbox 2582 3662 2676 3715; x_wconf 88' lang='lat' dir='ltr'><strong>pro</strong></span> <span class='ocrx_word' id='word_1_799' title='bbox 2708 3656 2819 3702; x_wconf 91' lang='lat' dir='ltr'><strong>toto</strong></span> <span class='ocrx_word' id='word_1_800' title='bbox 2850 3658 3111 3703; x_wconf 88' lang='lat' dir='ltr'><strong>terrarum</strong></span> <span class='ocrx_word' id='word_1_801' title='bbox 3144 3651 3292 3715; x_wconf 88' lang='lat' dir='ltr'><strong>orbe,</strong></span> <span class='ocrx_word' id='word_1_802' title='bbox 3321 3666 3417 3721; x_wconf 92' lang='lat' dir='ltr'><strong>pro</strong></span> 
     </span>
    </p>
   </div>
   <div class='ocr_carea' id='block_1_99' title="bbox 1847 3733 3417 3811">
    <p class='ocr_par' dir='ltr' id='par_1_99' title="bbox 1847 3733 3417 3811">
     <span class='ocr_line' id='line_1_99' title="bbox 1847 3733 3417 3811; baseline 0.007 -25"><span class='ocrx_word' id='word_1_803' title='bbox 1847 3733 2077 3787; x_wconf 85' lang='lat' dir='ltr'><strong>Ecclesia</strong></span> <span class='ocrx_word' id='word_1_804' title='bbox 2105 3751 2221 3804; x_wconf 75' lang='lat' dir='ltr'><strong>qua:</strong></span> <span class='ocrx_word' id='word_1_805' title='bbox 2247 3737 2311 3790; x_wconf 90' lang='lat' dir='ltr'><strong>ad</strong></span> <span class='ocrx_word' id='word_1_806' title='bbox 2340 3746 2497 3791; x_wconf 74' lang='lat' dir='ltr'><strong>terra:</strong></span> <span class='ocrx_word' id='word_1_807' title='bbox 2527 3738 2657 3793; x_wconf 84' lang='lat' dir='ltr'><strong>ﬁnes</strong></span> <span class='ocrx_word' id='word_1_808' title='bbox 2683 3754 2847 3808; x_wconf 91' lang='lat' dir='ltr'><strong>usque</strong></span> <span class='ocrx_word' id='word_1_809' title='bbox 2873 3741 3223 3809; x_wconf 90' lang='lat' dir='ltr'><strong>protenditur,</strong></span> <span class='ocrx_word' id='word_1_810' title='bbox 3243 3750 3296 3796; x_wconf 94' lang='lat' dir='ltr'><strong>et</strong></span> <span class='ocrx_word' id='word_1_811' title='bbox 3320 3758 3417 3811; x_wconf 91' lang='lat' dir='ltr'><strong>pro</strong></span> 
     </span>
    </p>
   </div>
   <div class='ocr_carea' id='block_1_100' title="bbox 1844 3823 3413 3900">
    <p class='ocr_par' dir='ltr' id='par_1_100' title="bbox 1844 3823 3413 3900">
     <span class='ocr_line' id='line_1_100' title="bbox 1844 3823 3413 3900; baseline 0.008 -24"><span class='ocrx_word' id='word_1_812' title='bbox 1844 3823 2107 3892; x_wconf 89' lang='lat' dir='ltr'><strong>episcopis</strong></span> <span class='ocrx_word' id='word_1_813' title='bbox 2135 3826 2384 3880; x_wconf 88' lang='lat' dir='ltr'><strong>omnibus</strong></span> <span class='ocrx_word' id='word_1_814' title='bbox 2422 3828 2508 3897; x_wconf 92' lang='lat' dir='ltr'><strong>qui</strong></span> <span class='ocrx_word' id='word_1_815' title='bbox 2537 3843 2652 3881; x_wconf 90' lang='lat' dir='ltr'><strong>eam</strong></span> <span class='ocrx_word' id='word_1_816' title='bbox 2692 3839 2913 3898; x_wconf 86' lang='lat' dir='ltr'><strong>regunt,</strong></span> <span class='ocrx_word' id='word_1_817' title='bbox 2944 3846 3127 3900; x_wconf 87' lang='lat' dir='ltr'><strong>preces</strong></span> <span class='ocrx_word' id='word_1_818' title='bbox 3149 3832 3413 3900; x_wconf 71' lang='lat' dir='ltr'><strong>offeratis,</strong></span> 
     </span>
    </p>
   </div>
   <div class='ocr_carea' id='block_1_101' title="bbox 1843 3911 3413 3993">
    <p class='ocr_par' dir='ltr' id='par_1_101' title="bbox 1843 3911 3413 3993">
     <span class='ocr_line' id='line_1_101' title="bbox 1843 3911 3413 3993; baseline 0.007 -26"><span class='ocrx_word' id='word_1_819' title='bbox 1843 3911 2153 3968; x_wconf 84' lang='lat' dir='ltr'><strong>cohortatur</strong></span> <span class='ocrx_word' id='word_1_820' title='bbox 2204 3916 2287 3981; x_wconf 91' lang='lat' dir='ltr'><strong>is,</strong></span> <span class='ocrx_word' id='word_1_821' title='bbox 2340 3918 2425 3987; x_wconf 90' lang='lat' dir='ltr'><strong>qui</strong></span> <span class='ocrx_word' id='word_1_822' title='bbox 2473 3919 2737 3974; x_wconf 91' lang='lat' dir='ltr'><strong>ministrat</strong></span> <span class='ocrx_word' id='word_1_823' title='bbox 2788 3921 2914 3983; x_wconf 89' lang='lat' dir='ltr'><strong>illis.</strong></span> <span class='ocrx_word' id='word_1_824' title='bbox 2965 3930 3018 3976; x_wconf 88' lang='lat' dir='ltr'><strong>et</strong></span> <span class='ocrx_word' id='word_1_825' title='bbox 3064 3922 3413 3993; x_wconf 82' lang='lat' dir='ltr'><strong>obsequimini</strong></span> 
     </span>
    </p>
   </div>
   <div class='ocr_carea' id='block_1_102' title="bbox 1847 4005 3412 4079">
    <p class='ocr_par' dir='ltr' id='par_1_102' title="bbox 1847 4005 3412 4079">
     <span class='ocr_line' id='line_1_102' title="bbox 1847 4005 3412 4079; baseline 0.009 -25"><span class='ocrx_word' id='word_1_826' title='bbox 1847 4017 2055 4056; x_wconf 89' lang='lat' dir='ltr'><strong>summo</strong></span> <span class='ocrx_word' id='word_1_827' title='bbox 2083 4005 2276 4069; x_wconf 90' lang='lat' dir='ltr'><strong>studio,</strong></span> <span class='ocrx_word' id='word_1_828' title='bbox 2308 4022 2371 4061; x_wconf 92' lang='lat' dir='ltr'><strong>ac</strong></span> <span class='ocrx_word' id='word_1_829' title='bbox 2401 4008 2572 4077; x_wconf 91' lang='lat' dir='ltr'><strong>reipsa</strong></span> <span class='ocrx_word' id='word_1_830' title='bbox 2600 4010 2865 4064; x_wconf 89' lang='lat' dir='ltr'><strong>testamini</strong></span> <span class='ocrx_word' id='word_1_831' title='bbox 2889 4026 3129 4079; x_wconf 87' lang='lat' dir='ltr'><strong>magnam</strong></span> <span class='ocrx_word' id='word_1_832' title='bbox 3158 4014 3412 4069; x_wconf 88' lang='lat' dir='ltr'><strong>orationis</strong></span> 
     </span>
    </p>
   </div>
   <div class='ocr_carea' id='block_1_103' title="bbox 1841 4093 3411 4167">
    <p class='ocr_par' dir='ltr' id='par_1_103' title="bbox 1841 4093 3411 4167">
     <span class='ocr_line' id='line_1_103' title="bbox 1841 4093 3411 4167; baseline 0.01 -23"><span class='ocrx_word' id='word_1_833' title='bbox 1841 4106 1959 4145; x_wconf 88' lang='lat' dir='ltr'><strong>esse</strong></span> <span class='ocrx_word' id='word_1_834' title='bbox 1988 4093 2269 4160; x_wconf 77' lang='lat' dir='ltr'><strong>virtutem,</strong></span> <span class='ocrx_word' id='word_1_835' title='bbox 2318 4111 2436 4164; x_wconf 70' lang='lat' dir='ltr'><strong>qua:</strong></span> <span class='ocrx_word' id='word_1_836' title='bbox 2476 4113 2504 4150; x_wconf 91' lang='lat' dir='ltr'><strong>a</strong></span> <span class='ocrx_word' id='word_1_837' title='bbox 2557 4101 2750 4167; x_wconf 91' lang='lat' dir='ltr'><strong>populo</strong></span> <span class='ocrx_word' id='word_1_838' title='bbox 2796 4102 2849 4153; x_wconf 91' lang='lat' dir='ltr'><strong>in</strong></span> <span class='ocrx_word' id='word_1_839' title='bbox 2894 4101 3114 4156; x_wconf 79' lang='lat' dir='ltr'><strong>ecclesia</strong></span> <span class='ocrx_word' id='word_1_840' title='bbox 3141 4106 3411 4159; x_wconf 86' lang='lat' dir='ltr'><strong>communi</strong></span> 
     </span>
    </p>
   </div>
   <div class='ocr_carea' id='block_1_104' title="bbox 1840 4185 3405 4262">
    <p class='ocr_par' dir='ltr' id='par_1_104' title="bbox 1840 4185 3405 4262">
     <span class='ocr_line' id='line_1_104' title="bbox 1840 4185 3405 4262; baseline 0.01 -28"><span class='ocrx_word' id='word_1_841' title='bbox 1840 4197 2099 4236; x_wconf 90' lang='lat' dir='ltr'><strong>consensu</strong></span> <span class='ocrx_word' id='word_1_842' title='bbox 2127 4185 2398 4239; x_wconf 86' lang='lat' dir='ltr'><strong>oll‘eratur.</strong></span> <span class='ocrx_word' id='word_1_843' title='bbox 2434 4187 2623 4241; x_wconf 79' lang='lat' dir='ltr'><strong>Verum</strong></span> <span class='ocrx_word' id='word_1_844' title='bbox 2655 4188 2719 4242; x_wconf 90' lang='lat' dir='ltr'><strong>ad</strong></span> <span class='ocrx_word' id='word_1_845' title='bbox 2754 4192 3076 4259; x_wconf 90' lang='lat' dir='ltr'><strong>propositum</strong></span> <span class='ocrx_word' id='word_1_846' title='bbox 3104 4194 3405 4262; x_wconf 88' lang='lat' dir='ltr'><strong>redeamus,</strong></span> 
     </span>
    </p>
   </div>
   <div class='ocr_carea' id='block_1_105' title="bbox 1840 4272 3405 4351">
    <p class='ocr_par' dir='ltr' id='par_1_105' title="bbox 1840 4272 3405 4351">
     <span class='ocr_line' id='line_1_105' title="bbox 1840 4272 3405 4351; baseline 0.012 -30"><span class='ocrx_word' id='word_1_847' title='bbox 1840 4272 1979 4340; x_wconf 86' lang='lat' dir='ltr'><strong>quod</strong></span> <span class='ocrx_word' id='word_1_848' title='bbox 2012 4274 2303 4342; x_wconf 91' lang='lat' dir='ltr'><strong>antiquitus</strong></span> <span class='ocrx_word' id='word_1_849' title='bbox 2344 4291 2445 4329; x_wconf 88' lang='lat' dir='ltr'><strong>una</strong></span> <span class='ocrx_word' id='word_1_850' title='bbox 2476 4276 2636 4332; x_wconf 77' lang='lat' dir='ltr'><strong>fuerit</strong></span> <span class='ocrx_word' id='word_1_851' title='bbox 2669 4279 2862 4349; x_wconf 85' lang='lat' dir='ltr'><strong>lingua.</strong></span> <span class='ocrx_word' id='word_1_852' title='bbox 2894 4281 3042 4336; x_wconf 87' lang='lat' dir='ltr'><strong>Unde</strong></span> <span class='ocrx_word' id='word_1_853' title='bbox 3068 4284 3224 4351; x_wconf 85' lang='lat' dir='ltr'><strong>igitur</strong></span> <span class='ocrx_word' id='word_1_854' title='bbox 3247 4300 3405 4340; x_wconf 88' lang='lat' dir='ltr'><strong>unam</strong></span> 
     </span>
    </p>
   </div>
   <div class='ocr_carea' id='block_1_106' title="bbox 1840 4361 3406 4431">
    <p class='ocr_par' dir='ltr' id='par_1_106' title="bbox 1840 4361 3406 4431">
     <span class='ocr_line' id='line_1_106' title="bbox 1840 4361 3406 4431; baseline 0.008 -16"><span class='ocrx_word' id='word_1_855' title='bbox 1840 4361 2070 4431; x_wconf 91' lang='lat' dir='ltr'><strong>linguam</strong></span> <span class='ocrx_word' id='word_1_856' title='bbox 2117 4362 2279 4419; x_wconf 82' lang='lat' dir='ltr'><strong>fuisse</strong></span> <span class='ocrx_word' id='word_1_857' title='bbox 2320 4368 2562 4421; x_wconf 81' lang='lat' dir='ltr'><strong>constat?</strong></span> <span class='ocrx_word' id='word_1_858' title='bbox 2608 4368 2671 4420; x_wconf 87' lang='lat' dir='ltr'><strong>Et</strong></span> <span class='ocrx_word' id='word_1_859' title='bbox 2716 4379 2819 4422; x_wconf 90' lang='lat' dir='ltr'><strong>erat</strong></span> <span class='ocrx_word' id='word_1_860' title='bbox 2859 4372 3019 4424; x_wconf 86' lang='lat' dir='ltr'><strong>omnis</strong></span> <span class='ocrx_word' id='word_1_861' title='bbox 3058 4381 3187 4425; x_wconf 87' lang='lat' dir='ltr'><strong>terra</strong></span> <span class='ocrx_word' id='word_1_862' title='bbox 3220 4374 3406 4427; x_wconf 75' lang='lat' dir='ltr'><strong>(obium</strong></span> 
     </span>
    </p>
   </div>
   <div class='ocr_carea' id='block_1_107' title="bbox 1837 4454 3403 4526">
    <p class='ocr_par' dir='ltr' id='par_1_107' title="bbox 1837 4454 3403 4526">
     <span class='ocr_line' id='line_1_107' title="bbox 1837 4454 3403 4526; baseline 0.01 -21"><span class='ocrx_word' id='word_1_863' title='bbox 1837 4469 1994 4505; x_wconf 85' lang='lat' dir='ltr'><strong>unum</strong></span> <span class='ocrx_word' id='word_1_864' title='bbox 2034 4454 2186 4523; x_wconf 77' lang='lat' dir='ltr'><strong>(Gen.</strong></span> <span class='ocrx_word' id='word_1_865' title='bbox 2216 4456 2299 4510; x_wconf 85' lang='grc'><strong>11.</strong></span> <span class='ocrx_word' id='word_1_866' title='bbox 2336 4457 2410 4526; x_wconf 90' lang='grc'><strong>1).</strong></span> <span class='ocrx_word' id='word_1_867' title='bbox 2456 4457 2749 4513; x_wconf 91' lang='lat' dir='ltr'><strong>Obscurum</strong></span> <span class='ocrx_word' id='word_1_868' title='bbox 2792 4470 2875 4515; x_wconf 92' lang='lat' dir='ltr'><strong>est</strong></span> <span class='ocrx_word' id='word_1_869' title='bbox 2922 4463 3023 4516; x_wconf 91' lang='lat' dir='ltr'><strong>hoc</strong></span> <span class='ocrx_word' id='word_1_870' title='bbox 3062 4463 3279 4519; x_wconf 88' lang='lat' dir='ltr'><strong>dictum.</strong></span> <span class='ocrx_word' id='word_1_871' title='bbox 3324 4468 3403 4521; x_wconf 80' lang='lat' dir='ltr'><strong>An</strong></span> 
     </span>
    </p>
   </div>
   <div class='ocr_carea' id='block_1_108' title="bbox 1838 4542 3401 4621">
    <p class='ocr_par' dir='ltr' id='par_1_108' title="bbox 1838 4542 3401 4621">
     <span class='ocr_line' id='line_1_108' title="bbox 1838 4542 3401 4621; baseline 0.01 -26"><span class='ocrx_word' id='word_1_872' title='bbox 1838 4542 2030 4597; x_wconf 89' lang='lat' dir='ltr'><strong>labium</strong></span> <span class='ocrx_word' id='word_1_873' title='bbox 2061 4545 2217 4599; x_wconf 87' lang='lat' dir='ltr'><strong>habet</strong></span> <span class='ocrx_word' id='word_1_874' title='bbox 2246 4548 2430 4601; x_wconf 87' lang='lat' dir='ltr'><strong>terra?</strong></span> <span class='ocrx_word' id='word_1_875' title='bbox 2463 4548 2821 4620; x_wconf 89' lang='lat' dir='ltr'><strong>Nequaquam.</strong></span> <span class='ocrx_word' id='word_1_876' title='bbox 2855 4552 2988 4620; x_wconf 90' lang='lat' dir='ltr'><strong>Quid</strong></span> <span class='ocrx_word' id='word_1_877' title='bbox 3025 4569 3152 4621; x_wconf 81' lang='lat' dir='ltr'><strong>ergo</strong></span> <span class='ocrx_word' id='word_1_878' title='bbox 3188 4558 3319 4611; x_wconf 90' lang='lat' dir='ltr'><strong>dicit</strong></span> <span class='ocrx_word' id='word_1_879' title='bbox 3344 4568 3401 4613; x_wconf 92' lang='lat' dir='ltr'><strong>et</strong></span> 
     </span>
    </p>
   </div>
   <div class='ocr_carea' id='block_1_109' title="bbox 1836 4634 3402 4710">
    <p class='ocr_par' dir='ltr' id='par_1_109' title="bbox 1836 4634 3402 4710">
     <span class='ocr_line' id='line_1_109' title="bbox 1836 4634 3402 4710; baseline 0.008 -21"><span class='ocrx_word' id='word_1_880' title='bbox 1836 4634 1902 4690; x_wconf 85' lang='lat' dir='ltr'><strong>de</strong></span> <span class='ocrx_word' id='word_1_881' title='bbox 1923 4637 2063 4705; x_wconf 86' lang='lat' dir='ltr'><strong>quo?</strong></span> <span class='ocrx_word' id='word_1_882' title='bbox 2094 4637 2207 4690; x_wconf 89' lang='lat' dir='ltr'><strong>Non</strong></span> <span class='ocrx_word' id='word_1_883' title='bbox 2239 4638 2304 4691; x_wconf 88' lang='lat' dir='ltr'><strong>de</strong></span> <span class='ocrx_word' id='word_1_884' title='bbox 2332 4638 2429 4693; x_wconf 89' lang='lat' dir='ltr'><strong>hac</strong></span> <span class='ocrx_word' id='word_1_885' title='bbox 2460 4648 2601 4693; x_wconf 90' lang='lat' dir='ltr'><strong>terra</strong></span> <span class='ocrx_word' id='word_1_886' title='bbox 2644 4642 2875 4708; x_wconf 90' lang='lat' dir='ltr'><strong>loquitur</strong></span> <span class='ocrx_word' id='word_1_887' title='bbox 2902 4659 3019 4710; x_wconf 62' lang='lat' dir='ltr'><strong>quae</strong></span> <span class='ocrx_word' id='word_1_888' title='bbox 3069 4658 3224 4699; x_wconf 89' lang='lat' dir='ltr'><strong>sensu</strong></span> <span class='ocrx_word' id='word_1_889' title='bbox 3254 4660 3402 4702; x_wconf 89' lang='lat' dir='ltr'><strong>caret</strong></span> 
     </span>
    </p>
   </div>
   <div class='ocr_carea' id='block_1_110' title="bbox 1834 4726 3397 4801">
    <p class='ocr_par' dir='ltr' id='par_1_110' title="bbox 1834 4726 3397 4801">
     <span class='ocr_line' id='line_1_110' title="bbox 1834 4726 3397 4801; baseline 0.01 -23"><span class='ocrx_word' id='word_1_890' title='bbox 1834 4733 1887 4779; x_wconf 94' lang='lat' dir='ltr'><strong>et</strong></span> <span class='ocrx_word' id='word_1_891' title='bbox 1910 4726 2191 4782; x_wconf 91' lang='lat' dir='ltr'><strong>immobilis</strong></span> <span class='ocrx_word' id='word_1_892' title='bbox 2219 4738 2329 4793; x_wconf 90' lang='lat' dir='ltr'><strong>est;</strong></span> <span class='ocrx_word' id='word_1_893' title='bbox 2359 4729 2450 4783; x_wconf 89' lang='lat' dir='ltr'><strong>sed</strong></span> <span class='ocrx_word' id='word_1_894' title='bbox 2478 4731 2783 4785; x_wconf 89' lang='lat' dir='ltr'><strong>universum</strong></span> <span class='ocrx_word' id='word_1_895' title='bbox 2814 4747 2977 4801; x_wconf 88' lang='lat' dir='ltr'><strong>genus</strong></span> <span class='ocrx_word' id='word_1_896' title='bbox 3008 4735 3291 4792; x_wconf 87' lang='lat' dir='ltr'><strong>humanum</strong></span> <span class='ocrx_word' id='word_1_897' title='bbox 3320 4741 3397 4795; x_wconf 90' lang='lat' dir='ltr'><strong>sic</strong></span> 
     </span>
    </p>
   </div>
   <div class='ocr_carea' id='block_1_111' title="bbox 1834 4819 3398 4894">
    <p class='ocr_par' dir='ltr' id='par_1_111' title="bbox 1834 4819 3398 4894">
     <span class='ocr_line' id='line_1_111' title="bbox 1834 4819 3398 4894; baseline 0.009 -24"><span class='ocrx_word' id='word_1_898' title='bbox 1834 4819 2139 4886; x_wconf 88' lang='lat' dir='ltr'><strong>appellavit,</strong></span> <span class='ocrx_word' id='word_1_899' title='bbox 2169 4834 2261 4873; x_wconf 91' lang='lat' dir='ltr'><strong>eos</strong></span> <span class='ocrx_word' id='word_1_900' title='bbox 2300 4821 2591 4875; x_wconf 90' lang='lat' dir='ltr'><strong>admonens</strong></span> <span class='ocrx_word' id='word_1_901' title='bbox 2620 4824 2845 4891; x_wconf 64' lang='lat' dir='ltr'><strong>propriae</strong></span> <span class='ocrx_word' id='word_1_902' title='bbox 2873 4836 3093 4893; x_wconf 62' lang='lat' dir='ltr'><strong>naturae,</strong></span> <span class='ocrx_word' id='word_1_903' title='bbox 3135 4838 3357 4884; x_wconf 90' lang='lat' dir='ltr'><strong>matrem</strong></span> <span class='ocrx_word' id='word_1_904' title='bbox 3383 4873 3398 4894; x_wconf 92' lang='lat'><strong>,</strong></span> 
     </span>
    </p>
   </div>
   <div class='ocr_carea' id='block_1_112' title="bbox 1832 4909 3401 4989">
    <p class='ocr_par' dir='ltr' id='par_1_112' title="bbox 1832 4909 3401 4989">
     <span class='ocr_line' id='line_1_112' title="bbox 1832 4909 3401 4989; baseline 0.01 -28"><span class='ocrx_word' id='word_1_905' title='bbox 1832 4923 1897 4961; x_wconf 87' lang='lat' dir='ltr'><strong>ex</strong></span> <span class='ocrx_word' id='word_1_906' title='bbox 1924 4924 2023 4977; x_wconf 91' lang='lat' dir='ltr'><strong>qua</strong></span> <span class='ocrx_word' id='word_1_907' title='bbox 2052 4909 2151 4961; x_wconf 91' lang='lat' dir='ltr'><strong>orti</strong></span> <span class='ocrx_word' id='word_1_908' title='bbox 2178 4918 2321 4975; x_wconf 90' lang='lat' dir='ltr'><strong>sunt,</strong></span> <span class='ocrx_word' id='word_1_909' title='bbox 2344 4909 2449 4963; x_wconf 80' lang='lat' dir='ltr'><strong>illis</strong></span> <span class='ocrx_word' id='word_1_910' title='bbox 2480 4911 2531 4963; x_wconf 91' lang='lat' dir='ltr'><strong>in</strong></span> <span class='ocrx_word' id='word_1_911' title='bbox 2559 4915 2869 4967; x_wconf 89' lang='lat' dir='ltr'><strong>memoriam</strong></span> <span class='ocrx_word' id='word_1_912' title='bbox 2897 4930 3169 4971; x_wconf 86' lang='lat' dir='ltr'><strong>revocans.</strong></span> <span class='ocrx_word' id='word_1_913' title='bbox 3196 4918 3401 4989; x_wconf 72' lang='lat' dir='ltr'><strong>Duplex</strong></span> 
     </span>
    </p>
   </div>
   <div class='ocr_carea' id='block_1_113' title="bbox 1832 4996 3399 5070">
    <p class='ocr_par' dir='ltr' id='par_1_113' title="bbox 1832 4996 3399 5070">
     <span class='ocr_line' id='line_1_113' title="bbox 1832 4996 3399 5070; baseline 0.009 -22"><span class='ocrx_word' id='word_1_914' title='bbox 1832 4996 1969 5049; x_wconf 90' lang='lat' dir='ltr'><strong>enim</strong></span> <span class='ocrx_word' id='word_1_915' title='bbox 1992 5007 2073 5050; x_wconf 88' lang='lat' dir='ltr'><strong>est</strong></span> <span class='ocrx_word' id='word_1_916' title='bbox 2102 4996 2201 5051; x_wconf 91' lang='lat' dir='ltr'><strong>hoc</strong></span> <span class='ocrx_word' id='word_1_917' title='bbox 2226 4998 2441 5059; x_wconf 84' lang='lat' dir='ltr'><strong>animal.</strong></span> <span class='ocrx_word' id='word_1_918' title='bbox 2471 4998 2649 5062; x_wconf 89' lang='lat' dir='ltr'><strong>homo,</strong></span> <span class='ocrx_word' id='word_1_919' title='bbox 2679 5001 2906 5070; x_wconf 87' lang='lat' dir='ltr'><strong>inquam,</strong></span> <span class='ocrx_word' id='word_1_920' title='bbox 2932 5021 2995 5058; x_wconf 87' lang='lat' dir='ltr'><strong>ex</strong></span> <span class='ocrx_word' id='word_1_921' title='bbox 3037 5006 3240 5061; x_wconf 90' lang='lat' dir='ltr'><strong>duabus</strong></span> <span class='ocrx_word' id='word_1_922' title='bbox 3270 5010 3399 5062; x_wconf 88' lang='lat' dir='ltr'><strong>sub-</strong></span> 
     </span>
    </p>
   </div>
   <div class='ocr_carea' id='block_1_114' title="bbox 1831 5087 3398 5165">
    <p class='ocr_par' dir='ltr' id='par_1_114' title="bbox 1831 5087 3398 5165">
     <span class='ocr_line' id='line_1_114' title="bbox 1831 5087 3398 5165; baseline 0.011 -26"><span class='ocrx_word' id='word_1_923' title='bbox 1831 5088 2036 5139; x_wconf 85' lang='lat' dir='ltr'><strong>stantiis</strong></span> <span class='ocrx_word' id='word_1_924' title='bbox 2073 5087 2350 5151; x_wconf 85' lang='lat' dir='ltr'><strong>conﬂatus,</strong></span> <span class='ocrx_word' id='word_1_925' title='bbox 2380 5105 2479 5143; x_wconf 88' lang='lat' dir='ltr'><strong>una</strong></span> <span class='ocrx_word' id='word_1_926' title='bbox 2524 5092 2777 5155; x_wconf 91' lang='lat' dir='ltr'><strong>sensibili,</strong></span> <span class='ocrx_word' id='word_1_927' title='bbox 2808 5096 3063 5163; x_wconf 88' lang='lat' dir='ltr'><strong>spirituali</strong></span> <span class='ocrx_word' id='word_1_928' title='bbox 3088 5099 3273 5165; x_wconf 85' lang='lat' dir='ltr'><strong>altera,</strong></span> <span class='ocrx_word' id='word_1_929' title='bbox 3298 5100 3398 5156; x_wconf 86' lang='lat' dir='ltr'><strong>hoc</strong></span> 
     </span>
    </p>
   </div>
   <div class='ocr_carea' id='block_1_115' title="bbox 1831 5176 3394 5247">
    <p class='ocr_par' dir='ltr' id='par_1_115' title="bbox 1831 5176 3394 5247">
     <span class='ocr_line' id='line_1_115' title="bbox 1831 5176 3394 5247; baseline 0.01 -19"><span class='ocrx_word' id='word_1_930' title='bbox 1831 5184 1930 5238; x_wconf 89' lang='lat' dir='ltr'><strong>est,</strong></span> <span class='ocrx_word' id='word_1_931' title='bbox 1963 5191 2027 5229; x_wconf 85' lang='lat' dir='ltr'><strong>ex</strong></span> <span class='ocrx_word' id='word_1_932' title='bbox 2054 5176 2229 5230; x_wconf 86' lang='lat' dir='ltr'><strong>anima</strong></span> <span class='ocrx_word' id='word_1_933' title='bbox 2259 5187 2312 5231; x_wconf 92' lang='lat' dir='ltr'><strong>et</strong></span> <span class='ocrx_word' id='word_1_934' title='bbox 2336 5192 2579 5247; x_wconf 86' lang='lat' dir='ltr'><strong>corpore,</strong></span> <span class='ocrx_word' id='word_1_935' title='bbox 2612 5183 2696 5233; x_wconf 89' lang='lat' dir='ltr'><strong>cui</strong></span> <span class='ocrx_word' id='word_1_936' title='bbox 2726 5196 2845 5236; x_wconf 92' lang='lat' dir='ltr'><strong>cum</strong></span> <span class='ocrx_word' id='word_1_937' title='bbox 2874 5184 3171 5240; x_wconf 74' lang='lat' dir='ltr'><strong>etelestibus</strong></span> <span class='ocrx_word' id='word_1_938' title='bbox 3197 5196 3243 5241; x_wconf 92' lang='lat' dir='ltr'><strong>et</strong></span> <span class='ocrx_word' id='word_1_939' title='bbox 3276 5204 3394 5243; x_wconf 84' lang='lat' dir='ltr'><strong>cum</strong></span> 
     </span>
    </p>
   </div>
   <div class='ocr_carea' id='block_1_116' title="bbox 1832 5266 3396 5347">
    <p class='ocr_par' dir='ltr' id='par_1_116' title="bbox 1832 5266 3396 5347">
     <span class='ocr_line' id='line_1_116' title="bbox 1832 5266 3396 5347; baseline 0.009 -29"><span class='ocrx_word' id='word_1_940' title='bbox 1832 5266 2167 5320; x_wconf 89' lang='lat' dir='ltr'><strong>terrestribus</strong></span> <span class='ocrx_word' id='word_1_941' title='bbox 2214 5269 2457 5336; x_wconf 87' lang='lat' dir='ltr'><strong>cognatio</strong></span> <span class='ocrx_word' id='word_1_942' title='bbox 2500 5271 2736 5338; x_wconf 78' lang='lat' dir='ltr'><strong>quzedam</strong></span> <span class='ocrx_word' id='word_1_943' title='bbox 2786 5272 3085 5327; x_wconf 87' lang='lat' dir='ltr'><strong>intercedit.</strong></span> <span class='ocrx_word' id='word_1_944' title='bbox 3128 5275 3257 5330; x_wconf 87' lang='lat' dir='ltr'><strong>Nam</strong></span> <span class='ocrx_word' id='word_1_945' title='bbox 3303 5294 3396 5347; x_wconf 79' lang='lat' dir='ltr'><strong>per</strong></span> 
     </span>
    </p>
   </div>
   <div class='ocr_carea' id='block_1_117' title="bbox 1830 5355 3390 5423">
    <p class='ocr_par' dir='ltr' id='par_1_117' title="bbox 1830 5355 3390 5423">
     <span class='ocr_line' id='line_1_117' title="bbox 1830 5355 3390 5423; baseline 0.009 -16"><span class='ocrx_word' id='word_1_946' title='bbox 1830 5355 2158 5421; x_wconf 79' lang='lat' dir='ltr'><strong>Spiritualem</strong></span> <span class='ocrx_word' id='word_1_947' title='bbox 2190 5356 2401 5423; x_wconf 89' lang='lat' dir='ltr'><strong>quidem</strong></span> <span class='ocrx_word' id='word_1_948' title='bbox 2431 5358 2776 5412; x_wconf 88' lang='lat' dir='ltr'><strong>substantiam</strong></span> <span class='ocrx_word' id='word_1_949' title='bbox 2817 5375 2935 5414; x_wconf 91' lang='lat' dir='ltr'><strong>cum</strong></span> <span class='ocrx_word' id='word_1_950' title='bbox 2986 5363 3263 5418; x_wconf 88' lang='lat' dir='ltr'><strong>virtutibus</strong></span> <span class='ocrx_word' id='word_1_951' title='bbox 3301 5383 3390 5421; x_wconf 83' lang='lat' dir='ltr'><strong>su-</strong></span> 
     </span>
    </p>
   </div>
   <div class='ocr_carea' id='block_1_118' title="bbox 1832 5445 3393 5514">
    <p class='ocr_par' dir='ltr' id='par_1_118' title="bbox 1832 5445 3393 5514">
     <span class='ocr_line' id='line_1_118' title="bbox 1832 5445 3393 5514; baseline 0.008 -16"><span class='ocrx_word' id='word_1_952' title='bbox 1832 5445 2011 5513; x_wconf 89' lang='lat' dir='ltr'><strong>pernis</strong></span> <span class='ocrx_word' id='word_1_953' title='bbox 2042 5446 2347 5513; x_wconf 86' lang='lat' dir='ltr'><strong>participat:</strong></span> <span class='ocrx_word' id='word_1_954' title='bbox 2370 5461 2464 5514; x_wconf 90' lang='lat' dir='ltr'><strong>per</strong></span> <span class='ocrx_word' id='word_1_955' title='bbox 2499 5448 2802 5502; x_wconf 91' lang='lat' dir='ltr'><strong>sensibilem</strong></span> <span class='ocrx_word' id='word_1_956' title='bbox 2838 5465 2957 5504; x_wconf 90' lang='lat' dir='ltr'><strong>cum</strong></span> <span class='ocrx_word' id='word_1_957' title='bbox 2984 5453 3139 5507; x_wconf 90' lang='lat' dir='ltr'><strong>rebus</strong></span> <span class='ocrx_word' id='word_1_958' title='bbox 3168 5462 3393 5511; x_wconf 74' lang='lat' dir='ltr'><strong>terrenis</strong></span> 
     </span>
    </p>
   </div>
   <div class='ocr_carea' id='block_1_119' title="bbox 1830 5536 3451 5605">
    <p class='ocr_par' dir='ltr' id='par_1_119' title="bbox 1830 5536 3451 5605">
     <span class='ocr_line' id='line_1_119' title="bbox 1830 5536 3451 5605; baseline 0.01 -17"><span class='ocrx_word' id='word_1_959' title='bbox 1830 5536 2137 5603; x_wconf 85' lang='lat' dir='ltr'><strong>copulatur,</strong></span> <span class='ocrx_word' id='word_1_960' title='bbox 2181 5546 2233 5589; x_wconf 90' lang='lat' dir='ltr'><strong>et</strong></span> <span class='ocrx_word' id='word_1_961' title='bbox 2275 5545 2354 5589; x_wconf 90' lang='lat' dir='ltr'><strong>est</strong></span> <span class='ocrx_word' id='word_1_962' title='bbox 2392 5537 2603 5604; x_wconf 86' lang='lat' dir='ltr'><strong>quidam</strong></span> <span class='ocrx_word' id='word_1_963' title='bbox 2652 5540 2811 5593; x_wconf 85' lang='lat' dir='ltr'><strong>veluti</strong></span> <span class='ocrx_word' id='word_1_964' title='bbox 2856 5556 3021 5595; x_wconf 81' lang='lat' dir='ltr'><strong>nexus</strong></span> <span class='ocrx_word' id='word_1_965' title='bbox 3064 5543 3392 5601; x_wconf 83' lang='lat' dir='ltr'><strong>ﬁrmissimus</strong></span> <span class='ocrx_word' id='word_1_966' title='bbox 3448 5604 3451 5605; x_wconf 65' lang='lat'><strong>,</strong></span> 
     </span>
    </p>
   </div>
   <div class='ocr_carea' id='block_1_120' title="bbox 1894 5646 3390 5710">
    <p class='ocr_par' dir='ltr' id='par_1_120' title="bbox 1894 5646 3390 5710">
     <span class='ocr_line' id='line_1_120' title="bbox 1894 5646 3390 5710; baseline 0.011 -17"><span class='ocrx_word' id='word_1_967' title='bbox 1894 5647 1963 5707; x_wconf 79' lang='grc' dir='ltr'><strong>(η)</strong></span> <span class='ocrx_word' id='word_1_968' title='bbox 1998 5648 2079 5694; x_wconf 79' lang='lat' dir='ltr'><strong>Hic</strong></span> <span class='ocrx_word' id='word_1_969' title='bbox 2119 5646 2296 5710; x_wconf 74' lang='lat' dir='ltr'><strong>aliquid</strong></span> <span class='ocrx_word' id='word_1_970' title='bbox 2337 5649 2437 5695; x_wconf 86' lang='lat' dir='ltr'><strong>vitii</strong></span> <span class='ocrx_word' id='word_1_971' title='bbox 2486 5649 2563 5697; x_wconf 87' lang='lat' dir='ltr'><strong>vel</strong></span> <span class='ocrx_word' id='word_1_972' title='bbox 2603 5651 2823 5701; x_wconf 83' lang='lat' dir='ltr'><strong>defectus</strong></span> <span class='ocrx_word' id='word_1_973' title='bbox 2863 5667 2971 5703; x_wconf 87' lang='lat' dir='ltr'><strong>esse</strong></span> <span class='ocrx_word' id='word_1_974' title='bbox 3010 5656 3215 5705; x_wconf 89' lang='lat' dir='ltr'><strong>videtur.</strong></span> <span class='ocrx_word' id='word_1_975' title='bbox 3256 5667 3390 5710; x_wconf 83' lang='lat' dir='ltr'><strong>Putat</strong></span> 
     </span>
    </p>
   </div>
   <div class='ocr_carea' id='block_1_121' title="bbox 1833 5707 3388 5781">
    <p class='ocr_par' dir='ltr' id='par_1_121' title="bbox 1833 5707 3388 5781">
     <span class='ocr_line' id='line_1_121' title="bbox 1833 5707 3388 5781; baseline 0.012 -28"><span class='ocrx_word' id='word_1_976' title='bbox 1833 5714 2033 5781; x_wconf 69' lang='lat' dir='ltr'><strong>Ioannes</strong></span> <span class='ocrx_word' id='word_1_977' title='bbox 2057 5707 2532 5781; x_wconf 42' lang='lat' dir='ltr'><strong>Boisi&#39;us‘legendum,</strong></span> <span class='ocrx_word' id='word_1_978' title='bbox 2557 5718 2599 5759; x_wconf 86' lang='lat' dir='ltr'><strong>et</strong></span> <span class='ocrx_word' id='word_1_979' title='bbox 2625 5724 2711 5774; x_wconf 90' lang='lat' dir='ltr'><strong>pro</strong></span> <span class='ocrx_word' id='word_1_980' title='bbox 2734 5714 2883 5776; x_wconf 79' lang='lat' dir='ltr'><strong>clero,</strong></span> <span class='ocrx_word' id='word_1_981' title='bbox 2909 5722 2953 5765; x_wconf 85' lang='lat' dir='ltr'><strong>et</strong></span> <span class='ocrx_word' id='word_1_982' title='bbox 2974 5716 3158 5766; x_wconf 71' lang='lat' dir='ltr'><strong>auxilio</strong></span> <span class='ocrx_word' id='word_1_983' title='bbox 3188 5707 3388 5781; x_wconf 79' lang='lat' dir='ltr'><strong>Spiritus</strong></span> 
     </span>
    </p>
   </div>
   <div class='ocr_carea' id='block_1_122' title="bbox 1830 5768 2597 5822">
    <p class='ocr_par' dir='ltr' id='par_1_122' title="bbox 1830 5768 2597 5822">
     <span class='ocr_line' id='line_1_122' title="bbox 1830 5768 2597 5822; baseline 0.005 -6"><span class='ocrx_word' id='word_1_984' title='bbox 1830 5768 1993 5817; x_wconf 77' lang='lat' dir='ltr'><strong>sancti.</strong></span> <span class='ocrx_word' id='word_1_985' title='bbox 2020 5774 2107 5816; x_wconf 81' lang='lat' dir='ltr'><strong>Sed</strong></span> <span class='ocrx_word' id='word_1_986' title='bbox 2135 5769 2246 5815; x_wconf 75' lang='lat' dir='ltr'><strong>illud</strong></span> <span class='ocrx_word' id='word_1_987' title='bbox 2269 5768 2483 5819; x_wconf 80' lang='lat' dir='ltr'><strong>divinare</strong></span> <span class='ocrx_word' id='word_1_988' title='bbox 2507 5781 2597 5822; x_wconf 76' lang='lat' dir='ltr'><strong>est.</strong></span> 
     </span>
    </p>
   </div>
  </div>
