4148 6306
732 372 843 427 183

734 468 1008 536 utriusque
1048 475 1321 521 creaturae.
1351 464 1482 519 Cum
1519 464 1678 534 igitur
1722 459 1919 531 aliquid
1957 461 2065 529 agit
2106 472 2291 513 eorum

739 572 855 625 qua:
883 557 989 611 Deo
1017 566 1138 611 sunt
1174 556 1394 626 placita,
1430 553 1720 619 spiritualis
1756 551 1979 617 dicitur,
2005 560 2059 605 et
2090 563 2190 604 nec
2228 549 2295 604 ab

735 645 848 716 ipsa
888 646 1095 717 quidem
1124 646 1297 699 anima
1327 660 1519 699 nomen
1560 643 1751 711 accipit
1774 682 1790 708 ,
1820 642 1911 697 sed
1937 641 2005 695 ab
2029 641 2133 694 alio
2157 654 2295 710 quo-

737 734 858 787 dam
898 735 1099 789 honore
1149 734 1358 802 majori,
1400 748 1431 787 a
1479 732 1707 801 Spiritus
1746 732 2074 801 operatione.
2113 730 2294 797 Neque

737 821 878 875 enim
907 821 973 875 ad
1002 831 1147 877 recte
1174 821 1310 876 iacui
1341 820 1535 875 sufﬁcit
1560 822 1759 885 anima,
1790 820 1889 874 nisi
1915 820 2004 874 illo
2034 819 2295 888 potiamur

735 912 950 965 auxilio.
979 916 1150 980 Atque
1180 922 1235 965 ut
1272 912 1577 981 intelligatis
1613 913 1842 965 animam
1878 911 2030 965 nobis
2056 909 2123 962 ad
2151 918 2293 964 recte

738 1000 869 1054 facta
897 1016 1000 1054 non
1027 1003 1295 1066 sufﬁcere;
1333 1010 1385 1055 et
1431 1000 1555 1071 quid
1584 998 1734 1061 dico.
1759 999 1826 1053 ad
1853 1008 1998 1053 recte
2034 997 2200 1052 facta?
2225 1012 2292 1052 ne

737 1089 803 1141 ad
836 1088 933 1143 hoc
958 1089 1169 1158 quidem
1200 1100 1253 1143 ut
1279 1105 1341 1143 ca
1368 1106 1487 1159 qua:
1514 1089 1791 1154 dicuntur,
1820 1089 2092 1157 percipere
2121 1087 2290 1154 passio

741 1194 861 1232 mus
888 1196 903 1233 :
930 1179 1194 1243 Animalis,
1227 1180 1413 1250 inqu-it,
1439 1182 1586 1234 homo
1605 1196 1703 1234 non
1726 1181 1932 1249 percipit
1956 1195 2014 1233 ea
2038 1194 2152 1245 qua
2177 1188 2290 1233 sunt

738 1268 962 1336 Spiritus
989 1268 1066 1339 (1.
1098 1268 1216 1324 Cor.
1245 1268 1301 1323 2.
1334 1268 1442 1340 is).
1485 1269 1616 1324 Nam
1657 1280 1713 1323 ut
1749 1269 2015 1323 carnalem
2063 1269 2291 1337 appellat

738 1372 883 1423 eum,
910 1359 999 1427 qui
1037 1356 1186 1412 carni
1226 1358 1421 1424 servit,
1466 1359 1544 1414 sic
1571 1358 1855 1413 animalem
1883 1357 2112 1427 appellat
2135 1373 2286 1423 eum,

737 1448 825 1516 qui
853 1448 1337 1506 ratiocinationibus
1358 1447 1597 1502 humanis
1609 1455 1799 1502 cuncta
1822 1447 2093 1517 permittit,
2120 1462 2290 1517 neque

738 1537 963 1605 Spiritus
989 1537 1221 1591 amatum
1250 1538 1456 1607 recipit.
1480 1536 1606 1598 Sed,
1628 1544 1686 1591 ut
1721 1536 1995 1601 dicebam,
2034 1552 2131 1590 nos
2165 1538 2288 1591 dum

738 1636 881 1679 recte
921 1626 1158 1696 agimus,
1201 1625 1499 1696 spirituales
1534 1625 1927 1681 dicimur:cum
1955 1640 2079 1679 vero
2108 1640 2291 1693 pecu-

738 1732 876 1782 mus,
907 1719 1320 1787 supplantamur,
1348 1729 1403 1774 et
1426 1719 1691 1789 quidpiam
1723 1719 1988 1788 indignum
2021 1719 2291 1774 nobilitate

737 1817 915 1862 nostra
958 1809 1287 1877 pangimus,
1317 1810 1469 1864 nobis
1494 1826 1525 1865 a
1554 1811 1641 1865 vili
1666 1819 1719 1864 et
1744 1808 1946 1879 ahjecta
1978 1820 2160 1863 natura
2192 1823 2290 1863 no-

738 1912 860 1951 men
888 1898 1128 1967 imponit,
1156 1909 1210 1954 et
1235 1914 1331 1955 nos
1358 1910 1549 1954 terram
1576 1900 1822 1969 appellat.
1850 1898 2103 1964 Quoniam
2135 1899 2291 1966 igitur

740 1988 826 2042 hic
869 2003 1077 2059 quoque
1117 1990 1397 2044 nonnullos
1434 1998 1771 2045 accusaturus
1811 1996 1928 2054 est,
1969 1988 2057 2058 qui
2104 1987 2288 2041 turrim

738 2078 1143 2145 :ediﬁcaverant,
1185 2079 1273 2148 qui
1302 2080 1356 2133 in
1385 2080 1680 2144 superbiam
1707 2076 1832 2133 elati
1858 2088 2028 2144 erant,
2054 2076 2143 2147 qui
2172 2094 2289 2131 Ina-

731 2166 877 2233 jores
917 2167 1169 2237 dignitate
1209 2182 1303 2222 sua
1349 2166 1565 2235 spiritus
1601 2166 1702 2222 sihi
1742 2175 2112 2235 sumpserant,
2168 2166 2291 2222 illos

734 2263 908 2307 autem
953 2264 1291 2310 accusaturus
1321 2265 1405 2309 est
1438 2256 1717 2323 superbiae,
1760 2254 1956 2309 idcirco
1986 2271 2017 2309 a
2046 2255 2134 2309 vili
2162 2254 2291 2309 sub-

735 2346 928 2399 stantia
956 2345 1105 2401 duxit
1129 2345 1534 2415 appellationem
1570 2361 1691 2401 cum
1721 2346 1853 2399 dixit
1877 2362 1891 2398 :
1916 2346 1978 2399 Et
2006 2355 2108 2398 erat
2129 2347 2289 2400 omnis

737 2447 867 2492 terra
893 2439 1075 2493 labium
1099 2455 1274 2492 unum.
1302 2440 1474 2508 Atque
1512 2446 1568 2493 ut
1595 2437 1807 2493 dissatis
1832 2439 1908 2492 sic
1931 2452 2051 2491 eum
2078 2452 2175 2490 nos
2196 2452 2289 2506 ap-

737 2528 937 2596 pellare
952 2543 1070 2583 cum
1092 2527 1500 2597 peccaverimus,
1520 2526 1778 2581 Adannnn
1802 2526 1868 2580 ita
1888 2536 2004 2595 post
2021 2535 2287 2594 peccatum

734 2618 1015 2685 appellavit
1041 2619 1256 2685 dicens,
1306 2616 1461 2671 Terra
1501 2632 1587 2683 es,
1634 2626 1681 2670 et
1722 2618 1774 2670 in
1811 2632 1998 2670 .srram
2033 2617 2288 2669 reverteris

732 2707 883 2774 (Gen.
916 2709 969 2764 5.
1002 2707 1091 2778 19)
1114 2724 1129 2761 :
1154 2707 1359 2761 tametsi
1391 2722 1495 2761 non
1530 2716 1671 2762 terra
1711 2715 1911 2759 tantum
1940 2714 2086 2769 erat,
2117 2705 2208 2759 sed
2234 2714 2289 2760 et

731 2798 958 2851 animum
981 2797 1202 2851 habebat
1218 2798 1587 2851 immortalem.
1603 2795 1708 2851 Cur
1723 2797 1879 2866 igitur
1900 2805 2092 2850 terram
2116 2797 2285 2864 ipsum

729 2886 1049 2954 appellavit?
1069 2885 1198 2954 Quia
1227 2887 1484 2955 peccavit.
1510 2884 1649 2940 Sane
1671 2900 1789 2939 cum
1814 2883 1983 2954 ipsum
2013 2884 2284 2950 formaret,

728 2988 831 3026 non
860 2974 929 3027 ita
952 2974 1096 3028 illum
1129 2974 1586 3043 appellavit:quid
1613 2973 1783 3044 ergo?
1819 2973 2087 3027 Faciamus
2120 2976 2284 3027 homi-

729 3079 840 3117 nent
862 3061 929 3115 ad
952 3062 1217 3133 imaginem
1236 3072 1283 3116 et
1301 3061 1677 3115 similitudinem
1697 3070 1948 3114 nostram:
1960 3070 2006 3113 et
2029 3062 2285 3114 dontinsno

723 3162 809 3208 sur
858 3154 1070 3221 piscibus
1112 3153 1303 3219 maris,
1348 3161 1396 3206 et
1447 3152 1612 3207 bestiis
1661 3160 1828 3206 terra.
1882 3148 1949 3203 Et
1992 3152 2083 3203 erit
2138 3152 2284 3204 timor

725 3260 897 3297 eorum
944 3252 990 3297 ct
1018 3251 1202 3296 tremor
1228 3258 1379 3311 super
1403 3257 1595 3295 omnem
1624 3248 1805 3294 terram
1836 3238 1988 3311 (Gen.
2021 3240 2071 3293 1.
2098 3238 2197 3303 26;
2226 3239 2281 3294 9.

724 3330 802 3401 2).
849 3331 1007 3385 Vides
1041 3330 1210 3401 qualis
1253 3336 1398 3385 esset
1441 3338 1640 3383 naturae
1680 3328 2057 3398 praerogativa?
2100 3328 2282 3396 quales

726 3422 995 3477 honores?
1022 3422 1193 3491 qualia
1226 3421 1525 3492 praeconia?
1552 3420 1922 3475 Verumtamen
1951 3430 2073 3472 ante
2100 3434 2282 3488 pecea-

726 3523 834 3565 tum
860 3529 874 3565 :
898 3520 1016 3580 post
1044 3522 1314 3579 peccatum
1344 3520 1518 3564 autem
1552 3510 1804 3577 deinceps
1824 3525 1840 3561 :
1860 3508 2020 3561 Terra
2052 3525 2123 3571 es,
2155 3518 2201 3561 et
2228 3509 2279 3560 in

726 3613 909 3654 terram
946 3602 1223 3654 reverteris.
1262 3600 1397 3654 Audi
1443 3614 1566 3652 vero
1608 3598 1917 3653 Halachiam
1966 3612 2173 3666 quoque
2202 3596 2281 3650 id-

725 3692 894 3757 ipsum
926 3690 1261 3754 innuentem,
1288 3690 1366 3744 vel
1417 3690 1590 3757 potius
1622 3688 1781 3741 Deum
1814 3702 1906 3755 per
1931 3686 2277 3755 prophetam:

728 3778 854 3831 Ecce
877 3780 1013 3832 enim
1042 3781 1181 3831 mitto
1234 3779 1385 3841 uobis,
1418 3779 1604 3846 inquit,
1637 3776 1803 3829 Eliam
1828 3774 2091 3829 Thesbiten
2119 3775 2277 3844 (Mal.

723 3868 776 3921 4.
824 3866 899 3937 5).
936 3867 1042 3921 Cur
1082 3868 1241 3937 igitur
1279 3867 1475 3921 mittit?
1504 3866 1570 3921 Ut
1606 3876 1858 3920 convertat
1891 3882 1979 3919 cor
2018 3867 2175 3935 patris
2210 3867 2279 3918 ad

721 3957 883 4025 ﬁlium
908 3956 1068 4025 (Ibid.
1094 3973 1140 4010 υ.
1165 3958 1243 4026 6).
1275 3956 1405 4013 Nam
1434 3957 1551 4027 quia
1578 3956 1808 4010 futurum
1832 3965 1934 4020 est,
1961 3966 2017 4009 ut
2045 3941 2276 4011 tremen-

723 4045 845 4098 dum
869 4046 990 4099 illud
1009 4055 1062 4101 et
1083 4046 1400 4100 horrendum
1422 4044 1665 4099 adveniat
1682 4046 1954 4113 judicium,
1980 4061 2044 4098 ne
2065 4046 2277 4100 inexcu-

720 4134 910 4188 sabiles
930 4150 991 4188 ac
1013 4136 1181 4202 pomis
1200 4134 1455 4188 obnoxios
1472 4134 1829 4203 deprehensos
1848 4135 2049 4203 aliquos
2064 4134 2277 4190 damnet

721 4223 888 4278 Judex
909 4241 923 4277 :
943 4234 996 4278 ut
1026 4239 1144 4277 cum
1174 4226 1378 4278 venerit
1407 4225 1526 4290 ille,
1566 4240 1629 4279 ac
1662 4224 1961 4293 praedixerit
1988 4226 2273 4295 appr-epin-

722 4329 886 4383 quare
934 4329 997 4369 ac
1025 4330 1119 4384 pro
1145 4315 1343 4369 foribus
1378 4329 1495 4367 esse
1522 4314 1801 4369 adventum
1828 4313 1961 4381 ejus,
1992 4316 2057 4368 ad
2089 4317 2276 4369 melio-

721 4421 834 4461 rem
863 4406 1059 4475 [regem
1090 4416 1298 4461 revocet
1322 4405 1591 4471 homines;
1616 4406 1789 4460 solent
1810 4407 1999 4475 quippe
2018 4422 2134 4476 quae
2152 4416 2277 4464 ante

724 4493 919 4547 multos
954 4509 1119 4548 annos
1144 4494 1283 4547 dicta
1309 4504 1431 4547 sunt
1475 4495 1525 4547 in
1552 4502 1909 4562 contemptum
1936 4496 2114 4549 venire
2137 4512 2151 4548 :
2174 4511 2273 4549 no-

722 4594 883 4637 stram
910 4584 1066 4654 igitur
1089 4585 1394 4638 memoriam
1420 4598 1679 4638 reuovans
1707 4584 1771 4636 ad
1798 4598 1893 4637 nos
1916 4583 2001 4637 ille
2024 4586 2274 4653 propheta

722 4674 883 4726 venit.
909 4673 1013 4728 Sed
1042 4674 1293 4743 appellari
1334 4682 1526 4727 terram
1554 4689 1647 4728 eos
1674 4674 1764 4743 qui
1791 4682 2034 4743 peccant,
2066 4673 2117 4727 id
2152 4690 2275 4730 vero

722 4778 860 4818 nunc
890 4765 1038 4819 nobis
1062 4773 1143 4819 est
1168 4764 1655 4819 demonstrandum.

790 4853 843 4907 6.
875 4851 1163 4906 Peccatores
1196 4854 1314 4907 dicti
1341 4863 1491 4907 terra.
1510 4882 1583 4895 —-
1604 4854 1735 4908 Cum
1765 4869 1893 4922 ergo
1930 4854 2176 4918 dixisset,
2208 4854 2276 4910 Ut

717 4950 965 4996 convertat
1000 4958 1087 4996 cor
1106 4945 1261 5012 patris
1287 4944 1353 4995 ad
1370 4944 1554 5011 ﬁlium,
1574 4943 1767 5011 adjecit
1793 4943 1905 4999 :Ne
1928 4944 2055 5012 forte
2081 4946 2276 5001 veniens

718 5032 989 5100 percutiam
1037 5042 1219 5085 terram
1272 5033 1505 5100 penitus;
1547 5034 1771 5101 percutit
1804 5043 1978 5087 autem
2030 5034 2148 5088 illos
2185 5036 2272 5103 qui

720 5129 956 5190 peccant.
1008 5121 1162 5175 Vides
1213 5136 1306 5175 eos
1346 5122 1433 5191 qui
1478 5130 1700 5190 peccant
1744 5132 1935 5175 terram
1984 5124 2275 5192 appellari?

716 5214 852 5266 Alibi
881 5228 1059 5267 rursus
1085 5213 1151 5267 de
1173 5212 1386 5268 Christo
1426 5228 1646 5267 narrans
1672 5215 1921 5282 propheta
1950 5214 2024 5270 sic
2064 5216 2271 5269 aiebat:

716 5300 829 5353 Erit
844 5304 1041 5370 justitia
1063 5303 1251 5356 cinctus
1279 5302 1499 5355 lumbum
1520 5319 1693 5367 suum,
1722 5313 1768 5355 et
1796 5306 1997 5356 veritate
2022 5305 2274 5357 involutus

715 5402 875 5443 costas
902 5408 1017 5444 suas
1056 5392 1203 5461 (Isai.
1232 5395 1319 5447 11.
1352 5395 1405 5460 5)
1439 5411 1452 5447 :
1486 5408 1591 5447 non
1629 5394 1767 5463 quod
1813 5395 1863 5447 in
1899 5394 2007 5447 Deo
2035 5396 2103 5448 sit
2129 5408 2272 5450 costa

718 5480 796 5533 vel
826 5480 1064 5543 lumbus;
1090 5483 1280 5550 quippe
1305 5497 1422 5536 cum
1447 5483 1810 5551 incorporeum
1843 5484 1909 5535 sit
1933 5482 2157 5549 Numen;
2182 5486 2272 5539 sed

721 5584 816 5636 per
847 5568 959 5621 lucc
1001 5570 1355 5637 incorruptum
1386 5586 1502 5624 esse
1544 5571 1740 5625 Iudicis
1771 5572 1918 5624 istius
1939 5611 1953 5634 ,
1985 5587 2153 5639 neque
2184 5574 2276 5627 de-

716 5657 815 5724 cipi
841 5672 995 5725 posse
1016 5658 1265 5726 judicium
1298 5660 1527 5713 declarat
1560 5675 1764 5733 :neque
1792 5661 1899 5730 jam
1934 5663 2153 5731 amplius
2181 5678 2267 5716 ca-

1458 350 1515 408 S.
1553 349 1827 407 IOANNIS
1863 343 2332 403 CllRYSOSTOMi
2370 344 2682 404 ARCHTEP.
2721 350 3246 410 CONSTANTINOP.

3859 378 3969 433 184

2403 455 2803 515 iumniatoribus
2821 501 2837 525 ,
2866 478 3036 532 neque
3062 464 3335 521 maledicis
3354 506 3372 535 ,
3398 480 3497 523 nec
3518 470 3841 540 corruptioni
3871 487 3967 541 per

2402 547 2649 614 pecunias
2674 587 2691 614 ,
2715 564 2813 605 nec
2834 548 2970 620 juris
3006 550 3230 610 inscitia
3275 554 3445 611 locum
3476 556 3610 612 fore.
3637 560 3765 615 Nam
3796 562 3847 616 in
3880 562 3966 618 his

2397 634 2607 703 quidem
2642 635 2856 705 iudiciis
2882 650 2935 694 et
2965 641 3217 697 innocens
3255 644 3521 713 plectitur,
3550 658 3603 701 et
3628 663 3750 703 reus
3777 650 3960 706 absol-

2397 725 2553 789 vitur,
2588 728 2708 796 quia
2736 742 2974 798 persaepe
3007 730 3097 799 jus
3135 732 3521 790 labefactatur:
3548 751 3667 791 cum
3707 753 3834 794 vero
3860 740 3954 809 ju-

2398 822 2517 868 stus
2552 814 2714 881 judex
2740 827 2794 871 et
2839 820 2926 888 qui
2970 820 3143 889 decipi
3192 822 3408 879 minime
3456 834 3627 893 potest
3651 827 3961 895 advenerit.

2395 904 2484 971 qui
2516 904 2718 970 jnstitia
2755 908 2957 961 cinctus
2981 920 3061 963 est
3088 911 3325 966 lumbum
3352 927 3527 979 suum,
3554 926 3606 970 et
3635 919 3856 973 veritate
3878 921 3959 973 in-

2395 993 2601 1048 volutus
2619 1006 2793 1050 costas
2820 1012 2963 1061 suas.
2988 1013 3174 1055 omnes
3198 1002 3530 1058 exactissime
3552 1004 3638 1073 jus
3658 1020 3811 1061 suum
3851 1010 3955 1063 ob-

2397 1084 2652 1139 tinebunt.
2676 1085 2743 1141 Et
2768 1090 3005 1156 percutiet
3031 1098 3211 1144 terram
3230 1092 3373 1146 verba
3398 1094 3498 1147 oris
3526 1098 3603 1149 sui
3626 1095 3783 1167 (Ibid.
3809 1117 3853 1153 υ.
3874 1100 3952 1173 oi).

2393 1175 2563 1243 Atque
2594 1186 2647 1228 ut
2667 1191 2951 1246 cognoscas
2974 1194 3077 1233 non
3103 1179 3169 1235 de
3191 1191 3350 1247 terra,
3378 1183 3469 1238 sed
3495 1184 3562 1240 de
3589 1191 3955 1255 peccatoribus

2393 1278 2514 1318 eum
2566 1266 2730 1333 loqui.
2749 1267 3004 1335 adiunxit,
3025 1268 3093 1324 Et
3119 1272 3171 1325 in
3212 1274 3394 1342 spiritu
3423 1292 3512 1345 per
3533 1277 3667 1331 labia
3690 1279 3956 1349 interﬁciat

2393 1354 2591 1421 impios.
2624 1355 2784 1412 Vides
2825 1357 2912 1412 hic
2954 1360 3111 1414 etiam
3143 1373 3445 1432 peccatores
3487 1382 3605 1424 esse
3635 1378 3828 1426 terram
3856 1388 3954 1442 ap-

2395 1444 2652 1512 pcllatos?
2697 1446 2787 1500 His
2836 1463 2962 1517 ergo
2980 1453 3241 1519 cognitis,
3289 1470 3407 1509 cum
3458 1459 3688 1516 audieris
3740 1478 3952 1518 omnem

2394 1540 2586 1587 terram
2633 1535 2826 1589 labium
2873 1553 3031 1591 unum
3075 1538 3271 1607 fuisse,
3313 1542 3590 1601 humanam
3630 1566 3810 1605 rursus
3853 1567 3952 1606 na-

2392 1628 2562 1674 turam
2608 1624 2837 1694 intellige
2868 1643 2881 1678 :
2914 1628 3176 1696 propriam
3228 1633 3369 1687 enim
3418 1636 3664 1691 vilitatem
3696 1640 3848 1695 nobis
3895 1643 3950 1697 in

2393 1713 2701 1767 memoriam
2727 1726 2939 1771 revocat
2970 1733 2983 1769 :
3012 1733 3255 1787 magnum
3298 1724 3491 1792 quippe
3518 1726 3709 1781 bonum
3743 1740 3823 1784 est
3850 1746 3947 1786 co-

2390 1802 2690 1869 gnationem
2718 1818 2864 1859 suam
2903 1822 3242 1877 cognoscere,
3270 1825 3333 1864 ac
3358 1814 3528 1881 scire,
3558 1817 3745 1885 quibus
3770 1833 3836 1873 ex
3865 1836 3952 1875 re.

2393 1887 2492 1941 bus
2534 1893 2790 1959 compacti
2842 1894 3028 1949 simus.
3056 1896 3180 1951 litec
3212 1898 3477 1955 sufﬁciens
3516 1914 3597 1957 est
3641 1904 3954 1963 humilitatis

2392 1976 2628 2034 doctrina
2656 1982 3011 2039 consideratio
3048 1998 3248 2041 natura:
3282 2006 3295 2043 :
3327 2005 3510 2047 omnes
3549 2006 3722 2062 potest
3745 2009 3954 2067 pertur-

2392 2067 2630 2124 bationes
2676 2071 2862 2127 sedare
2906 2082 2959 2128 et
3021 2078 3452 2145 tranquillitatem
3518 2085 3691 2140 animo
3743 2102 3953 2154 parere.

2391 2158 2676 2230 Propterea
2717 2165 2963 2220 monebat
3004 2166 3216 2235 quidam
3237 2208 3252 2231 ,
3278 2171 3489 2225 Attende
3525 2174 3611 2226 tibi
3636 2176 3733 2245 ipsi
3762 2176 3951 2247 (Eccli.

2388 2249 2477 2304 29.
2504 2250 2635 2319 27),
2668 2256 2896 2322 recogita
2942 2265 3181 2311 naturam
3224 2268 3277 2313 et
3320 2262 3637 2317 creationem
3688 2273 3861 2329 tuam,
3896 2277 3953 2323 et

2389 2339 2611 2395 sufﬁciet
2639 2341 2739 2396 hoc
2768 2342 2860 2396 tibi
2883 2352 2937 2397 ut
2965 2346 3235 2401 modestus
3258 2358 3507 2419 perpetuo
3532 2355 3605 2406 sis
3629 2360 3682 2407 et
3710 2354 3947 2409 humilis.

2391 2427 2670 2497 Propterea
2692 2431 2863 2499 justus
2893 2432 2981 2486 ille
3010 2434 3273 2489 Abraham
3298 2439 3546 2493 continuo
3574 2441 3951 2510 cogitationem

2391 2518 2525 2573 hanc
2543 2530 2717 2575 mente
2735 2523 2989 2588 versabat,
3006 2539 3102 2579 nec
3118 2540 3363 2595 umquam
3382 2528 3445 2583 de
3464 2544 3523 2585 se
3543 2531 3813 2600 magniﬁce
3828 2547 3951 2586 scn-

2391 2610 2569 2664 tiebat.
2597 2611 2751 2667 Certe
2790 2628 2909 2668 cum
2937 2615 3098 2669 Deum
3142 2616 3521 2686 alloqueretur,
3554 2634 3615 2675 ac
3641 2630 3781 2674 tanta
3804 2624 3950 2692 apud

2389 2717 2509 2756 eum
2544 2705 2711 2773 gratia
2736 2706 2974 2773 valeret,
3005 2718 3163 2775 atque
3186 2708 3252 2762 ah
3280 2709 3391 2778 ipso
3438 2710 3790 2765 testimonium
3837 2728 3949 2768 suae

2388 2792 2597 2845 virtutis
2640 2793 2928 2861 accepisset
2950 2836 2964 2860 ,
2995 2795 3201 2851 dicebat
3232 2814 3244 2849 :
3278 2796 3389 2868 Ego
3415 2811 3578 2853 autem
3604 2817 3711 2854 sum
3742 2810 3873 2854 terra
3901 2813 3949 2855 et

2385 2881 2511 2934 cinis
2540 2881 2687 2951 (Gen.
2715 2884 2800 2938 18.
2830 2883 2943 2953 27).
2970 2885 3117 2939 Alius
3143 2901 3326 2941 rursus
3355 2887 3617 2943 hominem
3646 2893 3947 2959 arrogantia

2388 2971 2621 3024 inﬂatum
2667 2988 2784 3025 cum
2817 2974 2974 3027 vellet
3019 2976 3341 3043 reprimere,
3366 2992 3468 3031 non
3496 2978 3704 3048 longum
3735 2994 3945 3034 sermo-

2386 3075 2507 3113 nem
2551 3060 2811 3125 instituit,
2839 3063 2931 3116 sed
2963 3064 3194 3118 animum
3245 3065 3358 3134 ejus
3384 3076 3582 3120 tantum
3628 3068 3693 3121 ad
3743 3077 3947 3123 natura:

2385 3163 2493 3202 suae
2524 3151 2826 3203 memoriam
2860 3161 3101 3217 revocat,
3126 3166 3353 3223 eumque
3382 3156 3571 3211 acriter
3614 3158 3833 3227 castigat
3860 3158 3947 3211 his

2386 3237 2559 3291 verbis
2590 3255 2603 3290 :
2638 3238 2769 3304 Quid
2794 3241 3012 3308 superbit
3049 3249 3181 3295 terra
3200 3252 3246 3295 et
3281 3243 3405 3297 cinis
3432 3243 3615 3313 (Eccli.
3647 3245 3732 3301 10.
3756 3246 3839 3318 9)?
3866 3248 3946 3303 Tu

2384 3326 2514 3379 mihi
2539 3342 2653 3395 quae
2686 3337 2802 3395 post
2848 3338 3070 3383 mortem
3097 3340 3353 3400 apparent
3397 3335 3819 3389 commemoras?
3843 3336 3949 3390 Re-

2385 3414 2552 3482 prime
2582 3418 2747 3485 ipsum
2780 3418 3061 3472 viventem.
3109 3420 3259 3475 Nunc
3286 3437 3345 3477 se
3386 3431 3575 3477 terram
3607 3439 3668 3478 ac
3708 3426 3943 3481 cinerem

2381 3518 2501 3557 esse
2526 3521 2625 3559 non
2651 3508 2903 3575 agnoscit.
2941 3508 3092 3563 Videt
3117 3512 3355 3578 corporis
3374 3511 3590 3566 formam
3612 3530 3624 3576 ;
3650 3515 3790 3568 videt
3836 3532 3939 3586 po-

2385 3594 2621 3659 tentiam,
2645 3606 3029 3650 assentatorum
3052 3598 3301 3667 obsequia
3321 3641 3336 3662 ,
3371 3604 3626 3669 parasitos
3652 3612 3941 3661 sectantes.

2384 3685 2627 3741 Vestibus
2680 3689 2925 3755 pretiosis
2955 3689 3203 3753 indutus,
3249 3706 3437 3759 magno
3480 3694 3813 3763 magistratus
3842 3709 3943 3763 ap-

2381 3788 2565 3845 paratu
2589 3775 2888 3841 decoratur,
2920 3778 3063 3832 illum
3085 3778 3199 3834 ιιωο
3226 3794 3413 3849 pompa
3443 3780 3655 3850 decipit,
3686 3793 3739 3837 et
3764 3793 3819 3837 ut
3842 3800 3942 3837 na-

2382 3875 2512 3920 turae
2540 3868 2875 3923 obliviscatur
2900 3870 3080 3924 efﬁcit.
3114 3872 3321 3927 Scimus
3368 3884 3557 3928 terram
3588 3890 3706 3929 esse
3750 3891 3847 3930 nos
3875 3891 3942 3933 ac

2379 3958 2761 4013 cineremzsed
2792 3977 2887 4015 nos
2932 3962 3021 4031 qui
3078 3972 3428 4032 temperantes
3470 3979 3531 4020 ac
3578 3966 3796 4022 modesti
3850 3984 3943 4023 su-

2381 4060 2499 4099 mus
2521 4054 2599 4099 :at
2626 4047 2711 4101 ille
2737 4049 3239 4105 demonstrationem
3264 4052 3398 4107 hanc
3419 4068 3446 4105 a
3468 4054 3569 4108 ﬁne
3592 4054 3799 4109 ductam
3831 4073 3940 4113 non

2381 4146 2686 4204 exspectat,
2730 4154 2900 4207 neque
2942 4141 3008 4194 ad
3054 4142 3255 4196 loculos
3300 4145 3630 4215 tumulosque
3678 4149 3940 4214 majorum

2379 4227 2568 4293 pergit,
2600 4226 2690 4280 sed
2714 4230 2989 4296 praesentia
3021 4233 3255 4299 respicit,
3284 4248 3453 4301 neque
3477 4234 3756 4304 quidquam
3784 4240 3942 4307 cogi-

2380 4322 2456 4367 tat
2477 4314 2544 4368 de
2586 4314 2791 4370 futuris.
2820 4317 2933 4372 Jam
2963 4333 3027 4372 ex
3069 4319 3168 4373 hoc
3196 4321 3339 4374 illum
3383 4322 3512 4377 doce
3539 4334 3730 4378 terram
3760 4340 3822 4379 ac
3856 4328 3940 4380 ci-

2380 4421 2558 4460 nerem
2585 4407 2751 4475 ipsum
2782 4424 2917 4462 esse.
2948 4410 3097 4465 Mane
3120 4414 3393 4483 tantisper.
3423 4416 3609 4481 inquit,
3635 4431 3804 4485 neque
3831 4417 3938 4472 hoc

2377 4496 2607 4563 docebo,
2641 4498 2732 4552 sed
2762 4498 2903 4552 aliud
2935 4502 3096 4554 multo
3145 4502 3397 4570 ahjcetius
3424 4519 3437 4555 :
3470 4514 3526 4557 ut
3549 4520 3667 4558 cum
3698 4504 3831 4559 fastu
3860 4508 3945 4559 iu~

2380 4588 2659 4650 tumuerit,
2689 4604 2835 4642 suam
2870 4590 3034 4657 ipsius
3059 4591 3311 4645 vilitatem
3350 4604 3594 4662 agnoscat
3619 4610 3635 4652 ;
3666 4604 3722 4649 ut
3751 4598 3943 4652 vivens

2382 4676 2605 4743 accipiat
2628 4676 2960 4730 medicinam.
2988 4679 3117 4733 Cum
3146 4681 3286 4733 enim
3315 4680 3565 4749 dixisset,
3602 4684 3737 4748 Quid
3764 4701 3943 4755 super-

2380 4766 2448 4817 bit
2478 4776 2607 4818 terra
2632 4775 2675 4817 et
2699 4766 2853 4820 cinis?
2882 4768 3073 4835 adjecit
3098 4787 3109 4820 :
3146 4769 3393 4832 Quoniam
3437 4772 3486 4825 in
3508 4774 3607 4826 vita
3636 4773 3702 4825 ad
3727 4776 3944 4829 nihilum

2378 4855 2581 4905 redacta
2624 4865 2737 4905 sunt
2762 4853 2934 4907 intima
2957 4858 3063 4925 ejus
3094 4855 3251 4923 (Ibid.
3295 4874 3343 4912 υ.
3374 4860 3481 4929 10).
3513 4862 3643 4928 Quid
3681 4865 3781 4921 hoc
3822 4876 3939 4933 est,

2384 4945 2627 5009 Quoniam
2654 4947 2704 4999 in
2734 4948 2832 4999 vita
2856 4949 2923 4999 ad
2950 4950 3161 5003 nihilum
3200 4954 3401 5006 redacta
3428 4966 3539 5009 sunt
3576 4959 3748 5013 intima
3790 4964 3945 5026 eius?

2379 5034 2669 5089 Obscurum
2716 5047 2794 5090 est
2851 5037 3075 5093 fortasse
3117 5041 3314 5096 dictum
3374 5045 3517 5100 illud.
3584 5047 3771 5103 lntima
3812 5053 3943 5108 dicit

2380 5123 2646 5190 intestina,
2677 5126 2802 5179 dicit
2834 5129 3051 5195 viscera,
3079 5142 3316 5187 ventrem
3341 5141 3659 5194 stercoribus
3683 5143 3893 5209 plenum
3917 5188 3932 5208 ,

2379 5228 2439 5265 ac
2486 5216 2661 5267 multis
2706 5217 2949 5271 sordibus
2987 5230 3042 5273 et
3093 5221 3279 5276 ταξιοΓο
3311 5241 3324 5277 :
3354 5241 3455 5279 non
3504 5231 3639 5297 quod
3693 5243 3939 5289 naturam

2379 5302 2621 5367 damnet,
2653 5306 2743 5358 sed
2776 5316 2829 5359 nt
2850 5308 2911 5359 ad
2940 5308 3287 5365 humilitatem
3319 5314 3559 5371 adducat.
3590 5320 3839 5386 Quoniam
3890 5328 3943 5379 in

2380 5394 2478 5445 vita
2528 5395 2593 5444 ad
2624 5396 2831 5449 nihilum
2878 5401 3081 5451 redacta
3124 5406 3300 5455 sunt‘.
3325 5404 3482 5460 Vides
3538 5425 3692 5478 quam
3726 5414 3843 5467 vilis
3888 5428 3942 5472 et

2381 5484 2519 5536 ﬂuxa
2550 5485 2617 5537 sit
2662 5495 2835 5539 nostra
2878 5490 3209 5543 subStantia?
3237 5491 3347 5547 Noli
3370 5495 3506 5550 diem
3536 5499 3705 5554 obitus
3746 5517 3941 5572 cx-pe-

2381 5614 2646 5723 ωζυξοιιλ,
2673 5620 2893 5677 Quoniam
2915 5632 2962 5668 ta
2987 5621 3079 5669 vita
3096 5622 3197 5681 ejus
3227 5623 3376 5675 vilitas
3416 5634 3599 5678 naturae
3628 5631 3732 5691 eius
3756 5637 3939 5695 perspe
