4130 6316
705 476 796 526 τῦν
836 469 1028 538 αὐχένα
1063 469 1425 534 ἀνατείνοντα,
1451 470 1549 531 τάς
1588 468 1755 538 ὀφρῦς
1795 469 2141 532 ἀνασπῶντα,
2177 469 2267 519 ἐπὶ

703 560 798 612 τοῦ
842 559 1113 628 ὀχήματος
1155 558 1468 629 φερόμενον,
1508 557 1849 620 ἀπειλοῦντα,
1883 557 1961 617 είς
1989 556 2268 625 δεσμωτή-

711 664 822 715 ριον
852 644 1202 714 ἐμϐάλλοντα,
1240 643 1452 714 Θανάτῳ
1478 644 1854 714 παραδιδόντα,
1878 643 2268 713 ἐπηρεάζοντα,

706 733 825 784 εἰπέ
863 731 994 802 πρὸς
1021 732 1196 784 αὐτόν·
1235 732 1294 784 Τί
1332 731 1834 798 ὑπερηφανεύεται
1875 729 1951 798 πῆ
1992 729 2089 781 καί
2121 744 2272 784 σπο-

707 821 840 883 δός;
876 818 995 870 Ὅτι
1038 818 1134 871 καὶ
1176 817 1244 870 ἐν
1288 816 1363 884 τῇ
1409 815 1520 884 ζωῇ
1557 817 1739 870 αὐτοῦ
1777 815 2165 879 ἑξουδένωται
2203 816 2274 868 τὰ

706 905 987 958 ἐνδόσθια
1035 904 1236 960 αὑτοῦ.
1287 904 1470 956 Ταῦτα
1523 904 1583 956 οὐ
1630 904 1757 974 περί
1790 903 2079 974 ἀνθρώπου
2117 903 2272 972 μόνον

711 991 940 1056 ἰδιώτου,
992 991 1124 1043 ἀλλά
1180 991 1271 1043 καὶ
1323 991 1450 1061 περί
1497 989 1660 1043 αὐτοῦ
1709 989 1803 1041 τοῦ
1836 989 2141 1058 καθημένου
2181 989 2272 1042 ἐπὶ

706 1078 798 1130 τοῦ
839 1079 1025 1149 θρόνου
1055 1076 1148 1128 τοῦ
1180 1078 1453 1146 βασιλικοῦ
1488 1077 1632 1129 ἐστιν
1669 1079 1860 1129 εἰπεῖν.
1905 1076 1996 1145 Μὴ
2034 1076 2142 1146 γάρ
2172 1076 2271 1144 τὴν

706 1165 993 1236 ἁλουργίδα
1022 1166 1154 1235 ἴδῃς,
1181 1165 1312 1236 μηδὲ
1344 1165 1405 1216 τὸ
1436 1163 1689 1233 διάδημα,
1717 1163 1850 1231 μηδέ
1882 1163 1951 1214 τὰ
1985 1163 2172 1231 ίμάτια
2203 1161 2270 1213 τὰ

704 1253 896 1319 χρυσᾶ,
925 1250 1037 1303 ἀλλ’
1068 1250 1232 1320 αὐτὴν
1276 1250 1374 1319 τὴν
1421 1249 1579 1317 φύσιν
1620 1247 1930 1318 ἐρεύνησον,
1979 1249 2074 1300 καὶ
2120 1247 2268 1300 οὐδὲν

702 1336 821 1404 ὕψει
853 1336 1006 1389 πλέον
1041 1336 1264 1406 ἔχουσαν
1294 1336 1401 1388 τῶν
1425 1334 1649 1388 πολλῶν·
1679 1333 1875 1404 μᾶλλον
1899 1334 1974 1398 δὲ,
1994 1335 2041 1385 εἰ
2070 1333 2266 1403 βούλει,

701 1424 795 1476 καὶ
814 1423 909 1493 τὴν
933 1423 1238 1492 ἁλουργίδα,
1258 1422 1350 1475 καὶ
1375 1423 1435 1474 τὸ
1459 1421 1712 1490 διάδημα,
1733 1422 1827 1474 καὶ
1849 1421 1916 1472 τά
1947 1420 2155 1490 ἱμάτια,
2176 1421 2269 1473 καὶ

702 1507 878 1558 πᾶσαν
924 1507 1170 1576 περίελθε
1202 1508 1298 1577 τὴν
1329 1508 1624 1575 φαντασίαν
1670 1507 1904 1575 ἐκείνην,
1937 1507 2029 1558 καί
2067 1506 2268 1559 τούτων

700 1593 876 1645 αὐτῶν
904 1592 1022 1661 ὕψει
1047 1594 1202 1647 πάλιν
1226 1593 1323 1664 τὴν
1344 1594 1445 1663 γῆν
1464 1589 1627 1647 οὖσαν
1661 1593 1932 1647 ὑπόθεσιν.
1957 1592 2130 1648 Πᾶσα
2160 1592 2268 1662 γὰρ

698 1678 845 1742 δόξα
872 1679 1180 1746 ἀνθρώπου
1215 1680 1294 1744 ὡς
1321 1680 1500 1746 ἄνθος
1531 1681 1766 1749 χόρτου.
1785 1680 1912 1733 Ἰδοὺ
1937 1681 2150 1750 καὶτῆς
2178 1682 2267 1732 εὐ-

695 1766 1007 1838 τελέστερος
1026 1766 1196 1834 ἐφάνη
1220 1769 1247 1818 6
1278 1765 1659 1836 καλλωπισμὸς
1689 1769 1892 1829 ἐκεῖνος
1922 1765 2087 1828 ἅπας.
2105 1768 2264 1836 Ὁρᾷς

696 1852 816 1915 πῶς
865 1851 1210 1906 καταστέλλει
1257 1851 1317 1904 τὸ
1353 1851 1613 1923 φύσημα;
1663 1852 1778 1915 πῶς
1810 1852 2060 1923 καθαιρεί
2086 1855 2265 1907 πᾶσαν

697 1941 948 1993 ἀπόνοιαν
968 1941 1001 2009 ἡ
1021 1939 1196 1992 ἐννοια
1219 1938 1318 2007 τῆς
1340 1938 1552 2007 φύσεως
1568 1938 1763 2008 αὑτῆς;
1795 1941 1978 2010 ’Λρκεῑ
2001 1941 2157 2010 μόνον
2179 1940 2266 1992 λο-

697 2026 946 2094 τίσασθαι
983 2026 1123 2087 τίνες
1157 2026 1340 2095 ἐσμὲν,
1378 2025 1472 2078 καί⁸
1514 2025 1675 2078 πόθεν
1715 2027 2142 2097 συνεστήκαμεν,
2172 2027 2264 2080 καί.

696 2115 844 2167 πάσα
873 2114 1146 2182 οἰχήσεται
1174 2113 1446 2182 λογισμῶν
1470 2113 1712 2167 ἀπόνοια.
1745 2112 1843 2166 Διά
1880 2113 1987 2184 γάρ
2014 2115 2169 2167 τοῦτο
2201 2118 2264 2169 ἐκ

696 2201 786 2254 δύο
829 2199 1021 2253 οὐσιῶν
1055 2200 1447 2253 κατεσκεύασεν
1480 2201 1626 2269 ἡμᾶς
1665 2201 1694 2252 6
1723 2200 1875 2266 Θεὸς,
1914 2201 1978 2253 ἵν’
2008 2202 2131 2254 ὅταν
2167 2203 2263 2272 μὲν

695 2290 773 2350 εἰς
809 2288 1064 2340 ἀπόνοιαν
1102 2286 1362 2356 ἐπαρθῇς,
1389 2287 1711 2356 καταστείλῃ
1743 2305 1801 2339 σε
1829 2287 1888 2338 τὸ
1925 2288 2134 2349 εὐτελὲς
2166 2290 2263 2358 τῆς

698 2373 916 2443 σαρκός·
952 2374 1078 2426 ὅταν
1101 2373 1156 2426 δὲ
1177 2372 1388 2438 ἀνάξιόν
1415 2390 1464 2425 τι
1489 2374 1582 2424 καὶ
1606 2371 1826 2438 ἀγεννὲς
1847 2382 1866 2402 ⁶
1894 2372 1992 2441 τῆς
2024 2373 2264 2441 δοθείσης

697 2477 778 2512 σοι
796 2477 869 2512 πα
877 2459 944 2528 ρὰ
960 2460 1052 2512 τοῦ
1069 2458 1202 2511 Θεοῦ
1219 2461 1381 2528 τιμῆς
1397 2458 1671 2529 ἐννοήσῃς,
1689 2458 1936 2528 ἀναγάγῃ
1953 2475 2011 2510 σε
2028 2459 2161 2528 πρὸς
2178 2459 2264 2510 τὸν

695 2545 801 2598 τῶν
833 2545 1093 2616 οὐρανίων
1114 2545 1389 2612 δυνάμεων
1411 2543 1568 2611 ζῆλον
1601 2547 1633 2612 ἡ
1665 2543 1762 2612 τῆς
1783 2541 1959 2612 ψυχῆς
1995 2543 2260 2611 εὐγένεια.

766 2631 832 2694 ζ’.
871 2632 984 2684 Οὐκ
1014 2634 1091 2693 εἰς
1126 2629 1401 2700 ἀναίρεσιν
1427 2629 1482 2682 δὲ
1515 2630 1765 2691 ἀπονοίας
1801 2630 1957 2698 μόνον
1988 2630 2264 2698 ἐπιτηδεία

697 2717 730 2785 ἡ
751 2715 1033 2784 ἐπίσκεψις
1055 2716 1152 2785 1?};
1180 2714 1392 2782 φύσεως
1434 2714 1567 2766 ἀλλά
1585 2715 1688 2767 κᾶν
1711 2715 1872 2785 ἑτέρα
1894 2731 1977 2777 τις
2003 2715 2264 2784 ἐπιθυμία

695 2802 958 2872 διενοχλῇ,
988 2801 1088 2853 κᾶν
1117 2803 1150 2869 ἡ
1203 2800 1308 2852 τῶν
1360 2801 1676 2870 χρημάτων,
1722 2799 1822 2852 κᾶν
1857 2802 1891 2870 ἡ
1918 2800 2025 2853 τῶν
2079 2803 2263 2870 σωμά-

694 2906 822 2952 των,
853 2892 885 2960 ἡ
914 2891 1108 2951 ἄτοπος
1132 2887 1268 2957 αὐτη
1304 2890 1396 2941 καὶ
1427 2887 1506 2950 εἰς
1531 2888 1816 2954 ἀσέλγειαν
1869 2889 2259 2958 ἐκκαλουμένη,

694 2979 905 3048 ἀπόχρη
939 2978 1092 3029 τοῦτο
1118 2978 1196 3039 εἰς
1223 2976 1570 3047 παραμυθίαν
1593 2976 1685 3028 τοῦ
1711 2975 1931 3040 πάθους.
1969 2978 2136 3030 Ὅταν
2171 2975 2262 3030 οῦν

695 3068 809 3138 ἴδῃς
830 3069 1059 3134 γυναῖκα
1077 3062 1366 3134 εὔμορφον,
1399 3063 1682 3132 λάμποντα
1710 3063 1937 3132 ἔχουσαν
1961 3064 2256 3135 ὀφθαλμὸν,

696 3152 934 3222 φαιδρὸν,
955 3151 1271 3204 στίλϐουσαν
1301 3150 1408 3203 ἀπὸ
1425 3150 1524 3219 τῆς
1556 3151 1804 3220 παρειάς,
1834 3150 2110 3220 ἀμήχανόν
2138 3169 2260 3205 τινα

694 3241 839 3310 ὥραν
865 3241 957 3292 ἐπί⁸
975 3240 1073 3308 1?};
1096 3239 1270 3307 ὅψεως
1296 3238 1581 3307 φέρουσαν,
1611 3238 1910 3305 φλέγουσαν
1933 3255 2025 3290 σου
2047 3239 2137 3291 τὸν
2171 3239 2259 3292 λο-

693 3328 910 3398 γισμόν,
945 3327 1037 3380 καὶ
1074 3329 1171 3396 τὴν
1201 3327 1490 3396 ἐπιθυμίαν
1515 3327 1801 3391 αὐξουσαν,
1824 3328 2072 3397 ἐννόησον
2091 3330 2171 3380 ότι
2188 3329 2259 3397 γῆ

689 3417 753 3469 τὸ
782 3414 1209 3485 θαυμαζόμενον,
1242 3415 1321 3465 ὅτι
1339 3413 1530 3474 σποδὸς
1558 3413 1617 3464 τὸ
1648 3414 1884 3477 ἐκκαῖον,
1919 3415 2012 3465 καὶ
2056 3415 2260 3466 παύσε-

692 3521 779 3557 ται
825 3501 1131 3571 λυττῶσαὴ
1183 3500 1347 3570 ψυχή·
1381 3499 1716 3566 ἁνακάλυψον
1757 3500 1922 3569 αὐτῆς
1977 3501 2035 3553 τὸ
2087 3501 2260 3572 δέρμα

691 3591 788 3660 τῆς
820 3590 1011 3659 ὅψεως,
1045 3590 1136 3642 καὶ
1153 3589 1271 3640 τότε
1301 3589 1475 3639 πᾶσαν
1503 3586 1668 3657 αὐτὴν
1693 3585 1812 3653 ὄψει
1844 3587 1945 3656 τῆς
1963 3589 2260 3657 εὐμορφίας

693 3678 790 3748 τὴν
821 3677 1110 3729 εὐτέλειαν·
1148 3676 1220 3743 μὴ
1255 3678 1385 3744 στῇς
1418 3675 1576 3744 μέχρι
1625 3675 1726 3743 τῆς
1757 3674 2096 3741 ἐπιφανείας,
2146 3675 2258 3727 ἀλλ’

693 3764 951 3834 ἐνδοτέρω
978 3763 1190 3831 διάϐηθι
1242 3762 1318 3826 τῷ
1344 3759 1602 3830 λογισμῷ,
1653 3761 1748 3812 καὶ
1783 3761 1932 3813 οὐδὲν
1955 3761 2136 3830 ἕτερον
2173 3763 2260 3815 εὐ-

695 3853 900 3923 ρήσεις,
931 3849 1042 3903 ἀλλ’
1071 3849 1102 3918 ἢ
1127 3849 1258 3901 ὀστᾶ
1282 3849 1373 3900 καὶ
1410 3847 1576 3917 νεῦρα
1606 3847 1699 3899 καὶ
1727 3846 1946 3913 φλέϐας.
2007 3847 2143 3899 Ἀλλ’
2163 3849 2261 3899 οὐκ

695 3940 854 4009 ἀρκεῖ
874 3934 1073 4002 ταῦτα;
1098 3933 1321 4002 Λόγισαί
1347 3949 1448 4002 μου
1487 3931 1687 4003 ταύτην
1713 3933 2117 4004 ἀλλοιουμένην,
2162 3951 2262 4005 γη-

697 4024 1020 4094 ράσκουσαν,
1062 4021 1478 4090 ἀρρωστοῦσαν,
1533 4019 1884 4087 ὐφιζάνοντας
1929 4020 2256 4090 ὀφθαλμοὺς,

694 4110 787 4163 καὶ
814 4107 1217 4176 κοιλαινομένας
1238 4106 1487 4175 παρειὰς,
1524 4106 1666 4157 ἀπαν
1694 4107 1990 4177 καταρρέον
2018 4108 2077 4160 τὸ
2101 4107 2260 4170 ἄνθος

696 4199 888 4252 ἐκεῖνο·
919 4195 1165 4266 ἐννόησον
1209 4193 1261 4246 τί
1314 4191 1631 4262 θαυμάζεις,
1674 4194 1764 4244 καὶ
1805 4193 2117 4263 αἰσχύνθητε
2166 4211 2256 4247 οτυ

694 4285 793 4354 τὴν
810 4284 1009 4354 κρίσιν.
1035 4280 1209 4351 Πηλὸν
1245 4280 1536 4350 θαυμάζεις
1553 4281 1645 4332 καὶ
1675 4280 1884 4340 σποδὸν,
1907 4281 1999 4332 καὶ
2030 4282 2174 4343 κόνις
2200 4297 2258 4333 0:

696 4372 906 4424 ἐκκαίει
934 4373 1027 4423 καὶ
1053 4369 1243 4439 τέφρα.
1262 4370 1334 4421 Οὐ
1389 4367 1706 4440 κατηγορῶν
1732 4371 1832 4438 τῆς
1857 4367 2068 4437 φύσεως
2089 4367 2259 4422 ταῦτα

694 4459 856 4526 λέγω·
892 4455 964 4527 μὴ
981 4457 1202 4523 γένοιτο·
1238 4455 1296 4507 οὐ
1325 4455 1581 4518 κακίζων,
1607 4454 1726 4506 οὐδέ
1752 4455 1832 4516 είς
1862 4455 2136 4507 εὐτέλειαν
2161 4456 2260 4524 ἐμ-

696 4545 931 4605 ϐάλλων,
967 4542 1098 4596 ἀλλὰ
1128 4542 1390 4612 φάρμακα
1411 4544 1519 4604 τοῖς
1568 4541 1780 4594 νοσοῦσι
1814 4541 2255 4606 κατασκευάζων.

694 4629 847 4705 [ίθεὶ]
872 4629 965 4682 Διά
986 4628 1141 4684 τοῦτο
1171 4632 1198 4682 6
1222 4629 1352 4690 Θεὸς
1381 4627 1632 4696 τοιαύτην
1672 4627 1841 4698 αὐτὴν
1870 4628 2140 4698 ἐποίησεν,
2171 4629 2261 4681 οῦ-

694 4734 802 4780 τως
836 4716 1043 4784 εὐτελῆ,
1070 4717 1152 4767 ἵνα
1173 4716 1266 4766 καὶ
1290 4713 1387 4785 τὴν
1415 4715 1618 4767 οἰκείαν
1653 4713 1878 4784 δύναμιν
1907 4714 2256 4784 ἐπιδείξηται,

697 4805 791 4858 καὶ
817 4802 912 4874 τὴν
948 4802 1268 4872 κηδεμονίαν
1299 4801 1395 4870 τὴν
1452 4800 1578 4871 περὶ
1605 4801 1769 4872 ἡμᾶς,
1799 4803 1864 4871 τῇ
1894 4801 1994 4869 τῆς
2047 4801 2259 4869 φύσεως

700 4892 799 4962 μὲν
819 4889 1062 4958 εὐτελείᾳ
1079 4887 1211 4959 πρὸς
1224 4887 1712 4956 ταπεινοφροσύνην
1725 4887 1951 4955 ἐνάγων,
1971 4889 2060 4940 καί
2081 4889 2258 4941 πᾶσαν

695 4979 795 5047 τὴν
822 4976 1109 5046 ἐπιθυμίαν
1138 4973 1294 5044 ἡμῶν
1317 4972 1707 5032 καταστέλλων,
1736 4974 1833 5043 τὴν
1854 4973 1908 5024 δὲ
1939 4973 2126 5041 σοφίαν
2156 4975 2260 5026 δει-

697 5063 827 5124 κνὺς
855 5061 952 5130 τὴν
1003 5058 1216 5121 ἐαυτοῦ,
1247 5058 1320 5122 ὼς
1353 5059 1445 5112 καὶ
1472 5061 1529 5111 ἐν
1561 5058 1713 5127 πηλῷ
1761 5059 2009 5111 τοσοῦτον
2065 5060 2260 5129 ίσχύων

696 5146 993 5214 ἐξασκῖνσαι
1010 5146 1221 5208 κάλλος.
1261 5147 1421 5198 Ὥστε
1453 5147 1580 5199 ὅταν
1607 5145 1921 5211 ἐξευτελίσω
1941 5146 2034 5216 τὴν
2053 5148 2257 5210 οὐσίαν,

692 5235 814 5289 τότε
853 5231 1172 5286 ἐκκαλύπτω
1197 5231 1295 5302 τὴν
1324 5233 1515 5304 τέχνην
1541 5235 1632 5287 τοῦ
1653 5233 2013 5304 Δημιουργοῦ.
2050 5233 2260 5304 Ὠσπερ

693 5320 801 5390 γὰρ
824 5317 1258 5387 ἀνδριαντοποιὸν
1301 5317 1421 5370 τότε
1483 5320 1679 5388 μᾶλλον
1734 5320 2100 5390 θαυμάζομεν,
2164 5323 2260 5391 οὐχ

693 5412 819 5461 ὅταν
859 5411 921 5461 ἐκ
966 5408 1190 5478 χρυσίου
1247 5405 1408 5458 καλὸν
1437 5409 1567 5475 ἡμῖν
1611 5407 1757 5479 δείξῃ
1811 5409 1901 5460 τὸν
1950 5409 2259 5478 ἀνδριάντα,

693 5494 805 5546 ἀλλ’
827 5495 952 5545 ὅταν
976 5495 1038 5544 ἐκ
1063 5491 1234 5562 πηλοῦ
1265 5492 1363 5561 τῆς
1390 5491 1520 5562 ῦλης
1542 5494 1901 5563 ὑποκειμένης
1925 5495 2260 5564 ἀπηρτισμέ-

695 5595 787 5647 νην
823 5580 914 5632 καὶ
946 5579 1148 5651 ἀκριϐῆ
1181 5578 1281 5650 τὴν
1307 5579 1489 5633 εἰκόνα
1547 5579 1843 5650 ἐργάζηται
1896 5581 2034 5633 οὕτω
2058 5584 2147 5634 καὶ
2171 5583 2259 5635 τὸν

749 5752 772 5781 ⁸
798 5751 925 5799 Savil
950 5752 1120 5811 ἀτενές.

1409 353 1464 407 S.
1506 351 1786 408 JOANNIS
1823 348 2302 407 CHRYSOSTCMI
2341 349 2656 409 ARCHIEP.
2697 354 3237 414 CONSTANTINOP.

3832 381 3948 436 186

2374 469 2753 545 ἀριστοτέχνην
2775 477 2904 528 Θεὸν
2947 474 3349 544 ἐκπληττόμεθα
3375 475 3467 528 καὶ
3493 473 3799 546 δοξάζομεν,
3853 477 3944 532 δτι

2375 561 2430 612 ἐν
2468 562 2642 630 σποδῴ
2673 565 2763 614 καὶ
2797 564 2950 632 πηλῷ
2974 563 3164 626 κάλλος
3195 564 3474 632 ἀμήχανον
3499 562 3592 615 καί⁵
3625 564 3814 631 σοφίας
3838 564 3943 636 ἀῤ-

2375 647 2535 714 ρήτου
2561 647 2705 709 τινὸς
2738 649 2992 714 ἐπίδειξιν
3020 653 3130 711 τοῖς
3169 649 3411 718 σώμασιν
3441 648 3600 718 ἡμῶν
3627 651 3941 703 ἐναπέθετο.

2373 732 2481 783 Καὶ
2510 733 2666 785 τοῦτο
2700 736 2797 786 οὐκ
2855 737 2910 787 ἐν
2951 735 3027 805 τῷ
3081 735 3288 804 σώματι
3351 736 3505 804 μόνον
3561 734 3635 805 τῷ
3663 736 3940 806 ἡμετέρῳ,

2372 817 2504 870 ἀλλὰ
2536 821 2627 871 καὶ
2658 823 2713 870 ἐν
2742 821 2886 891 πάσῃ
2920 824 2985 890 τῇ
3019 821 3188 874 κτίσει
3230 821 3500 890 ἐποίησεν.
3532 821 3777 883 Εὐτελείς
3827 821 3942 890 γὰρ

2373 903 2634 973 πολλαχοῦ
2686 907 3019 976 παραγαγών
3073 908 3170 969 τὰς
3228 906 3432 969 οὐσίας,
3465 908 3684 977 καὶτῆς
3731 909 3940 970 οἰκείας

2371 990 2563 1059 τέχνης
2583 994 2777 1061 δεῖγμα
2798 994 2961 1060 σαφὲς
2988 993 3342 1062 ἐγκατέθηκε,
3365 995 3458 1045 καὶ
3479 993 3578 1061 τῆς
3605 993 3710 1045 τῶν
3737 993 3939 1045 οὐσιῶν

2373 1075 2651 1137 ἀσθενείας
2684 1077 2900 1146 ἐλεγχόν
2951 1095 3067 1130 τινα
3092 1077 3467 1149 ἐγκατέμιξεν·
3491 1079 3576 1130 ἵνα
3599 1079 3683 1130 διὰ
3713 1080 3805 1146 μέν
3833 1080 3936 1146 τὴν

2372 1162 2572 1231 τέχνην
2599 1165 2691 1215 καὶ
2719 1163 2779 1214 τὸ
2813 1163 3003 1226 κάλλος
3026 1163 3306 1236 θαυμάζῃς
3349 1165 3440 1217 τὸν
3461 1164 3814 1234 Δημιουργδν,
3843 1166 3937 1216 διὰ

2370 1246 2538 1317 δὲτὴν
2568 1248 2848 1302 ἀσθένειαν
2873 1251 2964 1302 καὶ
2987 1249 3083 1319 τὴν
3135 1251 3402 1303 εὐτέλειαν
3442 1252 3538 1318 τῆς
3592 1250 3801 1318 φύσεως
3841 1253 3939 1302 καὶ

2370 1334 2468 1402 τῆς
2486 1335 2673 1397 οὐσίας
2703 1336 2777 1405 μὴ
2827 1338 3203 1407 προσκυνήσῃς
3225 1337 3291 1388 τὰ
3330 1337 3605 1406 γενόμενα.
3636 1337 3857 1406 Φαιδρίις
3907 1340 3938 1390 6

2367 1421 2514 1489 ἥλιος
2537 1421 2884 1491 λάμπων,καὶ
2914 1427 3090 1476 πᾶσαν
3113 1422 3441 1491 καταυγάζει
3473 1425 3568 1492 τὴν
3592 1425 3934 1492 οἰκουμένην·

2369 1506 2481 1560 ἀλλ’
2511 1508 2770 1580 ἐλθούσης
2802 1511 2901 1578 1?};
2957 1511 3146 1574 νυκτὸς
3201 1511 3461 1564 ἐκλείπει.
3509 1511 3569 1563 Τί
3618 1511 3743 1579 γὰρ,
3777 1510 3935 1576 φησὶ,

2367 1597 2785 1663 φωτεινότερον
2815 1598 2990 1665 ἡλίου
3013 1613 3031 1660 ;
3085 1596 3268 1650 Ἀλλὰ
3299 1596 3396 1649 καὶ
3441 1597 3613 1649 τοῦτο
3647 1597 3932 1648 ἐκλείπει·

2365 1682 2465 1734 οὐκ
2499 1685 2555 1735 ἐν
2577 1685 2728 1735 νυκτὶ
2748 1683 2803 1735 δέ
2839 1683 3016 1753 μόνον,
3062 1682 3194 1736 ἀλλά
3228 1683 3320 1735 καὶ
3354 1686 3410 1735 ἐν
3439 1683 3636 1751 ἡμέρᾳ.
3684 1684 3790 1734 Καὶ
3843 1683 3938 1735 διὰ

2366 1767 2522 1821 τοῦτο
2551 1769 2802 1832 πολλάκις
2835 1770 2927 1822 καὶ
2946 1771 3003 1821 ἐν
3035 1770 3213 1839 ἡμέρᾳ
3227 1767 3377 1837 ἥλιος
3404 1766 3766 1832 ἐξέλιπεν,ῖνα
3800 1766 3936 1818 θαυ-

2369 1856 2544 1927 μάζῃς
2583 1857 2679 1926 μὲν
2700 1855 2787 1908 διὰ
2809 1857 2906 1924 τὴν
2938 1856 3129 1925 τέχνην
3166 1855 3253 1908 τὸν
3268 1854 3619 1924 Δημιουργδν,
3655 1853 3728 1922 μὴ
3765 1869 3938 1922 προσ-

2365 1943 2603 2013 κυνήσῃς
2640 1941 2694 1994 δέ
2710 1942 2795 1994 διὰ
2816 1942 2913 2011 τὴν
2941 1941 3220 1994 ἀσθένειαν
3249 1942 3310 1993 τὸ
3332 1940 3629 2008 γενόμενον.
3661 1938 3821 2007 Ὁρᾷς
3841 1938 3936 1991 τὸν

2363 2029 2588 2098 οὐρανὸν
2615 2029 2816 2094 τοῦτον,
2851 2029 3032 2095 ἡλίκον
3057 2030 3171 2082 ἐστί
3204 2029 3391 2097 σῶμα;
3419 2026 3534 2089 πῶς
3574 2025 3768 2087 καλόν;
3814 2025 3936 2087 πῶς

2363 2114 2700 2178 ἀποστίλϐον,
2752 2117 2843 2169 καὶ
2866 2116 2969 2167 τῶν
2984 2117 3259 2186 ἡμετέρων
3286 2113 3488 2182 βέλτιον
3508 2111 3769 2180 σωμάτων
3789 2112 3935 2165 κατὰ

2363 2203 2458 2270 τὴν
2485 2203 2833 2270 ἐπιφάνειαν;
2879 2201 3016 2253 Ἀλλ’
3046 2202 3245 2271 ἄψυχόν
3277 2203 3441 2252 ἐστιν.
3507 2196 3655 2260 Εἶδες
3688 2199 3780 2250 καὶ
3830 2198 3936 2267 τῆς

2364 2289 2556 2357 τέχνης
2582 2288 2679 2358 τὴν
2699 2289 2972 2353 ἐπίδειξιν,
3001 2287 3094 2339 καί
3119 2288 3218 2355 1?};
3242 2287 3522 2348 ἀσθενείας
3549 2287 3638 2338 τὸν
3667 2285 3888 2353 ἔλεγχον
3910 2299 3931 2350 ς

2364 2377 2491 2446 ὁρᾷς
2518 2376 2854 2446 ἑκατέρωθέν
2873 2393 2955 2427 σοι
2980 2375 3046 2427 τὰ
3067 2374 3392 2444 ὀχυρώματα
3415 2374 3636 2443 κείμενα
3657 2390 3670 2436 ;
3695 2373 3808 2424 Ἰνα
3820 2372 3932 2440 γὰρ

2369 2462 2441 2532 μὴ
2472 2462 2884 2532 καταγινώσκῃς
2904 2462 2995 2513 τοῦ
3017 2461 3348 2533 Δημιουργοῦ
3382 2461 3456 2522 ὼς
3487 2458 3763 2520 ἀσθενοῦς,
3789 2458 3933 2510 καλᾶ

2367 2549 2634 2617 ἐποίησεν·
2652 2548 2737 2600 ἵνα
2759 2548 2813 2600 δέ
2850 2549 2922 2619 μὴ
2951 2553 3256 2619 προσκυνῇς
3282 2547 3348 2600 τά
3377 2547 3638 2615 γενόμενα
3653 2545 3727 2607 ὡς
3748 2545 3930 2604 θεοὺς,

2365 2633 2565 2702 ἀσθενῆ
2587 2633 2758 2687 ταῦτα
2787 2635 2850 2687 ἐκ
2879 2635 3074 2706 μέρους
3108 2635 3412 2705 είργάσατο,
3435 2634 3615 2684 Ταῦτα
3649 2631 3932 2701 μέμνησθε

2363 2719 2638 2790 διηνεκῶς.

2433 2807 2530 2858 Διά
2560 2807 2714 2858 τοῦτο
2756 2807 2973 2875 Γραφὰς
3002 2805 3396 2876 ἐρμηνεύομεν,
3432 2804 3528 2872 οὐχ
3582 2803 3668 2854 ἵνα
3703 2801 3932 2870 Γραφις

2367 2891 2574 2960 μάθητε
2604 2891 2781 2960 μόνον,
2814 2891 3032 2942 ἀλλ’ἵνα
3062 2891 3154 2942 καὶ
3190 2890 3256 2941 τὰ
3296 2891 3396 2959 ἤθη
3450 2887 3793 2957 διορθώσητε.
3829 2888 3934 2939 "Av

2363 2979 2470 3047 γάρ
2522 2977 2675 3028 τοῦτο
2731 2978 2802 3047 μὴ
2838 2977 3094 3045 γένηται,
3143 2975 3404 3043 περιττῶς
3460 2971 3929 3040 ἀναγινώσκομεν,

2364 3065 2628 3133 περιττῶς
2659 3062 3014 3133 ἐξηγούμεθα.
3050 3063 3258 3129 Ὥσπερ
3292 3061 3397 3128 γὰρ
3443 3059 3674 3127 ἀθλητὴς
3709 3060 3788 3120 εἰς
3818 3075 3930 3110 πα-

2362 3148 2617 3219 λαίστραν
2648 3149 2828 3200 εἰσιὼν
2852 3149 3198 3216 ἀλειφόμενος
3225 3149 3315 3198 καὶ
3359 3145 3640 3198 ἀπολαύων
3669 3146 3776 3196 τῶν
3807 3162 3929 3214 χει-

2364 3239 2473 3308 ρῶν
2498 3240 2590 3291 τοῦ
2636 3238 2997 3309 παιδοτρίϐου,
3032 3239 3097 3291 ἂν
3121 3239 3214 3290 τοῦ
3246 3236 3451 3304 ἀγῶνος
3484 3237 3929 3306 παραγενομένου

2362 3328 2552 3399 ἐλέγξῃ
2576 3329 2785 3398 ἐκείνην
2813 3330 2909 3396 τὴν
2943 3329 3154 3396 τέχνην,
3188 3326 3452 3396 περιττῶς
3478 3324 3698 3393 εἰσήχθη
3722 3326 3800 3386 εἰς
3826 3325 3932 3392 τὴν

2364 3416 2714 3486 παλαίστραν·
2751 3416 2919 3478 οῦτως
2947 3416 3010 3468 ἂν
3047 3415 3278 3466 ἐνταῦθα
3325 3413 3781 3483 παραγινόμενοι,
3833 3411 3933 3462 καί

2365 3502 2719 3572 μανθάνοντες
2759 3503 2828 3554 τά
2872 3503 3220 3571 παλαίσματα
3265 3501 3438 3552 πάντα
3493 3501 3584 3552 καὶ
3629 3499 3722 3559 τάς
3755 3498 3935 3560 λαϐὰς

2361 3590 2453 3643 τοῦ
2481 3590 2744 3654 διαϐόλου,
2777 3589 2869 3642 τοῦ
2901 3589 3089 3658 καιροῦ
3130 3588 3235 3640 τῶν
3268 3588 3492 3654 ἀγώνων
3517 3586 3757 3646 ἐλθόντος
3791 3585 3934 3638 ὐπο-

2363 3677 2695 3746 σκελισθῆτε,
2729 3677 2761 3746 ἢ
2826 3676 3095 3744 εὔμορφον
3145 3675 3264 3742 ὄψιν
3298 3674 3511 3734 ἰδόντες,
3552 3672 3583 3741 ἢ
3619 3670 3755 3739 πρὸς
3788 3671 3935 3722 ἀπό-

2361 3781 2506 3816 νοιαν
2538 3763 2882 3833 ἐπαρθέντες,
2925 3761 2956 3831 ἦ
2989 3761 3155 3828 ἑτέρῳ
3181 3759 3287 3812 τινὶ
3331 3757 3547 3827 πονηρῷ
3572 3755 3934 3826 χειρωθέντες

2360 3849 2621 3919 λογισμῷ,
2661 3849 2832 3918 μάτην
2852 3847 3082 3902 ἐνταῦθα
3107 3847 3397 3915 εἰσήλθετε.
3439 3842 3729 3912 Μέμνησθε
3748 3841 3936 3894 τοίνυν

2360 3937 2467 3988 τῶν
2489 3936 2678 4002 λόγων,
2723 3935 2780 3985 οὐ
2802 3933 2908 3986 τῶν
2948 3932 3086 3985 κατά
3117 3933 3212 4000 τῆς
3252 3930 3585 3999 φύσεως-τῆς
3629 3927 3933 3996 ἡμετέρας,

2361 4022 2493 4076 ἀλλά
2507 4021 2614 4073 τῶν
2631 4020 2770 4073 κατά
2782 4019 2879 4088 1?};
2897 4018 3180 4088 ἐπιθυμίας
3197 4018 3288 4087 τῆς
3304 4014 3692 4069 ἀκολάστου.οὐ
3711 4012 3936 4082 φύσεως

2362 4107 2507 4180 [195]
2530 4108 2773 4177 ἔγκλημα
2786 4107 2853 4158 τὰ
2873 4105 3151 4175 εἰρημένα,
3172 4102 3305 4155 ἀλλὰ
3334 4101 3620 4170 ἐπιθυμίας
3643 4099 3669 4138 ι’
3687 4099 3754 4152 τὰ
3775 4098 3939 4164 λεγό-

2364 4215 2516 4268 μενα.
2556 4197 2736 4266 Ταύτῃ
2760 4192 3141 4248 καταστέλλετε
3196 4190 3400 4259 θυμὸν,
3454 4189 3595 4242 οῦτω
3647 4187 3934 4258 πραθνατε

2361 4283 2665 4351 ἐπιθυμίαν,
2695 4280 2835 4333 οὕτω
2867 4280 3179 4332 κατασπᾶτε
3208 4277 3478 4329 ἀπόνοιαν.
3507 4275 3613 4328 Καὶ
3644 4272 3722 4343 ἦν
3755 4273 3938 4326 πᾶσα

2359 4370 2398 4435 ἠ
2422 4368 2495 4436 γῆ
2519 4368 2716 4435 χεῖλος
2733 4365 2821 4428 ἓν,
2848 4365 2942 4416 καί
2973 4362 3138 4431 φωνὴ
3157 4364 3261 4430 μία
3278 4359 3481 4414 πᾶσιν.
3499 4360 3627 4411 Ἰδοὺ
3653 4359 3709 4410 τὸ
3726 4359 3894 4425 ζητού
3912 4388 3932 4399 ο

2363 4471 2519 4525 μενον
2555 4453 2652 4506 ἐτι.
2688 4453 2762 4503 Οὐ
2792 4451 2916 4520 περὶ
2947 4449 3144 4518 ταύτης
3171 4448 3198 4498 6
3237 4446 3410 4514 λόγος,
3450 4445 3560 4498 ἀλλ’
3593 4445 3672 4497 ὃτι
3723 4443 3934 4505 πάντες

2359 4542 2408 4593 οἱ
2441 4539 2714 4608 ἄνθρωποι
2741 4537 2920 4604 φωνὴν
2954 4530 3095 4604 εἶχον
3135 4533 3280 4604 μίαν.
3313 4531 3408 4584 Διά
3436 4531 3485 4583 τί
3539 4530 3594 4582 δὲ
3647 4530 3820 4599 χεῖλος
3867 4529 3939 4580 ἓν

2359 4627 2581 4679 ἐκάλεσε
2618 4625 2716 4694 τὴν
2739 4624 2918 4692 φωνήν
2943 4639 2957 4686 ;
2988 4619 3144 4683 Ἔθος
3181 4622 3244 4690 τῇ
3269 4619 3453 4689 Γραφῇ
3485 4616 3623 4670 οὕτω
3642 4616 3825 4669 καλεῖν
3855 4616 3939 4668 τὰ

2361 4716 2598 4785 ῥήματα,
2629 4711 2900 4780 γλῶσσαν.
2943 4711 3259 4777 ’Δναγκαῖον
3293 4707 3346 4759 δέ
3383 4707 3473 4759 καὶ
3512 4705 3668 4757 τοῦτο
3723 4703 3935 4756 εἰδέναι

2359 4802 2444 4855 διά
2479 4801 2598 4862 τοὺς
2632 4797 2978 4867 αἱρετικούς,
3029 4796 3152 4858 τούς
3199 4791 3632 4862 κατηγοροῦντας
3681 4789 3777 4857 τῆς
3825 4787 3933 4858 δη-

2363 4887 2644 4958 μιουργίας
2665 4883 2755 4937 τοῦ
2780 4883 2934 4946 Θεοῦ,
2958 4883 3080 4944 τοὺς
3116 4881 3366 4946 λέγοντας
3386 4917 3400 4939 ,
3448 4880 3527 4930 ὅτι
3574 4875 3806 4942 πονηρὸν
3865 4873 3940 4926 τὸ

2362 4973 2535 5042 σῶμα.
2579 4971 2790 5038 Ἐπειδὴ
2813 4971 2919 5039 γὰρ
2945 4969 3010 5021 τά
3041 4967 3248 5036 πονηρά
3273 4965 3543 5032 κινήματα
3567 4961 3664 5028 τῆς
3685 4959 3938 5042 διανοίας

2359 5039 2469 5122 τοῖς
2501 5059 2685 5130 μέλεσι
2725 5057 2817 5108 τοῦ
2864 5056 3106 5124 σώματος
3161 5055 3194 5122 ἡ
3243 5051 3429 5119 Γραφὴ
3481 5048 3651 5100 καλεῖ·
3713 5039 3824 5097 οἷόν
3876 5064 3936 5099 τι

2361 5147 2518 5214 λέγω·
2537 5147 2878 5209 Ἢκόνησαν
2901 5137 3186 5208 γλῶσσαν
3211 5136 3406 5190 αὐτῶν
3439 5132 3581 5187 ὡσεί
3618 5131 3826 5214 ὄφεως·
3867 5133 3938 5185 Ἠ

2359 5233 2606 5302 γλῶσσα
2627 5228 2820 5283 αὐτῶν
2836 5227 3093 5295 μάχαιρα
3115 5223 3294 5288 ὀξεῖα·
3317 5220 3621 5290 νομίζουσιν
3639 5213 3730 5270 οὖν
3755 5233 3938 5281 τινες,

2359 5322 2438 5373 ὅτι
2467 5320 2592 5389 περὶ
2631 5317 2726 5385 τῆς
2759 5313 2996 5383 γλώττης
3033 5311 3260 5380 είρηται.
3312 5309 3422 5360 Οὐκ
3452 5306 3659 5375 εἴρηται
3690 5302 3745 5355 δέ
3792 5305 3942 5372 περὶ

2359 5411 2457 5477 τῆς
2481 5406 2742 5475 γλώττης·
2783 5403 2855 5472 μὴ
2875 5401 3093 5469 γένοιτο·
3130 5399 3287 5468 ἔργον
3320 5395 3426 5464 γάρ
3476 5396 3599 5477 ἐστι
3620 5391 3712 5444 τοῦ
3759 5391 3938 5443 Θεοῦ·

2359 5476 2491 5548 ἀλλὰ
2527 5492 2652 5558 περὶ
2701 5488 2807 5540 τῶν
2840 5488 3094 5558 ῥημάτων
3126 5485 3231 5537 τῶν
3265 5478 3515 5549 φονικῶν,
3537 5476 3642 5531 τῶν
3668 5479 3949 5529 ἀποκτινο

2360 5580 2559 5633 νύντων
2593 5575 2926 5644 ἀνθρώπους,
2973 5570 3080 5623 τῶν
3109 5566 3482 5638 ἐμπιπτόντων
3537 5563 3718 5631 ξίφους
3763 5562 3944 5628 χαλε-

2422 5690 2449 5726 b
2469 5689 2559 5738 Hic
2581 5685 2760 5748 aliquid
2785 5686 2888 5748 vim
2912 5684 3182 5743 suspicatur
3202 5680 3338 5728 Joan.
3359 5676 3567 5733 Bolsius,
3586 5680 3638 5722 cl
3659 5671 3793 5721 addit
3813 5687 3886 5719 κα
3899 5689 3952 5719 τ-

2364 5750 2526 5814 ηγορία
2550 5745 2923 5814 ροειῖπιθνμίας.
