4148 6306
199 369 319 424 185

179 485 340 528 ctare
358 516 371 537 ,
399 480 457 528 ut
497 471 853 527 infirmitatem
881 478 1025 525 tuam
1049 470 1223 526 discas
1250 488 1265 527 :
1297 471 1469 526 adhuc
1500 479 1756 524 mentem

183 564 467 619 hominem
497 573 731 619 scrutare
755 602 771 628 ,
802 572 959 633 atque
986 563 1038 617 in
1068 563 1182 632 ejus
1220 563 1419 617 viscera
1445 562 1762 633 cogitatione

182 654 458 709 descende
479 695 495 720 ,
526 662 640 707 tum
670 652 873 707 videbis
895 693 909 717 ,
937 667 1093 723 quam
1124 653 1268 707 nihili
1315 654 1383 707 sit
1411 661 1465 706 et
1501 653 1757 722 abjectus.

186 748 445 798 Attamen
475 746 577 798 noli
602 745 836 798 animum
862 743 1191 813 despondere
1222 761 1234 795 :
1266 758 1437 811 neque
1456 744 1593 798 enim
1620 742 1761 811 quod

181 851 294 889 nos
345 835 467 888 odio
492 843 918 904 prosequeretur,
947 833 1040 888 sed
1084 832 1223 902 quod
1264 833 1446 886 mitius
1484 833 1758 887 nobiscum

185 934 415 992 ageret,
448 926 499 978 id
530 924 653 979 fecit
680 925 819 979 Deus
841 966 857 992 ,
888 938 1233 994 magnamque
1262 922 1413 977 nobis
1454 923 1759 978 humilitatis

185 1016 526 1070 occasionem
559 1015 836 1084 prmberet.
869 1013 1001 1068 Nam
1030 1014 1073 1067 si
1097 1014 1415 1075 bomo,cum
1445 1022 1582 1068 terra
1609 1016 1675 1067 sit
1705 1022 1758 1068 et

185 1105 356 1170 cinis,
382 1104 561 1161 dicere
585 1120 746 1160 ausus
773 1113 871 1170 est,
905 1102 971 1157 In
998 1103 1173 1157 cretum
1196 1102 1461 1156 ascendam
1488 1100 1638 1174 (lsai.
1670 1104 1751 1158 id.

188 1196 284 1264 i3)
326 1196 470 1248 :nisi
520 1194 724 1250 frenum
756 1194 1006 1265 injectum
1053 1200 1197 1249 esset
1241 1204 1475 1259 naturas,
1524 1206 1633 1260 quo
1649 1206 1758 1246 non

188 1288 312 1355 ejus
330 1286 535 1341 animus
559 1294 836 1355 provectus
854 1286 1018 1339 esset?
1040 1282 1261 1349 Quando
1284 1282 1440 1352 igitur
1458 1282 1755 1351 quempiam

192 1376 396 1430 videris
422 1376 836 1447 superbientem,
867 1382 1042 1429 erecta
1067 1372 1293 1436 cervice,
1323 1371 1543 1425 sublatis
1570 1387 1759 1441 super—

188 1468 352 1531 ciliis,
382 1482 537 1521 curru
567 1475 771 1522 vectum
796 1505 810 1528 ,
844 1465 1153 1525 minantem.
1180 1463 1475 1517 mittentem
1500 1462 1553 1517 in
1578 1478 1761 1517 carce-

188 1571 329 1619 rem,
347 1554 502 1609 morti
531 1554 852 1619 tradentem,
877 1552 1117 1623 injuriam
1145 1551 1456 1606 inferentem
1483 1591 1498 1615 ,
1525 1552 1611 1606 die
1639 1553 1709 1605 illi
1740 1570 1753 1604 :

194 1644 334 1709 Quid
352 1644 571 1713 superbit
598 1653 727 1698 terra
752 1653 799 1697 et
826 1643 950 1697 cinis
968 1642 994 1695 7
1011 1641 1260 1709 Quoniam
1286 1651 1331 1695 et
1359 1643 1413 1694 in
1439 1643 1536 1695 vita
1561 1644 1673 1710 ejus
1692 1645 1759 1694 ad

191 1735 410 1787 nihilum
431 1735 631 1789 redacta
656 1745 770 1789 sunt
797 1735 974 1788 iulium
1005 1734 1133 1802 ejus.
1163 1733 1289 1788 Haec
1313 1749 1419 1787 non
1447 1734 1516 1789 de
1542 1733 1757 1788 homine

193 1833 395 1876 tantum
428 1824 663 1893 privato,
696 1824 787 1878 sed
808 1824 966 1878 etiam
995 1822 1062 1877 de
1087 1822 1178 1876 illo
1205 1822 1320 1891 ipso
1341 1862 1356 1885 ,
1388 1822 1476 1892 qui
1523 1823 1575 1877 in
1623 1824 1757 1879 solio

190 1914 345 1969 sedet
368 1916 536 1983 regio,
563 1914 669 1979 dici
699 1923 945 1982 possunt.
976 1913 1092 1970 Noli
1133 1915 1273 1969 enim
1321 1930 1630 1985 purpuram,
1660 1930 1753 1968 nc-

188 2019 297 2071 que
324 2003 586 2069 diadema,
617 2018 784 2074 neque
808 2019 965 2059 aurea
993 2005 1304 2059 vestimenta
1333 2005 1597 2074 respicere
1617 2047 1630 2067 ,
1658 2005 1753 2059 sed

188 2094 241 2147 in
294 2093 461 2162 ipsam
493 2094 697 2163 inquire
742 2102 1016 2157 naturam.
1062 2110 1233 2164 neque
1277 2096 1558 2165 quidquam
1611 2096 1753 2151 illam

190 2183 393 2237 habere
441 2184 665 2251 amplius
718 2198 872 2252 quam
919 2200 1072 2238 unam
1122 2200 1152 2238 e
1180 2185 1332 2255 vulgo
1368 2185 1568 2240 videbis
1604 2202 1620 2239 :
1650 2187 1755 2240 imo

192 2292 345 2339 vero,
370 2276 413 2328 si
441 2276 630 2344 placet,
659 2286 712 2329 et
742 2292 1023 2345 purpuram
1045 2317 1058 2341 ,
1086 2286 1139 2331 et
1167 2276 1427 2342 diadema,
1456 2289 1507 2333 et
1538 2289 1711 2332 vestes
1736 2318 1752 2341 ,

184 2376 238 2420 et
293 2382 506 2420 omnem
566 2368 705 2421 illam
757 2382 1010 2436 percurre
1055 2384 1337 2438 pompam,
1365 2380 1522 2440 atque
1564 2369 1751 2424 horum

187 2458 422 2524 ipsorum
468 2473 647 2511 rursus
699 2467 891 2511 terram
944 2462 1213 2512 materiam
1269 2474 1387 2514 esse
1439 2476 1748 2531 cognosces.

188 2548 367 2601 Omnis
409 2548 541 2600 enim
593 2550 754 2618 gloria
783 2549 994 2601 hominis
1019 2559 1069 2601 nt
1090 2551 1185 2617 ﬂos
1221 2550 1342 2617 fami
1375 2549 1522 2619 (lsai.
1549 2551 1635 2604 40.
1670 2554 1749 2621 6).

185 2640 323 2691 Ecce
353 2639 434 2692 vel
489 2639 597 2708 ipsa
647 2640 804 2692 etiam
851 2649 986 2693 terra
1039 2640 1191 2692 vilior
1215 2648 1354 2694 totus
1401 2641 1490 2695 ille
1514 2643 1753 2711 apparuit

182 2738 426 2780 ornatus.
459 2727 614 2781 Vides
654 2738 710 2781 ut
738 2727 931 2782 fastum
978 2729 1271 2796 reprimat?
1298 2738 1357 2783 ut
1398 2733 1749 2799 arrogantiam

180 2834 398 2873 onmem
448 2819 611 2888 ipsius
658 2828 858 2873 natura:
910 2819 1204 2874 recordatio
1243 2820 1753 2877 retundat?Suffiiit

180 2918 386 2961 tantum
417 2917 473 2961 ut
500 2910 791 2978 cogitemus
820 2909 1032 2978 quinam
1062 2911 1248 2977 simus,
1280 2922 1332 2966 et
1362 2913 1549 2982 quibus
1574 2928 1637 2967 ex
1663 2930 1749 2967 re-

176 3001 279 3054 bus
306 3001 590 3066 compacti,
625 3010 734 3053 tum
762 3001 933 3055 omnis
959 3001 1202 3069 superbia
1231 3002 1603 3072 cogitationum
1625 3020 1752 3059 eva-

174 3101 385 3145 nescet.
420 3090 702 3159 Propterea
744 3106 966 3161 namque
991 3091 1192 3146 duabus
1231 3108 1326 3146 nos
1355 3108 1418 3148 ex
1447 3095 1750 3150 substantiis

170 3183 445 3251 compegit
468 3182 604 3236 Deus
629 3221 643 3243 ,
674 3192 730 3235 ut
757 3185 799 3236 si
828 3184 1037 3253 quando
1066 3186 1113 3238 in
1141 3186 1440 3255 superbiam
1472 3187 1708 3242 eficraris
1730 3231 1744 3251 ,

170 3274 357 3325 vilitas
378 3272 553 3325 carnis
570 3280 621 3326 te
640 3271 900 3341 deprimat
928 3289 940 3325 :
964 3274 1006 3327 si
1037 3273 1247 3342 quando
1276 3285 1448 3329 autem
1486 3277 1575 3329 tibi
1598 3279 1750 3346 quid-

169 3365 297 3416 dam
333 3364 511 3416 veniat
541 3364 590 3416 in
620 3371 849 3418 mentem
881 3363 1172 3434 indignum,
1204 3374 1259 3420 et
1283 3368 1420 3435 quod
1450 3367 1518 3420 ab
1546 3366 1747 3423 honore

168 3469 198 3504 a
251 3454 364 3505 Deo
414 3454 609 3507 collato
652 3452 939 3523 degeneret
965 3495 979 3519 ,
1008 3455 1199 3509 anima:
1226 3456 1467 3511 nobilitas
1494 3456 1559 3510 ad
1587 3458 1746 3512 easie-

168 3544 335 3595 stinm
358 3542 602 3596 virtutum
625 3543 1011 3598 aemulationem
1046 3552 1095 3599 te
1122 3546 1393 3614 provehat.

248 3637 301 3687 7.
339 3635 518 3703 Neque
543 3651 669 3689 vero
700 3646 898 3689 tantum
922 3636 986 3690 ad
1016 3637 1295 3691 tollendam
1340 3638 1634 3707 superbiam
1665 3648 1746 3693 est

170 3726 367 3779 idonea
394 3726 745 3780 consideratio
769 3734 968 3780 naturze
992 3768 1006 3793 ,
1036 3726 1128 3781 sed
1156 3735 1209 3781 et
1234 3728 1278 3782 si
1307 3729 1407 3781 alia
1430 3731 1626 3798 quasvis
1653 3745 1744 3783 cu-

169 3814 369 3883 piditas
395 3814 659 3877 obturbet,
683 3817 796 3869 sive
818 3816 1178 3884 pecuniarum,
1203 3818 1317 3870 sive
1336 3831 1614 3885 corporum
1647 3820 1742 3874 iSta

170 3904 343 3968 turpis
371 3913 424 3955 et
456 3919 572 3971 qua:
597 3904 659 3956 ad
692 3905 957 3958 lasciviam
984 3915 1233 3974 provocat
1259 3946 1271 3969 ,
1296 3907 1361 3960 ad
1390 3910 1741 3979 perturbatio-

168 4011 292 4046 nein
326 3993 613 4047 sedandam
646 3995 742 4049 hoc
768 3995 979 4049 sufficit.
1008 3996 1136 4050 Cum
1164 4012 1289 4067 ergo
1320 3997 1600 4053 formosam
1626 4016 1741 4052 mu-

166 4087 355 4136 lierem
388 4084 582 4138 videris
606 4127 621 4151 ,
648 4089 729 4139 cui
770 4087 1023 4141 micantes
1052 4088 1189 4141 oculi
1235 4098 1359 4142 sunt
1409 4100 1463 4143 et
1505 4089 1699 4146 hilares
1721 4132 1737 4156 ,

164 4175 253 4227 cui
285 4174 514 4228 nitentes
538 4190 705 4244 genm,
743 4177 892 4245 cujus
920 4177 973 4231 in
1000 4177 1145 4232 vultu
1171 4180 1361 4233 eximia
1387 4182 1623 4248 quaedam
1646 4199 1739 4252 ap-

166 4273 358 4332 pareat
405 4263 769 4331 pulchritudo,
795 4282 913 4335 qua:
957 4278 1188 4322 mentem
1230 4278 1369 4323 tttam
1412 4270 1733 4337 inflammet,

165 4365 225 4409 et
254 4356 525 4409 libidinem
569 4368 792 4426 augeat,
823 4359 993 4428 cogita
1038 4368 1230 4413 terram
1260 4360 1389 4415 illud
1433 4377 1551 4417 esse
1593 4365 1733 4433 quod

168 4444 384 4496 miraris
404 4484 419 4505 ,
460 4444 691 4499 cinerem
722 4460 839 4500 esse
863 4447 1002 4516 quod
1034 4456 1083 4501 te
1113 4450 1381 4517 accendit,
1407 4459 1461 4505 et
1504 4452 1735 4508 insanire

165 4534 347 4586 anima
374 4533 579 4588 desinet
607 4550 621 4588 :
652 4534 841 4605 detege
866 4545 1038 4590 cutem
1072 4538 1243 4591 vultus
1267 4538 1399 4607 ejus,
1434 4548 1541 4593 tum
1566 4542 1731 4608 ipsam

165 4636 381 4673 omnem
413 4623 811 4689 pulchritudinis
836 4624 1086 4679 vilitatem
1110 4626 1307 4680 videbis
1337 4644 1351 4680 :
1378 4643 1443 4683 ne
1469 4629 1521 4682 in
1548 4644 1734 4697 super-

166 4715 288 4766 ficie
316 4714 573 4767 eousisuts
592 4756 606 4774 .
638 4716 730 4769 sed
762 4716 984 4771 interius
1024 4719 1341 4786 cogitatione
1371 4720 1687 4788 progredere
1711 4762 1727 4786 ,

165 4820 269 4859 uec
319 4804 457 4856 aliud
488 4804 767 4873 quidquam
796 4816 987 4874 praater
1009 4821 1127 4860 ossa
1150 4848 1163 4870 ,
1214 4822 1403 4862 nervos
1428 4849 1443 4873 ,
1482 4824 1544 4863 ac
1571 4825 1729 4864 venas

163 4894 423 4961 reperies.
455 4896 520 4947 At
548 4910 650 4947 non
680 4896 947 4949 sufficiunt
969 4897 1091 4950 ista?
1116 4896 1294 4967 Cogita
1326 4898 1453 4952 mihi
1474 4908 1726 4955 mutatam

163 4988 343 5050 illam,
374 4995 735 5039 senescentem
761 5026 775 5049 ,
816 4997 1065 5055 azgrotam
1086 5029 1100 5053 ,
1132 4988 1464 5044 subsidentes
1507 4992 1688 5045 oculos
1708 5033 1722 5057 ,

160 5087 447 5130 cxcavatas
502 5090 664 5144 genas
688 5116 703 5139 ,
744 5084 908 5129 totum
954 5079 1097 5129 illum
1141 5078 1324 5133 ﬂorem
1365 5079 1724 5137 deﬂuentem:

157 5166 335 5234 cogita
364 5166 487 5232 quid
513 5165 813 5227 admireris,
846 5174 898 5219 et
926 5167 997 5219 tui
1035 5167 1219 5233 judicii
1252 5178 1303 5221 te
1351 5169 1583 5236 pudebit.
1616 5170 1725 5223 Lu-

160 5268 270 5307 tum
304 5255 510 5308 miraris
536 5264 588 5307 ct
611 5257 861 5317 cinerem,
894 5256 1061 5323 pulvis
1093 5265 1143 5309 te
1184 5258 1420 5312 incendit
1447 5270 1499 5312 et
1526 5258 1721 5313 favilla.

157 5347 273 5399 Non
325 5346 438 5399 ba-c
485 5358 549 5399 eo
586 5346 726 5409 dico,
749 5356 804 5399 ut
834 5356 1071 5399 naturam
1103 5363 1386 5413 accusem;
1418 5350 1553 5404 absit
1585 5368 1599 5403 :
1626 5367 1724 5406 nec

157 5448 214 5487 ut
248 5436 539 5501 vituperem
558 5478 571 5498 ,
599 5445 688 5489 aut
716 5445 974 5506 tamquam
1003 5437 1155 5490 vilem
1188 5438 1478 5507 deprimam
1503 5481 1518 5506 ,
1551 5440 1643 5495 sed
1666 5450 1723 5495 ut

155 5527 537 5595 aegrotantibus
581 5527 959 5581 medicamenta
1006 5541 1341 5595 componam.
1395 5530 1517 5585 Ideo
1564 5532 1719 5587 talem

158 5618 324 5684 ipsam
355 5618 495 5672 Deus
524 5618 796 5683 condidit,
823 5618 955 5673 adeo
985 5618 1139 5673 vilem
1164 5659 1180 5685 ,
1214 5632 1271 5674 ut
1295 5631 1349 5676 et
1376 5638 1524 5677 suam
1548 5625 1719 5679 virtu-

158 5719 261 5765 tem
288 5719 343 5763 et
394 5723 577 5764 curam
602 5709 670 5764 de
696 5709 847 5764 nobis
887 5709 1168 5777 ostendat,
1202 5709 1323 5765 dum
1359 5724 1556 5770 natura:
1597 5717 1713 5771 vili-

1137 358 1224 413 ΒΕ
1262 357 1786 416 PROPIIETIARUM
1824 355 2308 414 OBSCURITATE.
2348 357 2415 414 11.

3322 346 3435 404 186

1871 477 1976 523 tate
2003 483 2098 522 nos
2122 468 2186 523 ad
2217 468 2564 523 humilitatem
2592 469 2789 524 inducit
2811 512 2824 533 ,
2854 485 3167 540 omnemque
3196 484 3427 530 nostram

1865 559 2198 628 cupiditatem
2253 568 2496 624 coercet,
2557 574 2620 615 ac
2677 560 2946 629 sapientia:
2999 575 3110 615 sua:
3163 563 3427 631 specimen

1864 650 1992 713 edit,
2022 660 2079 704 ut
2105 652 2193 719 qui
2224 651 2385 705 etiam
2423 653 2476 705 in
2508 652 2617 705 luto
2654 651 2819 720 possit
2849 660 3043 705 tantam
3082 654 3422 722 pulchritudi-

1864 756 1982 795 nem
2008 741 2277 796 exhibere.
2309 742 2441 795 Dum
2475 742 2631 811 igitur
2672 741 3021 795 substantiam
3054 744 3201 813 parvi
3250 743 3386 798 facio
3408 784 3425 808 .

1864 839 1971 884 tum
2017 830 2231 900 Opificis
2258 842 2427 886 artem
2474 831 2682 900 detego.
2710 831 2838 884 Nam
2866 840 2924 885 ut
2972 832 3286 886 statttarium
3315 842 3424 886 tum

1862 924 2026 993 magis
2049 923 2392 989 admiramur,
2424 939 2529 977 non
2564 938 2681 977 cum
2714 923 3017 991 praeclaram
3050 938 3115 977 ex
3157 938 3289 978 auro
3318 934 3427 979 sta-

1863 1021 2006 1066 tuam
2043 1012 2341 1067 exhibuerit
2364 1053 2378 1075 ,
2405 1012 2497 1066 sed
2526 1028 2643 1067 cum
2673 1026 2736 1066 ex
2777 1012 3009 1080 subjecta
3060 1013 3155 1066 lutt
3200 1014 3425 1067 materia

1861 1104 2144 1172 perfectam
2192 1112 2247 1158 et
2292 1104 2539 1157 eximiam
2584 1102 2861 1171 imaginem
2893 1102 3050 1156 fuerit
3088 1101 3371 1157 fabricatus
3408 1121 3423 1156 :

1862 1195 1930 1246 ita
1955 1208 2161 1262 quoque
2200 1208 2461 1246 summum
2496 1194 2747 1247 artificem
2801 1193 2964 1247 Deum
3003 1193 3423 1261 obstupescimus

1858 1291 1913 1338 et
1948 1282 2332 1352 gloriﬁcamus,
2360 1282 2501 1352 quod
2531 1282 2583 1336 iu
2634 1282 2849 1351 pulvere
2872 1296 2935 1336 ac
2978 1281 3088 1335 luto
3117 1282 3417 1349 pulchritu-

1858 1372 2035 1428 dinem
2079 1373 2358 1443 quamdam
2389 1373 2699 1428 immensam
2742 1381 2797 1427 et
2845 1372 3122 1427 ineffabilis
3145 1371 3420 1441 cujusdam

1859 1464 2128 1532 sapientia:
2155 1464 2421 1532 specimen
2466 1462 2519 1516 in
2562 1462 2758 1516 nostris
2785 1462 3097 1532 corporibus
3124 1462 3420 1517 collocarit.

1858 1555 2029 1623 Atque
2070 1552 2172 1607 hoc
2214 1568 2321 1607 non
2357 1552 2410 1606 in
2433 1566 2653 1621 corpore
2697 1551 2868 1605 solum
2916 1560 3098 1606 nostro
3121 1592 3136 1617 ,
3167 1551 3258 1606 sed
3286 1559 3341 1605 et
3368 1552 3419 1605 in

1858 1646 2001 1699 omni
2031 1645 2270 1713 prmstitit
2306 1650 2565 1698 creatura.
2604 1642 2733 1697 Nam
2758 1658 2877 1696 cum
2909 1644 3039 1698 viles
3071 1643 3265 1711 passim
3297 1657 3419 1710 pro-

1859 1736 2095 1791 duxisset
2137 1734 2493 1799 substantias,
2521 1742 2576 1787 et
2616 1734 2745 1787 artis
2772 1746 2882 1787 sua;
2908 1736 3175 1802 specimen
3223 1731 3275 1786 in
3318 1732 3420 1785 illis

1860 1828 2061 1897 insigne
2084 1826 2278 1898 posuit,
2308 1836 2363 1880 et
2390 1825 2797 1880 substantiarum
2824 1823 3139 1878 infirmitatis
3168 1823 3415 1877 indicium

1858 1919 2120 1989 quoddam
2163 1917 2448 1972 immiscuit
2476 1934 2491 1971 :
2521 1924 2580 1970 ut
2607 1930 2728 1970 cum
2772 1925 2988 1985 propter
3020 1922 3190 1969 artem
3214 1929 3277 1968 ac
3303 1913 3422 1983 pul-

1857 2008 2209 2064 chritudinem
2254 2006 2438 2061 laudes
2465 2004 2768 2070 Artiﬁcem,
2799 2013 2907 2058 tum
2954 2012 3172 2075 propter
3197 2002 3419 2057 infirmi-

1859 2106 2020 2153 tatem
2050 2097 2412 2165 vilitatemque
2434 2103 2636 2148 natura)
2661 2108 2722 2148 ac
2746 2094 3073 2158 substantiae,
3096 2107 3212 2162 quae
3238 2102 3418 2146 creata

1857 2199 1981 2245 sunt
2005 2204 2108 2243 non
2136 2187 2346 2242 adores.
2397 2184 2715 2255 Splendidus
2757 2194 2837 2239 est
2865 2184 2980 2250 sol,
3008 2183 3132 2236 dum
3167 2181 3379 2252 atl‘ulget
3401 2220 3420 2245 ,

1857 2292 2129 2350 totumque
2173 2288 2431 2335 terrarum
2476 2277 2661 2332 orbem
2691 2275 2986 2332 illuminat:
3016 2275 3108 2330 sed
3138 2289 3259 2329 cntn
3306 2287 3415 2328 nox

1858 2371 2165 2434 advenerit,
2193 2370 2388 2425 deficit.
2424 2368 2559 2435 Quid
2601 2368 2731 2421 enim
2754 2407 2770 2432 ,
2793 2366 3001 2436 inquit,
3031 2365 3245 2420 lucidius
3273 2364 3419 2417 sole?

1857 2461 1962 2517 Sed
1991 2469 2035 2514 et
2074 2462 2167 2513 hoc
2210 2459 2378 2527 deficit
2414 2457 2594 2527 (Ereti.
2618 2457 2703 2511 l7.
2735 2457 2856 2525 '50);
2886 2470 3057 2525 neque
3094 2470 3220 2508 vero
3256 2462 3413 2508 noctu

1854 2550 2045 2616 solum,
2076 2548 2171 2604 sed
2207 2556 2263 2603 et
2302 2548 2547 2602 interdiu.
2579 2547 2751 2617 Atque
2785 2546 2980 2601 idcirco
3004 2560 3143 2614 saepe
3186 2543 3411 2598 interdiu

1855 2642 1981 2696 solis
2005 2640 2243 2695 defectus
2272 2639 2574 2703 intervenit,
2598 2648 2655 2691 ut
2681 2635 2933 2707 Opificem
2956 2635 3167 2705 quidem
3199 2642 3415 2705 propter

1853 2732 2130 2787 artificium
2170 2730 2389 2797 Iaudes,
2432 2730 2524 2783 sed
2570 2738 2781 2798 propter
2824 2726 3233 2781 imbecillitatem
3278 2725 3417 2793 quod

1854 2832 2087 2878 creatum
2118 2830 2199 2876 est
2227 2836 2333 2876 non
2361 2819 2573 2873 adores.
2604 2818 2760 2872 Vides
2788 2816 2886 2871 hoc
2915 2816 3106 2871 cretum
3124 2854 3138 2877 ,
3166 2813 3320 2884 quale
3347 2814 3417 2867 sit

1853 2913 2080 2983 corpus?
2108 2927 2265 2982 quam
2295 2907 2605 2980 pulchrum?
2648 2923 2804 2979 quam
2839 2906 3142 2976 refulgens?
3168 2904 3339 2974 quod,
3370 2905 3415 2957 si

1854 3005 2084 3074 speciem
2112 3013 2383 3057 externam
2431 3009 2636 3069 spectes
2663 3040 2678 3063 ,
2708 2998 2789 3053 vel
2822 2998 2949 3067 ipsis
2986 2997 3295 3065 corporibus
3322 3012 3417 3048 uo-

1853 3097 1975 3151 stris
2000 3104 2082 3150 est
2110 3093 2461 3163 praestantius.
2494 3092 2562 3145 At
2597 3105 2785 3159 expers
2828 3099 2911 3144 est
2937 3091 3144 3142 animze.
3176 3087 3334 3143 Vides
3362 3098 3417 3141 et

1850 3188 1977 3241 artis
2006 3186 2270 3253 specimen
2291 3224 2305 3247 ,
2335 3196 2387 3238 et
2413 3182 2659 3236 imlicium
2687 3180 3042 3235 infirmitatis?
3072 3181 3217 3235 vides
3247 3180 3414 3234 utriu-

1850 3292 1955 3347 que
1978 3276 2070 3329 tibi
2102 3282 2281 3343 parata
2310 3272 2592 3343 prmsitlia?
2623 3271 2751 3325 Nam
2785 3280 2841 3325 nt
2868 3270 3119 3340 Opificem
3145 3280 3411 3340 tamquam

1851 3366 2171 3423 imbecillum
2216 3381 2321 3419 non
2350 3365 2605 3429 damnes,
2634 3362 2878 3432 pulchras
2926 3361 3162 3416 condidit
3204 3371 3412 3415 creatu-

1850 3474 1972 3513 ras:
2002 3467 2059 3511 ut
2082 3466 2256 3510 autem
2293 3470 2409 3524 qure
2448 3453 2654 3507 condita
2685 3462 2807 3505 sunt
2834 3460 3094 3519 tamquam
3143 3450 3272 3503 deos
3304 3465 3407 3502 non

1847 3548 2055 3611 adores,
2084 3562 2152 3599 ex
2184 3554 2332 3615 parte
2358 3544 2561 3596 infirma
2589 3542 2677 3596 illa
2709 3540 2990 3595 fabricatus
3016 3550 3116 3594 est.
3146 3540 3267 3594 Haec
3297 3555 3410 3609 per-

1847 3648 2003 3707 petuo
2025 3635 2278 3689 memoria
2309 3643 2501 3687 tenete.

1919 3728 1969 3780 Μ
1978 3743 2121 3780 orum
2144 3725 2381 3778 correctio
2411 3724 2526 3792 linis
2567 3723 2863 3793 Scriptum.
2894 3721 3202 3775 Manio/two:
3225 3722 3402 3774 redar-

1844 3819 1971 3887 guit.
1998 3844 2069 3856 —-
2097 3817 2219 3870 ideo
2267 3816 2564 3884 Scripturas
2600 3816 3027 3883 interpretamur,
3054 3828 3156 3867 non
3182 3820 3241 3865 ut
3265 3813 3407 3867 Scri-

1846 3918 2028 3975 pturas
2057 3918 2257 3961 tantum
2296 3906 2621 3975 intelligatis,
2653 3906 2745 3959 sed
2786 3914 2841 3958 ut
2872 3919 3046 3959 mores
3086 3903 3400 3959 emendetis.

1840 3996 1953 4051 Nisi
1972 3998 2111 4051 enim
2143 3996 2242 4050 hoc
2288 3997 2404 4060 fiat,
2433 3996 2622 4049 frustra
2657 3995 2879 4064 legimus
2902 4034 2918 4061 ,
2949 3994 3137 4048 frustra
3179 3996 3403 4065 exponi-

1842 4107 1978 4145 mus.
2007 4089 2140 4143 Nam
2186 4088 2324 4143 sicut
2364 4102 2482 4142 cum
2532 4087 2583 4140 in
2615 4086 2909 4155 palaestram
2956 4085 3222 4156 ingressus
3248 4084 3404 4140 fuerit

1840 4180 2039 4235 athleta
2066 4187 2283 4243 unctus,
2313 4186 2367 4231 et
2416 4176 2719 4245 pmdotribaa
2749 4191 2907 4229 manu
2950 4189 3179 4245 curaque
3208 4174 3404 4228 instru-

1839 4281 1987 4334 ctus,
2030 4271 2075 4323 si
2123 4284 2244 4324 cum
2286 4266 2589 4322 certaminis
2633 4275 2838 4335 tempus
2874 4258 3183 4327 advenerit,
3230 4273 3400 4319 artem

1839 4363 1981 4415 illam
2010 4360 2243 4414 inutilem
2277 4373 2395 4413 esse
2431 4356 2757 4420 ostenderit,
2790 4358 2979 4410 frustra
3012 4356 3061 4409 in
3098 4356 3397 4425 p:il-.estrant

1838 4450 2171 4506 introductus
2196 4457 2279 4503 est
2306 4465 2320 4501 :
2348 4448 2419 4501 ita
2447 4461 2565 4501 cum
2607 4445 2708 4499 huc
2736 4445 3120 4508 conveneritis,
3149 4452 3203 4498 et
3231 4445 3397 4498 luctas

1835 4556 2018 4595 omnes
2041 4581 2056 4604 ,
2087 4548 2141 4594 et
2160 4540 2211 4593 in
2238 4539 2375 4591 lucta
2414 4552 2578 4590 nexus
2604 4535 2796 4589 diaboli
2826 4535 3113 4589 didiceritis
3135 4577 3149 4597 ,
3183 4536 3227 4589 si
3269 4551 3389 4591 cum

1837 4632 2183 4686 certaminum
2233 4638 2440 4699 tempus
2497 4627 2762 4693 inciderit,
2794 4627 3240 4696 supplantemini,
3266 4628 3390 4682 dum

1834 4726 1914 4775 vel
1942 4722 2228 4776 formosum
2252 4719 2453 4773 vultum
2475 4716 2726 4781 videritis,
2749 4716 2831 4771 vel
2862 4716 2913 4770 in
2942 4716 3240 4786 superbiam
3265 4718 3389 4772 elati

1834 4811 2035 4866 fueritis
2054 4851 2069 4875 ,
2097 4810 2181 4864 vel
2206 4809 2306 4862 alia
2339 4822 2495 4877 prava
2521 4808 2763 4877 quapiam
2798 4806 3116 4875 cogitatione
3145 4808 3349 4861 subacti
3371 4848 3386 4868 .

1831 4902 2021 4956 frustra
2053 4903 2104 4955 in
2134 4899 2274 4953 hunc
2307 4898 2483 4952 locum
2528 4896 2746 4967 ingressi
2781 4897 2927 4950 estis.
2951 4896 3267 4950 Mementote
3294 4897 3387 4966 igi-

1835 5004 1918 5046 tur
1942 5004 2263 5055 sermonum,
2290 5002 2421 5057 quos
2442 5001 2545 5041 non
2573 4985 2823 5039 adversus
2848 4993 3085 5037 naturam
3114 4996 3385 5052 nostram,

1830 5085 1921 5138 sed
1951 5082 2199 5136 adversus
2225 5080 2468 5134 lascivam
2489 5076 2825 5145 cupiditatem
2852 5076 3160 5131 direximus.
3188 5076 3302 5131 Non
3330 5088 3385 5131 ut

1830 5185 2067 5226 naturam
2098 5169 2455 5230 criminemur,
2484 5165 2598 5219 haec
2624 5164 2845 5219 dicimus
2864 5205 2879 5227 ,
2918 5164 3011 5219 sed
3037 5174 3093 5218 ut
3120 5165 3387 5234 cupidita-

1830 5270 1933 5315 tem
1964 5261 2302 5313 insectemur.
2334 5256 2447 5309 Hoc
2468 5263 2619 5324 pacto
2644 5257 2772 5308 iram
2801 5255 3069 5323 reprimite
3088 5296 3102 5318 ,
3135 5256 3209 5309 sic
3234 5256 3385 5323 cupi-

1826 5352 2041 5406 ditatem
2070 5351 2334 5418 mitigate,
2361 5348 2436 5401 sic
2478 5346 2826 5416 arrogantiam
2869 5345 3151 5399 retundite.
3186 5345 3252 5399 Et
3276 5355 3384 5399 erat

1826 5446 1984 5495 omnis
2008 5452 2139 5494 terra
2165 5440 2349 5493 fabium
2374 5447 2598 5504 unum,ct
2625 5452 2719 5489 eoa:
2752 5451 2852 5488 una
2878 5435 3101 5488 omnibus
3122 5434 3266 5502 (Gen.
3292 5434 3379 5490 H-

1828 5536 1902 5604 t).
1942 5534 2077 5587 Ecce
2104 5531 2275 5585 adhuc
2304 5529 2624 5599 prepositam
2651 5528 3017 5597 quastionem.
3046 5527 3159 5580 Non
3188 5526 3254 5580 de
3286 5526 3382 5581 hac

1825 5636 1905 5679 est
1946 5638 2157 5687 sermo,
2187 5620 2280 5675 sed
2326 5618 2463 5689 quod
2498 5633 2683 5672 onmes
2729 5616 2968 5671 homines
3011 5615 3246 5670 eamdem
3278 5616 3377 5669 lino

1824 5730 1977 5785 gnam
2028 5712 2298 5767 baberent.
2341 5710 2512 5776 Quare
2554 5723 2678 5761 vero
2708 5706 2898 5761 labittm
2943 5722 3099 5761 unum
3152 5706 3376 5777 linguam
