4148 6306
747 363 858 420 187

739 456 1285 528 vocavit?Scriptur:e
1314 468 1431 509 mos
1452 465 1533 510 est
1562 456 1629 509 ita
1658 466 1929 508 Sermones
1955 452 2183 521 linguam
2214 467 2304 505 vo-

741 566 883 607 care.
907 550 960 605 Id
991 565 1115 604 vero
1146 548 1298 603 fuerit
1323 562 1499 617 operte
1528 546 1751 615 pretium
1778 559 1934 599 nosse
1962 554 2176 613 propter
2206 543 2305 596 bte-

743 644 954 710 retieos,
977 644 1064 713 qui
1096 642 1186 697 Dei
1210 640 1477 710 opificium
1498 647 1767 705 accusant,
1789 638 1877 707 qui
1898 650 2091 706 corpus
2111 635 2304 689 malum

739 750 857 792 esse
882 735 1083 789 dicunt.
1117 732 1249 788 Nam
1290 732 1409 801 quia
1438 745 1632 802 pravos
1652 730 1815 783 animi
1862 737 2037 783 motus
2063 743 2157 796 per
2180 741 2303 782 cor-

741 827 883 893 poris
931 823 1168 878 membra
1206 822 1476 891 Scriptura
1523 821 1763 890 designat
1794 835 1807 871 :
1834 820 2064 888 exempli
2108 832 2301 885 causa,

740 916 995 970 Δίκα-ειη
1021 914 1242 986 linguam
1281 929 1424 969 suam
1450 912 1573 965 sicut
1602 911 1877 979 serpentis;
1908 909 2105 979 Lingua
2133 926 2303 963 eorum

740 1008 941 1078 gladius
982 1016 1157 1061 acutus
1187 1006 1357 1075 (l’sal.
1394 1003 1530 1058 .l39.
1574 1004 1626 1057 4.
1673 1012 1719 1057 et
1748 1002 1835 1057 56.
1876 1002 1931 1070 5)
1961 1018 1975 1055 :
2006 1002 2306 1056 existimant

740 1097 952 1167 quidam
997 1096 1065 1153 de
1110 1097 1282 1166 lingua
1328 1095 1524 1150 dictum
1570 1108 1710 1148 esse.
1743 1092 1857 1147 Non
1898 1100 1982 1146 est
2015 1101 2191 1145 autem
2238 1091 2305 1145 de

743 1189 915 1258 lingua
956 1188 1153 1242 dictum
1178 1205 1191 1240 :
1220 1186 1383 1245 absit;
1408 1193 1487 1240 est
1530 1185 1671 1238 enim
1699 1185 1870 1253 lingua
1898 1182 1991 1236 Dei
2019 1196 2185 1251 opus;
2210 1180 2301 1236 sed

743 1280 811 1335 de
837 1279 1011 1335 verbis
1040 1278 1439 1341 homicidarum,
1472 1291 1590 1345 quze
1617 1276 1859 1330 homines
1883 1274 2124 1343 jugulant
2148 1313 2162 1337 ,
2186 1286 2303 1341 quae

743 1370 999 1425 funestius
1023 1384 1178 1439 quam
1202 1369 1345 1422 ensis
1376 1367 1648 1421 invadunt.
1678 1366 1875 1435 Lingua
1908 1378 2078 1417 eorum
2103 1362 2303 1432 gladius

743 1471 938 1525 acutus;
963 1470 1017 1513 et
1044 1474 1225 1513 rursus
1254 1475 1268 1511 :
1298 1458 1457 1511 Labia
1480 1458 1654 1510 dolosa
1694 1456 1746 1509 in
1773 1456 1957 1521 corde,
1986 1464 2031 1507 et
2051 1452 2200 1505 corde
2229 1454 2303 1505 lo-

740 1563 893 1622 quuta
918 1564 1029 1605 sunt
1056 1551 1189 1604 mala
1216 1549 1387 1621 (Psul.
1417 1550 1501 1603 ll.
1534 1548 1588 1616 5)
1622 1565 1635 1601 :
1668 1562 1771 1601 non
1814 1548 1880 1601 de
1909 1544 2148 1599 membro
2176 1557 2297 1596 cur-

742 1642 888 1711 poris
933 1642 1182 1711 loquens,
1215 1640 1307 1694 sed
1346 1640 1413 1694 de
1440 1638 1676 1693 subdolis
1696 1638 1890 1691 verbis.
1921 1634 1993 1689 ita
2037 1650 2155 1689 cum
2203 1634 2301 1687 hoc

741 1733 861 1786 Inoo
907 1730 1127 1785 dixisset
1148 1770 1163 1796 ,
1194 1730 1259 1784 Et
1284 1739 1391 1784 erat
1419 1731 1579 1783 omnis
1616 1738 1747 1782 terra
1773 1728 1958 1781 fabium
1988 1743 2139 1780 unum
2158 1767 2172 1790 ,
2196 1741 2301 1779 non

742 1823 844 1877 hoc
858 1821 1055 1885 docuit,
1073 1835 1257 1875 omnes
1277 1820 1517 1874 homines
1536 1835 1696 1873 unum
1716 1818 1908 1872 labium
1928 1818 2193 1884 habuisse,
2211 1816 2301 1871 sed

745 1913 936 1967 labimn
964 1926 1145 1967 vocem
1184 1910 1488 1981 appellavit.
1536 1909 1667 1964 Cum
1708 1911 1848 1963 enim
1897 1910 2149 1975 dixisset,
2180 1909 2303 1962 Erat

739 2005 901 2056 omnis
926 2012 1058 2057 terra
1077 2004 1264 2056 (obium
1295 2019 1447 2055 unum
1468 2041 1481 2064 ,
1504 2001 1796 2069 subjunxit,
1832 2001 1895 2053 Et
1922 2016 2018 2053 vox
2046 2017 2148 2052 una
2191 2017 2299 2053 om-

740 2096 905 2149 nibus.
937 2095 1008 2149 Ita
1035 2109 1153 2149 cum
1181 2093 1314 2147 dixit
1337 2133 1353 2158 ,
1378 2092 1683 2160 Sepulcrum
1710 2100 1885 2161 patens
1924 2102 1993 2144 est
2018 2101 2189 2161 guttur
2214 2107 2301 2143 eo-

740 2203 851 2239 rum
869 2184 1035 2255 (Psal.
1051 2185 1100 2240 5.
1132 2184 1358 2252 ll),non
1382 2191 1558 2251 guttur
1577 2190 1809 2245 accusat,
1839 2181 1931 2235 sed
1962 2181 2095 2234 mala
2123 2181 2298 2243 verba,

742 2291 859 2346 quae
885 2274 1005 2330 inde
1029 2273 1358 2338 ascendunt,
1383 2280 1588 2327 mortua
1617 2272 1881 2341 dogmata.
1913 2271 2023 2325 lluc
2048 2272 2188 2324 enim
2218 2285 2303 2325 se-

745 2366 982 2437 pulcrum
1010 2374 1112 2431 est,
1145 2372 1472 2419 mortuorum
1514 2362 1711 2418 ossium
1747 2376 2130 2432 corporumque
2155 2377 2304 2416 recc-

744 2460 1029 2530 ptaculum.
1077 2458 1222 2513 Talia
1248 2466 1371 2511 sunt
1399 2465 1452 2511 et
1481 2456 1687 2510 illorum
1728 2470 1853 2518 ora,
1880 2456 1969 2525 qui
1994 2454 2301 2509 Creatorem

742 2560 1026 2613 accusant,
1053 2550 1174 2604 talia
1200 2556 1324 2603 sunt
1358 2562 1540 2601 eorum
1566 2546 1838 2600 hominum
1863 2560 1955 2600 ora
1973 2586 1987 2610 ,
2014 2546 2102 2614 qui
2132 2546 2301 2614 turpia

743 2644 901 2697 verba
929 2641 1220 2709 proferunt,
1249 2640 1336 2709 qui
1363 2639 1744 2703 conviciantur,
1763 2638 1849 2706 qui
1879 2652 1945 2691 ex
1978 2651 2075 2690 suo
2095 2644 2305 2706 gutture

741 2732 923 2787 fmtida
948 2746 1209 2800 pravaquc
1236 2729 1392 2783 verba
1433 2727 1774 2797 profundunt.

813 2821 866 2877 8.
906 2820 1054 2875 Bono
1076 2818 1201 2873 illud
1220 2818 1383 2871 odore
1402 2816 1630 2885 complc,
1650 2816 1719 2869 mi
1742 2814 1921 2881 homo,
1950 2829 2055 2869 non
2082 2814 2299 2870 faetore:

744 2912 1049 2968 thesaurum
1092 2909 1216 2964 illud
1255 2908 1477 2978 regium,
1523 2921 1627 2961 non
1667 2906 1961 2961 satanicum
2002 2906 2304 2975 sepulcrum

743 3002 914 3057 effice.
946 2998 1094 3068 Quod
1122 2999 1165 3053 si
1191 2997 1493 3068 sepulcrum
1519 2997 1610 3060 sit.
1636 2996 1824 3051 saltem
1843 2997 2082 3060 occlude,
2111 3011 2177 3051 ne
2203 2996 2301 3052 fm-

746 3107 827 3151 tor
849 3102 1020 3151 exeat.
1062 3092 1241 3149 Prava:
1272 3093 1361 3148 tibi
1388 3099 1512 3147 sunt
1535 3092 1915 3163 cogitationes?
1940 3092 2017 3147 Ne
2046 3093 2219 3148 verbis
2243 3093 2305 3148 il-

748 3186 825 3241 las
852 3185 1086 3256 proferas
1116 3201 1129 3237 :
1162 3184 1275 3238 sine
1300 3182 1546 3238 deorsum
1571 3183 1771 3251 jacere,
1812 3191 1923 3237 tum
1948 3183 2052 3238 cito
2076 3182 2305 3238 sulfoca-

744 3278 957 3333 buntur.
1005 3274 1255 3330 llomines
1300 3288 1503 3339 sumus,
1546 3288 1689 3343 saepe
1730 3274 1890 3329 multa
1921 3288 2100 3343 prava,
2143 3272 2302 3341 fmda,

745 3368 1019 3439 turpiaque
1041 3358 1255 3422 consilia
1278 3372 1456 3420 mente
1480 3378 1784 3428 versamus;
1814 3365 1907 3420 sed
1937 3380 2003 3420 ne
2028 3367 2305 3435 cogitatio-

747 3472 842 3514 nes
881 3458 935 3513 in
976 3456 1134 3512 verba
1179 3455 1422 3525 progredi
1463 3454 1718 3520 sinamus,
1759 3464 1816 3508 ut
1863 3454 2110 3510 deorsum
2161 3469 2306 3510 com-

749 3564 944 3619 pressa:
971 3548 1342 3604 imbecilliores
1368 3546 1652 3602 reddantur
1672 3557 1725 3602 et
1750 3556 1988 3616 pereant.
2017 3546 2145 3602 Nam
2173 3548 2308 3603 sicut

747 3641 834 3695 tibi
859 3641 975 3707 quis
1008 3639 1203 3695 diversi
1233 3641 1440 3707 generis
1468 3654 1528 3693 ac
1559 3638 1761 3695 feroces
1801 3640 1996 3694 bestias
2036 3641 2087 3694 iu
2136 3640 2307 3695 lacum

749 3731 1042 3795 immiserit,
1087 3734 1131 3787 si
1170 3731 1307 3787 forte
1332 3746 1559 3800 snperne
1587 3732 1757 3787 lacum
1786 3732 2130 3796 obturaverit,
2158 3732 2309 3787 facile

749 3824 865 3880 illas
891 3824 1112 3880 suifocat
1143 3840 1157 3877 :
1188 3823 1267 3877 sin
1300 3831 1474 3878 autem
1516 3822 1616 3877 illis
1647 3822 1872 3877 exeundi
1903 3822 1985 3876 vel
2016 3822 2307 3890 respirandi

751 3915 1050 3972 facultatem
1074 3915 1299 3985 aliquam
1330 3913 1673 3978 concesserit,
1704 3913 1925 3967 multum
1966 3913 2065 3966 illis
2112 3913 2311 3982 praebet

751 4010 947 4075 solatii,
991 4023 1165 4079 neque
1202 4008 1325 4063 sinit
1368 4006 1602 4072 interire,
1645 4005 1738 4060 sed
1779 4005 2103 4059 ell‘eratiores
2144 4006 2310 4059 multo

750 4102 964 4159 reddit:
996 4100 1065 4155 ita
1110 4099 1167 4153 lit
1206 4099 1258 4153 in
1288 4098 1440 4153 malis
1482 4097 1905 4166 cogitationibus,
1949 4111 2070 4150 cum
2108 4107 2311 4150 exorta:

753 4198 894 4252 intus
922 4194 1113 4250 fuerint
1158 4211 1170 4246 :
1212 4192 1256 4246 si
1296 4205 1506 4245 omnem
1552 4189 1656 4244 illis
1687 4190 1845 4253 viam,
1893 4204 1960 4243 ne
2004 4187 2144 4242 foras
2184 4203 2309 4256 pro-

754 4290 933 4354 deant,
974 4284 1444 4348 intercluserimus,
1473 4281 1716 4337 celeriter
1748 4280 1865 4334 illas
1893 4280 2251 4349 opprimemus
2293 4296 2308 4331 :

753 4382 834 4436 siu
862 4388 1035 4434 autem
1056 4379 1169 4432 illas
1195 4374 1369 4430 verbis
1394 4374 1443 4428 in
1470 4372 1639 4427 lucem
1660 4370 2051 4441 protulerimus,
2079 4383 2197 4422 cum
2222 4383 2312 4422 va-

756 4471 967 4525 lidiores
1005 4467 1117 4521 illas
1146 4465 1447 4529 reddemus,
1492 4472 1545 4518 et
1581 4462 1727 4531 quasi
1757 4477 1853 4531 per
1884 4460 2111 4529 linguam
2142 4460 2311 4529 reSpi-

754 4564 902 4617 randi
926 4562 1222 4616 facultatem
1250 4559 1353 4613 illis
1374 4556 1742 4619 concedemus,
1768 4566 1874 4608 tum
1897 4554 1963 4608 ab
1981 4554 2064 4607 illa
2088 4554 2311 4623 turpium

753 4653 1033 4707 verborum
1075 4648 1454 4705 exercitatione
1481 4648 1531 4701 in
1561 4646 1817 4701 foedarum
1854 4646 2117 4699 actionum
2158 4645 2312 4698 bara-

752 4742 931 4797 thrum
971 4753 1125 4805 quam
1154 4738 1430 4791 celerrime
1455 4736 1813 4790 devoivemur.
1841 4733 2041 4788 Idcirco
2062 4748 2165 4787 non
2188 4734 2314 4787 sim-

759 4830 963 4902 pliciter
987 4826 1294 4897 Sepulcrum
1320 4826 1524 4880 vocavit
1566 4824 1838 4894 propheta,
1868 4823 1980 4887 sed,
2014 4823 2313 4891 Sepulcrum

758 4932 951 4992 patens,
984 4919 1122 4973 istud
1153 4918 1321 4988 ipsum
1342 4916 1478 4986 quod
1500 4917 1605 4970 dixi
1632 4917 1762 4970 vitio
1789 4923 2020 4969 vertens.
2044 4913 2155 4967 Non
2176 4916 2314 4968 enim

757 5015 989 5083 seipsum
1036 5019 1237 5064 tantum
1281 5009 1440 5063 allicit
1484 5008 1785 5077 ignominia,
1819 5010 1906 5077 qui
1948 5008 2114 5075 turpia
2158 5007 2314 5060 verba

760 5104 1098 5176 prolert,sed
1131 5112 1185 5157 et
1211 5103 1476 5171 proximos
1505 5114 1647 5165 suos,
1690 5108 1742 5153 et
1784 5113 1876 5152 eos
1912 5099 1998 5166 qui
2039 5113 2159 5151 cum
2202 5098 2316 5165 ipso

759 5206 1059 5258 versantur,
1086 5194 1266 5247 multis
1293 5192 1537 5245 sordibus
1565 5190 1761 5259 opplet.
1792 5190 1855 5243 Et
1874 5187 2313 5257 quemadmodum

760 5290 802 5343 si
830 5288 1069 5357 sepulcra
1096 5300 1413 5347 reseremus,
1446 5284 1682 5337 civitates
1710 5293 1853 5349 peste
1889 5280 2268 5349 eompiebimus
2302 5298 2313 5332 :

762 5380 829 5433 ita
859 5380 905 5434 si
928 5378 1093 5447 turpia
1122 5376 1339 5429 licenter
1362 5374 1665 5443 aperiantur
1686 5389 1798 5439 ora,
1821 5381 2057 5435 cunctos,
2084 5372 2170 5438 qui
2201 5386 2317 5423 cum

766 5471 867 5526 illis
932 5468 1351 5538 congrediemur,
1420 5466 1743 5534 gravissimis
1806 5463 2004 5517 morbis
2066 5461 2317 5513 iuiicieut.

768 5560 964 5616 idcirco
988 5559 1200 5629 ianuam
1229 5564 1454 5626 oportet,
1486 5564 1712 5619 vectem,
1754 5569 1816 5607 ac
1859 5553 2063 5607 frenum
2105 5550 2183 5602 ori
2227 5550 2323 5601 im—

772 5669 985 5724 ponere.
1018 5652 1183 5707 Unam
1213 5650 1388 5717 itaque
1420 5657 1527 5699 tum
1556 5647 1712 5699 fuisse
1740 5646 1991 5714 linguam,
2023 5642 2150 5697 satis
2171 5656 2201 5693 a
2229 5657 2322 5693 no-

773 5746 847 5799 bis
890 5759 983 5814 per
1032 5744 1141 5797 inec
1186 5741 1597 5793 demonstratum
1643 5747 1754 5801 est;
1802 5735 2056 5803 reliquum
2102 5744 2209 5799 est,
2260 5743 2317 5785 ut

1513 345 1568 399 S.
1612 340 1889 399 JOANNIS
1925 336 2389 395 CHRYSOSTOMI
2428 337 2737 397 ARCHIEP.
2775 340 3299 399 CONSTANTINOP.

3867 360 3980 417 188

2412 466 2571 521 quam
2593 454 2663 508 ob
2681 468 2891 509 causam
2914 456 3091 511 multae
3112 457 3308 512 fuerint
3338 455 3559 514 invecta
3581 458 3842 516 dicamus.
3867 462 3976 517 Sed

2411 545 2617 599 interim
2641 561 2939 603 sermonem
2965 549 3031 602 ad
3058 564 3232 603 mores
3260 549 3596 605 instruendos
3618 552 3978 621 pertinentem

2410 635 2696 690 inferamus
2740 654 2753 691 :
2793 638 3076 693 doceamus
3104 640 3335 707 linguam
3372 649 3605 695 nostram
3640 640 3845 696 frenum
3877 659 3981 713 ge-

2409 741 2551 792 rere,
2580 742 2676 782 nec
2700 729 2874 782 omnia
2904 739 3101 784 temere
3123 730 3377 799 proferre,
3406 746 3525 800 quae
3550 732 3602 785 in
3631 742 3865 788 mentem
3882 749 3979 788 νὼ

2408 819 2609 884 nerint,
2632 834 2733 875 non
2759 819 2949 876 fratres
2968 835 3216 877 accusare
3243 840 3257 877 :
3280 836 3385 876 non
3406 832 3589 878 mutuo
3610 839 3707 880 nos
3728 826 3979 880 mordere

2408 924 2471 964 ac
2498 909 2771 966 devorare.
2806 911 3020 982 Pejores
3046 922 3169 967 sunt
3198 914 3300 969 illis
3336 914 3425 984 qui
3451 928 3673 983 corpora
3705 917 3975 977 mordent,

2410 1001 2481 1055 illi
2510 1003 2597 1072 qui
2625 1002 2799 1058 verbis
2826 1004 2877 1058 id
2907 1015 3088 1074 agunt.
3114 1004 3190 1059 Illi
3212 1020 3405 1075 corpus
3426 1006 3673 1061 dentibus
3701 1008 3973 1070 mordent.

2410 1089 2496 1144 hic
2522 1092 2749 1145 animam
2778 1093 2954 1148 verbis
2982 1094 3208 1159 mordet,
3237 1096 3679 1150 existimationem
3709 1096 3982 1156 vulnerat,

2410 1175 2795 1239 immedicabile
2823 1185 3009 1240 vulnus
3047 1186 3236 1257 inﬂigit
3265 1204 3278 1241 :
3321 1198 3641 1257 quapropter
3685 1197 3825 1242 tanto
3851 1205 3975 1257 gra-

2408 1273 2538 1326 viori
2569 1274 2825 1343 supplicio
2848 1276 3122 1343 plectetur,
3146 1286 3342 1347 quanto
3365 1278 3592 1348 graviori
3620 1295 3799 1333 morsu
3826 1281 3978 1333 iuva«

2406 1362 2500 1415 ilit.
2529 1363 2709 1434 Neque
2740 1380 2870 1420 vero
2898 1375 3095 1419 tantum
3127 1368 3321 1422 idcirco
3355 1369 3560 1423 veniam
3587 1385 3690 1423 non
3718 1371 3975 1439 impetra-

2408 1452 2485 1506 bit
2508 1454 2550 1509 is
2579 1456 2666 1524 qui
2695 1466 2926 1520 accusat,
2952 1458 3043 1511 sed
3075 1459 3233 1511 etiam
3267 1459 3403 1527 quod
3436 1476 3608 1529 neque
3634 1462 3831 1529 justum
3876 1478 3976 1515 nec

2410 1546 2657 1615 iujustum
2683 1550 2849 1617 possit
2866 1550 3181 1618 improbitati
3205 1565 3312 1605 suae
3332 1562 3639 1620 prmtextuttt
3658 1554 3972 1607 obtendere.

2407 1636 2535 1690 Nam
2562 1637 2662 1692 alia
2688 1640 2900 1708 quidem
2926 1650 3137 1710 peccata
3183 1642 3304 1695 licet
3329 1656 3515 1695 causas
3546 1643 3771 1697 habeant
3812 1659 3841 1696 a
3883 1661 3973 1697 ra-

2407 1730 2549 1785 tione
2583 1741 2756 1786 tamen
2796 1732 3015 1798 alienas,
3057 1732 3254 1787 habent
3294 1743 3466 1787 tamen
3512 1751 3525 1787 :
3570 1744 3768 1802 ttlpule,
3817 1750 3971 1789 scur-

2406 1830 2545 1875 tator
2572 1821 2843 1876 libidinem
2882 1824 3077 1888 explet,
3108 1824 3191 1877 fur
3219 1833 3575 1892 paupertatem
3602 1826 3777 1890 solvit,
3806 1826 3973 1879 immi-

2406 1910 2521 1965 cida
2550 1912 2871 1965 iracundiam
2898 1912 3072 1977 sedat;
3099 1913 3383 1967 maledicus
3404 1914 3601 1967 nullam
3630 1924 3797 1982 potest
3816 1930 3975 1969 occa-

2405 2003 2606 2057 sionem
2636 2001 2844 2057 allerre.
2874 2005 3037 2069 Quam
3067 2005 3228 2067 enim,
3259 2018 3455 2072 quaaso,
3497 2006 3837 2073 pecuniarum
3879 2022 3975 2060 co-

2407 2094 2545 2162 piam
2568 2094 2827 2162 acquirit?
2846 2110 2999 2163 quant
3020 2094 3289 2149 libidinem
3310 2095 3522 2164 explet?
3543 2095 3678 2149 Nihil
3699 2098 3840 2151 aliud
3864 2108 3971 2161 est,

2405 2198 2559 2252 quam
2587 2184 2795 2237 invidiae
2843 2184 3082 2249 materia,
3114 2188 3196 2240 cui
3227 2186 3367 2239 nulla
3393 2187 3622 2255 suppetit
3641 2187 3779 2255 justa
3809 2202 3972 2245 musa

2407 2291 2504 2329 nec
2528 2276 2737 2343 injusta.
2759 2272 3044 2345 Propterea
3068 2275 3210 2327 nulla
3229 2275 3380 2327 venia
3401 2273 3555 2341 digna
3582 2288 3846 2330 censetur.
3879 2279 3973 2332 Vis

2406 2365 2691 2420 accusare?
2718 2365 2907 2420 Utilem
2937 2366 3027 2420 tibi
3072 2366 3342 2420 materiam
3369 2366 3598 2434 pneben.
3632 2365 3720 2418 Vis
3744 2367 3959 2420 maledi-

2408 2457 2570 2511 cere?
2598 2455 2811 2510 Maledic
2840 2457 2942 2509 luis
2967 2456 3216 2524 peccatis.
3242 2454 3332 2507 Dic
3356 2456 3518 2517 enim,
3550 2456 3731 2523 inquit,
3762 2465 3814 2507 tu
3855 2472 3975 2524 pec-

2407 2558 2519 2600 cata
2548 2558 2635 2600 tua
2678 2547 2834 2616 prior,
2883 2556 2938 2599 ul
2968 2546 3261 2616 justiﬁccris
3306 2544 3456 2614 (Isai.
3505 2545 3592 2599 45.
3642 2545 3759 2613 26).
3808 2546 3974 2599 Vides

2409 2638 2852 2701 maledicentiam,
2897 2652 3014 2706 qua:
3052 2651 3325 2699 coronam,
3366 2643 3422 2690 et
3457 2635 3687 2699 laudem,
3736 2645 3789 2690 et
3830 2636 3974 2689 testi-

2408 2730 2642 2783 monium
2678 2728 2893 2797 justitite
2932 2728 3129 2781 refert?
3169 2726 3389 2791 Rursus,
3424 2725 3600 2779 Justus
3627 2728 3679 2778 in
3722 2728 3974 2795 principio

2406 2820 2648 2873 sermonis
2675 2828 2934 2872 accusator
2958 2827 3027 2871 est
3049 2819 3127 2871 sui
3153 2816 3331 2887 (Prov.
3360 2817 3445 2871 l8.
3472 2817 3582 2885 ΓΙ),
3607 2830 3710 2869 non
3728 2816 3971 2869 alterius.

2404 2909 2459 2964 Si
2486 2908 2701 2963 alterius
2744 2908 2905 2963 fueris
2946 2916 3241 2969 accusator,
3289 2908 3519 2976 punieris
3560 2924 3574 2959 :
3615 2907 3659 2959 si
3700 2907 3971 2975 tuiipsius,

2406 3001 2759 3056 coronaberis.
2794 3002 2964 3069 Atque
2998 3009 3054 3053 ut
3092 2999 3369 3068 intelligas,
3398 3008 3646 3067 quantum
3671 2997 3742 3050 sit
3772 2998 3972 3051 bonum

2407 3091 2653 3146 delictum
2684 3105 2834 3145 suum
2862 3103 3137 3153 accusare,
3169 3086 3348 3142 Justus
3368 3088 3417 3141 in
3441 3088 3685 3156 principio
3704 3088 3974 3154 sermonis,

2409 3182 2598 3251 inquit,
2639 3191 2900 3235 accusator
2939 3189 3008 3235 est
3034 3181 3133 3233 sui.
3166 3179 3363 3234 Verum
3406 3180 3451 3233 si
3487 3178 3659 3247 justus
3698 3188 3802 3244 est,
3843 3194 3977 3247 quu-

2408 3272 2567 3326 modo
2592 3271 2904 3326 accusator?
2925 3271 2968 3325 si
2994 3279 3291 3335 accusator,
3330 3268 3595 3338 quomodo
3618 3268 3830 3337 justus?
3861 3267 3977 3323 Jus-

2408 3374 2490 3419 tus
2523 3363 2841 3419 accusationi
2881 3378 2984 3417 non
3025 3370 3106 3417 est
3146 3361 3425 3415 obnoxius.
3449 3359 3553 3416 Sed
3581 3368 3639 3414 ut
3662 3359 3818 3426 scias,
3850 3360 3976 3415 licet

2409 3468 2650 3525 peccator
2677 3455 2747 3509 sit
2785 3453 2992 3523 aliquis,
3035 3451 3078 3505 si
3120 3460 3331 3505 accuset
3376 3459 3587 3518 peccata
3626 3464 3739 3512 sua,
3770 3449 3972 3516 justum

2408 3564 2527 3603 eum
2553 3548 2881 3601 accusatione
2908 3558 3000 3598 sua
3030 3543 3161 3605 fieri,
3209 3550 3481 3612 propterea
3521 3540 3668 3605 dixit,
3699 3538 3877 3593 Justus
3919 3543 3976 3593 in

2411 3637 2656 3709 principio
2684 3636 2923 3689 sermonis
2950 3643 3210 3687 accusator
3241 3642 3311 3686 est
3354 3632 3451 3685 sui.
3488 3631 3623 3697 Quid
3664 3646 3821 3700 porro
3866 3641 3972 3697 est,

2412 3730 2477 3783 In
2505 3730 2747 3799 principio
2774 3726 3051 3781 sermonis?
3080 3725 3367 3793 Diligenter
3394 3723 3625 3777 attende.
3666 3723 3719 3775 ln
3758 3722 3975 3791 judicnis

2411 3821 2527 3875 dua:
2550 3827 2671 3873 sunt
2697 3826 2888 3886 partes,
2923 3830 3024 3869 una
3049 3830 3231 3869 eorum
3263 3814 3348 3881 qui
3375 3813 3643 3875 delerunt,
3684 3812 3848 3867 altera
3878 3827 3976 3866 eo-

2412 3925 2527 3964 rutn
2555 3910 2643 3979 qui
2669 3907 3006 3970 deferuntur;
3039 3921 3136 3960 una
3166 3920 3349 3959 eorum
3375 3904 3462 3973 qui
3498 3912 3766 3967 accusant,
3806 3903 3974 3956 altera

2414 4017 2599 4057 eorum
2620 4000 2706 4070 qui
2734 4007 3077 4061 accusantur;
3107 3996 3159 4049 hi
3180 3995 3259 4050 rei
3281 4004 3433 4061 sunt,
3464 3994 3537 4049 iiii
3566 4010 3667 4046 non
3699 4003 3821 4045 sunt
3848 3995 3923 4048 rei
3955 4012 3971 4047 :

2414 4091 2725 4163 principium
2756 4088 3015 4143 sermonis
3043 4086 3332 4140 accusatori
3361 4084 3685 4147 conceditur,
3724 4083 3811 4151 qui
3845 4098 3975 4137 reus

2416 4201 2520 4239 non
2544 4191 2643 4239 est.
2677 4181 2771 4236 llic
2796 4194 2920 4233 vero
2955 4177 3275 4231 contrarium
3312 4186 3393 4230 est
3424 4174 3705 4245 agendum.
3752 4173 3851 4239 Tu,
3881 4173 3975 4241 qui

2414 4291 2537 4333 reus
2565 4291 2642 4339 es,
2670 4272 2929 4328 sermonis
2950 4270 3151 4323 initium
3180 4267 3421 4335 prteripe,
3449 4275 3505 4319 ut
3532 4279 3653 4319 reus
3679 4278 3796 4318 esse
3825 4263 3975 4317 desi-

2416 4384 2510 4422 nas
2560 4384 2573 4420 :
2619 4382 2683 4420 ne
2716 4373 3070 4419 accusatorem
3115 4369 3407 4428 exspectes.
3454 4357 3684 4412 Tametsi
3733 4370 3790 4410 es
3836 4357 3977 4409 inter

2416 4474 2555 4521 rccs,
2587 4456 2727 4526 prius
2754 4463 2951 4519 tamen,
2997 4467 3151 4521 quam
3192 4450 3258 4502 ab
3297 4449 3387 4503 illo
3427 4449 3530 4502 tale
3571 4447 3835 4516 quidpiam
3874 4462 3977 4500 au-

2415 4552 2561 4615 dias,
2603 4550 2714 4618 ipse
2757 4560 2873 4615 qua:
2914 4560 2942 4597 a
2992 4554 3042 4597 te
3089 4550 3303 4611 peccata
3346 4548 3467 4594 sunt
3504 4538 3671 4594 defer.
3714 4539 3975 4593 Machazra

2416 4640 2654 4712 quredam
2680 4647 2829 4693 acuta
2858 4644 2938 4690 est
2963 4634 3133 4704 lingua
3168 4651 3181 4686 :
3210 4642 3566 4687 verumtamen
3612 4630 3817 4685 caeteris
3856 4630 3978 4682 vnl-

2419 4748 2543 4789 nera
2574 4747 2677 4785 non
2718 4729 3044 4797 inﬂigamus,
3086 4724 3176 4779 sed
3218 4725 3391 4778 ulcera
3432 4731 3609 4775 nostra
3654 4733 3974 4774 resecemus.

2420 4825 2511 4878 Vis
2539 4824 2674 4877 scire
2694 4834 2890 4874 morem
2924 4817 3083 4869 fuisse
3105 4814 3387 4883 justorum,
3420 4822 3478 4865 ut
3514 4812 3633 4864 aliis
3669 4823 3774 4863 non
3813 4808 3981 4861 maleo

2419 4915 2675 4973 dicerent,
2717 4910 2809 4965 sed
2850 4906 3113 4975 sibiipsis?
3157 4904 3290 4958 Audi
3347 4902 3564 4956 Paulum
3600 4899 3915 4953 clamantem
3965 4915 3979 4951 :

2423 5006 2622 5060 Gratias
2650 5020 2737 5071 ego
2764 5002 2825 5065 ei,
2853 5000 2938 5068 qui
2964 5014 3040 5049 me
3071 4996 3388 5063 confortavit,
3427 4993 3638 5052 Christo,
3667 4989 3753 5059 qui
3781 4989 3983 5055 fidelem

2420 5113 2499 5149 me
2522 5092 2833 5152 existimavit,
2866 5105 3048 5157 ponens
3068 5088 3119 5139 in
3144 5085 3415 5138 ministerio
3437 5098 3454 5135 :
3475 5082 3558 5151 qui
3585 5080 3721 5147 prius
3750 5079 3987 5146 blasphe-

2420 5202 2531 5238 mus
2558 5186 2650 5254 fui,
2680 5191 2724 5233 et
2764 5188 3102 5247 persequutor,
3144 5184 3189 5227 et
3230 5172 3610 5227 contumeliosus
3640 5169 3716 5238 (l.
3747 5167 3882 5220 Tim.
3935 5168 3986 5220 l.

2427 5278 2511 5331 l2.
2541 5275 2649 5343 l5).
2681 5271 2836 5325 Vides
2862 5266 2968 5338 quo
2996 5277 3147 5335 pacto
3175 5266 3224 5318 iu
3254 5265 3484 5330 seipsum
3511 5259 3786 5313 maledicta
3818 5258 3985 5325 conji-

2427 5366 2564 5421 ciat?
2588 5373 2640 5418 et
2666 5374 2845 5414 rursus
2880 5377 2892 5411 :
2924 5358 3147 5410 Christus
3175 5355 3299 5407 venit
3342 5354 3393 5403 in
3438 5350 3678 5401 mundum
3704 5357 3988 5415 peccatores

2425 5460 2586 5509 salvos
2614 5457 2795 5520 facere,
2822 5464 3029 5517 quorum
3062 5446 3250 5513 primus
3288 5458 3379 5512 ego
3423 5457 3532 5493 sum
3577 5438 3734 5509 (Ibid.
3785 5454 3833 5489 υ.
3872 5438 3985 5505 l5).

2429 5546 2487 5598 Et
2511 5542 2632 5595 alibi
2657 5554 2833 5593 rursus
2859 5556 2870 5589 :
2903 5537 3018 5589 Non
3040 5552 3147 5587 sum
3172 5534 3351 5602 dignus
3378 5530 3539 5582 vocari
3559 5528 3834 5596 apostolus,
3859 5544 3986 5595 quo-

2432 5636 2563 5687 uiam
2589 5638 2907 5700 persequutus
2937 5643 3045 5679 sum
3080 5623 3351 5675 Ecclesium
3382 5621 3475 5673 Dei
3506 5622 3521 5685 (
3546 5621 3567 5672 l
3628 5617 3743 5669 Cor.
3787 5619 3869 5671 15.
3904 5620 3986 5684 9).

2508 5724 2558 5778 9.
2603 5720 2757 5773 Vides
2798 5733 2900 5786 quo
2942 5724 3090 5785 pacto
3126 5712 3316 5780 ubique
3344 5711 3440 5764 sibi
3488 5708 3798 5763 matedicat?
3834 5708 3990 5761 Novit
