4130 6316
721 344 834 401 189

718 454 832 524 δέῃ,
879 448 1109 520 ἀφειδῶς
1153 445 1413 517 κέχρηται
1455 448 1520 515 τῇ
1566 442 1883 514 κατηγορίᾳ·
1911 443 2038 496 ὅταν
2088 442 2144 495 δὲ
2186 442 2280 495 καὶ

720 541 933 609 ἐτέρους
980 533 1064 605 ἴδῃ
1109 535 1222 594 τοῖς
1265 531 1563 601 ἀλλοτρίοις
1604 529 1919 593 δικάζοντας
1946 530 2156 590 κακοῖς,
2188 529 2288 598 ὅρα

726 627 843 698 μεθ’
867 627 998 697 ὅσης
1023 623 1215 685 αὐτοὺς
1246 619 1584 691 ἐπιστομίζει
1621 622 1718 691 τῆς
1745 619 2169 689 αὐστηρότητος,
2202 618 2290 669 οὐ·

723 715 855 767 τωσὶ
883 713 1076 781 λέγων·
1109 713 1288 766 Ὥστε
1328 711 1413 781 μὴ
1441 709 1554 778 πρὸ
1588 708 1794 776 καιροῦ
1819 725 1873 763 τι
1906 708 2155 775 κρίνετε,
2180 705 2292 770 ἕως

725 801 802 854 ἂν
839 800 985 868 ἔλθῃ
1015 803 1047 854 ό
1087 801 1319 867 Κύριος,
1355 797 1422 863 ὃς
1446 797 1541 851 καί
1565 796 1808 865 φωτίσει
1831 795 1904 848 τὰ
1936 792 2163 861 κρυπτά
2185 791 2291 845 τοῦ

729 888 1005 953 σκότους,
1035 886 1128 940 καὶ
1154 883 1480 954 φανερώσει
1501 886 1605 948 τὰς
1618 882 1854 947 ,ϐουλὰς
1877 880 1994 934 τῶν
2015 878 2290 949 καρδιῶν.

744 975 962 1045 Ἐκείνῳ
1000 977 1232 1044 τήρησον
1272 972 1335 1026 τὸ
1374 972 1740 1041 δικαστήριον,
1777 967 1852 1038 τῷ
1897 967 1965 1020 τὰ
2009 967 2292 1036 ἀπόρρητα

732 1061 892 1114 εἰδότι
914 1060 1014 1130 τῆς
1048 1058 1302 1121 διανοίας.
1337 1058 1452 1111 Κᾶν
1485 1055 1724 1127 ἀκριϐῶς
1751 1051 1976 1124 νομίζῃς
2003 1052 2198 1106 εἰδέναι
2226 1051 2294 1103 τά

732 1151 826 1205 τοῦ
867 1150 1107 1220 πλησίον,
1140 1147 1396 1218 ἐσφαλταί
1437 1164 1528 1200 σω
1566 1148 1600 1218 ή
1631 1145 1828 1217 κρίσις.
1868 1143 1969 1208 Τίς
2011 1142 2120 1210 γὰρ
2149 1136 2292 1200 οἶδε,

735 1239 888 1309 φησὶ,
941 1238 1013 1291 τὰ
1051 1237 1155 1290 τοῦ
1203 1232 1533 1302 ἀνθρώπου,
1573 1235 1626 1286 ει
1655 1231 1741 1300 μὴ
1793 1230 1860 1284 τὸ
1916 1228 2150 1297 πνεῦμα
2190 1224 2296 1279 τοῦ

734 1322 1043 1392 ἀνθρώπου
1093 1323 1155 1376 τὸ
1196 1322 1264 1374 ἐν
1305 1318 1497 1384 αὑτῷ;
1529 1318 1689 1372 Πόσοι
1727 1316 1832 1371 τῶν
1873 1312 2296 1387 ἀπερριμμένων

736 1412 830 1464 καὶ
871 1410 1100 1463 εὐτελῶν
1151 1407 1302 1478 ήλίου
1346 1405 1691 1478 φαιδρότερον
1744 1403 2043 1474 ἐκλάμπειν
2081 1400 2293 1469 έχουσιί

737 1499 891 1551 πόσοι
917 1497 1022 1550 τών
1051 1497 1299 1566 μεγάλων
1345 1494 1437 1548 καὶ
1473 1491 1785 1564 περιφανῶν
1813 1489 2001 1552 σποδὸς
2031 1486 2180 1549 ὄντες
2205 1484 2298 1538 καὶ

735 1587 902 1653 τάφος
941 1583 1321 1654 κεκονιαμένος
1361 1578 1771 1651 εὐρεθήσονταιὲ
1807 1577 2080 1636 Ἤκουσας
2125 1572 2240 1634 πῶς
2271 1573 2299 1624 6

739 1674 946 1737 Παῦλος
981 1672 1165 1726 ἑαυτὸν
1206 1671 1389 1733 κακῶς
1429 1667 1595 1737 λέγει,
1642 1665 1779 1735 μετά
1814 1662 2170 1733 σφοδρότητος
2208 1657 2300 1711 καὶ

738 1759 1040 1830 ὑπερϐολῆς
1083 1755 1513 1828 ἁμαρτημάτων,
1561 1747 1633 1806 ὧν
1666 1753 1764 1805 οὐκ
1808 1750 2028 1822 ἔμελλεν
2077 1746 2300 1806 εὐθύνας

741 1847 979 1916 ὑπέχειν,
1011 1845 1244 1914 συνεχῶς
1289 1842 1661 1914 μεμνημένον;
1699 1839 2024 1907 Βλάσφημος
2059 1834 2167 1904 γάρ
2206 1831 2300 1884 καὶ

741 1935 972 2004 διώκτης
996 1933 1086 1986 καὶ
1104 1932 1357 2003 ὑὸριστὴς
1379 1930 1482 2000 πρὸ
1503 1927 1594 1981 τοῦ
1620 1926 1988 1996 βαπτίσματος
2009 1918 2096 1991 ῆν,
2119 1921 2301 1972 ἐκεῖνα

740 2023 798 2073 δέ
823 2022 890 2073 τά
911 2022 1125 2090 ἀμαρτή
1136 2036 1275 2088 ματα
1298 2017 1452 2069 έλυσε
1480 2016 1540 2068 τὸ
1565 2014 1862 2084 βάπτισμα·
1894 2010 2006 2064 ἀλλ’
2036 2010 2184 2076 ὅμως
2207 2005 2304 2057 αὑ-

742 2109 850 2160 τῶν
879 2107 1166 2177 μέμνηται,
1195 2107 1293 2158 οὐκ
1320 2104 1504 2171 ἐπειδὴ
1530 2102 1684 2170 λόγον
1713 2100 1936 2170 ἔμελλεν
1965 2098 2104 2166 ὑπὲρ
2127 2093 2303 2147 αὐτῶν

746 2197 985 2266 ὑπέχειν,
1012 2195 1124 2248 ἀλλ’
1155 2195 1241 2248 ἵνα
1282 2193 1432 2264 δείξῃ
1460 2191 1552 2244 τοῦ
1581 2190 1712 2243 Θεοῦ
1751 2189 1848 2257 τὴν
1878 2183 2302 2256 φιλανθρωπίαν,

746 2285 841 2338 καὶ
889 2284 1010 2336 τίνα
1064 2282 1210 2338 ὅντα.
1244 2275 1354 2333 οἷον
1401 2277 1796 2330 κατεσκεύασεν
1825 2281 1875 2333 ³,
1931 2273 2038 2326 ἀπὸ
2079 2270 2302 2323 διώκτου

750 2374 978 2442 ποιήσας
1007 2368 1316 2422 ἀπόστολον.
1348 2367 1410 2419 Εἰ
1444 2365 1500 2417 δὲ
1541 2366 1743 2425 ἐκεῖνος
1770 2360 1878 2415 τῶν
1907 2357 2305 2428 ἀφανισθέντων

747 2459 1156 2531 ἁμαρτημάτων
1214 2456 1503 2527 μέμνηται,
1547 2451 1722 2521 πολλῷ
1768 2448 1965 2520 μᾶλλον
2010 2447 2162 2517 ἡμᾶς
2200 2442 2307 2496 τῶν

751 2546 888 2616 μετὰ
938 2545 998 2598 τδ
1039 2545 1320 2614 βάπτισμα
1371 2539 1670 2610 μεμνῆσθαι
1715 2539 1838 2608 χρή.
1894 2535 1989 2597 Τίς
2029 2532 2137 2602 γὰρ
2176 2531 2307 2598 ἡμῖν

749 2633 1009 2698 ἀπολογία
1037 2632 1207 2693 ἔσται,
1242 2630 1274 2699 ἢ
1314 2627 1440 2680 ποία
1472 2627 1785 2693 συγγνώμη,
1812 2623 1938 2676 ὅταν
1967 2622 2171 2681 ἐκεῖνος
2212 2616 2308 2686 μὲν

750 2719 856 2772 τῶν
881 2695 1178 2771 ἀνευθύνων
1210 2695 1520 2786 μνημονεύῃ
1547 2709 1799 2778 συνεχῶς.
1826 2710 1980 2777 ήμεῖς
2001 2707 2054 2758 δὲ
2083 2704 2214 2772 μηδέ
2235 2695 2309 2754 ὧν

757 2807 1016 2876 μέλλομεν
1049 2804 1202 2870 λόγον
1244 2801 1485 2870 ὑπέχειν,
1519 2798 1652 2868 μηδέ
1679 2795 1879 2849 τούτων
1913 2792 2133 2852 ἑαυτοὺς
2181 2790 2310 2841 ὐπο-

759 2895 1168 2964 μιμνήσκωμεν,
1213 2889 1323 2943 ἀλλ’
1347 2887 1572 2955 ἀφέντες
1613 2884 1683 2937 τά
1724 2883 1913 2944 οἰκεῖα,
1944 2879 2010 2932 τὰ
2059 2877 2311 2946 ἀλλότρια

759 2962 1241 3051 περιεργαζώμεθα
1266 2973 1439 3036 κακὰς
1463 2971 1751 3044 [Ἄκουσον
1780 2968 1868 3019 τὸν
1892 2965 2094 3032 Πέτρον
2123 2962 2309 3028 λέγον-

755 3045 854 3120 ταἿ·
889 3045 1136 3131 ’Ἔξελθε
1171 3063 1269 3118 ἀπ’
1296 3060 1461 3131 ἐμοῦ,
1485 3059 1573 3112 ὅτι
1597 3056 1749 3125 ἀνὴρ
1791 3052 2133 3124 ἁμαρτωλός
2153 3045 2314 3117 είμι.]

761 3157 1021 3208 Ἀκουσον
1055 3151 1168 3213 πῶς
1197 3148 1346 3220 [196]
1370 3147 1463 3201 καὶ
1479 3145 1751 3206 Μαθταῖος
1776 3143 1871 3211 τῆς
1900 3138 2168 3209 προτέρας
2190 3137 2316 3187 ἐαυ-

756 3240 849 3294 τοῦ
879 3240 1170 3308 κατηγορεῖ
1197 3237 1363 3306 ζωῆς,
1397 3234 1490 3286 καὶ
1518 3231 1753 3301 τελώνην
1792 3227 1980 3281 ἐαυτὸν
2017 3223 2188 3286 καλεῖ,
2224 3223 2319 3273 καὶ

756 3327 876 3380 οὖδέ
930 3324 1238 3395 αἰσχύνεται
1293 3321 1381 3373 τὸν
1439 3318 1697 3388 πρότερον
1758 3311 2119 3382 ἐκπομπεύων
2181 3309 2314 3379 βίον.

773 3413 987 3482 Ἐπειδὴ
1017 3411 1121 3482 γάρ
1150 3409 1297 3462 οὐδὲν
1326 3402 1467 3477 εἶχον
1498 3405 1818 3475 κατηγορεῖν
1859 3399 2063 3453 ἐαυτῶν
2097 3394 2232 3467 μετά
2262 3395 2320 3446 τὸ

768 3504 1069 3572 βάπτισμα.
1120 3497 1227 3551 τῶν
1282 3495 1558 3566 προτέρων
1602 3491 1924 3561 ἐμέμνηντο,
1981 3483 2320 3543 παιδεύοντες

764 3569 799 3660 ῆ
806 3592 907 3660 μᾶς
919 3569 1024 3641 τῶν
1043 3586 1137 3656 μὲν
1150 3584 1441 3653 ἀλλοτρίων
1454 3579 1633 3635 κακῶν
1651 3577 1850 3649 μηδένα
1866 3571 2132 3627 ποιεῖσθαι
2143 3569 2319 3637 λόγον,

765 3677 830 3729 τά
851 3676 907 3727 δὲ
930 3674 1099 3726 οἰκεῖα
1127 3671 1392 3741 μεριμνᾷν
1420 3669 1510 3720 καὶ
1541 3663 1777 3734 συνεχῶς
1803 3660 2176 3730 ἀναστρέφειν.

799 3760 909 3816 ’οὑ
953 3759 1060 3831 γὰρ
1110 3759 1274 3819 ἔστιν,
1319 3757 1417 3808 οὐκ
1461 3755 1604 3807 ἔστιν
1652 3751 1800 3804 οὐδὲν
1832 3749 2015 3818 ἕτερον
2037 3746 2325 3815 φάρμακον

766 3827 1000 3905 τοιοῦτον
1030 3827 1178 3917 *πρὸς
1214 3843 1309 3914 τὴν
1356 3841 1461 3895 τῶν
1493 3835 1900 3910 ἁμαρτημάτων
1929 3832 2223 3901 ἀναίρεσιν,
2254 3827 2327 3887 ὡς

769 3941 802 4007 ή
849 3912 1293 4005 συνεχὴς-αὐτῶν
1339 3930 1658 3998 ἀνάμνησις,
1689 3924 1779 3976 καὶ
1812 3926 1844 3991 ή
1878 3917 2126 3989 διηνεκὴς
2153 3912 2327 3968 αὐτῶν

772 3999 1086 4092 κατηγορία.
1116 4018 1298 4080 Οῦτως
1329 4019 1355 4068 ὁ
1375 4013 1606 4081 τελώνης
1638 4011 1704 4063 τὰ
1737 4006 1897 4080 μυρία
1925 4002 2158 4074 ἠδυνήθη
2189 3999 2332 4052 κακά

775 4085 1086 4166 ἀποθέσθαι,
1138 4107 1224 4158 ἵνα
1261 4104 1410 4175 εἴπῃ·
1469 4102 1530 4153 '0
1578 4100 1738 4162 Θεὸς,
1795 4092 2069 4157 ἱλάσθητί
2112 4107 2212 4158 μοι
2256 4085 2334 4150 τῷ

775 4191 1111 4266 ἁμαρτωλῷ·
1139 4192 1311 4251 οὕτως
1342 4191 1370 4241 6
1400 4187 1685 4255 Φαρισαῖος
1711 4184 1808 4252 τῆς
1839 4177 2177 4243 δικαιοσύνης
2201 4175 2338 4228 ἀπά-

779 4264 875 4355 σης
901 4284 1172 4348 ἐξέπεσεν,
1196 4279 1275 4331 δτι
1301 4276 1456 4344 ἀφεὶς
1478 4271 1783 4340 λογίζεσθαι
1811 4266 1880 4320 τὰ
1911 4265 2058 4334 αὐτῷ
2087 4264 2337 4332 πεπλημο

782 4352 1075 4444 μελημένα,
1109 4369 1207 4438 τὴν
1243 4363 1563 4434 οἰκουμένην
1603 4355 1944 4418 κατεδίκαζε,
1989 4353 2182 4419 λέγων·
2219 4352 2338 4402 Οὐκ

779 4437 1008 4529 εῐμὶηώς
1057 4459 1108 4509 οί
1158 4437 1354 4508 λοιποί
1406 4449 1520 4504 τῶν
1557 4446 1895 4515 ἀνθρώπων,
1942 4442 2199 4509 ἅρπαγες
2244 4437 2338 4490 καὶ

783 4525 1152 4603 πλεονέκται,
1193 4537 1332 4592 οὐδὲ
1359 4537 1439 4601 ὠς
1463 4531 1639 4598 οὗτος
1669 4537 1701 4585 ὀ
1734 4530 2014 4595 τελώνης.
2057 4526 2154 4578 Διά
2188 4525 2342 4577 τοῦτο

785 4633 877 4685 καὶ
910 4633 937 4682 ό
965 4629 1172 4689 Παῦλος
1199 4625 1431 4694 παρῄνει
1457 4620 1650 4688 λέγων·
1682 4619 1976 4678 Ἕκαστος
2011 4613 2078 4664 δὲ
2105 4611 2343 4679 δοκιμα-

786 4721 918 4779 ζὲτω
947 4716 1010 4768 τὸ
1048 4713 1261 4766 ἑαυτοῦ
1288 4714 1482 4778 ἔργον,
1515 4708 1610 4760 καὶ
1643 4708 1773 4758 τότε
1804 4705 1887 4768 είς
1927 4700 2140 4754 ἑαυτὸν
2155 4699 2346 4767 μόνον

787 4807 849 4858 τὸ
879 4805 1153 4870 καύχημα
1182 4797 1324 4859 ἕξει,
1366 4795 1461 4844 καὶ
1497 4796 1606 4844 οὐκ
1651 4795 1735 4854 είς
1776 4789 1883 4841 τὸν
1910 4789 2129 4852 ἕτερον.
2164 4783 2347 4835 Βούλει

800 4890 984 4961 μαθεῖν
1010 4884 1100 4938 καὶ
1123 4885 1177 4936 ἐν
1203 4885 1268 4951 τῇ
1297 4879 1504 4946 Παλαιᾷ
1532 4879 1645 4938 πῶς
1667 4879 1715 4927 οί
1745 4876 1938 4928 δίκαιοι
1970 4872 2347 4941 κατηγόρησαν

800 4975 1030 5038 ἑαυτῶν;
1073 4974 1266 5024 ’Ἄκουε
1299 4968 1391 5020 καὶ
1431 4965 1630 5017 τούτων
1674 4962 1896 5023 ἐκείνοις
1946 4948 2151 5032 συνῳδὰ
2185 4960 2350 5028 φθεγο

797 5063 1059 5132 γομένων.
1113 5061 1170 5111 Ὀ
1216 5057 1310 5128 μέν
1363 5053 1469 5122 γὰρ
1532 5050 1689 5104 Δαυῖδ
1739 5050 1951 5115 ἔλεγεν·
1998 5052 2066 5100 Al
2113 5048 2349 5114 ἀνομίαι

790 5169 904 5219 μου
947 5145 1249 5213 ὑπερῆραν
1287 5143 1398 5201 τὴν
1435 5137 1703 5207 κεφαλήν
1741 5152 1877 5204 μου·
1922 5133 2061 5186 ὡσεὶ
2111 5134 2350 5200 φορτίον

790 5217 947 5304 βαρὺ
1002 5233 1414 5298 ἐϐαρύνθησαν
1463 5228 1553 5280 ἐπ’
1591 5223 1710 5292 ἐμέ.
1757 5227 1812 5275 '0
1853 5221 1908 5274 δὲ
1942 5219 2164 5280 Ἡσαΐας
2202 5217 2345 5269 ἐϐόα·

792 5327 952 5393 Dipo:
978 5324 1009 5375 ό
1029 5320 1210 5383 τάλας
1233 5317 1364 5385 ἐγὼ,
1390 5316 1474 5368 ὅτι
1507 5313 1808 5381 ἄνθρωπος
1826 5310 1908 5362 ὢν
1938 5310 2031 5362 καὶ
2057 5307 2353 5373 ἀκάθαρτα

800 5412 969 5480 χείλη
995 5408 1166 5475 ἔχων.
1198 5404 1306 5456 Καὶ
1326 5405 1372 5453 οἱ
1389 5404 1532 5470 τρεῖς
1558 5400 1739 5462 παῖδες
1762 5401 1816 5450 ἐν
1838 5397 2043 5465 καμίνῳ
2058 5395 2354 5463 διατρίϐον-

799 5515 905 5559 τες,
937 5496 1027 5548 καὶ
1053 5493 1119 5544 τά
1150 5489 1372 5558 σώματα
1397 5487 1609 5555 θανάτῳ
1638 5486 1724 5538 διὰ
1751 5486 1838 5537 τὸν
1857 5484 1985 5536 Θεὸν
2008 5481 2352 5550 παραδόντες,

803 5589 857 5635 εν
894 5585 1002 5644 τοῖς
1037 5578 1280 5649 ἐσχάτοις
1310 5573 1416 5626 τῶν
1446 5572 1778 5641 ἁμαρτωλῶν
1821 5574 2041 5629 ἑαυτοὺς
2071 5569 2353 5636 ἠρίθμουν,

815 5669 1193 5735 ’Πμάρτομεν,
1224 5659 1627 5730 ὴνομήσαμεν,
1660 5658 1920 5723 λέγοντες·
1947 5657 2118 5709 καίτοι
2143 5655 2192 5707 τί
2225 5655 2358 5725 λαμ-

870 5802 892 5829 ⁸
912 5793 1044 5846 Colb.
1066 5791 1166 5839 τίνα
1189 5791 1299 5838 ὄντα
1318 5788 1416 5834 τίνα
1439 5783 1797 5832 κατεσκεύασεν.

1428 327 1484 379 S.
1521 323 1797 380 JOANNIS
1829 319 2318 378 CHRYSOSTOM!
2353 319 2671 377 ARCHIEP.
2709 317 3247 378 CONSTANTINOP.

3866 329 3982 383 190

2388 442 2652 514 πρότερον
2696 441 2935 506 ἐκείνων,
2973 441 3026 494 τί
3060 439 3441 510 καθαρώτερον
3482 431 3586 506 ῆνς
3622 430 3732 486 Καὶ
3773 428 3886 498 γάρ
3914 430 3963 479 εἴ

2389 530 2482 584 καί
2530 548 2682 594 τινας
2714 526 2854 600 ἦσαν
2893 528 3166 599 ἁμαρτίας
3215 526 3595 594 πεποιηκότες,
3640 518 3822 577 πάσας
3861 517 3969 568 ἀπ-

2387 617 2592 688 έσμηξε
2611 619 2709 688 τῆς
2732 617 2926 685 φλογὸς
2963 615 3176 684 ἐκείνης
3208 614 3248 683 ἠ
3275 612 3454 681 φύσις.
3493 606 3631 662 Ἀλλ’
3653 605 3711 658 οὐ
3741 604 3876 672 πρὸς
3899 602 3971 653 τά

2389 705 2784 778 κατορθώματα
2810 706 2993 775 ἐώρων
3019 703 3090 757 τά
3112 705 3305 764 οἰκεῖα,
3331 699 3469 754 ἀλλά
3490 697 3561 751 τὰ
3592 695 3970 765 ἁμαρτήματα

2388 794 2775 862 ἀνελογίζοντο.
2806 793 2961 846 Οῦτω
2989 790 3084 845 καὶ
3110 788 3307 856 Δανιὴλ
3338 786 3476 858 μετά
3505 784 3597 837 τὸν
3623 782 3823 836 λάκκον
3855 778 3968 830 τῶν

2389 884 2635 947 λεόντων,
2679 882 2817 953 μετά
2854 882 2951 945 τάς
3003 880 3202 951 μυρίας
3241 874 3528 947 τιμωρίας,
3570 871 3636 935 ἃς
3683 869 3968 937 ὑπέμεινε.

2390 974 2488 1027 καὶ
2512 952 2894 1035 αὐτδςέαυτοῦ
2931 966 3246 1037 κατηγόρει,
3287 962 3382 1016 τοῦ
3421 961 3476 1014 δέ
3515 957 3742 1029 πλησίον
3769 952 3970 1013 οὐδείς.

2391 1061 2458 1114 Τί
2484 1061 2547 1130 δή
2585 1076 2748 1125 ποτε;
2779 1058 2902 1111 Ὅτι
2931 1058 2962 1108 6
2992 1056 3090 1126 μέν
3119 1053 3337 1124 ἐτέρους
3365 1049 3537 1117 λέγων
3582 1043 3789 1105 κακῶς.
3826 1057 3973 1109 παρ-

2389 1126 2566 1214 οξύνει
2616 1147 2708 1200 τὸν
2767 1143 3058 1212 Δεσπότην.
3112 1141 3170 1193 '0
3214 1139 3271 1193 δέ
3315 1135 3502 1191 ἐαυτὸν
3540 1131 3713 1201 λέγων
3759 1126 3968 1187 κακῶς,

2392 1235 2585 1300 ἐξιλεοῖ
2615 1234 2710 1287 καὶ
2739 1231 3112 1285 καταλλάττει·
3142 1227 3237 1281 καὶ
3272 1224 3360 1279 τὸν
3393 1223 3597 1276 δίκαιον
3635 1215 3974 1300 δικαιότερον

2392 1299 2782 1391 ἀπεργάζεται,
2842 1318 2936 1372 καὶ
2985 1317 3075 1369 τὸν
3129 1311 3450 1386 ἁμαρτωλὸν
3502 1303 3798 1391 ἐξαρπάζει
3859 1299 3974 1391 τῶν

2394 1379 2887 1477 ἐγκλημάτωνῖκαὶ
2921 1379 3426 1471 συγγνώμηςᾶξιον
3467 1395 3631 1448 ποιεῖ.
3671 1387 3834 1445 Ταῦτ’
3875 1379 3975 1440 οῦν

2395 1496 2615 1561 εἰδότες,
2663 1494 2736 1565 μὴ
2777 1493 2846 1546 τά
2876 1491 3149 1561 ἀλλότρια,
3194 1485 3330 1540 άλλά
3363 1485 3537 1538 οἰκεῖα
3580 1480 3978 1549 πολυπραγμο-

2395 1584 2576 1653 νῶμεν
2612 1573 2776 1634 κακά·
2810 1574 3200 1646 ἀναπτύξωμεν
3234 1571 3390 1645 ήμῶν
3434 1567 3494 1624 τδ
3541 1566 3795 1628 συνειδδς,
3839 1565 3978 1616 ἀνα-

2401 1648 2725 1740 μνησθῶμεν
2762 1666 2919 1735 ήμῶν
2951 1663 3048 1734 τὴν
3081 1662 3223 1732 ζωὴν
3256 1660 3474 1714 ἅπασαν
3505 1656 3556 1717 ἶ),
3588 1654 3814 1707 ἕκαστον
3862 1648 3979 1702 τῶν

2398 1737 2796 1826 ήμαρτημένων
2833 1754 2963 1821 ήμῖν
3003 1743 3514 1820 περιεργασώμεθα,
3547 1742 3640 1796 καὶ
3692 1739 3765 1810 μὴ
3815 1737 3984 1807 μόνον

2405 1843 2477 1911 μὴ
2524 1843 2771 1910 λέγωμεν
2823 1837 3007 1899 κακῶς
3046 1835 3283 1907 ἐτέρους,
3341 1831 3476 1886 ἀλλά
3521 1828 3652 1900 μηδέ
3689 1826 3984 1894 ἀκούωμεν

2403 1910 2605 2001 ἐτέρων
2631 1928 2893 1995 λεγόντων
2918 1923 3119 1985 κακῶς.
3154 1921 3261 1975 Καὶ
3293 1919 3402 1990 γάρ
3434 1917 3526 1970 καὶ
3559 1914 3745 1967 τούτου
3775 1910 3984 1977 ἔγκλη-

2405 2036 2479 2088 μα
2498 1996 2679 2071 κεῖται
2723 2014 2815 2068 καὶ
2847 2011 3083 2082 τιμωρία
3117 2009 3368 2080 μεγίστη·
3412 2002 3616 2068 Ἀκοὴγ
3651 1999 3776 2068 γὰρ,
3819 1996 3988 2064 φησι,

2396 2083 2654 2173 ματαίαν
2671 2101 2755 2170 μὴ
2794 2097 3118 2166 παραδέξῃ.
3169 2095 3282 2148 Οὐκ
3331 2090 3503 2154 εἶπεν,
3555 2089 3715 2155 ’Λκοῇ
3772 2083 3987 2152 ματαία

2511 2167 2824 2260 πιστεύσῂς,
2844 2184 2998 2242 ἀλλὰ.
3026 2183 3176 2253 Μηδέ
3206 2179 3328 2250 δέξῃ
3360 2178 3547 2246 αὐτήν·
3577 2170 3890 2241 ἀπόφραξω
3915 2167 3988 2219 τά

2403 2255 2539 2335 ῶτα,
2579 2255 2924 2343 ἀποτείχισον
2964 2273 3028 2340 τῇ
3074 2267 3378 2337 κατηγορίᾳ
3419 2264 3521 2331 τὴν
3560 2258 3779 2318 εἴσοδον,
3808 2255 3990 2318 δεῖξον

2403 2367 2485 2418 ὅτι
2519 2362 2612 2416 τοῦ
2643 2358 3112 2430 κατηγορουμένου
3142 2355 3242 2408 οὐκ
3267 2353 3486 2405 ἔλαττον
3523 2346 3684 2407 αὐτὸς
3709 2345 3735 2394 ό
3764 2343 3991 2396 ἀκούων

2407 2450 2596 2522 ἐχθρὸς
2643 2445 2694 2501 εἴ
2725 2450 2820 2502 καὶ
2849 2446 3101 2515 πολέμιος
3137 2443 3214 2512 τῷ
3244 2438 3425 2502 κακῶς
3457 2436 3690 2503 λέγοντι.
3726 2431 3992 2499 Μίμησαι

2406 2516 2675 2609 ’ὧν-[197]
2699 2537 2984 2605 προφήτην
3002 2530 3144 2584 οῦτω
3163 2530 3408 2595 λέγοντα·
3437 2523 3545 2579 Τὸν
3567 2516 3997 2575 καταλαλοῦνο

2410 2643 2480 2678 τα
2506 2606 2696 2691 λάθρα
2729 2623 2836 2676 τὸν
2868 2620 3136 2685 πλησίοι·
3163 2613 3368 2675 αὐτοῦ,
3401 2610 3615 2665 τοῦτον
3639 2606 3990 2670 ἐξεδίωκον.

2409 2713 2521 2764 Οὐκ
2555 2706 2724 2772 εἶπεν,
2754 2709 2836 2761 ὅτι
2855 2707 2967 2759 υύκ
2995 2704 3299 2762 ἐπίστευον,
3327 2697 3446 2752 οὐδέ
3474 2697 3554 2748 ὃτι
3587 2693 3664 2746 Οὐ
3688 2688 3993 2758 παρεδεχό-

2413 2814 2519 2867 μην
2543 2796 2613 2850 τὰ
2635 2794 2921 2864 λεγόμενα,
2951 2789 3085 2844 ἀλλά
3107 2789 3200 2842 καὶ
3223 2786 3554 2856 ἀπήλαυνον,
3579 2780 3653 2843 ὼς
3675 2777 3869 2848 ἐχθρὸν
3897 2775 3999 2828 καὶ

2412 2883 2689 2954 πολέμιον.

2485 2950 2715 3024 ι’.”Ἀλλ’
2750 2966 2855 3020 είσί
2893 2981 3055 3028 τινες,
3087 2961 3137 3016 οἴ
3179 2960 3365 3031 ψυχρᾷ
3399 2953 3718 3028 παραμυθίᾳ
3763 2950 3997 3009 ἑαυτοὺς

2415 3055 2881 3129 παραμυθοῦνται,
2917 3052 3114 3106 οὐτωσ)⁵
3143 3050 3414 3118 λέγοντες·
3444 3045 3635 3114 Κύριε,
3677 3041 3751 3110 μὴ
3784 3038 4000 3106 στήσῃς

2421 3123 2510 3215 μοι
2555 3123 2651 3214 τὴν
2696 3140 2967 3212 ἁμαρτίαν
3002 3138 3223 3206 ταύτην.
3260 3136 3341 3188 ὅτι
3379 3133 3546 3202 ἀκοῆς
3587 3129 3742 3196 λόγον
3771 3123 4001 3192 ὀφείλω.

2417 3210 2513 3294 Τίς
2542 3210 2697 3300 χρεία
2857 3223 3183 3291 ἀπολογίας;
3214 3221 3295 3280 τίς
3339 3217 3494 3290 χρεία
3534 3217 3631 3284 τῆς
3664 3210 4004 3279 συγγνώμης

2417 3298 2648 3386 ταύτης
2683 3315 2933 3384 Σίγησον,
2980 3313 3072 3364 καὶ
3123 3307 3428 3376 ἀπήλλαξαι
3470 3304 3576 3356 τῶν
3610 3298 4002 3368 ἐγκλημάτων·

2422 3380 2587 3474 μηδὲν
2621 3380 2922 3473 εἴπῃςίκαὶ
2951 3395 3189 3465 καθαρὸς
3215 3388 3268 3445 εἶ
3297 3390 3396 3459 τῆς
3425 3388 3681 3458 ἀγωνίας.
3717 3385 3783 3436 Τί
3814 3380 4007 3450 σαυτῷ

2421 3469 2980 3558 πράγματα-πλέκεις,
3008 3482 3101 3533 καὶ
3138 3477 3287 3549 παρά
3325 3476 3462 3545 Θεῷ,
3493 3475 3584 3528 καὶ
3615 3471 3762 3540 παρά
3788 3469 3887 3522 ἀνθ
3899 3469 4010 3537 ρώ-

2420 3554 2663 3639 ποις-Τί
2689 3574 2859 3634 ποιεῖς
2891 3569 3184 3622 ὑπεύθυνον
3214 3564 3400 3618 ἑαυτὸν
3428 3560 3786 3630 ἐγκλημάτων
3813 3573 3827 3621 ;
3861 3556 3916 3608 τί
3946 3554 4008 3606 τὸ

2424 3662 2637 3733 φορτίον
2672 3657 2963 3730 βαρύτερον
2995 3655 3244 3723 δεσμεῖς;
3282 3651 3393 3703 Οὐκ
3426 3650 3586 3718 ἀρκεῖ
3620 3661 3698 3696 σοι
3730 3644 3860 3711 περὶ
3894 3640 4011 3692 τῶν

2424 3749 2635 3803 οἰκείων
2679 3744 2858 3801 κακῶν
2899 3742 3122 3804 εὐθύνας
3176 3740 3452 3808 ὑποσχεῖν,
3495 3733 3628 3788 ἀλλά
3673 3733 3766 3784 καὶ
3809 3729 4013 3798 ἐτέρας

2428 3835 2698 3906 ἁμαρτίας
2731 3829 3081 3901 ἐπισωρεύεις
3112 3825 3320 3892 σαυτῷ;
3350 3819 3584 3891 Περιττὴ
3628 3817 3765 3884 αῦτη
3797 3817 3827 3883 ἡ
3868 3816 4012 3866 ἀπο-

2426 3900 2600 3990 λογία·
2643 3920 2743 3971 οὐκ
2797 3900 2966 3984 ἀκοῆς
3001 3915 3156 3979 λόγον
3192 3910 3443 3980 ὀφείλεις,
3487 3905 3618 3958 ἀλλά
3670 3900 4015 3968 κατηγορίας

2428 3985 2584 4075 λόγον
2617 4005 2925 4076 χρεωστεῖς.
2951 4001 3118 4052 Ὅταν
3149 3998 3256 4067 γάρ
3287 3993 3541 4055 ἀκούσας,
3572 3992 3630 4042 οὐ
3665 3990 3920 4058 σιγήσῃς,
3949 3985 4014 4036 οὐ

2431 4072 2531 4163 τῆς
2553 4072 2720 4162 ἀκοῆς
2735 4090 2892 4156 λόγον
2917 4086 3070 4158 μόνον
3094 4083 3346 4153 ὀφείλεις,
3376 4079 3509 4134 ἀλλά
3534 4078 3627 4131 καὶ
3651 4072 4015 4142 κατηγορίας.

2565 4158 2818 4249 reip-(637'
2839 4175 3036 4242 λόγων
3065 4187 3181 4225 σου
3215 4166 3599 4232 δικαιωθήσῃ,
3636 4163 3788 4230 φησὶ,
3814 4161 3916 4211 καὶ
3948 4158 4020 4209 ἐκ

2435 4269 2552 4322 τῶν
2575 4247 2777 4335 λόγων
2802 4281 2918 4318 σου
2940 4258 3369 4327 κατακριθήσῃ.
3401 4254 3583 4308 Ταῦτα
3613 4252 3706 4318 οὐχ
3734 4249 3876 4314 ὑπὲρ
3902 4247 4022 4298 τῶν

2436 4352 2620 4414 κακῶς
2667 4349 2988 4408 ἀκουόντων,
3021 4345 3134 4397 ἀλλ’
3182 4343 3327 4412 ὑπὲρ
3364 4340 3476 4392 τῶν
3516 4337 3700 4397 κακῶς
3744 4335 4025 4399 λεγόντων

2437 4436 2686 4498 δεδοικὼς
2731 4436 2872 4502 λέγω
2905 4433 2998 4484 καὶ
3035 4427 3490 4499 διαμαρτύρομαι.
3530 4425 3586 4477 '0
3638 4421 3736 4491 μὲν
3767 4419 3878 4487 γὰρ
3921 4436 4028 4470 κα-

2440 4527 2548 4589 κῶς
2583 4522 2841 4584 ἀκούσας,
2874 4519 3024 4572 οὐδὲν
3055 4515 3414 4586 ἐπηρέασται,
3459 4509 3578 4563 οὐδέ
3624 4507 3850 4574 ἐϐλάϐη·
3903 4504 4025 4556 ἀλλ’

2439 4615 2504 4666 ἂν
2538 4614 2632 4682 μὲν
2669 4610 2834 4678 ψευδῆ
2932 4605 2999 4658 τὰ
3026 4604 3152 4675 περὶ
3184 4600 3349 4656 αὐτοῦ
3379 4598 3666 4666 λεγόμενα,
3696 4594 3790 4646 καὶ
3828 4591 4030 4660 μισθὸν

2442 4680 2571 4770 ἔχει·
2637 4699 2702 4750 ἂν
2750 4696 2806 4748 δέ
2860 4692 3054 4761 ἀληθῆ,
3105 4689 3256 4743 οὐδὲν
3303 4686 3422 4740 οὐδέ
3470 4683 3643 4744 οὑτως
3685 4680 4025 4749 ἐπηρέασται

2445 4767 2593 4855 πά,ρά
2650 4783 2745 4852 τὴν
2804 4780 2899 4850 σὴν
2944 4775 3290 4845 κατηγορίαν.
3334 4771 3466 4826 Οὐδὲ
3506 4770 3612 4838 γὰρ
3651 4767 3756 4819 ἀπὸ
3791 4768 3892 4833 τῆς
3929 4767 4033 4830 σῆς

2444 4851 2711 4940 λοιδορίας
2743 4867 2880 4920 οἴσει
2915 4865 3034 4916 τότε
3079 4861 3174 4930 τὴν
3207 4859 3382 4928 ψῆφον
3422 4856 3569 4925 αὐτῷ
3604 4857 3632 4906 6
3665 4851 3923 4914 δικάζων.
3969 4851 4032 4900 Εἰ

2445 4959 2503 5010 δὲ
2556 4938 2658 5025 χρή
2716 4971 2767 5004 τι
2817 4951 2910 5004 καλ⁵
2948 4946 3259 5015 θαυμαστὸν
3309 4945 3500 5008 εἰπεῖν,
3558 4942 3652 4994 καὶ⁸
3693 4940 3761 4991 τὰ
3790 4938 4037 5005 μέγιστα

2448 5043 2691 5114 κερδανεῖ
2709 5039 2967 5106 γενναίως
2989 5037 3168 5103 φέρων
3197 5034 3293 5101 τὴν
3322 5031 3687 5101 βλασφημίαν,
3719 5026 3912 5095 ῶσπερ
3939 5021 4036 5077 οὖν

2449 5113 2539 5183 καὶ
2565 5130 2592 5179 ὁ
2620 5127 2873 5194 τελώνης·
2905 5123 2932 5174 6
2961 5123 3015 5176 δέ
3039 5120 3220 5182 κακῶς
3245 5119 3438 5187 λέγων,
3463 5118 3526 5171 ἄν
3554 5133 3610 5168 τε
3637 5113 3806 5181 ἀληθῆ
3838 5113 4038 5174 κακῶς

2449 5218 2575 5287 εἴπῃ
2602 5215 2689 5266 τὸν
2720 5212 2961 5280 πλησίον,
2999 5209 3062 5261 τὰ
3094 5208 3322 5278 μέγιστα
3360 5205 3632 5274 ἠδίκηται.
3664 5201 3772 5252 Καὶ
3803 5200 3891 5251 ὃτι
3934 5200 4038 5269 μὲν

2448 5305 2475 5354 6
2510 5298 2855 5367 συκοφαντῶν
2887 5294 3158 5350 ἀπόλωλεν
3178 5333 3190 5356 ,
3221 5291 3339 5344 οὐδέ
3378 5289 3696 5350 ἀπώείξεως
3729 5285 3914 5354 χρεία·
3956 5288 4038 5338 ὃτι

2451 5391 2527 5450 δὲ,
2565 5389 2664 5440 κᾶν
2699 5385 2869 5453 ἀληθῆ
2914 5383 3065 5452 λέγῃ,
3109 5379 3504 5450 φορτικώτερον
3546 5372 3720 5440 ἐαυτῷ
3769 5375 3926 5425 ποιεῖ
3981 5374 4044 5425 τὸ

2453 5474 2816 5541 δικαστήριον,
2844 5466 3201 5538 ὲκπομπεύων
3227 5464 3322 5527 τὰς
3348 5462 3437 5515 τοῦ
3465 5459 3686 5527 πλησίον
3718 5462 4041 5528 συμφοράς,

2455 5564 2544 5615 καὶ
2591 5557 2897 5610 σκανδάλων
2955 5554 3124 5615 αἴτιος
3173 5551 3474 5618 γινόμενος,
3504 5545 3539 5598 ἂ
3587 5544 3850 5615 κρύπτειν
3895 5546 4044 5611 δέον,

2457 5648 2807 5703 ἐκκαλύπτων
2853 5645 3044 5705 ἀπασι,
3093 5641 3187 5694 καὶ
3223 5639 3505 5709 κηρύττων
3548 5635 3616 5687 τὰ
3659 5632 4045 5704 ἁμαρτήματα

2520 5776 2546 5815 ὶθ
2567 5774 2699 5824 Colb.
2723 5779 2804 5830 τῆς
2829 5775 2947 5828 ζωῆς
2966 5770 3163 5824 ἁπάσης.
