4148 6306
205 456 415 522 quippe
448 465 565 519 qua:
598 448 753 517 hujus
788 446 1163 501 .naâ€™edicentiae
1192 446 1258 498 sit
1281 444 1476 497 utilitas
1501 484 1515 506 ,
1544 441 1683 510 quod
1705 441 1791 511 ju-

205 545 418 596 stitiam
448 545 636 610 pariat.
685 540 906 606 Qtandn
961 538 1115 608 igitur
1168 547 1225 590 ut
1271 538 1503 604 seipsum
1586 555 1801 599 accuser

204 648 357 700 opus
376 632 548 697 merit,
570 640 678 685 tum
696 629 907 698 copiose
926 627 1314 681 accusationem
1342 624 1563 677 instituit
1588 641 1603 677 :
1628 638 1795 692 quan-

204 725 288 775 du
340 734 514 779 autem
569 721 762 776 viderit
806 720 873 774 de
921 720 1107 774 alienis
1150 718 1301 771 malis
1322 716 1639 784 judicantes,
1673 712 1791 765 vide

205 826 417 879 quanta
462 828 583 869 cum
618 812 897 867 severitate
946 825 1007 864 os
1053 810 1154 864 illis
1204 807 1446 862 occludat
1492 806 1572 860 his
1614 804 1791 861 verbis

205 917 378 960 utens
435 922 449 959 :
500 903 675 973 Itaque
717 902 873 957 nolite
920 913 1035 955 ante
1088 910 1279 967 tempus
1349 898 1470 968 quid
1524 897 1787 968 judicare,

201 996 544 1065 quoadusque
567 994 728 1048 veniat
770 992 1033 1057 Dominus,
1072 1000 1119 1045 et
1156 990 1457 1043 illuminabit
1501 987 1791 1042 abscondita

204 1088 559 1153 tenebrarum,
599 1095 645 1138 et
681 1082 1015 1154 manifestabit
1055 1081 1266 1135 consilia
1314 1079 1539 1133 cordium
1577 1077 1786 1145 (LCor.

203 1178 268 1231 4.
305 1178 381 1239 5).
427 1176 503 1230 Illi
528 1176 775 1245 judicium
811 1186 1053 1236 reserva,
1084 1170 1174 1241 qui
1220 1179 1421 1224 secreta
1452 1167 1644 1223 mentis
1695 1182 1790 1219 no-

204 1269 317 1320 vit.
342 1267 589 1334 Quamvis
616 1274 862 1320 accurate
891 1262 1103 1316 novisse
1132 1271 1183 1315 te
1206 1275 1291 1315 res
1318 1259 1541 1329 proximi
1562 1257 1786 1311 arbitre-

206 1358 316 1420 ris,
341 1354 537 1409 fallitnr
557 1353 808 1422 judicium
835 1359 999 1405 tuum.
1036 1350 1157 1416 Quis
1178 1350 1309 1402 enim
1335 1349 1448 1414 scit,
1465 1349 1649 1415 inquit,
1676 1360 1791 1413 qua:

203 1458 338 1500 sunt
362 1446 604 1506 hominis,
630 1444 726 1497 nisi
766 1443 971 1512 spiritus
1004 1440 1218 1493 hominis
1241 1479 1256 1505 ,
1280 1439 1364 1507 qui
1389 1438 1442 1490 in
1478 1439 1587 1505 ipso
1614 1444 1686 1489 est
1711 1434 1785 1504 (i.

204 1535 337 1590 Cor.
360 1534 416 1588 2.
440 1536 463 1589 i
483 1532 569 1604 l)?
596 1533 761 1600 Quam
791 1531 938 1586 multi
966 1545 1028 1584 ex
1050 1528 1350 1583 hominibus
1369 1525 1586 1592 abiectis
1615 1538 1677 1577 ac
1707 1523 1786 1575 vi-

206 1629 354 1680 libus
387 1626 501 1681 sole
528 1624 719 1679 clarius
754 1623 995 1677 refulsuri
1033 1629 1158 1676 sunt
1182 1618 1193 1670 l
1220 1634 1378 1689 quam
1404 1618 1551 1671 multi
1578 1632 1639 1671 ex
1672 1631 1783 1669 ma-

204 1720 332 1785 gnis
357 1725 412 1771 et
437 1716 723 1770 illustribus
752 1714 882 1768 nihil
908 1712 1047 1765 aliud
1079 1726 1234 1781 quam
1266 1710 1434 1779 pulvis
1460 1724 1577 1763 esse
1602 1722 1664 1761 ac
1703 1723 1785 1761 sc-

207 1808 461 1875 pulcrum
488 1805 784 1859 dealbatum
811 1802 1139 1871 reperientur
1167 1798 1178 1848 l
1217 1800 1440 1864 Audisti,
1464 1813 1563 1868 qua
1585 1798 1786 1851 ratione

208 1896 497 1950 maledicta
522 1894 571 1947 in
601 1907 659 1947 se
684 1892 966 1961 conjiceret
992 1892 1218 1956 Paulus,
1249 1890 1334 1959 qui
1367 1902 1471 1943 tam
1497 1888 1784 1942 vehemen-

214 1998 301 2040 ter
327 1996 381 2039 et
410 1986 622 2053 copiose
650 1992 1020 2054 peccatorum,
1045 1998 1268 2051 quorum
1299 1981 1555 2034 rationem
1588 1980 1783 2033 nullam

209 2078 519 2133 redditurus
551 2085 687 2140 erat,
713 2075 928 2130 assidue
961 2074 1324 2129 meminisset?
1364 2072 1493 2125 Nam
1522 2081 1644 2126 ante
1693 2072 1784 2125 ba-

209 2169 469 2235 ptismum
498 2166 853 2235 blasphemus,
877 2174 929 2220 et
954 2163 1367 2219 contumeliosus
1394 2162 1512 2225 fuit,
1546 2161 1631 2214 illa
1660 2176 1784 2214 vero

208 2266 433 2328 peccata
460 2258 655 2313 delevit
681 2258 971 2327 baptismus
1001 2272 1015 2308 :
1045 2264 1277 2308 attamen
1308 2268 1491 2307 eorum
1523 2251 1780 2316 meminit,

212 2369 321 2405 non
359 2350 501 2420 quod
527 2366 710 2406 eorum
736 2350 991 2403 rationem
1018 2348 1086 2402 sit
1110 2346 1414 2401 redditurus
1438 2386 1454 2410 ,
1482 2344 1573 2398 sed
1606 2353 1661 2396 ut
1686 2343 1781 2397 Dei

209 2442 591 2510 benignitatem
618 2438 877 2504 ostendat,
901 2445 953 2492 et
978 2437 1145 2507 qualis
1170 2444 1310 2491 esset
1334 2477 1347 2499 ,
1371 2450 1489 2490 cum
1516 2434 1581 2487 ab
1600 2448 1661 2487 ea
1690 2432 1783 2486 fuit

209 2534 265 2586 in
289 2534 453 2589 alium
486 2541 857 2588 transmutatus
880 2539 933 2585 et
958 2545 1020 2585 ex
1049 2538 1429 2599 persequutore
1456 2528 1622 2581 factus
1649 2541 1779 2593 apo-

209 2624 402 2675 stolus.
439 2622 592 2686 Quod
624 2623 665 2675 si
707 2631 1047 2688 peccatorum
1078 2619 1163 2672 ille
1191 2633 1309 2687 qua:
1340 2618 1510 2670 deleta
1539 2615 1779 2681 fuerant,

207 2713 482 2773 meminit,
508 2713 672 2764 multo
703 2712 869 2780 magis
904 2718 1025 2779 post
1053 2710 1376 2776 baptismum
1421 2709 1781 2761 admissorum

207 2818 310 2855 nos
341 2809 556 2870 oportet
584 2800 912 2853 meminisse.
943 2798 1057 2864 Qua
1075 2797 1216 2851 enim
1241 2797 1536 2865 poterimus
1556 2811 1783 2850 excusa-

209 2892 361 2945 tione
386 2890 483 2954 uti,
498 2904 600 2959 qua
621 2888 764 2958 digni
783 2888 970 2950 videri,
991 2902 1112 2939 cum
1132 2886 1218 2938 ille
1240 2884 1455 2938 assidue
1474 2882 1783 2936 meminerit

206 2978 758 3049 eontm,quaejndicio
770 2993 875 3032 non
896 2975 1386 3036 suntobnoxia,nos
1402 2988 1530 3026 vero
1547 2988 1778 3040 quorum

206 3072 477 3126 rationem
501 3069 755 3124 reddituri
771 3084 977 3129 sumus,
1003 3082 1064 3121 ea
1082 3081 1184 3119 nec
1205 3065 1259 3117 in
1289 3063 1601 3117 memoriam
1626 3062 1781 3115 nobis

209 3175 552 3221 revocemus,
575 3159 669 3213 sed
697 3158 927 3228 prOpriis
952 3155 1212 3227 neglectis
1240 3155 1294 3208 in
1318 3153 1491 3206 aliena
1520 3152 1655 3205 mala
1681 3168 1779 3206 cu-

206 3253 409 3307 riosius
434 3252 764 3319 inquiramus
792 3249 938 3320 (Luc.
966 3248 1019 3302 5.
1046 3247 1138 3315 8)?
1163 3244 1319 3316 [Audi
1346 3244 1563 3297 Petrum
1584 3244 1771 3297 dicen-

208 3355 353 3398 tem:
376 3343 479 3396 Exi
509 3360 540 3393 a
564 3359 661 3404 me,
692 3341 813 3411 quia
842 3342 917 3393 vir
942 3350 1184 3407 peccator
1209 3336 1346 3408 sum]
1374 3336 1472 3406 (a).
1505 3334 1644 3389 Audi
1676 3349 1784 3403 quo

207 3444 369 3504 pacto
386 3434 669 3486 Mattheus
688 3446 905 3501 quoque
929 3430 1161 3500 priorem
1186 3444 1335 3483 suam
1358 3428 1521 3481 vitam
1543 3431 1778 3489 accuset,

206 3537 263 3581 et
279 3542 343 3581 se
365 3525 707 3595 publicanum
731 3524 959 3593 appellet
976 3521 1187 3592 (Matth.
1210 3522 1299 3574 10.
1319 3520 1395 3588 5),
1416 3533 1589 3588 neque
1610 3516 1784 3571 divul-

204 3633 334 3688 gare
348 3617 583 3686 priorem
604 3631 755 3670 suam
773 3617 935 3670 vitam
950 3615 1252 3668 erubescat.
1266 3613 1400 3665 Nam
1418 3626 1539 3664 cum
1559 3608 1780 3679 postha-

204 3708 689 3778 ptismuntnnllius
705 3723 761 3761 se
780 3707 1020 3761 criminis
1050 3719 1302 3759 accusare
1330 3709 1565 3772 possent,
1587 3716 1775 3755 eorum

200 3805 321 3858 qua:
348 3797 471 3843 ante
496 3797 762 3857 patrarant
785 3788 1159 3851 meminerunt,
1184 3796 1238 3840 ut
1254 3803 1351 3841 nos
1376 3787 1628 3841 docerent
1650 3787 1779 3840 alie-

202 3894 397 3931 nurum
428 3878 684 3930 malorum
707 3879 901 3931 nullam
930 3878 1122 3932 habere
1146 3877 1535 3942 rationem,sed
1566 3878 1775 3946 propria

201 3981 415 4030 curare,
448 3980 510 4018 ac
541 3980 750 4034 semper
774 3968 828 4020 in
856 3966 1032 4021 animo
1060 3968 1315 4021 volutare.

270 4056 607 4110 Peccatorum
645 4059 921 4110 recordatio
960 4058 1247 4111 remedium.
1284 4088 1352 4097 â€”
1381 4056 1589 4110 Nullum
1632 4059 1771 4112 enim

198 4159 305 4211 est,
334 4149 536 4203 nullum
566 4148 709 4202 aliud
738 4149 838 4203 tale
857 4149 921 4202 ad
944 4158 1155 4217 peccata
1188 4147 1414 4202 tollenda
1444 4149 1735 4203 remedium
1754 4190 1767 4213 ,

196 4250 364 4307 atque
391 4238 598 4291 illorum
631 4238 837 4291 assidua
861 4239 1173 4301 recordatio,
1204 4253 1265 4292 ac
1291 4248 1539 4306 perpetua
1560 4254 1772 4293 eorum-

192 4332 321 4383 dem
355 4331 638 4384 accusatio.
665 4328 738 4381 lta
767 4329 1071 4397 publicanus
1099 4330 1370 4383 innumera
1398 4330 1772 4398 potuitabjice-

194 4437 254 4474 re
285 4420 451 4483 mala,
481 4429 535 4471 ut
554 4420 772 4482 diceret,
804 4418 961 4482 Deus,
996 4420 1237 4487 prapitius
1268 4428 1371 4472 esto
1400 4420 1523 4471 mihi
1544 4430 1772 4487 peccato-

192 4512 235 4561 ri
270 4507 430 4570 (Luc.
464 4508 546 4563 18.
579 4508 664 4577 15)
698 4509 804 4560 :ita
836 4508 1129 4561 Pharis-acus
1157 4508 1299 4561 omni
1324 4508 1521 4575 justitia
1553 4509 1766 4574 excidit,

191 4598 342 4665 quod
370 4599 614 4651 omitteu.c
638 4612 811 4651 secum
838 4597 1013 4649 animo
1040 4607 1284 4665 reputare
1308 4614 1424 4666 qure
1456 4606 1727 4665 peccasset
1752 4639 1765 4662 ,

195 4700 373 4743 tutum
423 4689 605 4741 orbem
647 4697 903 4743 terrarum
944 4688 1349 4749 condemnaret,
1390 4688 1613 4742 dicens:
1649 4688 1767 4740 Non

192 4795 309 4830 sum
341 4778 467 4830 sicut
492 4779 654 4829 cmteri
680 4777 932 4829 hominum
953 4818 966 4841 ,
990 4788 1218 4845 raptores
1240 4819 1252 4839 ,
1287 4779 1461 4844 injusti
1479 4819 1492 4840 ,
1527 4778 1764 4843 adulteri,

194 4883 362 4935 neque
388 4878 444 4919 ut
472 4869 551 4919 hic
587 4870 883 4936 publicanus
911 4868 1069 4939 (Ibid.
1109 4886 1157 4921 Ï….
1193 4869 1302 4936 il).
1336 4868 1535 4922 Idcirco
1577 4870 1769 4926 Paulus

192 4957 716 5010 admonebatdiccns
737 4978 749 5011 :
782 4958 919 5027 Opus
934 4970 1097 5011 autent
1113 4975 1255 5011 suum
1278 4960 1615 5026 unusquisque
1648 4978 1768 5027 pro-

193 5052 296 5111 bet,
333 5058 378 5100 et
406 5048 549 5100 sicin
577 5050 834 5118 semetipso
859 5060 1048 5101 tantum
1093 5050 1303 5118 gloriam
1342 5049 1568 5113 habebit,
1601 5060 1647 5102 et
1670 5067 1767 5103 non

192 5141 243 5189 in
274 5139 439 5189 altera
466 5135 600 5203 (Gal.
633 5138 684 5190 6.
709 5139 785 5207 4).
823 5140 908 5191 Vis
933 5139 1155 5201 discere,
1178 5155 1285 5205 quo
1324 5149 1477 5206 pacto
1505 5139 1555 5191 in
1593 5139 1767 5194 Veteri

192 5240 415 5295 quoque
456 5225 794 5279 Testamento
822 5226 951 5295 justi
1006 5228 1207 5295 seipsos
1252 5228 1550 5281 accnsarint
1581 5269 1594 5292 ,
1646 5230 1764 5281 andi

190 5318 358 5368 etiam
406 5315 533 5367 istos
577 5315 678 5367 illis
729 5326 1083 5369 consentanea
1128 5317 1423 5384 loquentes.
1451 5317 1579 5370 Nam
1607 5318 1766 5372 David

191 5406 416 5474 quidem
454 5405 662 5459 dicebat
695 5407 748 5459 :1
757 5409 1029 5475 niquitates
1050 5423 1171 5459 mea:
1195 5424 1526 5477 supergressa!
1545 5420 1657 5462 sunt
1684 5426 1768 5461 ca-

190 5508 283 5569 put
336 5513 541 5561 meum;
581 5498 725 5565 quasi
752 5513 875 5549 onus
907 5512 1057 5565 grave
1087 5508 1304 5566 gravata:
1345 5509 1459 5550 sunt
1504 5516 1653 5567 super
1692 5518 1767 5553 me

191 5715 224 5765 Ï‹
254 5651 332 5761 (á½…)
365 5659 483 5760 Quml
503 5651 687 5699 uncinis
711 5650 990 5700 clauduntur
1013 5653 1058 5698 in
1083 5649 1215 5700 Colb.
1240 5649 1484 5710 leguntur,
1502 5649 1587 5698 sed
1606 5649 1651 5697 in
1672 5650 1762 5698 edi-

226 5728 253 5764 5
313 5725 459 5762 Lâ€™L'I'le
485 5745 500 5759 Î¹

226 5728 253 5764 5
274 5725 500 5762 ULâ€™Lâ€™I'ZIIL

1171 329 1257 385 DE
1302 324 1834 384 PliOPllETlARUM
1872 324 2368 383 OBSCURITATE.
2409 326 2474 384 Il.

3376 348 3486 401 190

1903 438 2070 510 (Psal.
2096 442 2183 496 37.
2206 442 2284 510 5).
2315 442 2479 498 Isaias
2509 458 2631 499 vero
2658 444 2852 500 clamat
2884 445 3021 501 :Het'
3048 449 3169 502 mila
3189 492 3203 517 ,
3234 453 3353 520 quia
3379 456 3475 507 Ito-

1900 547 1981 584 mo
2010 548 2122 585 cum
2147 533 2241 585 sint
2259 572 2275 598 ,
2308 542 2354 586 et
2385 533 2644 587 immunda
2682 535 2816 589 labia
2831 537 3015 593 habens
3045 538 3193 611 (Isai.
3219 541 3271 595 Ï.
3308 542 3384 604 5).
3409 544 3475 598 Et

1903 631 2011 677 tres
2061 624 2233 693 pueri,
2271 639 2391 678 cum
2432 625 2485 678 in
2524 625 2740 682 fornace
2769 640 3129 696 versarentur,
3160 642 3212 686 et
3258 642 3473 703 prepter

1902 710 2065 765 Deum
2089 712 2248 765 morti
2286 726 2508 782 corpora
2537 715 2910 782 tradidissent,
2943 718 3080 773 inter
3107 720 3321 775 ultimos
3348 738 3471 792 pecâ€”

1898 810 2106 857 catores
2124 804 2329 871 seipsos
2357 806 2705 860 numerabant
2730 808 2986 876 dicentes,
3022 810 3472 881 Peccavimus,ini-

1899 908 1994 959 que
2016 894 2204 964 egimus
2233 892 2391 966 (Dan.
2424 897 2477 951 '5.
2505 895 2595 968 29)
2633 915 2646 951 :
2676 901 2882 953 tametsi
2909 902 3033 971 quid
3063 902 3319 960 illustrius
3342 908 3466 976 illis,

1896 982 2020 1052 quid
2046 986 2297 1041 mundius
2325 984 2457 1040 fuit?
2486 988 2738 1055 Quamvis
2771 991 2912 1045 enim
2957 1004 3171 1061 peccata
3211 999 3468 1055 nonnulla

1896 1076 2315 1142 commisissent,
2349 1078 2528 1133 omnia
2560 1088 2734 1136 tamen
2762 1082 3084 1140 absterserat
3104 1086 3333 1144 ï¬‚amma:
3366 1107 3465 1144 nav-

1897 1171 2033 1218 tura.
2060 1164 2257 1221 Verum
2284 1168 2348 1222 ad
2371 1169 2547 1237 priora
2588 1179 2732 1226 recte
2756 1170 2891 1227 facta
2929 1188 3034 1229 non
3078 1179 3466 1247 respiciebant,

1894 1254 1987 1308 sed
2014 1265 2225 1323 peccata
2247 1272 2425 1313 secum
2449 1261 2779 1329 reputabant.
2826 1262 2917 1319 Sic
2954 1274 3007 1320 et
3044 1266 3228 1324 Daniel
3256 1282 3372 1339 post
3402 1275 3469 1327 lac

1894 1360 2012 1400 cum
2040 1346 2272 1413 leonum,
2303 1360 2423 1418 post
2460 1352 2739 1407 innumera
2763 1355 3017 1424 supplicia
3047 1373 3166 1427 qua:
3192 1364 3460 1418 sustinue-

1894 1446 1994 1503 rat,
2024 1439 2139 1507 ipse
2172 1456 2381 1510 quoque
2400 1444 2632 1513 seipsum
2661 1447 2973 1513 accusabat,
3002 1452 3300 1519 proximum
3339 1471 3467 1509 vero

1894 1542 2071 1582 nemo.
2099 1527 2234 1595 Quid
2263 1531 2370 1584 ita?
2394 1532 2525 1599 Quia
2548 1534 2794 1589 nimirum
2818 1536 2985 1606 is,qui
3006 1548 3227 1594 cazteros
3244 1543 3467 1597 maledi-

1892 1619 1990 1672 ctis
2017 1619 2263 1684 incessit,
2295 1620 2575 1677 Dominum
2599 1623 2819 1678 oï¬‚â€˜eudit
2850 1628 2974 1695 :qui
3014 1643 3142 1683 vero
3185 1632 3462 1688 maledicta

1892 1709 2108 1777 conjicit
2136 1710 2187 1763 in
2217 1711 2449 1780 seipsum
2474 1752 2488 1777 ,
2516 1712 2688 1781 placat
2719 1714 2864 1768 illum
2894 1730 2956 1771 ac
2984 1718 3292 1774 reconciliat
3320 1721 3457 1787 sibi;

1891 1809 1945 1854 et
1988 1800 2264 1869 justiorem
2314 1802 2490 1858 reddit
2540 1804 2768 1873 iustum,
2799 1815 2854 1862 et
2887 1818 3215 1877 peccatorem
3243 1814 3463 1871 crimine

1891 1892 2099 1956 liberat,
2136 1908 2198 1947 ac
2237 1895 2390 1949 venia
2422 1894 2636 1966 dignum
2659 1898 2850 1954 reddit.
2883 1900 3011 1967 Qua:
3063 1919 3182 1956 cum
3228 1903 3298 1958 ita
3338 1916 3457 1960 nota

1890 1985 1997 2038 sint
2022 1984 2195 2049 nobis,
2221 2000 2289 2039 ne
2313 1985 2364 2039 in
2392 1986 2583 2052 aliena,
2613 1988 2705 2042 sed
2738 1990 2788 2043 in
2825 2001 3004 2044 nostra
3034 1993 3170 2046 mala
3201 1995 3460 2050 curiosius

1891 2076 2237 2145 inquiramus,
2260 2078 2586 2132 excutiamus
2606 2080 2979 2135 conscientiam
2998 2090 3229 2137 nostram
3262 2102 3274 2136 :
3300 2085 3458 2140 vitam

1890 2181 2099 2221 omnem
2130 2175 2364 2220 nostram
2387 2168 2777 2223 reminiscendo
2799 2185 3261 2241 recognoscamus,
3286 2192 3401 2246 quae
3429 2191 3458 2230 a

1889 2256 2041 2311 nobis
2072 2268 2283 2326 peccata
2313 2268 2435 2313 sunt
2458 2268 2704 2315 accurate
2728 2271 3055 2329 scrutemur,
3085 2275 3136 2319 et
3169 2282 3271 2320 non
3302 2268 3458 2322 modo

1888 2358 2110 2402 caeteros
2128 2349 2419 2404 maledictis
2434 2366 2539 2403 non
2566 2350 2910 2417 incessamus,
2929 2352 3023 2408 sed
3045 2369 3215 2423 neque
3235 2367 3456 2412 catenis

1888 2442 2180 2496 maledictis
2205 2442 2529 2497 incessentes
2555 2443 2851 2498 audiamus.
2882 2444 3012 2498 Nam
3036 2455 3089 2499 et
3115 2447 3235 2502 huic
3262 2448 3334 2502 rei
3358 2450 3458 2502 cri-

1887 2547 2005 2584 men
2028 2546 2089 2585 ac
2110 2533 2424 2601 supplicium
2467 2535 2753 2588 maximum
2801 2544 2881 2589 est
2916 2546 3155 2605 paratum
3186 2555 3199 2591 :
3228 2540 3457 2593 Auditiaâ€”

1886 2639 1997 2675 nem
2016 2622 2178 2688 enim,
2204 2624 2390 2691 inquit,
2425 2640 2604 2675 vanam
2629 2640 2728 2676 non
2757 2625 2996 2693 suscipies
3023 2626 3213 2693 (Exod.
3252 2627 3339 2682 9.3.
3380 2629 3454 2697 i).

1885 2713 1997 2766 Non
2044 2712 2197 2776 dixit,
2224 2712 2494 2766 Auditioni
2537 2728 2686 2767 vana)
2736 2715 2954 2769 minime
2996 2717 3201 2783 credes,
3244 2719 3457 2783 sed,Nc

1885 2801 2142 2870 suscipies
2187 2802 2399 2872 quidem
2432 2802 2574 2856 illam
2613 2820 2626 2855 :
2656 2819 2810 2859 aures
2860 2807 3069 2872 obtura,
3095 2809 3455 2864 criminationi

1883 2892 2083 2945 aditum
2101 2908 2311 2946 omnem
2342 2892 2634 2948 interclude
2658 2936 2673 2959 ,
2712 2910 2881 2964 neque
2910 2898 3083 2952 minus
3107 2900 3376 2954 inimicum
3405 2913 3457 2957 ct

1885 2982 2092 3036 hostem
2113 2997 2232 3036 esse
2255 2991 2304 3036 te
2335 2982 2472 3037 illius
2498 2984 2584 3053 qui
2615 2985 2897 3049 maledicit,
2926 3002 3081 3054 quam
3106 2988 3171 3041 sit
3203 2989 3333 3058 ipse,
3367 2993 3457 3060 qui

1884 3081 2179 3136 accusatur,
2200 3073 2438 3127 ostende.
2476 3073 2686 3128 Imitare
2717 3075 3046 3144 prophetam,
3080 3079 3167 3145 qui
3195 3079 3270 3133 sic
3290 3079 3404 3133 iniit
3439 3096 3451 3134 :

1883 3163 2237 3217 Detrahentem
2283 3174 2472 3216 secreto
2520 3166 2748 3233 proximo
2788 3182 2901 3228 suo,
2953 3166 3085 3219 hunc
3133 3170 3458 3237 persequebar

1884 3254 2052 3324 (Psal.
2085 3253 2208 3307 100.
2232 3253 2312 3322 5).
2344 3252 2458 3307 Non
2485 3254 2634 3318 dixit,
2664 3255 2775 3309 Noa
2804 3256 3103 3321 credebam,
3126 3274 3312 3327 neque,
3340 3259 3452 3314 Non

1882 3345 2238 3414 approbabam
2290 3360 2407 3414 quae
2458 3344 2786 3407 dicebantur,
2819 3347 2911 3400 sed
2933 3388 2948 3412 ,
2979 3347 3152 3401 Etiam
3186 3358 3450 3414 tamquam

1884 3438 2152 3491 inimicum
2182 3446 2236 3491 et
2262 3437 2467 3491 hostem
2495 3438 2839 3504 repellebant.

1953 3529 2039 3584 10.
2081 3528 2185 3584 Sed
2212 3539 2333 3582 sunt
2362 3529 2598 3582 nonnulli
2619 3530 2708 3598 qui
2732 3530 2915 3584 frivola
2938 3532 3163 3600 quadam
3193 3538 3436 3592 console.

1883 3618 2023 3673 tione
2049 3633 2108 3673 se
2144 3618 2485 3672 consolantur
2529 3618 2765 3674 dicentes
2794 3638 2806 3673 :
2835 3621 3072 3688 Domine,
3138 3641 3204 3679 ne
3250 3637 3449 3684 statuas

1880 3710 2007 3763 mihi
2037 3709 2136 3763 hoc
2166 3718 2461 3779 peccatum,
2491 3710 2611 3779 quia
2640 3710 2893 3766 rationem
2919 3714 3141 3771 reddere
3168 3718 3451 3775 auditionis

1880 3799 2068 3853 debeo.
2092 3799 2225 3864 Quid
2255 3798 2355 3853 hac
2368 3802 2726 3865 excusatione,
2744 3802 2866 3871 quid
2891 3802 2988 3858 hac
3008 3807 3156 3859 venia
3180 3818 3263 3862 est
3280 3811 3450 3877 opus?

1881 3889 2019 3943 Tace
2036 3889 2214 3955 modo,
2241 3899 2296 3944 et
2320 3892 2464 3945 omni
2485 3892 2709 3947 crimine
2735 3894 2973 3949 liberaris
3004 3914 3017 3950 :
3043 3897 3171 3951 nihil
3195 3899 3359 3964 dicas,
3398 3912 3450 3955 et

1878 3980 1945 4034 ah
1974 3980 2116 4034 omni
2144 3980 2491 4049 trepidatione
2513 3982 2759 4038 immunis
2787 3985 2911 4039 eris.
2943 3986 3047 4040 Cur
3077 3988 3168 4041 tibi
3222 3999 3275 4043 et
3309 3993 3446 4059 apud

1878 4070 2041 4125 Deum
2083 4081 2136 4126 et
2158 4071 2295 4141 apud
2323 4074 2563 4128 homines
2607 4078 2875 4142 negotium
2921 4075 3178 4131 facessis?
3206 4094 3299 4132 cur
3353 4082 3449 4135 tei-

1878 4176 2030 4230 psnm
2081 4163 2390 4215 criminibus
2437 4164 2727 4217 obnoxium
2779 4166 3009 4221 reddis?
3051 4185 3145 4223 cur
3181 4172 3441 4226 sarcinam

1876 4252 2173 4320 graviorem
2211 4251 2477 4320 imponis?
2505 4253 2617 4307 Non
2641 4254 2835 4309 sufï¬cit
2866 4256 2978 4321 tibi,
3006 4258 3048 4311 si
3095 4259 3161 4313 de
3218 4263 3448 4328 prOpriis

1876 4341 2082 4396 delictis
2135 4342 2395 4398 rationem
2453 4345 2663 4409 reddas,
2710 4346 2802 4400 sed
2853 4357 2907 4400 et
2946 4349 3046 4401 alia
3095 4363 3306 4417 peccata
3357 4354 3447 4407 tibi

1875 4433 2207 4486 accumulas?
2257 4433 2654 4502 Supervacanea
2707 4446 2787 4491 est
2832 4437 2943 4492 [nec
2997 4444 3307 4496 excusatio:
3344 4460 3445 4497 nun

1876 4521 2155 4575 auditionis
2184 4523 2408 4579 reddere
2434 4525 2690 4578 rationem
2736 4526 2915 4591 debes,
2950 4529 3045 4581 sed
3092 4536 3444 4587 accusationis

1876 4613 2154 4667 reddendae
2180 4614 2371 4668 rationi
2400 4629 2459 4669 es
2488 4615 2766 4670 obnoxius.
2793 4615 2925 4669 Cum
2977 4620 3117 4672 enim
3164 4632 3442 4691 postquam

1874 4702 2141 4768 audieras,
2186 4718 2289 4757 non
2337 4703 2568 4769 silueris,
2622 4719 2727 4758 non
2769 4705 3052 4762 auditionis
3106 4711 3297 4773 solum,
3356 4716 3446 4765 sed

1875 4794 2031 4846 etiam
2061 4794 2415 4849 accusationis
2442 4794 2666 4848 reddere
2713 4797 2970 4851 rationem
2997 4797 3183 4857 debes.
3217 4802 3296 4855 Ea:
3345 4821 3449 4855 ver-

1873 4882 1946 4936 bis
1973 4886 2102 4937 enim
2142 4886 2239 4937 tuis
2276 4883 2654 4953 justiï¬caberis,
2710 4886 2896 4954 inquit,
2949 4897 2995 4940 et
3040 4905 3101 4942 ea:
3148 4892 3304 4945 verbis
3354 4896 3448 4946 tuis

1874 4969 2291 5023 condemnaberis
2318 4973 2528 5041 (Matth.
2554 4975 2639 5027 12.
2660 4974 2774 5046 57).
2804 4976 2928 5031 Hzrc
2950 4993 3049 5047 ego
3078 4994 3182 5033 non
3207 4992 3448 5051 propter-

1875 5077 1933 5115 ea
1977 5063 2095 5116 dico
2140 5076 2200 5115 ac
2224 5065 2496 5128 denuntio,
2525 5066 2662 5133 quod
2692 5067 2753 5121 iis
2787 5068 3017 5133 timeam,
3050 5071 3137 5139 qui
3169 5073 3309 5127 male
3358 5089 3446 5125 au-

1873 5154 2042 5218 diunt,
2062 5155 2152 5207 sed
2181 5156 2244 5207 iis
2271 5156 2358 5223 qui
2387 5158 2725 5212 maledicunt.
2750 5159 2879 5213 Nam
2927 5163 3017 5230 qui
3072 5169 3209 5217 male
3250 5165 3441 5218 audivit

1876 5245 2016 5297 nulla
2044 5247 2381 5309 contumelia,
2416 5262 2586 5317 neque
2609 5248 2802 5304 damno
2824 5262 2904 5305 est
2941 5252 3200 5319 affectus;
3254 5256 3345 5309 sed
3394 5258 3439 5310 si

1877 5326 2005 5380 falsa
2044 5330 2168 5393 sint,
2202 5346 2317 5397 quae
2361 5332 2425 5386 de
2456 5333 2545 5387 illo
2588 5336 2860 5401 dicuntur,
2922 5341 3082 5394 etiam
3135 5346 3436 5399 mercedem

1874 5419 2071 5472 referet
2114 5438 2127 5471 :
2176 5422 2256 5473 sin
2304 5438 2447 5486 vera,
2498 5440 2567 5478 ne
2623 5426 2700 5480 sic
2759 5428 2973 5496 quidem
3028 5435 3297 5489 accusatio
3345 5445 3433 5489 tua

1870 5521 2049 5563 notam
2086 5512 2389 5580 ignominia:
2418 5517 2577 5569 ullam
2599 5518 2810 5575 inussit.
2839 5523 3020 5591 Neque
3046 5527 3187 5579 enim
3212 5545 3276 5581 ex
3301 5530 3434 5583 vitu-

1867 5602 2016 5669 perio
2043 5612 2131 5656 tuo
2163 5607 2454 5673 tumjudex
2490 5610 2543 5661 in
2571 5610 2716 5664 illum
2748 5618 3069 5669 sententiam
3094 5619 3247 5673 feret.
3280 5620 3428 5686 Quod

1866 5694 1908 5746 si
1940 5694 2129 5748 mirum
2157 5698 2283 5764 quid
2311 5708 2363 5752 et
2398 5700 2671 5756 insolitum
2697 5705 2980 5761 dicendum
3009 5720 3107 5773 est,
3139 5713 3426 5769 maximum
