4148 6306
734 322 837 376 191

723 418 881 473 ctiam
899 428 1155 488 quaestum
1174 418 1330 474 faciet
1354 420 1397 474 si
1426 421 1660 476 convicia
1680 423 1940 491 patienter
1960 423 2115 490 ferat,
2139 433 2195 478 ut
2222 424 2289 478 fe-

725 510 796 562 cit
828 509 1130 577 publicanus
1155 528 1167 563 :
1190 519 1245 563 at
1264 510 1307 563 is
1325 511 1412 579 qui
1445 511 1729 577 maledicit,
1759 526 1852 567 seu
1879 529 2002 568 vera
2024 514 2147 577 sint,
2195 529 2288 569 seu

730 600 881 665 falsa,
913 616 1029 669 qua:
1055 602 1107 654 in
1131 601 1429 669 proximqu
1454 601 1667 671 conjicit
1713 603 2011 666 maledicta,
2061 604 2290 657 maximo

726 689 923 744 damno
984 689 1228 743 aliieitur.
1283 689 1349 743 Et
1400 690 1832 745 caluumiatorem
1900 692 2111 761 quidem
2166 707 2288 761 per-

722 780 849 835 iisse
874 817 891 844 ,
957 778 1096 833 nulla
1167 788 1250 833 est
1305 793 1437 848 opus
1486 778 1977 836 demonstratione:
2027 779 2127 835 sibi
2166 796 2290 836 vero

725 870 872 923 illum
912 870 1122 939 gravius
1166 868 1422 938 judicium
1463 884 1755 932 accersere,
1802 870 1925 925 licet
1960 886 2093 925 vera
2115 870 2286 935 dicat,

723 958 848 1013 dum
874 959 1114 1013 miserias
1138 958 1362 1029 proximi
1384 958 1639 1029 divulgat,
1662 968 1717 1014 et
1740 958 2105 1015 scandalorum
2156 974 2286 1013 cau-

723 1064 833 1105 sam
882 1050 1097 1120 przebet,
1127 1050 1454 1105 omnibusea
1497 1048 1767 1119 detegens,
1812 1064 1930 1119 qua:
1975 1048 2285 1103 occultanda

721 1140 948 1204 fuerattt,
989 1148 1044 1196 et
1064 1139 1287 1210 proximi
1314 1147 1525 1207 peccata
1563 1138 1835 1209 pnedicat,
1881 1136 2129 1193 omnibus
2178 1138 2280 1191 uti-

720 1241 821 1295 que
872 1228 1204 1284 manifestum
1268 1237 1370 1285 est.
1422 1227 1551 1282 Nam
1586 1228 1630 1283 si
1684 1229 1772 1297 qui
1815 1242 1977 1281 unum
2022 1226 2284 1282 scandali-

721 1319 938 1385 zaverit,
965 1318 1289 1374 inevitabiles
1336 1333 1519 1389 preuas
1564 1317 1728 1382 dabit,
1781 1317 1825 1372 is
1846 1316 1935 1388 qui
1984 1317 2287 1373 innumeros

721 1422 935 1463 rmuoro
999 1405 1139 1463 malo
1204 1424 1389 1477 sparso
1430 1406 1785 1473 scandalizat,
1836 1423 1943 1477 quo
1993 1424 2097 1461 nun
2157 1423 2284 1476 sup-

719 1499 875 1567 plicio
894 1500 1185 1569 plectetur?
1209 1500 1503 1556 Pharisrcus
1520 1500 1661 1556 enim
1678 1514 1781 1556 non
1798 1500 2165 1563 mentiebatur,
2192 1500 2285 1555 sed

719 1603 844 1643 vera
893 1588 1120 1652 dicebat,
1168 1589 1295 1644 dum
1368 1589 1701 1658 publicanum
1750 1590 1972 1643 vocabat
2046 1590 2280 1659 publica-

722 1692 867 1741 num,
897 1688 1129 1732 attamen
1156 1692 1340 1747 pinnas
1360 1678 1524 1733 dedit.
1554 1678 1679 1733 llaec
1708 1679 1866 1749 igitur
1906 1681 2157 1744 scientes,
2206 1680 2286 1734 di-

716 1766 1007 1829 lectissimi,
1039 1769 1457 1823 maledicentiam
1485 1770 1740 1839 fugiamus
1770 1787 1783 1822 :
1814 1785 1984 1839 neque
2005 1771 2284 1839 euimgra-

718 1854 833 1909 vius
861 1863 943 1910 est
971 1855 1072 1910 isto
1112 1871 1209 1910 nec
1251 1854 1451 1910 facilius
1494 1868 1783 1925 peceatum.
1811 1858 1953 1923 Quid
1975 1859 2092 1912 ita?
2131 1858 2281 1927 Quod

720 1945 964 2011 celerius,
992 1961 1148 2015 quam
1177 1946 1339 2001 ullum
1368 1947 1507 2000 aliud
1534 1956 1799 2016 peccatum
1824 1947 2043 2012 feratur,
2073 1958 2127 2002 et
2151 1964 2277 2001 eou-

716 2034 890 2091 festint
912 2050 1032 2091 eum
1056 2037 1143 2108 qui
1200 2052 1303 2092 non
1332 2038 1555 2092 attendit
1579 2038 1821 2108 abripiat.
1852 2038 1982 2093 Nam
2009 2039 2111 2093 alia
2162 2041 2279 2107 qui-

716 2126 834 2181 dem
863 2138 1073 2195 peccata
1099 2139 1336 2195 tempore
1362 2126 1614 2197 indigent,
1642 2136 1694 2183 et
1743 2127 2001 2197 impensa,
2052 2137 2103 2183 et
2151 2128 2285 2182 dila-

718 2214 881 2278 tione,
905 2224 957 2267 et
983 2213 1328 2280 acijutoribus,
1357 2230 1420 2268 ac
1444 2230 1587 2283 saepe
1628 2215 1799 2284 aliqua
1828 2217 2080 2284 temporis
2132 2230 2277 2269 mora

716 2303 1185 2371 interrumpuntur.
1222 2303 1460 2373 Exempli
1508 2319 1665 2359 causa
1694 2307 1913 2359 :statuit
1960 2307 2153 2375 aliquis
2194 2308 2275 2360 in-

719 2393 978 2460 terficere,
1035 2395 1219 2448 statuit
1260 2396 1449 2465 aliquis
1493 2394 1675 2461 furari,
1732 2406 1787 2450 et
1823 2395 1993 2450 aliena
2047 2412 2275 2464 rapere:

716 2482 879 2535 multa
908 2497 1126 2538 necesse
1154 2493 1235 2538 est
1269 2484 1533 2551 moliatur,
1589 2494 1642 2539 et
1689 2500 1851 2555 saepe,
1910 2486 2035 2540 dum
2081 2486 2276 2551 diliert,

713 2570 846 2623 iram
875 2569 1043 2637 sedat,
1076 2586 1102 2623 a
1125 2587 1285 2641 pravo
1330 2582 1521 2627 conatu
1552 2573 1737 2639 resilit,
1770 2574 2081 2629 sceleratam
2136 2576 2276 2629 illam

716 2660 1032 2715 sententiam
1062 2662 1444 2732 abjicit,neque
1459 2663 1733 2719 consilium
1758 2664 1823 2717 ad
1849 2679 1981 2735 opus
2008 2665 2272 2735 perducit:

714 2757 769 2801 at
794 2748 848 2803 in
876 2749 1235 2805 malediceudo
1265 2766 1368 2806 non
1398 2753 1467 2806 ita
1496 2752 1571 2817 fit,
1598 2753 1692 2809 sed
1738 2755 1836 2809 nisi
1891 2757 2074 2809 attenti
2125 2756 2276 2811 valde

711 2839 876 2893 simus
903 2854 965 2895 ac
995 2841 1195 2909 vigiles,
1215 2841 1362 2897 facile
1378 2844 1701 2912 abripimur:
1742 2856 1795 2899 et
1819 2859 1989 2916 neque
2019 2856 2271 2916 tempore,

714 2945 883 2998 neque
904 2930 1173 2996 dilatione,
1196 2948 1366 3002 neque
1395 2932 1651 3001 impensa,
1682 2950 1851 3004 neque
1880 2936 2149 2990 molitione
2182 2952 2275 2990 no-

712 3018 794 3073 bis
832 3019 935 3073 ulla
964 3029 1045 3074 est
1063 3028 1215 3089 Opus,
1240 3029 1297 3075 ut
1322 3022 1731 3078 maledieamus:
1759 3024 1851 3079 sed
1874 3025 2071 3078 suflicit
2086 3036 2139 3080 ut
2161 3035 2273 3078 tan-

712 3116 820 3162 tunt
852 3108 1093 3174 velimus,
1123 3119 1178 3164 et
1217 3110 1395 3164 statim
1418 3111 1662 3166 voluntas
1706 3113 1758 3166 in
1785 3128 1920 3182 Opus
1970 3115 2097 3167 exit.
2151 3116 2274 3168 Sola

711 3196 902 3266 quippe
946 3198 1119 3268 lingua
1169 3205 1253 3254 est
1272 3215 1389 3269 qua:
1413 3200 1648 3255 inservit.
1675 3201 1897 3270 Quando
1926 3204 2081 3270 igitur
2122 3204 2275 3258 velox

713 3296 797 3342 est
847 3288 1086 3355 malum,
1141 3297 1195 3344 et
1242 3288 1397 3346 facile
1456 3306 1555 3345 nos
1597 3292 1943 3346 circumstans
1982 3304 2274 3361 peccatum,

711 3388 766 3432 et
808 3393 963 3448 pruna
1007 3381 1181 3449 gravis
1221 3396 1285 3436 ac
1314 3382 1653 3451 supplicium,
1697 3398 1795 3438 nec
1834 3383 2036 3437 lucrum
2089 3385 2272 3449 ullum,

711 3484 813 3523 non
885 3486 1121 3537 parvum,
1174 3487 1278 3528 non
1319 3488 1585 3543 magnum,
1618 3474 1897 3544 diligenter
1953 3475 2091 3530 lmuc
2138 3490 2278 3530 mor-

707 3559 830 3614 bum
886 3560 1145 3630 fugiamus
1174 3602 1189 3627 ,
1240 3570 1293 3616 et
1330 3562 1499 3618 aliena
1573 3563 1709 3618 mala
1758 3573 1999 3633 tegamus
2028 3605 2044 3630 ,
2095 3580 2268 3636 neque

1438 311 1492 365 8.
1532 308 1807 365 JOANNIS
1853 308 2326 369 CIIRYSOSTOHI
2376 309 2689 364 ARCIIIEP.
2728 309 3255 365 CONSTANTlNOP.

3840 330 3954 384 192

2402 425 2735 493 propalemns
2783 438 2798 474 :
2842 423 3216 476 admoneamus
3239 432 3532 489 peccantes.
3583 434 3633 476 ut
3686 423 3814 477 dicit
3858 426 3961 478 -

2397 516 2574 569 minus
2627 532 2642 568 :
2689 514 2750 569 Si
2792 515 3062 582 peccaverit
3118 514 3167 565 in
3230 523 3275 565 te
3325 517 3478 581 frater
3520 522 3675 577 tntis,
3720 517 3862 578 unde,
3916 530 3966 567 cl

2394 604 2589 672 corripe
2629 620 2740 657 eum
2796 604 2924 655 inter
2968 613 3013 655 tc
3069 612 3114 654 et
3173 602 3335 670 ipsum
3387 603 3587 671 solum(
3620 602 3800 655 Matth.
3874 608 3956 659 18.

2396 690 2525 762 i5).
2574 692 2750 761 Itaque
2819 702 3015 762 quanto
3063 692 3237 745 minus
3303 690 3459 745 fuerit
3523 690 3725 761 publica
3779 709 3959 762 repre-

2394 779 2597 846 hensio,
2673 788 2817 835 tanto
2894 779 3101 834 facilius
3164 779 3475 836 medicinam
3513 781 3805 836 adhibebis.
3882 783 3960 838 Ne

2393 868 2727 923 mordeamus
2757 911 2773 934 ,
2831 883 3000 937 neque
3076 868 3382 922 arrodamus
3465 869 3632 922 aliena
3700 870 3961 932 vulnera;

2393 972 2460 1013 ne
2501 972 2709 1013 muscas
2754 958 3037 1022 imitentur,
3082 958 3177 1011 sed
3221 971 3347 1024 apes
3382 958 3709 1012 aemulemur.
3762 958 3955 1012 Musca:

2391 1046 3145 1116 vuhteribusinsideut,.eaque
3162 1047 3577 1116 mordentmpes
3623 1049 3671 1102 iu
3702 1049 3957 1104 floresin-

2392 1138 2589 1192 volant.
2609 1136 2808 1192 Idcirco
2842 1138 2954 1192 ista:
2981 1137 3473 1198 hvosconeinnant.
3494 1139 3594 1192 illa:
3612 1140 3820 1194 morbos
3834 1156 3961 1193 cor-

2390 1228 2602 1297 poribus
2630 1227 2900 1293 invehunt,
2920 1228 3107 1297 quibus
3119 1227 3403 1283 insederint
3422 1243 3436 1292 ;
3455 1240 3613 1299 atque
3633 1229 3716 1283 hic
3738 1228 3950 1297 quidem

2388 1317 2709 1373 detestanda
2731 1326 2871 1382 sunt,
2897 1317 3000 1372 illae
3020 1332 3144 1373 vero
3158 1318 3408 1373 amabiles
3428 1328 3619 1372 suntet
3634 1318 3853 1372 nobiles.
3884 1320 3955 1372 Et

2392 1422 2488 1461 nos
2515 1406 2673 1476 igitur
2706 1407 2956 1461 faciamus
2995 1415 3051 1460 ut
3080 1406 3131 1459 in
3160 1418 3361 1473 pratum
3406 1406 3611 1460 virtutis
3646 1414 3953 1461 sanctorum

2388 1498 2563 1550 anima
2592 1505 2771 1549 nostra
2802 1495 3020 1561 involet,
3041 1504 3095 1549 et
3120 1508 3335 1549 suavem
3371 1504 3513 1550 recte
3540 1493 3795 1549 factorum
3815 1496 3949 1548 odo-

2391 1602 2501 1640 rem
2547 1584 2618 1640 ab
2654 1586 2755 1639 illis
2800 1582 3025 1639 eusum
3061 1584 3397 1651 excitemus,
3422 1586 3773 1652 proximorum
3819 1601 3954 1639 vero

2388 1678 2601 1729 vulnera
2645 1688 2711 1729 ne
2738 1673 3049 1729 vellicemus
3083 1690 3095 1726 :
3125 1672 3361 1741 quinimo
3396 1673 3443 1727 si
3472 1686 3604 1740 quos
3643 1673 3693 1726 id
3730 1684 3955 1741 agentes

2387 1764 2673 1818 viderimus
2694 1804 2708 1827 ,
2731 1778 2791 1817 os
2821 1762 2925 1817 illis
2949 1761 3285 1817 occludamus
3310 1802 3325 1825 ,
3352 1761 3588 1831 supplicii
3615 1772 3808 1814 metum
3842 1763 3954 1816 illis

2385 1855 2712 1924 objiciamus,
2740 1863 2796 1909 et
2816 1854 3143 1924 cognationis
3166 1853 3267 1907 illis
3284 1856 3586 1907 memoriam
3613 1850 3951 1917 refrieetnus,

2386 1961 2505 2015 qua:
2532 1947 2631 2000 illis
2672 1961 2791 2000 cum
2819 1945 3064 2003 fratribus
3094 1944 3386 1999 intercedit.
3414 1944 3563 2009 Quod
3591 1943 3634 1998 si
3679 1942 3804 1997 nihil
3840 1942 3944 1997 ho-

2386 2052 2500 2090 rum
2529 2036 2645 2090 illos
2673 2042 2915 2099 moveat,
2946 2048 3154 2089 muscas
3192 2036 3309 2089 illus
3337 2034 3683 2105 appellemus,
3709 2043 3761 2087 ut
3792 2033 3953 2102 hujus

2386 2126 2575 2181 saltem
2601 2124 2965 2194 appellationis
2994 2122 3186 2193 probro
3215 2136 3243 2175 a
3275 2136 3433 2190 pravo
3463 2125 3563 2175 hoc
3602 2122 3834 2174 instituto
3861 2138 3945 2176 re-

2383 2228 2636 2273 vocentur
2656 2232 2673 2280 ;
2694 2225 2751 2269 ut
2777 2216 2841 2270 ab
2863 2215 2961 2269 hoc
2986 2214 3155 2269 inutili
3178 2214 3285 2266 otio
3308 2211 3514 2265 abducti
3544 2211 3795 2265 malorum
3820 2228 3947 2265 suo-

2383 2324 2496 2361 rum
2546 2305 2865 2376 inquisitioni
2913 2306 3077 2358 otium
3121 2318 3277 2356 omne
3313 2301 3634 2371 impendant.
3662 2301 3749 2355 Sic
3800 2300 3944 2355 enim

2382 2396 2472 2450 fiet
2494 2436 2509 2458 ,
2541 2404 2597 2448 ut
2623 2404 2676 2448 et
2719 2395 2805 2463 qui
2842 2394 2973 2462 lapsi
3004 2400 3126 2445 suut
3154 2400 3429 2460 resurgant
3452 2390 3660 2443 excitati
3690 2392 3954 2442 meritoria.

2381 2498 2595 2537 suorum
2622 2483 2921 2545 criminum,
2948 2496 3065 2549 quae
3093 2495 3421 2549 nequaquam
3444 2478 3634 2533 fuerint
3660 2480 3948 2548 divulgata,

2380 2582 2434 2627 et
2458 2573 2549 2642 qui
2585 2572 2794 2641 pr0pria
2833 2571 2969 2625 mala
2998 2585 3205 2638 semper
3228 2569 3403 2623 animo
3446 2582 3622 2621 secum
3667 2578 3943 2635 reputave-

2380 2665 2508 2731 rint,
2539 2663 2690 2718 facile
2710 2662 2805 2717 .illa
2837 2663 3137 2731 deponant,
3169 2675 3229 2713 ac
3256 2670 3588 2729 peccatorum
3617 2672 3825 2712 suorum
3858 2674 3946 2713 re-

2379 2756 2686 2810 cordatione
2724 2754 2791 2808 ad
2822 2754 2921 2808 alia
2966 2753 3215 2822 patranda
3248 2751 3501 2807 tardiores
3545 2750 3861 2815 reddantur,
3887 2760 3952 2805 et-

2378 2845 2465 2914 qui
2490 2854 2792 2899 sanctorum
2816 2844 3058 2897 virtutem
3089 2852 3339 2911 perpetuo
3360 2842 3556 2895 fuerint
3580 2841 3946 2909 contemplati,

2378 2934 2563 3002 majori
2605 2932 2718 2987 zelo
2744 2931 2810 2985 ad
2858 2946 3040 2986 eorum
3076 2931 3417 2985 imitationem
3447 2931 3826 2984 incendentur:
3854 2938 3947 2985 at-

2378 3038 2481 3092 que
2505 3023 2586 3077 bis
2612 3022 2859 3077 omnibus
2892 3022 3167 3085 eflicietur,
3195 3031 3251 3075 ut
3278 3031 3389 3075 toto
3426 3020 3676 3074 Ecclesiae
3716 3034 3945 3088 corpore

2378 3129 2409 3169 a
2437 3115 2586 3168 nobis
2610 3114 2834 3168 feliciter
2864 3114 3170 3177 instaurate,
3193 3126 3310 3166 cum
3351 3112 3449 3165 hoc
3475 3121 3615 3165 cwtu
3640 3111 3691 3163 in
3720 3126 3949 3179 regnum

2379 3204 2625 3259 calorum
2657 3204 2852 3257 intrare
2880 3202 3159 3271 possimus,
3188 3201 3325 3269 quod
3367 3201 3563 3253 utinam
3592 3199 3743 3252 nobis
3771 3199 3944 3253 omni-

2377 3295 2476 3349 bus
2506 3296 2714 3363 assequi
2743 3293 3044 3363 contingat,
3074 3293 3240 3362 gratia
3286 3300 3336 3345 et
3377 3291 3693 3361 benignitate
3735 3291 3955 3344 Domini

2378 3387 2544 3442 nostri
2570 3386 2694 3441 Jesu
2721 3386 2938 3449 Christi,
2970 3402 3063 3454 per
3086 3402 3239 3454 quem
3271 3394 3322 3439 et
3343 3399 3460 3439 cum
3490 3398 3593 3452 quo
3616 3383 3803 3453 gloria,
3836 3398 3945 3437 una

2377 3492 2498 3531 cum
2524 3476 2722 3545 Spiritu
2749 3485 2961 3543 sancto,
2984 3490 3122 3531 nune
3150 3485 3204 3530 et
3230 3490 3438 3544 semper
3465 3485 3517 3530 et
3546 3475 3599 3529 in
3628 3472 3817 3528 simula
3843 3487 3954 3529 sa:-

2378 3566 2641 3622 culorum.
2667 3568 2856 3622 Amen.

2143 4199 2313 4260 MON
2324 4200 2517 4261 [TUM

781 4421 929 4494 [199]
972 4424 1130 4479 Circa
1166 4422 1671 4493 interpretationem
1700 4426 1759 4479 in
1781 4426 2079 4495 Danielem,
2104 4444 2224 4498 qua:
2249 4426 2619 4494 Chrysostomi
2652 4439 2851 4480 nomen
2877 4422 3209 4490 circumfert,
3242 4433 3298 4478 et
3324 4438 3395 4478 ex
3412 4421 3747 4478 Bibliotheca
3770 4418 3937 4490 Regia

713 4534 1037 4590 Scorialensi
1079 4536 1325 4591 desumta
1365 4546 1469 4601 est,
1498 4537 1614 4593 haec
1640 4538 1897 4608 praefatur
1941 4541 2261 4606 Cotelerius,
2308 4542 2399 4611 qui
2447 4541 2591 4594 illam
2622 4540 2770 4609 prior
2799 4539 2967 4594 edidit
3010 4557 3025 4591 :
3130 4537 3511 4604 interpretatio
3555 4534 3611 4588 in
3657 4532 3934 4588 Danieiem

709 4650 883 4721 prima
908 4650 1084 4705 fronte
1123 4650 1395 4721 plerisque
1431 4650 1643 4705 videtur
1670 4652 2031 4722 supposititia,
2067 4655 2158 4723 qui
2203 4655 2386 4710 forsan
2416 4670 2480 4708 ac
2509 4654 2703 4707 merito
2745 4651 2997 4705 solennes
3041 4651 3160 4704 illas
3221 4649 3565 4721 doxologias,
3614 4658 3939 4703 consuetam

708 4767 1149 4836 perspicuitatem
1178 4768 1415 4840 aliasque
1442 4770 1702 4826 librorum
1728 4772 1917 4826 melliti
1950 4772 2123 4827 Patris
2153 4773 2306 4830 dotes
2339 4774 2729 4829 desiderabant
2758 4788 2822 4827 ac
2860 4771 3157 4841 requirent.
3191 4768 3513 4824 Incredibile
3547 4776 3695 4822 certe
3727 4780 3939 4821 memo

710 4888 833 4933 ratu
872 4894 1033 4949 quam
1061 4880 1319 4951 pleraque
1339 4884 1521 4937 omnia
1550 4884 1639 4939 hic
1660 4894 1753 4939 aut
1774 4885 2116 4956 imperfecta,
2146 4896 2240 4941 aut
2270 4887 2605 4957 perturbata,
2637 4887 2918 4957 magisque
2940 4894 3142 4940 tentata
3169 4899 3330 4954 quam
3364 4889 3631 4953 perorata,
3662 4882 3941 4951 epitomes

710 4996 945 5065 denique
968 5011 1032 5051 ac
1074 4997 1381 5069 eclogarum
1412 5000 1755 5069 praeferentia
1806 5004 2069 5074 speciem.
2099 5003 2300 5059 Verum
2340 5014 2544 5069 tamen,
2578 5016 2638 5059 ut
2673 5004 2727 5058 id
2758 5004 2901 5073 quod
2930 5019 3018 5058 res
3062 5002 3225 5056 habet
3253 5000 3449 5065 dicam,
3489 4999 3630 5053 inter
3676 5005 3943 5052 centones

710 5109 909 5163 ardens
930 5125 1169 5180 purpura
1198 5112 1403 5178 elucet;
1434 5112 1490 5170 in
1515 5117 1745 5171 turbidis
1778 5118 1968 5173 rivulis
2011 5120 2375 5190 limpidissimi
2420 5120 2585 5175 fontis
2627 5137 2781 5175 venae
2820 5118 3142 5177 scaturiunt.
3187 5116 3363 5182 Quare
3407 5114 3487 5169 ita
3515 5127 3734 5177 censeo,
3762 5112 3934 5182 Chry-

710 5227 1029 5286 sostomum,
1052 5236 1215 5289 quem
1235 5221 1287 5275 in
1320 5223 1625 5279 universam
1656 5226 1987 5297 Scripturam
2019 5232 2435 5285 commentarios
2461 5232 2743 5302 scripsisse
2776 5231 3011 5302 prodidit
3036 5230 3351 5299 antiquitas,
3383 5228 3609 5297 hujusce
3641 5227 3807 5296 prolis
3835 5242 3947 5298 pa-

710 5342 844 5386 trem
871 5348 990 5388 esse
1027 5334 1164 5389 :sed
1195 5333 1339 5389 illam
1383 5337 1471 5405 pie
1513 5339 1811 5407 expositam
1840 5343 1895 5395 in
1924 5358 2018 5397 eas
2044 5318 2299 5400 incidisse
2354 5362 2563 5413 manus,
2597 5364 2715 5417 qua:
2764 5347 2819 5401 in
2873 5346 3107 5402 tollenda
3158 5360 3346 5415 parum
3396 5358 3572 5413 opera:
3621 5344 3936 5413 posuerint;

709 5458 881 5512 eoque
910 5443 1111 5499 factum
1140 5446 1283 5515 quod
1307 5447 1592 5504 inliciauda
1622 5453 1831 5520 parenti
1860 5455 2071 5510 soboles
2095 5471 2375 5525 appareat.

779 5558 980 5613 Verum
1004 5570 1152 5615 certe
1178 5573 1278 5628 est,
1312 5564 1368 5619 in
1402 5574 1520 5623 tam.
1545 5569 1745 5635 hiulca,
1782 5582 1891 5627 tam
1925 5575 2172 5645 strigosa,
2220 5587 2327 5632 tam
2367 5581 2745 5650 compendiosa
2792 5580 3118 5644 narratione,
3174 5578 3385 5647 qualem
3440 5577 3531 5631 hic
3573 5592 3761 5631 omnes
3788 5577 3936 5631 haud

707 5673 869 5729 dubie
894 5672 1323 5731 animadversuri
1370 5688 1516 5749 sunt,
1546 5684 1749 5753 aliquot
1775 5685 2030 5743 dictionis
2058 5689 2424 5761 Cbrysostomi
2465 5694 2691 5764 vestigia
2734 5707 3070 5762 comparere,
3120 5691 3281 5745 verba
3317 5689 3416 5759 ipsi
3451 5687 3733 5742 familiaria
3770 5703 3939 5741 usur-
