4144 6308
637 351 749 408 1.95

628 451 822 506 animal
839 449 1103 506 condidit:
1126 463 1224 504 nec
1242 457 1444 503 tantum
1467 446 1591 514 hoc,
1613 443 1706 501 sed
1724 453 1778 500 et
1794 444 1997 513 reliqua
2018 443 2215 499 omnia.

632 541 825 596 Verum
843 539 1246 611 pulchritudinis
1264 538 1419 608 hujus
1431 537 1550 592 aliis
1566 536 1777 606 quidem
1802 535 1939 604 plus,
1954 534 2072 590 aliis
2094 550 2221 589 vero

636 634 812 688 minus
839 633 1060 703 largitus
1087 642 1188 688 est.
1220 629 1535 700 Complures
1574 639 1750 683 autem
1778 637 1897 696 post
1920 636 2092 682 ortum
2118 642 2220 697 qua

628 725 885 779 carebant
915 732 1193 778 venustate
1223 722 1412 777 induit.
1451 721 1618 776 Porro
1644 735 1710 775 ex
1737 720 1856 789 ipso
1879 719 1984 774 situ
2011 733 2222 788 quoque

625 818 876 871 decorem
931 817 1257 887 perspicies;
1286 812 1731 886 quemadmodum
1760 812 1811 865 in
1837 811 2042 878 oculis,
2079 811 2222 881 quod

628 909 681 961 in
728 908 942 962 sublimi
975 909 1092 961 loco
1121 909 1291 962 instar
1331 906 1482 961 iridis
1523 904 1679 974 positi
1728 904 1868 968 sint,
1899 903 2041 973 quod
2082 903 2222 958 intus

628 1009 896 1054 tornatam
947 997 1368 1062 rotunditatem,
1418 997 1659 1052 colorum
1689 994 1972 1049 mixturam
1995 1034 2011 1061 ,
2061 1007 2223 1048 accu-

627 1099 798 1143 ratam
826 1087 1074 1155 formam,
1100 1090 1511 1160 germanitatem
1535 1129 1551 1155 ,
1581 1086 1960 1158 ingenuitatem
2001 1094 2057 1142 et
2097 1100 2225 1140 can-

627 1182 815 1236 dorem
869 1180 1119 1237 habeant.
1174 1181 1305 1247 Sed,
1341 1180 1543 1250 inquiet
1597 1178 1826 1248 aliquis,
1883 1176 2223 1248 pulchritudo

633 1273 1016 1329 oll‘endiculum
1058 1275 1173 1328 luit.
1219 1273 1332 1329 Non
1379 1280 1596 1342 propter
1633 1269 2038 1340 pulchritudinis
2066 1279 2222 1322 uatu-

628 1382 741 1420 ram
772 1368 823 1421 id
873 1366 1129 1437 contigit,
1173 1365 1267 1420 sed
1313 1379 1409 1434 per
1457 1365 1720 1434 ignaviam
1762 1377 1946 1416 eorum
1993 1361 2081 1431 qui
2130 1361 2222 1415 illa

628 1459 929 1529 capiuntur.
964 1460 1097 1513 Dicit
1115 1457 1259 1514 enim
1283 1457 1557 1525 Scriptura
1584 1473 1596 1510 :
1625 1454 1708 1509 Ne
1732 1454 1968 1524 respicias
1994 1453 2220 1523 pulchri-

627 1552 851 1604 tudinem
885 1551 1116 1605 alt‘enam
1147 1547 1355 1619 (Ecclt.
1382 1548 1435 1603 9.
1468 1547 1564 1618 8
1598 1546 1715 1601 Non
1759 1545 1890 1600 dixit
1938 1543 2181 1598 absolute
2203 1585 2221 1611 ,

629 1641 713 1696 Ne
756 1642 997 1712 respicias
1042 1641 1468 1710 putcltritudinem
1497 1655 1515 1692 :
1540 1639 1635 1694 sed
1681 1635 1924 1698 addidit,
1967 1635 2218 1690 Alienum.

629 1737 807 1800 Quare
854 1733 1032 1788 laudat
1081 1747 1177 1788 eos
1218 1733 1307 1802 qui
1365 1730 1577 1799 prOpria
1630 1728 1875 1783 fruuntur
1924 1735 2220 1782 venustate.

627 1828 734 1881 (Zur
777 1827 921 1882 enitn
966 1825 1131 1880 decor
1177 1822 1468 1893 .losephutu
1516 1836 1622 1874 non
1670 1816 2068 1888 pessumdcdit,
2124 1830 2222 1870 nec

627 1919 878 1989 ignavum
905 1916 1105 1980 eﬂ'ecit,
1133 1929 1234 1969 nec
1262 1913 1487 1983 replevit
1511 1911 1711 1964 insania
1741 1917 1794 1963 et
1819 1907 1999 1962 l‘astu?
2041 1906 2219 1968 Cerva,

626 2009 814 2079 inquit,
842 2007 1079 2060 amicitia:
1119 2016 1165 2060 et
1210 2005 1380 2074 pullus
1429 2002 1706 2070 gratiarum
1754 2009 1951 2050 tuarum
2003 2007 2224 2050 versetur

627 2102 824 2172 tecum(
849 2099 1001 2153 Prov.
1031 2099 1085 2153 5.
1124 2097 1192 2152 i9
1215 2098 1253 2166 ).
1289 2092 1637 2150 Pulchritudo
1664 2091 1821 2145 etiam
1845 2089 2112 2143 vinculum
2135 2096 2219 2143 est

633 2196 942 2263 nuptiarum
968 2233 984 2256 ,
1026 2201 1084 2245 ut
1112 2190 1320 2244 scilicet
1351 2186 1596 2240 homines
1638 2180 1911 2250 impotenti
1938 2195 2218 2250 corporum

624 2285 896 2340 desiderio
944 2284 1252 2351 ﬂagrarent.
1307 2277 1436 2332 Nam
1491 2290 1609 2329 cum
1667 2273 1806 2326 Deus
1853 2268 2008 2324 nobis
2081 2267 2225 2322 illius

629 2375 949 2428 laboriosam
977 2388 1042 2427 ac
1074 2372 1321 2425 miseram
1361 2367 1708 2428 adornasset,
1739 2360 1983 2414 solatium
2011 2373 2221 2429 quoque

623 2465 836 2536 aliquod
875 2464 1112 2518 donavit.
1155 2461 1289 2516 llinc
1328 2459 1480 2513 nobis
1519 2455 1687 2510 [ornes
1729 2450 2027 2509 dilectionis
2061 2443 2226 2500 vitam

622 2575 742 2629 qum
768 2557 946 2611 omnia
984 2553 1373 2624 complectitur.
1402 2549 1559 2604 Multa
1584 2546 1778 2616 quippe
1818 2558 1942 2598 cura
1991 2540 2221 2610 providit

627 2649 766 2703 Deus
808 2663 870 2702 ac
896 2646 1111 2714 cili-cit,
1139 2653 1199 2698 ut
1246 2642 1547 2710 nuptiarum
1601 2636 1866 2690 vinculum
1919 2633 2127 2686 iit-mum
2157 2647 2221 2686 ac

624 2741 906 2796 infractum
947 2747 1208 2793 maneret.
1257 2739 1357 2800 At,
1409 2733 1612 2801 inquiet
1659 2728 1832 2790 idem,
1883 2724 2220 2794 pulchritudo

623 2831 909 2888 oﬂ'ensioni
937 2831 1005 2885 ab
1037 2830 1186 2882 initio
1214 2827 1332 2880 fuit.
1390 2823 1626 2876 Videntes
1670 2821 1800 2872 enim
1839 2818 1931 2885 lilii
1962 2815 2057 2868 Dei
2085 2815 2217 2881 ﬁlias

625 2925 884 2979 hominum
907 2964 922 2986 ,
951 2920 1089 2990 quod
1115 2927 1275 2973 essent
1314 2915 1560 2984 pulchra),
1589 2918 1887 2977 acceperunt
1929 2908 2021 2959 sibi
2047 2907 2062 2973 (
2087 2903 2218 2958 Gen.

623 3018 677 3074 6.
713 3017 749 3071 2
772 3018 812 3086 ).
845 3012 1234 3069 Oliendiculum
1270 3021 1374 3061 non
1414 3006 1511 3059 fuit
1561 3002 1806 3073 species,
1856 2998 1951 3052 sed
2004 2997 2215 3050 illorum

627 3106 1032 3164 incontinentia.
1089 3101 1255 3156 Filias
1293 3098 1435 3153 enim
1481 3111 1586 3149 non
1627 3093 1746 3146 ideo
1779 3091 1915 3143 Deus
1944 3088 2214 3156 speciosas

625 3201 847 3262 iecerat,
887 3204 948 3249 ut
984 3193 1318 3262 impudentes
1367 3189 1590 3251 ﬁerent,
1621 3184 1714 3238 scd
1758 3190 1815 3235 ut
1855 3178 2218 3248 unusquisque

623 3306 776 3343 suam
800 3287 1094 3340 adornaret.
1116 3282 1180 3334 Et
1201 3280 1552 3348 intelligentes,
1573 3275 1762 3342 inquit,
1783 3273 1834 3325 in
1859 3272 1994 3324 omni
2014 3271 2215 3339 sapien-

622 3382 694 3434 tia
723 3397 741 3433 :
772 3379 823 3432 id
871 3384 983 3440 est,
1016 3373 1284 3428 studiosos
1327 3379 1382 3423 et
1421 3367 1597 3421 omnis
1644 3361 1918 3431 sapientiae
1947 3376 2171 3430 capaces
2199 3375 2213 3412 :

625 3482 678 3524 ut
708 3471 908 3524 doceret
935 3484 1022 3521 eos
1051 3466 1223 3519 literas
1250 3471 1300 3517 et
1346 3461 1570 3530 linguam
1593 3455 1971 3512 Chaldteorum.
2003 3451 2214 3523 Moyses

623 3561 838 3632 quidem
867 3575 988 3613 cum
1012 3563 1160 3612 esset
1180 3569 1315 3608 unus
1344 3568 1374 3608 e
1403 3551 1581 3620 vulgo,
1610 3557 1666 3601 ut
1692 3562 1783 3602 rex
1805 3544 2066 3599 enutritus
2093 3553 2212 3597 est:

626 3655 680 3708 hi
714 3665 840 3708 vero
863 3665 985 3706 cum
1015 3665 1080 3704 ex
1109 3647 1275 3716 stirpe
1301 3644 1440 3714 regia
1472 3641 1575 3697 orti
1605 3647 1820 3704 essent,
1867 3637 2005 3690 inter
2033 3650 2218 3689 servos

626 3745 828 3800 heriies
866 3741 1255 3797 educabantur.
1309 3733 1539 3790 Pulchre
1585 3731 1855 3800 provisqu
1899 3736 2020 3792 est,
2055 3735 2111 3779 ut
2141 3725 2217 3779 illi

624 3836 896 3891 discerent
925 3833 1108 3887 literas
1133 3838 1189 3885 et
1214 3829 1450 3897 linguam
1475 3822 1845 3879 Chaldaeorum
1865 3861 1882 3887 ,
1922 3835 1990 3874 ne
2015 3819 2218 3875 scilicet

624 3926 840 3998 quando
883 3923 1067 3978 Daniel
1098 3921 1167 3976 de
1193 3919 1399 3990 magnis
1429 3916 1534 3971 illis
1564 3915 1722 3970 rebus
1741 3928 1863 3968 cum
1891 3927 2015 3982 rege
2041 3912 2220 3982 loquu-

624 4031 776 4074 turus
799 4026 964 4082 esset,
995 4014 1186 4084 aliquis
1217 4008 1580 4066 interveniens
1612 4005 1852 4060 nonnihil
1882 4019 2068 4060 eorum
2097 4019 2217 4073 qua:

623 4110 930 4166 dicerentur
949 4106 1288 4174 depravaret.
1313 4101 1551 4169 Quanam
1573 4106 1752 4152 autem
1773 4096 1839 4150 de
1859 4109 2018 4150 causa
2041 4095 2218 4148 adhuc

627 4201 680 4258 id
711 4201 813 4256 lit?
842 4200 911 4255 Ut
956 4197 1222 4265 intelligas
1253 4194 1395 4248 illius
1423 4190 1811 4262 philosophiam
1836 4231 1852 4256 ,
1883 4199 1939 4244 et
1963 4189 2142 4242 statim
2186 4204 2218 4241 τι

624 4295 890 4367 principio
936 4291 1118 4346 videas
1154 4302 1262 4359 quo
1293 4294 1449 4356 pacto
1489 4292 1675 4338 ventre
1718 4282 1892 4351 potior
1931 4284 2019 4334 sit.
2070 4281 2218 4335 Alius

625 4391 823 4459 quippe
871 4385 1098 4440 dixisset
1133 4398 1150 4437 :
1193 4379 1448 4450 Captivus
1493 4391 1650 4441 sum;
1682 4373 1826 4428 nullo
1870 4372 1974 4426 alio
2003 4387 2064 4426 cx
2100 4373 2218 4426 loco

626 4477 928 4534 necessaria
972 4473 1038 4530 ad
1085 4473 1283 4527 victum
1329 4469 1458 4524 mihi
1509 4466 1946 4535 suppeditantur,
1999 4463 2219 4516 omnino

628 4573 866 4638 ignoscet
895 4568 1052 4621 Deus.
1085 4568 1154 4618 At
1183 4578 1290 4617 non
1333 4562 1404 4615 ita
1456 4560 1558 4615 iste
1588 4576 1602 4614 :
1631 4572 1737 4612 non
1787 4555 1929 4610 enim
1956 4555 2219 4609 mercedis

627 4659 854 4726 alicujus
901 4653 1112 4727 gratia,
1142 4663 1234 4707 aut
1279 4668 1344 4707 ex
1407 4651 1599 4704 timore
1652 4656 1889 4708 tantum,
1919 4645 2010 4698 sed
2061 4645 2217 4697 etiam

629 4765 692 4803 ex
725 4747 946 4800 imitate
995 4745 1104 4797 Deo
1129 4742 1412 4796 serviebat.
1461 4739 1619 4793 Multa
1647 4752 1772 4792 cura
1816 4736 2069 4790 educatus
2097 4743 2216 4798 est,

630 4855 734 4895 nec
765 4839 926 4892 breve
956 4843 1168 4902 tempus
1208 4833 1261 4885 in
1298 4831 1472 4884 studia
1521 4828 1823 4898 insumpsit.
1879 4827 2010 4881 Tres
2050 4841 2219 4879 annos

640 4926 1152 5002 philosophabamur
1197 4931 1254 4976 et
1297 4930 1406 4974 tres
1457 4934 1626 4973 annos
1673 4918 2002 4988 jejunabant.
2059 4916 2220 4970 Vides

636 5016 1016 5090 prudentiam?
1049 5013 1148 5069 Ubi
1187 5011 1437 5066 cautione
1475 5022 1613 5077 opus
1637 5017 1760 5074 est,
1803 5006 1958 5062 valde
2003 5015 2220 5060 exactus

629 5125 744 5177 est,
779 5104 1024 5179 provisus
1051 5121 1114 5161 ac
1141 5105 1590 5171 circumSpectus;
1623 5114 1723 5153 nec
1754 5109 1956 5154 temere
1985 5099 2219 5168 seipsum

631 5203 849 5272 conjicit
870 5241 887 5265 ,
934 5199 1030 5253 sed
1071 5197 1333 5267 supplicat
1352 5209 1413 5248 ac
1439 5202 1682 5263 precatur
1712 5207 1726 5243 :
1753 5191 1841 5244 ubi
1868 5207 1996 5244 vero
2017 5192 2218 5244 nullum

633 5299 1012 5355 detrimentum
1059 5304 1180 5358 est,
1236 5293 1465 5361 linguam
1520 5285 1798 5341 barbaram
1853 5294 1908 5338 et
1957 5283 2221 5352 ejusmodi

635 5391 954 5461 sapientiam
980 5387 1188 5442 discere
1216 5400 1322 5440 non
1349 5383 1557 5445 renuit;
1587 5394 1692 5434 non
1720 5377 1860 5432 enim
1886 5375 2086 5430 crimen
2112 5385 2223 5429 erat

639 5484 777 5538 hanc
799 5481 1007 5536 discere
1025 5519 1041 5544 ,
1071 5490 1258 5532 verum
1281 5491 1342 5529 ea
1365 5474 1462 5528 uti.
1491 5472 1582 5527 Sic
1605 5470 1873 5540 praecipue
1899 5466 2226 5535 intelligebat

639 5575 956 5644 sapientiam
986 5584 1136 5624 suam
1172 5585 1186 5622 :
1223 5576 1383 5636 atque
1412 5565 1604 5618 iterum
1631 5578 1696 5617 ex
1722 5557 2138 5628 comparatione,
2169 5566 2228 5610 ut

637 5666 871 5720 disceret
907 5661 1108 5717 nullam
1156 5673 1276 5713 esse
1322 5656 1634 5723 sapientiam
1667 5654 1935 5708 liebraicm
1976 5651 2223 5715 similem,

644 5767 808 5830 utque
850 5756 1039 5812 fortior
1065 5752 1331 5811 evaderet.
1370 5749 1521 5816 Quod
1549 5750 1591 5804 si
1633 5748 1680 5803 id
1727 5747 1907 5802 fuisset
1947 5745 2222 5809 iniquum,

1346 330 1404 387 S.
1447 327 1724 387 JOANNIS
1759 326 2237 384 CllliYSOSTOMI
2274 328 2594 387 ARCHIEP.
2633 331 3173 392 CONSTANTINOP.

3815 365 3930 421 196

2335 446 2405 501 ibi
2433 447 2670 518 profecto
2695 451 2995 516 restitisset,
3033 463 3190 524 atque
3215 455 3350 512 adeo
3377 471 3740 527 repugnasset.
3762 461 3926 518 Vides

2327 539 2467 594 illius
2492 542 2715 598 virtutes
2742 542 2810 598 ab
2838 544 3026 600 eadem
3049 546 3252 615 origine
3280 551 3622 616 proﬂuxisse,
3652 568 3716 606 ex
3745 570 3847 620 qua
3889 554 3921 609 ii

2325 632 2416 702 qui
2440 635 2606 690 ventri
2631 634 2923 707 indulgent,
2947 654 3013 694 ex
3035 655 3134 708 qua
3154 639 3188 693 ii
3209 642 3431 711 qui-allia
3459 644 3743 713 praeferunt
3766 663 3921 700 tuan-

2327 725 2451 778 nze?
2477 725 2604 782 lude
2630 728 2815 787 Daniel
2855 746 2976 785 cum
3019 742 3162 789 esset
3206 744 3391 803 ortus,
3435 736 3807 808 philosoplnnn
3863 755 3924 795 se

2329 832 2459 874 esse
2506 822 2760 878 ostendit.
2791 823 2846 880 6.
2886 843 2905 878 ι
2935 827 3000 882 Et
3044 828 3095 882 in
3137 828 3221 885 his
3261 829 3473 887 fuerunt
3499 833 3566 888 de
3593 834 3713 888 liliis
3752 835 3916 898 .lndn,

2329 908 2550 978 Daniel,
2600 922 2656 968 et
2699 915 2958 984 Auanias,
3007 928 3062 973 ct
3113 921 3356 988 Azarias,
3408 932 3462 976 et
3514 923 3720 978 Mizael.
3759 927 3810 978 7.
3858 926 3923 979 Et

2333 1005 2586 1075 imposuit
2627 1008 2705 1064 eis
2750 1009 2964 1065 nomina
3010 1014 3329 1082 praepositus
3374 1017 3768 1078 cunuchorum;
3820 1019 3919 1070 Dn-

2327 1095 2453 1150 nieli
2500 1096 2755 1166 quidem,
2800 1099 3087 1168 Baltazar;
3139 1114 3194 1158 et
3243 1105 3463 1160 Ananiae
3492 1105 3834 1171 Sedracbus;
3865 1119 3922 1163 rt

2327 1187 2533 1243 Ararim
2557 1231 2573 1254 ,
2621 1191 2943 1263 Abdenago;
2976 1204 3029 1249 et
3067 1195 3291 1263 Misaeli,
3323 1197 3606 1254 Misacln:s.
3637 1220 3654 1251 ›
3692 1203 3917 1267 Danieli,

2329 1280 2517 1352 inquit,
2551 1283 2803 1350 imposuit
2856 1301 3051 1342 nomen
3104 1289 3365 1344 Baltazar.
3403 1291 3476 1345 Ita
3525 1309 3738 1363 quoque
3785 1294 3922 1349 dens

2327 1374 2542 1429 illorqu
2572 1378 2862 1433 vocabatur
2889 1398 2904 1433 :
2927 1381 3052 1450 quin
3083 1382 3258 1450 potius
3284 1384 3360 1438 sic
3385 1386 3756 1455 appellabatur
3781 1387 3920 1442 lilins

2328 1466 2486 1535 regis.
2516 1467 2759 1523 Aususne
2798 1479 2882 1524 est
2936 1471 3097 1540 igitur
3143 1475 3412 1543 captivum
3467 1477 3656 1532 eodem
3701 1481 3920 1535 nomine

2329 1555 2878 1627 insignireiProrsus
2918 1563 2971 1618 id
3010 1579 3171 1620 ausus
3217 1578 3331 1634 est;
3379 1570 3477 1624 nisi
3523 1573 3661 1638 quod
3701 1585 3920 1629 nonest

2328 1648 3312 1720 idemnomen(a)acdecus,sedmulta
3339 1661 3620 1717 intercedit
3665 1664 3917 1719 dill'eren-

2328 1739 2419 1804 tia,
2447 1741 2585 1794 sicut
2631 1740 2684 1794 in
2724 1741 2992 1810 .losepbo,
3020 1745 3260 1802 adoravit
3324 1763 3448 1805 eum
3503 1762 3654 1820 pater
3720 1754 3914 1821 ipsius-

2325 1830 2430 1885 Sed
2462 1831 2591 1901 quid
2620 1833 2816 1902 magni,
2842 1849 3036 1888 nomen
3081 1836 3210 1890 illud
3234 1838 3283 1892 ei
3310 1838 3530 1893 inditum
3554 1842 3713 1895 esse?
3739 1858 3918 1898 nonne

2326 1921 2487 1975 etiam
2525 1922 2685 1977 hodie
2710 1923 2848 1978 inter
2867 1925 3103 1994 plebeios
3129 1927 3371 1982 videmus
3393 1945 3578 1998 regunt
3608 1933 3918 1989 nominibus

2325 2014 2580 2080 appellari
2613 2017 2846 2072 multos?
2866 2019 2935 2072 At
2957 2035 3061 2074 non
3087 2019 3140 2073 in
3169 2021 3332 2090 regia,
3356 2022 3497 2079 dicet
3520 2025 3730 2092 aliquis.
3752 2026 3923 2097 Cujus

2326 2112 2500 2156 autem
2526 2105 2599 2158 rei
2626 2106 2792 2171 gratia
2825 2107 3100 2162 nominum
3125 2110 3223 2164 ista
3250 2113 3471 2165 mutatio
3495 2113 3589 2167 lit?
3609 2116 3802 2182 Aspice
3827 2134 3916 2172 res

2327 2193 2556 2262 undique
2587 2195 2820 2266 disponi.
2851 2198 2966 2253 Non
2995 2199 3137 2254 videt
3166 2203 3432 2258 somnium
3458 2219 3572 2270 rex,
3604 2206 3920 2275 priusquam

2327 2297 2433 2340 tres
2463 2286 2536 2342 illi
2563 2290 2686 2343 anni
2715 2293 2963 2360 completi
2997 2294 3123 2348 sint.
3155 2294 3313 2352 Vides
3354 2299 3738 2366 providentiam
3781 2302 3924 2357 Dei?

2322 2375 2430 2432 Cur
2453 2379 2647 2448 igitur?
2667 2381 2734 2438 Ut
2759 2384 2946 2451 majori
2971 2385 3212 2442 libertate
3237 2389 3486 2459 loquendi
3513 2391 3693 2446 Daniel
3715 2389 3917 2449 fruere-

2325 2477 2433 2523 tur.
2467 2470 2558 2535 At,
2584 2473 3006 2543 dixeritaliquis,
3033 2478 3362 2534 manifestius
3387 2483 3436 2534 in
3465 2483 3814 2535 admiratione
3845 2501 3914 2538 ac

2323 2560 2566 2616 claritate
2586 2557 2611 2612 Ι
2612 2557 2776 2614 uisset
2785 2561 2992 2634 Daniel,
3005 2565 3050 2620 si
3061 2576 3186 2620 ante
3199 2563 3431 2619 tresillos
3442 2580 3612 2621 annos
3626 2566 3700 2623 Na
3708 2571 3918 2625 hocho-

2321 2650 2556 2707 donosor
2583 2651 2844 2706 somnium
2874 2653 3115 2709 vidisset.
3164 2657 3320 2726 Atqui
3352 2657 3584 2714 edictum
3617 2660 3746 2713 illud
3775 2675 3878 2713 con
3907 2690 3913 2695 ο

2323 2752 2406 2798 trs
2447 2759 2642 2814 pueros
2682 2744 2950 2814 prolatum
2983 2761 3088 2801 non
3135 2747 3322 2802 fuisset
3359 2766 3372 2802 :
3404 2751 3561 2804 aliter
3599 2759 3777 2806 autem
3808 2765 3924 2806 nec

2324 2834 2526 2889 Dauieli
2556 2836 2816 2889 creditum
2842 2844 3003 2892 esset.
3031 2837 3318 2906 Propterea
3347 2841 3398 2893 in
3427 2840 3602 2908 parvis
3623 2857 3684 2894 ac
3702 2841 3912 2909 exiguis

2322 2924 2482 2979 rebus
2517 2925 2794 2979 eunuchus
2824 2926 3212 2981 benevolentia:
3254 2928 3346 2981 Dei
3375 2944 3500 2998 erga
3533 2929 3654 2983 illos
3696 2931 3907 2997 pericuo

2322 3017 2429 3071 lum
2457 3016 2600 3081 facit,
2632 3026 2689 3070 ut
2715 3017 2927 3086 quando
2950 3018 3018 3072 de
3040 3017 3331 3086 majoribus
3361 3019 3526 3074 rebus
3547 3020 3693 3075 illum
3723 3033 3914 3090 postu-

2323 3110 2567 3173 laverint,
2597 3110 2842 3164 diffidens
2870 3124 2974 3165 non
3009 3120 3245 3180 respuat,
3276 3112 3343 3166 let
3374 3119 3432 3165 ut
3457 3111 3666 3168 discant
3698 3129 3760 3168 ea
3805 3114 3914 3167 lin-

2322 3217 2422 3268 gua
2469 3201 2668 3270 optime
2709 3201 2875 3271 loqui,
2930 3201 2998 3256 ad
3051 3202 3310 3272 majorem
3361 3203 3612 3258 nimirum
3663 3203 3925 3261 ﬁduciam

2321 3294 2692 3349 obtinendam.
2731 3295 2917 3351 Nonne
2945 3294 3093 3350 vides
3134 3295 3316 3351 Davidi
3349 3295 3398 3350 id
3430 3297 3745 3363 contigisse,
3786 3313 3915 3351 cum

2322 3400 2415 3438 rex
2460 3385 2585 3438 Saul
2615 3385 2683 3439 de
2722 3387 2883 3440 rebus
2917 3400 2982 3440 ex
3020 3394 3178 3441 relate
3218 3387 3488 3456 judicans,
3534 3387 3606 3442 illi
3637 3389 3915 3457 pollicenti

2321 3473 2464 3543 quod
2491 3474 2844 3543 alienigenam
2876 3475 3253 3530 interfecturus
3281 3487 3448 3543 esset,
3477 3478 3635 3533 [idem
3676 3494 3781 3532 non
3815 3479 3918 3532 ha-

2325 3565 2472 3618 buit?
2499 3565 2573 3620 De
2598 3576 2796 3621 caetero
2821 3566 3039 3621 adverte
3070 3567 3344 3623 Danielem
3382 3569 3607 3624 instituti
3649 3584 3712 3624 ac
3745 3579 3921 3624 secta:

2323 3656 2613 3712 barbarica:
2640 3672 2856 3712 causam
2881 3667 2936 3713 et
2962 3659 3222 3713 rationem
3252 3660 3604 3716 intellexisse.
3642 3662 3916 3716 Barbaro-

2322 3765 2440 3804 rnm
2465 3749 2662 3819 quippe
2688 3749 2995 3820 disciplinas
3023 3760 3278 3807 accurate
3311 3751 3615 3808 didicerunt
3653 3753 3837 3807 Moses
3855 3764 3918 3807 et

2325 3843 2528 3897 Daniel.
2561 3842 2639 3896 Ne
2675 3843 2817 3896 enim
2859 3843 3156 3915 ignorantia
3195 3844 3435 3911 adducti,
3467 3855 3782 3915 putarentur
3812 3861 3916 3900 sua

2323 3935 2512 3988 alienis
2563 3933 2818 4004 praeferre
2865 3953 2879 3988 :
2929 3950 2989 3990 ea
3032 3935 3276 4004 permisit
3323 3935 3463 4000 illis,
3510 3935 3670 3990 etiam
3717 3936 3918 3993 aliena:

2323 4026 2561 4081 scientia:
2602 4026 2884 4094 participes
2917 4025 3028 4080 ﬁeri
3060 4043 3074 4078 :
3108 4035 3160 4078 ut
3192 4027 3407 4095 quando
3448 4027 3647 4081 videris
3674 4042 3768 4081 seu
3810 4043 3913 4096 po.

2325 4118 2429 4172 tius
2455 4117 2690 4172 audieris
2721 4117 2920 4172 Mosem
2943 4116 3233 4184 dicentem,
3268 4117 3390 4172 Non
3415 4128 3487 4172 est
3513 4120 3762 4188 sapientia
3783 4136 3918 4187 qua-

2324 4211 2386 4265 lis
2407 4219 2578 4265 nostra
2601 4209 2775 4279 (Deut.
2800 4207 2876 4280 4),
2902 4225 3005 4264 non
3034 4210 3403 4278 propensionis
3431 4225 3526 4264 nec
3554 4211 3749 4263 amoris
3775 4227 3913 4264 cen-

2322 4317 2442 4355 seas
2467 4316 2585 4354 esse
2611 4301 2950 4361 sententiam,
2982 4300 3075 4354 sed
3105 4300 3229 4354 recti
3252 4301 3454 4368 jndicii.
3506 4300 3636 4354 Nam
3667 4301 3770 4353 dici
3803 4317 3908 4353 nc-

2322 4393 2437 4460 quit
2478 4391 2749 4445 Danielem
2795 4390 2919 4445 odio
2971 4405 3094 4459 erga
3133 4399 3492 4458 pra-ceptores
3537 4391 3792 4444 resiliisse
3839 4393 3915 4444 ab

2324 4482 2532 4536 illorum
2558 4481 2821 4534 doctrina.
2846 4480 3016 4533 Ambo
3037 4482 3200 4542 enim,
3228 4479 3398 4533 Moses
3423 4489 3477 4534 et
3508 4480 3710 4542 Daniel,
3741 4481 3922 4535 multo

2325 4572 2524 4625 honore
2555 4572 2619 4624 ab
2645 4570 2910 4625 extraneis
2937 4570 3261 4632 afﬁciuntur,
3309 4581 3361 4623 et
3393 4581 3564 4622 tamen
3594 4574 3767 4638 gentis
3797 4589 3915 4624 sum.

2325 4666 2556 4720 instituta
2589 4672 2939 4732 anteponunt.
2972 4663 3038 4716 Et
3067 4662 3166 4717 hoc
3207 4673 3289 4717 est
3317 4663 3456 4730 quod
3501 4678 3620 4716 cum
3672 4662 3914 4716 admira-

2326 4756 2469 4810 tione
2514 4754 2582 4808 de
2621 4754 2765 4808 Mose
2803 4753 3011 4808 dicebat
3043 4753 3236 4807 Paulus
3263 4770 3277 4808 :
3307 4753 3428 4806 Non
3456 4754 3603 4823 elegit
3640 4756 3916 4824 temporali

2389 4897 2460 4958 (rt)
2495 4897 2688 4960 Gra‘ce,
2727 4899 2847 4960 πλὴν
2890 4898 2976 4960 qs:
3019 4898 3121 4960 ἔστι
3152 4899 3207 4944 τὸ
3243 4899 3358 4960 ᾳῦτὸ
3387 4901 3563 4960 ὄνομα,
3613 4908 3711 4948 etc.
3761 4899 3898 4950 Nihil

2326 4956 2473 5009 video
2498 4956 2593 5004 nisi
2626 4956 2947 5024 exscriptoris
2985 4956 3313 5024 indiligentia
3340 4956 3529 5024 factum
3553 4956 3704 5018 "esse,
3750 4965 3901 5024 uljad

2326 5034 2416 5069 nos
2468 5033 2638 5066 manca
2688 5019 3010 5078 pervenerint
3064 5019 3456 5078 eloquentissimi
3515 5023 3668 5069 Patris
3725 5022 3901 5072 verba.

2326 5081 2529 5129 Scilicet
2549 5079 2664 5127 dum
2693 5079 2968 5141 ostendere
2989 5079 3092 5127 vult
3115 5082 3267 5141 longe
3300 5085 3582 5141 ampliorem
3632 5083 3780 5130 fuisse
3821 5085 3901 5131 fa—

2325 5156 2452 5190 mam
2483 5137 2916 5188 BaltasarisJudaei
2951 5139 3072 5188 fama
3111 5137 3683 5200 Ball'asaris'iiabylonii,
3719 5156 3900 5192 exem-

2326 5204 2458 5265 plum
2478 5200 2986 5267 _Josephi_adtlu_xcrat
3014 5199 3440 5267 eximiusdoctor.
3481 5199 3696 5267 Uterque
3736 5202 3898 5260 enim,

2325 5260 2568 5315 Iosephus
2591 5260 2646 5309 ac
2670 5260 2876 5317 Daniel,
2905 5264 3033 5308 servi
3076 5277 3185 5310 cum
3234 5264 3465 5320 fuissent,
3494 5260 3630 5310 eum’
3653 5266 3900 5314 honorem

2326 5326 2578 5373 consecuti
2621 5330 2762 5379 sunt,
2808 5330 2860 5369 ut
2889 5323 3094 5382 adorari,
3140 5337 3274 5373 more
3307 5338 3472 5372 eorum
3509 5326 3752 5383 gentium,
3787 5341 3902 5374 tne-

2327 5389 2543 5441 rnerint;
2570 5384 2644 5430 hic
2672 5397 2697 5429 a
2723 5396 2862 5446 rege,
2895 5384 3009 5430 Dan.
3041 5384 3085 5442 2,
3110 5385 3197 5442 i6;
3229 5383 3315 5433 ille
3340 5399 3365 5431 a
3400 5393 3554 5445 patre,
3586 5389 3708 5433 lien.
3735 5387 3813 5442 37,
3844 5391 3898 5446 9,

2326 5455 2380 5494 et
2399 5447 2473 5504 l7,
2497 5446 2551 5492 δι
2576 5458 2591 5510 _:
2614 5449 2664 5510 at
2690 5444 2911 5510 notarius
2929 5457 3216 5504 properans,
3242 5457 3343 5510 rem
3365 5444 3583 5493 indicare
3607 5444 3897 5510 contentus,

2329 5503 2470 5555 voces
2492 5503 2672 5553 omisit.
2708 5504 2821 5551 Hiec
2845 5503 3109 5567 estnostra
3153 5506 3397 5566 suspicio,
3440 5520 3529 5553 seu
3567 5503 3730 5567 potius
3763 5503 3900 5557 divi;

2327 5570 2474 5632 natio,
2496 5579 2649 5632 quam
2670 5567 2726 5632 in
2759 5565 2924 5632 medio
2960 5565 3303 5632 relinquimus.
3330 5565 3578 5632 (laterum
3600 5568 3664 5632 de
3688 5570 3898 5629 JOsephi

2326 5623 2832 5690 adoratioitera’bunde
2863 5623 3210 5690 Theodoretus
3235 5629 3418 5690 Quaest.
3455 5628 3514 5674 l9
3548 5629 3598 5675 in
3637 5623 3899 5690 Genesim,

2326 5696 2378 5738 et
2408 5694 2577 5753 noster
2614 5685 2756 5753 initio
2787 5687 3034 5753 Orationis
3075 5687 3136 5737 26
3170 5690 3219 5739 in
3246 5688 3512 5750 Epistulam
3539 5690 3601 5739 ad
3637 5685 3900 5753 Hebraeos;

2327 5760 2378 5800 et
2404 5748 2611 5798 llomilia
2643 5748 2702 5797 66
2729 5748 2790 5796 in
2806 5748 3053 5798 Ucuesim.
