4130 6316
190 356 301 413 195

182 472 357 534 ϐειαν,
388 468 489 541 τὴν
518 471 865 541 γνησιότητα,
898 472 958 526 16
987 472 1175 527 λευκὸν
1211 470 1366 530 εἶναι.
1385 474 1541 527 Ἀλλά
1576 474 1740 542 πρόσ-

184 591 372 642 κομμα
393 573 579 641 γέγονε
607 574 667 628 τὸ
685 577 897 639 κάλλος,
919 578 1072 646 φησί.
1088 579 1220 648 Οὐχὶ
1245 578 1394 645 παρὰ
1417 578 1515 647 τὴν
1539 576 1742 629 οίκείαν

182 672 364 741 φύσιν,
392 676 524 727 ἀλλά
565 677 714 746 παρά
752 678 850 747 τὴν
895 680 1161 749 ρᾳθυμίαν
1205 680 1312 733 τῶν
1353 680 1737 749 ἁλισκομένων.

184 778 278 844 Μὴ
313 779 719 848 καταμάνθανε
764 782 890 849 γὰρ,
936 784 1086 853 φησὶ,
1131 781 1358 849 κάλλος
1400 785 1736 852 ἀλλότριον.

183 884 299 953 Οὐχ
338 886 523 947 ἀπλῶς
562 882 702 949 εἷπε,
751 883 844 955 Μὴ
885 890 1297 958 καταμάνθανε
1330 890 1570 955 κάλλος,
1608 889 1739 942 ἀλλά

184 988 544 1060 προσέθηκεν,
562 992 911 1059 Ἁλλότριον,
938 994 1014 1057 ὡς
1043 995 1103 1047 τό
1132 1012 1194 1063 γε
1227 996 1423 1049 οἰκείου
1453 995 1739 1049 ἀπολαύειν

184 1091 343 1143 amt.
378 1094 475 1144 Διὰ
506 1094 557 1147 τί
585 1096 689 1165 γὰρ
714 1096 812 1148 οὐκ
841 1096 1220 1168 ἐξετραχήλισε
1248 1098 1338 1152 16v
1370 1099 1588 1168 Ἰωσὴφ,
1618 1097 1740 1152 ούδέ

188 1194 363 1262 βλᾶκα
386 1199 689 1268 εἰργάσατο,
703 1200 821 1252 οὐδὲ
840 1200 1132 1272 ἐνέπλησεν
1154 1201 1409 1266 ἀπονοίας
1428 1203 1520 1256 καὶ
1538 1203 1738 1272 τύφους

190 1303 476 1367 Ἔλαφος,
508 1304 656 1370 φησὶ,
695 1305 919 1370 φιλίας,
947 1305 1043 1357 καί
1086 1305 1285 1371 πῶλος
1335 1306 1462 1358 σῶν
1488 1306 1741 1374 χαρίτων

187 1406 458 1471 ὀμιλείτω
500 1421 615 1459 σοι.
659 1407 958 1477 Σύνδεσμός
988 1412 1100 1463 ἐστι
1126 1412 1216 1462 καὶ
1238 1410 1394 1463 τοῦτο
1420 1410 1511 1462 τοῦ
1538 1412 1737 1480 γάμου,

184 1505 321 1557 ὥστε
348 1508 483 1577 πρὸς
509 1507 577 1560 τά
600 1509 824 1579 σώματα
854 1512 1110 1582 ἐπτόηντο
1135 1515 1182 1565 οἱ
1214 1514 1505 1584 ἄνθρωποι.
1525 1514 1738 1585 Ἐπειδὴ

188 1610 292 1680 γὰρ
325 1612 578 1665 ἐπίπονόν
608 1631 727 1667 τινα
766 1615 857 1667 καὶ
902 1617 1172 1687 μοχθηρὸν
1209 1619 1334 1688 ἡμῖν
1375 1619 1737 1671 κατεσκεύασε

186 1716 273 1767 τὸν
304 1715 438 1785 βίον,
477 1716 765 1789 ἐχαρίσατό
791 1739 911 1776 τινα
945 1724 1035 1776 καὶ
1062 1724 1429 1795 παραμυθίαν.
1466 1725 1739 1778 Ἐντεῦθεν

186 1818 314 1887 ἡμῖν
337 1821 557 1891 ἀγάπης
602 1822 748 1876 ἐστὶν
786 1822 1112 1894 ὑπέκκαυμα
1141 1826 1239 1895 τῆς
1275 1825 1343 1879 τά
1370 1826 1545 1879 πάντα
1588 1823 1735 1897 [202]

188 1920 532 1995 συνεχούσης.
560 1926 734 1979 Πολλά
764 1928 869 1997 γάρ
897 1928 1223 1981 ἐσπούδασεν
1250 1931 1278 1981 6
1304 1930 1434 1993 Θεὸς
1463 1928 1556 1983 καὶ
1578 1933 1742 2000 ἐπρα-

187 2027 548 2093 γματεύσατο,
573 2028 713 2082 ὥστε
741 2031 831 2084 τὸν
863 2029 958 2084 τοῦ
984 2033 1159 2103 γάμου
1192 2032 1485 2101 σύνδεσμον
1520 2035 1735 2104 ἀρραγῆ

189 2126 384 2193 μένειν.
440 2130 550 2181 Καὶ
591 2131 696 2202 μὴν
737 2132 912 2197 τοῦτο,
975 2135 1125 2205 φησὶ,
1172 2134 1360 2203 γέγονε
1413 2134 1740 2207 πρόσκομμα

188 2229 334 2299 παρὰ
386 2231 484 2300 τὴν
529 2233 724 2305 ἀρχὴν.
762 2236 1013 2301 Ἰδόντες
1057 2237 1165 2307 γὰρ
1210 2242 1263 2293 ot
1311 2238 1430 2293 υἱοί
1457 2241 1561 2294 τοῦ
1595 2241 1740 2294 Θεοῦ

187 2334 286 2397 τὰς
316 2335 641 2403 θυγατέρας
672 2339 789 2393 τῶν
810 2340 1083 2409 Ἐϐραίων
1112 2355 1137 2383 ιι
1176 2342 1236 2415 [ί.
1261 2342 1603 2415 ἀνθρώπων],
1653 2344 1741 2397 ὅτι

188 2438 363 2487 καὶαι·
410 2440 589 2505 εισιν,
635 2441 853 2497 ἔλαϐον
880 2445 1132 2509 ἑαυτοῖς.
1182 2447 1314 2517 Οὐχὶ
1349 2448 1505 2500 τοῦτο
1551 2444 1740 2515 γέγονε

188 2541 536 2611 πρόσκομμα,
569 2545 681 2597 ἀλλ’
710 2549 743 2616 ὴ
782 2549 1017 2615 ἀκρασία
1050 2550 1288 2603 ἐκείνων.
1343 2551 1527 2613 xm;
1570 2550 1740 2612 αύτάς

189 2642 456 2711 ἐποίησεν,
489 2648 583 2715 οὐχ
631 2648 715 2700 ἵνα
746 2650 978 2714 ἀναιδεῖς
1015 2653 1070 2704 αί
1123 2654 1412 2722 Θυγατέρες
1457 2654 1738 2720 γένωνται,

188 2746 292 2798 ἀλλ’
316 2748 404 2800 ἴνα
432 2748 659 2813 ἕκαστος
688 2753 888 2824 στέργῃ
909 2755 1008 2825 τὴν
1037 2756 1248 2809 ἐαυτοῦ.
1276 2757 1384 2809 Καὶ
1403 2758 1737 2820 συνιέντας,

188 2850 370 2919 φησὶν,
400 2851 649 2922 ὲνπάσῃ
669 2857 880 2924 σοφίαι
910 2860 1176 2922 τουτέστι,
1207 2860 1542 2923 σπουδαίους,
1573 2861 1742 2913 δεκτι·

188 2953 310 3018 κοὺς
339 2956 475 3025 πρὸς
498 2958 678 3010 πᾶσαν
706 2960 892 3027 σοφίαν
909 2976 921 2990 ⁸
951 2961 1056 3015 τοῦ
1072 2961 1304 3025 διδάξαι
1332 2963 1549 3027 αὐτοὺς
1574 2960 1743 3031 πρύμ-

183 3072 337 3123 ματα
370 3058 468 3111 καὶ
500 3059 786 3128 γλῶσσαν
812 3065 1139 3118 Χαλδαίων.
1172 3067 1228 3119 '0
1261 3067 1357 3135 μὲν
1388 3062 1479 3120 οῦν
1507 3067 1742 3133 Μωῦσῆς

188 3157 399 3230 ίδιὼτης
423 3160 516 3223 ὣν,
544 3161 620 3226 ὡς
659 3163 906 3232 βασιλεὺς
952 3167 1156 3238 ἐτράφη
1174 3182 1187 3196 ·
1215 3163 1356 3221 οὗτοι
1381 3168 1436 3220 δέ
1466 3169 1527 3221 ἐκ
1556 3169 1743 3236 γένους

184 3262 333 3327 ὄντες
362 3264 657 3333 βασιλικοῦ,
681 3272 739 3321 ἐν
764 3269 911 3336 τάξει
934 3269 1130 3324 δούλων
1159 3272 1486 3325 δεσποτικῶν
1523 3270 1741 3342 ἀνετρέ-

185 3384 364 3431 φοντο.
394 3369 589 3433 Καλῶς
624 3376 1084 3443 προοικονομεῖται
1113 3376 1305 3440 αὐτοὺς
1343 3375 1529 3447 μαθεῖν
1565 3376 1742 3446 γράμ-

191 3486 330 3537 ματα
358 3472 451 3523 καὶ
474 3472 723 3538 γλῶσσαν
760 3476 1058 3540 Χαλδαίων,
1098 3477 1163 3529 ἵν’
1190 3478 1315 3530 ὅταν
1352 3479 1516 3549 μέλλῃ
1543 3478 1620 3547 τῷ
1651 3478 1734 3548 βα·

190 3572 326 3626 σιλεῐ
355 3574 695 3643 διαλέγεσθαι
717 3580 909 3650 Δανιὴλ
939 3581 1063 3651 περὶ
1091 3582 1200 3634 τῶν
1230 3582 1476 3651 μεγάλων
1500 3583 1742 3647 ἐκείνων,

189 3676 377 3746 μηδεὶς
401 3680 604 3747 μεταξὺ
629 3685 994 3753 παρεμπεσὼν
1018 3688 1295 3756 κακουργῇ
1318 3704 1369 3738 τι
1395 3686 1500 3739 τῶν
1523 3686 1745 3756 λεγομὲ-

188 3796 310 3833 νων.
342 3782 499 3845 Τίνος
525 3784 581 3837 δέ
624 3786 806 3839 ἕνεκεν
847 3791 940 3841 καὶ
976 3789 1131 3842 τοῦτο
1155 3790 1393 3857 γίνεται;
1420 3792 1536 3844 Ἵνα
1569 3792 1745 3862 μάθῃς

187 3884 352 3937 αὐτοῦ
384 3886 483 3956 τὴν
501 3887 834 3958 φιλοσοφίαν,
864 3892 957 3945 καί⁵
988 3893 1103 3964 ίδῃς
1122 3894 1320 3957 εὐθέως
1342 3896 1400 3958 ἐξ
1431 3895 1604 3965 ἀρχῆς
1629 3897 1745 3959 πῶς

184 3986 450 4056 κρείττων
495 3990 609 4043 ἐστὶ
654 3992 907 4063 γαστρός.
948 3995 1059 4047 Καὶ
1108 3995 1213 4066 μὴν
1254 3996 1435 4066 ἔτερος
1477 3992 1627 4050 εἶπεν
1657 4000 1743 4063 ἀν,

183 4092 537 4161 Αἰχμάλωτός
558 4096 693 4166 είμι,
731 4099 1025 4167 οὐδαμόθεν
1054 4101 1158 4169 ἔχω
1190 4101 1285 4169 τὴν
1312 4103 1607 4169 ἀναγκαίαν
1632 4121 1747 4175 τρο-

188 4190 318 4261 φὴν,
356 4196 725 4261 συγγνώσεται
762 4202 975 4263 πάντως
1010 4205 1038 4254 6
1080 4203 1229 4265 Θεός.
1283 4203 1420 4256 Ἀλλ’
1448 4205 1545 4274 οὐχ
1575 4206 1746 4271 οὕτως

186 4289 373 4358 οὗτος·
414 4297 474 4350 ού
504 4298 611 4370 γὰρ
642 4302 815 4372 μισθῷ
841 4320 944 4357 τινι
970 4306 1061 4357 καὶ
1105 4307 1251 4377 φόϐῳ
1280 4308 1457 4377 μόνον,
1487 4310 1623 4362 ἀλλά
1654 4310 1748 4362 καὶ

191 4398 383 4469 ἀγάπῃ
416 4401 658 4455 ἐδούλευε
700 4403 777 4474 τῷ
824 4406 963 4476 Θεῷ,
1004 4408 1201 4478 πολλῆς
1242 4412 1528 4465 ἀπολαύων
1556 4413 1747 4483 ἐπιμε-

190 4499 365 4567 λείας,
400 4505 493 4556 καὶ
540 4506 569 4557 6
611 4506 799 4575 χρόνος
828 4508 886 4560 οὐ
933 4510 1150 4580 βραχύς.
1178 4511 1313 4582 Ἔτη
1351 4514 1473 4583 τρία
1509 4514 1749 4584 ἐφιλοσό-

186 4619 347 4670 φουν,
380 4605 445 4657 τά
476 4608 599 4676 τρία
645 4608 739 4678 ἔτη
772 4612 1075 4681 ἐνήστευον.
1114 4613 1274 4684 Ὁρᾷς
1310 4617 1556 4683 σύνεσιν;
1582 4617 1747 4669 Ἔνθα

185 4708 285 4775 μὲν
313 4711 483 4781 ἐχρῆν
517 4713 869 4780 φυλάξασθαι,
894 4717 1094 4786 σφόδρα
1122 4718 1372 4789 ἀκριϐὴς,
1405 4721 1497 4772 καὶ
1519 4738 1748 4790 προνοη-

180 4814 357 4875 τεκδς,
392 4817 485 4867 καὶ
524 4818 620 4887 οὐχ
654 4819 840 4883 ἁπλῶς
885 4821 1216 4891 ἐπιρρίπτων
1251 4824 1459 4889 ἑαυτὸν,
1496 4825 1611 4878 ἀλλ’
1636 4828 1747 4883 ἱκε-

180 4917 362 4967 τεύων
401 4918 491 4969 καὶ
529 4918 812 4989 δεόμενοςο
868 4923 995 4978 ἔνθα
1039 4924 1097 4977 δὲ
1148 4925 1298 4980 οὐδὲν
1349 4927 1632 4991 ἔϐλαπτεν,
1685 4928 1745 4981 οὐ

183 5020 541 5090 παρῃτήσατο
570 5022 759 5090 μαθεῖν
790 5025 1034 5091 γλῶτταν
1068 5027 1398 5100 βαρϐαρικὴν
1431 5031 1524 5083 καὶ
1557 5031 1745 5101 σοφίαν

178 5122 462 5191 τοιαύτην.
512 5124 586 5175 υύ
622 5124 731 5194 γὰρ
777 5127 839 5195 δὴ
876 5128 936 5180 16
977 5130 1163 5198 μαθεῖν
1197 5132 1443 5201 ἔγκλημα
1484 5129 1570 5203 ἦν,
1614 5134 1746 5187 ἀλλά

175 5224 235 5273 16
266 5224 599 5293 χρήσασθαι.
633 5226 785 5279 Οῦτω
820 5229 1049 5295 μάλιστα
1086 5234 1279 5302 ἔμαθεν
1314 5236 1378 5287 ἂν
1418 5237 1516 5305 τὴν
1562 5236 1747 5303 σοφίαν

175 5328 276 5395 τὴν
322 5330 455 5395 παρ’
500 5329 701 5398 ἐαυτῷ·
730 5330 838 5382 ἀπὸ
884 5337 1219 5403 συγκρίσεως
1252 5339 1429 5400 πάλιν,
1476 5340 1561 5391 ἵνα
1606 5341 1747 5410 μάθῃ

174 5426 254 5476 ὅτι
284 5428 392 5478 οὐκ
415 5427 526 5481 ἔστι
552 5430 709 5497 σοφία
745 5432 900 5503 ἐτέρα
936 5434 1023 5486 οἵα
1048 5439 1078 5505 ἡ
1109 5438 1392 5506 Ἐϐραίων,
1421 5442 1504 5492 ἵνα
1538 5443 1748 5510 ἰσχυρό-

231 5696 270 5774 ad
288 5692 685 5774 ἱωῐέτίυἮ-ραίιιξ
709 5698 1174 5774 ετειΗεδεΓ.Ρευὶο
1186 5713 1294 5766 post
1317 5706 1437 5756 forte
1465 5710 1662 5774 legend.
1694 5712 1755 5766 εἷς

167 5755 441 5815 θυγατέρας,
462 5767 557 5802 non
583 5759 630 5801 αί
649 5758 906 5815 θυγατέοις,

1550 356 1614 411 IN
1657 356 1737 410 DA
1750 353 2022 411 NIELEM.

3304 358 3416 417 196

1844 489 1998 542 τερος
2019 473 2123 543 είη.
2155 474 2262 527 Καὶ
2293 474 2395 544 μὴν
2411 476 2456 527 εί
2485 475 2578 529 καὶ
2607 473 2919 543 παράνομον
2939 468 3027 540 ἦν,
3054 472 3147 527 καὶ
3172 473 3405 532 ἐνταῦθα

1846 578 1975 647 ἔστη
2011 580 2078 632 ἂν
2113 581 2206 632 καὶ
2243 582 2562 649 ἠγωνίσατο.
2594 575 2746 643 Εἶδες
2775 582 2856 634 ὅτι
2891 579 3082 633 τούτου
3106 584 3161 633 αί
3189 583 3399 651 ἀρεταὶ,

1845 681 1966 733 ὅθεν
1995 684 2044 735 οἱ
2085 683 2497 754 γαστρίμαργοι,
2530 683 2649 737 ὅθεν
2686 685 2734 737 οί
2787 682 2985 753 σκόρδα
3030 686 3402 753 προτιμῶντες

1846 783 1938 835 τοῦ
1970 786 2172 854 μάννας
2222 786 2496 840 Ἐντεῦθεν
2522 788 2549 839 6
2577 786 2770 857 Δανιὴλ
2796 785 2870 839 ὢν
2893 787 3178 855 φιλόσοφος
3204 785 3398 854 ἐφάνη.

1845 886 1950 941 Καὶ
2002 889 2275 959 ἐγένοντο
2315 891 2384 944 ἐν
2411 890 2614 956 αὐτοῖς
2649 890 2715 942 ἐκ
2742 887 2858 943 τῶν
2876 887 3022 943 υἱῶν
3054 888 3258 951 Ἰούδα,
3291 892 3401 943 Δα-

1844 991 2006 1059 νιὴλ,
2042 994 2138 1046 καί
2186 994 2478 1060 Ἀνανίας,
2525 994 2626 1048 καὶ
2676 991 2955 1060 Ἀζαρίας,
2987 993 3085 1046 καί
3133 993 3396 1059 Murcum.

1845 1095 1955 1147 Kal
1997 1097 2287 1164 ἐπέθηκεν
2332 1097 2534 1162 αὐτοῖς
2571 1100 2604 1150 ὀ
2645 1092 3071 1167 ἀρχιευνοῦχος
3118 1098 3396 1165 ὀνόματα,

1844 1201 1924 1265 τῷ
1942 1200 2058 1267 μὲν
2070 1201 2291 1269 Δανιὴλ
2315 1205 2399 1255 Βα
2411 1198 2649 1268 πτάσαρ,
2677 1196 2774 1252 καί
2795 1199 2870 1263 τῷ
2898 1199 3126 1265 Ἀνανίᾳ
3153 1201 3397 1269 Σεδρὰχ,
3490 1210 3491 1213 “

1846 1306 1944 1359 καὶ
1974 1303 2053 1369 τῷ
2094 1302 2321 1371 Ἀζαρία
2353 1301 2715 1372 Ἀϐὃεναγὼν
2755 1302 2879 1373 [ειν.
2923 1301 3270 1374 ’Δϐδεναγὼ].
3302 1305 3399 1357 καί

1846 1408 1926 1473 τῷ
1958 1406 2196 1473 Μισαὴλ
2241 1407 2461 1475 Μισᾶχ.
2502 1408 2592 1477 Τῷ
2634 1404 2850 1477 Δανιὴλ,
2897 1407 3052 1474 φησὶ,
3112 1406 3399 1478 Βαλτάσαρ

1849 1508 2109 1582 ἐπέθηκεν
2142 1510 2327 1582 ὄνομα.
2365 1513 2472 1565 Καὶ
2513 1514 2538 1564 6
2588 1511 2704 1573 θεὸς
2736 1508 2914 1564 αὐτῶν
2952 1508 3123 1574 οὕτως
3163 1510 3397 1578 ἐλέγετο,

1852 1615 2046 1685 μᾶλλον
2074 1616 2128 1669 δὲ
2152 1619 2179 1670 6
2204 1618 2315 1681 υίὸς
2342 1615 2434 1670 τοῦ
2462 1616 2721 1686 βασιλέως
2754 1613 2924 1678 οὕτως
2963 1614 3195 1682 ἐλέγετο.
3221 1613 3399 1668 Ἐτόλ-

1851 1735 1985 1787 μησε
2013 1718 2113 1771 κᾶν
2135 1714 2225 1771 οῦν
2249 1716 2339 1771 τὸν
2361 1718 2697 1788 αἰχμάλωτον
2719 1715 2858 1771 οὕτω
2890 1717 3132 1782 καλέσαι;
3158 1717 3399 1770 Μάλιστα

1849 1821 1997 1891 [205]
2035 1822 2132 1891 μὲν
2168 1819 2259 1877 οῦν
2295 1823 2588 1893 ἐτόλμησεν
2616 1823 2708 1876 ἀν’
2751 1822 2886 1892 πλὴν
2923 1823 3023 1876 οὐκ
3051 1823 3164 1875 ἐστι
3185 1822 3245 1875 16
3268 1821 3399 1874 αὐτὸ

1846 1923 2178 1993 ὅνομα,ἀλλά
2203 1922 2366 1993 πολλὴ
2396 1924 2428 1995 ὴ
2452 1924 2703 1995 διαφορὰ,
2730 1922 2876 1977 ὥσπε
2886 1942 2914 1995 ρ
2940 1925 3031 1978 ἐπὶ
3055 1925 3148 1978 τοῦ
3178 1925 3394 1996 Ἰωσὴφ,

1846 2028 2242 2098 προσεκύνησεν
2266 2028 2423 2080 αὑτὸν
2457 2030 2484 2081 6
2516 2028 2696 2098 πατὴρ
2724 2026 2909 2080 αὑτοῦ.
2940 2029 3048 2081 Καὶ
3080 2029 3133 2080 τί
3172 2030 3311 2097 μέγα
3338 2027 3399 2080 16

1847 2130 2011 2202 ὄνομα
2054 2128 2210 2185 τοῦτο
2254 2133 2512 2203 κληθῆναι
2548 2132 2740 2198 αύτόν;
2785 2132 2881 2203 οὐχ
2927 2131 3140 2204 ὁρῶμεν
3185 2133 3277 2185 καὶ
3305 2130 3399 2184 νῦν

1846 2236 1959 2298 τοῖς
2012 2236 2118 2288 τῶν
2162 2236 2420 2304 βασιλέων
2466 2237 2718 2305 ὀνόμασιν
2774 2235 2986 2297 ίδιώτας
3037 2234 3399 2304 καλουμένους

1848 2338 2107 2405 πολλούς;
2156 2338 2293 2391 Ἀλλ’
2326 2339 2423 2392 οὐκ
2474 2340 2532 2391 ἐν
2563 2340 2674 2402 τοῖς
2715 2336 3020 2409 βασιλείοις,
3059 2336 3210 2405 φησί.
3245 2336 3400 2397 Τίνος

1846 2440 1901 2493 δὲ
1938 2438 2119 2494 ἕνεκεν
2151 2444 2183 2512 ή
2218 2444 2323 2495 τῶν
2364 2443 2641 2512 ὀνομάτων
2682 2441 2950 2511 μεταϐολὴ
2983 2441 3220 2507 γίνεται;
3257 2440 3399 2509 Ὅρα

1848 2543 2107 2596 πάντοθεν
2145 2544 2564 2615 οίκονομούμενα
2609 2544 2677 2597 τὰ
2722 2544 3039 2614 πράγματα.
3074 2544 3149 2595 Οὐ
3187 2541 3400 2610 πρῶτον

1848 2645 1948 2715 ὁρᾷ
1975 2646 2034 2698 16
2062 2646 2326 2710 ἐνύπνιον,
2358 2647 2463 2711 ἓως
2499 2647 2595 2699 τοῦ
2627 2647 2976 2717 πληρωθῆναι
3022 2645 3089 2699 τά
3120 2644 3245 2716 τρία
3283 2645 3396 2713 ἐτη.

1862 2750 2020 2820 Ὁρᾷς
2067 2751 2147 2803 ὅτι
2183 2751 2312 2814 Θεὸς
2357 2754 2657 2822 οίκονομεῖ;
2704 2750 2857 2814 Τίνος
2901 2746 2994 2804 οῦν
3037 2750 3247 2813 ἐνεκεν;
3286 2748 3399 2801 Ἵνα

1851 2853 2089 2917 πλείονος
2116 2856 2421 2926 παρρησίας
2463 2854 2760 2926 ἀπολαύσῃ.
2792 2855 2899 2909 Καὶ
2934 2855 3037 2925 μὴν
3075 2855 3402 2924 σαφέστερον

1851 2955 2162 3026 ἐθαυμάσθη
2202 2958 2286 3022 ἂν,
2319 2960 2411 3013 καὶ
2437 2960 2629 3028 ἐφάνη,
2662 2960 2802 3011 εἴποι
2836 2977 2916 3021 τις
2950 2959 3035 3021 ἂν,
3063 2960 3111 3010 εἰ
3153 2957 3259 3028 πρὸ
3294 2957 3404 3011 τῶν

1849 3062 2014 3130 τριῶν
2046 3063 2179 3115 ἐτῶν
2214 3058 2317 3115 εἶδε
2352 3063 2412 3115 16
2449 3060 2713 3114 ἐνύπνιον.
2750 3062 2885 3112 Ἀλλ’
2925 3061 3023 3113 οὐκ
3053 3052 3275 3129 ἀνῆλθε
3310 3060 3402 3112 καὶ

1851 3165 1969 3216 κατ’
2017 3165 2194 3217 αὐτῶν
2236 3166 2294 3217 16
2344 3165 2538 3235 δόγμα,
2589 3163 2761 3227 άλλως
2793 3163 2848 3217 δὲ
2886 3163 2994 3216 οὐδ’
3030 3163 3322 3232 ἐπιστεύθη
3374 3165 3405 3215 6

1850 3267 2065 3339 Δανιὴλ.
2096 3270 2193 3323 Διά
2215 3271 2371 3323 τοῦτο
2398 3272 2455 3322 ἐν
2486 3273 2596 3333 τοῖς
2628 3271 2840 3340 μικροῖς
2873 3270 2965 3323 καὶ
2991 3269 3233 3322 ἐλάττοσι
3264 3267 3404 3338 λαμ-

1853 3371 2002 3425 ϐάνει
2036 3374 2227 3442 πεῖραν
2262 3372 2360 3443 τῆς
2399 3373 2607 3437 εὐνοίας
2636 3374 2725 3426 τοῦ
2754 3372 2886 3426 Θεοῦ
2926 3371 3026 3443 τῆς
3059 3374 3183 3442 περὶ
3211 3372 3405 3433 αύτοὶς

1852 3473 1881 3525 6
1912 3475 2180 3545 εὐνοῦχος,
2217 3474 2281 3528 ἵν’
2308 3476 2434 3529 ὅταν
2465 3474 2603 3547 ὑπὲρ
2630 3475 2739 3528 τῶν
2766 3474 3027 3545 μειζόνων
3060 3474 3282 3541 ἀξιῶσιν
3308 3476 3406 3527 αὐ-

1852 3579 1961 3642 τὸν,
1994 3580 2067 3650 μὴ
2097 3580 2450 3651 διαπιστήσας
2473 3580 2726 3653 διαπτύῃ,
2756 3582 2851 3636 καὶ
2879 3583 2964 3634 ῖνα
2992 3582 3201 3651 μάθωσι
3229 3579 3405 3640 καλῶς

1852 3682 2207 3749 διαλέγεσθαι,
2248 3684 2334 3737 ἴνα
2371 3682 2617 3748 πλείονες
2662 3684 2971 3756 παρῥησίας
3007 3682 3404 3736 ἀπολαύσωσιν.

1854 3788 1965 3857 Οὐχ
1999 3789 2129 3859 ὁρᾷς
2173 3788 2280 3842 ἀπὸ
2312 3790 2341 3830 ι)
2398 3790 2490 3842 τοῦ
2526 3789 2684 3843 Δαυῒδ
2724 3789 2880 3842 τοῦτο
2916 3790 3237 3858 γενόμενον;
3293 3790 3407 3853 πῶς

1853 3889 2200 3960 διηπίστησεν
2236 3891 2381 3960 αὐτῷ
2420 3893 2447 3945 6
2497 3892 2746 3961 βασιλεὺς
2777 3892 3226 3961 ἐπαγγελλομένῳ
3250 3895 3407 3947 ἀλλό-

1854 3990 2018 4056 φυλον
2066 3992 2330 4061 αἱρήσειν,
2376 3993 2483 4044 ἀπὸ
2532 3994 2630 4061 τῆς
2665 3992 2879 4061 ἡλικίας
2921 3992 3119 4064 κρίνων
3156 3993 3225 4047 τά
3267 3997 3409 4065 πρά-

1853 4111 2067 4164 γματα;
2106 4097 2243 4166 Ὅρα
2275 4095 2458 4149 λοιπὸν
2481 4097 2580 4165 τῆς
2607 4097 2723 4149 ὁδοῦ
2756 4095 2853 4167 τὴν
2876 4097 3055 4150 αἰτίαν
3089 4096 3275 4152 τοῦτον
3302 4118 3409 4169 μα-

1855 4197 2033 4251 θόντα.
2064 4199 2184 4252 Τῶν
2215 4200 2501 4270 βαρϐάρων
2543 4200 2742 4270 ἔμαθον
2774 4200 3013 4269 ἀκριϐῶς
3042 4202 3279 4271 Μωῦσῆς
3317 4204 3411 4255 καὶ

1855 4303 2069 4373 Δανιὴλ.
2113 4305 2230 4356 Ἵνα
2275 4305 2380 4376 γὰρ
2431 4305 2504 4375 μὴ
2547 4304 2736 4374 ἀγνοίᾳ
2776 4304 2971 4356 δοκῶσι
3022 4309 3291 4375 προτιμᾷν
3339 4308 3410 4360 τὰ

1855 4406 2028 4459 οἰκεῖα
2057 4409 2164 4460 τῶν
2210 4408 2519 4477 ἀλλοτρίων,
2549 4408 2735 4459 τούτου
2774 4408 2931 4477 χάριν
2959 4408 3179 4476 ἀφίησιν
3213 4410 3409 4473 αὐτοὺς

1860 4508 2104 4578 μετέχειν
2134 4509 2419 4572 κάκείνων,
2449 4510 2515 4561 ἵν’
2547 4509 2673 4561 ὅταν
2711 4510 2845 4581 ἴδῃς,
2881 4509 3076 4578 μᾶλλον
3100 4510 3145 4561 δ’
3173 4511 3410 4583 ἀκούσῃς

1855 4611 2128 4673 Μωῡσέως
2164 4610 2425 4679 λέγοντος,
2459 4612 2540 4664 ὅτι
2569 4615 2689 4664 Οὐκ
2708 4612 2837 4664 ἐστι
2866 4613 3049 4679 σοφία
3078 4613 3173 4666 οἵα
3201 4614 3240 4681 ἡ
3271 4613 3411 4681 ἠμε-

1857 4714 2013 4780 τέρα,
2056 4717 2187 4782 μήτε
2224 4713 2468 4785 φίλτρου,
2497 4716 2631 4783 μήτε
2655 4714 2869 4782 ἀγάπης
2902 4710 3037 4767 εἷναι
3065 4715 3289 4785 νομίσῃς
3311 4716 3413 4785 τὴν

1858 4816 2144 4883 ἀπόφασιν,
2175 4816 2309 4869 ἀλλά
2336 4817 2563 4887 κρίσεως
2590 4817 2771 4886 ὀρθῆς.
2792 4817 2923 4869 Οὐδὲ
2946 4816 3053 4884 γὰρ
3069 4816 3214 4869 ἔστιν
3240 4819 3413 4870 εἰπεῖν

1856 4919 1934 4970 ὅτι
1966 4918 2053 4973 διὰ
2090 4918 2150 4971 16
2200 4919 2336 4989 πρὸς
2379 4920 2504 4981 τοὺς
2544 4918 2856 4982 διδάξαντας
2895 4919 3059 4988 ἄχθος
3091 4920 3410 4989 ἀπεπήδησε

1855 5022 1952 5090 τῆς
2008 5022 2229 5074 ἐκείνων
2277 5021 2626 5085 παιδεύσεως.
2692 5023 3011 5091 Ἀμφότεροι
3058 5021 3165 5090 γάρ
3216 5022 3412 5091 πολλῆς

1857 5126 2182 5177 ἀπολαύουσι
2236 5126 2334 5194 τῆς
2382 5126 2564 5194 τιμῆς,
2615 5126 2706 5177 καὶ
2758 5124 3061 5195 προτιμῶσι
3105 5125 3170 5177 τά
3216 5128 3407 5178 οἰκεῖα.

1859 5232 2032 5298 Ὅπερ
2054 5226 2143 5281 οῦν
2170 5230 2259 5281 καὶ
2290 5227 2493 5291 Παῦλος
2524 5230 2810 5297 θαυμάζων
2834 5229 3031 5294 ἔλεγεν·
3069 5232 3188 5296 Οὐχ
3220 5231 3411 5283 εἵλετο

1858 5336 2225 5398 πρόσκαιρον
2252 5333 2415 5398 ἔχειν
2458 5332 2742 5398 ἁμαρτίας
2788 5333 3145 5391 ἀπόλαυσιν,
3176 5332 3411 5398 μείζονα

1860 5436 2123 5487 πλοῦτον
2155 5436 2533 5502 ἡγησάμενος
2563 5432 2678 5486 τῶν
2702 5435 2768 5485 ἐυν
2799 5434 3071 5502 Αἰγύπτῳ
3098 5432 3412 5499 θησαυρῶν

1922 5705 1951 5744 ι)
1974 5707 2075 5770 ςςτ,
2110 5707 2216 5753 ὑπὸ.
2338 5711 2430 5753 τῶν
2472 5708 2729 5770 βαρϐάρων.
2775 5706 3009 5765 Ρτοεροηε
3057 5702 3132 5750 τό..
3172 5700 3298 5749 Infra
3326 5712 3415 5764 pm

1864 5766 1999 5828 ἄχθος
2019 5767 2139 5815 forte
2156 5769 2295 5816 scrib.
2322 5771 2470 5831 ἰχθος.
