4140 6314
697 384 808 440 197

686 493 797 543 τὸν
840 481 1183 549 ὀνειδισμὸν
1217 481 1323 534 τοῦ
1362 479 1644 546 Χριστοῦ.
1696 475 1799 532 Kal
1845 476 2012 529 ἔθετο
2042 471 2270 538 Δανιὴλ

686 592 756 643 ἐν
785 588 862 657 τῇ
893 585 1105 654 καρδίᾳ
1132 582 1318 638 αὑτοῦ
1344 581 1430 651 μὴ
1461 579 1861 650 ἀλισΜθῆναι
1892 591 1917 618 ι
1941 576 2012 629 έν
2034 574 2108 642 τῇ
2134 590 2269 643 τραο

688 692 832 760 πέζῃ
871 690 978 744 τοῦ
1024 684 1354 753 βασιλέως,
1394 684 1494 739 καὶ
1529 685 1600 738 ἐν
1629 682 1709 747 τῷ
1739 682 1881 748 οἴνῳ
1926 680 2032 734 τοῦ
2083 678 2268 731 πότου

687 791 898 859 αὐτοῦ,
930 794 1028 848 καί
1067 792 1294 860 ἠξίωσε
1325 791 1433 844 τὸν
1474 787 1934 857 ἀρχιευνοῦχον,
1985 783 2146 847 ὅπως
2182 781 2267 851 μὴ

688 897 1014 970 ἀλισγηθῇ.
1067 897 1178 951 Καὶ
1227 896 1447 948 ἔδωκεν
1492 897 1524 947 ὀ
1577 893 1718 958 Θεὸς
1762 891 1871 944 τὸν
1914 888 2137 956 Δανιὴλ
2184 889 2270 952 είς

689 1007 867 1059 ἔλεον
897 1002 996 1056 καὶ
1025 1003 1113 1065 είς
1159 999 1464 1066 οἰκτιρμόν
1498 996 1753 1049 ἐνώπιον
1783 996 1890 1049 τοῦ
1919 993 2268 1062 ἀρχιευνού-

689 1126 822 1179 χου.
860 1109 1000 1178 Ὅρα
1027 1105 1214 1159 τοῦτον
1254 1103 1487 1172 ἄρχοντα
1521 1102 1630 1153 τῶν
1680 1097 1917 1167 ἀγαθῶν.
1958 1095 2144 1160 Οῦτως
2172 1097 2270 1148 αῦ-

684 1212 842 1266 τόθεν
896 1211 1198 1277 ἐνέφαινεν,
1226 1208 1306 1259 ὅτι
1353 1206 1526 1276 μέγας
1562 1221 1645 1267 τις
1689 1200 1757 1274 ἦν
1805 1204 1898 1255 καὶ
1936 1202 2265 1273 θαυμαστός.

689 1316 889 1368 Τοῦτον
935 1315 1043 1384 γὰρ
1076 1311 1150 1381 τῷ
1200 1310 1446 1380 βελτίονι,
1487 1309 1644 1361 καλεῖ
1675 1307 1915 1378 ὀνόματι.
1946 1307 2034 1360 Ἐν
2076 1300 2157 1369 οἷς
2209 1304 2265 1357 δὲ

689 1417 910 1471 δυνατὸν
971 1412 1058 1486 ἦν,
1109 1416 1200 1467 τὸν
1250 1413 1413 1482 νόμον
1460 1411 1776 1478 ἐφύλαττεν.
1809 1410 1905 1473 Τίς
1957 1410 2022 1463 ἂν
2054 1409 2263 1479 ἕτερος,

689 1522 807 1574 εἰπέ
842 1539 952 1591 μοι,
1006 1520 1222 1589 μίασμα
1265 1514 1404 1569 εἶναι
1439 1516 1656 1585 ἐνόμισε
1702 1515 1800 1585 τὴν
1847 1514 2126 1585 τράπεζαν
2166 1512 2262 1584 τὴν

689 1626 1012 1696 βασιλικήν;
1052 1624 1196 1692 Ὅρα
1229 1622 1390 1674 αὐτὸν
1420 1621 1485 1674 έκ
1516 1619 1818 1691 προοιμίων
1865 1617 2067 1680 εὐθέως
2114 1612 2265 1688 [204]

687 1731 1097 1801 ἐνδεικνύμενον
1135 1728 1234 1797 τὴν
1275 1725 1613 1796 φιλοσοφίαν.
1661 1723 1768 1777 Kal
1808 1722 2055 1788 ἠξίωσε,
2111 1725 2266 1794 φησὶ,

686 1835 794 1888 τὸν
817 1831 1275 1903 ἁρχιευνοῦχον,
1314 1829 1473 1895 ὅπως
1507 1828 1595 1897 μὴ
1630 1823 1953 1895 ἁλιστῃθῇ.
1978 1827 2119 1897 Ὅρα
2151 1825 2270 1888 πῶς

687 1941 836 1992 ἐστιν
890 1935 1231 2005 ἀφιλότιμος.
1300 1933 1413 1986 Οὐκ
1449 1929 1622 1994 εἶπεν,
1657 1930 1738 1983 ὅτι
1780 1930 1893 2002 Τὴν
1936 1930 2115 2000 ψυχήν
2167 1946 2266 1999 μου

684 2042 861 2105 δώσω,
894 2039 1010 2092 ἀλλ’
1037 2037 1289 2107 ἠξίωσεν,
1323 2039 1370 2089 εί
1400 2035 1646 2099 δυνατὸν,
1679 2033 1879 2088 λαθεῖν.
1899 2033 2056 2096 Τίνος
2085 2031 2269 2085 ἕνεκεν

683 2144 1102 2215 φιλοτιμοῦμαι;
1148 2141 1299 2211 φησί.
1334 2140 1470 2196 Ἀλλ’
1499 2141 1596 2208 οὐχ
1629 2141 1657 2191 6
1691 2137 1888 2208 Ἰωσὴφ
1921 2136 2117 2200 οὕτως,
2149 2135 2268 2188 οὐδὲ

683 2247 945 2315 Μωῦσῆς.
976 2247 1042 2298 Τί
1085 2241 1211 2309 οῦν;
1254 2244 1476 2296 ἐκείνων
1505 2239 2008 2309 καταγνωσόμεθα;
2049 2239 2139 2310 Μὴ
2171 2238 2268 2307 γέ-

685 2366 862 2403 νοιτοο
896 2351 956 2401 οὐ
991 2349 1096 2419 γὰρ
1150 2348 1343 2418 ᾔδεσαν
1375 2345 1403 2398 ὃ
1434 2345 1486 2397 τί
1531 2361 1661 2396 ποτε
1704 2339 1792 2414 ἦν.
1835 2342 2002 2398 υῦπω
2048 2340 2156 2412 γὰρ
2198 2336 2267 2412 ἦν

685 2453 828 2508 κατά
874 2454 967 2506 τὸν
1014 2453 1176 2522 νόμον
1227 2449 1558 2520 παραίτησις
1601 2447 1712 2500 τῶν
1759 2445 2085 2517 βρωμάτων.
2127 2445 2269 2513 Ὅρα

685 2559 847 2612 αὑτὸν
886 2559 980 2610 καὶ
1007 2557 1297 2625 ἐλέγχοντα
1340 2556 1434 2608 καὶ
1479 2552 1894 2623 φιλοσοφοῦντα,
1932 2549 2026 2602 καὶ
2069 2550 2126 2600 ἐν
2157 2549 2268 2609 τοῖς

689 2663 941 2732 σμικροῖς
987 2659 1396 2728 ἐνδεικνύμενον
1441 2657 1539 2728 τὴν
1581 2655 1921 2725 φιλοσοφίαν.
1980 2650 2088 2706 Kal
2132 2650 2268 2720 ὅπερ

687 2766 869 2832 ἔλεγον
914 2766 963 2816 οἱ
1012 2763 1317 2822 ἀπόστολοι,
1374 2760 1565 2813 Ταῦτα
1603 2759 1723 2812 ἔδει
1755 2758 1961 2824 πρόσω
1989 2754 2264 2822 ποιῆσαι,

687 2867 933 2921 κάκεῖνα
959 2866 1044 2934 μὴ
1066 2865 1322 2933 ἀφεῖναι.
1343 2862 1528 2914 Ταῦτα
1559 2862 1615 2913 δὲ
1641 2861 1927 2932 ἔπραττεν,
1953 2860 2054 2911 οὐκ
2079 2857 2266 2927 ἐπειδὴ

687 2971 1012 3026 εἰδωλόθυτα
1048 2967 1139 3041 ἦν,
1171 2969 1284 3022 ἀλλ’
1317 2968 1501 3036 ἐπειδὴ
1532 2965 1889 3036 κεκωλυμένα
1916 2965 2020 3017 ὑπὸ
2056 2961 2150 3017 τοῦ
2181 2963 2267 3016 νό-

691 3095 790 3148 μου
815 3072 903 3147 ἦν.
933 3076 1055 3138 Πῶς
1105 3070 1196 3128 οὖν
1247 3073 1495 3133 ἔπεισεν;
1540 3072 1679 3141 Ὅρα
1715 3069 1832 3132 πῶς
1875 3069 2077 3131 εὐθέως
2111 3066 2266 3120 ἔλυσέ

689 3199 771 3235 σοι
804 3181 902 3252 τὴν
927 3181 1180 3251 ἀπορίαν.
1208 3178 1453 3241 Ἔδωκε,
1483 3178 1636 3246 φησὶ.
1668 3178 1701 3229 ὁ
1736 3173 1879 3240 Θεὸς
1909 3175 2014 3227 τὸν
2043 3173 2267 3241 Δανιὴλ

688 3287 775 3351 εἰς
810 3286 986 3338 ἔλεον
1021 3284 1118 3336 καί
1147 3285 1234 3348 εἰς
1273 3281 1574 3349 οἰκτιρμὸν
1600 3278 1857 3332 ἐνώπιον
1889 3278 1995 3332 τοῦ
2029 3279 2268 3347 ἁρχιευ-

688 3390 936 3458 νούχου.
975 3387 1146 3440 Τοῦτο
1180 3387 1272 3440 καὶ
1308 3386 1399 3439 ἐπὶ
1437 3382 1528 3437 τοῦ
1565 3383 1764 3452 Ἰωσὴφ
1798 3382 2019 3450 γέγονεν
2041 3397 2055 3412 ·
2107 3382 2269 3434 κάκεῖ

688 3495 895 3567 ἠλεήθη
931 3494 1129 3565 Ἰωσὴφ
1171 3494 1263 3544 καὶ
1291 3492 1450 3563 χάριν
1489 3482 1648 3560 εὗρεν
1683 3488 1774 3541 ἐπὶ
1810 3485 1905 3540 τοῦ
1940 3485 2266 3558 ἀρχιμαγεί-

692 3618 817 3671 ρου·
855 3598 994 3670 πλὴν
1036 3597 1335 3667 ἀμφότεροι
1384 3594 1578 3657 δοῦλοι,
1611 3593 1703 3644 καὶ
1741 3593 1796 3644 ὲν
1824 3591 2051 3653 οἰκείαις
2186 3590 2261 3642 ol-

688 3700 856 3770 κίαις]
894 3700 1277 3770 βαρϐαρικαῖς.
1313 3697 1424 3750 Kal
1456 3696 1566 3766 γὰρ
1604 3689 1868 3765 ἦν’δντως
1910 3692 2068 3745 ἱκανὰ
2108 3690 2259 3744 ἐκλῦ-

691 3823 779 3858 σαι
810 3803 834 3841 ι’
867 3805 955 3856 τὸν
985 3803 1156 3872 θυμὸν
1187 3801 1280 3854 τοῦ
1314 3801 1578 3870 βασιλέως
1615 3799 1684 3851 τά
1717 3796 1996 3868 εἰρημένα.
2057 3795 2120 3847 Τί
2179 3796 2256 3848 λέ-

689 3923 840 3975 γεις;
893 3908 1060 3976 έναγῆ
1100 3906 1198 3974 τὴν
1231 3902 1511 3972 τράπεζαν
1545 3899 1832 3970 ὀνομάζεις
1875 3892 2012 3949 εἶναι
2046 3897 2145 3967 τὴν
2175 3897 2259 3949 δε-

691 4013 991 4082 σποτικήνς
1031 4008 1417 4080 καθαρώτερος
1455 4007 1586 4075 ἡμῖν
1629 4003 1790 4066 αὐτὸς
1823 4002 2128 4071 ἁνεφάνης;
2163 4001 2262 4054 οὑκ

687 4113 853 4178 οῖδας,
887 4117 968 4167 ὅτι
1000 4113 1089 4166 διὰ
1114 4111 1270 4165 τοῦτο
1297 4112 1392 4163 καὶ
1425 4108 1672 4177 γλῶτταν
1697 4105 1790 4159 καὶ
1817 4105 2118 4175 γράμματα
2169 4119 2264 4174 με-

691 4219 970 4290 μαθήκατε
1013 4212 1318 4276 Χαλδαϊκὰ,
1358 4213 1443 4265 ἵνα
1488 4211 1623 4279 πρὸς
1651 4209 1753 4278 τὴν
1782 4206 2054 4277 ἡμετέραν
2094 4224 2258 4277 μετα-

689 4326 849 4394 οτῆτε
863 4321 1018 4385 τάξιν
1042 4339 1056 4387 ;
1089 4318 1260 4372 Πόθεν
1283 4317 1326 4368 δ’
1358 4315 1493 4376 ὅλως
1522 4312 1683 4365 αὑτὸν
1701 4310 1894 4381 ᾐδέσθη
1921 4312 1950 4362 6
1979 4309 2260 4379 εὐνοῦχος;

687 4431 760 4482 Τὸ
788 4427 999 4480 παιδίον
1045 4420 1517 4489 εὐκαταφρόνητον
1544 4411 1635 4487 ἦν,
1666 4412 2026 4484 αἰχμάλωτον,
2059 4410 2120 4465 Εἰ
2153 4413 2262 4483 γὰρ

686 4536 778 4588 καὶ
803 4533 1078 4600 αἰδέσιμος
1108 4527 1196 4601 ἦν,
1237 4526 1352 4579 ἀλλ’
1388 4526 1415 4577 ὁ
1449 4522 1689 4582 κίνδυνος
1729 4520 1828 4572 οῦκ
1867 4517 1952 4571 εἴα
1985 4517 2261 4588 αἰδέσιμον

687 4635 847 4689 αὑτὸν
877 4633 1132 4702 φανῆναι.
1164 4629 1262 4682 Διὰ
1288 4627 1396 4698 γάρ
1433 4624 1587 4678 τοῦτο
1643 4620 1832 4682 εἰπὼν,
1882 4621 1965 4673 ὅτι
1999 4621 2262 4673 Ἔδωκεν

685 4739 872 4792 αὐτὸν
910 4740 996 4802 εἰς
1045 4737 1242 4796 ἕλεον,
1294 4732 1442 4798 λέγει
1487 4728 1558 4781 τὰ
1603 4729 1820 4798 ῥήματα
1861 4721 1956 4776 τοῦ
2007 4722 2260 4793 εὐνούχου

686 4845 779 4896 καὶ
810 4843 901 4895 τὸν
933 4841 1093 4893 πάλιν
1127 4850 1150 4876 ο
1197 4834 1379 4905 φόϐον.
1412 4831 1571 4896 Πῶς;
1605 4829 1717 4882 Οὐκ
1748 4823 1816 4898 ἦν
1844 4825 2086 4890 δυνατὸν,
2125 4826 2263 4880 ἀλλά

687 4944 1085 5012 κεκωλυμένον,
1131 4940 1178 4992 εἰ
1232 4937 1307 5008 μὴ
1343 4933 1546 4988 ἄνωθεν
1577 4932 1734 5001 χάρις
1761 4930 1938 4983 πάντα
1968 4927 2256 4999 ᾠκονόμει.

687 5048 792 5103 Καὶ
831 5045 958 5104 εἷπε
992 5043 1215 5110 Δανιὴλ
1246 5039 1394 5108 πρὸς
1423 5035 1767 5105 Ἀμελασὰρ,
1790 5033 1861 5086 δν
1888 5032 2262 5099 κατέστησεν

687 5157 719 5205 d
759 5148 1194 5219 ἀρχιευνοῦχος
1225 5145 1322 5197 ἐπὶ
1355 5137 1600 5206 Δανιὴλ,
1643 5136 1935 5198 Ἀνανίαν,
1973 5133 2255 5202 Ἀζαρίαν,

686 5255 779 5307 καὶ
814 5250 1092 5317 Μισαήλ·
1157 5247 1458 5313 lle/pauor
1504 5240 1580 5308 δὴ
1637 5236 1776 5303 τοὺς
1829 5235 2087 5300 δούλους
2143 5251 2259 5289 σου

748 5424 771 5450 ⁸
797 5419 898 5467 Hoc
917 5416 1118 5464 verbum
1164 5413 1409 5462 interdum
1451 5411 1650 5458 videtur
1672 5408 1934 5457 deductum
1957 5405 2016 5454 ab
2058 5406 2175 5461 ἅλις,
2212 5407 2260 5455 id

686 5478 996 5540 estaffulim.
1041 5490 1150 5538 qu:e
1191 5477 1322 5540 eui_m
1366 5477 1653 5540 suppletum.
1695 5469 2052 5540 despigiuqtur,
2100 5480 2259 5528 eoque

686 5529 912 5603 polluére
957 5529 1308 5603 q‘uphammodo
1351 5529 1700 5603 εδιῖεὶίιηοιιιιιε
1729 5529 2258 5603 ιιὶιεεεςδιεῃιῗε-ινέοοο

687 5588 810 5659 ἃλις,
835 5615 944 5660 quae
965 5588 1117 5649 ialem
1162 5604 1214 5644 et
1235 5591 1498 5660 convictum
1540 5593 1783 5660 signiﬁng
1821 5588 2260 5660 V‘ide‘ﬂpsychiium

686 5649 743 5713 ἕο
765 5649 978 5711 ἑῖιὶἱιοιη.
1009 5661 1117 5709 Pari
1136 5661 1321 5707 ralione
1345 5649 1916 5713 formalurbwaliceqﬁm
1938 5654 2042 5713 Ac}.
2070 5649 2114 5706 1,
2150 5652 2193 5713 ί.

746 5710 784 5762 δν
809 5722 1049 5770 Ἐκλῦσαι.
1082 5721 1226 5770 Γοι-ιε
1252 5715 1370 5766 nihil
1395 5721 1469 5762 est
1504 5712 1801 5759 mulandum.
1833 5711 1977 5757 Forte
1997 5710 2260 5769 legendum

685 5784 898 5838 ἑλκύσαι,
925 5786 1018 5831 Iovi
1043 5797 1095 5829 ac
1117 5795 1211 5828 non
1237 5780 1432 5828 inscita
1456 5776 1727 5824 litterarum
1754 5771 2073 5818 traductione.

745 5843 775 5875 (⁵
796 5843 927 5905 Lege
951 5843 1110 5892 πολύν.
1149 5845 1266 5892 Dan.
1304 5855 1335 5898 ι,
1361 5837 1432 5885 10.

1371 365 1430 420 S.
1470 359 1758 418 JOANNIS
1795 353 2282 415 CIIRYSOSTOMI
2320 353 2642 414 ARCHIEP.
2682 356 3229 417 CONSTANTINOP.

3846 380 3961 435 198

2374 471 2598 541 ἡμέρας
2645 474 2812 542 δέκα,
2853 477 2953 530 καὶ
2990 477 3265 532 δότωσαν
3300 479 3444 549 ἡμῖν
3472 479 3586 535 ἀπὸ
3619 478 3738 535 τῶν
3768 496 3953 554 σπερι

2367 575 2574 643 μάτων
2596 577 2707 647 τῆς
2745 579 2880 649 τῆς,
2911 581 3009 634 καί
3055 583 3358 652 φαγόμεθα
3386 584 3438 650 δ,
3463 585 3584 639 ’καὶ
3619 586 3773 654 ὕδωρ
3819 590 3955 642 πιό-

2364 682 2550 749 μεθα·
2615 681 2712 734 καί
2783 682 3142 749 ὀφθήτωσαν
3211 685 3468 740 ἐνώπιόν
3517 704 3633 742 σου
3689 692 3750 743 αἰ
3805 690 3958 744 ἰδέαι

2369 784 2558 852 ἡμῶν,
2593 784 2692 838 καί
2723 788 2782 839 al
2823 786 2970 840 ἰδέαι
2998 786 3118 842 τῶν
3139 789 3466 858 παιδαρίων
3484 790 3604 843 τῶν
3625 791 3958 846 ἐσθιόντων

2368 887 2484 955 τὴν
2537 889 2827 956 τράπεζαν
2867 891 2972 945 τοῦ
3023 892 3359 959 βασιλέως·
3406 893 3505 947 καί
3540 895 3622 962 ὡς
3650 896 3757 949 ἐὰν
3793 897 3952 964 ιδῃς,

2369 994 2634 1063 ποίησον
2667 995 2818 1064 μετὰ
2846 997 2965 1051 τῶν
3001 999 3232 1052 παίδων
3260 1015 3396 1053 σου.
3437 1001 3546 1054 Kal
3585 1001 3960 1066 εἰσήκουσεν

2367 1101 2573 1163 αὐτον,
2618 1101 2715 1154 καί
2763 1100 3083 1170 ἐπείρασεν
3109 1103 3328 1169 αὐτοὺς
3379 1104 3604 1171 ἡμέρας
3633 1103 3800 1159 δέκα.
3844 1107 3956 1160 Kal

2364 1208 2514 1273 μετά
2559 1205 2624 1260 τὸ
2673 1207 2850 1274 τέλος
2898 1209 3016 1262 τῶν
3055 1207 3200 1262 δέκα
3248 1207 3483 1277 ἡμερῶν
3531 1209 3853 1277 ὠρὰθησαν
3900 1216 3958 1266 al

2378 1307 2527 1364 ἰδέαι
2596 1311 2795 1364 αὐτῶν
2848 1313 3083 1381 ἀγαθαί,
3143 1315 3243 1367 καί
3299 1316 3468 1369 αὐτοί
3532 1315 3772 1385 ἰσχυροί
3828 1316 3958 1382 ταῖς

2369 1413 2590 1479 σαρξὶν
2613 1413 2765 1483 ὑπὲρ
2789 1416 2862 1468 τὰ
2889 1415 3165 1483 παιδάρια
3189 1417 3262 1470 τὰ
3291 1418 3577 1472 ἐσθίοντα
3603 1419 3718 1487 τὴν
3743 1420 3959 1488 τραπε-

2369 1516 2474 1578 ζαν
2495 1517 2602 1573 τοῦ
2627 1517 2956 1585 βασιλέως.
3000 1519 3176 1590 Πολλὴ
3202 1519 3356 1594 [205]
3390 1523 3422 1593 ὴ
3451 1523 3755 1594 παρρησία,
3800 1524 3961 1593 μεγί-

2370 1637 2469 1692 στη
2499 1623 2531 1692 ἡ
2571 1622 2873 1693 προθυμία,
2901 1622 3071 1694 πολλὴ
3110 1626 3143 1696 ἡ
3179 1624 3415 1689 σύνεσις,
3448 1626 3714 1696 μεγάληή
3745 1628 3955 1690 πίστις.

2370 1727 2666 1792 Πείρασον
2709 1728 2852 1793 τοὺς
2893 1727 3114 1795 παῖδας
3164 1744 3282 1783 σου
3328 1729 3552 1798 ἡμέρας
3607 1730 3775 1785 δέκα.
3821 1728 3957 1785 Εἶτα

2369 1830 2456 1883 ἶνα
2489 1831 2563 1900 μὴ
2604 1831 2830 1902 νομίσῃς
2856 1831 2954 1902 τῆς
2981 1821 3195 1902 φύσεως
3226 1835 3333 1889 τῶν
3367 1838 3697 1907 σπερμάτων
3723 1833 3865 1890 εἶναι
3895 1837 3958 1890 τὸ

2369 1934 2595 2006 φαιδρὸν
2628 1935 2722 1989 τοῦ
2775 1937 3090 2009 προσώπου,
3123 1939 3224 2011 ὅρα
3253 1940 3317 2012 δὴ
3347 1939 3493 2011 ὕδωρ
3525 1941 3586 1995 τὸ
3617 1943 3692 2014 μὴ
3729 1945 3956 2014 τρέφον.

2367 2039 2478 2092 Kal
2514 2040 2614 2110 οὐχ
2649 2041 2835 2105 ἁπλῶς
2886 2043 3143 2108 εὖπαθεῖς
3181 2045 3480 2116 ἐφάνησαν,
3523 2045 3662 2100 ἀλλά
3711 2047 3806 2100 καὶ
3845 2048 3956 2101 τῶν

2368 2143 2744 2198 ἀπολαυόντων
2765 2145 2863 2216 τῆς
2888 2146 3166 2219 τραπέζης
3193 2152 3292 2218 τῆς
3322 2149 3609 2220 βασιλικῆς
3632 2152 3961 2204 εὐιιταθέεικιτε⁸

2371 2266 2471 2320 ροι.
2499 2250 2622 2302 Ὀτι
2654 2250 2709 2303 δὲ
2751 2253 2890 2322 κρέα
2919 2254 3012 2306 καὶ
3052 2250 3192 2318 οἶνος
3225 2256 3442 2310 πάντων
3496 2257 3695 2327 μᾶλλον
3728 2258 3959 2328 τρέφειν

2366 2356 2545 2418 εἴωθε,
2589 2359 2749 2411 παντὶ
2777 2358 2934 2428 δῆλόν
2968 2361 3104 2414 ἐστι.
3139 2360 3283 2433 Ὅρα
3311 2363 3374 2415 ἐκ
3413 2363 3715 2433 προοιμίων
3750 2362 3958 2426 εὐθέως

2366 2458 2464 2529 τὴν
2488 2460 2827 2515 ἐπανθοῦσαν
2855 2463 3016 2534 χάριν
3051 2463 3116 2516 ὲκ
3141 2463 3236 2534 τῆς
3262 2466 3634 2536 προαιρέσεως
3671 2467 3780 2520 τῶν
3819 2467 3956 2520 παί-

2367 2563 2492 2631 δων,
2527 2563 2668 2638 [καὶ]
2717 2567 2783 2620 ἐκ
2839 2567 2939 2637 τῆς
2984 2567 3207 2640 χάριτος
3253 2569 3348 2622 τοῦ
3395 2569 3552 2623 Θεοῦ.
3593 2571 3656 2623 Ἥ
3714 2570 3813 2642 μὲν
3843 2572 3958 2641 γὰρ

2370 2669 2687 2740 προαίρεσις
2731 2671 2796 2724 ἐκ
2833 2671 2928 2726 τοῦ
2969 2673 3043 2744 μὴ
3101 2673 3348 2746 θελῆσαι,
3396 2677 3429 2747 ἡ
3477 2677 3534 2729 δὲ
3567 2677 3726 2746 χάρις
3756 2680 3820 2730 ὲκ
3856 2675 3957 2730 τοῦ

2365 2775 2678 2846 δυνηθῆναι.
2723 2777 2834 2831 Kal
2869 2778 3246 2846 ὀφθήτωσαν,
3297 2780 3451 2850 φησὶ,
3506 2780 3761 2834 ἐνώπιόν
3809 2797 3956 2836 σου.

2367 2881 2456 2933 Σοὶ
2485 2881 2584 2952 τὴν
2625 2882 2806 2954 κρίσιν
2833 2884 3219 2954 ἐπιτρέπομεν.
3262 2885 3456 2955 Κούφη
3485 2885 3542 2939 δὲ
3580 2887 3674 2940 καὶ
3704 2886 3961 2957 εὐμαρὴς

2363 2985 2396 3054 ὴ
2433 2985 2613 3056 χάρις·
2641 2984 2728 3038 διὰ
2755 2985 2865 3038 τῶν
2911 2988 3254 3056 πραγμάτων
3299 2988 3620 3060 πιστὼθητι.
3661 2988 3802 3058 Ἐγὼ
3848 2991 3958 3062 μὲν

2366 3088 2475 3162 γὰρ
2503 3085 2619 3143 οῖδα
2650 3089 2835 3160 σαφῶς
2853 3105 2868 3120 ·
2911 3090 3005 3144 καὶ
3034 3092 3139 3160 πρὸ
3167 3090 3259 3144 τοῦ
3286 3092 3471 3156 τέλους
3511 3094 3611 3146 οὐκ
3653 3095 3959 3162 ἀποφαίνοι

2370 3214 2490 3268 μαι,
2521 3195 2609 3249 διὰ
2645 3197 2724 3249 σέ.
2761 3197 2902 3268 Ὅρα
2938 3196 3052 3259 πῶς
3087 3197 3183 3250 καὶ
3219 3197 3345 3260 τοὺς
3372 3197 3590 3262 οἰκέτας
3631 3199 3960 3253 ἐπαίδευσεν

2368 3299 2592 3364 εὐθέως,
2624 3302 2718 3352 καὶ
2751 3300 3010 3366 ἐδίδαξεν,
3037 3302 3117 3354 ὅτι
3147 3299 3391 3370 φιλόθεός
3422 3303 3506 3366 τίς
3531 3303 3698 3356 ἐστιν.
3723 3303 3834 3356 Kal
3854 3304 3960 3374 οὐχ

2368 3400 2572 3466 ἁπλῶς,
2596 3402 2731 3456 Μεθ’
2766 3403 2943 3474 ἡμῶν,
2994 3405 3148 3474 φησὶ,
3183 3405 3428 3475 ποίησον.
3456 3404 3610 3469 ἀλλὰ,
3639 3405 3801 3459 Μετὰ
3834 3402 3962 3456 τῶν

2365 3505 2593 3558 παίδων
2621 3520 2759 3558 σου·
2795 3506 2890 3560 καὶ
2914 3507 3215 3578 ἀρχόμενος
3242 3507 3416 3572 οὕτως
3436 3509 3588 3577 ἔλεγε
3611 3526 3622 3538 ·
3651 3509 3963 3576 Πείρασον

2365 3610 2508 3676 τοὺς
2545 3609 2762 3677 παῖδάς
2797 3626 2934 3665 σου.
2969 3612 3044 3664 Οὐ
3085 3610 3430 3683 παρῃτοῦντο
3470 3612 3569 3677 τὰς
3603 3614 3961 3684 ἀνθρωπίνας

2365 3711 2552 3781 τιμὰς,
2597 3710 2725 3765 ἔνθα
2757 3713 2855 3781 τὴν
2890 3711 3172 3765 εὐσέϐειαν
3219 3712 3371 3766 οὐδὲν
3417 3712 3702 3775 ἔϐλαπτεν,
3747 3715 3960 3768 ἐπιδεί-

2367 3816 2576 3881 ξασθαι·
2605 3817 2726 3869 ἐπεὶ
2752 3816 2844 3869 καὶ
2861 3815 3071 3879 Παῦλος
3092 3815 3222 3869 αὐτὸ
3251 3819 3410 3872 ποιεῖ.
3445 3817 3763 3885 Ἀπολογίας
3786 3819 3958 3888 ἀρχό-

2368 3939 2547 3992 μενος,
2603 3921 2662 3986 έξ
2700 3920 2990 3991 ἐγκωμίων
3032 3919 3126 3974 τοῦ
3169 3921 3481 3985 δικάζοντος
3521 3923 3749 3993 ἄρχεται
3801 3923 3956 3976 οὕτω

2362 4024 2569 4093 λέγων·
2617 4023 2860 4093 Πολλῆς
2910 4022 3153 4093 εἰρήνης
3201 4025 3608 4094 τυγχάνοντες
3659 4025 3757 4078 διὰ
3794 4027 3955 4080 σοῦ·

2363 4129 2458 4183 καὶ
2480 4127 2772 4193 πολιτικοῖς
2805 4129 3072 4200 κέχρηται
3098 4131 3408 4200 πράγμασι.
3442 4131 3553 4185 Kal
3583 4133 3958 4203 προφητεύων

2364 4230 2420 4284 δὲ
2449 4232 2478 4284 6
2513 4229 2701 4284 Νάθαν
2746 4233 3043 4301 προσκυνεῖ
3069 4231 3159 4285 τὺν
3197 4231 3380 4300 Δαυτδ,
3410 4232 3505 4286 καὶ
3546 4235 3574 4287 6
3613 4233 3808 4287 Ἰακὼϐ
3861 4235 3960 4286 τὸν

2362 4329 2581 4400 Φαραὼ,
2630 4331 2722 4384 καὶ
2763 4333 2790 4382 6
2824 4331 3072 4401 ’Λϐραὰμ
3112 4332 3240 4396 τοὺς
3282 4334 3582 4397 συνοίκους.
3627 4333 3739 4387 Kal
3791 4329 3960 4398 οὗτος

2365 4435 2544 4498 αὐτὸς,
2578 4437 2682 4500 Είς
2710 4434 2818 4487 τὸν
2843 4434 3049 4498 αἰῶνα,
3073 4435 3229 4505 φησὶ,
3262 4436 3408 4504 ζῆθι.
3436 4435 3579 4506 Ὅρα
3609 4439 3760 4508 ῥῆμα
3787 4439 3961 4493 κολα-

2367 4539 2517 4602 κείας
2555 4538 2744 4609 γέμον.
2797 4537 2936 4590 Ἀλλ’
2966 4538 3066 4591 οὑκ
3091 4537 3158 4592 ἀν
3193 4541 3403 4609 εἴποιμι
3440 4538 3598 4592 τοῦτο
3627 4539 3956 4608 κολακείαν,

2365 4641 2500 4695 ἀλλά
2539 4641 2751 4694 σύνεσιν
2793 4642 2888 4693 καὶ
2930 4640 3142 4710 σοφίαν.
3184 4640 3340 4694 Οὕτω
3392 4643 3486 4694 καὶ
3524 4642 3735 4708 Παῦλός
3779 4663 3957 4716 φησιν

2378 4746 2474 4796 Ἐν
2500 4744 2687 4812 σοφίᾳ
2712 4742 3083 4811 περιπατεῖτε
3109 4742 3258 4811 πρὸς
3281 4743 3421 4811 τοὺς
3447 4745 3582 4810 ἔξω,
3609 4745 3715 4800 τὸν
3733 4751 3959 4816 καιηρεν

2361 4845 2863 4917 ἐξαγοραζόμενοι.
2917 4845 3073 4900 Οὕτω
3119 4848 3214 4900 καὶ
3252 4850 3281 4901 6
3336 4849 3571 4920 Χριστὸς
3623 4850 3953 4906 ἐδίδασκεν·

2376 4950 2656 5006 Ἀπόδοτε
2683 4950 2753 5003 τὰ
2778 4952 3078 5018 Καίσαρος
3120 4949 3391 5020 Καίσαρι,
3428 4952 3525 5005 καί
3555 4953 3627 5007 τὰ
3654 4954 3760 5008 τοῦ
3793 4958 3954 5010 Θεοῦ

2361 5051 2443 5118 τῷ
2471 5051 2612 5119 Θεῷ.
2644 5053 2708 5106 Τί
2740 5051 2860 5118 οὖνς
2896 5052 2964 5105 τὰ
2998 5051 3289 5123 σπέρματα
3325 5054 3495 5124 μιαρά
3542 5055 3640 5107 οὐκ
3691 5051 3791 5126 ἧν;
3842 5061 3957 5112 οὐ-

2361 5157 2567 5228 δαμῶς,
2599 5157 2717 5210 οὐδὲ
2741 5155 2801 5208 τὸ
2832 5156 2994 5226 ὕδωρ.
3023 5155 3135 5208 Kal
3165 5155 3325 5208 τοῦτο
3357 5157 3662 5211 διετέλεσαν
3688 5159 3781 5229 ἔτη
3815 5164 3956 5232 τρία

2364 5260 2658 5323 ποιοῦντες.
2695 5259 2802 5313 Καὶ
2827 5257 2976 5327 μετὰ
3007 5259 3074 5312 τὸ
3103 5259 3298 5325 τέλος,
3335 5259 3490 5330 φησὶ.
3534 5259 3653 5312 τῶν
3677 5261 3954 5330 ἡμερῶν,

2360 5360 2449 5420 ὧν
2485 5359 2654 5418 εἶπεν
2683 5366 2714 5417 ό
2754 5361 3078 5429 βασιλεὺς,
3127 5361 3467 5431 εἰσαγαγεῖν
3517 5364 3760 5431 αὐτοὺς,
3817 5371 3958 5424 εισ-

2361 5471 2587 5538 ήγαγεν
2613 5469 2834 5534 αὐτοὺς
2867 5471 2900 5521 ὁ
2928 5466 3357 5537 ἁρχιευνοῦχος
3386 5467 3536 5534 πρὸς
3557 5470 3959 5537 Ναϐουχοδοο

2361 5574 2567 5641 νόσορ.
2621 5573 2728 5626 Kal
2780 5574 2891 5640 οὐχ
2941 5572 3278 5639 εὑρέθησαν
3326 5571 3395 5623 ἐκ
3451 5570 3693 5624 πάντων
3740 5573 3958 5626 αὐτῶν

2362 5675 2551 5745 ὅμοιοι
2601 5674 2845 5743 Δανιὴλ,
2896 5676 2993 5729 καί
3047 5675 3310 5741 Ἀνανίᾳ,
3359 5674 3458 5727 καί
3511 5673 3782 5741 Μισαὴλ,
3849 5677 3959 5730 καί

2424 5825 2450 5865 ἀ
2475 5827 2626 5875 Srrib.
2660 5829 2924 5889 φαγώμεθα,
2952 5837 3002 5876 el
3025 5830 3254 5890 πιώμεθα.
3283 5827 3646 5884 Ιίινείσῆιιουσεν
3668 5827 3852 5876 αὐτῶν.
