4144 6308
167 359 282 414 197

164 473 361 541 peccati
398 472 647 541 voluptate
671 470 792 537 frui,
837 468 1050 537 majores
1080 466 1296 535 lEgypti
1330 466 1570 518 thesauris
1611 460 1737 513 divi—

164 566 267 616 tias
315 580 423 617 esse
469 574 607 616 ratus
647 561 829 616 Christi
871 560 1105 629 probrum
1145 556 1327 628 (Hebr.
1369 557 1454 610 11.
1494 554 1583 607 25.
1626 550 1737 621 26).

164 652 220 705 8.
273 651 338 704 Et
379 652 541 718 posuit
588 649 766 702 Daniel
806 650 857 702 in
903 648 1051 701 corde
1091 663 1202 704 suo.
1242 662 1303 698 ne
1348 642 1650 712 pollueretur
1688 640 1741 691 in

165 759 343 795 mensa
369 743 518 810 regis,
547 749 589 793 et
613 741 664 792 in
688 740 799 791 vino
819 738 880 789 de
912 746 1028 805 potu
1050 737 1176 804 ejus,
1208 744 1251 786 et
1285 734 1471 802 rogavit
1497 729 1740 801 prwposi-

168 845 279 884 tum
319 831 655 884 cunuchorum
694 845 755 881 ne
781 828 1220 880 contaminaretur.
1257 824 1309 877 9.
1356 822 1421 874 Et
1446 822 1579 873 dedit
1606 818 1741 871 Deus

172 922 440 975 Danielem
464 922 517 972 in
544 918 933 971 misericordiam
973 926 1018 968 et
1045 916 1097 967 in
1140 914 1503 965 miserationem
1528 911 1579 962 in
1615 926 1735 961 con-

166 1021 344 1079 spectu
376 1008 611 1077 principis
631 1008 991 1059 eunucltorum.
1020 1004 1209 1069 Aspice
1234 1002 1497 1054 Daniclem
1525 1014 1555 1052 a
1584 998 1735 1051 bonis

167 1099 425 1167 operibus
465 1098 713 1166 incipere.
749 1095 821 1149 Ita
869 1110 930 1149 ex
973 1108 1037 1147 eo
1082 1103 1319 1160 tempore
1361 1088 1590 1143 ostendit
1632 1101 1741 1139 ma-

165 1206 335 1259 gnum
384 1205 441 1243 se
470 1204 607 1253 esse,
638 1197 792 1257 atque
831 1186 1211 1239 admirabilem.
1256 1184 1429 1249 Quare
1472 1179 1738 1246 Scriptura

171 1281 529 1349 prmslantiori
570 1294 687 1333 eum
726 1278 939 1331 nomine
978 1274 1250 1346 (Daniclis)
1296 1271 1544 1339 appellat.
1574 1269 1739 1322 Porro

168 1372 223 1424 in
255 1371 448 1439 quibus
476 1376 696 1436 poterat,
727 1368 896 1435 legem
919 1365 1179 1419 servabat.
1207 1364 1332 1429 Quis
1354 1361 1508 1424 alius,
1533 1372 1732 1429 qumso,

169 1474 413 1513 mensam
461 1458 653 1527 regiam
705 1458 999 1511 censuisset
1045 1469 1161 1509 esse
1206 1451 1506 1522 piaculum?
1551 1451 1740 1519 Aspice

167 1550 443 1619 quomodo
486 1551 660 1604 statim
706 1548 771 1602 ab
812 1547 1029 1602 exordio
1074 1561 1224 1599 suum
1270 1559 1391 1613 erga
1429 1541 1736 1610 sapientiam

168 1658 411 1697 amorem
452 1641 793 1695 demonstret.
842 1638 908 1692 Et
948 1638 1153 1707 rogavit,
1193 1636 1376 1703 inquit,
1423 1632 1740 1702 prwpositum

166 1733 539 1792 cunuchorum,
580 1746 641 1783 ne
685 1728 1123 1783 contaminaretur.
1171 1722 1540 1777 Animadverte
1584 1736 1738 1789 quam

172 1837 279 1875 non
324 1821 394 1873 sit
428 1819 755 1872 ambitiosus.
798 1816 911 1870 Non
951 1814 1102 1880 dixit,
1137 1813 1375 1867 Animam
1417 1810 1542 1864 mihi
1571 1810 1739 1877 potius

174 1909 338 1964 adimi
374 1909 538 1976 patiar
569 1925 582 1960 :
611 1906 701 1960 sed
732 1907 953 1974 rogavit,
979 1912 1054 1968 ut,
1096 1905 1137 1955 si
1171 1903 1279 1955 lieri
1311 1908 1504 1969 posset,
1532 1898 1735 1951 lateret.

170 2002 343 2066 Quam
378 2000 444 2051 ob
469 2012 699 2062 causam,
730 1997 913 2063 inquit,
946 1995 1170 2047 honores
1208 1990 1507 2045 ambirent?
1542 1990 1609 2042 At
1635 2003 1737 2041 non

171 2092 250 2144 sic
273 2088 558 2154 Josephus,
601 2102 697 2140 nec
740 2086 963 2155 Moyses.
993 2083 1124 2150 Quid
1158 2082 1346 2148 igitur?
1384 2079 1575 2132 Illosne
1604 2088 1737 2128 con—

173 2178 584 2232 demnabimus?
616 2175 783 2228 Absit.
818 2172 1123 2227 Nescierunt
1153 2171 1290 2224 enim
1319 2168 1568 2237 quidnam
1612 2164 1739 2218 illud

172 2279 337 2323 caset.
370 2266 608 2319 Nondum
649 2264 905 2331 siquidem
946 2261 1211 2315 existebat
1241 2261 1323 2313 illa
1355 2274 1470 2328 quas
1498 2268 1679 2328 postea
1711 2273 1739 2309 a

173 2361 289 2428 lege
330 2370 411 2411 est
441 2358 673 2410 instituta
703 2356 940 2408 ciborum
973 2353 1282 2421 repudiatio.
1319 2352 1448 2405 Vide
1476 2351 1645 2418 ipsum
1690 2359 1742 2402 et

174 2458 490 2517 arguentem
549 2456 600 2500 et
653 2445 1130 2514 philosophantem,
1177 2452 1229 2496 et
1274 2443 1324 2494 in
1365 2440 1539 2509 parvis
1583 2440 1741 2491 rebus

174 2540 449 2603 Specimen
488 2536 756 2605 sapientia:
791 2550 901 2587 sua:
945 2532 1301 2587 exhibentem.
1343 2532 1515 2598 Atque
1564 2530 1612 2581 iul
1660 2537 1743 2581 est

173 2627 315 2695 quod
361 2625 603 2678 dicebant
644 2625 865 2692 apostoli
896 2622 971 2692 (a)
997 2640 1012 2675 :
1048 2620 1169 2674 "(20
1204 2619 1457 2687 oportebat
1488 2619 1628 2686 prius
1658 2617 1739 2683 {a-

172 2734 306 2779 cere,
356 2724 399 2767 et
442 2713 531 2766 ilia
571 2730 669 2765 non
715 2712 939 2765 omittere
968 2710 1111 2781 (Luc.
1150 2711 1237 2763 11.
1273 2707 1383 2777 4ί2).
1417 2708 1539 2760 Ilaec
1567 2716 1740 2759 autem

178 2806 363 2861 Daniel
408 2806 645 2867 faciebat,
698 2818 799 2857 non
848 2803 985 2871 quod
1027 2801 1179 2855 idolis
1227 2799 1519 2853 sacrificata
1565 2806 1744 2851 essent

173 2913 295 2966 qua:
345 2894 759 2963 apponebantur,
804 2892 896 2946 sed
939 2890 1077 2959 quod
1116 2907 1144 2942 a
1191 2890 1302 2958 lege
1349 2897 1526 2942 essent
1566 2886 1744 2956 prohi-

175 2989 287 3041 bita
330 2988 429 3053 (lt).
458 2984 732 3050 Qumnodo
761 2984 915 3051 igitur
945 2980 1303 3035 cunuchorum
1345 2980 1595 3046 magistro
1626 2993 1741 3045 per-

174 3076 386 3131 Suasit?
432 3075 658 3128 Adverle
708 3082 762 3126 ut
808 3073 984 3125 statim
1013 3072 1103 3124 tibi
1144 3071 1308 3123 solvat
1340 3069 1739 3122 dubitationem.

177 3167 351 3229 Dedit,
399 3165 583 3233 inquit,
636 3162 768 3215 Deus
814 3161 1069 3214 Danielem
1096 3161 1148 3212 in
1187 3159 1575 3212 misericordiam
1604 3165 1648 3209 et
1690 3158 1742 3211 in

176 3257 543 3309 miserationem
579 3256 632 3306 in
669 3263 930 3323 conspectu
957 3252 1195 3321 principis
1221 3251 1581 3303 cunuchorum.
1612 3249 1741 3301 Illud

176 3349 344 3399 etiam
372 3344 600 3412 .Iosepho
639 3343 827 3396 accidit
858 3360 870 3393 :
902 3344 951 3394 in
980 3341 1208 3410 Egypto
1237 3355 1447 3409 quoque
1482 3338 1742 3407 .Iosephus

177 3435 597 3492 misericordiam
650 3442 1004 3503 consequutus
1045 3442 1144 3494 est,
1198 3442 1249 3485 et
1291 3432 1509 3501 gratiam
1546 3430 1745 3483 invenit

175 3527 321 3595 apud
360 3540 644 3592 coquorum
671 3524 972 3592 prtefectum
1000 3539 1013 3573 :
1039 3538 1196 3591 porro
1235 3523 1442 3589 utrique
1483 3522 1645 3584 servi,
1692 3528 1743 3573 et

180 3619 236 3669 in
264 3616 537 3668 barbarico
571 3614 686 3667 solo
710 3613 990 3682 degebant.
1019 3612 1180 3665 Erant
1212 3627 1339 3664 sane
1369 3609 1523 3664 verba
1552 3611 1743 3663 Danie-

180 3708 253 3760 Iis
292 3706 476 3759 idonea
527 3704 593 3758 ad
645 3703 1015 3758 exsolvendam
1056 3704 1153 3771 (vel
1182 3698 1569 3771 attrahendam)
1614 3700 1743 3753 iram

181 3798 348 3865 regis.
374 3795 505 3862 Quid
533 3794 648 3847 ais?
676 3794 870 3847 domini
902 3807 1133 3845 mensam
1161 3790 1535 3845 exsecrabilem
1564 3792 1741 3857 appel—

181 3887 302 3940 las?
329 3901 461 3939 anile
509 3885 686 3953 purior
717 3884 868 3937 nobis
922 3892 974 3935 tu
1022 3881 1345 3950 apparuisti?
1391 3895 1565 3933 nonne
1608 3879 1743 3933 nosti

184 3980 308 4032 ideo
339 3992 431 4030 vos
456 3977 682 4044 linguam
725 3990 787 4028 ac
821 3974 1001 4027 literas
1025 3972 1391 4026 Chaldaeorum
1422 3970 1644 4034 discere,
1690 3980 1746 4023 ut

182 4070 251 4123 ad
282 4081 516 4122 noSIrum
558 4067 795 4121 ordinem
840 4065 1155 4119 transcatis?
1184 4064 1333 4118 Unde
1373 4078 1499 4117 vero
1532 4064 1746 4116 omnino

183 4159 463 4212 etiituchus
485 4158 626 4209 illum
655 4157 911 4209 reveritus
939 4156 1053 4208 est?
1082 4155 1217 4208 Puer
1245 4163 1357 4206 erat
1380 4154 1747 4222 contemptibi-

185 4249 253 4301 lis
280 4261 346 4299 ac
382 4244 639 4315 captivus.
666 4244 794 4298 Nam
823 4245 921 4298 etsi
948 4242 1265 4297 reverendus
1288 4242 1489 4309 fuisset,
1532 4251 1586 4295 at
1612 4241 1750 4310 peri-

185 4339 365 4392 culum
389 4351 489 4388 non
516 4335 720 4388 sinebat
739 4334 906 4403 ipsum
933 4332 1283 4386 venerabilem
1313 4332 1498 4384 videri.
1532 4331 1594 4384 Et
1624 4347 1749 4398 pro-

187 4437 310 4497 pter
341 4427 439 4479 hoc
467 4434 737 4493 postquam
767 4423 898 4477 dixit
919 4440 931 4476 :
951 4422 1101 4476 Dedit
1121 4437 1229 4475 eum
1260 4422 1312 4473 in
1338 4420 1745 4482 misericordiam,

193 4515 377 4569 subdit
422 4515 576 4567 verba
621 4512 868 4575 eunuchi,
922 4521 976 4566 et
1020 4512 1239 4564 multum
1288 4512 1528 4563 timorem
1587 4510 1746 4562 illius.

189 4603 513 4673 Quomodo?
550 4602 604 4655 Id
648 4602 970 4671 impossibile
996 4601 1178 4654 fuisset
1220 4610 1376 4667 atque
1406 4600 1747 4669 prohibitum,

192 4698 293 4751 nisi
338 4694 564 4749 caelestis
592 4695 754 4762 gratia
786 4694 959 4746 omnia
1000 4692 1377 4760 diSpensasset.
1418 4694 1501 4746 11.
1533 4691 1596 4744 Et
1625 4694 1751 4744 dixit

198 4786 380 4839 Daniel
406 4784 472 4835 ad
497 4783 851 4849 Amelasarem,
885 4799 1027 4853 quem
1053 4784 1369 4835 constituerat
1408 4785 1638 4852 magister
1676 4800 1754 4837 eu-

257 4913 333 4972 (a)
365 4911 467 4960 lmo
490 4911 667 4973 Domini
694 4918 767 4959 est
784 4911 909 4959 iStud
932 4910 1191 4959 oraculum.
1218 4912 1304 4960 Sed
1330 4911 1579 4973 aliquando
1597 4913 1755 4962 Eccle-

192 4970 279 5023 size
304 4974 571 5033 magistros,
589 4970 698 5017 dum
720 4972 797 5018 vel
817 4973 974 5019 minus
992 4985 1099 5020 cum
1113 4985 1225 5020 cura
1246 4970 1473 5030 scribunt,
1497 4973 1577 5021 vel
1594 4974 1755 5022 calore

194 5032 399 5083 dicendi
427 5032 741 5091 abripiuntur,
782 5034 1014 5080 memoria
1056 5033 1289 5081 destituit.
1337 5036 1407 5081 sic
1439 5033 1559 5081 infra
1582 5035 1755 5083 eodem

198 5098 288 5143 hoc
316 5099 475 5152 capite
499 5090 643 5139 verba
666 5090 881 5144 Tertulli.
908 5091 1012 5152 Act.
1036 5092 1115 5149 24,
1139 5093 1185 5149 3,
1211 5092 1350 5140 Paulo
1374 5094 1709 5145 attribuuntur.

262 5155 336 5213 (b)
371 5151 469 5201 Non
494 5158 652 5199 tamen
679 5151 1002 5216 improbabilis
1039 5160 1114 5216 est
1152 5154 1437 5216 Theodoreti
1461 5154 1757 5216 aliorumque

197 5216 463 5265 sententia.
490 5220 616 5273 Lege
637 5212 837 5260 Judithze
863 5212 938 5267 i2,
962 5212 1009 5267 2,
1036 5213 1112 5269 19,
1156 5215 1362 5261 Estherze
1388 5214 1462 5270 Ii,
1488 5216 1563 5262 17.
1591 5212 1757 5263 Οτοὶιὶ-

202 5275 354 5323 Jerim
372 5274 693 5336 sanatissimos
708 5273 915 5336 juvenes
930 5273 1167 5336 tribusde
1190 5275 1344 5336 causis
1365 5276 1472 5323 cibo
1494 5277 1630 5336 regio
1652 5276 1762 5322 abs-

203 5336 438 5383 tinuisse:
467 5341 566 5381 tum
583 5334 642 5380 ob
665 5331 931 5381 solemnem
972 5331 1266 5380 ethnicorum
1306 5335 1352 5380 in
1387 5331 1575 5382 inensis'
1587 5348 1760 5383 snper-

202 5397 478 5453 stitionem;
520 5401 620 5441 tum
663 5392 787 5453 quod
834 5391 1053 5454 plerique
1104 5394 1458 5454 Babyloniorum
1508 5397 1601 5443 cibi
1648 5391 1761 5454 lege

203 5455 400 5504 Ilusaica
418 5454 559 5515 vetiti
603 5462 797 5512 essent;
821 5462 919 5500 tum
944 5453 1173 5513 denique,
1194 5453 1301 5513 Quia
1321 5454 1521 5515 jejunio,
1547 5463 1597 5503 et
1619 5453 1764 5503 absti-

206 5518 366 5564 nentia
385 5514 448 5561 ab
470 5515 703 5568 animatis,
720 5520 871 5561 Deum
889 5514 1148 5573 promereri
1169 5517 1463 5573 attagenam.
1483 5522 1532 5563 Et
1552 5516 1641 5562 hoc.
1654 5515 1765 5563 ulti-

202 5590 330 5625 mum
354 5571 1199 5637 cotiﬁrniant_.tosephusAntiq.‘Jud_.
1226 5571 1307 5637 liti.
1332 5576 1403 5627 10.
1433 5588 1535 5637 cap.
1564 5578 1637 5630 II,
1660 5576 1762 5623 ori-

204 5649 360 5698 genes
381 5636 410 5683 7
435 5641 597 5683 contra
622 5632 830 5699 pelsnin,
856 5639 908 5680 et
926 5632 1106 5699 _Homil.
1130 5634 1158 5680 4
1180 5634 1226 5680 in
1267 5632 1502 5685 diversos'
1521 5644 1542 5666 ν
1585 5645 1765 5699 "Ngo-

207 5692 303 5747 ?ius
321 5704 443 5758 Papa
466 5692 667 5755 Epistula
690 5695 747 5741 ad
770 5694 1077 5743 ’t'heotistam.

1547 350 1609 404 IN
1650 346 2010 404 DANIELEM.

3294 368 3404 423 198

1854 464 2125 515 nucharum
2155 482 2302 532 super
2325 464 2600 527 Danielem,
2633 465 2895 521 Anartium.
2930 464 3182 531 Azariam,
3226 476 3271 519 et
3304 467 3411 521 Mi-

1849 554 2027 607 saelem
2051 570 2068 607 .·
2101 555 2183 608 I2.
2209 555 2384 618 Tenta,
2412 556 2628 619 obsecro,
2658 571 2818 607 servos
2841 567 2947 608 tuos
2969 573 3055 624 per
3082 558 3185 610 dies
3203 557 3409 621 decem;

1850 655 1897 696 et
1933 644 2049 696 dent
2095 647 2232 698 nobis
2278 645 2339 698 de
2385 646 2649 697 seminibus
2690 655 2852 710 terraz,
2899 656 2943 698 et
2990 647 3323 711 comedamus,
3364 657 3409 700 et

1848 750 2027 801 aquam
2062 735 2281 787 bibamus
2308 750 2323 787 :
2350 735 2431 789 15.
2461 744 2504 786 et
2531 745 2803 803 appareant
2833 751 2997 786 coram
3024 744 3069 788 te
3110 737 3270 789 vultus
3314 753 3405 789 no.

1847 826 1957 889 stri,
1991 837 2035 876 et
2064 826 2226 877 cultus
2254 841 2518 892 puerorum
2544 825 2628 892 qui
2655 824 2918 877 comedunt
2957 840 2984 876 e
3028 841 3198 878 mensa
3237 827 3368 894 regis
3390 842 3409 879 :

1849 925 1893 969 et
1931 919 2057 970 sicut
2102 917 2301 981 videris,
2324 916 2479 981 facito
2521 932 2634 968 cum
2674 917 2839 981 pueris
2880 918 2995 969 tuis.
3029 916 3115 969 M.
3148 916 3215 968 Et
3250 932 3410 971 exau-

1848 1006 1966 1059 divit
2021 1023 2161 1067 eunt,
2213 1016 2259 1059 et
2301 1007 2505 1058 tentavit
2555 1022 2637 1059 eos
2688 1022 2774 1072 per
2820 1006 2923 1059 dies
2964 1007 3150 1059 decem.
3202 1008 3288 1061 15.
3344 1008 3409 1061 Et

1849 1106 1957 1164 post
1987 1097 2134 1163 ﬁnem
2165 1097 2329 1148 decem
2368 1097 2559 1148 dierum
2590 1095 2681 1148 visi
2722 1105 2837 1148 sunt
2875 1095 3035 1148 vultus
3068 1112 3235 1149 eorum
3268 1095 3404 1161 boni,

1848 1195 1895 1238 et
1934 1186 2029 1253 ipsi
2054 1201 2259 1253 corpore
2300 1186 2602 1253 piuguiores,
2631 1200 2778 1253 quam
2807 1185 2947 1254 pueri
2975 1186 3055 1254 qui
3091 1186 3409 1239 eomedebant

1849 1278 1909 1327 de
1934 1292 2101 1328 mensa
2125 1276 2271 1343 regis.
2306 1275 2485 1342 Magna
2514 1274 2747 1338 libertas,
2782 1276 3005 1329 maxima
3038 1276 3197 1329 animi
3220 1278 3407 1331 alacri-

1850 1374 1946 1429 tas,
1976 1364 2136 1417 multa
2170 1363 2465 1432 prudentia,
2502 1363 2682 1432 ingens
2720 1362 2869 1417 fides.
2902 1362 3057 1416 Tento
3095 1381 3273 1433 pueros
3299 1375 3407 1418 tuos

1847 1471 1934 1525 per
1960 1454 2063 1507 dies
2093 1454 2278 1507 decent.
2319 1453 2518 1507 Deinde
2560 1461 2617 1505 ut
2658 1467 2724 1506 ne
2766 1455 3033 1508 existimes
3085 1469 3114 1508 a
3148 1456 3404 1509 seminum

1848 1553 2031 1596 natura
2074 1542 2202 1595 oriri
2245 1542 2393 1595 faciei
2440 1542 2779 1605 hilaritatem,
2828 1543 3032 1611 respice
3078 1560 3287 1613 quoque
3339 1545 3405 1599 ad

1844 1648 2054 1701 aquam,
2080 1647 2198 1700 quae
2228 1633 2445 1685 minime
2471 1632 2651 1685 nutrit.
2684 1632 2749 1684 Et
2776 1647 2878 1684 non
2921 1633 3077 1685 modo
3109 1634 3243 1687 bona
3282 1650 3407 1689 cor-

1847 1723 1989 1790 poris
2032 1721 2338 1775 habitudine
2376 1721 2578 1789 prtediti
2612 1731 2999 1789 apparuerunt,
3048 1722 3138 1776 sed
3168 1734 3221 1775 et
3247 1740 3403 1793 vege-

1846 1812 2006 1865 tiores
2046 1812 2107 1865 iis
2134 1812 2221 1879 qui
2268 1812 2409 1880 regia
2450 1826 2629 1865 mensa
2656 1810 2987 1865 fruebantur.
3031 1811 3179 1877 Quod
3228 1824 3404 1867 autem

1844 1915 2029 1955 carnes
2047 1910 2100 1954 et
2117 1902 2293 1954 vinum
2314 1901 2478 1968 magis
2502 1902 2732 1954 nutriant
2749 1916 2902 1968 quam
2925 1912 3111 1954 caetera
3134 1901 3405 1966 alimenta,

1847 1991 2126 2059 unicuique
2160 2000 2241 2044 est
2267 1988 2622 2043 manifestum.
2651 1989 2821 2043 Cerne
2851 1999 2903 2043 ut
2947 1993 3123 2043 statim
3167 1991 3231 2044 ab
3263 1991 3410 2045 initio

1844 2080 2009 2148 gratia
2040 2094 2103 2133 ex
2134 2079 2402 2133 voluntate
2429 2093 2713 2147 puerorum
2733 2088 2785 2132 et
2811 2095 2871 2133 ex
2905 2079 3046 2133 dono
3074 2081 3164 2134 Dei
3194 2080 3407 2135 efﬂore-

1846 2179 1976 2224 scat.
2014 2170 2265 2224 Voluntas
2282 2170 2537 2239 siquidem
2569 2178 2667 2234 est,
2699 2170 2836 2239 quod
2869 2171 3131 2224 noluerint
3164 2189 3177 2224 :
3211 2171 3406 2227 donum

1847 2279 1993 2327 vero,
2026 2263 2165 2333 quod
2195 2264 2480 2330 potuerint.
2512 2261 2576 2314 Et
2601 2272 2895 2330 appareant.
2930 2263 3115 2330 inquit,
3144 2278 3309 2314 caram
3340 2274 3407 2316 te.

1849 2353 2109 2407 Jndicium
2133 2353 2223 2406 tibi
2264 2352 2634 2419 permittimus.
2676 2351 2834 2404 Levis
2859 2360 3033 2404 autem
3063 2361 3113 2403 et
3146 2351 3308 2404 facilis
3328 2361 3409 2405 est

1845 2444 2010 2512 gratia
2049 2458 2205 2511 quam
2258 2442 2635 2509 petimuszres
2684 2441 2775 2492 tibi
2826 2442 2979 2493 fidem
3028 2440 3240 2493 faciant.
3297 2443 3408 2510 Ego

1848 2534 2043 2601 quippe
2080 2542 2324 2586 eventmn
2368 2532 2640 2599 perspicue
2672 2532 2789 2582 novi
2820 2548 2832 2583 :
2865 2540 2918 2583 at
2949 2544 3161 2599 propter
3200 2542 3250 2586 te
3279 2533 3408 2586 nihil

1847 2633 1969 2677 ante
2014 2625 2170 2677 linem
2214 2621 2439 2674 affirmo.
2486 2620 2657 2675 Cerne
2692 2621 2955 2689 quomodo
2984 2624 3141 2676 etiam
3180 2624 3404 2679 famulos

1847 2716 2024 2767 statim
2051 2712 2324 2777 erudierit,
2357 2727 2417 2765 ac
2456 2712 2693 2765 docuerit
2731 2726 2789 2765 se
2834 2727 2953 2766 esse
2985 2713 3074 2767 Dei
3121 2725 3406 2768 amantem.

1847 2804 1916 2858 Et
1952 2819 2055 2857 non
2104 2801 2414 2871 simpliciter
2436 2801 2584 2865 dicit,
2617 2801 2793 2855 Facito
2824 2801 3115 2864 nobiscum,
3161 2803 3273 2867 sed,
3309 2803 3413 2856 Ii'a-

1848 2896 1944 2946 cito
1982 2910 2092 2946 cum
2142 2894 2304 2962 pueris
2347 2893 2443 2944 tuis
2468 2907 2487 2945 :
2515 2894 2693 2961 sicque
2732 2906 2958 2946 ex0rsus
3000 2895 3171 2947 aiebat
3206 2913 3217 2946 :
3255 2894 3409 2949 Tcnta

1847 3001 2023 3053 pueros
2048 2994 2177 3035 tuos.
2210 2982 2322 3035 Non
2369 2983 2682 3035 recusabant
2711 2982 2969 3036 humanos
3000 2983 3227 3038 honores
3256 2987 3408 3039 exhi-

1851 3077 1994 3139 bere,
2025 3075 2111 3127 ubi
2141 3074 2268 3127 nihil
2294 3084 2434 3127 esset
2459 3074 2595 3142 quod
2622 3075 2866 3141 pietatem
2891 3074 3105 3129 lzcdcret
3132 3095 3143 3129 :
3169 3079 3407 3146 quando-

1848 3166 2058 3235 quidem
2089 3175 2141 3218 et
2167 3164 2359 3218 Paulus
2387 3164 2521 3216 idem
2552 3165 2692 3217 facit.
2718 3164 2844 3217 Nam
2870 3165 3119 3220 inchoans
3146 3168 3409 3221 defensio-

1851 3272 1971 3309 nem
2019 3271 2188 3317 suatn,
2227 3270 2253 3307 a
2296 3254 2749 3322 Iaudibusjudicis
2789 3254 2987 3324 incipit,
3038 3258 3104 3309 ita
3152 3258 3407 3327 loquens:

1848 3346 1914 3401 In
1941 3346 2096 3399 multa
2125 3362 2246 3415 pace
2264 3356 2462 3415 agentes
2488 3354 2635 3413 perte
2663 3344 2794 3411 (Act.
2818 3345 2905 3398 2i.
2933 3345 3010 3415 2).
3038 3346 3175 3399 Idem
3200 3359 3409 3415 aposto-

1848 3440 1928 3493 lus
1967 3437 2122 3491 rebus
2164 3437 2402 3491 civilibus
2431 3450 2556 3489 usus
2586 3446 2684 3488 est.
2715 3435 2919 3489 Nathan
2945 3452 3154 3505 quoque
3181 3441 3409 3506 prophe-

1849 3538 1965 3583 tans
2003 3529 2186 3581 adorat
2227 3526 2508 3591 Davidem;
2548 3525 2773 3579 Iacobus
2807 3527 3045 3580 similiter
3084 3527 3406 3583 Pharaonem

1848 3617 2052 3681 adorat,
2076 3625 2127 3669 et
2153 3614 2481 3669 Abrabatnus
2508 3614 2926 3668 contubernales.
2960 3616 3136 3668 Daniel
3160 3616 3405 3686 denique,

1849 3707 1914 3760 de
1935 3722 2036 3775 quo
2056 3720 2195 3761 nunc
2221 3720 2395 3759 sermo
2422 3714 2521 3766 est,
2551 3704 2655 3772 regi
2678 3703 2831 3756 dicit:
2851 3702 2913 3756 In
2944 3713 3180 3758 teter-num
3205 3707 3310 3759 vive
3330 3708 3405 3777 (a)

1850 3796 2010 3866 (Dan.
2044 3797 2095 3849 6.
2125 3793 2237 3863 2i).
2287 3794 2659 3848 Animadverte
2698 3794 2914 3846 verbum
2959 3794 3273 3848 adulationis
3297 3798 3406 3863 ple-

1852 3904 1997 3941 num.
2030 3889 2097 3940 At
2134 3902 2231 3956 ego
2262 3902 2366 3938 non
2408 3885 2457 3937 id
2501 3884 2722 3937 dixerim
2754 3883 3126 3944 adulationem,
3159 3886 3249 3938 sed
3283 3902 3407 3953 pru-

1852 3979 2079 4032 dentiam
2110 3988 2158 4030 et
2187 3976 2513 4044 sapientiam.
2545 3974 2616 4028 Ita
2646 3982 2698 4027 et
2720 3974 2909 4027 Paulus
2936 3975 3004 4027 ait
3032 3993 3041 4027 :
3074 3974 3137 4027 In
3165 3978 3409 4045 sapientia

1852 4069 2099 4120 ambulate
2124 4068 2190 4119 ad
2213 4083 2294 4119 eos
2321 4067 2405 4136 qui
2434 4066 2556 4135 foris
2591 4074 2724 4128 sunt,
2755 4075 2946 4133 tempus
2971 4068 3264 4121 redimentes
3288 4070 3409 4139 (Co-

1853 4157 1973 4209 loss.
2005 4158 2057 4209 4.
2088 4155 2162 4226 5).
2209 4155 2279 4208 Ita
2321 4156 2477 4209 etiam
2524 4155 2766 4208 Christus
2805 4154 2981 4208 docuit
3013 4172 3025 4206 :
3060 4154 3273 4209 Reddite
3302 4173 3414 4226 qua

1852 4258 1965 4299 sunt
2000 4245 2210 4300 Cwsaris
2239 4243 2444 4309 Caesari,
2486 4254 2529 4297 et
2572 4259 2681 4313 quae
2717 4252 2831 4295 sunt
2864 4243 2956 4295 Dei
3008 4243 3113 4297 Deo
3143 4245 3286 4313 (Luc.
3321 4247 3405 4300 10.

1852 4337 1964 4407 25).
1996 4335 2130 4403 Quid
2163 4336 2349 4405 igitur?
2394 4336 2593 4388 semina
2639 4334 2900 4386 innnunda
2948 4350 3049 4387 non
3082 4337 3264 4388 erant?
3311 4336 3408 4389 lili-

1854 4433 1993 4483 nimc
2022 4446 2035 4482 :
2063 4428 2155 4481 sed
2188 4443 2284 4481 nec
2313 4442 2464 4494 aqua.
2494 4425 2557 4479 Et
2586 4425 2685 4478 hoc
2709 4440 2801 4493 per
2823 4436 2927 4479 tres
2954 4441 3119 4481 annos
3150 4430 3407 4483 fecerunt.

1856 4523 1940 4577 18.
1979 4522 2039 4574 Et
2065 4520 2337 4587 completis,
2366 4518 2549 4585 inquit,
2576 4517 2765 4578 diebus,
2801 4527 2907 4585 post
2934 4534 3055 4580 quos
3078 4519 3270 4572 dixerat
3296 4537 3404 4582 rex,

1854 4623 1907 4665 ut
1946 4610 2272 4663 introduceret
2300 4609 2454 4675 ipsos,
2493 4607 2887 4659 archieunuchus
2914 4608 3191 4661 introduxit
3232 4626 3312 4662 eos
3344 4614 3409 4662 ad

1858 4700 2417 4754 Nabuchodonosorent.
2450 4698 2531 4751 l9.
2568 4697 2632 4749 Et
2674 4715 2770 4750 non
2799 4700 2980 4752 inventi
3016 4710 3214 4754 suntex
3248 4706 3405 4755 omni-

1923 4856 2009 4915 (a),
2026 4853 2081 4901 In
2099 4859 2276 4915 Graeco,
2304 4864 2362 4907 εις
2384 4863 2445 4899 τὸν
2475 4864 2583 4899 ulti-au
2607 4861 2703 4915 ζήρι.
2729 4853 2914 4899 Grotius
2940 4854 3280 4912 interpretatur
3305 4870 3316 4904 :
3345 4859 3387 4905 vi

1858 4912 1938 4965 vas
1962 4912 2060 4963 diu.
2088 4912 2235 4959 Malim
2255 4919 2412 4959 tamen
2431 4924 2536 4959 cum
2554 4920 2597 4973 δ.
2617 4914 2900 4973 Hieronymo
2920 4926 3165 4971 exponere
3183 4915 3245 4962 de
3269 4932 3292 4961 ξι
3312 4925 3384 4964 ιιιιι

1860 4979 2027 5039 nitate.
2055 4973 2106 5021 Id
2133 4974 2258 5019 enim
2286 4974 2516 5039 exigebat
2558 4972 2667 5019 olim
2692 4972 2803 5039 qttte
2834 4985 2890 5019 se
2924 4972 3014 5019 diis
3037 4986 3219 5039 aequam
3243 4979 3384 5039 exim.

1860 5037 2017 5085 manat
2038 5042 2248 5100 potestas
2272 5046 2282 5079 :
2306 5035 2565 5100 eaqtippe
2602 5035 2779 5100 est,_.ait
2808 5039 3097 5100 neSeverus,
3120 5035 3316 5100 stultitia
3341 5053 3375 5083 θ.
3456 5052 3459 5055 ’

1859 5110 1971 5160 gum
1989 5092 2211 5160 onmium,
2236 5100 2282 5160 ut
2301 5093 2389 5160 sibi
2408 5092 2568 5141 divina
2586 5092 2835 5160 rindicent.
2860 5094 3049 5160 Barucbi
3076 5094 3120 5150 t,
3150 5096 3197 5160 ll
3230 5110 3241 5143 :
3271 5104 3347 5145 Ou
3371 5110 3383 5144 ε

1860 5151 1949 5219 pro
1970 5156 2061 5219 vita
2086 5153 2501 5219 a'abuchodonospr
2525 5151 2649 5212 regis
2680 5153 2946 5219 Babylonis,
2978 5162 3022 5201 et
3040 5168 3126 5219 pro
3142 5156 3233 5204 vita
3257 5158 3402 5205 Itala.-

1862 5213 1941 5267 sar
1965 5214 2051 5279 ﬁlii
2076 5215 2197 5279 ejus,
2220 5220 2268 5262 ut
2296 5214 2510 5279 sintdies
2540 5226 2702 5262 eorum
2724 5213 2842 5279 sicut
2877 5213 2978 5263 dies
3011 5213 3118 5263 ctuti
3153 5230 3292 5277 super
3316 5226 3409 5265 ter-

1864 5273 1983 5325 ram.
2010 5285 2105 5334 Quo
2139 5278 2281 5323 etiam
2320 5273 2410 5321 loci
2446 5281 2656 5337 mentem
2699 5275 2945 5337 Scriptura:
2982 5289 3074 5322 non
3106 5273 3411 5337 assequuntur

1865 5338 2010 5385 fuisse
2028 5337 2233 5383 Grotium
2266 5342 2393 5395 puto.
2428 5336 2662 5395 Superbas
2705 5347 2857 5395 voces
2887 5335 3128 5383 Immi!itas
3151 5335 3411 5385 Christiana

1897 5396 2086 5445 aulatim
2111 5393 2405 5453 compressit,
2430 5393 2788 5454 modestiusque
2830 5394 3080 5444 Catholicis
3116 5396 3413 5456 Imperatori.

1866 5412 1956 5507 Pius
1979 5455 2283 5505 acclamatum
2308 5456 2351 5501 in
2378 5453 2595 5503 Conciliis
2620 5468 2631 5501 :
2661 5453 2823 5504 Multos
2862 5470 3020 5504 uarios.
3083 5469 3211 5504 nmos
3239 5456 3409 5505 Darid.

1902 5471 1956 5505 us
1979 5455 2283 5505 acclamatum
2308 5456 2351 5501 in
2378 5453 2595 5503 Conciliis
2620 5468 2631 5501 :
2661 5453 2823 5504 Multos
2862 5470 3020 5504 uarios.
3083 5453 3211 5504 Minos
3239 5456 3409 5505 Darid.

1868 5518 2034 5568 Multas
2052 5529 2194 5564 annos
2218 5522 2483 5575 ceteraeque
2523 5513 2765 5575 memoria,
2803 5523 2894 5564 etc.
2932 5518 3010 5564 Itis
3046 5516 3107 5563 de
3132 5518 3279 5565 rebus
3299 5516 3413 5573 lege

1869 5576 2073 5648 (Eoneilia
2093 5576 2350 5648 generalia.
2363 5574 2549 5648 passim,
2568 5574 2826 5648 .Epi'stolalm
2848 5576 3151 5648 S..Atbanasii
3174 5578 3235 5625 de
3251 5591 3411 5648 "syno-

1868 5639 1944 5686 dis
1965 5635 2161 5685 Arimini
2196 5641 2246 5683 et
2279 5635 2526 5693 seleuciae,
2566 5635 2714 5692 initio,
2761 5637 3059 5683 Ammiauum
3100 5635 3411 5689 Marcellinum

1871 5699 2004 5747 initio
2030 5696 2135 5745 libri
2164 5697 2235 5754 Ii},
2259 5697 2579 5757 Symmachum
2601 5696 2841 5745 ltelatione
2859 5695 3087 5745 adversus
3108 5696 3416 5763 Christianos,
