4144 6308
743 463 829 516 bus
849 458 951 516 iiiis
971 457 1164 514 similes
1194 459 1412 521 Danieli,
1443 468 1489 511 et
1521 456 1749 520 Ananite,
1777 466 1823 508 et
1855 453 2072 518 Misaeli,
2101 462 2146 506 et
2167 451 2300 504 Aza-

742 555 850 606 riae.
892 553 980 608 20.
1027 551 1093 608 Et
1120 559 1360 606 steterunt
1401 553 1455 604 in
1490 557 1755 616 conspectu
1794 545 1958 616 regis;
1997 554 2044 597 et
2076 544 2129 596 in
2163 542 2299 596 omni

740 642 887 697 uerbo
922 641 1180 708 sapientia
1201 656 1263 694 ac
1295 639 1534 694 scientia.
1560 636 1694 707 quod
1719 636 1997 690 sciscitatus
2039 644 2109 688 est
2144 633 2206 687 ab
2229 634 2301 688 eis

741 747 852 795 rex,
891 731 1074 785 invenit
1092 747 1176 785 eos
1195 729 1404 799 decuplo
1434 728 1801 798 praestantiora
1824 726 2047 780 omnibus
2071 725 2297 779 incanta-

743 821 933 874 taribus
956 829 1004 874 et
1032 820 1213 890 magis,
1239 820 1323 890 qui
1359 828 1500 872 erant
1536 817 1589 870 in
1615 817 1842 869 universo
1883 830 2036 885 regno
2074 815 2200 883 ejus.
2235 812 2299 866 Et

747 918 859 976 post
886 909 1034 976 finem
1058 907 1273 973 diei-unt,
1302 907 1488 976 inquit,
1519 905 1610 960 visi
1633 912 1748 958 sunt
1767 901 1931 957 vultus
1955 917 2124 956 eorum
2150 901 2298 956 boni:

741 1008 796 1054 et
818 998 1205 1069 pulchritudine
1223 1013 1286 1053 ac
1309 998 1444 1054 bona
1465 997 1702 1066 corporis
1727 992 2034 1048 habitudine
2060 991 2296 1064 profece-

737 1096 878 1143 rant.
908 1087 1101 1158 Aspice
1139 1103 1226 1142 res
1253 1101 1371 1156 quae
1406 1093 1599 1158 praeter
1639 1092 1880 1140 naturam
1929 1091 2054 1139 sunt
2081 1099 2094 1137 :
2119 1081 2296 1150 aspice

737 1177 920 1233 mundi
943 1176 1195 1249 Opificem
1216 1177 1302 1247 qui
1327 1175 1612 1232 efﬁcaciam
1643 1188 1791 1229 suam
1820 1172 2075 1242 adaperit.
2099 1171 2298 1238 Quem»

737 1268 1020 1325 admodum
1057 1269 1201 1324 enim
1224 1268 1376 1324 fictor
1408 1265 1635 1321 maxime
1658 1264 1920 1319 videbitur
1959 1264 2022 1328 is,
2064 1262 2154 1332 qui
2190 1277 2294 1316 non

740 1360 897 1415 modo
933 1374 1010 1415 ais
1048 1358 1281 1414 conflare
1317 1372 1380 1412 ac
1406 1357 1739 1412 conformare
1763 1353 1976 1419 valebit,
2005 1352 2097 1408 sed
2125 1360 2179 1407 et
2207 1352 2296 1406 illo

740 1464 847 1505 non
888 1450 1067 1505 minus
1108 1450 1154 1504 is
1178 1447 1267 1518 qui
1287 1448 1396 1518 jam
1423 1446 1613 1502 factam
1646 1454 1870 1501 statuam
1909 1443 2102 1514 poterit
2125 1441 2295 1498 corri-

738 1553 903 1609 gere:
925 1539 1064 1594 idem
1093 1553 1302 1608 quoque
1330 1537 1384 1591 in
1427 1537 1536 1591 Deo
1581 1544 1636 1590 et
1668 1535 1845 1605 pueris
1881 1533 1984 1588 illis
2026 1533 2299 1603 agnoverit

742 1631 1023 1700 quispiam.
1047 1629 1180 1686 Nam
1200 1643 1421 1700 corpora
1443 1636 1557 1698 post
1582 1626 1736 1682 talem
1763 1625 2063 1680 alimoniam
2089 1624 2295 1695 pinguia

741 1721 1072 1790 praestitisse,
1104 1735 1208 1775 non
1251 1720 1425 1775 minus
1450 1717 1713 1774 facultatis
1754 1715 2022 1773 creatricis
2049 1714 2296 1770 indicium

736 1819 873 1878 erat,
900 1826 1058 1881 quam
1085 1810 1352 1865 hominem
1376 1824 1408 1864 e
1445 1817 1582 1864 terra
1609 1807 1882 1862 formasse.
1918 1805 2067 1862 Unde
2103 1806 2297 1861 nitidus

738 1900 927 1955 color?
953 1899 1094 1955 unde
1119 1899 1217 1955 tios
1258 1914 1322 1954 ac
1345 1899 1506 1953 decor
1533 1897 1788 1966 fulgorem
1834 1896 2117 1952 emittensf
2158 1894 2298 1951 unde

738 1987 931 2043 robur?
953 1988 1130 2042 Nostis
1166 1987 1304 2042 enim
1334 2001 1482 2057 aqua;
1520 1994 1648 2055 potu
1688 1993 1741 2042 et
1769 1985 2027 2040 seminum
2067 1998 2160 2039 esu
2203 1983 2299 2038 de-

736 2078 869 2132 strui
902 2077 1140 2147 corporis
1182 2077 1341 2132 vires.
1385 2075 1518 2131 Nam
1561 2089 1628 2129 ne
1673 2088 1862 2145 panem
1899 2072 2110 2143 quidem
2151 2086 2298 2126 com.

736 2166 896 2222 edere
922 2165 1232 2221 sustinebat.
1267 2165 1380 2221 Non
1406 2175 1487 2220 est
1510 2173 1686 2219 autem
1717 2176 1872 2232 parva
1893 2161 2137 2216 distantia
2159 2162 2296 2216 inter

738 2255 1056 2310 frumentum
1102 2255 1375 2310 subactum
1421 2268 1483 2308 ac
1522 2251 1839 2317 confectum,
1887 2260 1942 2306 et
1975 2249 2293 2306 frumentum

737 2344 985 2399 infectum
1022 2359 1083 2400 ac
1107 2359 1212 2399 non
1242 2352 1610 2414 prasparatum.
1637 2341 1752 2397 Non
1794 2341 1934 2396 enim
1959 2356 2022 2395 cx
2059 2342 2172 2395 solo
2199 2357 2294 2396 esu

735 2436 896 2490 robur
937 2437 1122 2500 oritur,
1168 2435 1263 2490 sed
1309 2436 1467 2491 etiam
1519 2449 1585 2490 ex
1635 2433 1876 2488 coctione
1917 2433 2157 2488 ciborum
2203 2436 2292 2502 qui

737 2524 1157 2590 manducantur;
1183 2533 1239 2580 at
1278 2524 1480 2580 semina
1526 2524 1783 2593 concoqui
1819 2533 2012 2592 praeter
2051 2533 2289 2578 naturam

735 2623 836 2668 est.
861 2615 1089 2671 Adverte
1125 2614 1241 2670 haec
1267 2615 1415 2684 signa
1453 2628 1557 2668 non
1588 2628 1652 2668 ex
1680 2613 1966 2667 ambitione
2003 2615 2288 2682 petentium

736 2703 937 2758 initium
975 2718 1205 2770 sumere,
1232 2704 1326 2762 sed
1368 2718 1400 2757 a
1444 2703 1743 2758 necessario
1769 2717 1866 2756 usu
1895 2717 2106 2756 causam
2131 2713 2290 2774 atque

734 2794 1064 2849 occasionem
1094 2793 1306 2848 habere.
1349 2793 1463 2847 Non
1492 2793 1632 2847 enim
1677 2792 1917 2846 absolute
1943 2807 2006 2846 ac
2046 2792 2186 2846 nulla
2229 2809 2290 2848 re

732 2885 935 2953 objecta
974 2885 1174 2940 insiluit
1198 2884 1250 2938 in
1277 2885 1716 2953 experimentum,
1748 2883 1839 2937 sed
1879 2883 2191 2937 necessitate
2228 2882 2290 2936 il-

732 2977 839 3032 lum
871 2977 936 3032 ad
967 2976 1068 3032 hoc
1100 2984 1344 3030 vocante.
1374 2974 1553 3044 itaque
1572 2973 1750 3042 procul
1779 2973 1844 3026 ab
1869 2973 2151 3027 ambitione
2174 2981 2288 3027 erat

729 3066 936 3121 animus
979 3080 1279 3136 puerorum.
1328 3065 1655 3133 Quamquam
1703 3064 1820 3133 quis
1857 3072 1999 3117 tanta
2039 3063 2286 3134 praeditus

733 3158 855 3223 fide,
885 3167 937 3213 et
963 3159 1102 3214 inter
1127 3158 1378 3213 barbaros
1402 3157 1620 3228 degens,
1650 3170 1756 3210 non
1786 3156 2036 3224 cupiisset
2058 3155 2286 3210 dominis

729 3255 995 3302 ostentare
1038 3245 1130 3302 Dei
1169 3261 1290 3316 erga
1333 3261 1392 3300 se
1431 3243 1892 3300 benevolentiam?
1935 3247 2002 3298 At
2031 3260 2135 3298 non
2179 3245 2286 3299 isti.

732 3335 954 3404 Respice
979 3345 1033 3390 et
1071 3335 1135 3390 ad
1165 3335 1627 3404 reprehensionem
1669 3350 1876 3398 senum,
1905 3344 1962 3388 ut
1989 3335 2148 3388 etiam
2174 3335 2286 3406 ipsa

728 3441 794 3484 ex
825 3426 1134 3482 necessitate
1160 3428 1476 3497 provenerit.

1355 3555 1576 3612 CAPUT
1605 3556 1668 3610 il.

800 3684 853 3738 1.
880 3683 944 3737 In
968 3701 1101 3737 anno
1126 3685 1341 3737 secundo
1366 3686 1506 3754 regni
1549 3684 2062 3740 Nabttcltodouosoris
2083 3727 2099 3754 ,
2148 3703 2284 3740 som—

735 3775 889 3828 niavit
914 3773 1376 3828 Nabuchodonosor
1397 3776 1667 3840 somnium,
1714 3784 1758 3827 et
1796 3777 2047 3844 obstupuit
2075 3779 2284 3844 spiritus

733 3865 862 3933 ejus,
890 3873 934 3916 et
961 3880 1167 3917 somnus
1199 3864 1308 3933 ejus
1331 3863 1453 3916 abiit
1486 3864 1549 3916 ab
1576 3879 1652 3917 eo.
1677 3862 1745 3917 At
1783 3864 1879 3917 iste
1902 3878 2069 3918 annus
2091 3864 2288 3919 duode-

730 3953 899 4007 cimus
918 3963 1000 4008 est
1026 3950 1123 4023 (a).
1147 3953 1278 4008 Nam
1307 3953 1352 4008 si
1376 3968 1482 4008 tres
1506 3952 1630 4007 anni
1668 3968 1696 4005 a
1727 3962 1877 4022 capta
1909 3953 2038 4007 urbe
2064 3963 2282 4023 prater-

730 4081 1062 4142 ttierouymum
1094 4078 1154 4128 ad
1176 4079 1339 4129 ereh.
1372 4080 1451 4138 28,
1475 4081 1521 4142 2,
1545 4081 1895 4129 'rheodoretnm
1918 4081 1973 4129 ad
1998 4089 2108 4134 Dan.
2133 4082 2181 4130 5.
2209 4083 2282 4141 10,

731 4149 785 4203 et
803 4141 858 4197 6,
882 4141 972 4200 21,
1007 4148 1300 4203 Symeonem
1322 4141 1793 4203 Thessalonicensem
1821 4143 1895 4203 de
1921 4143 2069 4190 sacris
2095 4143 2282 4192 ordina-

732 4202 940 4309 tiolt‘tétihus
958 4200 1062 4264 cap.
1089 4201 1166 4261 10,
1192 4201 1404 4264 denique
1446 4209 1657 4249 nostrum
1678 4202 1803 4250 hunc
1826 4200 1944 4249 infra
1966 4204 2021 4250 ad
2045 4212 2186 4266 caput
2207 4217 2285 4253 se-

732 4273 790 4309 cu
857 4276 953 4309 um.

731 4273 953 4310 cuneum.

794 4323 866 4383 (ᾳ)
898 4322 1149 4370 Plurimum
1169 4334 1196 4371 a
1221 4322 1425 4371 veritate
1446 4321 1672 4370 aberrant
1692 4335 1813 4383 quos
1837 4321 1914 4370 hic
1927 4327 2100 4383 noster
2122 4331 2284 4373 aucto-

732 4381 815 4430 res
836 4382 996 4431 habet.
1022 4386 1220 4444 Primum
1238 4383 1363 4444 enim
1376 4381 1755 4444 deportationem
1780 4381 1982 4431 lianielis
1999 4397 2090 4432 non
2116 4396 2285 4431 nume-

731 4450 838 4492 rant
853 4444 914 4491 ab
935 4455 1061 4504 anno
1082 4443 1226 4493 tertio
1246 4441 1521 4500 desinente,
1549 4451 1599 4490 et
1632 4451 1801 4504 quarto
1845 4446 2045 4492 ineunte
2075 4447 2284 4501 Joacitni,

730 4516 821 4552 seu
843 4503 1307 4552 Nabuchodonosoris
1328 4504 1496 4564 primo,
1520 4511 1574 4552 ut
1594 4503 1893 4564 ootnputatur
1928 4511 2042 4551 nan.
2061 4505 2106 4562 1,
2132 4507 2178 4562 1,
2202 4512 2283 4553 Je-

731 4576 852 4612 rem.
877 4564 958 4621 25,
982 4564 1007 4612 1
1048 4577 1060 4612 :
1093 4564 1179 4613 sed
1203 4566 1248 4626 in
1274 4576 1334 4612 ea
1357 4571 1571 4626 tempora
1594 4564 1860 4623 conferunt,
1892 4565 2065 4626 quibus
2109 4567 2284 4614 lterum

734 4631 868 4688 capta
890 4632 1002 4674 sunt
1023 4623 1357 4688 Hierosolyma,
1385 4623 1571 4688 nempe
1581 4625 1672 4688 sub
1698 4623 1941 4673 Jeehonia.
1969 4626 2148 4673 Deinde
2170 4627 2284 4674 dum

734 4637 868 4732 caua
890 4637 1002 4674 sunt
1023 4637 1357 4688 ruerosmyma,
1385 4637 1559 4686 nempe
1582 4637 1672 4672 sun
1698 4637 1941 4673 Jeenoma.
1969 4637 2148 4673 Deinde
2170 4637 2284 4674 dum

734 4696 790 4732 ttr
814 4745 822 4748 _
857 4698 902 4732 m
924 4697 1047 4734 anno
1062 4698 1186 4748 nono
1207 4692 1389 4748 captam
1407 4697 1527 4748 esse
1545 4685 1762 4748 dicunt,a
1783 4697 1915 4734 sacra
1937 4688 2170 4747 Scriptura
2187 4689 2284 4735 dis-

732 4745 934 4808 cedtt'nt,
953 4757 1061 4806 quae
1094 4747 1141 4794 id
1178 4745 1301 4794 anno
1344 4745 1806 4808 Nabuchodonosoris
1849 4745 2282 4808 partim—septimo,

793 4759 934 4804 attat,
953 4759 1061 4806 quae
1094 4759 1141 4794 tu
1178 4759 1301 4794 anno
1345 4759 1806 4795 nanucuouonosorts
1848 4759 2018 4854 ggrttm
2060 4759 2282 4808 septimo,

793 4807 903 4854 rtim
924 4814 1091 4869 octavo
1113 4808 1534 4869 contigisserelert
1551 4813 1728 4869 Jerem.
1747 4807 1821 4869 δὲ,
1911 4845 1923 4864 ,
1949 4807 1979 4854 4
2003 4814 2113 4869 ueg.
2132 4807 2286 4867 24,12

757 4867 1082 4928 nequeenim
1121 4867 1225 4915 haec
1245 4865 1339 4928 duo
1365 4865 1484 4923 loca,
1537 4867 1662 4928 quod
1687 4868 1929 4916 existimat
1951 4865 2179 4928 usserius.
2197 4865 2286 4918 se-

751 4927 972 4990 ungenda
997 4939 1105 4990 esse
1120 4927 1361 4990 arbitror).
1387 4927 1567 4990 Itorum’
1577 4939 1791 4990 errorum
1815 4927 2036 4990 exempla
2060 4929 2107 4978 in
2130 4929 2285 4977 Theo-

730 4987 900 5035 dorew
923 4987 1203 5050 Praefatione
1222 4989 1269 5035 in
1293 4987 1688 5050 t-Z'zechielemkin
1716 4995 1873 5037 Graeca
1899 4987 2163 5050 temporum
2185 4992 2288 5050 Epi-

735 5054 883 5120 tome,
897 5061 1037 5120 quam
1054 5049 1288 5120 Josephuus
1308 5049 1516 5120 scaliger
1533 5049 1589 5120 ad
1607 5047 1834 5120 Chronica
1857 5047 2042 5120 Eusebii
2059 5047 2281 5120 attexuit,

731 5114 780 5169 et
806 5109 853 5154 in
892 5108 1106 5169 ejusdem
1137 5108 1362 5169 sealigerl
1391 5108 1893 5169 animaduersionibus.
1929 5117 2163 5159 Praeterea
2195 5118 2286 5158 He-

734 5168 890 5214 braeos
915 5163 1083 5216 eadem
1119 5177 1228 5230 nota
1249 5163 1506 5230 designare
1543 5167 1708 5216 solitos
1736 5182 1985 5216 numertun
2005 5171 2284 5230 seetmdum,

736 5234 786 5275 et
827 5240 1078 5276 numerum
1111 5229 1188 5284 12,
1223 5235 1303 5277 aut
1324 5229 1477 5284 fallor,
1502 5237 1584 5276 aut
1622 5241 1788 5278 verum
1822 5242 1915 5278 non
1941 5237 2015 5290 est
2040 5244 2050 5276 :
2072 5229 2287 5290 quamvis

735 5290 833 5335 tieri
860 5291 1068 5348 potuerit
1090 5297 1142 5337 ut
1175 5295 1234 5340 ιη
1268 5298 1530 5338 mutaretur
1555 5293 1600 5337 in
1635 5297 1692 5351 τι,
1710 5290 1869 5338 deleta
1893 5289 2161 5339 autdctrita
2180 5291 2288 5339 lite-

731 5355 831 5403 rula
857 5360 893 5406 ν.
921 5359 1136 5420 Denique
1152 5357 1215 5406 de
1235 5360 1577 5418 exscriptorum
1603 5365 1761 5407 errato
1779 5359 2058 5406 incredibile
2082 5359 2194 5406 mihi
2215 5359 2282 5419 fit,

732 5429 840 5463 cum
866 5426 916 5467 et
944 5425 1109 5468 textus
1128 5420 1386 5467 Hebraicus
1409 5426 1458 5467 et
1495 5433 1662 5467 omnes
1701 5421 1946 5467 versiones
1968 5423 2282 5468 consentiant.

732 5480 908 5526 Nemini
945 5491 1062 5540 ergo
1096 5480 1308 5540 dubium
1333 5491 1443 5527 esse
1483 5487 1638 5540 potest
1678 5481 2286 5529 Nabuchodonosoremhoc

729 5541 962 5600 somnium
985 5539 1108 5600 anno
1134 5539 1346 5589 secundo
1367 5539 1509 5600 regni
1529 5541 1601 5587 sui
1641 5541 1813 5588 vidisse
1838 5555 1848 5588 :
1878 5553 1970 5587 non
1995 5540 2186 5599 quidem
2213 5541 2285 5600 (ut

730 5598 1030 5648 Theodoreto
1054 5598 1228 5661 placet)
1253 5598 1463 5661 secunda
1485 5599 1610 5647 illius
1631 5603 1770 5660 regni
1795 5614 1888 5661 quo
1911 5598 2023 5647 cum
2040 5608 2174 5661 patre
2198 5598 2284 5648 im-

731 5661 933 5718 peravit,
958 5659 1144 5720 necfut
1166 5659 1305 5710 vetus
1328 5659 1542 5709 schoiion
1566 5659 1746 5722 habet)
1767 5659 1892 5708 illius
1918 5659 2053 5721 quod
2068 5669 2171 5722 post
2196 5675 2283 5709 ex-

731 5719 1305 5780 pugnationemcivitatis
1340 5734 1394 5770 ac
1431 5719 1594 5782 templi
1639 5719 2043 5780 obtinueritpsed
2068 5719 2284 5771 secundo

1461 344 1518 400 S.
1557 341 1830 400 JOAN‘NIS
1852 337 2316 396 CllRYSOS'i‘OHI
2354 337 2669 400 ARCIIIEP.
2705 340 3233 399 CONSTAN’I’INOP.

3865 355 3972 410 200

2405 452 2598 520 ierant,
2625 460 2681 508 et
2709 453 2792 507 illa
2820 467 2961 508 anno
2987 466 3129 508 nono
3154 461 3448 526 expugnata
3487 452 3583 510 fuit
3613 471 3625 508 :
3655 457 3756 513 iste
3793 471 3963 515 annus

2401 541 2749 596 duodecimus
2795 552 2894 597 est.
2936 542 3161 610 Quidam
3199 543 3379 598 dicunt
3427 545 3612 601 eadem
3661 557 3784 602 nota
3825 551 3964 618 apud

2403 630 2653 684 Hebraeos
2677 630 2818 686 hunc
2845 639 2901 686 et
2934 631 3084 685 illum
3112 646 3389 687 numerum
3431 637 3662 690 exarari.
3701 635 3964 694 Fortassis

2399 720 2557 773 etiam
2588 728 2819 774 erratum
2845 728 2925 774 est
2950 719 3330 790 exscriptorum
3361 743 3374 778 :
3405 724 3490 778 vel
3512 724 3746 780 secundo
3778 741 3962 781 revera

2399 822 2540 861 anno
2568 805 2715 876 pueri
2744 809 2962 865 exhibiti
3000 818 3144 864 sunt.
3197 809 3304 865 Sed
3352 811 3452 865 hoc
3484 815 3724 870 ultimum
3754 818 3964 873 ratione

2399 906 2564 951 caret.
2607 896 2867 952 Caeterum
2905 912 2992 953 res
3019 899 3211 955 accidit
3236 900 3520 957 difﬁcilior.
3559 904 3806 970 Quasnam
3833 922 3962 961 vero

2401 986 2486 1039 illa
2531 987 2653 1040 est?
2685 986 2928 1043 Nescisse
2967 1003 3145 1058 regem
3185 989 3451 1059 quodnam
3506 991 3658 1048 fuerit
3693 997 3959 1052 somnium

2398 1090 2573 1130 suum.
2604 1077 2670 1131 Et
2692 1077 2794 1132 hoc
2813 1077 3154 1147 providenter
3177 1081 3418 1150 contigit.
3449 1081 3554 1137 Nisi
3585 1083 3724 1139 enim
3757 1085 3808 1140 id
3838 1101 3962 1142 eve-

2400 1167 2587 1230 nisset,
2611 1182 2718 1221 non
2747 1168 3082 1237 apparuisset
3119 1169 3349 1226 Danielis
3394 1173 3670 1241 sapientia.
3708 1174 3962 1234 Videmus

2396 1257 2537 1312 enim
2563 1258 2703 1327 quod
2731 1258 2844 1329 ipse
2885 1266 3103 1313 vocatus
3140 1259 3344 1323 fuisset,
3374 1270 3428 1318 et
3455 1261 3508 1317 id
3544 1264 3682 1336 quod
3721 1265 3958 1323 futurum

2397 1356 2512 1403 erat
2536 1348 2790 1413 dixisset;
2821 1348 3084 1406 dixissent
3118 1349 3278 1405 etiam
3307 1349 3560 1408 Chaldaei.
3605 1353 3802 1411 Verum
3833 1373 3959 1416 cum

2400 1447 2621 1492 eventus
2650 1451 2882 1508 prmsens
2920 1453 3026 1492 non
3059 1446 3235 1504 esset,
3266 1440 3385 1508 quis
3433 1455 3621 1508 verax,
3651 1445 3769 1512 quis
3806 1461 3961 1503 men-

2397 1528 2502 1584 dax
2554 1529 2786 1584 creditus
2823 1528 3051 1584 fuisset?
3102 1530 3169 1585 Et
3219 1529 3320 1586 hoc
3376 1547 3473 1602 per
3523 1534 3620 1587 alia
3655 1538 3962 1594 examinare

2396 1627 2627 1688 oportet.
2657 1618 2830 1693 Ipsum
2869 1627 3045 1674 autem
3071 1620 3331 1674 somnium
3359 1621 3412 1676 in
3443 1624 3670 1678 medium
3700 1627 3963 1694 produca~

2398 1715 2523 1761 tur:
2554 1707 2695 1762 dicat
2744 1707 2928 1763 Daniel
2975 1722 3093 1779 qua
3122 1710 3431 1778 respondit;
3475 1716 3737 1769 contraria
3778 1716 3962 1775 dicant

2395 1796 2649 1852 Chaldaei.
2674 1797 2826 1853 Unde
2852 1798 3186 1854 manifestum
3218 1799 3307 1857 fiet
3337 1801 3602 1857 Danielem
3631 1806 3714 1860 vel
3741 1809 3960 1864 mentiri

2394 1887 2477 1940 vel
2505 1900 2628 1940 vera
2654 1886 2835 1942 dicere
2859 1887 2884 1941 ‘l
2923 1886 3039 1941 iam
3068 1887 3230 1957 igitur
3255 1889 3616 1959 probationem
3640 1895 3747 1949 dat.
3788 1900 3863 1952 At
3906 1900 3960 1954 in

2395 1974 2629 2044 Josepho
2650 1991 2734 2032 res
2757 1991 2824 2031 eo
2857 1977 3016 2032 modo
3046 1989 3260 2047 peracta
3288 1994 3394 2034 non
3423 1990 3523 2048 est,
3552 1983 3647 2037 sed
3687 1988 3959 2043 somnium

2399 2067 2632 2123 narravit
2661 2067 2866 2123 Pharao
2892 2086 2906 2122 :
2953 2084 3117 2138 prope
3144 2071 3286 2124 enim
3334 2080 3447 2126 erat
3474 2083 3677 2143 tempus
3701 2086 3955 2132 eventus.

2393 2157 2756 2212 Admiratione
2778 2168 2954 2213 autem
2983 2159 3200 2229 dignum
3227 2168 3330 2226 est,
3349 2161 3615 2230 quomodo
3637 2163 3688 2218 in
3718 2163 3959 2237 Egypto

2396 2249 2594 2317 lingere
2617 2248 2815 2317 aliquid
2854 2249 3122 2304 noluerint
3152 2251 3416 2318 sapientes
3434 2251 3958 2321 .Egyptiorum,cum

2394 2338 2595 2392 nullum
2636 2340 2758 2394 inde
2802 2341 3094 2408 periculum
3122 2342 3248 2395 oriri
3275 2343 3544 2411 potuisset,
3573 2345 3664 2400 sed
3691 2345 3818 2401 fassi
3847 2347 3960 2403 sint

2392 2441 2452 2482 se
2481 2427 2701 2483 haerere.
2735 2429 2884 2496 Quod
2928 2431 2971 2485 si
3011 2431 3217 2485 somnia
3260 2431 3548 2500 dijudicare
3589 2435 3832 2490 nesciant
3855 2477 3874 2500 ,
3903 2437 3957 2491 in

2391 2533 2493 2587 qua
2524 2533 2581 2573 re
2601 2520 2702 2574 aiia
2732 2520 2834 2576 illis
2859 2522 3183 2576 credendum
3213 2524 3332 2578 est?
3356 2525 3601 2592 Alioquin
3632 2535 3809 2582 autem
3843 2529 3958 2584 illic

2391 2625 2494 2664 non
2519 2611 2798 2680 oportebat
2837 2611 2888 2666 id
2915 2612 3028 2666 fieri
3060 2627 3076 2664 :
3107 2623 3162 2668 at
3203 2615 3252 2670 in
3291 2617 3562 2684 praphetia
3594 2618 3811 2689 Josephi
3840 2637 3959 2675 ma-

2389 2701 2580 2756 nifesto
2617 2702 2804 2755 factum
2836 2710 2939 2768 est,
2968 2710 3023 2757 et
3050 2703 3281 2759 maxime
3319 2705 3369 2758 in
3396 2707 3669 2763 eunuchis.
3710 2709 3954 2764 Observa

2390 2800 2566 2843 autem
2602 2790 2742 2858 quod
2771 2790 3002 2844 Chaldaei
3033 2806 3139 2844 non
3189 2803 3447 2851 vocarunt
3495 2795 3808 2863 Danielem;
3859 2802 3956 2853 sed

2390 2880 2692 2935 maluerunt
2717 2882 2851 2935 mori
2876 2922 2891 2946 ,
2919 2897 3077 2950 quam
3109 2883 3254 2935 illum
3283 2899 3529 2938 sermone
3559 2889 3833 2941 hominum
3867 2905 3958 2942 ce-

2387 2969 2646 3025 lebratum
2696 2972 2911 3025 intueri.
2959 2971 3220 3041 Numquid
3271 2973 3389 3027 ideo
3435 2981 3632 3029 tantum
3684 2979 3957 3034 somnium

2387 3063 2554 3118 visum
2598 3061 2800 3129 fuerat,
2842 3071 2898 3116 ut
2944 3063 3127 3117 Daniel
3169 3064 3561 3132 suspicaretur?
3605 3066 3656 3120 Id
3698 3071 3955 3136 equidem

2388 3168 2491 3208 non
2537 3153 2782 3207 dixerim.
2838 3152 3162 3222 Quamquam
3207 3154 3330 3208 licet
3377 3169 3437 3208 ea
3477 3154 3745 3212 dumtaxat
3786 3174 3955 3215 causa

2389 3241 2609 3307 fuisset,
2641 3257 2886 3311 magnum
2931 3252 3075 3296 certe
3116 3249 3170 3296 et
3212 3242 3519 3298 admirabile
3555 3254 3692 3299 esset
3717 3245 3953 3313 facinus,

2389 3340 2582 3385 tantam
2614 3332 2708 3386 Dei
2747 3332 3064 3400 agnitionem
3105 3334 3411 3402 contigisse.
3448 3334 3515 3388 At
3543 3350 3645 3389 non
3679 3336 3794 3391 hare
3837 3341 3955 3393 sola

2387 3421 2520 3475 ratio
2548 3421 2661 3474 fuit.
2687 3420 2936 3486 Quaenam
2962 3421 3120 3489 igitur
3137 3421 3281 3474 alia?
3309 3421 3374 3475 Ut
3396 3431 3449 3476 et
3465 3421 3958 3482 Nabuchodonosor

2387 3510 2676 3564 modestius
2717 3510 2783 3564 de
2812 3525 2870 3565 se
2899 3512 3150 3576 sentiret,
3181 3511 3397 3565 edoctus
3427 3527 3528 3566 non
3556 3528 3763 3580 semper
3793 3530 3957 3571 suum

2384 3617 2547 3671 genus
2565 3601 2954 3655 dominaturum
2985 3600 3060 3673 (si
3089 3603 3230 3656 enim
3259 3603 3418 3657 etiam
3448 3614 3563 3673 post
3591 3604 3675 3657 illa
3699 3621 3822 3674 qua:
3853 3608 3955 3677 ipsi

2384 3692 2522 3746 dicta
2551 3700 2693 3755 sunt,
2719 3690 2843 3744 nihil
2867 3688 3029 3744 fastus
3054 3691 3278 3755 remisit,
3303 3690 3466 3744 multo
3489 3693 3652 3761 magis
3679 3694 3722 3746 si
3747 3708 3814 3748 ea
3855 3697 3957 3765 ipsi

2385 3783 2524 3837 dicta
2546 3797 2648 3836 non
2679 3780 2954 3852 fuissent);
2986 3792 3242 3851 praeterea
3272 3791 3329 3836 ut
3371 3783 3528 3836 Deum
3558 3785 3796 3839 omnium
3831 3800 3958 3842 esse

2388 3871 2664 3925 Dominum
2710 3879 3035 3939 agnosceret.
3084 3870 3514 3941 Quandoquidem
3543 3873 3681 3926 enim
3724 3876 3958 3927 somniis

2383 3963 2646 4034 prmcipue
2674 3961 2973 4026 studebant,
2997 3960 3192 4015 idcirco
3219 3959 3312 4014 ist'a
3336 3971 3642 4016 evenerunt.
3667 3961 3805 4017 llinc
3835 3964 3959 4018 illus

2385 4054 2454 4108 de
2482 4053 2668 4108 futuris
2696 4052 2975 4122 persuadet
3003 4061 3095 4107 :et
3123 4053 3371 4123 quonian
3402 4057 3626 4109 maxime
3647 4054 3718 4108 ob
3740 4054 3956 4110 futuro-

2383 4158 2497 4198 rum
2525 4143 2905 4211 praescientiam
2929 4143 3058 4196 deos
3078 4141 3484 4198 venerabantur.
3513 4142 3723 4198 Etenim
3751 4159 3951 4201 omnes

2383 4233 2592 4288 illorum
2618 4233 2894 4302 prmstigiae
2923 4233 2971 4285 in
2998 4247 3064 4287 eo
3091 4234 3300 4302 negotio
3325 4233 3685 4287 versabantur.
3713 4235 3802 4290 i3.
3830 4254 3850 4286 ι
3887 4237 3953 4292 Et
4114 4235 4134 4285 ὲ

2383 4324 2642 4378 sententia
2666 4337 2872 4391 egressa
2891 4331 2993 4386 est,
3021 4331 3075 4375 et
3101 4323 3366 4391 sapientes
3387 4322 3838 4378 interficiebantur
3853 4327 3956 4397 (a);
4030 4359 4071 4408 λς
4103 4346 4139 4421 εΙ

2385 4425 2440 4470 et
2469 4414 2647 4468 Daniel
2674 4413 2936 4483 amicique
2975 4412 3091 4480 ejus
3128 4414 3498 4482 quaerebantur
3515 4413 3580 4467 ad
3616 4429 3829 4469 necem.
3864 4418 3955 4472 14.

2384 4509 2532 4565 Tune
2549 4506 2728 4561 Daniel
2750 4505 3022 4574 respondit
3045 4504 3327 4559 consilium
3354 4514 3408 4559 et
3435 4507 3753 4561 sententiam
3788 4508 3957 4562 Ario-

2386 4600 2486 4654 cho
2517 4599 2736 4667 principi
2769 4610 3058 4665 coquorum
3094 4596 3254 4665 regis,
3282 4595 3372 4664 qui
3403 4610 3646 4665 egressus
3683 4596 3865 4654 fuerat
3889 4598 3958 4653 ad

2385 4687 2775 4742 interficiendos
2799 4685 3069 4755 sapientes
3092 4683 3398 4756 Babylonis.
3429 4686 3516 4741 15.
3559 4685 3627 4740 Et
3655 4686 3959 4758 interroga-
3985 4690 4012 4718 δ’
4036 4686 4115 4748 τῲ

2384 4781 2474 4835 bat
2511 4795 2630 4835 eum
2653 4779 2834 4833 dicens
2859 4795 2872 4832 :
2897 4777 3152 4847 Princeps
3180 4777 3342 4847 regis,
3364 4778 3708 4848 quamobrem
3730 4795 3958 4850 egressa
3982 4801 4104 4862 crop,
4125 4825 4139 4858 θ

2385 4931 2670 4980 monarchim
2691 4931 2735 4996 in
2761 4928 2986 4991 plurimas
3007 4935 3183 4996 gentes
3199 4929 3438 4996 exstincto
3455 4931 3830 4994 Nab0polassaro
3853 4945 3963 4996 par-
3994 4897 4139 4966 ξέστ

2385 5001 2609 5068 ιωὲθὶθὲ
2629 4990 3148 5068 Ψεξξίξδῖἓῗῖἷῖξθίηθθίίέ
3173 4995 3315 5068 ⁸³⁸1.-.
3363 5062 3373 5068 ,
3428 5067 3431 5068 ν
3502 5065 3513 5068 _
3564 4990 3596 5068 ί
3676 5063 3684 5068 ,
3743 5064 3754 5068 _
3828 4990 3868 5068 γ’
3984 5025 4117 5068 ῗτοέ

2449 5030 2886 5114 (attenuata;
2908 5030 3315 5112 ξ’ῌιῖδνῗῖλλ·
3340 5062 3380 5100 ος,
3420 5065 3599 5111 Mat.
3649 5063 3692 5100 τι
3743 5030 4066 5116 ιτιημῇτο
4097 5030 4139 5082 έέ

2385 5122 2508 5187 ἅδωνιν
2530 5132 2708 5187 aperuit»;
2736 5125 2795 5160 ut
2818 5121 3038 5169 δυιαιοσύνικ
3062 5121 3201 5187 {mf
3234 5122 3424 5187 ᾆλαζξινιὶξ
3445 5126 3509 5174 τὰρ
3531 5129 3594 5187 ηιξ
3609 5127 3964 5187 spatiisque).be
4107 5160 4122 5187 η

2387 5164 2570 5230 tinacia":
2605 5164 2746 5234 ξλιθέων
2777 5188 2973 5236 μηχανςτιι
3113 5164 3297 5236 "invadet;
3316 5164 3527 5236 —i0‘J81t-Ot;e
3567 5172 3640 5219 ΑΒ
3688 5164 3965 5236 legendum
4013 5164 4070 5187 ut
4107 5164 4137 5213 γ

2386 5243 2590 5291 σιηυδαίοις
2625 5230 2927 5303 cogitemus?
2959 5232 3168 5280 Edictum
3200 5234 3379 5338 quippe
3403 5247 3494 5280 non
3519 5235 3566 5280 in
3588 5230 3780 5282 Judteo's
3803 5238 4026 5310 prela-rpt
4059 5249 4112 5306 δὲ

2387 5304 2486 5338 tum
2512 5304 2631 5338 erat.
2651 5295 2736 5338 sed
2761 5295 2807 5338 in
2830 5297 3075 5338 sumentes
3105 5295 3224 5338 Bahv
3245 5304 3394 5338 omos-
3430 5295 3554 5338 inter
3575 5304 3697 5338 quos
3713 5299 3861 5338 nauci
3886 5306 3967 5338 Ju-

2387 5279 2747 5363 iﬁiﬁéi‘ét,’s€d
2761 5295 2807 5340 in
2830 5293 3075 5353 sapientes
3101 5279 3416 5363 μιῃῖρίόἷοξς
3430 5279 3554 5340 inter
3575 5279 4026 5363 quospau'tiivit—i-H‘

2386 5356 2494 5427 diei.
2519 5357 2767 5427 Sapientes
2787 5352 2946 5427 autem
2970 5352 3130 5427 sgeuli
3166 5352 3329 5427 dictos.
3771 5366 3964 5427 φηςιεις
3995 5373 3997 5375 ι
4022 5376 4139 5427 φας,

2388 5419 2533 5479 etiam
2558 5413 2618 5462 ex
2644 5415 2851 5479 Origene
2875 5413 3067 5479 Humilia
3088 5421 3227 5479 sexta
3246 5419 3293 5462 et
3313 5413 3371 5461 14
3395 5415 3440 5479 in
3457 5415 3695 5461 Genesim.
3716 5417 3963 5479 Quidquid

2387 5478 2465 5533 sit,
2493 5477 2624 5540 locus
2667 5474 2952 5540 Theodoreti
2989 5476 3058 5523 sic
3089 5474 3493 5540 interpretandns.
3519 5481 3624 5522 est:
3652 5474 3968 5540 Propositum
4048 5482 4139 5540 κὰκ

2389 5532 2667 5596 tyrannicae,
2688 5547 2788 5596 non
2809 5534 2956 5596 regia!
2977 5533 3193 5596 potestati
3210 5532 3591 5596 adscribmdtmt,
3609 5532 3842 5596 tenuitate
3865 5537 3964 5587 cri-

2424 5591 2552 5643 entet'
2579 5594 2848 5662 destitutum
2863 5591 2885 5644 ’ἑ
2905 5591 3232 5662 vanitasenim
3256 5592 3542 5662 etsnperbia
3564 5591 3859 5662 potestatem
3881 5600 3954 5662 ha»
4018 5591 4101 5646 κέν

2391 5659 2548 5705 tzentcs
2578 5655 2878 5720 adjunctam,
2919 5654 3177 5720 perniciqn
3215 5652 3471 5720 {poliuntur
3510 5652 3712 5707 subditis
3753 5657 3966 5720 παρὰ,

2395 5725 2475 5766 aut
2497 5713 2687 5775 melius,
2711 5713 3003 5766 subditorum
3022 5713 3327 5780 sapientibus.

4023 5831 4139 5898 Trige

4011 5896 4078 5950 θα.
4095 5896 4139 5953 si
