4144 6308
165 400 276 455 201

164 523 251 569 est
291 512 552 567 sententia
586 506 865 581 impudens
918 510 1029 563 hare
1066 525 1093 563 a
1138 508 1267 563 facie
1298 508 1471 578 regis?
1508 525 1525 556 ι
1573 505 1728 561 Vides

170 600 530 655 libertatem?
560 600 705 653 vides
747 598 1143 652 fortitudinem?
1188 599 1250 652 ad
1284 599 1425 651 illum
1456 596 1540 664 qui
1587 596 1728 649 occi-

165 694 334 747 dendi
364 700 672 761 potestatem
701 690 922 744 habebat
941 690 1109 759 qualia
1130 690 1388 757 loquitur?
1412 689 1577 741 Etiam
1599 688 1731 740 alio-

172 798 298 835 rum
346 782 514 836 vicem
543 780 704 834 dolet.
751 779 861 833 Non
893 779 1049 833 habet
1095 780 1378 843 rationem,
1410 777 1602 845 inquit,
1634 792 1729 830 nec

169 888 394 927 causam
421 889 435 936 ;
477 886 645 941 neque
676 871 810 925 ullus
836 871 981 925 color
1016 871 1186 925 edicto
1208 870 1407 937 adjacct
1447 885 1460 919 :
1493 869 1729 921 homines

168 966 317 1019 enim
348 964 604 1032 ejusmodi
666 962 990 1031 impudentes
1036 963 1264 1015 solemus
1302 960 1582 1027 appellare.
1640 958 1724 1012 16.

173 1074 190 1106 ι
239 1056 498 1110 Indicavit
539 1064 710 1108 autem
756 1053 1005 1108 Ariochus
1026 1053 1225 1108 Danieli
1248 1051 1478 1105 verbum.
1509 1050 1573 1102 Et
1625 1050 1721 1102 Da-

170 1149 279 1201 niel
330 1161 573 1217 egressus
618 1155 697 1201 est
724 1164 738 1208 ;
767 1154 820 1199 et
862 1143 1059 1212 regavit
1085 1157 1281 1210 regem,
1316 1152 1370 1193 ut
1398 1154 1600 1209 tempus
1629 1138 1725 1192 sibi

169 1239 345 1303 daret,
376 1248 430 1292 et
449 1238 803 1305 conjecturam
831 1234 1015 1289 somnii
1046 1234 1377 1286 annuntiaret
1407 1232 1533 1299 regi.
1568 1249 1586 1281 ι
1619 1231 1724 1283 Ad-

169 1329 370 1383 mirare
398 1328 791 1395 permissionem
832 1324 988 1393 regis.
1016 1322 1202 1389 Aspice
1229 1330 1286 1374 ut
1314 1335 1496 1373 omnes
1536 1320 1726 1388 ubique

170 1416 380 1471 Danieli
408 1416 788 1483 obtemperent.
834 1414 900 1466 At
932 1413 1067 1465 unde
1096 1427 1184 1464 rex
1222 1410 1513 1476 SIISpicatus
1547 1418 1625 1463 est
1660 1410 1733 1461 il—

170 1507 279 1560 lum
316 1521 439 1559 vera
465 1506 679 1559 dicere?
709 1517 868 1573 quare
914 1518 1017 1556 non
1058 1501 1187 1555 dixit
1220 1516 1235 1554 :
1268 1501 1502 1555 Universi
1536 1498 1723 1566 deprc-

170 1596 327 1649 hensi
360 1604 479 1649 sunt
508 1610 569 1651 ac
597 1595 840 1659 convicti,
870 1592 993 1647 fassi
1026 1600 1147 1645 sunt
1175 1606 1285 1645 rem
1311 1605 1427 1644 esse
1455 1604 1610 1656 supra
1634 1603 1723 1641 na-

168 1695 345 1738 turam
388 1684 700 1749 humanam;
736 1692 789 1738 et
813 1692 870 1737 tu
898 1683 985 1752 qui
1023 1682 1277 1735 barbarus
1300 1696 1357 1735 es
1380 1719 1394 1745 ,
1420 1679 1556 1733 unde
1577 1688 1723 1749 putas

171 1784 222 1828 te
263 1789 424 1843 posse
452 1775 767 1827 incolumem
794 1788 855 1827 ac
881 1771 1202 1840 superiorem
1242 1770 1502 1824 evadere?
1531 1769 1721 1823 Verum

169 1864 259 1917 ubi
318 1864 457 1915 Deus
496 1876 583 1915 res
626 1861 894 1929 dispensat
931 1868 982 1913 et
1006 1867 1283 1928 praeparat,
1312 1857 1440 1911 nihil
1468 1858 1717 1927 ambigas.

168 1953 420 2021 Alioquin
447 1963 499 2005 et
542 1952 671 2004 citra
719 1950 1009 2018 periculum
1056 1958 1169 2003 erat
1216 1948 1281 2002 ad
1333 1963 1505 2017 regem
1544 1958 1722 2016 postea

168 2042 372 2095 venire.
427 2042 530 2095 Cur
573 2051 745 2095 autem
789 2055 890 2093 non
946 2040 1084 2093 illico
1138 2039 1278 2093 Deus
1324 2039 1520 2092 Danieli
1576 2053 1720 2092 som-

168 2132 314 2183 nium
366 2131 651 2184 revelavit?
700 2130 924 2182 Primum
970 2127 1175 2199 quidem
1219 2137 1275 2182 ut
1321 2142 1407 2182 res
1453 2128 1721 2181 manifesta

170 2222 361 2282 tieret,
409 2218 632 2272 etutilli
675 2218 725 2271 in
765 2233 947 2287 magna
987 2219 1297 2273 necessitate
1341 2219 1721 2273 constitueren-

169 2321 273 2362 tur.
328 2309 460 2362 Nam
515 2310 611 2362 etsi
658 2308 907 2377 propheta
957 2318 1126 2372 esset,
1174 2317 1405 2362 attamen
1461 2310 1719 2364 somnium

173 2398 475 2466 ignorabat.
527 2398 726 2451 Rursus
778 2399 867 2452 tibi
910 2414 965 2452 se
1011 2414 1103 2465 per
1148 2400 1287 2453 viros
1345 2400 1513 2469 jUstos
1568 2415 1721 2454 excu-

169 2497 269 2552 sat,
312 2487 598 2541 ostendens
633 2488 770 2557 quod
808 2489 851 2542 si
900 2488 1001 2543 illis
1030 2490 1397 2557 periclitaturis
1437 2492 1563 2545 nihil
1604 2506 1721 2545 con-

168 2578 328 2632 cessit
363 2578 559 2646 absque
602 2593 753 2645 prece
800 2579 1173 2646 perseveranti,
1206 2581 1367 2632 multo
1416 2581 1586 2634 minus
1628 2583 1719 2634 tibi

169 2670 331 2722 dabit.
385 2669 602 2735 Pr0pter
653 2668 751 2722 hoc
792 2670 983 2738 ubique
1029 2671 1217 2723 Paulus
1257 2672 1485 2738 postulat
1516 2686 1716 2738 preces,

172 2758 406 2811 Orationi
425 2762 695 2812 insistentes
715 2759 882 2828 (llam.
918 2760 1128 2830 12.12),
1154 2762 1406 2815 scribens.
1436 2762 1547 2816 Non
1578 2764 1715 2817 enim

168 2847 364 2901 sufficit
413 2847 515 2899 vita
564 2862 712 2914 pura,
758 2848 855 2901 nisi
908 2849 1063 2901 etiam
1113 2849 1248 2903 adsit
1291 2851 1477 2904 oratio.
1527 2852 1717 2919 Aspice

168 2936 359 2989 iterum
382 2936 597 2989 multam
628 2936 765 2990 illius
794 2938 965 2992 fidem.
998 2937 1293 2993 Secundum
1324 2953 1587 2997 certamen
1618 2946 1716 2999 hoc

169 3034 279 3076 est:
310 3034 365 3076 et
391 3024 563 3077 adhuc
604 3026 782 3079 Daniel
831 3036 1018 3093 prmcst
1054 3043 1115 3080 ac
1148 3031 1407 3097 negotium
1456 3032 1613 3092 ducit,
1663 3045 1717 3087 et

170 3120 373 3179 tempus
395 3113 523 3181 petit
545 3112 616 3183 (α)
644 3122 820 3182 aptum
852 3116 913 3168 ad
946 3118 1159 3169 multam
1181 3119 1502 3173 tolerantiam
1558 3133 1714 3191 atque

168 3204 478 3257 orationem.
510 3205 770 3273 PrOpheta
804 3222 905 3259 non
957 3209 1248 3275 postulabat
1276 3212 1448 3263 statim
1504 3213 1668 3266 audiri
1700 3232 1711 3267 :

167 3308 254 3347 rex
284 3294 593 3349 beneﬁcium
639 3297 851 3365 largitus
899 3307 1000 3364 est,
1034 3299 1263 3368 illudque
1313 3302 1717 3358 eommunic:.vit

165 3396 280 3436 cum
322 3384 507 3438 amicis
535 3400 595 3439 ac
634 3386 789 3440 sociis
842 3387 1085 3443 Danieiis.
1147 3390 1228 3444 19.
1265 3411 1281 3443 ι
1318 3392 1465 3446 Tunc
1512 3395 1708 3449 Danieli

164 3474 471 3543 mysterium
494 3476 776 3530 revelatum
806 3480 958 3531 estin
990 3480 1186 3535 visione
1210 3484 1393 3537 noctis.
1428 3484 1491 3538 Et
1535 3486 1710 3541 Daniel

165 3558 435 3615 benedixit
464 3563 622 3616 Deum
652 3566 784 3630 cani,
840 3567 926 3621 20.
967 3583 1028 3623 ac
1072 3570 1203 3623 dixit
1230 3588 1242 3623 :
1269 3572 1345 3625 Sit
1379 3590 1568 3629 nomen
1618 3577 1708 3630 Dei

166 3648 495 3705 benedictum
524 3668 551 3705 a
579 3656 787 3717 smculo,
818 3665 868 3710 ct
899 3673 1060 3727 usque
1083 3660 1131 3712 in
1154 3663 1421 3727 sceculum,
1447 3666 1565 3732 quia
1597 3666 1711 3733 ejus

165 3746 242 3788 est
259 3739 515 3806 sapientia
534 3750 585 3793 ct
613 3742 948 3814 intelligentia
973 3755 1025 3801 et
1063 3748 1329 3803 fortitudo.
1366 3752 1454 3805 21.
1493 3754 1559 3807 Et
1597 3755 1708 3823 ipse

166 3835 329 3879 mutat
356 3836 588 3896 tempora
632 3841 683 3885 et
702 3842 900 3899 aetates,
932 3837 1199 3890 constituit
1225 3854 1373 3908 reges
1418 3856 1480 3895 ac
1517 3844 1704 3909 aufert,

165 3916 293 3971 dans
316 3921 623 3988 sapientiam
654 3924 993 3990 sapientibus,
1023 3936 1074 3979 et
1124 3928 1448 3994 prudentiam
1491 3932 1592 3986 illis
1619 3937 1707 4003 qui

166 4019 343 4075 petunt
374 4012 711 4067 intellectum.
736 4014 824 4067 22.
853 4014 967 4083 Ipse
992 4018 1184 4072 revelat
1221 4022 1469 4088 profunda
1511 4032 1562 4078 et
1584 4025 1706 4080 abs-

163 4100 389 4166 condita,
438 4116 755 4169 cegnoscens
801 4119 918 4173 quae
971 4107 1021 4160 in
1073 4108 1297 4163 tenebris
1336 4113 1706 4169 exsistunt:et

165 4185 246 4239 lux
272 4204 391 4242 cum
425 4190 537 4258 ipso
563 4201 660 4244 cst.
702 4192 789 4246 25.
842 4194 991 4258 Tibi,
1024 4196 1159 4248 Deus
1204 4208 1405 4265 patrum
1446 4217 1703 4268 meorum,

164 4280 435 4344 confiteor,
465 4291 516 4335 te
544 4282 715 4346 laudo,
745 4284 864 4352 quia
889 4285 1193 4353 sapientiam
1222 4297 1275 4342 et
1314 4290 1702 4361 intelligentiam

162 4365 346 4422 dedisti
370 4368 498 4422 mihi
528 4388 539 4423 :
564 4379 769 4427 ctnttnc
794 4381 912 4426 nota
933 4373 1097 4428 fecisti
1124 4375 1247 4428 mihi
1273 4392 1388 4444 qua:
1411 4382 1705 4449 rogavimus

166 4467 228 4513 te.
263 4478 283 4511 ι
329 4460 575 4515 Nondum
621 4462 893 4518 manifeste
944 4464 1043 4533 ipsi
1088 4468 1372 4523 revelatum
1424 4481 1553 4536 erat,
1612 4474 1702 4528 sed

163 4548 324 4603 adhuc
380 4551 434 4604 in
462 4552 659 4607 visione
690 4569 703 4606 :
734 4568 852 4607 nam
883 4566 1261 4622 pracexercetur
1279 4560 1547 4628 propheta.
1578 4563 1705 4619 Vide

163 4650 328 4694 autem
371 4642 512 4695 illius
540 4641 801 4706 ﬁduciam,
855 4644 1094 4709 Quantam
1141 4658 1211 4699 est
1236 4652 1493 4714 sententia,
1517 4654 1700 4722 inqttit,

163 4732 418 4799 impudens
454 4734 600 4786 [τρεςῖ
628 4733 749 4787 Mihi
796 4735 1002 4803 quidem
1046 4736 1251 4791 videtur
1283 4740 1437 4793 etiam
1481 4752 1599 4797 ante
1627 4758 1705 4797 so-

164 4824 353 4876 mnium
376 4824 641 4877 inventum
664 4840 689 4877 a
713 4826 855 4879 etede
869 4826 1163 4880 cohibuisse
1184 4829 1485 4897 magistrum
1511 4846 1705 4901 coquo-

165 4925 292 4977 rum,
317 4922 428 4967 tum
457 4914 735 4981 incoeptum
760 4914 1070 4980 accusando,
1091 4924 1198 4969 tum
1227 4917 1514 4984 pollicendo
1538 4934 1597 4974 se
1622 4936 1704 4975 re-

166 5013 428 5068 perturum
452 5000 757 5056 calamitatis
782 5004 1113 5058 solutionem.
1138 5005 1243 5058 Cur
1269 5020 1394 5074 ergo
1414 5008 1699 5062 revelatum

164 5098 238 5143 est
288 5090 525 5143 Danieli?
553 5090 681 5156 Quia
707 5092 846 5145 enim
888 5103 969 5147 est
1005 5095 1159 5147 etiam
1196 5095 1330 5148 inter
1384 5097 1525 5149 viros
1575 5113 1699 5152 san-

164 5189 269 5235 ctos
320 5182 651 5246 excellentia,
694 5183 811 5237 ideo
864 5184 1047 5239 Daniel
1119 5187 1413 5254 praefertur.
1448 5188 1515 5241 Et
1572 5205 1703 5257 quo-

165 5272 310 5325 modo
331 5272 498 5326 vidit?
520 5271 583 5323 In
611 5273 810 5338 visione,
858 5273 1049 5341 inquit;
1074 5288 1175 5328 non
1202 5276 1483 5329 secundum
1514 5277 1693 5329 huma-

166 5364 625 5433 namsapientiam.
670 5362 736 5416 Et
785 5364 1001 5431 pulchre
1052 5366 1105 5420 id
1149 5377 1298 5421 vocat
1352 5370 1696 5437 mysterium,

220 5555 286 5618 (a)
318 5557 582 5607 Prudenter
619 5556 973 5623 Chrysostomus
1006 5568 1057 5611 et
1092 5562 1416 5611 Theodoretus
1447 5566 1494 5611 In
1534 5575 1591 5611 ea
1614 5577 1696 5623 re,

250 5632 293 5666 nt
308 5631 443 5683 sacer
470 5625 726 5683 contextus
740 5620 944 5683 reticuit.
964 5625 1208 5683 negotium
1227 5624 1406 5673 habere
1424 5620 1696 5673 noluerunt.

202 5684 218 5723 t
238 5680 465 5787 Iosephus
483 5686 674 5738 tempus
692 5676 871 5734 deﬂuit,
889 5676 1261 5742 unam'noctem;
1286 5684 1597 5733 Tcrtullianus
1619 5686 1697 5734 tri-

202 5749 300 5787 num
365 5738 551 5787 oseplto
571 5736 732 5787 malim
751 5741 1000 5787 accedere-

168 5740 300 5787 deum
337 5736 551 5799 Josepbo
571 5736 732 5788 malim
751 5741 1000 5795 accedere.

1527 391 1587 445 IN
1629 389 1983 445 DANIEIﬁM.

3283 410 3393 465 202
3414 412 3417 413 ⁷

1835 504 1971 575 quod
2039 506 2103 561 ab
2141 507 2384 562 omnibus
2439 511 2788 580 ignorabatur.
2832 514 2897 568 Et
2943 516 3183 570 benedixit
3227 516 3384 570 Deum

1830 595 1957 646 caeli.
2026 594 2453 665 pmnipotentcm
2526 601 2763 671 intelligit
2811 622 2822 654 :
2871 605 2918 658 id
2972 616 3084 668 est,
3126 622 3243 661 eum
3295 606 3382 675 qui

1830 685 1986 736 etiam
2010 685 2135 747 illic,
2185 686 2235 738 in
2267 687 2608 743 barbarormn
2660 694 2905 749 videlicet
2936 697 3167 765 regione,
3201 705 3382 764 potens

1828 781 1959 825 crat.
2013 773 2276 843 Nusquam
2330 779 2663 843 sacrificium,
2718 792 2769 835 ct
2822 786 3093 853 templum,
3140 796 3195 839 et
3248 787 3382 839 alta-

1830 875 1907 921 re,
1931 862 2021 915 sed
2044 864 2150 915 sola
2175 866 2307 919 bona
2332 868 2568 921 voluntas
2598 872 2775 924 aderat
2800 894 2812 941 ;
2849 884 2895 926 et
2941 876 3113 928 omnia
3162 892 3382 945 perage-

1830 949 2033 1005 bantur.
2059 953 2286 1009 Adverte
2312 970 2429 1009 eum
2462 968 2580 1025 post
2600 962 2900 1027 petitionem
2930 975 3218 1031 acceptam,
3274 981 3382 1020 non

1830 1041 1973 1107 prius
2000 1041 2062 1093 ad
2094 1043 2263 1096 aulam
2297 1047 2434 1114 regis
2460 1050 2771 1116 cucurrisse,
2816 1068 2968 1119 quam
3002 1054 3236 1108 beneﬁcii
3292 1057 3385 1109 da-

1827 1129 1926 1181 turi
1956 1132 2205 1186 maximas
2228 1134 2417 1203 egisset
2437 1139 2630 1205 gratias
2658 1155 2671 1191 :
2698 1155 2798 1193 non
2829 1142 2962 1196 sicut
2995 1157 3090 1196 nos
3111 1159 3251 1213 saepe
3275 1160 3382 1213 prae

1825 1218 2012 1285 gaudio
2038 1235 2409 1290 prosperorum
2452 1240 2787 1281 successuum
2810 1231 2965 1283 etiam
3013 1233 3191 1300 gratiae
3245 1234 3382 1288 refc—

1827 1296 2003 1360 reudaz
2032 1309 2406 1365 obliviscimur.
2435 1316 2502 1367 At
2537 1330 2638 1368 non
2668 1318 2737 1369 ita
2771 1318 2868 1372 iste
2903 1335 2914 1371 :
2945 1336 3123 1375 verum
3171 1323 3382 1388 benedi-

1826 1395 1900 1447 xit
1929 1397 2110 1462 Deum,
2130 1409 2182 1452 et
2209 1401 2339 1455 dixit
2361 1421 2374 1457 :
2394 1404 2472 1458 Sit
2495 1422 2669 1459 nomen
2683 1408 2775 1461 Del
2800 1410 3105 1465 benedictum
3126 1429 3157 1466 a
3176 1416 3372 1480 steculo,

1825 1496 1869 1538 et
1893 1504 2042 1556 usque
2064 1490 2112 1542 in
2135 1493 2387 1545 swculuttt.
2419 1495 2525 1550 Nos
2576 1499 2851 1566 siquidem,
2886 1501 3072 1570 inquit,
3118 1514 3375 1574 tempora-

1824 1579 1886 1630 rii
1912 1588 1965 1633 et
1995 1595 2275 1648 paucorum
2293 1600 2548 1640 annorum
2574 1604 2786 1654 sumus;
2817 1607 2918 1646 non
2942 1603 3112 1648 autem
3133 1612 3225 1664 pro
3245 1607 3375 1651 tem—

1825 1681 1953 1734 pore
1996 1670 2093 1726 hoc
2150 1682 2345 1727 tantum
2388 1691 2591 1730 sursum
2637 1680 2888 1735 mittimus
2939 1683 3371 1750 benedictionem,

1828 1757 1917 1809 sed
1948 1773 2042 1825 pro
2068 1760 2312 1816 universo
2337 1772 2575 1833 tempore
2608 1783 2620 1819 :
2651 1784 2752 1821 non
2781 1784 2874 1839 pro
2903 1785 2966 1825 eo
2993 1773 3106 1827 solo
3128 1789 3229 1841 quo
3246 1776 3377 1829 vivi-

1824 1860 1958 1909 mus,
1991 1848 2082 1902 sed
2127 1850 2284 1904 etiam
2323 1867 2418 1920 pro
2461 1855 2558 1908 hoc
2606 1857 2833 1924 quidem,
2862 1869 2914 1913 et
2955 1876 3049 1928 pro
3103 1863 3187 1915 illo
3235 1867 3372 1933 quod

1825 1940 2091 2004 praeteriit,
2122 1950 2173 1994 et
2212 1956 2308 2009 pro
2353 1942 2541 1997 futuro.
2595 1945 2812 2015 Scmpcr
2856 1948 3017 2002 Deum
3067 1951 3373 2008 benvdiccre

1821 2036 2047 2095 oportet,
2076 2031 2186 2084 sive
2214 2032 2299 2085 ille
2320 2045 2584 2101 appareat,
2615 2038 2722 2091 sive
2749 2055 2849 2091 non
2877 2052 3139 2107 appareat.
3169 2043 3371 2112 Ubique

1821 2119 1958 2170 enim
1991 2119 2124 2172 illius
2146 2123 2467 2189 providentia
2494 2135 2705 2180 extensa
2754 2138 2849 2181 est.
2885 2129 3011 2183 Vide
3033 2140 3088 2183 ut
3130 2147 3222 2201 per
3247 2149 3369 2203 gra-

1821 2206 2008 2259 tiarum
2062 2211 2320 2264 actionem
2370 2214 2609 2267 ostendat
2652 2231 2857 2285 quoque
2909 2219 3016 2273 Deo
3071 2234 3369 2290 competere

1821 2296 2090 2350 scientiam
2108 2300 2448 2354 somniorum.
2472 2303 2601 2369 Quia
2621 2305 2726 2373 ejus
2746 2316 2814 2359 est
2836 2309 3075 2375 sapientia
3104 2320 3149 2362 et
3187 2313 3370 2365 intelli-

1819 2385 1984 2451 gentia
2007 2396 2051 2437 et
2071 2388 2472 2453 fortitudo:hoc
2520 2401 2616 2457 est,
2664 2395 2835 2448 omnia
2892 2398 3025 2451 scire
3074 2414 3135 2453 ac
3168 2415 3371 2470 praeno-

1820 2486 1985 2525 scere.
2016 2474 2110 2527 llic
2136 2477 2274 2528 enim
2303 2477 2425 2531 illud
2464 2480 2536 2533 ait
2566 2498 2578 2533 :
2611 2483 2747 2551 quod
2798 2485 2997 2539 scilicet
3043 2489 3153 2556 ipse
3195 2492 3367 2546 omnia

1822 2564 1980 2627 novit,
2015 2573 2069 2617 et
2116 2567 2245 2620 nihil
2274 2569 2493 2637 ignorat.
2545 2572 2676 2638 Quid
2722 2576 2914 2644 igitur?
2964 2578 3084 2632 illud
3131 2584 3370 2636 tantum?

1819 2654 2053 2707 solamne
2082 2655 2237 2711 habet
2264 2661 2682 2726 praescientiam?
2710 2666 2776 2718 Et
2822 2683 2927 2721 nun
2973 2668 3120 2736 dixit,
3155 2671 3322 2727 liabet
3352 2691 3365 2725 :

1820 2745 1932 2806 sed,
1965 2743 2136 2813 Ipsius
2184 2756 2275 2815 est,
2307 2750 2557 2807 exhibere
2605 2755 2755 2810 nobis
2786 2760 2967 2813 volens
3021 2776 3082 2814 ca
3131 2765 3368 2819 naturale

1819 2832 1955 2887 illitts
2009 2835 2199 2891 bonum
2232 2854 2348 2894 esse
2376 2857 2389 2894 :
2417 2844 2533 2911 quia
2560 2859 2623 2898 ex
2662 2856 2841 2902 natura
2890 2850 2963 2903 illi
3013 2851 3123 2905 haec
3167 2855 3360 2909 insunt.

1817 2923 1949 2987 Quid
2001 2927 2162 2993 ergo?
2215 2930 2537 2996 przevidetne
2587 2943 2804 3003 tantum,
2844 2953 2946 2993 non
2987 2951 3159 2997 autem
3207 2945 3364 2999 etiam

1817 3013 1974 3065 facit?
2000 3014 2154 3079 Sane,
2182 3026 2234 3070 et
2260 3019 2396 3072 facit.
2432 3020 2595 3075 Mutat
2614 3033 2778 3079 tetates
2797 3038 2843 3080 et
2860 3038 3099 3099 tempora.
3138 3032 3251 3086 Non
3299 3035 3365 3089 de

1814 3118 2069 3157 annorum
2090 3111 2511 3165 conversionibus
2537 3128 2710 3168 sermo
2739 3128 2836 3183 est,
2870 3121 2958 3172 scd
2976 3122 3040 3175 de
3068 3138 3238 3177 rerum
3279 3126 3362 3179 vi-

1813 3197 2215 3252 cissitudinibus.
2239 3201 2496 3255 Constituit
2512 3222 2666 3275 reges,
2685 3219 2728 3260 et
2746 3213 2923 3279 aufert.
2947 3212 3073 3277 Quia
3094 3214 3367 3282 huiusmo-

1814 3284 1863 3335 di
1913 3288 2255 3341 mutationum
2303 3299 2383 3344 est
2443 3304 2643 3348 auctor.
2695 3296 2773 3349 An
2818 3298 2974 3367 igitur
3021 3300 3119 3355 hoc
3163 3314 3361 3360 tantum

1818 3374 1969 3439 Deus,
2003 3378 2253 3443 praevidet
2304 3396 2491 3451 nempe
2519 3398 2580 3436 ac
2612 3384 2771 3439 facit?
2796 3402 2897 3440 non
2938 3398 2991 3443 et
3032 3391 3171 3445 aliud
3200 3394 3362 3447 maxi-

1812 3480 1952 3519 mum
2001 3476 2261 3537 operatur,
2311 3474 2447 3539 quod
2499 3475 2654 3529 etiam
2687 3492 2804 3531 cmn
2853 3479 2969 3534 aliis
3014 3485 3363 3539 communicat

1810 3572 1923 3608 eam
1955 3560 2261 3613 scientiam?
2290 3561 2431 3616 Dans
2455 3567 2744 3633 sapientiam
2790 3573 3087 3637 sapientibus
3114 3588 3132 3625 :
3153 3588 3253 3627 non
3300 3576 3362 3629 iis

1809 3649 1894 3714 qui
1922 3658 2072 3702 antea
2118 3651 2379 3719 sapientes
2404 3668 2573 3720 erant,
2621 3659 2711 3710 sed
2758 3659 2821 3713 iis
2866 3661 3051 3729 quibus
3103 3666 3357 3731 sapientia

1811 3737 1978 3791 datur.
2014 3740 2067 3793 Si
2095 3742 2211 3810 quis
2240 3746 2449 3812 sapiens
2474 3762 2575 3799 non
2605 3750 2669 3801 ab
2694 3749 2782 3802 illo
2827 3754 3133 3820 sapientiam
3176 3756 3354 3821 habet,

1808 3828 2015 3895 sapiens
2040 3845 2142 3884 non
2170 3841 2267 3885 est.
2288 3833 2360 3887 Ne
2381 3836 2691 3891 existimetis
2708 3840 3014 3907 sapientiam
3032 3855 3197 3897 artem
3237 3861 3357 3898 esse

1809 3920 2103 3975 Chaldaicze
2134 3924 2377 3991 regionis.
2415 3925 2477 3978 Et
2527 3930 2857 3995 prudentiam,
2894 3932 3081 4001 inquit,
3130 3936 3230 3987 illis
3273 3938 3357 4003 qui

1808 4020 1976 4077 petunt
2009 4013 2325 4065 intellectum.
2363 4016 2560 4069 Deinde
2611 4019 2878 4073 videamus
2919 4037 3068 4075 anex
3112 4026 3348 4089 scicntia,

1806 4115 1871 4151 an
1898 4116 1959 4152 ex
1988 4111 2172 4154 natura
2202 4103 2399 4157 Danieli
2447 4105 2498 4157 id
2528 4106 2768 4160 adfuerit.
2804 4110 3004 4164 Etenim
3048 4114 3203 4166 etiam
3254 4115 3354 4169 hnc

1807 4190 1932 4243 dicit
1964 4190 2117 4259 :lpse
2142 4196 2321 4246 revelat
2343 4198 2594 4265 profunda
2620 4208 2663 4251 et
2685 4200 2989 4258 abscondita.
3044 4204 3155 4258 Non
3198 4207 3348 4273 dixit,

1805 4279 2006 4333 Invenit
2034 4300 2045 4334 :
2075 4283 2186 4347 sed,
2221 4284 2418 4337 Revelat
2462 4288 2577 4342 aliis
2602 4305 2715 4357 qua:
2745 4293 2995 4361 profunda
3036 4296 3184 4350 nobis
3224 4308 3352 4350 sunt

1806 4379 1850 4422 et
1876 4372 2182 4436 abscondita,
2215 4390 2331 4442 quae
2361 4376 2513 4445 longo
2543 4389 2775 4447 tempore
2798 4382 3095 4447 dissociata,
3129 4400 3351 4455 quaeque

1804 4460 2002 4513 occulta
2025 4471 2190 4513 erant.
2220 4463 2527 4531 Cognoscens
2548 4483 2656 4533 qua:
2677 4467 2727 4519 in
2758 4468 2964 4522 tenebris
3001 4474 3237 4527 exsistunt
3260 4492 3277 4524 :
3305 4486 3351 4528 et

1806 4549 1891 4601 lux
1915 4566 2025 4601 cum
2050 4568 2105 4603 ea
2125 4560 2213 4604 est.
2249 4552 2374 4606 Vide
2416 4556 2537 4622 quid
2579 4556 2735 4610 dicat.
2777 4560 3221 4624 Quemadmodum
3278 4567 3353 4619 ait

1807 4638 1963 4691 David
1997 4657 2008 4689 :
2040 4640 2179 4693 Sicut
2219 4645 2427 4696 tenebrte
2446 4647 2570 4714 ejus,
2597 4648 2667 4698 ita
2710 4658 2755 4701 et
2792 4649 2958 4703 lumen
2996 4653 3102 4721 ejus
3149 4653 3169 4724 (
3202 4653 3348 4708 Psal.

1806 4727 1923 4780 1'58.
1973 4727 2057 4798 ‘2).
2111 4729 2513 4799 Magnitudinem
2560 4738 2869 4804 cognitionis
2918 4741 3196 4809 signiﬁcat,
3251 4759 3344 4799 seu

1802 4818 1920 4884 quia
1947 4819 2069 4871 licet
2103 4820 2320 4873 obscura
2343 4822 2478 4889 sint,
2520 4824 2590 4877 illi
2620 4826 2773 4879 nulla:
2802 4838 2921 4881 sunt
2946 4832 3171 4885 tenebrat
3192 4873 3207 4895 ,
3256 4849 3347 4887 seu

1803 4910 1920 4977 quia
1951 4911 2060 4977 ipse
2090 4926 2269 4965 eorum
2302 4913 2472 4967 lumen
2506 4926 2603 4969 est.
2632 4916 2901 4983 Quomodo
2943 4924 3207 4987 cognoscit
3232 4940 3347 4990 qua:

1804 4999 1855 5053 in
1906 5002 2133 5054 tenebris
2173 5004 2507 5070 sunt?Qnasi
2548 5008 2633 5073 qui
2680 5021 2855 5061 secum
2908 5010 3080 5063 lumen
3136 5012 3342 5068 habeat.

1805 5091 1926 5145 Cum
1947 5110 2001 5145 eo
2026 5107 2094 5147 est
2117 5111 2323 5164 semper.
2356 5099 2586 5151 llumano
2614 5099 2769 5153 modo
2800 5100 3045 5169 loquitur.
3098 5103 3241 5159 Sicut
3270 5108 3347 5160 ni-

1804 5182 1874 5235 hil
1901 5194 1979 5237 est
2006 5185 2336 5237 tenebrosum
2371 5186 2439 5237 illi
2469 5188 2553 5254 qui
2580 5187 2844 5243 lucernam
2872 5206 3143 5248 accensam
3168 5197 3343 5264 habet,

1805 5274 1875 5325 ita
1914 5290 2079 5343 neque
2106 5276 2243 5339 Deo;
2276 5276 2377 5328 imo
2402 5291 2545 5340 vero,
2574 5279 2746 5347 siquid
2765 5283 2985 5350 amplius
3015 5285 3113 5340 dici
3140 5298 3341 5355 potest:

1803 5382 1988 5435 nempe
2008 5368 2140 5420 sicut
2163 5369 2208 5420 ei
2232 5368 2317 5433 qui
2346 5369 2516 5421 lumen
2542 5368 2696 5423 habet
2714 5371 2762 5423 in
2778 5374 2961 5437 oculis,
2980 5384 3030 5427 et
3048 5377 3091 5429 ei
3111 5380 3195 5444 qui
3217 5379 3341 5432 illud

1802 5472 2008 5527 semper
2022 5458 2337 5516 circumfert,
2360 5456 2467 5525 ipsa
2484 5460 2570 5511 lux
2591 5470 2688 5514 est.
2708 5461 2836 5527 Tibi,
2854 5463 2985 5517 Deus
3002 5476 3195 5532 patrum
3214 5484 3345 5520 meo-

1802 5568 1930 5615 rum,
1960 5551 2141 5619 inquit,
2163 5551 2415 5615 con/iteor,
2436 5559 2479 5601 te
2496 5551 2663 5613 laudo,
2679 5554 2792 5619 quia
2807 5555 3099 5621 sapientiam
3134 5566 3178 5609 et
3198 5559 3343 5611 intel-

1802 5642 2051 5711 ligentiam
2074 5641 2249 5693 dedisti
2278 5641 2414 5692 mihi.
2446 5640 2742 5709 Opportune
2760 5655 2962 5712 patrum
2980 5645 3061 5699 hic
3088 5650 3338 5715 meminit,

1803 5750 1897 5805 per
1923 5734 2039 5789 illos
2072 5733 2232 5787 Deum
2260 5732 2485 5801 ﬂectere,
2511 5748 2569 5789 ac
2607 5734 2761 5790 vcluti
2800 5735 2991 5803 pudore
3007 5736 3214 5795 afﬁcere
3249 5756 3337 5796 cu—
