4144 6308
718 351 830 409 203

723 723 865 775 mihi.
908 724 1073 788 Quam
1100 734 1251 777 antea
1289 723 1513 779 habebat
1549 726 1768 780 scilicet.
1798 724 1863 777 Et
1889 743 2019 779 nunc
2044 736 2158 779 nota
2197 732 2273 798 fe-

719 813 829 865 cisti
854 814 975 866 milii
997 829 1107 883 qua:
1134 815 1409 882 rogavimus
1435 825 1498 869 te.
1544 816 1835 870 Verisimile
1865 817 2067 871 videtur
2088 818 2275 873 Danie-

718 903 822 958 lem
850 904 1006 959 etiam
1040 905 1139 958 alia
1167 907 1396 974 petiisse,
1438 906 1569 959 adeo
1604 917 1658 959 ut
1683 908 2038 976 conjecturam
2070 925 2273 979 quoque

717 994 792 1047 illi
818 995 952 1049 Deus
976 996 1234 1050 indicarit.
1259 996 1346 1051 25.
1372 1016 1388 1049 ‹
1418 996 1568 1065 Quia,
1599 1016 1618 1049 ›
1653 1000 1837 1068 inquit,
1867 1018 1884 1051 ι
1913 1004 2171 1056 somnium
2190 1019 2272 1057 re-

712 1086 795 1154 gis
857 1088 1198 1142 maniiestasti
1237 1090 1383 1142 mihi.
1432 1090 1521 1146 24.
1582 1092 1645 1145 Et
1684 1095 1857 1146 statim
1906 1095 2045 1148 venit
2092 1096 2270 1150 Daniel

715 1177 779 1230 ad
810 1178 1123 1245 Ariochum,
1168 1195 1324 1248 quem
1357 1182 1715 1248 constituerat,
1752 1202 1770 1235 ι
1811 1184 2010 1253 inquit,
2047 1203 2065 1235 ι
2094 1202 2182 1239 rex
2215 1194 2271 1239 ut

717 1267 960 1333 perderet
986 1269 1247 1338 sapientes
1282 1270 1581 1341 Babylonis,
1627 1282 1677 1325 et
1716 1272 1844 1327 dixit
1884 1275 1971 1329 ei:
1999 1276 2269 1344 Sapientes

713 1356 993 1426 Babylonis
1022 1373 1087 1412 ne
1115 1359 1338 1428 perdas;
1371 1361 1611 1416 introduc
1640 1372 1813 1417 autem
1843 1380 1926 1418 me
1962 1365 2011 1417 in
2041 1380 2266 1436 conspe-

712 1457 853 1502 ctum
896 1450 1052 1519 regis,
1098 1459 1151 1503 et
1194 1453 1513 1505 annuntiabo
1566 1454 1674 1523 regi
1712 1455 2068 1523 conjecturam
2105 1457 2265 1510 visio-

713 1542 812 1594 nis.
850 1559 867 1591 ι
897 1539 1141 1595 Cucurrit
1165 1541 1228 1595 ad
1251 1558 1391 1609 eum,
1423 1552 1476 1597 et
1495 1545 1597 1598 ait:
1630 1544 1892 1615 Sapientes
1913 1546 2181 1618 Babylonis
2208 1566 2267 1603 ne

711 1632 913 1700 perdas.
960 1632 1210 1699 Quisnam
1243 1634 1310 1689 de
1363 1636 1465 1690 illis
1509 1652 1685 1691 curam
1728 1636 2035 1694 habuisset?
2077 1640 2265 1709 ASpice

710 1720 977 1790 propheta:
1008 1722 1384 1778 humanitatem
1427 1740 1489 1780 ac
1528 1728 2002 1784 mansuetudinem.
2047 1729 2150 1785 Sed
2175 1747 2266 1785 au-

708 1809 849 1865 ditus
873 1824 976 1867 non
1014 1811 1215 1876 fuisset,
1258 1813 1357 1868 nisi
1384 1822 1436 1868 et
1474 1815 1599 1871 illud
1626 1816 1945 1872 addidisset:
1977 1837 1996 1871 ‹
2021 1820 2264 1875 Introduc

709 1914 815 1967 me,
846 1918 865 1953 ι
900 1901 1085 1970 inquit,
1118 1919 1136 1954 ι
1164 1912 1217 1957 et
1244 1905 1563 1959 anuuntiabo
1588 1907 1697 1976 regi
1723 1907 2079 1978 conjecturam
2108 1911 2263 1967 visio-

708 1989 809 2043 nis.
834 1988 924 2045 25.
951 1990 1096 2046 Tunc
1130 1992 1407 2059 Ariochus,
1442 2014 1461 2047 ι
1494 1996 1678 2065 inquit,
1713 2016 1732 2050 ‹
1760 1999 2044 2054 introduxit
2071 2002 2259 2057 Danie-

707 2081 813 2138 lem
836 2082 887 2136 in
917 2081 1252 2138 festinatione
1280 2084 1333 2139 in
1374 2098 1709 2155 conspectum
1740 2090 1876 2160 regis
1904 2100 1955 2145 et
1982 2091 2149 2145 dixit:
2180 2093 2262 2146 ln-

704 2173 825 2228 veni
849 2174 1019 2228 virum
1048 2174 1113 2229 de
1142 2174 1260 2229 [iliis
1296 2176 1609 2245 captivitatis
1637 2177 1854 2243 Judazae,
1885 2182 1971 2249 qui
1993 2181 2259 2250 conjectu-

704 2280 817 2321 ram
845 2266 1171 2322 anuuntiabit
1197 2268 1329 2337 regi.
1362 2268 1434 2323 De
1483 2268 1606 2323 {iliis
1645 2271 1977 2338 captivitatis,
2000 2291 2018 2324 ο
2070 2272 2254 2342 inquit,

708 2373 733 2407 ε
763 2355 933 2410 inveni
963 2356 1151 2411 virum.
1190 2375 1209 2409 ι
1243 2356 1354 2411 Νοη
1395 2357 1578 2427 puduit
1605 2360 1833 2429 generis.
1872 2360 1970 2416 Ubi
2012 2363 2151 2416 enim
2178 2364 2258 2416 in-

701 2444 903 2499 cumbit
925 2446 1210 2501 necessitas
1235 2448 1418 2516 major,
1454 2448 1580 2502 nihil
1609 2450 1791 2503 horum
1823 2452 2134 2521 requiritur;
2162 2454 2254 2507 sed

704 2535 886 2601 fastus,
916 2535 1005 2605 qui
1043 2536 1175 2589 solet
1213 2537 1449 2591 comitari
1490 2540 1903 2608 prosperitatem,
1938 2550 2076 2597 totus
2113 2558 2256 2598 com-

699 2626 959 2698 primitur.
990 2627 1086 2694 Qui
1118 2629 1256 2682 enim
1283 2637 1519 2698 aegrotat,
1543 2630 1730 2685 medici
1764 2632 2087 2688 nobilitatem
2104 2650 2252 2688 num-

696 2733 850 2787 quam
890 2720 1093 2773 curiose
1120 2719 1373 2788 inquiret;
1414 2728 1467 2773 et
1508 2720 1610 2773 alio
1645 2721 1694 2773 in
1725 2723 1957 2791 periculo
1994 2726 2250 2779 exsistens

698 2808 856 2862 homo
884 2824 987 2862 non
1016 2818 1217 2876 sataget
1239 2824 1304 2862 an
1332 2810 1539 2871 nobilis,
1568 2826 1632 2863 an
1659 2827 1783 2864 vero
1803 2812 1869 2866 de
1898 2813 2049 2881 plebe
2068 2816 2135 2868 sit
2162 2816 2250 2869 ille

695 2898 782 2968 qui
797 2913 917 2952 eum
934 2910 959 2948 a
973 2896 1224 2963 periculis
1242 2898 1309 2951 sit
1337 2909 1632 2967 erepturus,
1672 2900 1764 2954 sed
1800 2918 1960 2955 unum
1983 2903 2251 2957 dumtaxat

693 2997 913 3058 qumret,
944 2987 1189 3041 nimirum
1221 2988 1599 3043 liberationem.
1633 2989 1759 3056 Quis
1794 3006 1898 3044 non
1940 2991 2137 3059 pudore
2166 2992 2246 3046 ai-

692 3078 860 3134 i'ectus
910 3078 1109 3145 fuisset,
1152 3080 1269 3149 quis
1307 3095 1410 3133 non
1448 3080 1761 3147 erubuisset,
1805 3097 2027 3135 cernens
2063 3097 2247 3137 omnes

693 3169 873 3237 patria:
913 3186 1023 3225 sua:
1057 3170 1322 3238 sapientes
1363 3170 1607 3236 interﬁci,
1638 3171 1874 3239 captivos
1901 3186 2028 3225 vero
2056 3170 2242 3236 inﬂari,

690 3267 743 3312 et
769 3258 837 3313 de
857 3274 914 3313 se
934 3259 1207 3329 magniﬁce
1234 3261 1467 3313 sentire?
1502 3260 1861 3330 Nequaquam.
1890 3262 2090 3315 llorum
2118 3262 2245 3316 nihil

689 3351 803 3420 ipse
828 3351 1074 3420 cogitavit
1104 3367 1119 3403 :
1150 3350 1244 3405 sed
1273 3349 1495 3405 festinus
1520 3359 1574 3405 et
1602 3352 1689 3406 ille
1718 3353 1938 3416 vocavit,
1973 3362 2025 3406 et
2052 3353 2137 3405 hic
2169 3354 2247 3406 in-

688 3441 990 3511 terrogavit,
1022 3455 1125 3495 non
1152 3442 1375 3510 amplius
1404 3456 1524 3495 cum
1550 3441 1731 3495 eadem
1762 3443 2078 3511 arrogantia.
2107 3443 2247 3497 Post-

683 3545 844 3600 quam
882 3531 1020 3585 enim
1064 3545 1153 3585 rex
1199 3530 1466 3585 convictus
1509 3539 1590 3584 est
1631 3546 1725 3601 per
1750 3533 2152 3600 experientiam,
2188 3547 2244 3587 se

685 3620 937 3676 inutiliter
982 3636 1045 3676 ac
1082 3619 1239 3674 stulta
1272 3621 1595 3689 perquirere,
1641 3619 1765 3689 quid
1798 3621 1903 3674 ait?
1944 3621 2032 3675 26.
2066 3620 2128 3673 Et
2161 3639 2242 3675 re-

685 3712 886 3778 spondit
915 3726 1001 3763 rea:
1022 3751 1037 3775 ,
1068 3719 1115 3764 et
1148 3711 1274 3762 dixit
1304 3709 1503 3762 Danieli
1522 3750 1537 3771 ,
1578 3712 1722 3778 cujus
1762 3726 1939 3762 nomen
1968 3710 2199 3763 Baltasar
2225 3727 2245 3765 .'

687 3801 902 3855 Potesne
943 3800 1063 3853 mihi
1107 3800 1392 3853 renuntiare
1429 3801 1672 3852 somnium
1697 3800 1828 3868 quod
1865 3800 1982 3861 vidi,
2006 3810 2050 3854 et
2075 3802 2243 3869 conje-

685 3904 878 3946 cturam
906 3892 1058 3961 ejus?
1086 3891 1282 3960 Majore
1303 3906 1419 3944 cum
1444 3892 1655 3945 lenitate
1675 3890 1903 3945 disserit.
1934 3890 2049 3945 Non
2069 3891 2199 3945 dixit
2225 3909 2237 3922 -

686 3985 743 4037 Si
773 4000 876 4038 non
904 3983 1153 4051 potueris,
1181 3981 1365 4035 eadem
1391 3997 1507 4051 quae
1535 3982 1623 4035 alii
1668 3982 1900 4050 patieris.
1924 3982 2057 4048 Quid
2088 3984 2245 4051 igitur

690 4073 911 4127 Daniel?
938 4072 1026 4125 27.
1062 4089 1079 4123 ‹
1116 4072 1182 4125 Et
1204 4072 1472 4139 respondit
1499 4072 1681 4125 Daniel
1708 4086 1884 4125 coram
1914 4086 2057 4141 rege,
2085 4080 2138 4126 et
2164 4071 2243 4125 di-

688 4164 761 4217 xit
788 4180 805 4217 :
830 4161 1155 4233 Mysterium,
1192 4160 1328 4231 quod
1360 4176 1451 4214 rex
1478 4161 1749 4229 perquirit,
1784 4178 1886 4214 non
1921 4171 2003 4215 est
2030 4162 2241 4231 sapien-

688 4265 820 4318 tum,
848 4267 1138 4321 magorum,
1171 4252 1574 4315 iucantatorum,
1602 4265 1699 4304 nec
1738 4251 2122 4305 Gazarenorum
2152 4267 2243 4320 po-

690 4353 850 4399 testas
875 4342 1185 4395 annuntiare
1214 4340 1323 4410 regi
1354 4356 1367 4392 :
1394 4339 1481 4395 28.
1512 4338 1603 4392 sed
1630 4348 1709 4392 est
1738 4339 1871 4393 Deus
1908 4340 1958 4392 in
1982 4340 2131 4405 cazlo,
2154 4342 2241 4408 qui

689 4434 885 4492 revelat
911 4434 1157 4503 mysteria
1190 4450 1202 4485 :
1234 4442 1285 4485 et
1311 4442 1432 4485 nota
1468 4430 1587 4484 fecit
1616 4430 1724 4499 regi
1746 4429 2243 4484 Nabuchodonosori

692 4543 808 4597 qua:
849 4534 1086 4597 oporteat
1135 4525 1245 4578 tieri
1290 4525 1338 4577 in
1375 4524 1669 4577 novissimis
1720 4521 1922 4578 diebus.
1960 4542 1979 4575 ›
2013 4523 2241 4580 Observa

692 4618 1014 4689 prudentiam
1053 4616 1335 4685 prophetae.
1361 4614 1472 4667 Non
1494 4615 1623 4668 dixit
1656 4616 1851 4676 statim,
1890 4614 2107 4668 Possum
2147 4628 2243 4667 an.

693 4708 933 4762 nuntiare
961 4705 1050 4758 tibi
1077 4721 1089 4756 :
1126 4704 1217 4757 sed
1244 4702 1381 4772 quod
1419 4713 1540 4757 ante
1569 4704 1740 4757 omnia
1770 4703 2041 4771 oportebat
2065 4718 2241 4772 regem

688 4798 845 4860 scire,
875 4794 925 4849 id
951 4793 1101 4847 dicit.
1126 4792 1440 4861 Mysterium,
1468 4794 1650 4860 inquit,
1679 4793 1810 4857 quod
1834 4809 1921 4845 rex
1947 4793 2238 4863 interrogat,

683 4886 949 4954 sapientes,
982 4881 1133 4950 magi,
1165 4881 1511 4945 incontatores,
1553 4880 1795 4934 Gazareni
1826 4891 2067 4948 nequeunt
2106 4882 2240 4933 indi-

686 4990 801 5028 care
828 4973 971 5043 regi:
998 4982 1067 5025 est
1096 4970 1230 5023 Dcus
1253 4971 1303 5022 in
1334 4971 1453 5022 caelo
1478 4971 1562 5038 qui
1599 4972 1778 5023 rerelat
1818 4972 2069 5045 mysteria.
2101 4974 2242 5041 Apo-

686 5066 875 5134 logiam
904 5064 1022 5117 facit
1044 5078 1137 5131 pro
1158 5062 1221 5116 iis
1241 5061 1328 5130 qui
1350 5061 1541 5129 injuste
1566 5062 1721 5114 occisi
1750 5062 1973 5125 fuerant,
1997 5072 2048 5115 et
2066 5071 2240 5117 osten-

686 5156 764 5209 dit
795 5170 896 5207 non
926 5168 983 5207 se
1010 5168 1126 5207 esse
1162 5154 1249 5220 qui
1289 5167 1400 5205 rem
1434 5151 1676 5221 explicet.
1729 5151 1841 5205 Non
1886 5152 2019 5217 ideo,
2054 5154 2235 5222 inquit,

690 5246 796 5301 dixi
818 5243 955 5299 istud
978 5257 1247 5313 magorum
1276 5257 1379 5296 non
1407 5257 1545 5308 esse,
1575 5252 1630 5296 ut
1667 5257 1751 5295 me
1780 5242 1947 5309 ipsum
1989 5241 2093 5295 illis
2130 5243 2237 5295 cla-

686 5338 881 5389 riorem
909 5332 1173 5395 iacerem;
1204 5331 1297 5385 sed
1326 5342 1379 5383 ut
1423 5331 1615 5397 discas,
1661 5331 1799 5400 quod
1841 5346 2008 5399 neque
2049 5346 2143 5400 ego
2187 5331 2238 5385 id

687 5424 974 5477 secundum
1005 5422 1282 5474 humanam
1310 5430 1546 5473 naturam
1591 5419 1817 5489 profero.
1850 5420 1911 5472 At
1939 5430 2007 5472 est
2033 5417 2167 5471 Deus
2186 5422 2238 5471 in

683 5515 828 5568 sario.
853 5514 965 5567 Non
994 5514 1097 5567 illic
1124 5513 1285 5567 Deum
1315 5512 1608 5576 concludit;
1637 5512 1730 5565 sed
1749 5521 2012 5581 tamquam
2034 5511 2098 5565 ad
2122 5510 2240 5565 bar-

686 5607 868 5660 barum
895 5604 1102 5658 interim
1125 5605 1374 5673 loquitur,
1402 5618 1624 5672 eumque
1648 5618 1676 5656 a
1708 5612 1843 5657 terra
1863 5602 2107 5657 abducit:
2134 5619 2236 5657 nou

688 5696 818 5750 sicut
846 5695 918 5751 dii
947 5695 1104 5749 vestri
1139 5694 1223 5763 qui
1269 5693 1403 5747 circa
1436 5702 1631 5749 terram
1671 5692 1985 5746 volutantur.
2024 5691 2085 5744 Et
2122 5702 2236 5746 noti

1424 344 1478 399 S.
1520 345 1791 401 JOANNIS
1825 346 2292 405 CllRYSOSTOMl
2332 349 2641 408 ARCHIEP.
2681 353 3206 414 CONSTANTINOP.

722 457 875 521 piens
904 470 917 509 :
950 455 1385 525 quemadmodum
1426 458 1470 511 si
1499 458 1611 526 quis
1644 459 1693 511 in
1720 460 2026 512 memoriam
2064 460 2280 529 alicujus

719 542 859 599 acris
871 545 1136 609 amatoris,
1150 560 1356 600 amores
1372 546 1663 600 reduceret.
1681 546 1946 615 Conﬁteor,
1967 548 2146 616 inquit,
2162 564 2280 617 gra-

724 634 821 687 tias
835 648 950 703 ago,
968 644 1012 688 et
1031 633 1198 701 laudo,
1212 636 1326 706 quia
1346 636 1637 704 sapientiam
1654 648 1697 690 et
1714 638 2087 707 intelligentiam
2101 638 2279 692 dedisti

3831 371 3947 427 204

2384 463 2498 530 fecit
2535 465 2637 534 regi
2679 464 3159 524 Nabuchodonosori
3197 487 3309 540 qua
3333 475 3501 542 futura
3528 474 3624 526 sint
3660 474 3711 527 in
3753 474 3945 529 ultimis

2384 554 2695 622 temporibus.
2747 556 2891 623 Vide,
2938 575 3031 628 per
3072 561 3345 629 :enigmata
3385 562 3659 626 edisserit;
3692 571 3747 617 et
3775 573 3940 619 totam

2382 656 2644 698 summam
2672 646 2883 701 visionis
2910 649 2959 702 iu
2999 650 3215 703 exordio
3244 652 3659 719 comprehendit,
3694 655 3941 722 regisque

2379 742 2606 787 mentem
2650 746 2869 803 recreat,
2907 737 3033 792 dum
3061 739 3187 793 nihil
3230 756 3404 809 grave,
3445 757 3612 810 neque
3652 744 3938 797 molestum

2378 820 2583 876 cﬂ'atur.
2619 841 2637 874 ε
2666 824 2938 881 Somnium
2977 836 3141 895 tuum,
3169 847 3186 879 ι
3215 830 3399 898 inquit,
3438 848 3456 881 ι
3484 840 3535 883 et
3577 830 3805 885 visiones
3844 848 3941 886 ca-

2378 914 2497 982 pitis
2527 916 2597 969 tui
2626 916 2677 969 in
2700 917 2855 971 cubili
2884 928 2971 973 tuo
3001 937 3013 970 :
3042 918 3142 973 hoc
3170 930 3251 974 est
3283 938 3294 974 :
3324 920 3412 974 29.
3444 921 3793 991 Cogitationes
3826 935 3936 978 tum

2376 1005 2428 1057 in
2455 1005 2626 1060 cubile
2666 1016 2805 1061 tuum
2850 1010 3216 1076 ascenderunt,
3252 1012 3372 1080 quid
3403 1020 3641 1081 oporteat
3668 1012 3779 1067 ﬂeri
3808 1023 3933 1081 post

2376 1093 2507 1149 btec.
2532 1096 2595 1149 Et
2620 1098 2703 1165 qui
2728 1098 2923 1151 revelat
2943 1100 3209 1169 mysteria,
3235 1101 3478 1155 iudicavit
3505 1102 3596 1155 tibi
3626 1116 3741 1171 qua:
3766 1117 3932 1171 Opor-

2375 1195 2477 1239 teat
2504 1187 2632 1241 ﬁeri.
2674 1206 2693 1239 ›
2729 1188 2804 1242 Ex
2834 1190 2971 1259 vulgi
3001 1191 3245 1260 opinione
3270 1192 3517 1261 loquitur,
3550 1193 3694 1261 quasi
3725 1197 3930 1246 somnia

2373 1293 2529 1347 super
2556 1288 2709 1348 caput
2733 1290 2870 1335 stent
2910 1281 3141 1351 (Homer.
3172 1280 3246 1337 Il.
3288 1281 3348 1335 Β.
3378 1283 3524 1351 20),
3558 1298 3647 1336 seu
3682 1283 3820 1352 quod
3854 1283 3932 1337 ibi

2372 1369 2439 1422 sit
2462 1370 2800 1424 ratiocinandi
2838 1372 2935 1437 vis,
2980 1387 3073 1427 seu
3112 1388 3207 1441 per
3242 1383 3397 1441 caput
3437 1374 3673 1443 designat
3698 1375 3879 1428 oculos
3912 1393 3931 1430 :

2369 1467 2428 1513 ut
2450 1460 2605 1526 dicat,
2629 1461 2706 1514 Tu
2732 1462 2997 1530 przebnisti
3025 1478 3255 1517 causam.
3294 1463 3399 1518 Nec
3442 1464 3746 1532 simpliciter
3770 1464 3929 1530 dixit,

2370 1548 2508 1603 Deus
2534 1549 2625 1603 tibi
2669 1550 3038 1617 manifestavit,
3077 1552 3189 1616 sed,
3232 1551 3505 1622 Cogitabas
3530 1553 3652 1622 quid
3692 1554 3931 1609 futurum

2368 1648 2505 1693 esset
2527 1650 2645 1708 post
2669 1643 2797 1694 haec.
2822 1641 2949 1709 Quia
2974 1643 3110 1696 enim
3142 1642 3321 1697 orbem
3351 1652 3605 1697 terrarum
3634 1644 3927 1710 devicerat,

2366 1729 2641 1798 reputabat
2664 1745 2861 1796 secum,
2894 1746 3018 1784 num
3045 1730 3110 1784 ad
3150 1731 3341 1786 liberos
3382 1732 3490 1801 ipse
3523 1748 3737 1802 regnum
3780 1744 3930 1788 esset

2368 1818 2803 1885 transmissurus,
2840 1820 2950 1873 sive
2983 1835 3049 1873 an
3096 1821 3381 1874 moriturus
3417 1830 3574 1875 esset.
3626 1822 3753 1875 Nam
3788 1825 3933 1877 solet

2366 1907 2753 1977 quodammodo
2776 1910 3078 1979 magnitudo
3109 1910 3313 1980 imperii
3337 1913 3492 1965 etiam
3523 1928 3617 1967 nos
3647 1912 3839 1967 ducere
3867 1914 3926 1967 in

2363 1998 2676 2051 oblivionem
2707 2007 2924 2062 naturae,
2953 2008 3005 2053 et
3030 1999 3167 2068 quod
3213 2001 3447 2055 mortalis
3487 2016 3546 2055 ea
3592 2003 3678 2056 sit.
3724 2002 3928 2056 Verisi-

2361 2086 2485 2139 mile
2514 2087 2667 2155 igitur
2692 2095 2774 2141 est
2802 2088 2970 2155 illum,
3002 2104 3118 2142 cum
3146 2089 3414 2143 incidisset
3442 2090 3489 2142 in
3512 2091 3721 2160 pelagus
3750 2100 3801 2145 et
3835 2092 3925 2144 in-

2362 2173 2562 2229 ﬁnitam
2590 2176 2975 2233 multitudinem
3002 2177 3206 2233 fortiter
3235 2194 3295 2232 ac
3324 2179 3572 2247 praeclare
3601 2197 3627 2233 a
3660 2195 3717 2233 se
3742 2190 3925 2249 gesto-

2360 2279 2497 2330 rum,
2525 2280 2626 2319 non
2665 2266 2945 2320 admodum
2990 2266 3276 2321 credidisse
3316 2269 3621 2321 moriturum
3669 2282 3785 2322 esse
3832 2284 3923 2322 se.

2360 2353 2501 2407 Idem
2530 2370 2733 2424 quoque
2759 2370 2944 2425 passus
2973 2365 3053 2409 est
3076 2356 3209 2408 alius
3241 2373 3328 2410 rex
3362 2356 3689 2427 (a).ldeoquc
3726 2366 3777 2411 et
3800 2358 3917 2425 qui-

2358 2442 2475 2495 dam
2506 2444 2569 2496 ad
2596 2445 2763 2511 ipsum
2792 2444 2995 2498 dicebat
3027 2463 3038 2495 :
3086 2445 3157 2497 Tu
3193 2462 3304 2499 vero
3340 2448 3485 2499 homo
3534 2464 3602 2511 es,
3646 2465 3741 2500 non
3777 2448 3925 2501 Deus

2360 2533 2568 2603 (Ezeclt.
2606 2535 2692 2589 9.8.
2721 2535 2773 2603 2)
2801 2552 2817 2589 :
2855 2536 2919 2589 ad
2960 2537 3171 2606 Tyrium
3218 2553 3404 2607 nempe
3432 2538 3666 2606 loquens.
3699 2538 3764 2592 Et
3794 2539 3921 2593 vide

2354 2623 2614 2692 quomodo
2663 2625 2857 2694 absque
2903 2626 3114 2680 vulnere
3162 2628 3327 2695 ipsum
3386 2628 3736 2695 reprehendit.
3794 2628 3915 2681 Non

2354 2715 2491 2768 enim
2513 2714 2659 2777 dixit,
2692 2715 2801 2770 [loc
2826 2716 3118 2785 suspicatus
3152 2733 3208 2771 es
3241 2732 3302 2771 ac
3340 2719 3559 2786 Sperasti
3586 2735 3599 2770 :
3630 2719 3739 2781 sed,
3777 2719 3919 2783 Quid

2352 2816 2540 2873 Oportet
2562 2806 2670 2872 ﬁeri
2708 2818 2816 2875 post
2853 2808 2997 2859 lucc?
3022 2810 3122 2860 Ista
3158 2819 3330 2862 mente
3359 2811 3609 2879 agitabas,
3639 2825 3698 2861 ac
3738 2818 3916 2863 tecum

2356 2895 2634 2962 reputabas
2660 2911 2673 2948 :
2704 2895 2949 2963 quidnam
2990 2898 3187 2951 scilicet
3218 2899 3443 2951 futurum
3472 2907 3631 2951 esset.
3670 2895 3733 2949 In
3760 2899 3921 2950 cubili

2353 2994 2454 3038 tuo.
2484 2984 2615 3039 Cum
2644 2987 2811 3040 nullus
2838 3000 2977 3042 esset
3004 2989 3090 3057 qui
3120 2988 3456 3053 obturbaret,
3487 2989 3578 3043 sed
3619 2990 3823 3043 animus
3853 2990 3912 3043 in

2349 3078 2525 3146 quiete
2583 3087 2915 3144 versaretur;
2967 3079 3175 3148 quando
3226 3082 3485 3150 praecipue
3532 3082 3915 3148 cogitationum

2350 3170 2498 3224 turba
2538 3185 2631 3224 nos
2671 3170 2889 3237 invadit,
2935 3173 3108 3240 quiete
3152 3182 3305 3241 atque
3346 3173 3456 3225 otio
3501 3172 3739 3226 abutens.
3785 3170 3917 3225 Ideo

2348 3260 2525 3313 multis
2551 3275 2663 3313 mos
2688 3270 2767 3314 est
2800 3268 3004 3329 tempus
3034 3261 3159 3314 illud
3198 3262 3247 3315 in
3278 3262 3513 3315 oratione
3543 3276 3859 3315 consumere
3892 3278 3907 3315 :

2348 3348 2466 3415 quia
2489 3348 2679 3401 scilicet
2708 3357 2828 3401 tunc
2848 3351 3050 3402 animus
3076 3350 3304 3414 otiatur;
3325 3360 3377 3404 et
3406 3364 3647 3418 magnum
3668 3350 3909 3417 capimus

2348 3436 2735 3502 detrimentum,
2762 3439 2803 3491 si
2844 3449 2966 3492 tunc
3004 3439 3201 3494 inerti-.1:
3233 3456 3326 3492 nos
3367 3441 3685 3494 dederimus.
3732 3440 3792 3492 Et
3818 3443 3911 3510 qni

2347 3531 2527 3583 revelat
2556 3532 2803 3599 mysteria,
2834 3531 3069 3583 indicauit
3096 3532 3181 3584 tibi
3205 3548 3316 3601 qua:
3345 3542 3563 3601 Oporteat
3589 3533 3715 3599 ﬁeri.
3748 3533 3909 3601 Aspi-

2347 3632 2428 3681 ce,
2460 3618 2644 3671 iterum
2667 3618 2776 3685 jam
2821 3618 2911 3673 Dei
2948 3622 3204 3674 meminit.
3232 3620 3338 3674 Nec
3376 3621 3425 3673 id
3470 3622 3769 3689 vulgaritcr.
3800 3622 3915 3676 Sed

2347 3708 2452 3762 illic
2486 3708 2695 3777 quidem
2736 3710 2809 3762 ait
2848 3728 2862 3758 :
2902 3728 2919 3759 ‹
2950 3711 3046 3776 Qui
3084 3721 3161 3764 est
3211 3713 3261 3765 in
3307 3712 3465 3775 caalo;
3500 3731 3517 3763 ι
3565 3712 3648 3767 hic
3686 3720 3861 3766 autem
3894 3733 3907 3767 :

2352 3815 2371 3847 ι
2405 3799 2500 3862 Qui
2539 3798 2733 3852 revelat
2770 3800 3063 3869 mysteria.)
3089 3801 3247 3856 '50.Et
3289 3801 3417 3855 mihi
3458 3810 3630 3855 autem
3680 3817 3784 3855 non
3813 3815 3909 3855 sa-

2348 3888 2558 3955 pientia,
2582 3905 2695 3956 qua:
2716 3889 2771 3941 ﬁt
2797 3890 2847 3941 in
2873 3905 2955 3943 me
2979 3906 3084 3958 pra:
3101 3891 3341 3944 omnibus
3366 3893 3675 3956 viventibus,
3704 3902 3910 3961 myste-

2345 3974 2478 4028 rium
2523 3975 2619 4029 lioc
2654 3977 2941 4030 revelatum
2985 3988 3065 4031 est
3106 3995 3117 4030 :
3162 3978 3253 4031 sed
3302 3990 3355 4030 ut
3394 3979 3749 4045 conjecturam
3792 3982 3906 4048 regi

2346 4066 2590 4129 indicem,
2645 4075 2695 4120 et
2739 4075 2795 4119 ut
2841 4078 3125 4135 cognosms
3161 4068 3499 4136 cogitationes
3541 4067 3711 4121 cordis
3742 4069 3835 4119 tui.
3882 4086 3908 4119 ι

2346 4156 2566 4210 Tantum
2595 4171 2697 4209 non
2720 4156 2898 4210 dicens
2922 4174 2934 4208 :
2959 4156 3115 4225 Origo
3144 4158 3456 4211 inventionis
3484 4172 3585 4209 non
3612 4166 3693 4211 est
3720 4171 3748 4208 a
3772 4172 3859 4211 me
3886 4175 3899 4209 :

2345 4246 2439 4300 sed
2470 4261 2636 4315 neque
2665 4247 2716 4299 in
2755 4262 2817 4300 eo
2847 4247 2959 4314 ipso
2985 4246 3121 4315 quod
3158 4262 3269 4300 rem
3320 4253 3510 4315 praeter
3543 4246 3673 4300 alios
3705 4245 3910 4299 didice-

2348 4336 2465 4400 rim,
2494 4337 2697 4389 caeteris
2745 4336 3101 4404 praeferendus
3140 4351 3273 4389 sum.
3323 4336 3432 4389 Non
3475 4338 3613 4390 enim
3651 4338 3769 4405 quia
3814 4352 3907 4391 me

2346 4426 2634 4495 sapientem
2661 4440 2779 4479 esse
2816 4427 3042 4494 agnovit,
3081 4425 3133 4478 id
3163 4426 3300 4478 Deus
3332 4425 3469 4479 fecit.
3501 4425 3555 4479 Si
3585 4426 3722 4480 enim
3760 4434 3908 4494 post-

2345 4531 2500 4584 quam
2532 4517 2625 4568 ista
2666 4515 2882 4571 dixisset
2916 4515 3114 4580 Daniel,
3158 4514 3325 4582 ipsum
3374 4523 3429 4567 ut
3468 4515 3629 4568 Deum
3668 4513 3909 4567 adomvit

2345 4622 2473 4659 rex:
2500 4606 2621 4675 quid
2647 4607 2688 4659 si
2717 4605 2767 4659 id
2797 4607 3135 4675 proloquutus
3166 4622 3268 4659 non
3308 4605 3519 4660 inisset?
3554 4605 3657 4659 Sed
3687 4616 3907 4674 propter

2347 4704 2414 4757 te,
2448 4696 2629 4764 inquit.
2673 4695 2749 4748 Tu
2795 4696 2921 4748 mihi
2965 4697 3160 4765 gratias
3202 4694 3395 4749 habere
3434 4710 3536 4749 non
3582 4695 3761 4760 debes,
3805 4695 3906 4749 sed

2345 4800 2439 4853 ego
2464 4784 2551 4838 tibi
2581 4801 2593 4837 :
2621 4792 2676 4837 ut
2705 4784 2841 4837 enim
2871 4794 2922 4837 tu
2950 4785 3286 4853 intelligeres,
3314 4799 3411 4853 ego
3440 4784 3615 4839 didici.
3644 4784 3814 4838 Cerne
3848 4793 3908 4835 ut

2345 4874 2485 4927 illum
2526 4873 2765 4927 conciliet
2811 4874 2938 4935 Deo,
2980 4884 3032 4926 et
3069 4883 3123 4926 ut
3167 4874 3395 4927 futurum
3425 4874 3558 4927 circa
3591 4889 3708 4927 eum
3739 4872 3909 4925 mira-

2344 4965 2535 5028 culum,
2598 4966 2721 5018 item
2769 4978 3004 5017 amorem
3055 4964 3414 5017 vehementem
3456 4978 3578 5033 erga
3616 4976 3765 5024 eum,
3808 4975 3908 5028 per

2346 5056 2768 5124 anticipationem
2816 5056 2922 5108 Deo
2955 5054 3205 5123 assignet.
3253 5054 3351 5121 Qui
3374 5055 3514 5108 enim
3558 5052 3773 5108 edocms
3799 5060 3907 5115 est,

2346 5146 2482 5214 quod
2516 5145 2653 5199 Deus
2674 5144 2724 5197 in
2754 5143 3004 5197 honorem
3034 5145 3193 5211 ipsius
3222 5144 3270 5197 id
3300 5145 3423 5212 egit,
3455 5141 3797 5211 proculdubio
3828 5140 3909 5194 illi

2343 5234 2647 5288 conciliatus
2670 5241 2769 5286 est.
2791 5231 2864 5285 Te
2885 5232 3073 5299 magis,
3092 5231 3274 5301 inquit,
3303 5230 3594 5295 honoravit,
3618 5244 3773 5297 quam
3795 5243 3905 5282 me.

2346 5322 2503 5377 Vides
2541 5336 2695 5392 quam
2742 5320 3048 5376 ambitiosus
3086 5337 3189 5375 non
3226 5322 3295 5376 sit
3328 5320 3557 5390 juvenis,
3596 5328 3753 5388 utque
3797 5334 3907 5374 non

2407 5519 2479 5591 (α)
2492 5518 2786 5591 ,ἶὶδοδδὶυβη
2802 5518 3038 5591 ’ἱῖηῖίτυξηο
3053 5579 3065 5591 .
3078 5517 3313 5591 “emori?
3338 5515 3521 5591 .‘i‘P‘E"?
3536 5515 3912 5591 _T'3??d9'.¢§93v

2343 5577 2428 5640 qui
2449 5577 2506 5627 ad
2529 5586 2641 5640 Dan_.
2666 5578 2713 5637 ‘2,
2725 5577 2806 5640 t6,
2822 5578 3321 5627 Nahnc'bodonosorem
3338 5578 3703 5640 interpretatur.
3720 5580 3912 5626 Rectius

2338 5636 2401 5689 id
2420 5640 2587 5701 Ezech.
2606 5637 2687 5701 ~28,
2717 5639 2761 5701 Ξ,
2781 5640 3042 5701 principem
3065 5641 3168 5700 Tyri
3195 5638 3426 5701 agnoscit.
3447 5636 3614 5686 Aﬂlnis
3630 5648 3766 5687 error
3780 5640 3913 5701 apud

2344 5700 2607 5765 Origenem
2630 5700 2711 5749 lib.
2730 5700 2758 5747 4
2781 5698 2843 5748 de
2866 5698 3123 5760 Principiis,
3144 5711 3245 5759 cap.
3273 5698 3319 5745 2.
