4140 6314
165 345 283 402 203

161 458 260 511 καὶ
311 456 442 510 ἀλλα
500 456 756 519 ἀξιῶσαι,
805 455 944 506 ὥστε
995 453 1083 506 καὶ
1118 450 1210 520 τὴν
1269 450 1545 521 σύγκρισιν
1582 449 1726 517 αὐτῷ

161 543 448 612 γνωρίσαι.
508 543 629 594 Ὅτι
677 541 739 594 τὸ
792 541 977 608 ὅραμα
1033 537 1135 591 τοῦ
1178 536 1516 601 βασιλέως,
1565 535 1729 604 φησὶ,

160 630 495 699 ἐγνώρισάς
533 648 656 699 μοι.
717 628 827 681 Kal
854 630 1071 691 εὐθέως
1123 623 1267 694 ἦλθε
1322 623 1541 691 Δανιὴλ
1588 622 1733 690 πρὸς

174 715 402 781 Ἀριὼχ,
429 713 500 767 ὃν
535 714 885 780 κατέστησε,
933 712 1084 781 φησὶ,
1128 715 1159 765 ό
1186 709 1481 775 βασιλεὺς
1517 707 1733 762 ἀπολέ-

163 814 275 851 σαι
319 800 459 864 τοὺς
504 799 733 866 σοφοὺς
775 796 1145 859 Βαϐυλῶνος,
1200 795 1295 847 καί
1341 791 1506 848 εἶπεν
1537 792 1728 855 αὐτῷ’

169 885 321 948 Τοὺς
352 884 579 951 σοφοὺς
601 884 949 946 Βαϐυλῶνος
972 881 1057 949 μὴ
1092 880 1397 948 ἀπολέσῃς
1420 896 1432 909 ·
1460 878 1732 947 εἰσάγαγε

165 972 234 1025 δέ
263 990 340 1039 με
387 972 639 1024 ἐνώπιον
669 973 771 1025 τοῦ
800 969 1119 1035 βασιλέως,
1161 968 1256 1021 καί
1306 965 1614 1037 ἀπαγγελῶ
1654 963 1733 1030 τῷ

162 1058 421 1121 ,ϐασιλεῖ
454 1059 568 1124 τὴν
612 1059 929 1126 σύγκρισιν
964 1055 1067 1108 τοῦ
1119 1055 1427 1123 ὁράματος.
1492 1052 1731 1123 Ἔδραμε

167 1146 307 1215 πρὸς
334 1146 496 1197 αὑτὸν
525 1146 614 1196 καί
637 1162 766 1213 φησι
794 1162 807 1171 ·
846 1142 987 1206 Τοὺς
1011 1142 1241 1210 σοφοὺς
1263 1139 1613 1203 Βαϐυλῶνος
1644 1138 1729 1207 μὴ

164 1233 505 1299 ἀπολέσῃς.
558 1232 653 1294 Τίς
700 1232 765 1284 ἀν
811 1231 1121 1299 ἐφρόντισεν
1177 1228 1436 1293 ἐκείνων;
1493 1227 1634 1297 Ὅρα
1672 1228 1732 1279 :6

169 1319 551 1387 φιλάνθρωπον
586 1320 678 1370 καὶ
700 1319 901 1387 ἥμερον
933 1315 1023 1368 τοῦ
1049 1316 1342 1384 προφήτου.
1385 1313 1519 1366 Ἄλλ*
1540 1314 1637 1366 οὐκ
1667 1314 1732 1366 ἂν

168 1406 436 1475 ἠκούσθη,
464 1406 511 1457 εἰ
542 1405 613 1475 μὴ
656 1406 870 1457 κάκεῖνο
901 1402 1233 1472 προσέθηκεν
1254 1419 1266 1431 ·
1314 1400 1604 1468 Εἰσάγαγέ
1634 1417 1729 1468 με,

172 1496 327 1565 φησὶ,
364 1494 463 1546 καὶ
502 1491 818 1561 ἀπαγγελῶ
862 1490 941 1555 τῷ
967 1489 1217 1553 ,ϐασιλεῖ
1258 1488 1370 1553 τὴν
1418 1490 1734 1554 σύγκρισιν

169 1583 279 1635 τοῦ
304 1582 615 1648 ὁράματος.
657 1582 791 1633 Τότε
830 1578 1054 1646 Ἀριὼχ,
1096 1577 1278 1647 φησὶν,
1323 1575 1598 1644 εἰσήγαγε
1630 1575 1734 1628 τὸν

170 1669 399 1735 Δανιὴλ
446 1671 514 1721 ὲν
566 1666 805 1734 σπουδῇ
852 1667 1105 1720 ἐνώπιον
1138 1665 1244 1718 τοῦ
1280 1664 1602 1728 βασιλέως,
1638 1662 1735 1716 καί

169 1757 338 1808 εἴπεν
395 1756 591 1819 αὐτῷ·
646 1754 883 1821 Εῧρηκα
932 1752 1117 1818 ἄνδρα
1168 1752 1235 1804 ἐκ
1283 1750 1399 1803 τῶν
1438 1747 1578 1804 υίῶν
1629 1748 1737 1817 τῆς

170 1843 584 1911 αἰχμαλωσίας
614 1840 723 1907 τῆς
770 1840 1089 1903 Ἰουδαίας,’
1128 1839 1291 1902 ὅστις
1332 1838 1398 1890 τὸ
1444 1839 1737 1905 σύγκριμα

170 1928 498 1995 ἀναγγελεῖ
519 1924 878 1991 τῷβασιλεῖ.
917 1924 1047 1977 Ἀπὸ
1077 1923 1192 1976 τῶν
1220 1922 1363 1975 υἰῶν
1386 1921 1494 1991 τῆς
1526 1925 1734 1991 αἰχμά⁴

170 2016 420 2079 λωσίας.
474 2014 655 2082 φησὶν,
708 2012 930 2077 εῧρηκα
968 2009 1171 2077 ἄνδρα.
1227 2008 1338 2062 Ούκ
1391 2008 1626 2079 ᾐσχύνθη
1677 2009 1738 2061 :6

170 2102 347 2169 γένος.
388 2103 556 2155 Ὅταν
596 2100 702 2170 γὰρ
750 2101 958 2166 ἀνάγκη
997 2098 1263 2151 ἐπίκειται
1310 2097 1529 2165 μείζων,
1589 2096 1738 2150 οὐδὲν

169 2190 376 2241 τούτων
402 2188 666 2257 ζητεῖται,
713 2184 823 2238 ἀλλ’
862 2186 888 2237 6
917 2182 1082 2251 τῦφος
1118 2184 1145 2234 6
1177 2184 1233 2234 ἐν
1274 2186 1390 2245 ταῖς
1425 2183 1737 2253 εὐημερίαις

171 2276 315 2337 ἄπας
354 2272 790 2326 καταστέλλεται.
836 2271 941 2322 Καὶ
987 2267 1093 2337 γάρ
1125 2270 1152 2321 6
1178 2267 1345 2320 νοσῶν
1377 2269 1476 2321 οὐκ
1511 2270 1574 2322 ἀν
1611 2286 1735 2321 ποτε

168 2361 261 2413 τοῦ
299 2358 486 2428 ἰατροῦ
518 2359 614 2427 τὴν
642 2357 917 2424 εὐγένειαν
958 2354 1390 2425 περιεργάσαιτο,
1435 2355 1526 2406 καὶ
1567 2353 1737 2417 ἄλλως

170 2446 495 2499 κινδυνεύων
516 2444 611 2499 ἀνθ
621 2459 796 2514 ρωπος
818 2442 914 2493 οὐκ
936 2440 1001 2493 ἂν
1027 2440 1613 2509 πολυπραγμονήσειεν,
1633 2440 1738 2491 εἴτε

170 2532 523 2602 εὐπατρίδης,
552 2532 660 2582 εἴτε
697 2531 725 2582 6
759 2527 935 2595 τυχὼν
966 2527 1049 2597 εἴη
1080 2528 1107 2578 ὸ
1148 2526 1353 2595 μέλλων
1396 2526 1555 2577 αὐτὸν
1583 2526 1740 2595 ἐξαρ-

169 2620 363 2681 πάζειν
397 2618 504 2668 τῶν
534 2615 809 2674 κινδύνων,
836 2614 947 2666 ἀλλ’
973 2613 1029 2664 ἓν
1065 2613 1220 2681 μόνον
1244 2612 1411 2681 ζητεῖ,
1445 2612 1539 2683 τὴν
1570 2612 1739 2665 ἀπαλο

165 2706 360 2773 λαγήν.
405 2704 499 2765 Τίς
526 2701 624 2754 οῦκ
651 2700 714 2753 ἂν
742 2699 1020 2769 αἰσχυνθῇ,
1063 2698 1145 2760 τίς
1182 2700 1277 2752 οὐκ
1316 2699 1379 2752 ἂν
1425 2698 1736 2769 ἐρυθριάσῃ,

168 2791 307 2858 ὁρῶν
340 2792 464 2851 τοὺς
499 2789 596 2857 μὲν
636 2790 691 2841 ἐν
724 2790 787 2857 τῇ
818 2786 1028 2854 πατρίδι
1065 2787 1268 2848 πάντας
1301 2785 1734 2854 ἀναιρουμένους,

167 2880 291 2941 τοῦς
312 2878 371 2930 δὲ
409 2875 782 2946 αἰχμαλώτους
813 2874 1179 2943 φυσωμένους,
1207 2874 1299 2925 καὶ
1326 2873 1463 2943 μέγα
1484 2874 1737 2945 φρονοῦν-

165 2981 299 3031 ταςς
338 2964 499 3016 Οὑδέν
538 2962 759 3023 τούτων,
804 2961 953 3014 οὐδὲν
1004 2960 1165 3022 αὐτὸς
1204 2960 1498 3029 ἐνενόησεν,
1541 2960 1651 3012 ἀλλ’
1680 2963 1736 3013 ἐν

169 3050 378 3118 σπουδῇ
440 3050 691 3110 κάκεῖνος
739 3046 988 3108 ἐκάλεσε,
1052 3046 1146 3097 καὶ
1218 3039 1369 3106 06:0;
1438 3045 1733 3114 ἠρώτησεν,

166 3135 351 3187 οὐκέτι
388 3134 524 3203 μετά
556 3134 651 3201 τῆς
684 3133 848 3199 αὐτῆς
875 3130 1144 3191 ἀπονοίας.
1194 3129 1405 3199 Ἐπειδὴ
1438 3131 1544 3200 γὰρ
1578 3132 1736 3199 ἠλέγ-

167 3223 269 3291 χθη
296 3222 386 3274 διά
422 3221 519 3289 τῆς
547 3220 738 3289 πείρας
774 3218 972 3287 ἀνόηττ
1007 3217 1085 3285 [ί.
1117 3216 1379 3287 ἀνόνητα]
1429 3220 1456 3270 6
1489 3217 1735 3286 βασιλεὺς

168 3307 461 3375 ἐπιζητῶν,
488 3307 540 3359 τί
574 3321 731 3374 φησις
765 3304 873 3356 Kal
903 3304 1187 3370 ἀπεκρίθη
1220 3306 1252 3356 ό
1282 3303 1597 3371 βασιλεὺς,
1634 3307 1732 3359 καί

165 3389 336 3447 εἶπεν
380 3391 457 3456 τῷ
493 3390 736 3456 Δανιὴλ,
783 3386 853 3444 οὗ
910 3389 975 3441 τὸ
1040 3390 1223 3457 ὄνομα
1276 3393 1617 3461 Βαλτάσαρ·
1665 3395 1735 3446 EI

165 3478 429 3531 δύνασαί
477 3495 575 3544 μοι
624 3474 963 3543 ἀναγγεῖλαι
1010 3474 1075 3526 τὸ
1117 3475 1417 3540 ἐνύπνιον,
1468 3478 1499 3531 ὸ
1547 3474 1727 3541 εἶδον,

167 3565 264 3615 καὶ
315 3562 431 3628 τὴν
485 3564 802 3631 σύγκρισιν
851 3561 1033 3615 αὑτοῦ
1060 3579 1077 3624 ;
1140 3562 1291 3615 Μετὰ
1340 3563 1579 3629 πλείονος
1634 3567 1731 3636 τῆς

166 3651 467 3711 ἐπιεικείας
487 3650 806 3715 διαλέγεται.
839 3648 951 3699 Ούκ
978 3644 1147 3700 εἶπεν·
1172 3650 1270 3702 ’Ἂν
1301 3651 1373 3719 μὴ
1390 3651 1636 3722 δυνηθῇς,
1664 3655 1732 3707 τὰ

167 3736 305 3787 αῦτά
336 3736 516 3803 πείσῃ.
549 3735 612 3785 Τί
640 3730 731 3785 οῦν
760 3735 787 3785 6
808 3734 1002 3802 Δανιήλ
1027 3752 1040 3798 ;
1069 3734 1174 3787 Καὶ
1197 3735 1484 3805 ἀπεκρίθη
1510 3739 1730 3806 Δανιὴλ

165 3820 419 3872 ἐνώπιον
453 3820 556 3873 τοῦ
597 3820 917 3884 βασιλέως,
957 3820 1052 3872 καὶ
1080 3817 1241 3873 εἴπεο
1280 3821 1347 3875 Τὸ
1377 3824 1726 3891 μυστήριον,

166 3907 197 3958 ὸ
229 3910 264 3959 ό
288 3906 586 3970 ,ϐασιλεὺς
605 3904 877 3971 ἐπιζητεῖ,
920 3908 1029 3959 οὐκ
1083 3907 1212 3959 ἔστι
1256 3908 1479 3976 σοφῶν,
1505 3911 1726 3982 μάγων,

164 3992 481 4053 ἐπαοιδῶν,
551 3989 903 4058 Γαζαρηνῶν
955 3992 1202 4059 δύναμις
1265 3994 1602 4063 ἀναγγεῖλαι
1652 3996 1729 4063 τῷ

159 4077 437 4142 βασιλεῖ·
472 4078 615 4131 ἀλλ’.
630 4079 760 4131 ἐστι
786 4077 926 4141 Θεὸς
950 4077 1018 4128 ἐν
1042 4077 1272 4143 οὐρανῷ
1296 4079 1729 4134 ἀποκαλύπτων

159 4164 486 4231 μυστήρια,
552 4162 648 4214 καί
707 4161 990 4229 ἐγνώρισε
1026 4159 1103 4225 τῷ
1143 4163 1392 4224 βασιλεῖ
1428 4168 1725 4235 Ναϐουχο-

164 4253 421 4318 δονόσορ
449 4251 485 4302 ἂ
508 4250 602 4302 δεῖ
619 4249 888 4316 γενέσθαι
913 4249 1003 4300 ἐπ’
1033 4250 1300 4317 ἐσχάτων
1331 4252 1446 4304 τῶν
1475 4255 1721 4322 ἡμερῶν,

166 4337 310 4407 Ὅρα
360 4336 570 4388 σύνεσιν
624 4335 716 4388 τοῦ
767 4336 1063 4405 προφήτου.
1125 4337 1234 4388 Ούκ
1292 4333 1440 4391 εἶπεν
1487 4341 1721 4404 εύθέωςυ

164 4423 407 4490 Δύναμαι
468 4420 792 4486 ἀπαγγεῖλαί
836 4437 949 4471 σοι’
1011 4420 1122 4472 ἀλλ’
1169 4421 1196 4473 ὃ
1240 4421 1343 4490 πρὸ
1380 4424 1588 4497 πάντων
1619 4427 1722 4480 ἔδει,

167 4507 361 4574 μαθεῖν
414 4506 777 4574 τὸνβασιλέα,
832 4504 987 4557 τοῦτο
1038 4506 1199 4574 λέγει.
1253 4508 1321 4561 Τὸ
1366 4513 1719 4580 μυστήριον,

164 4594 317 4659 φησὶ,
362 4592 392 4644 ὃ
432 4596 465 4645 d
488 4591 784 4655 βασιλεὺς
830 4591 1111 4657 ἐπερωτᾷ,
1164 4595 1270 4645 οὐκ
1322 4595 1451 4648 ἐστι
1495 4599 1718 4667 σοφῶν.

158 4679 385 4746 μάγων,
410 4675 720 4739 ἐπαοιδῶν,
746 4674 1097 4741 Γαζαρηνῶν
1117 4678 1362 4745 δύναμις
1382 4682 1720 4749 ἀναγγεῖλαι

163 4762 239 4825 τῷ
266 4763 546 4825 βασιλεῖ·
596 4762 725 4815 ἔστι
768 4760 908 4825 Θεὸς
928 4762 996 4812 ἐν
1023 4762 1250 4827 οὐρανῷ
1289 4765 1721 4822 ἀποκαλύπτων

159 4847 479 4913 μυστήρια.
534 4847 900 4913 Ἀπολογεῖται
944 4846 1080 4917 ὑπὲρ
1136 4848 1242 4901 τῶν
1284 4853 1464 4914 κακῶς
1510 4855 1718 4927 ἀναιρε-

164 4933 384 4994 θέντων,
413 4933 623 4994 δεικνὺς
645 4934 741 4984 οὐκ
767 4933 925 4984 αὑτὸν
942 4932 1068 4985 ὄντα
1093 4934 1180 4984 τὸν
1212 4933 1448 5002 λέγοντα.
1475 4937 1621 5010 [ειη
1643 4943 1716 4994 O6

161 5019 248 5072 διὰ
273 5018 450 5082 τοῦτο,
477 5020 627 5086 φησὶ,
652 5014 820 5079 εἷπον,
851 5020 929 5070 ὅτι
953 5020 1049 5070 οὐκ
1079 5019 1190 5071 ἔστι
1216 5023 1402 5089 μάγων
1432 5025 1602 5087 τοῦτο,
1633 5028 1717 5081 ἵνα

162 5104 397 5171 ἐμαυτὸν
430 5105 649 5156 ἐκείνων
682 5103 1051 5171 λαμπρότερον
1075 5104 1248 5167 δείξω,
1271 5108 1380 5159 ἀλλ’
1408 5110 1488 5161 ἵνα
1520 5112 1714 5185 μάθῃς,

161 5190 239 5241 ὅτι
268 5190 389 5241 οὐδὲ
426 5189 534 5257 ἐγὼ
563 5187 702 5241 κατά
742 5187 1078 5257 ἀνθρωπίνην
1123 5189 1262 5258 λέγω
1318 5194 1492 5260 φύσιν.
1566 5200 1713 5252 Ἀλλ’

161 5274 291 5327 ἔστι
332 5276 470 5340 Θεὸς
513 5276 581 5327 ἐν
623 5272 868 5340 οὐρανῷ.
910 5275 1022 5326 υύκ
1065 5276 1179 5327 ἐκεῖ
1212 5280 1501 5346 συγκλείων
1532 5286 1710 5350 αὑτὸν,

162 5363 270 5414 ἀλλ’
300 5363 376 5425 ὼς
406 5363 538 5431 πρὸς
577 5362 844 5433 βάρϐαρον
888 5360 1022 5423 τέως
1059 5362 1449 5435 διαλεγόμενος,
1488 5372 1579 5422 καὶ
1618 5376 1713 5442 τῆς

160 5449 260 5516 γῆς
295 5450 544 5515 ἀπάγων,
572 5450 670 5516 οὐχ
697 5446 770 5510 ὼς
795 5447 842 5498 οἱ
873 5445 1121 5515 ὑμέτεροι
1143 5451 1190 5499 οἰ
1222 5452 1346 5521 περὶ
1366 5454 1464 5523 γῆν
1500 5460 1713 5525 πρεφὸ.

166 5551 333 5599 μενοι,
366 5536 468 5587 Καὶ
492 5533 777 5601 ἐγνώρισε
808 5532 887 5597 τῷ
922 5532 1167 5594 ,βασιλεῖ
1192 5539 1711 5613 Ναϐουχοδονόσορ

163 5617 197 5668 ἁ
218 5618 313 5671 δεῖ
340 5619 607 5686 γενέσθαι
641 5618 731 5669 ἐπ’
751 5616 1019 5685 ἐσχάτων
1038 5617 1149 5671 τῶν
1165 5624 1414 5687 χρόνων.
1467 5628 1620 5697 Ὅρα,
1643 5631 1707 5683 δι’

166 5704 487 5773 αἰνιγμάτων
520 5704 687 5771 λέγει,
722 5710 811 5756 καὶ
842 5702 896 5754 :6
929 5704 1029 5755 πᾶν
1068 5705 1350 5773 κεφάλαιον
1393 5712 1486 5782 τῆς
1538 5716 1706 5784 ὅψεως

1537 335 1601 391 IN
1638 329 1998 388 DAMELEM.

3285 340 3397 397 204

1836 451 2219 522 περιλαμῦάνει
2250 453 2305 505 ἐν
2336 457 2444 519 τοῖς
2490 459 2809 527 προοιμίοις,
2859 455 2948 509 καὶ
2978 454 3184 523 ἀνίησιν
3225 450 3387 506 αὑτοῦ

1832 536 1929 606 τὴν
1962 536 2214 602 διάνοιαν,
2264 540 2413 594 οὐδὲν
2463 544 2730 613 φορτικὸν,
2769 542 2885 595 ούδέ
2928 538 3159 609 ἐπαχθὲς
3190 538 3382 604 λέγων.

1838 626 1903 678 Τὸ
1934 625 2217 679 ἐνύπνιόν
2255 643 2389 693 σου,
2418 631 2567 699 φησὶ,
2594 629 2692 683 καί
2716 633 2774 683 al
2806 627 3044 696 ὁράσεις
3071 625 3179 693 τῆς
3210 640 3390 692 κεφα-

1831 709 1946 777 λῆς
1974 725 2089 764 σου
2112 712 2207 765 ἐπὶ
2237 711 2342 780 τῆς
2368 716 2569 782 κοίτης
2615 730 2729 769 σου
2758 732 2770 746 θ
2819 714 3146 775 τουτέστιν,
3175 714 3227 764 οἰ
3260 710 3385 763 δια-

1831 798 2106 865 λογισμοί
2141 813 2255 851 σου
2283 798 2379 851 ἐπὶ
2416 799 2524 866 τῆς
2566 802 2763 866 κοίτης
2803 816 2915 852 σου
2958 797 3277 861 ἀνέϐησαν,
3328 794 3387 847 τί

1830 881 1925 934 δεῖ
1960 883 2233 951 γενέσθαι
2277 885 2425 952 μετὰ
2465 885 2666 939 ταῦτα.
2713 886 2817 938 Καὶ
2870 888 2901 938 d
2951 883 3387 937 ἀποκαλύπτων

1827 968 2147 1037 μυστήρια,
2180 969 2462 1038 ἐγνώρισέ
2481 986 2577 1024 σοι
2599 971 2635 1024 ἃ
2657 971 2750 1025 δεῖ
2771 972 3062 1038 γενέσθαι.
3105 968 3259 1021 Κατὰ
3290 969 3387 1035 τὴν

1832 1052 1938 1105 τῶν
1967 1053 2173 1105 πολλῶν
2207 1054 2459 1107 ὑπόνοιαν
2495 1056 2813 1124 διαλέγεται,
2850 1057 2922 1119 ὠς
2968 1056 3102 1126 ὑπὲρ
3148 1052 3385 1122 κεφαλῆς

1833 1137 1938 1190 τῶν
1970 1140 2188 1210 ὀνείρων
2242 1141 2559 1209 ἱσταμένων,
2602 1143 2633 1212 ἢ
2670 1144 2744 1204 ὡς
2786 1145 2901 1195 ἐκεῖ
2944 1141 3033 1195 τοῦ
3081 1138 3384 1208 λογιστικοῦ

1832 1226 1999 1290 ὄντος,
2028 1227 2060 1297 ἢ
2102 1228 2200 1296 τῆς
2227 1228 2484 1299 κεφαλῆς,
2514 1231 2619 1281 τῶν
2652 1230 2958 1299 ὀφθαλμῶν,
2995 1230 3082 1282 ἵνα
3120 1227 3248 1298 εῖπῃ
3269 1243 3283 1257 ·
3310 1225 3383 1279 Σὺ

1834 1310 2101 1381 παρέσχες
2131 1312 2330 1367 αἰτίαν.
2361 1314 2492 1367 Οὑδέ
2521 1314 2704 1376 ἁπλῶς
2731 1310 2900 1376 εἶπεν,
2931 1315 3011 1366 ὅτι
3054 1316 3110 1366 '0
3128 1312 3257 1375 Θεὸς
3303 1327 3386 1364 σοι

1833 1398 2046 1467 ἔφηνεν,
2073 1398 2227 1461 ἀλλὰ,
2246 1400 2549 1467 Διελογίζου
2575 1400 2626 1452 τί
2656 1402 2734 1453 δεῖ
2762 1401 3007 1469 γενέσθαι
3037 1400 3171 1470 μετά
3194 1399 3383 1452 ταῦτα.

1846 1484 2056 1553 Ἐπειδὴ
2095 1484 2201 1555 γὰρ
2240 1485 2341 1554 τῆς
2391 1487 2709 1555 οἰκουμένης
2748 1487 3065 1557 ἐκράτησεν,
3118 1486 3388 1553 ἐλογίζετο

1834 1568 1939 1638 ἄρα
1955 1572 2003 1622 εἰ
2029 1571 2105 1632 εἰς
2131 1572 2334 1632 πάντας
2363 1583 2389 1610 ι
2418 1571 2576 1633 αύτδς
2599 1572 2947 1642 παραπέμψει
2969 1572 3063 1641 τὴν
3091 1571 3384 1641 βασιλείαν,

1833 1656 1867 1724 ἢ
1894 1656 2220 1725 τελευτήσει.
2254 1656 2421 1708 Είωθε
2449 1657 2555 1725 γάρ
2590 1674 2704 1720 πως
2733 1658 2791 1709 τὸ
2833 1657 3055 1727 μέγεθος
3092 1657 3187 1726 τῆς
3215 1654 3386 1725 ἀρχῆς

1836 1742 2043 1811 καὶτῆς
2064 1743 2273 1810 φύσεως
2295 1744 2439 1812 ἡμᾶς
2464 1746 2540 1806 εἰς
2563 1743 2727 1813 λήθην
2744 1746 2916 1811 ἄγειν,
2935 1746 3013 1796 6::
3041 1743 3228 1811 θνητός
3248 1744 3383 1793 ἐστι.

1835 1827 1994 1891 Εἰκὸς
2016 1826 2107 1881 οὖν
2149 1830 2306 1883 αὐτὸν
2347 1831 2425 1892 εἰς
2449 1830 2509 1882 :6
2556 1830 2784 1898 πέλαγος
2826 1829 3128 1897 ἐμπεσόντα
3163 1827 3269 1881 τῶν
3294 1828 3386 1879 «ιί-

1836 1914 1993 1967 κείων
2011 1916 2459 1985 κατορθωμάτων,
2486 1918 2559 1987 μὴ
2581 1918 2780 1987 σφόδρα
2797 1915 3065 1969 πιστεύειν
3086 1916 3165 1969 ὃτι
3189 1912 3385 1967 ἀποθα-

1836 2006 2021 2057 νεῖται.
2054 2004 2222 2058 Τοῦτο
2249 2006 2377 2074 γοῦν
2400 2008 2490 2059 καὶ
2507 2008 2590 2058 ἐτε
2601 2023 2687 2075 ρος
2704 2005 2867 2057 ἔπαθε
2889 2002 3153 2074 βασιλεύς.
3179 2001 3267 2055 Διὸ
3295 2000 3385 2053 καί

1836 2108 1917 2153 τις
1947 2090 2097 2159 ἔλεγε
2128 2093 2261 2161 πρὸς
2290 2092 2472 2157 αὑτὸν,
2504 2092 2585 2145 Σὺ
2611 2093 2678 2145 δὲ
2702 2092 3005 2159 ἅνθρωπος
3025 2086 3098 2157 εἶ,
3120 2089 3190 2142 οὐ
3220 2087 3382 2153 Θεὸς,

1838 2178 1970 2247 πρὸς
1990 2177 2076 2230 τὸν
2102 2178 2295 2249 Τύριον
2339 2178 2528 2246 λέγων.
2560 2180 2668 2232 Καὶ
2689 2180 2786 2248 ὅρα
2824 2178 2939 2240 πῶς
2976 2176 3144 2247 χωρὶς
3175 2174 3385 2244 πληγῆς

1838 2263 1995 2316 αὑτὸν
2018 2263 2244 2331 ἐλέγχει.
2273 2265 2346 2315 Οὐ
2378 2265 2482 2334 γὰρ
2511 2260 2677 2327 εἶπεν,
2704 2267 2782 2317 ὅτι
2808 2263 2976 2316 Τοῦτο
3008 2262 3382 2323 ὑπώπτευσας,

1836 2350 1985 2414 ἀλλά,
2021 2353 2082 2403 Τί
2105 2350 2199 2403 δεῖ
2224 2350 2492 2419 γενέσθαι
2519 2350 2664 2419 μετὰ
2690 2352 2889 2405 ταῦτα.
2924 2350 3105 2403 Ταῦτα
3155 2349 3385 2410 ἐνενόεις

1838 2439 1928 2489 καὶ
1960 2437 2199 2505 ἐλογίζου
2249 2439 2301 2491 τί
2344 2440 2448 2509 ἄρα
2484 2439 2654 2492 ἔσται.
2705 2437 2833 2491 Ἐπὶ
2870 2437 2977 2505 τῆς
3007 2439 3207 2504 κοίτης
3247 2452 3381 2490 σου.

1840 2523 1964 2575 Ὅτε
1992 2524 2161 2586 οὐδεὶς
2189 2526 2216 2576 6
2242 2524 2603 2595 παρενοχλῶν,
2633 2524 2742 2577 ἀλλ’
2766 2526 2821 2577 ἐν
2845 2523 3042 2594 ἠσυχίᾳ
3063 2520 3128 2592 ἦν
3156 2522 3347 2594 ἡψυχὴ
3364 2535 3382 2553 ⁸

1835 2611 1919 2663 ὅτε
1945 2611 2172 2678 μάλιστα
2192 2612 2299 2664 τῶν
2320 2613 2589 2682 λογισμῶν
2614 2628 2641 2665 0
2666 2612 2815 2682 ὄχλος
2841 2614 2968 2683 ἡμῖν
2996 2611 3383 2680 ἐπεισέρχεται,

1835 2698 1899 2764 τῇ
1934 2713 1990 2747 τε
2019 2697 2215 2767 ἡσυχίᾳ
2252 2699 2343 2750 καὶ
2370 2702 2433 2768 τῇ
2469 2699 2633 2769 ἀργία
2680 2698 3081 2770 ἀποχρώμενος.
3111 2697 3207 2749 Διά
3232 2696 3389 2749 τοῦτο

1835 2787 1942 2846 τοῖς
1964 2784 2170 2848 πολλοῖς
2201 2786 2319 2849 ἔθος
2349 2788 2437 2841 τὸν
2465 2788 2649 2858 καιρὸν
2675 2789 2873 2841 ἐκεῖνον
2904 2788 2981 2850 εἰς
3014 2785 3172 2856 εὐχὴν
3208 2784 3388 2838 ἀναλί-

1836 2888 2004 2937 σκειν,
2035 2870 2127 2924 ἀτε
2160 2873 2251 2924 καὶ
2280 2874 2633 2943 σχολαζούσης
2660 2875 2756 2943 τῆς
2786 2874 2980 2943 ψυχῆς,
3018 2873 3108 2925 καὶ
3151 2871 3390 2940 μεγάλης

1833 2958 1996 3030 οὔσης
2020 2963 2118 3031 τῆς
2148 2959 2349 3029 βλάϐης
2378 2961 2470 3014 ἐάν
2505 2963 2923 3032 ρᾳθυμήσωμεν.
2954 2960 3061 3013 Kal
3087 2962 3119 3013 ό
3162 2960 3386 3012 ἀποκα-

1832 3048 2073 3101 λύπτων
2088 3048 2407 3116 μυστήρια,
2447 3048 2726 3116 ἐγνώρισε
2750 3066 2845 3101 σοι
2890 3049 2928 3100 ά
2959 3047 3051 3100 δεῖ
3089 3045 3382 3115 γενέσθαι.

1835 3135 1995 3204 Ὅρα,
2026 3132 2272 3202 δεύτερον
2306 3134 2402 3203 ἤδη
2429 3134 2522 3186 τοῦ
2561 3135 2693 3187 Θεοῦ
2739 3135 3025 3204 μέμνηται,
3072 3134 3163 3186 καὶ
3191 3131 3287 3199 οὐχ
3311 3128 3387 3189 ὡς

1833 3220 2034 3289 ἔτυχεν,
2066 3220 2181 3272 ἀλλ’
2211 3221 2326 3273 ἐκεῖ
2356 3221 2451 3291 μέν
2481 3236 2640 3289 φησι’
2686 3222 2746 3273 '0
2782 3219 2865 3272 ὢν
2897 3221 2965 3272 ὲν
3004 3217 3081 3283 τῷ
3119 3218 3347 3286 οὐρανῷ
3368 3234 3379 3245 ·

1831 3307 2060 3360 ἐνταῦθα
2088 3306 2162 3372 δέ,
2206 3307 2256 3357 Ὁ
2289 3307 2725 3360 ἀποκαλύπτων
2758 3307 3074 3375 μυστήρια.
3116 3307 3222 3360 Kal
3255 3308 3385 3375 ἐμοὶ

1831 3393 1898 3445 δὲ
1927 3395 2035 3446 οὐκ
2064 3392 2132 3445 ἐν
2168 3393 2352 3461 σοφίᾳ
2393 3392 2465 3459 τῇ
2492 3394 2643 3459 οὔσῃ
2684 3393 2752 3445 ἐν
2794 3393 2920 3460 ἐμοὶ
2963 3394 3118 3460 παρὰ
3156 3393 3383 3460 πάντας

1829 3479 1969 3543 τοὺς
1997 3480 2210 3544 ζῶντας
2258 3479 2325 3532 τὸ
2370 3479 2703 3547 μυστήριον
2743 3482 2919 3533 τοῦτο
2971 3481 3379 3550 ἀπεκαλύφθη,

1828 3566 1962 3618 ἀλλ’
1988 3565 2192 3618 ἕνεκεν
2223 3566 2327 3618 τοῦ
2363 3566 2473 3631 τὴν
2508 3567 2823 3634 σύγκρισιν
2860 3564 2937 3629 τῷ
2958 3566 3208 3629 ,βασιλεῖ
3238 3585 3382 3635 γνω-

1819 3652 2008 3717 ρίσαι,
2029 3653 2124 3705 καί
2141 3653 2237 3704 ἵνα
2260 3650 2410 3719 γνῷς
2431 3652 2568 3715 τοὺς
2581 3652 2998 3721 διαλογισμοὺς
3016 3653 3122 3719 τῆς
3138 3653 3379 3721 καρδίας

1828 3752 1966 3794 σου.
1995 3739 2288 3807 Μονονουχὶ
2338 3737 2539 3805 λέγων’
2584 3740 2646 3791 Ἠ
2673 3740 2812 3809 ἀρχὴ
2859 3741 2959 3808 τῆς
3002 3742 3265 3812 εὑρέσεως
3314 3743 3375 3795 o6

1828 3827 1956 3895 παρ’
1982 3825 2134 3894 ἐμοῦ,
2167 3826 2280 3879 ἀλλ’
2303 3825 2422 3877 οὐδὲ
2448 3824 2577 3878 αὐτὸ
2604 3825 2757 3877 τοῦτο
2799 3828 2926 3896 παρ’
2969 3828 3151 3897 ἐτέρου
3188 3829 3376 3897 μαθεῖν

1827 3912 1984 3964 πλέον
2035 3912 2171 3981 ἔχων
2205 3914 2232 3951 δ
2270 3912 2375 3964 τῶν
2416 3913 2604 3965 ἄλλων.
2655 3913 2785 3964 Ούδέ
2834 3913 2940 3983 γάρ
2985 3914 3168 3984 ἐπειδὴ
3217 3916 3377 3982 σοφὸν

1826 3995 1981 4062 εἶδεν,
2006 3997 2162 4049 τοῦτο
2191 3998 2459 4066 ἐποίησεν.
2496 3999 2554 4049 Εἰ
2586 3998 2690 4067 γὰρ
2725 4000 2816 4051 καὶ
2853 3998 3053 4052 τούτων
3078 4000 3377 4070 εἰρημένων

1826 4084 1953 4152 παρ’
2003 4082 2185 4145 αὐτοῦ,
2217 4082 2290 4145 ὡς
2322 4083 2450 4134 Θεὸν
2487 4084 2645 4135 αὑτὸν
2675 4083 3071 4155 προσεκύνησε·
3114 4087 3186 4150 τί,
3218 4088 3264 4138 εἰ
3301 4087 3373 4157 μὴ

1824 4169 1979 4221 τοῦτο
2004 4165 2103 4239 ἦνς
2143 4169 2300 4222 Ἀλλὰ
2323 4169 2409 4221 διὰ
2441 4170 2517 4233 σὲ,
2556 4171 2735 4239 φησίν.
2774 4172 2845 4223 06
2883 4170 2945 4223 σύ
2974 4171 3120 4243 [212]
3156 4190 3244 4242 μοι
3274 4174 3373 4241 χά-

1828 4272 1909 4324 ριν
1936 4254 2075 4323 ἔχειν
2100 4254 2348 4322 ὀψείλεις,
2383 4255 2494 4307 ἀλλ’
2527 4254 2634 4321 ἐγὼ
2669 4257 2779 4308 σοί·
2816 4259 2897 4309 ἵνα
2934 4258 3039 4327 γὰρ
3067 4261 3128 4311 σὺ
3159 4259 3372 4330 μάθῃς,

1824 4339 2022 4409 ἔμαθον
2048 4337 2175 4405 ἐγώ.
2211 4340 2349 4409 Ὂρα
2386 4340 2498 4402 πῶς
2526 4341 2681 4393 αὑτὸν
2706 4344 2893 4395 οίκειοῖ
2922 4344 3056 4413 πρὸς
3098 4346 3186 4398 τὸν
3219 4347 3368 4410 Θεὸν,

1824 4426 1915 4477 καὶ
1955 4425 2013 4476 :6
2063 4424 2250 4493 μέλλον
2282 4424 2462 4492 θαῦμα
2510 4426 2636 4496 περὶ
2685 4427 2843 4481 αὑτὸν
2889 4429 3121 4491 ἔσεσθαι,
3180 4433 3272 4486 καὶ
3310 4434 3370 4485 :6

1823 4511 2037 4580 φίλτρον
2070 4510 2347 4580 προλαϐὼν
2384 4512 2662 4582 ἀνατίθησι
2694 4516 2770 4585 τῷ
2798 4516 2931 4585 Θεῷ.
2970 4518 3024 4570 '0
3053 4520 3158 4591 γὰρ
3188 4522 3369 4591 μαθὼν

1820 4596 1900 4647 6::
1930 4594 2097 4663 τιμῶν
2133 4595 2290 4648 αὑτὸν
2324 4599 2351 4649 ὁ
2382 4598 2511 4659 Θεὸς
2544 4599 2696 4651 τοῦτο
2744 4601 3010 4673 ἐποίησεν,
3043 4606 3256 4677 εὔδηλον
3288 4610 3367 4662 6::

1819 4680 2061 4763 ᾠκειὼθη
2088 4682 2151 4733 ἂν
2181 4682 2345 4751 αὐτῷ.
2392 4683 2457 4734 Σὲ
2501 4684 2694 4753 μᾶλλον
2732 4687 2974 4758 ἐτίμησε,
3003 4694 3204 4761 φησὶ,ἢ
3245 4695 3363 4763 ἐμέ.

1820 4762 1969 4827 Εἶδες
1992 4766 2107 4828 πῶς
2128 4768 2439 4836 ἀφιλότιμος
2463 4772 2489 4821 6
2510 4771 2645 4835 νέος,
2677 4772 2789 4835 πῶς
2821 4775 2879 4825 06
2913 4778 3169 4847 πρότερον
3205 4762 3365 4831 ἀπτε-

1816 4868 1901 4902 ται
1929 4850 2034 4902 τῶν
2065 4854 2339 4921 ῥημάτων,
2364 4854 2466 4916 ἓως
2494 4854 2556 4906 ἂν
2586 4857 2862 4930 ἀποστήσῃ
2903 4862 3062 4913 αὑτὸν
3086 4863 3175 4914 τοῦ
3198 4866 3359 4932 μεγάο

1816 4936 1911 5002 λην
1941 4938 2067 5005 περὶ
2095 4936 2255 4989 αὑτοῦ
2285 4938 2439 5003 δόξαν
2472 4940 2612 5009 ἔχειν
2637 4959 2649 5005 ;
2693 4943 2815 5004 Πῶς
2846 4941 2935 4997 οῦν
2958 4940 3106 5010 οὗτος
3136 4948 3301 5020 ἐθύρα
3336 4963 3357 4989 ο

1814 5020 2037 5085 δόξαν,ὁ
2081 5024 2171 5074 καὶ
2209 5024 2482 5093 διδομένην
2535 5027 2700 5095 αὐτὴν
2745 5029 3198 5101 ἀποκρουόμενος;
3254 5037 3361 5091 Καὶ

1815 5106 1909 5158 οὐκ
1938 5104 2105 5170 εἶπεν,
2150 5109 2365 5179 Ἐπειδὴ
2402 5111 2539 5162 σέϐω
2567 5112 2655 5163 τὸν
2682 5112 2831 5175 Θεὸν,
2870 5118 3050 5189 ἐπειδὴ
3081 5120 3359 5191 θεραπεύω

1815 5194 1972 5245 αὐτὸν
2014 5194 2208 5262 μᾶλλον
2260 5195 2367 5247 τῶν
2407 5197 2598 5259 ἄλλων,
2639 5200 2990 5273 ἀπεκαλύφθη
3033 5206 3174 5275 ἐμοὶ,
3225 5208 3357 5270 ἀλλ’,

1824 5278 1988 5348 ’Υπὲρ
2015 5280 2106 5332 τοῦ
2138 5280 2197 5331 σὲ
2224 5281 2409 5348 μαθεῖν
2436 5280 2463 5331 ὃ
2492 5284 2897 5353 χρησιμώτατον
2926 5285 3010 5359 ἦν.
3030 5290 3230 5344 Ἐκεῖνο
3254 5292 3360 5360 γὰρ

1812 5365 1902 5414 καὶ
1950 5364 2022 5434 μὴ
2061 5366 2319 5430 εἰπόντος,
2359 5366 2637 5434 ἠκολούθει
2683 5375 2749 5441 τῇ
2795 5373 2998 5446 διανοίᾳ
3039 5378 3355 5431 ἀκουόντων.

1864 5608 1882 5686 ξ
1999 5614 2188 5686 πάντας.
2211 5616 2349 5686 ῌευά
2370 5619 2516 5686 dubie
2538 5626 2888 5677 emendandum
2921 5631 3099 5686 παῖδας.

1867 5673 1893 5743 ι]
1920 5675 2063 5743 ξοζίίξ
2082 5678 2189 5743 παρτ
2214 5680 2447 5738 ἑτέρους...
2476 5684 2587 5743 ἔχω.

1868 5738 1892 5763 ⁸⁵
1916 5736 1971 5784 1..
1994 5737 2146 5798 ἐθήρα.
2173 5736 2303 5801 Lego
2323 5744 2466 5789 etiam
2495 5736 2635 5804 ﬁaulo
2655 5755 2766 5798 aulc
2790 5748 2871 5797 τοῦ
2894 5753 3113 5813 μεγάλην,
3134 5760 3227 5805 elc.
