  <div class='ocr_page' id='page_1' title='image "/cluster/home/n/w/nwhite01/storage/ocr_20150623/56/pst.000005712557/209.png"; bbox 0 0 4140 6314; ppageno 0'>
   <div class='ocr_carea' id='block_1_1' title="bbox 725 277 837 334">
    <p class='ocr_par' dir='ltr' id='par_1_1' title="bbox 725 277 837 334">
     <span class='ocr_line' id='line_1_1' title="bbox 725 277 837 334; baseline 0.036 -4"><span class='ocrx_word' id='word_1_1' title='bbox 725 277 837 334; x_wconf 89' lang='lat'>205</span> 
     </span>
    </p>
   </div>
   <div class='ocr_carea' id='block_1_2' title="bbox 711 391 2288 471">
    <p class='ocr_par' dir='ltr' id='par_1_2' title="bbox 711 391 2288 471">
     <span class='ocr_line' id='line_1_2' title="bbox 711 391 2288 471; baseline 0.006 -27"><span class='ocrx_word' id='word_1_2' title='bbox 711 391 798 445; x_wconf 85' lang='grc' dir='ltr'>Σὺ</span> <span class='ocrx_word' id='word_1_3' title='bbox 843 393 1141 462; x_wconf 71' lang='grc' dir='ltr'>,βασιλεὺς</span> <span class='ocrx_word' id='word_1_4' title='bbox 1193 396 1475 466; x_wconf 79' lang='grc' dir='ltr'>ἐθεώρεις,</span> <span class='ocrx_word' id='word_1_5' title='bbox 1527 403 1623 454; x_wconf 84' lang='grc' dir='ltr'>καί</span> <span class='ocrx_word' id='word_1_6' title='bbox 1685 401 1812 456; x_wconf 84' lang='grc' dir='ltr'>ἰδοὺ</span> <span class='ocrx_word' id='word_1_7' title='bbox 1869 402 2044 455; x_wconf 76' lang='grc' dir='ltr'>είκὼν</span> <span class='ocrx_word' id='word_1_8' title='bbox 2085 403 2213 471; x_wconf 81' lang='grc' dir='ltr'>μία,</span> <span class='ocrx_word' id='word_1_9' title='bbox 2251 403 2288 470; x_wconf 72' lang='grc' dir='ltr'><strong><em>ἡ</em></strong></span> 
     </span>
    </p>
   </div>
   <div class='ocr_carea' id='block_1_3' title="bbox 710 479 2289 558">
    <p class='ocr_par' dir='ltr' id='par_1_3' title="bbox 710 479 2289 558">
     <span class='ocr_line' id='line_1_3' title="bbox 710 479 2289 558; baseline 0.006 -24"><span class='ocrx_word' id='word_1_10' title='bbox 710 479 890 534; x_wconf 80' lang='grc' dir='ltr'>εἰκὼν</span> <span class='ocrx_word' id='word_1_11' title='bbox 945 481 1146 550; x_wconf 77' lang='grc' dir='ltr'>ἐκείνη</span> <span class='ocrx_word' id='word_1_12' title='bbox 1194 485 1452 554; x_wconf 76' lang='grc' dir='ltr'>μεγάλη,</span> <span class='ocrx_word' id='word_1_13' title='bbox 1499 487 1596 540; x_wconf 78' lang='grc' dir='ltr'>καὶ</span> <span class='ocrx_word' id='word_1_14' title='bbox 1647 490 1684 556; x_wconf 82' lang='grc' dir='ltr'>ἡ</span> <span class='ocrx_word' id='word_1_15' title='bbox 1755 492 2054 558; x_wconf 69' lang='grc' dir='ltr'>πρόσοψις</span> <span class='ocrx_word' id='word_1_16' title='bbox 2100 489 2289 558; x_wconf 81' lang='grc' dir='ltr'>αὐτῆς</span> 
     </span>
    </p>
   </div>
   <div class='ocr_carea' id='block_1_4' title="bbox 713 569 2288 646">
    <p class='ocr_par' dir='ltr' id='par_1_4' title="bbox 713 569 2288 646">
     <span class='ocr_line' id='line_1_4' title="bbox 713 569 2288 646; baseline 0.005 -24"><span class='ocrx_word' id='word_1_17' title='bbox 713 569 1053 639; x_wconf 76' lang='grc' dir='ltr'>ὑπερεεερὴς</span> <span class='ocrx_word' id='word_1_18' title='bbox 1099 570 1338 626; x_wconf 84' lang='grc' dir='ltr'>ἑστῶσα</span> <span class='ocrx_word' id='word_1_19' title='bbox 1376 573 1489 641; x_wconf 82' lang='grc' dir='ltr'>πρὸ</span> <span class='ocrx_word' id='word_1_20' title='bbox 1534 575 1857 643; x_wconf 79' lang='grc' dir='ltr'>προσώπου</span> <span class='ocrx_word' id='word_1_21' title='bbox 1907 593 2044 639; x_wconf 92' lang='grc' dir='ltr'>σου,</span> <span class='ocrx_word' id='word_1_22' title='bbox 2101 576 2197 629; x_wconf 83' lang='grc' dir='ltr'>καὶ</span> <span class='ocrx_word' id='word_1_23' title='bbox 2251 579 2288 646; x_wconf 76' lang='grc' dir='ltr'><strong><em>ἠ</em></strong></span> 
     </span>
    </p>
   </div>
   <div class='ocr_carea' id='block_1_5' title="bbox 713 655 2288 735">
    <p class='ocr_par' dir='ltr' id='par_1_5' title="bbox 713 655 2288 735">
     <span class='ocr_line' id='line_1_5' title="bbox 713 655 2288 735; baseline 0.008 -28"><span class='ocrx_word' id='word_1_24' title='bbox 713 655 922 722; x_wconf 80' lang='grc' dir='ltr'>ὅρασις</span> <span class='ocrx_word' id='word_1_25' title='bbox 942 658 1128 728; x_wconf 81' lang='grc' dir='ltr'>αὐτῆς</span> <span class='ocrx_word' id='word_1_26' title='bbox 1152 661 1387 730; x_wconf 58' lang='grc' dir='ltr'>φοϐερά.</span> <span class='ocrx_word' id='word_1_27' title='bbox 1411 663 1603 718; x_wconf 80' lang='grc' dir='ltr'>Εἱκὼν</span> <span class='ocrx_word' id='word_1_28' title='bbox 1623 660 1698 735; x_wconf 80' lang='grc' dir='ltr'>ἧς</span> <span class='ocrx_word' id='word_1_29' title='bbox 1721 667 1758 733; x_wconf 70' lang='grc' dir='ltr'><strong><em>ἡ</em></strong></span> <span class='ocrx_word' id='word_1_30' title='bbox 1785 665 2015 734; x_wconf 64' lang='grc' dir='ltr'>κεφαλὴ</span> <span class='ocrx_word' id='word_1_31' title='bbox 2032 667 2288 734; x_wconf 82' lang='grc' dir='ltr'>χρυσίου</span> 
     </span>
    </p>
   </div>
   <div class='ocr_carea' id='block_1_6' title="bbox 713 746 2288 824">
    <p class='ocr_par' dir='ltr' id='par_1_6' title="bbox 713 746 2288 824">
     <span class='ocr_line' id='line_1_6' title="bbox 713 746 2288 824; baseline 0.008 -28"><span class='ocrx_word' id='word_1_32' title='bbox 713 746 1002 814; x_wconf 78' lang='grc' dir='ltr'>καθαροῦ·</span> <span class='ocrx_word' id='word_1_33' title='bbox 1064 753 1122 803; x_wconf 75' lang='grc' dir='ltr'>αἱ</span> <span class='ocrx_word' id='word_1_34' title='bbox 1167 751 1358 818; x_wconf 80' lang='grc' dir='ltr'>χεῖρες</span> <span class='ocrx_word' id='word_1_35' title='bbox 1385 753 1574 821; x_wconf 84' lang='grc' dir='ltr'>αὐτῆς</span> <span class='ocrx_word' id='word_1_36' title='bbox 1616 755 1712 807; x_wconf 80' lang='grc' dir='ltr'>καὶ</span> <span class='ocrx_word' id='word_1_37' title='bbox 1742 755 1808 808; x_wconf 81' lang='grc' dir='ltr'>τό</span> <span class='ocrx_word' id='word_1_38' title='bbox 1839 753 2061 824; x_wconf 79' lang='grc' dir='ltr'>στῆθος</span> <span class='ocrx_word' id='word_1_39' title='bbox 2099 757 2198 809; x_wconf 84' lang='grc' dir='ltr'>καὶ</span> <span class='ocrx_word' id='word_1_40' title='bbox 2235 759 2288 809; x_wconf 81' lang='grc' dir='ltr'>σί</span> 
     </span>
    </p>
   </div>
   <div class='ocr_carea' id='block_1_7' title="bbox 705 834 2289 912">
    <p class='ocr_par' dir='ltr' id='par_1_7' title="bbox 705 834 2289 912">
     <span class='ocr_line' id='line_1_7' title="bbox 705 834 2289 912; baseline 0.009 -29"><span class='ocrx_word' id='word_1_41' title='bbox 705 834 1034 902; x_wconf 72' lang='grc' dir='ltr'>,ϐραχίονες</span> <span class='ocrx_word' id='word_1_42' title='bbox 1058 839 1246 906; x_wconf 83' lang='grc' dir='ltr'>αὐτῆς</span> <span class='ocrx_word' id='word_1_43' title='bbox 1279 841 1530 908; x_wconf 74' lang='grc' dir='ltr'>ἀργυροῖ</span> <span class='ocrx_word' id='word_1_44' title='bbox 1549 859 1562 873; x_wconf 77' lang='grc' dir='ltr'><strong><em>ο</em></strong></span> <span class='ocrx_word' id='word_1_45' title='bbox 1599 843 1636 910; x_wconf 73' lang='grc' dir='ltr'>ἡ</span> <span class='ocrx_word' id='word_1_46' title='bbox 1662 844 1858 896; x_wconf 75' lang='grc' dir='ltr'>κοιλία</span> <span class='ocrx_word' id='word_1_47' title='bbox 1882 843 2072 912; x_wconf 85' lang='grc' dir='ltr'>αὐτῆς</span> <span class='ocrx_word' id='word_1_48' title='bbox 2106 844 2203 897; x_wconf 81' lang='grc' dir='ltr'>καί</span> <span class='ocrx_word' id='word_1_49' title='bbox 2236 847 2289 898; x_wconf 80' lang='grc' dir='ltr'>οί</span> 
     </span>
    </p>
   </div>
   <div class='ocr_carea' id='block_1_8' title="bbox 705 921 2290 1001">
    <p class='ocr_par' dir='ltr' id='par_1_8' title="bbox 705 921 2290 1001">
     <span class='ocr_line' id='line_1_8' title="bbox 705 921 2290 1001; baseline 0.008 -28"><span class='ocrx_word' id='word_1_50' title='bbox 705 921 888 988; x_wconf 82' lang='grc' dir='ltr'>μηροί</span> <span class='ocrx_word' id='word_1_51' title='bbox 915 924 1163 991; x_wconf 69' lang='grc' dir='ltr'>χαλκοῖ·</span> <span class='ocrx_word' id='word_1_52' title='bbox 1208 929 1267 979; x_wconf 86' lang='lat' dir='ltr'>al</span> <span class='ocrx_word' id='word_1_53' title='bbox 1291 926 1511 996; x_wconf 74' lang='grc' dir='ltr'>κνῆμαι</span> <span class='ocrx_word' id='word_1_54' title='bbox 1530 928 1771 997; x_wconf 75' lang='grc' dir='ltr'>σιδηραῖ</span> <span class='ocrx_word' id='word_1_55' title='bbox 1790 945 1802 958; x_wconf 83' lang='grc'><strong>’</strong></span> <span class='ocrx_word' id='word_1_56' title='bbox 1835 933 1889 984; x_wconf 87' lang='grc' dir='ltr'>οἰ</span> <span class='ocrx_word' id='word_1_57' title='bbox 1911 931 2092 996; x_wconf 81' lang='grc' dir='ltr'>πόδες</span> <span class='ocrx_word' id='word_1_58' title='bbox 2108 931 2290 1001; x_wconf 85' lang='grc' dir='ltr'><em>μέρος</em></span> 
     </span>
    </p>
   </div>
   <div class='ocr_carea' id='block_1_9' title="bbox 705 1007 2290 1092">
    <p class='ocr_par' dir='ltr' id='par_1_9' title="bbox 705 1007 2290 1092">
     <span class='ocr_line' id='line_1_9' title="bbox 705 1007 2290 1092; baseline 0.008 -32"><span class='ocrx_word' id='word_1_59' title='bbox 705 1007 822 1075; x_wconf 77' lang='grc' dir='ltr'>μέν</span> <span class='ocrx_word' id='word_1_60' title='bbox 866 1027 920 1064; x_wconf 89' lang='grc' dir='ltr'>τι</span> <span class='ocrx_word' id='word_1_61' title='bbox 955 1012 1271 1080; x_wconf 82' lang='grc' dir='ltr'>σιδηροῦν.</span> <span class='ocrx_word' id='word_1_62' title='bbox 1311 1015 1490 1083; x_wconf 80' lang='grc' dir='ltr'><em>μέρος</em></span> <span class='ocrx_word' id='word_1_63' title='bbox 1520 1015 1587 1069; x_wconf 86' lang='grc' dir='ltr'><em>δέ</em></span> <span class='ocrx_word' id='word_1_64' title='bbox 1621 1034 1672 1070; x_wconf 87' lang='grc' dir='ltr'>τι</span> <span class='ocrx_word' id='word_1_65' title='bbox 1708 1018 2084 1086; x_wconf 76' lang='grc' dir='ltr'>ὀστράκινον.</span> <span class='ocrx_word' id='word_1_66' title='bbox 2148 1019 2290 1092; x_wconf 82' lang='grc' dir='ltr'>Ὀρα</span> 
     </span>
    </p>
   </div>
   <div class='ocr_carea' id='block_1_10' title="bbox 712 1095 2289 1178">
    <p class='ocr_par' dir='ltr' id='par_1_10' title="bbox 712 1095 2289 1178">
     <span class='ocr_line' id='line_1_10' title="bbox 712 1095 2289 1178; baseline 0.009 -32"><span class='ocrx_word' id='word_1_67' title='bbox 712 1095 872 1159; x_wconf 88' lang='grc' dir='ltr'>ποίας</span> <span class='ocrx_word' id='word_1_68' title='bbox 914 1097 1090 1166; x_wconf 71' lang='grc' dir='ltr'>ὅψεως</span> <span class='ocrx_word' id='word_1_69' title='bbox 1138 1099 1342 1171; x_wconf 72' lang='grc' dir='ltr'>ἡξιὼοη</span> <span class='ocrx_word' id='word_1_70' title='bbox 1378 1101 1862 1176; x_wconf 79' lang='grc' dir='ltr'>Ναϐουχοδονόσορ.</span> <span class='ocrx_word' id='word_1_71' title='bbox 1921 1107 2139 1178; x_wconf 84' lang='grc' dir='ltr'>Ἐπειδὴ</span> <span class='ocrx_word' id='word_1_72' title='bbox 2182 1107 2289 1178; x_wconf 83' lang='grc' dir='ltr'>γὰρ</span> 
     </span>
    </p>
   </div>
   <div class='ocr_carea' id='block_1_11' title="bbox 711 1181 2290 1266">
    <p class='ocr_par' dir='ltr' id='par_1_11' title="bbox 711 1181 2290 1266">
     <span class='ocr_line' id='line_1_11' title="bbox 711 1181 2290 1266; baseline 0.01 -33"><span class='ocrx_word' id='word_1_73' title='bbox 711 1181 934 1252; x_wconf 78' lang='grc' dir='ltr'>ἔμελλεν</span> <span class='ocrx_word' id='word_1_74' title='bbox 975 1186 1054 1248; x_wconf 87' lang='grc' dir='ltr'>εἰς</span> <span class='ocrx_word' id='word_1_75' title='bbox 1100 1186 1223 1257; x_wconf 74' lang='grc' dir='ltr'>ἔθνη</span> <span class='ocrx_word' id='word_1_76' title='bbox 1257 1188 1316 1241; x_wconf 88' lang='grc' dir='ltr'>τὸ</span> <span class='ocrx_word' id='word_1_77' title='bbox 1361 1191 1618 1262; x_wconf 83' lang='grc' dir='ltr'>κήρυγμα</span> <span class='ocrx_word' id='word_1_78' title='bbox 1659 1192 2005 1258; x_wconf 77' lang='grc' dir='ltr'>διαδίδοσθαι,</span> <span class='ocrx_word' id='word_1_79' title='bbox 2052 1211 2290 1266; x_wconf 81' lang='grc' dir='ltr'>προανα-</span> 
     </span>
    </p>
   </div>
   <div class='ocr_carea' id='block_1_12' title="bbox 711 1270 2289 1351">
    <p class='ocr_par' dir='ltr' id='par_1_12' title="bbox 711 1270 2289 1351">
     <span class='ocr_line' id='line_1_12' title="bbox 711 1270 2289 1351; baseline 0.009 -28"><span class='ocrx_word' id='word_1_80' title='bbox 711 1270 964 1342; x_wconf 88' lang='grc' dir='ltr'>κρούεται</span> <span class='ocrx_word' id='word_1_81' title='bbox 993 1273 1148 1327; x_wconf 85' lang='grc' dir='ltr'>τοῦτο</span> <span class='ocrx_word' id='word_1_82' title='bbox 1172 1275 1377 1330; x_wconf 82' lang='grc' dir='ltr'>ἄνωθεν</span> <span class='ocrx_word' id='word_1_83' title='bbox 1424 1277 1521 1348; x_wconf 79' lang='grc' dir='ltr'>τὴν</span> <span class='ocrx_word' id='word_1_84' title='bbox 1563 1278 1781 1350; x_wconf 83' lang='grc' dir='ltr'>ἐθνικὴν</span> <span class='ocrx_word' id='word_1_85' title='bbox 1812 1281 2107 1351; x_wconf 83' lang='grc' dir='ltr'><em>παράδοσιν</em></span> <span class='ocrx_word' id='word_1_86' title='bbox 2130 1299 2145 1314; x_wconf 75' lang='grc' dir='ltr'><strong>ο</strong></span> <span class='ocrx_word' id='word_1_87' title='bbox 2193 1285 2289 1337; x_wconf 76' lang='grc' dir='ltr'>καὶ</span> 
     </span>
    </p>
   </div>
   <div class='ocr_carea' id='block_1_13' title="bbox 711 1358 2288 1435">
    <p class='ocr_par' dir='ltr' id='par_1_13' title="bbox 711 1358 2288 1435">
     <span class='ocr_line' id='line_1_13' title="bbox 711 1358 2288 1435; baseline 0.01 -25"><span class='ocrx_word' id='word_1_88' title='bbox 711 1360 768 1410; x_wconf 80' lang='grc' dir='ltr'>ἐν</span> <span class='ocrx_word' id='word_1_89' title='bbox 797 1358 980 1431; x_wconf 78' lang='grc' dir='ltr'>ἐθνικῇ</span> <span class='ocrx_word' id='word_1_90' title='bbox 1011 1362 1166 1415; x_wconf 86' lang='grc' dir='ltr'>τοῦτο</span> <span class='ocrx_word' id='word_1_91' title='bbox 1191 1363 1401 1435; x_wconf 82' lang='grc' dir='ltr'>ὁρᾶται,</span> <span class='ocrx_word' id='word_1_92' title='bbox 1435 1367 1527 1419; x_wconf 90' lang='grc' dir='ltr'>τοῦ</span> <span class='ocrx_word' id='word_1_93' title='bbox 1560 1367 1688 1420; x_wconf 91' lang='grc' dir='ltr'>ναοῦ</span> <span class='ocrx_word' id='word_1_94' title='bbox 1731 1370 2140 1435; x_wconf 79' lang='grc' dir='ltr'>καταλυθέντος,</span> <span class='ocrx_word' id='word_1_95' title='bbox 2181 1373 2288 1428; x_wconf 86' lang='grc' dir='ltr'>τῶν</span> 
     </span>
    </p>
   </div>
   <div class='ocr_carea' id='block_1_14' title="bbox 708 1447 2288 1532">
    <p class='ocr_par' dir='ltr' id='par_1_14' title="bbox 708 1447 2288 1532">
     <span class='ocr_line' id='line_1_14' title="bbox 708 1447 2288 1532; baseline 0.009 -31"><span class='ocrx_word' id='word_1_96' title='bbox 708 1447 947 1519; x_wconf 84' lang='grc' dir='ltr'>νομικῶν</span> <span class='ocrx_word' id='word_1_97' title='bbox 980 1451 1357 1521; x_wconf 83' lang='grc' dir='ltr'>ἀνῃρημένων.</span> <span class='ocrx_word' id='word_1_98' title='bbox 1401 1454 1546 1526; x_wconf 83' lang='grc' dir='ltr'>Πλὴν</span> <span class='ocrx_word' id='word_1_99' title='bbox 1575 1455 1662 1510; x_wconf 77' lang='grc' dir='ltr'>διὰ</span> <span class='ocrx_word' id='word_1_100' title='bbox 1705 1457 1966 1527; x_wconf 87' lang='grc' dir='ltr'>Ἑϐραίων</span> <span class='ocrx_word' id='word_1_101' title='bbox 1991 1461 2288 1532; x_wconf 80' lang='grc' dir='ltr'>ἑρμηνεύε-</span> 
     </span>
    </p>
   </div>
   <div class='ocr_carea' id='block_1_15' title="bbox 707 1537 2286 1614">
    <p class='ocr_par' dir='ltr' id='par_1_15' title="bbox 707 1537 2286 1614">
     <span class='ocr_line' id='line_1_15' title="bbox 707 1537 2286 1614; baseline 0.009 -26"><span class='ocrx_word' id='word_1_102' title='bbox 707 1553 818 1590; x_wconf 89' lang='grc' dir='ltr'>ται.</span> <span class='ocrx_word' id='word_1_103' title='bbox 849 1537 912 1589; x_wconf 87' lang='grc' dir='ltr'>Εἰ</span> <span class='ocrx_word' id='word_1_104' title='bbox 941 1537 1048 1607; x_wconf 80' lang='grc' dir='ltr'>γὰρ</span> <span class='ocrx_word' id='word_1_105' title='bbox 1075 1539 1261 1603; x_wconf 72' lang='grc' dir='ltr'>καὶείς</span> <span class='ocrx_word' id='word_1_106' title='bbox 1291 1539 1535 1606; x_wconf 79' lang='grc' dir='ltr'>ἐθνικοὺς</span> <span class='ocrx_word' id='word_1_107' title='bbox 1557 1543 1745 1614; x_wconf 82' lang='grc' dir='ltr'>ἔμελλε</span> <span class='ocrx_word' id='word_1_108' title='bbox 1779 1545 2122 1612; x_wconf 80' lang='grc' dir='ltr'>διαδίδοσθαι,</span> <span class='ocrx_word' id='word_1_109' title='bbox 2149 1549 2286 1603; x_wconf 78' lang='grc' dir='ltr'>ἀλλὰ</span> 
     </span>
    </p>
   </div>
   <div class='ocr_carea' id='block_1_16' title="bbox 707 1621 2287 1697">
    <p class='ocr_par' dir='ltr' id='par_1_16' title="bbox 707 1621 2287 1697">
     <span class='ocr_line' id='line_1_16' title="bbox 707 1621 2287 1697; baseline 0.008 -21"><span class='ocrx_word' id='word_1_110' title='bbox 707 1621 796 1676; x_wconf 77' lang='grc' dir='ltr'>διὰ</span> <span class='ocrx_word' id='word_1_111' title='bbox 839 1623 1102 1695; x_wconf 87' lang='grc' dir='ltr'>Ἐϐραίων</span> <span class='ocrx_word' id='word_1_112' title='bbox 1129 1627 1359 1697; x_wconf 82' lang='grc' dir='ltr'>ἀνδρῶν,</span> <span class='ocrx_word' id='word_1_113' title='bbox 1391 1628 1496 1681; x_wconf 85' lang='grc' dir='ltr'>τῶν</span> <span class='ocrx_word' id='word_1_114' title='bbox 1523 1631 1849 1686; x_wconf 90' lang='grc' dir='ltr'>ἀποστόλων.</span> <span class='ocrx_word' id='word_1_115' title='bbox 1867 1634 2038 1687; x_wconf 86' lang='grc' dir='ltr'>Τοῦτο</span> <span class='ocrx_word' id='word_1_116' title='bbox 2069 1637 2162 1688; x_wconf 72' lang='grc' dir='ltr'>καὶ</span> <span class='ocrx_word' id='word_1_117' title='bbox 2194 1637 2287 1690; x_wconf 71' lang='grc' dir='ltr'>ἐπὶ</span> 
     </span>
    </p>
   </div>
   <div class='ocr_carea' id='block_1_17' title="bbox 705 1710 2286 1794">
    <p class='ocr_par' dir='ltr' id='par_1_17' title="bbox 705 1710 2286 1794">
     <span class='ocr_line' id='line_1_17' title="bbox 705 1710 2286 1794; baseline 0.009 -30"><span class='ocrx_word' id='word_1_118' title='bbox 705 1710 801 1765; x_wconf 85' lang='grc' dir='ltr'>τοῦ</span> <span class='ocrx_word' id='word_1_119' title='bbox 856 1713 1154 1783; x_wconf 76' lang='grc' dir='ltr'><em>Κορνηλίου</em></span> <span class='ocrx_word' id='word_1_120' title='bbox 1197 1716 1411 1782; x_wconf 89' lang='grc' dir='ltr'>γέγονε.</span> <span class='ocrx_word' id='word_1_121' title='bbox 1463 1717 1839 1789; x_wconf 87' lang='grc' dir='ltr'>Προλαμϐάνει</span> <span class='ocrx_word' id='word_1_122' title='bbox 1886 1723 1955 1775; x_wconf 85' lang='grc' dir='ltr'>τὰ</span> <span class='ocrx_word' id='word_1_123' title='bbox 1995 1722 2143 1794; x_wconf 76' lang='grc' dir='ltr'>ἔθνη,</span> <span class='ocrx_word' id='word_1_124' title='bbox 2191 1727 2286 1778; x_wconf 78' lang='grc' dir='ltr'>καὶ</span> 
     </span>
    </p>
   </div>
   <div class='ocr_carea' id='block_1_18' title="bbox 706 1800 2285 1885">
    <p class='ocr_par' dir='ltr' id='par_1_18' title="bbox 706 1800 2285 1885">
     <span class='ocr_line' id='line_1_18' title="bbox 706 1800 2285 1885; baseline 0.01 -33"><span class='ocrx_word' id='word_1_125' title='bbox 706 1800 808 1853; x_wconf 78' lang='grc' dir='ltr'>οὐκ</span> <span class='ocrx_word' id='word_1_126' title='bbox 840 1800 1138 1855; x_wconf 81' lang='grc' dir='ltr'>ἀκολουθεῖ.</span> <span class='ocrx_word' id='word_1_127' title='bbox 1162 1803 1317 1860; x_wconf 92' lang='grc' dir='ltr'>Οὕτω</span> <span class='ocrx_word' id='word_1_128' title='bbox 1348 1807 1441 1859; x_wconf 69' lang='grc' dir='ltr'>καὶ</span> <span class='ocrx_word' id='word_1_129' title='bbox 1465 1808 1699 1863; x_wconf 81' lang='grc' dir='ltr'>ἐνταῦθα</span> <span class='ocrx_word' id='word_1_130' title='bbox 1733 1811 1832 1881; x_wconf 82' lang='grc' dir='ltr'>τὴν</span> <span class='ocrx_word' id='word_1_131' title='bbox 1861 1811 2044 1866; x_wconf 87' lang='grc' dir='ltr'>εἰκόνα</span> <span class='ocrx_word' id='word_1_132' title='bbox 2070 1814 2285 1885; x_wconf 84' lang='grc' dir='ltr'>πρῶτος</span> 
     </span>
    </p>
   </div>
   <div class='ocr_carea' id='block_1_19' title="bbox 707 1881 2283 1971">
    <p class='ocr_par' dir='ltr' id='par_1_19' title="bbox 707 1881 2283 1971">
     <span class='ocr_line' id='line_1_19' title="bbox 707 1881 2283 1971; baseline 0.011 -33"><span class='ocrx_word' id='word_1_133' title='bbox 707 1881 848 1943; x_wconf 77' lang='grc' dir='ltr'>εἶδεν</span> <span class='ocrx_word' id='word_1_134' title='bbox 880 1889 908 1940; x_wconf 90' lang='lat'>6</span> <span class='ocrx_word' id='word_1_135' title='bbox 934 1889 1418 1965; x_wconf 84' lang='grc' dir='ltr'>Ναϐουχοδονόσορ,</span> <span class='ocrx_word' id='word_1_136' title='bbox 1457 1894 1557 1966; x_wconf 83' lang='grc' dir='ltr'>τὴν</span> <span class='ocrx_word' id='word_1_137' title='bbox 1593 1896 1650 1950; x_wconf 84' lang='grc' dir='ltr'>δὲ</span> <span class='ocrx_word' id='word_1_138' title='bbox 1693 1898 1893 1964; x_wconf 84' lang='grc' dir='ltr'>γνῶσιν</span> <span class='ocrx_word' id='word_1_139' title='bbox 1935 1881 2149 1971; x_wconf 78' lang='grc' dir='ltr'>πρῶτος</span> <span class='ocrx_word' id='word_1_140' title='bbox 2178 1899 2283 1956; x_wconf 79' lang='grc' dir='ltr'>εἶδε</span> 
     </span>
    </p>
   </div>
   <div class='ocr_carea' id='block_1_20' title="bbox 707 1975 2284 2060">
    <p class='ocr_par' dir='ltr' id='par_1_20' title="bbox 707 1975 2284 2060">
     <span class='ocr_line' id='line_1_20' title="bbox 707 1975 2284 2060; baseline 0.013 -35"><span class='ocrx_word' id='word_1_141' title='bbox 707 1975 921 2045; x_wconf 84' lang='grc' dir='ltr'>Δανιήλ.</span> <span class='ocrx_word' id='word_1_142' title='bbox 955 1977 1144 2030; x_wconf 76' lang='grc' dir='ltr'>Καὶὶ’ν’</span> <span class='ocrx_word' id='word_1_143' title='bbox 1171 1980 1315 2050; x_wconf 79' lang='grc' dir='ltr'>εἰδῇς</span> <span class='ocrx_word' id='word_1_144' title='bbox 1353 1983 1433 2034; x_wconf 86' lang='grc' dir='ltr'>δτι</span> <span class='ocrx_word' id='word_1_145' title='bbox 1476 1985 1571 2036; x_wconf 72' lang='grc' dir='ltr'>καὶ</span> <span class='ocrx_word' id='word_1_146' title='bbox 1609 1987 1814 2054; x_wconf 86' lang='grc' dir='ltr'>πρῶτοι</span> <span class='ocrx_word' id='word_1_147' title='bbox 1858 1987 1952 2041; x_wconf 76' lang='grc' dir='ltr'>καὶ</span> <span class='ocrx_word' id='word_1_148' title='bbox 1981 1989 2196 2060; x_wconf 82' lang='grc' dir='ltr'><em>ὕστεροι</em></span> <span class='ocrx_word' id='word_1_149' title='bbox 2235 1993 2284 2046; x_wconf 82' lang='grc' dir='ltr'>οἰ</span> 
     </span>
    </p>
   </div>
   <div class='ocr_carea' id='block_1_21' title="bbox 719 2063 2283 2146">
    <p class='ocr_par' dir='ltr' id='par_1_21' title="bbox 719 2063 2283 2146">
     <span class='ocr_line' id='line_1_21' title="bbox 719 2063 2283 2146; baseline 0.011 -32"><span class='ocrx_word' id='word_1_150' title='bbox 719 2063 978 2117; x_wconf 81' lang='grc' dir='ltr'>Ἰουδαῖοι·</span> <span class='ocrx_word' id='word_1_151' title='bbox 1005 2065 1210 2136; x_wconf 82' lang='grc' dir='ltr'>πρῶτοι</span> <span class='ocrx_word' id='word_1_152' title='bbox 1231 2068 1298 2121; x_wconf 77' lang='grc' dir='ltr'>τά</span> <span class='ocrx_word' id='word_1_153' title='bbox 1330 2070 1508 2137; x_wconf 81' lang='grc' dir='ltr'>ἀγαθά</span> <span class='ocrx_word' id='word_1_154' title='bbox 1542 2070 1750 2136; x_wconf 77' lang='grc' dir='ltr'>ἔλαϐον,</span> <span class='ocrx_word' id='word_1_155' title='bbox 1769 2073 1904 2126; x_wconf 80' lang='grc' dir='ltr'>ἀλλὰ</span> <span class='ocrx_word' id='word_1_156' title='bbox 1935 2077 2038 2128; x_wconf 83' lang='grc' dir='ltr'>οὐκ.</span> <span class='ocrx_word' id='word_1_157' title='bbox 2068 2078 2283 2146; x_wconf 74' lang='grc' dir='ltr'>ᾔδεισαν</span> 
     </span>
    </p>
   </div>
   <div class='ocr_carea' id='block_1_22' title="bbox 704 2149 2281 2232">
    <p class='ocr_par' dir='ltr' id='par_1_22' title="bbox 704 2149 2281 2232">
     <span class='ocr_line' id='line_1_22' title="bbox 704 2149 2281 2232; baseline 0.01 -30"><span class='ocrx_word' id='word_1_158' title='bbox 704 2150 841 2220; x_wconf 77' lang='grc' dir='ltr'>ὅπερ</span> <span class='ocrx_word' id='word_1_159' title='bbox 870 2149 1078 2216; x_wconf 73' lang='grc' dir='ltr'>ἔλαϐον,</span> <span class='ocrx_word' id='word_1_160' title='bbox 1120 2154 1204 2209; x_wconf 63' lang='grc' dir='ltr'>ἵνα</span> <span class='ocrx_word' id='word_1_161' title='bbox 1239 2155 1350 2208; x_wconf 78' lang='grc' dir='ltr'>ἴσον</span> <span class='ocrx_word' id='word_1_162' title='bbox 1375 2157 1617 2227; x_wconf 78' lang='grc' dir='ltr'>γένηται.</span> <span class='ocrx_word' id='word_1_163' title='bbox 1664 2159 1817 2211; x_wconf 82' lang='grc' dir='ltr'>Οὕτω</span> <span class='ocrx_word' id='word_1_164' title='bbox 1854 2163 2015 2214; x_wconf 78' lang='grc' dir='ltr'>κάκεῖ</span> <span class='ocrx_word' id='word_1_165' title='bbox 2053 2164 2159 2232; x_wconf 85' lang='grc' dir='ltr'>πρὸ</span> <span class='ocrx_word' id='word_1_166' title='bbox 2190 2165 2281 2218; x_wconf 91' lang='grc' dir='ltr'>τοῦ</span> 
     </span>
    </p>
   </div>
   <div class='ocr_carea' id='block_1_23' title="bbox 706 2237 2284 2316">
    <p class='ocr_par' dir='ltr' id='par_1_23' title="bbox 706 2237 2284 2316">
     <span class='ocr_line' id='line_1_23' title="bbox 706 2237 2284 2316; baseline 0.01 -26"><span class='ocrx_word' id='word_1_167' title='bbox 706 2237 1078 2309; x_wconf 77' lang='grc' dir='ltr'>βαπτίσματος</span> <span class='ocrx_word' id='word_1_168' title='bbox 1124 2243 1535 2314; x_wconf 79' lang='grc' dir='ltr'>κατηξιώθησαν</span> <span class='ocrx_word' id='word_1_169' title='bbox 1594 2247 1932 2316; x_wconf 85' lang='grc' dir='ltr'>Πνεύματος.</span> <span class='ocrx_word' id='word_1_170' title='bbox 1984 2250 2137 2303; x_wconf 87' lang='grc' dir='ltr'>Οὕτω</span> <span class='ocrx_word' id='word_1_171' title='bbox 2189 2253 2284 2306; x_wconf 75' lang='grc' dir='ltr'>καὶ</span> 
     </span>
    </p>
   </div>
   <div class='ocr_carea' id='block_1_24' title="bbox 704 2324 2281 2406">
    <p class='ocr_par' dir='ltr' id='par_1_24' title="bbox 704 2324 2281 2406">
     <span class='ocr_line' id='line_1_24' title="bbox 704 2324 2281 2406; baseline 0.01 -30"><span class='ocrx_word' id='word_1_172' title='bbox 704 2324 796 2377; x_wconf 75' lang='grc' dir='ltr'>ἐπὶ</span> <span class='ocrx_word' id='word_1_173' title='bbox 861 2327 1109 2398; x_wconf 70' lang='grc' dir='ltr'>Ἁϐραάμ</span> <span class='ocrx_word' id='word_1_174' title='bbox 1158 2331 1347 2401; x_wconf 81' lang='grc' dir='ltr'><em>πρώτη</em></span> <span class='ocrx_word' id='word_1_175' title='bbox 1393 2334 1426 2402; x_wconf 81' lang='grc' dir='ltr'>ἡ</span> <span class='ocrx_word' id='word_1_176' title='bbox 1468 2333 1673 2404; x_wconf 81' lang='grc' dir='ltr'>πληθὺς</span> <span class='ocrx_word' id='word_1_177' title='bbox 1715 2334 1902 2406; x_wconf 79' lang='grc' dir='ltr'>ἐκείνη</span> <span class='ocrx_word' id='word_1_178' title='bbox 1936 2337 2044 2390; x_wconf 87' lang='grc' dir='ltr'>τῶν</span> <span class='ocrx_word' id='word_1_179' title='bbox 2093 2339 2281 2405; x_wconf 82' lang='grc' dir='ltr'>ἐθνῶν,</span> 
     </span>
    </p>
   </div>
   <div class='ocr_carea' id='block_1_25' title="bbox 705 2413 2284 2494">
    <p class='ocr_par' dir='ltr' id='par_1_25' title="bbox 705 2413 2284 2494">
     <span class='ocr_line' id='line_1_25' title="bbox 705 2413 2284 2494; baseline 0.007 -28"><span class='ocrx_word' id='word_1_180' title='bbox 705 2413 906 2486; x_wconf 81' lang='grc' dir='ltr'>ὑστέρα</span> <span class='ocrx_word' id='word_1_181' title='bbox 932 2415 987 2468; x_wconf 84' lang='grc' dir='ltr'>δὲ</span> <span class='ocrx_word' id='word_1_182' title='bbox 1017 2419 1047 2485; x_wconf 77' lang='grc' dir='ltr'>ἡ</span> <span class='ocrx_word' id='word_1_183' title='bbox 1082 2421 1350 2490; x_wconf 83' lang='grc' dir='ltr'>περιτομή</span> <span class='ocrx_word' id='word_1_184' title='bbox 1377 2437 1390 2452; x_wconf 92' lang='grc'><strong>·</strong></span> <span class='ocrx_word' id='word_1_185' title='bbox 1437 2420 1572 2474; x_wconf 85' lang='grc' dir='ltr'>ἀλλά</span> <span class='ocrx_word' id='word_1_186' title='bbox 1600 2422 1688 2475; x_wconf 77' lang='grc' dir='ltr'>διὰ</span> <span class='ocrx_word' id='word_1_187' title='bbox 1723 2424 2019 2493; x_wconf 79' lang='grc' dir='ltr'>περιτομῆς</span> <span class='ocrx_word' id='word_1_188' title='bbox 2045 2426 2078 2494; x_wconf 82' lang='grc' dir='ltr'>ὴ</span> <span class='ocrx_word' id='word_1_189' title='bbox 2110 2442 2284 2494; x_wconf 73' lang='grc' dir='ltr'>σωτη⁹</span> 
     </span>
    </p>
   </div>
   <div class='ocr_carea' id='block_1_26' title="bbox 705 2497 2281 2582">
    <p class='ocr_par' dir='ltr' id='par_1_26' title="bbox 705 2497 2281 2582">
     <span class='ocr_line' id='line_1_26' title="bbox 705 2497 2281 2582; baseline 0.008 -29"><span class='ocrx_word' id='word_1_190' title='bbox 705 2502 817 2570; x_wconf 88' lang='grc' dir='ltr'>ρία.</span> <span class='ocrx_word' id='word_1_191' title='bbox 851 2497 1018 2556; x_wconf 79' lang='grc' dir='ltr'>Εἶπον</span> <span class='ocrx_word' id='word_1_192' title='bbox 1046 2505 1217 2558; x_wconf 72' lang='grc' dir='ltr'>ταῦτα</span> <span class='ocrx_word' id='word_1_193' title='bbox 1262 2508 1520 2577; x_wconf 80' lang='grc' dir='ltr'>μυριάκις</span> <span class='ocrx_word' id='word_1_194' title='bbox 1574 2511 1625 2562; x_wconf 88' lang='grc' dir='ltr'>οἰ</span> <span class='ocrx_word' id='word_1_195' title='bbox 1675 2515 1947 2582; x_wconf 71' lang='grc' dir='ltr'>προφῆται</span> <span class='ocrx_word' id='word_1_196' title='bbox 1989 2515 2100 2576; x_wconf 85' lang='grc' dir='ltr'>τοῖς</span> <span class='ocrx_word' id='word_1_197' title='bbox 2151 2513 2281 2565; x_wconf 87' lang='grc' dir='ltr'>Ἰου-</span> 
     </span>
    </p>
   </div>
   <div class='ocr_carea' id='block_1_27' title="bbox 701 2588 2282 2666">
    <p class='ocr_par' dir='ltr' id='par_1_27' title="bbox 701 2588 2282 2666">
     <span class='ocr_line' id='line_1_27' title="bbox 701 2588 2282 2666; baseline 0.008 -26"><span class='ocrx_word' id='word_1_198' title='bbox 701 2588 891 2653; x_wconf 82' lang='grc' dir='ltr'>δαίοις,</span> <span class='ocrx_word' id='word_1_199' title='bbox 925 2591 1020 2644; x_wconf 74' lang='grc' dir='ltr'>καὶ</span> <span class='ocrx_word' id='word_1_200' title='bbox 1064 2595 1112 2644; x_wconf 89' lang='grc' dir='ltr'>εἰ</span> <span class='ocrx_word' id='word_1_201' title='bbox 1161 2593 1234 2665; x_wconf 79' lang='grc' dir='ltr'>μὴ</span> <span class='ocrx_word' id='word_1_202' title='bbox 1279 2594 1448 2666; x_wconf 82' lang='grc' dir='ltr'>πολλὴ</span> <span class='ocrx_word' id='word_1_203' title='bbox 1480 2596 1611 2666; x_wconf 85' lang='grc' dir='ltr'>παρ’</span> <span class='ocrx_word' id='word_1_204' title='bbox 1657 2598 1786 2665; x_wconf 82' lang='grc' dir='ltr'>ὑμῖν</span> <span class='ocrx_word' id='word_1_205' title='bbox 1834 2600 1866 2666; x_wconf 88' lang='grc' dir='ltr'><strong>ἡ</strong></span> <span class='ocrx_word' id='word_1_206' title='bbox 1921 2598 2136 2664; x_wconf 87' lang='grc' dir='ltr'>νωθεία,</span> <span class='ocrx_word' id='word_1_207' title='bbox 2182 2600 2282 2653; x_wconf 77' lang='grc' dir='ltr'>κᾶν</span> 
     </span>
    </p>
   </div>
   <div class='ocr_carea' id='block_1_28' title="bbox 703 2675 2280 2755">
    <p class='ocr_par' dir='ltr' id='par_1_28' title="bbox 703 2675 2280 2755">
     <span class='ocr_line' id='line_1_28' title="bbox 703 2675 2280 2755; baseline 0.006 -27"><span class='ocrx_word' id='word_1_208' title='bbox 703 2675 1028 2747; x_wconf 72' lang='grc' dir='ltr'>ἐξεκάλυψα,</span> <span class='ocrx_word' id='word_1_209' title='bbox 1055 2679 1157 2732; x_wconf 89' lang='grc' dir='ltr'>ποῦ</span> <span class='ocrx_word' id='word_1_210' title='bbox 1188 2681 1282 2733; x_wconf 69' lang='lat'><em>1:61</em></span> <span class='ocrx_word' id='word_1_211' title='bbox 1315 2683 1464 2734; x_wconf 87' lang='grc' dir='ltr'>πότε.</span> <span class='ocrx_word' id='word_1_212' title='bbox 1512 2683 1727 2754; x_wconf 82' lang='grc' dir='ltr'>Ἐπειδὴ</span> <span class='ocrx_word' id='word_1_213' title='bbox 1759 2683 1816 2737; x_wconf 81' lang='grc' dir='ltr'>δὲ</span> <span class='ocrx_word' id='word_1_214' title='bbox 1866 2685 1926 2735; x_wconf 87' lang='grc' dir='ltr'>ού</span> <span class='ocrx_word' id='word_1_215' title='bbox 1973 2687 2280 2755; x_wconf 77' lang='grc' dir='ltr'>προσεῖχον,</span> 
     </span>
    </p>
   </div>
   <div class='ocr_carea' id='block_1_29' title="bbox 706 2765 2282 2837">
    <p class='ocr_par' dir='ltr' id='par_1_29' title="bbox 706 2765 2282 2837">
     <span class='ocr_line' id='line_1_29' title="bbox 706 2765 2282 2837; baseline 0.005 -20"><span class='ocrx_word' id='word_1_216' title='bbox 706 2765 1020 2834; x_wconf 89' lang='grc' dir='ltr'>μεταϐαίνει</span> <span class='ocrx_word' id='word_1_217' title='bbox 1063 2769 1142 2830; x_wconf 87' lang='grc' dir='ltr'>εἰς</span> <span class='ocrx_word' id='word_1_218' title='bbox 1179 2768 1246 2820; x_wconf 81' lang='grc' dir='ltr'>τά</span> <span class='ocrx_word' id='word_1_219' title='bbox 1288 2768 1412 2837; x_wconf 78' lang='grc' dir='ltr'>ἔθνη</span> <span class='ocrx_word' id='word_1_220' title='bbox 1459 2770 1664 2823; x_wconf 86' lang='grc' dir='ltr'>λοιπόν.</span> <span class='ocrx_word' id='word_1_221' title='bbox 1730 2770 2040 2835; x_wconf 78' lang='grc' dir='ltr'>Ἀκούοντες</span> <span class='ocrx_word' id='word_1_222' title='bbox 2087 2773 2282 2826; x_wconf 77' lang='grc' dir='ltr'>ἐκεῖνοι</span> 
     </span>
    </p>
   </div>
   <div class='ocr_carea' id='block_1_30' title="bbox 701 2852 2284 2926">
    <p class='ocr_par' dir='ltr' id='par_1_30' title="bbox 701 2852 2284 2926">
     <span class='ocr_line' id='line_1_30' title="bbox 701 2852 2284 2926; baseline 0.006 -21"><span class='ocrx_word' id='word_1_223' title='bbox 701 2852 904 2906; x_wconf 89' lang='grc' dir='ltr'>τούτων</span> <span class='ocrx_word' id='word_1_224' title='bbox 930 2854 1037 2906; x_wconf 83' lang='grc' dir='ltr'>τῶν</span> <span class='ocrx_word' id='word_1_225' title='bbox 1069 2856 1350 2926; x_wconf 81' lang='grc' dir='ltr'>ῥημάτων,</span> <span class='ocrx_word' id='word_1_226' title='bbox 1378 2858 1682 2912; x_wconf 80' lang='grc' dir='ltr'>κατέπτυον</span> <span class='ocrx_word' id='word_1_227' title='bbox 1704 2875 1716 2887; x_wconf 94' lang='grc'>·</span> <span class='ocrx_word' id='word_1_228' title='bbox 1749 2861 1777 2912; x_wconf 97' lang='lat'>6</span> <span class='ocrx_word' id='word_1_229' title='bbox 1813 2858 2022 2923; x_wconf 73' lang='grc' dir='ltr'>ἐθνικὸς</span> <span class='ocrx_word' id='word_1_230' title='bbox 2043 2860 2284 2925; x_wconf 87' lang='grc' dir='ltr'>ἀκούσας</span> 
     </span>
    </p>
   </div>
   <div class='ocr_carea' id='block_1_31' title="bbox 705 2942 2284 3018">
    <p class='ocr_par' dir='ltr' id='par_1_31' title="bbox 705 2942 2284 3018">
     <span class='ocr_line' id='line_1_31' title="bbox 705 2942 2284 3018; baseline 0.006 -24"><span class='ocrx_word' id='word_1_231' title='bbox 705 2942 1126 3012; x_wconf 79' lang='grc' dir='ltr'>προσεκύνησεν.</span> <span class='ocrx_word' id='word_1_232' title='bbox 1181 2945 1321 3015; x_wconf 89' lang='grc' dir='ltr'>Ὅρα</span> <span class='ocrx_word' id='word_1_233' title='bbox 1353 2946 1445 2998; x_wconf 79' lang='grc' dir='ltr'>καί</span> <span class='ocrx_word' id='word_1_234' title='bbox 1477 2945 1544 2998; x_wconf 74' lang='grc' dir='ltr'>τὰ</span> <span class='ocrx_word' id='word_1_235' title='bbox 1592 2948 1685 2999; x_wconf 72' lang='grc' dir='ltr'>ἐπὶ</span> <span class='ocrx_word' id='word_1_236' title='bbox 1719 2947 1954 3018; x_wconf 84' lang='grc' dir='ltr'>Χριστοῦ</span> <span class='ocrx_word' id='word_1_237' title='bbox 1994 2949 2284 3003; x_wconf 85' lang='grc' dir='ltr'>διατυπού-</span> 
     </span>
    </p>
   </div>
   <div class='ocr_carea' id='block_1_32' title="bbox 706 3029 2280 3105">
    <p class='ocr_par' dir='ltr' id='par_1_32' title="bbox 706 3029 2280 3105">
     <span class='ocr_line' id='line_1_32' title="bbox 706 3029 2280 3105; baseline 0.005 -23"><span class='ocrx_word' id='word_1_238' title='bbox 706 3046 861 3097; x_wconf 83' lang='grc' dir='ltr'>μενοι.</span> <span class='ocrx_word' id='word_1_239' title='bbox 937 3031 998 3084; x_wconf 84' lang='grc' dir='ltr'>Ἡ</span> <span class='ocrx_word' id='word_1_240' title='bbox 1046 3033 1331 3096; x_wconf 84' lang='grc' dir='ltr'>Χανανίτις</span> <span class='ocrx_word' id='word_1_241' title='bbox 1376 3037 1699 3105; x_wconf 71' lang='grc' dir='ltr'>προσκυνεϊε</span> <span class='ocrx_word' id='word_1_242' title='bbox 1757 3029 1898 3088; x_wconf 69' lang='grc' dir='ltr'>οὗτοι</span> <span class='ocrx_word' id='word_1_243' title='bbox 1950 3037 2010 3088; x_wconf 81' lang='grc' dir='ltr'>ού</span> <span class='ocrx_word' id='word_1_244' title='bbox 2068 3037 2280 3090; x_wconf 83' lang='grc' dir='ltr'>ποιοῦσι</span> 
     </span>
    </p>
   </div>
   <div class='ocr_carea' id='block_1_33' title="bbox 699 3117 2279 3181">
    <p class='ocr_par' dir='ltr' id='par_1_33' title="bbox 699 3117 2279 3181">
     <span class='ocr_line' id='line_1_33' title="bbox 699 3117 2279 3181; baseline 0.006 -13"><span class='ocrx_word' id='word_1_245' title='bbox 699 3117 876 3181; x_wconf 87' lang='grc' dir='ltr'>τοῦτο,</span> <span class='ocrx_word' id='word_1_246' title='bbox 919 3119 1033 3172; x_wconf 84' lang='grc' dir='ltr'>ἀλλ’</span> <span class='ocrx_word' id='word_1_247' title='bbox 1085 3121 1415 3175; x_wconf 80' lang='grc' dir='ltr'>ἐλαύνουσιν.</span> <span class='ocrx_word' id='word_1_248' title='bbox 1469 3123 1624 3175; x_wconf 87' lang='grc' dir='ltr'>Οὕτω</span> <span class='ocrx_word' id='word_1_249' title='bbox 1677 3125 1771 3177; x_wconf 74' lang='grc' dir='ltr'>καὶ</span> <span class='ocrx_word' id='word_1_250' title='bbox 1813 3124 2042 3178; x_wconf 75' lang='grc' dir='ltr'>ἐνταῦθα</span> <span class='ocrx_word' id='word_1_251' title='bbox 2086 3126 2279 3178; x_wconf 78' lang='grc' dir='ltr'>ἐκεῖνοι</span> 
     </span>
    </p>
   </div>
   <div class='ocr_carea' id='block_1_34' title="bbox 702 3203 2276 3288">
    <p class='ocr_par' dir='ltr' id='par_1_34' title="bbox 702 3203 2276 3288">
     <span class='ocr_line' id='line_1_34' title="bbox 702 3203 2276 3288; baseline 0.008 -30"><span class='ocrx_word' id='word_1_252' title='bbox 702 3206 900 3276; x_wconf 77' lang='grc' dir='ltr'>ἔδησαν</span> <span class='ocrx_word' id='word_1_253' title='bbox 914 3208 1004 3260; x_wconf 75' lang='grc' dir='ltr'>τὸν</span> <span class='ocrx_word' id='word_1_254' title='bbox 1035 3209 1326 3278; x_wconf 84' lang='grc' dir='ltr'>Ἰερεμίαν,</span> <span class='ocrx_word' id='word_1_255' title='bbox 1359 3203 1514 3273; x_wconf 73' lang='grc' dir='ltr'>οὗτος</span> <span class='ocrx_word' id='word_1_256' title='bbox 1548 3212 1922 3283; x_wconf 75' lang='grc' dir='ltr'>προσεκύνησε</span> <span class='ocrx_word' id='word_1_257' title='bbox 1945 3214 2034 3267; x_wconf 82' lang='grc' dir='ltr'>τὸν</span> <span class='ocrx_word' id='word_1_258' title='bbox 2061 3217 2276 3288; x_wconf 72' lang='grc' dir='ltr'>Δανιήλ.</span> 
     </span>
    </p>
   </div>
   <div class='ocr_carea' id='block_1_35' title="bbox 705 3293 2280 3366">
    <p class='ocr_par' dir='ltr' id='par_1_35' title="bbox 705 3293 2280 3366">
     <span class='ocr_line' id='line_1_35' title="bbox 705 3293 2280 3366; baseline 0.007 -21"><span class='ocrx_word' id='word_1_259' title='bbox 705 3293 872 3347; x_wconf 86' lang='grc' dir='ltr'>Πάλιν</span> <span class='ocrx_word' id='word_1_260' title='bbox 930 3296 1166 3348; x_wconf 83' lang='grc' dir='ltr'>Ἰουδαῖοι</span> <span class='ocrx_word' id='word_1_261' title='bbox 1221 3299 1348 3360; x_wconf 83' lang='grc' dir='ltr'>τοὺς</span> <span class='ocrx_word' id='word_1_262' title='bbox 1389 3299 1718 3361; x_wconf 76' lang='grc' dir='ltr'>ἀποστόλους</span> <span class='ocrx_word' id='word_1_263' title='bbox 1766 3300 2180 3366; x_wconf 81' lang='grc' dir='ltr'>ἀπελαύνουσιν,</span> <span class='ocrx_word' id='word_1_264' title='bbox 2231 3306 2280 3356; x_wconf 85' lang='grc' dir='ltr'>οί</span> 
     </span>
    </p>
   </div>
   <div class='ocr_carea' id='block_1_36' title="bbox 704 3380 2283 3459">
    <p class='ocr_par' dir='ltr' id='par_1_36' title="bbox 704 3380 2283 3459">
     <span class='ocr_line' id='line_1_36' title="bbox 704 3380 2283 3459; baseline 0.004 -24"><span class='ocrx_word' id='word_1_265' title='bbox 704 3380 960 3454; x_wconf 85' lang='grc' dir='ltr'>Ἓλληνες</span> <span class='ocrx_word' id='word_1_266' title='bbox 1018 3382 1286 3452; x_wconf 79' lang='grc' dir='ltr'>λέγουσιν,</span> <span class='ocrx_word' id='word_1_267' title='bbox 1336 3385 1416 3436; x_wconf 89' lang='grc' dir='ltr'>ὃτι</span> <span class='ocrx_word' id='word_1_268' title='bbox 1474 3387 1537 3437; x_wconf 82' lang='lat' dir='ltr'>Ol</span> <span class='ocrx_word' id='word_1_269' title='bbox 1590 3385 1710 3438; x_wconf 79' lang='grc' dir='ltr'>θεοὶ</span> <span class='ocrx_word' id='word_1_270' title='bbox 1750 3387 2089 3455; x_wconf 76' lang='grc' dir='ltr'>κατέϐησαν</span> <span class='ocrx_word' id='word_1_271' title='bbox 2135 3391 2283 3459; x_wconf 83' lang='grc' dir='ltr'><em>πρὸς</em></span> 
     </span>
    </p>
   </div>
   <div class='ocr_carea' id='block_1_37' title="bbox 698 3471 2279 3548">
    <p class='ocr_par' dir='ltr' id='par_1_37' title="bbox 698 3471 2279 3548">
     <span class='ocr_line' id='line_1_37' title="bbox 698 3471 2279 3548; baseline 0.004 -22"><span class='ocrx_word' id='word_1_272' title='bbox 698 3471 876 3540; x_wconf 75' lang='grc' dir='ltr'>ἡμᾶς.</span> <span class='ocrx_word' id='word_1_273' title='bbox 925 3473 1092 3525; x_wconf 84' lang='grc' dir='ltr'>Ὅταν</span> <span class='ocrx_word' id='word_1_274' title='bbox 1140 3473 1249 3545; x_wconf 84' lang='grc' dir='ltr'>γὰρ</span> <span class='ocrx_word' id='word_1_275' title='bbox 1294 3475 1327 3544; x_wconf 83' lang='grc' dir='ltr'><strong>ἠ</strong></span> <span class='ocrx_word' id='word_1_276' title='bbox 1376 3474 1553 3545; x_wconf 85' lang='grc' dir='ltr'>κρίσις</span> <span class='ocrx_word' id='word_1_277' title='bbox 1583 3475 1752 3546; x_wconf 75' lang='grc' dir='ltr'>χωρὶς</span> <span class='ocrx_word' id='word_1_278' title='bbox 1783 3476 1989 3539; x_wconf 83' lang='grc' dir='ltr'><em>πάθους</em></span> <span class='ocrx_word' id='word_1_279' title='bbox 2043 3479 2279 3548; x_wconf 82' lang='grc' dir='ltr'>γίνηται,</span> 
     </span>
    </p>
   </div>
   <div class='ocr_carea' id='block_1_38' title="bbox 699 3559 2281 3635">
    <p class='ocr_par' dir='ltr' id='par_1_38' title="bbox 699 3559 2281 3635">
     <span class='ocr_line' id='line_1_38' title="bbox 699 3559 2281 3635; baseline 0.004 -23"><span class='ocrx_word' id='word_1_280' title='bbox 699 3559 992 3623; x_wconf 85' lang='grc' dir='ltr'>ἀδέκαστός</span> <span class='ocrx_word' id='word_1_281' title='bbox 1047 3562 1162 3613; x_wconf 74' lang='grc' dir='ltr'>ἐστι</span> <span class='ocrx_word' id='word_1_282' title='bbox 1239 3565 1332 3615; x_wconf 74' lang='grc' dir='ltr'>καὶ</span> <span class='ocrx_word' id='word_1_283' title='bbox 1388 3562 1625 3633; x_wconf 83' lang='grc' dir='ltr'>καθαρά.</span> <span class='ocrx_word' id='word_1_284' title='bbox 1697 3564 1861 3635; x_wconf 82' lang='grc' dir='ltr'>Ὁρᾷς</span> <span class='ocrx_word' id='word_1_285' title='bbox 1904 3566 2030 3628; x_wconf 83' lang='grc' dir='ltr'>τοὺς</span> <span class='ocrx_word' id='word_1_286' title='bbox 2079 3567 2281 3632; x_wconf 82' lang='grc' dir='ltr'><em>τύπους</em></span> 
     </span>
    </p>
   </div>
   <div class='ocr_carea' id='block_1_39' title="bbox 699 3645 2278 3720">
    <p class='ocr_par' dir='ltr' id='par_1_39' title="bbox 699 3645 2278 3720">
     <span class='ocr_line' id='line_1_39' title="bbox 699 3645 2278 3720; baseline 0.006 -23"><span class='ocrx_word' id='word_1_287' title='bbox 699 3645 1043 3716; x_wconf 88' lang='grc' dir='ltr'>λάμποντας;</span> <span class='ocrx_word' id='word_1_288' title='bbox 1074 3647 1162 3700; x_wconf 88' lang='grc' dir='ltr'>Ἐν</span> <span class='ocrx_word' id='word_1_289' title='bbox 1191 3648 1470 3700; x_wconf 83' lang='grc' dir='ltr'>Βαϐυλῶνι</span> <span class='ocrx_word' id='word_1_290' title='bbox 1490 3649 1558 3702; x_wconf 84' lang='grc' dir='ltr'>τὰ</span> <span class='ocrx_word' id='word_1_291' title='bbox 1586 3649 1714 3720; x_wconf 82' lang='grc' dir='ltr'>περὶ</span> <span class='ocrx_word' id='word_1_292' title='bbox 1742 3649 1976 3718; x_wconf 80' lang='grc' dir='ltr'>Χριστοῦ</span> <span class='ocrx_word' id='word_1_293' title='bbox 2001 3652 2278 3718; x_wconf 81' lang='grc' dir='ltr'>ἀκούεται,</span> 
     </span>
    </p>
   </div>
   <div class='ocr_carea' id='block_1_40' title="bbox 701 3733 2278 3807">
    <p class='ocr_par' dir='ltr' id='par_1_40' title="bbox 701 3733 2278 3807">
     <span class='ocr_line' id='line_1_40' title="bbox 701 3733 2278 3807; baseline 0.005 -22"><span class='ocrx_word' id='word_1_294' title='bbox 701 3733 796 3787; x_wconf 75' lang='grc' dir='ltr'>καὶ</span> <span class='ocrx_word' id='word_1_295' title='bbox 833 3733 1108 3805; x_wconf 76' lang='grc' dir='ltr'>ἀκροατὴς</span> <span class='ocrx_word' id='word_1_296' title='bbox 1155 3737 1183 3788; x_wconf 92' lang='lat'>6</span> <span class='ocrx_word' id='word_1_297' title='bbox 1231 3734 1504 3806; x_wconf 88' lang='grc' dir='ltr'>βάρϐαρος</span> <span class='ocrx_word' id='word_1_298' title='bbox 1533 3735 1760 3802; x_wconf 88' lang='grc' dir='ltr'>γίνεται,</span> <span class='ocrx_word' id='word_1_299' title='bbox 1800 3736 1884 3790; x_wconf 81' lang='grc' dir='ltr'>ἴνα</span> <span class='ocrx_word' id='word_1_300' title='bbox 1914 3738 2088 3807; x_wconf 81' lang='grc' dir='ltr'>μάθῃς</span> <span class='ocrx_word' id='word_1_301' title='bbox 2113 3740 2193 3792; x_wconf 79' lang='grc' dir='ltr'>ὅτι</span> <span class='ocrx_word' id='word_1_302' title='bbox 2219 3743 2278 3793; x_wconf 84' lang='grc' dir='ltr'>ού</span> 
     </span>
    </p>
   </div>
   <div class='ocr_carea' id='block_1_41' title="bbox 703 3819 2278 3892">
    <p class='ocr_par' dir='ltr' id='par_1_41' title="bbox 703 3819 2278 3892">
     <span class='ocr_line' id='line_1_41' title="bbox 703 3819 2278 3892; baseline 0.003 -19"><span class='ocrx_word' id='word_1_303' title='bbox 703 3819 862 3890; x_wconf 82' lang='grc' dir='ltr'>μόνον</span> <span class='ocrx_word' id='word_1_304' title='bbox 890 3821 1108 3887; x_wconf 76' lang='grc' dir='ltr'>ἐθνικοὶ,</span> <span class='ocrx_word' id='word_1_305' title='bbox 1138 3821 1271 3874; x_wconf 88' lang='grc' dir='ltr'>ἀλλά</span> <span class='ocrx_word' id='word_1_306' title='bbox 1305 3823 1399 3874; x_wconf 75' lang='grc' dir='ltr'>καὶ</span> <span class='ocrx_word' id='word_1_307' title='bbox 1439 3822 1703 3892; x_wconf 83' lang='grc' dir='ltr'>βάρϐαροι</span> <span class='ocrx_word' id='word_1_308' title='bbox 1729 3821 1900 3875; x_wconf 87' lang='grc' dir='ltr'>ταῦτα</span> <span class='ocrx_word' id='word_1_309' title='bbox 1940 3823 2278 3890; x_wconf 83' lang='grc' dir='ltr'>ἀκούσονται,</span> 
     </span>
    </p>
   </div>
   <div class='ocr_carea' id='block_1_42' title="bbox 701 3910 2283 3983">
    <p class='ocr_par' dir='ltr' id='par_1_42' title="bbox 701 3910 2283 3983">
     <span class='ocr_line' id='line_1_42' title="bbox 701 3910 2283 3983; baseline 0.003 -21"><span class='ocrx_word' id='word_1_310' title='bbox 701 3910 888 3981; x_wconf 80' lang='grc' dir='ltr'>ὥσπερ</span> <span class='ocrx_word' id='word_1_311' title='bbox 907 3910 990 3981; x_wconf 72' lang='grc'>[21</span> <span class='ocrx_word' id='word_1_312' title='bbox 1002 3911 1055 3983; x_wconf 84' lang='grc'>5]</span> <span class='ocrx_word' id='word_1_313' title='bbox 1071 3913 1099 3964; x_wconf 92' lang='lat'>6</span> <span class='ocrx_word' id='word_1_314' title='bbox 1123 3911 1330 3975; x_wconf 82' lang='grc' dir='ltr'>Παῦλός</span> <span class='ocrx_word' id='word_1_315' title='bbox 1347 3929 1499 3981; x_wconf 79' lang='grc' dir='ltr'>φησι·</span> <span class='ocrx_word' id='word_1_316' title='bbox 1551 3912 1887 3981; x_wconf 69' lang='grc' dir='ltr'>Ὀφειλέτης</span> <span class='ocrx_word' id='word_1_317' title='bbox 1913 3912 2030 3980; x_wconf 75' lang='grc' dir='ltr'>εἰμὶ</span> <span class='ocrx_word' id='word_1_318' title='bbox 2050 3915 2283 3983; x_wconf 74' lang='grc' dir='ltr'>εὐαγγε-</span> 
     </span>
    </p>
   </div>
   <div class='ocr_carea' id='block_1_43' title="bbox 699 3999 2279 4073">
    <p class='ocr_par' dir='ltr' id='par_1_43' title="bbox 699 3999 2279 4073">
     <span class='ocr_line' id='line_1_43' title="bbox 699 3999 2279 4073; baseline 0.002 -22"><span class='ocrx_word' id='word_1_319' title='bbox 699 4000 988 4056; x_wconf 75' lang='grc' dir='ltr'>λίσασθαι</span> <span class='ocrx_word' id='word_1_320' title='bbox 1029 4001 1285 4067; x_wconf 68' lang='grc' dir='ltr'>’Έλλησί</span> <span class='ocrx_word' id='word_1_321' title='bbox 1326 4017 1389 4053; x_wconf 88' lang='grc' dir='ltr'>τε</span> <span class='ocrx_word' id='word_1_322' title='bbox 1427 3999 1525 4053; x_wconf 76' lang='grc' dir='ltr'>καὶ</span> <span class='ocrx_word' id='word_1_323' title='bbox 1560 3999 1900 4069; x_wconf 76' lang='grc' dir='ltr'>βαρϐάροις.</span> <span class='ocrx_word' id='word_1_324' title='bbox 1938 4000 2042 4054; x_wconf 68' lang='grc' dir='ltr'>Καὶ</span> <span class='ocrx_word' id='word_1_325' title='bbox 2085 4002 2168 4053; x_wconf 83' lang='grc' dir='ltr'>ἵνα</span> <span class='ocrx_word' id='word_1_326' title='bbox 2205 4003 2279 4073; x_wconf 83' lang='grc' dir='ltr'>μὴ</span> 
     </span>
    </p>
   </div>
   <div class='ocr_carea' id='block_1_44' title="bbox 700 4085 2280 4160">
    <p class='ocr_par' dir='ltr' id='par_1_44' title="bbox 700 4085 2280 4160">
     <span class='ocr_line' id='line_1_44' title="bbox 700 4085 2280 4160; baseline 0.003 -21"><span class='ocrx_word' id='word_1_327' title='bbox 700 4086 971 4157; x_wconf 85' lang='grc' dir='ltr'>άπογνῷς,</span> <span class='ocrx_word' id='word_1_328' title='bbox 1002 4086 1100 4150; x_wconf 76' lang='grc' dir='ltr'>τὰς</span> <span class='ocrx_word' id='word_1_329' title='bbox 1121 4087 1338 4149; x_wconf 76' lang='grc' dir='ltr'>ἐλπίδας</span> <span class='ocrx_word' id='word_1_330' title='bbox 1362 4087 1750 4141; x_wconf 83' lang='grc' dir='ltr'>ύποτυποῦται.</span> <span class='ocrx_word' id='word_1_331' title='bbox 1770 4088 1834 4140; x_wconf 87' lang='grc' dir='ltr'>Τί</span> <span class='ocrx_word' id='word_1_332' title='bbox 1851 4089 1956 4160; x_wconf 74' lang='grc' dir='ltr'>γάρ</span> <span class='ocrx_word' id='word_1_333' title='bbox 1974 4089 2072 4142; x_wconf 87' lang='grc' dir='ltr'>ούκ</span> <span class='ocrx_word' id='word_1_334' title='bbox 2095 4085 2162 4159; x_wconf 79' lang='grc' dir='ltr'>ἦν</span> <span class='ocrx_word' id='word_1_335' title='bbox 2180 4090 2280 4143; x_wconf 85' lang='grc' dir='ltr'>κώ-</span> 
     </span>
    </p>
   </div>
   <div class='ocr_carea' id='block_1_45' title="bbox 700 4172 2278 4247">
    <p class='ocr_par' dir='ltr' id='par_1_45' title="bbox 700 4172 2278 4247">
     <span class='ocr_line' id='line_1_45' title="bbox 700 4172 2278 4247; baseline 0.003 -22"><span class='ocrx_word' id='word_1_336' title='bbox 700 4174 876 4245; x_wconf 81' lang='grc' dir='ltr'>λυμα;</span> <span class='ocrx_word' id='word_1_337' title='bbox 920 4174 977 4226; x_wconf 90' lang='lat'><strong>&#39;0</strong></span> <span class='ocrx_word' id='word_1_338' title='bbox 1001 4173 1170 4242; x_wconf 80' lang='grc' dir='ltr'>τῦφος</span> <span class='ocrx_word' id='word_1_339' title='bbox 1203 4176 1230 4226; x_wconf 93' lang='lat'>6</span> <span class='ocrx_word' id='word_1_340' title='bbox 1262 4172 1556 4244; x_wconf 82' lang='grc' dir='ltr'>βασιλικὸς,</span> <span class='ocrx_word' id='word_1_341' title='bbox 1593 4175 1626 4243; x_wconf 81' lang='grc' dir='ltr'>ἡ</span> <span class='ocrx_word' id='word_1_342' title='bbox 1657 4173 1815 4242; x_wconf 76' lang='grc' dir='ltr'>φύσις</span> <span class='ocrx_word' id='word_1_343' title='bbox 1842 4176 1980 4245; x_wconf 79' lang='grc' dir='ltr'>αὐτὴ</span> <span class='ocrx_word' id='word_1_344' title='bbox 2007 4178 2039 4246; x_wconf 83' lang='grc' dir='ltr'>ἡ</span> <span class='ocrx_word' id='word_1_345' title='bbox 2077 4178 2278 4247; x_wconf 79' lang='grc' dir='ltr'>βαρϐα-</span> 
     </span>
    </p>
   </div>
   <div class='ocr_carea' id='block_1_46' title="bbox 706 4260 2275 4333">
    <p class='ocr_par' dir='ltr' id='par_1_46' title="bbox 706 4260 2275 4333">
     <span class='ocr_line' id='line_1_46' title="bbox 706 4260 2275 4333; baseline 0.001 -19"><span class='ocrx_word' id='word_1_346' title='bbox 706 4262 853 4332; x_wconf 80' lang='grc' dir='ltr'>ρικὴ,</span> <span class='ocrx_word' id='word_1_347' title='bbox 879 4262 938 4314; x_wconf 75' lang='grc' dir='ltr'>τὸ</span> <span class='ocrx_word' id='word_1_348' title='bbox 970 4261 1182 4324; x_wconf 74' lang='grc' dir='ltr'>εὐτελὲς</span> <span class='ocrx_word' id='word_1_349' title='bbox 1222 4260 1314 4313; x_wconf 85' lang='grc' dir='ltr'>τοῦ</span> <span class='ocrx_word' id='word_1_350' title='bbox 1351 4260 1597 4330; x_wconf 73' lang='grc' dir='ltr'>λέγοντος</span> <span class='ocrx_word' id='word_1_351' title='bbox 1616 4277 1629 4290; x_wconf 81' lang='grc'><strong>’</strong></span> <span class='ocrx_word' id='word_1_352' title='bbox 1665 4261 2004 4330; x_wconf 86' lang='grc' dir='ltr'>αἰχμάλωτος</span> <span class='ocrx_word' id='word_1_353' title='bbox 2029 4264 2135 4332; x_wconf 85' lang='grc' dir='ltr'>γὰρ</span> <span class='ocrx_word' id='word_1_354' title='bbox 2164 4260 2232 4333; x_wconf 75' lang='grc' dir='ltr'>ἦν</span> <span class='ocrx_word' id='word_1_355' title='bbox 2258 4281 2275 4297; x_wconf 81' lang='grc' dir='ltr'><strong>ο</strong></span> 
     </span>
    </p>
   </div>
   <div class='ocr_carea' id='block_1_47' title="bbox 702 4347 2278 4419">
    <p class='ocr_par' dir='ltr' id='par_1_47' title="bbox 702 4347 2278 4419">
     <span class='ocr_line' id='line_1_47' title="bbox 702 4347 2278 4419; baseline 0.003 -20"><span class='ocrx_word' id='word_1_356' title='bbox 702 4349 736 4418; x_wconf 76' lang='grc' dir='ltr'><strong>ἡ</strong></span> <span class='ocrx_word' id='word_1_357' title='bbox 766 4347 945 4417; x_wconf 74' lang='grc' dir='ltr'>ἡλικία</span> <span class='ocrx_word' id='word_1_358' title='bbox 969 4365 983 4378; x_wconf 89' lang='grc'><strong>·</strong></span> <span class='ocrx_word' id='word_1_359' title='bbox 1011 4348 1129 4410; x_wconf 90' lang='grc' dir='ltr'>νέος</span> <span class='ocrx_word' id='word_1_360' title='bbox 1151 4349 1257 4418; x_wconf 89' lang='grc' dir='ltr'>γάρ</span> <span class='ocrx_word' id='word_1_361' title='bbox 1284 4363 1296 4377; x_wconf 80' lang='lat'><strong><em>‘</em></strong></span> <span class='ocrx_word' id='word_1_362' title='bbox 1326 4348 1386 4401; x_wconf 78' lang='grc' dir='ltr'>τὸ</span> <span class='ocrx_word' id='word_1_363' title='bbox 1407 4348 1500 4418; x_wconf 88' lang='grc' dir='ltr'>τῆς</span> <span class='ocrx_word' id='word_1_364' title='bbox 1520 4348 1812 4419; x_wconf 84' lang='grc' dir='ltr'>θρησκείας</span> <span class='ocrx_word' id='word_1_365' title='bbox 1838 4347 2133 4419; x_wconf 86' lang='grc' dir='ltr'>ἀλλότριον.</span> <span class='ocrx_word' id='word_1_366' title='bbox 2166 4352 2278 4404; x_wconf 82' lang='grc' dir='ltr'>Ούκ</span> 
     </span>
    </p>
   </div>
   <div class='ocr_carea' id='block_1_48' title="bbox 704 4432 2277 4508">
    <p class='ocr_par' dir='ltr' id='par_1_48' title="bbox 704 4432 2277 4508">
     <span class='ocr_line' id='line_1_48' title="bbox 704 4432 2277 4508; baseline 0.003 -21"><span class='ocrx_word' id='word_1_367' title='bbox 704 4432 1105 4500; x_wconf 86' lang='grc' dir='ltr'>εἷπεν,Ἔδεισε</span> <span class='ocrx_word' id='word_1_368' title='bbox 1134 4434 1371 4505; x_wconf 77' lang='grc' dir='ltr'>προϊδεῖν</span> <span class='ocrx_word' id='word_1_369' title='bbox 1423 4436 1490 4488; x_wconf 78' lang='grc' dir='ltr'>τὰ</span> <span class='ocrx_word' id='word_1_370' title='bbox 1525 4435 1612 4497; x_wconf 85' lang='grc' dir='ltr'>σά,</span> <span class='ocrx_word' id='word_1_371' title='bbox 1640 4435 1735 4506; x_wconf 75' lang='grc' dir='ltr'>τὴν</span> <span class='ocrx_word' id='word_1_372' title='bbox 1779 4437 2153 4505; x_wconf 84' lang='grc' dir='ltr'>αἰχμαλωσίαν</span> <span class='ocrx_word' id='word_1_373' title='bbox 2181 4441 2277 4508; x_wconf 87' lang='grc' dir='ltr'>τῆς</span> 
     </span>
    </p>
   </div>
   <div class='ocr_carea' id='block_1_49' title="bbox 703 4523 2273 4595">
    <p class='ocr_par' dir='ltr' id='par_1_49' title="bbox 703 4523 2273 4595">
     <span class='ocr_line' id='line_1_49' title="bbox 703 4523 2273 4595; baseline 0.001 -19"><span class='ocrx_word' id='word_1_374' title='bbox 703 4525 947 4587; x_wconf 84' lang='grc' dir='ltr'>πόλεως·</span> <span class='ocrx_word' id='word_1_375' title='bbox 1002 4525 1185 4577; x_wconf 86' lang='grc' dir='ltr'>ἐκεῖνα</span> <span class='ocrx_word' id='word_1_376' title='bbox 1233 4523 1527 4591; x_wconf 68' lang='grc' dir='ltr'>ἠγνόησας,</span> <span class='ocrx_word' id='word_1_377' title='bbox 1581 4523 1674 4574; x_wconf 71' lang='grc' dir='ltr'>καὶ</span> <span class='ocrx_word' id='word_1_378' title='bbox 1726 4523 1900 4575; x_wconf 85' lang='grc' dir='ltr'>ταῦτα</span> <span class='ocrx_word' id='word_1_379' title='bbox 1959 4525 2273 4595; x_wconf 88' lang='grc' dir='ltr'>προλέγεις;</span> 
     </span>
    </p>
   </div>
   <div class='ocr_carea' id='block_1_50' title="bbox 707 4609 2276 4682">
    <p class='ocr_par' dir='ltr' id='par_1_50' title="bbox 707 4609 2276 4682">
     <span class='ocr_line' id='line_1_50' title="bbox 707 4609 2276 4682; baseline 0.002 -20"><span class='ocrx_word' id='word_1_380' title='bbox 707 4611 887 4679; x_wconf 78' lang='grc' dir='ltr'>Ἀπερ</span> <span class='ocrx_word' id='word_1_381' title='bbox 940 4610 1186 4678; x_wconf 89' lang='grc' dir='ltr'>λέγουσιν</span> <span class='ocrx_word' id='word_1_382' title='bbox 1233 4610 1280 4662; x_wconf 83' lang='grc' dir='ltr'>οἱ</span> <span class='ocrx_word' id='word_1_383' title='bbox 1330 4609 1674 4678; x_wconf 75' lang='grc' dir='ltr'>ἀγνώμονες·</span> <span class='ocrx_word' id='word_1_384' title='bbox 1731 4610 1838 4663; x_wconf 80' lang='grc' dir='ltr'>ἔδει</span> <span class='ocrx_word' id='word_1_385' title='bbox 1904 4611 1993 4664; x_wconf 81' lang='grc' dir='ltr'>τὸν</span> <span class='ocrx_word' id='word_1_386' title='bbox 2045 4613 2276 4682; x_wconf 83' lang='grc' dir='ltr'>Χριστὸν</span> 
     </span>
    </p>
   </div>
   <div class='ocr_carea' id='block_1_51' title="bbox 705 4696 2277 4768">
    <p class='ocr_par' dir='ltr' id='par_1_51' title="bbox 705 4696 2277 4768">
     <span class='ocr_line' id='line_1_51' title="bbox 705 4696 2277 4768; baseline 0.001 -17"><span class='ocrx_word' id='word_1_387' title='bbox 705 4698 1005 4766; x_wconf 87' lang='grc' dir='ltr'>ἀναστῆσαι</span> <span class='ocrx_word' id='word_1_388' title='bbox 1033 4698 1240 4750; x_wconf 76' lang='grc' dir='ltr'>ἑαυτόν.</span> <span class='ocrx_word' id='word_1_389' title='bbox 1275 4697 1416 4748; x_wconf 78' lang='grc' dir='ltr'>Αὐτὸ</span> <span class='ocrx_word' id='word_1_390' title='bbox 1454 4697 1511 4748; x_wconf 79' lang='grc' dir='ltr'>τὸ</span> <span class='ocrx_word' id='word_1_391' title='bbox 1538 4696 1826 4766; x_wconf 84' lang='grc' dir='ltr'>λεγόμενον</span> <span class='ocrx_word' id='word_1_392' title='bbox 1857 4698 2148 4766; x_wconf 72' lang='grc' dir='ltr'>κατάλυσις</span> <span class='ocrx_word' id='word_1_393' title='bbox 2177 4700 2277 4768; x_wconf 87' lang='grc' dir='ltr'>τῆς</span> 
     </span>
    </p>
   </div>
   <div class='ocr_carea' id='block_1_52' title="bbox 707 4779 2278 4856">
    <p class='ocr_par' dir='ltr' id='par_1_52' title="bbox 707 4779 2278 4856">
     <span class='ocr_line' id='line_1_52' title="bbox 707 4779 2278 4856; baseline -0.001 -18"><span class='ocrx_word' id='word_1_394' title='bbox 707 4784 981 4855; x_wconf 76' lang='grc' dir='ltr'>βασιλείας</span> <span class='ocrx_word' id='word_1_395' title='bbox 1028 4783 1190 4837; x_wconf 84' lang='grc' dir='ltr'>αὑτοῦ</span> <span class='ocrx_word' id='word_1_396' title='bbox 1246 4779 1334 4853; x_wconf 76' lang='grc' dir='ltr'>ἦν,</span> <span class='ocrx_word' id='word_1_397' title='bbox 1391 4785 1482 4835; x_wconf 65' lang='grc' dir='ltr'>καὶ</span> <span class='ocrx_word' id='word_1_398' title='bbox 1536 4783 1632 4852; x_wconf 78' lang='grc' dir='ltr'>τῆς</span> <span class='ocrx_word' id='word_1_399' title='bbox 1687 4785 2008 4854; x_wconf 77' lang='grc' dir='ltr'>οἰκουμένης</span> <span class='ocrx_word' id='word_1_400' title='bbox 2062 4787 2278 4856; x_wconf 86' lang='grc' dir='ltr'>ἁπάσης</span> 
     </span>
    </p>
   </div>
   <div class='ocr_carea' id='block_1_53' title="bbox 708 4870 2276 4943">
    <p class='ocr_par' dir='ltr' id='par_1_53' title="bbox 708 4870 2276 4943">
     <span class='ocr_line' id='line_1_53' title="bbox 708 4870 2276 4943; baseline -0.005 -15"><span class='ocrx_word' id='word_1_401' title='bbox 708 4875 1004 4928; x_wconf 83' lang='grc' dir='ltr'>συντέλεια.</span> <span class='ocrx_word' id='word_1_402' title='bbox 1042 4873 1150 4926; x_wconf 74' lang='grc' dir='ltr'>Καὶ</span> <span class='ocrx_word' id='word_1_403' title='bbox 1183 4870 1470 4925; x_wconf 83' lang='grc' dir='ltr'>ἐπίστευσε</span> <span class='ocrx_word' id='word_1_404' title='bbox 1503 4871 1990 4943; x_wconf 74' lang='grc' dir='ltr'>Ναϐουχοδονόσορ.</span> <span class='ocrx_word' id='word_1_405' title='bbox 2048 4870 2124 4925; x_wconf 60' lang='lat'>0:3</span> <span class='ocrx_word' id='word_1_406' title='bbox 2169 4874 2276 4942; x_wconf 72' lang='grc' dir='ltr'>γὰρ</span> 
     </span>
    </p>
   </div>
   <div class='ocr_carea' id='block_1_54' title="bbox 709 4959 2275 5033">
    <p class='ocr_par' dir='ltr' id='par_1_54' title="bbox 709 4959 2275 5033">
     <span class='ocr_line' id='line_1_54' title="bbox 709 4959 2275 5033; baseline -0.001 -17"><span class='ocrx_word' id='word_1_407' title='bbox 709 4963 793 5026; x_wconf 82' lang='grc' dir='ltr'>ἂν,</span> <span class='ocrx_word' id='word_1_408' title='bbox 846 4964 892 5015; x_wconf 88' lang='grc' dir='ltr'>εἱ</span> <span class='ocrx_word' id='word_1_409' title='bbox 943 4961 1015 5033; x_wconf 73' lang='grc' dir='ltr'>μὴ</span> <span class='ocrx_word' id='word_1_410' title='bbox 1066 4961 1401 5023; x_wconf 78' lang='grc' dir='ltr'>ἐπίστευσεν,</span> <span class='ocrx_word' id='word_1_411' title='bbox 1439 4959 1596 5012; x_wconf 77' lang='grc' dir='ltr'>ἔθυσε</span> <span class='ocrx_word' id='word_1_412' title='bbox 1634 4960 1710 5030; x_wconf 84' lang='grc' dir='ltr'>τῷ</span> <span class='ocrx_word' id='word_1_413' title='bbox 1762 4961 1975 5032; x_wconf 69' lang='grc' dir='ltr'>Δανιὴλ.</span> <span class='ocrx_word' id='word_1_414' title='bbox 2026 4962 2275 5015; x_wconf 85' lang='grc' dir='ltr'>Πιστεύει</span> 
     </span>
    </p>
   </div>
   <div class='ocr_carea' id='block_1_55' title="bbox 707 5046 2274 5119">
    <p class='ocr_par' dir='ltr' id='par_1_55' title="bbox 707 5046 2274 5119">
     <span class='ocr_line' id='line_1_55' title="bbox 707 5046 2274 5119; baseline -0.003 -15"><span class='ocrx_word' id='word_1_415' title='bbox 707 5049 1189 5119; x_wconf 83' lang='grc' dir='ltr'>Ναϐουχοδονόσορ,</span> <span class='ocrx_word' id='word_1_416' title='bbox 1217 5047 1360 5110; x_wconf 78' lang='grc' dir='ltr'>τινὲς</span> <span class='ocrx_word' id='word_1_417' title='bbox 1384 5048 1438 5100; x_wconf 83' lang='grc' dir='ltr'>δὲ</span> <span class='ocrx_word' id='word_1_418' title='bbox 1477 5046 1762 5100; x_wconf 86' lang='grc' dir='ltr'>ἀπιστοῦσι</span> <span class='ocrx_word' id='word_1_419' title='bbox 1792 5047 1964 5100; x_wconf 69' lang='grc' dir='ltr'>τιῶτο.</span> <span class='ocrx_word' id='word_1_420' title='bbox 1991 5047 2088 5100; x_wconf 78' lang='grc' dir='ltr'>Διά</span> <span class='ocrx_word' id='word_1_421' title='bbox 2115 5048 2274 5103; x_wconf 87' lang='grc' dir='ltr'>τοῦτο</span> 
     </span>
    </p>
   </div>
   <div class='ocr_carea' id='block_1_56' title="bbox 709 5135 2269 5209">
    <p class='ocr_par' dir='ltr' id='par_1_56' title="bbox 709 5135 2269 5209">
     <span class='ocr_line' id='line_1_56' title="bbox 709 5135 2269 5209; baseline -0.004 -15"><span class='ocrx_word' id='word_1_422' title='bbox 709 5139 900 5194; x_wconf 79' lang='grc' dir='ltr'>πολλαὶ</span> <span class='ocrx_word' id='word_1_423' title='bbox 923 5138 1250 5209; x_wconf 75' lang='grc' dir='ltr'>προρρήσεις</span> <span class='ocrx_word' id='word_1_424' title='bbox 1278 5137 1531 5205; x_wconf 85' lang='grc' dir='ltr'>ἐγίνοντο.</span> <span class='ocrx_word' id='word_1_425' title='bbox 1572 5137 1634 5189; x_wconf 83' lang='grc' dir='ltr'><strong>Εἰ</strong></span> <span class='ocrx_word' id='word_1_426' title='bbox 1683 5135 1754 5206; x_wconf 85' lang='grc' dir='ltr'>μὴ</span> <span class='ocrx_word' id='word_1_427' title='bbox 1783 5135 2025 5202; x_wconf 84' lang='grc' dir='ltr'>ἐγένοντο</span> <span class='ocrx_word' id='word_1_428' title='bbox 2050 5136 2269 5200; x_wconf 75' lang='grc' dir='ltr'>ἐκεῖναι,</span> 
     </span>
    </p>
   </div>
   <div class='ocr_carea' id='block_1_57' title="bbox 712 5222 2271 5299">
    <p class='ocr_par' dir='ltr' id='par_1_57' title="bbox 712 5222 2271 5299">
     <span class='ocr_line' id='line_1_57' title="bbox 712 5222 2271 5299; baseline -0.003 -18"><span class='ocrx_word' id='word_1_429' title='bbox 712 5227 845 5299; x_wconf 81' lang='grc' dir='ltr'>μηδὲ</span> <span class='ocrx_word' id='word_1_430' title='bbox 887 5226 1109 5288; x_wconf 83' lang='grc' dir='ltr'>ταύταις</span> <span class='ocrx_word' id='word_1_431' title='bbox 1142 5224 1380 5278; x_wconf 85' lang='grc' dir='ltr'>πίστευε.</span> <span class='ocrx_word' id='word_1_432' title='bbox 1428 5223 1543 5278; x_wconf 84' lang='grc' dir='ltr'>Ἵνα</span> <span class='ocrx_word' id='word_1_433' title='bbox 1573 5224 1627 5276; x_wconf 86' lang='grc' dir='ltr'>δὲ</span> <span class='ocrx_word' id='word_1_434' title='bbox 1671 5225 1743 5293; x_wconf 80' lang='grc' dir='ltr'>μὴ</span> <span class='ocrx_word' id='word_1_435' title='bbox 1775 5224 1865 5275; x_wconf 72' lang='grc' dir='ltr'>ἐπὶ</span> <span class='ocrx_word' id='word_1_436' title='bbox 1897 5222 2054 5275; x_wconf 84' lang='grc' dir='ltr'>πλέον</span> <span class='ocrx_word' id='word_1_437' title='bbox 2089 5224 2271 5295; x_wconf 74' lang='grc' dir='ltr'>ἀσαφῆ</span> 
     </span>
    </p>
   </div>
   <div class='ocr_carea' id='block_1_58' title="bbox 710 5309 2270 5382">
    <p class='ocr_par' dir='ltr' id='par_1_58' title="bbox 710 5309 2270 5382">
     <span class='ocr_line' id='line_1_58' title="bbox 710 5309 2270 5382; baseline -0.004 -12"><span class='ocrx_word' id='word_1_438' title='bbox 710 5314 847 5370; x_wconf 83' lang='grc' dir='ltr'>ποιῶ</span> <span class='ocrx_word' id='word_1_439' title='bbox 885 5314 974 5368; x_wconf 83' lang='grc' dir='ltr'>τὸν</span> <span class='ocrx_word' id='word_1_440' title='bbox 1028 5312 1204 5381; x_wconf 86' lang='grc' dir='ltr'>λόγον,</span> <span class='ocrx_word' id='word_1_441' title='bbox 1241 5311 1374 5382; x_wconf 75' lang='grc' dir='ltr'>φέρε</span> <span class='ocrx_word' id='word_1_442' title='bbox 1422 5310 1606 5363; x_wconf 88' lang='grc' dir='ltr'>τοῦτον</span> <span class='ocrx_word' id='word_1_443' title='bbox 1655 5310 1782 5380; x_wconf 84' lang='grc' dir='ltr'>ὑμῖν</span> <span class='ocrx_word' id='word_1_444' title='bbox 1830 5309 2270 5380; x_wconf 83' lang='grc' dir='ltr'>ὲρμηνεύσωμεν.</span> 
     </span>
    </p>
   </div>
   <div class='ocr_carea' id='block_1_59' title="bbox 711 5397 2270 5470">
    <p class='ocr_par' dir='ltr' id='par_1_59' title="bbox 711 5397 2270 5470">
     <span class='ocr_line' id='line_1_59' title="bbox 711 5397 2270 5470; baseline -0.004 -13"><span class='ocrx_word' id='word_1_445' title='bbox 711 5404 879 5457; x_wconf 85' lang='grc' dir='ltr'>Πέντε</span> <span class='ocrx_word' id='word_1_446' title='bbox 909 5397 1046 5455; x_wconf 71' lang='grc' dir='ltr'>εἶδεν</span> <span class='ocrx_word' id='word_1_447' title='bbox 1077 5399 1229 5463; x_wconf 87' lang='grc' dir='ltr'>ὕλας,</span> <span class='ocrx_word' id='word_1_448' title='bbox 1255 5398 1474 5470; x_wconf 82' lang='grc' dir='ltr'>χρυσὸν,</span> <span class='ocrx_word' id='word_1_449' title='bbox 1499 5399 1754 5468; x_wconf 81' lang='grc' dir='ltr'>ἄργυρον,</span> <span class='ocrx_word' id='word_1_450' title='bbox 1790 5397 2005 5468; x_wconf 85' lang='grc' dir='ltr'>χαλκὸν,</span> <span class='ocrx_word' id='word_1_451' title='bbox 2037 5397 2270 5468; x_wconf 85' lang='grc' dir='ltr'>σίδηρον,</span> 
     </span>
    </p>
   </div>
   <div class='ocr_carea' id='block_1_60' title="bbox 709 5484 2273 5561">
    <p class='ocr_par' dir='ltr' id='par_1_60' title="bbox 709 5484 2273 5561">
     <span class='ocr_line' id='line_1_60' title="bbox 709 5484 2273 5561; baseline -0.004 -17"><span class='ocrx_word' id='word_1_452' title='bbox 709 5491 992 5561; x_wconf 71' lang='grc' dir='ltr'>ὀστρακον.</span> <span class='ocrx_word' id='word_1_453' title='bbox 1020 5484 1152 5542; x_wconf 73' lang='grc' dir='ltr'>Εἶτα</span> <span class='ocrx_word' id='word_1_454' title='bbox 1175 5486 1335 5540; x_wconf 85' lang='grc' dir='ltr'>εἰκὼν</span> <span class='ocrx_word' id='word_1_455' title='bbox 1363 5487 1510 5539; x_wconf 77' lang='grc' dir='ltr'>πάσα</span> <span class='ocrx_word' id='word_1_456' title='bbox 1532 5487 1560 5538; x_wconf 94' lang='lat'>6</span> <span class='ocrx_word' id='word_1_457' title='bbox 1580 5485 1765 5555; x_wconf 83' lang='grc' dir='ltr'>χρόνος</span> <span class='ocrx_word' id='word_1_458' title='bbox 1788 5485 1920 5548; x_wconf 73' lang='grc' dir='ltr'>ἐστὶ,</span> <span class='ocrx_word' id='word_1_459' title='bbox 1951 5485 2042 5536; x_wconf 74' lang='grc' dir='ltr'>καὶ</span> <span class='ocrx_word' id='word_1_460' title='bbox 2081 5487 2112 5554; x_wconf 82' lang='grc' dir='ltr'>ἡ</span> <span class='ocrx_word' id='word_1_461' title='bbox 2148 5486 2273 5538; x_wconf 84' lang='grc' dir='ltr'>ἀκο-</span> 
     </span>
    </p>
   </div>
   <div class='ocr_carea' id='block_1_61' title="bbox 712 5569 2268 5648">
    <p class='ocr_par' dir='ltr' id='par_1_61' title="bbox 712 5569 2268 5648">
     <span class='ocr_line' id='line_1_61' title="bbox 712 5569 2268 5648; baseline -0.004 -16"><span class='ocrx_word' id='word_1_462' title='bbox 712 5580 898 5633; x_wconf 83' lang='grc' dir='ltr'>λουθία</span> <span class='ocrx_word' id='word_1_463' title='bbox 934 5579 1027 5631; x_wconf 92' lang='grc' dir='ltr'>τοῦ</span> <span class='ocrx_word' id='word_1_464' title='bbox 1055 5578 1267 5648; x_wconf 76' lang='grc' dir='ltr'>χρόνου.</span> <span class='ocrx_word' id='word_1_465' title='bbox 1304 5575 1411 5627; x_wconf 76' lang='grc' dir='ltr'>Καὶ</span> <span class='ocrx_word' id='word_1_466' title='bbox 1445 5574 1618 5648; x_wconf 83' lang='grc' dir='ltr'>καλῶς</span> <span class='ocrx_word' id='word_1_467' title='bbox 1645 5569 1817 5638; x_wconf 81' lang='grc' dir='ltr'>εἶπεν,</span> <span class='ocrx_word' id='word_1_468' title='bbox 1857 5572 2052 5626; x_wconf 82' lang='grc' dir='ltr'>Εἰκὼν.</span> <span class='ocrx_word' id='word_1_469' title='bbox 2095 5575 2268 5626; x_wconf 80' lang='grc' dir='ltr'>Εἰκόνσ</span> 
     </span>
    </p>
   </div>
   <div class='ocr_carea' id='block_1_62' title="bbox 710 5661 2272 5740">
    <p class='ocr_par' dir='ltr' id='par_1_62' title="bbox 710 5661 2272 5740">
     <span class='ocr_line' id='line_1_62' title="bbox 710 5661 2272 5740; baseline -0.003 -17"><span class='ocrx_word' id='word_1_470' title='bbox 710 5668 819 5740; x_wconf 78' lang='grc' dir='ltr'>γὰρ</span> <span class='ocrx_word' id='word_1_471' title='bbox 849 5668 986 5722; x_wconf 74' lang='grc' dir='ltr'>ἔοικε</span> <span class='ocrx_word' id='word_1_472' title='bbox 1043 5667 1108 5720; x_wconf 80' lang='grc' dir='ltr'>τά</span> <span class='ocrx_word' id='word_1_473' title='bbox 1153 5665 1414 5737; x_wconf 75' lang='grc' dir='ltr'>ἡμέτερα,</span> <span class='ocrx_word' id='word_1_474' title='bbox 1459 5663 1622 5719; x_wconf 84' lang='grc' dir='ltr'>εἰκόνι</span> <span class='ocrx_word' id='word_1_475' title='bbox 1677 5663 1887 5734; x_wconf 51' lang='grc' dir='ltr'>ἀψύχῳ.</span> <span class='ocrx_word' id='word_1_476' title='bbox 1939 5661 2041 5717; x_wconf 74' lang='grc' dir='ltr'>Καὶ</span> <span class='ocrx_word' id='word_1_477' title='bbox 2096 5661 2272 5726; x_wconf 76' lang='grc' dir='ltr'>καλῶς</span> 
     </span>
    </p>
   </div>
   <div class='ocr_carea' id='block_1_63' title="bbox 1389 280 3245 348">
    <p class='ocr_par' dir='ltr' id='par_1_63' title="bbox 1389 280 3245 348">
     <span class='ocr_line' id='line_1_63' title="bbox 1389 280 3245 348; baseline 0.004 -11"><span class='ocrx_word' id='word_1_478' title='bbox 1389 283 1447 337; x_wconf 85' lang='lat' dir='ltr'>S.</span> <span class='ocrx_word' id='word_1_479' title='bbox 1490 282 1779 340; x_wconf 67' lang='lat' dir='ltr'>JOANNIS</span> <span class='ocrx_word' id='word_1_480' title='bbox 1815 280 2302 340; x_wconf 70' lang='lat' dir='ltr'>CHRYEOSTOMI</span> <span class='ocrx_word' id='word_1_481' title='bbox 2343 283 2656 344; x_wconf 77' lang='lat' dir='ltr'>ARCIHEP.</span> <span class='ocrx_word' id='word_1_482' title='bbox 2697 286 3245 348; x_wconf 72' lang='lat' dir='ltr'>CONSTANTINOP.</span> 
     </span>
    </p>
   </div>
   <div class='ocr_carea' id='block_1_64' title="bbox 3855 299 3963 356">
    <p class='ocr_par' dir='ltr' id='par_1_64' title="bbox 3855 299 3963 356">
     <span class='ocr_line' id='line_1_64' title="bbox 3855 299 3963 356; baseline 0.019 -2"><span class='ocrx_word' id='word_1_483' title='bbox 3855 299 3963 356; x_wconf 87' lang='lat'>206</span> 
     </span>
    </p>
   </div>
   <div class='ocr_carea' id='block_1_65' title="bbox 2398 401 3955 484">
    <p class='ocr_par' dir='ltr' id='par_1_65' title="bbox 2398 401 3955 484">
     <span class='ocr_line' id='line_1_65' title="bbox 2398 401 3955 484; baseline 0.006 -28"><span class='ocrx_word' id='word_1_484' title='bbox 2398 401 2559 456; x_wconf 85' lang='grc' dir='ltr'>εἰκὼν</span> <span class='ocrx_word' id='word_1_485' title='bbox 2614 405 2720 460; x_wconf 87' lang='lat'><em>61:6</em></span> <span class='ocrx_word' id='word_1_486' title='bbox 2773 407 2993 478; x_wconf 85' lang='grc' dir='ltr'>χρυσοῦ.</span> <span class='ocrx_word' id='word_1_487' title='bbox 3049 410 3314 482; x_wconf 81' lang='grc' dir='ltr'>Καθάπερ</span> <span class='ocrx_word' id='word_1_488' title='bbox 3361 409 3468 483; x_wconf 76' lang='grc' dir='ltr'>γάρ</span> <span class='ocrx_word' id='word_1_489' title='bbox 3510 411 3538 465; x_wconf 93' lang='lat'>6</span> <span class='ocrx_word' id='word_1_490' title='bbox 3589 410 3805 484; x_wconf 68' lang='grc' dir='ltr'>χρυσὸς,</span> <span class='ocrx_word' id='word_1_491' title='bbox 3859 415 3955 465; x_wconf 78' lang='grc' dir='ltr'>κᾶν</span> 
     </span>
    </p>
   </div>
   <div class='ocr_carea' id='block_1_66' title="bbox 2394 488 3952 569">
    <p class='ocr_par' dir='ltr' id='par_1_66' title="bbox 2394 488 3952 569">
     <span class='ocr_line' id='line_1_66' title="bbox 2394 488 3952 569; baseline 0.008 -28"><span class='ocrx_word' id='word_1_492' title='bbox 2394 488 2642 562; x_wconf 80' lang='grc' dir='ltr'>λαμπρὸς</span> <span class='ocrx_word' id='word_1_493' title='bbox 2698 489 2752 565; x_wconf 81' lang='grc' dir='ltr'>ᾖ,</span> <span class='ocrx_word' id='word_1_494' title='bbox 2813 495 2920 548; x_wconf 87' lang='lat'><em>61:6</em></span> <span class='ocrx_word' id='word_1_495' title='bbox 2970 497 3070 566; x_wconf 86' lang='grc' dir='ltr'>γῆς</span> <span class='ocrx_word' id='word_1_496' title='bbox 3111 499 3290 564; x_wconf 85' lang='grc' dir='ltr'>ἐστιν,</span> <span class='ocrx_word' id='word_1_497' title='bbox 3333 499 3473 552; x_wconf 88' lang='grc' dir='ltr'>οὕτω</span> <span class='ocrx_word' id='word_1_498' title='bbox 3505 500 3599 552; x_wconf 73' lang='grc' dir='ltr'>καὶ</span> <span class='ocrx_word' id='word_1_499' title='bbox 3653 501 3686 569; x_wconf 81' lang='grc' dir='ltr'>ὴ</span> <span class='ocrx_word' id='word_1_500' title='bbox 3729 498 3888 568; x_wconf 81' lang='grc' dir='ltr'>φύσις</span> <span class='ocrx_word' id='word_1_501' title='bbox 3926 501 3952 568; x_wconf 75' lang='grc' dir='ltr'><strong>ἡ</strong></span> 
     </span>
    </p>
   </div>
   <div class='ocr_carea' id='block_1_67' title="bbox 2391 578 3952 657">
    <p class='ocr_par' dir='ltr' id='par_1_67' title="bbox 2391 578 3952 657">
     <span class='ocr_line' id='line_1_67' title="bbox 2391 578 3952 657; baseline 0.005 -26"><span class='ocrx_word' id='word_1_502' title='bbox 2391 578 2657 650; x_wconf 80' lang='grc' dir='ltr'>ἡμετέρα,</span> <span class='ocrx_word' id='word_1_503' title='bbox 2681 582 2773 634; x_wconf 74' lang='grc' dir='ltr'>καὶ</span> <span class='ocrx_word' id='word_1_504' title='bbox 2804 583 2872 636; x_wconf 87' lang='grc' dir='ltr'>τά</span> <span class='ocrx_word' id='word_1_505' title='bbox 2901 587 3219 656; x_wconf 79' lang='grc' dir='ltr'>πράγματα.</span> <span class='ocrx_word' id='word_1_506' title='bbox 3249 588 3358 640; x_wconf 73' lang='grc' dir='ltr'>Καὶ</span> <span class='ocrx_word' id='word_1_507' title='bbox 3380 589 3478 657; x_wconf 85' lang='grc' dir='ltr'>ὅρα</span> <span class='ocrx_word' id='word_1_508' title='bbox 3519 589 3601 641; x_wconf 84' lang='grc' dir='ltr'>ὅτι</span> <span class='ocrx_word' id='word_1_509' title='bbox 3630 587 3775 650; x_wconf 88' lang='grc' dir='ltr'>κόνις</span> <span class='ocrx_word' id='word_1_510' title='bbox 3809 587 3952 655; x_wconf 87' lang='grc' dir='ltr'>γίνε-</span> 
     </span>
    </p>
   </div>
   <div class='ocr_carea' id='block_1_68' title="bbox 2390 664 3955 744">
    <p class='ocr_par' dir='ltr' id='par_1_68' title="bbox 2390 664 3955 744">
     <span class='ocr_line' id='line_1_68' title="bbox 2390 664 3955 744; baseline 0.006 -28"><span class='ocrx_word' id='word_1_511' title='bbox 2390 681 2502 726; x_wconf 91' lang='grc' dir='ltr'>ται,</span> <span class='ocrx_word' id='word_1_512' title='bbox 2529 666 2666 737; x_wconf 86' lang='grc' dir='ltr'>ὅπερ</span> <span class='ocrx_word' id='word_1_513' title='bbox 2690 664 2756 739; x_wconf 77' lang='grc' dir='ltr'>ἦν</span> <span class='ocrx_word' id='word_1_514' title='bbox 2791 671 2896 742; x_wconf 82' lang='grc' dir='ltr'>πρὸ</span> <span class='ocrx_word' id='word_1_515' title='bbox 2912 671 3125 728; x_wconf 89' lang='grc' dir='ltr'>τούτου.</span> <span class='ocrx_word' id='word_1_516' title='bbox 3161 674 3355 727; x_wconf 80' lang='grc' dir='ltr'>Καίτοι</span> <span class='ocrx_word' id='word_1_517' title='bbox 3387 673 3544 744; x_wconf 86' lang='grc' dir='ltr'>τοῦτο</span> <span class='ocrx_word' id='word_1_518' title='bbox 3576 673 3721 736; x_wconf 85' lang='grc' dir='ltr'>λίθος</span> <span class='ocrx_word' id='word_1_519' title='bbox 3767 675 3867 727; x_wconf 76' lang='grc' dir='ltr'>οὐκ</span> <span class='ocrx_word' id='word_1_520' title='bbox 3894 673 3955 726; x_wconf 80' lang='grc' dir='ltr'>ἂν</span> 
     </span>
    </p>
   </div>
   <div class='ocr_carea' id='block_1_69' title="bbox 2392 751 3955 830">
    <p class='ocr_par' dir='ltr' id='par_1_69' title="bbox 2392 751 3955 830">
     <span class='ocr_line' id='line_1_69' title="bbox 2392 751 3955 830; baseline 0.006 -27"><span class='ocrx_word' id='word_1_521' title='bbox 2392 751 2702 822; x_wconf 80' lang='grc' dir='ltr'>ἐργάσαιτο.</span> <span class='ocrx_word' id='word_1_522' title='bbox 2751 757 3044 829; x_wconf 73' lang='grc' dir='ltr'>Συντρίψαι</span> <span class='ocrx_word' id='word_1_523' title='bbox 3084 760 3182 830; x_wconf 83' lang='grc' dir='ltr'>μὲν</span> <span class='ocrx_word' id='word_1_524' title='bbox 3225 760 3442 814; x_wconf 87' lang='grc' dir='ltr'>δύναται</span> <span class='ocrx_word' id='word_1_525' title='bbox 3476 760 3642 824; x_wconf 85' lang='grc' dir='ltr'>λίθος,</span> <span class='ocrx_word' id='word_1_526' title='bbox 3685 761 3872 814; x_wconf 86' lang='grc' dir='ltr'>ούσίαν</span> <span class='ocrx_word' id='word_1_527' title='bbox 3903 760 3955 813; x_wconf 82' lang='grc' dir='ltr'>δὲ</span> 
     </span>
    </p>
   </div>
   <div class='ocr_carea' id='block_1_70' title="bbox 2395 840 3955 916">
    <p class='ocr_par' dir='ltr' id='par_1_70' title="bbox 2395 840 3955 916">
     <span class='ocr_line' id='line_1_70' title="bbox 2395 840 3955 916; baseline 0.006 -27"><span class='ocrx_word' id='word_1_528' title='bbox 2395 840 2717 908; x_wconf 85' lang='grc' dir='ltr'>μεταϐαλεῖν</span> <span class='ocrx_word' id='word_1_529' title='bbox 2753 845 2813 896; x_wconf 87' lang='grc' dir='ltr'>ού</span> <span class='ocrx_word' id='word_1_530' title='bbox 2855 843 3095 900; x_wconf 85' lang='grc' dir='ltr'>δύναται.</span> <span class='ocrx_word' id='word_1_531' title='bbox 3131 846 3292 900; x_wconf 82' lang='grc' dir='ltr'>Ἀλλὰ</span> <span class='ocrx_word' id='word_1_532' title='bbox 3331 847 3490 901; x_wconf 87' lang='grc' dir='ltr'>τοῦτο</span> <span class='ocrx_word' id='word_1_533' title='bbox 3527 847 3766 916; x_wconf 85' lang='grc' dir='ltr'>γέγονεν.</span> <span class='ocrx_word' id='word_1_534' title='bbox 3806 841 3955 909; x_wconf 82' lang='grc' dir='ltr'>Εἶδες</span> 
     </span>
    </p>
   </div>
   <div class='ocr_carea' id='block_1_71' title="bbox 2387 926 3954 1006">
    <p class='ocr_par' dir='ltr' id='par_1_71' title="bbox 2387 926 3954 1006">
     <span class='ocr_line' id='line_1_71' title="bbox 2387 926 3954 1006; baseline 0.005 -28"><span class='ocrx_word' id='word_1_535' title='bbox 2387 926 2450 978; x_wconf 81' lang='grc' dir='ltr'>τὸ</span> <span class='ocrx_word' id='word_1_536' title='bbox 2481 929 2776 1000; x_wconf 79' lang='grc' dir='ltr'>μυστήριον</span> <span class='ocrx_word' id='word_1_537' title='bbox 2799 931 2896 1000; x_wconf 88' lang='grc' dir='ltr'>τῆς</span> <span class='ocrx_word' id='word_1_538' title='bbox 2918 934 3281 999; x_wconf 84' lang='grc' dir='ltr'>ἀναστάσεως.</span> <span class='ocrx_word' id='word_1_539' title='bbox 3300 935 3408 988; x_wconf 77' lang='grc' dir='ltr'>Καὶ</span> <span class='ocrx_word' id='word_1_540' title='bbox 3433 937 3542 1006; x_wconf 76' lang='grc' dir='ltr'>γὰρ</span> <span class='ocrx_word' id='word_1_541' title='bbox 3561 935 3668 989; x_wconf 84' lang='grc' dir='ltr'>τῶν</span> <span class='ocrx_word' id='word_1_542' title='bbox 3690 934 3954 1005; x_wconf 86' lang='grc' dir='ltr'>σωμάτων</span> 
     </span>
    </p>
   </div>
   <div class='ocr_carea' id='block_1_72' title="bbox 2390 1015 3954 1094">
    <p class='ocr_par' dir='ltr' id='par_1_72' title="bbox 2390 1015 3954 1094">
     <span class='ocr_line' id='line_1_72' title="bbox 2390 1015 3954 1094; baseline 0.003 -25"><span class='ocrx_word' id='word_1_543' title='bbox 2390 1015 2518 1086; x_wconf 84' lang='grc' dir='ltr'>ἠμῐν</span> <span class='ocrx_word' id='word_1_544' title='bbox 2542 1020 2805 1090; x_wconf 86' lang='grc' dir='ltr'>πρότερον</span> <span class='ocrx_word' id='word_1_545' title='bbox 2833 1021 3300 1093; x_wconf 87' lang='grc' dir='ltr'>στοιχειωθέντων,</span> <span class='ocrx_word' id='word_1_546' title='bbox 3328 1025 3420 1078; x_wconf 72' lang='grc' dir='ltr'>καί⁵</span> <span class='ocrx_word' id='word_1_547' title='bbox 3450 1023 3584 1094; x_wconf 81' lang='grc' dir='ltr'>πρὸς</span> <span class='ocrx_word' id='word_1_548' title='bbox 3609 1022 3706 1093; x_wconf 81' lang='grc' dir='ltr'>τὴν</span> <span class='ocrx_word' id='word_1_549' title='bbox 3725 1022 3954 1093; x_wconf 81' lang='grc' dir='ltr'>ἀρχαίαν</span> 
     </span>
    </p>
   </div>
   <div class='ocr_carea' id='block_1_73' title="bbox 2389 1103 3954 1180">
    <p class='ocr_par' dir='ltr' id='par_1_73' title="bbox 2389 1103 3954 1180">
     <span class='ocr_line' id='line_1_73' title="bbox 2389 1103 3954 1180; baseline 0.008 -26"><span class='ocrx_word' id='word_1_550' title='bbox 2389 1103 2788 1159; x_wconf 77' lang='grc' dir='ltr'>ἐπανελθόντων</span> <span class='ocrx_word' id='word_1_551' title='bbox 2835 1107 3014 1176; x_wconf 84' lang='grc' dir='ltr'>φύσιν,</span> <span class='ocrx_word' id='word_1_552' title='bbox 3071 1109 3168 1180; x_wconf 76' lang='grc' dir='ltr'>τὴν</span> <span class='ocrx_word' id='word_1_553' title='bbox 3213 1109 3317 1180; x_wconf 87' lang='grc' dir='ltr'>γῆν</span> <span class='ocrx_word' id='word_1_554' title='bbox 3353 1109 3518 1178; x_wconf 86' lang='grc' dir='ltr'>λέγω,</span> <span class='ocrx_word' id='word_1_555' title='bbox 3542 1111 3663 1163; x_wconf 88' lang='grc' dir='ltr'>τότε</span> <span class='ocrx_word' id='word_1_556' title='bbox 3711 1111 3745 1179; x_wconf 75' lang='grc' dir='ltr'><strong>ἡ</strong></span> <span class='ocrx_word' id='word_1_557' title='bbox 3784 1107 3954 1178; x_wconf 68' lang='grc' dir='ltr'>φθορὰ</span> 
     </span>
    </p>
   </div>
   <div class='ocr_carea' id='block_1_74' title="bbox 2389 1191 3954 1262">
    <p class='ocr_par' dir='ltr' id='par_1_74' title="bbox 2389 1191 3954 1262">
     <span class='ocr_line' id='line_1_74' title="bbox 2389 1191 3954 1262; baseline 0.009 -20"><span class='ocrx_word' id='word_1_558' title='bbox 2389 1191 2784 1262; x_wconf 79' lang='grc' dir='ltr'>ἐπεισέρχεται.</span> <span class='ocrx_word' id='word_1_559' title='bbox 2827 1195 3009 1249; x_wconf 89' lang='grc' dir='ltr'>Ταῦτα</span> <span class='ocrx_word' id='word_1_560' title='bbox 3042 1197 3098 1250; x_wconf 83' lang='grc' dir='ltr'>δὲ</span> <span class='ocrx_word' id='word_1_561' title='bbox 3134 1197 3312 1251; x_wconf 86' lang='grc' dir='ltr'>πάντα</span> <span class='ocrx_word' id='word_1_562' title='bbox 3340 1197 3368 1250; x_wconf 89' lang='lat'>6</span> <span class='ocrx_word' id='word_1_563' title='bbox 3405 1198 3552 1262; x_wconf 87' lang='grc' dir='ltr'>λίθος</span> <span class='ocrx_word' id='word_1_564' title='bbox 3583 1201 3741 1252; x_wconf 84' lang='grc' dir='ltr'>ποιεῖ.</span> <span class='ocrx_word' id='word_1_565' title='bbox 3796 1197 3954 1248; x_wconf 81' lang='grc' dir='ltr'>Ὥστε</span> 
     </span>
    </p>
   </div>
   <div class='ocr_carea' id='block_1_75' title="bbox 2389 1279 3952 1357">
    <p class='ocr_par' dir='ltr' id='par_1_75' title="bbox 2389 1279 3952 1357">
     <span class='ocr_line' id='line_1_75' title="bbox 2389 1279 3952 1357; baseline 0.003 -25"><span class='ocrx_word' id='word_1_566' title='bbox 2389 1279 2516 1333; x_wconf 88' lang='grc' dir='ltr'>δταν</span> <span class='ocrx_word' id='word_1_567' title='bbox 2540 1282 2654 1354; x_wconf 75' lang='grc' dir='ltr'>ἴδῃς</span> <span class='ocrx_word' id='word_1_568' title='bbox 2677 1282 2776 1354; x_wconf 81' lang='grc' dir='ltr'>τὴν</span> <span class='ocrx_word' id='word_1_569' title='bbox 2805 1285 2988 1337; x_wconf 86' lang='grc' dir='ltr'>εἰκόνα</span> <span class='ocrx_word' id='word_1_570' title='bbox 3017 1287 3081 1338; x_wconf 88' lang='grc' dir='ltr'>ἐκ</span> <span class='ocrx_word' id='word_1_571' title='bbox 3111 1285 3380 1357; x_wconf 85' lang='grc' dir='ltr'>διαφόρων</span> <span class='ocrx_word' id='word_1_572' title='bbox 3410 1286 3768 1357; x_wconf 80' lang='grc' dir='ltr'>συγκειμένην</span> <span class='ocrx_word' id='word_1_573' title='bbox 3795 1285 3952 1350; x_wconf 82' lang='grc' dir='ltr'>ὑλῶν,</span> 
     </span>
    </p>
   </div>
   <div class='ocr_carea' id='block_1_76' title="bbox 2390 1369 3954 1445">
    <p class='ocr_par' dir='ltr' id='par_1_76' title="bbox 2390 1369 3954 1445">
     <span class='ocr_line' id='line_1_76' title="bbox 2390 1369 3954 1445; baseline 0.003 -25"><span class='ocrx_word' id='word_1_574' title='bbox 2390 1369 2482 1420; x_wconf 74' lang='grc' dir='ltr'>καὶ</span> <span class='ocrx_word' id='word_1_575' title='bbox 2515 1369 2613 1439; x_wconf 85' lang='grc' dir='ltr'>τὴν</span> <span class='ocrx_word' id='word_1_576' title='bbox 2650 1370 2746 1434; x_wconf 84' lang='grc' dir='ltr'>μὲν</span> <span class='ocrx_word' id='word_1_577' title='bbox 2777 1371 3015 1442; x_wconf 79' lang='grc' dir='ltr'>κεφαλὴν</span> <span class='ocrx_word' id='word_1_578' title='bbox 3057 1373 3228 1443; x_wconf 71' lang='grc' dir='ltr'>αὐτῆς</span> <span class='ocrx_word' id='word_1_579' title='bbox 3275 1373 3553 1445; x_wconf 75' lang='grc' dir='ltr'>λαμπράν,</span> <span class='ocrx_word' id='word_1_580' title='bbox 3587 1373 3646 1426; x_wconf 82' lang='grc' dir='ltr'>τὸ</span> <span class='ocrx_word' id='word_1_581' title='bbox 3668 1372 3723 1425; x_wconf 84' lang='grc' dir='ltr'>δὲ</span> <span class='ocrx_word' id='word_1_582' title='bbox 3764 1372 3954 1443; x_wconf 86' lang='grc' dir='ltr'>στῆθος</span> 
     </span>
    </p>
   </div>
   <div class='ocr_carea' id='block_1_77' title="bbox 2388 1455 3952 1532">
    <p class='ocr_par' dir='ltr' id='par_1_77' title="bbox 2388 1455 3952 1532">
     <span class='ocr_line' id='line_1_77' title="bbox 2388 1455 3952 1532; baseline 0.003 -24"><span class='ocrx_word' id='word_1_583' title='bbox 2388 1455 2733 1527; x_wconf 81' lang='grc' dir='ltr'>φαυλότερον,</span> <span class='ocrx_word' id='word_1_584' title='bbox 2776 1460 2872 1512; x_wconf 77' lang='grc' dir='ltr'>καὶ</span> <span class='ocrx_word' id='word_1_585' title='bbox 2911 1461 3011 1530; x_wconf 87' lang='grc' dir='ltr'>τὴν</span> <span class='ocrx_word' id='word_1_586' title='bbox 3050 1460 3294 1532; x_wconf 81' lang='grc' dir='ltr'>γαστέρα</span> <span class='ocrx_word' id='word_1_587' title='bbox 3346 1459 3694 1531; x_wconf 87' lang='grc' dir='ltr'>ἀτιμοτέραν,</span> <span class='ocrx_word' id='word_1_588' title='bbox 3733 1460 3952 1523; x_wconf 77' lang='grc' dir='ltr'>καὶτὰς</span> 
     </span>
    </p>
   </div>
   <div class='ocr_carea' id='block_1_78' title="bbox 2388 1545 3954 1619">
    <p class='ocr_par' dir='ltr' id='par_1_78' title="bbox 2388 1545 3954 1619">
     <span class='ocr_line' id='line_1_78' title="bbox 2388 1545 3954 1619; baseline 0.003 -25"><span class='ocrx_word' id='word_1_589' title='bbox 2388 1545 2599 1615; x_wconf 87' lang='grc' dir='ltr'>κνήμας</span> <span class='ocrx_word' id='word_1_590' title='bbox 2628 1545 3030 1617; x_wconf 76' lang='grc' dir='ltr'>εὐτελεστέρας,</span> <span class='ocrx_word' id='word_1_591' title='bbox 3055 1548 3151 1619; x_wconf 87' lang='grc' dir='ltr'>τὴν</span> <span class='ocrx_word' id='word_1_592' title='bbox 3186 1547 3450 1619; x_wconf 81' lang='grc' dir='ltr'>διαφορὰν</span> <span class='ocrx_word' id='word_1_593' title='bbox 3478 1547 3678 1617; x_wconf 87' lang='grc' dir='ltr'>ταύτην</span> <span class='ocrx_word' id='word_1_594' title='bbox 3703 1547 3830 1618; x_wconf 72' lang='grc' dir='ltr'>περὶ</span> <span class='ocrx_word' id='word_1_595' title='bbox 3857 1547 3954 1615; x_wconf 85' lang='grc' dir='ltr'>τὴν</span> 
     </span>
    </p>
   </div>
   <div class='ocr_carea' id='block_1_79' title="bbox 2386 1630 3954 1706">
    <p class='ocr_par' dir='ltr' id='par_1_79' title="bbox 2386 1630 3954 1706">
     <span class='ocr_line' id='line_1_79' title="bbox 2386 1630 3954 1706; baseline 0.003 -24"><span class='ocrx_word' id='word_1_596' title='bbox 2386 1630 2507 1700; x_wconf 71' lang='grc' dir='ltr'>ὄψιν</span> <span class='ocrx_word' id='word_1_597' title='bbox 2543 1632 2746 1702; x_wconf 76' lang='grc' dir='ltr'>νόμιζε.</span> <span class='ocrx_word' id='word_1_598' title='bbox 2789 1635 2933 1697; x_wconf 81' lang='grc' dir='ltr'>Μιᾶς</span> <span class='ocrx_word' id='word_1_599' title='bbox 2961 1634 3071 1706; x_wconf 84' lang='grc' dir='ltr'>γάρ</span> <span class='ocrx_word' id='word_1_600' title='bbox 3093 1636 3278 1700; x_wconf 85' lang='grc' dir='ltr'>οὐσίας</span> <span class='ocrx_word' id='word_1_601' title='bbox 3306 1636 3374 1689; x_wconf 76' lang='grc' dir='ltr'>τά</span> <span class='ocrx_word' id='word_1_602' title='bbox 3398 1636 3576 1689; x_wconf 87' lang='grc' dir='ltr'>πάντα</span> <span class='ocrx_word' id='word_1_603' title='bbox 3595 1653 3607 1666; x_wconf 94' lang='grc'><strong>·</strong></span> <span class='ocrx_word' id='word_1_604' title='bbox 3635 1637 3726 1688; x_wconf 70' lang='grc' dir='ltr'>καὶ</span> <span class='ocrx_word' id='word_1_605' title='bbox 3752 1651 3954 1705; x_wconf 86' lang='grc' dir='ltr'>μαρτυ-</span> 
     </span>
    </p>
   </div>
   <div class='ocr_carea' id='block_1_80' title="bbox 2387 1718 3956 1792">
    <p class='ocr_par' dir='ltr' id='par_1_80' title="bbox 2387 1718 3956 1792">
     <span class='ocr_line' id='line_1_80' title="bbox 2387 1718 3956 1792; baseline 0.002 -22"><span class='ocrx_word' id='word_1_606' title='bbox 2387 1721 2472 1788; x_wconf 87' lang='grc' dir='ltr'>ρεῖ</span> <span class='ocrx_word' id='word_1_607' title='bbox 2490 1718 2550 1771; x_wconf 86' lang='grc' dir='ltr'>τὸ</span> <span class='ocrx_word' id='word_1_608' title='bbox 2578 1719 2747 1786; x_wconf 81' lang='grc' dir='ltr'>τέλος,</span> <span class='ocrx_word' id='word_1_609' title='bbox 2792 1723 2869 1784; x_wconf 91' lang='grc' dir='ltr'>εἰς</span> <span class='ocrx_word' id='word_1_610' title='bbox 2908 1722 3053 1774; x_wconf 87' lang='grc' dir='ltr'>κόνιν</span> <span class='ocrx_word' id='word_1_611' title='bbox 3102 1722 3316 1775; x_wconf 76' lang='grc' dir='ltr'>ἅπαντα</span> <span class='ocrx_word' id='word_1_612' title='bbox 3375 1721 3606 1777; x_wconf 90' lang='grc' dir='ltr'>διαλύον,</span> <span class='ocrx_word' id='word_1_613' title='bbox 3661 1723 3733 1774; x_wconf 87' lang='grc' dir='ltr'>Ού</span> <span class='ocrx_word' id='word_1_614' title='bbox 3785 1719 3956 1792; x_wconf 84' lang='grc' dir='ltr'>μικρά</span> 
     </span>
    </p>
   </div>
   <div class='ocr_carea' id='block_1_81' title="bbox 2387 1804 3952 1880">
    <p class='ocr_par' dir='ltr' id='par_1_81' title="bbox 2387 1804 3952 1880">
     <span class='ocr_line' id='line_1_81' title="bbox 2387 1804 3952 1880; baseline 0.001 -21"><span class='ocrx_word' id='word_1_615' title='bbox 2387 1804 2522 1876; x_wconf 87' lang='grc' dir='ltr'>αὕτη</span> <span class='ocrx_word' id='word_1_616' title='bbox 2556 1807 2856 1876; x_wconf 79' lang='grc' dir='ltr'>φιλοσοφία.</span> <span class='ocrx_word' id='word_1_617' title='bbox 2901 1808 3180 1878; x_wconf 83' lang='grc' dir='ltr'>Ἐννόησον</span> <span class='ocrx_word' id='word_1_618' title='bbox 3217 1809 3325 1880; x_wconf 84' lang='grc' dir='ltr'>γάρ</span> <span class='ocrx_word' id='word_1_619' title='bbox 3355 1809 3453 1879; x_wconf 79' lang='grc' dir='ltr'>τὴν</span> <span class='ocrx_word' id='word_1_620' title='bbox 3486 1809 3796 1879; x_wconf 70' lang='grc' dir='ltr'>φιλοσοφίαν</span> <span class='ocrx_word' id='word_1_621' title='bbox 3821 1809 3952 1860; x_wconf 85' lang='grc' dir='ltr'>ταύ-</span> 
     </span>
    </p>
   </div>
   <div class='ocr_carea' id='block_1_82' title="bbox 2383 1894 3954 1968">
    <p class='ocr_par' dir='ltr' id='par_1_82' title="bbox 2383 1894 3954 1968">
     <span class='ocr_line' id='line_1_82' title="bbox 2383 1894 3954 1968; baseline 0.002 -24"><span class='ocrx_word' id='word_1_622' title='bbox 2383 1910 2483 1962; x_wconf 85' lang='grc' dir='ltr'>την</span> <span class='ocrx_word' id='word_1_623' title='bbox 2533 1895 2627 1946; x_wconf 77' lang='grc' dir='ltr'>καὶ</span> <span class='ocrx_word' id='word_1_624' title='bbox 2678 1896 2785 1948; x_wconf 87' lang='lat'><em>61:6</em></span> <span class='ocrx_word' id='word_1_625' title='bbox 2831 1895 2938 1948; x_wconf 83' lang='grc' dir='ltr'>τῶν</span> <span class='ocrx_word' id='word_1_626' title='bbox 2971 1898 3256 1967; x_wconf 88' lang='grc' dir='ltr'>παρόντων</span> <span class='ocrx_word' id='word_1_627' title='bbox 3295 1897 3653 1968; x_wconf 81' lang='grc' dir='ltr'>πραγμάτων,</span> <span class='ocrx_word' id='word_1_628' title='bbox 3708 1896 3817 1950; x_wconf 87' lang='lat'><em>61:6</em></span> <span class='ocrx_word' id='word_1_629' title='bbox 3858 1894 3954 1948; x_wconf 89' lang='grc' dir='ltr'>τοῦ</span> 
     </span>
    </p>
   </div>
   <div class='ocr_carea' id='block_1_83' title="bbox 2385 1980 3952 2054">
    <p class='ocr_par' dir='ltr' id='par_1_83' title="bbox 2385 1980 3952 2054">
     <span class='ocr_line' id='line_1_83' title="bbox 2385 1980 3952 2054; baseline -0.001 -20"><span class='ocrx_word' id='word_1_630' title='bbox 2385 1980 2710 2052; x_wconf 73' lang='grc' dir='ltr'>κρατοῦντος</span> <span class='ocrx_word' id='word_1_631' title='bbox 2732 1983 3057 2052; x_wconf 83' lang='grc' dir='ltr'>καταγαγὼν</span> <span class='ocrx_word' id='word_1_632' title='bbox 3081 1985 3171 2039; x_wconf 84' lang='grc' dir='ltr'>τὸν</span> <span class='ocrx_word' id='word_1_633' title='bbox 3193 1984 3560 2054; x_wconf 84' lang='grc' dir='ltr'>βασιλεύοντα,</span> <span class='ocrx_word' id='word_1_634' title='bbox 3582 1983 3671 2037; x_wconf 89' lang='grc' dir='ltr'>τὸν</span> <span class='ocrx_word' id='word_1_635' title='bbox 3689 1983 3952 2051; x_wconf 82' lang='grc' dir='ltr'>ὕπαρχον,</span> 
     </span>
    </p>
   </div>
   <div class='ocr_carea' id='block_1_84' title="bbox 2383 2067 3956 2141">
    <p class='ocr_par' dir='ltr' id='par_1_84' title="bbox 2383 2067 3956 2141">
     <span class='ocr_line' id='line_1_84' title="bbox 2383 2067 3956 2141; baseline -0.001 -20"><span class='ocrx_word' id='word_1_636' title='bbox 2383 2068 2472 2120; x_wconf 82' lang='grc' dir='ltr'>τὸν</span> <span class='ocrx_word' id='word_1_637' title='bbox 2498 2070 2612 2138; x_wconf 87' lang='grc' dir='ltr'>μετ’</span> <span class='ocrx_word' id='word_1_638' title='bbox 2630 2072 2853 2132; x_wconf 87' lang='grc' dir='ltr'>ἐκεῖνον,</span> <span class='ocrx_word' id='word_1_639' title='bbox 2879 2071 2966 2123; x_wconf 85' lang='grc' dir='ltr'>τὸν</span> <span class='ocrx_word' id='word_1_640' title='bbox 2984 2071 3202 2140; x_wconf 76' lang='grc' dir='ltr'>χαλκὸν,</span> <span class='ocrx_word' id='word_1_641' title='bbox 3222 2074 3345 2135; x_wconf 72' lang='grc' dir='ltr'>τοὺς</span> <span class='ocrx_word' id='word_1_642' title='bbox 3369 2071 3507 2141; x_wconf 84' lang='grc' dir='ltr'>μετά</span> <span class='ocrx_word' id='word_1_643' title='bbox 3520 2070 3689 2123; x_wconf 88' lang='grc' dir='ltr'>ταῦτα</span> <span class='ocrx_word' id='word_1_644' title='bbox 3704 2067 3956 2138; x_wconf 70' lang='grc' dir='ltr'>ὀστρακί-</span> 
     </span>
    </p>
   </div>
   <div class='ocr_carea' id='block_1_85' title="bbox 2385 2155 3956 2230">
    <p class='ocr_par' dir='ltr' id='par_1_85' title="bbox 2385 2155 3956 2230">
     <span class='ocr_line' id='line_1_85' title="bbox 2385 2155 3956 2230; baseline 0.002 -26"><span class='ocrx_word' id='word_1_645' title='bbox 2385 2171 2527 2219; x_wconf 84' lang='grc' dir='ltr'>νους,</span> <span class='ocrx_word' id='word_1_646' title='bbox 2579 2156 2844 2227; x_wconf 83' lang='grc' dir='ltr'>σιδηροῦς.</span> <span class='ocrx_word' id='word_1_647' title='bbox 2894 2158 3030 2210; x_wconf 82' lang='grc' dir='ltr'>Ἀλλ’</span> <span class='ocrx_word' id='word_1_648' title='bbox 3059 2159 3152 2211; x_wconf 86' lang='grc' dir='ltr'>ἐὰν</span> <span class='ocrx_word' id='word_1_649' title='bbox 3201 2161 3279 2222; x_wconf 85' lang='grc' dir='ltr'>εἰς</span> <span class='ocrx_word' id='word_1_650' title='bbox 3319 2159 3416 2230; x_wconf 77' lang='grc' dir='ltr'>τὴν</span> <span class='ocrx_word' id='word_1_651' title='bbox 3462 2157 3615 2229; x_wconf 71' lang='grc' dir='ltr'>σορὸν</span> <span class='ocrx_word' id='word_1_652' title='bbox 3637 2157 3811 2226; x_wconf 70' lang='grc' dir='ltr'>ἔλθῃς,</span> <span class='ocrx_word' id='word_1_653' title='bbox 3855 2155 3956 2207; x_wconf 72' lang='grc' dir='ltr'>κᾶν</span> 
     </span>
    </p>
   </div>
   <div class='ocr_carea' id='block_1_86' title="bbox 2387 2243 3958 2317">
    <p class='ocr_par' dir='ltr' id='par_1_86' title="bbox 2387 2243 3958 2317">
     <span class='ocr_line' id='line_1_86' title="bbox 2387 2243 3958 2317; baseline 0.001 -24"><span class='ocrx_word' id='word_1_654' title='bbox 2387 2243 2639 2312; x_wconf 79' lang='grc' dir='ltr'>μυριάκις</span> <span class='ocrx_word' id='word_1_655' title='bbox 2659 2246 2817 2298; x_wconf 83' lang='grc' dir='ltr'>κάκεῖ</span> <span class='ocrx_word' id='word_1_656' title='bbox 2833 2244 3119 2314; x_wconf 78' lang='grc' dir='ltr'>βιάζωνται</span> <span class='ocrx_word' id='word_1_657' title='bbox 3139 2246 3377 2317; x_wconf 81' lang='grc' dir='ltr'>λάρνακα</span> <span class='ocrx_word' id='word_1_658' title='bbox 3397 2245 3600 2316; x_wconf 83' lang='grc' dir='ltr'>χρυσῆν</span> <span class='ocrx_word' id='word_1_659' title='bbox 3617 2243 3958 2298; x_wconf 84' lang='grc' dir='ltr'>κατασκευά-</span> 
     </span>
    </p>
   </div>
   <div class='ocr_carea' id='block_1_87' title="bbox 2385 2329 3958 2406">
    <p class='ocr_par' dir='ltr' id='par_1_87' title="bbox 2385 2329 3958 2406">
     <span class='ocr_line' id='line_1_87' title="bbox 2385 2329 3958 2406; baseline 0.001 -24"><span class='ocrx_word' id='word_1_660' title='bbox 2385 2329 2586 2395; x_wconf 82' lang='grc' dir='ltr'>ζοντες,</span> <span class='ocrx_word' id='word_1_661' title='bbox 2623 2333 2740 2402; x_wconf 69' lang='grc' dir='ltr'>ὄψει</span> <span class='ocrx_word' id='word_1_662' title='bbox 2777 2334 2874 2405; x_wconf 77' lang='grc' dir='ltr'>τὴν</span> <span class='ocrx_word' id='word_1_663' title='bbox 2915 2335 3074 2404; x_wconf 82' lang='grc' dir='ltr'>φύσιν</span> <span class='ocrx_word' id='word_1_664' title='bbox 3119 2336 3307 2406; x_wconf 80' lang='grc' dir='ltr'>αὑτήν.</span> <span class='ocrx_word' id='word_1_665' title='bbox 3362 2336 3528 2389; x_wconf 88' lang='grc' dir='ltr'>Πάλιν</span> <span class='ocrx_word' id='word_1_666' title='bbox 3561 2335 3670 2387; x_wconf 86' lang='grc' dir='ltr'>νόει</span> <span class='ocrx_word' id='word_1_667' title='bbox 3736 2349 3824 2402; x_wconf 89' lang='grc' dir='ltr'>μοι</span> <span class='ocrx_word' id='word_1_668' title='bbox 3866 2333 3958 2385; x_wconf 79' lang='grc' dir='ltr'>τὸν</span> 
     </span>
    </p>
   </div>
   <div class='ocr_carea' id='block_1_88' title="bbox 2385 2417 3957 2490">
    <p class='ocr_par' dir='ltr' id='par_1_88' title="bbox 2385 2417 3957 2490">
     <span class='ocr_line' id='line_1_88' title="bbox 2385 2417 3957 2490; baseline 0.001 -22"><span class='ocrx_word' id='word_1_669' title='bbox 2385 2417 2655 2481; x_wconf 87' lang='grc' dir='ltr'>πλούσιον,</span> <span class='ocrx_word' id='word_1_670' title='bbox 2697 2422 2784 2474; x_wconf 76' lang='grc' dir='ltr'>τὸν</span> <span class='ocrx_word' id='word_1_671' title='bbox 2814 2421 3053 2490; x_wconf 84' lang='grc' dir='ltr'>δέσμιον,</span> <span class='ocrx_word' id='word_1_672' title='bbox 3081 2423 3286 2475; x_wconf 85' lang='grc' dir='ltr'>ἐκεῖνον</span> <span class='ocrx_word' id='word_1_673' title='bbox 3322 2421 3412 2475; x_wconf 85' lang='grc' dir='ltr'>τὸν</span> <span class='ocrx_word' id='word_1_674' title='bbox 3443 2420 3714 2482; x_wconf 86' lang='grc' dir='ltr'>πλούσιον,</span> <span class='ocrx_word' id='word_1_675' title='bbox 3741 2421 3832 2471; x_wconf 72' lang='grc' dir='ltr'>τὸν</span> <span class='ocrx_word' id='word_1_676' title='bbox 3864 2420 3957 2470; x_wconf 77' lang='grc' dir='ltr'>πέ-</span> 
     </span>
    </p>
   </div>
   <div class='ocr_carea' id='block_1_89' title="bbox 2383 2507 3954 2580">
    <p class='ocr_par' dir='ltr' id='par_1_89' title="bbox 2383 2507 3954 2580">
     <span class='ocr_line' id='line_1_89' title="bbox 2383 2507 3954 2580; baseline 0 -23"><span class='ocrx_word' id='word_1_677' title='bbox 2383 2523 2518 2576; x_wconf 81' lang='grc' dir='ltr'>νητα</span> <span class='ocrx_word' id='word_1_678' title='bbox 2556 2509 2712 2578; x_wconf 81' lang='grc' dir='ltr'>μέχρι</span> <span class='ocrx_word' id='word_1_679' title='bbox 2759 2509 2849 2561; x_wconf 88' lang='grc' dir='ltr'>τοῦ</span> <span class='ocrx_word' id='word_1_680' title='bbox 2899 2509 3187 2580; x_wconf 83' lang='grc' dir='ltr'>ὀστράκου,</span> <span class='ocrx_word' id='word_1_681' title='bbox 3239 2510 3333 2563; x_wconf 76' lang='grc' dir='ltr'>καὶ</span> <span class='ocrx_word' id='word_1_682' title='bbox 3386 2508 3508 2578; x_wconf 68' lang='grc' dir='ltr'>ὄψει</span> <span class='ocrx_word' id='word_1_683' title='bbox 3561 2509 3738 2562; x_wconf 87' lang='grc' dir='ltr'>πάντα</span> <span class='ocrx_word' id='word_1_684' title='bbox 3784 2507 3954 2559; x_wconf 88' lang='grc' dir='ltr'>κόνιν.</span> 
     </span>
    </p>
   </div>
   <div class='ocr_carea' id='block_1_90' title="bbox 2396 2593 3956 2668">
    <p class='ocr_par' dir='ltr' id='par_1_90' title="bbox 2396 2593 3956 2668">
     <span class='ocr_line' id='line_1_90' title="bbox 2396 2593 3956 2668; baseline -0.001 -23"><span class='ocrx_word' id='word_1_685' title='bbox 2396 2593 2530 2646; x_wconf 79' lang='grc' dir='ltr'>Ἀλλ’</span> <span class='ocrx_word' id='word_1_686' title='bbox 2560 2595 2681 2666; x_wconf 84' lang='grc' dir='ltr'>ὅρα.</span> <span class='ocrx_word' id='word_1_687' title='bbox 2722 2598 2794 2648; x_wconf 85' lang='grc' dir='ltr'>Ού</span> <span class='ocrx_word' id='word_1_688' title='bbox 2824 2596 3084 2667; x_wconf 84' lang='grc' dir='ltr'>πρότερον</span> <span class='ocrx_word' id='word_1_689' title='bbox 3113 2598 3283 2668; x_wconf 70' lang='grc' dir='ltr'>ἐφάνη</span> <span class='ocrx_word' id='word_1_690' title='bbox 3313 2596 3487 2650; x_wconf 85' lang='grc' dir='ltr'>πάντα</span> <span class='ocrx_word' id='word_1_691' title='bbox 3508 2596 3654 2658; x_wconf 83' lang='grc' dir='ltr'>κόνις</span> <span class='ocrx_word' id='word_1_692' title='bbox 3672 2594 3821 2658; x_wconf 75' lang='grc' dir='ltr'>ὅντα,</span> <span class='ocrx_word' id='word_1_693' title='bbox 3853 2594 3956 2654; x_wconf 83' lang='grc' dir='ltr'>ἓως</span> 
     </span>
    </p>
   </div>
   <div class='ocr_carea' id='block_1_91' title="bbox 2383 2681 3959 2753">
    <p class='ocr_par' dir='ltr' id='par_1_91' title="bbox 2383 2681 3959 2753">
     <span class='ocr_line' id='line_1_91' title="bbox 2383 2681 3959 2753; baseline 0.006 -19"><span class='ocrx_word' id='word_1_694' title='bbox 2383 2684 2409 2734; x_wconf 87' lang='lat'>6</span> <span class='ocrx_word' id='word_1_695' title='bbox 2445 2681 2590 2744; x_wconf 88' lang='grc' dir='ltr'>λίθος</span> <span class='ocrx_word' id='word_1_696' title='bbox 2615 2683 2931 2736; x_wconf 76' lang='grc' dir='ltr'>κατέπεσεν.</span> <span class='ocrx_word' id='word_1_697' title='bbox 2977 2683 3274 2753; x_wconf 82' lang='grc' dir='ltr'>Ἐθεώρεις</span> <span class='ocrx_word' id='word_1_698' title='bbox 3308 2684 3419 2749; x_wconf 71' lang='grc' dir='ltr'>ἕως</span> <span class='ocrx_word' id='word_1_699' title='bbox 3451 2681 3758 2752; x_wconf 78' lang='grc' dir='ltr'>ἀπετμήθη</span> <span class='ocrx_word' id='word_1_700' title='bbox 3785 2681 3959 2743; x_wconf 74' lang='grc' dir='ltr'>λίθος</span> 
     </span>
    </p>
   </div>
   <div class='ocr_carea' id='block_1_92' title="bbox 2384 2766 3959 2841">
    <p class='ocr_par' dir='ltr' id='par_1_92' title="bbox 2384 2766 3959 2841">
     <span class='ocr_line' id='line_1_92' title="bbox 2384 2766 3959 2841; baseline -0.001 -19"><span class='ocrx_word' id='word_1_701' title='bbox 2384 2769 2502 2822; x_wconf 75' lang='grc' dir='ltr'>ἀπὸ</span> <span class='ocrx_word' id='word_1_702' title='bbox 2531 2771 2635 2826; x_wconf 86' lang='grc' dir='ltr'>τοῦ</span> <span class='ocrx_word' id='word_1_703' title='bbox 2676 2771 2853 2838; x_wconf 81' lang='grc' dir='ltr'>ὄρους</span> <span class='ocrx_word' id='word_1_704' title='bbox 2897 2771 3042 2825; x_wconf 77' lang='grc' dir='ltr'><em>ἄνευ</em></span> <span class='ocrx_word' id='word_1_705' title='bbox 3085 2772 3329 2841; x_wconf 78' lang='grc' dir='ltr'>χειρῶν,</span> <span class='ocrx_word' id='word_1_706' title='bbox 3378 2772 3474 2826; x_wconf 76' lang='grc' dir='ltr'>καί</span> <span class='ocrx_word' id='word_1_707' title='bbox 3520 2769 3779 2833; x_wconf 81' lang='grc' dir='ltr'>ἐπάταξε</span> <span class='ocrx_word' id='word_1_708' title='bbox 3839 2766 3959 2835; x_wconf 79' lang='grc' dir='ltr'>τὴν</span> 
     </span>
    </p>
   </div>
   <div class='ocr_carea' id='block_1_93' title="bbox 2384 2855 3962 2926">
    <p class='ocr_par' dir='ltr' id='par_1_93' title="bbox 2384 2855 3962 2926">
     <span class='ocr_line' id='line_1_93' title="bbox 2384 2855 3962 2926; baseline -0.001 -17"><span class='ocrx_word' id='word_1_709' title='bbox 2384 2858 2603 2922; x_wconf 76' lang='grc' dir='ltr'>εἰκόνα,</span> <span class='ocrx_word' id='word_1_710' title='bbox 2632 2859 2726 2911; x_wconf 83' lang='grc' dir='ltr'>καί</span> <span class='ocrx_word' id='word_1_711' title='bbox 2755 2858 2892 2924; x_wconf 87' lang='grc' dir='ltr'>τοὺς</span> <span class='ocrx_word' id='word_1_712' title='bbox 2912 2858 3100 2925; x_wconf 81' lang='grc' dir='ltr'>πόδας</span> <span class='ocrx_word' id='word_1_713' title='bbox 3125 2858 3265 2924; x_wconf 86' lang='grc' dir='ltr'>τοὺς</span> <span class='ocrx_word' id='word_1_714' title='bbox 3294 2857 3578 2926; x_wconf 86' lang='grc' dir='ltr'>σιδηροῦς</span> <span class='ocrx_word' id='word_1_715' title='bbox 3615 2855 3717 2909; x_wconf 85' lang='grc' dir='ltr'>καί</span> <span class='ocrx_word' id='word_1_716' title='bbox 3743 2859 3962 2923; x_wconf 62' lang='lat' dir='ltr'>deum.</span> 
     </span>
    </p>
   </div>
   <div class='ocr_carea' id='block_1_94' title="bbox 2386 2943 3960 3010">
    <p class='ocr_par' dir='ltr' id='par_1_94' title="bbox 2386 2943 3960 3010">
     <span class='ocr_line' id='line_1_94' title="bbox 2386 2943 3960 3010; baseline -0.001 -13"><span class='ocrx_word' id='word_1_717' title='bbox 2386 2945 2610 3010; x_wconf 81' lang='grc' dir='ltr'>κίνους,</span> <span class='ocrx_word' id='word_1_718' title='bbox 2676 2945 2775 2999; x_wconf 81' lang='grc' dir='ltr'>καί</span> <span class='ocrx_word' id='word_1_719' title='bbox 2824 2946 3154 2999; x_wconf 74' lang='grc' dir='ltr'>ἐλέπτυνεν</span> <span class='ocrx_word' id='word_1_720' title='bbox 3192 2945 3413 3010; x_wconf 83' lang='grc' dir='ltr'>αὐτοὺς</span> <span class='ocrx_word' id='word_1_721' title='bbox 3448 2947 3534 3010; x_wconf 86' lang='grc' dir='ltr'>εἰς</span> <span class='ocrx_word' id='word_1_722' title='bbox 3563 2943 3754 3009; x_wconf 66' lang='grc' dir='ltr'>τέλος.</span> <span class='ocrx_word' id='word_1_723' title='bbox 3819 2945 3960 2997; x_wconf 79' lang='grc' dir='ltr'>Τότε</span> 
     </span>
    </p>
   </div>
   <div class='ocr_carea' id='block_1_95' title="bbox 2383 3029 3960 3100">
    <p class='ocr_par' dir='ltr' id='par_1_95' title="bbox 2383 3029 3960 3100">
     <span class='ocr_line' id='line_1_95' title="bbox 2383 3029 3960 3100; baseline 0 -16"><span class='ocrx_word' id='word_1_724' title='bbox 2383 3032 2712 3098; x_wconf 73' lang='grc' dir='ltr'>ἐνίεπτὺνθη</span> <span class='ocrx_word' id='word_1_725' title='bbox 2749 3035 2835 3097; x_wconf 83' lang='grc' dir='ltr'>εἰς</span> <span class='ocrx_word' id='word_1_726' title='bbox 2865 3032 3025 3096; x_wconf 81' lang='grc' dir='ltr'>ἅπαξ</span> <span class='ocrx_word' id='word_1_727' title='bbox 3053 3031 3118 3085; x_wconf 85' lang='grc' dir='ltr'>τὸ</span> <span class='ocrx_word' id='word_1_728' title='bbox 3159 3033 3474 3100; x_wconf 79' lang='grc' dir='ltr'>ὄστρακον,</span> <span class='ocrx_word' id='word_1_729' title='bbox 3523 3033 3558 3085; x_wconf 81' lang='grc' dir='ltr'>δ</span> <span class='ocrx_word' id='word_1_730' title='bbox 3608 3029 3876 3098; x_wconf 81' lang='grc' dir='ltr'>σίδηρος,</span> <span class='ocrx_word' id='word_1_731' title='bbox 3925 3031 3960 3084; x_wconf 81' lang='grc' dir='ltr'><strong><em>ό</em></strong></span> 
     </span>
    </p>
   </div>
   <div class='ocr_carea' id='block_1_96' title="bbox 2385 3117 3957 3190">
    <p class='ocr_par' dir='ltr' id='par_1_96' title="bbox 2385 3117 3957 3190">
     <span class='ocr_line' id='line_1_96' title="bbox 2385 3117 3957 3190; baseline -0.002 -19"><span class='ocrx_word' id='word_1_732' title='bbox 2385 3120 2610 3186; x_wconf 76' lang='grc' dir='ltr'>χαλκὸς</span> <span class='ocrx_word' id='word_1_733' title='bbox 2632 3131 2679 3183; x_wconf 70' lang='grc' dir='ltr'>α,</span> <span class='ocrx_word' id='word_1_734' title='bbox 2725 3120 2822 3170; x_wconf 83' lang='grc' dir='ltr'>καί</span> <span class='ocrx_word' id='word_1_735' title='bbox 2847 3119 3125 3188; x_wconf 77' lang='grc' dir='ltr'>ἐγένοντο</span> <span class='ocrx_word' id='word_1_736' title='bbox 3154 3119 3294 3172; x_wconf 79' lang='grc' dir='ltr'>ὡσεὶ</span> <span class='ocrx_word' id='word_1_737' title='bbox 3335 3117 3486 3190; x_wconf 71' lang='grc'><strong>[214]</strong></span> <span class='ocrx_word' id='word_1_738' title='bbox 3511 3117 3815 3186; x_wconf 81' lang='grc' dir='ltr'>κονιορτὸς</span> <span class='ocrx_word' id='word_1_739' title='bbox 3836 3117 3957 3171; x_wconf 72' lang='grc' dir='ltr'>ἀπὸ</span> 
     </span>
    </p>
   </div>
   <div class='ocr_carea' id='block_1_97' title="bbox 2386 3207 3959 3278">
    <p class='ocr_par' dir='ltr' id='par_1_97' title="bbox 2386 3207 3959 3278">
     <span class='ocr_line' id='line_1_97' title="bbox 2386 3207 3959 3278; baseline -0.001 -16"><span class='ocrx_word' id='word_1_740' title='bbox 2386 3209 2615 3275; x_wconf 77' lang='grc' dir='ltr'>ἅλωνος</span> <span class='ocrx_word' id='word_1_741' title='bbox 2656 3208 2895 3278; x_wconf 75' lang='grc' dir='ltr'>θερινῆς</span> <span class='ocrx_word' id='word_1_742' title='bbox 2941 3225 2955 3239; x_wconf 89' lang='grc'><strong>·</strong></span> <span class='ocrx_word' id='word_1_743' title='bbox 3008 3209 3108 3262; x_wconf 79' lang='grc' dir='ltr'>καί</span> <span class='ocrx_word' id='word_1_744' title='bbox 3152 3209 3369 3277; x_wconf 80' lang='grc' dir='ltr'>ἐξῆρεν</span> <span class='ocrx_word' id='word_1_745' title='bbox 3409 3207 3560 3262; x_wconf 82' lang='grc' dir='ltr'>αὐτὰ</span> <span class='ocrx_word' id='word_1_746' title='bbox 3605 3208 3669 3261; x_wconf 80' lang='grc' dir='ltr'>τὸ</span> <span class='ocrx_word' id='word_1_747' title='bbox 3720 3207 3959 3274; x_wconf 72' lang='grc' dir='ltr'><em>πλῆθος</em></span> 
     </span>
    </p>
   </div>
   <div class='ocr_carea' id='block_1_98' title="bbox 2385 3292 3961 3364">
    <p class='ocr_par' dir='ltr' id='par_1_98' title="bbox 2385 3292 3961 3364">
     <span class='ocr_line' id='line_1_98' title="bbox 2385 3292 3961 3364; baseline -0.002 -16"><span class='ocrx_word' id='word_1_748' title='bbox 2385 3295 2489 3348; x_wconf 86' lang='grc' dir='ltr'>τοῦ</span> <span class='ocrx_word' id='word_1_749' title='bbox 2521 3297 2878 3364; x_wconf 78' lang='grc' dir='ltr'>πνεύματος,</span> <span class='ocrx_word' id='word_1_750' title='bbox 2903 3294 3002 3349; x_wconf 79' lang='grc' dir='ltr'>καὶ</span> <span class='ocrx_word' id='word_1_751' title='bbox 3032 3297 3215 3361; x_wconf 86' lang='grc' dir='ltr'>τόπος</span> <span class='ocrx_word' id='word_1_752' title='bbox 3242 3297 3352 3363; x_wconf 87' lang='grc' dir='ltr'>οὑχ</span> <span class='ocrx_word' id='word_1_753' title='bbox 3379 3293 3588 3362; x_wconf 80' lang='grc' dir='ltr'>εὑρέθη</span> <span class='ocrx_word' id='word_1_754' title='bbox 3617 3292 3843 3359; x_wconf 82' lang='grc' dir='ltr'>αὐτοῖς.</span> <span class='ocrx_word' id='word_1_755' title='bbox 3882 3294 3961 3346; x_wconf 84' lang='grc' dir='ltr'>Οὕ</span> 
     </span>
    </p>
   </div>
   <div class='ocr_carea' id='block_1_99' title="bbox 2383 3370 3962 3455">
    <p class='ocr_par' dir='ltr' id='par_1_99' title="bbox 2383 3370 3962 3455">
     <span class='ocr_line' id='line_1_99' title="bbox 2383 3370 3962 3455; baseline -0.001 -20"><span class='ocrx_word' id='word_1_756' title='bbox 2383 3385 2490 3455; x_wconf 66' lang='grc' dir='ltr'>γὰρ</span> <span class='ocrx_word' id='word_1_757' title='bbox 2517 3370 2782 3455; x_wconf 85' lang='grc' dir='ltr'>πρότερον</span> <span class='ocrx_word' id='word_1_758' title='bbox 2823 3384 2994 3454; x_wconf 79' lang='grc' dir='ltr'>ἐφάνη</span> <span class='ocrx_word' id='word_1_759' title='bbox 3015 3383 3122 3436; x_wconf 85' lang='grc' dir='ltr'>τῶν</span> <span class='ocrx_word' id='word_1_760' title='bbox 3149 3382 3489 3453; x_wconf 82' lang='grc' dir='ltr'>πραγμάτων</span> <span class='ocrx_word' id='word_1_761' title='bbox 3524 3383 3558 3453; x_wconf 82' lang='grc' dir='ltr'>ἠ</span> <span class='ocrx_word' id='word_1_762' title='bbox 3585 3381 3765 3452; x_wconf 81' lang='grc' dir='ltr'>φύσις,</span> <span class='ocrx_word' id='word_1_763' title='bbox 3791 3382 3902 3451; x_wconf 75' lang='grc' dir='ltr'>ιως</span> <span class='ocrx_word' id='word_1_764' title='bbox 3933 3384 3962 3433; x_wconf 88' lang='grc' dir='ltr'><em>ὁ</em></span> 
     </span>
    </p>
   </div>
   <div class='ocr_carea' id='block_1_100' title="bbox 2381 3469 3960 3542">
    <p class='ocr_par' dir='ltr' id='par_1_100' title="bbox 2381 3469 3960 3542">
     <span class='ocr_line' id='line_1_100' title="bbox 2381 3469 3960 3542; baseline -0.003 -18"><span class='ocrx_word' id='word_1_765' title='bbox 2381 3472 2530 3541; x_wconf 73' lang='grc' dir='ltr'>ἥλιος</span> <span class='ocrx_word' id='word_1_766' title='bbox 2571 3472 2671 3542; x_wconf 90' lang='grc' dir='ltr'>τῆς</span> <span class='ocrx_word' id='word_1_767' title='bbox 2720 3470 3061 3541; x_wconf 84' lang='grc' dir='ltr'>δικαιοσύνης</span> <span class='ocrx_word' id='word_1_768' title='bbox 3111 3470 3403 3535; x_wconf 82' lang='grc' dir='ltr'>ἀνέτειλεν,</span> <span class='ocrx_word' id='word_1_769' title='bbox 3442 3469 3522 3522; x_wconf 84' lang='grc' dir='ltr'>δτι</span> <span class='ocrx_word' id='word_1_770' title='bbox 3569 3471 3597 3522; x_wconf 91' lang='lat'>6</span> <span class='ocrx_word' id='word_1_771' title='bbox 3645 3469 3850 3540; x_wconf 85' lang='grc' dir='ltr'>χρυσὸς</span> <span class='ocrx_word' id='word_1_772' title='bbox 3898 3469 3960 3521; x_wconf 84' lang='grc' dir='ltr'>ού</span> 
     </span>
    </p>
   </div>
   <div class='ocr_carea' id='block_1_101' title="bbox 2382 3557 3964 3631">
    <p class='ocr_par' dir='ltr' id='par_1_101' title="bbox 2382 3557 3964 3631">
     <span class='ocr_line' id='line_1_101' title="bbox 2382 3557 3964 3631; baseline 0.001 -21"><span class='ocrx_word' id='word_1_773' title='bbox 2382 3560 2599 3629; x_wconf 85' lang='grc' dir='ltr'>χρυσός.</span> <span class='ocrx_word' id='word_1_774' title='bbox 2651 3561 2789 3631; x_wconf 86' lang='grc' dir='ltr'>Ὅρα</span> <span class='ocrx_word' id='word_1_775' title='bbox 2839 3560 2896 3614; x_wconf 81' lang='grc' dir='ltr'>δὲ</span> <span class='ocrx_word' id='word_1_776' title='bbox 2928 3561 3021 3614; x_wconf 75' lang='grc' dir='ltr'>καὶ</span> <span class='ocrx_word' id='word_1_777' title='bbox 3063 3560 3119 3614; x_wconf 82' lang='grc' dir='ltr'>ὲν</span> <span class='ocrx_word' id='word_1_778' title='bbox 3157 3559 3304 3631; x_wconf 82' lang='grc' dir='ltr'>αὐτῷ</span> <span class='ocrx_word' id='word_1_779' title='bbox 3346 3557 3519 3630; x_wconf 87' lang='grc' dir='ltr'>τούτῳ</span> <span class='ocrx_word' id='word_1_780' title='bbox 3575 3559 3634 3611; x_wconf 85' lang='grc' dir='ltr'>οὐ</span> <span class='ocrx_word' id='word_1_781' title='bbox 3679 3559 3819 3628; x_wconf 86' lang='grc' dir='ltr'>μετά</span> <span class='ocrx_word' id='word_1_782' title='bbox 3858 3560 3964 3628; x_wconf 74' lang='grc' dir='ltr'>τὴν</span> 
     </span>
    </p>
   </div>
   <div class='ocr_carea' id='block_1_102' title="bbox 2383 3645 3962 3718">
    <p class='ocr_par' dir='ltr' id='par_1_102' title="bbox 2383 3645 3962 3718">
     <span class='ocr_line' id='line_1_102' title="bbox 2383 3645 3962 3718; baseline -0.001 -20"><span class='ocrx_word' id='word_1_783' title='bbox 2383 3646 2691 3718; x_wconf 77' lang='grc' dir='ltr'>συντριϐῆν,</span> <span class='ocrx_word' id='word_1_784' title='bbox 2729 3647 2843 3700; x_wconf 86' lang='grc' dir='ltr'>ἀλλ’</span> <span class='ocrx_word' id='word_1_785' title='bbox 2875 3648 2958 3700; x_wconf 82' lang='grc' dir='ltr'>ἔτι</span> <span class='ocrx_word' id='word_1_786' title='bbox 2999 3647 3247 3701; x_wconf 80' lang='grc' dir='ltr'>ἑστώτων</span> <span class='ocrx_word' id='word_1_787' title='bbox 3286 3647 3485 3711; x_wconf 77' lang='grc' dir='ltr'>αὐτῶν,</span> <span class='ocrx_word' id='word_1_788' title='bbox 3517 3645 3666 3700; x_wconf 82' lang='grc' dir='ltr'>οὐδὲν</span> <span class='ocrx_word' id='word_1_789' title='bbox 3701 3645 3757 3699; x_wconf 83' lang='grc' dir='ltr'>δὲ</span> <span class='ocrx_word' id='word_1_790' title='bbox 3793 3645 3962 3698; x_wconf 87' lang='grc' dir='ltr'>τοῦτο</span> 
     </span>
    </p>
   </div>
   <div class='ocr_carea' id='block_1_103' title="bbox 2381 3732 3961 3806">
    <p class='ocr_par' dir='ltr' id='par_1_103' title="bbox 2381 3732 3961 3806">
     <span class='ocr_line' id='line_1_103' title="bbox 2381 3732 3961 3806; baseline 0 -21"><span class='ocrx_word' id='word_1_791' title='bbox 2381 3734 2588 3787; x_wconf 79' lang='grc' dir='ltr'>ἐκείνου</span> <span class='ocrx_word' id='word_1_792' title='bbox 2644 3735 2965 3806; x_wconf 82' lang='grc' dir='ltr'>τιμιώτερον</span> <span class='ocrx_word' id='word_1_793' title='bbox 2997 3735 3079 3789; x_wconf 76' lang='grc' dir='ltr'>ὃν.</span> <span class='ocrx_word' id='word_1_794' title='bbox 3121 3736 3265 3806; x_wconf 85' lang='grc' dir='ltr'>Ὅρα</span> <span class='ocrx_word' id='word_1_795' title='bbox 3318 3736 3412 3788; x_wconf 71' lang='grc' dir='ltr'>καὶ</span> <span class='ocrx_word' id='word_1_796' title='bbox 3453 3736 3520 3806; x_wconf 78' lang='grc' dir='ltr'>τῇ</span> <span class='ocrx_word' id='word_1_797' title='bbox 3551 3735 3692 3803; x_wconf 70' lang='grc' dir='ltr'>δψει,</span> <span class='ocrx_word' id='word_1_798' title='bbox 3738 3733 3836 3786; x_wconf 74' lang='grc' dir='ltr'>καὶ</span> <span class='ocrx_word' id='word_1_799' title='bbox 3881 3732 3961 3801; x_wconf 84' lang='grc' dir='ltr'>τῷ</span> 
     </span>
    </p>
   </div>
   <div class='ocr_carea' id='block_1_104' title="bbox 2383 3819 3962 3892">
    <p class='ocr_par' dir='ltr' id='par_1_104' title="bbox 2383 3819 3962 3892">
     <span class='ocr_line' id='line_1_104' title="bbox 2383 3819 3962 3892; baseline 0.001 -22"><span class='ocrx_word' id='word_1_800' title='bbox 2383 3822 2576 3891; x_wconf 86' lang='grc' dir='ltr'>χρόνῳ,</span> <span class='ocrx_word' id='word_1_801' title='bbox 2630 3823 2723 3874; x_wconf 72' lang='grc' dir='ltr'>καὶ</span> <span class='ocrx_word' id='word_1_802' title='bbox 2763 3825 2830 3892; x_wconf 83' lang='grc' dir='ltr'>τῇ</span> <span class='ocrx_word' id='word_1_803' title='bbox 2866 3822 3109 3892; x_wconf 83' lang='grc' dir='ltr'>ποιότητι</span> <span class='ocrx_word' id='word_1_804' title='bbox 3138 3821 3310 3874; x_wconf 82' lang='grc' dir='ltr'>ταῦτα</span> <span class='ocrx_word' id='word_1_805' title='bbox 3336 3821 3558 3875; x_wconf 76' lang='grc' dir='ltr'>ἐκείνων</span> <span class='ocrx_word' id='word_1_806' title='bbox 3603 3820 3816 3890; x_wconf 83' lang='grc' dir='ltr'>βελτίω.</span> <span class='ocrx_word' id='word_1_807' title='bbox 3859 3819 3962 3872; x_wconf 84' lang='grc' dir='ltr'>Διά</span> 
     </span>
    </p>
   </div>
   <div class='ocr_carea' id='block_1_105' title="bbox 2381 3907 3960 3979">
    <p class='ocr_par' dir='ltr' id='par_1_105' title="bbox 2381 3907 3960 3979">
     <span class='ocr_line' id='line_1_105' title="bbox 2381 3907 3960 3979; baseline -0.001 -19"><span class='ocrx_word' id='word_1_808' title='bbox 2381 3908 2489 3977; x_wconf 82' lang='grc' dir='ltr'>γὰρ</span> <span class='ocrx_word' id='word_1_809' title='bbox 2511 3907 2665 3961; x_wconf 89' lang='grc' dir='ltr'>τοῦτο</span> <span class='ocrx_word' id='word_1_810' title='bbox 2689 3909 2783 3961; x_wconf 73' lang='grc' dir='ltr'>καὶ</span> <span class='ocrx_word' id='word_1_811' title='bbox 2819 3909 3036 3978; x_wconf 86' lang='grc' dir='ltr'>χρυσίον</span> <span class='ocrx_word' id='word_1_812' title='bbox 3076 3908 3182 3961; x_wconf 86' lang='grc' dir='ltr'>ἀπὸ</span> <span class='ocrx_word' id='word_1_813' title='bbox 3208 3908 3313 3977; x_wconf 88' lang='grc' dir='ltr'>γῆς</span> <span class='ocrx_word' id='word_1_814' title='bbox 3341 3910 3593 3979; x_wconf 86' lang='grc' dir='ltr'>ἐποίησεν</span> <span class='ocrx_word' id='word_1_815' title='bbox 3617 3908 3646 3960; x_wconf 94' lang='lat'>6</span> <span class='ocrx_word' id='word_1_816' title='bbox 3678 3907 3835 3970; x_wconf 82' lang='grc' dir='ltr'>Θεὸς,</span> <span class='ocrx_word' id='word_1_817' title='bbox 3870 3907 3960 3960; x_wconf 80' lang='grc' dir='ltr'>ἵνα</span> 
     </span>
    </p>
   </div>
   <div class='ocr_carea' id='block_1_106' title="bbox 2384 3995 3960 4067">
    <p class='ocr_par' dir='ltr' id='par_1_106' title="bbox 2384 3995 3960 4067">
     <span class='ocr_line' id='line_1_106' title="bbox 2384 3995 3960 4067; baseline -0.001 -19"><span class='ocrx_word' id='word_1_818' title='bbox 2384 3997 2546 4067; x_wconf 81' lang='grc' dir='ltr'>μηδὲν</span> <span class='ocrx_word' id='word_1_819' title='bbox 2572 3997 2713 4066; x_wconf 86' lang='grc' dir='ltr'>μέγα</span> <span class='ocrx_word' id='word_1_820' title='bbox 2747 3997 2874 4067; x_wconf 80' lang='grc' dir='ltr'>περὶ</span> <span class='ocrx_word' id='word_1_821' title='bbox 2902 3996 3065 4049; x_wconf 84' lang='grc' dir='ltr'>αὑτοῦ</span> <span class='ocrx_word' id='word_1_822' title='bbox 3110 3995 3420 4066; x_wconf 80' lang='grc' dir='ltr'>φαντασθῇς</span> <span class='ocrx_word' id='word_1_823' title='bbox 3489 3995 3645 4058; x_wconf 86' lang='grc' dir='ltr'>Τίνος</span> <span class='ocrx_word' id='word_1_824' title='bbox 3675 3995 3732 4047; x_wconf 83' lang='grc' dir='ltr'>δὲ</span> <span class='ocrx_word' id='word_1_825' title='bbox 3764 3995 3960 4048; x_wconf 72' lang='grc' dir='ltr'>ἕνεκεν</span> 
     </span>
    </p>
   </div>
   <div class='ocr_carea' id='block_1_107' title="bbox 2378 4081 3962 4154">
    <p class='ocr_par' dir='ltr' id='par_1_107' title="bbox 2378 4081 3962 4154">
     <span class='ocr_line' id='line_1_107' title="bbox 2378 4081 3962 4154; baseline -0.001 -19"><span class='ocrx_word' id='word_1_826' title='bbox 2378 4084 2476 4153; x_wconf 83' lang='grc' dir='ltr'>τὴν</span> <span class='ocrx_word' id='word_1_827' title='bbox 2498 4084 2661 4136; x_wconf 83' lang='grc' dir='ltr'>αὑτοῦ</span> <span class='ocrx_word' id='word_1_828' title='bbox 2687 4084 2957 4154; x_wconf 84' lang='grc' dir='ltr'>βασιλείαν</span> <span class='ocrx_word' id='word_1_829' title='bbox 2985 4084 3138 4136; x_wconf 87' lang='grc' dir='ltr'>καλεῖ</span> <span class='ocrx_word' id='word_1_830' title='bbox 3159 4082 3384 4153; x_wconf 86' lang='grc' dir='ltr'>χρυσῆν,</span> <span class='ocrx_word' id='word_1_831' title='bbox 3407 4082 3502 4154; x_wconf 81' lang='grc' dir='ltr'>τὴν</span> <span class='ocrx_word' id='word_1_832' title='bbox 3522 4082 3580 4136; x_wconf 78' lang='grc' dir='ltr'>δέ</span> <span class='ocrx_word' id='word_1_833' title='bbox 3601 4081 3708 4136; x_wconf 85' lang='grc' dir='ltr'>τῶν</span> <span class='ocrx_word' id='word_1_834' title='bbox 3724 4082 3962 4152; x_wconf 84' lang='grc' dir='ltr'>Περσῶν</span> 
     </span>
    </p>
   </div>
   <div class='ocr_carea' id='block_1_108' title="bbox 2379 4169 3961 4242">
    <p class='ocr_par' dir='ltr' id='par_1_108' title="bbox 2379 4169 3961 4242">
     <span class='ocr_line' id='line_1_108' title="bbox 2379 4169 3961 4242; baseline -0.002 -18"><span class='ocrx_word' id='word_1_835' title='bbox 2379 4173 2642 4242; x_wconf 71' lang='grc' dir='ltr'>ἀργυρᾶν,</span> <span class='ocrx_word' id='word_1_836' title='bbox 2682 4171 2776 4224; x_wconf 74' lang='grc' dir='ltr'>καὶ</span> <span class='ocrx_word' id='word_1_837' title='bbox 2808 4171 2903 4242; x_wconf 79' lang='grc' dir='ltr'>τὴν</span> <span class='ocrx_word' id='word_1_838' title='bbox 2943 4171 3051 4224; x_wconf 86' lang='grc' dir='ltr'>τῶν</span> <span class='ocrx_word' id='word_1_839' title='bbox 3089 4170 3413 4225; x_wconf 84' lang='grc' dir='ltr'>Μακεδόνων</span> <span class='ocrx_word' id='word_1_840' title='bbox 3450 4169 3675 4241; x_wconf 82' lang='grc' dir='ltr'>χαλκῆν,</span> <span class='ocrx_word' id='word_1_841' title='bbox 3722 4171 3822 4223; x_wconf 72' lang='grc' dir='ltr'>καὶ</span> <span class='ocrx_word' id='word_1_842' title='bbox 3857 4169 3961 4240; x_wconf 76' lang='grc' dir='ltr'>τὴν</span> 
     </span>
    </p>
   </div>
   <div class='ocr_carea' id='block_1_109' title="bbox 2378 4257 3963 4330">
    <p class='ocr_par' dir='ltr' id='par_1_109' title="bbox 2378 4257 3963 4330">
     <span class='ocr_line' id='line_1_109' title="bbox 2378 4257 3963 4330; baseline -0.002 -19"><span class='ocrx_word' id='word_1_843' title='bbox 2378 4259 2485 4311; x_wconf 78' lang='grc' dir='ltr'>τῶν</span> <span class='ocrx_word' id='word_1_844' title='bbox 2521 4259 2804 4328; x_wconf 88' lang='grc' dir='ltr'>Ῥωμαίων</span> <span class='ocrx_word' id='word_1_845' title='bbox 2824 4259 3048 4329; x_wconf 77' lang='grc' dir='ltr'>σιδηρᾶν</span> <span class='ocrx_word' id='word_1_846' title='bbox 3070 4259 3162 4311; x_wconf 74' lang='grc' dir='ltr'>καὶ</span> <span class='ocrx_word' id='word_1_847' title='bbox 3186 4257 3544 4330; x_wconf 77' lang='grc' dir='ltr'>όστρακίνηνς</span> <span class='ocrx_word' id='word_1_848' title='bbox 3583 4258 3721 4326; x_wconf 88' lang='grc' dir='ltr'>Ὅρα</span> <span class='ocrx_word' id='word_1_849' title='bbox 3750 4257 3963 4310; x_wconf 88' lang='grc' dir='ltr'>καταλ-</span> 
     </span>
    </p>
   </div>
   <div class='ocr_carea' id='block_1_110' title="bbox 2379 4344 3962 4417">
    <p class='ocr_par' dir='ltr' id='par_1_110' title="bbox 2379 4344 3962 4417">
     <span class='ocr_line' id='line_1_110' title="bbox 2379 4344 3962 4417; baseline 0 -20"><span class='ocrx_word' id='word_1_850' title='bbox 2379 4346 2572 4417; x_wconf 82' lang='grc' dir='ltr'>λήλους</span> <span class='ocrx_word' id='word_1_851' title='bbox 2606 4347 2702 4408; x_wconf 77' lang='grc' dir='ltr'>τὰς</span> <span class='ocrx_word' id='word_1_852' title='bbox 2740 4345 2888 4409; x_wconf 87' lang='grc' dir='ltr'>ὕλας.</span> <span class='ocrx_word' id='word_1_853' title='bbox 2938 4347 2996 4398; x_wconf 86' lang='grc' dir='ltr'>Ὀ</span> <span class='ocrx_word' id='word_1_854' title='bbox 3030 4347 3135 4414; x_wconf 80' lang='grc' dir='ltr'>γὰρ</span> <span class='ocrx_word' id='word_1_855' title='bbox 3175 4344 3371 4414; x_wconf 82' lang='grc' dir='ltr'>χρυσὸς</span> <span class='ocrx_word' id='word_1_856' title='bbox 3410 4344 3640 4397; x_wconf 87' lang='grc' dir='ltr'>πλούτου</span> <span class='ocrx_word' id='word_1_857' title='bbox 3689 4344 3786 4413; x_wconf 89' lang='grc' dir='ltr'>μέν</span> <span class='ocrx_word' id='word_1_858' title='bbox 3839 4346 3962 4397; x_wconf 83' lang='grc' dir='ltr'>ἐστι</span> 
     </span>
    </p>
   </div>
   <div class='ocr_carea' id='block_1_111' title="bbox 2381 4431 3965 4503">
    <p class='ocr_par' dir='ltr' id='par_1_111' title="bbox 2381 4431 3965 4503">
     <span class='ocr_line' id='line_1_111' title="bbox 2381 4431 3965 4503; baseline -0.001 -17"><span class='ocrx_word' id='word_1_859' title='bbox 2381 4433 2729 4502; x_wconf 69' lang='grc' dir='ltr'>ἐμφαντικὸν,</span> <span class='ocrx_word' id='word_1_860' title='bbox 2761 4432 2982 4495; x_wconf 84' lang='grc' dir='ltr'>ἀσθενὲς</span> <span class='ocrx_word' id='word_1_861' title='bbox 3011 4433 3090 4495; x_wconf 83' lang='grc' dir='ltr'>δὲ,</span> <span class='ocrx_word' id='word_1_862' title='bbox 3120 4433 3212 4485; x_wconf 74' lang='grc' dir='ltr'>καὶ</span> <span class='ocrx_word' id='word_1_863' title='bbox 3255 4431 3391 4501; x_wconf 82' lang='grc' dir='ltr'>πρὸς</span> <span class='ocrx_word' id='word_1_864' title='bbox 3433 4431 3650 4500; x_wconf 86' lang='grc' dir='ltr'>ἀπάτην</span> <span class='ocrx_word' id='word_1_865' title='bbox 3681 4432 3776 4483; x_wconf 78' lang='grc' dir='ltr'>καὶ</span> <span class='ocrx_word' id='word_1_866' title='bbox 3819 4431 3965 4503; x_wconf 82' lang='grc' dir='ltr'>πρὸς</span> 
     </span>
    </p>
   </div>
   <div class='ocr_carea' id='block_1_112' title="bbox 2381 4519 3963 4591">
    <p class='ocr_par' dir='ltr' id='par_1_112' title="bbox 2381 4519 3963 4591">
     <span class='ocr_line' id='line_1_112' title="bbox 2381 4519 3963 4591; baseline -0.003 -16"><span class='ocrx_word' id='word_1_867' title='bbox 2381 4523 2582 4591; x_wconf 87' lang='grc' dir='ltr'>κόσμον</span> <span class='ocrx_word' id='word_1_868' title='bbox 2615 4522 2810 4590; x_wconf 80' lang='grc' dir='ltr'>μᾶλλον</span> <span class='ocrx_word' id='word_1_869' title='bbox 2837 4522 2929 4574; x_wconf 71' lang='grc' dir='ltr'>καὶ</span> <span class='ocrx_word' id='word_1_870' title='bbox 2956 4520 3262 4589; x_wconf 75' lang='grc' dir='ltr'>φιλοτιμίαν</span> <span class='ocrx_word' id='word_1_871' title='bbox 3300 4520 3617 4589; x_wconf 82' lang='grc' dir='ltr'>ἐπιτήδειος.</span> <span class='ocrx_word' id='word_1_872' title='bbox 3670 4519 3835 4573; x_wconf 86' lang='grc' dir='ltr'>Οὕτω</span> <span class='ocrx_word' id='word_1_873' title='bbox 3864 4521 3963 4573; x_wconf 74' lang='grc' dir='ltr'>καὶ</span> 
     </span>
    </p>
   </div>
   <div class='ocr_carea' id='block_1_113' title="bbox 2379 4606 3964 4679">
    <p class='ocr_par' dir='ltr' id='par_1_113' title="bbox 2379 4606 3964 4679">
     <span class='ocr_line' id='line_1_113' title="bbox 2379 4606 3964 4679; baseline 0.001 -20"><span class='ocrx_word' id='word_1_874' title='bbox 2379 4609 2558 4679; x_wconf 81' lang='grc' dir='ltr'>ἐκείνη</span> <span class='ocrx_word' id='word_1_875' title='bbox 2595 4606 2894 4677; x_wconf 80' lang='grc' dir='ltr'>ἡβασιλεία</span> <span class='ocrx_word' id='word_1_876' title='bbox 2925 4609 2956 4676; x_wconf 83' lang='grc' dir='ltr'><strong>ή</strong></span> <span class='ocrx_word' id='word_1_877' title='bbox 2985 4606 3077 4658; x_wconf 89' lang='grc' dir='ltr'>τοῦ</span> <span class='ocrx_word' id='word_1_878' title='bbox 3111 4606 3404 4677; x_wconf 81' lang='grc' dir='ltr'>βαρϐάρου.</span> <span class='ocrx_word' id='word_1_879' title='bbox 3449 4606 3588 4660; x_wconf 77' lang='grc' dir='ltr'>Πολὺ</span> <span class='ocrx_word' id='word_1_880' title='bbox 3639 4610 3770 4677; x_wconf 84' lang='grc' dir='ltr'>παρ’</span> <span class='ocrx_word' id='word_1_881' title='bbox 3809 4606 3964 4676; x_wconf 82' lang='grc' dir='ltr'>αὕτῷ</span> 
     </span>
    </p>
   </div>
   <div class='ocr_carea' id='block_1_114' title="bbox 2378 4686 3967 4767">
    <p class='ocr_par' dir='ltr' id='par_1_114' title="bbox 2378 4686 3967 4767">
     <span class='ocr_line' id='line_1_114' title="bbox 2378 4686 3967 4767; baseline -0.002 -18"><span class='ocrx_word' id='word_1_882' title='bbox 2378 4698 2437 4749; x_wconf 76' lang='grc' dir='ltr'>τδ</span> <span class='ocrx_word' id='word_1_883' title='bbox 2473 4698 2689 4767; x_wconf 83' lang='grc' dir='ltr'>χρυσίον</span> <span class='ocrx_word' id='word_1_884' title='bbox 2725 4686 2808 4766; x_wconf 71' lang='grc' dir='ltr'>ἦν’</span> <span class='ocrx_word' id='word_1_885' title='bbox 2839 4697 2930 4748; x_wconf 77' lang='grc' dir='ltr'>καὶ</span> <span class='ocrx_word' id='word_1_886' title='bbox 2969 4697 3078 4757; x_wconf 87' lang='grc' dir='ltr'>τοῖς</span> <span class='ocrx_word' id='word_1_887' title='bbox 3116 4694 3428 4765; x_wconf 81' lang='grc' dir='ltr'>βαρϐάροις,</span> <span class='ocrx_word' id='word_1_888' title='bbox 3469 4695 3654 4766; x_wconf 81' lang='grc' dir='ltr'>ἐπειδὴ</span> <span class='ocrx_word' id='word_1_889' title='bbox 3697 4695 3795 4748; x_wconf 70' lang='grc' dir='ltr'>καὶ</span> <span class='ocrx_word' id='word_1_890' title='bbox 3843 4698 3967 4747; x_wconf 80' lang='grc' dir='ltr'>ἐκεῖ</span> 
     </span>
    </p>
   </div>
   <div class='ocr_carea' id='block_1_115' title="bbox 2378 4782 3966 4855">
    <p class='ocr_par' dir='ltr' id='par_1_115' title="bbox 2378 4782 3966 4855">
     <span class='ocr_line' id='line_1_115' title="bbox 2378 4782 3966 4855; baseline 0 -19"><span class='ocrx_word' id='word_1_891' title='bbox 2378 4787 2619 4852; x_wconf 82' lang='grc' dir='ltr'>λέγονται</span> <span class='ocrx_word' id='word_1_892' title='bbox 2654 4782 2787 4837; x_wconf 83' lang='grc' dir='ltr'>εἶναι</span> <span class='ocrx_word' id='word_1_893' title='bbox 2832 4784 2951 4836; x_wconf 88' lang='grc' dir='ltr'>ὕλαι</span> <span class='ocrx_word' id='word_1_894' title='bbox 2994 4784 3329 4854; x_wconf 88' lang='grc' dir='ltr'>μεταλλικαί.</span> <span class='ocrx_word' id='word_1_895' title='bbox 3370 4785 3477 4836; x_wconf 63' lang='lat' dir='ltr'>K61</span> <span class='ocrx_word' id='word_1_896' title='bbox 3510 4784 3617 4854; x_wconf 91' lang='grc' dir='ltr'>γάρ</span> <span class='ocrx_word' id='word_1_897' title='bbox 3655 4784 3811 4855; x_wconf 85' lang='grc' dir='ltr'>παρά</span> <span class='ocrx_word' id='word_1_898' title='bbox 3850 4784 3966 4836; x_wconf 78' lang='grc' dir='ltr'>τῶν</span> 
     </span>
    </p>
   </div>
   <div class='ocr_carea' id='block_1_116' title="bbox 2379 4867 3965 4942">
    <p class='ocr_par' dir='ltr' id='par_1_116' title="bbox 2379 4867 3965 4942">
     <span class='ocr_line' id='line_1_116' title="bbox 2379 4867 3965 4942; baseline 0 -19"><span class='ocrx_word' id='word_1_899' title='bbox 2379 4873 2563 4942; x_wconf 76' lang='grc' dir='ltr'>Σήρων</span> <span class='ocrx_word' id='word_1_900' title='bbox 2594 4873 2755 4935; x_wconf 79' lang='grc' dir='ltr'>πολὺς</span> <span class='ocrx_word' id='word_1_901' title='bbox 2788 4874 2814 4925; x_wconf 91' lang='lat'>6</span> <span class='ocrx_word' id='word_1_902' title='bbox 2842 4871 3089 4935; x_wconf 85' lang='grc' dir='ltr'>πλοῦτος,</span> <span class='ocrx_word' id='word_1_903' title='bbox 3125 4871 3236 4924; x_wconf 80' lang='grc' dir='ltr'>ἀλλ’</span> <span class='ocrx_word' id='word_1_904' title='bbox 3277 4867 3564 4941; x_wconf 83' lang='grc' dir='ltr'>ἄχρηστος.</span> <span class='ocrx_word' id='word_1_905' title='bbox 3607 4870 3876 4942; x_wconf 73' lang='grc' dir='ltr'>Κεφαλὴν</span> <span class='ocrx_word' id='word_1_906' title='bbox 3905 4872 3965 4923; x_wconf 75' lang='grc' dir='ltr'>δὲ</span> 
     </span>
    </p>
   </div>
   <div class='ocr_carea' id='block_1_117' title="bbox 2377 4957 3963 5030">
    <p class='ocr_par' dir='ltr' id='par_1_117' title="bbox 2377 4957 3963 5030">
     <span class='ocr_line' id='line_1_117' title="bbox 2377 4957 3963 5030; baseline -0.003 -17"><span class='ocrx_word' id='word_1_907' title='bbox 2377 4961 2580 5030; x_wconf 82' lang='grc' dir='ltr'>ἐπέχει,</span> <span class='ocrx_word' id='word_1_908' title='bbox 2609 4959 2792 5030; x_wconf 80' lang='grc' dir='ltr'>ἐπειδὴ</span> <span class='ocrx_word' id='word_1_909' title='bbox 2818 4959 3005 5030; x_wconf 79' lang='grc' dir='ltr'>πρώτη</span> <span class='ocrx_word' id='word_1_910' title='bbox 3033 4960 3223 5030; x_wconf 80' lang='grc' dir='ltr'>ἐφάνη.</span> <span class='ocrx_word' id='word_1_911' title='bbox 3251 4959 3314 5011; x_wconf 85' lang='grc' dir='ltr'><strong><em>Ἥ</em></strong></span> <span class='ocrx_word' id='word_1_912' title='bbox 3339 4958 3392 5010; x_wconf 83' lang='grc' dir='ltr'>δὲ</span> <span class='ocrx_word' id='word_1_913' title='bbox 3414 4957 3634 5029; x_wconf 86' lang='grc' dir='ltr'>Περσῶν</span> <span class='ocrx_word' id='word_1_914' title='bbox 3654 4958 3750 5024; x_wconf 86' lang='grc' dir='ltr'>οὐχ</span> <span class='ocrx_word' id='word_1_915' title='bbox 3778 4957 3963 5020; x_wconf 86' lang='grc' dir='ltr'>οὕτως</span> 
     </span>
    </p>
   </div>
   <div class='ocr_carea' id='block_1_118' title="bbox 2377 5043 3963 5118">
    <p class='ocr_par' dir='ltr' id='par_1_118' title="bbox 2377 5043 3963 5118">
     <span class='ocr_line' id='line_1_118' title="bbox 2377 5043 3963 5118; baseline -0.003 -17"><span class='ocrx_word' id='word_1_916' title='bbox 2377 5049 2625 5118; x_wconf 71' lang='grc' dir='ltr'>εὔπορος,</span> <span class='ocrx_word' id='word_1_917' title='bbox 2648 5047 2834 5117; x_wconf 84' lang='grc' dir='ltr'>ὥσπερ</span> <span class='ocrx_word' id='word_1_918' title='bbox 2859 5043 2950 5100; x_wconf 81' lang='grc' dir='ltr'>οῦν</span> <span class='ocrx_word' id='word_1_919' title='bbox 2980 5046 3096 5099; x_wconf 84' lang='grc' dir='ltr'>οὐδὲ</span> <span class='ocrx_word' id='word_1_920' title='bbox 3122 5046 3473 5100; x_wconf 83' lang='grc' dir='ltr'>Μακεδόνων·</span> <span class='ocrx_word' id='word_1_921' title='bbox 3503 5047 3535 5115; x_wconf 80' lang='grc' dir='ltr'>ἡ</span> <span class='ocrx_word' id='word_1_922' title='bbox 3557 5045 3614 5098; x_wconf 86' lang='grc' dir='ltr'>δὲ</span> <span class='ocrx_word' id='word_1_923' title='bbox 3658 5045 3963 5114; x_wconf 81' lang='grc' dir='ltr'>Ῥωμαίων</span> 
     </span>
    </p>
   </div>
   <div class='ocr_carea' id='block_1_119' title="bbox 2377 5129 3964 5206">
    <p class='ocr_par' dir='ltr' id='par_1_119' title="bbox 2377 5129 3964 5206">
     <span class='ocr_line' id='line_1_119' title="bbox 2377 5129 3964 5206; baseline -0.029 33"><span class='ocrx_word' id='word_1_924' title='bbox 2377 5136 2765 5206; x_wconf 58' lang='grc' dir='ltr'>χρησιμωτέρα</span> <span class='ocrx_word' id='word_1_925' title='bbox 2807 5151 2866 5187; x_wconf 82' lang='grc' dir='ltr'>τε</span> <span class='ocrx_word' id='word_1_926' title='bbox 2908 5133 3002 5186; x_wconf 56' lang='grc' dir='ltr'>καὶ</span> <span class='ocrx_word' id='word_1_927' title='bbox 3061 5135 3400 5204; x_wconf 66' lang='grc' dir='ltr'>ἰσχυροτέρα.</span> <span class='ocrx_word' id='word_1_928' title='bbox 3448 5131 3650 5201; x_wconf 73' lang='grc' dir='ltr'>ὑστέρα</span> <span class='ocrx_word' id='word_1_929' title='bbox 3691 5129 3796 5198; x_wconf 70' lang='grc' dir='ltr'>μὲν</span> <span class='ocrx_word' id='word_1_930' title='bbox 3845 5134 3964 5194; x_wconf 79' lang='grc' dir='ltr'>τοῖς</span> 
     </span>
    </p>
   </div>
   <div class='ocr_carea' id='block_1_120' title="bbox 2377 5215 3962 5294">
    <p class='ocr_par' dir='ltr' id='par_1_120' title="bbox 2377 5215 3962 5294">
     <span class='ocr_line' id='line_1_120' title="bbox 2377 5215 3962 5294; baseline -0.001 -22"><span class='ocrx_word' id='word_1_931' title='bbox 2377 5223 2608 5294; x_wconf 82' lang='grc' dir='ltr'>χρόνοις,</span> <span class='ocrx_word' id='word_1_932' title='bbox 2638 5223 2715 5275; x_wconf 81' lang='grc' dir='ltr'>διὸ</span> <span class='ocrx_word' id='word_1_933' title='bbox 2737 5223 2829 5274; x_wconf 78' lang='grc' dir='ltr'>καὶ</span> <span class='ocrx_word' id='word_1_934' title='bbox 2869 5220 3042 5274; x_wconf 82' lang='grc' dir='ltr'>ποδῶν</span> <span class='ocrx_word' id='word_1_935' title='bbox 3072 5221 3223 5285; x_wconf 79' lang='grc' dir='ltr'>τάξιν</span> <span class='ocrx_word' id='word_1_936' title='bbox 3251 5220 3454 5290; x_wconf 83' lang='grc' dir='ltr'>ἐπέχει.</span> <span class='ocrx_word' id='word_1_937' title='bbox 3489 5219 3645 5270; x_wconf 83' lang='grc' dir='ltr'>Ἔστι</span> <span class='ocrx_word' id='word_1_938' title='bbox 3677 5215 3735 5268; x_wconf 82' lang='grc' dir='ltr'>δὲ</span> <span class='ocrx_word' id='word_1_939' title='bbox 3777 5219 3962 5286; x_wconf 75' lang='grc' dir='ltr'>αὐτῆς</span> 
     </span>
    </p>
   </div>
   <div class='ocr_carea' id='block_1_121' title="bbox 2373 5303 3961 5380">
    <p class='ocr_par' dir='ltr' id='par_1_121' title="bbox 2373 5303 3961 5380">
     <span class='ocr_line' id='line_1_121' title="bbox 2373 5303 3961 5380; baseline -0.003 -18"><span class='ocrx_word' id='word_1_940' title='bbox 2373 5310 2442 5362; x_wconf 86' lang='grc' dir='ltr'>τά</span> <span class='ocrx_word' id='word_1_941' title='bbox 2479 5311 2574 5380; x_wconf 89' lang='grc' dir='ltr'>μέν</span> <span class='ocrx_word' id='word_1_942' title='bbox 2604 5310 2819 5380; x_wconf 80' lang='grc' dir='ltr'>ἀσθενῆ,</span> <span class='ocrx_word' id='word_1_943' title='bbox 2849 5309 2916 5361; x_wconf 79' lang='grc' dir='ltr'>τά</span> <span class='ocrx_word' id='word_1_944' title='bbox 2947 5308 3002 5362; x_wconf 83' lang='grc' dir='ltr'>δὲ</span> <span class='ocrx_word' id='word_1_945' title='bbox 3040 5308 3374 5380; x_wconf 85' lang='grc' dir='ltr'>ἰσχυρότερα.</span> <span class='ocrx_word' id='word_1_946' title='bbox 3419 5303 3640 5358; x_wconf 88' lang='grc' dir='ltr'>Τοιοῦτο</span> <span class='ocrx_word' id='word_1_947' title='bbox 3680 5303 3743 5356; x_wconf 81' lang='grc' dir='ltr'>τὺ</span> <span class='ocrx_word' id='word_1_948' title='bbox 3791 5303 3961 5358; x_wconf 76' lang='grc' dir='ltr'>ἀλλόο</span> 
     </span>
    </p>
   </div>
   <div class='ocr_carea' id='block_1_122' title="bbox 2377 5388 3958 5468">
    <p class='ocr_par' dir='ltr' id='par_1_122' title="bbox 2377 5388 3958 5468">
     <span class='ocr_line' id='line_1_122' title="bbox 2377 5388 3958 5468; baseline -0.003 -18"><span class='ocrx_word' id='word_1_949' title='bbox 2377 5416 2530 5451; x_wconf 88' lang='grc' dir='ltr'>κοτον</span> <span class='ocrx_word' id='word_1_950' title='bbox 2559 5397 2663 5450; x_wconf 85' lang='grc' dir='ltr'>τῶν</span> <span class='ocrx_word' id='word_1_951' title='bbox 2699 5395 3010 5468; x_wconf 81' lang='grc' dir='ltr'>ἀνθρώπων.</span> <span class='ocrx_word' id='word_1_952' title='bbox 3054 5397 3160 5450; x_wconf 78' lang='grc' dir='ltr'>Καὶ</span> <span class='ocrx_word' id='word_1_953' title='bbox 3194 5395 3339 5449; x_wconf 83' lang='grc' dir='ltr'>ὅταν</span> <span class='ocrx_word' id='word_1_954' title='bbox 3372 5388 3710 5458; x_wconf 67' lang='grc' dir='ltr'>πληθυνθῇ,</span> <span class='ocrx_word' id='word_1_955' title='bbox 3755 5392 3958 5462; x_wconf 78' lang='grc' dir='ltr'>φησὶν,</span> 
     </span>
    </p>
   </div>
   <div class='ocr_carea' id='block_1_123' title="bbox 2377 5477 3957 5554">
    <p class='ocr_par' dir='ltr' id='par_1_123' title="bbox 2377 5477 3957 5554">
     <span class='ocr_line' id='line_1_123' title="bbox 2377 5477 3957 5554; baseline -0.003 -14"><span class='ocrx_word' id='word_1_956' title='bbox 2377 5488 2414 5554; x_wconf 79' lang='grc' dir='ltr'><strong>ἠ</strong></span> <span class='ocrx_word' id='word_1_957' title='bbox 2461 5486 2695 5554; x_wconf 75' lang='grc' dir='ltr'>ἀνομία,</span> <span class='ocrx_word' id='word_1_958' title='bbox 2756 5483 3091 5553; x_wconf 70' lang='grc' dir='ltr'>ψυγήσεται</span> <span class='ocrx_word' id='word_1_959' title='bbox 3142 5485 3179 5552; x_wconf 81' lang='grc' dir='ltr'><strong><em>ή</em></strong></span> <span class='ocrx_word' id='word_1_960' title='bbox 3233 5481 3429 5552; x_wconf 79' lang='grc' dir='ltr'>ἀγάπη</span> <span class='ocrx_word' id='word_1_961' title='bbox 3494 5477 3610 5533; x_wconf 80' lang='grc' dir='ltr'>τῶν</span> <span class='ocrx_word' id='word_1_962' title='bbox 3668 5479 3957 5536; x_wconf 51' lang='grc' dir='ltr'>πολιῶν.</span> 
     </span>
    </p>
   </div>
   <div class='ocr_carea' id='block_1_124' title="bbox 2438 5652 3592 5722">
    <p class='ocr_par' dir='ltr' id='par_1_124' title="bbox 2438 5652 3592 5722">
     <span class='ocr_line' id='line_1_124' title="bbox 2438 5652 3592 5722; baseline -0.01 -10"><span class='ocrx_word' id='word_1_963' title='bbox 2438 5661 2464 5691; x_wconf 84' lang='grc'><strong><em>⁸</em></strong></span> <span class='ocrx_word' id='word_1_964' title='bbox 2495 5657 2553 5711; x_wconf 86' lang='grc' dir='ltr'>Ὃ</span> <span class='ocrx_word' id='word_1_965' title='bbox 2577 5659 2760 5722; x_wconf 65' lang='grc' dir='ltr'>χαλκός.</span> <span class='ocrx_word' id='word_1_966' title='bbox 2778 5659 3060 5710; x_wconf 70' lang='lat' dir='ltr'>Audendum</span> <span class='ocrx_word' id='word_1_967' title='bbox 3084 5661 3107 5707; x_wconf 78' lang='grc' dir='ltr'>ό</span> <span class='ocrx_word' id='word_1_968' title='bbox 3131 5657 3342 5720; x_wconf 69' lang='grc' dir='ltr'>ἄργυρος,</span> <span class='ocrx_word' id='word_1_969' title='bbox 3364 5657 3387 5704; x_wconf 83' lang='grc' dir='ltr'><strong>ὀ</strong></span> <span class='ocrx_word' id='word_1_970' title='bbox 3407 5652 3592 5718; x_wconf 75' lang='grc' dir='ltr'>χρυσός.</span> 
     </span>
    </p>
   </div>
  </div>
