4144 6308
197 312 326 367 205

190 427 329 471 ante
357 430 652 471 sermonem
682 415 1027 485 aggrediatur,
1051 428 1204 486 quam
1240 429 1413 485 regem
1435 414 1708 471 abduxerit
1734 430 1766 469 a

195 522 398 575 magna
425 522 579 572 quam
604 506 668 560 de
695 507 807 574 ipso
828 505 1018 560 habere
1046 506 1302 574 potuisset
1328 506 1609 575 opinione?
1627 504 1769 571 Quo-

194 596 366 648 modo
389 596 542 664 igitur
570 595 789 663 gloriam
817 604 1090 649 venaretur
1131 594 1332 659 Daniel,
1366 595 1453 662 qui
1480 595 1639 650 etiam
1666 593 1763 649 da-

198 692 316 735 tam
346 684 589 752 repellit?
615 684 680 738 Et
707 700 811 738 non
844 683 976 738 dixit
1001 702 1015 737 :
1043 684 1297 749 Quoniam
1325 684 1487 739 Deum
1522 698 1762 748 veneror,

193 777 458 843 quoniam
492 776 559 827 illi
584 776 703 843 plus
723 790 876 843 quam
916 774 1091 827 cancri
1118 776 1314 839 servio,
1354 774 1479 828 mihi
1515 775 1765 828 revelatio

194 864 344 918 facta
374 877 459 921 est
486 884 500 918 :
528 866 639 927 sed,
670 865 736 920 Ut
764 874 819 918 tu
848 865 1080 919 disceres
1108 865 1245 933 quod
1274 865 1605 919 utilissimum
1629 874 1760 918 erat.

196 954 341 1010 Illud
371 958 534 1020 enim,
561 957 713 1010 etiam
755 956 867 1024 ipso
894 969 995 1008 non
1022 956 1246 1018 dicente,
1275 959 1326 1009 in
1362 965 1591 1009 mentem
1618 955 1765 1009 audi-

196 1058 381 1104 torum
397 1051 609 1103 veniret.
632 1049 717 1102 3i.
745 1066 761 1098 ι
787 1048 862 1101 Tu
883 1063 972 1101 rex
991 1047 1222 1112 videbas,
1237 1056 1289 1102 et
1302 1062 1425 1101 ecce
1446 1048 1615 1113 imago
1634 1061 1756 1111 una,

195 1140 381 1209 imago
398 1140 484 1193 illa
505 1154 706 1208 magna,
726 1148 777 1193 et
792 1146 1031 1206 aspectus
1056 1137 1195 1191 illius
1217 1137 1454 1193 sublimis
1470 1148 1615 1192 stans
1631 1147 1753 1191 ante

196 1231 394 1286 faciem
413 1241 575 1295 tuam,
591 1241 643 1286 et
663 1215 878 1285 intuitus
904 1230 1018 1299 ejus
1039 1230 1301 1285 terribilis.
1317 1229 1404 1284 32.
1421 1230 1594 1299 imago
1614 1230 1761 1298 cujus

195 1332 365 1392 caput
388 1340 452 1377 ex
490 1338 616 1377 auro
643 1338 806 1393 puro;
839 1336 1025 1376 manus
1065 1322 1226 1389 ipsius
1253 1331 1307 1376 et
1342 1330 1526 1391 pectus
1557 1330 1605 1375 et
1636 1320 1759 1374 bra-

195 1412 321 1466 chia
354 1412 470 1481 ejus
493 1421 767 1481 argentea;
799 1420 982 1466 venter
1007 1411 1145 1465 illius
1174 1418 1227 1465 et
1250 1410 1449 1465 femora
1473 1424 1608 1464 aerea
1630 1427 1643 1474 ;
1667 1410 1754 1465 35.

197 1504 351 1557 tibia:
392 1502 608 1566 ferreae;
635 1502 825 1572 pedes,
875 1515 995 1569 pars
1039 1499 1248 1569 quidem
1285 1499 1523 1569 quaedam
1565 1498 1755 1562 ferrea,

194 1609 325 1661 pars
342 1601 518 1647 autem
534 1591 766 1661 quaedam
792 1599 1035 1645 testacea.
1068 1608 1086 1640 ι
1124 1588 1251 1643 Vide
1275 1589 1416 1659 quali
1447 1588 1645 1642 visione
1673 1587 1755 1641 di-

192 1692 395 1751 gnatus
424 1680 579 1735 fuerit
619 1679 1115 1734 Nabuchodonosor.
1157 1677 1589 1747 Quandoquidem
1617 1678 1755 1731 enim

196 1773 251 1824 in
273 1779 463 1840 gentes
488 1769 743 1839 evangelii
769 1768 1082 1838 praeconium
1107 1768 1451 1837 spargendum
1470 1776 1602 1833 erat,
1622 1767 1758 1821 visio

196 1862 373 1915 inulto
408 1872 530 1915 ante
558 1861 801 1929 gentilem
843 1859 1175 1913 traditionem
1205 1858 1434 1923 inhibet;
1466 1866 1520 1912 et
1545 1858 1596 1911 in
1619 1866 1755 1911 terra

193 1952 386 2021 gentili
434 1953 692 2007 somnium
738 1951 975 2016 videtur,
1022 1950 1212 2017 templo
1246 1964 1464 2014 everso,
1506 1948 1755 2019 legalibus

195 2042 443 2095 sublatis.
486 2042 851 2095 Verumtamen
896 2055 989 2109 per
1020 2039 1267 2093 liebrmos
1304 2039 1611 2108 explicatur.
1644 2039 1757 2095 Etsi

194 2134 345 2185 enim
370 2134 419 2185 in
448 2133 663 2200 gentiles
692 2129 1136 2185 disseminandum
1166 2138 1304 2184 esset
1322 2129 1671 2198 evangelium,
1697 2137 1754 2184 at

195 2236 295 2288 per
326 2221 573 2276 llebrznos
596 2221 754 2286 viros,
783 2235 970 2289 nempe
989 2220 1271 2289 apostolos,
1299 2221 1348 2274 id
1369 2219 1598 2274 futurum
1620 2230 1751 2274 erat.

198 2310 318 2364 Hoc
345 2319 397 2365 et
434 2311 484 2363 in
532 2309 775 2363 Cornelio
803 2310 1035 2379 contigit.
1082 2310 1389 2364 Praecedunt
1414 2318 1615 2379 gentes.
1648 2325 1751 2363 non

194 2408 384 2455 autem
432 2410 735 2469 sequuntur.
784 2400 855 2454 ita
894 2410 946 2455 et
984 2400 1069 2455 hic
1104 2402 1378 2471 imaginem
1409 2404 1605 2472 primus
1629 2403 1755 2456 vidit

194 2491 702 2555 Nabuchodonosor,
751 2493 984 2545 notitiam
1028 2508 1149 2546 vero
1193 2494 1391 2560 primus
1430 2494 1626 2562 accepit
1658 2495 1755 2546 Da-

196 2583 331 2635 niel.
367 2582 432 2635 Et
465 2590 520 2634 ut
556 2596 840 2650 cognoscas
881 2583 1016 2650 quod
1055 2592 1108 2637 et
1153 2584 1305 2651 primi
1352 2592 1405 2637 et
1438 2586 1753 2652 posteriores

193 2682 328 2725 sunt
355 2671 518 2725 ,ιιιόωὶ
551 2690 562 2724 :
595 2674 743 2739 primi
784 2674 973 2741 quippe
1009 2673 1141 2726 bona
1168 2684 1492 2743 acceperant,
1525 2674 1616 2729 sed
1656 2691 1753 2731 ne-

194 2762 440 2815 sciebant
462 2762 583 2830 quid
611 2764 949 2831 accepissent,
986 2773 1041 2817 ut
1072 2780 1162 2832 par
1199 2766 1439 2834 utrinque
1482 2766 1650 2821 fieret.
1678 2767 1751 2820 ita

190 2864 249 2904 et
276 2852 387 2905 illic
416 2863 533 2906 ante
558 2852 869 2921 baptismum
896 2854 1091 2923 Spiritu
1119 2855 1314 2921 dignati
1342 2867 1479 2910 sunt.
1508 2856 1596 2911 Sic
1622 2866 1677 2911 et
1702 2858 1753 2911 in

194 2942 507 2995 Abrahamo
545 2944 707 3010 prima
747 2943 841 2996 fuit
873 2944 958 2997 illa
990 2946 1269 2999 multitudo
1293 2947 1546 3015 gentium,
1574 2958 1751 3017 poste-

192 3033 316 3085 rior
338 3046 463 3085 vero
490 3032 812 3086 circumcisio
842 3050 854 3086 :
882 3032 974 3086 sed
996 3048 1088 3100 per
1112 3035 1565 3090 circumcisionem
1592 3039 1755 3090 salus.

195 3123 333 3176 llzec
354 3123 535 3177 millies
563 3123 827 3191 prophetae
866 3124 1059 3178 Judzeis
1090 3125 1352 3189 dixerunt,
1374 3137 1427 3180 et
1458 3127 1558 3181 nisi
1593 3129 1754 3182 multa

192 3212 344 3283 apud
374 3226 469 3265 vos
492 3220 631 3266 esset
655 3212 887 3279 tarditas,
915 3214 1070 3267 etiam
1103 3214 1187 3268 ubi
1215 3224 1267 3269 et
1292 3215 1498 3284 quando
1516 3218 1754 3285 aperuis-

193 3319 342 3356 sem.
388 3301 667 3371 Postquam
712 3313 886 3356 autem
933 3318 1035 3357 non
1080 3304 1433 3371 attenderunt,
1471 3307 1657 3360 transit
1689 3306 1755 3360 ad

192 3403 387 3460 gentes
412 3393 675 3461 deinceps.
705 3393 824 3447 Haec
844 3394 999 3447 verba
1027 3393 1190 3448 Judai
1217 3396 1507 3457 audientes,
1532 3396 1756 3467 despue-

194 3485 334 3537 bant
373 3500 385 3534 :
424 3482 634 3551 gentilis
668 3497 785 3535 cum
824 3482 1086 3548 audisset,
1126 3482 1378 3537 adoravit.
1420 3484 1648 3538 Adverte
1692 3499 1754 3540 ea

193 3576 363 3625 etiam
388 3587 499 3640 qua:
527 3572 623 3625 sub
660 3570 865 3624 Christo
889 3572 1219 3639 contigerunt
1241 3571 1464 3627 describi
1504 3588 1596 3640 per
1622 3572 1754 3641 ligu-

196 3676 312 3714 ras.
340 3660 633 3715 Chananaea
670 3660 847 3713 adorat
878 3676 890 3711 :
917 3658 1081 3713 Judaei
1113 3671 1312 3725 contra,
1356 3661 1629 3714 Dominum
1656 3661 1758 3716 sci-

199 3752 326 3805 licet
349 3751 636 3818 expellunt.
674 3749 747 3802 Ita
776 3758 828 3803 et
852 3748 936 3802 hic
966 3748 1131 3803 Judaei
1157 3749 1435 3803 Jeremiam
1472 3751 1523 3803 in
1553 3752 1755 3805 vincula

198 3843 595 3911 eonjecerunt:
652 3840 1130 3895 Nabuchodonosor
1180 3839 1415 3895 adoravit
1466 3842 1752 3895 Danielem.

202 3934 408 3987 Rursus
457 3932 623 3988 Judaei
665 3932 928 4000 apostolos
961 3931 1211 4000 ejiciunt:
1251 3931 1419 3987 Grmci
1466 3942 1640 3987 autem
1678 3934 1757 3986 di.

197 4033 327 4077 cunt
345 4022 456 4076 :Dii
477 4022 832 4076 descenderunt
851 4022 918 4075 ad
937 4038 1025 4076 nos
1048 4023 1182 4091 (Act.
1216 4024 1300 4076 Η.
1330 4023 1437 4093 i0).
1462 4023 1593 4076 Cum
1614 4025 1753 4079 enim

195 4115 455 4183 judicium
482 4114 594 4167 sine
623 4113 809 4167 aﬂ’ectu
831 4114 1015 4177 fertur,
1045 4114 1397 4181 incorruptum
1429 4123 1527 4177 est,
1561 4130 1622 4167 ac
1644 4116 1753 4169 sin-

199 4220 409 4260 cerum.
443 4203 601 4257 Vides
630 4212 781 4272 typos
812 4204 1123 4257 coruscare?
1161 4203 1215 4256 in
1248 4203 1513 4273 Babylone
1537 4219 1653 4271 qua:
1688 4204 1753 4257 ad

200 4296 474 4349 Christum
505 4302 743 4363 spectant
763 4294 1058 4357 audiuntur,
1091 4303 1142 4348 et
1170 4294 1420 4348 barbarus
1444 4296 1649 4349 auditor
1676 4295 1751 4362 fit,

200 4400 251 4441 ut
288 4386 543 4456 intelligas
578 4401 679 4439 non
710 4385 864 4438 modo
897 4385 1133 4453 gentiles,
1172 4385 1263 4439 sed
1302 4395 1354 4440 et
1380 4386 1629 4441 barbaros
1658 4388 1754 4440 ista

198 4494 319 4533 esse
358 4477 648 4539 audituros,
693 4475 1131 4545 quemadmodum
1173 4476 1363 4531 Paulus
1401 4478 1473 4530 ait
1510 4496 1522 4531 :
1555 4478 1756 4531 Debitor

198 4584 310 4620 sum
332 4576 387 4619 ut
411 4566 713 4634 evangelium
743 4565 1003 4630 prwdicem
1028 4563 1215 4617 Graecis
1243 4582 1300 4617 ac
1328 4564 1549 4617 barbaris
1577 4566 1750 4633 (Rom.

198 4660 251 4713 l.
283 4657 395 4725 14).
448 4656 511 4709 Et
548 4670 613 4708 ne
653 4654 928 4722 desperes,
985 4669 1130 4723 spem
1169 4654 1393 4708 delineat
1430 4669 1492 4708 ac
1525 4656 1750 4723 subjicit.

198 4745 352 4811 Quod
394 4745 531 4798 enim
581 4744 762 4797 aberat
806 4743 1270 4811 impedimentum?
1316 4744 1501 4798 Fastus
1542 4745 1749 4813 regalis,

202 4836 411 4893 indoles
451 4835 561 4902 ipsa
598 4834 887 4898 barbarica,
923 4833 1184 4901 loquentis
1226 4833 1427 4897 vilitas;
1456 4844 1569 4888 erat.
1614 4835 1751 4887 enim

202 4926 475 4995 captivus;
508 4933 633 4976 mtas
668 4939 681 4974 :
715 4932 828 4976 erat
855 4922 1091 4990 juvenis;
1132 4923 1313 4991 religio
1349 4920 1537 4976 aliena.
1574 4922 1755 4990 Neque

203 5030 294 5068 rex
324 5012 459 5067 dixit
486 5029 497 5063 :
532 5010 605 5064 Te
647 5020 728 5061 tua
758 5010 1042 5077 prtevidere
1086 5010 1333 5078 oportuit,
1377 5010 1521 5064 urbis
1550 5018 1650 5063 tuae
1679 5011 1754 5061 vi-

200 5105 395 5158 delicet
418 5102 767 5169 captivitatem
804 5118 815 5151 :
848 5100 931 5152 illa
964 5101 1229 5167 ignorasti,
1260 5109 1313 5154 ct
1339 5101 1450 5153 hanc
1476 5100 1752 5168 przedicis?

197 5192 397 5260 ingrati
433 5192 574 5245 enim
617 5190 685 5242 ita
727 5188 864 5256 loqui
906 5189 1073 5242 solent
1119 5206 1131 5241 :
1171 5188 1452 5255 Oportebat
1487 5188 1751 5241 Christum

200 5283 433 5351 seipsum
463 5280 759 5331 suscitasse.
788 5275 934 5341 Quod
964 5276 1155 5329 dictum
1187 5276 1281 5329 fuit
1307 5277 1510 5330 eversio
1533 5284 1644 5329 erat
1670 5292 1755 5329 re-

200 5376 289 5440 gni
317 5370 638 5440 Babylonici,
670 5378 722 5422 et
747 5369 1121 5422 consummatio
1163 5370 1319 5422 totius
1343 5369 1501 5423 orbis.
1543 5369 1609 5422 Et
1636 5384 1751 5424 cre-

199 5464 335 5519 didit
373 5458 874 5515 Nabuchodonosor.
906 5458 1081 5526 Neque
1107 5459 1265 5523 enim,
1306 5458 1404 5513 nisi
1425 5459 1750 5525 credidisset,

198 5554 549 5609 sacrificasset
576 5549 794 5603 Danieli.
822 5548 998 5602 Credit
1026 5548 1500 5605 Nabuchodonosor
1526 5550 1596 5619 (t‘.
1628 5551 1748 5620 46);

197 5644 409 5713 quidam
430 5650 605 5695 autem
627 5655 729 5695 non
746 5638 972 5696 credunt.
1000 5638 1215 5709 Propter
1242 5639 1339 5695 hoc
1358 5639 1535 5697 multa:
1557 5640 1745 5706 praedi-

1565 300 1629 357 IN
1671 301 2031 361 DANIELEM.

3321 331 3434 389 206

1871 422 2072 478 etiones
2090 424 2299 480 flebant.
2319 425 2373 484 Si
2396 424 2498 483 illan
2520 439 2761 486 eventum
2788 446 2891 489 non
2920 433 3232 502 habuerunt,
3265 450 3435 505 neque

1872 511 1953 567 his
1968 513 2145 569 crede.
2160 513 2233 569 Ne
2248 526 2421 572 autem
2442 520 2636 575 diutius
2656 537 2949 578 sermonem
2970 524 3247 579 obscurum
3276 526 3433 579 facin-

1871 618 2007 668 mus,
2030 618 2126 674 age
2150 621 2269 660 eum
2288 610 2433 665 vobis
2462 611 2884 682 interpretemur.
2903 616 3144 685 Quinque
3171 616 3301 670 vidit
3323 632 3433 669 nia-

1874 690 2048 757 terias,
2077 708 2283 761 aurum,
2311 707 2603 766 argentum,
2630 716 2723 762 as,
2748 702 2963 767 ferrum,
2994 712 3201 758 testam.
3232 705 3429 759 Deinde

1871 790 1976 835 tota
1995 783 2163 853 imago
2183 794 2388 856 tempus
2406 797 2489 842 est
2507 797 2561 844 et
2578 792 2828 861 temporis
2838 795 3228 862 consequentia.
3255 794 3321 849 Et
3343 810 3429 849 re-

1868 882 1950 928 cte
1966 873 2094 927 dixit
2116 893 2128 928 :
2147 874 2344 945 Imago.
2368 877 2583 948 imagini
2605 880 2859 950 siquidem
2871 883 3067 938 similes
3087 893 3211 939 sunt
3232 899 3316 938 res
3334 898 3429 939 no-

1867 971 2014 1027 strze,
2038 964 2242 1032 imagini
2272 966 2587 1021 inanimatae.
2610 967 2679 1022 Et
2696 969 3009 1042 beneimago
3031 988 3097 1025 ex
3120 987 3269 1027 auro.
3282 972 3427 1029 Sicut

1867 1052 2006 1105 enim
2032 1068 2217 1107 aurum
2234 1056 2439 1112 etiamsi
2460 1058 2790 1125 splendidum
2821 1061 2909 1127 sit,
2928 1070 3143 1117 tamene
3164 1071 3301 1117 terra
3313 1064 3421 1118 ori-

1868 1150 1951 1194 tur
1971 1158 1986 1195 :
2004 1142 2077 1195 sic
2090 1144 2248 1197 etiam
2263 1155 2443 1200 natura
2467 1159 2666 1213 nostra,
2682 1159 2840 1219 atque
2850 1165 2935 1204 res
2950 1151 3210 1209 humanm.
3229 1154 3294 1208 Et
3308 1154 3425 1209 vide

1866 1240 1921 1284 ut
1942 1232 2109 1300 pulvis
2136 1233 2225 1286 fiat
2243 1274 2257 1295 ,
2297 1238 2439 1303 quod
2464 1237 2665 1291 scilicet
2688 1248 2801 1293 erat
2827 1249 3001 1295 antea.
3032 1241 3185 1311 Atqui
3213 1243 3264 1297 id
3292 1244 3425 1311 lapis

1866 1336 2148 1392 numquam
2194 1324 2394 1380 fecerit.
2450 1328 2739 1385 Conterere
2784 1332 2996 1401 quidem
3049 1343 3221 1403 potest
3268 1334 3419 1403 lapis,

1862 1412 2205 1469 substantiam
2247 1428 2369 1472 vero
2392 1430 2700 1475 convertere
2729 1436 2830 1476 non
2871 1431 3064 1491 potest.
3110 1424 3221 1480 Hoc
3248 1434 3420 1481 tamen

1862 1504 2099 1573 contigit.
2144 1504 2447 1577 Mysterium
2484 1511 2882 1566 resurrectionis
2909 1512 3075 1567 vides.
3117 1513 3248 1569 Cum
3278 1517 3418 1571 enim

1862 1609 2085 1662 corpora
2110 1606 2287 1650 nostra
2318 1598 2369 1652 in
2397 1598 2655 1654 elementa
2688 1601 3020 1656 resolvuntur
3041 1643 3056 1667 ,
3101 1613 3154 1657 et
3180 1604 3244 1658 ad
3284 1606 3420 1659 anti-

1860 1700 2015 1753 quam
2061 1684 2283 1739 redeunt
2326 1696 2599 1753 naturam,
2645 1699 2837 1743 terrain
2867 1690 3016 1755 dico,
3056 1700 3179 1747 tunc
3206 1692 3419 1748 advenit

1860 1775 2147 1842 corruptio.
2182 1774 2305 1830 Haec
2333 1784 2505 1829 autem
2531 1780 2705 1831 omnia
2732 1780 2864 1848 lapis
2884 1780 3059 1835 efﬁcit.
3092 1781 3269 1851 itaque
3297 1798 3415 1837 cum

1858 1864 2053 1919 videris
2078 1865 2354 1934 imaginem
2381 1882 2447 1922 ex
2476 1868 2697 1923 diversis
2728 1872 2959 1925 materiis
2986 1881 3331 1940 constantem,
3364 1883 3418 1928 et

1860 1954 1997 2007 illius
2023 1956 2230 2023 quidem
2257 1966 2412 2025 caput
2437 1960 2785 2025 splendidum,
2819 1971 2998 2028 pectus
3018 1977 3142 2016 vero
3158 1962 3410 2029 deterius,

1857 2053 1911 2098 et
1940 2054 2173 2099 ventrem
2215 2045 2577 2115 ignobiliorem
2596 2090 2610 2114 ,
2653 2059 2707 2103 et
2734 2050 2887 2105 tibias
2915 2052 3123 2105 viliores
3146 2092 3161 2116 ,
3193 2053 3415 2107 diversi-

1856 2140 2016 2189 tatem
2047 2133 2182 2189 hanc
2212 2135 2262 2188 in
2284 2135 2399 2189 solo
2421 2145 2635 2206 aspectu
2661 2138 2811 2191 sitam
2829 2153 2945 2193 esse
2965 2140 3226 2194 existima.
3247 2140 3411 2195 Unius

1856 2222 2048 2290 quippe
2092 2223 2431 2292 ejusdemque
2482 2226 2785 2281 substantiae
2834 2228 3008 2283 omnia
3054 2239 3202 2293 sunt;
3260 2231 3413 2299 idque

1857 2319 2081 2366 testatur
2108 2312 2246 2374 linis,
2274 2314 2362 2382 qui
2393 2314 2444 2368 in
2483 2314 2752 2383 pulverem
2781 2326 2963 2371 cuncta
2994 2316 3248 2371 dissolvit.
3296 2318 3409 2373 Non

1858 2416 2013 2471 parva
2040 2412 2121 2455 est
2145 2403 2243 2457 ista
2271 2404 2621 2472 pliil0$ophia.
2670 2404 2915 2459 Animum
2943 2406 3156 2461 adverte
3185 2406 3251 2461 ad
3278 2410 3411 2463 hanc

1858 2491 2259 2561 philosophiam,
2282 2494 2549 2547 etarebus
2568 2509 2684 2562 qua:
2707 2504 2826 2549 ante
2846 2495 3025 2550 oculos
3046 2498 3409 2560 obversantur,

1855 2582 1923 2634 ab
1949 2582 2237 2650 imperante
2266 2583 2528 2637 deducens
2554 2598 2753 2651 regem,
2783 2583 2973 2640 deinde
2996 2585 3298 2655 prmfectum
3323 2589 3410 2657 qui

1857 2680 1976 2739 post
2000 2686 2174 2740 regem
2192 2680 2338 2726 estet
2360 2673 2449 2726 εει-ἰ
2480 2674 2778 2741 reSpondet,
2811 2674 2933 2727 item
2960 2689 3051 2729 eos
3070 2675 3158 2744 qui
3185 2690 3412 2745 sequun-

1857 2770 1959 2823 tur,
1978 2761 2167 2831 quique
2190 2770 2244 2816 ut
2266 2763 2451 2817 iletiles
2468 2778 2530 2819 ac
2555 2762 2709 2817 ferrei
2735 2774 3193 2831 repraesentantur.
3220 2767 3407 2821 Verum

1857 2850 1899 2903 si
1924 2850 1989 2903 ad
2014 2852 2308 2919 sepulcrum
2339 2852 2546 2906 veneris
2566 2892 2579 2915 ,
2611 2851 2816 2906 etiamsi
2843 2852 3137 2908 sexcenties
3166 2854 3237 2907 ibi
3277 2871 3410 2923 quo-

1858 2955 1959 3009 que
1984 2941 2087 2994 vim
2118 2941 2290 2995 facere
2316 2941 2589 2995 videantur
2608 2984 2622 3009 ,
2653 2941 2775 2996 dum
2804 2956 3018 2997 auream
3046 2959 3230 2998 urnam
3258 2946 3412 3001 ador-

1857 3043 2016 3100 nant,
2056 3034 2277 3102 aspicies
2304 3043 2475 3089 tamen
2507 3036 2713 3090 illorum
2738 3035 2975 3089 eamdem
3005 3051 3121 3091 esse
3146 3046 3411 3091 naturam.

1858 3125 2051 3179 lterum
2073 3126 2198 3179 mihi
2220 3125 2492 3180 considera
2513 3125 2727 3180 divitem
2755 3127 2899 3179 illum
2928 3136 2981 3182 et
3000 3128 3225 3182 vinctum
3245 3127 3412 3195 (Pau-

1860 3214 1979 3283 Ius);
2002 3216 2122 3269 item
2158 3215 2300 3269 illum
2325 3217 2537 3269 divitem
2564 3226 2616 3271 et
2642 3216 2708 3269 ad
2730 3226 2913 3270 testam
2939 3232 3101 3286 usque
3131 3232 3411 3286 pauperem

1858 3306 2060 3374 (Iebus)
2092 3325 2105 3359 :
2133 3314 2287 3374 atque
2338 3307 2578 3360 universa
2624 3306 2891 3375 pulverem
2936 3321 3054 3362 esse
3100 3310 3409 3378 conspicies.

1861 3396 2049 3450 Verum
2071 3395 2308 3448 observa.
2327 3395 2439 3449 Non
2463 3396 2605 3463 prius
2618 3402 2805 3451 cuncta
2834 3397 2999 3463 pulvis
3012 3412 3127 3451 esse
3144 3399 3251 3451 visa
3269 3410 3408 3462 sunt,

1856 3499 2013 3553 quam
2052 3482 2182 3551 lapis
2202 3484 2510 3538 decidisset.
2543 3485 2627 3538 δι.
2661 3502 2679 3534 ι
2707 3484 2930 3538 Videbas
2958 3485 3127 3538 donec
3149 3485 3413 3541 abscissus

1858 3582 1939 3627 cst
1964 3574 2092 3641 lapis
2112 3572 2176 3627 de
2201 3583 2379 3626 monte
2400 3614 2413 3635 ,
2444 3575 2558 3626 sine
2598 3573 2837 3627 manibus
2862 3590 2877 3625 :
2906 3581 2959 3627 et
2986 3576 3245 3642 percussit
3282 3576 3413 3629 ima-

1857 3664 2053 3732 ginem,
2097 3672 2151 3716 et
2177 3662 2338 3731 pedes
2375 3662 2576 3716 ferreos
2604 3678 2666 3717 ac
2689 3672 2946 3717 testaceos
2977 3681 2989 3716 :
3029 3673 3081 3717 et
3105 3664 3413 3719 comminuit

1857 3768 1949 3809 eos
1973 3754 2024 3807 in
2051 3755 2225 3807 finem.
2251 3753 2336 3807 55.
2360 3754 2506 3807 Tunc
2526 3754 2842 3808 comminuta
2872 3764 2993 3807 sunt
3016 3755 3227 3808 omnino
3259 3764 3410 3818 testa,

1858 3841 2090 3907 ferrum,
2128 3856 2236 3907 ms,
2278 3850 2549 3909 argentum
2577 3882 2593 3907 ,
2620 3856 2803 3894 aurum
2837 3859 2849 3894 :
2879 3852 2932 3896 et
2955 3841 3089 3895 facta
3117 3852 3237 3895 sunt
3262 3846 3431 3911 quasi,

1856 3932 2027 4001 pulvis
2059 3931 2126 3984 de
2163 3946 2285 3983 area
2310 3931 2487 3983 aestiva
2518 3947 2531 3983 :
2558 3938 2611 3983 et
2647 3929 2831 3983 extulit
2855 3945 2914 3983 ea
2941 3931 3216 3984 multitudo
3245 3934 3409 3996 venti,

1857 4030 1912 4075 et
1951 4021 2093 4073 locus
2134 4034 2237 4073 non
2277 4027 2358 4072 est
2400 4020 2641 4073 inventus
2687 4019 2807 4073 illis.
2842 4037 2859 4070 ι
2905 4020 3019 4074 Νοη
3048 4022 3189 4074 enim
3230 4037 3409 4078 earum

1858 4124 2031 4163 rerum
2072 4118 2257 4162 natura
2283 4109 2487 4176 cognita
2525 4108 2639 4174 fuit,
2679 4108 2846 4163 donec
2874 4111 2949 4163 sol
2974 4109 3189 4178 justitire
3210 4121 3289 4164 est
3317 4126 3411 4164 ex-

1857 4212 2003 4256 ortus
2034 4221 2045 4255 :
2076 4203 2192 4272 quia
2215 4216 2397 4254 aurum
2426 4217 2527 4254 non
2556 4217 2741 4255 aurum
2767 4210 2865 4255 est.
2918 4201 3044 4255 Vide
3079 4210 3254 4259 autem
3277 4212 3330 4255 ct
3358 4203 3409 4255 in

1857 4292 1953 4345 hac
1975 4292 2083 4360 ipsa
2106 4306 2163 4345 re
2188 4307 2289 4343 non
2306 4299 2425 4359 post
2439 4291 2823 4351 contritioncm,
2852 4289 2945 4342 sed
2966 4290 3221 4348 stantibus
3240 4290 3410 4343 adhuc

1856 4381 2121 4446 omnibus,
2164 4381 2358 4433 nullam
2388 4381 2657 4433 materiam
2684 4380 2786 4433 alia
2823 4394 2939 4433 esse
2967 4380 3405 4449 praestantiorem.

1858 4472 2007 4537 Vide,
2034 4482 2086 4526 et
2114 4480 2347 4538 aspectu,
2378 4480 2430 4525 et
2458 4478 2705 4538 tempore,
2737 4482 2787 4524 et
2811 4471 3057 4539 qualitate
3084 4480 3285 4525 tantum
3316 4471 3410 4525 has

1857 4560 1957 4613 illis
1982 4574 2098 4613 esse
2124 4559 2388 4611 meliores.
2437 4558 2559 4612 Ideo
2584 4560 2725 4612 enim
2745 4559 2879 4613 Deus
2906 4575 3088 4617 aurum
3113 4575 3319 4630 quoque
3343 4562 3409 4615 de

1858 4662 1993 4705 terra
2024 4650 2163 4713 fecit,
2187 4650 2389 4703 utnihil
2409 4665 2661 4719 magnum
2680 4651 2745 4704 de
2773 4651 2863 4706 illo
2888 4652 3205 4723 imagineris.
3238 4654 3409 4721 Quare

1856 4751 2029 4795 autem
2055 4756 2269 4808 regnum
2299 4740 2825 4796 Nabuchodonosoris
2844 4752 2996 4798 vocat
3024 4760 3260 4809 aureum,
3284 4745 3385 4797 Per

1856 4846 2029 4883 sarum
2054 4838 2227 4883 autem
2257 4840 2578 4900 argenteum,
2606 4831 2950 4886 Macedonum
2975 4849 3189 4896 azreum,
3218 4834 3407 4887 Romae

1857 4934 2041 4973 norum
2094 4919 2324 4975 ferreum
2381 4931 2539 4990 atque
2586 4924 2908 4975 testaceum?
2956 4923 3082 4975 Vide
3130 4923 3411 4993 dispositas

1855 5009 2230 5063 convenienter
2258 5012 2521 5063 materias.
2572 5010 2700 5064 Nam
2730 5025 2912 5064 aurum
2951 5011 3158 5068 divitias
3195 5014 3407 5082 quidem

1857 5108 2237 5166 reprmsentat:
2271 5099 2551 5153 invalidum
2592 5108 2673 5153 est
2710 5109 2916 5163 autem,
2961 5110 3017 5155 et
3062 5102 3127 5155 ad
3170 5102 3406 5157 fraudem

1855 5200 2010 5257 atque
2036 5190 2101 5242 ad
2137 5197 2375 5242 ornatum
2404 5204 2466 5243 ac
2508 5189 2949 5257 magnificentiam
2990 5192 3156 5260 magis
3196 5208 3406 5246 accom-

1857 5278 2144 5331 modatum.
2186 5277 2271 5331 Sic
2305 5286 2357 5331 et
2395 5293 2609 5345 regnum
2642 5278 2983 5346 Babylonium
3012 5280 3215 5333 barbari
3246 5282 3404 5335 illius.

1857 5369 2071 5423 Multum
2094 5383 2256 5439 penes
2292 5368 2463 5437 ipsum
2491 5378 2543 5423 et
2572 5370 2710 5437 apud
2739 5371 2987 5425 barbaros
3008 5381 3121 5425 erat
3146 5373 3255 5424 auri
3289 5390 3301 5423 ε
3336 5372 3406 5424 ibi

1858 5474 2081 5528 namque
2127 5459 2363 5513 feruntur
2410 5474 2528 5513 esse
2585 5460 2813 5514 metalla.
2870 5461 3071 5514 Etenim
3120 5476 3152 5513 a
3187 5461 3404 5515 Seribus

1856 5550 2050 5604 diviti-.2
2076 5566 2276 5621 magna:
2307 5558 2607 5619 portantur,
2645 5551 2737 5605 sed
2773 5552 2998 5605 inutiles.
3034 5550 3199 5619 Caput
3229 5560 3405 5604 autem

1862 5647 2117 5707 occupat,
2161 5640 2279 5710 quia
2307 5656 2523 5713 regnum
2563 5640 2687 5697 illud
2716 5641 2808 5696 fuit
2837 5640 3079 5713 primum.
3132 5640 3405 5702 Persarum
