4144 6308
203 301 324 361 209

202 407 470 477 originem
502 408 718 466 duxisse
757 424 821 466 ex
868 424 1065 480 genere
1113 411 1296 481 regio;
1340 410 1596 481 plurimos
1625 411 1780 464 etiam

201 498 370 554 fuisse
393 501 649 556 infideles.
673 504 761 557 44.
791 521 809 554 ‹
840 502 907 557 Ει
929 503 980 556 in
1008 502 1191 557 diebus
1230 518 1412 572 regum
1436 502 1644 555 illorum
1665 516 1781 554 sus-

199 590 389 644 citabit
430 591 567 647 Deus
605 594 718 647 cazli
751 608 988 662 regnum,
1042 593 1180 663 quod
1223 594 1273 647 in
1315 593 1505 647 smcula
1540 608 1644 646 non
1667 606 1784 646 cor-

201 691 482 750 rumpetur
514 698 526 734 :
559 693 612 737 et
661 698 876 753 regnum
919 684 1034 753 ejus
1078 684 1271 755 populo
1299 685 1451 739 alteri
1491 699 1594 738 non
1622 683 1785 739 relin-

204 781 403 840 quetur
428 790 441 824 :
469 773 795 828 comminuet
844 783 897 828 et
922 774 1194 829 ventilahit
1230 774 1468 830 universa
1498 790 1658 845 regna
1691 791 1704 828 :
1733 783 1787 829 et

205 864 385 929 ipsum
416 871 664 933 exsurget
693 864 744 917 in
782 866 994 920 sarcula.
1029 883 1047 917 ι
1079 865 1340 925 Adducito
1378 866 1508 921 mihi
1551 868 1655 921 huc
1688 866 1783 922 Ju-

201 952 373 1007 dmos.
399 953 535 1021 Quid
554 954 618 1009 de
645 955 743 1009 hac
759 956 1029 1025 prephetia
1046 956 1233 1011 dicturi
1251 959 1405 1012 sunt?
1432 958 1615 1028 Neque
1643 960 1784 1013 enim

200 1044 448 1111 profecto
468 1045 534 1101 de
552 1046 779 1101 humano
804 1063 967 1117 regno
1002 1048 1115 1104 huic
1143 1049 1218 1103 fas
1244 1058 1324 1104 est
1350 1050 1548 1117 dicere,
1580 1051 1783 1107 scilicet

199 1150 428 1205 regnum
455 1137 717 1192 infinitum
744 1141 892 1194 fore:
924 1139 1019 1195 sed
1044 1151 1252 1210 oportet
1276 1144 1507 1212 aliquem
1536 1159 1654 1199 esse
1672 1184 1687 1209 ,
1711 1143 1779 1199 de

198 1242 311 1296 quo
352 1227 469 1283 haec
498 1230 635 1283 dicta
664 1238 803 1284 sunt.
830 1230 983 1297 Quod
1024 1232 1066 1286 si
1094 1232 1289 1287 dixeris
1308 1274 1324 1300 ,
1353 1233 1419 1289 de
1449 1234 1603 1289 Patre
1653 1250 1775 1303 pro-

198 1317 305 1372 lata
353 1319 551 1384 fuisse,
578 1330 631 1374 at
658 1321 779 1375 audi
820 1323 943 1391 quid
974 1323 1180 1378 dicatur
1214 1324 1323 1379 :In
1373 1326 1545 1380 diebus
1610 1343 1782 1396 regum

197 1409 411 1463 illorum
440 1428 459 1465 :
491 1412 842 1467 Romanorum
869 1414 1129 1469 videlicet.
1152 1414 1300 1484 Quod
1324 1417 1367 1471 si
1394 1416 1607 1472 dicant:
1635 1418 1780 1483 Quo-

199 1500 363 1555 modo
408 1515 593 1556 aurum
621 1511 897 1558 conterere
922 1504 1119 1572 potuit,
1146 1519 1335 1575 nempe
1357 1521 1574 1577 regnum
1606 1507 1779 1577 Baby-

199 1589 468 1645 loniorum
490 1630 506 1657 ,
537 1592 675 1661 quod
699 1592 807 1661 jam
829 1592 956 1647 olim
977 1602 1091 1648 erat
1116 1593 1486 1649 destructum?
1515 1596 1781 1666 quomodo

199 1684 363 1737 etiam
418 1694 727 1752 argentum,
788 1683 1038 1738 nimirum
1083 1700 1303 1755 regnum
1355 1686 1671 1740 Persarum?
1724 1696 1779 1741 et

197 1773 474 1842 quomodo
498 1788 602 1838 ass,
625 1773 825 1828 scilicet
849 1788 1065 1843 regnum
1085 1774 1465 1829 Macedonum?
1498 1777 1611 1830 haec
1636 1777 1777 1830 enim

200 1864 477 1934 quondam
503 1865 706 1919 fuerant
733 1873 785 1920 et
813 1864 970 1919 ﬁnem
998 1874 1331 1935 acceperant.
1366 1866 1558 1921 Verum
1591 1883 1656 1921 ne
1682 1868 1779 1920 mi-

199 1956 372 2018 reris,
432 1955 732 2010 carissime.
789 1955 843 2009 Si
895 1956 1034 2011 enim
1088 1956 1281 2010 Paulus
1330 1971 1491 2010 ausus
1539 1972 1645 2011 non
1698 1967 1780 2012 est

199 2055 384 2113 aperte
408 2045 586 2114 loqui;
620 2045 710 2100 sed
750 2046 821 2099 ait
853 2064 866 2100 :
910 2045 1077 2099 Donec
1098 2046 1185 2116 qui
1214 2054 1342 2099 tenet
1371 2047 1433 2100 de
1460 2048 1621 2100 medio
1647 2049 1735 2115 ﬂat
1759 2064 1778 2101 :

199 2138 371 2189 multo
404 2137 570 2207 magis
600 2138 873 2207 preplieta.
914 2138 1165 2205 Quasnam
1194 2138 1335 2193 enim
1355 2180 1369 2205 ,
1415 2154 1598 2209 quatso
1619 2180 1632 2204 ,
1665 2141 1772 2193 uti-

202 2225 325 2278 litas
357 2241 427 2279 ex
456 2235 636 2294 aperta
683 2226 990 2295 loqnutione
1016 2235 1128 2281 orta
1156 2226 1376 2282 fuisset?
1403 2226 1457 2282 Si
1488 2236 1661 2283 autem
1692 2228 1776 2281 di-

200 2316 399 2383 xerint,
420 2316 538 2382 Quo
564 2327 716 2387 pacto
732 2319 978 2371 contrivit
993 2333 1066 2372 ais
1086 2332 1147 2372 ac
1166 2317 1399 2373 ferrum?
1422 2318 1535 2373 hznc
1555 2321 1776 2388 qurestio

200 2408 303 2460 erit
333 2408 657 2463 communis.
710 2407 918 2462 Etenim
962 2407 1027 2463 de
1074 2409 1201 2477 ipsis
1227 2408 1445 2477 perinde
1489 2419 1774 2479 qumretur,

200 2496 473 2565 quomodo
490 2497 598 2565 jam
612 2498 871 2552 exstincta
897 2513 1059 2567 regna
1085 2497 1504 2565 destruatiQuia
1528 2499 1775 2553 nimirum

199 2588 435 2642 destruit
456 2588 559 2641 alia
590 2603 751 2659 regna
773 2631 785 2655 ,
816 2590 869 2643 in
894 2590 1084 2659 quibus
1108 2588 1221 2644 haec
1247 2589 1603 2645 continentur.
1632 2590 1775 2644 Alio-

198 2680 326 2746 quin
353 2688 532 2733 autem
566 2678 614 2732 id
644 2680 871 2733 latenter
900 2679 1238 2748 operabatur,
1267 2694 1387 2734 cum
1433 2681 1593 2734 etiam
1621 2692 1775 2737 antea

197 2772 345 2825 Deus
373 2779 550 2833 esset,
579 2771 672 2826 sed
704 2772 935 2825 nondum
964 2771 1084 2826 ideo
1114 2772 1258 2826 visus
1278 2811 1293 2835 ,
1339 2780 1396 2825 ut
1423 2786 1516 2825 vos
1537 2772 1654 2841 jure
1678 2773 1770 2827 du-

200 2860 466 2916 bitaretis.
493 2859 643 2927 Quod
674 2863 715 2914 si
738 2861 856 2931 quis
878 2862 1099 2915 voluerit
1125 2862 1281 2915 etiam
1303 2860 1356 2915 in
1380 2861 1622 2930 praesenti
1648 2872 1777 2916 tem-

199 2966 331 3021 pore
394 2951 636 3021 accipere
691 2952 1023 3022 prophetiam
1054 2994 1069 3017 ,
1116 2967 1444 3022 nequaquam
1492 2952 1772 3006 aberravit.

198 3042 476 3111 Siquidem
523 3058 665 3098 nunc
713 3058 922 3113 quoque
968 3045 1215 3098 contrivit
1239 3058 1432 3113 regna,
1477 3044 1774 3112 superliizun

199 3136 551 3190 Macedonum
580 3139 656 3207 (et
684 3135 1064 3207 Romanorum)
1114 3136 1426 3205 potentiam.
1475 3136 1603 3189 Cum
1634 3137 1775 3190 enim

199 3228 403 3282 videris
456 3236 717 3298 martyres
762 3227 829 3283 ad
859 3227 950 3282 Dei
1001 3225 1308 3280 mandatum
1355 3224 1678 3295 implendum
1724 3226 1777 3280 id

200 3317 498 3383 facientes,
547 3319 653 3373 imo
680 3328 735 3374 et
760 3330 985 3373 mortem
1043 3317 1406 3372 sustinentes:
1451 3316 1652 3372 videbis
1691 3333 1779 3372 re-

199 3426 366 3479 gnum
417 3412 591 3472 illius.
637 3420 693 3466 et
735 3408 1004 3480 quomodo
1050 3418 1243 3465 terram
1289 3408 1594 3479 repleverit.
1630 3408 1780 3463 Nosti

201 3501 534 3570 prophetias.
563 3502 617 3557 Si
646 3516 764 3571 qua:
788 3501 856 3555 ab
882 3501 985 3555 illis
1013 3500 1261 3570 praedicta
1291 3499 1500 3555 fuerant
1526 3514 1630 3554 non
1656 3515 1780 3554 eve-

202 3602 429 3655 nerunt,
460 3609 556 3648 nec
602 3594 1043 3647 consummationi
1097 3593 1275 3648 crede.
1326 3592 1524 3647 Deinde
1554 3593 1777 3662 adjicit:

201 3683 296 3737 65.
336 3699 354 3732 ε
394 3680 541 3736 Sicut
570 3681 746 3735 vidisti
767 3682 833 3736 de
861 3691 1039 3736 monte
1063 3682 1358 3737 abscissum
1386 3695 1504 3736 esse
1550 3682 1776 3751 lapidem

201 3773 323 3826 sine
379 3771 656 3837 manibus,
693 3772 780 3841 qui
807 3771 1120 3826 comminuit
1149 3780 1334 3825 testam
1358 3811 1372 3834 ,
1405 3770 1600 3825 ferrum
1622 3812 1637 3835 ,
1667 3786 1740 3824 :es
1760 3812 1777 3837 ,

201 3872 484 3933 argentum
503 3904 517 3927 ,
547 3877 731 3916 aurum
757 3902 774 3927 ,
799 3861 939 3917 Deus
972 3860 1220 3916 indicavit
1250 3862 1359 3930 regi
1390 3876 1508 3931 quae
1538 3870 1780 3931 Oporteat

204 3953 322 4008 ﬁeri
357 3960 479 4023 post
505 3952 638 4007 hcce.
667 3952 732 4006 Et
754 3967 935 4008 verum
958 3961 1037 4006 est
1064 3952 1327 4007 somnium
1345 3994 1357 4017 ,
1382 3960 1436 4006 et
1460 3950 1627 4006 ﬁdelis
1652 3967 1782 4007 con-

198 4046 409 4114 jectura
438 4045 571 4114 ejus.
620 4044 750 4099 Vide
774 4044 1039 4114 quomodo
1078 4044 1233 4098 fidem
1277 4043 1514 4097 adstruat
1558 4044 1620 4097 iis
1661 4058 1780 4112 qua:

201 4134 436 4187 dixerat.
470 4134 551 4187 Ex
593 4133 751 4188 rebus
787 4132 1079 4187 manifestis
1109 4132 1334 4187 obscura
1381 4132 1602 4201 probat,
1626 4132 1778 4200 quasi

202 4225 418 4280 diceret
469 4243 482 4278 :
519 4223 737 4278 Narravi
782 4224 1079 4289 somnium,
1136 4222 1556 4293 interpretationi
1596 4221 1777 4277 crede.

202 4315 344 4382 Quid
370 4314 529 4383 igitur
554 4314 679 4367 rex?
701 4312 788 4367 46.
823 4312 991 4378 Tunc,
1023 4313 1189 4382 inquit
1208 4354 1222 4378 ,
1249 4329 1339 4367 rex
1369 4311 1778 4365 Nabuchodono-

200 4422 287 4459 sor
333 4405 510 4458 cecidit
539 4404 590 4457 in
618 4404 797 4475 faciem
833 4420 1002 4468 suam,
1029 4412 1072 4455 et
1111 4402 1369 4456 Danielem
1414 4402 1685 4455 adoravit:
1730 4409 1779 4455 et

202 4511 398 4548 manna
425 4504 571 4565 atque
598 4495 779 4547 bonum
814 4494 1015 4549 odorem
1063 4493 1188 4547 dixit
1207 4503 1258 4546 ut
1303 4492 1509 4547 libarent
1553 4494 1617 4547 ei.
1648 4492 1778 4547 Tam

202 4587 315 4640 cito
348 4585 552 4638 Danieli
572 4585 832 4639 creditum
864 4593 963 4639 est.
994 4586 1069 4638 Ac
1096 4586 1283 4638 merito
1315 4584 1563 4653 praecepit
1589 4598 1780 4638 manna

204 4685 262 4731 et
287 4676 486 4729 bonum
512 4674 727 4729 odorem
762 4674 913 4728 libari
933 4674 1006 4729 ei.
1033 4674 1191 4728 Vides
1229 4675 1513 4727 maximum
1552 4674 1780 4728 miracu-

207 4766 347 4819 lum.
386 4764 543 4819 Vides
565 4774 620 4818 ut
648 4779 764 4818 mos
794 4765 864 4819 sit
904 4764 1186 4834 gentilibus
1214 4779 1276 4818 ex
1311 4763 1609 4817 hominibus
1652 4763 1778 4819 deos

206 4857 412 4911 facere.
461 4853 639 4925 Itaque
667 4854 879 4925 quando
920 4854 1193 4909 dixerint:
1248 4853 1400 4910 Unde
1445 4852 1777 4907 idololatria?

208 4947 532 5016 principium
563 4945 702 4999 illius
732 4945 896 4999 disce.
924 4944 1010 4999 Sic
1036 4945 1302 5015 apostolos
1331 4958 1541 5013 quoque
1583 4958 1645 4997 ex
1679 4943 1778 4999 ho-

207 5037 451 5092 minibus
474 5035 603 5091 deos
640 5034 901 5089 faciebant
926 5035 1060 5103 (Act.
1088 5036 1172 5089 14.
1203 5036 1290 5089 ll.
1331 5044 1373 5089 et
1394 5034 1481 5088 28.
1505 5032 1582 5103 6).
1609 5034 1698 5089 Sic
1726 5042 1779 5089 et

207 5127 461 5181 diabolus
494 5126 560 5180 ab
582 5125 730 5179 initio
752 5125 1073 5194 impietatem
1101 5125 1436 5180 introducere
1471 5125 1776 5192 contendit,

208 5220 440 5274 dicens:
465 5215 624 5272 Eritis
648 5217 774 5271 sicut
813 5216 883 5268 dii
909 5215 1058 5285 (Gen.
1100 5217 1151 5271 3.
1177 5217 1251 5284 5).
1292 5216 1358 5269 Et
1382 5216 1627 5285 quoniam
1657 5214 1780 5268 ωηο

212 5324 329 5364 non
354 5307 550 5373 valuit,
582 5314 702 5377 post
736 5304 825 5359 illa
855 5304 908 5359 id
934 5314 1104 5359 tentat
1122 5346 1136 5373 ,
1165 5306 1358 5375 ubique
1382 5304 1630 5359 obnitens
1654 5302 1781 5358 deo-

212 5414 340 5456 rum
363 5397 749 5452 multitudinem
776 5394 1130 5449 lntroducere.
1160 5397 1245 5449 47.
1273 5394 1340 5448 Et
1366 5395 1667 5464 respondens
1692 5409 1781 5447 rea:

214 5490 351 5544 dixit
375 5487 575 5543 Danieli
598 5504 616 5541 :
641 5485 709 5540 In
730 5485 931 5539 ueritate
955 5486 1066 5538 novi
1086 5486 1217 5555 quod
1244 5486 1377 5539 Dens
1398 5494 1551 5539 vester
1578 5486 1683 5555 ipse
1708 5494 1780 5539 est

217 5578 363 5632 Deus
404 5578 589 5641 vivens,
633 5584 679 5629 et
706 5574 947 5628 Dominus
969 5590 1157 5644 regum.
1200 5574 1309 5630 [loc
1338 5575 1453 5629 solo
1492 5574 1734 5628 inductus
1761 5598 1789 5637 ,

215 5669 398 5725 Statim
431 5665 657 5724 credidit
694 5681 784 5722 rex
814 5681 826 5719 :
855 5664 1019 5721 Judxi
1049 5679 1201 5725 vero.
1249 5679 1366 5719 cum
1410 5664 1569 5720 millia
1599 5663 1776 5734 hujus-

1574 296 1639 352 ΙΝ
1680 293 2021 351 DANIELEM

3354 317 3469 375 210

1890 408 2032 463 modi
2054 408 2329 475 audirent,
2349 426 2451 465 non
2470 413 2998 473 attendebantNides
3016 432 3120 486 qua
3138 419 3342 475 ratione
3364 421 3457 474 tibi

1888 499 2132 554 ostendat
2177 502 2407 571 gentium
2450 513 2655 572 gratum
2701 507 2975 562 animum?
3018 508 3460 580 Quandoquidem

1889 593 2027 645 enim
2050 591 2491 657 aderatdeinci-ps
2508 604 2734 665 tempus,
2760 598 2810 651 in
2828 614 2932 668 quo
2948 601 3228 670 oportebat
3246 602 3311 657 ad
3326 618 3465 671 gen-

1889 683 2005 737 tiles
2034 683 2456 751 praedicationem
2481 688 2735 757 evangelii
2760 692 3063 760 exportari,
3085 693 3383 763 anticipans
3403 710 3463 751 se

1889 784 2104 830 excusat
2121 791 2213 845 per
2230 776 2436 831 illorum
2459 780 2839 847 progenitores,
2866 783 3206 853 ostenditque
3226 800 3328 839 non
3356 785 3463 839 fru-

1889 873 1997 919 stra
2017 878 2112 919 nec
2130 873 2330 921 temere
2353 866 2575 936 gentiles
2600 866 2794 924 Judaeis
2817 886 2845 922 a
2862 886 2920 926 se
2936 868 3101 927 fuisse
3121 872 3457 943 praepositos.

2488 999 2709 1058 CAPUT
2748 1003 2835 1057 Ill.

1959 1131 2012 1185 l.
2050 1150 2069 1183 ι
2106 1132 2258 1185 Anno
2281 1130 2487 1187 decimo
2511 1142 2697 1188 octavo
2726 1132 2803 1207 (a)
2842 1134 3336 1193 Nabuchodonosor
3363 1155 3458 1195 rex

1888 1220 2017 1277 fecit
2060 1223 2338 1293 imaginem
2369 1238 2581 1277 auream
2620 1242 2636 1279 :
2691 1225 2914 1281 altitudo
2977 1227 3094 1297 ejus
3152 1228 3456 1284 cubitorum

1885 1314 2191 1384 sexaginta,
2226 1323 2281 1369 et
2325 1314 2550 1370 latitudo
2589 1316 2703 1385 ejus
2739 1318 3037 1372 cubitorum
3075 1333 3170 1374 sex
3209 1337 3223 1374 :
3263 1330 3317 1374 et
3351 1332 3462 1375 sta-

1888 1406 1988 1460 tuit
2023 1420 2138 1459 eam
2180 1406 2231 1459 in
2269 1420 2456 1476 campo
2497 1407 2665 1462 Decra
2717 1409 2769 1463 in
2823 1410 3093 1479 provincia
3147 1411 3433 1482 Babylonis

1883 1493 1937 1548 2.
2002 1497 2065 1550 Et
2115 1496 2603 1553 Nabuchodonosor
2638 1500 2780 1554 misit
2840 1510 3216 1571 congregatum
3266 1518 3454 1559 omnes

1884 1595 2190 1651 summates,
2212 1595 2264 1641 et
2289 1595 2560 1656 praetores,
2594 1589 2872 1658 priesidcs,
2905 1590 3068 1646 duces
3097 1600 3149 1647 et
3174 1600 3451 1665 tyrannos,

1883 1675 2015 1728 etin
2063 1674 2413 1744 potestatibus
2456 1678 2811 1739 constitutos,
2850 1688 2904 1732 et
2940 1694 3125 1735 omnes
3175 1682 3450 1752 regionum

1886 1765 2238 1833 magistratus,
2270 1775 2326 1820 ut
2371 1768 2609 1822 venirent
2635 1770 2698 1821 ad
2737 1768 3125 1826 dedicationem
3166 1773 3448 1841 imaginis.

1884 1872 2040 1924 quam
2072 1867 2326 1912 statuerat
2350 1858 2837 1914 Nabuchodonosor
2858 1875 2970 1915 rex.
3008 1880 3026 1915 ι
3059 1862 3250 1930 Aspice
3276 1863 3459 1931 splen-

1888 1947 2099 2001 dentem
2133 1963 2309 2002 rerum
2339 1952 2615 2003 veritatem
2642 1967 2653 2000 :
2690 1959 2744 2004 et
2771 1960 2915 2005 certe
2938 1968 3091 2020 quem
3119 1968 3221 2005 non
3251 1953 3462 2022 puduis-

1879 2046 1962 2091 set
1991 2036 2241 2106 flagitium
2271 2039 2407 2107 regis
2433 2039 2737 2093 revelasse?
2762 2038 2895 2107 Quid
2926 2039 3093 2093 dicis?
3120 2041 3209 2094 ille
3243 2042 3331 2109 qui
3362 2042 3458 2096 ad-

1880 2129 2074 2193 oravit,
2107 2128 2193 2197 qni
2222 2144 2409 2184 manna
2437 2129 2650 2193 libavit,
2679 2130 2766 2199 qui
2808 2130 2970 2184 Deum
2999 2130 3134 2186 adeo
3155 2131 3456 2201 honoravit,

1879 2217 1965 2286 qui
1992 2217 2278 2273 admiratus
2301 2228 2411 2284 est,
2441 2228 2495 2273 et
2521 2234 2677 2288 supra
2706 2219 2919 2274 modum
2946 2220 3241 2290 obstupuit,
3268 2221 3453 2289 illene,

1880 2323 1978 2362 nec
2004 2309 2159 2376 longo
2188 2318 2420 2376 tempore
2461 2309 2642 2376 elapso
2661 2349 2674 2373 ,
2717 2310 2892 2363 statim
2922 2310 2987 2364 ad
3016 2311 3243 2379 priorem
3272 2328 3457 2368 rever-

1880 2401 2006 2453 titur
2045 2401 2325 2454 errorem?
2353 2400 2577 2454 Pulchre
2616 2415 2760 2455 sane.
2794 2401 2909 2457 Non
2950 2402 3091 2457 enim
3132 2419 3253 2457 eum
3292 2405 3459 2474 signis

1879 2490 2298 2560 obstupefecistis
2322 2513 2334 2547 :
2362 2505 2482 2545 nam
2510 2491 2637 2545 nihil
2665 2491 2852 2546 horum
2878 2495 3176 2563 cogitarunt
3190 2493 3454 2561 juvenes;

1878 2591 1931 2633 at
1971 2597 2128 2635 unum
2168 2582 2497 2637 solummodo
2535 2594 2917 2652 respexerunt,
2963 2585 3228 2653 quomodo
3258 2587 3456 2641 verita-

1880 2681 1982 2725 tem
2006 2671 2196 2727 nudam
2220 2671 2562 2742 deponerent.
2585 2674 2868 2743 Postquam
2890 2674 3031 2728 enim
3054 2673 3139 2728 ille
3160 2675 3346 2730 urbem
3368 2691 3460 2730 ce-

1880 2771 2030 2832 perat
2068 2762 2086 2833 (
2112 2771 2235 2817 tunc
2260 2764 2452 2833 quippe
2481 2762 2862 2834 Jerosolymam
2897 2765 3247 2834 expugnavit,
3277 2773 3332 2821 et
3370 2766 3456 2820 illa

1880 2854 2071 2923 potitus
2112 2856 2268 2925 est),
2299 2857 2464 2909 erexit
2506 2855 2785 2925 imaginem
2810 2896 2825 2923 ,
2871 2856 3003 2909 forte
3054 2856 3104 2908 in
3152 2856 3457 2925 superbiam

1878 2946 2063 3000 elatus.
2090 2946 2308 3013 Quidam
2330 2946 2530 3007 dicunt.
2555 2946 2693 3015 quod
2713 2946 2952 3015 imaginis
2970 2947 3109 3001 illius
3128 2945 3454 3012 recordatus,

1878 3049 1996 3103 quae
2024 3035 2123 3103 ipsi
2156 3036 2205 3088 in
2238 3036 2434 3088 somnis
2471 3044 2681 3089 ostensa
2710 3035 2878 3089 fuerat
2905 3051 2919 3089 :
2946 3035 3034 3089 alii
3064 3044 3241 3089 autem
3271 3035 3453 3100 aiunt,

1879 3124 2018 3193 quod
2040 3125 2266 3193 seipsum
2296 3126 2346 3179 in
2374 3124 2502 3179 deos
2532 3125 2730 3179 referre
2750 3125 2951 3179 volens.
2989 3125 3197 3178 Etenim
3226 3125 3328 3179 hoc
3355 3125 3458 3179 de-

1880 3216 2073 3271 siderio
2104 3216 2415 3271 tenebantur
2442 3217 2674 3286 antiqui,
2709 3224 2765 3270 ut
2804 3215 2875 3271 dii
2910 3225 3288 3280 censerentur,
3321 3216 3459 3271 sicut

1879 3305 2137 3361 diabolus.
2172 3305 2238 3360 Et
2265 3306 2385 3361 vide
2436 3306 2654 3362 exitum.
2685 3306 2817 3360 Cum
2845 3306 3111 3361 omisisset
3149 3304 3370 3376 jubere,
3400 3316 3459 3361 ut

1881 3397 2055 3466 ipsum
2082 3396 2389 3461 adorarent,
2416 3397 2591 3452 effecit
2618 3406 2673 3451 ut
2701 3398 2874 3467 imago
2898 3412 2993 3452 sua
3020 3396 3327 3452 adoraretur
3346 3439 3361 3463 ,
3390 3412 3458 3452 ex

1881 3488 2042 3541 multa
2071 3503 2245 3541 rerum
2276 3487 2589 3541 abundantia
2630 3487 2679 3540 id
2711 3488 2974 3543 coniicere
3015 3488 3199 3542 volens
3218 3529 3233 3552 ,
3264 3496 3319 3542 et
3346 3504 3460 3542 ma-

1880 3576 2153 3646 gnitudine
2181 3584 2336 3643 atque
2362 3575 2602 3643 corporis
2628 3576 2766 3630 mole
2791 3577 3009 3645 cupiens
3035 3577 3328 3651 percellere
3353 3618 3367 3642 ,
3389 3591 3454 3632 ac

1881 3684 2062 3725 rursus
2083 3684 2111 3723 a
2138 3672 2274 3723 loco.
2301 3667 2367 3721 In
2388 3668 2496 3721 loco
2521 3667 2710 3732 Deera,
2743 3668 2930 3736 inquit.
2957 3666 3187 3738 Campus
3216 3678 3331 3724 erat
3353 3668 3457 3723 for-

1882 3752 2021 3817 tasse
2047 3760 2277 3815 acclivis.
2312 3759 2396 3813 12.
2430 3778 2447 3810 ι
2482 3759 2616 3814 Sunt
2636 3756 2732 3811 viri
2756 3757 2921 3811 Judaii
2940 3799 2953 3820 ,
2979 3773 3110 3826 quos
3135 3758 3457 3812 constituisti

1882 3870 2041 3925 super
2080 3868 2239 3924 opera
2280 3852 2583 3922 Babylonis,
2613 3850 2931 3916 Sedracbus,
2961 3848 3248 3914 Misachus,
3279 3849 3456 3903 Abde-

1882 3960 2035 4014 nago.
2064 3944 2173 3998 Viri
2200 3944 2277 3997 illi
2318 3958 2420 3996 non
2445 3941 2759 3997 obedierunt
2781 3979 2797 4006 ,
2828 3954 2922 3995 rex
2944 3980 2959 4007 ,
2997 3940 3212 3995 decreto
3241 3948 3332 3993 tuo
3354 3980 3369 4005 ,
3401 3947 3456 3994 et

1882 4036 2010 4090 deos
2035 4042 2153 4089 tuos
2179 4048 2281 4087 non
2303 4032 2485 4087 colunt
2512 4072 2525 4094 ,
2553 4039 2607 4085 et
2633 4030 2912 4099 imaginem
2936 4044 3148 4083 auream
3172 4044 3329 4099 quam
3357 4037 3456 4081 sta-

1883 4125 2023 4179 tuisti
2054 4139 2157 4177 non
2181 4123 2421 4177 adorant.
2453 4122 2540 4175 13.
2583 4121 2731 4174 Tunc
2772 4118 3256 4174 Nabuchodonosor
3285 4118 3337 4171 in
3375 4118 3458 4172 fu-

1880 4230 2002 4270 rore
2024 4223 2076 4269 et
2100 4215 2175 4267 ira
2197 4212 2348 4280 dixit,
2373 4221 2430 4266 ut
2450 4210 2773 4266 adducerent
2792 4209 3140 4273 Sedracbum,
3164 4208 3455 4263 Misachum

1881 4316 1934 4361 et
1958 4304 2388 4375 Abdenagonem.
2418 4320 2437 4355 ›
2484 4300 2759 4368 Quomodo
2789 4300 2873 4353 hic
2900 4314 3005 4353 non
3043 4306 3316 4366 comparet
3344 4297 3452 4351 Da-

1882 4397 2015 4450 niel?
2044 4395 2168 4449 Mihi
2207 4394 2413 4449 videtur
2433 4433 2448 4457 ,
2478 4390 2754 4445 Chaldaaos
2794 4396 3090 4443 metuentes
3119 4402 3224 4440 non
3278 4387 3451 4456 ipsum

1882 4487 2252 4550 denuntiasse,
2296 4483 2378 4537 vel
2423 4495 2598 4551 regem
2642 4479 2937 4533 reverentia
2976 4476 3258 4531 adductum
3303 4475 3453 4530 illum

1883 4592 1985 4631 non
2024 4575 2294 4644 coegisse,
2335 4587 2403 4627 ne
2438 4569 2775 4625 manifestum
2812 4567 3029 4621 haberet
3065 4574 3451 4620 accusatorem.

1882 4666 2100 4733 Quidam
2128 4677 2253 4718 vero
2279 4662 2489 4726 dicunt,
2512 4660 2633 4728 quia
2657 4657 2940 4712 vocabatur
2961 4655 3202 4709 Baltasar
3222 4655 3241 4723 (
3263 4652 3327 4726 b)
3356 4675 3368 4709 :
3399 4654 3453 4709 id

1882 4770 2056 4809 antem
2090 4770 2277 4808 nomen
2322 4762 2433 4806 erat
2463 4751 2585 4804 idoli
2614 4748 2753 4818 quod
2783 4747 2921 4817 apud
2953 4746 3268 4817 Babylonios
3305 4747 3454 4799 cole-

1882 4849 2051 4902 batur.
2087 4846 2222 4899 Deus
2250 4843 2402 4913 igitur
2429 4840 2656 4910 providit
2682 4848 2738 4893 ut
2767 4839 2816 4891 in
2845 4837 3112 4892 fornacem
3140 4850 3247 4888 non
3272 4835 3453 4888 mitte-

1882 4950 2046 5002 retur,
2071 4952 2135 4993 ne
2157 4936 2358 4991 scilicet
2381 4934 2565 4998 virtus,
2589 4946 2689 5001 qua
2715 4929 3003 4997 perieulum
3026 4928 3286 4981 vitaturus
3313 4936 3448 4987 erat,

1881 5032 1929 5087 ei
1956 5028 2152 5085 nomini
2173 5026 2578 5083 adscriberetur.
2604 5020 2741 5089 Quid
2766 5018 2921 5090 igitur
2947 5026 3055 5072 tres
3077 5016 3263 5088 pueri?
3288 5015 3450 5070 Μειχί-

1949 5179 2018 5248 (at
2033 5178 2174 5248 Amic.
2192 5180 2446 5248 «190.99%
2458 5180 2549 5248 est.
2562 5171 3108 5248 Blaesum-Itium!
3126 5172 3258 5248 φρίκη
3282 5187 3439 5248 εξριέ·

1951 5233 2049 5288 atio
2071 5233 2271 5286 urbis-in
2290 5233 2771 5294 Nabuchodonosoris
2790 5234 2864 5294 18,
2888 5240 2939 5294 et
2966 5233 3025 5294 1-9
3051 5247 3062 5281 :
3087 5234 3117 5280 4
3143 5235 3261 5294 lteg.
3286 5233 3363 5291 23,
3385 5234 3434 5291 8,

1917 5314 2068 5349 erem.
2094 5299 2172 5356 52,
2199 5299 2272 5357 12,
2296 5298 2371 5345 29.
2394 5296 2565 5356 Neque
2591 5293 2860 5357 audiendus
2893 5292 3106 5357 Grotius.
3133 5292 3433 5357 qui'Jerem.

1887 5362 1974 5419 52,
2009 5362 2092 5417 29,
2118 5354 2455 5421 corrigendum
2486 5354 2597 5421 esse
2621 5367 2745 5406 anno
2777 5355 2842 5421 19_
2865 5354 3436 5421 suspicatur._.losephus

1886 5416 1970 5471 lib;
1997 5421 2017 5467 1
2041 5416 2203 5468 centra
2231 5416 2462 5479 Kpiouem
2485 5429 2496 5462 :
2519 5416 3433 5479 I‘évpamatyozpévmhqidﬁcriptnris)

1887 5485 1957 5531 ὅτι
1992 5474 2455 5542 Ναϐουχοδοκῖὀσορᾳς
2483 5474 2873 5542 unanimem
2899 5484 2982 5542 τῆς
3016 5474 3159 5542 αὐτο-ὖ
3179 5475 3439 5542 Δρασηῆιίας

1888 5544 1980 5592 ἔτει
2000 5544 2077 5588 τὸν
2098 5532 2205 5603 πάξγ
2226 5541 2333 5603 ἡμῖν
2357 5532 2468 5586 νᾶὸν
2484 5539 2728 5603 ἠρήμωσε,
2922 5532 3095 5603 ἀφανὴς
3119 5532 3292 5603 ᾇπὶῖτη
3318 5535 3436 5583 ἑπτά

1892 5603 1953 5667 (ι.
1982 5598 2325 5667 ἐϐδρμῄὴονὶα)
2343 5616 2353 5627 ·
2380 5598 2578 5667 esu-ggpr
2674 5607 2764 5667 vi;
2781 5598 3212 5667 Ιξύρουβᾳσιξιείας,
3238 5602 3334 5643 etc.

1953 5666 2018 5727 (ιν)
2040 5653 2102 5714 lia
2130 5653 2215 5713 fuit
2232 5653 2397 5725 postea
2415 5653 2578 5723 opinio
2603 5653 2773 5711 [sideri
2794 5653 3057 5710 l'e'lusibtzu
3081 5657 3167 5708 lib.
3188 5653 3227 5715 ι,
3248 5670 3328 5718 ep.
3352 5653 3428 5704 19.
