4144 6308
740 318 842 370 211

733 444 818 482 me
845 429 1085 498 equidem
1118 430 1213 499 ipsi
1244 446 1451 501 quoque
1480 447 1593 487 rem
1630 430 1945 486 confutaturi
1972 438 2140 485 erant.
2172 429 2291 485 Ca:-

731 526 901 571 terum
947 518 997 571 in
1051 519 1137 574 illa
1187 520 1523 589 prardictione
1556 522 1811 591 superiori
1847 521 2112 590 quomodo
2158 521 2295 575 Deus

731 608 870 663 idem
902 626 1005 664 non
1034 612 1332 681 disposuit?
1380 615 1807 670 Criminabantur
1853 616 1971 670 illos
2022 615 2291 670 Chaldaei:

729 702 1009 768 plurimum
1043 705 1181 756 enim
1230 714 1400 772 potest
1439 705 1650 759 invidia.
1700 706 1860 761 Ferre
1904 721 2005 761 non
2054 716 2293 775 poterant

727 791 967 856 captivos
996 794 1119 860 ipsis
1146 796 1464 849 imperantes
1491 796 1744 863 aspicere.
1769 796 1871 850 Sed
1900 797 2035 851 vide.
2067 798 2210 851 Sicut
2238 800 2289 853 in

728 876 943 930 Danielc
963 921 978 945 ,
1024 884 1166 948 prius
1193 882 1487 937 didicerunt
1529 884 1665 937 illius
1693 900 1866 940 mores
1891 900 1953 939 ac
1990 898 2285 943 mansuetu-

726 966 901 1019 dinem
923 1009 937 1032 ,
969 980 1021 1022 et
1052 979 1176 1024 tunc
1216 972 1362 1041 signa
1389 972 1665 1030 viderunt:
1696 976 1763 1028 ita
1792 975 1945 1029 etiam
1980 977 2061 1030 hic
2101 978 2149 1030 in
2178 994 2289 1031 me-

725 1055 865 1107 diani
914 1057 1175 1112 ducuntur
1201 1065 1375 1127 pueri,
1403 1072 1455 1115 et
1485 1064 1705 1130 primum
1743 1079 1925 1119 eorum
1966 1067 2288 1136 propositum

724 1143 1006 1198 denudavit
1035 1147 1172 1201 Deus
1204 1166 1217 1202 :
1249 1159 1300 1202 et
1330 1150 1403 1203 illi
1433 1152 1501 1203 ita
1534 1153 1805 1220 prteparati
1839 1168 1941 1207 non
1974 1155 2023 1207 in
2058 1155 2285 1209 medium

726 1233 1041 1288 insilierunt.
1072 1236 1225 1291 Scitis
1256 1250 1429 1293 autem
1457 1241 1721 1295 hominem
1740 1284 1755 1305 ,
1782 1244 1869 1311 qui
1898 1246 2139 1311 praesenti
2169 1246 2289 1299 vita:

724 1327 1043 1380 renuntiavit
1063 1370 1077 1394 ,
1107 1330 1300 1398 quique
1340 1330 1493 1385 facile
1523 1344 1745 1387 mortem
1772 1336 2025 1402 sustinet,
2056 1353 2159 1391 non
2190 1338 2286 1393 de-

724 1423 1066 1471 trectaturum
1106 1420 1363 1487 quidlibet
1398 1423 1625 1489 audere,
1668 1426 1823 1479 etiam
1853 1440 2035 1482 eorum
2067 1444 2181 1498 qua:
2213 1438 2289 1485 te-

722 1509 946 1561 meraria
970 1524 1087 1565 esse
1109 1510 1367 1565 videntur.
1391 1516 1634 1569 Attamen
1658 1517 1775 1581 isti,
1799 1519 1896 1571 etsi
1919 1529 2139 1574 mortem
2160 1536 2286 1576 con-

724 1606 1054 1662 temnerent,
1088 1605 1343 1658 mansueti
1375 1615 1560 1670 erant;
1591 1622 1688 1661 nec
1718 1609 1833 1663 illos
1860 1610 2119 1665 ullatenus
2151 1613 2287 1668 laesit

722 1686 973 1743 fortitudo
993 1734 1006 1755 ,
1038 1708 1133 1747 nec
1160 1694 1210 1746 in
1248 1694 1515 1749 audaciam
1556 1697 1805 1764 adduxit;
1838 1716 2007 1769 neque
2037 1702 2087 1756 id
2118 1704 2285 1758 ambi-

722 1779 863 1833 tione
900 1782 1184 1836 faciebant.
1219 1784 1308 1838 25.
1357 1803 1376 1836 ι
1425 1786 1491 1839 Et
1529 1788 1625 1840 viri
1664 1789 1737 1842 illi
1776 1798 1917 1856 tres,
1950 1792 2277 1861 Sedrachus,

720 1865 984 1923 Misachus
1044 1882 1097 1926 et
1122 1872 1405 1943 Abdenago
1425 1913 1440 1937 ,
1468 1876 1768 1931 ceciderunt
1792 1879 1842 1932 in
1870 1880 2094 1935 mediam
2119 1883 2283 1936 forna-

719 1971 834 2011 cem
866 1959 997 2028 ignis
1032 1963 1334 2031 ardentem,
1368 1966 1529 2035 ligati.
1568 1968 1656 2023 ει.
1704 1970 1769 2024 Et
1804 1970 2201 2028 deambulabam
2229 1977 2280 2030 in

718 2047 895 2101 medio
946 2050 1201 2117 flammae,
1251 2054 1523 2111 laudantes
1570 2058 1770 2126 Deum,
1811 2070 1865 2115 et
1907 2061 2281 2121 benedicentes

717 2134 1017 2192 Dominum.
1052 2140 1180 2196 Vide
1208 2158 1380 2197 nonne
1407 2147 1659 2202 mirabilis
1688 2164 1748 2203 ac
1774 2150 2034 2219 in0pinata
2062 2164 2141 2207 est
2168 2155 2279 2210 hare

716 2239 833 2293 res,
860 2229 1127 2284 ambulare
1152 2232 1308 2286 simul
1328 2248 1391 2289 ac
1414 2235 1643 2302 laudare,
1669 2240 1816 2307 quasi
1843 2252 2018 2294 essent
2040 2243 2089 2295 in
2112 2258 2277 2312 aqua-

714 2330 830 2369 rum
862 2318 1108 2375 lavacro?
1146 2321 1468 2394 Quamquam
1499 2328 1625 2381 nihil
1663 2329 1731 2383 ibi
1769 2340 1880 2384 erat
1902 2372 1918 2397 ,
1947 2332 2082 2402 quod
2114 2335 2279 2403 impe-

718 2404 894 2463 diret:
938 2412 1358 2482 quandoquidem
1394 2418 1531 2472 Deus
1559 2419 1813 2475 voluerat.
1844 2422 1969 2476 Tale
1997 2424 2119 2493 quid
2150 2426 2276 2480 mihi

712 2497 923 2553 videtur
964 2501 1129 2557 fuisse
1156 2513 1209 2558 et
1235 2506 1322 2560 ille
1364 2508 1496 2577 ignis
1517 2551 1531 2575 ,
1566 2526 1671 2579 quo
1694 2512 1948 2567 combusti
1980 2523 2099 2568 sunt
2126 2516 2157 2569 ii
2188 2517 2278 2585 qui

713 2598 859 2642 extra
888 2589 1153 2647 fornacem
1184 2604 1334 2650 erant
1360 2613 1372 2648 :
1400 2608 1453 2651 et
1478 2596 1565 2652 hic
1590 2600 1723 2668 ignis
1747 2611 1859 2655 erat
1879 2644 1892 2668 ,
1916 2611 1968 2657 et
1995 2604 2081 2657 ille
2106 2604 2273 2673 ignis;

710 2689 763 2731 et
792 2680 904 2735 haec
947 2697 1169 2753 corpora
1191 2726 1206 2751 ,
1254 2696 1306 2741 et
1334 2688 1418 2742 illa
1443 2704 1663 2759 corpora
1690 2708 1704 2755 ;
1735 2699 1789 2746 et
1817 2702 1987 2747 tamen
2023 2696 2135 2750 haec
2162 2699 2274 2751 atti-

709 2769 818 2837 git,
848 2772 948 2826 illis
969 2790 1093 2828 vero
1113 2778 1381 2833 abstinuit.
1410 2780 1567 2836 Vides
1590 2793 1839 2852 quantum
1867 2787 1933 2838 sit
1959 2787 2155 2842 bonum
2181 2805 2273 2844 vo-

709 2860 883 2917 luntas
912 2868 1143 2934 optima?
1173 2869 1457 2925 admiratus
1486 2888 1544 2927 es
1571 2889 1753 2929 eorum
1784 2877 2145 2933 voluntatem?
2173 2881 2269 2935 Mi-

707 2966 829 3007 rare
851 2955 1057 3010 Domini
1084 2958 1528 3028 benevolentiam,
1554 2974 1607 3020 et
1632 2965 1881 3021 honorem
1904 2984 2059 3037 quem
2083 2970 2131 3023 in
2156 2971 2272 3026 illos

705 3045 961 3100 exhibuit.
990 3048 1339 3117 Glori/icantes
1368 3071 1446 3107 me
1466 3055 1755 3124 glori/icabo
1809 3058 1892 3129 (1.
1924 3057 2048 3130 Reg.
2071 3061 2123 3114 2.
2154 3062 2269 3131 50),

705 3136 892 3206 inquit.
923 3139 1150 3196 Steterat
1192 3146 1488 3199 universum
1521 3146 1800 3201 theatrum.
1833 3150 1999 3220 Supra
2030 3162 2266 3207 naturam

703 3226 904 3295 loquuti
931 3240 1089 3296 sunt;
1119 3248 1275 3300 supra
1308 3243 1546 3289 naturam
1576 3238 1692 3291 illos
1724 3239 1961 3295 honorat.
1994 3242 2184 3310 ASpice
2214 3253 2270 3298 ut

703 3316 882 3371 famuli
908 3320 1091 3375 eadem
1122 3338 1237 3393 quae
1264 3324 1513 3380 Dominus
1542 3328 1761 3395 possint.
1792 3330 1928 3395 Quid
1958 3333 2163 3385 miraris
2183 3373 2195 3395 ,
2224 3335 2266 3387 si

702 3422 881 3477 regem
910 3409 1220 3480 derideant,
1249 3430 1367 3468 cum
1396 3416 1513 3470 illos
1553 3418 1811 3472 elementa
1841 3432 2181 3475 revereantur
2206 3438 2267 3478 ac

703 3501 1008 3567 suspiciant.
1033 3502 1280 3559 Caminus
1308 3504 1474 3560 factus
1517 3516 1597 3561 est
1621 3508 1855 3562 Ecclesia
1886 3510 1962 3581 (a)
1991 3529 2003 3565 :
2035 3512 2129 3581 ipsi

703 3585 757 3642 lo
786 3599 900 3643 erat
925 3591 1134 3645 similis.
1162 3592 1257 3648 Hic
1279 3594 1386 3662 jam
1417 3595 1823 3665 incorruptionis
1847 3601 2263 3669 experimentum

702 3687 976 3746 ceperunt.
1024 3681 1456 3751 Quandoquidem
1488 3694 1541 3739 et
1568 3687 1634 3739 ab
1661 3688 1809 3742 initio
1837 3704 2057 3759 corpora
2088 3702 2264 3746 nostra

701 3769 966 3837 passibilia
988 3781 1258 3839 peccatum
1287 3774 1439 3828 fecit:
1470 3790 1587 3829 cum
1615 3775 1769 3846 igitur
1789 3778 1928 3847 justa
1955 3791 2260 3850 Operantur,

699 3857 889 3911 iterum
916 3860 1251 3929 impassihilia
1275 3860 1420 3917 fiunt.
1448 3864 1508 3917 Et
1528 3866 1928 3935 deambulabam,
1951 3871 2134 3939 inquit.
2160 3872 2262 3927 Sed

700 3946 971 4013 videamus
990 3950 1114 4018 quid
1136 3950 1447 4019 loquantur;
1477 3954 1749 4009 audiamus
1777 3972 1958 4012 vocem
1989 3962 2261 4030 mysticam

698 4052 818 4090 cum
848 4039 1023 4107 quiete
1056 4041 1235 4093 multa.
1267 4041 1453 4096 Vidisti
1475 4060 1655 4099 vocem
1686 4046 2033 4103 inordinatam
2055 4060 2108 4105 et
2132 4066 2257 4106 cou-

696 4125 866 4183 fusam
895 4128 1162 4183 sambucas
1192 4140 1239 4183 et
1271 4132 1501 4199 psalterii
1520 4174 1533 4196 ,
1566 4142 1618 4187 et
1643 4137 1893 4191 musicae?
1919 4140 2050 4193 Audi
2077 4153 2258 4196 vocem

696 4215 763 4269 ab
788 4217 907 4285 igne
931 4220 1199 4273 emissam.
1229 4221 1416 4279 Nonne
1441 4224 1632 4279 mirum
1663 4226 1756 4281 tibi
1784 4228 2055 4284 videbatur
2076 4249 2256 4288 vocem

695 4308 789 4361 Dei
818 4309 886 4362 ab
917 4310 1034 4380 igne
1064 4312 1185 4366 edi?
1218 4314 1351 4369 Ecce
1380 4316 1535 4370 etiam
1566 4319 1732 4372 servis
1761 4321 1869 4373 suis
1898 4320 2000 4376 hoc
2025 4323 2255 4378 donavit.

692 4398 825 4462 Quis
850 4415 942 4454 aer
970 4416 1249 4471 percussus
1289 4421 1471 4459 vocem
1510 4422 1625 4461 eam
1664 4408 1957 4466 efficiebat?
1993 4412 2179 4469 Nonne
2206 4416 2257 4470 id

694 4504 909 4559 semper
931 4506 1023 4545 eos
1048 4494 1136 4561 qui
1163 4494 1507 4549 comburendi
1537 4508 1658 4552 sunt
1700 4500 2015 4568 admonent,
2048 4514 2104 4557 ut
2130 4519 2255 4574 ape-

690 4578 833 4635 riant
879 4594 1006 4645 ora,
1066 4583 1204 4652 quod
1257 4587 1333 4640 sic
1362 4599 1429 4639 ne
1476 4588 1687 4656 paulum
1731 4592 1937 4657 quidem
1966 4595 2133 4663 possit
2180 4598 2256 4650 vis

692 4670 943 4738 deinceps
981 4673 1031 4726 in
1086 4689 1308 4744 corpore
1349 4693 1656 4746 permanere
1683 4680 1739 4731 ’ἲ
1770 4682 1896 4737 Vide
1942 4698 2252 4741 concentum

692 4758 971 4826 musicum,
999 4776 1185 4818 omnes
1223 4766 1467 4820 nimirum
1508 4770 1650 4837 quasi
1699 4786 1761 4824 ex
1803 4788 1906 4827 uno
1949 4790 2042 4830 ore
2090 4776 2251 4832 Deum

689 4847 987 4903 laudantes.
1014 4852 1103 4913 25.
1138 4852 1203 4905 Et
1228 4864 1365 4908 stans
1395 4858 1601 4910 Azarias
1628 4861 1784 4913 oravit
1809 4862 1879 4915 sic
1909 4880 1926 4915 :
1955 4873 2002 4917 et
2027 4869 2253 4936 aperiens

690 4952 747 4988 os
771 4954 918 4992 suum
945 4941 995 4993 in
1021 4942 1183 4994 medio
1210 4944 1340 5013 ignis
1367 4946 1513 4998 dixit.
1539 4947 1605 5001 Ut
1634 4964 1735 5002 non
1766 4952 2035 5008 existimes
2062 4970 2153 5009 eos
2186 4956 2250 5010 de

690 5031 1040 5097 praesentibus
1071 5033 1225 5086 rebus
1253 5034 1449 5103 gratias
1475 5050 1650 5104 agere,
1687 5039 1806 5094 ideo
1832 5041 1897 5095 de
1925 5044 2247 5111 captivitate,

688 5128 744 5173 et
783 5120 1042 5175 molestiis
1077 5122 1143 5176 iis
1179 5140 1297 5192 quae
1336 5125 1462 5193 ipsis
1500 5130 1850 5198 contigerant,
1896 5132 2060 5187 Deum
2112 5134 2250 5190 invo-

751 5276 768 5308 ί
803 5282 1045 5344 cemimus
1066 5275 1200 5326 locus
1229 5278 1277 5344 in
1307 5283 1539 5344 Partenesi
1578 5283 1727 5344 prima
1764 5282 1821 5331 ad
1847 5284 2142 5334 Theodorum
2178 5287 2247 5337 la-

687 5347 824 5408 psum
852 5350 961 5408 cap.
984 5338 1042 5396 5,
1068 5340 1251 5408 T‘om0_l
1277 5353 1289 5386 :
1311 5340 1472 5408 soitmt
1494 5338 1651 5392 autém
1673 5356 1847 5408 omnes,
1866 5346 1953 5408 _q_ui
1975 5348 2244 5408 adfuerunt,

686 5395 1509 5473 Eumeliquicoptoureoantur,“eos
1531 5404 1759 5473 quamdiu
1794 5395 1986 5473 quidem
2016 5395 2247 5473 labiagfta:

683 5454 1071 5527 bueruttctausa,
1089 5458 1329 5527 paulisper
1346 5454 1510 5510 saltem
1535 5454 1763 5527 sustinere
1786 5454 2058 5515 incendium
2071 5454 2147 5527 ,‘Vsi
2164 5454 2244 5519 i53-

683 5530 739 5624 ἲο
762 5517 998 5579 contingat
1024 5526 1071 5567 ut
1089 5517 1145 5568 ὀε
1166 5517 1403 5583 aperiant,
1444 5522 1603 5573 statim
1637 5525 1845 5574 animam
1867 5539 1894 5575 e
1915 5517 2112 5589 corpore
2134 5517 2244 5579 auo-

705 5587 803 5624 are.

705 5587 803 5627 are.

745 5638 817 5697 (η)
848 5638 969 5698 Quia
985 5638 1194 5690 Ecclesia
1216 5647 1300 5703 est,
1326 5642 1406 5693 ubi
1424 5647 1535 5704 tres,
1561 5645 1715 5707 inquit
1736 5646 2071 5698 Tertullianus.

1404 312 1461 371 S.
1502 310 1773 370 JOANNIS
1809 307 2279 368 CllRYSOSTOMl
2316 308 2627 367 ARCBIEP.
2668 311 3190 375 CONSTANTINOP.

3846 342 3961 395 212

2405 438 2542 483 eant.
2577 429 2703 486 Vide
2732 440 2788 487 ut
2814 432 3083 503 incipiant.
3118 435 3207 489 26.
3241 454 3260 487 ι
3292 436 3606 496 Benedictus
3634 456 3711 510 es,
3741 442 3968 497 Domine

2405 519 2538 573 Deus
2576 530 2781 589 patrum
2820 532 3140 587 nostrorum,
3173 533 3226 580 et
3252 526 3509 584 laudabile
3534 538 3586 584 et
3611 531 3967 599 glorificatur!)

2399 625 2590 665 nomen
2621 621 2765 666 tuum
2792 614 2841 668 in
2871 616 3083 669 saecula.
3116 618 3205 671 ιθ.
3253 620 3485 688 Angelus
3526 631 3702 677 autem
3750 624 3965 679 Domini

2398 701 2671 756 descendit
2706 719 2825 758 cum
2862 706 3045 760 Azaria
3075 716 3129 761 et
3158 710 3315 762 sociis
3346 710 3460 779 ejus
3489 712 3539 764 in
3572 711 3839 768 fornacem
3869 732 3883 767 :
3910 724 3970 769 et

2397 791 2628 843 excussit
2654 790 2915 845 ﬂammam
2944 795 3075 862 ignis
3117 794 3183 850 de
3214 795 3446 861 fornace,
3490 799 3571 853 50.
3608 808 3663 854 et
3692 802 3815 854 fecit
3844 817 3965 855 me—

2396 878 2537 933 dium
2580 879 2827 946 fornacis,
2876 884 3026 951 quasi
3079 894 3292 939 ventum
3342 888 3478 940 roris
3525 889 3859 954 sibilantem;
3908 900 3968 945 et

2397 982 2497 1023 non
2526 969 2691 1037 tetigit
2723 985 2815 1023 eos
2848 972 3063 1025 omnino
3100 974 3254 1042 ignis,
3282 984 3335 1029 et
3360 992 3462 1029 non
3488 979 3813 1032 contristavit
3844 995 3962 1044 eos,

2394 1067 2449 1112 et
2474 1060 2768 1115 molestiam
2806 1076 2908 1115 non
2943 1063 3137 1116 intulit.
3163 1084 3189 1124 )
3239 1065 3309 1118 lta
3341 1082 3443 1119 non
3476 1067 3688 1121 fortuito
3734 1071 3829 1123 ista
3874 1070 3964 1125 tie.

2394 1150 2541 1204 bant.
2576 1151 2642 1205 Et
2666 1168 2769 1206 non
2804 1152 2972 1207 solum
3003 1169 3105 1207 non
3138 1166 3262 1209 sunt
3288 1158 3583 1221 combusti;
3616 1159 3706 1212 sed
3737 1175 3832 1213 nec
3858 1162 3963 1215 illis

2391 1243 2684 1295 molestiam
2723 1242 2958 1297 exhibuit
3000 1245 3155 1313 ignis,
3198 1261 3294 1300 nec
3321 1248 3401 1301 vel
3430 1248 3706 1301 minimum
3753 1252 3957 1316 nncuit,

2392 1346 2564 1401 neque
2607 1332 2834 1388 calorem
2866 1343 3170 1389 senserunt.
3219 1336 3285 1389 Et
3329 1348 3608 1407 eapmpter
3652 1339 3787 1393 adeo
3838 1356 3961 1396 sese

2390 1421 2650 1475 extulerat
2676 1422 2908 1489 flamma,
2936 1434 2990 1477 ut
3023 1425 3165 1479 etab
3207 1426 3267 1479 iis
3299 1427 3383 1494 qui
3426 1428 3550 1481 foris
3591 1438 3744 1482 erant
3772 1444 3959 1485 cerne-

2388 1520 2554 1565 retur.
2603 1512 2667 1566 Et
2702 1526 2829 1567 vero
2859 1514 3072 1567 materia
3102 1514 3335 1568 immissa
3365 1515 3659 1571 sufﬁciebat
3699 1518 3765 1571 ad
3799 1518 3957 1573 ﬁdem

2388 1602 2490 1656 illis
2521 1601 2831 1667 faciendam,
2876 1614 2928 1657 et
2952 1603 3093 1673 quod
3122 1606 3257 1675 ignis
3286 1621 3390 1659 non
3417 1606 3689 1674 deﬁceret,
3720 1617 3773 1662 et
3812 1608 3957 1676 quod

2386 1693 2476 1747 ditt
2511 1694 2705 1748 ardens
2739 1704 3036 1764 appareret,
3083 1704 3137 1750 et
3170 1696 3308 1764 quod
3355 1712 3439 1751 res
3480 1713 3657 1750 coram
3707 1699 3958 1753 omnibus

2387 1783 2555 1838 fieret.
2585 1784 2673 1838 91.
2705 1783 2770 1837 Et
2809 1784 3277 1839 Nabuchodonosor
3316 1788 3505 1840 audivit
3548 1787 3813 1843 laudantes
3842 1806 3956 1854 eos;

2384 1881 2431 1925 et
2463 1873 2740 1927 admiratus
2779 1885 2868 1940 est,
2900 1884 2947 1929 et
2972 1877 3183 1929 surrexit
3224 1894 3448 1946 propere,
3476 1890 3521 1930 et
3548 1880 3670 1932 dixit
3695 1882 3955 1948 optimati-

2384 1962 2473 2017 bus
2500 1966 2622 2018 suis.
2670 1965 2724 2019 Id
2764 1966 2934 2034 ipsum
2965 1975 3139 2020 autem
3201 1977 3258 2021 ut
3294 1968 3517 2030 audiret,
3565 1971 3704 2025 unde
3734 1971 3958 2040 contigit

2384 2053 2919 2110 Nabuchodonosori?
2962 2061 3029 2110 At
3068 2074 3162 2127 per
3204 2068 3371 2114 totum
3412 2070 3616 2128 tempus
3657 2064 3952 2118 assederat.

2384 2140 2507 2198 Ideo
2549 2144 2685 2199 Deus
2732 2160 2835 2200 non
2879 2147 3116 2214 permisit
3160 2156 3215 2201 ut
3244 2149 3418 2202 statim
3464 2149 3552 2203 ille
3590 2150 3817 2217 audiret,
3848 2167 3955 2221 quo

2384 2234 2555 2302 ipsum
2609 2236 2767 2289 etiam
2830 2244 3036 2303 tempus
3089 2237 3447 2291 testimonium
3510 2240 3815 2307 perhiberet
3876 2242 3953 2294 rei

2382 2333 2576 2393 gestae;
2606 2325 2743 2393 quod
2772 2326 2971 2380 scilicet
3013 2341 3105 2394 per
3148 2328 3369 2381 multum
3415 2338 3617 2398 tempus
3656 2330 3707 2382 in
3739 2331 3955 2383 camino

2382 2416 2721 2481 commorati,
2771 2417 2900 2470 nihil
2943 2417 3065 2470 mali
3111 2419 3247 2487 passi
3284 2428 3480 2473 essent.
3533 2438 3551 2471 ι
3583 2419 3768 2474 Nonne
3807 2422 3953 2475 viros

2384 2512 2490 2557 tres
2544 2504 2819 2571 injecimus
2857 2507 2906 2558 in
2940 2506 3168 2560 medium
3203 2506 3335 2576 ignis
3372 2508 3735 2575 compeditos?
3769 2510 3833 2563 Et
3862 2524 3951 2563 re-

2379 2593 2696 2660 spondentes
2719 2595 2895 2648 dicunt
2917 2596 3059 2665 regi:
3090 2596 3241 2662 Vere,
3270 2612 3301 2650 o
3323 2612 3435 2650 rex.
3460 2596 3547 2652 99..
3575 2598 3635 2651 Et
3659 2598 3793 2651 dixit
3814 2614 3904 2653 rex
3935 2616 3950 2652 :

2381 2682 2475 2738 llic
2499 2698 2598 2752 ego
2626 2684 2779 2739 video
2808 2684 2949 2739 viros
2990 2693 3215 2753 quatuor
3256 2687 3478 2754 solutos,
3522 2696 3576 2741 et
3612 2688 3951 2742 ambulantes

2380 2770 2433 2824 in
2457 2772 2631 2825 medio
2658 2773 2792 2840 ignis
2813 2789 2827 2828 :
2846 2781 2900 2827 et
2926 2776 3193 2843 corruptio
3218 2790 3320 2828 non
3343 2776 3503 2829 estin
3523 2776 3600 2830 eis
3625 2793 3638 2829 :
3668 2784 3721 2831 et
3742 2779 3951 2845 species

2378 2861 2546 2929 quarti
2569 2860 2751 2915 similis
2774 2862 2878 2916 filio
2902 2862 3011 2917 Dei.
3044 2882 3061 2914 ›
3084 2864 3163 2917 Ab
3179 2865 3312 2918 ostio
3327 2865 3530 2918 viderat
3548 2880 3732 2920 eorum
3753 2865 3941 2922 facies.

2377 2952 2463 3006 93.
2496 2970 2514 3004 ι
2548 2951 2695 3006 Tunc
2719 2954 2942 3008 accessit
2968 2952 3450 3009 Nabuchodonosor
3476 2955 3539 3009 ad
3561 2957 3754 3011 ostium
3776 2958 3949 3011 forna-

2375 3045 2451 3097 cis
2480 3028 2758 3114 ignis'quaa
2788 3045 3023 3110 ardebat,
3054 3057 3105 3100 et
3132 3048 3204 3101 ait
3238 3065 3249 3099 :
3287 3047 3329 3103 Ο
3366 3048 3651 3111 Sedrache,
3681 3048 3939 3115 Misaehe,

2376 3133 2684 3203 Abdenago,
2712 3135 2849 3189 servi
2880 3135 2973 3189 Dei
3013 3136 3275 3201 altissimi,
3317 3138 3647 3206 egredimini,
3687 3149 3741 3193 et
3769 3142 3948 3193 venite

2376 3222 2498 3277 huc.
2527 3223 2594 3276 Et
2618 3225 2815 3293 egressi
2842 3237 2962 3279 sunt
2994 3225 3312 3293 Sedrachus,
3344 3227 3622 3292 Misachus,
3649 3229 3943 3296 Abdenago

2373 3312 2439 3366 de
2488 3312 2663 3366 medio
2704 3314 2856 3382 ignis.
2895 3332 2913 3364 ι
2959 3314 3133 3380 Quare
3178 3325 3351 3369 autem
3400 3332 3503 3370 non
3552 3318 3696 3386 prius
3741 3319 3944 3386 egressi

2373 3409 2514 3465 sunt,
2545 3417 2701 3471 quam
2729 3404 2941 3456 vocavit
2968 3404 3099 3457 eos?
3133 3405 3197 3458 Et
3229 3407 3446 3474 pulchre
3480 3407 3623 3473 prius
3654 3408 3944 3478 interrogat

2372 3493 2650 3561 primores,
2681 3502 2737 3546 ut
2760 3494 3105 3561 responsione
3132 3510 3224 3548 sua
3250 3497 3619 3565 praeoccupati,
3652 3497 3778 3550 nihil
3810 3513 3944 3552 con—

2374 3582 2518 3635 trarii
2584 3583 2965 3651 respondeant,
3016 3600 3185 3653 neque
3245 3587 3521 3641 occasione
3587 3587 3935 3656 abripiantur.

2369 3671 2821 3737 Quemadmodum
2851 3672 3015 3743 Moysi
3044 3674 3252 3729 dicebat
3290 3676 3428 3729 Deus
3453 3692 3465 3728 :
3501 3674 3634 3739 Quid
3662 3686 3733 3731 est
3760 3678 3854 3731 hoc
3886 3680 3941 3731 in

2368 3778 2521 3816 manu
2546 3772 2629 3815 tua
2657 3761 2845 3833 (Exod.
2870 3764 2921 3819 4.
2943 3764 2998 3832 2)
3017 3767 3038 3815 τ
3060 3766 3137 3819 sic
3155 3766 3313 3820 etiam
3332 3765 3815 3822 Nabuchodonosor
3835 3768 3939 3824 hos

2370 3851 2776 3920 interrogatione
2805 3854 3071 3920 anticipat.
3101 3852 3253 3919 Ecce,
3281 3855 3464 3924 inquit,
3493 3858 3631 3910 video
3658 3859 3787 3911 viros
3811 3876 3939 3928 qua-

2372 3951 2484 3993 tuor
2511 3942 2698 3995 solutos
2727 3949 2771 3993 et
2801 3942 3114 3997 ambulantes
3138 3944 3191 3996 in
3216 3946 3375 3997 medio
3406 3946 3533 4015 ignis
3560 3962 3580 4000 .'
3607 3957 3652 4000 et
3678 3952 3937 4016 corruptio

2367 4046 2466 4083 non
2491 4040 2563 4084 est
2589 4031 2638 4083 in
2661 4031 2732 4084 eis
2756 4046 2775 4085 .'
2798 4040 2843 4085 ct
2869 4042 3096 4099 aspectus
3125 4034 3289 4103 quarti
3315 4034 3492 4087 similis
3519 4036 3624 4102 ﬁlio
3654 4034 3767 4088 Dei.
3796 4038 3937 4091 Plu—

2366 4120 2553 4174 rimam
2585 4119 2718 4174 forte
2748 4120 3187 4189 pulchritudinem
3215 4138 3323 4191 prae
3353 4137 3410 4176 se
3446 4123 3667 4177 ferebat.
3698 4124 3870 4190 Unde,
3900 4142 3935 4180 ο

2364 4211 2868 4279 Nabuchodonosor,
2902 4214 3037 4268 nosti
3070 4213 3233 4268 filium
3262 4216 3395 4270 Dei?
3422 4217 3610 4285 ASpice
3641 4217 3782 4269 hunc
3810 4218 3933 4270 bar-

2364 4302 2547 4357 barum
2576 4302 2888 4370 prephetarc
2916 4320 2978 4356 ex
3002 4315 3215 4372 aspectu
3242 4305 3374 4359 solo.
3408 4304 3476 4358 Et
3503 4308 3731 4370 accessit,
3765 4318 3811 4359 et
3838 4324 3932 4360 oo-

2364 4396 2488 4446 cavit
2518 4410 2600 4448 eos
2630 4410 2648 4447 :
2682 4394 2725 4446 0
2748 4394 3021 4457 Sedraclie,
3061 4394 3303 4457 Misce/te,
3346 4395 3633 4466 Abdenago,
3665 4399 3792 4449 servi
3833 4397 3931 4451 Dei

2362 4482 2612 4548 altissimi,
2636 4482 2945 4551 egredimini,
2969 4492 3013 4535 et
3036 4484 3210 4536 venite.
3237 4484 3384 4539 Vide.
3412 4483 3525 4538 Non
3543 4485 3701 4553 jussit
3721 4487 3927 4540 exstin-

2359 4572 2446 4640 gui
2488 4572 2749 4626 fornacem
2794 4589 2806 4625 :
2850 4572 2942 4627 sed
2983 4574 3145 4642 quid?
3178 4574 3391 4629 Vocavit
3437 4590 3548 4641 eos,
3586 4587 3644 4629 ut
3687 4578 3918 4632 exirent.

2362 4659 2520 4715 Vides
2536 4660 2838 4715 miraculum
2859 4676 3100 4731 magnum
3120 4671 3169 4717 et
3187 4662 3511 4717 incredibile.
3527 4664 3675 4730 Quod
3695 4668 3927 4721 maxime

2360 4759 2575 4805 noverat
2603 4765 2693 4805 eos
2719 4751 3076 4817 deliniturum,
3114 4752 3165 4805 id
3209 4754 3323 4806 illos
3347 4756 3570 4807 vocavit.
3618 4755 3761 4809 Nihil
3802 4756 3925 4811 huic

2357 4842 2613 4895 nobilitati
2640 4856 2735 4912 par
2761 4852 2860 4897 est.
2894 4842 3025 4895 Audi
3058 4844 3196 4896 enim
3228 4843 3392 4897 Deum
3417 4844 3681 4899 dicentem
3707 4863 3721 4898 :
3754 4846 3923 4900 Moses

2355 4948 2522 4985 servus
2545 4948 2682 4985 meus
2711 4942 2933 4984 mortuus
2959 4942 3027 4984 est
3054 4931 3188 5001 (Jos.
3224 4933 3273 4986 1.
3300 4932 3379 5003 2).
3410 4933 3496 4998 Ει,
3526 4932 3696 5000 Isaac,
3737 4936 3920 5003 inquit,

2354 5036 2521 5073 servus
2546 5030 2657 5073 tuus
2683 5018 2834 5088 (Gen.
2863 5020 2950 5073 24.
2982 5020 3092 5087 li).
3125 5020 3234 5074 Ilac
3270 5022 3623 5091 appellatione
3653 5024 3925 5078 exsultant

2355 5108 2546 5178 angeli,
2577 5119 2629 5163 et
2650 5108 2957 5173 Cherubini,
2984 5118 3037 5163 et
3060 5109 3359 5179 Seraphini.
3385 5111 3493 5167 Nec
3515 5113 3668 5167 sicuti
3697 5125 3921 5167 centeno

2355 5198 2518 5254 tiosus
2544 5198 2731 5267 aliquis
2761 5198 2988 5263 fecisset,
3028 5199 3085 5252 in
3115 5198 3326 5255 fornace
3371 5210 3680 5257 manserunt
3711 5202 3859 5269 pueri
3900 5220 3915 5257 :

2352 5287 2445 5342 sed
2472 5288 2646 5342 statim
2672 5286 2983 5342 obedierunt
3012 5305 3023 5341 :
3052 5297 3106 5344 et
3132 5288 3197 5343 ad
3227 5289 3570 5359 spectandum
3601 5290 3914 5346 miraculum

2350 5392 2535 5434 omnes
2559 5392 2872 5433 convenere.

2950 5512 3171 5570 CAPUT
3210 5513 3297 5568 IV.

2421 5644 2471 5697 ί.
2515 5642 2621 5712 Ego
2670 5642 3133 5702 Nabuchodonosor
3174 5646 3434 5700 abttndam
3478 5663 3615 5702 erant
3663 5648 3718 5703 iu
3776 5655 3917 5711 domo
