4140 6314
205 385 292 439 211

203 493 323 563 άπερ
353 493 444 547 ἐπὶ
474 495 570 548 τοῦ
603 496 833 566 Δανιὴλ,
880 495 1140 567 πρότερον
1171 495 1371 565 ἔμαθον
1401 492 1560 548 αὐτοῦ
1609 494 1732 554 τοὺς

202 581 409 650 τρόπους
449 583 544 636 καὶ
567 583 666 653 τὴν
705 585 1025 649 ἐπιείκειαν,
1055 585 1148 636 καὶ
1175 585 1294 636 τότε
1322 583 1392 636 τὰ
1416 584 1614 652 σημεῖα
1636 579 1733 632 ἐώ-

207 683 310 734 ρων·
328 666 468 720 οὕτω
495 671 588 720 καὶ
608 669 838 722 ἐνταῦθα
858 671 1077 736 ἄγονται
1101 671 1176 732 εἰς
1203 670 1383 738 μέσον,
1408 669 1500 720 καὶ
1524 666 1733 737 πρῶτον

203 752 358 804 αὐτῶν
388 753 485 822 τὴν
509 755 824 826 προαίρεσιν
849 754 1022 822 ἀπεγύ
1033 771 1240 823 μνωσεν
1263 757 1290 807 ὁ
1314 753 1441 816 Θεός
1461 770 1474 784 ο
1493 749 1729 806 κάκεῖνοί

201 855 246 889 τε
271 837 407 890 οὕτω
436 841 937 910 παρεσκευασμένοι
964 843 1061 895 οὐκ
1083 841 1427 910 ἐπεπήδησαν
1452 842 1528 902 εἰς
1556 838 1615 891 τὸ
1641 839 1733 908 μέ-

202 940 293 978 σον.
330 925 474 976 Ἵστε
505 925 559 978 δὲ
598 927 678 978 ὅτι
726 926 1005 998 ἄνθρωπος
1029 926 1125 994 τῆς
1158 924 1430 996 παρούσης
1462 925 1602 994 ζωῆς
1629 925 1732 976 άπ-

202 1009 454 1074 εγνωκὼς,
487 1010 580 1063 καὶ
603 1011 796 1080 ῥαδίως
812 1012 988 1080 φέρων
1017 1011 1112 1080 τὴν
1133 1010 1403 1080 τελευτὴν,
1420 1010 1567 1062 οὐδὲν
1589 1025 1731 1078 παρ-

201 1097 459 1164 αιτήσαιτο
527 1097 819 1166 τολμῆσαι,
869 1099 962 1150 καὶ
1025 1096 1133 1149 τῶν
1182 1098 1384 1166 σφόδρα
1442 1094 1731 1148 δοκούντων

203 1178 329 1252 [219]
360 1181 643 1253 τολμηρῶν
676 1180 829 1237 εἶναι.
868 1183 1004 1236 Ἀλλ’
1035 1184 1180 1253 ὅμως
1208 1184 1301 1238 καὶ
1339 1177 1478 1236 οὗτοι
1505 1183 1729 1235 θανάτου

201 1267 555 1336 ὑπερορῶντες
584 1271 839 1331 ἐπιεικεῖς
862 1264 1018 1339 ἦσαν,
1040 1269 1191 1322 οὐδὲν
1225 1269 1330 1322 ἀπὸ
1357 1269 1455 1336 τῆς
1483 1268 1729 1338 ἀνδρείας

200 1353 264 1412 είς
298 1352 610 1422 θρασύτητα
649 1354 1104 1424 παραϐλαϐέντες,
1131 1353 1250 1408 οὐδέ
1280 1354 1555 1423 φιλοτιμίᾳ
1578 1353 1732 1405 τοῦτο

201 1436 478 1499 ποιοῦντες.
508 1439 614 1490 Kal
646 1442 698 1492 οί
732 1439 944 1505 ἄνδρες
958 1440 1172 1493 ἐκεῖνοι
1205 1442 1257 1492 ol
1275 1439 1448 1506 τρεῖς,
1481 1438 1723 1506 Σεδρὰχ,

198 1521 404 1590 Μισὰχ,
440 1523 773 1594 Ἀϐδεναγώ,
793 1526 1012 1579 ἔπεσον
1025 1527 1111 1590 είς
1133 1525 1326 1593 μέσον
1351 1525 1460 1592 τῆς
1479 1524 1728 1592 καμίνου

199 1608 286 1661 τοῦ
311 1608 503 1674 πυρὸς
527 1607 638 1675 τῆς
669 1610 1003 1678 καιομένης,
1039 1609 1454 1678 πεπεδημένοι.
1493 1610 1600 1664 Kal
1631 1623 1727 1662 πε-

192 1698 500 1764 ριεπάτουν
541 1698 611 1751 ἐν
653 1700 820 1766 μέσῳ
846 1698 956 1765 τῆς
997 1699 1238 1767 φλογὸς,
1265 1697 1593 1768 ὑμνοῦντες
1625 1697 1730 1750 τὸν

201 1786 348 1850 Θεὸν,
381 1786 478 1839 καί
516 1787 909 1855 εὐλογοῦντες
933 1786 1038 1839 τὸν
1061 1788 1295 1856 Κύριον.
1330 1788 1489 1857 Ὅρα,
1522 1787 1579 1838 οὐ
1603 1785 1730 1838 θαυ-

202 1874 388 1941 μαστὸν
410 1872 567 1927 τοῦτο
603 1878 694 1927 καὶ
723 1875 1040 1944 παράδοξον,
1074 1874 1134 1928 τὸ
1158 1875 1250 1926 καὶ
1291 1877 1605 1944 περιπατεῖν
1639 1875 1728 1926 καὶ

199 1959 406 2028 ὑμνεῖν,
453 1959 703 2029 καθάπερ
748 1962 804 2012 ἐν
855 1960 1205 2031 κολυμϐήθρᾳ
1251 1959 1488 2020 ὑδάτων;
1539 1960 1728 2012 Καίτοι

198 2044 327 2098 οὐδὲν
381 2045 585 2098 κωλύον
633 2042 700 2116 ἦν
763 2048 914 2111 ἐκεῖ,
972 2049 1199 2118 ἐπείπερ
1254 2047 1383 2110 Θεὸς
1435 2046 1724 2116 ἠϐουλήθη.

196 2129 430 2183 τοιοῦτον
476 2127 616 2185 εἶναι
649 2131 770 2200 ἐμοὶ
803 2133 947 2184 δοκεῖ
979 2133 1193 2184 κάκεῖνο
1233 2132 1290 2184 τὸ
1319 2133 1446 2203 πῦρ,
1500 2131 1560 2184 τὸ
1605 2133 1729 2194 τοὺς

197 2214 284 2277 ἔξω
309 2215 662 2269 κατακαῦσαν
685 2231 699 2245 θ
734 2217 827 2268 καὶ
869 2217 1024 2269 τοῦτο
1061 2217 1190 2287 πῦρ,
1237 2219 1452 2270 κάκεῖνο
1489 2218 1548 2270 τὸ
1588 2216 1724 2288 πῦρο

195 2303 276 2352 καὶ
314 2301 488 2354 ταῦτα
533 2301 780 2371 σώματα,
817 2303 1040 2355 κάκεῖνα
1075 2304 1144 2356 τὰ
1191 2303 1445 2374 σώματα·
1482 2306 1573 2357 καὶ
1621 2305 1729 2356 τῶν

199 2387 282 2454 μὲν
334 2387 531 2456 ῆψατο,
579 2387 684 2440 τῶν
729 2388 785 2440 δὲ
833 2388 1115 2458 ἀπέσχετο.
1169 2384 1319 2451 Εἶδες
1364 2391 1484 2442 ὅσον
1530 2389 1728 2456 ἀγαθὸν

197 2473 493 2542 προαίρεσις
532 2473 823 2542 κα).λίστη;
857 2473 1166 2543 ἐθαύμασας
1198 2475 1371 2528 αὐτῶν
1401 2475 1497 2544 τὴν
1543 2475 1729 2544 προαί-

197 2573 361 2626 psam;
398 2558 684 2628 Θαύμασον
711 2560 804 2611 τοῦ
833 2561 1100 2614 Δεσπότου
1124 2561 1220 2630 τὴν
1251 2559 1478 2625 εὐνοιαν,
1519 2563 1611 2614 καὶ
1631 2563 1727 2631 τὴν

195 2645 361 2714 τιμὴν,
388 2646 452 2713 ὴν
495 2645 572 2706 είς
615 2645 807 2706 αὐτοὺς
834 2644 1160 2710 ἐπεδείξατο.
1194 2644 1338 2710 Τοὺς
1376 2644 1730 2710 δοξάζον-τάς

191 2747 255 2798 με
287 2731 542 2794 δοξάσω,
574 2728 722 2799 φησι.
753 2729 1004 2799 Είστήκει
1029 2731 1088 2783 τὸ
1121 2730 1340 2801 θέατρον
1373 2729 1533 2784 ἅπαν.
1561 2732 1728 2799 ’Υπὲρ

194 2818 277 2887 τὴν
299 2817 456 2886 φύσιν
487 2815 831 2884 ἐφθέγξαντο,
863 2817 1000 2885 ὑπὲρ
1022 2817 1121 2872 τὴν
1159 2819 1316 2886 φύσιν
1347 2819 1540 2881 αὐτοὺς
1572 2820 1723 2888 τιμᾷ.

196 2906 321 2974 Ὅρα
347 2905 416 2958 τὰ
441 2905 534 2957 τοῦ
572 2903 838 2956 Δεσπότου
878 2903 1202 2974 δυναμένους
1232 2905 1358 2969 τοὺς
1386 2907 1620 2969 οἰκέτας.
1664 2907 1728 2958 Τί

195 2990 498 3061 θαυμάζεις,
542 2990 590 3041 εί
641 2988 900 3058 βασιλέως
940 2989 1325 3056 καταγελῶσιν,
1363 2992 1491 3043 ὅταν
1536 2991 1730 3052 αὐτοὺς

192 3078 252 3132 τα
293 3079 526 3147 στοιχεῖα
565 3076 775 3144 αἰδῆται
816 3077 906 3127 καὶ
953 3075 1237 3145 θαυμάζῃ;
1311 3077 1600 3144 Ἐκκλησία
1641 3079 1731 3144 γέ-

192 3181 335 3230 γονεν
358 3167 392 3233 ἡ
427 3163 674 3232 κάμινος.
723 3161 869 3229 αὐτῷ
901 3160 1060 3229 ἐῴκει
1099 3161 1177 3230 τῷ
1201 3161 1430 3231 οὐρανῷ.
1472 3162 1731 3216 Ἐνταῦθα

194 3250 282 3320 ήδη
319 3251 416 3319 τῆς
455 3247 760 3316 ἀφθαρσίας
790 3249 978 3314 πεῖραν
1025 3245 1228 3298 ἔλαϐον.
1277 3247 1427 3299 Ἐπεὶ
1459 3249 1551 3301 καὶ
1584 3249 1732 3319 παρὰ

193 3338 280 3405 τὴν
310 3337 482 3406 ἀρχὴν
511 3334 726 3403 παθητὰ
773 3333 839 3386 τὰ
879 3332 1102 3403 σώματα
1128 3333 1336 3404 ήμῶνή
1373 3335 1612 3407 ἁμαρτία
1641 3353 1732 3387 πε-

196 3422 408 3490 ποίηκεν
433 3437 443 3450 ·
474 3422 601 3474 ὅταν
633 3419 762 3489 γοῦν
801 3419 868 3472 τὰ
887 3420 1068 3473 δίκαια
1097 3423 1330 3492 πράττῃ,
1365 3422 1524 3474 πάλιν
1549 3423 1731 3493 ἀπαθῆ

193 3508 409 3575 γίνεται.
452 3508 563 3561 Kal
612 3507 1022 3576 περιεπάτουν,
1073 3507 1223 3576 φησί.
1271 3507 1407 3560 Ἀλλ’
1444 3509 1638 3579 ἴδωμεν
1681 3512 1732 3562 τί

196 3595 528 3662 φθέγγονται·
547 3594 644 3663 τῆς
665 3594 924 3662 μυστικῆς
945 3591 1260 3661 ἀκούσωμεν
1283 3593 1462 3664 φωνῆς
1479 3593 1734 3664 μεθ’ήσυ-

195 3681 302 3751 χίας
329 3682 548 3750 πολλῆς.
573 3678 721 3742 Εἶδες
750 3681 976 3734 ἄτακτον
1006 3681 1185 3751 φωνὴν
1214 3681 1305 3733 καὶ
1329 3682 1732 3753 συγκεχυμένην

193 3768 282 3837 τῆς
314 3766 620 3837 σαμϐύκης,
641 3766 732 3820 καὶ
752 3765 844 3818 τοῦ
865 3766 1180 3835 ψαλτηρίου,
1207 3767 1299 3819 καὶ
1315 3767 1412 3834 τῆς
1441 3767 1729 3837 μουσικῆς;

195 3854 454 3907 Ἀκουσον
483 3852 662 3921 φωνῆς
691 3852 795 3904 ἀπὸ
821 3852 1009 3921 πυρός.
1032 3852 1105 3905 Οὐ
1124 3851 1433 3922 θαυμαστὸν
1460 3854 1630 3906 ἐδόκει
1652 3870 1732 3906 σοι

191 3940 246 3991 τὺ
274 3939 454 4010 φωνήν
486 3938 591 3990 ἀπὸ
620 3938 789 4008 πυρὸς
832 3937 1089 4008 φέρεσθαι
1118 3938 1286 4003 Θεοῦ;
1339 3939 1466 3993 Ἰδοὺ
1505 3941 1596 3992 καὶ
1620 3943 1731 4003 τοῖς

191 4024 390 4090 δούλοις
412 4023 578 4078 αὐτοῦ
607 4024 762 4076 τοῦτο
787 4023 1094 4093 ἐχαρίσατο.
1129 4025 1282 4087 Ποῖος
1303 4024 1410 4095 ἀὴρ
1438 4025 1735 4096 πληττόμε-

191 4127 272 4174 νος
304 4114 403 4182 τὴν
445 4109 626 4181 φωνὴν
655 4106 934 4176 ἀπετέλει;
960 4109 1092 4179 Οὐχὶ
1128 4109 1284 4162 τοῦτο
1312 4111 1399 4162 ἀεὶ
1420 4123 1445 4151 ι
1465 4115 1577 4172 τοῖς
1608 4113 1735 4181 μέλ-

192 4197 332 4249 λουσι
368 4194 758 4251 κατακαίεσθαι
795 4195 1136 4265 παραινοῦσι,
1187 4195 1472 4264 διανοίγειν
1513 4197 1582 4250 τὰ
1616 4197 1733 4250 στό-

195 4300 353 4351 ματα,
380 4283 454 4345 ὠς
477 4282 595 4334 οὐδέ
633 4282 824 4351 μικρὸν
863 4280 1163 4351 δυναμένης
1199 4280 1297 4350 τῆς
1343 4281 1619 4352 δυνάμεως
1651 4285 1728 4336 ἐνο

192 4372 474 4438 απομεῖναι
493 4366 571 4436 τῷ
593 4366 798 4434 σώματι
825 4366 1037 4432 λοιπόν;
1061 4367 1197 4437 Ὅρα
1213 4368 1526 4437 συμφωνίαν
1549 4385 1734 4439 μουσι-

189 4456 304 4525 κήν,
333 4454 526 4522 ὥσπερ
553 4451 612 4515 ἐξ
635 4453 750 4514 ἐνὸς
776 4452 1036 4520 στόματος
1057 4453 1261 4516 πάντας
1287 4453 1602 4524 ὑμνοῦντας.
1625 4455 1736 4509 Kal

191 4543 423 4608 συστὰς
457 4539 710 4606 Ἀζαρίας
726 4539 1108 4605 προσηύξατο
1130 4539 1312 4604 οὕτως
1335 4558 1348 4570 ·
1373 4541 1467 4592 καί
1489 4540 1736 4608 ἀνοίξας

189 4630 248 4681 τὸ
277 4630 474 4697 στόμα
501 4625 685 4682 αὑτοῦ
721 4625 789 4677 ἐν
818 4624 984 4692 μέσῳ
1023 4625 1126 4679 τοῦ
1174 4625 1361 4692 πυρὸς
1399 4621 1586 4679 εἶπεν.
1620 4628 1735 4678 Ἷνα

193 4715 261 4784 μὴ
286 4715 536 4784 νομίσῃς,
564 4714 646 4766 ὃτι
666 4712 804 4782 ὑπὲρ
829 4710 935 4762 τῶν
957 4710 1229 4782 παρόντων
1252 4711 1622 4780 εὐχαριστοῦσι
1645 4713 1738 4781 μό-

189 4821 288 4871 νον,
327 4803 467 4870 ὺπέρ
495 4799 594 4869 τῆς
616 4797 1014 4869 αἰχμαλωσίας,
1054 4797 1145 4849 καὶ
1171 4797 1275 4849 τῶν
1307 4797 1490 4851 δεινῶν
1522 4798 1737 4850 ἐκείνων

187 4890 286 4942 τῶν
309 4885 727 4958 συμϐεϐηκότων
749 4886 924 4946 αὐτοῖς
944 4882 1311 4953 παρακαλοῦσι
1329 4883 1416 4935 τὸν
1436 4884 1584 4937 Θεόν.
1599 4885 1737 4953 Ὅρα

189 4977 296 5039 πῶς
317 4976 599 5045 ἄρχονται.
621 4970 949 5038 Εὐλογητὸς
974 4966 1046 5032 εἴ,
1074 4970 1247 5036 Κύριε
1269 4971 1300 5022 ό
1330 4969 1469 5036 Θεὸς
1488 4970 1605 5022 τῶν
1631 4981 1739 5022 πα-

189 5062 367 5128 τέρων
419 5057 608 5126 ἡμῶν,
655 5054 752 5107 καί
790 5054 1026 5107 αίνετὸν
1057 5054 1154 5106 καί
1195 5053 1630 5123 δεδοξασμένον
1674 5057 1740 5109 τὸ

189 5149 368 5217 ὄνομά
398 5162 516 5201 σου
538 5146 625 5209 εὶς
644 5142 781 5206 τοὺς
814 5141 1049 5206 αιῶνας.
1083 5143 1144 5195 ὀ
1172 5141 1238 5194 δὲ
1261 5141 1505 5212 ἄγγελος
1527 5144 1740 5210 Κυρίου

187 5235 519 5305 συγκατέση
540 5231 659 5296 τοῖς
683 5229 810 5297 περὶ
828 5229 935 5282 τὸν
964 5227 1226 5296 Ἀζαρίαν
1243 5232 1327 5295 είς
1342 5230 1454 5298 τὴν
1472 5230 1737 5299 κάμινον,

189 5325 278 5375 καὶ
304 5318 615 5386 έξετίναξε
643 5316 755 5384 τὴν
779 5314 973 5384 φλόγα
999 5313 1104 5368 τοῦ
1131 5319 1315 5383 πυρὸς
1343 5317 1410 5369 ἐκ
1437 5316 1546 5385 τῆς
1571 5317 1739 5377 καμί-

245 5459 266 5485 ⁸
294 5457 492 5505 Parca.
526 5465 602 5514 pr.
627 5451 686 5499 ad
705 5447 890 5500 Theod.
920 5447 1039 5514 lgps.
1075 5458 1180 5514 οιρ.
1222 5447 1252 5495 5
1279 5462 1295 5514 :_
1314 5447 1473 5514 Ἵραςι
1506 5449 1556 5497 δὲ
1577 5449 1742 5505 πάντες

245 5460 266 5485 ⁸
294 5460 492 5505 Parca.
526 5465 602 5514 pr.
627 5460 686 5499 ad
706 5460 890 5500 'I‘neoa.
921 5460 1039 5510 laps.
1075 5460 1180 5554 τις.
1222 5460 1252 5495 ο
1279 5462 1290 5494 :
1315 5460 1473 5497 Ἰσασι
1506 5460 1556 5497 σε
1577 5460 1742 5505 πάντες

189 5518 286 5564 bam
308 5516 410 5570 τοῖς
426 5513 697 5576 καιομένοις
728 5508 1113 5576 παραγεγόνασιν,
1145 5525 1223 5576 ,ως
1246 5509 1406 5576 μὲγᾶν
1427 5510 1581 5576 ἐχωσι⁵
1597 5526 1742 5576 μεμυ-

186 5579 296 5624 κότα
323 5567 498 5624 ἐκεῖνοι
527 5567 586 5620 τὰ
612 5571 782 5633 χείληλ
807 5567 892 5633 κᾶν
908 5567 1066 5633 Δβριιιχὺ
1088 5567 1199 5633 γοῦν
1237 5567 1487 5633 άντέχουσι
1502 5567 1621 5633 πρὸς.

187 5635 477 5697 ἐμπρησμὸν
508 5635 548 5697 εξ
569 5627 643 5697 δεῖ
661 5627 1057 5697 συμϐαίηιδιᾶραι
1094 5627 1148 5674 τὸ
1185 5627 1351 5690 στόμα
1365 5627 1550 5689 αὐτῶν,
1580 5630 1745 5682 εὐθέως

189 5691 439 5753 ἐφίπταται
469 5691 554 5740 τοῦ
578 5693 796 5752 σώματος
805 5691 844 5744 σή
867 5691 1010 5749 ψυχή.

1558 375 1624 430 ΙΝ
1658 373 2012 431 DANIELEM.

3285 395 3400 449 212

1832 510 1962 559 νου,
1983 496 2078 548 καί
2098 495 2343 565 ἐποίησε
2365 505 2428 553 τὸ
2442 503 2634 569 μέσον
2657 502 2760 570 τῆς
2781 502 3032 571 καμίνου
3053 501 3132 566 ὡς
3151 498 3382 568 πνεῦμα

1831 578 2049 645 δρόσου
2070 582 2404 651 διασυρίζον
2423 603 2434 616 ο
2459 587 2554 639 καί
2585 589 2694 655 οὐχ
2726 588 2920 655 ἥψατο
2948 583 3142 640 αὐτῶν
3168 587 3231 638 τὸ
3252 588 3383 639 καθο

1833 667 1976 721 ὀλου
2002 671 2066 722 τὸ
2094 672 2211 738 πῦρ
2232 713 2245 736 ,
2283 675 2378 726 καὶ
2415 677 2524 728 οὐκ
2563 676 2870 742 ἐλύπησεν
2901 673 3120 740 αὐτοὺς
3141 712 3158 737 ,
3184 678 3279 725 καὶ
3307 675 3378 727 οὐ

1831 755 2317 824 παρηνώχλησεν.
2387 759 2568 823 Οὕτως
2639 762 2737 814 οὐκ
2819 763 3134 829 αὐτομάτως
3209 758 3378 810 ταῦτα

1831 841 2061 908 ἐγένετο.
2115 844 2222 895 Kal
2267 845 2326 897 οὐ
2373 845 2527 912 μόνον
2555 847 2614 898 οὐ
2648 847 3076 914 κατεκαύθησαν,
3116 844 3226 898 ἀλλ’
3260 844 3377 898 οὐδέ

1834 927 2248 997 παρηνώχ).ησεν
2281 927 2473 993 αὐτοὺς
2517 932 2576 982 τὸ
2603 931 2730 1001 πῦρ,
2758 933 2876 985 οὐδέ
2903 930 3053 1003 [920]
3088 931 3373 1000 ἐλύπησεν,

1831 1014 1950 1065 οὐδὲ
1993 1014 2053 1065 τὸ
2117 1015 2274 1084 τυχὸν
2329 1012 2467 1083 οἷον,
2552 1017 2670 1070 οὐδὲ
2731 1019 2933 1088 θέρμην
2989 1016 3230 1086 ᾔσθοντο.
3279 1017 3375 1069 Διά

1830 1098 1984 1150 τοῦτο
2011 1099 2064 1151 δὲ
2096 1101 2185 1152 καὶ
2233 1102 2321 1154 ἐπὶ
2369 1102 2618 1154 τοσοῦτον
2676 1104 2708 1172 ή
2761 1103 2889 1170 φλὸξ
2933 1103 3193 1172 ἀνῆλθεν,
3238 1101 3375 1154 ὥστε

1830 1186 1922 1236 καὶ
1966 1187 2076 1248 τοῖς
2121 1185 2313 1250 ἔξωθεν
2354 1188 2651 1255 φαίνεσθαι.
2690 1188 2797 1240 Kal
2833 1189 2864 1258 ή
2912 1188 3277 1258 ἐμϐαλλομένη
3320 1186 3376 1239 δέ

1831 1269 1927 1339 ὕλη
1962 1271 2116 1341 ἱκανὴ
2147 1268 2173 1324 εἴ
2242 1275 2446 1340 μύτοὺς
2489 1273 2877 1336 πιστώσασθαι,
2924 1275 3016 1326 καὶ
3049 1273 3106 1324 τὸ
3153 1274 3224 1342 μὴ
3260 1274 3374 1325 δια-

1828 1354 2050 1420 λείπειν,
2079 1359 2170 1408 καὶ
2209 1370 2267 1408 το
2296 1359 2386 1410 ἐπὶ
2426 1357 2558 1410 πολὺ
2607 1359 2884 1425 φαίνεσθαι
2931 1357 3220 1427 καιομένην
3241 1399 3254 1421 ,
3283 1358 3377 1411 καὶ

1829 1441 2042 1496 πάντων
2068 1443 2242 1513 ἐμπρι
2257 1445 2370 1497 εθεν
2391 1445 2545 1498 τοῦτο
2582 1445 2846 1512 γενέσθαι.
2876 1446 2981 1500 Kal
3007 1445 3378 1512 Ναϐουχοδο-

1829 1530 2009 1596 νόσορ
2037 1529 2112 1597 ἦν
2157 1547 2300 1583 οσεν
2326 1532 2673 1599 ὑμνούντων
2699 1531 2911 1594 αὐτῶν,
2937 1532 3031 1584 καί
3060 1532 3375 1598 ἐθαύμασε,

1829 1617 1921 1668 καὶ
1949 1616 2072 1668 ἐςτίν.
2155 1631 2240 1683 ’τη
2262 1617 2330 1668 ὲν
2349 1616 2605 1682 σπουδῇ,
2631 1619 2726 1670 καὶ
2747 1613 2872 1670 εἷπε
2894 1616 3014 1681 τοῖς
3027 1615 3380 1684 μεγιστᾶσιν

1827 1701 2031 1754 αὑτοῦ.
2060 1716 2195 1753 Auro
2234 1701 2289 1753 δὲ
2327 1702 2479 1755 τοῦτο
2517 1703 2714 1771 ἐπῆλθε
2745 1703 2904 1756 πόθεν
2943 1702 3017 1772 τῷ
3044 1701 3378 1771 Ναϐουχοδοο

1827 1786 1982 1856 νόσορ
2016 1786 2271 1854 ἁκοῦσαι;
2300 1789 2439 1857 Ἀρα
2462 1789 2635 1842 πάντα
2672 1789 2761 1841 τὸν
2792 1789 2975 1858 χρόνον
3013 1787 3374 1857 παρεκάθητο.

1827 1871 1921 1922 Διὰ
1944 1870 2048 1940 γὰρ
2088 1871 2242 1923 τοῦτο
2275 1872 2472 1936 εὐθέως
2496 1875 2593 1926 οὐκ
2621 1876 2797 1926 εἴασεν
2823 1874 2982 1926 αὐτὸν
3008 1872 3230 1924 ἀκοῦσαι
3255 1911 3269 1933 ,
3291 1872 3378 1924 ἵνα

1827 1959 1921 2011 καὶ
1952 1961 1979 2011 ό
2006 1959 2190 2027 χρόνος
2213 1960 2371 2022 αὐτὸς
2399 1964 2714 2032 μαρτυρήσῃ
2748 1961 2824 2030 τῷ
2846 1961 3134 2031 γενομένῳ,
3165 1960 3246 2012 ὅτι
3285 1959 3378 2012 καὶ

1827 2044 1990 2096 πολὺν
2015 2044 2382 2113 διατρίψαντες
2402 2046 2608 2116 χρόνον,
2630 2047 2777 2099 οὐδὲν
2805 2046 2999 2098 ἔπαθον
3018 2045 3206 2098 δεινόν.
3233 2043 3379 2110 Οὑχι

1827 2131 2045 2197 ἄνδρας
2065 2133 2216 2200 τρεῖς
2239 2133 2594 2202 ἑνεϐάλομεν
2615 2137 2700 2201 εἰς
2718 2133 2909 2202 μέσον
2936 2134 3039 2187 τοῦ
3071 2131 3257 2199 πυρὸς
3281 2146 3381 2184 πε-

1828 2216 2193 2287 πεδημένους
2211 2236 2229 2282 ;
2248 2220 2353 2273 Kal
2385 2219 2800 2288 ἀποκριθέντες
2823 2219 3070 2288 λέγουσι
3101 2218 3180 2282 τῷ
3201 2219 3382 2281 ,ϐασι-

1825 2303 1955 2357 λεῐ·
1999 2303 2245 2372 Ἀληθῶς
2265 2345 2278 2367 ,
2311 2306 2592 2369 βασιλεῦ.
2645 2305 2751 2358 Καὶ
2780 2300 2945 2357 εἶπεν
2980 2307 3012 2358 ὀ
3044 2305 3340 2368 ,ϐασιλεύς
3363 2319 3378 2335 ⁸

1827 2382 1964 2440 Ὧδε
1979 2388 2090 2456 ἐγὼ
2122 2388 2236 2455 ὁρῶ
2277 2388 2495 2457 ἄνδρας
2536 2390 2831 2455 τέσσαρας
2861 2387 3245 2456 λελυμένους,
3284 2389 3382 2442 καί

1827 2474 2293 2541 περιπατοῦντας
2321 2476 2388 2527 ἐν
2410 2475 2576 2543 μέσῳ
2597 2473 2701 2527 τοῦ
2733 2477 2947 2541 πυρός’
2981 2475 3076 2527 καὶ
3100 2475 3384 2542 διαφθορὰ

1829 2561 1938 2611 οὐκ
1972 2558 2138 2612 ἐστιν
2164 2560 2232 2612 ἐν
2264 2560 2494 2625 αὐτοῖς’
2529 2561 2625 2615 καί
2650 2560 2685 2626 ἡ
2726 2560 2931 2627 ὅρασις
2962 2560 3068 2613 τοῦ
3104 2559 3383 2626 τετάρτου

1829 2645 2000 2711 ὁμοία
2018 2644 2123 2711 υίῷ
2151 2646 2256 2699 τοῦ
2278 2647 2442 2700 Θεοῦ.
2475 2646 2603 2698 Ἀπὸ
2621 2647 2716 2716 τῆς
2746 2646 2914 2716 θύρας
2940 2643 3073 2699 εἶδεν
3095 2646 3190 2706 τὰς
3212 2645 3380 2713 δψεις.

1835 2735 1969 2786 Τότε
1992 2734 2294 2801 προσῆλθε
2331 2735 2856 2802 Ναϐουχοδονόσορ
2886 2735 3032 2801 πρὸς
3068 2733 3179 2801 τὴν
3199 2735 3385 2801 θύραν

1829 2817 1938 2885 τῆς
1961 2819 2210 2886 καμίνου
2239 2821 2342 2873 τοῦ
2364 2820 2551 2887 πυρὸς
2580 2818 2685 2886 τῆς
2708 2819 3042 2887 καιομένης,
3066 2819 3162 2870 καί
3186 2814 3380 2871 εἶπενο

1830 2904 2052 2973 Σεδρὰχ
2073 2945 2087 2969 ,
2122 2904 2321 2973 Μισὰχ
2341 2945 2355 2967 ,
2398 2905 2710 2974 Ἀϐδεναγὼ
2735 2945 2749 2967 ,
2778 2907 2832 2957 οι
2859 2904 3064 2958 δοῦλοι
3095 2905 3199 2958 τοῦ
3236 2903 3382 2957 Θεοῦ

1829 2991 1932 3044 τοῦ
1960 2991 2241 3058 ὑψίστου,
2263 2991 2552 3056 έξέλθετε,
2579 2993 2674 3045 καί
2706 2991 2875 3045 δεῦτε
2897 2986 3030 3046 ὦδε.
3076 2991 3180 3044 Kal
3205 2988 3384 3057 ἐξῆλ-

1832 3080 1939 3130 θον
1963 3076 2209 3144 Σεδρὰχ.
2237 3078 2454 3144 Μισὰχ,
2498 3077 2817 3144 Ἀϐδενατὼ
2842 3077 2910 3129 ἐκ
2930 3076 3124 3145 μέσου
3145 3077 3248 3128 τοῦ
3275 3091 3388 3127 πυ-

1823 3163 1952 3228 ρός.
1982 3161 2080 3214 Διὰ
2101 3161 2152 3213 τί
2176 3162 2219 3213 δ’
2248 3162 2308 3214 οὐ
2336 3164 2591 3234 πρότερον
2613 3161 2832 3231 ἐξῆλθον
2859 3161 2960 3224 ἕως
2997 3161 3248 3214 ἐκάλεσεν
3280 3162 3380 3213 αὐ·

1832 3247 1955 3310 τούς
1980 3267 1994 3313 ;
2029 3249 2135 3300 Kal
2156 3248 2332 3313 καλῶς
2368 3249 2621 3318 πρότερον
2643 3250 2816 3319 ἐρωτᾷ
2843 3249 2966 3308 τοὺς
2993 3248 3274 3317 ἄρχοντας,
3295 3248 3386 3300 ἵνα

1833 3337 1899 3405 τῇ
1934 3337 2214 3406 ἀποκρίσει
2258 3334 2782 3406 προκατασχεθέντες
2821 3334 2982 3402 μηδὲν
3004 3334 3236 3387 ἐναντίον
3259 3335 3386 3386 ἀπο-

1834 3421 2142 3491 κρίνωνται,
2172 3420 2302 3491 μηδὲ
2332 3420 2432 3473 ὑπὸ
2452 3419 2544 3473 τοῦ
2567 3419 2753 3491 καιροῦ
2785 3418 3219 3489 συναρπαγῶσιν.
3253 3419 3388 3471 Ὠσ-

1833 3525 1936 3576 περ
1967 3507 2043 3575 τῷ
2072 3509 2294 3560 Μωῦσεῖ
2321 3507 2497 3574 ἔλεγεν
2515 3509 2541 3558 ὁ
2567 3507 2695 3567 Θεός
2714 3521 2728 3536 ο
2761 3506 2822 3558 Τί
2850 3505 3023 3557 τοῦτο
3042 3506 3108 3557 έν
3136 3503 3211 3571 τῇ
3235 3505 3389 3572 χειρί

1833 3607 1988 3655 σου;
2035 3592 2175 3644 οὕτω
2215 3592 2309 3645 καὶ
2349 3593 2569 3653 τούτους
2609 3591 3070 3659 Ναϐουχοδονόσορ
3110 3608 3390 3661 προκατα-

1832 3677 2181 3748 λαμϐάνειτῇ
2226 3679 2501 3749 ἐρωτήσει.
2554 3676 2708 3730 Ἰδοὺ
2733 3715 2748 3740 ,
2797 3677 2977 3746 φησιν,
3006 3676 3120 3743 ὁρῶ
3163 3675 3384 3744 ἄνδρας

1831 3764 2124 3832 τέσσαρας
2140 3763 2524 3831 λελυμένους,
2544 3762 2638 3815 καί
2657 3762 3121 3830 περιπατοῦντας
3139 3763 3384 3829 ἐνμέσῳ

1832 3850 1936 3904 τοῦ
1966 3851 2182 3918 πυρός·
2221 3849 2317 3902 καί
2351 3848 2636 3916 διαφθορὰ
2673 3851 2781 3901 οὐκ
2825 3848 2993 3900 ἔστιν
3028 3848 3096 3900 ἐν
3137 3849 3338 3911 αὐτοῖς
3362 3864 3385 3879 ο·

1833 3936 1929 3990 καὶ
1957 3937 1993 4003 ἠ
2021 3936 2226 4003 ὅρασις
2254 3935 2356 3988 τοῦ
2386 3934 2659 3999 τετάρτου
2698 3933 2866 4001 όμοία
2901 3932 3005 3997 υἱῷ
3035 3933 3202 3987 Θεοῦ.
3241 3935 3384 3987 Πολὺ

1834 4025 2024 4086 κάλλος
2051 4023 2175 4085 ἴσως
2191 4023 2454 4090 ἐνέφαινε.
2475 4021 2640 4073 Πόθεν
2657 4016 2820 4085 οἶδας,
2840 4016 2885 4074 ὧ
2903 4021 3381 4091 Ναϐουχοδονόσορ,

1835 4110 1945 4162 υίδν
1972 4108 2137 4171 Θεοῦς
2162 4109 2302 4177 Ὅρα
2326 4107 2508 4159 τοῦτον
2540 4106 2941 4175 προφητεύοντα
2973 4108 3062 4159 τὸν
3115 4107 3383 4177 βάρϐαρον

1835 4196 1942 4249 ἀπὸ
1970 4196 2067 4264 τῆς
2090 4193 2263 4262 ὂψεως
2301 4194 2484 4262 μόνης.
2515 4193 2624 4245 Καὶ
2651 4193 2918 4261 προσῆλθε
2946 4232 2960 4256 ,
2996 4195 3088 4245 καὶ
3129 4193 3384 4246 ἐκάλεσεν

1835 4281 2050 4344 αὐτούς’
2078 4281 2321 4348 Σεδρὰχ,
2349 4280 2566 4346 Μισὰχ,
2612 4277 2943 4347 Ἀϐδεναγώ,
2967 4281 3018 4330 οί
3046 4278 3246 4330 δοῦλοι
3277 4281 3383 4332 τοῦ

1838 4368 1982 4422 Θεοῦ
2021 4365 2124 4419 τοῦ
2160 4365 2420 4432 ὑψίστου
2443 4403 2457 4427 ,
2500 4362 2804 4428 ἑξέλθετε,
2847 4363 2941 4416 καὶ
2972 4363 3169 4415 δεῦτε.
3220 4363 3383 4433 Ὅρα.

1835 4456 1950 4507 Οὐκ
1977 4452 2151 4506 ἐκέλει
2169 4467 2223 4503 σε
2247 4449 2528 4518 σϐεσθῆναι
2557 4449 2651 4519 τὴν
2677 4449 2917 4518 κάμινον,
2945 4447 3075 4501 ἀλλὰ
3098 4449 3180 4515 τί;
3223 4449 3386 4501 Ἐκά-

1835 4542 1986 4593 λεσεν
2014 4539 2204 4599 αὐτοὺς
2233 4535 2479 4602 ἐξελθεῖν.
2510 4531 2659 4597 Εἶδες
2698 4535 2878 4604 θαῦμα
2908 4536 3046 4604 μέγα
3085 4537 3178 4588 καὶ
3202 4537 3385 4607 παρά-

1836 4626 2000 4690 δοξον.
2047 4625 2109 4677 ⁸0
2145 4623 2375 4694 μάλιστα
2402 4621 2515 4692 ᾔδει
2559 4619 2908 4691 θεραπεῦσον,
2931 4620 3084 4673 τοῦτο
3109 4621 3384 4674 ἐκάλεσεν.

1838 4713 1997 4766 Οὐδὲν
2012 4710 2211 4776 ταύτης
2229 4709 2327 4776 τῆς
2346 4707 2615 4775 εὐγενείας
2643 4707 2770 4760 ἴσον.
2798 4707 2990 4758 ’Ἄκουε
3007 4705 3114 4776 γὰρ
3133 4707 3225 4760 τοῦ
3248 4707 3378 4759 Θεοῦ

1836 4800 2103 4866 λέγοντος·
2146 4795 2399 4863 Μωῦσῆς
2439 4797 2470 4848 ὀ
2525 4793 2787 4861 θεράπων
2815 4812 2928 4862 μου
2981 4795 3379 4860 τετελεύτηκε.

1837 4886 1945 4939 Kal
1989 4884 2203 4945 Ἰσαὰκ,
2236 4883 2383 4952 φησὶ,
2433 4884 2464 4933 ὁ
2506 4879 2720 4944 δοῦλός
2748 4895 2879 4932 σου.
2912 4879 3096 4949 Ταύτῃ
3132 4880 3182 4930 οἱ
3215 4879 3384 4956 ἄγγε-

1839 4970 1918 5021 λοι
1965 4971 2027 5038 τῇ
2085 4965 2415 5038 προσηγορίᾳ
2449 4962 2782 5030 ἀγάλλονται,
2820 4963 2910 5014 καὶ
2964 4962 3031 5014 τά
3082 4961 3386 5031 Χερουϐὶμ,

1840 5063 1932 5113 καὶ
1945 5061 2012 5112 τὰ
2033 5057 2292 5130 Σεραφίμ.
2323 5057 2430 5108 Kal
2468 5055 2564 5123 οὐχ
2596 5054 2669 5116 ὡς
2693 5054 2756 5107 ἄν
2785 5070 2867 5116 τις
2902 5052 3195 5121 φιλόνεικος
3228 5052 3382 5120 ποιή-

1836 5163 2011 5214 σειεν,
2055 5148 2416 5218 ἀναπέμειναν
2458 5144 2520 5214 (ι.
2568 5140 2979 5213 δναπέμειναν),
3023 5138 3137 5192 ἀλλ’
3181 5138 3388 5200 εὐθέως

1835 5237 2167 5306 ὑπήκουσαν·
2199 5235 2291 5288 καὶ
2321 5231 2576 5302 συνῆλθον
2606 5230 2837 5290 ἅπαντες
2870 5228 2996 5280 ἰδεῖν
3022 5225 3083 5276 τὺ
3107 5223 3309 5291 θαῦμα.

2437 5425 2686 5478 ΚΕΦᾹΔ.
2716 5426 2788 5475 Δ⁹.

1923 5586 2085 5655 Ἐγὼ
2128 5579 2652 5649 Ναϐουχοδονόσορ
2685 5577 2950 5645 εὐθηνῶν
2999 5577 3160 5644 ἢμην
3197 5576 3268 5629 ἐν
3310 5574 3392 5643 τῷ

1844 5679 1984 5740 olm,»
2017 5693 2152 5745 μου,
2185 5673 2282 5728 καί
2317 5669 2582 5727 εὐθαλῶν
2614 5669 2705 5723 ἐπὶ
2737 5669 3081 5738 τοῦηθρόνου
3105 5683 3257 5736 μου,
3289 5668 3388 5724 πέει
