4140 6314
719 373 831 424 213

721 480 873 531 πίων
907 478 976 532 ἐν
1007 480 1085 545 τῷ
1123 480 1247 547 λαιῖι
1267 499 1405 551 μου.
1438 484 1591 546 Τίνος
1624 483 1806 535 ἕνεκεν
1847 479 1986 534 οὕτω
2026 478 2177 531 τοῦτο
2221 477 2267 528 ἐ-

719 581 952 651 γραψεν,
977 585 1070 637 καὶ
1102 585 1222 654 οὐχὶ
1259 585 1510 656 ἔγραψεν·
1534 584 1992 654 Ναϐουχοδονόσορ
2017 577 2084 652 ἦν
2119 579 2274 648 εὐθη-

721 689 850 752 νῶν,
869 689 982 743 ἀλλ’
1008 691 1082 754 ὡς
1105 693 1168 745 ἐκ
1195 693 1482 763 προσώπου
1504 695 1739 761 ἐκείνους
1772 694 1921 763 Ἐμοὶ
1944 693 2087 745 δοκεῖ
2107 689 2276 743 ταῦτα

721 799 791 852 τά
818 800 968 872 [22!]
1017 805 1235 872 ῥήματα
1277 803 1437 856 αὐτοῦ
1483 799 1620 858 εἶναι
1649 805 1740 857 τοῦ
1794 803 2270 874 Ναϐουχοδονόσορ.

737 904 950 975 Ἐπειδὴ
974 902 1080 976 γάρ
1109 908 1398 976 ἀνήνεγκεν
1428 907 1521 961 ἀπ’
1563 906 1776 976 ἐκείνης
1814 907 1912 976 τῆς
1938 905 2169 976 πλάνης,
2219 907 2276 957 ἐν

721 1018 1000 1087 δημοσίοις
1040 1017 1180 1071 αὐτὰ
1217 1018 1469 1072 κατέθετο
1501 1019 1798 1088 γράμματα
1831 1017 1978 1080 ἴσως.
2008 1017 2143 1068 Αὐτὸ
2186 1009 2277 1067 οὖν

730 1123 1030 1192 σύνταγμα,
1059 1122 1196 1176 ὥστε
1230 1123 1532 1187 ἀξιόπιστον
1561 1122 1828 1191 γενέσθαι,
1855 1121 2088 1192 παράγει
2117 1122 2144 1172 6
2180 1121 2279 1170 Δα-

725 1231 864 1300 νιήλ.
891 1233 968 1301 Τῇ
1000 1232 1107 1303 γὰρ
1129 1232 1234 1285 τῶν
1255 1233 1550 1302 ἀνθρώπων
1577 1232 1732 1302 φύσει
1764 1233 1919 1294 αὐτὸς
1943 1234 1972 1284 6
2005 1230 2278 1293 πεπονθὼς

726 1340 1049 1408 διαλέγεται.
1077 1343 1185 1396 Καὶ
1216 1343 1310 1395 θέα
1336 1361 1425 1412 μοι
1447 1343 1584 1414 πόση
1617 1345 1887 1406 παίδευσις
1910 1344 2112 1410 γίνεται
2143 1342 2278 1394 κατὰ

727 1441 836 1492 τῶν
885 1441 1262 1511 ὑπερηφάνων.
1312 1445 1440 1496 Ἀπὸ
1479 1445 1585 1515 γὰρ
1611 1445 1978 1515 ὑπερηφανίας
2025 1443 2280 1497 πέπονθεν

730 1551 874 1622 ἅπερ
914 1552 1131 1616 ἔπαθεν,
1165 1554 1258 1606 καὶ
1287 1554 1517 1608 δείκνυσι
1550 1555 1648 1626 τὴν
1681 1557 1854 1608 αἰτίαν
1884 1555 1981 1625 τῆς
2007 1554 2281 1625 ὑπερηφα-

729 1655 848 1718 νίας
869 1657 972 1708 ἀπό
996 1673 1054 1708 τε
1069 1656 1162 1710 τοῦ
1186 1657 1368 1720 τέλους
1384 1659 1475 1710 xal
1493 1657 1589 1726 τῆς
1608 1656 1778 1728 ἀρχῆς
1799 1673 1810 1686 ’
1853 1657 1907 1708 ἐν
1928 1657 2023 1726 μὲν
2040 1657 2114 1725 τῷ
2139 1657 2280 1709 τέλει

731 1756 930 1826 λέγων,
963 1760 1083 1811 Ὀτι
1132 1759 1358 1824 πάντας
1401 1758 1542 1825 τοὺς
1580 1759 1998 1826 ὑπερηφάνους
2041 1758 2284 1810 δύναται

731 1863 1091 1918 ταπεινῶσαι
1110 1882 1123 1895 ·
1147 1866 1204 1916 ἐν
1224 1866 1363 1936 ἀρχῇ
1386 1865 1441 1916 δέ
1467 1865 1561 1917 καὶ
1582 1865 1647 1916 ἐκ
1673 1864 1965 1934 προοιμίων
1989 1863 2082 1932 τὴν
2108 1861 2283 1914 αἰτίαν

731 1966 832 2034 τῆς
862 1966 1230 2036 ὑπερηφανίας
1265 1966 1545 2019 διδάσκων.
1608 1966 1752 2018 Ἐκεῖ
1789 1966 1886 2034 μὲν
1913 1963 2048 2033 γὰρ,
2085 1963 2165 2016 ὅτι
2198 1963 2286 2015 διὰ

733 2064 887 2118 τοῦτο
919 2065 1270 2136 ἐταπεινώθη,
1302 2064 1561 2134 ἐδήλωσεν
1583 2081 1598 2095 ⁸
1627 2064 1858 2117 ἐνταῦθα
1900 2063 1954 2114 δέ
1982 2062 2142 2114 πόθεν
2179 2080 2286 2114 τοι-

732 2164 858 2218 οῦτο
888 2166 1135 2233 ἐγένετο,
1172 2166 1234 2217 ἐκ
1257 2165 1346 2218 τοῦ
1376 2165 1573 2231 πολλῆς
1621 2163 1922 2218 ἀπολαῦσαι
1947 2163 2281 2233 εὐπραγίας*

733 2269 923 2340 ῶσπερ
951 2270 1043 2323 καὶ
1067 2271 1094 2323 6
1117 2269 1274 2323 Δαυτδ
1301 2269 1443 2336 λέγει
1463 2283 1477 2299 θ
1507 2267 1605 2321 Διὰ
1633 2266 1804 2320 τοῦτο
1831 2265 2160 2332 ἐκράτησεν
2188 2267 2288 2318 αὑ-

734 2371 856 2427 τῶν
887 2374 925 2442 ἠ
960 2373 1334 2440 ὑπερηφανία
1356 2390 1368 2403 ·
1411 2370 1551 2424 οὕτω
1597 2371 1658 2439 δὴ
1687 2371 1778 2422 καὶ
1823 2369 2050 2422 ἐνταῦθα
2092 2367 2288 2430 πολλάς

736 2476 948 2544 τίθησιν
992 2475 1315 2546 εὐπραγίας.
1374 2475 1462 2528 Ἐν
1487 2479 1550 2544 τῇ
1603 2477 1742 2544 ἀρχῇ
1794 2491 1976 2543 φησιν·
2007 2472 2292 2538 Εὑθηνῶν

737 2576 900 2645 ἥμην
919 2578 989 2631 ἐν
1011 2576 1089 2642 τῷ
1115 2579 1256 2642 οικῳ
1288 2595 1428 2646 μου,
1461 2577 1555 2630 καὶ
1580 2574 1849 2630 εὐθαλῶν
1895 2575 1995 2626 ἐπὶ
2029 2573 2132 2626 τοῦ
2164 2574 2294 2639 θρό-

738 2695 848 2732 νου
866 2697 1005 2746 μου,
1042 2679 1138 2732 καὶ
1171 2679 1321 2732 πίων
1349 2679 1417 2732 ἐν
1446 2677 1523 2743 τῷ
1555 2676 1680 2740 λαῷ
1730 2695 1861 2744 μου.
1905 2677 1977 2729 Οὐ
2031 2677 2136 2746 γὰρ
2181 2676 2294 2727 ἔστι

741 2781 917 2834 πάντα
967 2780 1102 2846 ὁμοῦ
1172 2782 1506 2850 συνδραμεῖν.
1569 2782 1780 2834 ’Ἐνεστι
1829 2780 1968 2834 κατά
2033 2779 2128 2846 μὲν
2198 2779 2293 2848 τὴν

743 2883 917 2953 ἀρχὴν
944 2884 1256 2952 εὐπραγεῖν,
1291 2883 1432 2934 κατά
1469 2883 1524 2934 δὲ
1572 2883 1668 2953 τὴν
1719 2883 1892 2934 οίκίαν
1935 2881 2292 2950 δυσπραγείν,

745 2984 996 3053 καθάπερ
1057 2985 1085 3035 6
1143 2983 1416 3052 Ἡρώδης⁸
1473 2983 1719 3053 καθάπερ
1770 2986 1798 3035 6
1859 2983 2051 3035 Δαυῖδ·
2123 2982 2296 3034 ἔνεστι

745 3086 907 3140 πάλιν
949 3084 1247 3141 τούναντίον
1299 3087 1354 3137 ἐν
1410 3086 1504 3154 μέν
1541 3084 1617 3154 τῷ
1663 3083 1775 3153 λαῷ
1819 3084 2159 3153 δυσπραγεῖν,
2193 3083 2298 3134 ἀπὸ

744 3186 804 3238 δέ
833 3187 930 3256 τῆς
964 3185 1138 3247 οἰκίας
1178 3185 1340 3255 μηδὲν
1381 3185 1605 3254 πάσχειν
1637 3183 1803 3236 δεινόν
1827 3201 1838 3212 ·
1879 3183 2081 3236 ἐνεστιν
2121 3184 2176 3235 ἐν
2203 3182 2297 3250 μὲν

746 3290 813 3358 τῇ
841 3289 990 3340 πόλει
1016 3287 1332 3360 εἰρηνεύειν,
1359 3287 1454 3356 τὴν
1487 3288 1542 3340 δέ
1568 3287 1736 3358 ἀρχὴν
1754 3286 2129 3356 ταράττεσθαι.
2163 3285 2297 3338 Ἀλλ’

747 3383 900 3451 οὗτος
927 3387 1182 3441 πάντοθεν
1208 3387 1495 3457 εὐπραγεῖν
1535 3382 1707 3456 εἶχενο
1745 3387 1892 3439 οὐδὲν
1911 3382 1977 3456 ἦν
2012 3387 2169 3439 αὐτὸν
2212 3387 2302 3439 λυ-

751 3487 907 3540 ποῦν.
955 3488 1114 3558 Ὁρᾷς
1163 3485 1325 3540 πόσον
1364 3486 1526 3544 κακὸν
1568 3487 1746 3550 ἄδεια;
1774 3486 2034 3555 Καθάπερ
2063 3485 2168 3556 γὰρ
2211 3487 2296 3538 ἐπὶ

751 3591 860 3642 τῶν
909 3589 1193 3658 σωμάτων,
1225 3590 1350 3642 ὅταν
1399 3589 1470 3658 μὴ
1515 3588 1766 3656 γίνωνται
1796 3590 1844 3640 οί
1883 3588 2020 3640 κατὰ
2062 3588 2300 3656 ἀνάγκην

755 3692 942 3764 μόχθοι
965 3693 1057 3746 καὶ
1076 3693 1351 3761 ἀσχολίαι,
1386 3693 1758 3762 ἐπιτηδευτούς
1795 3710 1939 3755 τινας
1977 3692 2300 3762 ἐπιχειροῦσι

755 3797 949 3858 ποιεῖν,
982 3793 1115 3864 πρὸς
1151 3795 1451 3864 γυμνασίαν
1484 3795 1576 3846 τοῦ
1615 3797 1855 3863 σώματος
1884 3810 1898 3823 ο
1948 3794 2085 3846 οὕτω
2135 3795 2226 3846 καὶ
2274 3795 2301 3846 6

753 3899 885 3962 Θεὸς
913 3901 1082 3951 ποιεῖν
1107 3899 1279 3961 είωθε,
1309 3898 1446 3950 ῶστε
1479 3898 1537 3950 τὸ
1584 3897 1793 3950 εὔτονον
1832 3898 2119 3967 περιελεῖν.
2171 3899 2302 3949 Ἑν-

752 3999 967 4050 ὐπνιον
995 3993 1173 4064 εἶδον,
1199 3997 1296 4050 καὶ
1314 3996 1656 4066 ἐφοόἐρισέν
1699 4012 1775 4064 με
1794 4035 1808 4059 ,
1829 3995 1925 4048 καὶ
1973 3995 2304 4062 ἐταράχθην

753 4103 851 4156 ἐπὶ
882 4101 989 4170 τῆς
1013 4102 1210 4167 κοίτης
1233 4118 1370 4169 μου,
1399 4101 1494 4153 καὶ
1529 4103 1586 4154 αι
1616 4100 1852 4166 ὁράσεις
1888 4098 1999 4166 τῆς
2036 4098 2303 4166 κεφαλῆς

753 4223 869 4274 μου
914 4203 1325 4272 συνετάραξαν
1374 4220 1468 4271 με.
1530 4203 1638 4256 Kal
1692 4203 1825 4269 παρ’
1875 4201 2018 4270 ἐμοῦ
2066 4202 2300 4269 ἐξετέθη

755 4309 942 4377 δόγμα
963 4350 978 4373 ,
1018 4307 1170 4361 ὥστε
1215 4305 1550 4375 εἰσαγαγεῖν
1589 4304 1842 4357 ἐνώπιον
1883 4304 2024 4372 ἐμοῦ
2080 4304 2304 4370 πάντας

755 4412 900 4473 τοὺς
949 4411 1177 4479 σοφοὺς
1213 4408 1594 4474 Βαϐυλῶνος,
1643 4407 1800 4474 ὅπως
1842 4405 1953 4474 τὴν
1991 4409 2306 4476 σύγκρισιν

757 4515 864 4568 τοῦ
920 4514 1208 4568 ἐνυπνίου
1262 4511 1591 4580 γνωρίσωσί
1642 4528 1763 4578 μοι.
1797 4511 1936 4582 Ὅρα
1985 4511 2100 4574 πῶς
2147 4511 2306 4564 αὐτὸν

758 4615 1100 4670 καταστεῖλαι
1137 4613 1395 4684 βούλεται,
1433 4613 1550 4680 οὐχὶ
1597 4615 1662 4680 τῇ
1715 4612 1876 4682 πείρᾳ
1922 4612 2027 4664 τῶν
2053 4613 2306 4681 πραγμά-

757 4736 882 4782 των,
929 4718 1064 4773 ma:
1098 4721 1162 4788 τῇ
1205 4717 1501 4788 προρρήσει
1545 4715 1653 4767 τῶν
1703 4714 2177 4783 συμ6αινομένων’
2214 4717 2306 4766 καὶ

757 4823 905 4886 ὅπως
929 4818 995 4892 ἦν
1026 4821 1248 4891 φοϐερὸν
1275 4821 1334 4872 τὸ
1369 4820 1644 4883 ἐνύπνιον;
1671 4818 1824 4879 Τίνος
1850 4813 1938 4870 οὖν
1971 4818 2152 4869 ἐνεκεν
2190 4818 2305 4884 οὐχί

761 4925 852 4976 καὶ
891 4923 984 4976 νῦν
1029 4923 1234 4992 ἀπέστη
1279 4920 1435 4974 αὐτοῦ
1483 4922 1542 4973 τὸ
1581 4919 1811 4988 πνεῦμα,
1839 4918 1954 4970 οὐδέ
1983 4919 2214 4987 ἠγνόησε
2245 4918 2306 4969 τὸ

763 5028 1026 5090 ἐνύπνιον,
1049 5025 1294 5094 καθάπερ
1321 5023 1412 5076 καὶ
1442 5024 1731 5091 πρότερον;
1760 5023 1880 5074 Ὅτι
1906 5021 2090 5090 ἱκανὴν
2119 5023 2307 5090 πεῖραν

762 5128 1044 5190 δεδωκότος
1092 5125 1185 5179 τοῦ
1218 5124 1410 5194 Δανιὴλ
1456 5125 1746 5193 πρότερον,
1803 5124 1966 5192 ἤγουν
1999 5124 2054 5175 ἐν
2083 5121 2158 5190 τῷ
2203 5121 2309 5189 πρὸ

762 5235 949 5292 τούτου
982 5235 1231 5305 ἐνυπνίῳ,
1265 5233 1484 5302 οὐδεμία
1520 5231 1702 5284 λοιπὸν
1745 5231 1898 5299 χρεία
1943 5225 2011 5299 ἦν
2056 5227 2307 5296 δευτέραν

765 5343 1183 5415 προσενεχθῆναι
1207 5343 1541 5413 δοκιμασίαν.
1566 5341 1746 5393 Πάντα
1777 5337 1880 5405 γάρ
1901 5337 2083 5407 χρείας
2106 5337 2304 5399 ἕνεκεν,

764 5451 826 5503 οὐ
859 5449 1181 5520 φιλοτιμίας,
1213 5450 1242 5501 6
1269 5447 1395 5510 Θεὸς
1415 5445 1871 5517 πραγματεύεται.
1901 5443 2102 5505 Ἀλλως
2128 5444 2182 5495 δὲ
2215 5443 2306 5493 καὶ

767 5559 901 5628 πρὸς
932 5559 1146 5629 ἔλεγχον
1166 5559 1370 5626 γίνεται
1395 5558 1501 5608 τῶν
1524 5556 1731 5624 μάγων.
1751 5555 1865 5605 Ἵνα
1882 5553 1988 5623 γὰρ
2017 5553 2090 5623 μὴ
2107 5554 2304 5621 λέγωσι

767 5666 944 5720 πάλιν·
976 5666 1206 5720 Εὶπάτω
1244 5667 1276 5719 δ
1309 5662 1605 5729 ,ϐασιλεὺς
1627 5661 1691 5714 τὸ
1718 5660 2019 5726 ἐνύπνιον,
2061 5662 2157 5714 καὶ
2194 5661 2307 5727 τὴν

1399 370 1456 427 S.
1491 367 1770 426 JOANNIS
1804 361 2280 424 CIIRYSOSTO)"
2318 362 2632 422 ARCHIEP.
2673 367 3207 431 CONSTANTINOP.

3824 395 3938 447 214

2377 481 2695 550 σύγκρισιν
2734 487 2918 541 αὐτοῦ
2972 486 3413 556 ἀναγγελοῦμεν
3463 488 3649 556 ἡμεῖς·
3687 484 3940 553 ἐλέγχον-

2376 598 2465 633 ται
2498 585 2628 652 μηδέ
2649 585 2801 640 τοῦτο
2834 589 2964 642 αὐτὸ
2993 591 3293 659 δυνάμενοι,
3327 591 3388 643 οὐ
3419 590 3579 658 μόνον
3605 590 3794 640 ἐκεῖνο.
3820 588 3942 646 Οὐκ

2381 689 2522 762 εἶχον
2548 693 2721 762 λέγειν
2749 697 2926 751 πάλιν
2953 700 3022 752 T6
3031 698 3216 767 ῥῆμα,
3242 699 3273 752 ὃ
3298 702 3328 752 ὁ
3339 699 3630 762 βασιλεὺς
3651 693 3940 764 ἐπερωτᾷν

2375 797 2555 864 ,βαρύο
2592 799 2688 850 καὶ
2733 801 2843 852 οὐκ
2885 802 3056 853 ἐστιν
3101 802 3438 868 ἄνθρωπος,
3492 801 3559 865 ὃς
3608 801 3944 866 δυνήσεται

2380 898 2671 965 διακρῖναι
2721 901 2907 964 αὐτὸ,
2954 902 3088 955 ἀλλ’
3123 902 3162 969 ἣ
3211 902 3363 966 θεοὶ,
3409 895 3496 954 ὦν
3539 904 3646 954 οὐκ
3697 901 3870 953 ἔστιν
3903 899 3943 965 ἠ

2381 1003 2648 1054 κατοικία
2670 1004 2818 1071 μετὰ
2855 1003 3056 1070 πάσης
3086 1005 3330 1072 σαρκός.
3366 1005 3690 1073 Ἐμάνθανεν
3727 1006 3788 1056 ἐκ
3815 1003 3946 1054 τού-

2381 1121 2509 1167 των,
2545 1106 2624 1158 ὅτι
2656 1107 2774 1158 οὐδέ
2802 1107 2867 1159 τὰ
2896 1109 3130 1178 πρότερα
3151 1110 3213 1160 ἐκ
3240 1107 3337 1175 τῆς
3359 1109 3546 1176 σοφίας
3569 1107 3766 1176 ταύτης
3787 1103 3946 1160 εἶπεν

2383 1217 2411 1268 6
2441 1218 2655 1286 Δανιήλ.
2682 1218 2924 1288 Ἐμαθεν
2944 1219 3023 1272 ὅτι
3055 1220 3173 1272 οὐδέ
3197 1221 3254 1273 ἐν
3274 1222 3382 1282 τοῖς
3406 1219 3705 1289 ἔμπροσθεν
3727 1219 3947 1287 χρόνοις

2385 1319 2566 1387 ἔλεγόν
2593 1338 2644 1372 τι
2673 1321 2842 1388 ὐγιές,
2881 1323 3129 1392 καθάπερ
3163 1323 3320 1385 αὐτός
3363 1339 3544 1392 φησιν,
3580 1321 3692 1374 ἀλλ’
3722 1321 3754 1390 ἢ
3805 1321 3947 1374 πάν-

2386 1441 2496 1476 των
2523 1424 2579 1475 ἐν
2604 1425 2809 1496 ἐρημίᾳ
2843 1425 2950 1478 τῶν
2981 1425 3302 1495 ἐλεγχόντων
3332 1426 3499 1488 ὄντες.
3545 1424 3692 1497 [εεε]
3730 1425 3857 1476 Ὅτε
3891 1424 3951 1477 δὲ

2385 1523 2546 1596 ἦλθεν
2574 1528 2752 1590 αὐτοῖς
2780 1529 3048 1595 ἀπόδειξις
3077 1531 3134 1596 ἐξ
3168 1529 3440 1592 Ἰουδαίας,
3465 1529 3492 1578 6
3518 1527 3729 1597 Δανιὴλ,
3761 1527 3952 1578 οὐκέτι

2390 1625 2654 1696 τολμῶσιν
2683 1627 2802 1680 οὐδέ
2829 1626 3172 1682 πλάττεσθαι.
3206 1628 3364 1679 Ὥστε
3407 1627 3754 1697 οἰκονομικῶς
3786 1626 3952 1679 πάλιν

2388 1730 2672 1784 καλοῦνται
2692 1729 2855 1786 οὗτοι.
2874 1733 2983 1786 Kal
3004 1732 3110 1802 γάρ
3131 1730 3274 1796 ἄξιον
3293 1731 3587 1800 θαυμάσαι.
3608 1732 3746 1794 τίνος
3764 1731 3956 1784 ἕνεκεν

2388 1838 2564 1891 λαϐὼν
2596 1841 2790 1910 πεῖραν
2819 1841 2917 1910 τῆς
2939 1838 3031 1892 τοῦ
3051 1840 3244 1911 Δανιὴλ
3271 1839 3547 1910 δυνάμεως
3568 1841 3624 1891 ἐν
3651 1838 3953 1904 τοσούτοις,

2389 1951 2448 2003 οὐ
2481 1951 2692 2022 πρῶτον
2725 1953 2883 2005 αὐτὸν
2915 1953 3187 2009 ἐκάλεσεν.
3223 1956 3282 2006 Ὀ
3303 1953 3432 2015 Θεὸς
3459 1953 3618 2016 αὐτὸς
3655 1953 3762 2022 γὰρ
3789 1953 3952 2006 τοῦτο

2392 2057 2808 2114 κατεσκεύασεν.
2835 2055 2974 2109 ὥστε
3001 2057 3137 2126 μετά
3165 2056 3261 2126 τὴν
3283 2057 3501 2109 ἐκείνων
3529 2051 3694 2126 ἧτταν
3721 2056 3960 2124 φανῆναι

2391 2165 2490 2234 τὴν
2540 2167 2713 2234 νίκην.
2763 2165 3136 2234 Ἐφοόέρισέν
3163 2183 3270 2234 με,
3302 2166 3468 2236 φησί’
3502 2166 3594 2218 καὶ
3626 2165 3740 2218 οὐδέ
3782 2165 3962 2228 οὕτως

2395 2272 2608 2340 ἐγένετο
2636 2272 2874 2341 βελτίων,
2908 2270 3021 2326 ἀλλ’
3059 2274 3142 2324 ἐπ’
3177 2271 3344 2340 αὐτὴν
3381 2269 3606 2338 ἠθέλησε
3637 2269 3732 2338 τὴν
3760 2271 3964 2337 πεῖραν

2396 2375 2585 2427 ἐλθεῖν.
2617 2374 2799 2438 Οὕτως
2843 2374 3079 2436 ἀναίτιος
3119 2376 3146 2426 6
3192 2372 3321 2436 Θεὸς
3368 2370 3661 2440 πανταχοῦ.
3693 2369 3800 2424 Καὶ
3827 2373 3962 2423 εισ-

2396 2477 2748 2542 επορεύοντο
2779 2477 2833 2527 οἱ
2875 2473 3154 2536 ἐπαοιὸοί,
3195 2473 3388 2542 μάγοι,
3431 2470 3776 2538 Γαζαρηνοί,
3801 2472 3964 2524 Χαλ-

2398 2577 2568 2628 δαῖοιο
2603 2576 2697 2628 καὶ
2729 2581 2792 2628 τὸ
2818 2575 3103 2627 ἐνύπνιον
3130 2571 3300 2628 εἷπον
3324 2574 3577 2627 ἐνώπιον
3605 2572 3819 2627 αὐτῶν·
3861 2573 3966 2626 καὶ

2399 2677 2512 2743 τὴν
2535 2679 2852 2746 σύγκρισιν
2875 2675 3058 2730 αὑτοῦ
3092 2679 3202 2730 οὐκ
3242 2674 3571 2744 ἐγνώρισάν
3593 2692 3714 2744 μοι,
3751 2674 3862 2740 ἕως
3888 2670 3966 2728 οὗ

2399 2779 2596 2845 ἔτερος
2615 2776 2878 2844 εἰσῆλθε,
2896 2777 3136 2843 Δανιὴλ,
3163 2776 3417 2829 ἐνώπιόν
3429 2793 3568 2844 μου,
3595 2771 3665 2829 οὗ
3689 2775 3750 2826 τὸ
3775 2775 3970 2841 ὄνομα

2401 2881 2719 2947 Βαλτάσαρ
2739 2880 2885 2932 κατὰ
2912 2880 2976 2932 τὸ
2994 2881 3177 2948 ὄνομα
3195 2880 3297 2932 τοῦ
3325 2879 3462 2933 θεοῦ
3480 2895 3618 2946 μου,
3645 2877 3712 2942 ὃς
3727 2875 3973 2944 πνεῦμα

2406 2983 2550 3036 Θεοῦ
2600 2983 2723 3051 ἔχει
2771 2983 2839 3034 ἐν
2888 2982 3094 3046 ἐαυτῷ·
3137 2982 3335 3035 καὶτὸ
3390 2982 3674 3034 ἐνύπνιον
3709 2980 3975 3033 ἐνώπιον

2404 3085 2584 3138 αὐτοῦ
2644 3081 2832 3138 εἶπον.
2878 3085 3023 3148 Ἕως
3069 3081 3138 3140 οὗ
3187 3085 3417 3151 ἔτερος,
3461 3083 3625 3153 φησὶ,
3675 3081 3974 3150 εἰσῆλθεν

2403 3188 2654 3241 ἐνώπιόν
2673 3204 2812 3256 μου.
2857 3185 2943 3249 Ὠς
2969 3186 3347 3256 ἐπιλαθόμενος
3371 3183 3511 3236 οὕτω
3541 3183 3691 3253 φησί.
3719 3184 3829 3236 Kal
3858 3183 3974 3252 γὰρ

2405 3289 2573 3340 πολλὰ
2629 3289 2720 3358 ἐτη
2772 3287 3163 3358 παρεληλύθει,
3203 3288 3295 3339 καὶ
3348 3285 3554 3355 ταχέως
3600 3284 3697 3354 τὴν
3744 3284 3974 3354 μνήμη-ι

2405 3390 2689 3454 ἀπέὁαλεν,
2709 3390 2802 3442 an
2828 3391 2884 3441 ἐν
2907 3390 3189 3451 τοσαύταις
3209 3389 3480 3458 φροντίσιν
3501 3388 3594 3451 ὢν,
3615 3387 3707 3440 καὶ
3726 3387 3974 3457 τοσαύτῃ

2408 3492 2582 3554 συζῶν
2615 3494 2786 3562 τροφῇ
2817 3492 2879 3560 (ί.
2903 3493 3125 3560 τρυφῇ).
3161 3491 3233 3542 Τὸ
3264 3492 3437 3542 εἰπεῖν
3476 3489 3694 3558 ἕτερον,
3744 3489 3974 3556 σημεῖόν

2407 3596 2521 3646 ἐστι
2563 3593 2654 3645 τοῦ
2691 3595 2894 3664 σφόδρα
2939 3593 3097 3646 αὐτὸν
3144 3594 3373 3658 ἀγνοεῖν.
3423 3592 3581 3646 Κατὰ
3628 3591 3694 3643 τὸ
3747 3590 3974 3659 ὄνομα,

2409 3695 2562 3764 φησὶ,
2591 3695 2694 3748 τοῦ
2725 3695 2859 3748 θεοῦ
2891 3713 3030 3763 μου.
3061 3690 3136 3746 Ἦ
3175 3694 3330 3747 τοῦτο
3363 3693 3602 3763 βούλεται
3646 3693 3818 3744 είπεῖν
3839 3731 3854 3753 ,
3892 3694 3979 3744 ὅτι

2406 3799 2574 3862 οὕτως
2624 3799 2854 3868 ἐτίμησα
2904 3799 2978 3860 ὡς
3028 3800 3120 3850 καὶ
3164 3797 3269 3850 άπὸ
3319 3796 3409 3848 τοῦ
3455 3795 3574 3848 θεοῦ
3620 3794 3775 3848 τοῦτο
3816 3789 3980 3846 εἶπεν

2409 3902 2471 3971 (f.
2509 3903 2721 3968 είπείν);
2755 3901 2861 3952 Kal
2882 3901 2987 3970 γὰρ
3010 3900 3126 3961 ἐθος
3149 3901 3328 3962 αὐτοῖς
3349 3901 3433 3951 ἐπ’
3457 3898 3676 3967 ὀνόματι
3702 3897 3809 3952 τῶν
3830 3898 3978 3950 θεῶν

2408 4002 2531 4065 τοὺς
2578 4003 2768 4064 παῖδας
2823 4000 3121 4070 ὀνομάζειν·
3172 4000 3358 4070 ἐπειδὴ
3413 4001 3505 4052 καὶ
3561 3999 3617 4064 ἐξ
3669 3998 3978 4066 ἀνθρώπων

2406 4105 2616 4158 ἐποίουν
2647 4104 2818 4167 θεούς.
2855 4103 3036 4168 Οὕτως
3069 4105 3098 4157 6
3123 4104 3329 4170 δΰελος,
3370 4103 3511 4156 οὕτω
3555 4104 3647 4155 καὶ
3680 4104 3706 4154 ὁ
3735 4102 3979 4172 Βήλαιος

2407 4208 2608 4278 ἐκλήθη
2637 4225 2723 4269 τις
2751 4209 2877 4277 παρ’
2906 4209 3052 4277 ἡμῖν.
3093 4206 3308 4276 Ἐπειδὴ
3341 4205 3445 4275 γὰρ
3480 4201 3617 4259 εῐδον
3645 4207 3691 4257 οί
3719 4205 3978 4274 δαίμονες

2407 4313 2575 4383 ταύτῃ
2601 4312 2931 4382 τιμωμένους
2963 4313 3087 4371 τοὺς
3118 4307 3458 4379 ἀνθρώπους,
3489 4309 3580 4361 καὶ
3603 4309 3754 4371 θεοὺς
3781 4309 3980 4361 καλου-

2414 4415 2624 4484 μένους,
2655 4414 2748 4467 καὶ
2763 4411 2913 4465 αὐτοὶ⁵
2932 4415 3091 4467 τοῦτο
3107 4412 3400 4482 ἐζήλωσαν.
3433 4411 3586 4473 Τίνος
3610 4411 3793 4463 ἐνεκέν
3815 4429 3979 4481 φησι,

2411 4518 2652 4584 Δανιὴλ,
2682 4512 2751 4570 οὗ
2785 4516 2850 4568 τὸ
2879 4516 3063 4583 ὄνομα
3082 4513 3393 4580 Βαλτάσαρ
3417 4511 3569 4577 ;¹Ὀτι
3590 4512 3721 4565 Θεοῦ
3743 4513 3981 4583 δύναμιν

2411 4621 2541 4692 εἶχε.
2589 4622 2756 4674 Τοῦτο
2797 4622 2903 4690 γὰρ
2955 4623 3081 4689 παρ’
3131 4618 3351 4679 ἐκείνοις
3401 4617 3628 4687 μεγίστη
3665 4618 3818 4686 τιμή.
3864 4617 3982 4668 Kal

2409 4725 2649 4794 ἠνείχετο
2679 4722 2869 4792 Δανιὴλ
2894 4723 2957 4774 δι’
2989 4721 3225 4782 ἐκείνους
3269 4719 3424 4770 τοῦτο
3469 4718 3768 4770 καλεῖσθαιο
3810 4719 3977 4770 οὐδα-

2415 4827 2512 4897 μοῦ
2539 4827 2593 4878 δέ
2622 4824 2871 4887 ἐνταῦθα,
2897 4823 3058 4876 αὐτοῦ
3091 4823 3460 4891 μνημονεύων,
3492 4821 3776 4889 Βαλτάσαρ
3809 4820 3980 4871 αὐτὸν

2411 4931 2578 4983 καλεῖ·
2609 4928 2740 4981 ἀλλὰ
2763 4928 2842 4992 τί;
2882 4926 3028 4994 Ἐγὼ
3068 4922 3307 4988 Δανιήλ.
3344 4923 3516 4991 Ὅσης
3553 4921 3756 4990 ἠξιώθη
3805 4922 3982 4990 τιμῆς

2410 5033 2438 5082 6
2468 5031 2558 5083 τοῦ
2591 5029 2845 5099 βασιλέως
2874 5027 3016 5089 υίὸς,
3046 5025 3307 5093 τοσαύτης
3349 5025 3442 5076 καὶ
3486 5018 3636 5084 οὗτος
3661 5060 3676 5084 ,
3717 5022 3814 5072 καὶ
3866 5024 3982 5092 πρὸ

2413 5134 2510 5202 τῆς
2563 5132 2754 5195 πείρας
2801 5127 2973 5191 ἔδοξεν
3010 5121 3147 5178 εἷναι
3181 5123 3486 5194 θαυμαστὸς
3538 5125 3629 5175 ἀπ’
3673 5121 3843 5189 αὐτῆς
3878 5122 3980 5191 τῆς

2412 5237 2603 5304 ὅψεως.
2650 5233 2723 5285 Οὐ
2759 5230 2950 5300 μὴντῇ
2981 5228 3183 5281 ἐκείνου
3235 5227 3492 5296 δυνάμει,
3547 5223 3706 5291 φησι,
3759 5224 3978 5292 ἔλεγεν,

2415 5339 2546 5391 ἀλλὰ
2573 5337 2804 5403 πνεῦμα
2833 5331 2977 5385 Θεοῦ
3010 5333 3178 5399 ἅγιον
3217 5327 3378 5396 εἶχεν
3409 5329 3477 5380 ἐν
3501 5324 3708 5389 ἐαυτῷ.
3737 5326 3974 5397 Πνεῦμα

2413 5447 2530 5516 οὐχὶ
2562 5445 2742 5508 τοῦτο,
2769 5443 2796 5494 6
2827 5442 3049 5510 λέγομεν
3089 5441 3247 5509 ὴμεῖς
3299 5437 3390 5489 τὸν
3431 5435 3803 5505 Παράκλητον,
3853 5438 3978 5490 ἀλλ’

2413 5557 2486 5617 ὼς
2517 5553 2580 5606 ἂν
2610 5555 2749 5604 εἴποι
2789 5566 2869 5611 τις
2915 5547 3192 5599 ἐπίπνοιαν
3216 5585 3231 5610 ,
3276 5543 3455 5604 ἔνθους
3503 5537 3587 5610 ἦν.
3625 5542 3978 5610 Βαλτάσαρ,

2419 5659 2601 5728 φησιν,
2631 5660 2661 5712 ό
2693 5656 2885 5723 ἄρχων
2932 5652 3048 5706 τῶν
3092 5646 3392 5703 ἐπασιδῶν.
3427 5646 3642 5714 Πρῶτος
3677 5648 3857 5700 αὐτῶν
3879 5643 3978 5719 ἦν,
