4144 6308
201 413 313 465 213

199 526 328 571 utea,
360 519 404 563 et
434 510 617 578 ﬂorens
644 510 696 564 in
721 510 844 565 solio
871 525 998 578 meo,
1034 519 1079 564 et
1110 512 1307 583 pinguis
1333 512 1386 565 in
1411 511 1597 581 populo
1620 526 1751 563 meo.

196 600 301 654 Cur
333 601 404 653 ita
433 600 532 655 hoc
549 602 777 670 scripsit,
800 612 853 657 et
877 618 981 656 non
1006 602 1215 671 scripsit
1240 620 1254 657 :
1277 602 1756 657 Nabuchodonosor

198 697 307 741 erat
332 688 603 743 abundans
633 708 646 743 :
676 690 768 745 sed
795 690 944 759 quasi
972 705 1036 745 ex
1076 706 1298 759 persona
1328 691 1504 745 illius?
1531 691 1654 744 Mihi
1677 691 1754 744 vi-

196 775 387 830 dentur
411 777 526 832 hac
546 779 701 833 verba
725 780 884 848 ipsius
898 779 1427 835 Nabuchodonosoris
1452 795 1586 835 esse.
1606 782 1754 835 Post-

193 882 349 935 quam
378 870 518 922 enim
548 884 576 922 a
609 871 829 937 pristino
856 884 1040 925 errore
1065 872 1349 939 collegerat
1372 885 1447 935 se,
1473 871 1525 923 in
1546 870 1751 939 publica

185 959 311 1009 acta
349 973 442 1012 eas
466 959 640 1013 literas
668 961 917 1014 retulerat
941 960 1097 1016 forte.
1125 963 1293 1030 Ipsam
1322 962 1479 1031 igitur
1502 963 1753 1017 constitu-

193 1044 417 1111 tionem,
448 1057 505 1101 ut
529 1049 631 1103 fide
657 1049 845 1117 dignus
872 1050 960 1115 sit,
998 1050 1211 1105 adducit
1243 1051 1443 1104 Daniel.
1486 1052 1617 1105 Nam
1655 1052 1751 1105 ho-

195 1135 398 1189 minum
427 1147 627 1191 natura:
654 1139 764 1207 ipse
802 1142 889 1209 qui
927 1154 1113 1209 passus
1139 1149 1221 1195 est
1248 1142 1498 1210 loquitur.
1529 1143 1595 1195 Et
1626 1141 1752 1195 mihi

194 1226 370 1292 aspice
405 1236 651 1295 quantum
681 1228 1055 1283 documentum
1090 1230 1158 1285 sit
1200 1231 1451 1285 adversus
1476 1232 1749 1298 superbos.

194 1317 234 1367 Α
261 1316 513 1384 superbia
540 1318 678 1372 enim
710 1333 895 1387 passus
923 1328 1005 1373 est
1043 1334 1386 1388 qumcumque
1413 1334 1595 1387 passus
1619 1329 1698 1373 est
1732 1337 1747 1373 :

190 1413 245 1456 et
272 1406 509 1460 ostendit
535 1422 744 1461 causam
773 1410 1050 1476 superbim,
1086 1420 1192 1463 tum
1221 1424 1250 1462 a
1285 1409 1389 1463 fine
1408 1451 1424 1475 ,
1453 1419 1559 1463 tum
1585 1410 1652 1464 ab
1674 1412 1752 1464 in-

194 1493 285 1549 itio
315 1512 327 1547 :
361 1497 413 1549 in
443 1496 545 1551 fine
569 1497 777 1565 quidem
806 1498 1008 1563 dicens,
1034 1498 1281 1564 Quoniam
1310 1516 1477 1553 omnes
1515 1499 1752 1570 superbos

197 1594 351 1653 potest
402 1588 661 1641 humiliare
705 1589 774 1657 (υ.
819 1587 945 1655 54);
992 1589 1043 1642 in
1087 1589 1343 1659 principio
1378 1599 1553 1644 autem
1592 1600 1645 1644 et
1687 1591 1751 1645 ab

191 1674 423 1729 exordiis
460 1690 672 1729 musam
716 1678 977 1745 superbia;
1012 1677 1226 1732 docens.
1278 1678 1352 1735 lbi
1394 1680 1585 1734 etenim
1629 1694 1748 1735 eum

190 1763 306 1817 ideo
345 1764 509 1819 fuisse
547 1764 876 1819 bumiliatum
920 1766 1151 1821 declarat
1191 1785 1204 1821 :
1242 1768 1328 1822 hic
1370 1783 1497 1824 vero
1546 1785 1647 1839 qua
1684 1770 1750 1824 de

191 1866 343 1905 causa
376 1853 631 1921 superbus
676 1856 923 1921 evaserit,
973 1871 1163 1924 nempe
1190 1872 1256 1911 ex
1297 1872 1363 1912 eo
1403 1859 1541 1927 quod
1585 1860 1748 1913 multa

190 1941 453 2001 frueretur
481 1944 763 2009 felicitate;
803 1949 879 2001 sic
905 1954 958 2001 et
991 1947 1152 2002 David
1188 1949 1316 2003 dicit
1362 1967 1374 2002 :
1415 1948 1539 2002 Ideo
1562 1966 1645 2003 eos
1671 1960 1745 2005 te-

190 2034 291 2085 nuit
336 2035 571 2103 superbia
595 2034 763 2105 (Psal.
793 2036 876 2089 72.
911 2036 967 2102 6)
998 2052 1010 2088 :
1046 2037 1114 2090 ita
1153 2038 1335 2091 et.hic
1373 2038 1566 2091 multas
1603 2041 1748 2107 ponit

189 2125 586 2193 prosperitates.
639 2125 694 2179 ln
739 2126 993 2193 principio
1040 2127 1114 2180 ait
1159 2127 1475 2182 :Abundans
1516 2144 1652 2181 «ain
1695 2130 1747 2182 in

187 2212 333 2264 domo
360 2228 489 2277 mea,
518 2222 563 2264 et
588 2214 771 2280 ﬂorens
797 2214 849 2266 in
876 2215 1001 2267 solio
1028 2230 1153 2278 meo,
1188 2225 1232 2267 et
1262 2216 1460 2284 pinguis
1484 2218 1535 2268 in
1562 2218 1747 2285 populo

186 2314 310 2352 meo.
339 2298 458 2353 Non
481 2301 620 2354 enim
648 2300 761 2355 ﬁeri
788 2311 959 2370 potest
983 2312 1041 2356 ut
1069 2303 1243 2357 omnia
1272 2304 1405 2357 bona
1442 2304 1596 2358 simul
1622 2320 1748 2358 con-

189 2398 420 2443 currant.
469 2388 733 2459 Contingit
770 2392 821 2444 in
855 2393 1074 2462 imperio
1102 2393 1313 2462 quidem
1355 2408 1474 2449 esse
1514 2393 1743 2461 felicem,

186 2479 322 2533 domi
352 2494 482 2534 vero
508 2480 788 2548 infelicem,
812 2485 1250 2551 quemadmodum
1280 2486 1533 2553 Herodes,
1561 2504 1744 2557 quem-

186 2568 468 2623 admodum
491 2571 652 2626 David
674 2590 685 2622 :
712 2573 901 2627 accidit
916 2590 1102 2629 rursus
1117 2585 1318 2641 contra,
1348 2579 1399 2630 in
1418 2579 1609 2647 populo
1630 2580 1745 2648 qui-

184 2656 300 2712 dem
333 2657 593 2713 infelicem
616 2674 762 2725 esse;
785 2677 812 2713 a
834 2662 993 2717 domo
1018 2672 1191 2717 autem
1217 2665 1344 2718 nihil
1369 2680 1526 2735 grave
1546 2681 1607 2720 ac
1630 2683 1745 2721 mo—

184 2746 375 2803 Iestum
394 2750 655 2805 sustinere
679 2769 692 2804 :
719 2752 830 2807 fieri
848 2755 1005 2809 etiam
1030 2767 1202 2825 potest
1224 2766 1278 2811 ut
1302 2759 1353 2811 in
1376 2759 1503 2813 urbe
1527 2774 1624 2827 pax
1646 2762 1741 2823 sit;

183 2848 236 2893 at
258 2854 478 2908 regnum
509 2843 813 2897 tumultibus
849 2848 1131 2913 quatiatur.
1176 2847 1368 2902 Verum
1408 2851 1491 2904 isti
1539 2852 1743 2905 felicem

186 2928 412 2996 undique
438 2943 556 2984 esse
583 2932 798 3000 contigit
827 2950 839 2985 :
865 2934 994 2987 nihil
1012 2944 1126 2988 erat
1146 2936 1284 3004 quod
1314 2937 1479 3006 ipsum
1502 2940 1740 2994 molestia

181 3016 433 3072 alliceret.
463 3018 623 3074 Vides
642 3031 893 3089 quantum
922 3025 1114 3077 malum
1138 3026 1206 3079 sit
1233 3029 1433 3080 vacatio
1456 3043 1519 3081 ac
1545 3031 1743 3083 securi-

184 3107 295 3160 tas?
312 3106 466 3161 Sicut
490 3110 629 3163 enim
652 3111 703 3163 in
723 3113 1050 3181 corporibus,
1074 3128 1191 3167 cum
1218 3132 1320 3169 non
1343 3133 1405 3171 ex
1428 3120 1741 3174 necessitate

183 3196 515 3266 fatigationes
530 3207 584 3252 et
603 3200 972 3268 occupationes
992 3203 1364 3270 suscipiuntur,
1392 3205 1456 3259 de
1486 3206 1736 3261 industria

182 3286 433 3353 quasdam
463 3288 811 3356 aggredimur,
844 3290 910 3343 ad
936 3293 1173 3360 corporis
1194 3295 1505 3349 exercitium
1534 3314 1548 3350 :
1589 3298 1658 3351 ita
1686 3308 1739 3353 et

181 3376 316 3431 Deus
338 3375 514 3433 facere
534 3378 690 3445 solet,
708 3390 766 3434 ut
785 3381 925 3436 vires
950 3382 1137 3436 nimias
1155 3383 1318 3437 tollat.
1337 3384 1390 3437 2.
1411 3403 1431 3435 ι
1464 3386 1737 3442 Somnium

182 3465 302 3532 vidi,
331 3475 387 3521 et
416 3470 703 3537 perterruit
728 3486 832 3534 me,
853 3480 907 3526 et
935 3472 1173 3528 turbatus
1198 3491 1311 3529 sum
1343 3475 1395 3529 in
1418 3478 1573 3532 cubili
1595 3495 1733 3547 meo,

180 3564 229 3609 et
254 3557 487 3610 visiones
515 3560 701 3628 capitis
724 3562 825 3614 mei
853 3564 1300 3618 conturbaverunt
1332 3580 1436 3619 me.
1463 3569 1515 3620 5.
1552 3569 1613 3621 Ει
1641 3584 1734 3637 per

179 3660 259 3699 me
313 3647 641 3715 propositum
682 3659 765 3703 est
802 3650 1097 3717 decretum,
1128 3664 1183 3707 ut
1229 3648 1624 3712 introducerent
1677 3660 1729 3712 in

172 3744 464 3803 conspectu
492 3751 611 3791 meo
650 3752 835 3793 omnes
872 3742 1141 3809 sapientes
1182 3742 1487 3814 Babylonis,
1515 3756 1572 3800 ut
1599 3763 1730 3801 con-

177 3821 432 3879 iecturam
482 3827 669 3880 somnii
724 3828 1016 3901 indicarent
1056 3831 1204 3885 mihi.
1243 3853 1262 3884 ι
1296 3834 1426 3889 Vide
1469 3837 1733 3905 quomodo

175 3913 316 3968 illum
340 3918 691 3985 comprimere
714 3918 845 3985 vult,
880 3935 983 3973 non
1015 3936 1187 3976 rerum
1216 3927 1576 3993 experimento
1594 3968 1609 3993 ,
1638 3928 1730 3983 sed

176 4004 469 4060 futurorum
520 4008 891 4076 przedictione;
932 4019 987 4066 et
1037 4015 1299 4082 quomodo
1340 4019 1573 4073 terribile
1618 4028 1732 4073 erat

175 4096 460 4149 somnium.
507 4093 612 4150 Cur
662 4098 818 4166 igitur
865 4116 1005 4155 nunc
1050 4117 1257 4171 quoque
1309 4121 1411 4158 non
1464 4107 1730 4175 obstupuit

172 4183 392 4249 spiritus
421 4184 555 4252 ejus,
594 4201 688 4239 nec
742 4188 934 4241 somnii
984 4190 1175 4245 oblitus
1207 4202 1307 4259 est,
1360 4195 1493 4247 sicut
1528 4197 1728 4249 antea?

171 4271 301 4337 Quia
329 4274 537 4328 scilicet
564 4290 682 4328 cum
713 4276 892 4331 Daniel
924 4280 1072 4346 prius
1101 4281 1368 4337 suiﬁciens
1395 4286 1728 4353 experimen-

173 4371 277 4415 tum
307 4361 562 4426 dedisset,
595 4364 834 4420 videlicet
862 4367 913 4420 in
943 4370 1150 4422 somnio
1176 4372 1312 4438 quod
1336 4385 1722 4443 praecesserat,

170 4465 271 4503 non
303 4460 425 4505 erat
464 4451 713 4522 deinceps
744 4470 961 4512 necesse
1002 4461 1287 4514 secundam
1327 4464 1562 4519 adhiberi
1605 4483 1726 4534 pro—

170 4537 457 4593 bationem.
484 4541 667 4595 Omnia
712 4545 903 4615 quippe
949 4548 1088 4601 Deus
1140 4553 1469 4606 necessitatis
1517 4558 1720 4623 gratia,

170 4642 273 4681 non
320 4633 707 4699 ostentationis,
754 4646 1021 4702 operatur.
1076 4638 1319 4707 Alioquin
1362 4652 1535 4695 autem
1569 4654 1622 4697 et
1672 4646 1722 4699 id

170 4717 225 4769 ﬁt
250 4718 315 4772 ad
351 4719 741 4789 redarguendos
768 4738 969 4793 magos.
1001 4724 1129 4779 Nam
1177 4743 1241 4781 ne
1285 4730 1470 4783 iterum
1499 4732 1675 4787 dicant
1705 4752 1718 4788 :

170 4805 406 4878 Proferat
437 4825 522 4862 rex
547 4814 793 4866 somnium
815 4854 829 4876 ,
857 4822 905 4866 et
944 4815 1080 4868 illius
1108 4817 1439 4885 conjecturam
1470 4824 1721 4874 renuntia-

168 4896 322 4951 bimus
375 4914 473 4951 nos
502 4899 653 4967 (Dan.
690 4902 743 4955 2.
772 4903 824 4971 7)
854 4922 866 4958 :
894 4916 1186 4973 arguuntur
1230 4922 1332 4961 non
1388 4909 1556 4962 solum
1594 4912 1718 4966 illud

169 5001 265 5040 non
290 5002 467 5057 posse,
499 4988 590 5043 sed
627 5006 795 5060 neque
821 4992 939 5047 hoc.
965 4994 1258 5065 Nequibant
1284 4998 1457 5053 dicere
1485 5001 1675 5054 iterum
1701 5022 1713 5055 :

172 5092 187 5123 t
212 5076 461 5142 Verbum,
481 5077 620 5145 quod
644 5095 732 5133 rex
759 5081 1061 5152 interrogat,
1091 5100 1248 5153 grave
1278 5095 1358 5139 est
1385 5106 1396 5139 :
1426 5097 1477 5141 et
1508 5103 1609 5143 nou
1638 5100 1719 5157 est

168 5166 349 5233 homo,
378 5169 469 5238 qui
515 5170 679 5236 possit
714 5169 1003 5238 dijudicare
1055 5174 1199 5238 illud,
1232 5176 1328 5228 nisi
1360 5176 1466 5243 dii,
1496 5192 1715 5245 quorum

168 5274 263 5310 non
286 5268 367 5313 est
388 5258 643 5312 habitatio
666 5274 783 5313 cum
812 5261 954 5313 omni
978 5276 1137 5317 carne
1158 5283 1176 5315 ι
1206 5264 1365 5333 (Ibid.
1390 5266 1562 5336 v.11).
1592 5268 1716 5322 lude

164 5346 343 5401 didicit
378 5361 551 5415 neque
582 5349 754 5415 priora
798 5364 863 5402 ex
903 5349 990 5403 illa
1018 5354 1213 5421 vulgari
1240 5354 1492 5421 sapientia
1522 5356 1713 5411 Danie-

168 5436 261 5491 lem
293 5438 598 5506 protulisse.
633 5438 816 5491 Didicit
844 5439 1120 5494 Cbaldaaos
1150 5457 1316 5511 neque
1358 5445 1714 5513 superioribus

169 5530 488 5597 temporibus
513 5529 791 5599 quidquam
815 5531 923 5583 sani
943 5531 1139 5585 dixisse
1159 5550 1171 5583 :
1194 5535 1328 5587 sicut
1358 5535 1580 5603 ipsemet
1602 5538 1673 5588 ait
1697 5554 1708 5588 :

169 5626 214 5667 at
241 5618 413 5673 nullus
441 5628 556 5673 erat
578 5618 667 5685 qui
698 5619 817 5673 illos
846 5620 1275 5687 reprehenderet.
1295 5622 1425 5677 Cum
1454 5633 1625 5677 autem
1648 5624 1711 5677 ad

167 5720 251 5762 eos
274 5712 415 5765 venit
440 5725 501 5765 ex
526 5709 704 5765 Judaea
733 5710 1130 5778 demonstratio,
1157 5713 1337 5769 Daniel
1360 5730 1570 5785 nempe,
1602 5731 1704 5771 non

1554 397 1621 454 IN
1659 394 2023 453 DANIELEM.

3300 426 3410 479 214

1859 508 2085 577 amplius
2125 508 2320 564 audent
2364 526 2429 565 ne
2455 512 2663 582 quidem
2712 513 2925 584 ﬁngere.
2960 514 3119 584 igitur
3148 530 3251 569 non
3297 520 3413 570 sine

1863 597 2186 665 providentia
2217 615 2397 653 rursus
2423 601 2494 654 illi
2528 612 2797 655 vocantur.
2829 604 3032 657 Etenim
3067 604 3410 663 admiratione

1859 685 2072 756 dignum
2101 696 2200 752 est,
2233 703 2388 757 quam
2418 689 2485 741 ob
2526 704 2636 743 rem
2683 707 2776 744 rex
2824 706 2941 745 cum
2976 695 3026 745 in
3056 694 3209 747 tantis
3255 695 3411 749 rebus

1860 778 2271 844 experimentum
2308 785 2536 847 cepisset
2581 784 2870 850 potestatis,
2901 799 2999 852 qua
3030 786 3254 853 pollebat
3302 788 3408 840 Da-

1860 865 1991 928 niel,
2022 882 2123 919 non
2155 878 2326 920 tamen
2358 870 2584 937 primum
2618 885 2736 923 eum
2762 873 2985 926 vocavit.
3018 873 3242 941 Ipscmet
3266 878 3408 931 enim

1861 951 1999 1005 Deus
2026 954 2075 1006 id
2102 955 2312 1007 molitus
2334 966 2433 1018 est,
2454 965 2507 1009 ut
2530 968 2648 1023 post
2675 970 2943 1026 magorum
2964 960 3164 1014 cladem
3189 964 3407 1017 victoria

1859 1052 2151 1109 appareret.
2182 1042 2460 1096 Perterruit
2498 1061 2593 1108 me,
2626 1046 2792 1113 inquit
2826 1064 2837 1099 :
2872 1057 2925 1101 et
2967 1064 3135 1117 neque
3182 1051 3258 1103 sic
3294 1067 3408 1106 me-
3492 1077 3494 1079 >

1860 1130 1959 1183 lior
1992 1131 2192 1194 evasit;
2229 1133 2321 1186 sed
2373 1135 2535 1186 voluit
2582 1135 2872 1203 periculum
2920 1136 3111 1191 facere.
3162 1140 3230 1191 lla
3270 1140 3409 1194 Deus

1857 1220 2083 1290 undique
2110 1222 2289 1275 insons
2318 1233 2393 1278 est
2422 1222 2517 1295 (a).
2541 1226 2594 1278 4.
2630 1243 2647 1274 ι
2679 1225 2746 1278 Ει
2772 1227 3197 1294 ingrediebantur
3228 1229 3408 1283 incau-

1859 1319 2085 1376 tatores,
2117 1312 2286 1382 magi,
2320 1313 2594 1379 Gazareni,
2628 1315 2857 1369 Chaldaei
2884 1334 2897 1368 :
2933 1326 2985 1370 et
3010 1318 3268 1372 somnium
3299 1320 3407 1373 dixi

1860 1398 1910 1451 in
1936 1410 2219 1467 conSpectu
2258 1415 2438 1454 eorum
2472 1419 2484 1454 :
2512 1413 2566 1458 et
2592 1404 2949 1472 conjecturam
2984 1404 3098 1473 ejus
3138 1422 3241 1461 non
3270 1408 3407 1461 indi-

1860 1499 2110 1541 caverunt
2151 1489 2298 1553 mihi,
2326 1491 2378 1544 5.
2407 1491 2574 1546 donec
2599 1493 2732 1547 alius
2763 1494 3025 1561 ingressus
3052 1505 3133 1549 est
3154 1536 3167 1558 ,
3202 1498 3402 1563 Daniel,

1857 1575 1911 1629 in
1938 1589 2221 1646 conSpectu
2255 1594 2372 1633 meo
2394 1620 2408 1644 ,
2440 1581 2589 1648 cujus
2612 1596 2802 1636 nomen
2834 1584 3067 1637 Baltasar
3084 1626 3097 1648 ,
3121 1588 3407 1642 secundum

1856 1681 2046 1721 nomen
2086 1668 2169 1723 dei
2214 1669 2448 1739 mei,qui
2486 1670 2723 1737 spiritum
2769 1672 2859 1725 Dei
2904 1672 3058 1727 habet
3103 1675 3154 1727 in
3201 1688 3409 1730 semet-

1855 1756 1968 1823 ipso
1992 1775 2004 1808 :
2033 1766 2085 1811 et
2113 1760 2370 1811 somnium
2398 1773 2573 1813 coram
2605 1775 2667 1814 eo
2696 1760 2821 1813 dixi.
2852 1760 3037 1828 Donec,
3068 1764 3252 1833 inquit,
3275 1768 3406 1819 alius

1852 1846 2100 1914 ingressus
2141 1856 2212 1899 est
2255 1849 2307 1899 in
2346 1858 2611 1916 conspectu
2650 1863 2775 1900 meo.
2815 1848 2970 1915 Quasi
3018 1852 3293 1907 immemor
3336 1855 3405 1908 ita

1856 1934 2087 2003 loquitur
2115 1936 2209 2005 (b).
2237 1938 2443 1991 Etenim
2472 1940 2620 1991 multi
2645 1940 2767 1990 anni
2796 1941 3193 2007 prmterierant,
3221 1953 3273 1996 et
3298 1945 3404 1997 cito

1854 2024 2163 2098 memoriam
2192 2027 2462 2092 amiserat,
2518 2037 2696 2095 utpote
2748 2036 2824 2081 tot
2863 2031 3003 2082 curis
3047 2032 3311 2096 obsessus,
3351 2042 3405 2087 et

1852 2129 1972 2168 cum
2024 2117 2180 2169 tantis
2233 2116 2440 2171 deliciis
2496 2118 2697 2169 vivens.
2755 2117 2921 2171 Porro
2975 2119 3151 2174 dicere
3209 2123 3403 2188 alium,

1852 2207 2056 2273 signum
2087 2215 2166 2259 est
2197 2223 2317 2261 eum
2346 2206 2494 2259 valde
2538 2207 2673 2259 illius
2706 2207 2925 2261 oblitum
2952 2222 3087 2261 esse.
3121 2209 3405 2265 Secundum

1852 2311 2027 2348 nomen
2049 2335 2062 2358 ,
2096 2297 2281 2365 inquit,
2315 2298 2393 2347 dei
2420 2298 2532 2348 mei.
2557 2299 2640 2349 Αιι
2673 2296 2771 2350 hoc
2799 2297 2975 2351 dicere
2998 2300 3137 2351 vult:
3170 2301 3256 2354 Sic
3284 2318 3403 2357 eum

1852 2388 2101 2439 honoravi
2192 2398 2245 2441 ut
2276 2404 2301 2439 a
2332 2388 2432 2441 deo
2462 2403 2652 2441 nomen
2700 2386 2800 2440 hoc
2831 2389 2901 2441 illi
2950 2388 3267 2444 indiderint?
3293 2394 3405 2447 Mos

1851 2477 1988 2529 enim
2018 2486 2131 2529 erat
2161 2477 2260 2528 illis
2283 2517 2297 2540 ,
2330 2476 2395 2529 de
2426 2476 2643 2528 deorum
2686 2478 2898 2529 nomine
2935 2492 3126 2545 pueros
3153 2495 3275 2534 suos
3307 2496 3401 2536 no-

1851 2566 2053 2619 minare
2087 2584 2098 2617 :
2130 2566 2551 2635 quandoquidem
2584 2577 2635 2620 et
2664 2582 2725 2620 ex
2756 2566 3052 2621 hominibus
3082 2570 3207 2623 deos
3243 2571 3403 2626 facie-

1849 2658 1992 2711 bant.
2027 2658 2113 2712 Sic
2154 2659 2327 2724 Belus,
2351 2659 2427 2712 sic
2470 2667 2522 2712 et
2548 2659 2750 2713 Bel-atus
2784 2659 2853 2727 (ε)
2879 2660 3087 2728 quidam
3119 2664 3256 2729 apud
3301 2679 3397 2717 nos

1848 2748 2139 2817 appellatus
2169 2758 2268 2801 est.
2299 2748 2511 2803 Scilicet
2548 2757 2822 2817 postquam
2861 2748 3125 2811 dceuwnes
3151 2753 3395 2807 viderunt

1848 2851 1907 2890 ea
1941 2838 2141 2890 ratione
2170 2837 2409 2891 homines
2432 2837 2676 2891 honorari
2701 2852 2761 2890 ac
2785 2837 3128 2905 deosvocari,
3148 2850 3198 2894 et
3225 2844 3322 2910 ipsi
3350 2844 3400 2896 id

1846 2928 2076 2981 tumulati
2117 2928 2436 2997 sunt.Cujus
2466 2929 2633 2997 gratia
2661 2929 2753 2994 ait,
2800 2928 3011 2993 Daniel,
3039 2932 3182 3000 cujus
3223 2949 3401 2987 nomen

1846 3016 2124 3070 Baltasar?
2148 3017 2275 3084 Quia
2316 3018 2407 3069 Dei
2435 3019 2675 3070 virtutem
2711 3017 2953 3070 habebat.
2994 3018 3047 3071 ld
3074 3021 3214 3072 enim
3262 3023 3398 3091 apud

1846 3107 1963 3158 illos
1988 3108 2215 3158 maximo
2246 3106 2428 3159 honori
2460 3114 2591 3157 erat.
2627 3104 2691 3157 Et
2720 3105 3010 3159 sustinebat
3040 3107 3217 3160 Daniel
3249 3124 3306 3163 se
3333 3109 3397 3161 ab

1844 3197 1947 3250 illis
1971 3212 2033 3251 eo
2060 3198 2270 3251 nomine
2293 3196 2528 3265 insigniri
2571 3213 2585 3249 :
2626 3210 2881 3263 nusquam
2923 3206 3100 3249 autem
3129 3197 3242 3262 hic,
3273 3200 3395 3252 dum

1842 3290 1921 3341 sui
1970 3289 2285 3342 mentionem
2336 3287 2495 3353 facit,
2541 3287 2857 3340 Baltasarem
2925 3289 3154 3355 seipsum
3222 3292 3395 3343 uomi-

1843 3384 1950 3441 nat,
1979 3376 2069 3429 sed
2101 3375 2270 3444 quid?
2298 3373 2408 3445 Ego
2438 3374 2640 3427 Daniel.
2671 3374 2877 3440 Quanto
2922 3376 3122 3431 honore
3151 3377 3393 3446 dignatus

1840 3477 1920 3520 est
1950 3467 2084 3535 regis
2109 3466 2263 3529 (ilius,
2293 3474 2436 3518 tanto
2464 3474 2516 3518 et
2551 3465 2647 3517 iste
2672 3481 2686 3517 :
2715 3464 2870 3517 etiam
2901 3472 3022 3517 ante
3044 3466 3382 3531 experimen-

1840 3565 1968 3621 tum,
1994 3572 2057 3609 ex
2090 3556 2205 3623 ipso
2233 3562 2445 3623 aspectu
2474 3555 2614 3605 visus
2631 3561 2712 3605 est
2740 3553 3086 3606 admirabilis.
3112 3554 3219 3609 Nec
3241 3573 3387 3623 vero,

1839 3646 2101 3714 inquit,ex
2132 3645 2269 3696 illius
2291 3644 2479 3696 virtute
2509 3641 2805 3711 proferebat
2824 3656 2885 3695 ea
2909 3658 3023 3710 quae
3050 3644 3389 3712 loquebatur:

1897 3776 1968 3837 (a)
1998 3773 2325 3838 Pulcherrima»
2352 3774 2457 3821 hac
2491 3775 2751 3838 sentcntia_
2774 3772 3027 3838 desumpta
3070 3787 3129 3838 ex
3181 3775 3391 3838 Platone,

1835 3832 1920 3885 ιιι).
1948 3832 2016 3884 ’10
2061 3836 2237 3899 Repub.
2263 3836 2491 3899 ,_in_ore
2539 3839 2616 3899 est
2656 3832 2817 3899 multis
2858 3832 3194 3899 ecclesiasticis
3242 3832 3391 3899 magi;

1834 3900 1962 3954 stris,
1986 3892 2166 3944 Justiiio
2191 3894 2417 3957 Apologia
2439 3895 2663 3957 secunda,
2689 3892 2835 3957 Clem.
2862 3893 3003 3940 Alex.
3032 3896 3213 3954 t‘aedag.
3236 3892 3387 3957 libri,

1833 3970 1937 4018 cap.
1961 3958 1990 4004 8
2008 3991 2021 4014 ,
2048 3962 2096 4003 et
2119 3954 2284 4002 Strom.
2315 3955 2332 4001 I
2360 3987 2373 4010 ,
2400 3961 2451 4018 et
2473 3955 2534 4018 ὄλ
2556 3954 2780 4018 Gregorio
2814 3960 2912 4018 Nan.
2954 3960 3079 4018 Orat.
3097 3957 3163 4018 fr,
3189 3954 3389 4018 Eusebio

1835 4010 1935 4065 tuin
1960 4010 2157 4075 Prtepar.
2188 4026 2356 4074 evang.
2399 4012 2481 4059 lib.
2506 4012 2537 4059 6
2556 4050 2568 4071 ,
2595 4010 2691 4060 οἶδ
2708 4045 2723 4069 ,
2763 4020 2860 4060 tum
2896 4014 2943 4061 in
2978 4010 3070 4061 [lue
3096 4013 3200 4063 libri
3225 4025 3388 4069 contra

1833 4076 2114 4124 Hieroclem.

2000 4136 2055 4182 In
2076 4141 2253 4190 ϐιωσο,
2377 4138 2416 4181 οὗ
2436 4145 2550 4196 tum
2564 4173 2574 4189 ,
2598 4158 2693 4196 ᾳῃσι,
2710 4144 2871 4196 sicin"
2897 4147 3037 4183 ὶνῶπιόν
3055 4161 3131 4195 μου.
3155 4138 3203 4192 ἀς
3225 4150 3383 4188 iam“.

1832 4193 2044 4255 μινᾼςιθτω
2068 4209 2160 4256 “ai.
2187 4195 2395 4256 Legebat
2428 4194 2548 4252 apud
2586 4193 2971 4256 'theodotionem,
3006 4193 3119 4254 tam
3140 4236 3149 4251 ,
3170 4196 3307 4256 alius,
3335 4207 3385 4247 ut

1834 4254 1884 4319 et
1904 4254 2081 4316 legisse
2104 4254 2449 4319 ‘I‘heodoretum
2472 4260 2669 4319 constat.
2696 4260 2781 4300 Eos
2804 4254 2930 4319 enim
2956 4256 3067 4301 nihil
3092 4269 3249 4319 moror
3263 4293 3275 4315 ,
3296 4254 3380 4319 qui

1830 4316 1941 4363 dum
1955 4312 2203 4363 'conanlur
2242 4316 2531 4367 emendare,
2572 4314 2847 4367 depravaut.
2876 4312 2941 4360 Ac
2974 4324 3107 4361 certe
3144 4330 3201 4363 ea
3238 4312 3381 4367 leciio

1832 4378 2023 4446 propius
2045 4376 2226 4422 accedit
2245 4375 2300 4421 ad
2327 4375 2577 4441 veritatem
2601 4372 3074 4478 Cbaldaicannoﬂuam
3098 4372 3204 4431 alia,
3230 4388 3379 4438 ιταιρος,

1832 4449 1997 4478 ments.
2025 4435 2170 4478 Mirari
2203 4436 2362 4478 itaque
2386 4441 2499 4478 satis
2518 4445 2608 4478 non
2632 4444 2819 4478 possum
2841 4444 2903 4478 au
2989 4433 3064 4478 hic
3087 4435 3307 4478 observat
3330 4445 3378 4478 ιι-

1829 4433 1997 4485 socius.
2025 4435 2170 4483 Mirari
2203 4436 2362 4493 itaque
2386 4435 2499 4479 satis
2518 4445 2608 4479 non
2632 4444 2819 4493 possum
2841 4433 2965 4491 quod
2989 4433 3064 4480 hic
3087 4433 3378 4485 observata.

1828 4499 2151 4557 Hieronymus,
2177 4503 2351 4557 praeter
2374 4499 2477 4538 LXX
2503 4493 2809 4557 translator-es
2828 4530 2839 4547 ,
2864 4493 2942 4552 qui
2967 4493 3068 4540 haec
3086 4498 3237 4543 omnia
3260 4510 3379 4557 prae-

1829 4551 2087 4612 terieram,
2115 4551 2215 4600 tres
2246 4553 2456 4612 reliquos
2492 4551 2716 4614 collegam
2753 4551 3088 4614 interpretatos
3112 4566 3238 4603 esse.
3260 4551 3376 4614 'Quid

1828 4616 2005 4676 igitur?
2028 4627 2086 4660 au
2110 4614 2348 4678 codicibus
2367 4614 2599 4678 corruptis
2620 4613 2842 4678 utebatur
2858 4613 3153 4678 doctissimus
3171 4613 3375 4678 Scriptu-

1826 4670 1894 4723 ra:
1933 4673 2207 4733 interpres?
2230 4672 2281 4719 Id
2307 4685 2421 4719 vero
2441 4670 2683 4733 animare;
2714 4672 2884 4719 durum
2920 4670 3098 4733 fuerit,
3141 4688 3247 4724 cum
3269 4670 3373 4727 'dici

1826 4743 1971 4796 queat
1996 4731 2102 4780 idéo
2125 4732 2367 4796 Danielem
2388 4744 2415 4779 a
2439 4731 2889 4796 Nabuchodonosoro
2911 4732 3196 4792 appellatum
3230 4736 3374 4785 Colle-

1824 4793 1950 4853 gam,
1976 4793 2228 4863 quiaalter
2260 4794 2471 4863 IPSE—,3?
2499 4793 2736 4863 secundus
2758 4804 2784 4837 a
2808 4805 2929 4852 rege
2943 4801 3100 4861 esset.
3127 4795 3283 4856 Atque
3308 4800 3373 4846 ita

1826 4849 2005 4914 éxpOui
2025 4861 2181 4913 potest
2212 4849 2299 4899 vox
2325 4858 2471 4932 "YTIN
2494 4892 2507 4915 ,
2534 4858 2584 4899 et
2608 4858 2650 4898 S.
2678 4849 3237 4912 Hieronymtisacensura
3254 4864 3369 4906 Dru-

1824 4949 1879 4995 sii
1905 4946 2145 4993 vindicari.
2160 4951 2443 5007 Quamquam
2466 4947 2624 4989 autem
2642 4941 2709 5007 _de
2723 4952 2857 4996 voce,
2871 4940 3109 5007 minume
3126 4942 3369 5007 disserere

1825 5016 1959 5056 extra
1983 5018 2085 5052 rem
2110 4998 2217 5051 esse
2242 4998 2472 5068 videatur,
2496 5000 2703 5068 monebo
2726 5007 2901 5068 tamen,
2929 4998 3050 5047 illius
3073 5003 3368 5068 ignoratione

1822 5066 1993 5115 factum
2018 5078 2153 5121 esse,
2181 5071 2234 5111 ut
2275 5062 2612 5109 disertissimus
2630 5060 2704 5121 vir
2728 5059 2959 5121 Antonius
2983 5059 3185 5109 Muretus
3208 5065 3255 5111 in
3280 5065 3368 5113 Va-

1822 5129 1996 5175 riarum
2016 5118 2273 5173 lectionum
2297 5122 2377 5185 lib.
2396 5122 2425 5185 ξ
2452 5155 2465 5177 ,
2490 5134 2591 5178 cap.
2622 5120 2639 5185 I_
2665 5156 2677 5175 ,
2704 5119 2895 5185 tertium
2920 5118 3174 5185 Isocratem
3198 5136 3367 5185 magno

1824 5199 1988 5234 errore
2022 5185 2321 5246 procuderet.
2348 5180 2553 5246 Aderam
2578 5181 2717 5226 etiam
2756 5178 2908 5246 locum
2946 5181 3161 5246 Origeuis
3179 5216 3193 5240 ,
3220 5178 3366 5246 Ho'mi-

1821 5246 1883 5293 Iia
1909 5246 1963 5293 18
2002 5238 2050 5307 iu
2093 5253 2318 5307 Numeros
2341 5255 2353 5288 :
2380 5240 2650 5307 uetegamus
2671 5250 2855 5305 eamut:
2885 5238 2932 5286 in
2965 5238 3155 5307 Daniele
3181 5238 3364 5303 scripta

1820 5313 1925 5355 sunt
1949 5306 2007 5355 de
2031 5301 2345 5368 ipsopam'ele
2366 5301 2580 5368 etntrt'bus
2601 5301 2765 5346 amicis
2789 5301 2907 5357 ejus.
2932 5302 3040 5360 seri;
3057 5310 3185 5349 serat
3205 5301 3365 5363 Orige-

1820 5380 1924 5424 nes,
1953 5378 2111 5423 autm,
2133 5366 2176 5411 id
2203 5371 2293 5418 est,
2318 5366 2469 5409 sociis.

1882 5427 1951 5487 (ε)
1986 5426 2039 5472 In
2061 5432 2245 5487 διείρεο,
2274 5432 2390 5487 opm;
2415 5431 2433 5466 ὁ
2458 5432 2593 5487 senos,
2618 5430 2706 5487 ὥς..
2728 5432 2785 5487 xa‘t
2813 5429 2831 5467 ὁ
2856 5433 3015 5487 sum“.
3036 5425 3362 5487 Magno_cupe-

1818 5480 2105 5547 rem,'inquit
2117 5481 2392 5547 Cotelerius.
2417 5480 2474 5525 ad
2497 5481 2635 5547 hujus
2656 5480 2743 5547 loci
2766 5482 3114 5547 restitutionem
3130 5481 3239 5547 mihi
3254 5480 3360 5547 dari

1818 5537 2059 5607 antiquum
2078 5544 2292 5607 Codicem
2317 5554 2376 5587 ex
2402 5553 2495 5607 quo
2512 5537 2783 5607 istenoster
2801 5539 3067 5607 descriptus
3085 5537 3184 5607 fuit.
3210 5540 3362 5607 aliter

1820 5597 1946 5653 enini
1968 5608 2043 5652 vix
2068 5618 2121 5651 ac
2142 5616 2205 5650 ne
2228 5603 2304 5649 vix
2332 5597 2521 5659 quidem
2542 5600 2731 5659 videtur
2750 5611 2858 5645 esse
2876 5597 3111 5659 sanabilis.
3131 5597 3359 5659 conjicie-

1818 5666 1942 5721 ham,
1964 5676 1983 5713 ὁ
2004 5670 2209 5729 sataget,
2236 5672 2255 5709 ὁ
2275 5658 2551 5729 Βιλὶξις..ριις)ἀ
2578 5666 2865 5729 postremum
2891 5658 3162 5729 vocabulum
3185 5658 3359 5721 legitur

1818 5717 1941 5786 apud
1963 5717 2317 5783 Tertullianum,
2344 5727 2394 5771 et
2415 5720 2462 5769 in
2486 5717 2894 5780 Pseudosibylliuis
2915 5718 3214 5768 carminibus.
