4144 6308
691 380 806 436 215

685 484 781 540 sed
813 484 1061 556 Spiritum
1086 485 1183 541 Dei
1216 493 1442 539 sanctum
1472 481 1684 539 habebat
1728 483 1780 537 in
1826 481 2108 550 semetipso.
2153 477 2266 532 Non

689 577 837 632 illum
869 577 1121 647 Spiritum
1147 619 1162 644 ,
1190 593 1345 647 quem
1377 594 1475 633 nos
1515 590 1768 631 vocamus
1809 573 2137 630 Paraclctum
2161 570 2264 640 (a),

688 666 784 722 sed
816 668 956 723 velut
986 669 1030 723 si
1059 669 1178 739 quis
1205 668 1400 724 dixerit
1441 669 1839 738 inspirationem
1863 707 1876 731 ,
1907 675 2020 720 erat
2051 662 2268 718 numine

691 758 919 814 afﬂatus.
967 760 1021 815 6.
1069 760 1336 826 Baltasar,
1368 762 1569 832 inquit,
1599 762 1829 830 princeps
1873 759 2264 813 incantatorum.

695 851 906 907 Primus
937 855 1170 924 ipsorum
1195 865 1340 920 erat,
1375 855 1566 925 inquit.
1607 855 1739 909 Vide
1767 863 1896 922 quot
1942 853 2132 906 indicia
2176 853 2269 907 de-

687 943 894 999 clarent
938 961 1061 1001 eum
1109 948 1320 1002 caeteris
1374 948 1800 1017 praestantiorem
1849 961 1987 1001 esse.
2034 945 2269 1000 Baltasar

689 1035 919 1104 princeps
933 1037 1323 1102 incantatorum,
1345 1055 1487 1106 quem
1514 1039 1740 1108 cognovi,
1763 1039 1899 1106 quod
1924 1038 2145 1107 Spiritus
2171 1037 2266 1092 Dei

691 1137 893 1182 sanctus
917 1129 968 1182 in
997 1140 1066 1184 te.
1094 1129 1193 1195 Qui
1234 1131 1441 1197 melior,
1473 1133 1788 1202 cmtcrisque
1814 1135 1988 1204 potior
2013 1147 2092 1196 es,
2125 1147 2269 1201 quem

693 1235 783 1290 ego
810 1222 1038 1290 cognovi.
1068 1221 1201 1277 Nam
1237 1239 1303 1279 ne
1333 1225 1527 1279 iterum
1557 1224 1819 1294 redigeret
1844 1240 1965 1280 eum
1994 1225 2058 1279 ad
2084 1242 2270 1281 necess

693 1310 909 1364 sitatem
932 1310 1180 1366 dicendi:
1202 1313 1267 1366 Et
1293 1331 1384 1385 ego
1409 1325 1573 1368 autem
1592 1332 1692 1369 non
1721 1318 1770 1369 in
1799 1317 2044 1384 sapientia
2072 1331 2183 1388 qum
2212 1319 2269 1386 fit

693 1402 748 1455 in
777 1420 855 1456 me
881 1403 1040 1472 (Dan.
1073 1405 1128 1459 2.
1161 1407 1253 1476 50)
1288 1425 1300 1461 :
1335 1407 1417 1462 his
1447 1409 1621 1462 verbis
1667 1409 1898 1463 maxime
1945 1424 2064 1464 eum
2107 1419 2271 1464 attra-

692 1506 834 1549 ctum
859 1497 920 1550 iri
948 1501 1214 1567 speravit.
1237 1508 1290 1554 et
1319 1499 1370 1554 id
1397 1509 1522 1556 ante
1554 1501 1656 1555 alia
1681 1499 1833 1555 dixit.
1864 1500 1994 1555 Nam
2027 1517 2113 1566 ne,
2138 1517 2266 1570 quo~

692 1586 835 1640 niam
852 1597 901 1643 te
915 1591 1092 1645 vocavi
1111 1592 1400 1662 principem
1420 1594 1829 1652 incantatorum.
1849 1594 2123 1648 existimes
2151 1593 2269 1648 ideo

694 1691 782 1731 me
809 1677 1026 1747 dixisse,
1062 1682 1211 1750 quasi
1241 1691 1465 1736 testarer
1496 1683 1594 1736 ista
1629 1699 1720 1751 per
1745 1683 2028 1737 humanam
2062 1684 2271 1753 sapien-

694 1769 822 1822 tiam
846 1774 1128 1827 enarrari:
1173 1775 1419 1844 princeps
1471 1775 1680 1845 quidem
1728 1790 1785 1830 es
1838 1776 2267 1842 incantatorum;

696 1862 818 1916 novi
841 1875 1020 1918 autem
1055 1880 1105 1920 te
1141 1884 1167 1919 a
1195 1868 1374 1921 divina
1407 1868 1456 1922 vi
1487 1878 1710 1932 motum,
1740 1869 1917 1922 omnia
1946 1869 2127 1924 dicere
2157 1887 2170 1923 :
2201 1883 2266 1924 ex

694 1966 874 2006 rerum
909 1957 1236 2024 experientia
1274 1960 1517 2030 cognovi.
1549 1959 1614 2013 Et
1637 1976 1784 2013 onme
1818 1961 2144 2030 mysterium,
2186 1960 2269 2014 in-

695 2044 834 2114 quit,
865 2063 965 2100 non
1007 2058 1078 2101 est
1126 2050 1432 2120 impossibile
1479 2051 1585 2106 tibi.
1632 2052 1943 2120 Hujusmodi
1975 2053 2115 2107 enim
2147 2063 2271 2107 sunt

700 2149 791 2188 res
816 2135 1034 2192 divinae.
1080 2139 1336 2196 Humana:
1366 2142 1562 2212 quippe
1599 2158 1686 2198 res
1732 2145 2053 2212 imperfecta:
2105 2155 2268 2200 sunt:

704 2222 797 2277 Dei
827 2235 1002 2280 autem
1032 2245 1136 2282 non
1180 2230 1328 2284 item.
1363 2250 1383 2285 ι
1421 2234 1558 2288 Audi
1599 2235 1758 2304 igitur
1785 2236 2041 2290 visionem
2079 2237 2272 2291 somnii

696 2314 828 2378 mei,
855 2316 999 2384 quod
1052 2321 1186 2384 vidi,
1232 2331 1286 2376 et
1333 2324 1696 2392 conjecturam
1740 2327 1856 2396 ejus
1904 2327 1988 2381 dic
2041 2327 2190 2390 mihi,
2219 2337 2272 2382 et

694 2408 931 2466 visiones
968 2415 1156 2483 capitis
1183 2418 1285 2471 mei
1320 2419 1369 2471 in
1399 2419 1560 2472 cubili
1592 2434 1732 2474 meo.
1761 2439 1778 2472 ›
1816 2421 1948 2488 Quid
1977 2423 2133 2491 igitur
2163 2424 2269 2478 ait:

698 2495 752 2553 7.
784 2517 803 2552 ‹
837 2501 1114 2571 Videbam,
1147 2515 1201 2561 et
1229 2524 1352 2563 ecce
1378 2511 1538 2565 arbor
1579 2512 1631 2566 in
1663 2514 1839 2567 medio
1869 2523 2042 2580 terrm,
2069 2525 2120 2568 et
2151 2516 2273 2569 alti-

697 2594 828 2651 tudo
845 2597 961 2666 ejus
985 2601 1147 2654 multa
1175 2601 1268 2673 (b).
1297 2603 1348 2657 8.
1369 2604 1697 2675 Magniﬁcata
1727 2617 1809 2663 est
1836 2609 2012 2674 arbor,
2052 2618 2106 2664 et
2129 2613 2278 2665 inva-
2311 2639 2316 2652 ε

699 2688 819 2758 luit,
847 2699 900 2744 et
937 2693 1161 2748 altitudo
1217 2694 1332 2762 ejus
1380 2701 1617 2764 pervenit
1649 2714 1814 2770 usque
1852 2700 1917 2755 ad
1965 2700 2152 2756 crelum
2178 2746 2192 2768 ,
2222 2713 2277 2760 et

700 2786 870 2840 moles
901 2785 1014 2854 ejus
1043 2787 1106 2840 ad
1137 2788 1394 2842 terminos
1435 2790 1700 2845 universa:
1745 2803 1931 2859 terrae,
1964 2794 2015 2848 9.
2048 2803 2102 2850 et
2149 2797 2274 2851 folia

703 2877 820 2945 ejus
850 2879 1097 2946 pulchra,
1121 2888 1177 2934 et
1211 2881 1416 2935 fructus
1446 2881 1562 2950 ejus
1607 2886 1827 2949 multus,
1861 2894 1915 2939 ct
1952 2885 2103 2940 cibus
2154 2888 2276 2941 uni-

703 2983 982 3023 versorum
1010 2971 1064 3024 in
1087 2985 1170 3034 ea,
1199 2982 1252 3026 et
1280 2972 1464 3027 subter
1491 2988 1608 3027 eam
1637 2974 1818 3029 bestia:
1847 2987 2086 3046 agrestes
2107 2978 2274 3050 dege-

696 3055 858 3123 bant,
903 3069 958 3114 et
993 3061 1045 3114 in
1091 3062 1254 3116 ramis
1304 3063 1420 3131 ejus
1463 3063 1775 3120 habitabant
1817 3082 1945 3122 aves
1990 3067 2106 3123 creli
2157 3086 2270 3125 :ex

706 3161 768 3200 ea
797 3149 1111 3206 vescebatur
1137 3153 1313 3208 omnis
1339 3169 1482 3208 caro.
1508 3173 1528 3207 ι
1553 3155 1687 3221 Quid
1719 3157 1817 3211 sibi
1843 3159 1956 3213 vult
1977 3160 2148 3214 visio?
2176 3161 2279 3216 lte-

704 3253 823 3294 rum
851 3244 1172 3312 temporaria
1203 3260 1379 3299 rerum
1413 3247 1765 3302 humanarum
1804 3251 2040 3306 conditio
2087 3261 2271 3309 osten-

703 3331 867 3385 ditur.
890 3332 946 3386 ln
975 3348 1068 3397 ea,
1104 3336 1293 3404 inquit,
1321 3337 1565 3392 volucres
1593 3349 1648 3393 et
1687 3339 1871 3394 bestia:
1902 3343 2086 3397 umbra
2125 3343 2275 3399 true.

705 3420 924 3487 bantur,
958 3434 1012 3479 et
1041 3426 1392 3492 habitabant;
1419 3438 1469 3483 et
1499 3430 1626 3498 ipsis
1651 3446 1772 3485 esca
1800 3430 1921 3487 inde
1945 3443 2078 3486 erat.
2109 3431 2276 3504 Impe-

701 3512 842 3568 rium
873 3515 1015 3569 iilius
1044 3516 1202 3584 dicit,
1236 3519 1378 3588 quod
1428 3521 1736 3575 universum
1780 3531 2038 3578 terrarum
2090 3525 2276 3580 orbem

702 3605 998 3662 obtinebat.
1025 3607 1178 3664 Prius
1209 3610 1386 3681 itaque
1412 3628 1506 3681 per
1535 3614 1840 3684 imaginem,
1873 3630 2013 3671 nunc
2034 3632 2160 3672 vero
2182 3634 2277 3687 per

700 3695 947 3751 arborem
973 3700 1072 3768 ipsi
1104 3702 1276 3757 futura
1303 3704 1675 3760 ostenduntur.
1705 3706 1813 3760 Cur
1842 3708 1984 3761 enim
2012 3724 2119 3763 non
2150 3710 2277 3764 mis-

701 3797 795 3838 sus
814 3797 897 3840 est
924 3788 1130 3857 Daniel,
1159 3794 1248 3860 qui
1277 3793 1391 3849 hare
1416 3794 1660 3850 diceret?
1681 3796 1813 3863 Quia
1839 3798 1915 3853 sic
1943 3798 2044 3854 ﬁde
2063 3800 2277 3871 dignior

702 3877 912 3931 t'uturus
942 3890 1056 3934 erat
1088 3896 1286 3949 sermo,
1316 3893 1370 3939 et
1401 3885 1721 3952 terribilior,
1754 3890 1914 3945 rebus
1943 3901 2067 3946 ante
2094 3895 2277 3947 oculos

701 3969 967 4038 adductis,
994 3983 1052 4028 ut
1102 3977 1366 4047 intelligas
1395 3995 1517 4035 eum
1544 4023 1558 4046 ,
1589 3982 1678 4051 qui
1727 3983 1920 4052 plantis
1965 3985 2056 4040 dat
2099 3989 2277 4042 incre-

701 4073 962 4130 mentum,
996 4083 1214 4135 regnum
1247 4070 1473 4126 latenter
1507 4087 1571 4127 ac
1601 4090 1706 4127 non
1733 4076 2091 4131 sentientibus
2123 4080 2274 4135 nobis

700 4153 990 4224 adaugere.
1024 4159 1110 4213 10.
1143 4177 1162 4210 ‹
1193 4161 1443 4216 Videbam
1486 4164 1540 4217 in
1563 4165 1766 4220 visione
1809 4169 1980 4223 noctis
2021 4170 2072 4224 in
2114 4171 2276 4226 cubili

698 4262 846 4317 meo,
873 4258 926 4302 et
971 4266 1098 4306 ecce
1147 4253 1220 4318 ir,
1250 4262 1306 4308 et
1344 4265 1562 4310 sanctus
1607 4257 1675 4312 de
1722 4260 1857 4313 caelo
1897 4261 2174 4318 descendit
2221 4263 2273 4316 in

701 4342 1045 4411 fortitudine;
1071 4354 1124 4400 et
1143 4348 1220 4401 sic
1242 4348 1412 4403 dixit:
1445 4349 1531 4405 11.
1556 4350 1797 4408 Excidite
1826 4355 2096 4423 arborem,
2125 4361 2274 4414 evel-

704 4435 796 4490 lite
826 4451 1004 4489 ramos
1030 4437 1145 4507 ejus
1165 4480 1180 4506 ,
1204 4450 1260 4496 et
1289 4443 1521 4499 excutite
1574 4444 1701 4499 folia
1729 4445 1863 4515 ejus,
1897 4459 1952 4503 et
1982 4449 2275 4521 dispergite

702 4525 905 4583 [ructus
930 4530 1067 4598 ejus.
1102 4533 1384 4604 DiiTugiant
1425 4537 1609 4593 bestiae
1660 4556 1777 4610 qua:
1809 4543 1909 4597 sub
1939 4559 2001 4600 ea
2030 4553 2190 4611 sunt,
2216 4555 2276 4602 et

698 4633 828 4676 aves
867 4621 933 4676 de
975 4625 1133 4678 ramis
1164 4628 1298 4695 ejus.
1340 4629 1714 4687 Verumtamen
1763 4649 1980 4700 germen
2031 4637 2271 4693 radicum

701 4711 818 4780 ejus
841 4714 892 4768 in
918 4723 1058 4770 terra
1083 4719 1241 4775 sinite
1268 4738 1281 4774 :
1311 4730 1366 4775 et
1395 4721 1446 4776 in
1468 4723 1682 4778 vinculo
1711 4725 1890 4782 ferreo
1917 4738 2077 4799 atque
2108 4746 2268 4798 aereo,

702 4817 756 4860 et
784 4808 834 4862 in
860 4809 1018 4864 herba
1041 4829 1159 4882 qua:
1188 4814 1315 4870 foris
1341 4829 1443 4884 est,
1469 4829 1520 4876 et
1545 4822 1594 4876 in
1620 4837 1742 4877 rore
1759 4824 1872 4878 caeli
1900 4826 2272 4893 stabulabitur,

686 4909 758 4953 et
780 4915 898 4954 cum
925 4901 1110 4959 bestiis
1139 4923 1262 4975 pars
1283 4912 1398 4977 ejus
1428 4911 1479 4965 in
1512 4914 1674 4969 herba
1701 4925 1854 4971 terra:
1882 4934 1895 4970 :
1927 4918 2011 4973 i5.
2038 4933 2133 4972 cor
2157 4919 2273 4988 ejus

697 4990 770 5044 ab
823 4990 1128 5050 hominibus
1156 5001 1590 5068 commutabitur,
1621 5014 1674 5060 et
1702 5020 1795 5060 cor
1836 5006 2021 5062 bestiae
2057 5009 2275 5063 dabitur

699 5089 774 5153 ei,
799 5099 852 5145 et
880 5101 1082 5159 septem
1106 5100 1345 5162 tempora
1365 5097 1709 5151 mutabuntur
1724 5113 1886 5168 super
1906 5115 2049 5155 eum.
2070 5101 2155 5156 14.
2172 5102 2275 5156 Per

703 5182 1063 5250 conjecturam
1095 5184 1144 5238 Ir
1165 5200 1344 5239 sermo
1366 5194 1420 5241 et
1447 5187 1667 5241 verbum
1697 5200 2005 5244 sanctorum
2037 5192 2273 5246 interro-

691 5273 846 5342 gatio
875 5293 889 5327 :
923 5283 978 5328 ut
1014 5287 1340 5344 cognoscant
1388 5277 1660 5345 viventes,
1703 5280 1845 5350 quod
1894 5281 2149 5336 Dominus
2193 5293 2276 5338 est

763 5453 1196 5524 (a)__T_i_reodoretus
1216 5456 1379 5524 hle,_et
1400 5461 1636 5524 Origenes
1657 5460 1740 5510 lib.
1757 5461 1780 5511 1
1797 5460 1862 5509 de
1880 5463 2136 5524 Principiis,
2157 5477 2202 5512 e.
2223 5467 2270 5523 3,

703 5514 768 5562 de
995 5525 1160 5585 sancto
1198 5514 1565 5585 explicantflta
1605 5523 1652 5570 in
1689 5514 2089 5583 interpretatione
2113 5514 2270 5585 illius,

702 5577 829 5626 Gen.
851 5578 867 5624 l
888 5614 901 5634 ,
926 5577 987 5647 ‘2,
1006 5579 1208 5638 Spiritus
1237 5577 1424 5630 Domini
1444 5581 1682 5644 ferebatur
1705 5577 1851 5646 super
1874 5596 2024 5647 aquas
2043 5619 2058 5645 ,
2081 5577 2272 5635 discrei

705 5649 818 5701 pant
839 5641 991 5688 sancti
1016 5648 1179 5690 Patres

764 5699 846 5813 sb)‘
868 5707 966 5751 Non
989 5703 1469 5768 absimilis-Astyagis
1492 5713 1543 5756 et
1567 5703 1743 5756 Xerxis
1773 5717 1956 5756 somnia
1982 5715 2144 5760 retert
2179 5715 2270 5758 ne-

801 5780 831 5812 ο
856 5780 926 5813 US.

709 5777 926 5814 τοί-101118.

1435 364 1492 421 S.
1531 363 1808 421 JOANNIS
1846 353 2318 418 CHRYSOSTOMI
2359 351 2677 411 ARClllEP.
2710 357 3244 419 CONSTANTINUP.

3853 386 3974 441 216

2375 468 2665 526 altissimus
2711 474 2898 543 regni,
2932 483 2986 529 et
3025 481 3339 546 cuicumque
3381 476 3550 534 visum
3589 479 3778 546 fuerit,
3809 481 3958 537 dabit

2376 560 2501 615 illud
2526 577 2540 627 ;
2563 572 2617 617 et
2639 564 2778 633 quod
2804 581 2897 632 pro
2924 565 3089 620 nihilo
3111 566 3336 622 habetur
3360 569 3429 623 ab
3449 569 3766 634 hominibus,
3787 575 3958 644 eriget

2373 668 2534 720 super
2575 654 2722 709 illud.
2761 674 2779 708 ι
2816 657 2943 711 Vide
2977 675 2989 710 :
3021 657 3081 710 1r
3129 669 3284 713 vocat
3336 660 3510 714 lumen
3559 678 3805 731 magnum
3832 705 3849 728 ,
3899 673 3958 721 et

2374 744 2712 810 splendorem
2741 753 2838 815 (α).
2868 747 2936 802 Et
2961 759 3165 804 sanctus
3189 766 3217 802 e
3242 752 3366 804 ctelo
3395 751 3664 817 descendit,
3690 764 3736 806 et
3760 755 3960 808 clama-

2373 839 2439 888 vit
2483 838 2534 890 in
2588 841 2911 908 fortitudine,
2963 843 3034 896 ita
3083 853 3141 896 ut
3193 842 3339 896 illum
3381 847 3740 913 perterruerit.
3777 846 3844 900 Et
3880 849 3959 902 sic

2373 925 2542 980 dixit:
2577 926 2807 982 Excidite
2834 930 3103 985 arborem:
3129 942 3469 986 verumtamen
3498 949 3696 1002 germen
3719 936 3953 990 radicum

2373 1017 2483 1086 ejus
2507 1019 2560 1071 in
2589 1027 2722 1072 terra
2745 1021 2909 1074 sinite.
2943 1020 3046 1076 Sed
3075 1021 3327 1091 quoniam
3358 1023 3637 1092 plurimum
3678 1031 3955 1097 corrumpi

2373 1110 2509 1164 solet
2544 1126 2781 1181 germen,
2816 1113 2904 1167 Sic
2930 1114 3108 1178 sinite,
3136 1115 3339 1183 inquit,
3365 1124 3421 1168 ut
3462 1117 3516 1170 in
3556 1118 3754 1172 vinculo
3784 1121 3955 1188 ferreo

2373 1210 2418 1253 et
2443 1217 2592 1254 terea.
2621 1201 2687 1254 Et
2725 1213 2911 1270 septem
2931 1245 2946 1269 ,
2981 1204 3177 1272 inquit,
3206 1214 3432 1276 tempora
3457 1223 3606 1276 super
3644 1225 3756 1261 eum
3785 1221 3955 1262 muta-

2372 1290 2575 1356 buntur,
2605 1302 2652 1345 et
2692 1309 2806 1346 cum
2849 1295 3016 1348 bestiis
3046 1295 3286 1349 habitatio
3318 1299 3444 1366 ejus.
3473 1298 3623 1365 Quod
3663 1303 3802 1354 enim
3839 1301 3956 1357 litec

2373 1382 2440 1437 de
2479 1384 2692 1437 homine
2722 1384 3058 1454 intelligenda
3089 1384 3225 1450 sint,
3258 1387 3531 1442 declarant
3557 1403 3674 1458 qua:
3712 1404 3955 1460 sequun-

2375 1484 2477 1528 tur.
2511 1473 2576 1528 Et
2604 1492 2708 1538 cor,
2739 1476 2933 1544 inquit,
2968 1478 3132 1531 bestia:
3167 1477 3370 1533 dabitur
3410 1481 3475 1534 ei.
3500 1479 3628 1547 Quia
3658 1500 3745 1552 per
3773 1486 3954 1555 conje-

2373 1576 2567 1620 cturam
2595 1565 2650 1619 Ir
2669 1583 2828 1620 sermo
2854 1585 2874 1620 :
2903 1583 2996 1636 per
3016 1583 3074 1623 se
3111 1584 3214 1622 non
3241 1578 3418 1640 potest
3442 1571 3715 1638 illustrari,
3751 1575 3950 1645 inquit;

2375 1655 2468 1710 sed
2491 1657 2782 1726 interprete
2803 1672 2935 1726 opus
2969 1667 3069 1712 est.
3095 1657 3160 1712 Et
3184 1661 3388 1713 verbum
3407 1701 3421 1724 ,
3448 1663 3632 1728 inquit,
3661 1675 3955 1718 sanctorum

2374 1747 2700 1817 interrogatio
2726 1763 2744 1800 :
2771 1759 2825 1801 et
2852 1749 3017 1802 sancti
3061 1759 3308 1817 poterunt
3337 1751 3466 1806 illud
3492 1753 3689 1809 dicere.
3718 1755 3815 1810 Vel
3851 1757 3954 1812 hoc

2375 1836 2543 1902 dicit,
2577 1839 2658 1891 vel
2702 1839 2838 1892 istud
2871 1857 2883 1892 :
2916 1840 3054 1910 quod
3094 1856 3287 1910 nempe
3336 1845 3536 1911 possint
3583 1845 3955 1917 interrogatio-

2377 1943 2495 1981 nem
2518 1928 2761 1992 reddere,
2791 1939 2843 1983 et
2872 1946 3086 1984 causam
3114 1941 3332 2001 propter
3358 1948 3515 2003 quam
3551 1935 3649 1990 ista
3689 1936 3822 1991 ﬁunt
3844 1979 3858 2003 ,
3896 1947 3955 1993 et

2378 2036 2473 2090 per
2500 2023 2897 2091 responsionem
2931 2024 3248 2093 patefactum
3278 2033 3380 2079 est.
3417 2025 3485 2081 Ut
3513 2040 3844 2097 cognoscant,
3874 2032 3956 2086 in-

2375 2113 2522 2182 quit,
2555 2114 2767 2167 viventes
2789 2155 2803 2180 ,
2836 2115 2969 2183 quod
3001 2113 3245 2168 Dominus
3282 2125 3355 2169 est
3379 2118 3651 2172 altissimus
3689 2122 3832 2190 regni
3863 2122 3957 2176 ho-

2378 2205 2589 2256 minum.
2621 2205 2743 2258 ihec
2773 2214 2854 2260 est
2883 2221 3060 2260 causa.
3090 2206 3250 2262 Vides
3285 2218 3342 2262 ut
3371 2209 3511 2266 Deus
3541 2212 3810 2280 provideat
3851 2215 3955 2269 ho-

2377 2297 2643 2349 minibus?
2694 2305 2853 2366 utque
2905 2314 3009 2352 non
3052 2298 3188 2352 intra
3239 2299 3451 2357 Jndmos
3494 2304 3796 2358 conclusum
3839 2317 3959 2360 erat

2377 2388 2542 2456 ipsius
2592 2385 2914 2457 imperium?
2945 2391 3032 2445 i5.
3063 2409 3081 2442 ι
3117 2390 3230 2446 lloc
3273 2393 3536 2446 somnium
3581 2394 3685 2448 vidi
3725 2410 3826 2465 ego
3860 2412 3956 2452 rex

2432 2581 2508 2643 (α)
2527 2582 2581 2631 In
2592 2583 3055 2646 ῧΐεοο,ὂρι,ᾳησὶννβῖρ
3069 2599 3137 2645 φας
3152 2596 3255 2646 μιτι,
3270 2597 3329 2634 ul
3341 2592 3562 2645 λαμπηδόνι
3583 2584 3639 2634 In
3655 2586 3780 2637 hunc
3795 2588 3959 2640 locum

2378 2652 2540 2693 notam
2560 2654 2856 2709 sequentem;
2871 2644 3100 2709 Cotelerii
3125 2644 3494 2706 exscripsimus,
3522 2651 3738 2709 quamvis
3760 2651 3817 2698 ad
3843 2659 3956 2700 tex-

2379 2713 2478 2770 tum
2490 2707 2958 2770 Grazcumpraecipue
2977 2706 3258 2770 ordinatam,
3272 2715 3324 2755 ut
3340 2720 3448 2770 quae
3461 2706 3613 2769 ipsum
3625 2713 3860 2760 versionis
3879 2719 3962 2762 ta-

2379 2769 2492 2815 tina:
2519 2766 3100 2836 lectioni’incurmbentem
3117 2769 3288 2836 juvare
3314 2766 3524 2829 possitis
3549 2771 3618 2818 lta
3634 2773 3786 2820 suida:
3812 2786 3862 2836 ιιρ
3881 2783 3962 2824 est

2378 2836 2584 2887 λιμκηδιιιν.
2609 2831 2746 2885 Quasi
2770 2830 2818 2876 in
2841 2829 3062 2877 Chaldaeo
3085 2832 3313 2889 scriptum
3339 2839 3489 2890 esset,
3509 2839 3598 2885 ῬΝ
3620 2873 3631 2892 ,
3669 2845 3767 2881 non
3792 2829 3961 2884 autem

2378 2904 2489 2956 Ἦν.
2517 2899 2661 2948 Certe
2699 2907 2743 2946 s.
2779 2901 3036 2959 Gregorius
3068 2901 3273 2947 Nazianz.
3300 2937 3313 2954 ,
3338 2908 3392 2948 ut
3413 2901 3476 2948 de
3501 2901 3603 2950 aliis
3625 2902 3742 2950 nihil
3764 2903 3920 2954 dicam
3941 2939 3958 2964 ,

2380 2967 2581 3030 angelos
2603 2968 2778 3016 lumina
2801 2967 3012 3028 appellat
3034 2969 3080 3016 in
3103 2975 3230 3016 Orat.
3260 2969 3338 3026 40,
3366 2977 3417 3018 et
3438 2970 3514 3018 45.
3540 2971 3613 3019 Ab
3635 2977 3728 3026 Ἴης
3749 2975 3854 3022 Job.
3875 2977 3959 3035 56,

2378 3039 2456 3098 50,
2485 3038 2664 3100 legitur
2686 3044 2797 3094 'n‘ln
2822 3052 2833 3085 :
2861 3037 2982 3099 apud
3008 3044 3114 3086 LXX
3139 3039 3360 3098 quaedam
3394 3039 3688 3102 exemplaria
3713 3042 3960 3096 habebant

2377 3119 2495 3167 est»,
2517 3109 2645 3171 quod
2669 3109 2732 3157 de
2751 3120 2869 3171 arcu
2892 3108 3073 3171 caelesti
3099 3117 3350 3170 exponunt
3368 3111 3531 3168 (περὶ,
3558 3118 3608 3159 et
3630 3120 3796 3162 auctor
3819 3114 3960 3165 Com-

2378 3170 2863 3237 mentarii_in_.lobu_m
2884 3170 3007 3237 apud
3029 3171 3323 3237 Origenem_,
3344 3173 3430 3237 qui
3465 3179 3524 3237 et
3552 3173 3598 3220 in
3631 3179 3744 3237 nan.
3771 3175 3831 3232 4,
3861 3178 3922 3227 10
3941 3213 3957 3237 ,

2379 3244 2466 3292 pro
2491 3232 2562 3288 Ir,
2596 3229 2747 3292 legit,
2770 3231 2872 3289 tris,
2905 3231 2966 3278 ab
2985 3229 3268 3295 mn,'unde
3292 3229 3382 3281 Iris
3404 3233 3526 3294 apud
3550 3241 3591 3281 s.
3616 3229 3962 3299 Hieronymum

2379 3302 2472 3351 hic.
2499 3302 2587 3350 Sed
2614 3309 2664 3350 et
2686 3315 2776 3348 vox
2815 3307 2867 3359 ιῐρ
2891 3301 3192 3350 restituenda
3226 3311 3303 3351 est
3338 3304 3388 3350 in
3422 3310 3465 3350 s.
3501 3302 3683 3352 Isidoro
3715 3306 3958 3358 Pelusiota

2380 3363 2690 3423 Epistolarum
2713 3363 2795 3410 lib.
2820 3365 2868 3419 2,
2896 3362 3040 3425 epist.
3068 3362 3176 3420 177,
3201 3376 3298 3425 quo
3323 3362 3411 3411 loci
3437 3365 3678 3425 interires
3700 3367 3959 3419 admodum

2379 3428 2540 3473 suavis
2564 3432 2657 3473 est.
2683 3432 2823 3487 Porro
2845 3423 3068 3471 seniores
3090 3429 3198 3472 LXX
3221 3423 3301 3487 hic
3323 3423 3586 3483 verterant,
3599 3432 3762 3487 ἀπὼν,
3784 3431 3956 3479 caeteri

2380 3486 2813 3550 tmppv,_optime.
2837 3490 2904 3532 De
2925 3497 3119 3550 ιγενηόροις
3142 3486 3301 3550 omnia
3325 3492 3436 3534 nota
3461 3494 3578 3550 sunt
3600 3486 3866 3550 eitj‘hren.
3893 3491 3923 3539 4
3939 3529 3954 3550 ,

2382 3545 2620 3613 li,'_apgd
2642 3545 2749 3613 LXX
2767 3581 2782 3604 ,
2808 3553 2946 3613 et_ex
2971 3545 3094 3593 libro
3129 3546 3300 3613 ituochi
3322 3579 3336 3604 ,
3373 3545 3632 3609 Padagogo
3655 3545 3957 3613 Clementis,

2379 3605 2799 3678 _Suida,_Cedreno,
2825 3605 3197 3678 chronographo
3217 3620 3469 3678 angnymo,
3494 3605 3639 3678 quém
3658 3605 3959 3678 litt-schelius

2379 3671 2428 3718 in
2451 3672 2580 3730 notis
2596 3666 2655 3715 ad
2681 3669 2899 3730 Origenis
2923 3666 3069 3716 libras
3091 3666 3255 3717 contra
3281 3666 3472 3719 Celsum
3491 3666 3630 3730 citat;
3654 3677 3704 3718 et
3723 3684 3786 3721 ex
3806 3675 3961 3725 sacris

2379 3728 2756 3778 ordinationibus
2768 3728 3008 3790 Syrorum,
3030 3742 3139 3777 cum
3163 3731 3506 3790 itaronitarum,
3531 3728 3632 3780 tum
3655 3736 3961 3785 Nestoriano-

2365 3803 2505 3849 rum,
2528 3804 2648 3853 quas
2681 3791 2730 3838 iu
2768 3789 2923 3853 lucem
2962 3789 3115 3853 edidit
3148 3792 3220 3839 vir
3259 3789 3527 3852 linguartun
3558 3793 3865 3843 orientalium
3903 3805 3960 3848 et

2379 3851 2683 3918 historiarum
2706 3851 3136 3918 ecclesiasticarum
3160 3851 3474 3918 peritissimus
3495 3860 3698 3918 Joannes
3721 3857 3924 3918 Morinus
3938 3892 3956 3918 ,

2381 3913 2437 3960 ad
2461 3916 2598 3976 cujus
2612 3915 2942 3976 adnotationes
2966 3911 3199 3976 lectorem
3221 3915 3526 3963 remittimus.
3550 3914 3638 3962 Sed
3667 3922 3720 3965 et
3739 3916 3837 3966 huc
3860 3911 3957 3967 for-3

2380 3986 2466 4021 san
2487 3973 2775 4045 referendus
2810 3973 3054 4045 estumiris
3076 3973 3228 4045 modis
3262 3980 3514 4045 corruptus
3536 3987 3590 4024 ac
3613 3987 3741 4045 pene
3764 3979 3956 4045 concla-

2381 4041 2537 4082 matus
2575 4033 2708 4082 locus
2747 4036 2794 4082 in
2830 4033 3080 4082 utilissimo
3117 4036 3321 4083 Pastoris
3354 4033 3475 4084 libro
3513 4050 3525 4084 :
3561 4033 3684 4086 Misit
3724 4040 3958 4093 Dominus

2379 4097 2603 4165 angelum
2625 4108 2779 4165 suum,
2805 4095 2887 4165 qui
2907 4101 2974 4143 est
2993 4108 3138 4165 super
3160 4096 3347 4165 bestias,
3373 4097 3453 4146 cui
3475 4109 3642 4165 nomen
3659 4103 3726 4165 est
3753 4102 3953 4163 Hegrin.

2379 4149 2493 4223 Quid
2521 4159 2652 4207 enim
2673 4149 2890 4223 sibiv'ult
2913 4149 3115 4223 monstri
3135 4156 3302 4223 similis
3327 4149 3440 4223 vox,
3465 4157 3688 4221 Hegrin?
3719 4149 3953 4223 Hermas,

2379 4220 2564 4279 opinor,
2613 4217 2866 4285 angelum,
2910 4230 3065 4285 quem
3103 4218 3272 4267 bestiis
3307 4217 3626 4285 praefecerat,
3666 4217 3954 4285 vocaverat,

2381 4277 2562 4346 ιτρνετορεξν
2581 4319 2591 4336 ,
2613 4277 2738 4346 quod
2761 4279 2945 4346 scilicet
2969 4277 3170 4339 legisset
3195 4277 3329 4346 apud
3353 4277 3629 4346 Danieiem,
3654 4295 3842 4346 ιτρητέρς.
3867 4277 3956 4334 mi;

2379 4340 2580 4390 nisterio
2623 4340 3128 4388 Nabuchodonosorem
3170 4341 3229 4388 ad
3274 4341 3534 4390 bestiarum
3573 4340 3756 4393 sonent
3784 4340 3958 4399 'i'uisse

2380 4401 2663 4466 redactum:
2691 4401 2924 4466 id‘autem
2961 4403 3195 4466 nominis,
3220 4414 3328 4450 cum
3349 4415 3374 4466 a
3395 4401 3686 4464 calligrapho
3719 4417 3956 4466 compen-

2379 4463 2508 4510 diosa
2535 4461 2774 4527 scribendi
2797 4464 2984 4527 ra_tlone
3008 4460 3134 4527 hunc
3173 4462 3453 4527 in_modum
3493 4460 3743 4527 exaratum
3787 4460 3954 4527 esset,

2382 4534 2497 4583 ιτρςςγ,
2523 4523 2791 4594 exscriptor
2815 4521 2953 4580 alter,
2981 4521 3057 4570 vel
3083 4531 3219 4595 certe
3242 4524 3628 4595 interpres-ipse,
3655 4538 3750 4595 non
3775 4521 3957 4595 intellig

2379 4597 2521 4643 gens,
2545 4591 2626 4632 aut
2649 4585 2794 4632 etiam
2819 4595 3073 4644 perperam
3095 4583 3284 4644 legens,
3305 4587 3503 4634 mutavit
3520 4583 3566 4633 iu
3585 4585 3764 4644 myrin
3787 4599 3804 4636 :
3827 4592 3953 4644 quod

2379 4637 2521 4706 quam
2545 4647 2594 4693 in
2620 4637 3022 4718 proeiivi'fuerit,
3056 4637 3206 4718 nemo
3246 4637 3720 4718 non-intel_li_git._ita‘
3758 4637 3951 4718 malim,

2378 4705 2520 4768 quam
2543 4705 2669 4768 quOd
2691 4705 2943 4768 aliquando
2965 4707 3307 4768 conjectabam,
3341 4707 3472 4764 Evin,
3497 4705 3645 4758 id'est
3661 4743 3676 4767 ,
3699 4705 3953 4767 bellut'nus,

2378 4767 2436 4830 ut
2454 4767 2805 4830 interpretatur
2821 4767 3063 4830 (n'ig‘enes
3078 4774 3212 4816 Hom.
3236 4768 3298 4817 25
3322 4770 3369 4816 in
3393 4777 3637 4818 numeros.
3667 4772 3772 4820 Scio
3797 4770 3954 4823 videri

2378 4828 2520 4877 aliter
2613 4841 2701 4901 suo
2721 4829 2886 4901 Codice
2926 4827 3152 4901 habuisse
3179 4837 3229 4899 s.
3256 4831 3612 4901 Hieronymum,
3632 4833 3713 4901 qui
3737 4833 3787 4901 in
3812 4831 3952 4882 Com-

2379 4891 2616 4960 mentario
2639 4891 2696 4938 ad
2720 4891 2952 4960 Habacuci
2985 4892 3366 4960 caput-primum
3404 4891 3468 4938 ita
3508 4891 3721 4960 scribat;
3753 4900 3826 4960 Bg:
3861 4906 3955 4953 quo

2376 4950 2497 5022 liber
2514 4950 2616 5024 _ille
2653 4951 2952 5024 apocryplrus
2986 4950 3198 5024 stultitim
3232 4952 3616 5024 conclamarde
3649 4959 3720 5003 est
3749 4964 3768 5000 :
3789 4951 3840 5000 in
3860 4950 3954 5024 quo

2378 5012 2606 5077 scriptum
2622 5010 3210 5077 est,quentdam_gz_ngelmn
3230 5013 3417 5077 nomine
3445 5012 3556 5077 Tyri
3577 5025 3782 5077 privasse
3803 5010 3953 5077 repti-

2381 5071 2530 5144 libus.
2548 5081 2601 5144 tit
2640 5075 2692 5144 in
2726 5071 2847 5141 hanc
2872 5071 3672 5144 sinnlittiditzemopiscibnsrgudque
3693 5071 3950 5144 “arbori-

3235 5134 3289 5184 ενι
3318 5134 3809 5204 emicem!“
3831 5134 3952 5204 asi-

2409 5205 2557 5246 natos.
2583 5196 2768 5246 Verum
2789 5196 2894 5244 haec
2908 5194 3058 5258 lectio
3087 5194 3211 5258 forte
3238 5198 3406 5245 sanior
3429 5209 3524 5258 non
3557 5200 3634 5258 est
3666 5194 3846 5258 priore.
3872 5197 3949 5247 An

2400 5260 2477 5322 egi
2501 5259 2666 5322 possit,
2681 5269 2830 5322 huc»,
2845 5255 2941 5314 vel,
2958 5269 3103 5322 θηριων,
3125 5257 3248 5322 adeo
3264 5265 3316 5308 ut
3332 5258 3378 5306 id
3398 5257 3605 5322 nonanis
3625 5254 3868 5322 referatur
3888 5259 3948 5322 ad

2379 5283 2477 5322 ιυδι
2615 5283 2666 5316 ιι,
2681 5283 2822 5319 θηρίου,
2849 5283 2941 5314 νει,
2958 5283 2997 5314 νη
3021 5283 3103 5315 ων,
3125 5283 3248 5306 Ιυΰυ
3266 5283 3316 5308 ut.
3333 5283 3378 5306 lu
3402 5283 3605 5328 ιιυιιξιυω
3627 5283 3866 5328 ιῠξσιᾱιξυιι
3888 5283 3948 5330 ῳ

2377 5283 2612 5381 τθριὶἳῖιῗ
2642 5333 2756 5387 non_
2774 5319 2833 5366 ad
2873 5283 3350 5387 angelum,_vldeant
3380 5317 3527 5387 decu.
3565 5325 3796 5387 suspicng
3837 5331 3948 5387 gms

2379 5376 2542 5448 posset
2564 5376 2644 5448 ex
2682 5376 3061 5448 Origene__t'to_i_n.
3091 5380 3162 5448 _l§
3199 5381 3256 5448 in_
3281 5376 3687 5448 _Rz__ecbieler_n,__et
3718 5376 3946 5448 libtl'de

2378 5438 2639 5512 i'rincipiis,
2664 5438 2824 5501 capis
2842 5479 2853 5496 ,
2879 5439 3021 5512 alludi
3047 5441 3104 5489 ad
3129 5438 3698 5509 Ezechielispmphetias
3716 5438 3782 5487 de

2378 5512 2477 5549 nuo
2515 5504 2673 5549 obiter
2711 5508 2925 5549 annoto:
2954 5515 3154 5549 nnmum
3192 5510 3298 5549 est.
3337 5509 3596 5549 Origenem
3629 5504 3764 5549 Hom.
3801 5500 3823 5548 1
3896 5501 3944 5549 in

2377 5512 2477 5552 Duo
2515 5500 2925 5570 obitergnnoto:
2954 5503 3298 5570 primumﬁest,
3337 5500 3596 5570 Origenem
3629 5504 3764 5549 Hom.
3801 5500 3860 5549 H
3896 5501 3945 5570 in

2376 5572 2635 5619 Numeros,
2669 5562 2732 5610 25
2761 5563 2809 5610 in
2835 5569 3052 5620 Josuam,
3079 5569 3130 5612 et
3150 5563 3180 5611 8
3203 5565 3251 5612 in
3274 5563 3528 5610 Jeremiam
3545 5593 3565 5623 ,γ
3584 5572 3865 5623 respuisse
3883 5566 3946 5613 ad

2376 5626 2526 5673 verba
2550 5625 2766 5672 Pastoris.
2792 5624 3087 5683 Secundum,
3112 5624 3173 5670 ab
3195 5622 3790 5683 accusationeitieronytni
3807 5624 3948 5675 facil-

2377 5685 2540 5734 limum
2557 5683 2676 5748 fore
2702 5691 2930 5748 Bormam
2952 5681 3222 5748 defendere
3243 5721 3255 5741 ,
3280 5685 3321 5732 si
3357 5695 3482 5748 nunc
3504 5681 3551 5731 id
3574 5681 3836 5748 egerentes
3851 5723 3865 5748 ,
3888 5692 3945 5736 et

2376 5748 2467 5796 nisi
2493 5760 2520 5795 e
2541 5744 2822 5796 diverticulo
2853 5746 2899 5796 in
2925 5746 3046 5796 viam
3069 5746 3208 5794 nobis
3228 5751 3360 5794 esset
3383 5741 3695 5794 redeundum.
3728 5759 3753 5790 ιο

2377 5135 2464 5186 bus
2483 5142 2531 5185 et
2553 5134 2709 5185 bestiis
2731 5132 2962 5195 universis
2997 5135 3214 5195 proprios
