4144 6308
145 392 264 446 217

155 486 678 546 Nabuchodonosor;
704 493 750 536 et
772 491 823 535 ιιι
845 480 1096 544 Baltasar,
1122 476 1471 546 conjecturam
1492 472 1592 532 die,
1612 471 1730 540 quia

156 597 350 635 omnes
377 580 644 647 sapientes
669 574 812 643 regni
853 573 951 626 mei
981 584 1083 625 non
1126 577 1345 640 possunt
1380 566 1732 635 conjecturam

155 675 278 740 ejus
291 671 565 725 declarare
591 665 823 721 mihi.Tu
845 673 1016 718 autem
1041 673 1210 731 p0tes,
1239 659 1357 729 quia
1386 658 1609 727 Spiritus
1638 655 1730 708 Dei

156 773 381 817 sanctus
406 763 456 814 in
485 770 534 815 te
565 759 783 812 habitat.
813 757 942 823 Quia
965 768 1148 808 omnes
1177 752 1441 822 sapientes
1466 748 1612 817 regni
1635 746 1736 800 mei

159 868 283 907 non
308 863 551 920 possunt.
595 867 612 899 ι
659 848 888 902 Noverat
913 845 963 899 id
994 845 1181 898 iterum
1224 842 1399 894 hetitia
1433 838 1736 893 afl‘ecturum

163 944 443 998 Danielem
471 958 485 1007 ;
519 955 702 994 omnes
730 938 932 991 scilicet
977 934 1216 988 confiteri
1264 947 1321 986 se
1349 933 1514 983 victos
1558 928 1736 988 fuisse,

159 1050 271 1089 non
307 1043 527 1101 propter
551 1030 770 1100 gloriam
798 1041 966 1087 suam,
987 1024 1078 1078 sed
1111 1032 1165 1076 ut
1183 1021 1272 1076 Dei
1300 1028 1531 1090 potestas
1559 1032 1741 1071 rursus

163 1123 571 1192 prmdiearelur.
619 1118 699 1172 Tu
742 1127 924 1178 autem,
974 1113 1162 1183 inquit,
1197 1122 1352 1181 potes,
1381 1111 1479 1162 dic.
1523 1109 1632 1173 Qua
1674 1107 1740 1160 de

161 1216 369 1271 causa?
405 1215 537 1281 Quia
581 1212 805 1280 Spiritus
848 1208 944 1261 Dei
984 1208 1036 1260 in
1064 1216 1109 1259 te
1135 1215 1222 1259 est.
1254 1205 1382 1258 Vide
1433 1204 1552 1256 hinc
1595 1202 1740 1255 illum

165 1307 429 1376 incipere,
460 1313 512 1358 et
542 1302 611 1357 ibi
641 1301 906 1356 desinere.
951 1299 1037 1351 17.
1072 1315 1089 1346 ι
1126 1296 1316 1360 Arbor,
1344 1307 1498 1362 quam
1543 1291 1736 1355 vidisti,

165 1398 252 1451 illa
302 1393 640 1465 magniﬁcata
686 1401 739 1445 et
774 1389 1133 1452 corroborata,
1166 1384 1314 1453 cujus
1357 1382 1574 1436 altitudo
1618 1396 1738 1449 per-

164 1489 316 1542 venit
357 1488 410 1539 in
448 1486 653 1547 cadum,
686 1491 738 1536 et
772 1481 937 1534 moles
968 1479 1078 1547 ejus
1107 1477 1156 1529 in
1188 1476 1482 1530 universam
1514 1483 1738 1527 terram:

165 1582 252 1634 18.
288 1589 342 1632 et
389 1577 512 1630 folia
555 1575 667 1643 ejus
710 1571 982 1634 florentia,
1027 1576 1080 1623 et
1125 1569 1322 1620 fructus
1365 1566 1477 1634 ejus
1522 1564 1738 1624 multus,

165 1682 218 1724 et
242 1684 367 1724 esca
397 1667 640 1720 omnibus
669 1665 719 1717 in
743 1678 802 1716 ea
832 1679 844 1712 :
877 1661 1057 1714 subter
1089 1674 1202 1712 eam
1233 1657 1540 1711 habitabant
1561 1655 1742 1710 bestiae

166 1771 432 1830 agrestes.
458 1767 511 1811 et
542 1758 590 1808 in
620 1754 779 1808 ramis
809 1753 922 1820 ejus
951 1750 1209 1819 degebant
1229 1749 1466 1801 volucres
1490 1747 1624 1810 cadi,
1655 1745 1738 1800 i9.

170 1861 219 1903 tu
269 1866 350 1911 es,
387 1864 418 1900 ο
445 1861 572 1908 rex;
617 1844 736 1913 quia
778 1839 1140 1910 magniﬁcatus
1182 1855 1238 1891 es
1278 1847 1331 1892 et
1379 1837 1662 1900 invaluisti,
1691 1844 1745 1889 et

169 1938 484 2008 magnitudo
515 1947 600 1989 tua
642 1933 972 2004 magnificata
1003 1938 1103 1994 est,
1141 1939 1194 1983 et
1220 1929 1462 1998 pervenit
1485 1942 1649 1994 usque
1692 1926 1742 1979 in

167 2033 384 2091 ei-lnm,
420 2038 471 2081 et
500 2024 790 2080 dominatio
835 2031 921 2076 tua
966 2022 1017 2075 in
1055 2021 1309 2074 terminos
1353 2028 1524 2072 terrm.
1554 2016 1643 2070 20.
1678 2015 1745 2069 Et

169 2123 312 2191 quod
348 2120 478 2173 vidit
506 2135 595 2173 rex
639 2118 707 2183 Ir,
736 2125 790 2172 et
817 2125 1055 2169 sanctum
1083 2113 1487 2168 descendentem
1520 2127 1549 2166 e
1576 2112 1740 2175 caelo;

167 2222 223 2266 et
253 2212 426 2263 dixit:
459 2208 680 2262 Evellite
707 2207 973 2269 arborem,
1003 2213 1054 2258 et
1083 2205 1301 2259 evertite
1328 2205 1466 2258 illam
1496 2218 1509 2256 :
1537 2217 1744 2256 verum-

174 2311 353 2354 tamen
401 2314 614 2368 germen
666 2296 900 2350 radicum
943 2295 1058 2363 ejus
1100 2294 1152 2348 in
1196 2303 1336 2349 terra
1380 2294 1554 2356 sinite,
1599 2301 1653 2346 ct
1693 2292 1743 2345 in

173 2393 393 2445 vineiilo
426 2392 596 2443 ferreo
622 2397 676 2442 et
701 2403 859 2450 :ereo,
889 2396 944 2442 et
981 2387 1033 2440 in
1067 2385 1227 2441 herba
1256 2401 1372 2455 qua:
1415 2384 1540 2437 foris
1569 2392 1668 2446 est,
1695 2391 1748 2436 et

174 2483 224 2534 in
278 2497 402 2534 rore
431 2480 544 2534 caeli
588 2479 953 2544 stabulabitur,
981 2488 1034 2532 et
1073 2493 1190 2532 cum
1236 2477 1414 2530 bestiis
1456 2476 1746 2544 agrestibus

174 2588 300 2640 pars
348 2572 486 2638 ejus,
534 2571 701 2623 donec
753 2581 952 2638 septem
1001 2579 1234 2636 tempora
1273 2577 1538 2620 mutentur
1590 2580 1746 2634 super

174 2679 294 2716 eum
316 2680 328 2714 :
352 2661 442 2713 2|.
476 2660 574 2713 hoc
601 2669 680 2713 est
709 2658 1010 2727 conjectura
1041 2658 1173 2726 ejus,
1204 2672 1235 2710 ο
1266 2671 1378 2719 rex,
1410 2665 1462 2708 et
1487 2656 1742 2708 sententia

174 2751 437 2805 Altissimi
482 2758 583 2810 est,
623 2765 738 2817 qua:
789 2747 1027 2816 pervenit
1073 2761 1229 2815 super
1258 2745 1525 2800 dominum
1573 2760 1745 2798 meum

176 2857 362 2911 regem
399 2858 410 2891 :
442 2839 530 2892 22.
579 2850 629 2892 et
670 2849 720 2893 te
757 2837 1022 2907 expellent
1063 2838 1129 2890 ab
1176 2835 1506 2900 hominibus,
1536 2845 1588 2889 et
1629 2851 1746 2889 cum

178 2935 369 2988 bestiis
396 2933 496 2986 erit
528 2931 780 2986 habitatio
813 2940 933 2992 tua;
982 2940 1033 2984 et
1063 2928 1204 2984 fceno
1231 2938 1289 2983 ut
1312 2926 1498 2982 bovem
1536 2935 1751 2996 pascent

178 3035 252 3088 te,
292 3034 349 3078 et
389 3039 418 3076 a
463 3039 583 3077 rore
609 3023 723 3076 ca-li
753 3023 980 3091 tingetur
1017 3035 1210 3088 corpus
1257 3029 1422 3082 tuum,
1455 3028 1506 3072 et
1548 3028 1748 3088 septem

181 3127 428 3184 tempora
468 3117 807 3168 mutabuntur
833 3130 990 3182 super
1014 3124 1083 3179 te,
1113 3114 1281 3168 donec
1309 3115 1443 3167 scias
1469 3111 1607 3181 quod
1652 3111 1749 3164 do-

181 3207 420 3260 minatur
442 3204 739 3257 Altissimus
773 3204 823 3255 in
852 3219 1067 3272 regnum
1093 3203 1381 3264 hominum,
1408 3213 1460 3256 et
1479 3202 1561 3256 cui
1585 3203 1750 3255 visum

182 3295 346 3348 fuerit
376 3294 522 3347 dabit
553 3295 700 3347 illud.
745 3295 832 3348 ‘23.
879 3295 946 3347 Et
983 3295 1103 3363 quia
1141 3295 1311 3348 dixit:
1344 3294 1509 3349 Sinite
1539 3309 1751 3362 germen

183 3387 426 3440 radicum
451 3386 655 3438 arboris
688 3403 698 3436 :
734 3400 950 3455 regnum
981 3395 1124 3440 tuum
1156 3386 1248 3440 tibi
1279 3387 1530 3451 manebit,
1563 3401 1628 3441 ex
1652 3402 1755 3454 quo

182 3478 506 3544 cognoveris
555 3485 867 3544 potestatem
899 3477 1182 3530 caelestem.
1220 3496 1238 3529 ι
1269 3478 1402 3543 Quid
1450 3478 1603 3546 igitur
1648 3479 1755 3530 ait?

183 3583 291 3635 quo
325 3578 478 3634 pacto
500 3569 811 3621 calamitatis
835 3568 1025 3622 solutio
1048 3570 1350 3638 continget?
1373 3570 1460 3626 24.
1490 3589 1507 3619 ι
1541 3571 1757 3638 l’ropter

185 3655 310 3716 hoc,
346 3672 458 3716 rex,
492 3658 768 3710 consilium
798 3674 972 3712 meum
1018 3660 1220 3728 placeat
1272 3660 1397 3722 tibi;
1446 3671 1498 3713 et
1545 3670 1755 3728 peccata

183 3757 272 3799 tua
317 3748 370 3799 in
401 3747 752 3816 eleetuosynis
782 3748 1001 3812 redime,
1028 3759 1080 3801 et
1106 3750 1404 3817 iniquitates
1433 3760 1544 3803 tuas
1575 3752 1623 3802 in
1655 3751 1754 3803 mi-

184 3835 546 3889 serationibus
576 3851 859 3904 pauperum
880 3836 976 3908 (a).
995 3838 1235 3892 Forsitan
1265 3840 1364 3892 erit
1393 3841 1757 3910 longanimitas

188 3927 403 3979 delictis
434 3927 556 3978 luis.
601 3945 617 3976 ι
647 3925 780 3992 Quid
820 3928 918 3992 ais,
949 3926 1187 3981 Forsitan
1224 3930 1357 3982 erit?
1403 3941 1455 3983 et
1486 3931 1758 3985 medicina:

193 4018 292 4070 vim
333 4018 433 4070 Stll)
459 4018 673 4070 dubium
709 4019 969 4086 quoddam
999 4021 1311 4075 constituis?
1341 4021 1451 4075 Non
1484 4034 1756 4092 propterea

186 4110 320 4174 dixi,
355 4107 613 4168 Forsitan.
650 4124 819 4178 neque
847 4110 1112 4175 dubitans,
1141 4112 1296 4176 absit,
1328 4112 1421 4166 sed
1447 4113 1520 4166 illi
1563 4125 1756 4167 metum

186 4203 436 4253 incutere
466 4200 666 4262 volens,
699 4215 760 4252 ac
790 4201 832 4253 si
861 4215 1014 4269 supra
1038 4216 1247 4255 onmem
1279 4203 1532 4256 medelam
1560 4215 1613 4258 et
1642 4221 1757 4257 om-

188 4307 312 4344 nem
359 4290 564 4344 veniam
608 4301 896 4358 peccasset.
923 4292 1052 4346 Nam
1088 4293 1133 4346 si
1162 4295 1319 4347 etiam
1357 4305 1629 4363 postquam
1662 4297 1760 4350 hoc

192 4381 265 4432 illi
294 4381 498 4433 dictum
532 4379 648 4445 fuit,
678 4382 728 4434 in
761 4382 960 4434 insania
1004 4391 1179 4435 tamen
1223 4385 1509 4452 permansit
1540 4402 1552 4438 :
1598 4387 1762 4440 multo

188 4470 363 4538 magis
399 4469 442 4521 si
474 4470 673 4538 absque
702 4470 1038 4538 ambiguitate
1087 4487 1262 4526 sermo
1310 4473 1510 4528 fuisset.
1554 4474 1759 4529 Etenim

191 4555 243 4609 id
271 4572 484 4624 quoque
517 4558 640 4610 alibi
666 4559 778 4610 vult
812 4559 974 4624 Deus,
995 4574 1112 4613 cum
1141 4576 1235 4629 per
1261 4562 1566 4630 prOphetam
1594 4563 1757 4618 dicit:

191 4646 252 4700 Si
273 4647 460 4698 laveris
489 4648 540 4697 in
571 4649 722 4712 nitro,
742 4650 990 4700 maculata
1011 4667 1060 4702 es
1077 4667 1243 4703 coram
1266 4668 1362 4719 me,
1381 4652 1499 4705 dicit
1517 4653 1761 4708 Dominus

192 4736 327 4805 (Jer.
364 4736 416 4790 2.
449 4737 561 4807 22).
597 4738 661 4790 Et
687 4738 872 4791 iterum
903 4756 915 4790 :
942 4740 1011 4792 Si
1048 4741 1254 4793 mutabit
1282 4741 1523 4811 Afthiops
1562 4745 1758 4811 pellem,

192 4838 237 4879 et
258 4828 455 4896 pardus
485 4829 745 4881 varietates
770 4843 886 4881 suas
926 4828 1057 4895 (Jer.
1088 4831 1173 4883 13.
1200 4829 1314 4897 25).
1339 4831 1487 4885 Sicut
1516 4833 1670 4900 igitur
1693 4833 1759 4885 ibi

193 4916 432 4972 excludit
459 4919 839 4986 pceuitentiam,
873 4935 974 4972 non
1023 4929 1078 4973 ut
1106 4921 1365 4985 excludat,
1389 4921 1479 4975 sed
1511 4932 1565 4975 ut
1596 4923 1760 4991 magis

195 5007 442 5062 homines
469 5017 660 5061 terreat
688 5025 700 5060 :
735 5009 802 5062 ita
830 5018 883 5063 et
927 5009 1012 5064 hic
1039 5013 1219 5064 volens
1245 5012 1524 5066 ostendere
1555 5015 1758 5081 magni-

195 5100 439 5153 tudinem
483 5113 664 5151 eorum
695 5113 812 5166 qua:
844 5111 1172 5168 peccaverat,
1216 5102 1374 5166 dixit,
1407 5102 1641 5156 Forsitan
1665 5104 1758 5175 (b).

258 5247 333 5308 (a)
375 5249 594 5294 Memoria
630 5246 804 5311 labitur
827 5255 994 5311 Noster
1017 5251 1213 5299 Humilia
1237 5254 1283 5299 in
1308 5253 1538 5301 Psalmum
1561 5254 1620 5302 95
1639 5293 1651 5311 ,
1677 5255 1759 5302 ubi

198 5307 301 5372 Ec
319 5318 562 5372 tamquam
585 5309 642 5355 ad
667 5308 945 5357 Baltasarem
969 5310 1093 5358 dicta
1119 5313 1312 5372 profert.
1335 5322 1549 5362 Errorem
1574 5307 1762 5364 Joannis

189 5363 522 5434 Qhrysostomi
557 5378 790 5431 sequutus
817 5377 905 5434 est
940 5363 1146 5420 Joannes
1185 5376 1423 5434 Jejunator
1463 5375 1652 5423 ltomilia
1698 5363 1762 5424 de

192 5423 517 5493 Etenitentia,
558 5423 854 5493 Continentia
889 5437 946 5493 et
968 5423 1281 5492 Virginitate,
1323 5450 1412 5483 nec
1452 5450 1542 5482 non
1578 5423 1759 5484 Gabriel

193 5485 865 5552 Philadelphia:metropolita
889 5489 970 5539 lib.
997 5494 1026 5540 5
1047 5485 1110 5540 de
1134 5485 1460 5544 Sacrainentis.
1500 5497 1626 5546 Ante
1659 5511 1761 5545 om-

195 5562 282 5618 nes
303 5553 433 5618 idem
465 5554 727 5618 scripserat
749 5553 976 5618 Origenes
995 5553 1042 5600 in
1067 5556 1222 5618 Matth.
1250 5556 1336 5611 ‘26,
1361 5560 1409 5614 6,
1437 5565 1528 5605 etc.
1557 5558 1573 5614 (
1602 5557 1761 5606 Homi-

199 5609 325 5679 (ἔφη.
339 5611 473 5679 illurn
495 5611 546 5659 in
563 5609 810 5679 ‘1'_salm_tmt
828 5609 893 5661 95
917 5625 1004 5661 non
1023 5626 1122 5663 esse
1146 5609 1458 5679 t'ln'ysostonti
1482 5609 1689 5667 dicimus
1712 5620 1760 5667 in

202 5671 371 5720 lenito
389 5668 464 5720 ad
475 5674 736 5732 emndem.)

260 5733 332 5795 (ὁ)
367 5739 530 5797 Longe
566 5733 707 5783 aliter
746 5735 807 5781 de
846 5735 1043 5784 Danielis
1073 5737 1232 5786 verbis
1265 5741 1413 5788 sensit
1447 5748 1487 5787 5.
1527 5741 1761 5790 Salvianus

1573 355 1636 410 IN
1678 351 2039 408 ΒᾹΝΙΕΙᾸΞΜ.

3299 353 3410 410 218

1845 467 2011 532 Quam
2042 475 2216 518 autem
2254 463 2322 517 ob
2351 477 2560 519 causam
2604 478 2705 518 non
2734 463 2865 520 dixit
2897 482 2909 514 :
2944 459 3216 519 llumilitet
3247 460 3313 516 de
3358 471 3407 514 te

1841 557 2012 619 senti;
2047 556 2210 608 Deum
2247 555 2509 624 agnosce?
2535 555 2665 608 Nam
2695 555 2739 609 si
2789 564 3000 624 pr0pter
3026 553 3127 608 hoc
3169 553 3266 607 ista
3313 567 3404 621 pa-

1841 648 1986 710 titur,
2013 655 2144 700 utet
2173 646 2286 715 ipse
2316 646 2409 712 ait,
2451 660 2611 714 quare
2639 646 2738 698 alia
2768 644 3103 699 adhortaris?
3151 643 3309 708 Dixit,
3344 641 3410 697 Ut

1840 745 2142 807 cognoscant
2161 735 2293 806 quod
2323 736 2609 789 dominatur
2628 735 2911 788 Altissimus
2939 737 2989 788 in
3017 751 3224 805 regnum
3251 734 3414 787 homi-

1842 843 1981 879 num.
2011 826 2143 893 Quid
2190 827 2356 895 ergo?
2401 837 2459 879 ut
2501 826 2588 879 alii
2629 826 2996 891 emendentur,
3043 841 3141 894 ego
3186 825 3413 894 punior?

1844 916 2000 971 Nullo
2031 917 2188 971 modo
2222 935 2234 970 :
2265 917 2356 971 sed
2388 917 2439 970 in
2487 920 2692 970 somnio
2715 917 2946 985 quidem,
2979 931 3096 970 cum
3127 932 3230 970 non
3257 916 3415 972 vellet

1844 1018 2026 1076 aperte
2057 1024 2166 1062 rem
2197 1008 2501 1074 ostendere,
2531 1008 2700 1062 dixit:
2736 1007 2801 1062 Ut
2830 1018 3129 1078 cognoscant
3165 1009 3414 1064 viventes:

1846 1098 2026 1152 Daniel
2057 1108 2231 1152 autem
2258 1100 2367 1153 ait:
2405 1097 2571 1152 Donec
2610 1109 2662 1150 tu
2697 1114 2988 1168 cognoscas,
3020 1099 3153 1167 quod
3181 1099 3417 1152 domina-

1847 1203 1927 1246 tur
1961 1192 2243 1246 Altissimus
2269 1194 2321 1245 in
2346 1209 2552 1262 regnum
2579 1191 2858 1256 hominum,
2888 1201 2935 1244 et
2965 1191 3047 1244 cui
3078 1193 3236 1244 risum
3267 1192 3415 1260 fuerit

1847 1282 1982 1335 dabit
2022 1282 2171 1335 illud.
2197 1280 2355 1334 Vides
2388 1281 2653 1349 quomodo
2683 1281 2766 1335 hic
2802 1281 2869 1334 de
2910 1281 3208 1334 humilitate
3235 1281 3408 1334 disse-

1845 1372 2052 1426 ruerit?
2101 1373 2167 1425 At
2197 1372 2248 1425 in
2285 1371 2490 1424 somnio
2514 1372 2746 1440 quidem,
2781 1371 2966 1440 inquit,
2998 1372 3096 1424 hoc
3122 1370 3411 1425 remedium

1846 1463 2040 1520 dieium
2073 1474 2153 1516 est
2187 1481 2197 1515 :
2241 1477 2336 1531 ego
2377 1472 2550 1516 autem
2599 1471 2652 1516 et
2679 1462 2818 1516 aliud
2845 1462 3024 1516 affero.
3053 1461 3410 1528 Quemadmo-

1847 1554 1969 1608 dum
1997 1553 2208 1622 quando
2237 1554 2398 1606 iratus
2423 1561 2502 1606 est
2532 1553 2887 1622 magistratus,
2931 1568 3021 1622 pse
3048 1553 3258 1622 quidem
3288 1553 3416 1606 nihil

1846 1644 2066 1711 dixerit,
2101 1643 2432 1696 familiarium
2476 1650 2650 1697 autem
2709 1643 2849 1697 illius
2899 1644 3110 1712 quidam
3161 1643 3418 1698 accedens

1847 1734 1910 1788 ad
1939 1750 2086 1788 reum
2133 1734 2315 1786 dicet:
2366 1733 2475 1787 lloc
2523 1732 2621 1798 fac,
2652 1741 2703 1786 et
2749 1730 2882 1796 hoc;
2934 1732 2998 1786 da
3050 1734 3319 1802 pecunias,
3366 1743 3419 1787 et

1848 1841 2009 1895 smpe,
2045 1833 2102 1879 ut
2129 1825 2392 1894 possimus
2420 1824 2624 1893 eripere
2656 1832 2706 1877 te
2733 1823 2799 1876 ab
2839 1823 3263 1892 impendentibus
3305 1839 3417 1876 ma-

1848 1918 1929 1970 lis.
1960 1918 2050 1972 28.
2089 1936 2106 1967 ι
2154 1916 2284 1970 Cum
2317 1914 2487 1969 adhuc
2535 1929 2710 1968 sermo
2751 1924 2891 1968 esset
2922 1917 2971 1967 in
3003 1929 3095 1968 ore
3124 1915 3282 1983 regis,
3316 1929 3414 1967 vox

1848 2010 1914 2062 dc
1939 2010 2072 2062 C'JBIO
2099 2007 2234 2061 facta
2257 2015 2369 2060 est:
2401 2006 2516 2060 Tibi
2543 2006 2755 2070 dicitur,
2779 2005 3266 2060 Nabuchodonosor
3290 2022 3414 2060 rex:

1849 2113 2068 2168 regnum
2109 2106 2254 2150 tuum
2301 2096 2506 2149 transiit
2531 2111 2559 2147 a
2590 2107 2660 2160 te,
2699 2096 2787 2151 29.
2821 2105 2872 2149 et
2903 2096 2969 2149 ab
3001 2095 3301 2150 horuinibns
3325 2111 3418 2150 ex-

1852 2191 2046 2259 pelleut
2084 2200 2154 2254 te,
2184 2200 2236 2242 et
2265 2204 2381 2242 cum
2408 2188 2588 2242 bestiis
2631 2190 2730 2243 erit
2758 2187 3010 2242 habitatio
3043 2198 3148 2253 tua,
3181 2197 3234 2243 et
3271 2186 3418 2242 fama

1851 2291 1910 2336 ιιι
1937 2283 2126 2336 bovem
2153 2280 2400 2336 cibabunt
2430 2289 2481 2334 te
2511 2298 2525 2334 :
2555 2288 2608 2333 et
2632 2289 2834 2349 septem
2867 2288 3103 2348 tempora
3137 2279 3418 2334 mutabun-

1852 2381 1936 2425 tur
1961 2387 2120 2440 super
2150 2380 2221 2436 te,
2253 2370 2422 2425 donec
2449 2384 2736 2440 cognoscas
2769 2369 2891 2437 quia
2933 2367 3234 2423 dominatur
3259 2367 3419 2421 Altis.

1851 2463 2015 2515 simus
2040 2475 2203 2528 regno
2236 2460 2524 2523 hominum,
2544 2469 2596 2513 et
2624 2459 2708 2512 cui
2728 2460 2896 2513 visum
2925 2457 3082 2513 fuerit
3104 2457 3248 2512 dabit
3269 2458 3414 2511 illud.

1852 2637 1934 2687 lib.
1959 2639 2110 2697 primo
2132 2637 2190 2684 ad
2214 2636 2466 2697 Ecclesiam
2489 2633 2776 2697 Catholicam
2803 2649 2814 2683 :
2835 2634 3110 2697 Hocripsttm
3132 2632 3259 2697 quod
3283 2633 3418 2697 dicit,

1853 2693 2075 2754 Forsitan,
2100 2710 2232 2756 spem
2255 2695 2567 2758 indicatunon
2598 2694 2828 2758 [idnciam
2851 2693 3114 2758 pollicetur.
3133 2693 3214 2758 ita:
3237 2709 3327 2758 quo
3350 2695 3420 2744 in-

1857 2759 2005 2825 telligi
2023 2765 2188 2825 potest,
2212 2770 2355 2825 quam
2386 2755 2698 2825 difﬁcilcjant
2714 2758 2763 2825 in
2785 2755 3181 2825 supremispositi
3202 2755 3418 2818 peccato-

1853 2833 1931 2868 res
1954 2817 2157 2880 Qualibet
2177 2817 2502 2880 muniﬁcentia
2531 2817 2594 2881 ad
2619 2817 2876 2881 perfectam
2898 2817 3238 2881 indulgentiam
3258 2831 3420 2881 perre-

1852 2881 1957 2951 nire
1967 2877 2151 2951 possint
2167 2893 2183 2939 ;
2199 2877 2389 2951 quando
2405 2877 2632 2951 prapheta
2644 2877 2749 2951 ipse
2767 2880 2844 2940 qui
2862 2877 3422 2951 suadet'propit‘iat'ionem

1857 2941 1945 2990 Dei
1964 2941 2614 3003 inquirendam,promittere
2637 2947 2795 2989 tamen
2829 2952 2920 2988 non
2955 2953 3099 3003 ausus
3136 2946 3206 3003 est
3238 2953 3422 3003 prome-

1854 2999 2073 3052 rendam.
2096 3010 2185 3051 Dat
2205 2999 2449 3050 consilium
2469 3003 2528 3049 de
2549 3008 2674 3058 actu,
2700 3009 2744 3050 et
2768 3007 2922 3050 tamen
2948 3001 3129 3050 dubitat
3147 2999 3208 3062 de
3230 2999 3424 3062 effectu:

1855 3063 2140 3124 horkrborem
2156 3076 2206 3111 se
2223 3062 2394 3123 agendi
2401 3097 2426 3124 ,_
2437 3074 2527 3110 non
2549 3062 2835 3123 impetrandi
2851 3072 3091 3124 auctorem
3112 3061 3243 3124 facit.
3260 3061 3423 3124 (mare

1854 3123 1961 3174 ita?
1985 3125 2099 3184 Quia
2128 3122 2286 3172 omnes
2323 3122 2501 3172 scilicet
2541 3122 2812 3184 peccatores
2849 3122 3017 3171 debent
3052 3122 3142 3184 pro
3179 3135 3230 3171 se
3265 3122 3337 3170 vel
3373 3123 3422 3171 in

1855 3182 2088 3247 supremis
2112 3190 2282 3247 cuncta
2305 3189 2516 3247 tentare,
2537 3182 2625 3232 etsi
2647 3196 2742 3247 non
2776 3190 2966 3247 possunt
2990 3182 3088 3231 ulla
3111 3196 3421 3247 praesumere.

1855 3243 2060 3307 Si'enim
2083 3245 2185 3307 regi
2207 3245 2437 3307 propheta
2453 3243 2541 3307 ille
2565 3256 2650 3307 per
2673 3243 2820 3293 soloin
2856 3243 3422 3307 bonorumcperuntlar-

1856 3306 2047 3369 gitatem
2085 3303 2344 3375 ab'soluurnt
2376 3303 2855 3375 indulgentiamhnon'
2883 3303 3141 3375 promittit,
3162 3303 3424 3375 intelligere

1857 3375 2076 3430 peccator
2106 3379 2198 3430 non
2227 3373 2334 3415 acta
2367 3379 2585 3430 errorum
2617 3372 2887 3430 paenitentia
2920 3373 3090 3427 potest,
3117 3372 3359 3430 quantum
3379 3373 3426 3430 et

1858 3425 1999 3492 gnam
2023 3427 2160 3492 larga
2183 3426 2233 3492 in
2255 3425 2487 3489 supremis
2510 3425 2832 3492 rnwii/icentia
2863 3425 2978 3488 opus
3001 3435 3069 3476 est
3088 3462 3109 3492 ,_
3127 3427 3205 3488 qui
3231 3427 3322 3475 vult
3343 3428 3424 3476 ob-

1858 3487 2008 3540 tinere
2031 3503 2062 3538 a
2087 3487 2285 3551 Domino
2313 3487 2406 3551 per
2443 3502 2601 3551 seram
2638 3487 2925 3538 devotionem
2945 3526 2958 3544 ,
2984 3489 3109 3551 quod
3141 3487 3240 3551 non
3278 3495 3427 3550 potest

1860 3564 2096 3612 usurpare
2121 3562 2209 3612 per
2229 3549 2397 3611 legem.
2427 3550 2487 3597 At
2510 3549 2870 3611 Chrvsostomus
2893 3551 2939 3597 in
2965 3550 3151 3610 scriptis
3173 3549 3426 3612 suis-Sem-

1860 3626 1947 3674 per
1980 3609 2043 3660 ad
2084 3609 2427 3674 indulgentiam
2467 3609 2747 3674 propensior
2782 3615 2970 3674 videtur
2996 3624 3006 3657 :
3036 3609 3097 3658 ex
3122 3624 3217 3674 quo
3248 3609 3425 3674 factum

1862 3670 1953 3731 est,
1979 3681 2031 3721 ut
2051 3675 2145 3734 jam
2174 3670 2289 3734 olim
2322 3673 2369 3718 in
2410 3670 2690 3734 calumniam
2730 3671 2980 3734 inciderit;
3005 3670 3153 3734 utque
3175 3672 3235 3734 ab
3258 3672 3426 3720 obtre-

1859 3731 2119 3782 ctatoribus
2139 3733 2382 3794 objectum
2409 3733 2493 3794 ipsi
2520 3735 2680 3791 luerit,
2700 3733 2824 3794 quod
2849 3731 3168 3794 peccatoribus
3191 3733 3428 3794 licentiam

1861 3797 1999 3844 daret
2018 3830 2032 3854 ,
2058 3795 2270 3856 docendo
2288 3792 2356 3842 sic
2386 3805 2402 3842 :
2426 3792 2467 3842 si
2489 3795 2660 3856 iterum
2685 3792 2880 3856 pecces,
2904 3793 3074 3842 iterum
3107 3793 3429 3856 paértitentium

1860 3856 2021 3917 agito;
2045 3862 2089 3904 et
2111 3855 2288 3917 quoties
2306 3854 2576 3914 peccaveris
2595 3892 2607 3913 ,
2635 3854 2738 3904 veni
2768 3855 2843 3917 ad
2857 3867 2930 3917 me
2951 3889 2964 3911 ,
2991 3860 3034 3902 et
3057 3854 3208 3917 egote
3229 3855 3424 3904 curabo.

1861 3915 1932 3964 Ila
1957 3915 2346 3979 iniqua'syuodus
2367 3917 2488 3976 apud
2515 3917 2726 3979 Photium
2744 3915 3051 3979 bibliotheca:
3075 3930 3116 3963 c.
3141 3916 3200 3979 ἓξὲξ
3217 3953 3228 3972 ,
3246 3917 3429 3979 quibus

1863 3980 1992 4040 paria
2013 3973 2233 4040 socrat'es
2254 3973 2468 4040 Historite
2487 3975 2826 4040 ecclesiasticae
2850 3973 2932 4022 lib.
2956 3978 3004 4031 6,
3021 3989 3126 4040 cap.
3152 3976 3225 4024 19.
3246 3973 3427 4025 Verum

1861 4037 1901 4087 id
1945 4039 2053 4108 quis
2091 4039 2238 4107 divini
2285 4037 2501 4108 prmsulis
2538 4037 2802 4108 doctrinam
2840 4049 2899 4108 ac
2936 4039 3228 4098 lotissimum
3269 4052 3430 4087 mores

1864 4097 2056 4169 penitus
2095 4099 2332 4158 inspicere
2357 4097 2473 4169 velit
2493 4132 2507 4155 ,
2545 4111 2640 4169 non
2672 4099 2908 4169 dubitabit
2939 4097 3132 4169 mecum
3169 4111 3391 4169 asserere
3412 4133 3428 4158 ,

1863 4159 1995 4207 illum
2020 4169 2072 4209 ut
2094 4171 2210 4220 erga
2237 4171 2354 4206 vere
2377 4171 2433 4206 ac
2454 4159 2698 4206 humiliter
2722 4161 3014 4221 pmnitentes
3030 4161 3341 4215 mitissimum,
3365 4161 3430 4208 ita

1865 4222 2095 4270 adversus
2117 4227 2424 4268 contumaces
2444 4222 2805 4268 severissimum
2839 4222 2984 4268 luisse
3023 4229 3169 4282 atque
3205 4228 3427 4268 constan-

1869 4284 2099 4330 tissimum
2119 4314 2132 4338 ,
2161 4293 2364 4342 eamque
2403 4281 2676 4342 adhibuisse
2713 4282 3018 4330 meonomiam
3040 4315 3054 4337 ,
3079 4281 3172 4340 Qua
3203 4294 3340 4328 nsunt
3372 4294 3429 4328 se

1868 4342 2014 4391 fuisse
2040 4341 2546 4403 beatissiniusgmartyr
2570 4341 2826 4403 Cyprianus
2863 4348 3066 4403 testatur
3089 4343 3136 4387 iu
3160 4343 3386 4403 Εριδι.ᾕδ
3414 4356 3425 4389 :

1866 4411 1985 4465 Opto
2001 4416 2158 4453 omnes
2180 4403 2228 4469 in
2254 4400 2510 4469 Ecclesium
2529 4400 2744 4469 regredi,
2765 4407 2873 4468 apto
2892 4400 3131 4469 uniuersos
3153 4400 3430 4469 commilito-

1866 4461 1947 4513 nes
1969 4471 2152 4514 nostros
2174 4464 2306 4511 intra
2326 4461 2499 4511 (Itristi
2522 4468 2678 4509 castra
2701 4467 2745 4509 et
2775 4461 2858 4509 Dei
2881 4461 3035 4510 Patris
3057 4461 3297 4512 domicilia
3316 4477 3430 4511 cou-

1865 4525 1997 4590 cludi
2026 4538 2041 4574 :
2067 4523 2253 4590 remitto
2273 4521 2620 4590 omnim-intuta
2651 4521 2897 4590 dissimulo
2918 4521 3150 4590 studio_et
3173 4529 3272 4572 toto
3293 4523 3429 4573 colli-

1863 4583 2381 4647 gendcefraternitatis;
2401 4583 2543 4647 etiam
2564 4596 2671 4647 quae
2689 4583 2738 4631 in
2761 4592 2910 4647 Deum
2924 4584 3169 4647 commissa
3191 4592 3316 4643 sunt,
3341 4599 3431 4635 non

1865 4642 2001 4709 pleno
2019 4642 2206 4709 judicio
2229 4642 2730 4709 religionis_e_;ramino;
2749 4644 2935 4709 delictis
2959 4642 3064 4708 plus
3089 4659 3230 4708 quant
3252 4655 3431 4709 oportet

1865 4703 2161 4773 remittendis
2185 4717 2301 4764 pene
2320 4703 2423 4773 ipse
2445 4703 2688 4773 delinquo;
2711 4703 2968 4768 amplector
2988 4703 3202 4769 prompta
3224 4703 3433 4770 et'plena

1866 4766 2112 4829 dilectione
2136 4778 2243 4829 cum
2263 4766 2854 4829 prpuiteptia__revertentes
2874 4803 2887 4827 ,
2912 4766 3157 4829 peccatum
3188 4766 3326 4817 suum
3348 4783 3430 4817 sa-

1865 4826 2124 4890 ιὶδίαειὶοηε
2147 4825 2315 4890 humili
2339 4833 2383 4875 et
2407 4825 2612 4890 siinplici
2636 4825 2922 4890 conﬁtentesl
2943 4828 2990 4878 si
3013 4828 3095 4890 qui
3116 4837 3271 4890 autem
3293 4837 3430 4886 sum.

1865 4885 1945 4950 qui
1967 4894 2130 4950 putrmt
2154 4901 2203 4936 se
2227 4885 2569 4956 adEcclesiam
2589 4901 2680 4938 non
2704 4885 2940 4956 precibus,
2966 4885 3050 4956 sed
3075 4889 3213 4956 minis
3237 4891 3430 4956 regredi

1865 4943 1999 5009 posse
2015 4984 2030 5006 ,
2053 4956 2133 4996 aut
2157 4947 2426 4997 existinwnt
2449 4948 2634 4999 aditum
2655 4943 2713 4999 se'
2727 4951 2815 5000 sibi
2839 4943 2937 5000 non
2960 4943 3363 5000 lamentationibus
3385 4958 3430 5001 et

1865 5009 2261 5072 satisfactionibus
2283 5042 2296 5068 ,
2321 5011 2405 5060 sed
2429 5011 2690 5060 terroribus
2723 5014 2906 5072 facere,
2934 5024 3022 5064 pro
3045 5019 3174 5072 certo
3195 5012 3392 5062 habeant
3411 5047 3429 5072 ,

1866 5079 2039 5139 contra.
2064 5072 2181 5139 tales
2219 5071 2436 5139 clausam.
2460 5078 2586 5121 stare
2625 5071 2883 5139 Ecclesium
2923 5071 3109 5120 Domini
3128 5109 3140 5130 ,
3166 5087 3251 5139 nec
3275 5071 3432 5139 castra

1865 5132 2040 5180 Christi
2062 5132 2236 5182 invicta
2257 5139 2302 5181 et
2323 5132 2495 5194 fortia,
2533 5140 2580 5181 et
2618 5133 2814 5182 Domino
2850 5141 3003 5183 tuente
3042 5137 3222 5183 munita
3241 5174 3253 5192 ,
3293 5135 3433 5186 ntinis

1865 5195 2034 5242 cedere
2054 5232 2066 5249 ,
2095 5201 2268 5258 etc._t.'t
2299 5202 2351 5243 ut
2372 5201 2465 5258 est,
2491 5197 2656 5258 negari
2679 5203 2816 5242 certe
2837 5197 3008 5258 nequit
3027 5233 3039 5251 ,
3065 5197 3179 5258 quin
3204 5197 3399 5245 .acilitas
3416 5233 3430 5254 ,

1865 5268 2006 5318 quam
2024 5255 2257 5318 nonnulla
2283 5257 2430 5318 patris
2453 5255 2588 5302 aurei
2627 5258 2774 5318 verba
2815 5255 3110 5318 przeierunt',
3133 5260 3431 5307 occasionem

1864 5315 2058 5364 dederit
2083 5315 2635 5378 posterioribusjcraecis,
2664 5315 2864 5365 multum
2887 5317 2950 5366 de
2975 5331 3221 5378 poetarum
3245 5332 3270 5365 a
3294 5332 3431 5366 cano-

1867 5377 2008 5425 nibus
2046 5380 2372 5439 impositarum
2409 5377 2574 5439 rigore
2611 5379 2923 5438 remittendi;
2964 5377 3016 5427 ut
3061 5379 3232 5439 legere
3271 5387 3345 5427 est
3383 5380 3430 5426 in

1868 5449 2033 5501 eorum
2045 5435 2474 5501 prbuitenlialibus‘
2489 5435 2626 5501 libris
2643 5477 2654 5496 ,
2680 5435 3008 5501 imprimisque
3031 5435 3430 5501 Joannistejuua-

1867 5500 1997 5546 toris.
2045 5499 2180 5547 Idem
2225 5500 2497 5560 generatim
2541 5499 2785 5547 observari
2840 5499 2990 5548 debet
3037 5499 3098 5546 de
3150 5500 3430 5559 quibusdam

1868 5568 2088 5607 veterum
2113 5559 2299 5621 patrum
2323 5559 2479 5618 dictis,
2496 5562 2621 5619 quod
2643 5573 2809 5609 eorum
2833 5569 3046 5608 mentem
3072 5572 3164 5606 non
3187 5561 3433 5621 assequuti

1866 5621 1961 5668 sint
1984 5620 2303 5685 recentiores,
2329 5622 2641 5685 e_tiam_l_.atini
2661 5636 2674 5679 ;
2698 5623 2980 5685 quosinter
3004 5623 3232 5685 inventus
3254 5620 3324 5669 est
3349 5620 3434 5682 qui

1869 5683 2174 5788 [itqpitentias
2207 5683 2455 5730 canonicas
2479 5679 2792 5742 (horrendum
2814 5681 2963 5740 dictu)
3001 5679 3326 5738 carniltcimmt
3355 5679 3440 5742 ap-

1870 5755 1928 5788 re
1967 5751 2087 5788 aret.

1868 5751 2087 5802 |.t:llal'Cl.
