4144 6308
721 370 832 425 219

717 474 806 530 50.
858 476 1050 530 Eadem
1097 475 1223 527 hora
1271 486 1445 526 sermo
1482 469 1774 539 completus
1811 475 1891 520 est
1913 480 2070 532 super
2092 463 2268 517 Nabu-

720 564 1161 624 chodonosoretn,
1191 569 1245 616 et
1277 561 1343 614 ab
1372 559 1668 612 hominibus
1693 556 1941 624 expulsus
1965 562 2064 616 est,
2098 561 2150 605 et
2177 551 2272 604 fae-

722 669 846 706 num
887 663 941 706 ut
972 654 1066 706 bos
1094 650 1342 715 comedit,
1373 658 1425 702 et
1451 663 1479 701 a
1508 661 1626 701 rore
1667 646 1778 699 caeli
1807 658 1995 711 corpus
2042 643 2155 711 ejus
2187 643 2269 694 in-

721 741 916 795 fectum
944 750 1044 807 est,
1072 740 1239 794 donec
1277 738 1450 806 capilli
1479 737 1591 805 ejus
1617 747 1674 788 ut
1697 735 1906 787 leonum
1955 732 2044 800 pili
2087 745 2270 785 creve-

721 839 863 893 runt,
892 838 945 883 et
989 842 1190 895 ungues
1223 827 1336 896 ejus
1365 827 1528 880 instar
1573 824 1822 892 unguium
1867 821 1997 873 avis.
2033 839 2051 870 »
2085 819 2273 888 Aspice

720 918 1033 972 scutentiam
1064 933 1178 986 qua:
1205 916 1428 984 desuper
1464 914 1625 968 fertur
1646 913 1710 966 ad
1737 914 1901 981 ipsum
1930 908 2272 963 Nabuchodo-

722 1024 987 1062 nosorem.
1014 1009 1078 1062 Et
1099 1008 1161 1062 ad
1190 1007 1344 1060 finem
1373 1006 1632 1060 devenere
1663 1018 1763 1057 res.
1784 1000 2058 1070 lgnorasti,
2084 999 2269 1067 inquit,

722 1097 1005 1152 humanam
1062 1099 1402 1161 nobilitatem,
1451 1098 1501 1149 in
1555 1096 1839 1149 bestiarum
1897 1092 2272 1161 ignobilitatem

723 1189 982 1243 decidisti.
1029 1189 1166 1242 Nihil
1207 1187 1602 1257 ignoniiniosius
1645 1185 1742 1238 ista
1796 1199 1852 1236 re
1895 1181 2006 1236 fieri
2050 1189 2269 1250 poterat,

725 1296 896 1350 neque
934 1281 977 1333 si
1003 1279 1067 1333 ad
1092 1287 1468 1348 paupertatem,
1497 1291 1663 1345 neque
1689 1275 1732 1328 si
1759 1274 1824 1326 ad
1852 1272 2076 1337 vincula,
2107 1285 2274 1338 neque

725 1371 768 1422 si
799 1369 863 1423 ad
905 1369 1226 1432 servitutem,
1263 1382 1428 1436 neque
1476 1366 1518 1420 si
1557 1365 1622 1418 ad
1669 1363 1808 1417 aliud
1851 1362 1972 1431 quid
2019 1359 2273 1430 ejusmodi

726 1459 872 1513 illum
904 1459 1209 1527 redegisset.
1252 1457 1414 1510 Porro
1446 1456 1588 1508 nullo
1631 1454 1785 1508 modo
1823 1467 1941 1508 eum
1981 1467 2010 1504 a
2055 1450 2276 1504 naturali

727 1550 997 1603 nobilitate
1035 1549 1189 1617 ejecit
1224 1566 1236 1602 :
1280 1562 1376 1602 nec
1415 1561 1604 1616 corpus
1645 1546 1787 1598 illius
1830 1545 1880 1597 in
1917 1543 2098 1597 bestia:
2127 1551 2277 1595 natu-

729 1653 841 1691 ram
883 1639 1102 1692 mutavit
1132 1655 1144 1690 :
1185 1637 1276 1691 sed
1319 1637 1442 1689 illud
1471 1651 1573 1703 quo
1601 1635 1667 1688 ab
1707 1632 2094 1686 irrationalibus
2116 1630 2277 1683 dista-

728 1727 840 1791 bat,
869 1727 918 1781 in
947 1726 1206 1781 feritatem
1239 1725 1536 1780 transtulit?
1566 1723 1840 1789 Quomodo
1885 1721 2079 1790 igitur?
2123 1719 2190 1774 Ut
2224 1727 2279 1773 et

732 1817 918 1885 reliqui
963 1816 1166 1870 discant
1193 1832 1257 1870 ex
1307 1816 1443 1870 illius
1484 1814 1621 1879 cibo,
1650 1823 1701 1868 et
1749 1829 1810 1866 ex
1855 1813 1995 1866 illius
2039 1819 2274 1880 aspectu.

729 1907 862 1974 Quid
889 1919 1061 1962 autem
1093 1922 1186 1976 per
1214 1907 1325 1961 haec
1352 1907 1646 1960 docemur?
1674 1905 1872 1971 Nempe
1899 1901 2038 1972 quod
2066 1901 2164 1956 etsi
2192 1915 2280 1954 ea-

729 1998 850 2052 dem
890 1997 1040 2051 nobis
1068 2012 1169 2051 non
1199 1997 1467 2062 eveniant,
1501 2007 1670 2048 tamen
1713 1994 1901 2048 melius
1943 1993 2031 2046 illo
2061 2007 2163 2044 non
2193 2006 2280 2044 su-

731 2103 848 2143 mus
877 2087 1069 2155 affecti,
1106 2087 1313 2158 quando
1342 2088 1392 2140 in
1433 2086 1730 2155 superbiam
1776 2093 1865 2138 aut
1907 2085 1960 2138 in
1998 2083 2280 2138 belluinam

730 2181 1174 2250 perturbationem
1204 2181 1512 2236 delabimur.
1544 2181 1681 2246 Quot
1731 2194 1869 2233 nunc
1911 2194 2015 2233 non
2045 2192 2194 2234 secus
2218 2192 2282 2233 ac

731 2269 1211 2326 Nabuchodonosor
1240 2272 1344 2337 ille,
1378 2271 1558 2324 bestia:
1607 2278 1832 2324 mentem
1869 2269 2095 2324 habent!
2148 2269 2281 2323 Audi

733 2359 908 2428 itaque
928 2359 1180 2414 Joannem
1212 2359 1473 2414 dicentem
1505 2377 1518 2412 :
1549 2357 1830 2427 Serpentes,
1853 2359 2103 2428 genimina
2142 2358 2282 2426 vipe-

733 2465 906 2501 rarum
926 2448 1132 2518 (Mattli.
1157 2450 1207 2504 5.
1235 2450 1285 2502 7.
1317 2459 1362 2502 ει
1390 2449 1478 2502 25.
1519 2449 1641 2516 '55);
1673 2458 1724 2501 et
1753 2461 1933 2501 rursus
1961 2447 2120 2500 alium
2164 2462 2283 2516 pro-

738 2541 948 2608 phetam
979 2541 1204 2595 aientetn
1233 2559 1245 2593 :
1281 2539 1410 2609 Equi
1437 2541 1652 2608 [urentes
1681 2541 1733 2592 in
1763 2540 1971 2609 feminas
1993 2539 2112 2608 facti
2138 2548 2283 2604 sunt;

735 2631 1071 2699 unusquisque
1103 2631 1169 2682 ad
1190 2648 1392 2684 uxore»:
1428 2632 1640 2699 proximi
1666 2631 1948 2682 [tinniebant
1971 2630 2099 2699 (Jer.
2125 2631 2175 2684 5.
2199 2629 2283 2699 8);

735 2729 789 2772 et
815 2722 971 2772 alium
999 2721 1167 2774 adhuc
1192 2738 1202 2772 :
1232 2718 1390 2774 Canes
1419 2721 1539 2772 inuti
1570 2736 1666 2771 non
1692 2721 1901 2772 valentes
1923 2719 2106 2773 latrare
2134 2717 2283 2788 (Isai.

735 2811 824 2864 56.
852 2811 936 2880 l0)
960 2829 972 2864 :
1000 2821 1046 2864 et
1080 2812 1236 2864 alium
1270 2827 1448 2864 rursus
1475 2811 1654 2879 vulpes
1683 2811 2030 2879 appellantem
2077 2810 2285 2876 (Ezech.

739 2903 826 2955 i5.
854 2901 931 2969 4),
960 2911 1012 2954 et
1034 2903 1188 2954 alium
1219 2903 1474 2956 dracones
1495 2916 1555 2955 ac
1581 2901 1852 2954 basiliscos
1876 2899 2040 2970 (Psal.
2070 2902 2157 2956 90.
2180 2901 2284 2970 l5).

739 2990 903 3043 Multo
928 2999 1100 3042 autem
1151 2991 1379 3044 deterius
1421 3001 1501 3044 est
1530 3005 1648 3044 eum
1695 2991 1744 3044 in
1790 2989 1887 3044 hac
1935 2991 2040 3045 vita
2083 3005 2286 3058 sumus,

740 3079 964 3143 efferari,
992 3096 1145 3149 quam
1167 3081 1352 3134 eadem
1378 3096 1496 3134 cum
1524 3079 2033 3135 Nabuchodonosore
2060 3079 2290 3150 pati.llle

739 3169 997 3236 siquidem
1039 3170 1167 3222 nihil
1209 3170 1331 3222 mali
1360 3172 1408 3222 in
1437 3170 1668 3223 animum
1692 3170 1997 3224 admittebat
2029 3188 2041 3223 :
2075 3185 2170 3224 nos
2195 3186 2288 3224 au-

739 3268 844 3312 teni
871 3259 994 3312 dum
1048 3261 1116 3313 ita
1165 3261 1433 3314 innumera
1477 3269 1686 3328 peceata
1735 3263 2046 3329 colligimus,
2097 3271 2292 3332 quanto

743 3350 950 3417 pejores
977 3351 1301 3418 sumusjam,
1330 3351 1465 3403 sicut
1491 3350 1683 3403 dictum
1713 3361 1810 3403 est.
1835 3352 1930 3414 Qui
1959 3363 2130 3404 autem
2154 3351 2289 3420 apud

740 3439 977 3492 ethnicos
1001 3440 1262 3507 sapientes
1292 3440 1630 3501 habebantur,
1662 3442 1929 3494 mutabant
1966 3441 2203 3494 homines
2239 3442 2290 3494 in

745 3530 952 3583 bestias.
986 3530 1089 3583 Sed
1128 3530 1398 3585 videamus
1427 3530 1707 3599 quomodo.
1767 3531 2051 3584 Gentilium
2080 3531 2290 3600 quidem

741 3619 1194 3686 inetatnorplioses
1221 3619 1407 3673 fabula:
1436 3630 1616 3683 erant;
1651 3622 1746 3673 ista
1792 3630 1965 3674 autem
2001 3636 2122 3674 vera
2149 3631 2290 3675 sunt.

740 3709 850 3774 Qua
875 3708 1011 3762 enini
1035 3708 1098 3762 de
1118 3723 1273 3762 eausa
1298 3710 1537 3763 homines
1560 3712 1677 3764 illos
1712 3715 2082 3765 mutaverunt?
2109 3713 2287 3766 Nulla:

741 3811 793 3852 at
835 3799 1098 3867 Scriptura
1128 3815 1336 3853 causam
1363 3817 1572 3870 quoque
1618 3800 1851 3870 profert:
1887 3801 1952 3856 Ut
1991 3813 2292 3873 cognoscant

743 3905 928 3950 omnes,
947 3891 1062 3959 quia
1084 3891 1368 3942 dominatur
1383 3892 1663 3944 Altissimus
1685 3908 1834 3961 regno
1857 3893 2294 3950 hominum.Vides

744 3989 801 4033 ut
829 3981 1000 4033 omnia
1055 3981 1160 4034 Deo
1214 3981 1481 4049 possibilia
1511 3982 1652 4035 sint?
1701 3983 1855 4035 etiam
1901 3999 1964 4036 ex
1997 3983 2294 4040 hominibus

744 4071 936 4125 bestias
964 4071 1153 4136 facere,
1186 4083 1237 4127 et
1263 4081 1489 4127 mentem
1519 4076 1754 4129 mutare?
1782 4075 1964 4144 Cogita
1993 4085 2183 4144 quanta
2211 4091 2294 4130 res

745 4169 886 4214 esset
911 4176 1051 4223 eum,
1078 4163 1164 4230 qui
1193 4172 1344 4216 antea
1373 4165 1423 4215 in
1447 4171 1589 4216 tanto
1615 4164 1894 4231 Splendore
1926 4165 2157 4228 vixisset,
2180 4181 2295 4220 cer-

746 4265 875 4304 nere
895 4266 1009 4304 eum
1042 4251 1219 4305 bestiis
1241 4252 1536 4320 degentem,
1571 4253 1785 4309 nudum.
1812 4252 1924 4306 Non
1953 4255 2089 4307 enim
2119 4256 2296 4324 utique

746 4339 969 4394 formam
1003 4343 1253 4406 mutavit;
1285 4343 1702 4411 quandoquidem
1739 4343 1789 4396 id
1834 4343 2152 4397 horrendum
2191 4360 2294 4397 noti

746 4429 951 4484 fuisset.
992 4432 1093 4485 Cor
1122 4442 1293 4486 autem
1322 4433 1500 4486 bestiae
1529 4434 1793 4501 accepisse
1841 4450 1942 4487 non
1988 4434 2104 4487 ideo
2147 4435 2293 4497 dicit,

747 4518 886 4585 quod
934 4531 1108 4574 mente
1159 4522 1315 4576 fuerit
1365 4523 1640 4588 alienatus,
1688 4523 1777 4577 sed
1824 4523 1960 4592 quod
2015 4525 2297 4578 humanum

748 4607 980 4660 animum
1015 4608 1226 4671 habens,
1268 4622 1454 4664 cuncta
1500 4616 1733 4666 sentiret.
1778 4612 1906 4666 Nam
1938 4614 1980 4665 si
2011 4629 2298 4667 conversus

749 4695 933 4749 fuisset
961 4697 1010 4749 in
1040 4697 1278 4758 bestiam,
1307 4715 1365 4751 ea
1394 4717 1509 4766 qua:
1550 4704 1859 4757 eveniebant
1896 4720 1995 4757 non
2020 4705 2294 4773 cognovis-

748 4795 848 4839 set.
873 4786 1004 4852 Quid
1039 4787 1191 4856 igitur
1220 4789 1494 4856 significat,
1524 4789 1621 4842 Cor
1647 4793 1809 4845 bestia:
1835 4795 2004 4845 datum
2031 4803 2100 4848 est
2126 4796 2168 4848 ei
2191 4795 2298 4863 (a)?

750 4872 804 4928 id
836 4885 935 4940 est,
966 4879 1181 4946 agrestis
1209 4893 1269 4931 ac
1309 4877 1447 4932 ferus
1483 4880 1665 4942 evasit,
1696 4895 1792 4933 nec
1822 4883 2025 4936 volebat
2050 4899 2166 4937 cum
2201 4886 2296 4938 ho-

749 4966 980 5020 minibus
1007 4970 1200 5022 versari
1228 4985 1241 5032 ;
1291 4969 1368 5022 vel
1413 4969 1590 5032 etiam,
1618 4969 1831 5022 timebat
1851 4985 1969 5023 eum
2004 4972 2298 5027 hominibus

749 5054 974 5122 degere;
1019 5057 1126 5121 vel,
1155 5056 1392 5110 homines
1429 5066 1486 5110 ut
1512 5057 1648 5111 feras
1679 5060 1962 5114 metuebat.
2009 5059 2141 5126 Quid
2188 5062 2298 5116 fieri

747 5146 914 5213 possit
957 5146 1048 5198 illo
1075 5147 1388 5200 Sublimius?
1414 5148 1534 5217 quid
1563 5149 1746 5203 eodem
1792 5149 2076 5204 humilius?
2120 5151 2188 5203 Et
2213 5169 2298 5206 ex-

749 5235 922 5302 pulsus
951 5245 1022 5287 est
1046 5235 1105 5287 ab
1131 5237 1426 5290 hominibus.
1463 5238 1727 5307 Nusquam
1772 5240 1907 5292 illius
1949 5244 2172 5308 potentia
2205 5243 2298 5297 de-

753 5324 919 5378 fendit
965 5326 1125 5378 illum.
1173 5325 1284 5378 Non
1313 5337 1426 5379 erat
1453 5329 1723 5382 carnivora
1769 5331 1952 5394 bestia,
1986 5332 2076 5384 sed
2105 5335 2297 5386 foenum

749 5414 1057 5469 comedebat
1107 5425 1158 5469 et
1187 5425 1298 5468 erat
1345 5418 1514 5484 imago
1558 5418 1716 5471 bruti.
1751 5419 1817 5473 Ut
1855 5421 2059 5484 credas,
2101 5423 2296 5492 inquit:

749 5502 894 5556 velut
920 5518 1013 5571 pro
1035 5513 1284 5557 consueto
1315 5505 1501 5572 pabulo
1533 5504 1746 5560 habebis
1775 5509 2007 5562 herbam.
2031 5511 2301 5574 Quomodo

810 5636 883 5698 (α)
917 5643 1021 5686 μειερ
1045 5640 1090 5687 in
1126 5641 1356 5702 Scriptura
1397 5651 1487 5686 non
1527 5639 1762 5690 habentur
1784 5682 1796 5702 ,
1835 5643 1922 5693 sed
1964 5644 2056 5692 huc
2093 5645 2302 5695 traducta

747 5707 858 5746 sunt
881 5711 944 5747 ex
968 5713 1108 5749 versu
1135 5700 1211 5748 15.

1435 360 1487 415 S.
1525 353 1794 414 JOANNIS
1830 348 2290 408 CllRYSOSTOMI
2332 346 2637 402 ARCﬂlEP.
2677 344 3189 404 CONSTANTINOP.

3823 355 3941 410 220

2379 460 2500 514 forte
2543 462 2685 514 illum
2731 477 2833 514 non
2864 461 3213 513 devorat-unt?
3255 457 3520 526 quomodo
3565 471 3759 524 corpus
3792 457 3937 510 illius

2373 553 2518 607 cibos
2568 553 2826 621 ejusmodi
2881 554 3044 620 potuit
3100 551 3467 618 concoquere?
3511 549 3776 618 quomodo
3827 563 3935 601 non

2379 645 2568 712 periit?
2609 644 2785 712 Neque
2815 644 2952 696 enim
2997 643 3157 697 breve
3205 653 3411 709 tempus
3456 641 3751 694 intercessit
3782 657 3793 690 :
3821 640 3938 692 cir-

2375 735 2567 797 cuibat,
2597 735 2840 788 omnibus
2871 734 3037 786 factus
3063 734 3356 799 exemplum
3385 731 3712 794 humilitatis,
3746 731 3798 782 in
3842 745 3938 783 se-

2379 826 2492 892 ipso
2524 824 2694 877 ferens
2722 824 2908 877 indicia
2937 823 3242 891 punitionis,
3271 821 3710 888 quemadmodum
3743 833 3936 872 servus

2377 915 2515 968 notis
2549 923 2906 980 compunctus.
2940 917 3006 967 At
3038 922 3180 966 certe
3220 913 3565 981 praestitisset,
3593 911 3784 964 dixerit
3821 910 3936 962 for-

2381 1013 2517 1058 tasse
2541 1005 2747 1072 aliquis,
2773 1020 2890 1056 eum
2927 1003 3228 1056 hominibus
3268 1002 3408 1055 illum
3436 1001 3655 1062 versari,
3685 1010 3841 1068 atque
3874 1000 3938 1053 id

2380 1096 2520 1164 pati:
2554 1096 2644 1148 sed
2669 1107 2722 1146 ut
2752 1110 2902 1162 pinna
2945 1096 3041 1161 ipsi
3070 1093 3436 1161 adaugeretur,
3469 1091 3569 1144 hoc
3600 1091 3787 1145 factum
3829 1100 3940 1144 est.

2378 1187 2506 1240 Nam
2529 1187 2800 1254 castigatio
2840 1187 3053 1256 perinde
3091 1185 3356 1249 manebat,
3381 1199 3498 1238 cum
3525 1199 3642 1252 qua:
3683 1183 3778 1250 ipsi
3805 1198 3939 1236 eve-

2379 1290 2585 1339 nerant,
2607 1292 2791 1331 omnes
2813 1277 3166 1340 enuntiarent,
3184 1290 3405 1343 eumque
3431 1275 3597 1342 ipsum
3617 1289 3763 1341 teque
3788 1273 3937 1326 vide-

2378 1379 2493 1422 rent
2516 1369 2662 1432 foris,
2681 1367 2728 1420 id
2753 1378 2925 1421 autem
2943 1382 3159 1421 cernere
3184 1366 3347 1419 multo
3375 1365 3658 1418 terribilius
3680 1372 3809 1416 erat.
3826 1362 3940 1417 Nec

2379 1466 2583 1526 tempus
2601 1459 2757 1512 breve
2776 1457 2887 1519 fuit,
2903 1459 3057 1511 sedet
3075 1460 3242 1525 ipsum
3260 1454 3735 1510 sabbaticum.Naiii
3749 1463 3939 1524 septem

2379 1557 2619 1615 tempora,
2636 1549 2816 1616 inquit,
2834 1548 3181 1600 mutabuntur:
3204 1547 3254 1600 id
3271 1555 3368 1606 est,
3393 1554 3497 1599 tres
3515 1547 3633 1598 anni
3649 1560 3766 1598 cum
3791 1543 3944 1597 dimi-

2379 1637 2672 1706 dio(a).3l.
2694 1656 2712 1689 ι
2741 1639 2802 1691 Et
2820 1649 2932 1705 post
2953 1637 3103 1690 finem
3125 1636 3329 1690 dierum
3342 1652 3490 1701 ego,»
3514 1634 3695 1703 inquit,
3723 1653 3740 1683 ι
3767 1633 3945 1686 Nalm-

2380 1729 2712 1783 chodonosor
2741 1730 2919 1782 oculos
2937 1743 3081 1782 meos
3102 1730 3152 1779 in
3177 1727 3361 1780 eielum
3385 1726 3626 1789 levavi,et
3649 1739 3793 1777 utens
3821 1738 3943 1777 mea

2382 1834 2588 1872 reversa
2603 1829 2683 1873 est
2700 1819 2763 1872 ad
2788 1835 2891 1882 me,
2914 1817 3305 1873 etAltissinium
3332 1817 3663 1881 benedixi,et
3680 1816 3944 1869 viventem

2385 1911 2439 1964 in
2466 1909 2654 1964 saecula
2687 1909 2912 1973 laudavi,
2942 1917 2996 1962 et
3045 1907 3350 1974 glorificavi,
3391 1907 3508 1974 quia
3564 1914 3795 1974 potestas
3823 1905 3946 1972 ejus

2383 2008 2613 2068 potestas
2633 2007 2849 2063 aeterna,
2865 2008 2916 2052 et
2930 2013 3146 2066 regnum
3165 1997 3278 2064 ejus
3305 1998 3356 2050 iti
3381 1998 3766 2065 generationem
3781 2005 3832 2049 et
3846 2010 3946 2062 ge-

2382 2089 2733 2143 nerationem.
2777 2087 2864 2142 52.
2895 2088 2958 2140 Et
2983 2101 3166 2140 omnes
3195 2087 3510 2139 habitatores
3561 2095 3746 2146 terrae,
3787 2083 3942 2152 quasi

2383 2178 2604 2232 nihilum
2631 2178 2857 2246 reptttati
2877 2187 3016 2231 sunt.
3043 2177 3268 2244 Etjuxta
3291 2177 3608 2230 voluntatem
3639 2190 3786 2228 suam
3814 2173 3945 2228 facit

2384 2268 2436 2324 in
2460 2269 2652 2322 virtute
2677 2269 2808 2333 caeli,
2833 2275 2886 2322 et
2907 2269 2955 2321 in
2984 2266 3305 2320 habitatione
3325 2275 3507 2320 terrae:
3537 2275 3590 2320 et
3618 2280 3720 2319 non
3740 2277 3821 2319 est
3845 2265 3940 2334 qui

2384 2359 2784 2413 resistatmanui
2808 2359 2939 2426 ejus,
2963 2365 3016 2411 et
3038 2357 3177 2410 dicat
3201 2357 3247 2410 ei
3273 2357 3475 2422 :Quare
3507 2355 3713 2410 fecisti?
3749 2373 3764 2406 ι
3799 2355 3943 2409 Ocu-

2385 2451 2461 2504 los
2489 2467 2654 2516 meos,
2689 2450 2887 2519 inquit,
2913 2450 2964 2501 in
3014 2449 3188 2502 cwlum
3231 2448 3402 2501 lwavi.
3440 2447 3549 2502 Hoc
3591 2457 3703 2508 est.
3736 2448 3862 2502 adiit
3890 2457 3949 2503 et

2387 2553 2630 2612 precatus
2651 2551 2729 2597 est
2755 2542 2938 2603 Deum,
2966 2549 3017 2594 et
3042 2539 3161 2593 inde
3190 2539 3437 2593 auxilium
3458 2539 3711 2607 quzesivit.
3745 2538 3948 2605 Quam-

2388 2647 2544 2700 quam
2567 2641 2768 2700 tempus
2785 2629 3103 2699 completum
3117 2631 3270 2693 foret,
3300 2644 3401 2682 non
3429 2627 3722 2682 confidebat
3744 2637 3943 2682 tamen.

2391 2722 2539 2776 Sicut
2563 2723 2700 2776 enim
2735 2722 2784 2775 in
2816 2722 2977 2790 ipsius
3025 2729 3284 2789 potestate
3338 2729 3473 2786 erat,
3506 2729 3560 2773 ut
3610 2735 3712 2772 non
3742 2721 3948 2772 sineret

2395 2828 2480 2866 res
2513 2813 2562 2864 in
2591 2811 2832 2864 effectum
2860 2812 3105 2866 devenire
3139 2831 3149 2864 :
3177 2813 3246 2865 ita
3273 2811 3452 2872 etiam,
3472 2812 3514 2865 si
3541 2820 3774 2878 tempore
3805 2809 3947 2878 quod

2391 2901 2658 2955 definitum
2691 2901 2857 2954 fuerat
2883 2903 3163 2970 completo,
3195 2903 3512 2956 ineorrectus
3535 2902 3830 2962 mansisset.
3856 2903 3940 2954 iii-

2393 2992 2466 3045 liil
2503 2993 2597 3063 ipsi
2628 2993 2900 3060 profuisset
2941 2993 3022 3046 illa
3073 2995 3322 3063 temporis
3366 2993 3619 3046 definitio.
3653 2992 3779 3046 Nam
3811 3007 3938 3044 sen-

2395 3085 2554 3135 tentia
2585 3083 2674 3136 Dei
2725 3097 2825 3136 non
2857 3081 2919 3135 ad
2952 3083 3311 3137 necessitatem
3334 3124 3347 3146 ,
3381 3083 3471 3136 sed
3508 3083 3572 3135 ad
3604 3099 3687 3137 res
3733 3093 3949 3135 nostras

2393 3173 2719 3240 exprimitur.
2752 3171 2823 3226 Ita
2854 3181 2906 3226 et
2933 3173 3133 3237 Daniel,
3163 3173 3399 3242 quamvis
3431 3184 3632 3239 tempus
3673 3173 3948 3240 impletum

2392 3271 2550 3325 esset,
2585 3263 2770 3315 merito
2800 3270 2934 3326 orat,
2987 3276 3050 3316 ne
3080 3262 3363 3316 accedente
3389 3262 3607 3325 malitia,
3629 3260 3799 3313 adhuc
3824 3276 3945 3329 pa:-

2393 3366 2474 3404 nae
2521 3368 2581 3406 ac
2623 3353 2841 3420 tempori
2887 3353 3196 3420 adjungatur
3238 3354 3362 3421 quid
3409 3351 3588 3421 (Dan.
3621 3353 3673 3407 9.
3706 3353 3782 3418 ι).
3813 3353 3950 3406 Nam

2395 3444 2531 3496 sicut
2579 3458 2641 3496 ex
2671 3443 2993 3496 humanitate
3025 3442 3072 3495 id
3101 3443 3391 3509 contingit,
3423 3442 3862 3511 quemadmodum
3897 3445 3952 3498 in

2395 3531 2581 3585 Ezekia
2615 3549 2626 3584 :
2656 3532 2722 3584 ita
2762 3531 2885 3584 etin
2915 3533 3180 3600 punitione
3210 3532 3320 3585 fieri
3356 3548 3450 3601 par
3471 3542 3572 3593 est,
3603 3543 3659 3586 ut
3684 3543 3737 3586 et
3777 3534 3827 3586 in
3856 3534 3956 3588 Ju-

2394 3623 2522 3676 dieis
2550 3641 2561 3674 :
2588 3622 2792 3676 volebat
2812 3636 2904 3676 eos
2937 3623 3071 3676 Deus
3097 3623 3271 3676 statim
3294 3623 3344 3674 in
3374 3622 3706 3676 Palaestinam
3737 3624 3951 3679 redire:

2398 3714 2470 3767 illi
2523 3714 2863 3783 quadraginta
2908 3729 3073 3768 annos
3127 3713 3225 3766 sibi
3278 3713 3429 3779 adjici
3481 3729 3573 3780 per
3619 3715 3954 3782 iniquitatem

2397 3820 2545 3858 suam
2566 3814 2865 3859 meruerunt
2887 3805 2960 3872 (4.
2994 3805 3118 3874 Reg.
3145 3803 3259 3871 20).
3284 3803 3416 3857 Vide
3441 3814 3615 3857 autem
3644 3804 3787 3856 illuni
3815 3819 3950 3856 con-

2398 3893 2574 3962 fugere
2602 3893 2663 3946 ad
2695 3894 2874 3946 fteuui.
2899 3895 3140 3961 Suspexi,
3164 3893 3351 3964 inquit,
3375 3895 3427 3946 in
3455 3894 3662 3955 cst-lum,
3690 3903 3742 3946 et
3769 3909 3957 3948 ruisus

2397 3982 2562 4036 factus
2609 3998 2723 4036 sum
2771 3983 2945 4038 homo.
3001 3982 3066 4036 Et
3095 3987 3254 4053 forma
3290 4000 3398 4036 mea
3423 3999 3613 4036 reversa
3643 3993 3710 4035 est
3745 3983 3812 4036 ad
3849 4000 3951 4037 me.

2459 4137 2529 4194 (ai
2563 4136 2662 4184 Imo
2680 4144 2866 4197 septem
2889 4139 3015 4185 anni.
3033 4139 3186 4187 Potior
3209 4151 3336 4186 enim
3354 4139 3592 4186 sententia
3608 4137 3815 4197 Josepbi,
3831 4144 3954 4186 Ter-

2398 4197 2575 4246 tulliani
2597 4236 2610 4253 ,
2636 4200 2899 4259 Hieronymi
2923 4236 2935 4254 ,
2960 4201 3137 4246 Severi.
3172 4197 3321 4246 Valde
3356 4200 3499 4245 miror
3527 4197 3590 4244 de
3619 4197 3920 4244 Theodoreto
3937 4235 3952 4256 ,

2397 4261 2476 4320 qui
2501 4272 2606 4320 cum
2633 4265 2743 4304 Dan.
2768 4259 2813 4315 7,
2838 4259 2914 4316 25,
2948 4267 2997 4306 et
3024 4259 3095 4320 12,
3121 4260 3164 4313 7,
3193 4271 3328 4320 ηιροὺς
3348 4296 3360 4313 ,
3384 4271 3526 4320 annos
3543 4291 3562 4320 ._
3581 4259 3954 4320 interpretetur,

2399 4317 2474 4366 hic
2496 4319 2828 4380 Chrysostomo
2851 4320 2992 4365 favet.
3033 4319 3086 4365 In
3120 4317 3564 4378 Pseudo-Epiphauii
3596 4317 3722 4366 libro
3750 4319 3811 4366 de
3837 4326 3954 4367 Pro-

2400 4380 2556 4439 phetis
2581 4393 2591 4425 2
2620 4391 2665 4426 τὰ
2689 4390 2775 4426 ἑπτὰ
2798 4390 2871 4436 in,
2893 4388 2918 4426 ὃ.
2941 4386 3029 4427 ιἰπιν
3051 4390 3145 4439 αὑτῷ
3169 4391 3295 4435 Δανιὴλ
3317 4391 3404 4428 διττὰ
3427 4391 3587 4440 καιροὺς,
3612 4393 3769 4438 ἐποίησιν
3792 4393 3955 4440 γινέσθαι

2399 4450 2487 4487 ἑπτὰ
2508 4457 2615 4497 μῆνας
2633 4477 2644 4492 ,
2666 4446 2827 4497 διόμινος
2849 4453 2925 4499 «ιρι
2946 4451 3052 4487 αὺτοῦ
3074 4453 3157 4499 πρὸς
3192 4452 3329 4500 Rugum.
3351 4452 3400 4489 Τὸ
3419 4454 3607 4502 Mem
3628 4457 3695 4488 τῶν
3716 4452 3804 4489 ἑπτὰ
3826 4459 3957 4502 ungi”

2399 4512 2560 4558 ιτιλίσοη
2585 4513 2636 4548 ix’
2661 4512 2777 4555 αὺτὸν,
2800 4511 2856 4549 ὅτι
2876 4513 3158 4556 dissutis-mou
3183 4511 3270 4549 ἑπτὰ
3292 4514 3446 4559 μεσίτης.
3473 4505 3517 4554 ἐξ
3542 4505 3605 4548 οὖν
3621 4511 3681 4557 In
3705 4518 3763 4555 ul
3783 4513 3820 4554 ιε
3842 4517 3956 4560 plin;

2399 4570 2583 4610 ὓπίπιπτιν
2608 4575 2721 4621 Κυρὶῳ
2741 4579 2790 4622 τῷ
2813 4577 2887 4622 Θιῷ
2905 4600 2913 4616 ,
2936 4575 2995 4610 ul
3016 4571 3260 4621 ὶΕυμολογιῑτο
3282 4576 3344 4619 τήν
3366 4573 3531 4610 deﬂua
3554 4572 3676 4610 αὐτοῦ’
3699 4575 3756 4611 ιιι
3779 4575 3867 4620 μή
3890 4577 3957 4621 τήν

2399 4629 2520 4683 deum!
2543 4639 2603 4678 τῆς
2624 4633 2767 4683 dvenis;
2790 4635 2911 4676 αὑτοῦ,
2933 4630 3106 4683 ἀπέδωκα
3129 4635 3222 4683 αὐτῷ
3245 4633 3263 4670 ό
3287 4636 3372 4678 Θιὸς
3391 4636 3454 4680 τὴν
3478 4635 3670 4682 βασιλείαν.
3694 4630 3805 4679 Quae
3826 4635 3958 4671 mert-

2400 4682 2646 4730 duciorum
2677 4681 2989 4742 loquacissinti
3025 4681 3266 4742 scriptoris
3303 4685 3448 4730 verba
3482 4681 3543 4730 eo
3575 4683 3779 4743 protuli,
3805 4692 3856 4731 ut
3883 4683 3954 4731 lo-

2401 4755 2527 4798 cum,
2548 4743 2717 4790 Petavii
2736 4743 2908 4802 judicio
2935 4751 3205 4802 corruptum
3228 4781 3240 4800 ,
3267 4744 3590 4791 emendarem.
3618 4744 3689 4792 sic
3713 4745 3955 4804 interpre-

2401 4810 2524 4850 tatur
2569 4806 2639 4851 vir
2686 4805 2878 4866 ingenio
2923 4811 2972 4863 et
3013 4805 3227 4850 doctrina
3280 4805 3696 4866 praestantissimus
3743 4819 3754 4852 :
3811 4804 3955 4866 Igitur

2400 4871 2573 4924 septem
2596 4864 2724 4919 anni,
2750 4876 2856 4922 qua:
2878 4870 3086 4921 tempora
3108 4871 3282 4923 septem
3305 4878 3334 4911 a
3361 4863 3552 4912 Daniele
3577 4863 3888 4922 vocanturfut
3907 4865 3956 4912 in

2400 4923 2592 4985 totidem
2609 4930 2846 4971 menstrua
2867 4923 3018 4985 spatia
3041 4923 3426 4985 contraherentur
3440 4959 3454 4981 ,
3480 4925 3699 4985 precibus
3722 4927 3819 4975 suis
3841 4925 3957 4973 obti-

2400 4983 2516 5030 nuit.
2558 4990 2737 5047 Septem
2756 4983 3169 5047 ergo’temporum
3200 4984 3474 5047 mysterium
3496 4984 3546 5033 in
3569 4983 3651 5034 illo
3673 4987 3957 5047 completum

2400 5050 2486 5101 est,
2511 5043 2634 5102 quod
2657 5043 2887 5090 mediator
2910 5052 3084 5100 septem
3122 5043 3339 5094 restituit.
3370 5053 3439 5095 Ita
3459 5059 3545 5094 sea:
3568 5059 3713 5094 minos
3738 5043 3955 5095 totidem-

2401 5115 2490 5170 que
2526 5115 2704 5170 menses
2746 5111 2842 5151 beo
2866 5105 3184 5170 supplicans,
3225 5107 3376 5170 scelus
3411 5121 3550 5155 suum
3590 5107 3829 5170 confessus
3865 5113 3953 5156 est.

2408 5164 2584 5210 Deinde
2607 5175 2823 5229 concessa
2843 5164 3155 5229 delictiuenia
3175 5200 3188 5223 ,
3226 5165 3274 5214 in
3313 5180 3508 5229 regnum
3530 5181 3561 5216 a
3586 5164 3686 5215 Deo
3711 5167 3957 5217 restitutus

2401 5231 2482 5271 est.
2512 5229 2603 5282 Ego
2628 5223 2721 5282 legi
2745 5224 2926 5273 debere
2949 5227 3169 5289 arbitror,
3182 5223 3404 5286 ἀποκατισῆ
3429 5242 3462 5277 ιν
3481 5241 3567 5276 tua
3589 5241 3699 5286 μησιε
3724 5237 3776 5275 et
3794 5237 3956 5289 postea

2402 5295 2437 5336 εξ
2469 5295 2528 5341 in)
2561 5299 2616 5332 ml.
2644 5297 2744 5333 πιπι
2780 5302 2899 5344 μῆνας.
2937 5286 3288 5336 Correctionem
3325 5289 3564 5336 confirmat
3603 5286 3873 5337 Dorotheus
3911 5293 3957 5338 iu

2401 5345 2607 5411 siml-si.
2652 5344 2818 5411 Daniel
2855 5346 3025 5411 igitur,
3068 5350 3249 5408 inquit,
3287 5351 3524 5408 precando
3561 5349 3623 5396 ad
3666 5348 3958 5399 Altissinmm

2403 5407 2578 5464 effecit,
2618 5410 2668 5452 ut
2699 5407 2884 5471 septem
2912 5409 3022 5456 anni
3061 5407 3174 5468 quas
3211 5407 3387 5469 septem
3427 5417 3636 5471 tempora
3676 5419 3955 5467 vocaverat,

2403 5472 2689 5531 munirentur
2712 5470 2759 5512 in
2781 5473 2955 5525 septem
2978 5482 3181 5522 menses.
3208 5475 3250 5516 et
3281 5470 3552 5531 mysterium
3574 5475 3753 5531 septem
3779 5479 3958 5531 tempo-

2404 5526 2579 5593 rumin
2595 5525 2676 5592 illo
2693 5536 3108 5593 consununaretur.
3127 5525 3527 5593 Septemitqmque
3551 5525 3786 5577 mensium
3810 5525 3962 5592 spatio

2404 5587 2490 5653 sibi
2512 5587 2602 5644 ipsi
2626 5587 2888 5644 restitutus,
2913 5602 2998 5653 sex.
3020 5602 3164 5637 annos
3185 5587 3266 5648 qui
3289 5587 3681 5653 desiderabantur
3707 5598 3751 5639 et
3778 5587 3960 5643 menses

2405 5649 2783 5715 qnnuyue‘coram
2808 5649 2999 5697 Domino
3018 5657 3278 5715 prostratus
3301 5652 3386 5711 fuit
3406 5686 3418 5709 ,
3444 5649 3734 5710 impietatem
3762 5667 3900 5702 suam
3925 5663 3969 5706 et

2407 5719 2588 5756 onmem
2611 5711 2896 5768 im‘qzn'tatem
2919 5711 3170 5771 confessus,
3192 5719 3283 5759 etc.
