4144 6308
203 337 303 392 221

202 439 645 506 Quemadmodum
697 439 858 495 forma
885 440 1020 493 illius
1048 438 1263 492 multum
1294 438 1503 506 quidem
1530 438 1596 489 ab
1643 436 1741 489 hn-

198 545 351 583 mana
382 541 497 584 erat
523 542 716 584 mutata
742 548 754 595 ;
785 548 885 584 non
918 540 1087 584 tamen
1138 531 1186 582 iu
1219 530 1437 582 bestiam
1465 542 1750 581 Conversus

198 620 364 675 fuerat
396 640 408 675 :
439 623 507 674 ita
538 634 589 674 et
616 639 762 676 mens
786 622 939 675 illius.
976 622 1037 674 Et
1061 620 1222 690 quid?
1253 620 1481 673 Laudari
1508 630 1559 673 et
1586 621 1747 689 glori-

203 711 370 764 Iicavi.
405 712 675 777 Quodnam
708 710 995 765 indicium?
1026 711 1354 771 Altissimum,
1390 710 1576 778 inquit,
1602 711 1747 762 bene-

202 802 325 865 dixi,
358 812 405 854 et
430 804 662 855 viventem
686 804 736 855 in
756 803 937 856 tutacula
964 802 1181 867 laudaui,
1206 818 1263 853 ac
1283 801 1579 870 gloriﬁcavi.
1610 800 1747 855 Nihil

198 894 333 947 enim
385 892 453 946 ita
513 892 725 962 dignum
778 893 884 946 Deo
942 907 1058 947 esse
1101 903 1329 961 putatur,
1382 903 1438 946 ut
1490 901 1748 961 perpetuo

196 983 467 1035 exsistere.
498 981 629 1048 Quia
664 990 877 1051 potatus
904 983 1033 1049 ejus,
1067 981 1250 1051 inquit,
1281 992 1496 1049 potestas
1538 993 1743 1046 (eterna,

197 1084 239 1126 et
275 1090 485 1142 regnum
508 1075 615 1144 ejus
640 1075 690 1125 in
724 1075 1085 1143 generationem
1122 1082 1167 1127 et
1197 1074 1584 1142 generationem.
1608 1073 1748 1139 Quo-

196 1162 329 1214 niam
360 1163 500 1217 ineo
523 1162 848 1231 potissimum
892 1162 1048 1217 homo
1076 1163 1142 1216 ab
1168 1163 1258 1215 illo
1287 1163 1619 1231 distinguitur
1652 1182 1665 1217 :
1695 1173 1747 1217 et

196 1252 288 1304 hoc
330 1261 447 1305 erat
476 1252 610 1319 quod
658 1252 794 1319 apud
847 1252 1085 1306 homines
1138 1252 1348 1305 beatum
1424 1253 1738 1307 habebatur.

200 1341 324 1406 Quia
370 1349 582 1408 potestas
611 1342 739 1410 ejus,
786 1342 969 1410 inquit,
1001 1350 1214 1411 potestas
1250 1351 1454 1405 (eterna,
1510 1344 1559 1395 in
1588 1357 1745 1397 omne

206 1444 405 1500 tempus
429 1433 650 1486 exsistit.
682 1432 807 1487 Sine
833 1431 969 1497 cibo,
992 1434 1085 1495 ait,
1113 1447 1198 1486 me
1229 1433 1443 1486 nutrivit
1470 1450 1483 1486 :
1511 1434 1625 1486 sine
1655 1448 1744 1487 ve-

202 1524 480 1589 stimentis,
511 1523 624 1577 sine
668 1524 782 1576 aliis
809 1523 1054 1577 omnibus
1098 1521 1257 1577 rebus
1301 1531 1605 1591 corruptum
1640 1538 1744 1577 non

197 1625 268 1668 est
293 1629 470 1669 meum
497 1628 706 1682 corpus.
736 1612 915 1682 Cogita
944 1611 1112 1681 qualis
1138 1621 1284 1678 erat,
1315 1612 1438 1666 dtttn
1460 1627 1489 1665 a
1533 1612 1744 1666 deserto

192 1705 249 1758 ad
277 1720 493 1775 regnum
519 1703 689 1758 rediit.
718 1705 801 1757 53.
841 1720 858 1753 ε
889 1702 966 1756 Eo
990 1704 1148 1763 enim,
1192 1721 1209 1753 ι
1242 1702 1428 1771 inquit,
1450 1719 1467 1752 ι
1506 1710 1745 1771 tempore

198 1812 337 1851 mens
383 1811 499 1850 mea
539 1810 744 1849 reversa
791 1804 872 1848 est
900 1812 911 1847 :
937 1802 989 1847 et
1040 1794 1105 1847 ad
1146 1796 1402 1847 honorem
1455 1794 1601 1863 regni
1640 1796 1741 1847 mei

197 1885 304 1938 veni
339 1903 352 1939 :
382 1895 436 1939 et
462 1886 625 1939 forma
654 1900 767 1938 mea
794 1884 947 1937 rediit
969 1883 1035 1936 ad
1069 1900 1151 1937 me
1180 1902 1192 1937 :
1217 1894 1269 1937 et
1296 1884 1500 1954 tyranni
1536 1884 1670 1947 mei,
1692 1892 1745 1937 et

198 1976 472 2043 Optimates
497 1977 601 2030 mei
628 1975 949 2044 qumsierunt
978 1990 1061 2028 me
1091 1994 1101 2027 :
1132 1984 1184 2027 et
1210 1975 1260 2027 in
1310 1989 1526 2042 regnum
1567 1989 1740 2029 meum

200 2065 533 2119 conﬁrmatus
575 2074 803 2119 sumzet
846 2065 1148 2132 magnitudo
1173 2064 1394 2132 amplior
1438 2062 1610 2117 addita
1665 2073 1745 2117 est

198 2157 336 2209 mihi.
371 2176 391 2209 ι
432 2156 491 2209 Et
524 2157 825 2225 quazsierunt
844 2172 938 2217 me,
968 2155 1166 2223 inqttit,
1200 2155 1460 2219 optimates
1490 2156 1624 2218 mei;
1655 2156 1742 2223 qui

190 2247 541 2300 dominantem
590 2261 650 2299 ac
697 2254 998 2314 regnantem
1048 2244 1356 2312 expulerant
1397 2252 1453 2298 et
1500 2243 1739 2298 oderant.

193 2337 343 2405 quue
371 2352 435 2391 ex
464 2337 673 2390 decreto
702 2336 810 2390 Dei.
842 2334 963 2388 Ideo
987 2335 1125 2388 enim
1156 2343 1359 2403 tempus
1385 2333 1651 2395 delinitur,
1677 2351 1743 2388 ne

192 2428 454 2481 existimes
468 2427 748 2497 quidquam
775 2427 991 2479 fortuito
1012 2427 1274 2480 evenisse.
1304 2425 1373 2479 Et
1382 2442 1585 2496 regnum
1608 2426 1742 2478 illius

193 2518 237 2568 in
276 2519 647 2586 generationem
690 2526 735 2569 et
765 2518 1125 2585 generationem
1161 2531 1179 2568 :
1209 2526 1253 2569 et
1279 2531 1445 2568 omnes
1490 2525 1635 2568 terrtv
1666 2517 1741 2567 in-

191 2607 323 2667 colas,
354 2606 497 2673 quasi
550 2605 760 2657 nihilum
799 2607 1010 2674 reputati
1051 2616 1185 2657 sunt.
1230 2604 1359 2658 Nam
1404 2605 1448 2659 si
1501 2594 1601 2672 ego
1652 2604 1739 2671 qui

192 2696 427 2749 omnibus
458 2694 773 2763 imperabam
800 2734 815 2755 ,
845 2695 990 2763 quasi
1031 2695 1247 2747 nihilum
1302 2702 1572 2763 repulatus
1600 2708 1738 2757 smn,

192 2785 345 2837 multo
375 2785 540 2853 magis
572 2784 776 2853 reliqui.
807 2784 1019 2839 Scilicet
1066 2784 1151 2852 qui
1199 2783 1331 2837 adeo
1360 2794 1626 2852 petentem
1674 2784 1741 2839 de

193 2889 346 2942 regno
389 2874 597 2941 dejecit,
645 2875 809 2928 multo
849 2876 1012 2944 magis
1058 2875 1341 2944 subjectos.
1374 2875 1435 2928 Et
1465 2876 1738 2928 secundum

190 2964 486 3016 uoluntatem
512 2980 650 3016 suam
678 2966 797 3034 facit
824 2967 876 3017 in
907 2966 1081 3018 virtute
1107 2967 1239 3031 ca'li,
1272 2976 1316 3018 et
1342 2968 1392 3020 in
1433 2967 1733 3020 habitatione

199 3064 354 3107 terna.
384 3054 538 3117 Illud,
583 3055 735 3119 Quasi
782 3056 991 3107 nihilum
1037 3057 1255 3124 reputati
1301 3067 1435 3119 sunt,
1468 3073 1570 3111 non
1599 3059 1737 3125 quod

192 3154 489 3199 contemnat
518 3145 653 3209 illos,
680 3145 834 3206 absit,
859 3146 949 3199 sed
976 3146 1093 3213 quia
1124 3155 1309 3213 potens
1338 3155 1435 3209 est,
1467 3156 1518 3200 et
1548 3162 1734 3215 quem-

190 3238 461 3291 admodum
491 3238 618 3300 vult,
660 3238 775 3290 illos
797 3238 920 3305 agit.
969 3237 1075 3290 Iloc
1107 3237 1260 3305 igitur
1305 3239 1574 3306 sequentia
1609 3254 1738 3307 quo»

186 3342 281 3393 que
309 3327 574 3380 declarant
608 3346 619 3379 :
650 3326 715 3378 Et
745 3327 1014 3379 secundum
1041 3329 1341 3379 voluntatem
1366 3344 1505 3379 suam
1538 3327 1658 3395 facit
1684 3330 1734 3381 in

188 3420 355 3472 virtute
377 3419 506 3480 ca'li,
526 3427 567 3470 et
590 3418 638 3470 in
662 3418 964 3469 habitatione
988 3427 1148 3469 terrm.
1172 3415 1297 3469 Esto
1325 3431 1471 3481 sane,
1500 3417 1565 3471 de
1597 3426 1733 3471 terra

189 3510 315 3562 nosti
349 3526 362 3561 :
392 3519 447 3561 at
477 3509 541 3562 de
567 3509 715 3569 ca-Io,
744 3507 879 3561 unde
905 3508 1047 3560 scis?
1071 3509 1109 3560 A
1141 3508 1364 3560 somnio.
1393 3507 1570 3561 Jussit.
1593 3507 1731 3574 Quos

188 3598 333 3650 modo
382 3597 726 3649 obedierunt?
772 3595 847 3648 Ex
886 3596 1001 3664 igne
1034 3594 1280 3648 fornacis.
1329 3595 1393 3647 Et
1424 3613 1521 3648 non
1551 3606 1618 3648 est
1648 3599 1733 3666 qui

186 3687 369 3737 resistat
398 3687 570 3738 manui
616 3687 744 3754 ejus,
778 3695 822 3737 et
848 3686 979 3736 dicat
1030 3686 1073 3736 ei
1107 3700 1122 3736 :
1155 3685 1319 3748 Quare
1364 3688 1563 3753 fecisti?
1610 3687 1722 3739 Non

189 3783 377 3827 tantum
402 3816 416 3839 ,
449 3774 649 3841 inquit,
682 3788 783 3826 non
839 3774 1200 3826 adversabitur
1246 3791 1257 3825 :
1292 3774 1382 3827 sed
1416 3790 1512 3829 nec
1560 3776 1731 3829 verbis

186 3871 327 3915 tenus
352 3863 712 3932 interrogabit.
746 3862 1004 3916 Omnibus
1033 3864 1123 3917 ille
1147 3864 1386 3931 imperat,
1418 3866 1593 3919 omnia
1619 3866 1729 3935 ipse

184 3961 272 4004 cst.
304 3950 378 4005 Eo
399 3994 411 4015 ,
453 3952 650 4019 inquit,
680 3962 896 4020 tempore
922 3968 1058 4005 mens
1088 3969 1195 4005 mea
1226 3971 1418 4007 reversa
1445 3964 1513 4007 est
1540 3955 1604 4005 ad
1631 3972 1726 4007 me.

185 4042 252 4094 lio
285 4044 467 4111 :quo?
498 4042 610 4110 Quo
640 4043 774 4096 Deus
798 4044 1023 4096 dixerat.
1058 4043 1208 4097 Unde
1248 4045 1390 4096 illum
1442 4054 1495 4098 et
1544 4046 1593 4097 in
1640 4061 1725 4099 re-

182 4144 325 4196 gnum
357 4132 721 4184 reduxerunt?
771 4132 857 4199 qui
889 4132 1029 4185 enim
1057 4132 1189 4185 adeo
1221 4142 1483 4199 potentem
1514 4134 1725 4199 dejece-

180 4231 285 4273 rant
310 4261 322 4282 ,
364 4222 630 4290 quomodo
664 4221 926 4276 infirmum
981 4222 1171 4275 factum
1225 4224 1579 4276 revocarunt?
1612 4244 1628 4274 (
1662 4225 1725 4277 Et

179 4309 236 4362 ad
266 4309 520 4364 honorem
550 4312 693 4381 regni
726 4313 827 4365 mei
855 4312 972 4365 veni
1009 4330 1020 4364 :
1053 4321 1105 4365 et
1134 4311 1303 4366 forma
1334 4328 1446 4365 mea
1474 4314 1624 4366 rediit
1656 4315 1720 4367 ad

178 4414 289 4453 me:
320 4411 372 4454 et
401 4402 607 4472 tyranni
637 4402 735 4455 mei
758 4411 809 4455 et
839 4402 1118 4469 Optimates
1144 4403 1241 4455 mei
1272 4404 1679 4471 qumrebantme
1706 4420 1718 4457 :

176 4492 287 4544 etin
328 4508 491 4562 regno
522 4508 639 4546 meo
663 4493 997 4547 conﬁrmatus
1019 4508 1154 4555 sum,
1184 4502 1237 4546 et
1275 4496 1577 4564 magnitudo
1603 4514 1718 4550 am-

178 4583 298 4648 plior
321 4584 495 4639 addita
541 4594 623 4637 est
651 4583 797 4636 mihi.
846 4604 863 4635 ι
904 4585 1060 4637 Vides
1092 4594 1145 4637 ut
1175 4586 1308 4639 Deus
1341 4598 1391 4640 et
1416 4597 1643 4642 statuere
1669 4599 1721 4643 et

173 4681 397 4725 evertere
422 4673 587 4740 possit
616 4674 873 4741 regnum?
904 4673 1189 4741 Oportebat.
1213 4677 1468 4744 siquidem
1496 4678 1605 4731 haec
1627 4695 1718 4747 per

173 4778 245 4828 cs,
270 4780 385 4834 qua:
437 4774 592 4818 antea
632 4765 978 4833 contigerant,
1011 4766 1281 4835 explorata
1334 4767 1527 4822 habere
1560 4788 1571 4822 :
1623 4771 1715 4824 sed

171 4856 401 4921 quoniam
435 4865 491 4909 tu
517 4856 759 4925 ignorasti
791 4871 872 4919 ea,
902 4872 1119 4924 regnum
1153 4859 1399 4912 Dominus
1421 4862 1627 4925 evertit,
1662 4872 1715 4916 et

174 4942 285 4999 illud
312 4946 499 4999 iterum
524 4946 718 4999 erexit.
770 4948 853 5000 34.
886 4964 903 4996 ς
937 4946 1081 5000 Nunc
1130 4949 1283 5017 igitur
1310 4965 1404 5018 ego
1434 4950 1715 5005 Nabucho-

173 5033 386 5090 donosor
416 5036 569 5090 laudo
590 5045 642 5089 et
665 5036 837 5089 exalto
859 5047 907 5090 et
936 5037 1170 5105 glorifieo
1203 5038 1398 5107 Regem
1426 5042 1560 5104 cwli,
1592 5043 1711 5111 quia

171 5126 325 5179 omnia
364 5141 524 5195 Opera
578 5126 714 5178 illius
742 5142 881 5189 vera,
924 5137 976 5179 et
1004 5128 1203 5181 semita:
1241 5129 1353 5196 ejus
1392 5130 1606 5196 judicia,
1661 5141 1711 5184 et

167 5223 333 5267 Omnes
361 5215 665 5269 incedentes
692 5216 742 5267 in
765 5215 1004 5283 superbia
1035 5226 1204 5284 potest
1228 5217 1521 5271 humiliore.
1556 5239 1572 5270 ι
1600 5220 1707 5273 Dici

169 5307 364 5373 nequit,
396 5323 516 5361 eum
572 5315 880 5374 potestatem
925 5308 1132 5373 quidem
1180 5308 1396 5373 habere,
1446 5309 1537 5362 sed
1570 5310 1706 5378 inju-

168 5403 286 5449 stam
318 5414 329 5449 :
362 5398 501 5451 illius
529 5398 722 5466 quippe
751 5411 934 5463 magna
960 5406 1038 5449 est
1061 5397 1281 5464 justiti-.1.
1314 5398 1377 5449 Et
1404 5416 1591 5465 omnes,
1622 5402 1706 5466 qui

166 5485 443 5550 gradiuntur
467 5488 518 5538 in
570 5484 830 5550 superbia,
878 5494 1035 5552 potest
1064 5486 1346 5540 humiliore.
1402 5487 1513 5541 Non
1551 5487 1699 5555 dixit,

170 5572 412 5640 lhnniliat,
446 5586 499 5630 ut
527 5571 625 5628 tibi
670 5576 803 5629 illius
833 5577 987 5630 etiam
1040 5580 1481 5644 atquanimitatcm
1527 5591 1703 5635 ostcn«

170 5665 313 5735 deret,
346 5680 395 5728 et
417 5681 468 5726 ut
501 5669 846 5739 intelligeres,
874 5668 1011 5739 quod
1040 5684 1141 5725 non
1173 5686 1236 5726 ex
1262 5672 1580 5743 infimitate,
1602 5677 1694 5731 scd

1557 326 1619 381 IN
1664 322 2015 381 DANIELEM.

3323 356 3434 397 99‘)

1861 435 1997 502 quod
2024 451 2116 502 per
2144 454 2301 493 unum
2336 442 2466 496 alios
2495 445 2761 499 emendat.
2798 447 2953 501 \‘ides
2983 451 3268 517 potentiam
3298 454 3321 506 ?
3349 456 3427 508 via

1859 527 1955 579 des
2000 527 2293 594 justitiam?
2324 534 2471 587 vides
2518 552 2640 604 erga
2694 538 2934 594 homines
2982 548 3451 603 amorem?vides~

1857 617 1969 672 hinc
1990 620 2055 673 ab
2084 636 2175 675 ore
2203 622 2425 677 barbaro
2456 632 2820 694 pronuntiari?
2851 633 3101 700 Quisnam
3136 637 3203 691 ita
3249 640 3419 707 philo-

1856 708 2107 775 saphatns
2138 713 2256 764 est?
2277 713 2374 778 Qui
2400 719 2670 783 prophetis
2702 733 2850 773 erant
2880 726 3114 779 innutriti
3142 768 3154 787 ,
3187 729 3314 783 nihil
3342 732 3419 785 si-

1858 799 1979 852 mile
2010 802 2383 869 loquebantur,
2434 808 2529 861 sed
2564 816 2826 866 contraria
2858 817 3084 882 penitus.
3120 819 3239 873 Non
3266 823 3419 891 faciet

1854 889 1974 982 bene
2003 892 2267 959 Dominus,
2293 898 2458 962 aiunt,
2486 910 2536 952 et
2558 919 2655 954 non
2678 907 2825 971 faciet
2851 909 2980 962 male
3006 910 3192 979 (Soph.
3220 889 3273 967 1.-
3301 914 3411 982 12).

1854 981 1917 1034 Et
1944 984 2129 1036 iterum
2158 1002 2170 1037 :
2199 987 2381 1041 Nonne
2396 991 2445 1041 in
2457 992 2749 1059 fortitudine
2774 1008 2941 1051 nostra
2955 1000 3214 1056 habuimus
3230 981 3418 1060 cornua

1856 1074 1872 1137 (
1900 1073 2046 1127 Amos
2076 1075 2127 1127 6.
2154 1078 2217 1129 Η
2241 1079 2303 1146 )?
2332 1079 2398 1132 Et
2429 1099 2441 1134 :
2474 1081 2647 1137 Omnis
2663 1086 2745 1154 qui
2766 1087 2883 1151 facit
2912 1090 3115 1154 malum,
3145 1093 3325 1146 bonum
3343 1105 3417 1151 est

1852 1166 1903 1217 in
1929 1180 2192 1237 conspectu
2224 1170 2443 1239 Domini,
2475 1185 2521 1227 et
2544 1176 2595 1228 in
2611 1178 2688 1231 his
2701 1180 2999 1247 complacuit
3018 1185 3064 1236 ei
3076 1184 3321 1250 (Malach.
3352 1188 3410 1240 2.

1854 1257 1962 1325 l7).
1986 1260 2045 1311 lit
2071 1276 2084 1313 :
2115 1261 2262 1326 Quod
2273 1265 2652 1321 emolumentum
2673 1310 2688 1332 ,
2716 1270 2833 1339 quia
2861 1274 3117 1326 serviintus
3145 1274 3223 1328 illi
3250 1276 3411 1346 (Ibid.

1850 1349 1903 1401 ὅ.
1936 1349 2065 1419 ΗΠ
2094 1351 2255 1407 Vides
2307 1354 2360 1408 in
2408 1356 2686 1414 Palmstina
2736 1362 2980 1431 dogmata
3021 1368 3251 1421 satanica
3279 1370 3301 1421 ἲ
3327 1371 3409 1423 vi-

1850 1436 1942 1491 des
1984 1439 2035 1492 in
2085 1441 2360 1497 barbarico
2400 1446 2516 1499 solo
2559 1448 2942 1519 philosOphiam
2998 1456 3412 1524 propheticam?

1852 1528 1973 1583 llmc
1997 1531 2175 1599 figura:
2196 1538 2518 1604 suntgratize
2547 1541 2683 1608 apud
2724 1554 2909 1611 gentes
2935 1547 3120 1601 futura:
3146 1567 3159 1613 ;
3191 1560 3243 1603 et
3272 1553 3412 1619 quod

1848 1621 2072 1686 gentiles
2100 1622 2328 1679 debeant
2354 1638 2685 1684 antevertere
2710 1633 2921 1689 Jndacos
2947 1678 2960 1699 ,
2991 1654 3051 1691 ac
3078 1642 3408 1707 pratsultarc.

1852 1709 2036 1763 Postea
2068 1712 2307 1769 Baltasar
2336 1718 2436 1785 (ﬂ),
2482 1736 2602 1773 cum
2655 1724 2704 1776 in
2734 1724 2822 1776 illo
2852 1728 3093 1782 convivio
3124 1731 3301 1787 ebrius
3328 1748 3410 1789 cs-

1850 1811 1950 1899 set,
1979 1801 2130 1869 jubet
2161 1820 2282 1858 vasa
2311 1808 2461 1862 educi
2497 1829 2508 1862 :
2539 1814 2685 1879 quasi
2726 1814 2782 1868 in
2823 1817 3040 1873 victoria
3093 1823 3253 1886 patris
3298 1825 3411 1890 glo-

1850 1895 2011 1954 rians,
2044 1895 2209 1962 magis
2235 1910 2360 1949 vero
2381 1901 2675 1966 petulanter
2704 1904 2957 1962 inSultans
2983 1930 2992 1962 :
3024 1924 3137 1975 seu,
3164 1914 3408 1980 quoniam

1848 1994 2081 2035 convnvze
2107 1999 2290 2038 eorum
2319 2003 2435 2055 qum
2465 1994 2793 2061 contigerant
2824 1997 3028 2052 fuerant
3053 2012 3409 2069 spectatores;

1848 2079 1902 2121 ut
1927 2071 2137 2127 tolleret
2162 2089 2275 2127 eam
2305 2092 2459 2145 quam
2482 2080 2546 2133 de
2566 2082 2671 2137 Deo
2703 2086 2963 2143 habebant
2987 2092 3409 2151 admirationem.

1850 2159 1913 2212 Et
1945 2159 2044 2214 hoc
2069 2177 2133 2215 ex
2161 2168 2401 2233 superbia
2429 2180 2483 2222 et
2512 2170 2767 2228 ebrietate
2794 2176 3077 2237 faciebant.
3120 2183 3411 2238 Caveamus

1848 2251 2223 2318 temulentiam,
2279 2256 2474 2315 dilecti.
2528 2261 2683 2316 Multa
2739 2266 2878 2320 enim
2928 2270 3153 2325 absurda
3202 2274 3267 2325 ah
3309 2276 3407 2328 hac

1848 2340 1996 2396 fiunt.
2022 2342 2124 2397 Sed
2146 2355 2200 2399 et
2223 2362 2441 2418 magnos
2462 2353 2598 2406 viros
2628 2369 2837 2424 superat
2870 2360 3118 2416 ebrietas.
3152 2364 3279 2417 Nam
3308 2367 3404 2420 iste

1845 2443 1962 2482 eum
1995 2432 2169 2485 vinum
2188 2446 2470 2505 gustasset,
2504 2457 2625 2495 vasa
2669 2445 2844 2501 efferri
2870 2449 3043 2516 jussit.
3078 2452 3276 2518 Quibus
3319 2471 3409 2522 pc-

1852 2534 2089 2613 percerat
2112 2535 2261 2593 pater
2281 2528 2442 2593 illius,
2463 2534 2549 2600 qtti
2573 2550 2633 2587 ea
2662 2551 2691 2590 e
2723 2542 2917 2607 templo
2957 2543 3356 2613 deprompserat
3391 2567 3405 2600 :

1848 2621 1901 2663 et
1933 2612 1973 2663 is
1994 2627 2112 2666 cum
2138 2617 2365 2683 cepisset
2385 2619 2791 2693 Jerosolytnam,
2824 2645 2925 2682 non
2953 2646 3111 2685 ausus
3137 2612 3216 2690 est
3246 2636 3294 2687 in
3322 2637 3410 2690 hu-

1845 2718 2055 2756 manum
2093 2708 2440 2764 ministerium
2487 2714 2571 2767 illa
2596 2716 2889 2785 deducere;
2919 2726 3018 2777 iste
3066 2741 3166 2778 non
3196 2728 3292 2781 sibi
3317 2744 3404 2782 so-

1846 2793 2130 2859 lummodo,
2178 2800 2270 2853 sed
2300 2812 2353 2855 et
2392 2806 2737 2872 Optimatibus
2792 2812 2904 2867 suis
2951 2824 3002 2867 et
3035 2817 3313 2883 pollicibus
3354 2832 3410 2878 et

1842 2887 2150 2941 concubinis
2180 2890 2228 2942 in
2261 2906 2410 2946 nsum
2454 2896 2684 2953 tradidit.

2464 3030 2687 3086 CAPUT
2741 3034 2801 3090 V.

1913 3159 1962 3213 1.
2010 3178 2027 3209 ‹
2068 3160 2306 3216 Baltasar
2336 3181 2424 3219 rex
2452 3168 2574 3223 fecit
2603 3172 2902 3227 convivium
2935 3177 3132 3243 grande
3173 3181 3405 3248 optima-

1840 3248 1979 3302 tibus
2009 3254 2117 3305 suis
2140 3255 2282 3309 mille
2318 3276 2329 3309 :
2361 3268 2413 3311 et
2454 3273 2483 3313 e
2521 3263 2736 3330 regione
2764 3264 3013 3332 ipsorum
3048 3270 3190 3324 mille
3227 3273 3404 3328 vinum

1839 3349 1970 3393 erat.
2002 3341 2054 3394 2.
2090 3344 2283 3398 Bihcns
2308 3347 2547 3402 Baltasar
2569 3366 2657 3405 rex
2683 3358 2931 3424 praecepit
2964 3356 3013 3409 in
3057 3371 3211 3427 gustu
3251 3365 3353 3415 vini
3382 3407 3397 3427 ,

1837 3442 1897 3485 ut
1922 3434 2175 3490 all'errent
2204 3454 2327 3492 vasa
2360 3457 2518 3497 aurea
2559 3454 2611 3497 et
2636 3458 2881 3514 argentea
2905 3490 2918 3508 ,
2944 3466 3059 3517 quae
3086 3464 3396 3523 asportave-

1836 3535 1915 3577 rat
1937 3524 2421 3585 Nabuchodonosor
2452 3544 2597 3601 pater
2622 3538 2735 3603 ejus
2764 3539 2829 3591 de
2882 3541 3095 3609 templo,
3154 3544 3291 3611 quod
3345 3546 3399 3601 in

1835 3612 2289 3685 Jerosolymismt
2316 3621 2556 3677 biberent
2607 3626 2656 3677 in
2697 3628 2798 3681 illis
2848 3646 2938 3683 rex
2977 3673 2991 3692 ,
3024 3642 3075 3685 et
3122 3636 3404 3701 Optimutes

1834 3703 1969 3769 ejus,
1997 3716 2049 3756 et
2076 3708 2355 3762 concubini
2396 3712 2531 3780 ejus,
2576 3723 2629 3768 et
2656 3717 2872 3783 pellices
2901 3721 3037 3787 ejus.
3073 3724 3125 3777 5.
3147 3723 3210 3776 Ει
3240 3727 3399 3780 allata

1835 3803 1957 3848 sunt
1985 3810 2108 3850 vasa
2141 3811 2391 3867 argentea
2436 3813 2487 3857 et
2516 3818 2695 3870 aurea,
2740 3823 2857 3876 qua:
2897 3823 3258 3879 asportaverat
3296 3816 3396 3869 Na-

1834 3882 2240 3943 buchodonosor
2281 3905 2343 3944 ex
2380 3895 2575 3963 templo
2606 3896 2718 3961 Dei,
2751 3900 2967 3965 quodin
3008 3902 3352 3975 Jerosolymis
3382 3926 3395 3959 :

1831 3987 1883 4029 et
1910 3978 2155 4033 bibebant
2180 3981 2230 4034 in
2254 3984 2332 4035 eis
2359 3999 2472 4049 rex,
2507 3994 2558 4039 et
2582 3990 2861 4055 optimates
2880 3992 3014 4059 ejus,
3040 4004 3093 4048 et
3117 4000 3395 4051 eoneuhini

1830 4067 1962 4134 ejus,
1987 4078 2039 4121 et
2069 4070 2283 4136 pellices
2310 4073 2445 4141 ejus.
2470 4075 2522 4129 4.
2553 4076 2619 4129 Ει
2648 4079 3113 4150 bibebantvimnn,
3138 4096 3189 4140 et
3217 4087 3397 4143 lauda-

1830 4167 2019 4208 verunt
2048 4157 2176 4212 deos
2206 4175 2414 4225 aureos,
2450 4173 2503 4217 et
2550 4178 2850 4234 argenteos,
2885 4182 2936 4224 et
2966 4190 3164 4241 amcos,
3196 4186 3248 4230 et
3293 4178 3395 4231 fer-

1829 4260 1978 4310 reos,
2006 4256 2057 4300 ct
2078 4249 2299 4318 ligneos,
2329 4262 2381 4306 et
2407 4254 2661 4323 lapideos.
2695 4278 2713 4310 ι
2746 4260 2904 4315 Vides
2933 4280 3053 4318 vasa
3090 4269 3244 4334 capi?
3289 4270 3391 4323 Sed

1826 4337 1943 4390 vide
1968 4354 2149 4392 eorum
2184 4343 2449 4406 virtutem,
2478 4348 2634 4399 etiam
2669 4362 2941 4417 postquam
2970 4364 3119 4422 capta
3150 4369 3304 4418 sunt,
3332 4376 3392 4413 ac

1827 4429 1995 4496 posita
2031 4435 2081 4483 in
2135 4431 2393 4485 idolorum
2430 4436 2643 4503 templo.
2679 4440 2803 4493 Esto
2828 4442 2974 4497 deiis
3003 4445 3087 4498 ille
3121 4463 3213 4515 pro
3242 4449 3392 4501 libito

1824 4520 2087 4573 statuerit.
2120 4520 2229 4585 Qua
2269 4522 2333 4575 de
2360 4537 2516 4577 causa
2547 4526 2637 4578 id?
2689 4530 2851 4597 Capta
2905 4545 3026 4587 sunt
3055 4548 3268 4605 propter
3300 4540 3391 4592 Ju-

1822 4607 2054 4661 datorum
2084 4622 2296 4676 peccata
2332 4630 2343 4665 :
2375 4614 2445 4666 illi
2482 4630 2662 4683 poenas
2692 4619 2970 4678 dederunt.
3002 4625 3223 4691 Quinam
3268 4629 3388 4685 ﬁnis

1822 4702 1978 4754 etiam
2013 4713 2130 4770 post
2154 4709 2402 4760 ostenta?
2428 4725 2532 4777 quo
2580 4720 2734 4778 pacto
2774 4715 2902 4767 nihil
2942 4720 3078 4783 passi
3120 4729 3240 4773 sunt
3287 4722 3390 4775 nta-

1819 4804 2024 4857 guates,
2050 4794 2142 4847 sed
2167 4796 2309 4850 solus
2339 4799 2474 4852 rex?
2498 4800 2629 4864 Quia
2671 4804 2874 4858 scilicet
2898 4807 2987 4860 ille
3011 4809 3261 4875 jusscrat,
3301 4812 3386 4865 ille

1819 4884 2021 4936 caneris
2050 4895 2235 4939 auctor
2265 4886 2456 4941 fuerat.
2490 4890 2804 4957 Laudarunt,
2840 4896 3027 4964 inquit,
3060 4900 3175 4950 deos
3210 4917 3385 4954 ain-eos

1818 4982 1862 5024 et
1887 4984 2159 5042 argenteos.
2193 4976 2367 5042 Quare
2395 4979 2507 5032 lucc
2547 4982 2683 5048 apud
2717 4984 2835 5036 illos
2864 4984 3081 5038 deorum
3131 4988 3383 5041 dilferen~

1817 5065 1882 5117 tia
1920 5064 2070 5117 erat?
2102 5066 2349 5119 Diabolus
2376 5069 2593 5136 cupiens
2621 5070 2738 5123 illos
2767 5073 2909 5125 omni
2956 5076 3107 5129 venia
3131 5079 3337 5144 privare
3362 5120 3378 5146 ,

1814 5171 1953 5225 saepe
1983 5160 2229 5228 prmcepit
2258 5171 2313 5213 ut
2341 5160 2468 5214 deos
2512 5161 2710 5230 ligneos
2760 5165 3024 5231 facerent,
3078 5184 3144 5223 ne
3169 5173 3235 5226 ab
3268 5172 3378 5239 ipsa

1874 5314 1943 5389 (rt)
1980 5312 2051 5358 Ab
2084 5313 2161 5389 his
2182 5315 2376 5389 vocibus
2398 5322 2604 5389 ἒνιόεερᾳ
2616 5318 2861 5389 Δ1ηιζζα.ςιῃ·,
2889 5324 3203 5374 inchoandum
3236 5340 3379 5389 caput

1811 5378 2024 5435 quintum
2058 5384 2273 5437 putarem
2303 5376 2363 5435 (si
2399 5383 2557 5424 tamen
2596 5380 2658 5426 ita
2682 5376 2995 5433 distribuerat
3019 5395 3209 5435 sanctus
3233 5376 3377 5437 tih'rv;

1809 5440 2078 5507 sumemus),
2107 5438 2199 5507 nisi;
2220 5450 2327 5496 quze
2344 5444 2621 5507 sequuntur
2643 5441 2701 5488 ad
2726 5442 3027 5507 dosologiam
3054 5449 3202 5505 magis
3231 5440 3377 5507 perfi-

1810 5512 1930 5546 nere
1987 5499 2283 5563 viderentur.
2314 5506 2462 5563 _San__e_
2507 5501 2546 5546 is
2589 5515 2614 5547 a
2660 5516 2756 5563 quo
2800 5499 2929 5551 hunc
2972 5499 3374 5561 Commerui-trium

1808 5562 2090 5629 necopinum,
2112 5559 2223 5605 dtnn
2251 5558 2325 5606 vel
2352 5558 2871 5629 indiligentins'dictata
2896 5567 3107 5626 magistri
3134 5558 3371 5629 excerpit,

1809 5622 2214 5690 vel__perot'atttem
2231 5623 2430 5690 assequi
2458 5635 2547 5690 non
2574 5623 2730 5682 valet,
2759 5624 2835 5690 vel
2862 5628 2908 5690 in
2932 5622 3177 5690 epitomen
3204 5622 3373 5684 cuncta

1808 5684 1999 5744 redigit,
2028 5696 2145 5743 opus
2173 5680 2308 5730 valde
2334 5682 2666 5743 imperfectum
2700 5680 2908 5747 reliquit.
