4140 6314
183 344 291 402 223

178 452 476 521 ’ῌι·εσαν,
514 451 677 520 φησὶ,
736 450 874 515 τοὺς
919 450 1092 515 θεοὺς
1138 450 1278 513 τοὺς
1334 448 1597 516 χρυσοῦς
1638 448 1738 501 καὶ

175 542 490 609 ἀργυροῦς.
521 542 675 604 Τίνος
715 542 899 595 ἕνεκεν
942 544 971 612 ἡ
1003 540 1233 610 διαφορὰ
1277 540 1413 610 αὕτη
1461 539 1565 591 τῶν
1605 538 1740 591 θεῶν

178 633 302 700 παρ’
337 631 521 694 αὐτοῖς
549 627 651 700 ἧν;
693 632 749 683 '0
779 631 1020 692 διάϐολος
1056 630 1373 699 βουλόμενος
1402 630 1594 691 αὐτοὺς
1632 628 1741 679 πά-

180 738 275 789 σης
311 722 682 791 ἀποστερῆσαι
715 720 1060 789 συγγνώμης,
1092 720 1345 782 πολλάκις
1374 719 1623 771 ἐκέλευσε
1654 718 1744 781 ξυ-

180 812 351 874 λίνους
387 814 658 880 γενέσθαι,
688 814 770 867 ἵνα
799 814 933 882 μηδὲ
962 813 1068 866 ἀπὸ
1096 815 1193 882 τῆς
1234 813 1361 882 ὕλης
1392 813 1739 865 πολυτέλειαν

181 902 375 970 ἔχωσιν
408 904 487 964 είς
524 903 833 969 ἀπολογίαν.
858 904 1098 973 ’Ύμνουν
1134 905 1213 964 είς
1245 902 1455 965 αὐτούς.
1484 903 1623 971 Ὅρα
1653 902 1735 955 οὺ-

180 990 347 1060 δαμοῦ
380 992 474 1044 τὸν
506 993 633 1046 Θεὸν
662 994 913 1064 ἄρχοντα,
939 994 1051 1046 ἀλλ’
1084 994 1531 1063 ἐπόμενονἹίνος
1556 995 1739 1047 ἕνεκεν

181 1083 615 1153 ἐπηκολούθησεν
640 1085 811 1155 ἠδίκη
836 1085 1062 1156 ταχέως.
1087 1088 1179 1138 καὶ
1203 1086 1336 1154 αὐτῇ
1370 1088 1433 1154 τῇ
1462 1086 1577 1154 ὥρᾳ
1597 1102 1609 1149 ;
1626 1087 1739 1138 Ἵνα

184 1176 254 1244 μὴ
280 1175 347 1227 τὰ
382 1177 643 1245 γενόμενα
683 1181 744 1229 ἐκ
776 1178 881 1229 τῶν
919 1177 1196 1247 προτέρων
1242 1178 1529 1247 θαυμάτων
1568 1196 1737 1231 κατα-

182 1266 313 1335 λυθῇ
359 1266 709 1337 ὑϐριζομένου
744 1268 835 1321 τοῦ
874 1268 1006 1321 Θεοῦ
1049 1268 1135 1321 διὸ.
1174 1269 1279 1321 τῶν
1320 1268 1557 1334 σκευῶν,
1589 1270 1740 1322 ἐϐου-

183 1355 319 1424 λήθη
342 1356 539 1427 ἄνδρας
562 1357 854 1428 ἐνυϐρίσαι.
880 1360 1102 1428 Καὶὸρα
1128 1359 1179 1411 τί
1204 1360 1427 1426 γίνεταί.
1447 1360 1734 1430 Ἐϐουλήθη

185 1448 390 1518 σκεύη·
434 1451 525 1501 καὶ
564 1450 694 1521 αὐτῇ
733 1454 798 1521 τῇ
832 1451 951 1523 ὥρᾳ
991 1454 1023 1521 ὴ
1066 1454 1323 1523 τιμωρία.
1364 1454 1518 1516 Τίνος
1557 1454 1737 1505 ἕνεκεν

180 1540 276 1591 οὐκ
296 1541 678 1593 ἀποστέλλεται
697 1544 723 1594 ὀ
744 1544 1024 1613 προφήτης
1049 1543 1373 1611 ὲγκαλέσων,
1391 1544 1523 1596 ἀλλὰ
1546 1543 1739 1615 ἀστρά-

180 1630 343 1695 γαλος
376 1632 590 1700 χειρός;
624 1632 780 1684 Ὥστε
818 1635 985 1702 μείζω
1030 1635 1280 1701 γενέσθαι
1317 1636 1415 1706 τὴν
1457 1635 1735 1705 ἔκπληξιν.

194 1721 286 1773 Ἐν
318 1722 475 1790 αὐτῇ
515 1722 587 1790 τῇ
630 1722 748 1791 ὥρᾳ
785 1725 1045 1793 ἐξῆλθον
1087 1725 1368 1782 δάκτυλοι
1408 1728 1604 1795 χειρὸς
1635 1729 1739 1782 ἀν-

182 1810 448 1875 θρώπου,
493 1813 588 1865 καὶ
628 1813 886 1883 ἔγραφον
930 1816 1242 1869 κατέναντι
1280 1817 1389 1885 τῆς
1430 1817 1737 1884 λαμπάδος

182 1902 277 1953 ἐπὶ
316 1903 386 1955 τὸ
418 1905 669 1973 κονίαμα
699 1906 803 1959 τοῦ
830 1908 1033 1975 τοίχου
1078 1907 1184 1961 τοῦ
1224 1908 1389 1961 οῑκου
1435 1908 1540 1961 τοῦ
1565 1910 1739 1972 ,ϐασι-

181 1994 329 2059 λέως
350 2010 367 2025 ο
399 1995 495 2047 καὶ
532 1998 565 2048 ό
589 1996 884 2063 ,βασιλεὺς
911 1998 1137 2066 ἐθεώρει
1160 1999 1299 2064 τοὺς
1327 2000 1738 2067 ἀστραγάλους

184 2083 291 2149 τῆς
321 2086 521 2152 χειρὸς
557 2085 662 2153 τῆς
697 2091 1060 2156 γραφούσης.
1099 2091 1336 2160 Πρόσθες
1374 2093 1466 2143 καὶ
1504 2092 1737 2161 ἑσπέραν

178 2170 368 2226 ὦσαν.
393 2174 539 2226 Ἔδει
572 2176 668 2246 τὴν
702 2177 905 2246 οῖδησιν
933 2179 1031 2247 τὴν
1078 2180 1184 2232 ἀπὸ
1212 2182 1306 2250 τῆς
1361 2180 1526 2249 μέθης
1570 2198 1737 2232 κατα-

181 2265 467 2332 σταλῆναι.
498 2263 626 2318 Εἶτα
654 2267 757 2319 ἔδει
794 2269 985 2336 μαθεῖν
1011 2273 1136 2333 τοὺς
1164 2272 1433 2340 παρόντας
1473 2272 1734 2333 ἅπαντας,

176 2356 259 2407 ὅτι
293 2355 451 2425 δίκην
470 2358 699 2413 δίδωσιν.
727 2361 823 2412 Διὰ
853 2362 906 2412 τί
941 2361 1014 2431 μὴ
1044 2364 1280 2431 σκηπτὸν
1305 2364 1513 2431 ἀφῆκεν
1539 2364 1738 2424 εὐθέως

176 2445 243 2495 ἐκ
270 2444 368 2497 τοῦ
406 2447 841 2516 οὐρανοῦ;’Ὢστε
876 2451 1034 2504 πάλιν
1072 2453 1165 2505 καὶ
1210 2453 1297 2504 τὸν
1344 2455 1555 2521 οἰκέτην
1586 2454 1737 2518 δοξα-

179 2534 375 2601 σθῆναι
405 2536 495 2588 τὸν
520 2539 711 2591 αὐτοῦ’
753 2541 888 2593 ὥστε
924 2543 1084 2594 αὑτὸν
1112 2545 1337 2597 ἀκοῦσαι
1372 2546 1457 2597 διὰ
1485 2546 1536 2595 τί
1568 2545 1736 2595 ταῦτα

176 2626 399 2693 πάσχει.
444 2628 498 2678 'U
534 2628 639 2698 γὰρ
682 2631 874 2700 Δανιὴλ
922 2634 1174 2685 εἰσελθὼν
1219 2636 1335 2703 οὐχὶ
1388 2636 1483 2705 τὴν
1523 2636 1735 2707 γραφὴν

176 2716 473 2784 ὲρμηνεύει
504 2717 681 2785 μόνον,
699 2720 830 2775 ἀλλὰ
859 2724 949 2775 καὶ
974 2726 1214 2794 μακροὺς
1237 2728 1503 2779 ἀποτείνει
1528 2728 1734 2795 λόγους,

176 2808 272 2857 καὶ
307 2808 812 2877 συμϐουλευτικοὺς,
853 2818 946 2885 οὐχ
977 2817 1052 2880 ώς
1089 2819 1381 2889 ὠφελήσων
1411 2823 1589 2887 αὑτὸν,
1621 2824 1735 2876 ἀλλ’

176 2898 254 2959 ὡς
274 2899 399 2960 τοὺς
428 2899 617 2962 ἄλλους
643 2902 880 2971 βελτίους
908 2909 1165 2977 ποιήσων.
1207 2913 1340 2964 Τότε
1371 2914 1589 2980 Δανιὴλ
1615 2918 1740 2968 εισ-

177 2985 367 3050 ῆλθεν
391 2990 644 3044 ἐνώπιον
661 2995 763 3047 τοῦ
787 2996 1111 3063 βασιλέως.
1142 3002 1251 3053 Καὶ
1283 2999 1450 3054 εἶπεν
1488 3008 1519 3057 ό
1555 3007 1735 3067 βασι-

175 3084 215 3133 λ
250 3081 323 3146 ὺς
345 3081 424 3146 τῷ
440 3084 659 3151 Δανιήλ
674 3101 687 3113 '
707 3087 789 3140 Σὺ
808 3085 865 3140 εἴ
875 3089 1116 3157 Δανιὴλ,
1135 3095 1166 3145 ό
1188 3092 1303 3145 ἀπὸ
1326 3094 1442 3146 τῶν
1466 3095 1609 3148 υίών
1629 3096 1737 3163 τῆς

176 3175 587 3240 αἰχμαλωσίας
610 3174 718 3243 τῆς
746 3178 1135 3253 Ἰουδαιάαῆς
1163 3182 1495 3251 κατήγαγεν
1516 3189 1546 3238 ό
1565 3188 1738 3248 ,βασι-

174 3263 322 3328 λεὺς
346 3266 377 3315 ό
393 3264 587 3332 πατὴρ
595 3284 711 3333 μου
730 3268 845 3321 ἀπὸ
868 3269 976 3337 τῆς
1000 3272 1285 3339 Ἰουδαίας
1300 3291 1317 3336 ;
1334 3277 1418 3336 Ὠς
1436 3277 1738 3347 καταπλητ-

175 3352 236 3403 τό
242 3369 402 3419 μενος
425 3354 585 3405 αὑτὸν
600 3356 691 3408 καὶ
707 3360 781 3419 είς
798 3359 1040 3428 ἀνάγκην
1056 3362 1341 3424 καθιστῶν,
1365 3366 1532 3419 ταῦτά
1555 3385 1734 3437 φησιν.

177 3442 361 3496 Εἰπὼν
377 3444 455 3501 δὲ.
468 3448 575 3498 ’ον
592 3446 810 3516 ἤγαγεν
826 3448 972 3522 [25!]
994 3456 1026 3506 ό
1043 3455 1338 3520 ,βασιλεὺς
1356 3460 1386 3510 ό
1405 3459 1596 3526 πατήρ
1620 3478 1736 3526 μου

174 3532 291 3586 ἀπὸ
310 3533 423 3601 τῆς
442 3538 841 3605 αἰχμαλωσίας
859 3541 969 3607 τῆς
992 3543 1298 3609 Ἰουδαίας,
1318 3546 1487 3600 ταῦτα
1508 3552 1619 3599 κατ’
1644 3550 1738 3600 αὐ-

173 3623 266 3674 τοῦ
290 3624 359 3675 τὰ
383 3626 600 3693 ῥήματα
618 3626 817 3695 ἔλεγεν,
839 3632 887 3681 εἰ
910 3630 1016 3682 τῶν
1040 3634 1390 3701 αίχμαλώτων
1412 3637 1584 3688 δέεται
1606 3657 1734 3689 πανι

173 3712 364 3781 ταχοῦ,
401 3717 659 3769 Ἤκουσα
691 3719 819 3785 περὶ
848 3720 982 3777 σοῦ.
1015 3722 1103 3775 ὅτι
1138 3724 1370 3791 πνεῦμα
1401 3727 1544 3779 Θεοῦ
1569 3728 1737 3795 ἅγιον

172 3799 242 3849 ἐν
266 3800 388 3863 σοι,
424 3802 521 3853 καὶ
548 3803 858 3873 ¹γρῆγορσις
883 3808 979 3860 καί
1015 3812 1262 3877 σύνεσις
1298 3815 1394 3866 καὶ
1425 3817 1604 3883 σοφία
1636 3834 1736 3868 πε-

164 3888 363 3956 ρισσὴ
390 3892 597 3959 εὑρέθη
630 3894 698 3946 ἐν
728 3897 844 3949 σοί.
875 3899 986 3950 Kal
1019 3900 1135 3953 νῦν
1170 3900 1456 3969 εἰσῆλθον
1481 3906 1735 3960 ἐνώπιόν

165 3994 289 4044 μου
341 3982 393 4031 ol
428 3981 632 4049 σοφοὶ,
671 3983 845 4052 μάγοι
866 4024 881 4048 ,
915 3988 1268 4056 Γαζαρηνοὶ,
1303 3994 1599 4057 Χαλδαῖοι,
1636 3998 1734 4048 ἵνα

174 4070 289 4135 τὴν
312 4073 548 4139 γραφὴν
573 4076 793 4141 ταύτην
819 4078 1140 4146 ἀναγνῶσι,
1163 4082 1257 4132 καὶ
1278 4081 1389 4146 τὴν
1415 4084 1733 4152 σύγκρισιν

173 4159 367 4225 αὐτῆς
396 4165 728 4228 γνωρίσωσί
750 4183 877 4233 μοι·
927 4169 1025 4221 καὶ
1059 4171 1169 4221 οὐκ
1201 4170 1589 4240 ἠδυνήθησαν
1620 4175 1733 4242 thr

172 4252 499 4318 σύγκρισιν
524 4254 629 4307 τοῦ
656 4257 838 4323 λόγου
866 4259 1076 4313 τούτου
1106 4261 1448 4329 ἀναγγεῖλαί
1476 4281 1594 4330 μοι.
1621 4265 1730 4317 Kal

170 4341 291 4409 ἐγὼ
330 4341 562 4409 ἥκουσα
596 4346 727 4415 περὶ
757 4348 902 4411 σοῦ,
944 4350 1032 4402 ὅτι
1064 4350 1320 4405 δύνασαι
1365 4355 1732 4423 συγκρίματα

169 4435 504 4500 συγκρῖναι,
553 4437 647 4490 καὶ
679 4439 848 4491 λύειν
896 4440 1292 4509 συνδέσμους.
1336 4444 1441 4497 Kal
1474 4446 1588 4499 νῦν
1623 4447 1732 4500 ἐὰν

168 4521 442 4589 δυνηθῇς
461 4525 791 4595 ἀναγνῶναι
819 4530 933 4596 τὴν
951 4530 1205 4598 γραφὴν,
1228 4533 1323 4585 καί
1344 4534 1455 4598 τὴν
1490 4538 1729 4604 σύγκρι-

167 4628 280 4665 σιν
308 4612 489 4679 αὐτῆς
510 4619 787 4684 γνωρίσαι
816 4636 931 4686 μοι,
963 4623 1270 4688 πορφύραν
1287 4625 1531 4692 ἐνδύσῃ,
1570 4627 1665 4678 καὶ
1697 4631 1729 4680 ό

157 4702 465 4770 μανιάκης
495 4708 528 4758 ό
553 4708 818 4773 χρυσοῦς
844 4710 1013 4763 ἔσται
1027 4713 1122 4765 ἐπὶ
1143 4714 1248 4765 τὸν
1268 4715 1565 4783 τράχηλόν
1588 4734 1723 4779 σου.

165 4796 273 4847 καὶ
304 4796 493 4862 τρίτος
518 4798 585 4849 ἐν
620 4798 695 4867 τῇ
732 4801 1019 4868 βασιλείᾳ
1044 4822 1162 4872 μου
1188 4806 1406 4874 ἄρξεις.
1451 4809 1729 4878 ὐμολογεί

165 4885 267 4937 καὶ
296 4884 389 4955 τὴν
435 4887 540 4939 τῶν
575 4889 787 4943 οἰκείων
829 4887 1027 4962 ἧτταν,
1066 4895 1159 4948 καί
1205 4914 1395 4967 φησιν·
1441 4901 1558 4953 εἰπὲ
1582 4942 1598 4967 ,
1632 4903 1726 4955 καὶ

163 4977 306 5029 λαϐὲ
332 4976 469 5030 τάδε.
508 4977 643 5030 Ἀλλ’
668 4982 768 5050 ὅρα
796 4983 883 5035 τὸν
918 4989 1218 5056 προφήτην,
1244 4990 1334 5042 ἐπὶ
1370 4991 1467 5059 μὲν
1493 4992 1584 5044 τοῦ
1618 5010 1724 5045 πα-

163 5068 299 5135 τρὸς
328 5068 485 5121 αὑτοῦ
515 5069 628 5131 πῶς
653 5070 946 5141 ἡθύμησεν,
967 5076 1196 5130 ἐνταῦθα
1217 5080 1271 5131 δὲ
1300 5082 1446 5133 οὐδὲν
1466 5083 1718 5137 τοιοῦτον·

163 5157 309 5210 ἀλλά
348 5158 399 5210 τί
436 5176 597 5229 φησι;
638 5162 771 5214 Τότε
816 5164 1100 5234 ἀπεκρίθη
1142 5173 1383 5237 Δανιὴλ,
1426 5175 1521 5225 καί
1555 5173 1723 5228 εἶπεν

159 5250 419 5305 ἐνώπιον
445 5252 547 5306 τοῦ
593 5254 929 5320 βασιλέως·
984 5260 1055 5312 Τὸ
1086 5261 1236 5329 δόμα
1274 5279 1387 5317 σου
1414 5266 1509 5317 σοι
1544 5270 1718 5331 ἔστω,

158 5343 259 5396 καὶ
292 5343 405 5409 τὴν
428 5343 650 5410 δωρεὰν
670 5344 779 5413 τῆς
802 5350 989 5413 οἰκίας
1011 5368 1124 5405 σου
1151 5354 1325 5421 ἑτέρῳ
1348 5356 1449 5421 δός
1471 5374 1481 5385 ⁸
1510 5359 1621 5426 ἐγὼ
1652 5360 1718 5412 δὲ

157 5436 277 5501 τὴν
319 5435 557 5504 τροφὴν
606 5437 1017 5506 ἀναγνώσομαι
1058 5443 1136 5508 τῷ
1163 5446 1425 5509 ﬂamen
1467 5450 1559 5503 καί
1605 5452 1717 5518 τὴν

156 5525 479 5591 σύγκρισιν
525 5523 711 5590 αὐτῆς
754 5529 1019 5593 γνωρίσω
1062 5545 1189 5593 σοι,
1230 5535 1510 5596 βασιλεῦ.
1564 5541 1717 5603 Τίνος

158 5616 345 5671 ἕνεκεν
367 5616 750 5689 παραιτεῖται;
790 5617 899 5671 Ἵνα
930 5619 1125 5692 μάθῃς,
1149 5625 1228 5677 ὅτι
1258 5627 1315 5678 οὐ
1343 5626 1406 5679 δι’
1430 5630 1608 5684 ἐκεῖνα
1640 5632 1714 5687 λέ-

1534 334 1600 389 IN
1639 331 1997 390 DANIELEM.

3279 361 3391 419 224

1839 463 1945 512 γει.
1978 449 2098 502 Ὀτι
2136 451 2243 521 γὰρ
2282 462 2380 507 οὐκ
2432 454 2775 525 ὀργιζόμενος
2807 457 2992 521 ἁπλῶς
3024 458 3188 513 ταῦτα
3215 462 3388 525 εἶπεν,

1853 539 1988 606 Ἐγὼ
2016 540 2101 603 δὲ,
2139 545 2289 612 φησι,
2314 544 2426 610 τὴν
2446 546 2680 614 γραφὴν
2701 548 3133 617 ἀναγνώσομαι.
3156 552 3252 603 καὶ
3278 551 3392 619 τὴν

1836 631 2155 699 σύγκρισιν
2202 633 2390 701 αὐτῆς
2437 636 2741 706 ἀναγγελεῖ)
2788 638 2867 703 τῷ
2906 640 3170 702 βασιλεῖ.
3231 642 3388 713 Ὁρᾷς

1836 722 1997 773 αὐτὸν
2026 725 2320 791 χρημάτων
2362 728 2619 796 κρείττω;
2654 729 2818 798 τιμῆς
2846 731 3144 801 ἀνώτερον;
3180 734 3386 798 οὐδενὸς

1834 810 2079 879 δεόμενον
2111 814 2217 865 τῶν
2252 814 2579 883 βασιλικῶνς
2613 817 2765 871 Οὕτω
2786 818 2865 871 δεῖ
2888 822 3009 882 τοὺς
3043 817 3108 874 τὰ
3133 821 3265 874 Θεοῦ
3298 822 3383 875 λέ-

1833 916 2024 966 γοντας
2062 898 2215 956 εἶναι.
2258 904 2371 956 Ἵνα
2404 906 2476 975 μὴ
2506 905 2694 976 νομίσῃ
2747 909 2827 961 ὅτι
2868 909 3035 980 ταύτῃ
3087 912 3245 965 αὑτὸν
3289 914 3387 965 ἑπ-

1834 993 2124 1055 εσπάσατο,
2152 992 2184 1063 ἥ
2218 994 2551 1063 ἀνθρώπινόν
2588 1014 2637 1048 τι
2678 998 2783 1052 τῶν
2813 999 3114 1069 λεγομένων
3148 1003 3280 1056 ἐστί.
3320 1004 3384 1056 Τί

1833 1076 1923 1133 οὖν
1952 1097 2107 1150 φησις
2140 1082 2317 1149 Ἀφεὶς
2343 1084 2512 1136 εἰπεῖν
2538 1085 2634 1155 τὴν
2663 1087 2894 1156 γραφὴν,
2920 1087 3221 1158 συμϐουλὴν
3251 1092 3383 1143 ἀπο-

1832 1170 2012 1229 τείνει,
2038 1173 2095 1236 ὲξ
2116 1173 2291 1225 αὐτῶν
2321 1172 2425 1225 τῶν
2454 1176 2748 1243 προοιμίων
2776 1176 2934 1227 αὑτὸν
2961 1179 3382 1249 ἀναμιμνήσκων

1833 1262 1940 1313 τῶν
1965 1262 2042 1332 τῷ
2067 1267 2229 1333 πατρὶ
2254 1266 2686 1337 συμϐεϐηκότων.
2705 1268 2764 1320 '0
2790 1269 2932 1332 Θεὸς
2951 1272 2981 1321 ό
3001 1269 3252 1336 ὕψιστος
3269 1271 3383 1338 τὴν

1828 1353 2171 1417 βασιλείαν,
2199 1356 2293 1407 καὶ
2324 1355 2437 1421 τὴν
2452 1358 2909 1425 μεγαλωσύνην,
2933 1361 3028 1411 καὶ
3055 1362 3165 1426 τὴν
3184 1360 3377 1428 τιμὴν,

1833 1445 1927 1497 καὶ
1961 1444 2074 1512 τὴν
2104 1444 2286 1509 δόξαν
2325 1446 2505 1499 ἔδωκε
2546 1449 3068 1517 Ναϐουχοδονόσορ
3106 1448 3181 1514 τῷ
3208 1451 3381 1517 πατρί

1832 1550 1964 1588 σου.
1989 1536 2097 1590 Καὶ
2122 1536 2237 1591 ἀπὸ
2253 1536 2361 1605 τῆς
2387 1541 2835 1607 μεγαλωσύνης,
2864 1536 2939 1609 ἧς
2957 1541 3175 1594 ἔδωκεν
3201 1541 3376 1606 αὐτῷ,

1832 1626 2052 1691 πάντες
2081 1629 2134 1680 ol
2166 1630 2323 1693 λαοὶ,
2348 1630 2549 1695 φυλαί,
2573 1627 2841 1695 γλῶσσαι
2866 1627 3025 1699 ἦσαν
3052 1630 3376 1698 τρέμοντες,

1832 1720 1929 1773 καὶ
1956 1720 2305 1788 φοϐούμενοι
2343 1720 2459 1774 ἀπὸ
2494 1720 2810 1788 προσώπου
2839 1722 3040 1775 αὑτοῦ.
3076 1722 3188 1787 Οὓς
3216 1722 3379 1775 ἐϐού-

1831 1813 1968 1863 λετο
1998 1812 2178 1876 αὐτὸς
2207 1812 2429 1880 ἀνῄρει,
2462 1814 2559 1865 καὶ
2594 1812 2699 1878 οὓς
2725 1812 3001 1866 ἐϐούλετο
3038 1814 3214 1877 αὐτὸς
3246 1814 3379 1867 ἐτυ-

1832 1914 1995 1962 πτεν,
2022 1901 2116 1953 καὶ
2136 1902 2241 1965 οὒς
2266 1902 2540 1955 ἐϐούλετο
2566 1903 2743 1968 αὐτὸς
2763 1903 3131 1956 ἐταπείνουα.
3151 1903 3257 1956 Kal
3283 1904 3382 1957 ὅτε

1832 1991 2040 2057 ὑψώθη
2077 1993 2113 2058 ἠ
2160 1991 2367 2058 καρδία
2415 1991 2627 2055 αὐτοῦ,
2676 1992 2771 2044 καὶ
2818 1994 2881 2046 τὸ
2938 1992 3164 2061 πνεῦμα
3197 1994 3379 2046 αὑτοῦ

1831 2079 2186 2149 ἐκραταιώθη
2226 2081 2331 2134 τοῦ
2374 2084 3008 2149 ὑπερηφανεύσασθαι,
3046 2084 3376 2151 κατηνέχθη

1831 2171 1947 2225 ἀπὸ
1979 2172 2081 2224 τοῦ
2121 2173 2332 2238 θρόνου
2359 2172 2466 2239 τῆς
2483 2174 2798 2239 ,βασιλείας
2816 2174 3016 2239 αὐτοῦ,
3047 2176 3142 2227 καὶ
3178 2176 3213 2239 η
3242 2174 3375 2242 τιμὴ

1830 2263 2012 2316 αὐτοῦ
2032 2264 2292 2331 ἀφῃρέθη
2318 2264 2416 2317 ἀπ’
2439 2262 2641 2327 αὑτοῦ,
2664 2263 2758 2316 καὶ
2787 2264 2902 2317 ἀπὸ
2923 2264 3037 2317 τῶν
3063 2264 3379 2332 ἀνθρώπων

1829 2350 2158 2419 ἐξεδιώχθη.
2188 2353 2285 2404 καὶ
2326 2353 2361 2419 ἡ
2394 2352 2600 2419 καρδία
2634 2352 2815 2405 αὑτοῦ
2838 2354 2987 2420 μετὰ
3025 2352 3139 2405 τῶν
3165 2355 3378 2421 θηρίων

1829 2444 2025 2509 ἐδόθη,
2078 2444 2172 2495 καὶ
2214 2444 2361 2511 μετά
2391 2443 2541 2495 ὄνων
2579 2444 2792 2512 ἀγρίων
2834 2444 2871 2508 η
2919 2442 3067 2515 [252]
3115 2445 3379 2497 κατοικία

1830 2532 2034 2595 αὐτοῦ,
2063 2532 2155 2584 καὶ
2189 2533 2404 2599 χόρτον
2433 2532 2511 2597 ώς
2548 2531 2707 2595 ,ϐοῦν
2740 2530 3024 2599 ὲψιώμιζον
3050 2531 3250 2595 αὐτὸν,
3282 2531 3378 2584 καὶ

1830 2623 1947 2675 ἀπὸ
1994 2622 2102 2690 τῆς
2147 2623 2366 2691 δρόσου
2415 2623 2517 2675 τοῦ
2567 2622 2820 2689 οίυοανοῦ
2865 2622 2929 2675 τὸ
2977 2621 3143 2691 σῶμα
3195 2622 3377 2675 αὑτοῦ

1829 2713 2036 2781 ἑϐἀρη,
2057 2714 2165 2779 ἕως
2186 2711 2254 2769 οὗ
2284 2715 2432 2783 ἔγνω
2456 2714 2541 2766 ὅτι
2571 2714 2823 2779 κυριεύει
2851 2716 2881 2766 ό
2901 2714 3037 2777 Θεὸς
3069 2717 3100 2766 ό
3124 2714 3378 2780 ὕψιστος

1830 2805 1939 2871 τῆς
1974 2805 2290 2868 ,ϐασιλείας
2322 2803 2437 2856 τῶν
2464 2802 2783 2870 ἀνθρώπων
2804 2842 2818 2866 ,
2857 2804 2953 2856 καὶ
3000 2796 3047 2868 ᾧ
3077 2803 3183 2855 ἐὰν
3231 2802 3376 2871 δόξῃ

1831 2893 2005 2946 δώσει
2036 2894 2243 2958 αὑτήν.
2293 2894 2353 2944 El
2390 2891 2496 2962 γὰρ
2535 2893 2754 2954 ἐκεῖνος,
2790 2891 2939 2960 φησὶ,
2983 2890 3376 2956 ἀσύγγνωστος,

1833 2984 1897 3035 σὺ
1941 2987 1968 3036 ὁ
2015 2983 2150 3052 μετὰ
2197 2984 2539 3053 παράδειγμα
2586 2982 2819 3035 τοιοῦτον
2856 2982 2927 3051 μὴ
2963 2981 3376 3051 σωφρονισθεὶς,

1830 3077 1972 3136 τίνος
2017 3072 2191 3137 ἄξιος,
2227 3074 2344 3125 είπέ
2379 3090 2494 3142 μοις
2531 3074 2658 3125 Οὐδὲ
2707 3074 2813 3142 γὰρ
2859 3076 2935 3134 εἰς
2980 3073 3194 3140 ἄγνοιαν
3239 3073 3379 3140 ἔχεις

1832 3169 2183 3234 καταφυγεῖν.
2243 3165 2374 3217 Οὐδὲ·
2410 3164 2581 3217 πάντα
2634 3164 2803 3215 ταῦτα
2854 3163 3023 3232 ᾕδεις
3068 3162 3198 3213 Τίνα
3239 3162 3377 3225 τίνος

1833 3258 2133 3325 προτιμᾷςς
2173 3257 2294 3316 τοὺς
2317 3256 2413 3306 οὐκ
2441 3254 2748 3317 ἀκούοντας,
2774 3253 2891 3305 οὐδὲ
2924 3252 3239 3321 βλέπονταςς
3272 3250 3378 3304 Καὶ

1831 3345 1912 3396 σὺ
1936 3349 1965 3396 ό
1988 3344 2112 3409 υίὸς
2132 3343 2332 3407 αὑτοῦ,
2360 3342 2691 3408 Βιιλτάσαρ,
2720 3344 2825 3394 οὐκ
2843 3341 3242 3405 ἐταπείνωσας
3266 3340 3379 3406 τὴν

1830 3434 2079 3499 καρδίαν
2110 3447 2223 3484 σου
2270 3435 2393 3483 κατ’
2442 3430 2692 3483 ἐνώπιον
2720 3429 2824 3482 τοῦ
2856 3426 3018 3481 Θεοῦ.
3065 3428 3145 3478 Οὐ
3186 3424 3377 3477 πάντα

1830 3523 2013 3575 ταῦτα
2038 3524 2255 3589 ἕγνως;
2294 3510 2399 3574 Kal
2435 3521 2531 3572 ἐπὶ
2564 3520 2669 3572 τὸν
2710 3519 2925 3584 Κύριον
2960 3516 3065 3569 τὸν
3097 3515 3242 3568 Θεὸν
3271 3514 3377 3567 τοῦ

1831 3615 2084 3681 οὐρανοῦ
2116 3614 2375 3681 amboue,
2412 3613 2508 3665 καὶ
2546 3613 2616 3665 τὰ
2641 3612 2826 3677 σκεύη
2857 3610 2961 3663 τοῦ
2999 3609 3165 3661 οἴκου
3193 3608 3375 3661 αὑτοῦ

1830 3705 2084 3774 ἤνεγκας
2111 3705 2363 3759 ἐνώπιόν
2392 3720 2531 3757 σου·
2574 3701 2665 3754 καὶ
2700 3701 2800 3765 σὺ,
2832 3700 2929 3753 καὶ
2960 3702 3011 3752 οἱ
3027 3698 3376 3768 μεγιστιῖνές

1830 3812 1963 3856 σου,
1986 3796 2081 3847 καὶ
2115 3798 2167 3848 ol
2195 3794 2535 3862 παράκοιτοί
2555 3810 2689 3856 σου,
2726 3792 2821 3845 καὶ
2845 3795 2901 3844 αἱ
2932 3790 3231 3843 παλλακαί
3261 3804 3375 3841 σου

1827 3889 2057 3941 ἐπίνετε
2087 3885 2249 3940 οἶνον
2269 3890 2335 3940 ἐν
2356 3886 2574 3951 αὺτοῖς·
2602 3888 2694 3937 καὶ
2718 3884 2856 3947 τοὺς
2875 3883 3042 3946 θεοὺς
3074 3879 3211 3944 τοὺς
3235 3896 3375 3945 γρυ-

1828 3980 1996 4044 σοῦς,
2032 3980 2125 4031 καὶ
2146 3978 2456 4046 ἀργυροῦς,
2496 3978 2590 4028 καὶ
2620 3973 2910 4043 χαλκοῦς,
2946 3970 3040 4023 καὶ
3072 3968 3370 4035 σιδηροῦς,

1828 4067 1923 4118 καὶ
1956 4066 2269 4129 ξυλίνους,
2305 4064 2400 4117 καὶ
2434 4065 2719 4127 λιθίνους,
2740 4060 2794 4113 οἳ
2825 4063 2893 4114 οὐ
2928 4061 3246 4124 βλέπουσι,
3276 4059 3371 4111 καὶ

1827 4159 1936 4209 οὐκ
1966 4157 2273 4219 ἀκούουσι,
2302 4155 2398 4207 καὶ
2442 4157 2511 4207 οὐ
2541 4154 2955 4222 γινώσκουσιν,
2994 4152 3235 4218 ᾔνεσας,
3275 4150 3371 4202 καὶ

1826 4248 1929 4300 τὸν
1950 4249 2114 4309 Θεὸν,
2129 4244 2198 4303 οὗ
2230 4251 2265 4315 ἡ
2293 4248 2443 4313 πνοή
2466 4262 2578 4300 σου
2599 4247 2667 4298 ἐν
2686 4244 2831 4313 χειρὶ
2854 4243 3055 4305 αὑτοῦ,
3070 4244 3163 4295 καὶ
3187 4242 3374 4295 πᾶσαι

1826 4343 1883 4392 al
1922 4340 2047 4393 ὁδοί
2079 4357 2212 4402 σου,
2253 4339 2437 4391 αὐτὸν
2478 4340 2584 4391 οὐκ
2622 4337 2931 4400 ἐδόξασας.
2967 4334 3066 4389 Διὰ
3105 4334 3277 4387 τοῦτο
3304 4336 3372 4387 ἐκ

1827 4432 2144 4497 προσώπου
2179 4429 2362 4482 αὑτοῦ
2401 4428 2709 4493 ἀπεστάλη
2755 4426 3121 4494 ἀστράγαλος
3158 4425 3370 4493 χειρὸς,

1824 4522 1922 4574 καὶ
1963 4521 2076 4586 τὴν
2121 4519 2356 4587 γραφὴν
2405 4519 2624 4583 ταύτην
2680 4516 2936 4580 ἐνέταξε.
2978 4517 3086 4569 Kal
3136 4516 3281 4581 αὕτη
3332 4519 3369 4583 η

1825 4610 2014 4678 γραφὴ
2047 4612 2083 4676 η
2111 4606 2495 4676 ἐντεταγμένη
2513 4625 2527 4638 ο
2550 4607 2742 4673 Marh,
2784 4606 2987 4668 Θεκὲλ,
3029 4605 3213 4673 Φαρές
3234 4622 3245 4635 ·
3276 4607 3372 4659 καὶ

1824 4702 1996 4753 τοῦτο
2036 4702 2099 4753 τὸ
2130 4702 2421 4769 σύγκριμα
2441 4699 2545 4753 τοῦ
2576 4698 2882 4768 δράματος.
2914 4698 3082 4764 Μανή
3104 4716 3116 4731 ·
3137 4698 3373 4766 ἐμέτρη-

1824 4808 1934 4845 σεν
1964 4796 1994 4845 ό
2022 4791 2161 4856 Θεὸς
2192 4792 2305 4859 τὴν
2343 4792 2665 4854 ,βασιλείαν
2703 4807 2838 4852 σου,
2886 4790 2981 4843 καὶ
3025 4790 3372 4856 ἐπλήρωσεν

1824 4882 2029 4947 αὑτήν.
2058 4885 2240 4935 Θεκέλ
2264 4897 2277 4911 ·
2309 4881 2528 4949 ἐστάθη
2558 4882 2624 4934 ἑν
2650 4880 2815 4949 ζυγῷ,
2842 4881 2935 4933 καὶ
2966 4879 3169 4947 εὑρέθη
3194 4880 3371 4933 ὑστε-

1814 4970 2028 5037 ροῦσα.
2050 4971 2260 5037 Φαρές·
2286 4971 2519 5038 διῃρέθη
2554 4973 2591 5038 ἡ
2607 4973 2892 5034 ,βασιλεία
2916 4987 3049 5033 σου,
3076 4971 3169 5024 καὶ
3197 4970 3371 5038 ἐδόθη

1820 5062 2044 5127 Μήδοις
2065 5063 2159 5115 καὶ
2192 5063 2462 5130 Πέρσαις.
2482 5065 2578 5115 Διὰ
2600 5063 2791 5126 τοῦτο,
2815 5064 2965 5130 φησὶ,
2991 5061 3308 5129 ἐμέτρησεν
3338 5064 3370 5115 ὁ

1823 5152 1963 5216 Θεὸς
1994 5151 2105 5217 τὴν
2140 5151 2464 5215 ,βασιλείαν
2496 5167 2632 5214 σου,
2661 5150 2757 5202 καὶ
2785 5149 3042 5215 διῃρέθη.
3074 5149 3182 5201 Καὶ
3216 5149 3373 5201 τοῦτο

1819 5245 1896 5305 είς
1925 5244 2206 5313 τιμωρίαν,
2255 5244 2312 5295 τὸ
2343 5242 2695 5311 διαιρεθῆναι,
2731 5242 2821 5294 καὶ
2870 5241 2943 5313 μὴ
2992 5242 3169 5311 μένειν
3203 5240 3374 5310 αὐτὴν

1878 5462 1903 5488 ⁸
1928 5460 2017 5506 Καὶ
2044 5458 2120 5512 οὓς
2159 5456 2373 5504 ἐϐούλετο
2417 5456 2556 5511 αὐτὸς
2597 5456 2851 5504 ἐταπείνου.
2883 5455 2948 5503 Ita
2987 5454 3257 5510 explendus
3292 5458 3371 5502 est

1814 5523 1907 5569 iste
1938 5522 2087 5575 locus,
2118 5520 2196 5564 καὶ
2220 5519 2297 5571 οὓς
2335 5517 2551 5564 ἐϐούλετο
2575 5518 2713 5578 ὕψου,
2749 5518 2826 5563 καὶ
2847 5518 2943 5578 ,οὓς
2974 5515 3188 5563 ἐϐούλετο
3232 5513 3375 5578 ᾳύτὸ(

1814 5572 2085 5636 ὲταπείνου,
2113 5581 2168 5625 Ει
2190 5591 2305 5639 quos
2341 5578 2536 5637 volebat,
2557 5572 2655 5639 ipée
2678 5576 2930 5637 exultabat,
2970 5582 3012 5626 et
3036 5587 3149 5638 quos
3173 5572 3371 5636 volebat,

1814 5640 1913 5701 ipse
1935 5639 2240 5703 deprimebat.
