4144 6308
199 364 303 415 225

194 460 368 515 datum
402 470 483 515 est
523 462 685 518 Medis
731 480 793 520 ac
839 466 1013 523 Persis
1051 469 1149 538 (a).
1173 497 1190 529 ι
1232 471 1446 537 Idcirco,
1480 472 1567 537 ait,
1600 471 1735 528 Deus

195 566 396 617 regnum
421 561 557 603 tuum
585 569 778 606 mensus
819 568 921 618 est,
961 567 1004 609 et
1051 559 1259 612 divisum
1295 571 1384 614 est.
1436 562 1500 615 Et
1546 561 1644 615 hoc
1687 562 1738 615 in

195 638 501 705 supplicium
534 640 662 705 fuit,
693 643 832 711 quod
864 645 1083 700 divisum
1111 658 1223 713 est,
1259 664 1354 703 nec
1384 651 1573 703 mansit
1603 652 1738 705 intc-

193 741 357 792 grum.
387 728 534 793 Quod
566 740 616 783 et
647 732 695 783 in
727 731 1008 789 Salomone
1037 739 1267 806 conligit.
1301 739 1413 793 Non
1442 739 1597 794 modo
1622 743 1739 809 quia

195 816 469 871 Baltasaris
498 818 634 873 ﬁlius
670 836 771 874 non
808 826 1015 893 excepit
1042 842 1279 895 regnum.
1310 829 1401 883 sed
1428 838 1481 884 et
1508 831 1626 899 quia
1657 831 1741 885 di-

194 905 356 957 visum
387 918 487 959 est.
518 907 649 961 Vide
681 919 735 963 ut
766 912 902 967 Deus
929 929 986 968 se
1014 916 1086 968 illi
1115 928 1329 971 excuset
1358 936 1370 971 :
1404 919 1522 973 vide
1558 930 1612 973 ut
1650 936 1741 975 rex

196 994 459 1048 infortunii
499 998 579 1051 sui
622 1000 689 1053 sit
717 1011 915 1055 auctor.
957 1002 1021 1056 In
1059 1008 1233 1073 cujus,
1265 1008 1455 1076 inquit,
1489 1026 1637 1062 manu
1672 1020 1741 1063 est

195 1086 339 1152 ﬂatus
360 1096 494 1140 tuus.
522 1088 705 1144 Nonne
734 1093 870 1145 enim
898 1104 1101 1161 poterat
1128 1096 1304 1150 statim
1328 1108 1377 1152 te
1404 1098 1741 1153 interimere?

194 1174 287 1228 Sed
316 1178 518 1244 patiens
548 1178 661 1232 fuit.
691 1179 855 1246 Quem
882 1197 985 1235 non
1018 1186 1128 1237 hate
1158 1199 1308 1252 paena
1349 1187 1739 1254 perterruisset,

194 1279 350 1333 eaque
379 1266 430 1319 in
466 1269 796 1337 propinquo?
822 1270 980 1326 Vides
1008 1281 1316 1341 potestatem
1342 1276 1406 1328 ad
1434 1277 1742 1345 utrumque?

195 1354 345 1418 unde,
376 1371 575 1424 qumso,
607 1359 757 1411 venia
787 1358 976 1428 dignus
1001 1362 1098 1415 es?
1125 1372 1176 1416 ct
1210 1373 1263 1417 tu
1300 1363 1436 1418 ﬁlius
1473 1364 1606 1433 ejus,
1635 1380 1740 1420 non

195 1443 353 1499 habeo
400 1446 575 1501 dicere
620 1462 779 1517 nepos
820 1450 929 1519 (b),
967 1467 1140 1507 nonne
1181 1455 1353 1507 omnia
1398 1454 1510 1509 haec
1551 1456 1743 1510 noras?

194 1532 635 1597 Quemadmodum
666 1537 715 1591 in
745 1537 856 1592 foro
889 1539 1118 1608 judiciali
1165 1542 1421 1595 sententia
1460 1543 1739 1609 scribitur,

195 1623 284 1677 iste
309 1639 370 1677 ea
396 1640 511 1692 qua:
540 1628 940 1693 pronuntiantur
967 1628 1355 1697 interpretatur.
1384 1630 1532 1687 Unde
1559 1634 1663 1702 regi
1690 1635 1741 1687 in

194 1723 416 1767 tuentem
452 1717 595 1769 venit
633 1716 894 1771 Danielem
936 1719 1228 1777 honorare?
1260 1722 1327 1777 Ut
1360 1724 1483 1776 mihi
1515 1725 1739 1791 videtur,

195 1822 251 1859 ne
276 1807 339 1860 ab
366 1808 430 1861 iis
456 1810 542 1877 qui
573 1809 787 1863 aderant
811 1811 1264 1879 condemnaretur,
1290 1825 1342 1869 et
1368 1816 1500 1871 forte
1524 1830 1742 1886 sperans

194 1909 245 1948 sc
272 1910 364 1963 per
395 1897 507 1951 hinc
538 1896 897 1953 liberationem
927 1900 1279 1957 inventurum.

798 2054 1019 2113 CAPUT
1058 2056 1142 2110 Vi.

255 2209 303 2261 4.
352 2225 371 2258 i
420 2208 485 2261 Et
529 2222 619 2261 rex
657 2209 927 2263 constituit
965 2208 1289 2278 eum'super
1328 2226 1483 2267 omne
1524 2227 1741 2282 regnum

194 2311 359 2348 suum.
393 2297 455 2349 Et
482 2296 809 2352 ordinatores
846 2308 897 2352 et
931 2309 1151 2368 satrapa:
1182 2303 1485 2368 qumrebant
1513 2303 1746 2357 invenire

193 2397 365 2439 contra
400 2387 668 2440 Daniclem
710 2389 1037 2442 occasionem
1059 2430 1073 2453 ,
1105 2405 1169 2442 ex
1204 2406 1383 2458 regno.
1430 2390 1494 2444 Et
1534 2406 1741 2445 omnem

197 2486 498 2541 praétextum
525 2492 585 2530 ac
610 2476 859 2531 offensam
890 2492 990 2531 non
1019 2479 1329 2533 invenerunt
1357 2481 1407 2533 in
1438 2480 1601 2545 illum,
1625 2481 1745 2548 quia

196 2566 354 2621 ﬁdelis
378 2577 495 2621 erat
532 2586 549 2618 ι
586 2586 599 2619 :
629 2567 677 2619 id
704 2574 803 2632 est,
830 2568 938 2635 regi
963 2579 1076 2621 erat
1105 2569 1383 2623 benevolus
1404 2571 1439 2621 '.
1470 2570 1583 2633 Vel,
1617 2570 1744 2635 Quia

194 2657 346 2720 ﬁdelis
377 2666 482 2707 erat
515 2672 532 2707 :
561 2656 656 2709 hoc
693 2666 803 2720 est,
844 2657 1138 2710 conﬁdebat
1176 2659 1310 2721 Deo;
1350 2668 1403 2711 et
1442 2659 1530 2712 ille
1570 2660 1745 2714 omnia

193 2743 441 2809 gubernat
467 2762 477 2794 :
507 2744 613 2796 Deo
635 2753 805 2797 autem
827 2745 1171 2813 gubernante,
1197 2746 1332 2814 quod
1356 2747 1602 2800 damnum
1627 2762 1746 2802 eve-

196 2832 299 2885 nire
334 2832 565 2899 poterit?
594 2832 726 2897 Quid
760 2835 913 2903 igitur
948 2837 1051 2888 ait?
1078 2837 1129 2889 5.
1167 2835 1414 2889 Dixerunt
1443 2839 1746 2891 ordinatores

193 2923 244 2983 ii,
277 2920 392 2975 Non
422 2922 720 2976 inveniemus
742 2935 915 2976 contra
942 2923 1196 2977 Danieleni
1225 2927 1547 2990 occasionem,
1576 2926 1669 2979 nisi
1694 2927 1745 2979 in

194 3013 415 3081 legitimis
440 3012 533 3067 Dei
561 3014 656 3065 sui.
686 3013 842 3075 Nihil,
874 3014 1131 3081 inquiunt,
1157 3015 1376 3068 inveniri
1404 3024 1594 3083 potest.
1620 3015 1747 3069 Pro-

195 3114 303 3173 ptcr
327 3104 491 3176 quid?
520 3103 702 3157 Nonne
741 3105 896 3157 homo
923 3106 1040 3158 est?
1068 3120 1131 3157 an
1166 3104 1215 3156 in
1247 3105 1487 3159 omnibus
1530 3114 1745 3172 peccato

193 3195 276 3248 luit
316 3195 602 3247 immunis?
643 3195 895 3247 Futurum
938 3195 1192 3247 incertum
1232 3203 1311 3248 est
1347 3212 1359 3247 :
1391 3204 1443 3247 et
1480 3194 1546 3247 de
1590 3193 1744 3248 rebus

194 3286 369 3337 futuris
399 3298 503 3352 qua
543 3284 743 3337 ratione
772 3283 1042 3336 afﬁrmatis
1062 3284 1085 3335 ?
1109 3285 1173 3337 Et
1196 3285 1339 3337 aiunt
1363 3300 1375 3337 :
1402 3284 1742 3350 Experimen-

195 3381 294 3423 tuin
320 3388 385 3424 ex
421 3372 546 3439 ipsis
588 3373 742 3425 rebus
781 3372 1117 3439 sumpsimus.
1150 3370 1267 3423 Nisi
1293 3372 1343 3423 in
1371 3371 1597 3440 legitimis
1622 3412 1634 3435 ,
1663 3371 1745 3423 inn

193 3462 389 3525 quiunt,
419 3459 515 3512 Dei
536 3461 631 3522 sui,
666 3476 762 3511 non
786 3460 1081 3511 inveniemus
1106 3460 1430 3511 occasionem.
1454 3460 1607 3525 Atqtti
1632 3459 1747 3513 istic

196 3551 351 3602 multo
380 3550 550 3617 magis
580 3559 658 3603 est
692 3549 1189 3616 irreprehensibilis.
1222 3548 1584 3603 Tentationem
1625 3564 1744 3617 per-

196 3641 342 3692 mittit
370 3640 510 3692 Deus
538 3637 604 3690 ad
634 3638 1012 3705 probationem.
1038 3637 1218 3691 Nonne
1244 3638 1381 3691 enim
1414 3647 1615 3705 poterat
1640 3638 1745 3691 illo-

196 3744 301 3778 rom
326 3726 579 3779 cohibere
609 3725 897 3777 malitiam?
926 3724 1119 3777 Verum
1148 3734 1201 3777 ut
1222 3740 1313 3792 per
1339 3725 1389 3777 id
1416 3725 1663 3790 disceres,
1694 3735 1747 3779 et

198 3816 323 3869 hunc
368 3815 672 3880 mirareris,
712 3829 815 3867 non
858 3814 1054 3867 invidet
1094 3814 1300 3867 famulis
1339 3816 1444 3868 suis
1473 3831 1741 3869 coronam.

196 3904 241 3957 6.
277 3923 291 3953 ι
328 3904 476 3957 Tunc
514 3904 843 3957 ordinatores
880 3913 933 3957 et
969 3913 1191 3971 satrapa:
1219 3905 1498 3957 astiterunt
1522 3906 1663 3973 regi,
1694 3916 1747 3959 et

196 3994 430 4046 dixerunt
455 3992 506 4047 ei
534 4010 545 4045 :
577 3994 695 4045 Dari
724 4007 833 4054 rex,
860 3992 911 4044 in
939 4004 1189 4046 aeternum
1216 3994 1350 4047 vive.
1380 3995 1432 4047 7.
1461 3996 1745 4048 Consilium

197 4086 418 4139 inierunt
444 4099 629 4138 omnes
658 4084 748 4153 qui
771 4098 929 4151 super
955 4099 1172 4152 regnum
1206 4094 1346 4137 tuum
1373 4084 1554 4150 duces,
1586 4092 1640 4138 et
1664 4100 1747 4138 sa-

256 4300 269 4328 ί
304 4297 634 4358 Theodoretus
663 4296 732 4343 sic
763 4295 910 4358 habet
931 4308 943 4342 :
963 4294 1192 4358 pietatem
1214 4294 1337 4358 enim
1358 4292 1607 4345 observans
1632 4309 1747 4358 erga

200 4364 341 4422 Deum
364 4357 516 4422 multis
533 4368 667 4422 reges
690 4353 1002 4422 oenevolentia
1026 4354 1429 4422 complectebatur.

255 4420 321 4478 (a)
353 4427 451 4465 Non
472 4417 620 4478 dicit,
649 4417 837 4463 Dabitur
861 4416 1005 4462 Medis
1028 4428 1082 4478 ac
1106 4416 1286 4473 Persis;
1324 4428 1442 4478 nec,
1472 4423 1638 4464 Datum
1670 4424 1747 4465 est

199 4474 496 4535 mbonnido;
521 4477 634 4535 sed,
662 4483 832 4524 Datum
853 4482 921 4537 est
944 4474 1092 4523 Medis
1126 4488 1182 4523 ac
1206 4476 1379 4532 Persis,
1400 4484 1451 4523 ut
1473 4478 1534 4523 de
1571 4491 1626 4537 re
1654 4480 1750 4537 jam

199 4537 362 4597 futura;
391 4546 557 4585 errant
575 4538 718 4598 igitur
742 4538 827 4583 viri
850 4536 973 4583 docti
998 4538 1077 4598 qui
1099 4537 1187 4583 hoc
1212 4538 1480 4583 vaticinium
1504 4536 1751 4597 impletum

199 4602 325 4645 annis
346 4596 454 4657 post
480 4596 827 4657 septemdecim
850 4596 1155 4657 contendunt.
1196 4598 1363 4643 Eadem
1388 4596 1579 4657 quippe
1612 4606 1751 4646 nocte

198 4654 373 4705 occisus
396 4666 475 4705 est
499 4654 702 4705 Baltasar
722 4691 736 4713 ,
763 4664 813 4704 et
834 4654 1034 4716 Babylon
1073 4664 1362 4716 expugnata.
1387 4654 1480 4704 Nec
1502 4654 1655 4705 obstat
1678 4658 1749 4705 lo-

199 4704 276 4765 cus
298 4704 325 4783 i_
348 4704 467 4779 iteg.
494 4719 570 4772 15,
591 4704 830 4783 ἒὸέίιίιεφ
848 4704 1314 4783 objicit_clarissimus
1330 4718 1555 4783 _lje_tavit_is
1574 4704 1585 4763 ξ
1605 4704 1750 4783 Scidit

201 4775 641 4838 Dominus'regniim
669 4775 811 4838 Israel
829 4783 918 4824 ate
938 4775 1093 4832 hodie,
1114 4783 1156 4823 et
1175 4775 1375 4838 tradidit
1395 4776 1514 4825 illud
1531 4777 1750 4838 proximo

202 4845 286 4893 tuo,
299 4837 483 4887 meliori
496 4834 560 4897 te.
579 4834 924 4897 Intelligendus
946 4838 1073 4884 enim
1093 4844 1167 4883 est
1184 4836 1247 4897 de
1262 4834 1745 4897 inunctione'Davidis,

201 4911 298 4957 qua:
323 4913 414 4945 non
440 4896 593 4944 multo
618 4905 721 4958 post
735 4896 820 4958 est
844 4898 979 4945 facta.
1004 4903 1118 4944 Sunt
1141 4904 1190 4945 et
1212 4896 1301 4944 alia
1326 4911 1419 4945 non
1437 4911 1588 4957 pauca
1612 4896 1747 4958 argu-

202 4955 348 5006 menta
368 4998 379 5011 .
405 4959 600 5019 quibus
622 4955 775 5019 fabula
816 4960 935 5019 Darii
968 4958 1219 5005 Nabonnidi
1252 4955 1490 5018 iugulatur
1512 4973 1525 5019 ;
1550 4955 1747 5019 quorum

204 5017 540 5073 nonnulla—nos,
565 5018 602 5063 si
628 5017 811 5063 occasio
833 5017 984 5071 feret,
1010 5030 1102 5065 non
1125 5017 1413 5066 omittemus.

256 5080 321 5139 (ὁ)
356 5087 450 5126 tina
476 5078 686 5139 omnium
712 5076 1050 5139 verisimillima
1076 5080 1315 5125 sententia
1346 5087 1435 5135 est,
1464 5078 1748 5128 Baltasarem

200 5136 334 5188 fuisse
358 5140 505 5187 tilium
530 5136 893 5197 Evilmeroilachi
909 5171 921 5191 ,
948 5146 1171 5197 nepotem
1194 5151 1307 5185 vero
1330 5140 1748 5188 Nabuchodonoso-

200 5203 274 5261 ris,
297 5202 405 5261 quia
427 5196 710 5261 Jerem_._27,
735 5195 782 5261 '_7,
808 5195 1253 5261 gentegServiturze
1275 5199 1493 5247 dicuntur
1518 5201 1749 5249 aabucho-

199 5256 437 5314 doiiosori,
481 5265 535 5307 et
571 5256 663 5304 ﬁlio
704 5258 839 5319 ejus,
880 5264 928 5304 et
963 5256 1057 5304 ﬁlio
1095 5258 1175 5305 ﬁlii
1209 5260 1327 5319 ejus.
1362 5261 1556 5307 Omnino
1590 5268 1747 5309 tamen

200 5321 434 5379 rejiciendi
461 5332 558 5367 non
592 5323 700 5379 sunt
725 5318 753 5363 ii
779 5318 1069 5376 interpretes
1081 5356 1097 5379 _,
1124 5318 1318 5366 veteres
1342 5333 1395 5367 ac
1418 5322 1713 5369 recentiores

199 5356 978 5440 unitTu‘s'gabuchodonosorusist
1018 5356 1112 5440 vel:
1134 5391 1335 5437 proavus
1372 5356 1748 5437 Baltasarisfvei

201 5436 795 5545 bitteravilmerodachiac
818 5436 1058 5509 Baltasaris
1091 5436 1317 5498 fratrum;
1355 5439 1433 5488 vel
1468 5448 1599 5501 pater
1624 5436 1747 5489 unici

230 5498 273 5545 in
296 5501 567 5545 binominis.
595 5506 646 5545 et
666 5510 746 5545 aui
770 5498 905 5545 modo
928 5496 1332 5545 ht‘ilmerodachus
1350 5535 1362 5545 .
1388 5502 1526 5545 modo
1548 5501 1747 5545 Ballasar

222 5498 273 5547 itii
296 5501 567 5557 binominis,
595 5506 646 5547 et
666 5497 746 5558 qui
770 5498 905 5545 modo
928 5496 1332 5559 Et'ilmerodachus
1350 5535 1362 5559 ,
1388 5496 1526 5549 modo
1548 5501 1748 5550 Baltasar

200 5562 254 5607 sit
276 5568 589 5622 nuncupatus.
627 5566 782 5615 Quare
820 5558 1125 5622 temerarium
1165 5558 1566 5622 heterodoxorum
1602 5574 1747 5611 sacrae

200 5618 445 5687 feripturaz'
474 5618 1070 5687 interwetumcpnsilium
1104 5620 1290 5687 probari
1326 5631 1418 5668 non
1451 5629 1640 5683 potest,
1665 5626 1747 5687 qui

202 5676 454 5744 hoccapite
479 5683 529 5731 in
554 5676 711 5730 locum
734 5676 899 5740 patris,
924 5690 1061 5727 acum
1084 5676 1390 5733 substituunt.

1543 357 1608 413 IN
1647 356 2006 417 DANIELEM.

3274 401 3386 454 226

1840 480 2019 542 ιι-ίψω,
2042 476 2339 544 optimates,
2367 488 2417 533 et
2442 481 2725 549 toparchm,
2754 490 2983 538 statuere
2999 491 3200 539 statuto
3232 483 3399 553 regio,

1838 575 1890 618 et
1916 568 2225 621 conﬁrmare
2251 571 2677 625 constitutionem
2708 588 2720 624 :
2750 581 2807 626 ut
2830 575 3145 643 quicumque
3182 574 3392 643 petierit

1839 654 1906 706 ab
1932 656 2036 708 ullo
2060 656 2159 710 deo
2188 658 2266 711 vel
2307 658 2517 714 homine
2548 662 2852 729 petitionem
2882 678 3044 732 usque
3070 665 3136 717 ad
3162 664 3394 718 diestri-

1839 745 1978 812 ginta
2002 749 2038 809 ¹,
2068 747 2167 801 nisi
2192 763 2220 801 a
2248 758 2329 831 se,
2357 765 2453 804 rex
2472 791 2486 815 ,
2518 752 2753 804 mittatur
2790 753 2840 805 in
2881 752 3050 807 lacum
3082 755 3311 808 leonum.
3336 754 3389 809 8.

1840 833 1986 888 Nunc
2015 837 2185 904 igitur,
2217 854 2306 892 rex
2330 879 2345 904 ,
2375 848 2544 894 statue
2581 842 3005 896 constitutionem
3027 883 3040 906 ,
3074 853 3126 897 et
3160 858 3394 912 propono

1841 926 2169 993 scripturam,
2201 938 2259 981 ut
2283 943 2385 981 non
2418 930 2719 984 immutetur
2746 932 3014 986 decretum
3042 933 3308 986 Medorum
3339 944 3394 988 ct

1844 1014 2117 1069 Persarum
2148 1016 2242 1085 (a),
2268 1028 2323 1071 ut
2347 1033 2413 1073 ne
2437 1018 2558 1086 quid
2587 1020 2953 1086 priescribatur
2974 1022 3223 1075 adversus
3244 1021 3391 1075 illud.

1845 1104 1898 1160 9.
1927 1105 2072 1159 Tunc
2102 1122 2192 1160 rex
2221 1108 2405 1162 Darius
2435 1110 2677 1177 praecepit
2706 1111 2863 1164 scribi
2891 1111 3179 1165 decretum.
3209 1130 3229 1165 ι
3260 1113 3394 1167 Vide

1842 1196 1965 1264 quid
1993 1206 2172 1264 agant,
2200 1206 2359 1265 utque
2388 1199 2738 1253 inconsultum
2767 1201 2991 1255 edictum
3021 1211 3248 1256 statuere
3276 1211 3390 1256 stu-

1841 1285 2019 1342 deant.
2045 1287 2111 1341 Et
2130 1288 2312 1356 cupide
2341 1289 2442 1341 hoc
2472 1298 2669 1357 petunt.
2696 1290 2824 1344 Nam
2851 1292 3024 1345 dicere
3048 1309 3060 1344 :
3089 1293 3395 1362 Quicumque

1843 1377 2032 1444 petierit
2060 1376 2119 1428 ab
2151 1378 2377 1441 nomine,
2406 1378 2652 1432 habuitne
2678 1380 2924 1432 causam?
2958 1380 3057 1435 Sed
3086 1382 3395 1435 videbantur

1842 1465 2094 1519 rationem
2143 1466 2405 1534 petitionis
2445 1482 2538 1535 per
2579 1468 2884 1523 brevitatem
2926 1472 3172 1539 temporis
3207 1471 3395 1525 callide

1842 1555 2121 1609 occultare.
2151 1556 2328 1622 Qualis
2346 1566 2426 1610 est
2453 1558 2550 1611 iste
2577 1567 2855 1626 praetextus
2877 1559 2898 1610 ?
2923 1576 3085 1628 quare
3110 1561 3157 1613 id
3178 1560 3354 1616 dixisti
3370 1564 3394 1613 ’ἐ

1842 1644 2020 1699 Visum
2043 1655 2141 1711 est,
2166 1648 2364 1716 inquit;
2384 1662 2565 1703 omnes
2584 1650 2950 1704 convenientes
2974 1651 3024 1704 id
3051 1652 3392 1716 ﬁrmavimus,

1844 1744 1901 1788 ut
1940 1736 2074 1788 intra
2116 1735 2322 1805 triginta
2351 1736 2465 1791 dies
2496 1752 2526 1789 a
2558 1748 2607 1791 te
2640 1737 2752 1790 solo
2782 1748 2973 1806 petant.
2996 1738 3038 1793 Ο
3067 1739 3393 1794 barbaricam

1844 1823 2144 1892 petitionem
2170 1824 2182 1875 !
2213 1838 2245 1878 ο
2274 1826 2448 1879 multae
2477 1825 2928 1880 inconsiderantiae
2958 1828 3166 1895 plenum
3198 1828 3395 1882 beneﬁ-

1843 1915 2000 1975 cium,
2024 1930 2143 1968 cum
2165 1916 2251 1983 qui
2275 1916 2516 1969 honorari
2539 1915 2742 1969 videtur
2759 1917 2992 1972 afﬁciens
3017 1918 3205 1985 probro
3227 1920 3239 1971 !
3263 1919 3393 1973 Nam

1842 2004 1886 2058 si
1914 2019 1997 2058 res
2022 2004 2237 2058 honesta
2257 2014 2387 2069 erat,
2409 2007 2679 2073 oportebat
2704 2017 3001 2075 perpetuam
3025 2022 3139 2061 esse
3166 2025 3178 2059 :
3204 2008 3246 2060 si
3269 2023 3392 2062 vero

1844 2096 2097 2164 improba,
2123 2111 2189 2150 ne
2208 2097 2414 2165 quidem
2432 2097 2494 2150 ad
2518 2098 2724 2166 triginta
2745 2097 2856 2150 dies
2876 2097 3081 2149 durare.
3108 2097 3328 2166 Rursus,
3348 2099 3393 2151 si

1842 2183 1977 2237 bona
1998 2225 2011 2249 ,
2043 2199 2138 2238 cur
2176 2184 2559 2239 multitudinem
2600 2186 2915 2239 obtenditis?
2942 2186 3146 2239 Etenim
3187 2186 3299 2239 sine
3330 2200 3393 2240 ea

1844 2287 2076 2326 annuere
2111 2275 2339 2342 oportuit
2368 2290 2379 2325 :
2410 2274 2451 2328 si
2482 2288 2607 2327 vero
2642 2274 2774 2326 mala
2796 2313 2809 2335 ,
2852 2289 2948 2327 nec
2987 2275 3225 2327 universo
3263 2274 3393 2327 orbe

1840 2363 2052 2429 jubente
2093 2362 2557 2431 obtemperandum
2598 2374 2727 2416 erat.
2777 2363 2961 2415 Dolum
3008 2378 3109 2414 non
3157 2361 3394 2429 prmvidit

1846 2467 1932 2505 rex
1965 2468 1976 2503 :
2005 2461 2057 2505 et
2087 2452 2183 2505 hoc
2207 2467 2269 2505 ex
2298 2452 2360 2505 iis
2379 2468 2491 2520 quae
2512 2461 2686 2520 postea
2710 2453 3035 2518 contigerunt
3061 2450 3389 2502 manifestum

1844 2549 1941 2592 cst.
1974 2538 2252 2592 Constituit
2280 2540 2438 2603 enim,
2466 2550 2517 2592 et
2545 2538 2965 2591 constitutionem
2990 2538 3206 2604 publicis
3227 2538 3389 2590 literis

1844 2630 2135 2693 ﬁrmarunt,
2169 2638 2223 2681 ut
2252 2644 2417 2696 neque
2444 2629 2636 2681 volenti
2667 2629 2772 2694 regi
2801 2636 3002 2694 tempus
3031 2627 3280 2679 renuendi
3307 2641 3391 2679 es-

1845 2726 1925 2769 set
1948 2717 2210 2785 deinceps.
2234 2717 2366 2783 Quid
2394 2718 2563 2784 itaque
2583 2717 2652 2769 ait
2676 2716 2871 2780 Daniel,
2900 2731 3015 2769 cum
3041 2718 3133 2767 ista
3162 2716 3392 2785 accepit?

1843 2804 2099 2857 Turbatus
2125 2822 2227 2857 non
2256 2815 2365 2869 est;
2393 2805 2621 2871 pristina:
2645 2804 3003 2857 consuetudini
3025 2805 3151 2857 nihil
3179 2804 3390 2871 adjecit,

1844 2893 1971 2945 nihil
2018 2892 2228 2946 ademit.
2276 2893 2461 2961 Aspice
2514 2895 2704 2946 virtute
2752 2894 3021 2960 praeditum
3071 2893 3395 2960 aequabiliter

1844 2995 2050 3048 semper
2079 2980 2360 3045 viventem,
2384 2982 2556 3033 omnia
2580 2983 2717 3035 velut
2739 2991 3110 3049 praatereuntes
3135 2982 3312 3045 llores,
3336 2996 3397 3034 ac

1844 3073 1985 3125 velut
2015 3072 2064 3124 in
2094 3071 2288 3124 umbris
2320 3081 2424 3124 tum
2452 3072 2722 3123 commoda
2753 3082 2858 3123 tum
2892 3072 3053 3123 tristia
3086 3072 3391 3121 intuentem.

1842 3160 1969 3213 Nam
1998 3161 2039 3212 si
2067 3161 2132 3211 ab
2158 3160 2301 3211 initio
2334 3159 2463 3212 adeo
2504 3160 2883 3225 imperterritus
2922 3159 3197 3222 manebat,
3231 3158 3394 3210 multo

1844 3251 2008 3319 magis
2036 3264 2173 3302 nunc
2194 3291 2207 3313 ,
2240 3260 2357 3318 post
2387 3250 2728 3303 certaminum
2771 3249 3057 3317 periculum
3088 3259 3161 3302 tot
3186 3249 3395 3302 coronis

1844 3338 2132 3392 redimitus.
2156 3336 2261 3391 Cur
2286 3355 2387 3390 non
2408 3340 2624 3391 accessit
2646 3339 2665 3386 τ
2687 3354 2778 3391 cur
2800 3350 3011 3406 questus
3032 3353 3135 3391 non
3156 3348 3254 3403 est,
3277 3353 3394 3391 cum

1845 3438 2039 3483 tantam
2083 3427 2327 3496 loquendi
2373 3427 2666 3482 libertatem
2707 3429 2840 3497 apud
2879 3444 3053 3496 regem
3096 3429 3397 3481 obtineret"!

1845 3516 2062 3572 Nolebat
2096 3518 2145 3570 id
2184 3532 2338 3586 agere
2375 3517 2546 3572 verbis
2569 3556 2583 3579 ,
2614 3518 2707 3571 sed
2745 3518 2898 3570 rebus
2952 3518 3190 3585 Alioquin
3220 3527 3393 3571 autem

1844 3608 2034 3677 ubique
2061 3623 2178 3661 cum
2209 3608 2519 3672 invenimus,
2547 3622 2663 3660 cum
2691 3622 2815 3661 usus
2845 3617 3010 3669 vocat,
3046 3607 3285 3674 prosilire
3313 3618 3394 3660 at-

1844 3713 1947 3766 que
1974 3697 2240 3751 accedere.
2274 3697 2358 3751 10.
2394 3715 2411 3746 i
2447 3696 2511 3749 Et
2540 3696 2721 3749 Daniel
2746 3696 2952 3766 quando
2991 3698 3233 3765 cognovit
3267 3698 3399 3749 scri-

1845 3797 1989 3857 ptum
2019 3802 2135 3842 esse
2162 3787 2431 3841 decretum
2452 3828 2467 3852 ,
2496 3788 2759 3855 ingressus
2783 3796 2861 3841 est
2896 3788 2943 3839 in
2971 3788 3182 3840 domum
3213 3802 3357 3840 suam
3380 3828 3394 3853 ,

1846 3888 1898 3931 et
1924 3878 2167 3931 fenestra:
2192 3886 2389 3944 aperta:
2418 3878 2469 3930 in
2495 3878 2759 3930 cmnaculo
2787 3877 2897 3944 ejus
2927 3887 3105 3929 contra
3132 3877 3395 3947 Jerosoly-

1846 3982 1983 4020 mam
2014 3986 2027 4018 :
2055 3976 2107 4020 et
2148 3968 2313 4020 tribus
2348 3968 2667 4034 temporibus
2703 3968 2806 4020 diei
2842 3967 3080 4020 ﬂectebat
3110 3983 3275 4035 genua
3296 4007 3310 4030 ,
3342 3976 3397 4021 et

1846 4057 2025 4109 orabat
2052 4055 2149 4126 (b),
2175 4066 2227 4110 et
2254 4057 2596 4111 conﬁtebatur
2623 4072 2799 4111 coram
2841 4058 2950 4111 Deo
2988 4074 3114 4122 suo,
3156 4067 3213 4111 ut
3244 4070 3394 4112 antea

1844 4144 2026 4197 solitus
2044 4154 2154 4198 erat
2175 4145 2363 4199 facere.
2395 4163 2412 4195 ι
2434 4145 2606 4209 Quare
2628 4160 2720 4197 nos
2739 4146 3005 4198 admonuit
3026 4146 3391 4212 fenestrarum,

1847 4234 1983 4301 quod
2008 4244 2202 4302 apertze
2237 4244 2413 4288 essent
2444 4250 2622 4288 versus
2641 4234 3057 4304 Jerosolymam?
3080 4236 3206 4299 Quia
3228 4230 3397 4289 Judaei

1846 4324 2139 4377 vehementi
2190 4324 2333 4377 urbis
2385 4324 2520 4376 illius
2566 4324 2793 4376 visenda:
2842 4326 3147 4377 tenebantur
3189 4324 3397 4377 deside-

1852 4414 1951 4467 rio.
1981 4413 2125 4469 Sicut
2166 4414 2320 4481 igitur
2344 4416 2430 4481 qui
2462 4423 2681 4466 amatam
2713 4415 2868 4465 habet
2890 4414 3158 4467 absentem
3180 4454 3193 4475 ,
3232 4414 3389 4467 etiam

1849 4506 2033 4558 itinera
2057 4519 2122 4557 eo
2147 4504 2385 4557 ducentia
2424 4505 2590 4572 diligit
2619 4521 2631 4555 :
2662 4505 2727 4555 ita
2760 4518 2885 4555 sane
2915 4514 2967 4554 et
2992 4504 3107 4555 istc.
3138 4505 3236 4555 Alii
3268 4519 3394 4559 vero

1848 4593 2216 4647 desiderabant
2264 4592 2441 4644 urbem
2487 4600 2697 4658 propter
2750 4605 2835 4643 res
2879 4591 3177 4657 corporales
3231 4610 3244 4644 :
3289 4609 3391 4646 non

1849 4689 2021 4733 autem
2051 4681 2168 4743 hic,
2214 4688 2267 4731 at
2310 4688 2520 4748 propter
2561 4679 2777 4746 gloriam
2826 4680 2936 4731 Dei.
2967 4680 3389 4748 Quandoquidem

1851 4771 1899 4824 id
1926 4772 1994 4824 ita
2024 4785 2080 4824 se
2110 4771 2303 4823 habere
2326 4768 2445 4822 inde
2475 4767 2803 4822 manifestum
2832 4779 2909 4821 est
2935 4809 2949 4831 ,
2990 4769 3127 4836 quod
3174 4769 3400 4823 noluerit

1911 4964 1925 4993 ²
1963 4962 2016 5010 in
2052 4969 2176 5009 Orat.
2210 4962 2360 5021 prima
2383 4960 2445 5007 de
2470 4961 2744 5023 Precatione
2780 4972 3007 5023 numerus
3046 4962 3283 5010 ternarius
3316 4976 3402 5023 pro

1850 5025 2029 5070 triceno
2061 5024 2295 5078 habetur,
2338 5029 2493 5069 errato
2532 5022 2753 5068 nimirum
2784 5022 3079 5080 scriptionis,
3119 5036 3208 5070 seu
3248 5022 3403 5084 potius

1848 5096 2105 5132 memoriae.

1913 5144 1981 5203 (a)
2017 5141 2188 5192 Confer
2226 5155 2332 5189 cum
2368 5142 2575 5190 Estherae
2613 5141 2670 5193 1,
2714 5140 2796 5198 lt),
2841 5148 2891 5188 et
2932 5141 3176 5201 intelliges
3214 5146 3401 5194 narium

1848 5205 2031 5252 Medum
2055 5205 2313 5264 imperasse
2355 5203 2496 5249 Medis
2526 5215 2581 5249 ac
2614 5206 2799 5264 Persis».
2839 5214 2932 5248 non
2972 5210 3132 5264 autem
3170 5204 3402 5253 Chaldaeis

1848 5265 1985 5320 solis;
2005 5261 2297 5325 proindeque
2314 5275 2407 5309 non
2429 5274 2537 5309 esse
2554 5261 2891 5308 Nabonuidum.
2916 5261 3029 5317 Quid
3055 5266 3198 5321 enim,
3218 5278 3397 5355 quasso,

1850 5326 1904 5355 ml
1932 5324 2227 5355 nnhvlnniiim
2252 5334 2421 5355 ranam
2466 5322 2704 5355 Morinrnm
2730 5335 2782 5355 ευρ
2808 5330 3050 5355 lim-cirum
3079 5322 3215 5355 Innnc

1849 5326 1904 5373 ad
1932 5322 2229 5384 Babylonium
2252 5334 2438 5380 regem,
2456 5322 2705 5384 Medorum
2728 5335 2783 5384 ac
2808 5330 3051 5384 lter-sarum
3076 5322 3242 5384 leges?

1911 5384 1980 5443 (ὁ)
2014 5380 2126 5431 ftinc
2149 5384 2276 5429 hora:
2301 5382 2537 5443 canonich
2560 5381 2682 5441 apud
2721 5380 3040 5443 Christianos,
3068 5380 3163 5441 jam
3196 5384 3306 5431 inde
3337 5387 3398 5433 ab

1848 5441 2129 5504 ApOStolicis
2152 5443 2455 5504 temporibus.
2478 5441 2621 5503 Cujus
2638 5441 2899 5504 traditionis
2915 5443 3122 5504 rationes
3138 5445 3398 5502 produntur

1848 5518 1872 5551 a
1893 5500 2148 5553 Clemente
2181 5500 2502 5550 Alexandrino
2534 5500 2794 5549 Stromaton
2833 5500 2911 5548 lib.
2938 5503 2983 5559 7,
3014 5510 3063 5549 et
3085 5516 3111 5548 a
3134 5500 3204 5551 SS.
3233 5504 3398 5555 Basilio

1848 5578 1901 5613 ac
1924 5567 2226 5624 Hieronymo.
2252 5560 2565 5609 Tertullianus
2586 5562 2649 5609 de
2666 5562 2864 5620 Jejuniis
2880 5561 3061 5624 decimo
3078 5576 3089 5608 :
3111 5564 3239 5624 Quod
3257 5566 3398 5614 etiam

1847 5624 2019 5686 suadet
2042 5620 2445 5686 anielisquoque
2468 5628 2792 5686 argumentum
2815 5626 2884 5669 ter
2909 5620 2985 5669 die
3006 5623 3181 5686 orantis
3202 5637 3217 5682 ;
3241 5625 3398 5686 utique

1847 5698 1930 5748 per
1955 5684 2221 5747 aliquarum
2241 5680 2465 5734 librarum
2494 5680 2851 5744 ciceptionem;
2883 5693 2971 5731 non
3004 5680 3209 5735 altarum
3240 5680 3395 5737 autem
