4144 6308
742 347 853 401 227

737 452 913 508 redire
933 492 948 516 ,
975 466 1094 506 eum
1119 450 1295 506 evenit
1327 449 1466 520 quod
1504 451 1784 518 expetebat
1817 449 1914 520 (a).
1946 449 2165 518 Propter
2202 447 2303 505 hoc

736 554 941 610 etnos,
978 546 1114 598 sicut
1139 553 1314 612 patres
1344 542 1494 596 nobis
1520 541 1844 596 tradiderunt
1886 540 1989 611 (ὁ),
2031 541 2096 594 ad
2128 542 2302 594 orien-

737 645 842 689 tem
873 634 1188 704 aspicientes
1229 647 1508 702 precamur
1538 649 1550 684 :
1582 633 1846 686 civitatem
1876 647 2083 701 quoque
2113 645 2208 685 nos
2237 647 2300 687 ac

734 727 958 795 patriam
1002 726 1271 794 antiquam
1313 723 1630 794 requirimus
1673 724 1907 779 :etenim
1942 738 2124 778 revera
2153 738 2299 792 qua:-

733 821 839 874 situ
877 821 1032 890 digna
1063 835 1153 875 res
1181 829 1280 874 est.
1309 819 1427 887 Quo
1454 829 1605 889 pacto
1623 859 1638 883 ,
1671 833 1791 873 cum
1819 818 1956 871 Deus
1983 818 2175 886 ubique
2203 816 2291 881 sit,

731 926 958 980 cumque
979 914 1238 981 propheta
1281 912 1422 966 dicat
1452 929 1464 963 :
1496 911 1561 964 Et
1605 911 1689 980 qui
1727 910 1948 963 ascendit
1985 925 2132 977 super
2152 925 2300 961 occa-

731 1018 837 1055 sum
863 1043 876 1066 ,
906 1001 1152 1055 Dominus
1176 1018 1355 1055 nomen
1379 1001 1455 1053 illi
1479 999 1644 1072 (Ρεαι.
1676 999 1764 1054 67.
1791 999 1844 1068 5)
1867 1040 1882 1063 ,
1912 1007 2085 1053 tamen
2111 997 2178 1052 ad
2211 1013 2300 1051 or-

729 1100 840 1145 tum
878 1092 1168 1146 vertimur?
1195 1090 1394 1158 Nempe
1424 1091 1491 1145 ibi
1519 1090 1661 1144 velut
1707 1089 1894 1142 medici
1924 1087 2136 1141 officina
2181 1095 2295 1141 erat

728 1183 872 1234 olim.
897 1183 963 1235 At
988 1183 1124 1236 illius
1150 1197 1252 1235 non
1279 1181 1461 1249 cepisti
1488 1177 1942 1247 experimentum?
1962 1176 2064 1231 Sed
2093 1191 2293 1246 quaere.

729 1268 781 1324 In
811 1273 1115 1338 captivitate
1151 1281 1202 1325 et
1237 1285 1334 1324 nos
1371 1268 1972 1322 habitabamus:verum
2016 1275 2296 1335 antequam

729 1362 960 1416 venisset
987 1360 1246 1416 Christus.
1273 1361 1381 1414 Cur
1405 1369 1582 1413 autem
1607 1359 1774 1414 tribus
1798 1365 1995 1410 tantum
2024 1355 2129 1410 diei
2159 1366 2293 1412 tem-

729 1451 945 1520 poribus
972 1451 1216 1505 ﬂectebat
1251 1449 1456 1519 genua?
1483 1447 1618 1514 Quid
1647 1448 1830 1501 enim?
1857 1461 2032 1502 nonne
2058 1448 2158 1502 hoc
2184 1448 2288 1502 mi-

729 1540 933 1593 rabile?
955 1539 1123 1593 Homo
1141 1547 1216 1592 tot
1246 1539 1509 1607 tantisque
1532 1537 1884 1592 circumdatus
1910 1537 2069 1601 euris,
2096 1538 2293 1607 quique

725 1645 794 1684 ne
848 1631 1060 1699 paulum
1106 1630 1318 1699 quidem
1358 1629 1618 1696 respirare
1668 1628 1909 1684 habebat.
1944 1628 2074 1683 Vide
2114 1640 2292 1684 autem

723 1729 778 1774 et
824 1721 1028 1788 impleri
1077 1720 1204 1774 illud
1259 1720 1481 1788 apostoli
1524 1718 1633 1773 :In
1662 1722 1797 1772 omni
1829 1718 1958 1784 loco,
2004 1719 2187 1788 inquit,
2220 1720 2292 1772 le-

723 1820 891 1863 vantes
921 1827 1074 1879 puras
1114 1826 1292 1863 manus
1321 1809 1409 1880 (l.
1457 1807 1590 1861 Tim.
1629 1808 1683 1862 2.
1732 1806 1808 1879 8).
1842 1807 1909 1862 Et
1948 1808 2086 1877 quod
2135 1807 2289 1862 Chri-

721 1908 835 1953 stus
870 1900 1064 1970 jussit,
1098 1900 1198 1954 hoe
1243 1899 1592 1969 complebant.
1645 1898 1712 1951 Et
1764 1898 2038 1960 claudens,
2081 1898 2283 1967 inquit,

718 1991 901 2044 ostium
943 2000 1120 2056 tuum,
1147 2005 1239 2043 ora
1283 1988 1490 2042 Patrem
1540 1999 1678 2042 tuum
1716 1987 1924 2057 (Matth.
1957 1987 2007 2042 6.
2039 1986 2135 2059 6).
2198 1988 2284 2043 15.

728 2098 747 2129 ο
783 2079 932 2133 Tunc
982 2080 1403 2147 responderunt,
1447 2087 1499 2132 et
1541 2079 1720 2132 dicunt
1760 2092 1938 2132 coram
1991 2093 2155 2147 rege:
2186 2079 2287 2132 Da-

719 2168 842 2230 niel,
874 2169 962 2236 qui
1000 2168 1065 2221 de
1095 2167 1216 2222 ﬁliis
1241 2168 1559 2236 captivitatis
1584 2166 1801 2232 Judzeze,
1833 2181 1937 2220 non
1962 2167 2192 2221 subdidit
2225 2184 2284 2222 se

719 2259 936 2314 decreto
965 2270 1053 2312 tuo
1082 2269 1134 2314 et
1162 2259 1520 2313 constitutioni
1549 2273 1707 2327 quam
1733 2257 1962 2312 statuisti
1993 2276 2006 2311 :
2036 2267 2090 2312 et
2119 2259 2282 2313 tribus

716 2350 821 2405 diei
853 2350 1178 2420 temporibus
1208 2350 1335 2418 petit
1361 2364 1389 2401 a
1418 2349 1526 2404 Deo
1555 2362 1651 2402 Suo
1690 2348 1988 2417 petitiones.
2016 2349 2102 2403 14.
2132 2349 2282 2404 Tune

717 2459 814 2498 rex
837 2486 851 2508 ,
883 2453 941 2497 ut
979 2442 1194 2497 verbum
1221 2441 1437 2505 audivit,
1469 2441 1692 2494 multum
1716 2439 2053 2494 eontristatus
2080 2449 2161 2494 est
2188 2455 2280 2494 su-

715 2547 807 2603 per
832 2547 934 2586 eo:
967 2543 1019 2586 et
1047 2548 1139 2600 pro
1175 2530 1389 2585 Daniele
1427 2530 1729 2596 contendit,
1753 2537 1810 2583 ut
1830 2528 2074 2583 liberaret
2099 2544 2220 2584 eum
2257 2550 2270 2585 :

712 2631 766 2676 et
793 2637 960 2691 usque
989 2621 1055 2675 ad
1081 2636 1325 2676 occasum
1349 2621 1473 2674 solis
1499 2620 1787 2684 dimicavit,
1816 2628 2098 2675 nterueret
2123 2637 2267 2689 eum,

708 2720 763 2764 et
790 2712 1059 2780 satagebat
1093 2728 1186 2780 pro
1212 2712 1319 2764 illo.
1349 2711 1434 2766 15.
1465 2710 1613 2764 Tunc
1632 2711 1728 2764 viri
1761 2709 1836 2763 illi
1861 2710 2274 2767 observaverunt

710 2799 760 2852 in
781 2815 978 2869 regem,
996 2810 1050 2854 et
1073 2801 1252 2854 dicunt
1272 2801 1379 2869 regi
1402 2819 1412 2853 :
1435 2799 1598 2866 Scito,
1617 2815 1729 2863 rex,
1755 2799 1875 2869 quia
1898 2799 2160 2855 decretum
2192 2812 2274 2859 est

711 2888 876 2942 Medis
901 2899 953 2942 et
983 2889 1179 2954 Persis,
1211 2904 1421 2942 omnem
1449 2890 1877 2942 constitutionem
1911 2900 1963 2943 et
1990 2899 2268 2959 statutum,

706 2978 845 3048 quod
869 2994 963 3032 rex
991 2979 1250 3041 statuerit,
1304 2977 1557 3046 abrogare
1582 2992 1685 3030 non
1706 2989 1964 3045 oportere.
1997 2978 2081 3033 16.
2121 2978 2270 3036 Tunc

705 3085 799 3124 rex
824 3069 980 3138 jussu
1011 3086 1024 3121 :
1049 3078 1100 3121 et
1126 3068 1454 3121 abduxerunt
1478 3068 1766 3131 Danielem,
1795 3076 1848 3121 et
1873 3067 2267 3124 miserunteum

704 3158 759 3213 in
784 3160 954 3212 lacum
979 3158 1210 3211 leonum.
1250 3175 1268 3208 ι
1292 3156 1496 3210 Forsan
1527 3156 1762 3209 nonnulli
1791 3165 2021 3210 vestrum
2051 3157 2264 3213 dicunt:

703 3247 887 3302 Nonne
923 3247 1089 3316 potuit
1113 3262 1202 3300 rex
1236 3245 1461 3298 liberare
1490 3245 1644 3298 eum?
1687 3245 1912 3299 Maxime
1939 3246 2147 3314 quidem
2175 3261 2268 3316 po-

702 3337 800 3390 tuit
821 3335 958 3389 Deus
988 3350 1164 3403 regem
1190 3333 1360 3388 facere
1384 3334 1753 3401 potentiorem,
1785 3333 1876 3388 sed
1900 3334 1966 3387 ad
1990 3345 2258 3392 certamen

703 3425 960 3480 athletam
997 3426 1163 3479 ducit.
1208 3423 1435 3477 Noverat
1467 3422 1623 3477 ﬁnem
1658 3464 1672 3488 ,
1703 3438 1808 3477 non
1857 3424 2132 3492 ignorabat
2166 3441 2261 3480 ex-

709 3517 862 3570 itum.
891 3517 959 3569 At
985 3531 1074 3570 rex
1106 3515 1150 3570 si
1184 3515 1340 3569 finem
1369 3513 1508 3568 hunc
1533 3514 1772 3569 scivisset
1795 3523 2126 3580 eventurum,
2156 3532 2261 3571 non

704 3607 996 3661 laborasset
1035 3608 1250 3676 utique:
1278 3605 1369 3661 sed
1401 3622 1503 3660 non
1526 3606 1712 3676 potuit.
1744 3605 2043 3661 Laudabilis
2075 3616 2154 3662 est
2184 3608 2254 3662 ob

698 3695 950 3760 studium,
971 3696 1120 3749 venia
1153 3695 1340 3764 dignus
1365 3697 1434 3749 ob
1464 3696 1833 3764 ignorantiam.
1862 3695 2010 3749 Adeo
2036 3707 2258 3765 exopta-

698 3794 782 3841 tus
808 3801 869 3840 ae
896 3784 1138 3839 amabilis
1173 3796 1287 3839 erat
1318 3785 1496 3838 Daniel
1534 3803 1546 3838 :
1592 3785 1683 3839 sed
1715 3785 1906 3838 invidia
1934 3801 1999 3839 ne
2043 3788 2258 3856 pulchra

697 3877 908 3946 quidem
933 3876 1120 3930 intueri
1151 3876 1277 3930 sinit
1308 3893 1321 3928 :
1350 3877 1457 3930 imo
1483 3876 1674 3929 intueri
1713 3875 1925 3945 quidem
1978 3878 2253 3944 permittit,

701 3977 754 4019 at
799 3981 903 4020 non
942 3966 1128 4020 iisdem
1169 3966 1357 4019 oculis.
1404 3965 1513 4019 Non
1542 3974 1786 4034 oportet,
1819 3965 2095 4034 inquiunt,
2126 3967 2259 4021 adeo

706 4054 1005 4122 languidam
1030 4068 1146 4108 esse
1173 4069 1351 4108 rerum
1373 4055 1898 4121 administrationem,
1928 4071 2095 4124 neque
2118 4057 2258 4125 leges

699 4152 909 4196 nostras
937 4141 1207 4195 instabiles
1235 4157 1374 4195 esse.
1404 4143 1534 4196 Tota
1559 4157 1687 4211 gens
1724 4145 2045 4197 coatnmelia
2083 4144 2253 4198 affici-

701 4240 804 4285 tur.
843 4232 1136 4286 lmmittunt
1161 4233 1432 4286 Danielem
1462 4234 1512 4286 in
1545 4234 1738 4286 fossam
1772 4253 1784 4286 :
1826 4235 2096 4303 impontmt
2123 4235 2256 4304 lapi-

694 4353 835 4403 quam
865 4338 1173 4404 iusigniormn
1192 4379 1204 4400 ,
1233 4340 1408 4390 exinde
1439 4341 1798 4404 apostolicarum
1815 4378 1845 4404 ,ί
1863 4344 2016 4391 tertia
2033 4378 2047 4400 ,
2071 4351 2220 4393 sem
2237 4380 2251 4402 ,

693 4402 845 4464 nonag.
871 4402 1139 4464 Magistrum
1161 4405 1377 4464 sequitur
1399 4403 1657 4464 discipulus
1681 4402 1800 4450 libro
1819 4403 1881 4450 de
1903 4404 2138 4460 oratione,
2165 4406 2255 4454 nisi

694 4463 822 4525 quod
845 4466 1090 4525 memoriae
1114 4463 1265 4525 lapsui
1288 4471 1388 4511 tres
1426 4463 1601 4524 pueros
1638 4476 1744 4511 cum
1776 4464 1968 4511 tianiele
1998 4467 2250 4514 consociat.

694 4522 874 4584 Nollem
909 4522 1213 4574 Constantino
1250 4522 1527 4584 Impera—tori
1549 4562 1561 4580 ,
1596 4525 1734 4572 istam
1770 4525 2008 4572 historiam
2038 4527 2252 4576 oratione

692 4583 750 4630 ad
775 4591 1043 4636 sanctorum
1081 4591 1254 4632 coetum
1305 4583 1572 4642 referenti,
1618 4593 1711 4633 tam
1751 4584 1895 4632 multa
1940 4586 2248 4636 excidissent.

692 4643 908 4692 Videnda
932 4652 1007 4693 est
1028 4644 1261 4694 Catholica
1285 4646 1604 4705 apostolorum
1627 4647 1839 4693 doctrina
1862 4649 1907 4694 in
1931 4643 2014 4693 lib.
2039 4647 2085 4702 7,
2103 4659 2146 4694 c.
2171 4647 2248 4697 25.

755 4705 826 4764 (a)
859 4705 976 4755 Cum
1013 4705 1184 4753 Judaeis
1206 4705 1262 4752 ad
1290 4708 1482 4765 patriam
1514 4707 1746 4755 redeundi
1780 4711 1988 4765 potestas
2009 4705 2132 4755 facta
2157 4716 2249 4758 est.

693 4763 784 4826 Cur
808 4763 970 4813 autem
989 4767 1110 4826 apud
1135 4763 1332 4826 extorris
1353 4770 1584 4814 manserit
1617 4763 1813 4823 Daniel,
1835 4769 2070 4816 rationem
2094 4769 2252 4819 reddit

690 4824 1029 4894 :t'heodoret'us‘
1045 4826 1129 4874 lib.
1156 4826 1216 4875 10
1237 4825 1571 4875 Commentarii
1598 4828 1646 4874 in
1665 4828 1791 4875 hunc
1811 4828 2109 4889 prophetam,
2127 4831 2250 4878 circa

691 4886 894 4934 initium.

753 4944 822 5006 (b)
847 4952 1192 5009 _l_tanc__quoque
1224 4948 1349 4995 inter
1381 4959 1473 4994 non
1505 4949 1704 5007 scriptas
1726 4947 2004 4998 traditiones
2026 4954 2252 4999 recenset

689 5011 733 5053 s.
758 5004 952 5072 basilius
975 5004 1057 5052 lib.
1082 5004 1144 5072 d'e
1167 5009 1340 5072 Spiritu
1356 5014 1540 5072 sancto,
1563 5004 1666 5068 cap.
1691 5011 1749 5056 27
1770 5022 1783 5066 ;
1807 5022 1948 5069 quam
1973 5015 2025 5058 et
2046 5012 2106 5057 ab
2139 5023 2250 5072 apo-

687 5065 824 5130 stolis
844 5065 1256 5130 manasseasserit
1285 5070 1364 5130 qui
1391 5071 1517 5130 inter
1551 5065 1697 5128 Opera
1736 5065 1781 5116 Β.
1822 5065 1989 5118 iustini
2028 5065 2247 5130 marty'ris

690 5124 866 5191 legitur
905 5125 1029 5174 liber
1068 5127 1123 5174 ad
1156 5124 1454 5191 orthodoxos
1483 5129 1555 5191 ide
1583 5124 1870 5190 quibusdam
1906 5124 2250 5191 questionibus

692 5187 1091 5252 scriptusunesp.
1116 5189 1172 5252 ad
1197 5199 1368 5252 quaest.
1409 5190 1530 5246 118,
1563 5187 1656 5237 nec
1687 5205 1781 5238 non
1810 5198 1852 5238 s.
1884 5187 2142 5252 germanus
2166 5205 2249 5252 pa-

691 5246 894 5296 triarcha
935 5246 1477 5308 Constantinopolitanus
1515 5252 1563 5299 in
1609 5257 1777 5299 lterum
1823 5246 2248 5300 ecclesiasticarum

690 5309 1107 5372 contemplatione.
1141 5309 1479 5372 ⁸ιδᾳεξιηὶτιιειοιηη
1534 5314 1677 5358 etiam
1728 5313 2042 5372 antiquissimi
2087 5318 2251 5361 Patres

688 5367 917 5433 Clemens
938 5368 1472 5433 Alexandrinusstrom.
1494 5372 1540 5427 7,
1561 5367 1877 5419 'rertullianu's
1892 5371 2146 5433 Apologet.
2171 5374 2244 5430 l6,

692 5437 744 5493 et
765 5432 1000 5493 Origenes
1023 5430 1216 5493 Humilia
1241 5431 1269 5477 ὅ
1292 5431 1606 5493 inbumeros.
1636 5439 1683 5493 et
1709 5434 1835 5480 inter
1856 5430 2074 5491 Origenis
2095 5442 2247 5493 Opera

687 5489 866 5539 Auctor
889 5492 1130 5538 Librorum
1170 5491 1218 5537 in
1241 5491 1326 5537 Job
1352 5490 1430 5537 lib.
1455 5490 1498 5538 1.
1516 5492 1601 5538 Adi
1627 5489 2248 5543 ClenientemConstitutio-

687 5561 800 5614 num
826 5551 909 5598 lib.
933 5551 1104 5614 2,7cap.
1125 5552 1222 5614 _57,
1258 5557 1308 5598 et
1333 5550 1414 5598 lib.
1440 5553 1466 5597 7
1486 5587 1497 5608 ,
1524 5564 1627 5611 cap.
1653 5553 1713 5599 46
1733 5587 1745 5609 ,
1773 5554 2038 5614 Dionysium
2065 5553 2241 5602 Eccles.

687 5611 815 5658 Hier.
849 5624 954 5674 cap.
979 5613 1001 5659 1
1033 5611 1083 5660 et
1115 5611 1144 5659 2
1162 5651 1174 5669 ,
1198 5611 1453 5659 Auctorem
1487 5615 1802 5674 Qua'stionum
1836 5611 1903 5660 ad'
1930 5615 2212 5662 Antiochum
2231 5649 2246 5674 ,

688 5626 815 5658 mer.
849 5626 902 5659 ca
939 5647 954 5662 .
979 5626 1001 5659 1
1033 5626 1083 5660 et.
1115 5626 1174 5669 z,
1198 5626 1453 5659 auctorem
1487 5626 1802 5668 qumsuonum
1836 5626 1892 5660 aa
1930 5626 2246 5674 Alitioctium,

687 5679 858 5739 quiest.
882 5626 972 5728 5E],
997 5678 1047 5720 et
1069 5679 1345 5739 Symeonem
1367 5671 1838 5739 't'hessalouicensem
1863 5674 1925 5723 de
1948 5682 2246 5726 sacramento

689 5731 873 5783 Ordinis
895 5746 963 5793 ca]
980 5748 1027 5793 ρ.
1057 5731 1226 5791 turtio,
1251 5740 1406 5792 sexto,
1436 5733 1699 5781 Undecimo.

1470 338 1525 395 S.
1567 337 1841 395 JOANNIS
1878 336 2343 392 CllﬂYSOSTOlll
2372 338 2685 396 ARCHIEP.
2715 334 3239 403 CONSTA'NTINOP.

2419 387 2647 396 __..---_-
2672 387 2685 396 .
2722 387 2917 400 vv“...
2934 387 3019 401 nu
3037 387 3056 402 ι
3073 387 3202 403 ιυνι
3227 388 3239 402 ο

2414 456 2534 506 dem
2594 474 2612 506 ι
2643 455 2707 508 ΕΙ.
2732 455 2862 511 dixit
2888 475 2978 514 rex
3008 461 3204 517 Danicli
3231 483 3244 518 :
3273 465 3431 533 Deus,
3463 470 3544 522 cui
3571 479 3623 523 tu
3648 473 3820 528 servis
3845 490 3975 530 eon-

2411 543 2574 609 tinue,
2607 545 2716 613 ipse
2760 547 3003 605 liberabit
3042 561 3112 607 te.
3156 555 3243 607 l7.
3301 555 3368 609 Et
3414 559 3702 615 attulerunt
3743 563 3972 633 lapidem

2409 650 2567 688 unum
2593 677 2608 702 ,
2641 647 2693 690 et
2722 638 3084 708 imposuerunt
3129 659 3289 712 super
3314 662 3377 701 os
3414 649 3510 703 laci
3541 669 3554 705 :
3585 661 3638 705 et
3665 653 3966 725 obsignavit

2406 739 2497 778 rex
2533 728 2728 782 annulo
2762 743 2892 796 suo,
2935 741 2988 786 et
3017 735 3213 790 annulo
3257 739 3571 804 optimatum
3624 756 3844 798 suorum
3873 764 3886 801 :
3919 759 3969 801 ut

2406 815 2536 867 nihil
2560 820 2921 874 mutareturin
2947 821 3178 878 Daniele.
3212 826 3300 882 18.
3325 827 3393 882 Et
3417 831 3656 887 abiitrex
3674 834 3724 888 in
3753 835 3969 891 domum

2403 919 2573 971 suam,
2598 918 2650 962 et
2679 912 2861 966 cubuit
2884 913 3198 982 inetenatus,
3225 928 3278 973 et
3297 919 3446 976 cibos
3476 938 3583 978 non
3609 939 3971 995 apposuerunt

2404 997 2472 1061 ei,
2504 1007 2560 1052 et
2583 1014 2801 1055 somnus
2846 1005 3068 1060 recessit
3095 1006 3161 1061 ab
3187 1023 3271 1062 eo.
3306 1027 3325 1062 ι
3357 1011 3660 1070 Recordare
3687 1017 3822 1071 mihi
3855 1035 3966 1073 mo-

2403 1101 2712 1144 numentum
2741 1091 2978 1162 Christi,
3008 1096 3097 1151 ubi
3145 1097 3316 1153 Judaei
3361 1101 3526 1172 sigilla
3579 1105 3946 1174 imposuerunt

2399 1181 2644 1251 Alioquin
2673 1185 2814 1239 enim
2842 1185 3100 1244 dixissent
3126 1205 3240 1245 rem
3273 1206 3367 1260 per
3390 1193 3624 1249 fraudem
3652 1212 3716 1250 ac
3753 1201 3960 1267 praesti-

2396 1272 2507 1341 gias
2536 1288 2653 1329 esse
2675 1275 2882 1331 factam.
2911 1277 3016 1333 Sed
3043 1280 3238 1350 ubique
3263 1298 3380 1351 qua:
3405 1283 3472 1338 ab
3502 1285 3730 1342 inimicis
3768 1290 3966 1343 nostris

2399 1371 2688 1430 patrantur,
2721 1382 2816 1437 pro
2842 1370 2993 1424 nobis
3021 1381 3162 1426 sunt.
3194 1372 3324 1428 Nam
3353 1384 3409 1429 ut
3431 1374 3759 1434 delatoribus
3785 1383 3963 1437 omnis

2395 1452 2661 1508 auferatur
2688 1467 2988 1526 prmtextus,
3014 1461 3064 1516 id
3090 1463 3264 1518 evenit
3291 1480 3305 1519 :
3335 1473 3389 1520 et
3417 1482 3509 1521 rex
3534 1470 3679 1537 ponit
3699 1471 3850 1541 signa
3872 1514 3886 1535 ,
3909 1482 3965 1527 ut

2395 1542 2499 1599 illis
2525 1544 2747 1602 facultas
2773 1565 2874 1604 non
2905 1560 3047 1606 esset
3086 1553 3370 1624 quidquam
3413 1556 3672 1626 faciendi,
3703 1562 3786 1616 vel
3813 1563 3962 1617 illum

2392 1638 2737 1704 extrahendi,
2768 1649 2823 1697 et
2849 1644 3030 1699 leones
3057 1648 3307 1701 eausandi
3348 1666 3361 1703 :
3391 1648 3463 1702 illi
3504 1665 3632 1706 vero
3671 1654 3831 1707 etiam
3865 1656 3962 1709 im-

2391 1739 2592 1796 ponunt
2616 1731 2783 1799 signa,
2813 1745 2864 1786 ut
2893 1749 2996 1788 non
3028 1735 3209 1791 liceret
3237 1737 3345 1808 regi
3369 1737 3592 1796 liberare
3621 1756 3764 1810 eum,
3791 1755 3956 1815 atque

2390 1819 2466 1873 sic
2508 1820 2563 1874 in
2606 1830 2717 1876 tuto
2743 1823 3010 1880 decretum
3035 1838 3202 1883 esset.
3230 1829 3298 1884 Et
3333 1844 3436 1885 non
3462 1834 3719 1900 manavit,
3751 1836 3954 1906 inquit,

2389 1924 2512 1973 rex,
2545 1926 2715 1982 neque
2753 1912 2990 1970 dormiit.
3044 1916 3174 1973 Vide
3201 1931 3393 1988 quanta
3439 1922 3518 1976 vis
3543 1923 3616 1977 sit
3643 1926 3858 1980 amoris.
3891 1928 3956 1984 Et

2387 1999 2551 2069 quid?
2579 2001 2813 2058 Primum
2852 2005 3062 2074 quidem
3109 2007 3243 2064 bene
3284 2025 3501 2079 sperare
3523 2012 3674 2082 jubet
3701 2016 3888 2073 dicens
3938 2038 3951 2073 :

2387 2088 2521 2144 Deus
2544 2132 2558 2155 ,
2597 2092 2678 2145 cui
2708 2102 2760 2146 tu
2799 2096 2952 2149 servis
2986 2098 3233 2152 continue.
3272 2098 3463 2155 lterum
3494 2116 3702 2158 causam
3755 2106 3953 2174 justam

2386 2182 2548 2248 ponit.
2577 2196 2694 2250 quae
2720 2185 2886 2251 possit
2913 2185 3049 2240 illius
3071 2188 3304 2242 animum
3320 2191 3546 2259 erigere.
3574 2193 3774 2248 Forsan
3805 2198 3949 2252 enim

2385 2271 2650 2325 Danielem
2693 2274 2950 2330 audierat.
2989 2276 3190 2332 Deinde
3233 2281 3437 2336 accedit
3476 2284 3728 2354 hymnum
3771 2289 3947 2357 profe-

2384 2373 2524 2415 rens.
2549 2360 2640 2417 25.
2671 2381 2688 2414 t
2710 2363 2856 2419 Tunc
2882 2381 2972 2420 rex
3002 2369 3220 2423 multum
3246 2371 3455 2439 gavisus
3475 2383 3558 2427 est
3584 2390 3742 2444 super
3762 2392 3828 2432 eo
3851 2396 3864 2431 :
3897 2390 3951 2434 et

2382 2455 2630 2521 praecepit
2671 2463 2729 2507 ut
2753 2454 3018 2510 Danielem
3063 2458 3350 2514 educerent
3378 2461 3444 2516 de
3472 2463 3608 2517 lacu.
3637 2464 3703 2518 Et
3727 2467 3947 2522 eductus

2379 2549 2461 2594 est
2489 2543 2667 2598 Daniel
2695 2543 2761 2598 de
2805 2544 2943 2612 lacu,
2973 2555 3026 2601 et
3051 2548 3192 2601 nulla
3219 2550 3366 2605 laesio
3395 2552 3603 2607 inventa
3641 2566 3721 2609 est
3750 2557 3801 2611 in
3831 2559 3943 2625 illo,

2378 2632 2498 2700 quia
2538 2633 2763 2687 credidit
2795 2635 2902 2689 Deo
2931 2651 3045 2690 suo.
3073 2637 3164 2692 24.
3196 2638 3261 2692 Ει
3289 2639 3419 2694 dixit
3460 2657 3551 2697 rex
3579 2685 3592 2706 ,
3622 2654 3676 2699 et
3703 2646 3942 2703 adduxe~

2376 2731 2500 2775 runt
2527 2722 2667 2777 viros
2693 2724 2780 2793 qui
2807 2736 3184 2782 accusaverant
3223 2729 3490 2786 Danielem
3525 2750 3538 2785 :
3572 2744 3626 2789 et
3665 2738 3717 2790 in
3765 2738 3940 2795 laeum

2375 2811 2581 2866 leonum
2607 2815 2782 2882 injecti
2809 2826 2933 2870 sunt
2960 2818 3080 2886 ipsi,
3111 2829 3162 2872 et
3186 2819 3277 2872 filii
3306 2835 3512 2887 eorum,
3544 2834 3597 2877 et
3628 2840 3820 2882 uxores
3846 2844 3940 2884 eo-

2373 2919 2488 2957 rum
2517 2921 2531 2956 :
2562 2915 2612 2959 et
2644 2921 2746 2959 non
2774 2919 3125 2975 pervenerant
3156 2911 3223 2964 ad
3263 2913 3616 2980 pavimentum
3649 2918 3783 2983 laci,
3810 2935 3934 2976 eum

2370 2990 2621 3047 dominati
2659 3004 2780 3048 sunt
2812 3011 2993 3050 eorum
3037 2998 3216 3053 leones
3238 3041 3252 3063 ,
3299 3011 3354 3054 et
3389 3004 3563 3056 omnia
3601 3019 3722 3060 ossa
3750 3023 3937 3065 eorum

2369 3084 2808 3140 comminuerunt.
2840 3104 2860 3138 ι
2887 3087 2996 3154 Qua
3043 3089 3112 3144 de
3153 3105 3310 3145 causa
3359 3093 3450 3146 lilii
3479 3104 3533 3148 et
3576 3111 3768 3153 uxores
3813 3116 3936 3169 per-

2369 3181 2494 3226 eunt
2519 3172 2637 3244 (a)?
2673 3175 2797 3245 quid
2835 3190 3190 3246 peccaverunt
3219 3181 3341 3235 isti?
3363 3181 3606 3240 Fortasse
3627 3188 3697 3242 illi
3721 3205 3934 3262 quoque

2367 3262 2600 3316 criminis
2625 3265 2908 3335 participes
2940 3278 3109 3323 erant.
3151 3269 3307 3325 Vides
3335 3272 3691 3342 improborum
3729 3282 3934 3349 suppli-

2366 3353 2543 3407 cium?
2572 3355 2719 3409 vides
2739 3357 2999 3428 justorum
3027 3363 3275 3430 praemia?
3299 3363 3538 3436 Undique
3566 3368 3795 3434 erudire,
3831 3388 3932 3428 un-

2364 3441 2522 3513 dique
2558 3445 2841 3501 ardilieare.
2875 3447 3030 3504 Vides
3070 3451 3210 3527 quod
3251 3457 3488 3523 quamvis
3517 3457 3655 3514 Deus
3697 3460 3931 3531 deserat,

2363 3534 2428 3589 ad
2453 3537 2727 3591 utilitatem
2767 3548 3000 3592 nostram
3031 3540 3082 3595 id
3111 3541 3254 3596 facit.
3286 3542 3567 3612 Superavit
3595 3548 3768 3618 ignem
3799 3569 3814 3616 ;
3842 3567 3932 3607 su-

2363 3627 2564 3695 peravit
2597 3626 2751 3682 feras.
2795 3627 2869 3682 Ne
2905 3629 3154 3700 deinceps
3179 3631 3435 3701 inquiras,
3469 3635 3534 3690 ad
3563 3637 3685 3706 quid
3715 3639 3923 3710 leones,

2364 3725 2419 3770 et
2444 3716 2614 3785 pardi,
2643 3728 2696 3772 et
2713 3718 2929 3788 reliquae
2957 3718 3080 3775 ferte
3096 3719 3120 3774 ?
3134 3719 3272 3776 Sunt
3289 3723 3430 3778 enim
3448 3724 3608 3780 veluti
3635 3729 3920 3787 carnifices

2361 3808 2570 3877 quidam
2601 3809 2665 3863 ad
2700 3808 2867 3864 latera
2905 3810 3136 3866 Danielis
3183 3822 3404 3880 stantes,
3455 3823 3719 3887 tamquam
3763 3819 3817 3874 in
3849 3821 3929 3875 di-

2363 3905 2482 3951 vino
2525 3899 2749 3967 quodam
2800 3914 2863 3953 ac
2909 3899 3173 3955 horrendo
3209 3903 3452 3959 tribunali
3479 3906 3529 3960 id
3570 3918 3828 3977 agentes:
3860 3912 3927 3966 ad

2364 3989 2500 4041 hunc
2527 3989 2738 4042 modum
2764 4005 2867 4042 non
2893 3991 3005 4043 ausi
3025 4002 3141 4044 sunt
3165 3992 3442 4060 perfodere
3463 3995 3622 4050 latera
3649 3999 3776 4066 justi
3800 4002 3923 4055 viri.

2359 4077 2471 4130 Non
2513 4079 2651 4132 enim
2695 4086 3007 4146 acceperant
3038 4081 3229 4148 judieis
3256 4083 3577 4140 mandatum.
3636 4088 3925 4160 Postquam

2362 4181 2486 4221 vero
2510 4168 2594 4220 alii
2623 4169 2672 4221 in
2705 4168 2872 4222 lacum
2905 4169 3050 4224 missi
3074 4180 3215 4235 sunt,
3245 4172 3353 4227 Deo
3373 4174 3610 4242 jnhente,
3639 4193 3732 4233 eos
3751 4181 3923 4236 inter—

2361 4256 2617 4322 fecerunt,
2649 4256 2714 4310 Et
2745 4274 2856 4311 ossa
2894 4275 3088 4325 eorum,
3114 4261 3284 4331 inquit
3305 4303 3321 4328 ,
3348 4267 3760 4322 comminuerunt.
3796 4270 3926 4337 Quis

2358 4348 2592 4401 frenabat
2622 4349 2852 4417 ipsorum
2882 4350 3012 4402 ora?
3060 4352 3177 4420 quis
3217 4357 3464 4422 praecepit
3508 4359 3748 4425 apposito
3788 4360 3913 4413 cibo

2356 4441 2656 4494 abstinere?
2712 4441 2830 4508 quis
2885 4441 3230 4510 philosophus
3278 4445 3411 4500 adeo
3471 4457 3806 4516 temperans,
3864 4462 3923 4506 nt

2355 4545 2572 4598 pressus
2599 4530 2754 4595 fame,
2789 4529 3049 4585 solutione
3089 4542 3260 4587 autem
3291 4534 3441 4588 famis
3472 4549 3752 4605 prazscnte,
3783 4540 3922 4594 nolit

2355 4635 2414 4676 se
2451 4622 2516 4675 ab
2542 4636 2606 4674 eo
2636 4622 2773 4675 malo
2803 4621 3063 4676 liberare?
3089 4623 3291 4677 Rursus
3329 4625 3518 4688 edicta,
3562 4643 3744 4682 rursus
3779 4629 3921 4683 divi-

2356 4727 2479 4765 num
2522 4713 2840 4781 praeconium
2865 4752 2882 4777 ,
2928 4728 3108 4768 rursus
3147 4715 3497 4770 testimonium
3526 4733 3620 4800 per
3644 4734 3730 4775 res
3757 4720 3920 4789 ipsas.

2949 4865 3169 4921 CAPUT
3212 4865 3320 4922 VII.

2427 5000 2515 5052 1.(
2545 4997 2599 5050 1η
2647 4996 2814 5064 primo
2861 5011 3000 5050 anno
3049 4997 3330 5053 Baltasaris
3373 5007 3514 5071 regis
3541 5003 3914 5062 Chaldaeorum

2356 5087 2536 5142 Daniel
2568 5087 2828 5140 somnium
2858 5086 2986 5139 vidit
3015 5104 3028 5138 :
3055 5096 3108 5141 et
3137 5088 3366 5143 visiones
3387 5090 3573 5159 capitis
3603 5094 3715 5161 ejus
3742 5093 3795 5147 in
3822 5111 3901 5149 cu.

2353 5179 2442 5232 bili
2473 5179 2588 5246 ejus
2613 5195 2624 5231 :
2655 5188 2706 5231 et
2730 5179 2990 5231 somnium
3016 5177 3246 5246 scripsit.
3270 5179 3581 5250 Principium
3609 5199 3920 5241 sermonum

2353 5271 2484 5336 ejus.
2527 5268 2590 5322 Et
2627 5267 2954 5336 rcSpondens
2981 5267 3112 5322 dixit
3137 5287 3148 5320 :
3170 5269 3226 5322 2.
3257 5269 3366 5339 Ego
3394 5271 3571 5325 Daniel
3595 5275 3922 5342 aspiciebam

2354 5363 2404 5414 in
2436 5377 2549 5415 mea
2578 5362 2807 5425 visione,
2835 5369 2990 5415 nocte
3019 5378 3033 5414 :
3060 5371 3114 5416 et
3135 5376 3257 5416 ecce
3286 5372 3508 5430 quatuor
3528 5367 3673 5420 venti
3699 5367 3815 5422 caeli
3843 5369 3924 5424 ir-

2415 5493 2484 5552 (a)
2519 5491 2643 5554 Vera
2678 5503 2818 5537 causa
2855 5490 3093 5540 barbarus
3125 5495 3426 5554 tyrannorum
3458 5496 3667 5544 omnium
3703 5509 3840 5554 mos,
3870 5504 3926 5549 et

2358 5552 2867 5621 etiamplerarumque
2892 5554 3108 5621 gentium
3149 5552 3301 5621 leges.
3343 5557 3566 5621 exempla
3604 5560 3778 5621 passim
3803 5552 3924 5621 sup-

2355 5613 2868 5675 peditubunthistoria:
2887 5626 2908 5675 ;7
2928 5613 3035 5660 libri
3061 5613 3253 5674 Regum.
3278 5613 3754 5675 Judithm,'7Estl‘ierae,
3779 5613 3925 5668 lere-

2354 5672 2477 5729 tnize,
2503 5672 2786 5734 Herodotus,
2813 5682 2863 5731 Q.
2888 5674 3094 5734 Curtius,
3118 5672 3344 5736 Iustinus,
3368 5674 3646 5728 Ammianus
3686 5672 3929 5730 Marcelli-

2359 5748 2467 5793 nus,
2492 5739 2584 5782 etc.
