4144 6308
153 405 253 460 229

158 516 363 568 ruebant
390 513 443 566 in
470 526 613 565 mare
642 524 905 579 magnum.
932 510 983 563 5.
1008 509 1073 563 Et
1091 515 1315 577 quatuor
1344 503 1524 558 bestiw
1548 516 1702 570 gran-

157 606 240 658 des
264 602 617 657 ascendebant
643 602 708 655 de
732 602 886 663 mari,
914 599 1137 653 diversas
1171 597 1308 651 inter
1333 611 1411 649 se.
1443 595 1495 649 4.
1530 593 1704 647 Prima

158 693 331 748 similis
361 693 571 755 leaena},
600 700 654 746 et
680 691 775 744 alte
800 690 913 759 ejus
937 689 1078 742 velut
1104 688 1201 742 alas
1228 686 1434 756 aquilae.
1466 683 1706 754 Aspicie-

160 786 266 839 bam
290 825 303 849 ,
331 784 501 839 donec
528 783 721 837 evulsa:
746 790 869 834 sunt
893 781 991 835 ala:
1027 780 1143 848 ejus
1167 796 1181 834 :
1221 787 1275 833 et
1307 776 1509 831 sublata
1535 784 1616 830 est
1637 773 1705 829 de

161 884 303 936 terra,
357 882 413 927 et
460 875 510 925 in
556 871 774 941 pedibus
813 870 1040 923 hominis
1074 868 1239 934 stetit,
1281 875 1335 920 et
1359 880 1450 919 cor
1478 862 1706 918 hominis

159 968 321 1021 datum
351 976 432 1020 est
455 966 523 1019 ei.
552 966 605 1019 5.
642 966 707 1020 Et
732 978 856 1017 ecce
885 962 1052 1016 bestia
1091 962 1193 1015 alia
1242 958 1427 1012 similis
1470 970 1626 1019 urso,
1652 961 1706 1008 et

160 1062 204 1115 in
229 1070 424 1129 partem
453 1073 606 1112 unam
632 1057 795 1119 stetit,
818 1066 871 1109 et
901 1055 998 1108 tria
1029 1054 1189 1106 latera
1219 1051 1269 1103 in
1294 1066 1385 1105 ore
1410 1050 1543 1118 ejus,
1568 1049 1707 1102 inter

160 1152 330 1205 dentes
360 1151 543 1218 ipsius.
573 1149 641 1203 Et
663 1149 739 1203 sic
757 1147 999 1201 dicebant
1024 1146 1072 1198 ei
1101 1163 1114 1198 :
1146 1144 1330 1212 Surge,
1349 1142 1566 1197 comede
1592 1154 1708 1193 car-

162 1255 243 1292 nes
267 1240 476 1292 multas.
506 1238 560 1291 6.
593 1238 718 1292 Post
745 1238 843 1289 hoc
867 1234 1186 1303 aspiciebam
1210 1275 1224 1299 ,
1256 1243 1309 1286 et
1345 1246 1468 1285 ecce
1492 1230 1591 1283 alia
1614 1229 1705 1282 be-

162 1330 245 1383 stia
276 1338 539 1397 tamquam
570 1328 800 1397 pardalis
831 1334 922 1380 :et
949 1326 1046 1394 ipsi
1089 1324 1184 1378 alte
1222 1333 1443 1394 quatuor
1473 1321 1704 1376 volucris

161 1432 305 1484 super
328 1433 445 1471 eam
465 1458 478 1479 ,
507 1425 561 1471 et
583 1426 808 1485 quatuor
830 1415 999 1485 capita
1030 1415 1231 1478 bestiae,
1261 1423 1313 1467 et
1335 1422 1563 1482 poteStas
1584 1412 1704 1465 data

162 1519 231 1560 cst
257 1508 349 1560 illi.
391 1508 443 1560 7.
478 1507 600 1560 Post
631 1508 728 1559 hoc
768 1505 1082 1574 aspiciebam
1112 1505 1163 1557 in
1190 1504 1391 1556 visione
1420 1502 1590 1555 noctis
1612 1542 1626 1563 ,
1652 1509 1706 1553 et

160 1613 270 1651 erce
307 1597 472 1651 bestia
516 1606 717 1666 quarta,
755 1596 1020 1661 terribilis,
1048 1604 1100 1649 et
1140 1593 1393 1663 stupenda
1417 1631 1431 1657 ,
1464 1600 1514 1644 et
1555 1590 1705 1644 fortis

162 1689 304 1741 nimis
337 1705 350 1741 :
391 1698 445 1742 et
482 1688 665 1742 dentes
690 1688 802 1755 ejus
828 1687 981 1741 ferrei
1033 1694 1086 1739 et
1112 1686 1284 1754 magni
1310 1700 1325 1748 ;
1348 1682 1632 1736 comedens
1653 1688 1705 1735 et

160 1778 507 1832 enitiminuens
541 1795 555 1842 ;
586 1787 640 1831 et
678 1777 884 1845 reliqua
926 1763 1155 1844 pedibus
1179 1774 1288 1827 suis
1313 1771 1656 1826 conculcabat
1686 1788 1699 1824 :

164 1880 212 1922 et
236 1870 340 1938 ipsa
372 1870 579 1923 diversa
610 1868 762 1922 valde
802 1883 908 1936 prae
933 1866 1177 1920 omnibus
1206 1864 1389 1918 bestiis
1424 1878 1541 1933 quas
1582 1871 1703 1916 ante

160 1973 263 2010 eam
288 1978 298 2011 :
330 1969 383 2011 et
413 1972 608 2012 cornua
629 1957 742 2025 ejus
774 1956 977 2009 decem.
1002 1955 1055 2009 8.
1075 1954 1478 2009 Considerabam
1505 1968 1701 2007 cornua

160 2050 339 2113 cjus,et
368 2062 496 2101 ecce
525 2063 689 2101 cornu
729 2046 870 2099 aliud
907 2059 1121 2114 parvum
1164 2043 1481 2098 ascendebat
1507 2043 1557 2096 in
1587 2058 1700 2096 me-

158 2134 236 2188 dio
261 2151 467 2202 eorum,
489 2146 543 2191 et
564 2136 658 2189 tria
684 2150 880 2190 cornua
905 2135 1040 2203 ejus,
1068 2134 1135 2189 de
1159 2134 1222 2187 iis
1249 2148 1365 2202 qua:
1383 2141 1555 2196 antea,
1580 2146 1699 2186 erae

159 2227 311 2280 dicata
347 2237 472 2281 sunt
500 2243 530 2281 a
556 2228 685 2281 facie
709 2227 843 2295 ejus.
891 2226 958 2279 Et
1002 2240 1127 2279 ecce
1173 2226 1330 2287 oculi,
1371 2223 1518 2293 quasi
1564 2221 1701 2276 oculi

159 2316 369 2372 hominis
403 2321 455 2372 in
483 2332 645 2373 cornu
676 2318 808 2383 isto,
849 2327 903 2371 et
927 2332 989 2372 os
1015 2317 1236 2385 loquens
1265 2314 1499 2384 grandia.
1542 2332 1561 2365 ι
1596 2313 1702 2367 Cur

157 2425 249 2464 non
291 2411 423 2464 dixit
467 2426 525 2465 se
551 2411 744 2465 vidisse
785 2411 1032 2463 mulieres
1054 2409 1077 2461 ?
1103 2409 1171 2462 At
1198 2407 1406 2477 quidem
1436 2420 1555 2460 cum
1584 2419 1698 2473 pte-

158 2517 266 2556 nam
306 2514 360 2556 et
400 2501 824 2555 maledictionem
868 2499 1102 2568 oportuit
1142 2498 1413 2560 exhibere,
1452 2495 1699 2550 mulieres

157 2592 357 2646 adduxit
381 2592 652 2660 Scriptura
680 2609 693 2644 :
724 2606 843 2644 cum
874 2599 1048 2644 autem
1075 2603 1237 2657 regna
1265 2586 1578 2655 exprimere,
1604 2585 1697 2639 be-

157 2685 269 2738 stias
293 2684 527 2753 protulit.
551 2684 862 2751 lncorporea
890 2696 979 2735 res
1006 2691 1088 2734 est
1112 2695 1357 2749 regnum:
1383 2690 1573 2746 corpus
1600 2676 1697 2746 igi-

156 2782 231 2827 tur
249 2774 319 2827 illi
345 2774 546 2827 tribuit.
572 2774 653 2826 An
680 2788 781 2826 non
813 2770 1119 2839 oportebat?
1142 2769 1206 2822 Et
1230 2775 1390 2821 recte.
1413 2766 1541 2820 Nam
1562 2780 1697 2835 quo-

156 2866 281 2917 niam
329 2878 611 2933 regnorum
658 2862 937 2930 qualitates
985 2865 1244 2927 praecipue
1284 2860 1332 2910 in
1370 2858 1549 2911 bestiis
1584 2856 1697 2909 istis

156 2953 430 3016 exsistunt;
460 2952 579 3006 ideo
595 2952 657 3005 iis
680 2965 812 3018 opus
832 2949 1030 3002 habuit.
1052 2947 1342 3001 Ostendere
1371 2946 1534 2999 voluit
1553 2944 1696 2999 illam

155 3043 200 3095 in
229 3041 431 3096 feritate
468 3041 769 3110 superbiam
796 3048 952 3107 atque
980 3039 1233 3092 luxuriam
1262 3037 1359 3106 (α),
1392 3046 1444 3091 et
1472 3036 1695 3090 leaenam

157 3132 406 3199 produxit.
438 3132 618 3186 Voluit
641 3131 921 3185 ostendere
950 3129 1246 3183 tarditatem
1270 3169 1286 3194 ,
1312 3137 1364 3182 et
1390 3142 1568 3197 ursum
1600 3125 1695 3179 ad-

154 3222 307 3276 duxit.
354 3222 531 3275 Voluit
566 3221 841 3290 designare
866 3220 1199 3274 velocitatem
1230 3230 1282 3273 et
1311 3218 1693 3287 pernicitatem,

154 3321 201 3365 et
223 3312 355 3381 quod
395 3312 546 3365 bellis
579 3311 753 3365 omnia
792 3310 1013 3377 imperia
1039 3310 1322 3363 everterint
1348 3328 1359 3361 :
1388 3317 1544 3376 atque
1574 3322 1695 3377 par-

154 3401 297 3456 dalim
327 3404 561 3473 protulit.
586 3404 774 3471 Aspice
807 3411 863 3453 ut
894 3401 1036 3470 prius
1067 3400 1283 3469 pulchre
1307 3399 1497 3453 viderit
1526 3413 1693 3463 mare,

153 3492 279 3560 quod
319 3501 665 3561 reprmsentat
702 3492 1007 3545 universum
1046 3490 1226 3545 orbem
1275 3500 1555 3544 terrarum.
1588 3488 1695 3543 To-

154 3582 296 3636 tidem
335 3584 477 3638 enim
535 3583 719 3651 plenus
761 3590 843 3636 est
881 3582 1208 3645 tumultibus,
1241 3589 1297 3634 et
1320 3579 1507 3635 eodem
1538 3577 1695 3633 modo

153 3674 385 3740 agitatur,
415 3673 562 3743 quasi
597 3673 825 3743 piscibus
846 3714 860 3737 ,
890 3689 995 3726 non
1024 3672 1324 3726 hominibus
1347 3672 1576 3741 repletus
1598 3671 1691 3741 (ὁ).

154 3758 200 3813 ld
224 3764 375 3817 etiam
396 3760 636 3817 Christus
662 3763 931 3828 declarat,
962 3772 1275 3830 praesentem
1315 3776 1505 3831 nempe
1537 3762 1694 3815 vitam

154 3871 286 3909 mare
312 3873 430 3911 esse
450 3898 464 3919 ,
495 3856 616 3909 dum
646 3856 773 3910 dicit
801 3876 813 3907 :
850 3873 868 3905 ι
903 3856 1085 3909 Simile
1124 3854 1315 3909 factum
1362 3863 1443 3909 est
1476 3868 1695 3923 regnum

154 3946 385 3999 mulorum
413 3961 622 4014 sagenze
650 3947 823 3999 missae
850 3946 901 3997 in
936 3961 1120 4009 mare,
1158 3953 1212 3998 et
1235 3960 1301 3999 ex
1326 3944 1469 3997 omni
1502 3958 1698 4012 genere

155 4033 505 4101 congreganti.
538 4052 555 4083 ι
600 4033 803 4101 (Matth.
837 4034 923 4087 15.
954 4032 1066 4101 47.)
1117 4052 1134 4083 ι
1164 4031 1230 4085 Ει
1268 4046 1416 4097 ecce,
1444 4050 1462 4083 ι
1496 4032 1693 4099 inquit,

160 4137 177 4169 σ
200 4130 421 4188 quatuor
449 4124 597 4175 venti
648 4123 760 4175 caeli
800 4122 1076 4176 irruebant
1110 4123 1163 4176 in
1198 4138 1345 4176 mare
1374 4137 1644 4192 magnum.
1670 4140 1689 4172 ι

154 4210 383 4264 Declarat
404 4213 606 4266 bestias
624 4213 740 4266 illas
756 4214 879 4267 inde
903 4213 1195 4283 prodiisse:
1218 4213 1417 4267 indicat
1434 4213 1592 4266 etiam
1615 4227 1698 4267 ce-

154 4298 401 4355 leritatem
418 4303 613 4355 divina
627 4303 991 4371 providentiae.
1012 4304 1218 4357 F-tenim
1236 4320 1353 4366 nos,
1378 4320 1499 4357 cum
1526 4303 1592 4357 de
1608 4316 1699 4356 ve-

154 4389 351 4445 locitate
393 4407 573 4446 sermo
600 4402 703 4457 est,
743 4402 933 4449 ventos
962 4394 1017 4448 in
1055 4395 1291 4448 medium
1330 4393 1695 4463 producimus.

154 4477 417 4534 lrruerunt
444 4482 499 4534 in
525 4497 702 4547 mare;
738 4490 793 4536 et
819 4492 1178 4545 emerserunt,
1215 4482 1407 4551 inquit,
1446 4479 1631 4535 bestiae
1664 4492 1701 4534 θ

158 4567 294 4619 mari.
336 4567 469 4621 Nam
505 4577 704 4621 naturae
733 4578 928 4621 nostra:
964 4570 1249 4638 participes
1282 4578 1404 4623 sunt
1434 4570 1697 4638 principes

156 4658 329 4710 nostri.
368 4658 458 4713 Sic
487 4659 643 4712 etiam
677 4673 853 4726 regem
880 4658 1084 4712 leonem
1108 4673 1247 4727 saepe
1278 4669 1428 4713 vocat
1447 4701 1463 4726 ,
1500 4660 1697 4729 regiam

159 4743 453 4815 dignitatem
500 4756 555 4801 et
603 4749 799 4802 ferinos
843 4764 1019 4803 mores
1066 4750 1297 4805 indicare
1338 4752 1574 4820 cupiens.
1602 4750 1699 4805 Vel

157 4834 264 4902 quia
284 4847 562 4891 ventorum
584 4836 670 4892 ille
694 4836 905 4904 quidem
934 4838 1206 4893 orientalis
1232 4847 1333 4904 est,
1366 4839 1451 4893 hic
1477 4853 1602 4894 vero
1627 4855 1697 4895 ex

1484 4916 1505 4940 ὸ

211 4986 278 5061 (3)
308 4987 363 5037 In
383 4995 547 5061 Graeco
564 5002 724 5061 hasten.
748 4992 1026 5061 Pot-robes
1055 5006 1146 5041 vox
1167 5027 1181 5051 ,
1206 5000 1334 5042 teste
1366 4993 1499 5043 Suida
1520 5028 1536 5061 _,
1562 5007 1699 5043 arro-

385 5056 534 5123 atque
566 5052 773 5123 delicias,
791 5052 1038 5123 signiﬁcat.
1058 5061 1216 5123 Quare
1238 5057 1700 5123 utr_umqu_e_in_ver-

155 5110 279 5181 hicne
293 5110 653 5181 junxi,’_d_uctus
672 5110 952 5181 auctoritate
983 5120 1026 5161 s.
1058 5110 1326 5181 Hieronymi
1345 5150 1359 5172 ,
1383 5110 1464 5181 qui
1483 5117 1544 5181 in
1568 5116 1702 5166 Com-

160 5172 376 5238 mentario
414 5172 475 5218 ad
512 5172 637 5238 hunc
661 5172 827 5238 locum
865 5187 1019 5238 regno
1041 5172 1299 5238 pabyloiiio
1333 5172 1664 5226 crudelitatem
1684 5214 1698 5235 ,

161 5225 379 5298 laturiam
404 5240 456 5280 et
478 5225 1008 5298 mperbiamattribu'in
1029 5225 1332 5285 Crudelitatls
1348 5225 1593 5298 specimen
1617 5225 1700 5285 da;

160 5288 373 5359 biteaput
407 5288 720 5359 recedens;
756 5295 959 5359 luxurias
995 5295 1119 5359 liber
1156 5288 1389 5346 Judithze:
1436 5300 1697 5359 praesertim

161 5359 251 5423 QP;
272 5350 348 5415 12,
363 5350 504 5423 fers.
525 5352 587 5423 21
608 5350 903 5423 ίξιιρςτῠίω,
927 5364 981 5405 ut
1002 5356 1093 5406 alia
1114 5363 1344 5416 omittam,
1368 5350 1459 5407 rei
1481 5360 1703 5421 Assyrius

160 5409 324 5473 uiolet»
345 5412 501 5461 dictus
525 5411 587 5471 Is.
608 5409 689 5473 ⁷14,
704 5409 788 5463 '12.

215 5468 278 5530 (ὁ)
310 5474 521 5522 Piscibus
541 5468 598 5540 se
620 5468 824 5540 invicem
846 5476 1185 5540 devorantibus
1222 5478 1462 5540 improbos
1483 5479 1703 5529 homines

428 5568 441 5591 ν
469 5539 579 5607 295';
600 5538 894 5607 Εαὺᾎουςωει
927 5538 1237 5607 Iwophetain__,
1265 5537 1596 5607 Athenagoras
1620 5547 1702 5589 Le-

160 5596 445 5664 gationepro
469 5596 774 5664 Christianis,
786 5602 832 5643 Β.
852 5596 1075 5664 _l_reuaaus
1097 5598 1177 5647 lib.
1204 5596 1258 5664 5,
1284 5614 1386 5664 cap.
1412 5596 1498 5652 2f.
1525 5608 1576 5649 et
1598 5614 1703 5649 om-

161 5651 665 5723 nium__e_tegantlssime
695 5662 739 5704 s.
756 5651 957 5705 Basilius
1136 5651 1408 5723 septima'iu
1434 5651 1701 5711 Hexaeme-

160 5720 252 5761 ton.
272 5717 431 5765 Notum
456 5723 533 5767 est
554 5727 614 5766 ea
634 5715 697 5765 de
724 5729 780 5766 re
804 5719 1123 5779 proverbium.

1526 384 1590 441 IN
1628 383 1990 441 DANIELEM.

3248 411 3362 471 230

1810 500 2188 567 septentrione,
2218 503 2352 557 alter
2375 518 2500 560 vero
2528 506 2594 561 ab
2614 518 2817 565 austro.
2843 511 2910 568 Ut
2936 514 2982 569 si
3012 517 3128 585 quis
3148 522 3363 578 dixerit:

1810 589 2010 645 Evertit
2047 606 2194 648 mare
2221 609 2236 659 ;
2277 595 2403 649 illud
2433 597 2500 652 de
2533 600 2665 653 caelo
2692 602 2973 670 agitaruut.
2998 604 3362 666 Diversainter

1807 694 1881 735 se.
1922 681 2119 747 Prima,
2163 685 2305 752 quasi
2343 684 2518 739 (cena.
2551 688 3002 753 Quemadmodum
3030 696 3082 752 iv
3109 698 3350 754 somnio:

1811 785 1915 825 non
1943 773 2083 827 enim
2112 773 2225 830 haec
2253 791 2428 829 rerum
2457 789 2639 832 natura
2662 792 2793 835 erat.
2827 782 2927 838 Per
2944 786 3049 840 duo
3072 788 3219 860 signa
3242 804 3356 844 ma-

1803 860 1969 929 jestas
2012 864 2153 933 regia
2200 867 2513 920 ostenditur.
2540 870 2760 937 Quidam
2803 889 2929 928 vero
2971 877 3170 946 dicunt,
3218 882 3357 951 quod

1808 954 1926 1021 quia
1953 954 2224 1024 Assyrium
2255 960 2537 1025 superavit,
2581 960 2699 1015 ideo
2731 978 2847 1018 cum
2884 967 3089 1024 duobus
3114 971 3357 1029 animali-

1808 1041 1904 1096 bus
1941 1044 2227 1099 confertur.
2274 1045 2337 1098 Et
2374 1049 2698 1117 aspiciebam,
2728 1054 2884 1107 donec
2923 1059 3103 1113 evulsa
3127 1073 3241 1117 sunt
3264 1067 3360 1120 alar

1808 1133 1915 1201 ejus
1934 1173 1948 1195 ,
1974 1132 2023 1186 id
2049 1143 2160 1200 est,
2193 1136 2470 1205 imperium
2488 1178 2503 1203 ,
2532 1149 2580 1191 et
2608 1142 2803 1194 sublata
2842 1154 2912 1197 est
2948 1149 3010 1202 de
3031 1158 3159 1205 terra
3188 1168 3208 1207 :
3236 1166 3281 1209 ct
3305 1158 3357 1211 in

1809 1220 2015 1288 pedibus
2040 1223 2251 1279 hominis
2278 1227 2447 1281 stetit:
2474 1238 2519 1280 et
2542 1245 2626 1282 cor
2653 1231 2866 1287 hominis
2892 1236 3064 1292 datum
3091 1252 3159 1296 est
3179 1246 3242 1301 ei.
3261 1246 3356 1303 Fe-

1808 1326 1902 1366 rox
1931 1314 2143 1368 animal.
2175 1315 2427 1386 Utrinqne
2473 1320 2701 1375 habebat
2740 1325 3027 1384 celeritatis
3067 1335 3169 1388 vim
3203 1354 3217 1390 :
3266 1353 3355 1393 su-

1810 1418 1971 1471 perne
2010 1406 2221 1474 quidem
2262 1410 2328 1464 ab
2355 1411 2451 1465 alis
2475 1453 2490 1477 ,
2523 1413 2726 1469 inferne
2755 1431 2881 1472 vero
2916 1435 2945 1474 a
2976 1423 3194 1490 pedibus
3222 1444 3238 1485 :
3265 1430 3355 1484 sed

1810 1508 2026 1567 utraque
2046 1500 2303 1555 velocitas
2330 1501 2503 1557 ablata
2535 1515 2635 1567 est,
2667 1507 2764 1562 alis
2792 1511 3003 1578 quidem
3024 1518 3234 1583 evulsis,
3262 1536 3356 1579 nec

1807 1589 2030 1656 amplius
2068 1593 2472 1659 apparentibus,
2510 1595 2731 1663 pedibus
2769 1616 2893 1654 vero
2919 1602 3358 1672 degenerantibu:

1808 1678 1858 1732 iu
1884 1678 2184 1747 debiliores,
2216 1683 2473 1737 humanos
2501 1686 2719 1740 scilicet.
2754 1688 2823 1741 Et
2845 1707 2931 1744 cor
2959 1694 3169 1751 honunis
3186 1700 3358 1757 datum

1807 1777 1876 1821 est
1901 1769 1963 1821 ei.
1994 1768 2159 1823 Tanta
2186 1770 2237 1824 in
2264 1771 2355 1825 illo
2380 1773 2591 1828 animali
2616 1775 2786 1831 fuerat
2814 1782 3078 1849 superbia.
3110 1787 3351 1858 Humilis,

1807 1858 2003 1927 inquit,
2028 1860 2167 1913 mitis
2196 1869 2249 1915 et
2284 1872 2583 1918 mansuetus
2612 1864 2779 1922 factus
2802 1879 2882 1925 est
2908 1887 3022 1928 rex.
3053 1874 3121 1929 Et
3143 1895 3251 1934 ecce
3270 1883 3346 1936 be-

1805 1951 1898 2003 stia
1925 1950 2026 2003 alia
2053 1951 2228 2005 similis
2254 1968 2369 2005 urso
2397 1968 2416 2006 .'
2441 1963 2487 2007 et
2508 1955 2560 2007 in
2588 1969 2777 2024 partem
2802 1976 2951 2015 unam
2984 1967 3115 2019 stetit
3142 1979 3159 2016 :
3188 1975 3235 2018 et
3255 1970 3357 2025 tria

1806 2040 1963 2093 latera
1982 2040 2031 2091 in
2054 2056 2139 2093 ore
2158 2043 2285 2109 ejus,
2307 2042 2435 2095 inter
2459 2050 2626 2099 dentes
2645 2047 2819 2115 ipsius.
2852 2050 2920 2104 Et
2944 2055 3015 2106 sic
3033 2055 3254 2111 dicebant
3281 2070 3349 2123 ei;

1805 2130 1988 2201 Surge,
2018 2140 2216 2186 comede
2239 2150 2409 2188 carnes
2429 2136 2629 2191 multas.
2653 2139 2762 2193 Sub
2793 2140 2966 2199 Persis
2989 2143 3224 2203 homines
3244 2149 3341 2205 fue-

1804 2230 1927 2275 runt
1956 2224 2088 2277 tardi
2115 2238 2177 2277 ac
2200 2238 2410 2293 segnes.
2434 2226 2543 2281 Sub
2572 2227 2738 2284 Medis
2767 2241 2821 2285 et
2842 2231 3016 2290 Persis
3044 2239 3354 2299 exstiterunt

1807 2312 1903 2365 tria
1925 2313 2088 2367 latera
2113 2332 2125 2367 :
2154 2315 2204 2368 id
2232 2327 2338 2383 e5t,
2372 2317 2455 2371 vel
2482 2318 2625 2384 loca,
2652 2322 2733 2375 vel
2760 2337 2918 2393 regna
2936 2367 2950 2391 ,
2971 2341 3088 2397 quae
3113 2330 3164 2384 in
3193 2348 3349 2387 unum

1804 2403 1877 2458 illi
1908 2414 2303 2461 contraxerunt.
2349 2406 2590 2465 Dicebant
2625 2414 2712 2467 ei:
2746 2413 2925 2486 Surge,
2965 2425 3163 2476 comede
3180 2440 3354 2480 carnes

1804 2494 2002 2548 multas.
2026 2495 2089 2549 lli
2130 2499 2269 2551 enim
2306 2511 2555 2567 ceperunt
2599 2512 2652 2556 et
2695 2504 3031 2576 Babylonem,
3068 2520 3121 2565 et
3162 2515 3353 2569 multas

1800 2587 2122 2642 calamitates
2150 2591 2453 2645 intulerunt.
2480 2611 2497 2643 ι
2522 2593 2645 2649 Post
2670 2595 2768 2651 hoc
2792 2599 3127 2668 aspiciebam;
3149 2613 3201 2659 et
3228 2620 3353 2663 ecce

1800 2676 1901 2730 alia
1919 2676 2101 2744 bestia,
2118 2680 2266 2749 quasi
2284 2682 2511 2750 pardalis
2532 2700 2544 2735 :
2572 2693 2625 2739 et
2651 2686 2747 2753 ipsi
2774 2688 2868 2742 ala:
2887 2699 3110 2757 quatuor
3125 2692 3353 2750 volucris

1801 2782 1961 2836 super
1981 2785 2116 2832 eam,
2137 2782 2188 2826 et
2211 2774 2378 2843 capita
2409 2785 2633 2845 quatuor
2658 2779 2838 2833 bestia:
2860 2799 2873 2834 :
2896 2791 2949 2835 et
2976 2792 3204 2852 potestas
3230 2787 3348 2843 data

1800 2867 1881 2911 est
1900 2859 1991 2913 illi.
2027 2879 2046 2912 ι
2081 2860 2295 2929 Deinde,
2325 2864 2507 2933 inquit,
2554 2869 2775 2934 pardalis
2802 2886 2820 2923 :
2852 2873 3145 2930 Alexander
3181 2877 3352 2934 Mace-

1800 2946 1993 3041 donum
2024 2965 2135 3012 τοι,
2162 2953 2249 3020 qui
2281 2962 2445 3008 totum
2473 2957 2651 3012 orbem
2671 2962 2976 3027 pervolavit.
2996 2964 3134 3021 Nihil
3156 2971 3352 3041 quippe

1800 3038 1892 3093 illo
1922 3039 2016 3095 fuit
2047 3042 2345 3108 terribilius,
2366 3060 2461 3101 nec
2485 3048 2745 3105 velocius:
2774 3062 2827 3106 at
2853 3054 3136 3113 vehemens
3156 3038 3349 3117 eratac

1800 3131 1960 3196 celer,
1975 3134 2127 3187 sicuti
2147 3134 2256 3187 haec
2271 3136 2454 3190 bestia.
2470 3138 2715 3207 Quatuor,
2736 3140 2917 3212 inquit,
2938 3146 3034 3200 alte
3048 3149 3257 3205 volucris
3270 3169 3349 3207 su-

1799 3238 1887 3291 per
1905 3241 2033 3278 eant.
2056 3225 2159 3282 Hoc
2174 3234 2274 3291 est,
2294 3242 2500 3281 omnem
2525 3233 2809 3298 potentiam
2828 3235 2925 3289 sibi
2946 3237 3198 3304 adjuuxit.
3224 3241 3351 3297 Per-

1798 3327 1885 3366 sas
1911 3314 2049 3367 enim
2076 3316 2126 3368 in
2150 3317 2397 3370 tredecim
2433 3334 2591 3387 regna
2617 3320 2683 3373 ab
2710 3335 2769 3375 se
2795 3322 2990 3378 divisos
3014 3327 3112 3381 sibi
3128 3329 3350 3399 subjecit

1798 3403 2254 3460 universos.Vides
2278 3405 2414 3460 illius
2442 3407 2800 3463 celeritatem?
2822 3411 2885 3465 Et
2904 3427 2967 3466 ex
2986 3413 3167 3472 bestia:
3191 3428 3346 3475 natu-

1798 3511 1877 3561 ra,
1905 3504 1957 3549 et
1981 3511 2045 3550 ex
2071 3496 2187 3551 alis.
2216 3495 2532 3552 Universum
2554 3501 2733 3555 orbem
2768 3505 3042 3571 percurrit.
3072 3506 3134 3561 Et
3161 3512 3351 3579 capita,

1798 3585 1981 3655 inquit,
1998 3597 2209 3655 quatuor
2230 3587 2408 3640 bestia.
2427 3588 2489 3641 Et
2508 3606 2713 3659 regnum
2742 3600 2786 3644 et
2813 3603 3026 3662 potestas
3050 3598 3166 3650 data
3188 3609 3259 3653 est
3283 3602 3347 3655 ei.

1798 3676 1998 3731 Dehinc
2036 3688 2207 3730 narrat
2236 3686 2436 3748 quarta:
2465 3678 2648 3735 bestiae
2672 3682 2951 3738 adventum
2978 3686 3349 3745 multiformem

1798 3776 1851 3819 et
1883 3766 2236 3835 omnigenum,
2272 3777 2324 3821 et
2355 3782 2455 3822 non
2488 3780 2660 3838 potest
2695 3771 2882 3827 aﬂ’erre
2909 3776 3300 3833 similitudinem
3333 3798 3347 3835 :

1797 3856 1928 3910 adeo
1957 3856 2120 3910 bestia
2139 3857 2221 3911 illa
2247 3858 2458 3913 varians
2474 3868 2606 3914 erat.
2633 3862 2745 3915 Alia
2767 3864 2954 3933 quippe
2968 3867 3138 3919 omnia
3161 3869 3352 3926 devicit

1803 3962 1982 4015 regna.
2023 3946 2242 4002 Cteteris
2285 3948 2494 4018 quidem
2534 3952 2769 4020 imperiis
2796 3969 2825 4006 a
2864 3955 3137 4012 velocitate
3182 3960 3351 4016 inerat

1798 4037 1877 4090 vis
1906 4054 1919 4090 :
1944 4036 2098 4105 hujus
2123 4052 2246 4091 vero
2270 4040 2511 4093 animalis
2538 4041 2676 4094 vires
2698 4042 2749 4096 in
2776 4042 3018 4099 dentibus
3040 4087 3053 4111 ,
3086 4048 3170 4117 qui
3194 4051 3349 4106 ferrei

1798 4136 1972 4182 erant.
1995 4126 2062 4180 Et
2085 4129 2272 4197 reliqua
2299 4130 2502 4197 pedibus
2526 4132 2630 4184 suis
2658 4134 2993 4189 conculcabat.
3020 4137 3174 4191 Multa
3199 4140 3352 4194 intel-

1796 4218 1908 4288 ligit
1935 4217 2088 4272 bella.
2129 4218 2348 4285 Quinam
2380 4228 2501 4272 sunt
2525 4219 2703 4275 decem
2733 4237 2882 4292 reges
2911 4225 2932 4277 ?
2966 4227 3103 4295 quod
3134 4244 3348 4297 parvum

1796 4307 2003 4362 cornu?
2028 4308 2139 4377 Ego
2161 4309 2244 4361 aio
2274 4309 2652 4365 Antichristum
2692 4312 2829 4368 inter
2852 4316 3051 4385 aliquot
3076 4334 3224 4388 reges
3251 4338 3349 4393 ap-

1799 4417 2004 4472 parere.
2031 4402 2096 4455 Et
2123 4404 2259 4457 oculi
2280 4444 2293 4467 ,
2323 4405 2467 4474 quasi
2491 4406 2623 4459 oculi
2641 4407 2853 4461 hominis
2872 4448 2886 4474 ,
2915 4411 2966 4463 in
2989 4427 3141 4466 cornu
3166 4416 3279 4483 isto,
3304 4428 3350 4471 et

1800 4496 2068 4565 osloquens
2085 4494 2313 4564 grandia.
2333 4494 2463 4561 Quid
2485 4496 2624 4548 enim
2647 4496 2736 4551 illo
2756 4513 2847 4553 ore
2862 4500 3110 4567 grandius
3124 4517 3241 4559 esse
3257 4520 3352 4574 po-

1800 4593 1905 4638 test
1930 4584 2067 4653 quod
2096 4585 2353 4653 loquitur,
2386 4583 2556 4653 Supra
2583 4587 2825 4655 quidquid
2856 4589 3037 4641 dicitur
3066 4590 3197 4646 Deus
3216 4633 3231 4654 ,
3266 4605 3352 4649 aut

1802 4690 2003 4737 numen,
2030 4675 2154 4727 adeo
2178 4682 2230 4726 ut
2254 4675 2305 4727 in
2333 4675 2517 4743 templo
2542 4674 2638 4728 Dei
2661 4677 2828 4729 sedeat
2849 4678 2925 4747 (2.
2955 4678 3129 4733 Thess.
3160 4681 3216 4737 2.
3252 4685 3305 4755 4)
3331 4686 3354 4738 ?

1800 4763 1853 4817 Si
1897 4774 2069 4816 autent
2122 4763 2259 4817 oculi
2302 4763 2549 4827 hominis,
2602 4779 2667 4818 ne
2707 4766 2951 4821 mireris:
2991 4770 3183 4824 etenim
3231 4772 3353 4827 talia

1802 4856 2052 4925 loquitur.
2080 4855 2247 4909 Homo
2292 4865 2371 4908 est
2412 4855 2487 4922 (2.
2514 4853 2687 4910 Thess.
2718 4856 2773 4911 2.
2799 4860 2876 4927 3),
2904 4859 3089 4929 inquit.
3122 4862 3227 4916 Cur
3255 4878 3353 4917 au-

1805 4954 1907 4998 tem
1931 4961 2093 4999 cornu
2124 4960 2338 5014 parvum
2359 4983 2373 5005 ,
2415 4951 2469 4996 et
2502 4961 2606 4997 non
2637 4946 2701 4999 ab
2732 4946 2882 5001 initio
2911 4964 3152 5018 magnum
3191 4967 3353 5021 appa-

1804 5035 2003 5090 ret?At
2023 5035 2241 5103 posthac
2261 5043 2491 5098 crescet,
2522 5044 2575 5089 et
2600 5038 2943 5105 quorumdam
2973 5053 3152 5109 regum
3181 5041 3355 5096 domi-

1804 5127 2028 5181 nabitur.
2072 5126 2207 5192 Quid
2239 5126 2437 5195 igitur?
2468 5126 2676 5180 Nullum
2714 5142 2927 5196 regnum
2957 5131 3182 5202 excipiet
3216 5132 3358 5189 hunc

1803 5234 1979 5289 regem
2015 5236 2027 5272 :
2056 5219 2147 5272 sed
2175 5218 2319 5271 illum
2347 5218 2481 5271 Deus
2508 5218 2993 5286 ipsemetdissolvet
3016 5236 3077 5276 ac
3100 5222 3355 5280 destruet.

1805 5313 1857 5366 9.
1893 5330 1911 5361 ‹
1941 5311 2292 5379 Aspiciebam,
2317 5310 2483 5364 donec
2512 5310 2683 5363 throni
2706 5311 2859 5379 positi
2882 5323 3023 5380 sunt,
3045 5324 3093 5367 et
3115 5317 3362 5385 antiquus

1804 5401 2005 5455 dierum
2024 5400 2178 5453 sedit:
2198 5409 2249 5454 et
2270 5400 2639 5454 vestimentum
2664 5402 2779 5468 ejus
2798 5403 3073 5456 candidum
3090 5405 3223 5459 sicut
3245 5407 3359 5459 nix:

1805 5501 1858 5546 et
1885 5490 2103 5559 capillus
2142 5490 2331 5559 capitis
2361 5489 2476 5558 ejus
2516 5490 2661 5558 quasi
2707 5490 2825 5543 lana
2870 5492 3058 5545 munda
3093 5510 3106 5547 :
3142 5494 3363 5547 thronus

1806 5581 1919 5650 ejus
1944 5580 2150 5633 ﬂamma
2180 5580 2311 5648 ignis
2344 5596 2357 5633 :
2398 5587 2527 5632 rotte
2562 5577 2676 5646 ejus
2719 5579 2850 5649 ignis
2887 5580 3094 5636 ardens.
3124 5582 3212 5637 lo.
3238 5582 3361 5637 Flu-

1806 5675 1923 5731 vius
1966 5672 2097 5743 ignis
2128 5670 2370 5727 manabat
2400 5668 2672 5741 egrediens
2697 5684 2727 5723 a
2753 5685 2850 5725 con
2882 5678 3033 5739 pectu
3059 5670 3190 5742 ejus.
3222 5671 3361 5729 Mille
