  <div class='ocr_page' id='page_1' title='image "/cluster/home/n/w/nwhite01/storage/ocr_20150623/56/pst.000005712557/235.png"; bbox 0 0 4144 6308; ppageno 0'>
   <div class='ocr_carea' id='block_1_1' title="bbox 769 358 876 414">
    <p class='ocr_par' dir='ltr' id='par_1_1' title="bbox 769 358 876 414">
     <span class='ocr_line' id='line_1_1' title="bbox 769 358 876 414; baseline 0.019 -2"><span class='ocrx_word' id='word_1_1' title='bbox 769 358 876 414; x_wconf 85' lang='grc'><strong>231</strong></span> 
     </span>
    </p>
   </div>
   <div class='ocr_carea' id='block_1_2' title="bbox 758 460 2319 526">
    <p class='ocr_par' dir='ltr' id='par_1_2' title="bbox 758 460 2319 526">
     <span class='ocr_line' id='line_1_2' title="bbox 758 460 2319 526; baseline 0.001 -10"><span class='ocrx_word' id='word_1_2' title='bbox 758 461 922 516; x_wconf 84' lang='lat' dir='ltr'><strong>millia</strong></span> <span class='ocrx_word' id='word_1_3' title='bbox 948 460 1312 516; x_wconf 83' lang='lat' dir='ltr'><strong>ministrabant</strong></span> <span class='ocrx_word' id='word_1_4' title='bbox 1339 461 1386 516; x_wconf 90' lang='lat' dir='ltr'><strong>ei</strong></span> <span class='ocrx_word' id='word_1_5' title='bbox 1412 502 1427 526; x_wconf 88' lang='lat'><strong>,</strong></span> <span class='ocrx_word' id='word_1_6' title='bbox 1454 471 1504 516; x_wconf 89' lang='lat' dir='ltr'><strong>et</strong></span> <span class='ocrx_word' id='word_1_7' title='bbox 1522 461 1657 517; x_wconf 84' lang='lat' dir='ltr'><strong>dena</strong></span> <span class='ocrx_word' id='word_1_8' title='bbox 1688 464 1846 516; x_wconf 79' lang='lat' dir='ltr'><strong>millia</strong></span> <span class='ocrx_word' id='word_1_9' title='bbox 1875 463 2070 517; x_wconf 88' lang='lat' dir='ltr'><strong>denum</strong></span> <span class='ocrx_word' id='word_1_10' title='bbox 2097 464 2319 517; x_wconf 89' lang='lat' dir='ltr'><strong>millium</strong></span> 
     </span>
    </p>
   </div>
   <div class='ocr_carea' id='block_1_3' title="bbox 760 551 2320 621">
    <p class='ocr_par' dir='ltr' id='par_1_3' title="bbox 760 551 2320 621">
     <span class='ocr_line' id='line_1_3' title="bbox 760 551 2320 621; baseline 0.002 -17"><span class='ocrx_word' id='word_1_11' title='bbox 760 552 1076 607; x_wconf 70' lang='lat' dir='ltr'><strong>assistebant</strong></span> <span class='ocrx_word' id='word_1_12' title='bbox 1108 565 1229 607; x_wconf 84' lang='lat' dir='ltr'><strong>ante</strong></span> <span class='ocrx_word' id='word_1_13' title='bbox 1257 567 1400 608; x_wconf 89' lang='lat' dir='ltr'><strong>eum.</strong></span> <span class='ocrx_word' id='word_1_14' title='bbox 1427 551 1688 608; x_wconf 68' lang='lat' dir='ltr'><strong>Iudicium</strong></span> <span class='ocrx_word' id='word_1_15' title='bbox 1717 553 1888 613; x_wconf 86' lang='lat' dir='ltr'><strong>sedit.</strong></span> <span class='ocrx_word' id='word_1_16' title='bbox 1923 563 1975 607; x_wconf 92' lang='lat' dir='ltr'><strong>et</strong></span> <span class='ocrx_word' id='word_1_17' title='bbox 2002 553 2119 607; x_wconf 83' lang='lat' dir='ltr'><strong>libri</strong></span> <span class='ocrx_word' id='word_1_18' title='bbox 2153 555 2320 621; x_wconf 90' lang='lat' dir='ltr'><strong>aperti</strong></span> 
     </span>
    </p>
   </div>
   <div class='ocr_carea' id='block_1_4' title="bbox 758 640 2319 708">
    <p class='ocr_par' dir='ltr' id='par_1_4' title="bbox 758 640 2319 708">
     <span class='ocr_line' id='line_1_4' title="bbox 758 640 2319 708; baseline 0.003 -15"><span class='ocrx_word' id='word_1_19' title='bbox 758 649 902 695; x_wconf 87' lang='lat' dir='ltr'><strong>sunt.</strong></span> <span class='ocrx_word' id='word_1_20' title='bbox 963 660 984 693; x_wconf 74' lang='grc' dir='ltr'>ι</span> <span class='ocrx_word' id='word_1_21' title='bbox 1029 640 1422 696; x_wconf 87' lang='lat' dir='ltr'><strong>Contendamus</strong></span> <span class='ocrx_word' id='word_1_22' title='bbox 1467 643 1666 708; x_wconf 88' lang='lat' dir='ltr'><strong>animo,</strong></span> <span class='ocrx_word' id='word_1_23' title='bbox 1708 643 1985 697; x_wconf 80' lang='lat' dir='ltr'><strong>carissimi.</strong></span> <span class='ocrx_word' id='word_1_24' title='bbox 2023 643 2140 697; x_wconf 87' lang='lat' dir='ltr'><strong>Non</strong></span> <span class='ocrx_word' id='word_1_25' title='bbox 2177 645 2319 698; x_wconf 90' lang='lat' dir='ltr'><strong>enim</strong></span> 
     </span>
    </p>
   </div>
   <div class='ocr_carea' id='block_1_5' title="bbox 756 732 2321 803">
    <p class='ocr_par' dir='ltr' id='par_1_5' title="bbox 756 732 2321 803">
     <span class='ocr_line' id='line_1_5' title="bbox 756 732 2321 803; baseline 0 -17"><span class='ocrx_word' id='word_1_26' title='bbox 756 733 932 802; x_wconf 87' lang='lat' dir='ltr'><strong>parvis</strong></span> <span class='ocrx_word' id='word_1_27' title='bbox 957 732 1024 786; x_wconf 91' lang='lat' dir='ltr'><strong>de</strong></span> <span class='ocrx_word' id='word_1_28' title='bbox 1051 732 1209 786; x_wconf 90' lang='lat' dir='ltr'><strong>rebus</strong></span> <span class='ocrx_word' id='word_1_29' title='bbox 1232 733 1422 802; x_wconf 89' lang='lat' dir='ltr'><strong>agitur.</strong></span> <span class='ocrx_word' id='word_1_30' title='bbox 1455 732 1669 798; x_wconf 82' lang='lat' dir='ltr'><strong>Throni,</strong></span> <span class='ocrx_word' id='word_1_31' title='bbox 1701 733 1869 803; x_wconf 88' lang='lat' dir='ltr'><strong>inquit</strong></span> <span class='ocrx_word' id='word_1_32' title='bbox 1889 773 1902 794; x_wconf 83' lang='lat'><strong>.</strong></span> <span class='ocrx_word' id='word_1_33' title='bbox 1928 735 2078 801; x_wconf 85' lang='lat' dir='ltr'><strong>positi</strong></span> <span class='ocrx_word' id='word_1_34' title='bbox 2103 742 2248 798; x_wconf 87' lang='lat' dir='ltr'><strong>sunt,</strong></span> <span class='ocrx_word' id='word_1_35' title='bbox 2274 743 2321 787; x_wconf 89' lang='lat' dir='ltr'><strong>et</strong></span> 
     </span>
    </p>
   </div>
   <div class='ocr_carea' id='block_1_6' title="bbox 755 820 2318 892">
    <p class='ocr_par' dir='ltr' id='par_1_6' title="bbox 755 820 2318 892">
     <span class='ocr_line' id='line_1_6' title="bbox 755 820 2318 892; baseline 0 -16"><span class='ocrx_word' id='word_1_36' title='bbox 755 823 991 892; x_wconf 84' lang='lat' dir='ltr'><strong>antiquus</strong></span> <span class='ocrx_word' id='word_1_37' title='bbox 1018 821 1212 875; x_wconf 87' lang='lat' dir='ltr'><strong>dierum</strong></span> <span class='ocrx_word' id='word_1_38' title='bbox 1245 821 1389 876; x_wconf 82' lang='lat' dir='ltr'><strong>sedit.</strong></span> <span class='ocrx_word' id='word_1_39' title='bbox 1421 821 1552 888; x_wconf 85' lang='lat' dir='ltr'><strong>Quis</strong></span> <span class='ocrx_word' id='word_1_40' title='bbox 1577 831 1658 876; x_wconf 92' lang='lat' dir='ltr'><strong>est</strong></span> <span class='ocrx_word' id='word_1_41' title='bbox 1687 823 1830 877; x_wconf 76' lang='lat' dir='ltr'><strong>iste?</strong></span> <span class='ocrx_word' id='word_1_42' title='bbox 1862 820 2026 881; x_wconf 83' lang='lat' dir='ltr'><strong>Sicuti</strong></span> <span class='ocrx_word' id='word_1_43' title='bbox 2065 837 2185 877; x_wconf 91' lang='lat' dir='ltr'><strong>cum</strong></span> <span class='ocrx_word' id='word_1_44' title='bbox 2224 838 2318 876; x_wconf 88' lang='lat' dir='ltr'><strong>au-</strong></span> 
     </span>
    </p>
   </div>
   <div class='ocr_carea' id='block_1_7' title="bbox 755 903 2314 983">
    <p class='ocr_par' dir='ltr' id='par_1_7' title="bbox 755 903 2314 983">
     <span class='ocr_line' id='line_1_7' title="bbox 755 903 2314 983; baseline 0 -18"><span class='ocrx_word' id='word_1_45' title='bbox 755 911 899 965; x_wconf 88' lang='lat' dir='ltr'><strong>diisti</strong></span> <span class='ocrx_word' id='word_1_46' title='bbox 926 926 1101 964; x_wconf 90' lang='lat' dir='ltr'><strong>ursum</strong></span> <span class='ocrx_word' id='word_1_47' title='bbox 1125 951 1140 976; x_wconf 92' lang='lat'><strong>,</strong></span> <span class='ocrx_word' id='word_1_48' title='bbox 1172 925 1276 965; x_wconf 93' lang='lat' dir='ltr'><strong>non</strong></span> <span class='ocrx_word' id='word_1_49' title='bbox 1304 911 1370 966; x_wconf 87' lang='lat' dir='ltr'><strong>de</strong></span> <span class='ocrx_word' id='word_1_50' title='bbox 1396 927 1517 966; x_wconf 90' lang='lat' dir='ltr'><strong>urso</strong></span> <span class='ocrx_word' id='word_1_51' title='bbox 1548 913 1825 983; x_wconf 90' lang='lat' dir='ltr'><strong>cogitasti,</strong></span> <span class='ocrx_word' id='word_1_52' title='bbox 1855 903 1908 965; x_wconf 90' lang='lat' dir='ltr'><strong>et</strong></span> <span class='ocrx_word' id='word_1_53' title='bbox 1929 927 2046 966; x_wconf 93' lang='lat' dir='ltr'><strong>cum</strong></span> <span class='ocrx_word' id='word_1_54' title='bbox 2074 914 2314 978; x_wconf 73' lang='lat' dir='ltr'><strong>letenam,</strong></span> 
     </span>
    </p>
   </div>
   <div class='ocr_carea' id='block_1_8' title="bbox 756 1001 2315 1073">
    <p class='ocr_par' dir='ltr' id='par_1_8' title="bbox 756 1001 2315 1073">
     <span class='ocr_line' id='line_1_8' title="bbox 756 1001 2315 1073; baseline 0 -17"><span class='ocrx_word' id='word_1_55' title='bbox 756 1017 861 1057; x_wconf 81' lang='lat' dir='ltr'><strong>non</strong></span> <span class='ocrx_word' id='word_1_56' title='bbox 905 1002 958 1056; x_wconf 89' lang='lat' dir='ltr'><strong>id</strong></span> <span class='ocrx_word' id='word_1_57' title='bbox 985 1001 1179 1056; x_wconf 77' lang='lat' dir='ltr'><strong>animal</strong></span> <span class='ocrx_word' id='word_1_58' title='bbox 1215 1002 1591 1072; x_wconf 83' lang='lat' dir='ltr'><strong>suspicabaris,</strong></span> <span class='ocrx_word' id='word_1_59' title='bbox 1624 1002 1715 1058; x_wconf 87' lang='lat' dir='ltr'><strong>sed</strong></span> <span class='ocrx_word' id='word_1_60' title='bbox 1737 1018 1896 1073; x_wconf 88' lang='lat' dir='ltr'><strong>regna</strong></span> <span class='ocrx_word' id='word_1_61' title='bbox 1927 1021 1941 1069; x_wconf 92' lang='lat'><strong>;</strong></span> <span class='ocrx_word' id='word_1_62' title='bbox 1972 1013 2023 1058; x_wconf 91' lang='lat' dir='ltr'><strong>et</strong></span> <span class='ocrx_word' id='word_1_63' title='bbox 2052 1020 2170 1059; x_wconf 86' lang='lat' dir='ltr'><strong>cum</strong></span> <span class='ocrx_word' id='word_1_64' title='bbox 2199 1019 2315 1057; x_wconf 87' lang='lat' dir='ltr'><strong>ma-</strong></span> 
     </span>
    </p>
   </div>
   <div class='ocr_carea' id='block_1_9' title="bbox 754 1094 2317 1159">
    <p class='ocr_par' dir='ltr' id='par_1_9' title="bbox 754 1094 2317 1159">
     <span class='ocr_line' id='line_1_9' title="bbox 754 1094 2317 1159; baseline 0 -12"><span class='ocrx_word' id='word_1_65' title='bbox 754 1108 845 1157; x_wconf 88' lang='lat' dir='ltr'><strong>re,</strong></span> <span class='ocrx_word' id='word_1_66' title='bbox 874 1109 978 1147; x_wconf 88' lang='lat' dir='ltr'><strong>non</strong></span> <span class='ocrx_word' id='word_1_67' title='bbox 1005 1108 1148 1147; x_wconf 86' lang='lat' dir='ltr'><strong>mare</strong></span> <span class='ocrx_word' id='word_1_68' title='bbox 1172 1133 1186 1157; x_wconf 89' lang='lat'><strong>,</strong></span> <span class='ocrx_word' id='word_1_69' title='bbox 1212 1094 1306 1148; x_wconf 91' lang='lat' dir='ltr'><strong>sed</strong></span> <span class='ocrx_word' id='word_1_70' title='bbox 1329 1094 1512 1150; x_wconf 83' lang='lat' dir='ltr'><strong>orbein</strong></span> <span class='ocrx_word' id='word_1_71' title='bbox 1541 1103 1835 1159; x_wconf 87' lang='lat' dir='ltr'><strong>terrarum,</strong></span> <span class='ocrx_word' id='word_1_72' title='bbox 1866 1095 1919 1148; x_wconf 92' lang='lat' dir='ltr'><strong>in</strong></span> <span class='ocrx_word' id='word_1_73' title='bbox 1947 1095 2065 1150; x_wconf 89' lang='lat' dir='ltr'><strong>aliis</strong></span> <span class='ocrx_word' id='word_1_74' title='bbox 2091 1096 2191 1149; x_wconf 88' lang='lat' dir='ltr'><strong>alia</strong></span> <span class='ocrx_word' id='word_1_75' title='bbox 2221 1110 2317 1148; x_wconf 91' lang='lat' dir='ltr'><strong>co-</strong></span> 
     </span>
    </p>
   </div>
   <div class='ocr_carea' id='block_1_10' title="bbox 747 1183 2314 1254">
    <p class='ocr_par' dir='ltr' id='par_1_10' title="bbox 747 1183 2314 1254">
     <span class='ocr_line' id='line_1_10' title="bbox 747 1183 2314 1254; baseline 0.003 -19"><span class='ocrx_word' id='word_1_76' title='bbox 747 1183 924 1251; x_wconf 84' lang='lat' dir='ltr'><strong>gitans</strong></span> <span class='ocrx_word' id='word_1_77' title='bbox 955 1200 969 1237; x_wconf 82' lang='lat'><strong>:</strong></span> <span class='ocrx_word' id='word_1_78' title='bbox 1001 1184 1070 1237; x_wconf 86' lang='lat' dir='ltr'><strong>ita</strong></span> <span class='ocrx_word' id='word_1_79' title='bbox 1099 1193 1154 1238; x_wconf 89' lang='lat' dir='ltr'><strong>et</strong></span> <span class='ocrx_word' id='word_1_80' title='bbox 1180 1200 1336 1239; x_wconf 90' lang='lat' dir='ltr'><strong>nunc.</strong></span> <span class='ocrx_word' id='word_1_81' title='bbox 1364 1186 1626 1252; x_wconf 80' lang='lat' dir='ltr'><strong>Antiquus</strong></span> <span class='ocrx_word' id='word_1_82' title='bbox 1653 1184 1858 1238; x_wconf 89' lang='lat' dir='ltr'><strong>dierum</strong></span> <span class='ocrx_word' id='word_1_83' title='bbox 1885 1187 2007 1254; x_wconf 90' lang='lat' dir='ltr'><strong>quid</strong></span> <span class='ocrx_word' id='word_1_84' title='bbox 2037 1195 2117 1239; x_wconf 89' lang='lat' dir='ltr'><strong>est</strong></span> <span class='ocrx_word' id='word_1_85' title='bbox 2144 1186 2168 1237; x_wconf 85' lang='lat'><strong>?</strong></span> <span class='ocrx_word' id='word_1_86' title='bbox 2193 1186 2314 1240; x_wconf 90' lang='lat' dir='ltr'><strong>Seni</strong></span> 
     </span>
    </p>
   </div>
   <div class='ocr_carea' id='block_1_11' title="bbox 752 1272 2317 1345">
    <p class='ocr_par' dir='ltr' id='par_1_11' title="bbox 752 1272 2317 1345">
     <span class='ocr_line' id='line_1_11' title="bbox 752 1272 2317 1345; baseline 0.003 -19"><span class='ocrx_word' id='word_1_87' title='bbox 752 1272 962 1327; x_wconf 83' lang='lat' dir='ltr'><strong>cuidam</strong></span> <span class='ocrx_word' id='word_1_88' title='bbox 983 1274 1168 1328; x_wconf 86' lang='lat' dir='ltr'><strong>similis</strong></span> <span class='ocrx_word' id='word_1_89' title='bbox 1189 1282 1322 1328; x_wconf 89' lang='lat' dir='ltr'><strong>erat.</strong></span> <span class='ocrx_word' id='word_1_90' title='bbox 1342 1273 1470 1328; x_wconf 86' lang='lat' dir='ltr'><strong>Nam</strong></span> <span class='ocrx_word' id='word_1_91' title='bbox 1489 1273 1554 1327; x_wconf 89' lang='lat' dir='ltr'><strong>ad</strong></span> <span class='ocrx_word' id='word_1_92' title='bbox 1577 1288 1702 1327; x_wconf 88' lang='lat' dir='ltr'><strong>usus</strong></span> <span class='ocrx_word' id='word_1_93' title='bbox 1730 1289 1928 1335; x_wconf 81' lang='lat' dir='ltr'><strong>rerum.</strong></span> <span class='ocrx_word' id='word_1_94' title='bbox 1951 1284 2168 1345; x_wconf 83' lang='lat' dir='ltr'><strong>propter</strong></span> <span class='ocrx_word' id='word_1_95' title='bbox 2187 1290 2317 1343; x_wconf 89' lang='lat' dir='ltr'><strong>quas</strong></span> 
     </span>
    </p>
   </div>
   <div class='ocr_carea' id='block_1_12' title="bbox 753 1361 2316 1431">
    <p class='ocr_par' dir='ltr' id='par_1_12' title="bbox 753 1361 2316 1431">
     <span class='ocr_line' id='line_1_12' title="bbox 753 1361 2316 1431; baseline 0.003 -18"><span class='ocrx_word' id='word_1_96' title='bbox 753 1371 993 1429; x_wconf 78' lang='lat' dir='ltr'><strong>apparet,</strong></span> <span class='ocrx_word' id='word_1_97' title='bbox 1020 1363 1251 1431; x_wconf 83' lang='lat' dir='ltr'><strong>seipsum</strong></span> <span class='ocrx_word' id='word_1_98' title='bbox 1293 1361 1484 1416; x_wconf 78' lang='lat' dir='ltr'><strong>format</strong></span> <span class='ocrx_word' id='word_1_99' title='bbox 1513 1379 1526 1419; x_wconf 88' lang='lat'><strong>:</strong></span> <span class='ocrx_word' id='word_1_100' title='bbox 1553 1371 1710 1431; x_wconf 88' lang='lat' dir='ltr'><strong>atque</strong></span> <span class='ocrx_word' id='word_1_101' title='bbox 1735 1362 1818 1416; x_wconf 88' lang='lat' dir='ltr'><strong>hic</strong></span> <span class='ocrx_word' id='word_1_102' title='bbox 1835 1363 2066 1418; x_wconf 88' lang='lat' dir='ltr'><strong>ostendit</strong></span> <span class='ocrx_word' id='word_1_103' title='bbox 2101 1364 2316 1418; x_wconf 82' lang='lat' dir='ltr'><strong>senibus</strong></span> 
     </span>
    </p>
   </div>
   <div class='ocr_carea' id='block_1_13' title="bbox 749 1449 2317 1520">
    <p class='ocr_par' dir='ltr' id='par_1_13' title="bbox 749 1449 2317 1520">
     <span class='ocr_line' id='line_1_13' title="bbox 749 1449 2317 1520; baseline 0.001 -16"><span class='ocrx_word' id='word_1_104' title='bbox 749 1449 940 1520; x_wconf 88' lang='lat' dir='ltr'><strong>judicia</strong></span> <span class='ocrx_word' id='word_1_105' title='bbox 961 1465 1079 1506; x_wconf 86' lang='lat' dir='ltr'><strong>esse</strong></span> <span class='ocrx_word' id='word_1_106' title='bbox 1099 1451 1491 1506; x_wconf 87' lang='lat' dir='ltr'><strong>committenda.</strong></span> <span class='ocrx_word' id='word_1_107' title='bbox 1519 1451 1669 1506; x_wconf 87' lang='lat' dir='ltr'><strong>Sicut</strong></span> <span class='ocrx_word' id='word_1_108' title='bbox 1687 1453 1825 1506; x_wconf 89' lang='lat' dir='ltr'><strong>enim</strong></span> <span class='ocrx_word' id='word_1_109' title='bbox 1854 1467 1972 1506; x_wconf 93' lang='lat' dir='ltr'><strong>cum</strong></span> <span class='ocrx_word' id='word_1_110' title='bbox 2002 1452 2151 1507; x_wconf 91' lang='lat' dir='ltr'><strong>audis</strong></span> <span class='ocrx_word' id='word_1_111' title='bbox 2173 1452 2317 1506; x_wconf 90' lang='lat' dir='ltr'><strong>thro-</strong></span> 
     </span>
    </p>
   </div>
   <div class='ocr_carea' id='block_1_14' title="bbox 749 1542 2315 1612">
    <p class='ocr_par' dir='ltr' id='par_1_14' title="bbox 749 1542 2315 1612">
     <span class='ocr_line' id='line_1_14' title="bbox 749 1542 2315 1612; baseline 0.001 -18"><span class='ocrx_word' id='word_1_112' title='bbox 749 1557 875 1596; x_wconf 87' lang='lat' dir='ltr'><strong>num</strong></span> <span class='ocrx_word' id='word_1_113' title='bbox 895 1581 911 1608; x_wconf 89' lang='lat'><strong>,</strong></span> <span class='ocrx_word' id='word_1_114' title='bbox 936 1555 1042 1596; x_wconf 86' lang='lat' dir='ltr'><strong>non</strong></span> <span class='ocrx_word' id='word_1_115' title='bbox 1065 1542 1366 1598; x_wconf 80' lang='lat' dir='ltr'><strong>cathedram</strong></span> <span class='ocrx_word' id='word_1_116' title='bbox 1394 1543 1640 1611; x_wconf 69' lang='lat' dir='ltr'><strong>intelligis</strong></span> <span class='ocrx_word' id='word_1_117' title='bbox 1671 1560 1684 1596; x_wconf 89' lang='lat'><strong>:</strong></span> <span class='ocrx_word' id='word_1_118' title='bbox 1717 1557 1902 1597; x_wconf 86' lang='lat' dir='ltr'><strong>verum</strong></span> <span class='ocrx_word' id='word_1_119' title='bbox 1928 1543 2044 1612; x_wconf 90' lang='lat' dir='ltr'><strong>quis</strong></span> <span class='ocrx_word' id='word_1_120' title='bbox 2077 1542 2208 1597; x_wconf 90' lang='lat' dir='ltr'><strong>adeo</strong></span> <span class='ocrx_word' id='word_1_121' title='bbox 2233 1544 2315 1596; x_wconf 87' lang='lat' dir='ltr'><strong>vi-</strong></span> 
     </span>
    </p>
   </div>
   <div class='ocr_carea' id='block_1_15' title="bbox 749 1629 2314 1701">
    <p class='ocr_par' dir='ltr' id='par_1_15' title="bbox 749 1629 2314 1701">
     <span class='ocr_line' id='line_1_15' title="bbox 749 1629 2314 1701; baseline 0 -16"><span class='ocrx_word' id='word_1_122' title='bbox 749 1629 853 1686; x_wconf 85' lang='lat' dir='ltr'><strong>lem</strong></span> <span class='ocrx_word' id='word_1_123' title='bbox 877 1645 942 1686; x_wconf 86' lang='lat' dir='ltr'><strong>ac</strong></span> <span class='ocrx_word' id='word_1_124' title='bbox 967 1631 1232 1701; x_wconf 75' lang='lat' dir='ltr'><strong>vulgarem</strong></span> <span class='ocrx_word' id='word_1_125' title='bbox 1261 1646 1472 1687; x_wconf 86' lang='lat' dir='ltr'><strong>sensum</strong></span> <span class='ocrx_word' id='word_1_126' title='bbox 1495 1631 1774 1700; x_wconf 82' lang='lat' dir='ltr'><strong>arriperet,</strong></span> <span class='ocrx_word' id='word_1_127' title='bbox 1801 1645 1919 1686; x_wconf 89' lang='lat' dir='ltr'><strong>cum</strong></span> <span class='ocrx_word' id='word_1_128' title='bbox 1950 1640 2004 1685; x_wconf 88' lang='lat' dir='ltr'><strong>et</strong></span> <span class='ocrx_word' id='word_1_129' title='bbox 2029 1632 2151 1686; x_wconf 82' lang='lat' dir='ltr'><strong>alibi</strong></span> <span class='ocrx_word' id='word_1_130' title='bbox 2178 1632 2314 1686; x_wconf 91' lang='lat' dir='ltr'><strong>Deus</strong></span> 
     </span>
    </p>
   </div>
   <div class='ocr_carea' id='block_1_16' title="bbox 747 1721 2308 1789">
    <p class='ocr_par' dir='ltr' id='par_1_16' title="bbox 747 1721 2308 1789">
     <span class='ocr_line' id='line_1_16' title="bbox 747 1721 2308 1789; baseline 0.001 -14"><span class='ocrx_word' id='word_1_131' title='bbox 747 1730 982 1775; x_wconf 88' lang='lat' dir='ltr'><strong>armatus</strong></span> <span class='ocrx_word' id='word_1_132' title='bbox 1026 1721 1284 1786; x_wconf 85' lang='lat' dir='ltr'><strong>videatur,</strong></span> <span class='ocrx_word' id='word_1_133' title='bbox 1313 1731 1366 1775; x_wconf 90' lang='lat' dir='ltr'><strong>et</strong></span> <span class='ocrx_word' id='word_1_134' title='bbox 1416 1721 1537 1775; x_wconf 84' lang='lat' dir='ltr'><strong>alibi</strong></span> <span class='ocrx_word' id='word_1_135' title='bbox 1579 1730 1887 1776; x_wconf 89' lang='lat' dir='ltr'><strong>cruentatus</strong></span> <span class='ocrx_word' id='word_1_136' title='bbox 1931 1722 1946 1789; x_wconf 97' lang='lat'>(</span> <span class='ocrx_word' id='word_1_137' title='bbox 1978 1722 2108 1788; x_wconf 85' lang='lat' dir='ltr'><strong>Sap.</strong></span> <span class='ocrx_word' id='word_1_138' title='bbox 2137 1722 2191 1775; x_wconf 83' lang='lat'><strong>5.</strong></span> <span class='ocrx_word' id='word_1_139' title='bbox 2222 1723 2308 1776; x_wconf 80' lang='grc'><strong>18.</strong></span> 
     </span>
    </p>
   </div>
   <div class='ocr_carea' id='block_1_17' title="bbox 746 1809 2310 1882">
    <p class='ocr_par' dir='ltr' id='par_1_17' title="bbox 746 1809 2310 1882">
     <span class='ocr_line' id='line_1_17' title="bbox 746 1809 2310 1882; baseline 0.001 -18"><span class='ocrx_word' id='word_1_140' title='bbox 746 1809 873 1865; x_wconf 87' lang='lat' dir='ltr'><strong>Isai.</strong></span> <span class='ocrx_word' id='word_1_141' title='bbox 892 1810 980 1866; x_wconf 82' lang='grc'><strong>65.</strong></span> <span class='ocrx_word' id='word_1_142' title='bbox 1003 1810 1220 1882; x_wconf 74' lang='lat' dir='ltr'><strong>3)?lloc</strong></span> <span class='ocrx_word' id='word_1_143' title='bbox 1250 1812 1424 1881; x_wconf 82' lang='lat' dir='ltr'><strong>itaque</strong></span> <span class='ocrx_word' id='word_1_144' title='bbox 1455 1811 1688 1866; x_wconf 86' lang='lat' dir='ltr'><strong>indicare</strong></span> <span class='ocrx_word' id='word_1_145' title='bbox 1715 1812 1856 1874; x_wconf 92' lang='lat' dir='ltr'><strong>vult,</strong></span> <span class='ocrx_word' id='word_1_146' title='bbox 1887 1820 2096 1880; x_wconf 87' lang='lat' dir='ltr'><strong>tempus</strong></span> <span class='ocrx_word' id='word_1_147' title='bbox 2131 1811 2310 1880; x_wconf 91' lang='lat' dir='ltr'><strong>judicii</strong></span> 
     </span>
    </p>
   </div>
   <div class='ocr_carea' id='block_1_18' title="bbox 745 1900 2312 1972">
    <p class='ocr_par' dir='ltr' id='par_1_18' title="bbox 745 1900 2312 1972">
     <span class='ocr_line' id='line_1_18' title="bbox 745 1900 2312 1972; baseline 0.001 -17"><span class='ocrx_word' id='word_1_148' title='bbox 745 1915 884 1955; x_wconf 87' lang='lat' dir='ltr'><strong>esse.</strong></span> <span class='ocrx_word' id='word_1_149' title='bbox 920 1900 1273 1955; x_wconf 83' lang='lat' dir='ltr'><strong>Vestimentum</strong></span> <span class='ocrx_word' id='word_1_150' title='bbox 1316 1904 1447 1972; x_wconf 85' lang='lat' dir='ltr'><strong>ejus,</strong></span> <span class='ocrx_word' id='word_1_151' title='bbox 1476 1902 1618 1969; x_wconf 80' lang='lat' dir='ltr'><strong>quasi</strong></span> <span class='ocrx_word' id='word_1_152' title='bbox 1643 1901 1752 1965; x_wconf 67' lang='lat' dir='ltr'><strong>nix,</strong></span> <span class='ocrx_word' id='word_1_153' title='bbox 1790 1902 2078 1955; x_wconf 88' lang='lat' dir='ltr'><strong>candidum.</strong></span> <span class='ocrx_word' id='word_1_154' title='bbox 2103 1903 2312 1968; x_wconf 79' lang='lat' dir='ltr'><strong>Quare?</strong></span> 
     </span>
    </p>
   </div>
   <div class='ocr_carea' id='block_1_19' title="bbox 746 1991 2313 2063">
    <p class='ocr_par' dir='ltr' id='par_1_19' title="bbox 746 1991 2313 2063">
     <span class='ocr_line' id='line_1_19' title="bbox 746 1991 2313 2063; baseline 0.001 -17"><span class='ocrx_word' id='word_1_155' title='bbox 746 1991 1001 2058; x_wconf 83' lang='lat' dir='ltr'><strong>Quoniam</strong></span> <span class='ocrx_word' id='word_1_156' title='bbox 1031 2008 1134 2046; x_wconf 89' lang='lat' dir='ltr'><strong>non</strong></span> <span class='ocrx_word' id='word_1_157' title='bbox 1172 1992 1330 2046; x_wconf 86' lang='lat' dir='ltr'><strong>modo</strong></span> <span class='ocrx_word' id='word_1_158' title='bbox 1369 2003 1575 2063; x_wconf 90' lang='lat' dir='ltr'><strong>tempus</strong></span> <span class='ocrx_word' id='word_1_159' title='bbox 1598 2001 1680 2048; x_wconf 89' lang='lat' dir='ltr'><strong>est</strong></span> <span class='ocrx_word' id='word_1_160' title='bbox 1704 1992 1884 2061; x_wconf 90' lang='lat' dir='ltr'><strong>jndicii</strong></span> <span class='ocrx_word' id='word_1_161' title='bbox 1912 2034 1927 2058; x_wconf 90' lang='lat'><strong>,</strong></span> <span class='ocrx_word' id='word_1_162' title='bbox 1956 1992 2050 2048; x_wconf 90' lang='lat' dir='ltr'><strong>sed</strong></span> <span class='ocrx_word' id='word_1_163' title='bbox 2084 1995 2313 2049; x_wconf 86' lang='lat' dir='ltr'><strong>retribu-</strong></span> 
     </span>
    </p>
   </div>
   <div class='ocr_carea' id='block_1_20' title="bbox 743 2081 2306 2152">
    <p class='ocr_par' dir='ltr' id='par_1_20' title="bbox 743 2081 2306 2152">
     <span class='ocr_line' id='line_1_20' title="bbox 743 2081 2306 2152; baseline 0.002 -17"><span class='ocrx_word' id='word_1_164' title='bbox 743 2082 904 2135; x_wconf 88' lang='lat' dir='ltr'><strong>tionis</strong></span> <span class='ocrx_word' id='word_1_165' title='bbox 929 2098 1135 2152; x_wconf 85' lang='lat' dir='ltr'><strong>qnoque</strong></span> <span class='ocrx_word' id='word_1_166' title='bbox 1160 2101 1173 2137; x_wconf 92' lang='lat'><strong>:</strong></span> <span class='ocrx_word' id='word_1_167' title='bbox 1201 2082 1447 2152; x_wconf 90' lang='lat' dir='ltr'><strong>quoniam</strong></span> <span class='ocrx_word' id='word_1_168' title='bbox 1477 2093 1693 2137; x_wconf 90' lang='lat' dir='ltr'><strong>cunctos</strong></span> <span class='ocrx_word' id='word_1_169' title='bbox 1718 2081 1814 2152; x_wconf 91' lang='lat' dir='ltr'><strong>ipsi</strong></span> <span class='ocrx_word' id='word_1_170' title='bbox 1845 2081 2054 2137; x_wconf 85' lang='lat' dir='ltr'><strong>adstare</strong></span> <span class='ocrx_word' id='word_1_171' title='bbox 2080 2093 2306 2152; x_wconf 87' lang='lat' dir='ltr'><strong>oportet:</strong></span> 
     </span>
    </p>
   </div>
   <div class='ocr_carea' id='block_1_21' title="bbox 743 2171 2310 2245">
    <p class='ocr_par' dir='ltr' id='par_1_21' title="bbox 743 2171 2310 2245">
     <span class='ocr_line' id='line_1_21' title="bbox 743 2171 2310 2245; baseline 0.003 -22"><span class='ocrx_word' id='word_1_172' title='bbox 743 2172 986 2240; x_wconf 89' lang='lat' dir='ltr'><strong>quoniam</strong></span> <span class='ocrx_word' id='word_1_173' title='bbox 1026 2171 1282 2225; x_wconf 75' lang='lat' dir='ltr'><strong>Iudicium</strong></span> <span class='ocrx_word' id='word_1_174' title='bbox 1316 2173 1483 2236; x_wconf 86' lang='lat' dir='ltr'><strong>illius,</strong></span> <span class='ocrx_word' id='word_1_175' title='bbox 1529 2172 1727 2241; x_wconf 84' lang='lat' dir='ltr'><strong>inquit,</strong></span> <span class='ocrx_word' id='word_1_176' title='bbox 1756 2173 1898 2242; x_wconf 87' lang='lat' dir='ltr'><strong>quasi</strong></span> <span class='ocrx_word' id='word_1_177' title='bbox 1923 2173 2012 2227; x_wconf 76' lang='lat' dir='ltr'><strong>lux</strong></span> <span class='ocrx_word' id='word_1_178' title='bbox 2037 2175 2310 2245; x_wconf 72' lang='lat' dir='ltr'><strong>egredietur</strong></span> 
     </span>
    </p>
   </div>
   <div class='ocr_carea' id='block_1_22' title="bbox 747 2261 2308 2333">
    <p class='ocr_par' dir='ltr' id='par_1_22' title="bbox 747 2261 2308 2333">
     <span class='ocr_line' id='line_1_22' title="bbox 747 2261 2308 2333; baseline 0.003 -19"><span class='ocrx_word' id='word_1_179' title='bbox 747 2261 911 2332; x_wconf 81' lang='lat' dir='ltr'><strong>(Osee</strong></span> <span class='ocrx_word' id='word_1_180' title='bbox 936 2264 984 2317; x_wconf 91' lang='lat'><strong>6.</strong></span> <span class='ocrx_word' id='word_1_181' title='bbox 1012 2264 1045 2318; x_wconf 82' lang='grc'><strong>5</strong></span> <span class='ocrx_word' id='word_1_182' title='bbox 1072 2264 1111 2333; x_wconf 92' lang='grc'><strong>).</strong></span> <span class='ocrx_word' id='word_1_183' title='bbox 1143 2263 1340 2318; x_wconf 91' lang='lat' dir='ltr'><strong>Deinde</strong></span> <span class='ocrx_word' id='word_1_184' title='bbox 1368 2262 1562 2316; x_wconf 85' lang='lat' dir='ltr'><strong>Throni</strong></span> <span class='ocrx_word' id='word_1_185' title='bbox 1584 2264 1732 2332; x_wconf 86' lang='lat' dir='ltr'><strong>positi</strong></span> <span class='ocrx_word' id='word_1_186' title='bbox 1758 2272 1893 2316; x_wconf 87' lang='lat' dir='ltr'><strong>sunt.</strong></span> <span class='ocrx_word' id='word_1_187' title='bbox 1921 2264 2106 2319; x_wconf 88' lang='lat' dir='ltr'><strong>Nonne</strong></span> <span class='ocrx_word' id='word_1_188' title='bbox 2133 2266 2308 2320; x_wconf 88' lang='lat' dir='ltr'><strong>throni</strong></span> 
     </span>
    </p>
   </div>
   <div class='ocr_carea' id='block_1_23' title="bbox 741 2351 2309 2424">
    <p class='ocr_par' dir='ltr' id='par_1_23' title="bbox 741 2351 2309 2424">
     <span class='ocr_line' id='line_1_23' title="bbox 741 2351 2309 2424; baseline 0.003 -18"><span class='ocrx_word' id='word_1_189' title='bbox 741 2351 796 2406; x_wconf 89' lang='lat' dir='ltr'><strong>in</strong></span> <span class='ocrx_word' id='word_1_190' title='bbox 842 2353 1031 2423; x_wconf 87' lang='lat' dir='ltr'><strong>quibus</strong></span> <span class='ocrx_word' id='word_1_191' title='bbox 1072 2353 1337 2418; x_wconf 83' lang='lat' dir='ltr'><strong>Sedebitis,</strong></span> <span class='ocrx_word' id='word_1_192' title='bbox 1384 2353 1578 2424; x_wconf 89' lang='lat' dir='ltr'><strong>inquit,</strong></span> <span class='ocrx_word' id='word_1_193' title='bbox 1607 2370 1756 2423; x_wconf 89' lang='lat' dir='ltr'><strong>super</strong></span> <span class='ocrx_word' id='word_1_194' title='bbox 1804 2355 2065 2408; x_wconf 83' lang='lat' dir='ltr'><strong>duodecim</strong></span> <span class='ocrx_word' id='word_1_195' title='bbox 2107 2357 2309 2411; x_wconf 85' lang='lat' dir='ltr'><strong>thronos</strong></span> 
     </span>
    </p>
   </div>
   <div class='ocr_carea' id='block_1_24' title="bbox 745 2441 2304 2515">
    <p class='ocr_par' dir='ltr' id='par_1_24' title="bbox 745 2441 2304 2515">
     <span class='ocr_line' id='line_1_24' title="bbox 745 2441 2304 2515; baseline 0.004 -22"><span class='ocrx_word' id='word_1_196' title='bbox 745 2441 952 2510; x_wconf 70' lang='lat' dir='ltr'><strong>(Matth.</strong></span> <span class='ocrx_word' id='word_1_197' title='bbox 963 2444 984 2496; x_wconf 93' lang='grc'><strong>1</strong></span> <span class='ocrx_word' id='word_1_198' title='bbox 995 2443 1045 2497; x_wconf 93' lang='lat'><strong>9.</strong></span> <span class='ocrx_word' id='word_1_199' title='bbox 1063 2443 1178 2511; x_wconf 72' lang='lat'><strong>28)?</strong></span> <span class='ocrx_word' id='word_1_200' title='bbox 1193 2441 1255 2496; x_wconf 80' lang='lat' dir='ltr'><strong>Et</strong></span> <span class='ocrx_word' id='word_1_201' title='bbox 1265 2443 1477 2514; x_wconf 77' lang='lat' dir='ltr'><strong>capillus</strong></span> <span class='ocrx_word' id='word_1_202' title='bbox 1490 2445 1667 2508; x_wconf 77' lang='lat' dir='ltr'><strong>capitis</strong></span> <span class='ocrx_word' id='word_1_203' title='bbox 1681 2445 1788 2515; x_wconf 86' lang='lat' dir='ltr'><strong>ejus</strong></span> <span class='ocrx_word' id='word_1_204' title='bbox 1807 2447 1948 2514; x_wconf 87' lang='lat' dir='ltr'><strong>quasi</strong></span> <span class='ocrx_word' id='word_1_205' title='bbox 1965 2446 2082 2498; x_wconf 86' lang='lat' dir='ltr'><strong>lana</strong></span> <span class='ocrx_word' id='word_1_206' title='bbox 2098 2446 2304 2501; x_wconf 87' lang='lat' dir='ltr'><strong>munda.</strong></span> 
     </span>
    </p>
   </div>
   <div class='ocr_carea' id='block_1_25' title="bbox 741 2529 2305 2604">
    <p class='ocr_par' dir='ltr' id='par_1_25' title="bbox 741 2529 2305 2604">
     <span class='ocr_line' id='line_1_25' title="bbox 741 2529 2305 2604; baseline 0.004 -20"><span class='ocrx_word' id='word_1_207' title='bbox 741 2529 882 2601; x_wconf 82' lang='lat' dir='ltr'><strong>Ignis</strong></span> <span class='ocrx_word' id='word_1_208' title='bbox 903 2531 1032 2586; x_wconf 83' lang='lat' dir='ltr'><strong>nihil</strong></span> <span class='ocrx_word' id='word_1_209' title='bbox 1052 2534 1412 2599; x_wconf 86' lang='lat' dir='ltr'><strong>consumebat,</strong></span> <span class='ocrx_word' id='word_1_210' title='bbox 1447 2533 1871 2604; x_wconf 85' lang='lat' dir='ltr'><strong>quandoquidem</strong></span> <span class='ocrx_word' id='word_1_211' title='bbox 1895 2534 2030 2589; x_wconf 85' lang='lat' dir='ltr'><strong>lenis</strong></span> <span class='ocrx_word' id='word_1_212' title='bbox 2058 2544 2190 2590; x_wconf 88' lang='lat' dir='ltr'><strong>erat.</strong></span> <span class='ocrx_word' id='word_1_213' title='bbox 2213 2536 2305 2590; x_wconf 51' lang='lat' dir='ltr'><strong>Vin</strong></span> 
     </span>
    </p>
   </div>
   <div class='ocr_carea' id='block_1_26' title="bbox 742 2620 2306 2694">
    <p class='ocr_par' dir='ltr' id='par_1_26' title="bbox 742 2620 2306 2694">
     <span class='ocr_line' id='line_1_26' title="bbox 742 2620 2306 2694; baseline 0.003 -20"><span class='ocrx_word' id='word_1_214' title='bbox 742 2620 838 2675; x_wconf 89' lang='lat' dir='ltr'><strong>des</strong></span> <span class='ocrx_word' id='word_1_215' title='bbox 861 2621 1044 2677; x_wconf 83' lang='lat' dir='ltr'><strong>faciem</strong></span> <span class='ocrx_word' id='word_1_216' title='bbox 1069 2631 1124 2677; x_wconf 90' lang='lat' dir='ltr'><strong>et</strong></span> <span class='ocrx_word' id='word_1_217' title='bbox 1143 2622 1375 2676; x_wconf 88' lang='lat' dir='ltr'><strong>habitum</strong></span> <span class='ocrx_word' id='word_1_218' title='bbox 1393 2623 1599 2678; x_wconf 76' lang='lat' dir='ltr'><strong>civilem</strong></span> <span class='ocrx_word' id='word_1_219' title='bbox 1617 2638 1679 2677; x_wconf 93' lang='lat' dir='ltr'><strong>ac</strong></span> <span class='ocrx_word' id='word_1_220' title='bbox 1696 2625 2040 2694; x_wconf 85' lang='lat' dir='ltr'><strong>popularem?</strong></span> <span class='ocrx_word' id='word_1_221' title='bbox 2060 2626 2306 2680; x_wconf 90' lang='lat' dir='ltr'><strong>Thronus</strong></span> 
     </span>
    </p>
   </div>
   <div class='ocr_carea' id='block_1_27' title="bbox 743 2710 2303 2784">
    <p class='ocr_par' dir='ltr' id='par_1_27' title="bbox 743 2710 2303 2784">
     <span class='ocr_line' id='line_1_27' title="bbox 743 2710 2303 2784; baseline 0.003 -20"><span class='ocrx_word' id='word_1_222' title='bbox 743 2710 990 2777; x_wconf 89' lang='lat' dir='ltr'><strong>terrebat,</strong></span> <span class='ocrx_word' id='word_1_223' title='bbox 1007 2710 1146 2781; x_wconf 90' lang='lat' dir='ltr'><strong>quod</strong></span> <span class='ocrx_word' id='word_1_224' title='bbox 1167 2712 1286 2781; x_wconf 86' lang='lat' dir='ltr'><strong>igne</strong></span> <span class='ocrx_word' id='word_1_225' title='bbox 1301 2712 1624 2776; x_wconf 89' lang='lat' dir='ltr'><strong>abundaret;</strong></span> <span class='ocrx_word' id='word_1_226' title='bbox 1643 2723 1696 2767; x_wconf 90' lang='lat' dir='ltr'><strong>et</strong></span> <span class='ocrx_word' id='word_1_227' title='bbox 1717 2728 1817 2768; x_wconf 93' lang='lat' dir='ltr'><strong>non</strong></span> <span class='ocrx_word' id='word_1_228' title='bbox 1838 2714 1954 2783; x_wconf 84' lang='lat' dir='ltr'><strong>igne</strong></span> <span class='ocrx_word' id='word_1_229' title='bbox 1973 2715 2303 2784; x_wconf 87' lang='lat' dir='ltr'><strong>simpliciter,</strong></span> 
     </span>
    </p>
   </div>
   <div class='ocr_carea' id='block_1_28' title="bbox 744 2802 2299 2874">
    <p class='ocr_par' dir='ltr' id='par_1_28' title="bbox 744 2802 2299 2874">
     <span class='ocr_line' id='line_1_28' title="bbox 744 2802 2299 2874; baseline 0.001 -16"><span class='ocrx_word' id='word_1_230' title='bbox 744 2802 834 2858; x_wconf 79' lang='lat' dir='ltr'><strong>sed</strong></span> <span class='ocrx_word' id='word_1_231' title='bbox 862 2804 980 2871; x_wconf 82' lang='lat' dir='ltr'><strong>igne</strong></span> <span class='ocrx_word' id='word_1_232' title='bbox 1000 2803 1236 2859; x_wconf 84' lang='lat' dir='ltr'><strong>ardente.</strong></span> <span class='ocrx_word' id='word_1_233' title='bbox 1266 2803 1395 2858; x_wconf 87' lang='lat' dir='ltr'><strong>Nam</strong></span> <span class='ocrx_word' id='word_1_234' title='bbox 1419 2820 1484 2858; x_wconf 91' lang='lat' dir='ltr'><strong>nc</strong></span> <span class='ocrx_word' id='word_1_235' title='bbox 1502 2805 1860 2867; x_wconf 84' lang='lat' dir='ltr'><strong>existimares,</strong></span> <span class='ocrx_word' id='word_1_236' title='bbox 1884 2821 1978 2874; x_wconf 90' lang='lat' dir='ltr'><strong>per</strong></span> <span class='ocrx_word' id='word_1_237' title='bbox 2003 2807 2299 2860; x_wconf 90' lang='lat' dir='ltr'><strong>similitudi-</strong></span> 
     </span>
    </p>
   </div>
   <div class='ocr_carea' id='block_1_29' title="bbox 739 2894 2304 2967">
    <p class='ocr_par' dir='ltr' id='par_1_29' title="bbox 739 2894 2304 2967">
     <span class='ocr_line' id='line_1_29' title="bbox 739 2894 2304 2967; baseline 0.004 -21"><span class='ocrx_word' id='word_1_238' title='bbox 739 2906 860 2947; x_wconf 88' lang='lat' dir='ltr'><strong>nem</strong></span> <span class='ocrx_word' id='word_1_239' title='bbox 878 2894 1061 2948; x_wconf 88' lang='lat' dir='ltr'><strong>factam</strong></span> <span class='ocrx_word' id='word_1_240' title='bbox 1079 2909 1197 2949; x_wconf 90' lang='lat' dir='ltr'><strong>esse</strong></span> <span class='ocrx_word' id='word_1_241' title='bbox 1215 2897 1680 2964; x_wconf 88' lang='lat' dir='ltr'><strong>comparationem,</strong></span> <span class='ocrx_word' id='word_1_242' title='bbox 1699 2896 1897 2951; x_wconf 90' lang='lat' dir='ltr'><strong>addidit</strong></span> <span class='ocrx_word' id='word_1_243' title='bbox 1915 2898 2048 2967; x_wconf 87' lang='lat' dir='ltr'><strong>ignis</strong></span> <span class='ocrx_word' id='word_1_244' title='bbox 2069 2899 2207 2952; x_wconf 88' lang='lat' dir='ltr'><strong>illius</strong></span> <span class='ocrx_word' id='word_1_245' title='bbox 2225 2898 2304 2953; x_wconf 80' lang='lat' dir='ltr'><strong>ef-</strong></span> 
     </span>
    </p>
   </div>
   <div class='ocr_carea' id='block_1_30' title="bbox 739 2981 2296 3055">
    <p class='ocr_par' dir='ltr' id='par_1_30' title="bbox 739 2981 2296 3055">
     <span class='ocr_line' id='line_1_30' title="bbox 739 2981 2296 3055; baseline 0.007 -21"><span class='ocrx_word' id='word_1_246' title='bbox 739 2981 992 3043; x_wconf 86' lang='lat' dir='ltr'><strong>licaciam,</strong></span> <span class='ocrx_word' id='word_1_247' title='bbox 1009 2999 1110 3035; x_wconf 88' lang='lat' dir='ltr'><strong>non</strong></span> <span class='ocrx_word' id='word_1_248' title='bbox 1124 2985 1294 3038; x_wconf 82' lang='lat' dir='ltr'><strong>solum</strong></span> <span class='ocrx_word' id='word_1_249' title='bbox 1311 2984 1482 3054; x_wconf 89' lang='lat' dir='ltr'><strong>ignem</strong></span> <span class='ocrx_word' id='word_1_250' title='bbox 1497 2985 1696 3051; x_wconf 90' lang='lat' dir='ltr'><strong>dicens,</strong></span> <span class='ocrx_word' id='word_1_251' title='bbox 1710 2987 1804 3041; x_wconf 89' lang='lat' dir='ltr'><strong>sed</strong></span> <span class='ocrx_word' id='word_1_252' title='bbox 1824 2989 1992 3055; x_wconf 89' lang='lat' dir='ltr'><strong>ignem</strong></span> <span class='ocrx_word' id='word_1_253' title='bbox 2006 2990 2296 3045; x_wconf 88' lang='lat' dir='ltr'><strong>ardentem.</strong></span> 
     </span>
    </p>
   </div>
   <div class='ocr_carea' id='block_1_31' title="bbox 737 3068 2300 3143">
    <p class='ocr_par' dir='ltr' id='par_1_31' title="bbox 737 3068 2300 3143">
     <span class='ocr_line' id='line_1_31' title="bbox 737 3068 2300 3143; baseline 0.006 -21"><span class='ocrx_word' id='word_1_254' title='bbox 737 3068 945 3124; x_wconf 79' lang='lat' dir='ltr'><strong>Flavius</strong></span> <span class='ocrx_word' id='word_1_255' title='bbox 960 3071 1087 3140; x_wconf 83' lang='lat' dir='ltr'><strong>ignis</strong></span> <span class='ocrx_word' id='word_1_256' title='bbox 1104 3071 1335 3125; x_wconf 82' lang='lat' dir='ltr'><strong>manabat</strong></span> <span class='ocrx_word' id='word_1_257' title='bbox 1351 3089 1382 3125; x_wconf 87' lang='lat' dir='ltr'><strong>a</strong></span> <span class='ocrx_word' id='word_1_258' title='bbox 1396 3084 1659 3142; x_wconf 81' lang='lat' dir='ltr'><strong>conspectu</strong></span> <span class='ocrx_word' id='word_1_259' title='bbox 1673 3075 1800 3143; x_wconf 87' lang='lat' dir='ltr'><strong>ejus.</strong></span> <span class='ocrx_word' id='word_1_260' title='bbox 1820 3074 1961 3129; x_wconf 77' lang='lat' dir='ltr'><strong>Mille</strong></span> <span class='ocrx_word' id='word_1_261' title='bbox 1977 3079 2135 3131; x_wconf 81' lang='lat' dir='ltr'><strong>millia</strong></span> <span class='ocrx_word' id='word_1_262' title='bbox 2148 3080 2300 3132; x_wconf 81' lang='lat' dir='ltr'><strong>mini-</strong></span> 
     </span>
    </p>
   </div>
   <div class='ocr_carea' id='block_1_32' title="bbox 735 3159 2296 3226">
    <p class='ocr_par' dir='ltr' id='par_1_32' title="bbox 735 3159 2296 3226">
     <span class='ocr_line' id='line_1_32' title="bbox 735 3159 2296 3226; baseline 0.006 -13"><span class='ocrx_word' id='word_1_263' title='bbox 735 3159 957 3214; x_wconf 77' lang='lat' dir='ltr'><strong>strabant</strong></span> <span class='ocrx_word' id='word_1_264' title='bbox 985 3162 1064 3226; x_wconf 89' lang='lat' dir='ltr'><strong>ei,</strong></span> <span class='ocrx_word' id='word_1_265' title='bbox 1094 3171 1141 3215; x_wconf 90' lang='lat' dir='ltr'><strong>et</strong></span> <span class='ocrx_word' id='word_1_266' title='bbox 1177 3161 1306 3216; x_wconf 88' lang='lat' dir='ltr'><strong>dena</strong></span> <span class='ocrx_word' id='word_1_267' title='bbox 1342 3163 1503 3217; x_wconf 83' lang='lat' dir='ltr'><strong>millia</strong></span> <span class='ocrx_word' id='word_1_268' title='bbox 1539 3163 1721 3216; x_wconf 81' lang='lat' dir='ltr'><strong>denum</strong></span> <span class='ocrx_word' id='word_1_269' title='bbox 1760 3165 1973 3218; x_wconf 88' lang='lat' dir='ltr'><strong>millium</strong></span> <span class='ocrx_word' id='word_1_270' title='bbox 2005 3168 2296 3222; x_wconf 82' lang='lat' dir='ltr'><strong>assistebant</strong></span> 
     </span>
    </p>
   </div>
   <div class='ocr_carea' id='block_1_33' title="bbox 737 3248 2298 3324">
    <p class='ocr_par' dir='ltr' id='par_1_33' title="bbox 737 3248 2298 3324">
     <span class='ocr_line' id='line_1_33' title="bbox 737 3248 2298 3324; baseline 0.006 -21"><span class='ocrx_word' id='word_1_271' title='bbox 737 3259 851 3304; x_wconf 84' lang='lat' dir='ltr'><strong>ante</strong></span> <span class='ocrx_word' id='word_1_272' title='bbox 877 3267 988 3304; x_wconf 87' lang='lat' dir='ltr'><strong>eum</strong></span> <span class='ocrx_word' id='word_1_273' title='bbox 1010 3248 1106 3324; x_wconf 91' lang='lat' dir='ltr'><strong>(a).</strong></span> <span class='ocrx_word' id='word_1_274' title='bbox 1148 3251 1405 3306; x_wconf 81' lang='lat' dir='ltr'><strong>Judicium</strong></span> <span class='ocrx_word' id='word_1_275' title='bbox 1430 3253 1574 3307; x_wconf 83' lang='lat' dir='ltr'><strong>sedit.</strong></span> <span class='ocrx_word' id='word_1_276' title='bbox 1620 3253 1730 3308; x_wconf 84' lang='lat' dir='ltr'><strong>Hoc</strong></span> <span class='ocrx_word' id='word_1_277' title='bbox 1755 3262 1837 3308; x_wconf 91' lang='lat' dir='ltr'><strong>est</strong></span> <span class='ocrx_word' id='word_1_278' title='bbox 1858 3296 1873 3319; x_wconf 96' lang='lat'><strong>,</strong></span> <span class='ocrx_word' id='word_1_279' title='bbox 1906 3254 2025 3310; x_wconf 89' lang='lat' dir='ltr'><strong>ideo</strong></span> <span class='ocrx_word' id='word_1_280' title='bbox 2054 3256 2298 3323; x_wconf 89' lang='lat' dir='ltr'><strong>advenit,</strong></span> 
     </span>
    </p>
   </div>
   <div class='ocr_carea' id='block_1_34' title="bbox 737 3341 2295 3419">
    <p class='ocr_par' dir='ltr' id='par_1_34' title="bbox 737 3341 2295 3419">
     <span class='ocr_line' id='line_1_34' title="bbox 737 3341 2295 3419; baseline 0.004 -24"><span class='ocrx_word' id='word_1_281' title='bbox 737 3349 794 3395; x_wconf 89' lang='lat' dir='ltr'><strong>ut</strong></span> <span class='ocrx_word' id='word_1_282' title='bbox 814 3341 1067 3412; x_wconf 79' lang='lat' dir='ltr'><strong>judicium</strong></span> <span class='ocrx_word' id='word_1_283' title='bbox 1091 3342 1320 3398; x_wconf 88' lang='lat' dir='ltr'><strong>daretur.</strong></span> <span class='ocrx_word' id='word_1_284' title='bbox 1346 3343 1408 3398; x_wconf 86' lang='lat' dir='ltr'><strong>Et</strong></span> <span class='ocrx_word' id='word_1_285' title='bbox 1433 3345 1544 3397; x_wconf 87' lang='lat' dir='ltr'><strong>libri</strong></span> <span class='ocrx_word' id='word_1_286' title='bbox 1567 3344 1727 3414; x_wconf 86' lang='lat' dir='ltr'><strong>aperti</strong></span> <span class='ocrx_word' id='word_1_287' title='bbox 1749 3355 1864 3399; x_wconf 85' lang='lat' dir='ltr'><strong>sunt</strong></span> <span class='ocrx_word' id='word_1_288' title='bbox 1890 3345 2047 3413; x_wconf 87' lang='lat' dir='ltr'><strong>(Dan.</strong></span> <span class='ocrx_word' id='word_1_289' title='bbox 2073 3347 2158 3402; x_wconf 96' lang='grc'><strong>15.</strong></span> <span class='ocrx_word' id='word_1_290' title='bbox 2184 3348 2295 3419; x_wconf 74' lang='grc'><strong>12).</strong></span> 
     </span>
    </p>
   </div>
   <div class='ocr_carea' id='block_1_35' title="bbox 739 3430 2300 3503">
    <p class='ocr_par' dir='ltr' id='par_1_35' title="bbox 739 3430 2300 3503">
     <span class='ocr_line' id='line_1_35' title="bbox 739 3430 2300 3503; baseline 0.006 -20"><span class='ocrx_word' id='word_1_291' title='bbox 739 3430 874 3497; x_wconf 90' lang='lat' dir='ltr'><strong>Quid</strong></span> <span class='ocrx_word' id='word_1_292' title='bbox 905 3431 1022 3484; x_wconf 77' lang='lat' dir='ltr'><strong>ais?</strong></span> <span class='ocrx_word' id='word_1_293' title='bbox 1051 3432 1196 3487; x_wconf 90' lang='lat' dir='ltr'><strong>libris</strong></span> <span class='ocrx_word' id='word_1_294' title='bbox 1237 3433 1374 3488; x_wconf 89' lang='lat' dir='ltr'><strong>Deus</strong></span> <span class='ocrx_word' id='word_1_295' title='bbox 1402 3434 1627 3503; x_wconf 83' lang='lat' dir='ltr'><strong>indiget,</strong></span> <span class='ocrx_word' id='word_1_296' title='bbox 1665 3435 1762 3499; x_wconf 85' lang='lat' dir='ltr'><strong>Qui</strong></span> <span class='ocrx_word' id='word_1_297' title='bbox 1793 3437 1960 3489; x_wconf 87' lang='lat' dir='ltr'><strong>omnia</strong></span> <span class='ocrx_word' id='word_1_298' title='bbox 2000 3439 2131 3490; x_wconf 80' lang='lat' dir='ltr'><strong>novit</strong></span> <span class='ocrx_word' id='word_1_299' title='bbox 2162 3450 2300 3492; x_wconf 88' lang='lat' dir='ltr'><strong>ante-</strong></span> 
     </span>
    </p>
   </div>
   <div class='ocr_carea' id='block_1_36' title="bbox 734 3522 2296 3599">
    <p class='ocr_par' dir='ltr' id='par_1_36' title="bbox 734 3522 2296 3599">
     <span class='ocr_line' id='line_1_36' title="bbox 734 3522 2296 3599; baseline 0.006 -25"><span class='ocrx_word' id='word_1_300' title='bbox 734 3536 882 3589; x_wconf 83' lang='lat' dir='ltr'><strong>quam</strong></span> <span class='ocrx_word' id='word_1_301' title='bbox 907 3522 1071 3590; x_wconf 81' lang='lat' dir='ltr'><strong>ﬁant?</strong></span> <span class='ocrx_word' id='word_1_302' title='bbox 1097 3522 1194 3587; x_wconf 86' lang='lat' dir='ltr'><strong>Qui</strong></span> <span class='ocrx_word' id='word_1_303' title='bbox 1217 3524 1362 3591; x_wconf 75' lang='lat' dir='ltr'><strong>ﬁnxit</strong></span> <span class='ocrx_word' id='word_1_304' title='bbox 1380 3525 1635 3594; x_wconf 83' lang='lat' dir='ltr'><strong>stgillatim</strong></span> <span class='ocrx_word' id='word_1_305' title='bbox 1657 3526 1811 3579; x_wconf 88' lang='lat' dir='ltr'><strong>corda</strong></span> <span class='ocrx_word' id='word_1_306' title='bbox 1830 3544 2000 3581; x_wconf 90' lang='lat' dir='ltr'><strong>eorum</strong></span> <span class='ocrx_word' id='word_1_307' title='bbox 2022 3528 2185 3599; x_wconf 86' lang='lat' dir='ltr'><strong>(Psal.</strong></span> <span class='ocrx_word' id='word_1_308' title='bbox 2207 3530 2296 3585; x_wconf 87' lang='grc'><strong>52.</strong></span> 
     </span>
    </p>
   </div>
   <div class='ocr_carea' id='block_1_37' title="bbox 736 3611 2298 3686">
    <p class='ocr_par' dir='ltr' id='par_1_37' title="bbox 736 3611 2298 3686">
     <span class='ocr_line' id='line_1_37' title="bbox 736 3611 2298 3686; baseline 0.008 -22"><span class='ocrx_word' id='word_1_309' title='bbox 736 3611 865 3678; x_wconf 68' lang='lat'><strong>15)?</strong></span> <span class='ocrx_word' id='word_1_310' title='bbox 892 3612 992 3666; x_wconf 89' lang='lat' dir='ltr'><strong>Sed</strong></span> <span class='ocrx_word' id='word_1_311' title='bbox 1017 3612 1164 3680; x_wconf 79' lang='lat' dir='ltr'><strong>juxta</strong></span> <span class='ocrx_word' id='word_1_312' title='bbox 1194 3614 1625 3669; x_wconf 86' lang='lat' dir='ltr'><strong>consuetudinem</strong></span> <span class='ocrx_word' id='word_1_313' title='bbox 1658 3617 2055 3686; x_wconf 88' lang='lat' dir='ltr'><strong>magistratuum</strong></span> <span class='ocrx_word' id='word_1_314' title='bbox 2087 3631 2298 3676; x_wconf 90' lang='lat' dir='ltr'><strong>nostro-</strong></span> 
     </span>
    </p>
   </div>
   <div class='ocr_carea' id='block_1_38' title="bbox 733 3701 2295 3775">
    <p class='ocr_par' dir='ltr' id='par_1_38' title="bbox 733 3701 2295 3775">
     <span class='ocr_line' id='line_1_38' title="bbox 733 3701 2295 3775; baseline 0.007 -20"><span class='ocrx_word' id='word_1_315' title='bbox 733 3716 850 3756; x_wconf 90' lang='lat' dir='ltr'><strong>rum</strong></span> <span class='ocrx_word' id='word_1_316' title='bbox 878 3701 1136 3771; x_wconf 86' lang='lat' dir='ltr'><strong>loquitur;</strong></span> <span class='ocrx_word' id='word_1_317' title='bbox 1173 3713 1226 3758; x_wconf 88' lang='lat' dir='ltr'><strong>et</strong></span> <span class='ocrx_word' id='word_1_318' title='bbox 1252 3705 1328 3759; x_wconf 91' lang='lat' dir='ltr'><strong>sic</strong></span> <span class='ocrx_word' id='word_1_319' title='bbox 1352 3714 1468 3759; x_wconf 88' lang='lat' dir='ltr'><strong>acta</strong></span> <span class='ocrx_word' id='word_1_320' title='bbox 1495 3705 1623 3759; x_wconf 81' lang='lat' dir='ltr'><strong>ﬁunt</strong></span> <span class='ocrx_word' id='word_1_321' title='bbox 1650 3706 1786 3775; x_wconf 87' lang='lat' dir='ltr'><strong>apud</strong></span> <span class='ocrx_word' id='word_1_322' title='bbox 1819 3721 1936 3762; x_wconf 88' lang='lat' dir='ltr'><strong>nos.</strong></span> <span class='ocrx_word' id='word_1_323' title='bbox 1982 3709 2127 3764; x_wconf 89' lang='lat' dir='ltr'><strong>Sicut</strong></span> <span class='ocrx_word' id='word_1_324' title='bbox 2153 3712 2295 3766; x_wconf 91' lang='lat' dir='ltr'><strong>enim</strong></span> 
     </span>
    </p>
   </div>
   <div class='ocr_carea' id='block_1_39' title="bbox 732 3790 2298 3866">
    <p class='ocr_par' dir='ltr' id='par_1_39' title="bbox 732 3790 2298 3866">
     <span class='ocr_line' id='line_1_39' title="bbox 732 3790 2298 3866; baseline 0.01 -24"><span class='ocrx_word' id='word_1_325' title='bbox 732 3800 848 3844; x_wconf 89' lang='lat' dir='ltr'><strong>acta</strong></span> <span class='ocrx_word' id='word_1_326' title='bbox 878 3806 980 3844; x_wconf 90' lang='lat' dir='ltr'><strong>non</strong></span> <span class='ocrx_word' id='word_1_327' title='bbox 1008 3790 1126 3845; x_wconf 89' lang='lat' dir='ltr'><strong>ideo</strong></span> <span class='ocrx_word' id='word_1_328' title='bbox 1155 3793 1416 3862; x_wconf 88' lang='lat' dir='ltr'><strong>leguntur,</strong></span> <span class='ocrx_word' id='word_1_329' title='bbox 1446 3804 1501 3849; x_wconf 93' lang='lat' dir='ltr'><strong>ut</strong></span> <span class='ocrx_word' id='word_1_330' title='bbox 1527 3797 1859 3866; x_wconf 88' lang='lat' dir='ltr'><strong>magistratus</strong></span> <span class='ocrx_word' id='word_1_331' title='bbox 1884 3799 2054 3854; x_wconf 92' lang='lat' dir='ltr'><strong>solum</strong></span> <span class='ocrx_word' id='word_1_332' title='bbox 2076 3800 2298 3857; x_wconf 84' lang='lat' dir='ltr'><strong>edocea-</strong></span> 
     </span>
    </p>
   </div>
   <div class='ocr_carea' id='block_1_40' title="bbox 735 3880 2296 3957">
    <p class='ocr_par' dir='ltr' id='par_1_40' title="bbox 735 3880 2296 3957">
     <span class='ocr_line' id='line_1_40' title="bbox 735 3880 2296 3957; baseline 0.008 -24"><span class='ocrx_word' id='word_1_333' title='bbox 735 3889 852 3944; x_wconf 91' lang='lat' dir='ltr'><strong>tur,</strong></span> <span class='ocrx_word' id='word_1_334' title='bbox 882 3880 974 3934; x_wconf 87' lang='lat' dir='ltr'><strong>sed</strong></span> <span class='ocrx_word' id='word_1_335' title='bbox 1002 3881 1157 3934; x_wconf 89' lang='lat' dir='ltr'><strong>etiam</strong></span> <span class='ocrx_word' id='word_1_336' title='bbox 1185 3893 1240 3935; x_wconf 92' lang='lat' dir='ltr'><strong>ut</strong></span> <span class='ocrx_word' id='word_1_337' title='bbox 1261 3894 1509 3952; x_wconf 88' lang='lat' dir='ltr'><strong>appareat</strong></span> <span class='ocrx_word' id='word_1_338' title='bbox 1531 3886 1728 3955; x_wconf 87' lang='lat' dir='ltr'><strong>justum</strong></span> <span class='ocrx_word' id='word_1_339' title='bbox 1759 3902 1875 3943; x_wconf 89' lang='lat' dir='ltr'><strong>esse</strong></span> <span class='ocrx_word' id='word_1_340' title='bbox 1895 3889 2146 3957; x_wconf 87' lang='lat' dir='ltr'><strong>judicium</strong></span> <span class='ocrx_word' id='word_1_341' title='bbox 2179 3909 2192 3944; x_wconf 90' lang='lat'><strong>:</strong></span> <span class='ocrx_word' id='word_1_342' title='bbox 2227 3893 2296 3946; x_wconf 91' lang='lat' dir='ltr'><strong>ita</strong></span> 
     </span>
    </p>
   </div>
   <div class='ocr_carea' id='block_1_41' title="bbox 733 3971 2294 4049">
    <p class='ocr_par' dir='ltr' id='par_1_41' title="bbox 733 3971 2294 4049">
     <span class='ocr_line' id='line_1_41' title="bbox 733 3971 2294 4049; baseline 0.007 -24"><span class='ocrx_word' id='word_1_343' title='bbox 733 3978 788 4025; x_wconf 89' lang='lat' dir='ltr'><strong>et</strong></span> <span class='ocrx_word' id='word_1_344' title='bbox 816 3978 937 4024; x_wconf 92' lang='lat' dir='ltr'><strong>tunc</strong></span> <span class='ocrx_word' id='word_1_345' title='bbox 959 3971 1152 4025; x_wconf 88' lang='lat' dir='ltr'><strong>evenit.</strong></span> <span class='ocrx_word' id='word_1_346' title='bbox 1184 3971 1313 4026; x_wconf 87' lang='lat' dir='ltr'><strong>Nam</strong></span> <span class='ocrx_word' id='word_1_347' title='bbox 1340 3973 1463 4028; x_wconf 90' lang='lat' dir='ltr'><strong>licet</strong></span> <span class='ocrx_word' id='word_1_348' title='bbox 1490 3975 1627 4030; x_wconf 88' lang='lat' dir='ltr'><strong>Deus</strong></span> <span class='ocrx_word' id='word_1_349' title='bbox 1651 3977 1782 4031; x_wconf 87' lang='lat' dir='ltr'><strong>sciat</strong></span> <span class='ocrx_word' id='word_1_350' title='bbox 1802 3992 1861 4031; x_wconf 92' lang='lat' dir='ltr'><strong>se</strong></span> <span class='ocrx_word' id='word_1_351' title='bbox 1881 3978 2019 4046; x_wconf 84' lang='lat' dir='ltr'><strong>juste</strong></span> <span class='ocrx_word' id='word_1_352' title='bbox 2038 3980 2294 4049; x_wconf 86' lang='lat' dir='ltr'><strong>judicare,</strong></span> 
     </span>
    </p>
   </div>
   <div class='ocr_carea' id='block_1_42' title="bbox 733 4062 2299 4138">
    <p class='ocr_par' dir='ltr' id='par_1_42' title="bbox 733 4062 2299 4138">
     <span class='ocr_line' id='line_1_42' title="bbox 733 4062 2299 4138; baseline 0.01 -24"><span class='ocrx_word' id='word_1_353' title='bbox 733 4069 960 4116; x_wconf 85' lang='lat' dir='ltr'><strong>attamen</strong></span> <span class='ocrx_word' id='word_1_354' title='bbox 990 4062 1152 4117; x_wconf 91' lang='lat' dir='ltr'><strong>libros</strong></span> <span class='ocrx_word' id='word_1_355' title='bbox 1179 4064 1367 4132; x_wconf 88' lang='lat' dir='ltr'><strong>aperit.</strong></span> <span class='ocrx_word' id='word_1_356' title='bbox 1400 4063 1561 4134; x_wconf 84' lang='lat' dir='ltr'><strong>Cujus</strong></span> <span class='ocrx_word' id='word_1_357' title='bbox 1590 4068 1667 4124; x_wconf 88' lang='lat' dir='ltr'><strong>rei</strong></span> <span class='ocrx_word' id='word_1_358' title='bbox 1694 4071 1900 4138; x_wconf 87' lang='lat' dir='ltr'><strong>gratia?</strong></span> <span class='ocrx_word' id='word_1_359' title='bbox 1943 4072 2075 4137; x_wconf 89' lang='lat' dir='ltr'><strong>Quid</strong></span> <span class='ocrx_word' id='word_1_360' title='bbox 2101 4074 2178 4128; x_wconf 87' lang='lat' dir='ltr'><strong>ais</strong></span> <span class='ocrx_word' id='word_1_361' title='bbox 2198 4114 2212 4138; x_wconf 93' lang='lat'><strong>,</strong></span> <span class='ocrx_word' id='word_1_362' title='bbox 2243 4084 2299 4130; x_wconf 91' lang='lat' dir='ltr'><strong>et</strong></span> 
     </span>
    </p>
   </div>
   <div class='ocr_carea' id='block_1_43' title="bbox 732 4152 2294 4230">
    <p class='ocr_par' dir='ltr' id='par_1_43' title="bbox 732 4152 2294 4230">
     <span class='ocr_line' id='line_1_43' title="bbox 732 4152 2294 4230; baseline 0.012 -26"><span class='ocrx_word' id='word_1_363' title='bbox 732 4152 858 4220; x_wconf 90' lang='lat' dir='ltr'><strong>quid</strong></span> <span class='ocrx_word' id='word_1_364' title='bbox 881 4153 970 4207; x_wconf 84' lang='lat' dir='ltr'><strong>tibi</strong></span> <span class='ocrx_word' id='word_1_365' title='bbox 993 4154 1106 4208; x_wconf 87' lang='lat' dir='ltr'><strong>vis?</strong></span> <span class='ocrx_word' id='word_1_366' title='bbox 1131 4154 1238 4209; x_wconf 88' lang='lat' dir='ltr'><strong>Cur</strong></span> <span class='ocrx_word' id='word_1_367' title='bbox 1256 4171 1359 4210; x_wconf 89' lang='lat' dir='ltr'><strong>non</strong></span> <span class='ocrx_word' id='word_1_368' title='bbox 1384 4159 1595 4226; x_wconf 69' lang='lat' dir='ltr'><strong>prtemia</strong></span> <span class='ocrx_word' id='word_1_369' title='bbox 1621 4176 1828 4230; x_wconf 90' lang='lat' dir='ltr'><strong>quoque</strong></span> <span class='ocrx_word' id='word_1_370' title='bbox 1849 4163 2016 4218; x_wconf 72' lang='lat' dir='ltr'><strong>dixit?</strong></span> <span class='ocrx_word' id='word_1_371' title='bbox 2036 4168 2103 4219; x_wconf 83' lang='lat' dir='ltr'><strong>At</strong></span> <span class='ocrx_word' id='word_1_372' title='bbox 2127 4166 2294 4223; x_wconf 83' lang='lat' dir='ltr'><strong>dixit:</strong></span> 
     </span>
    </p>
   </div>
   <div class='ocr_carea' id='block_1_44' title="bbox 735 4241 2292 4316">
    <p class='ocr_par' dir='ltr' id='par_1_44' title="bbox 735 4241 2292 4316">
     <span class='ocr_line' id='line_1_44' title="bbox 735 4241 2292 4316; baseline 0.012 -22"><span class='ocrx_word' id='word_1_373' title='bbox 735 4241 924 4296; x_wconf 85' lang='lat' dir='ltr'><strong>Throni</strong></span> <span class='ocrx_word' id='word_1_374' title='bbox 941 4243 1085 4311; x_wconf 87' lang='lat' dir='ltr'><strong>positi</strong></span> <span class='ocrx_word' id='word_1_375' title='bbox 1101 4246 1681 4316; x_wconf 86' lang='lat' dir='ltr'><strong>sunt;quandoquidem</strong></span> <span class='ocrx_word' id='word_1_376' title='bbox 1701 4250 1838 4305; x_wconf 89' lang='lat' dir='ltr'><strong>Deus</strong></span> <span class='ocrx_word' id='word_1_377' title='bbox 1854 4262 1904 4307; x_wconf 91' lang='lat' dir='ltr'><strong>et</strong></span> <span class='ocrx_word' id='word_1_378' title='bbox 1924 4252 2008 4306; x_wconf 90' lang='lat' dir='ltr'><strong>illa</strong></span> <span class='ocrx_word' id='word_1_379' title='bbox 2028 4254 2292 4313; x_wconf 76' lang='lat' dir='ltr'><strong>deﬁnivit:</strong></span> 
     </span>
    </p>
   </div>
   <div class='ocr_carea' id='block_1_45' title="bbox 731 4337 2296 4412">
    <p class='ocr_par' dir='ltr' id='par_1_45' title="bbox 731 4337 2296 4412">
     <span class='ocr_line' id='line_1_45' title="bbox 731 4337 2296 4412; baseline 0.012 -29"><span class='ocrx_word' id='word_1_380' title='bbox 731 4340 1006 4402; x_wconf 89' lang='lat' dir='ltr'><strong>postquam</strong></span> <span class='ocrx_word' id='word_1_381' title='bbox 1033 4347 1158 4388; x_wconf 89' lang='lat' dir='ltr'><strong>vero</strong></span> <span class='ocrx_word' id='word_1_382' title='bbox 1184 4348 1281 4388; x_wconf 93' lang='lat' dir='ltr'><strong>nos</strong></span> <span class='ocrx_word' id='word_1_383' title='bbox 1303 4349 1407 4389; x_wconf 90' lang='lat' dir='ltr'><strong>non</strong></span> <span class='ocrx_word' id='word_1_384' title='bbox 1436 4337 1723 4403; x_wconf 89' lang='lat' dir='ltr'><strong>audiimus,</strong></span> <span class='ocrx_word' id='word_1_385' title='bbox 1747 4350 1871 4396; x_wconf 91' lang='lat' dir='ltr'><strong>tunc</strong></span> <span class='ocrx_word' id='word_1_386' title='bbox 1890 4345 2214 4412; x_wconf 90' lang='lat' dir='ltr'><strong>punitionem</strong></span> <span class='ocrx_word' id='word_1_387' title='bbox 2243 4356 2296 4402; x_wconf 93' lang='lat' dir='ltr'><strong>et</strong></span> 
     </span>
    </p>
   </div>
   <div class='ocr_carea' id='block_1_46' title="bbox 791 4486 2293 4551">
    <p class='ocr_par' dir='ltr' id='par_1_46' title="bbox 791 4486 2293 4551">
     <span class='ocr_line' id='line_1_46' title="bbox 791 4486 2293 4551; baseline 0.009 -17"><span class='ocrx_word' id='word_1_388' title='bbox 791 4486 864 4548; x_wconf 89' lang='lat' dir='ltr'><strong>(a)</strong></span> <span class='ocrx_word' id='word_1_389' title='bbox 895 4493 1127 4551; x_wconf 55' lang='lat' dir='ltr'><strong>numerus</strong></span> <span class='ocrx_word' id='word_1_390' title='bbox 1147 4493 1311 4551; x_wconf 87' lang='lat' dir='ltr'><strong>certus</strong></span> <span class='ocrx_word' id='word_1_391' title='bbox 1333 4490 1640 4551; x_wconf 9' lang='lat' dir='ltr'><strong>propincerto.</strong></span> <span class='ocrx_word' id='word_1_392' title='bbox 1669 4499 1822 4550; x_wconf 86' lang='lat' dir='ltr'><strong>Quare</strong></span> <span class='ocrx_word' id='word_1_393' title='bbox 1854 4493 1957 4543; x_wconf 70' lang='lat' dir='ltr'><strong>htec</strong></span> <span class='ocrx_word' id='word_1_394' title='bbox 1990 4497 2138 4545; x_wconf 87' lang='lat' dir='ltr'><strong>verba</strong></span> <span class='ocrx_word' id='word_1_395' title='bbox 2163 4501 2293 4548; x_wconf 85' lang='lat' dir='ltr'><strong>varie</strong></span> 
     </span>
    </p>
   </div>
   <div class='ocr_carea' id='block_1_47' title="bbox 729 4547 2294 4618">
    <p class='ocr_par' dir='ltr' id='par_1_47' title="bbox 729 4547 2294 4618">
     <span class='ocr_line' id='line_1_47' title="bbox 729 4547 2294 4618; baseline 0.007 -22"><span class='ocrx_word' id='word_1_396' title='bbox 729 4547 793 4599; x_wconf 86' lang='lat' dir='ltr'><strong>ab</strong></span> <span class='ocrx_word' id='word_1_397' title='bbox 814 4547 1046 4618; x_wconf 72' lang='lat' dir='ltr'><strong>Ecclesiae</strong></span> <span class='ocrx_word' id='word_1_398' title='bbox 1068 4547 1348 4618; x_wconf 72' lang='lat' dir='ltr'><strong>doctoribus</strong></span> <span class='ocrx_word' id='word_1_399' title='bbox 1376 4549 1517 4600; x_wconf 87' lang='lat' dir='ltr'><strong>allata</strong></span> <span class='ocrx_word' id='word_1_400' title='bbox 1555 4547 1807 4612; x_wconf 83' lang='lat' dir='ltr'><strong>invenies,</strong></span> <span class='ocrx_word' id='word_1_401' title='bbox 1833 4554 2090 4618; x_wconf 66' lang='lat' dir='ltr'><strong>sirenaeo</strong></span> <span class='ocrx_word' id='word_1_402' title='bbox 2114 4558 2194 4606; x_wconf 90' lang='lat' dir='ltr'><strong>lib.</strong></span> <span class='ocrx_word' id='word_1_403' title='bbox 2231 4547 2294 4618; x_wconf 77' lang='lat'><strong>2,</strong></span> 
     </span>
    </p>
   </div>
   <div class='ocr_carea' id='block_1_48' title="bbox 729 4608 2294 4686">
    <p class='ocr_par' dir='ltr' id='par_1_48' title="bbox 729 4608 2294 4686">
     <span class='ocr_line' id='line_1_48' title="bbox 729 4608 2294 4686; baseline 0.009 -32"><span class='ocrx_word' id='word_1_404' title='bbox 729 4608 889 4686; x_wconf 35' lang='lat' dir='ltr'><strong>capiti</strong></span> <span class='ocrx_word' id='word_1_405' title='bbox 907 4643 920 4667; x_wconf 93' lang='lat'><strong>,</strong></span> <span class='ocrx_word' id='word_1_406' title='bbox 941 4609 1231 4686; x_wconf 66' lang='lat' dir='ltr'><strong>&#39;tertullia_no</strong></span> <span class='ocrx_word' id='word_1_407' title='bbox 1251 4610 1483 4686; x_wconf 68' lang='lat' dir='ltr'><strong>adversus</strong></span> <span class='ocrx_word' id='word_1_408' title='bbox 1504 4619 1736 4686; x_wconf 48' lang='grc' dir='ltr'><strong>[ξι-διεξίω).</strong></span> <span class='ocrx_word' id='word_1_409' title='bbox 1752 4608 1854 4686; x_wconf 83' lang='lat' dir='ltr'><strong>cap.</strong></span> <span class='ocrx_word' id='word_1_410' title='bbox 1881 4617 1927 4686; x_wconf 67' lang='grc' dir='ltr'><strong>ζ),</strong></span> <span class='ocrx_word' id='word_1_411' title='bbox 1954 4616 2159 4686; x_wconf 76' lang='lat' dir='ltr'><strong>Auctore</strong></span> <span class='ocrx_word' id='word_1_412' title='bbox 2185 4608 2294 4668; x_wconf 80' lang='lat' dir='ltr'><strong>libri</strong></span> 
     </span>
    </p>
   </div>
   <div class='ocr_carea' id='block_1_49' title="bbox 729 4668 2290 4743">
    <p class='ocr_par' dir='ltr' id='par_1_49' title="bbox 729 4668 2290 4743">
     <span class='ocr_line' id='line_1_49' title="bbox 729 4668 2290 4743; baseline 0.009 -28"><span class='ocrx_word' id='word_1_413' title='bbox 729 4668 789 4743; x_wconf 74' lang='lat' dir='ltr'><strong>ad</strong></span> <span class='ocrx_word' id='word_1_414' title='bbox 827 4671 1128 4743; x_wconf 59' lang='lat' dir='ltr'><strong>Novatiauqm</strong></span> <span class='ocrx_word' id='word_1_415' title='bbox 1164 4671 1479 4743; x_wconf 42' lang='lat' dir='ltr'><strong>interHOpera</strong></span> <span class='ocrx_word' id='word_1_416' title='bbox 1518 4668 1821 4743; x_wconf 14' lang='lat' dir='ltr'><strong>s.A_Cyprian_i</strong></span> <span class='ocrx_word' id='word_1_417' title='bbox 1841 4710 1854 4732; x_wconf 87' lang='lat'><strong>,</strong></span> <span class='ocrx_word' id='word_1_418' title='bbox 1880 4668 2080 4726; x_wconf 77' lang='lat' dir='ltr'><strong>Eusebio</strong></span> <span class='ocrx_word' id='word_1_419' title='bbox 2118 4685 2290 4743; x_wconf 75' lang='lat' dir='ltr'><strong>Evang.</strong></span> 
     </span>
    </p>
   </div>
   <div class='ocr_carea' id='block_1_50' title="bbox 730 4728 2296 4800">
    <p class='ocr_par' dir='ltr' id='par_1_50' title="bbox 730 4728 2296 4800">
     <span class='ocr_line' id='line_1_50' title="bbox 730 4728 2296 4800; baseline 0.009 -25"><span class='ocrx_word' id='word_1_420' title='bbox 730 4735 940 4800; x_wconf 36' lang='lat' dir='ltr'><strong>Praepar.‘</strong></span> <span class='ocrx_word' id='word_1_421' title='bbox 957 4728 1038 4777; x_wconf 89' lang='lat' dir='ltr'><strong>lib.</strong></span> <span class='ocrx_word' id='word_1_422' title='bbox 1065 4733 1112 4787; x_wconf 84' lang='lat'><strong>7,</strong></span> <span class='ocrx_word' id='word_1_423' title='bbox 1133 4742 1237 4792; x_wconf 88' lang='lat' dir='ltr'><strong>cap.</strong></span> <span class='ocrx_word' id='word_1_424' title='bbox 1263 4732 1336 4790; x_wconf 80' lang='grc'><strong>15,</strong></span> <span class='ocrx_word' id='word_1_425' title='bbox 1363 4728 1509 4800; x_wconf 77' lang='lat' dir='ltr'><strong>atque</strong></span> <span class='ocrx_word' id='word_1_426' title='bbox 1534 4728 1685 4800; x_wconf 62' lang='lat' dir='ltr'><strong>etiam</strong></span> <span class='ocrx_word' id='word_1_427' title='bbox 1700 4742 1746 4800; x_wconf 89' lang='lat' dir='ltr'><strong>B_.</strong></span> <span class='ocrx_word' id='word_1_428' title='bbox 1765 4728 2094 4800; x_wconf 78' lang='lat' dir='ltr'><strong>Chrysostomo</strong></span> <span class='ocrx_word' id='word_1_429' title='bbox 2114 4728 2296 4790; x_wconf 41' lang='lat' dir='ltr'><strong>Homft}</strong></span> 
     </span>
    </p>
   </div>
   <div class='ocr_carea' id='block_1_51' title="bbox 729 4789 2288 4851">
    <p class='ocr_par' dir='ltr' id='par_1_51' title="bbox 729 4789 2288 4851">
     <span class='ocr_line' id='line_1_51' title="bbox 729 4789 2288 4851; baseline 0.01 -17"><span class='ocrx_word' id='word_1_430' title='bbox 729 4789 893 4851; x_wconf 79' lang='lat' dir='ltr'><strong>contra</strong></span> <span class='ocrx_word' id='word_1_431' title='bbox 913 4789 1204 4851; x_wconf 56' lang='lat' dir='ltr'><strong>Anomteosi</strong></span> <span class='ocrx_word' id='word_1_432' title='bbox 1219 4804 1310 4841; x_wconf 88' lang='lat' dir='ltr'><strong>nec</strong></span> <span class='ocrx_word' id='word_1_433' title='bbox 1326 4789 1443 4841; x_wconf 60' lang='lat' dir='ltr'><strong>non&#39;</strong></span> <span class='ocrx_word' id='word_1_434' title='bbox 1458 4789 1506 4841; x_wconf 85' lang='lat' dir='ltr'><strong>in</strong></span> <span class='ocrx_word' id='word_1_435' title='bbox 1529 4789 1912 4848; x_wconf 77' lang='lat' dir='ltr'><strong>Ordinationibus</strong></span> <span class='ocrx_word' id='word_1_436' title='bbox 1946 4802 2288 4850; x_wconf 78' lang='lat' dir='ltr'><strong>Maronitarum.</strong></span> 
     </span>
    </p>
   </div>
   <div class='ocr_carea' id='block_1_52' title="bbox 729 4848 2290 4916">
    <p class='ocr_par' dir='ltr' id='par_1_52' title="bbox 729 4848 2290 4916">
     <span class='ocr_line' id='line_1_52' title="bbox 729 4848 2290 4916; baseline 0.01 -21"><span class='ocrx_word' id='word_1_437' title='bbox 729 4848 792 4916; x_wconf 69' lang='grc' dir='ltr'><strong>ᾼι</strong></span> <span class='ocrx_word' id='word_1_438' title='bbox 815 4850 1052 4916; x_wconf 73' lang='lat' dir='ltr'><strong>Editiones</strong></span> <span class='ocrx_word' id='word_1_439' title='bbox 1081 4859 1125 4899; x_wconf 88' lang='lat' dir='ltr'><strong>s.</strong></span> <span class='ocrx_word' id='word_1_440' title='bbox 1166 4848 1434 4916; x_wconf 75' lang='lat' dir='ltr'><strong>Hieronymi</strong></span> <span class='ocrx_word' id='word_1_441' title='bbox 1472 4854 1528 4916; x_wconf 70' lang='lat' dir='ltr'><strong>ad</strong></span> <span class='ocrx_word' id='word_1_442' title='bbox 1571 4857 1697 4905; x_wconf 89' lang='lat' dir='ltr'><strong>hunc</strong></span> <span class='ocrx_word' id='word_1_443' title='bbox 1730 4856 1883 4906; x_wconf 89' lang='lat' dir='ltr'><strong>locum</strong></span> <span class='ocrx_word' id='word_1_444' title='bbox 1924 4861 2104 4908; x_wconf 72' lang='lat' dir='ltr'><strong>vitiosa:</strong></span> <span class='ocrx_word' id='word_1_445' title='bbox 2129 4848 2290 4911; x_wconf 10' lang='lat' dir='ltr'><strong>rsunti</strong></span> 
     </span>
    </p>
   </div>
   <div class='ocr_carea' id='block_1_53' title="bbox 730 4908 2293 4982">
    <p class='ocr_par' dir='ltr' id='par_1_53' title="bbox 730 4908 2293 4982">
     <span class='ocr_line' id='line_1_53' title="bbox 730 4908 2293 4982; baseline 0.012 -26"><span class='ocrx_word' id='word_1_446' title='bbox 730 4908 923 4977; x_wconf 73' lang='lat' dir='ltr'><strong>Duplea:</strong></span> <span class='ocrx_word' id='word_1_447' title='bbox 954 4917 1110 4982; x_wconf 77' lang='lat' dir='ltr'><strong>autem</strong></span> <span class='ocrx_word' id='word_1_448' title='bbox 1131 4908 1404 4982; x_wconf 68' lang='lat' dir='ltr'><strong>angelorum</strong></span> <span class='ocrx_word' id='word_1_449' title='bbox 1425 4913 1632 4982; x_wconf 72' lang='lat' dir='ltr'><strong>ofﬁcium</strong></span> <span class='ocrx_word' id='word_1_450' title='bbox 1652 4923 1721 4982; x_wconf 76' lang='lat' dir='ltr'><strong>est</strong></span> <span class='ocrx_word' id='word_1_451' title='bbox 1742 4931 1759 4966; x_wconf 93' lang='lat'><strong><em>:</em></strong></span> <span class='ocrx_word' id='word_1_452' title='bbox 1796 4919 2001 4969; x_wconf 85' lang='lat' dir='ltr'><strong>aliorum</strong></span> <span class='ocrx_word' id='word_1_453' title='bbox 2038 4922 2118 4982; x_wconf 86' lang='lat' dir='ltr'><strong>qui</strong></span> <span class='ocrx_word' id='word_1_454' title='bbox 2144 4908 2293 4981; x_wconf 69' lang='lat' dir='ltr'><strong>justiti</strong></span> 
     </span>
    </p>
   </div>
   <div class='ocr_carea' id='block_1_54' title="bbox 729 4970 2288 5039">
    <p class='ocr_par' dir='ltr' id='par_1_54' title="bbox 729 4970 2288 5039">
     <span class='ocr_line' id='line_1_54' title="bbox 729 4970 2288 5039; baseline 0.011 -23"><span class='ocrx_word' id='word_1_455' title='bbox 729 4970 928 5039; x_wconf 59' lang='lat' dir='ltr'><strong>praemia</strong></span> <span class='ocrx_word' id='word_1_456' title='bbox 950 4971 1158 5039; x_wconf 78' lang='lat' dir='ltr'><strong>tribuunt</strong></span> <span class='ocrx_word' id='word_1_457' title='bbox 1172 4970 1409 5039; x_wconf 59' lang='lat' dir='ltr'><strong>{aliorum</strong></span> <span class='ocrx_word' id='word_1_458' title='bbox 1432 4970 1515 5036; x_wconf 64' lang='lat' dir='ltr'><strong>q&#39;ui</strong></span> <span class='ocrx_word' id='word_1_459' title='bbox 1535 4977 1734 5039; x_wconf 80' lang='lat' dir='ltr'><strong>singulis</strong></span> <span class='ocrx_word' id='word_1_460' title='bbox 1755 4988 1964 5039; x_wconf 77' lang='lat' dir='ltr'><strong>prwsunt</strong></span> <span class='ocrx_word' id='word_1_461' title='bbox 1983 4970 2288 5033; x_wconf 55' lang='lat' dir='ltr'><strong>cruciaiibus:</strong></span> 
     </span>
    </p>
   </div>
   <div class='ocr_carea' id='block_1_55' title="bbox 727 5033 2289 5104">
    <p class='ocr_par' dir='ltr' id='par_1_55' title="bbox 727 5033 2289 5104">
     <span class='ocr_line' id='line_1_55' title="bbox 727 5033 2289 5104; baseline 0.012 -27"><span class='ocrx_word' id='word_1_462' title='bbox 727 5035 873 5078; x_wconf 73' lang='lat' dir='ltr'><strong>Nemo</strong></span> <span class='ocrx_word' id='word_1_463' title='bbox 897 5045 992 5104; x_wconf 76' lang='lat' dir='ltr'><strong>non</strong></span> <span class='ocrx_word' id='word_1_464' title='bbox 1017 5033 1491 5104; x_wconf 65' lang='lat' dir='ltr'><strong>videt_scr_ibenduin</strong></span> <span class='ocrx_word' id='word_1_465' title='bbox 1512 5033 1638 5098; x_wconf 71' lang='lat' dir='ltr'><strong>esse,</strong></span> <span class='ocrx_word' id='word_1_466' title='bbox 1661 5033 1921 5104; x_wconf 70' lang='lat' dir='ltr'><strong>ciuitatibus</strong></span> <span class='ocrx_word' id='word_1_467' title='bbox 1938 5080 1950 5095; x_wconf 80' lang='grc'>,</span> <span class='ocrx_word' id='word_1_468' title='bbox 1976 5051 2027 5091; x_wconf 91' lang='lat' dir='ltr'><strong>ut</strong></span> <span class='ocrx_word' id='word_1_469' title='bbox 2051 5051 2102 5090; x_wconf 86' lang='lat' dir='ltr'><strong>et.</strong></span> <span class='ocrx_word' id='word_1_470' title='bbox 2125 5053 2289 5104; x_wconf 87' lang='lat' dir='ltr'><strong>postea</strong></span> 
     </span>
    </p>
   </div>
   <div class='ocr_carea' id='block_1_56' title="bbox 725 5093 2290 5166">
    <p class='ocr_par' dir='ltr' id='par_1_56' title="bbox 725 5093 2290 5166">
     <span class='ocr_line' id='line_1_56' title="bbox 725 5093 2290 5166; baseline 0.01 -28"><span class='ocrx_word' id='word_1_471' title='bbox 725 5093 936 5166; x_wconf 75' lang='lat' dir='ltr'><strong>comperi</strong></span> <span class='ocrx_word' id='word_1_472' title='bbox 962 5093 1436 5166; x_wconf 37' lang='lat' dir='ltr'><strong>leg-ere‘sLThomam</strong></span> <span class='ocrx_word' id='word_1_473' title='bbox 1463 5098 1510 5166; x_wconf 82' lang='lat' dir='ltr'><strong>in</strong></span> <span class='ocrx_word' id='word_1_474' title='bbox 1533 5093 1839 5166; x_wconf 52' lang='lat' dir='ltr'><strong>Enposnione</strong></span> <span class='ocrx_word' id='word_1_475' title='bbox 1860 5103 1919 5166; x_wconf 9' lang='lat' dir='ltr'><strong>in,</strong></span> <span class='ocrx_word' id='word_1_476' title='bbox 1934 5093 2059 5150; x_wconf 84' lang='lat' dir='ltr'><strong>hunc</strong></span> <span class='ocrx_word' id='word_1_477' title='bbox 2079 5093 2290 5166; x_wconf 57' lang='lat' dir='ltr'><strong>pEoplie4</strong></span> 
     </span>
    </p>
   </div>
   <div class='ocr_carea' id='block_1_57' title="bbox 728 5154 2289 5222">
    <p class='ocr_par' dir='ltr' id='par_1_57' title="bbox 728 5154 2289 5222">
     <span class='ocr_line' id='line_1_57' title="bbox 728 5154 2289 5222; baseline 0.01 -23"><span class='ocrx_word' id='word_1_478' title='bbox 728 5158 1005 5222; x_wconf 67' lang='lat' dir='ltr'><strong>tam._t‘orro</strong></span> <span class='ocrx_word' id='word_1_479' title='bbox 1027 5154 1250 5222; x_wconf 76' lang='lat' dir='ltr'><strong>notabilis</strong></span> <span class='ocrx_word' id='word_1_480' title='bbox 1287 5157 1518 5217; x_wconf 85' lang='lat' dir='ltr'><strong>imprimis</strong></span> <span class='ocrx_word' id='word_1_481' title='bbox 1553 5154 1872 5222; x_wconf 80' lang='lat' dir='ltr'><strong>discrepantia</strong></span> <span class='ocrx_word' id='word_1_482' title='bbox 1909 5165 2036 5212; x_wconf 89' lang='lat' dir='ltr'><strong>inter</strong></span> <span class='ocrx_word' id='word_1_483' title='bbox 2060 5154 2107 5210; x_wconf 71' lang='lat' dir='ltr'><strong>ii.</strong></span> <span class='ocrx_word' id='word_1_484' title='bbox 2133 5154 2289 5215; x_wconf 80' lang='lat' dir='ltr'><strong>&#39;rbeo-</strong></span> 
     </span>
    </p>
   </div>
   <div class='ocr_carea' id='block_1_58' title="bbox 725 5211 2289 5284">
    <p class='ocr_par' dir='ltr' id='par_1_58' title="bbox 725 5211 2289 5284">
     <span class='ocr_line' id='line_1_58' title="bbox 725 5211 2289 5284; baseline 0.007 -26"><span class='ocrx_word' id='word_1_485' title='bbox 725 5211 948 5284; x_wconf 71' lang='lat' dir='ltr'><strong>doretnm</strong></span> <span class='ocrx_word' id='word_1_486' title='bbox 973 5222 1024 5284; x_wconf 74' lang='lat' dir='ltr'><strong>et</strong></span> <span class='ocrx_word' id='word_1_487' title='bbox 1057 5223 1105 5284; x_wconf 25' lang='lat' dir='ltr'><strong>sn.</strong></span> <span class='ocrx_word' id='word_1_488' title='bbox 1129 5211 1387 5284; x_wconf 60' lang='lat' dir='ltr'><strong>&#39;rpomam&#39;,</strong></span> <span class='ocrx_word' id='word_1_489' title='bbox 1407 5231 1495 5266; x_wconf 87' lang='lat' dir='ltr'><strong>seu</strong></span> <span class='ocrx_word' id='word_1_490' title='bbox 1515 5211 1754 5284; x_wconf 10' lang='lat' dir='ltr'><strong>potiusié.</strong></span> <span class='ocrx_word' id='word_1_491' title='bbox 1791 5211 2074 5284; x_wconf 77' lang='lat' dir='ltr'><strong>Dionysium,</strong></span> <span class='ocrx_word' id='word_1_492' title='bbox 2099 5211 2155 5273; x_wconf 11' lang='lat' dir='ltr'><strong>in,</strong></span> <span class='ocrx_word' id='word_1_493' title='bbox 2172 5211 2289 5276; x_wconf 66' lang='lat' dir='ltr'><strong>assi-</strong></span> 
     </span>
    </p>
   </div>
   <div class='ocr_carea' id='block_1_59' title="bbox 725 5273 2288 5350">
    <p class='ocr_par' dir='ltr' id='par_1_59' title="bbox 725 5273 2288 5350">
     <span class='ocr_line' id='line_1_59' title="bbox 725 5273 2288 5350; baseline 0.012 -31"><span class='ocrx_word' id='word_1_494' title='bbox 725 5273 1193 5350; x_wconf 38' lang='lat' dir='ltr'><strong>gnanda‘dignita‘te</strong></span> <span class='ocrx_word' id='word_1_495' title='bbox 1247 5273 1561 5350; x_wconf 63' lang='lat' dir='ltr'><strong>angelorum,</strong></span> <span class='ocrx_word' id='word_1_496' title='bbox 1610 5283 1705 5350; x_wconf 12' lang='lat' dir='ltr'><strong>_quir</strong></span> <span class='ocrx_word' id='word_1_497' title='bbox 1754 5273 2073 5350; x_wconf 36' lang='lat' dir='ltr'><strong>ministrant;</strong></span> <span class='ocrx_word' id='word_1_498' title='bbox 2114 5297 2163 5336; x_wconf 93' lang='lat' dir='ltr'><strong>et</strong></span> <span class='ocrx_word' id='word_1_499' title='bbox 2201 5273 2288 5350; x_wconf 66' lang='lat' dir='ltr'><strong>qui</strong></span> 
     </span>
    </p>
   </div>
   <div class='ocr_carea' id='block_1_60' title="bbox 723 5337 2290 5452">
    <p class='ocr_par' dir='ltr' id='par_1_60' title="bbox 723 5337 2290 5452">
     <span class='ocr_line' id='line_1_60' title="bbox 723 5337 2290 5407; baseline 0.013 -29"><span class='ocrx_word' id='word_1_500' title='bbox 723 5337 966 5385; x_wconf 80' lang='lat' dir='ltr'><strong>assistunt.</strong></span> <span class='ocrx_word' id='word_1_501' title='bbox 1003 5337 1074 5384; x_wconf 81' lang='lat' dir='ltr'><strong>Ab</strong></span> <span class='ocrx_word' id='word_1_502' title='bbox 1107 5337 1569 5398; x_wconf 59' lang='lat' dir='ltr'><strong>utroque&#39;dissentit</strong></span> <span class='ocrx_word' id='word_1_503' title='bbox 1604 5337 1647 5389; x_wconf 67' lang='lat' dir='ltr'><strong>SI</strong></span> <span class='ocrx_word' id='word_1_504' title='bbox 1685 5346 1940 5405; x_wconf 82' lang='lat' dir='ltr'><strong>Gregorius</strong></span> <span class='ocrx_word' id='word_1_505' title='bbox 1975 5337 2127 5407; x_wconf 32' lang='lat' dir='ltr'><strong>Pa&#39;a;</strong></span> <span class='ocrx_word' id='word_1_506' title='bbox 2154 5337 2290 5399; x_wconf 61' lang='lat' dir='ltr'><strong>cu‘iis</strong></span> 
     </span>
     <span class='ocr_line' id='line_1_61' title="bbox 723 5360 2285 5452; baseline 0.009 -13"><span class='ocrx_word' id='word_1_507' title='bbox 723 5394 932 5452; x_wconf 85' lang='lat' dir='ltr'><strong>opinioni</strong></span> <span class='ocrx_word' id='word_1_508' title='bbox 969 5394 1097 5446; x_wconf 85' lang='lat' dir='ltr'><strong>favet</strong></span> <span class='ocrx_word' id='word_1_509' title='bbox 1129 5409 1274 5446; x_wconf 88' lang='lat' dir='ltr'><strong>verus</strong></span> <span class='ocrx_word' id='word_1_510' title='bbox 1305 5397 1530 5449; x_wconf 88' lang='lat' dir='ltr'><strong>Clemens</strong></span> <span class='ocrx_word' id='word_1_511' title='bbox 1562 5409 1791 5451; x_wconf 76' lang='lat' dir='ltr'><strong>Romanus</strong></span> <span class='ocrx_word' id='word_1_512' title='bbox 1817 5406 1863 5452; x_wconf 89' lang='lat' dir='ltr'><strong>in</strong></span> <span class='ocrx_word' id='word_1_513' title='bbox 1890 5360 2087 5452; x_wconf 55' lang='grc' dir='ltr'><strong>Ευὶςιοῗε</strong></span> <span class='ocrx_word' id='word_1_514' title='bbox 2113 5410 2168 5452; x_wconf 85' lang='lat' dir='ltr'><strong>ad</strong></span> <span class='ocrx_word' id='word_1_515' title='bbox 2195 5365 2285 5452; x_wconf 55' lang='grc' dir='ltr'><strong>δο-</strong></span> 
     </span>
    </p>
   </div>
   <div class='ocr_carea' id='block_1_61' title="bbox 720 5394 2285 5467">
    <p class='ocr_par' dir='ltr' id='par_1_61' title="bbox 720 5394 2285 5467">
     <span class='ocr_line' id='line_1_62' title="bbox 720 5394 2285 5467; baseline 0.013 -29"><span class='ocrx_word' id='word_1_516' title='bbox 720 5394 932 5467; x_wconf 57' lang='lat' dir='ltr'><strong>opinioni</strong></span> <span class='ocrx_word' id='word_1_517' title='bbox 969 5394 1097 5446; x_wconf 85' lang='lat' dir='ltr'><strong>favet</strong></span> <span class='ocrx_word' id='word_1_518' title='bbox 1129 5394 1274 5467; x_wconf 47' lang='lat' dir='ltr'><strong>yellus</strong></span> <span class='ocrx_word' id='word_1_519' title='bbox 1305 5397 1530 5449; x_wconf 89' lang='lat' dir='ltr'><strong>Clemens</strong></span> <span class='ocrx_word' id='word_1_520' title='bbox 1562 5394 1805 5467; x_wconf 57' lang='lat' dir='ltr'><strong>Romanus</strong></span> <span class='ocrx_word' id='word_1_521' title='bbox 1817 5406 1863 5452; x_wconf 89' lang='lat' dir='ltr'><strong>in</strong></span> <span class='ocrx_word' id='word_1_522' title='bbox 1890 5394 2087 5467; x_wconf 71' lang='lat' dir='ltr'><strong>Epistula</strong></span> <span class='ocrx_word' id='word_1_523' title='bbox 2113 5394 2175 5455; x_wconf 75' lang='lat' dir='ltr'><strong>ad</strong></span> <span class='ocrx_word' id='word_1_524' title='bbox 2191 5394 2285 5458; x_wconf 67' lang='lat'><strong>&#39;66:</strong></span> 
     </span>
    </p>
   </div>
   <div class='ocr_carea' id='block_1_62' title="bbox 723 5455 2289 5531">
    <p class='ocr_par' dir='ltr' id='par_1_62' title="bbox 723 5455 2289 5531">
     <span class='ocr_line' id='line_1_63' title="bbox 723 5455 2289 5531; baseline 0.013 -32"><span class='ocrx_word' id='word_1_525' title='bbox 723 5455 924 5531; x_wconf 47' lang='grc' dir='ltr'><strong>ςξιξψῇοε</strong></span> <span class='ocrx_word' id='word_1_526' title='bbox 942 5457 1421 5531; x_wconf 44' lang='lat' dir='ltr'><strong>{umqum-Clemens</strong></span> <span class='ocrx_word' id='word_1_527' title='bbox 1456 5469 1633 5531; x_wconf 70' lang='lat' dir='ltr'><strong>autem</strong></span> <span class='ocrx_word' id='word_1_528' title='bbox 1653 5465 1702 5511; x_wconf 89' lang='lat' dir='ltr'><strong>in</strong></span> <span class='ocrx_word' id='word_1_529' title='bbox 1725 5455 2152 5531; x_wconf 74' lang='lat' dir='ltr'><strong>Constitutionibus</strong></span> <span class='ocrx_word' id='word_1_530' title='bbox 2173 5455 2289 5531; x_wconf 78' lang='lat' dir='ltr'><strong>apo-</strong></span> 
     </span>
    </p>
   </div>
   <div class='ocr_carea' id='block_1_63' title="bbox 717 5513 2290 5583">
    <p class='ocr_par' dir='ltr' id='par_1_63' title="bbox 717 5513 2290 5583">
     <span class='ocr_line' id='line_1_64' title="bbox 717 5513 2290 5583; baseline 0.014 -22"><span class='ocrx_word' id='word_1_531' title='bbox 717 5513 1033 5583; x_wconf 62' lang='lat' dir='ltr'><strong>stolicis,&#39;lil_).</strong></span> <span class='ocrx_word' id='word_1_532' title='bbox 1066 5519 1123 5576; x_wconf 91' lang='lat'><strong>8,</strong></span> <span class='ocrx_word' id='word_1_533' title='bbox 1156 5532 1259 5581; x_wconf 89' lang='lat' dir='ltr'><strong>cap.</strong></span> <span class='ocrx_word' id='word_1_534' title='bbox 1294 5520 1385 5583; x_wconf 75' lang='grc'><strong>12,</strong></span> <span class='ocrx_word' id='word_1_535' title='bbox 1414 5532 1440 5568; x_wconf 88' lang='lat' dir='ltr'><strong>a</strong></span> <span class='ocrx_word' id='word_1_536' title='bbox 1472 5522 1775 5583; x_wconf 83' lang='lat' dir='ltr'><strong>Thcodoreto</strong></span> <span class='ocrx_word' id='word_1_537' title='bbox 1797 5513 2290 5583; x_wconf 50' lang='lat' dir='ltr'><strong>sisiG’éea&#39;aé&#39;vii-iis</strong></span> 
     </span>
    </p>
   </div>
   <div class='ocr_carea' id='block_1_64' title="bbox 717 5575 2290 5643">
    <p class='ocr_par' dir='ltr' id='par_1_64' title="bbox 717 5575 2290 5643">
     <span class='ocr_line' id='line_1_65' title="bbox 717 5575 2290 5643; baseline 0.013 -22"><span class='ocrx_word' id='word_1_538' title='bbox 717 5575 841 5643; x_wconf 71' lang='lat' dir='ltr'><strong>circa</strong></span> <span class='ocrx_word' id='word_1_539' title='bbox 863 5577 1062 5643; x_wconf 79' lang='lat' dir='ltr'><strong>angelos</strong></span> <span class='ocrx_word' id='word_1_540' title='bbox 1092 5575 1348 5629; x_wconf 72' lang='lat' dir='ltr'><strong>sentcntiis</strong></span> <span class='ocrx_word' id='word_1_541' title='bbox 1373 5575 1610 5643; x_wconf 56' lang='lat' dir='ltr'><strong>&#39;prtnclare</strong></span> <span class='ocrx_word' id='word_1_542' title='bbox 1643 5585 1838 5635; x_wconf 83' lang='lat' dir='ltr'><strong>disserit</strong></span> <span class='ocrx_word' id='word_1_543' title='bbox 1861 5575 2067 5638; x_wconf 84' lang='lat' dir='ltr'><strong>Joannes</strong></span> <span class='ocrx_word' id='word_1_544' title='bbox 2086 5575 2290 5642; x_wconf 60' lang='lat' dir='ltr'><strong>litorian</strong></span> 
     </span>
    </p>
   </div>
   <div class='ocr_carea' id='block_1_65' title="bbox 717 5634 2286 5744">
    <p class='ocr_par' dir='ltr' id='par_1_65' title="bbox 717 5634 2286 5744">
     <span class='ocr_line' id='line_1_66' title="bbox 717 5634 2286 5741; baseline 0.016 -61"><span class='ocrx_word' id='word_1_545' title='bbox 717 5634 773 5741; x_wconf 58' lang='lat'><strong>:3</strong></span> <span class='ocrx_word' id='word_1_546' title='bbox 797 5634 1124 5741; x_wconf 51' lang='lat' dir='ltr'><strong>gratulationes</strong></span> <span class='ocrx_word' id='word_1_547' title='bbox 1158 5634 1394 5704; x_wconf 54' lang='lat' dir='ltr'><strong>Syriacas:</strong></span> <span class='ocrx_word' id='word_1_548' title='bbox 1424 5648 1552 5705; x_wconf 83' lang='lat' dir='ltr'><strong>Lege</strong></span> <span class='ocrx_word' id='word_1_549' title='bbox 1585 5634 1840 5708; x_wconf 85' lang='lat' dir='ltr'><strong>Origeuem</strong></span> <span class='ocrx_word' id='word_1_550' title='bbox 1871 5634 1930 5698; x_wconf 81' lang='lat' dir='ltr'><strong>ad</strong></span> <span class='ocrx_word' id='word_1_551' title='bbox 2087 5634 2286 5714; x_wconf 36' lang='lat' dir='ltr'><strong>gap—isi:</strong></span> 
     </span>
     <span class='ocr_line' id='line_1_67' title="bbox 829 5709 921 5744; baseline 0.022 -3"><span class='ocrx_word' id='word_1_552' title='bbox 829 5709 921 5744; x_wconf 70' lang='lat' dir='ltr'><strong>Olli.</strong></span> 
     </span>
    </p>
   </div>
   <div class='ocr_carea' id='block_1_66' title="bbox 862 5711 921 5743">
    <p class='ocr_par' dir='ltr' id='par_1_66' title="bbox 862 5711 921 5743">
     <span class='ocr_line' id='line_1_68' title="bbox 862 5711 921 5743; baseline 0.034 -2"><span class='ocrx_word' id='word_1_553' title='bbox 862 5711 921 5743; x_wconf 78' lang='lat' dir='ltr'><strong>lli.</strong></span> 
     </span>
    </p>
   </div>
   <div class='ocr_carea' id='block_1_67' title="bbox 1459 350 3248 419">
    <p class='ocr_par' dir='ltr' id='par_1_67' title="bbox 1459 350 3248 419">
     <span class='ocr_line' id='line_1_69' title="bbox 1459 350 3248 419; baseline 0.006 -13"><span class='ocrx_word' id='word_1_554' title='bbox 1459 350 1516 406; x_wconf 87' lang='lat' dir='ltr'><strong>S.</strong></span> <span class='ocrx_word' id='word_1_555' title='bbox 1556 350 1831 408; x_wconf 72' lang='lat' dir='ltr'><strong>JOANNIS</strong></span> <span class='ocrx_word' id='word_1_556' title='bbox 1867 352 2335 410; x_wconf 73' lang='lat' dir='ltr'><strong>CllRYSOSTOMl</strong></span> <span class='ocrx_word' id='word_1_557' title='bbox 2372 354 2684 411; x_wconf 80' lang='lat' dir='ltr'><strong>ARCIIIEP.</strong></span> <span class='ocrx_word' id='word_1_558' title='bbox 2724 357 3248 419; x_wconf 79' lang='lat' dir='ltr'><strong>CONSTANTINOP.</strong></span> 
     </span>
    </p>
   </div>
   <div class='ocr_carea' id='block_1_68' title="bbox 3897 380 4007 435">
    <p class='ocr_par' dir='ltr' id='par_1_68' title="bbox 3897 380 4007 435">
     <span class='ocr_line' id='line_1_70' title="bbox 3897 380 4007 435; baseline 0.009 -1"><span class='ocrx_word' id='word_1_559' title='bbox 3897 380 4007 435; x_wconf 88' lang='lat'><strong>232</strong></span> 
     </span>
    </p>
   </div>
   <div class='ocr_carea' id='block_1_69' title="bbox 2431 469 3996 553">
    <p class='ocr_par' dir='ltr' id='par_1_69' title="bbox 2431 469 3996 553">
     <span class='ocr_line' id='line_1_71' title="bbox 2431 469 3996 553; baseline 0.013 -33"><span class='ocrx_word' id='word_1_560' title='bbox 2431 469 2741 535; x_wconf 82' lang='lat' dir='ltr'><strong>supplicium</strong></span> <span class='ocrx_word' id='word_1_561' title='bbox 2775 472 3000 526; x_wconf 85' lang='lat' dir='ltr'><strong>minatus</strong></span> <span class='ocrx_word' id='word_1_562' title='bbox 3027 484 3128 529; x_wconf 85' lang='lat' dir='ltr'><strong>est.</strong></span> <span class='ocrx_word' id='word_1_563' title='bbox 3159 476 3222 530; x_wconf 85' lang='lat' dir='ltr'><strong>Et</strong></span> <span class='ocrx_word' id='word_1_564' title='bbox 3248 493 3423 532; x_wconf 84' lang='lat' dir='ltr'><strong>nonne</strong></span> <span class='ocrx_word' id='word_1_565' title='bbox 3444 480 3595 536; x_wconf 87' lang='lat' dir='ltr'><strong>nobis</strong></span> <span class='ocrx_word' id='word_1_566' title='bbox 3615 486 3750 538; x_wconf 83' lang='lat' dir='ltr'><strong>hanc</strong></span> <span class='ocrx_word' id='word_1_567' title='bbox 3773 485 3996 553; x_wconf 72' lang='lat' dir='ltr'><strong>primam</strong></span> 
     </span>
    </p>
   </div>
   <div class='ocr_carea' id='block_1_70' title="bbox 2429 560 3993 646">
    <p class='ocr_par' dir='ltr' id='par_1_70' title="bbox 2429 560 3993 646">
     <span class='ocr_line' id='line_1_72' title="bbox 2429 560 3993 646; baseline 0.015 -38"><span class='ocrx_word' id='word_1_568' title='bbox 2429 571 2612 610; x_wconf 86' lang='lat' dir='ltr'><strong>vocem</strong></span> <span class='ocrx_word' id='word_1_569' title='bbox 2635 561 2848 614; x_wconf 77' lang='lat' dir='ltr'><strong>emisit?</strong></span> <span class='ocrx_word' id='word_1_570' title='bbox 2876 560 3074 618; x_wconf 78' lang='lat' dir='ltr'><strong>Exinde</strong></span> <span class='ocrx_word' id='word_1_571' title='bbox 3093 568 3259 635; x_wconf 68' lang='lat' dir='ltr'><strong>coepit,</strong></span> <span class='ocrx_word' id='word_1_572' title='bbox 3287 569 3471 637; x_wconf 83' lang='lat' dir='ltr'><strong>inquit,</strong></span> <span class='ocrx_word' id='word_1_573' title='bbox 3496 573 3770 638; x_wconf 67' lang='lat' dir='ltr'><strong>prendit-are</strong></span> <span class='ocrx_word' id='word_1_574' title='bbox 3787 589 3993 646; x_wconf 78' lang='lat' dir='ltr'><strong>regnum</strong></span> 
     </span>
    </p>
   </div>
   <div class='ocr_carea' id='block_1_71' title="bbox 2427 643 3994 732">
    <p class='ocr_par' dir='ltr' id='par_1_71' title="bbox 2427 643 3994 732">
     <span class='ocr_line' id='line_1_73' title="bbox 2427 643 3994 732; baseline 0.017 -38"><span class='ocrx_word' id='word_1_575' title='bbox 2427 643 2663 697; x_wconf 66' lang='lat' dir='ltr'><strong>calorum</strong></span> <span class='ocrx_word' id='word_1_576' title='bbox 2692 647 2898 716; x_wconf 74' lang='lat' dir='ltr'><strong>(Matth.</strong></span> <span class='ocrx_word' id='word_1_577' title='bbox 2931 653 2984 704; x_wconf 77' lang='grc'><strong>4.</strong></span> <span class='ocrx_word' id='word_1_578' title='bbox 3025 654 3132 721; x_wconf 88' lang='grc'><strong>17).</strong></span> <span class='ocrx_word' id='word_1_579' title='bbox 3160 655 3300 718; x_wconf 86' lang='lat' dir='ltr'><strong>Nihil</strong></span> <span class='ocrx_word' id='word_1_580' title='bbox 3330 673 3643 728; x_wconf 89' lang='lat' dir='ltr'><strong>corporeum</strong></span> <span class='ocrx_word' id='word_1_581' title='bbox 3668 643 3956 732; x_wconf 73' lang='lat' dir='ltr'><strong>suspiceris</strong></span> <span class='ocrx_word' id='word_1_582' title='bbox 3979 707 3994 731; x_wconf 89' lang='lat'><strong>,</strong></span> 
     </span>
    </p>
   </div>
   <div class='ocr_carea' id='block_1_72' title="bbox 2426 732 3993 821">
    <p class='ocr_par' dir='ltr' id='par_1_72' title="bbox 2426 732 3993 821">
     <span class='ocr_line' id='line_1_74' title="bbox 2426 732 3993 821; baseline 0.017 -36"><span class='ocrx_word' id='word_1_583' title='bbox 2426 732 2634 796; x_wconf 86' lang='lat' dir='ltr'><strong>dilecte.</strong></span> <span class='ocrx_word' id='word_1_584' title='bbox 2664 752 2761 791; x_wconf 93' lang='lat' dir='ltr'><strong>nec</strong></span> <span class='ocrx_word' id='word_1_585' title='bbox 2788 740 3057 797; x_wconf 78' lang='lat' dir='ltr'><strong>exisdmes</strong></span> <span class='ocrx_word' id='word_1_586' title='bbox 3081 745 3242 800; x_wconf 85' lang='lat' dir='ltr'><strong>Deum</strong></span> <span class='ocrx_word' id='word_1_587' title='bbox 3260 787 3274 811; x_wconf 93' lang='lat'><strong>,</strong></span> <span class='ocrx_word' id='word_1_588' title='bbox 3303 749 3390 817; x_wconf 89' lang='lat' dir='ltr'><strong>qui</strong></span> <span class='ocrx_word' id='word_1_589' title='bbox 3422 750 3707 808; x_wconf 88' lang='lat' dir='ltr'><strong>immensus</strong></span> <span class='ocrx_word' id='word_1_590' title='bbox 3729 763 3832 821; x_wconf 87' lang='lat' dir='ltr'><strong>est,</strong></span> <span class='ocrx_word' id='word_1_591' title='bbox 3861 759 3993 812; x_wconf 79' lang='lat' dir='ltr'><strong>solio</strong></span> 
     </span>
    </p>
   </div>
   <div class='ocr_carea' id='block_1_73' title="bbox 2427 826 3996 911">
    <p class='ocr_par' dir='ltr' id='par_1_73' title="bbox 2427 826 3996 911">
     <span class='ocr_line' id='line_1_75' title="bbox 2427 826 3996 911; baseline 0.018 -36"><span class='ocrx_word' id='word_1_592' title='bbox 2427 837 2545 878; x_wconf 89' lang='lat' dir='ltr'><strong>esse</strong></span> <span class='ocrx_word' id='word_1_593' title='bbox 2570 826 2844 882; x_wconf 90' lang='lat' dir='ltr'><strong>inclusum.</strong></span> <span class='ocrx_word' id='word_1_594' title='bbox 2889 830 3018 885; x_wconf 86' lang='lat' dir='ltr'><strong>Nam</strong></span> <span class='ocrx_word' id='word_1_595' title='bbox 3059 834 3104 888; x_wconf 88' lang='lat' dir='ltr'><strong>si</strong></span> <span class='ocrx_word' id='word_1_596' title='bbox 3143 834 3209 889; x_wconf 86' lang='lat' dir='ltr'><strong>In</strong></span> <span class='ocrx_word' id='word_1_597' title='bbox 3235 854 3387 892; x_wconf 86' lang='lat' dir='ltr'><strong>manu</strong></span> <span class='ocrx_word' id='word_1_598' title='bbox 3413 842 3520 911; x_wconf 86' lang='lat' dir='ltr'><strong>ejus</strong></span> <span class='ocrx_word' id='word_1_599' title='bbox 3545 853 3662 897; x_wconf 86' lang='lat' dir='ltr'><strong>sunt</strong></span> <span class='ocrx_word' id='word_1_600' title='bbox 3696 846 3820 910; x_wconf 73' lang='lat' dir='ltr'><strong>fines</strong></span> <span class='ocrx_word' id='word_1_601' title='bbox 3849 857 3996 902; x_wconf 74' lang='lat' dir='ltr'><strong>terra</strong></span> 
     </span>
    </p>
   </div>
   <div class='ocr_carea' id='block_1_74' title="bbox 2427 912 3993 1006">
    <p class='ocr_par' dir='ltr' id='par_1_74' title="bbox 2427 912 3993 1006">
     <span class='ocr_line' id='line_1_76' title="bbox 2427 912 3993 1006; baseline 0.017 -41"><span class='ocrx_word' id='word_1_602' title='bbox 2427 912 2595 978; x_wconf 84' lang='lat' dir='ltr'><strong>(Psal.</strong></span> <span class='ocrx_word' id='word_1_603' title='bbox 2627 917 2714 970; x_wconf 68' lang='grc'><strong>94.</strong></span> <span class='ocrx_word' id='word_1_604' title='bbox 2733 919 2787 988; x_wconf 69' lang='grc'><strong>1)</strong></span> <span class='ocrx_word' id='word_1_605' title='bbox 2811 937 2824 970; x_wconf 92' lang='lat'><strong>:</strong></span> <span class='ocrx_word' id='word_1_606' title='bbox 2850 921 2893 974; x_wconf 92' lang='lat' dir='ltr'><strong>si</strong></span> <span class='ocrx_word' id='word_1_607' title='bbox 2922 919 3122 977; x_wconf 76' lang='lat' dir='ltr'><strong>Montes</strong></span> <span class='ocrx_word' id='word_1_608' title='bbox 3146 928 3320 980; x_wconf 85' lang='lat' dir='ltr'><strong>statuit</strong></span> <span class='ocrx_word' id='word_1_609' title='bbox 3342 937 3524 983; x_wconf 85' lang='lat' dir='ltr'><strong>statera</strong></span> <span class='ocrx_word' id='word_1_610' title='bbox 3544 947 3566 986; x_wconf 89' lang='lat'><strong><em>:</em></strong></span> <span class='ocrx_word' id='word_1_611' title='bbox 3586 933 3631 986; x_wconf 95' lang='lat' dir='ltr'><strong>si</strong></span> <span class='ocrx_word' id='word_1_612' title='bbox 3660 933 3845 989; x_wconf 81' lang='lat' dir='ltr'><strong>Omnes</strong></span> <span class='ocrx_word' id='word_1_613' title='bbox 3865 953 3993 1006; x_wconf 81' lang='lat' dir='ltr'><strong>gen-</strong></span> 
     </span>
    </p>
   </div>
   <div class='ocr_carea' id='block_1_75' title="bbox 2427 1007 3990 1090">
    <p class='ocr_par' dir='ltr' id='par_1_75' title="bbox 2427 1007 3990 1090">
     <span class='ocr_line' id='line_1_77' title="bbox 2427 1007 3990 1090; baseline 0.018 -37"><span class='ocrx_word' id='word_1_614' title='bbox 2427 1010 2498 1054; x_wconf 88' lang='lat' dir='ltr'><strong>tes</strong></span> <span class='ocrx_word' id='word_1_615' title='bbox 2525 1007 2668 1071; x_wconf 87' lang='lat' dir='ltr'><strong>quasi</strong></span> <span class='ocrx_word' id='word_1_616' title='bbox 2691 1009 2848 1061; x_wconf 85' lang='lat' dir='ltr'><strong>saliva</strong></span> <span class='ocrx_word' id='word_1_617' title='bbox 2875 1011 2926 1064; x_wconf 88' lang='lat' dir='ltr'><strong>in</strong></span> <span class='ocrx_word' id='word_1_618' title='bbox 2955 1023 3218 1084; x_wconf 81' lang='lat' dir='ltr'><strong>conspectu</strong></span> <span class='ocrx_word' id='word_1_619' title='bbox 3255 1018 3362 1086; x_wconf 82' lang='lat' dir='ltr'><strong>ejus</strong></span> <span class='ocrx_word' id='word_1_620' title='bbox 3403 1032 3647 1090; x_wconf 64' lang='lat' dir='ltr'><strong>reputatae</strong></span> <span class='ocrx_word' id='word_1_621' title='bbox 3680 1034 3832 1090; x_wconf 86' lang='lat' dir='ltr'><strong>sunt,</strong></span> <span class='ocrx_word' id='word_1_622' title='bbox 3864 1037 3912 1080; x_wconf 87' lang='lat' dir='ltr'><strong>et</strong></span> <span class='ocrx_word' id='word_1_623' title='bbox 3948 1029 3990 1081; x_wconf 88' lang='lat' dir='ltr'><strong>si</strong></span> 
     </span>
    </p>
   </div>
   <div class='ocr_carea' id='block_1_76' title="bbox 2422 1097 3990 1186">
    <p class='ocr_par' dir='ltr' id='par_1_76' title="bbox 2422 1097 3990 1186">
     <span class='ocr_line' id='line_1_78' title="bbox 2422 1097 3990 1186; baseline 0.018 -43"><span class='ocrx_word' id='word_1_624' title='bbox 2422 1103 2601 1146; x_wconf 86' lang='lat' dir='ltr'><strong>cuncta</strong></span> <span class='ocrx_word' id='word_1_625' title='bbox 2639 1097 2763 1149; x_wconf 85' lang='lat' dir='ltr'><strong>sicut</strong></span> <span class='ocrx_word' id='word_1_626' title='bbox 2803 1100 2963 1166; x_wconf 81' lang='lat' dir='ltr'><strong>pulvis</strong></span> <span class='ocrx_word' id='word_1_627' title='bbox 2999 1120 3170 1158; x_wconf 85' lang='lat' dir='ltr'><strong>coram</strong></span> <span class='ocrx_word' id='word_1_628' title='bbox 3210 1123 3268 1161; x_wconf 89' lang='lat' dir='ltr'><strong>eo</strong></span> <span class='ocrx_word' id='word_1_629' title='bbox 3310 1109 3330 1176; x_wconf 83' lang='lat'>(</span> <span class='ocrx_word' id='word_1_630' title='bbox 3351 1107 3476 1164; x_wconf 88' lang='lat' dir='ltr'><strong>lsai.</strong></span> <span class='ocrx_word' id='word_1_631' title='bbox 3505 1112 3595 1167; x_wconf 74' lang='grc'><strong>40.</strong></span> <span class='ocrx_word' id='word_1_632' title='bbox 3626 1114 3710 1167; x_wconf 88' lang='grc'><strong>12.</strong></span> <span class='ocrx_word' id='word_1_633' title='bbox 3740 1116 3884 1186; x_wconf 84' lang='grc'><strong>15),</strong></span> <span class='ocrx_word' id='word_1_634' title='bbox 3933 1128 3990 1172; x_wconf 90' lang='lat' dir='ltr'><strong>ut</strong></span> 
     </span>
    </p>
   </div>
   <div class='ocr_carea' id='block_1_77' title="bbox 2424 1183 3991 1275">
    <p class='ocr_par' dir='ltr' id='par_1_77' title="bbox 2424 1183 3991 1275">
     <span class='ocr_line' id='line_1_79' title="bbox 2424 1183 3991 1275; baseline 0.019 -41"><span class='ocrx_word' id='word_1_635' title='bbox 2424 1183 2534 1251; x_wconf 91' lang='lat' dir='ltr'><strong>ipse</strong></span> <span class='ocrx_word' id='word_1_636' title='bbox 2562 1185 2634 1238; x_wconf 92' lang='lat' dir='ltr'><strong>ait</strong></span> <span class='ocrx_word' id='word_1_637' title='bbox 2660 1203 2673 1237; x_wconf 89' lang='lat'><strong>:</strong></span> <span class='ocrx_word' id='word_1_638' title='bbox 2704 1189 2820 1256; x_wconf 92' lang='lat' dir='ltr'><strong>quis</strong></span> <span class='ocrx_word' id='word_1_639' title='bbox 2848 1191 2991 1245; x_wconf 88' lang='lat' dir='ltr'><strong>locus</strong></span> <span class='ocrx_word' id='word_1_640' title='bbox 3017 1202 3185 1250; x_wconf 90' lang='lat' dir='ltr'><strong>totum</strong></span> <span class='ocrx_word' id='word_1_641' title='bbox 3221 1198 3376 1251; x_wconf 89' lang='lat' dir='ltr'><strong>simul</strong></span> <span class='ocrx_word' id='word_1_642' title='bbox 3402 1183 3853 1270; x_wconf 78' lang='lat' dir='ltr'><strong>comprehendere</strong></span> <span class='ocrx_word' id='word_1_643' title='bbox 3895 1222 3991 1275; x_wconf 74' lang='grc' dir='ltr'><strong>ρθ·</strong></span> 
     </span>
    </p>
   </div>
   <div class='ocr_carea' id='block_1_78' title="bbox 2421 1274 3980 1351">
    <p class='ocr_par' dir='ltr' id='par_1_78' title="bbox 2421 1274 3980 1351">
     <span class='ocr_line' id='line_1_80' title="bbox 2421 1274 3980 1351; baseline 0.017 -27"><span class='ocrx_word' id='word_1_644' title='bbox 2421 1274 2582 1327; x_wconf 87' lang='lat' dir='ltr'><strong>terit?</strong></span> <span class='ocrx_word' id='word_1_645' title='bbox 2609 1275 2711 1330; x_wconf 90' lang='lat' dir='ltr'><strong>Sed</strong></span> <span class='ocrx_word' id='word_1_646' title='bbox 2743 1279 2908 1346; x_wconf 87' lang='lat' dir='ltr'><strong>quid?</strong></span> <span class='ocrx_word' id='word_1_647' title='bbox 2933 1282 3038 1336; x_wconf 83' lang='lat' dir='ltr'><strong>Res</strong></span> <span class='ocrx_word' id='word_1_648' title='bbox 3065 1300 3168 1339; x_wconf 93' lang='lat' dir='ltr'><strong>non</strong></span> <span class='ocrx_word' id='word_1_649' title='bbox 3196 1287 3265 1341; x_wconf 88' lang='lat' dir='ltr'><strong>ita</strong></span> <span class='ocrx_word' id='word_1_650' title='bbox 3288 1303 3346 1341; x_wconf 91' lang='lat' dir='ltr'><strong>se</strong></span> <span class='ocrx_word' id='word_1_651' title='bbox 3372 1289 3528 1344; x_wconf 86' lang='lat' dir='ltr'><strong>habet</strong></span> <span class='ocrx_word' id='word_1_652' title='bbox 3557 1309 3572 1344; x_wconf 88' lang='lat'><strong><em>:</em></strong></span> <span class='ocrx_word' id='word_1_653' title='bbox 3601 1295 3734 1346; x_wconf 89' lang='lat' dir='ltr'><strong>solio</strong></span> <span class='ocrx_word' id='word_1_654' title='bbox 3765 1310 3868 1348; x_wconf 92' lang='lat' dir='ltr'><strong>non</strong></span> <span class='ocrx_word' id='word_1_655' title='bbox 3901 1274 3980 1351; x_wconf 62' lang='lat' dir='ltr'><strong>inc</strong></span> 
     </span>
    </p>
   </div>
   <div class='ocr_carea' id='block_1_79' title="bbox 2421 1365 3982 1452">
    <p class='ocr_par' dir='ltr' id='par_1_79' title="bbox 2421 1365 3982 1452">
     <span class='ocr_line' id='line_1_81' title="bbox 2421 1365 3982 1452; baseline 0.015 -36"><span class='ocrx_word' id='word_1_656' title='bbox 2421 1365 2648 1420; x_wconf 90' lang='lat' dir='ltr'><strong>cluditur</strong></span> <span class='ocrx_word' id='word_1_657' title='bbox 2677 1368 2830 1421; x_wconf 88' lang='lat' dir='ltr'><strong>Deus.</strong></span> <span class='ocrx_word' id='word_1_658' title='bbox 2864 1369 2917 1424; x_wconf 93' lang='lat' dir='ltr'><strong>Si</strong></span> <span class='ocrx_word' id='word_1_659' title='bbox 2955 1384 3128 1427; x_wconf 87' lang='lat' dir='ltr'><strong>autem</strong></span> <span class='ocrx_word' id='word_1_660' title='bbox 3169 1378 3538 1433; x_wconf 86' lang='lat' dir='ltr'><strong>vestimentum</strong></span> <span class='ocrx_word' id='word_1_661' title='bbox 3567 1380 3825 1445; x_wconf 84' lang='lat' dir='ltr'><strong>habebat,</strong></span> <span class='ocrx_word' id='word_1_662' title='bbox 3854 1400 3982 1452; x_wconf 83' lang='lat' dir='ltr'><strong>quo-</strong></span> 
     </span>
    </p>
   </div>
   <div class='ocr_carea' id='block_1_80' title="bbox 2421 1454 3987 1540">
    <p class='ocr_par' dir='ltr' id='par_1_80' title="bbox 2421 1454 3987 1540">
     <span class='ocr_line' id='line_1_82' title="bbox 2421 1454 3987 1540; baseline 0.015 -34"><span class='ocrx_word' id='word_1_663' title='bbox 2421 1454 2577 1508; x_wconf 92' lang='lat' dir='ltr'><strong>modo</strong></span> <span class='ocrx_word' id='word_1_664' title='bbox 2625 1456 2756 1524; x_wconf 89' lang='lat' dir='ltr'><strong>ignis</strong></span> <span class='ocrx_word' id='word_1_665' title='bbox 2803 1459 2930 1514; x_wconf 90' lang='lat' dir='ltr'><strong>illud</strong></span> <span class='ocrx_word' id='word_1_666' title='bbox 2978 1477 3080 1520; x_wconf 91' lang='lat' dir='ltr'><strong>non</strong></span> <span class='ocrx_word' id='word_1_667' title='bbox 3129 1469 3495 1537; x_wconf 82' lang='lat' dir='ltr'><strong>consumpsit?</strong></span> <span class='ocrx_word' id='word_1_668' title='bbox 3540 1481 3593 1524; x_wconf 91' lang='lat' dir='ltr'><strong>et</strong></span> <span class='ocrx_word' id='word_1_669' title='bbox 3632 1487 3734 1540; x_wconf 90' lang='lat' dir='ltr'><strong>qua</strong></span> <span class='ocrx_word' id='word_1_670' title='bbox 3781 1474 3987 1530; x_wconf 87' lang='lat' dir='ltr'><strong>ratione</strong></span> 
     </span>
    </p>
   </div>
   <div class='ocr_carea' id='block_1_81' title="bbox 2416 1545 3986 1625">
    <p class='ocr_par' dir='ltr' id='par_1_81' title="bbox 2416 1545 3986 1625">
     <span class='ocr_line' id='line_1_83' title="bbox 2416 1545 3986 1625; baseline 0.015 -28"><span class='ocrx_word' id='word_1_671' title='bbox 2416 1545 2680 1616; x_wconf 85' lang='lat' dir='ltr'><strong>Antiquus</strong></span> <span class='ocrx_word' id='word_1_672' title='bbox 2695 1548 2898 1606; x_wconf 91' lang='lat' dir='ltr'><strong>dierum</strong></span> <span class='ocrx_word' id='word_1_673' title='bbox 2925 1551 3116 1607; x_wconf 90' lang='lat' dir='ltr'><strong>dicitur</strong></span> <span class='ocrx_word' id='word_1_674' title='bbox 3142 1555 3231 1610; x_wconf 91' lang='lat' dir='ltr'><strong>ille</strong></span> <span class='ocrx_word' id='word_1_675' title='bbox 3254 1595 3269 1622; x_wconf 95' lang='lat'><strong>,</strong></span> <span class='ocrx_word' id='word_1_676' title='bbox 3303 1559 3391 1625; x_wconf 89' lang='lat' dir='ltr'><strong>qui</strong></span> <span class='ocrx_word' id='word_1_677' title='bbox 3429 1568 3551 1616; x_wconf 87' lang='lat' dir='ltr'><strong>ante</strong></span> <span class='ocrx_word' id='word_1_678' title='bbox 3587 1563 3763 1617; x_wconf 88' lang='lat' dir='ltr'><strong>omnia</strong></span> <span class='ocrx_word' id='word_1_679' title='bbox 3792 1567 3986 1620; x_wconf 68' lang='lat' dir='ltr'><strong>szrcula</strong></span> 
     </span>
    </p>
   </div>
   <div class='ocr_carea' id='block_1_82' title="bbox 2418 1634 3984 1724">
    <p class='ocr_par' dir='ltr' id='par_1_82' title="bbox 2418 1634 3984 1724">
     <span class='ocr_line' id='line_1_84' title="bbox 2418 1634 3984 1724; baseline 0.016 -40"><span class='ocrx_word' id='word_1_680' title='bbox 2418 1634 2653 1689; x_wconf 78' lang='lat' dir='ltr'><strong>exstitit?</strong></span> <span class='ocrx_word' id='word_1_681' title='bbox 2670 1652 2774 1707; x_wconf 88' lang='lat' dir='ltr'><strong>quo</strong></span> <span class='ocrx_word' id='word_1_682' title='bbox 2792 1649 2942 1707; x_wconf 86' lang='lat' dir='ltr'><strong>pacto</strong></span> <span class='ocrx_word' id='word_1_683' title='bbox 2959 1650 3130 1697; x_wconf 85' lang='lat' dir='ltr'><strong>autem</strong></span> <span class='ocrx_word' id='word_1_684' title='bbox 3146 1652 3200 1698; x_wconf 89' lang='lat' dir='ltr'><strong>et</strong></span> <span class='ocrx_word' id='word_1_685' title='bbox 3218 1647 3496 1714; x_wconf 83' lang='lat' dir='ltr'><strong>antiquus?</strong></span> <span class='ocrx_word' id='word_1_686' title='bbox 3514 1648 3594 1702; x_wconf 88' lang='lat' dir='ltr'><strong>Tu</strong></span> <span class='ocrx_word' id='word_1_687' title='bbox 3612 1654 3774 1719; x_wconf 90' lang='lat' dir='ltr'><strong>enim,</strong></span> <span class='ocrx_word' id='word_1_688' title='bbox 3794 1656 3984 1724; x_wconf 89' lang='lat' dir='ltr'><strong>inquit,</strong></span> 
     </span>
    </p>
   </div>
   <div class='ocr_carea' id='block_1_83' title="bbox 2415 1722 3983 1812">
    <p class='ocr_par' dir='ltr' id='par_1_83' title="bbox 2415 1722 3983 1812">
     <span class='ocr_line' id='line_1_85' title="bbox 2415 1722 3983 1812; baseline 0.018 -39"><span class='ocrx_word' id='word_1_689' title='bbox 2415 1722 2544 1812; x_wconf 77' lang='lat' dir='ltr'><strong>idem</strong></span> <span class='ocrx_word' id='word_1_690' title='bbox 2567 1725 2672 1794; x_wconf 87' lang='lat' dir='ltr'><strong>ipse</strong></span> <span class='ocrx_word' id='word_1_691' title='bbox 2695 1743 2746 1780; x_wconf 88' lang='lat' dir='ltr'><strong>es</strong></span> <span class='ocrx_word' id='word_1_692' title='bbox 2767 1727 2936 1797; x_wconf 89' lang='lat' dir='ltr'><strong>(Psal.</strong></span> <span class='ocrx_word' id='word_1_693' title='bbox 2969 1732 3087 1786; x_wconf 85' lang='grc'><strong>101.</strong></span> <span class='ocrx_word' id='word_1_694' title='bbox 3113 1733 3225 1803; x_wconf 85' lang='grc'><strong>28).</strong></span> <span class='ocrx_word' id='word_1_695' title='bbox 3257 1734 3364 1790; x_wconf 90' lang='lat' dir='ltr'><strong>Cur</strong></span> <span class='ocrx_word' id='word_1_696' title='bbox 3391 1738 3543 1807; x_wconf 90' lang='lat' dir='ltr'><strong>igitur</strong></span> <span class='ocrx_word' id='word_1_697' title='bbox 3565 1745 3831 1812; x_wconf 88' lang='lat' dir='ltr'><strong>antiquus,</strong></span> <span class='ocrx_word' id='word_1_698' title='bbox 3863 1722 3983 1800; x_wconf 86' lang='lat' dir='ltr'><strong>cum</strong></span> 
     </span>
    </p>
   </div>
   <div class='ocr_carea' id='block_1_84' title="bbox 2416 1810 3986 1901">
    <p class='ocr_par' dir='ltr' id='par_1_84' title="bbox 2416 1810 3986 1901">
     <span class='ocr_line' id='line_1_86' title="bbox 2416 1810 3986 1901; baseline 0.017 -38"><span class='ocrx_word' id='word_1_699' title='bbox 2416 1810 2622 1868; x_wconf 76' lang='lat' dir='ltr'><strong>dicatur</strong></span> <span class='ocrx_word' id='word_1_700' title='bbox 2649 1832 2664 1868; x_wconf 89' lang='lat'><strong>:</strong></span> <span class='ocrx_word' id='word_1_701' title='bbox 2687 1815 2755 1869; x_wconf 85' lang='lat' dir='ltr'><strong>Et</strong></span> <span class='ocrx_word' id='word_1_702' title='bbox 2793 1822 2914 1873; x_wconf 89' lang='lat' dir='ltr'><strong>anni</strong></span> <span class='ocrx_word' id='word_1_703' title='bbox 2956 1823 3026 1874; x_wconf 86' lang='lat' dir='ltr'><strong>tui</strong></span> <span class='ocrx_word' id='word_1_704' title='bbox 3065 1839 3166 1877; x_wconf 90' lang='lat' dir='ltr'><strong>non</strong></span> <span class='ocrx_word' id='word_1_705' title='bbox 3191 1825 3421 1894; x_wconf 80' lang='lat' dir='ltr'><strong>deﬁcient</strong></span> <span class='ocrx_word' id='word_1_706' title='bbox 3449 1829 3631 1901; x_wconf 75' lang='grc' dir='ltr'><strong>(Ιὺὶά.)</strong></span> <span class='ocrx_word' id='word_1_707' title='bbox 3651 1810 3813 1900; x_wconf 53' lang='lat' dir='ltr'><strong>?;Qui</strong></span> <span class='ocrx_word' id='word_1_708' title='bbox 3857 1851 3986 1890; x_wconf 89' lang='lat' dir='ltr'><strong>vero</strong></span> 
     </span>
    </p>
   </div>
   <div class='ocr_carea' id='block_1_85' title="bbox 2417 1903 3985 1980">
    <p class='ocr_par' dir='ltr' id='par_1_85' title="bbox 2417 1903 3985 1980">
     <span class='ocr_line' id='line_1_87' title="bbox 2417 1903 3985 1980; baseline 0.018 -28"><span class='ocrx_word' id='word_1_709' title='bbox 2417 1903 2782 1959; x_wconf 91' lang='lat' dir='ltr'><strong>vestimentum</strong></span> <span class='ocrx_word' id='word_1_710' title='bbox 2803 1924 3008 1979; x_wconf 90' lang='lat' dir='ltr'><strong>quoque</strong></span> <span class='ocrx_word' id='word_1_711' title='bbox 3033 1911 3189 1967; x_wconf 91' lang='lat' dir='ltr'><strong>fuerit</strong></span> <span class='ocrx_word' id='word_1_712' title='bbox 3213 1918 3350 1971; x_wconf 88' lang='lat' dir='ltr'><strong>circa</strong></span> <span class='ocrx_word' id='word_1_713' title='bbox 3379 1919 3688 1980; x_wconf 87' lang='lat' dir='ltr'><strong>immensum</strong></span> <span class='ocrx_word' id='word_1_714' title='bbox 3715 1939 3778 1979; x_wconf 91' lang='lat' dir='ltr'><strong>ac</strong></span> <span class='ocrx_word' id='word_1_715' title='bbox 3808 1925 3985 1980; x_wconf 83' lang='lat' dir='ltr'><strong>incor-</strong></span> 
     </span>
    </p>
   </div>
   <div class='ocr_carea' id='block_1_86' title="bbox 2414 1997 3983 2087">
    <p class='ocr_par' dir='ltr' id='par_1_86' title="bbox 2414 1997 3983 2087">
     <span class='ocr_line' id='line_1_88' title="bbox 2414 1997 3983 2087; baseline 0.018 -42"><span class='ocrx_word' id='word_1_716' title='bbox 2414 2008 2631 2061; x_wconf 82' lang='lat' dir='ltr'><strong>porcum</strong></span> <span class='ocrx_word' id='word_1_717' title='bbox 2650 1997 2672 2051; x_wconf 82' lang='lat'><strong>?</strong></span> <span class='ocrx_word' id='word_1_718' title='bbox 2693 1997 2891 2053; x_wconf 85' lang='lat' dir='ltr'><strong>Etenim</strong></span> <span class='ocrx_word' id='word_1_719' title='bbox 2913 2005 3270 2072; x_wconf 87' lang='lat' dir='ltr'><strong>magnitudinis</strong></span> <span class='ocrx_word' id='word_1_720' title='bbox 3290 2011 3418 2077; x_wconf 87' lang='lat' dir='ltr'><strong>ejus,</strong></span> <span class='ocrx_word' id='word_1_721' title='bbox 3443 2012 3627 2082; x_wconf 90' lang='lat' dir='ltr'><strong>inquit,</strong></span> <span class='ocrx_word' id='word_1_722' title='bbox 3653 2032 3754 2070; x_wconf 90' lang='lat' dir='ltr'><strong>non</strong></span> <span class='ocrx_word' id='word_1_723' title='bbox 3773 2029 3846 2070; x_wconf 85' lang='lat' dir='ltr'><strong>est</strong></span> <span class='ocrx_word' id='word_1_724' title='bbox 3863 2019 3983 2087; x_wconf 80' lang='lat' dir='ltr'><strong>ﬁnis</strong></span> 
     </span>
    </p>
   </div>
   <div class='ocr_carea' id='block_1_87' title="bbox 2413 2082 3983 2176">
    <p class='ocr_par' dir='ltr' id='par_1_87' title="bbox 2413 2082 3983 2176">
     <span class='ocr_line' id='line_1_89' title="bbox 2413 2082 3983 2176; baseline 0.019 -41"><span class='ocrx_word' id='word_1_725' title='bbox 2413 2082 2584 2151; x_wconf 87' lang='lat' dir='ltr'><strong>(Psal.</strong></span> <span class='ocrx_word' id='word_1_726' title='bbox 2615 2088 2733 2144; x_wconf 72' lang='grc'><strong>144.</strong></span> <span class='ocrx_word' id='word_1_727' title='bbox 2767 2091 2843 2158; x_wconf 87' lang='grc'><strong>5).</strong></span> <span class='ocrx_word' id='word_1_728' title='bbox 2878 2092 2945 2146; x_wconf 86' lang='lat' dir='ltr'><strong>Et</strong></span> <span class='ocrx_word' id='word_1_729' title='bbox 2971 2109 3148 2150; x_wconf 89' lang='lat' dir='ltr'><strong>rursus</strong></span> <span class='ocrx_word' id='word_1_730' title='bbox 3178 2115 3191 2148; x_wconf 89' lang='lat'><strong>:</strong></span> <span class='ocrx_word' id='word_1_731' title='bbox 3223 2097 3283 2152; x_wconf 88' lang='lat' dir='ltr'><strong>Si</strong></span> <span class='ocrx_word' id='word_1_732' title='bbox 3311 2104 3577 2157; x_wconf 82' lang='lat' dir='ltr'><strong>ascendero</strong></span> <span class='ocrx_word' id='word_1_733' title='bbox 3601 2108 3654 2158; x_wconf 92' lang='lat' dir='ltr'><strong>in</strong></span> <span class='ocrx_word' id='word_1_734' title='bbox 3678 2082 3895 2176; x_wconf 45' lang='lat' dir='ltr'><strong>calum,</strong></span> <span class='ocrx_word' id='word_1_735' title='bbox 3930 2125 3983 2165; x_wconf 86' lang='lat' dir='ltr'><strong>tu</strong></span> 
     </span>
    </p>
   </div>
   <div class='ocr_carea' id='block_1_88' title="bbox 2410 2176 3980 2273">
    <p class='ocr_par' dir='ltr' id='par_1_88' title="bbox 2410 2176 3980 2273">
     <span class='ocr_line' id='line_1_90' title="bbox 2410 2176 3980 2273; baseline 0.02 -46"><span class='ocrx_word' id='word_1_736' title='bbox 2410 2176 2515 2229; x_wconf 87' lang='lat' dir='ltr'><strong>illic</strong></span> <span class='ocrx_word' id='word_1_737' title='bbox 2544 2195 2630 2243; x_wconf 82' lang='lat' dir='ltr'><strong>es;</strong></span> <span class='ocrx_word' id='word_1_738' title='bbox 2655 2183 2698 2233; x_wconf 85' lang='lat' dir='ltr'><strong>si</strong></span> <span class='ocrx_word' id='word_1_739' title='bbox 2722 2182 3016 2238; x_wconf 84' lang='lat' dir='ltr'><strong>descendero</strong></span> <span class='ocrx_word' id='word_1_740' title='bbox 3041 2189 3095 2242; x_wconf 87' lang='lat' dir='ltr'><strong>in</strong></span> <span class='ocrx_word' id='word_1_741' title='bbox 3117 2191 3386 2258; x_wconf 77' lang='lat' dir='ltr'><strong>infernum,</strong></span> <span class='ocrx_word' id='word_1_742' title='bbox 3410 2195 3528 2249; x_wconf 83' lang='lat' dir='ltr'><strong>ades</strong></span> <span class='ocrx_word' id='word_1_743' title='bbox 3549 2196 3716 2266; x_wconf 85' lang='lat' dir='ltr'><strong>(Psal.</strong></span> <span class='ocrx_word' id='word_1_744' title='bbox 3747 2204 3868 2256; x_wconf 87' lang='grc'><strong>151.</strong></span> <span class='ocrx_word' id='word_1_745' title='bbox 3897 2203 3980 2273; x_wconf 88' lang='grc'><strong>8).</strong></span> 
     </span>
    </p>
   </div>
   <div class='ocr_carea' id='block_1_89' title="bbox 2411 2267 3983 2352">
    <p class='ocr_par' dir='ltr' id='par_1_89' title="bbox 2411 2267 3983 2352">
     <span class='ocr_line' id='line_1_91' title="bbox 2411 2267 3983 2352; baseline 0.017 -32"><span class='ocrx_word' id='word_1_746' title='bbox 2411 2267 2687 2334; x_wconf 86' lang='lat' dir='ltr'><strong>Quomodo</strong></span> <span class='ocrx_word' id='word_1_747' title='bbox 2709 2273 2864 2342; x_wconf 82' lang='lat' dir='ltr'><strong>igitur</strong></span> <span class='ocrx_word' id='word_1_748' title='bbox 2885 2288 3028 2332; x_wconf 87' lang='lat' dir='ltr'><strong>veste</strong></span> <span class='ocrx_word' id='word_1_749' title='bbox 3053 2280 3583 2340; x_wconf 89' lang='lat' dir='ltr'><strong>circumscribebatur</strong></span> <span class='ocrx_word' id='word_1_750' title='bbox 3607 2289 3856 2352; x_wconf 88' lang='lat' dir='ltr'><strong>humana.</strong></span> <span class='ocrx_word' id='word_1_751' title='bbox 3881 2309 3983 2348; x_wconf 90' lang='lat' dir='ltr'><strong>nec</strong></span> 
     </span>
    </p>
   </div>
   <div class='ocr_carea' id='block_1_90' title="bbox 2412 2357 3981 2444">
    <p class='ocr_par' dir='ltr' id='par_1_90' title="bbox 2412 2357 3981 2444">
     <span class='ocr_line' id='line_1_92' title="bbox 2412 2357 3981 2444; baseline 0.018 -37"><span class='ocrx_word' id='word_1_752' title='bbox 2412 2357 2552 2410; x_wconf 83' lang='lat' dir='ltr'><strong>illam</strong></span> <span class='ocrx_word' id='word_1_753' title='bbox 2593 2364 2976 2418; x_wconf 77' lang='lat' dir='ltr'><strong>consumebat?</strong></span> <span class='ocrx_word' id='word_1_754' title='bbox 3016 2368 3082 2420; x_wconf 90' lang='lat' dir='ltr'><strong>At</strong></span> <span class='ocrx_word' id='word_1_755' title='bbox 3128 2384 3253 2424; x_wconf 88' lang='lat' dir='ltr'><strong>vero</strong></span> <span class='ocrx_word' id='word_1_756' title='bbox 3291 2381 3344 2425; x_wconf 91' lang='lat' dir='ltr'><strong>et</strong></span> <span class='ocrx_word' id='word_1_757' title='bbox 3383 2374 3481 2429; x_wconf 81' lang='lat' dir='ltr'><strong>alia</strong></span> <span class='ocrx_word' id='word_1_758' title='bbox 3510 2377 3768 2444; x_wconf 83' lang='lat' dir='ltr'><strong>ejusmodi</strong></span> <span class='ocrx_word' id='word_1_759' title='bbox 3813 2382 3981 2435; x_wconf 90' lang='lat' dir='ltr'><strong>multa</strong></span> 
     </span>
    </p>
   </div>
   <div class='ocr_carea' id='block_1_91' title="bbox 2414 2446 3981 2533">
    <p class='ocr_par' dir='ltr' id='par_1_91' title="bbox 2414 2446 3981 2533">
     <span class='ocr_line' id='line_1_93' title="bbox 2414 2446 3981 2533; baseline 0.02 -37"><span class='ocrx_word' id='word_1_760' title='bbox 2414 2446 2595 2500; x_wconf 85' lang='lat' dir='ltr'><strong>videre</strong></span> <span class='ocrx_word' id='word_1_761' title='bbox 2621 2465 2681 2502; x_wconf 85' lang='lat' dir='ltr'><strong>ac</strong></span> <span class='ocrx_word' id='word_1_762' title='bbox 2711 2451 2883 2521; x_wconf 85' lang='lat' dir='ltr'><strong>legere</strong></span> <span class='ocrx_word' id='word_1_763' title='bbox 2922 2465 3126 2522; x_wconf 86' lang='lat' dir='ltr'><strong>poterat</strong></span> <span class='ocrx_word' id='word_1_764' title='bbox 3165 2463 3439 2529; x_wconf 90' lang='lat' dir='ltr'><strong>propheta.</strong></span> <span class='ocrx_word' id='word_1_765' title='bbox 3485 2467 3760 2533; x_wconf 86' lang='lat' dir='ltr'><strong>Quomodo</strong></span> <span class='ocrx_word' id='word_1_766' title='bbox 3798 2483 3981 2529; x_wconf 85' lang='lat' dir='ltr'><strong>autem</strong></span> 
     </span>
    </p>
   </div>
   <div class='ocr_carea' id='block_1_92' title="bbox 2410 2537 3982 2631">
    <p class='ocr_par' dir='ltr' id='par_1_92' title="bbox 2410 2537 3982 2631">
     <span class='ocr_line' id='line_1_94' title="bbox 2410 2537 3982 2631; baseline 0.018 -42"><span class='ocrx_word' id='word_1_767' title='bbox 2410 2537 2584 2604; x_wconf 81' lang='lat' dir='ltr'><strong>capilli</strong></span> <span class='ocrx_word' id='word_1_768' title='bbox 2617 2539 2665 2591; x_wconf 93' lang='lat' dir='ltr'><strong>in</strong></span> <span class='ocrx_word' id='word_1_769' title='bbox 2699 2541 2814 2609; x_wconf 81' lang='lat' dir='ltr'><strong>igne</strong></span> <span class='ocrx_word' id='word_1_770' title='bbox 2845 2559 2945 2596; x_wconf 88' lang='lat' dir='ltr'><strong>non</strong></span> <span class='ocrx_word' id='word_1_771' title='bbox 2973 2549 3421 2606; x_wconf 79' lang='lat' dir='ltr'><strong>absumebantur?</strong></span> <span class='ocrx_word' id='word_1_772' title='bbox 3451 2555 3670 2626; x_wconf 85' lang='lat' dir='ltr'><strong>Propter</strong></span> <span class='ocrx_word' id='word_1_773' title='bbox 3693 2559 3792 2614; x_wconf 90' lang='lat' dir='ltr'><strong>hoc</strong></span> <span class='ocrx_word' id='word_1_774' title='bbox 3811 2562 3982 2631; x_wconf 87' lang='lat' dir='ltr'><strong>siqui-</strong></span> 
     </span>
    </p>
   </div>
   <div class='ocr_carea' id='block_1_93' title="bbox 2409 2627 3981 2721">
    <p class='ocr_par' dir='ltr' id='par_1_93' title="bbox 2409 2627 3981 2721">
     <span class='ocr_line' id='line_1_95' title="bbox 2409 2627 3981 2721; baseline 0.018 -42"><span class='ocrx_word' id='word_1_775' title='bbox 2409 2627 2528 2681; x_wconf 90' lang='lat' dir='ltr'><strong>dem</strong></span> <span class='ocrx_word' id='word_1_776' title='bbox 2554 2630 2772 2698; x_wconf 87' lang='lat' dir='ltr'><strong>subjecit</strong></span> <span class='ocrx_word' id='word_1_777' title='bbox 2795 2651 2808 2688; x_wconf 95' lang='lat'>:</span> <span class='ocrx_word' id='word_1_778' title='bbox 2835 2634 3066 2692; x_wconf 87' lang='lat' dir='ltr'><strong>Thronus</strong></span> <span class='ocrx_word' id='word_1_779' title='bbox 3085 2643 3195 2710; x_wconf 87' lang='lat' dir='ltr'><strong>ejus</strong></span> <span class='ocrx_word' id='word_1_780' title='bbox 3215 2643 3345 2712; x_wconf 89' lang='lat' dir='ltr'><strong>ignis</strong></span> <span class='ocrx_word' id='word_1_781' title='bbox 3365 2648 3561 2701; x_wconf 87' lang='lat' dir='ltr'><strong>ardens.</strong></span> <span class='ocrx_word' id='word_1_782' title='bbox 3595 2648 3658 2702; x_wconf 86' lang='lat' dir='ltr'><strong>Et</strong></span> <span class='ocrx_word' id='word_1_783' title='bbox 3683 2652 3799 2704; x_wconf 68' lang='lat' dir='ltr'><strong>libri</strong></span> <span class='ocrx_word' id='word_1_784' title='bbox 3815 2627 3981 2721; x_wconf 70' lang='lat' dir='ltr'><strong>aperti</strong></span> 
     </span>
    </p>
   </div>
   <div class='ocr_carea' id='block_1_94' title="bbox 2408 2718 3978 2805">
    <p class='ocr_par' dir='ltr' id='par_1_94' title="bbox 2408 2718 3978 2805">
     <span class='ocr_line' id='line_1_96' title="bbox 2408 2718 3978 2805; baseline 0.018 -37"><span class='ocrx_word' id='word_1_785' title='bbox 2408 2727 2541 2772; x_wconf 88' lang='lat' dir='ltr'><strong>sunt.</strong></span> <span class='ocrx_word' id='word_1_786' title='bbox 2577 2718 2645 2774; x_wconf 90' lang='lat' dir='ltr'><strong>Ut</strong></span> <span class='ocrx_word' id='word_1_787' title='bbox 2672 2722 2756 2776; x_wconf 88' lang='lat' dir='ltr'><strong>ille</strong></span> <span class='ocrx_word' id='word_1_788' title='bbox 2786 2725 2873 2792; x_wconf 86' lang='lat' dir='ltr'><strong>qui</strong></span> <span class='ocrx_word' id='word_1_789' title='bbox 2903 2725 3212 2794; x_wconf 89' lang='lat' dir='ltr'><strong>damnatur,</strong></span> <span class='ocrx_word' id='word_1_790' title='bbox 3240 2749 3338 2787; x_wconf 91' lang='lat' dir='ltr'><strong>suo</strong></span> <span class='ocrx_word' id='word_1_791' title='bbox 3361 2735 3458 2789; x_wconf 92' lang='lat' dir='ltr'><strong>sibi</strong></span> <span class='ocrx_word' id='word_1_792' title='bbox 3477 2737 3677 2805; x_wconf 73' lang='lat' dir='ltr'><strong>judicio</strong></span> <span class='ocrx_word' id='word_1_793' title='bbox 3721 2718 3978 2798; x_wconf 84' lang='lat' dir='ltr'><strong>condent-</strong></span> 
     </span>
    </p>
   </div>
   <div class='ocr_carea' id='block_1_95' title="bbox 2409 2812 3978 2901">
    <p class='ocr_par' dir='ltr' id='par_1_95' title="bbox 2409 2812 3978 2901">
     <span class='ocr_line' id='line_1_97' title="bbox 2409 2812 3978 2901; baseline 0.018 -42"><span class='ocrx_word' id='word_1_794' title='bbox 2409 2817 2585 2862; x_wconf 89' lang='lat' dir='ltr'><strong>netur.</strong></span> <span class='ocrx_word' id='word_1_795' title='bbox 2616 2812 2702 2866; x_wconf 87' lang='grc'><strong>11.</strong></span> <span class='ocrx_word' id='word_1_796' title='bbox 2738 2832 2757 2864; x_wconf 75' lang='grc' dir='ltr'><strong><em>ι</em></strong></span> <span class='ocrx_word' id='word_1_797' title='bbox 2786 2816 3113 2883; x_wconf 85' lang='lat' dir='ltr'><strong>Aspiciebam</strong></span> <span class='ocrx_word' id='word_1_798' title='bbox 3142 2830 3264 2875; x_wconf 91' lang='lat' dir='ltr'><strong>tunc</strong></span> <span class='ocrx_word' id='word_1_799' title='bbox 3289 2838 3318 2876; x_wconf 89' lang='lat' dir='ltr'><strong>a</strong></span> <span class='ocrx_word' id='word_1_800' title='bbox 3340 2839 3466 2880; x_wconf 92' lang='lat' dir='ltr'><strong>voce</strong></span> <span class='ocrx_word' id='word_1_801' title='bbox 3490 2841 3793 2884; x_wconf 87' lang='lat' dir='ltr'><strong>sermonum</strong></span> <span class='ocrx_word' id='word_1_802' title='bbox 3818 2849 3978 2901; x_wconf 80' lang='lat' dir='ltr'><strong>gran-</strong></span> 
     </span>
    </p>
   </div>
   <div class='ocr_carea' id='block_1_96' title="bbox 2405 2899 3977 2986">
    <p class='ocr_par' dir='ltr' id='par_1_96' title="bbox 2405 2899 3977 2986">
     <span class='ocr_line' id='line_1_98' title="bbox 2405 2899 3977 2986; baseline 0.018 -34"><span class='ocrx_word' id='word_1_803' title='bbox 2405 2899 2569 2964; x_wconf 88' lang='lat' dir='ltr'><strong>dium,</strong></span> <span class='ocrx_word' id='word_1_804' title='bbox 2599 2920 2731 2972; x_wconf 86' lang='lat' dir='ltr'><strong>quos</strong></span> <span class='ocrx_word' id='word_1_805' title='bbox 2758 2922 2920 2960; x_wconf 84' lang='lat' dir='ltr'><strong>cornu</strong></span> <span class='ocrx_word' id='word_1_806' title='bbox 2950 2909 3078 2964; x_wconf 90' lang='lat' dir='ltr'><strong>illud</strong></span> <span class='ocrx_word' id='word_1_807' title='bbox 3109 2912 3436 2981; x_wconf 85' lang='lat' dir='ltr'><strong>loquebatur.</strong></span> <span class='ocrx_word' id='word_1_808' title='bbox 3464 2920 3774 2986; x_wconf 81' lang='lat' dir='ltr'><strong>Spectabam</strong></span> <span class='ocrx_word' id='word_1_809' title='bbox 3801 2899 3977 2980; x_wconf 84' lang='lat' dir='ltr'><strong>donec</strong></span> 
     </span>
    </p>
   </div>
   <div class='ocr_carea' id='block_1_97' title="bbox 2407 2989 3973 3080">
    <p class='ocr_par' dir='ltr' id='par_1_97' title="bbox 2407 2989 3973 3080">
     <span class='ocr_line' id='line_1_99' title="bbox 2407 2989 3973 3080; baseline 0.017 -38"><span class='ocrx_word' id='word_1_810' title='bbox 2407 2989 2678 3046; x_wconf 85' lang='lat' dir='ltr'><strong>interfecta</strong></span> <span class='ocrx_word' id='word_1_811' title='bbox 2694 3005 2772 3047; x_wconf 88' lang='lat' dir='ltr'><strong>est</strong></span> <span class='ocrx_word' id='word_1_812' title='bbox 2786 2996 2946 3051; x_wconf 82' lang='lat' dir='ltr'><strong>bestia</strong></span> <span class='ocrx_word' id='word_1_813' title='bbox 2963 2999 3068 3059; x_wconf 84' lang='lat' dir='ltr'><strong>illa.</strong></span> <span class='ocrx_word' id='word_1_814' title='bbox 3085 3005 3140 3050; x_wconf 87' lang='lat' dir='ltr'><strong>ct</strong></span> <span class='ocrx_word' id='word_1_815' title='bbox 3153 3001 3332 3066; x_wconf 85' lang='lat' dir='ltr'><strong>periit,</strong></span> <span class='ocrx_word' id='word_1_816' title='bbox 3346 3006 3440 3060; x_wconf 65' lang='lat' dir='ltr'><strong>iob</strong></span> <span class='ocrx_word' id='word_1_817' title='bbox 3452 3011 3973 3080; x_wconf 82' lang='lat' dir='ltr'><strong>magniloquentiam.</strong></span> 
     </span>
    </p>
   </div>
   <div class='ocr_carea' id='block_1_98' title="bbox 2406 3078 3978 3174">
    <p class='ocr_par' dir='ltr' id='par_1_98' title="bbox 2406 3078 3978 3174">
     <span class='ocr_line' id='line_1_100' title="bbox 2406 3078 3978 3174; baseline 0.019 -45"><span class='ocrx_word' id='word_1_818' title='bbox 2406 3078 2732 3149; x_wconf 86' lang='lat' dir='ltr'><strong>Quamquam</strong></span> <span class='ocrx_word' id='word_1_819' title='bbox 2774 3086 3070 3142; x_wconf 79' lang='lat' dir='ltr'><strong>Alexander</strong></span> <span class='ocrx_word' id='word_1_820' title='bbox 3112 3091 3273 3144; x_wconf 90' lang='lat' dir='ltr'><strong>Deum</strong></span> <span class='ocrx_word' id='word_1_821' title='bbox 3323 3078 3575 3150; x_wconf 72' lang='lat' dir='ltr'><strong>adoraVIt.</strong></span> <span class='ocrx_word' id='word_1_822' title='bbox 3623 3119 3644 3152; x_wconf 72' lang='grc' dir='ltr'><strong>ε</strong></span> <span class='ocrx_word' id='word_1_823' title='bbox 3683 3078 3750 3155; x_wconf 67' lang='lat' dir='ltr'><strong>Et</strong></span> <span class='ocrx_word' id='word_1_824' title='bbox 3778 3120 3978 3174; x_wconf 86' lang='lat' dir='ltr'><strong>corpus</strong></span> 
     </span>
    </p>
   </div>
   <div class='ocr_carea' id='block_1_99' title="bbox 2405 3168 3977 3263">
    <p class='ocr_par' dir='ltr' id='par_1_99' title="bbox 2405 3168 3977 3263">
     <span class='ocr_line' id='line_1_101' title="bbox 2405 3168 3977 3263; baseline 0.017 -41"><span class='ocrx_word' id='word_1_825' title='bbox 2405 3168 2520 3235; x_wconf 83' lang='lat' dir='ltr'><strong>ejus</strong></span> <span class='ocrx_word' id='word_1_826' title='bbox 2539 3168 2716 3223; x_wconf 85' lang='lat' dir='ltr'><strong>datum</strong></span> <span class='ocrx_word' id='word_1_827' title='bbox 2739 3183 2818 3226; x_wconf 86' lang='lat' dir='ltr'><strong>est</strong></span> <span class='ocrx_word' id='word_1_828' title='bbox 2839 3173 2887 3227; x_wconf 90' lang='lat' dir='ltr'><strong>in</strong></span> <span class='ocrx_word' id='word_1_829' title='bbox 2912 3177 3327 3235; x_wconf 87' lang='lat' dir='ltr'><strong>combustionem</strong></span> <span class='ocrx_word' id='word_1_830' title='bbox 3361 3183 3510 3253; x_wconf 89' lang='lat' dir='ltr'><strong>ignis.</strong></span> <span class='ocrx_word' id='word_1_831' title='bbox 3544 3187 3627 3240; x_wconf 89' lang='grc'><strong>12.</strong></span> <span class='ocrx_word' id='word_1_832' title='bbox 3656 3189 3720 3242; x_wconf 86' lang='grc' dir='ltr'><strong>Ει</strong></span> <span class='ocrx_word' id='word_1_833' title='bbox 3740 3168 3977 3263; x_wconf 71' lang='lat' dir='ltr'><strong>reliqua-</strong></span> 
     </span>
    </p>
   </div>
   <div class='ocr_carea' id='block_1_100' title="bbox 2405 3262 3976 3354">
    <p class='ocr_par' dir='ltr' id='par_1_100' title="bbox 2405 3262 3976 3354">
     <span class='ocr_line' id='line_1_102' title="bbox 2405 3262 3976 3354; baseline 0.019 -43"><span class='ocrx_word' id='word_1_834' title='bbox 2405 3275 2522 3313; x_wconf 92' lang='lat' dir='ltr'><strong>rum</strong></span> <span class='ocrx_word' id='word_1_835' title='bbox 2546 3262 2826 3318; x_wconf 89' lang='lat' dir='ltr'><strong>bestiarum</strong></span> <span class='ocrx_word' id='word_1_836' title='bbox 2852 3268 3132 3324; x_wconf 83' lang='lat' dir='ltr'><strong>translatus</strong></span> <span class='ocrx_word' id='word_1_837' title='bbox 3153 3282 3233 3327; x_wconf 90' lang='lat' dir='ltr'><strong>est</strong></span> <span class='ocrx_word' id='word_1_838' title='bbox 3255 3275 3571 3345; x_wconf 86' lang='lat' dir='ltr'><strong>principatus</strong></span> <span class='ocrx_word' id='word_1_839' title='bbox 3593 3299 3607 3334; x_wconf 93' lang='lat'>:</span> <span class='ocrx_word' id='word_1_840' title='bbox 3627 3293 3679 3334; x_wconf 91' lang='lat' dir='ltr'><strong>et</strong></span> <span class='ocrx_word' id='word_1_841' title='bbox 3701 3283 3976 3354; x_wconf 82' lang='lat' dir='ltr'><strong>longitudo</strong></span> 
     </span>
    </p>
   </div>
   <div class='ocr_carea' id='block_1_101' title="bbox 2405 3352 3976 3441">
    <p class='ocr_par' dir='ltr' id='par_1_101' title="bbox 2405 3352 3976 3441">
     <span class='ocr_line' id='line_1_103' title="bbox 2405 3352 3976 3441; baseline 0.017 -38"><span class='ocrx_word' id='word_1_842' title='bbox 2405 3352 2526 3405; x_wconf 78' lang='lat' dir='ltr'><strong>vita:</strong></span> <span class='ocrx_word' id='word_1_843' title='bbox 2547 3353 2665 3406; x_wconf 84' lang='lat' dir='ltr'><strong>data</strong></span> <span class='ocrx_word' id='word_1_844' title='bbox 2693 3365 2772 3408; x_wconf 85' lang='lat' dir='ltr'><strong>est</strong></span> <span class='ocrx_word' id='word_1_845' title='bbox 2791 3357 2866 3411; x_wconf 86' lang='lat' dir='ltr'><strong>eis</strong></span> <span class='ocrx_word' id='word_1_846' title='bbox 2893 3372 3056 3428; x_wconf 90' lang='lat' dir='ltr'><strong>usque</strong></span> <span class='ocrx_word' id='word_1_847' title='bbox 3081 3361 3147 3414; x_wconf 87' lang='lat' dir='ltr'><strong>ad</strong></span> <span class='ocrx_word' id='word_1_848' title='bbox 3175 3370 3381 3431; x_wconf 89' lang='lat' dir='ltr'><strong>tempus</strong></span> <span class='ocrx_word' id='word_1_849' title='bbox 3401 3376 3452 3420; x_wconf 88' lang='lat' dir='ltr'><strong>et</strong></span> <span class='ocrx_word' id='word_1_850' title='bbox 3473 3376 3702 3437; x_wconf 53' lang='lat' dir='ltr'><strong>tempus.</strong></span> <span class='ocrx_word' id='word_1_851' title='bbox 3733 3391 3752 3424; x_wconf 85' lang='grc'><strong>›</strong></span> <span class='ocrx_word' id='word_1_852' title='bbox 3778 3352 3976 3441; x_wconf 86' lang='lat' dir='ltr'><strong>Quam-</strong></span> 
     </span>
    </p>
   </div>
   <div class='ocr_carea' id='block_1_102' title="bbox 2405 3444 3976 3521">
    <p class='ocr_par' dir='ltr' id='par_1_102' title="bbox 2405 3444 3976 3521">
     <span class='ocr_line' id='line_1_104' title="bbox 2405 3444 3976 3521; baseline 0.017 -26"><span class='ocrx_word' id='word_1_853' title='bbox 2405 3444 2484 3497; x_wconf 89' lang='lat' dir='ltr'><strong>vis</strong></span> <span class='ocrx_word' id='word_1_854' title='bbox 2504 3445 2657 3500; x_wconf 84' lang='lat' dir='ltr'><strong>linem</strong></span> <span class='ocrx_word' id='word_1_855' title='bbox 2678 3447 2970 3515; x_wconf 85' lang='lat' dir='ltr'><strong>habuerint,</strong></span> <span class='ocrx_word' id='word_1_856' title='bbox 2991 3461 3221 3509; x_wconf 88' lang='lat' dir='ltr'><strong>attamen</strong></span> <span class='ocrx_word' id='word_1_857' title='bbox 3241 3455 3340 3509; x_wconf 91' lang='lat' dir='ltr'><strong>hoc</strong></span> <span class='ocrx_word' id='word_1_858' title='bbox 3356 3458 3543 3513; x_wconf 87' lang='lat' dir='ltr'><strong>factum</strong></span> <span class='ocrx_word' id='word_1_859' title='bbox 3562 3473 3660 3515; x_wconf 90' lang='lat' dir='ltr'><strong>est.</strong></span> <span class='ocrx_word' id='word_1_860' title='bbox 3683 3461 3752 3516; x_wconf 87' lang='lat' dir='ltr'><strong>Et</strong></span> <span class='ocrx_word' id='word_1_861' title='bbox 3768 3469 3976 3521; x_wconf 83' lang='lat' dir='ltr'><strong>combu-</strong></span> 
     </span>
    </p>
   </div>
   <div class='ocr_carea' id='block_1_103' title="bbox 2401 3538 3976 3618">
    <p class='ocr_par' dir='ltr' id='par_1_103' title="bbox 2401 3538 3976 3618">
     <span class='ocr_line' id='line_1_105' title="bbox 2401 3538 3976 3618; baseline 0.017 -32"><span class='ocrx_word' id='word_1_862' title='bbox 2401 3545 2479 3587; x_wconf 88' lang='lat' dir='ltr'><strong>sta</strong></span> <span class='ocrx_word' id='word_1_863' title='bbox 2500 3547 2568 3588; x_wconf 87' lang='lat' dir='ltr'><strong>est</strong></span> <span class='ocrx_word' id='word_1_864' title='bbox 2597 3538 2822 3601; x_wconf 86' lang='lat' dir='ltr'><strong>bestia,et</strong></span> <span class='ocrx_word' id='word_1_865' title='bbox 2837 3557 3014 3610; x_wconf 88' lang='lat' dir='ltr'><strong>corpus</strong></span> <span class='ocrx_word' id='word_1_866' title='bbox 3035 3543 3171 3598; x_wconf 87' lang='lat' dir='ltr'><strong>illius</strong></span> <span class='ocrx_word' id='word_1_867' title='bbox 3191 3546 3305 3616; x_wconf 87' lang='lat' dir='ltr'><strong>igne</strong></span> <span class='ocrx_word' id='word_1_868' title='bbox 3330 3549 3665 3618; x_wconf 83' lang='lat' dir='ltr'><strong>absumptum.</strong></span> <span class='ocrx_word' id='word_1_869' title='bbox 3713 3555 3976 3612; x_wconf 82' lang='lat' dir='ltr'><strong>Funditus</strong></span> 
     </span>
    </p>
   </div>
   <div class='ocr_carea' id='block_1_104' title="bbox 2402 3627 3991 3712">
    <p class='ocr_par' dir='ltr' id='par_1_104' title="bbox 2402 3627 3991 3712">
     <span class='ocr_line' id='line_1_106' title="bbox 2402 3627 3991 3712; baseline 0.015 -34"><span class='ocrx_word' id='word_1_870' title='bbox 2402 3627 2623 3695; x_wconf 89' lang='lat' dir='ltr'><strong>periisse</strong></span> <span class='ocrx_word' id='word_1_871' title='bbox 2646 3630 2897 3684; x_wconf 85' lang='lat' dir='ltr'><strong>declarat.</strong></span> <span class='ocrx_word' id='word_1_872' title='bbox 2931 3635 3016 3688; x_wconf 87' lang='grc'><strong>15.</strong></span> <span class='ocrx_word' id='word_1_873' title='bbox 3049 3635 3359 3704; x_wconf 81' lang='lat' dir='ltr'><strong>Aspiciebam</strong></span> <span class='ocrx_word' id='word_1_874' title='bbox 3395 3640 3445 3693; x_wconf 89' lang='lat' dir='ltr'><strong>iu</strong></span> <span class='ocrx_word' id='word_1_875' title='bbox 3480 3643 3663 3696; x_wconf 81' lang='lat' dir='ltr'><strong>visione</strong></span> <span class='ocrx_word' id='word_1_876' title='bbox 3692 3649 3886 3712; x_wconf 86' lang='lat' dir='ltr'><strong>noctis,</strong></span> <span class='ocrx_word' id='word_1_877' title='bbox 3930 3657 3991 3703; x_wconf 72' lang='lat' dir='ltr'><strong>ett</strong></span> 
     </span>
    </p>
   </div>
   <div class='ocr_carea' id='block_1_105' title="bbox 2401 3723 3969 3796">
    <p class='ocr_par' dir='ltr' id='par_1_105' title="bbox 2401 3723 3969 3796">
     <span class='ocr_line' id='line_1_107' title="bbox 2401 3723 3969 3796; baseline 0.013 -24"><span class='ocrx_word' id='word_1_878' title='bbox 2401 3736 2515 3772; x_wconf 89' lang='lat' dir='ltr'><strong>ecce</strong></span> <span class='ocrx_word' id='word_1_879' title='bbox 2551 3737 2663 3774; x_wconf 90' lang='lat' dir='ltr'><strong>cum</strong></span> <span class='ocrx_word' id='word_1_880' title='bbox 2706 3723 2912 3778; x_wconf 79' lang='lat' dir='ltr'><strong>nubibus</strong></span> <span class='ocrx_word' id='word_1_881' title='bbox 2953 3727 3063 3779; x_wconf 59' lang='lat' dir='ltr'><strong>cali</strong></span> <span class='ocrx_word' id='word_1_882' title='bbox 3097 3731 3238 3796; x_wconf 87' lang='lat' dir='ltr'><strong>quasi</strong></span> <span class='ocrx_word' id='word_1_883' title='bbox 3283 3728 3447 3784; x_wconf 85' lang='lat' dir='ltr'><strong>Filius</strong></span> <span class='ocrx_word' id='word_1_884' title='bbox 3485 3733 3700 3789; x_wconf 85' lang='lat' dir='ltr'><strong>hominis</strong></span> <span class='ocrx_word' id='word_1_885' title='bbox 3727 3739 3969 3795; x_wconf 76' lang='lat' dir='ltr'><strong>ueniebat.</strong></span> 
     </span>
    </p>
   </div>
   <div class='ocr_carea' id='block_1_106' title="bbox 2402 3810 3972 3892">
    <p class='ocr_par' dir='ltr' id='par_1_106' title="bbox 2402 3810 3972 3892">
     <span class='ocr_line' id='line_1_108' title="bbox 2402 3810 3972 3892; baseline 0.017 -31"><span class='ocrx_word' id='word_1_886' title='bbox 2402 3810 2530 3876; x_wconf 90' lang='lat' dir='ltr'><strong>Quis</strong></span> <span class='ocrx_word' id='word_1_887' title='bbox 2556 3815 2667 3867; x_wconf 50' lang='lat' dir='ltr'><strong>hate</strong></span> <span class='ocrx_word' id='word_1_888' title='bbox 2694 3815 2936 3883; x_wconf 85' lang='lat' dir='ltr'><strong>ignorat?</strong></span> <span class='ocrx_word' id='word_1_889' title='bbox 2962 3818 3078 3886; x_wconf 88' lang='lat' dir='ltr'><strong>quis</strong></span> <span class='ocrx_word' id='word_1_890' title='bbox 3103 3821 3401 3888; x_wconf 82' lang='lat' dir='ltr'><strong>perspicere</strong></span> <span class='ocrx_word' id='word_1_891' title='bbox 3428 3825 3658 3892; x_wconf 85' lang='lat' dir='ltr'><strong>poterit?</strong></span> <span class='ocrx_word' id='word_1_892' title='bbox 3680 3842 3808 3882; x_wconf 90' lang='lat' dir='ltr'><strong>num</strong></span> <span class='ocrx_word' id='word_1_893' title='bbox 3829 3832 3972 3886; x_wconf 85' lang='lat' dir='ltr'><strong>enim</strong></span> 
     </span>
    </p>
   </div>
   <div class='ocr_carea' id='block_1_107' title="bbox 2401 3903 3974 3976">
    <p class='ocr_par' dir='ltr' id='par_1_107' title="bbox 2401 3903 3974 3976">
     <span class='ocr_line' id='line_1_109' title="bbox 2401 3903 3974 3976; baseline 0.011 -20"><span class='ocrx_word' id='word_1_894' title='bbox 2401 3903 2588 3959; x_wconf 87' lang='lat' dir='ltr'><strong>Petrus</strong></span> <span class='ocrx_word' id='word_1_895' title='bbox 2616 3914 2698 3959; x_wconf 90' lang='lat' dir='ltr'><strong>est</strong></span> <span class='ocrx_word' id='word_1_896' title='bbox 2729 3907 2817 3976; x_wconf 90' lang='lat' dir='ltr'><strong>qui</strong></span> <span class='ocrx_word' id='word_1_897' title='bbox 2848 3908 2944 3961; x_wconf 89' lang='lat' dir='ltr'><strong>ista</strong></span> <span class='ocrx_word' id='word_1_898' title='bbox 2973 3908 3132 3972; x_wconf 90' lang='lat' dir='ltr'><strong>dicit,</strong></span> <span class='ocrx_word' id='word_1_899' title='bbox 3171 3926 3203 3964; x_wconf 92' lang='grc' dir='ltr'>ο</span> <span class='ocrx_word' id='word_1_900' title='bbox 3231 3910 3452 3967; x_wconf 66' lang='grc' dir='ltr'><strong>,Ιυᾱτιξεῖ</strong></span> <span class='ocrx_word' id='word_1_901' title='bbox 3491 3930 3613 3969; x_wconf 91' lang='lat' dir='ltr'><strong>num</strong></span> <span class='ocrx_word' id='word_1_902' title='bbox 3639 3916 3876 3974; x_wconf 85' lang='lat' dir='ltr'><strong>Paulus?</strong></span> <span class='ocrx_word' id='word_1_903' title='bbox 3903 3919 3974 3974; x_wconf 82' lang='lat' dir='ltr'><strong>Et</strong></span> 
     </span>
    </p>
   </div>
   <div class='ocr_carea' id='block_1_108' title="bbox 2399 3995 3976 4077">
    <p class='ocr_par' dir='ltr' id='par_1_108' title="bbox 2399 3995 3976 4077">
     <span class='ocr_line' id='line_1_110' title="bbox 2399 3995 3976 4077; baseline 0.013 -32"><span class='ocrx_word' id='word_1_904' title='bbox 2399 4009 2529 4058; x_wconf 79' lang='lat' dir='ltr'><strong>ecce,</strong></span> <span class='ocrx_word' id='word_1_905' title='bbox 2556 3995 2742 4064; x_wconf 89' lang='lat' dir='ltr'><strong>inquit,</strong></span> <span class='ocrx_word' id='word_1_906' title='bbox 2772 3998 2912 4065; x_wconf 83' lang='lat' dir='ltr'><strong>quasi</strong></span> <span class='ocrx_word' id='word_1_907' title='bbox 2948 3997 3114 4052; x_wconf 86' lang='lat' dir='ltr'><strong>Filius</strong></span> <span class='ocrx_word' id='word_1_908' title='bbox 3137 4001 3352 4056; x_wconf 85' lang='lat' dir='ltr'><strong>hominis</strong></span> <span class='ocrx_word' id='word_1_909' title='bbox 3378 4005 3616 4071; x_wconf 81' lang='lat' dir='ltr'><strong>veniebat,</strong></span> <span class='ocrx_word' id='word_1_910' title='bbox 3645 4017 3691 4060; x_wconf 87' lang='lat' dir='ltr'><strong>et</strong></span> <span class='ocrx_word' id='word_1_911' title='bbox 3718 4025 3871 4077; x_wconf 86' lang='lat' dir='ltr'><strong>usque</strong></span> <span class='ocrx_word' id='word_1_912' title='bbox 3901 4014 3976 4065; x_wconf 85' lang='lat' dir='ltr'><strong>ad</strong></span> 
     </span>
    </p>
   </div>
   <div class='ocr_carea' id='block_1_109' title="bbox 2400 4084 3975 4164">
    <p class='ocr_par' dir='ltr' id='par_1_109' title="bbox 2400 4084 3975 4164">
     <span class='ocr_line' id='line_1_111' title="bbox 2400 4084 3975 4164; baseline 0.014 -31"><span class='ocrx_word' id='word_1_913' title='bbox 2400 4084 2659 4149; x_wconf 89' lang='lat' dir='ltr'><strong>antiquum</strong></span> <span class='ocrx_word' id='word_1_914' title='bbox 2681 4086 2872 4138; x_wconf 86' lang='lat' dir='ltr'><strong>dierum</strong></span> <span class='ocrx_word' id='word_1_915' title='bbox 2893 4090 3130 4154; x_wconf 80' lang='lat' dir='ltr'><strong>pervenit.</strong></span> <span class='ocrx_word' id='word_1_916' title='bbox 3163 4091 3300 4145; x_wconf 90' lang='lat' dir='ltr'><strong>Ecce</strong></span> <span class='ocrx_word' id='word_1_917' title='bbox 3324 4103 3374 4147; x_wconf 91' lang='lat' dir='ltr'><strong>et</strong></span> <span class='ocrx_word' id='word_1_918' title='bbox 3403 4109 3496 4162; x_wconf 87' lang='lat' dir='ltr'><strong>par</strong></span> <span class='ocrx_word' id='word_1_919' title='bbox 3520 4095 3746 4164; x_wconf 87' lang='lat' dir='ltr'><strong>dignitas</strong></span> <span class='ocrx_word' id='word_1_920' title='bbox 3772 4101 3975 4156; x_wconf 82' lang='lat' dir='ltr'><strong>utrius-</strong></span> 
     </span>
    </p>
   </div>
   <div class='ocr_carea' id='block_1_110' title="bbox 2399 4172 3974 4247">
    <p class='ocr_par' dir='ltr' id='par_1_110' title="bbox 2399 4172 3974 4247">
     <span class='ocr_line' id='line_1_112' title="bbox 2399 4172 3974 4247; baseline 0.013 -21"><span class='ocrx_word' id='word_1_921' title='bbox 2399 4187 2521 4241; x_wconf 88' lang='lat' dir='ltr'><strong>quc.</strong></span> <span class='ocrx_word' id='word_1_922' title='bbox 2551 4172 2618 4225; x_wconf 89' lang='lat' dir='ltr'><strong>Et</strong></span> <span class='ocrx_word' id='word_1_923' title='bbox 2642 4177 2694 4227; x_wconf 88' lang='lat' dir='ltr'><strong>in</strong></span> <span class='ocrx_word' id='word_1_924' title='bbox 2722 4187 2987 4244; x_wconf 87' lang='lat' dir='ltr'><strong>conspectu</strong></span> <span class='ocrx_word' id='word_1_925' title='bbox 3013 4180 3120 4247; x_wconf 86' lang='lat' dir='ltr'><strong>ejus</strong></span> <span class='ocrx_word' id='word_1_926' title='bbox 3146 4181 3340 4234; x_wconf 85' lang='lat' dir='ltr'><strong>oblatus</strong></span> <span class='ocrx_word' id='word_1_927' title='bbox 3365 4194 3434 4237; x_wconf 89' lang='lat' dir='ltr'><strong>est</strong></span> <span class='ocrx_word' id='word_1_928' title='bbox 3456 4185 3550 4238; x_wconf 83' lang='lat' dir='ltr'><strong>illi.</strong></span> <span class='ocrx_word' id='word_1_929' title='bbox 3581 4185 3648 4241; x_wconf 92' lang='lat' dir='ltr'><strong>Ut</strong></span> <span class='ocrx_word' id='word_1_930' title='bbox 3674 4204 3794 4242; x_wconf 87' lang='lat' dir='ltr'><strong>cum</strong></span> <span class='ocrx_word' id='word_1_931' title='bbox 3820 4191 3974 4247; x_wconf 80' lang='lat' dir='ltr'><strong>vide-</strong></span> 
     </span>
    </p>
   </div>
   <div class='ocr_carea' id='block_1_111' title="bbox 2400 4265 3968 4340">
    <p class='ocr_par' dir='ltr' id='par_1_111' title="bbox 2400 4265 3968 4340">
     <span class='ocr_line' id='line_1_113' title="bbox 2400 4265 3968 4340; baseline 0.015 -24"><span class='ocrx_word' id='word_1_932' title='bbox 2400 4265 2474 4317; x_wconf 90' lang='lat' dir='ltr'><strong>ris</strong></span> <span class='ocrx_word' id='word_1_933' title='bbox 2503 4266 2596 4333; x_wconf 91' lang='lat' dir='ltr'><strong>ipsi</strong></span> <span class='ocrx_word' id='word_1_934' title='bbox 2626 4282 2842 4336; x_wconf 88' lang='lat' dir='ltr'><strong>regnum</strong></span> <span class='ocrx_word' id='word_1_935' title='bbox 2872 4270 3024 4334; x_wconf 88' lang='lat' dir='ltr'><strong>tradi,</strong></span> <span class='ocrx_word' id='word_1_936' title='bbox 3055 4271 3204 4339; x_wconf 90' lang='lat' dir='ltr'><strong>illud,</strong></span> <span class='ocrx_word' id='word_1_937' title='bbox 3238 4275 3391 4338; x_wconf 84' lang='lat' dir='ltr'><strong>tradi,</strong></span> <span class='ocrx_word' id='word_1_938' title='bbox 3418 4275 3648 4334; x_wconf 88' lang='lat' dir='ltr'><strong>humano</strong></span> <span class='ocrx_word' id='word_1_939' title='bbox 3674 4282 3835 4337; x_wconf 90' lang='lat' dir='ltr'><strong>modo</strong></span> <span class='ocrx_word' id='word_1_940' title='bbox 3860 4299 3968 4340; x_wconf 90' lang='lat' dir='ltr'><strong>non</strong></span> 
     </span>
    </p>
   </div>
   <div class='ocr_carea' id='block_1_112' title="bbox 2399 4359 3967 4442">
    <p class='ocr_par' dir='ltr' id='par_1_112' title="bbox 2399 4359 3967 4442">
     <span class='ocr_line' id='line_1_114' title="bbox 2399 4359 3967 4442; baseline 0.013 -34"><span class='ocrx_word' id='word_1_941' title='bbox 2399 4369 2616 4409; x_wconf 89' lang='lat' dir='ltr'><strong>censeas</strong></span> <span class='ocrx_word' id='word_1_942' title='bbox 2658 4359 3038 4426; x_wconf 89' lang='lat' dir='ltr'><strong>accipiendum.</strong></span> <span class='ocrx_word' id='word_1_943' title='bbox 3083 4361 3214 4416; x_wconf 89' lang='lat' dir='ltr'><strong>Nam</strong></span> <span class='ocrx_word' id='word_1_944' title='bbox 3246 4365 3284 4416; x_wconf 87' lang='lat' dir='ltr'><strong><em>A</em></strong></span> <span class='ocrx_word' id='word_1_945' title='bbox 3316 4365 3527 4420; x_wconf 81' lang='lat' dir='ltr'><strong>nubibus</strong></span> <span class='ocrx_word' id='word_1_946' title='bbox 3562 4371 3674 4423; x_wconf 72' lang='grc' dir='ltr'><strong>ειειὶ</strong></span> <span class='ocrx_word' id='word_1_947' title='bbox 3696 4412 3712 4436; x_wconf 85' lang='grc'><em>,</em></span> <span class='ocrx_word' id='word_1_948' title='bbox 3749 4373 3922 4442; x_wconf 91' lang='lat' dir='ltr'><strong>inquit</strong></span> <span class='ocrx_word' id='word_1_949' title='bbox 3951 4392 3967 4428; x_wconf 88' lang='lat'><strong>:</strong></span> 
     </span>
    </p>
   </div>
   <div class='ocr_carea' id='block_1_113' title="bbox 2399 4445 3968 4528">
    <p class='ocr_par' dir='ltr' id='par_1_113' title="bbox 2399 4445 3968 4528">
     <span class='ocr_line' id='line_1_115' title="bbox 2399 4445 3968 4528; baseline 0.017 -32"><span class='ocrx_word' id='word_1_950' title='bbox 2399 4445 2568 4499; x_wconf 90' lang='lat' dir='ltr'><strong>nubes</strong></span> <span class='ocrx_word' id='word_1_951' title='bbox 2606 4456 2778 4500; x_wconf 87' lang='lat' dir='ltr'><strong>autem</strong></span> <span class='ocrx_word' id='word_1_952' title='bbox 2821 4463 2916 4517; x_wconf 90' lang='lat' dir='ltr'><strong>pro</strong></span> <span class='ocrx_word' id='word_1_953' title='bbox 2957 4451 3087 4505; x_wconf 66' lang='lat' dir='ltr'><strong>cmlo</strong></span> <span class='ocrx_word' id='word_1_954' title='bbox 3127 4468 3339 4509; x_wconf 91' lang='lat' dir='ltr'><strong>sumere</strong></span> <span class='ocrx_word' id='word_1_955' title='bbox 3375 4458 3507 4511; x_wconf 91' lang='lat' dir='ltr'><strong>solet</strong></span> <span class='ocrx_word' id='word_1_956' title='bbox 3535 4458 3827 4528; x_wconf 88' lang='lat' dir='ltr'><strong>Scriptura.</strong></span> <span class='ocrx_word' id='word_1_957' title='bbox 3877 4467 3968 4523; x_wconf 78' lang='grc'><strong>14.</strong></span> 
     </span>
    </p>
   </div>
   <div class='ocr_carea' id='block_1_114' title="bbox 2403 4535 3968 4620">
    <p class='ocr_par' dir='ltr' id='par_1_114' title="bbox 2403 4535 3968 4620">
     <span class='ocr_line' id='line_1_116' title="bbox 2403 4535 3968 4620; baseline 0.015 -35"><span class='ocrx_word' id='word_1_958' title='bbox 2403 4551 2421 4584; x_wconf 74' lang='lat' dir='ltr'><strong>t</strong></span> <span class='ocrx_word' id='word_1_959' title='bbox 2455 4535 2519 4588; x_wconf 89' lang='lat' dir='ltr'><strong>Et</strong></span> <span class='ocrx_word' id='word_1_960' title='bbox 2549 4535 2643 4604; x_wconf 92' lang='lat' dir='ltr'><strong>ipsi</strong></span> <span class='ocrx_word' id='word_1_961' title='bbox 2673 4538 2823 4591; x_wconf 89' lang='lat' dir='ltr'><strong>datus</strong></span> <span class='ocrx_word' id='word_1_962' title='bbox 2845 4547 2926 4592; x_wconf 89' lang='lat' dir='ltr'><strong>est</strong></span> <span class='ocrx_word' id='word_1_963' title='bbox 2953 4541 3294 4610; x_wconf 86' lang='lat' dir='ltr'><strong>principatus,</strong></span> <span class='ocrx_word' id='word_1_964' title='bbox 3325 4555 3377 4598; x_wconf 89' lang='lat' dir='ltr'><strong>et</strong></span> <span class='ocrx_word' id='word_1_965' title='bbox 3404 4545 3592 4611; x_wconf 90' lang='lat' dir='ltr'><strong>honor,</strong></span> <span class='ocrx_word' id='word_1_966' title='bbox 3621 4559 3674 4603; x_wconf 93' lang='lat' dir='ltr'><strong>et</strong></span> <span class='ocrx_word' id='word_1_967' title='bbox 3701 4565 3926 4620; x_wconf 86' lang='lat' dir='ltr'><strong>regnum</strong></span> <span class='ocrx_word' id='word_1_968' title='bbox 3951 4574 3968 4610; x_wconf 91' lang='lat'><strong>:</strong></span> 
     </span>
    </p>
   </div>
   <div class='ocr_carea' id='block_1_115' title="bbox 2397 4628 3970 4702">
    <p class='ocr_par' dir='ltr' id='par_1_115' title="bbox 2397 4628 3970 4702">
     <span class='ocr_line' id='line_1_117' title="bbox 2397 4628 3970 4702; baseline 0.015 -26"><span class='ocrx_word' id='word_1_969' title='bbox 2397 4633 2450 4677; x_wconf 90' lang='lat' dir='ltr'><strong>et</strong></span> <span class='ocrx_word' id='word_1_970' title='bbox 2478 4639 2661 4678; x_wconf 89' lang='lat' dir='ltr'><strong>omnes</strong></span> <span class='ocrx_word' id='word_1_971' title='bbox 2692 4628 2866 4694; x_wconf 83' lang='lat' dir='ltr'><strong>pepuli</strong></span> <span class='ocrx_word' id='word_1_972' title='bbox 2892 4669 2904 4690; x_wconf 91' lang='lat'><strong>,</strong></span> <span class='ocrx_word' id='word_1_973' title='bbox 2936 4631 3102 4683; x_wconf 89' lang='lat' dir='ltr'><strong>tribus</strong></span> <span class='ocrx_word' id='word_1_974' title='bbox 3126 4670 3142 4694; x_wconf 94' lang='lat'><strong>,</strong></span> <span class='ocrx_word' id='word_1_975' title='bbox 3171 4631 3363 4701; x_wconf 75' lang='lat' dir='ltr'><strong>lingua:</strong></span> <span class='ocrx_word' id='word_1_976' title='bbox 3391 4634 3489 4702; x_wconf 89' lang='lat' dir='ltr'><strong>ipsi</strong></span> <span class='ocrx_word' id='word_1_977' title='bbox 3520 4639 3772 4693; x_wconf 82' lang='lat' dir='ltr'><strong>servient.</strong></span> <span class='ocrx_word' id='word_1_978' title='bbox 3806 4641 3970 4699; x_wconf 89' lang='lat' dir='ltr'><strong>Pote-</strong></span> 
     </span>
    </p>
   </div>
   <div class='ocr_carea' id='block_1_116' title="bbox 2397 4716 3974 4800">
    <p class='ocr_par' dir='ltr' id='par_1_116' title="bbox 2397 4716 3974 4800">
     <span class='ocr_line' id='line_1_118' title="bbox 2397 4716 3974 4800; baseline 0.016 -35"><span class='ocrx_word' id='word_1_979' title='bbox 2397 4721 2504 4766; x_wconf 87' lang='lat' dir='ltr'><strong>stas</strong></span> <span class='ocrx_word' id='word_1_980' title='bbox 2535 4716 2647 4782; x_wconf 90' lang='lat' dir='ltr'><strong>ejus</strong></span> <span class='ocrx_word' id='word_1_981' title='bbox 2676 4726 2909 4784; x_wconf 80' lang='lat' dir='ltr'><strong>pmestas</strong></span> <span class='ocrx_word' id='word_1_982' title='bbox 2937 4728 3136 4775; x_wconf 66' lang='lat' dir='ltr'><strong>aeterna</strong></span> <span class='ocrx_word' id='word_1_983' title='bbox 3158 4763 3174 4788; x_wconf 95' lang='lat'><strong>,</strong></span> <span class='ocrx_word' id='word_1_984' title='bbox 3220 4737 3336 4791; x_wconf 71' lang='lat' dir='ltr'><strong>qua:</strong></span> <span class='ocrx_word' id='word_1_985' title='bbox 3371 4741 3475 4780; x_wconf 92' lang='lat' dir='ltr'><strong>non</strong></span> <span class='ocrx_word' id='word_1_986' title='bbox 3504 4733 3877 4800; x_wconf 88' lang='lat' dir='ltr'><strong>pertransibit,</strong></span> <span class='ocrx_word' id='word_1_987' title='bbox 3919 4748 3974 4791; x_wconf 88' lang='lat' dir='ltr'><strong>et</strong></span> 
     </span>
    </p>
   </div>
   <div class='ocr_carea' id='block_1_117' title="bbox 2395 4807 3974 4892">
    <p class='ocr_par' dir='ltr' id='par_1_117' title="bbox 2395 4807 3974 4892">
     <span class='ocr_line' id='line_1_119' title="bbox 2395 4807 3974 4892; baseline 0.017 -36"><span class='ocrx_word' id='word_1_988' title='bbox 2395 4819 2614 4873; x_wconf 87' lang='lat' dir='ltr'><strong>regnum</strong></span> <span class='ocrx_word' id='word_1_989' title='bbox 2659 4807 2773 4875; x_wconf 90' lang='lat' dir='ltr'><strong>ejus</strong></span> <span class='ocrx_word' id='word_1_990' title='bbox 2802 4825 2904 4864; x_wconf 90' lang='lat' dir='ltr'><strong>non</strong></span> <span class='ocrx_word' id='word_1_991' title='bbox 2945 4825 3332 4882; x_wconf 90' lang='lat' dir='ltr'><strong>corrumpetur.</strong></span> <span class='ocrx_word' id='word_1_992' title='bbox 3369 4836 3388 4869; x_wconf 73' lang='grc' dir='ltr'><strong><em>ι</em></strong></span> <span class='ocrx_word' id='word_1_993' title='bbox 3419 4819 3555 4884; x_wconf 90' lang='lat' dir='ltr'><strong>Quid</strong></span> <span class='ocrx_word' id='word_1_994' title='bbox 3579 4863 3596 4885; x_wconf 90' lang='lat'><strong>,</strong></span> <span class='ocrx_word' id='word_1_995' title='bbox 3633 4838 3814 4892; x_wconf 75' lang='lat' dir='ltr'><strong>qutcso</strong></span> <span class='ocrx_word' id='word_1_996' title='bbox 3836 4864 3854 4890; x_wconf 86' lang='lat'><strong>,</strong></span> <span class='ocrx_word' id='word_1_997' title='bbox 3886 4827 3974 4882; x_wconf 88' lang='lat' dir='ltr'><strong>his</strong></span> 
     </span>
    </p>
   </div>
   <div class='ocr_carea' id='block_1_118' title="bbox 2394 4895 3972 4983">
    <p class='ocr_par' dir='ltr' id='par_1_118' title="bbox 2394 4895 3972 4983">
     <span class='ocr_line' id='line_1_120' title="bbox 2394 4895 3972 4983; baseline 0.016 -37"><span class='ocrx_word' id='word_1_998' title='bbox 2394 4895 2568 4949; x_wconf 81' lang='lat' dir='ltr'><strong>verbis</strong></span> <span class='ocrx_word' id='word_1_999' title='bbox 2608 4899 2970 4954; x_wconf 83' lang='lat' dir='ltr'><strong>manifestius?</strong></span> <span class='ocrx_word' id='word_1_1000' title='bbox 3013 4901 3081 4954; x_wconf 88' lang='lat' dir='ltr'><strong>Et</strong></span> <span class='ocrx_word' id='word_1_1001' title='bbox 3119 4919 3288 4957; x_wconf 86' lang='lat' dir='ltr'><strong>omnes</strong></span> <span class='ocrx_word' id='word_1_1002' title='bbox 3326 4909 3519 4975; x_wconf 80' lang='lat' dir='ltr'><strong>pepuli,</strong></span> <span class='ocrx_word' id='word_1_1003' title='bbox 3551 4910 3740 4981; x_wconf 86' lang='lat' dir='ltr'><strong>inquit,</strong></span> <span class='ocrx_word' id='word_1_1004' title='bbox 3774 4916 3972 4983; x_wconf 71' lang='lat' dir='ltr'><strong>tribus,</strong></span> 
     </span>
    </p>
   </div>
   <div class='ocr_carea' id='block_1_119' title="bbox 2395 4984 3970 5073">
    <p class='ocr_par' dir='ltr' id='par_1_119' title="bbox 2395 4984 3970 5073">
     <span class='ocr_line' id='line_1_121' title="bbox 2395 4984 3970 5073; baseline 0.017 -38"><span class='ocrx_word' id='word_1_1005' title='bbox 2395 4984 2581 5053; x_wconf 80' lang='lat' dir='ltr'><strong>lingua:</strong></span> <span class='ocrx_word' id='word_1_1006' title='bbox 2625 4988 2722 5053; x_wconf 83' lang='lat' dir='ltr'><strong>ipsi</strong></span> <span class='ocrx_word' id='word_1_1007' title='bbox 2765 4995 2992 5042; x_wconf 66' lang='lat' dir='ltr'><strong>servient.</strong></span> <span class='ocrx_word' id='word_1_1008' title='bbox 3038 4991 3170 5046; x_wconf 80' lang='lat' dir='ltr'><strong>Vide</strong></span> <span class='ocrx_word' id='word_1_1009' title='bbox 3214 5004 3269 5046; x_wconf 86' lang='lat' dir='ltr'><strong>ut</strong></span> <span class='ocrx_word' id='word_1_1010' title='bbox 3316 5010 3524 5051; x_wconf 91' lang='lat' dir='ltr'><strong>omnem</strong></span> <span class='ocrx_word' id='word_1_1011' title='bbox 3563 5000 3710 5055; x_wconf 86' lang='lat' dir='ltr'><strong>orbis</strong></span> <span class='ocrx_word' id='word_1_1012' title='bbox 3751 5015 3970 5073; x_wconf 83' lang='lat' dir='ltr'><strong>gentem</strong></span> 
     </span>
    </p>
   </div>
   <div class='ocr_carea' id='block_1_120' title="bbox 2393 5077 3973 5155">
    <p class='ocr_par' dir='ltr' id='par_1_120' title="bbox 2393 5077 3973 5155">
     <span class='ocr_line' id='line_1_122' title="bbox 2393 5077 3973 5155; baseline 0.015 -28"><span class='ocrx_word' id='word_1_1013' title='bbox 2393 5077 2700 5142; x_wconf 81' lang='lat' dir='ltr'><strong>complexus</strong></span> <span class='ocrx_word' id='word_1_1014' title='bbox 2726 5079 2809 5130; x_wconf 85' lang='lat' dir='ltr'><strong>sit.</strong></span> <span class='ocrx_word' id='word_1_1015' title='bbox 2843 5080 2972 5133; x_wconf 84' lang='lat' dir='ltr'><strong>Vide</strong></span> <span class='ocrx_word' id='word_1_1016' title='bbox 2997 5092 3054 5134; x_wconf 91' lang='lat' dir='ltr'><strong>ut</strong></span> <span class='ocrx_word' id='word_1_1017' title='bbox 3079 5083 3343 5151; x_wconf 89' lang='lat' dir='ltr'><strong>etjudicis</strong></span> <span class='ocrx_word' id='word_1_1018' title='bbox 3365 5090 3628 5155; x_wconf 84' lang='lat' dir='ltr'><strong>acceperit</strong></span> <span class='ocrx_word' id='word_1_1019' title='bbox 3653 5092 3880 5149; x_wconf 91' lang='lat' dir='ltr'><strong>tribunal</strong></span> <span class='ocrx_word' id='word_1_1020' title='bbox 3907 5110 3973 5151; x_wconf 88' lang='lat' dir='ltr'><strong>ac</strong></span> 
     </span>
    </p>
   </div>
   <div class='ocr_carea' id='block_1_121' title="bbox 2395 5168 3967 5249">
    <p class='ocr_par' dir='ltr' id='par_1_121' title="bbox 2395 5168 3967 5249">
     <span class='ocr_line' id='line_1_123' title="bbox 2395 5168 3967 5249; baseline 0.015 -33"><span class='ocrx_word' id='word_1_1021' title='bbox 2395 5175 2723 5234; x_wconf 86' lang='lat' dir='ltr'><strong>potestatem.</strong></span> <span class='ocrx_word' id='word_1_1022' title='bbox 2755 5168 2827 5221; x_wconf 86' lang='lat' dir='ltr'><strong>Nc</strong></span> <span class='ocrx_word' id='word_1_1023' title='bbox 2852 5173 2992 5222; x_wconf 91' lang='lat' dir='ltr'><strong>enim</strong></span> <span class='ocrx_word' id='word_1_1024' title='bbox 3023 5172 3072 5223; x_wconf 92' lang='lat' dir='ltr'><strong>id</strong></span> <span class='ocrx_word' id='word_1_1025' title='bbox 3103 5186 3221 5226; x_wconf 89' lang='lat' dir='ltr'><strong>esse</strong></span> <span class='ocrx_word' id='word_1_1026' title='bbox 3254 5178 3627 5242; x_wconf 82' lang='lat' dir='ltr'><strong>temporarium</strong></span> <span class='ocrx_word' id='word_1_1027' title='bbox 3659 5183 3967 5249; x_wconf 78' lang='lat' dir='ltr'><strong>existimes.</strong></span> 
     </span>
    </p>
   </div>
   <div class='ocr_carea' id='block_1_122' title="bbox 2392 5256 3970 5334">
    <p class='ocr_par' dir='ltr' id='par_1_122' title="bbox 2392 5256 3970 5334">
     <span class='ocr_line' id='line_1_124' title="bbox 2392 5256 3970 5334; baseline 0.012 -26"><span class='ocrx_word' id='word_1_1028' title='bbox 2392 5256 2465 5308; x_wconf 87' lang='lat' dir='ltr'><strong>ait</strong></span> <span class='ocrx_word' id='word_1_1029' title='bbox 2497 5275 2507 5308; x_wconf 95' lang='lat'>:</span> <span class='ocrx_word' id='word_1_1030' title='bbox 2541 5257 2666 5322; x_wconf 82' lang='lat' dir='ltr'><strong>Qua:</strong></span> <span class='ocrx_word' id='word_1_1031' title='bbox 2703 5275 2800 5310; x_wconf 86' lang='lat' dir='ltr'><strong>non</strong></span> <span class='ocrx_word' id='word_1_1032' title='bbox 2841 5261 3158 5324; x_wconf 81' lang='lat' dir='ltr'><strong>pertransibit</strong></span> <span class='ocrx_word' id='word_1_1033' title='bbox 3196 5278 3216 5315; x_wconf 82' lang='lat'><strong>.&#39;</strong></span> <span class='ocrx_word' id='word_1_1034' title='bbox 3255 5274 3298 5316; x_wconf 88' lang='lat' dir='ltr'><strong>et</strong></span> <span class='ocrx_word' id='word_1_1035' title='bbox 3325 5281 3532 5334; x_wconf 86' lang='lat' dir='ltr'><strong>regnum</strong></span> <span class='ocrx_word' id='word_1_1036' title='bbox 3561 5269 3699 5323; x_wconf 86' lang='lat' dir='ltr'><strong>illius</strong></span> <span class='ocrx_word' id='word_1_1037' title='bbox 3728 5288 3824 5324; x_wconf 88' lang='lat' dir='ltr'><strong>non</strong></span> <span class='ocrx_word' id='word_1_1038' title='bbox 3851 5289 3970 5326; x_wconf 79' lang='lat' dir='ltr'><strong>cor-</strong></span> 
     </span>
    </p>
   </div>
   <div class='ocr_carea' id='block_1_123' title="bbox 2391 5349 3970 5420">
    <p class='ocr_par' dir='ltr' id='par_1_123' title="bbox 2391 5349 3970 5420">
     <span class='ocr_line' id='line_1_125' title="bbox 2391 5349 3970 5420; baseline 0.013 -22"><span class='ocrx_word' id='word_1_1039' title='bbox 2391 5359 2650 5415; x_wconf 85' lang='lat' dir='ltr'><strong>rttmpelttr</strong></span> <span class='ocrx_word' id='word_1_1040' title='bbox 2677 5364 2695 5400; x_wconf 91' lang='lat'><strong><em>:</em></strong></span> <span class='ocrx_word' id='word_1_1041' title='bbox 2720 5349 2810 5401; x_wconf 89' lang='lat' dir='ltr'><strong>sed</strong></span> <span class='ocrx_word' id='word_1_1042' title='bbox 2840 5358 2939 5401; x_wconf 88' lang='lat' dir='ltr'><strong>stat</strong></span> <span class='ocrx_word' id='word_1_1043' title='bbox 2967 5366 3030 5404; x_wconf 90' lang='lat' dir='ltr'><strong>ac</strong></span> <span class='ocrx_word' id='word_1_1044' title='bbox 3057 5361 3254 5405; x_wconf 89' lang='lat' dir='ltr'><strong>manet.</strong></span> <span class='ocrx_word' id='word_1_1045' title='bbox 3290 5356 3440 5420; x_wconf 88' lang='lat' dir='ltr'><strong>Quod</strong></span> <span class='ocrx_word' id='word_1_1046' title='bbox 3468 5358 3512 5410; x_wconf 91' lang='lat' dir='ltr'><strong>si</strong></span> <span class='ocrx_word' id='word_1_1047' title='bbox 3545 5360 3702 5414; x_wconf 78' lang='lat' dir='ltr'><strong>tidem</strong></span> <span class='ocrx_word' id='word_1_1048' title='bbox 3737 5378 3838 5417; x_wconf 89' lang='lat' dir='ltr'><strong>non</strong></span> <span class='ocrx_word' id='word_1_1049' title='bbox 3869 5364 3970 5417; x_wconf 83' lang='lat' dir='ltr'><strong>b.1-</strong></span> 
     </span>
    </p>
   </div>
   <div class='ocr_carea' id='block_1_124' title="bbox 2393 5437 3969 5516">
    <p class='ocr_par' dir='ltr' id='par_1_124' title="bbox 2393 5437 3969 5516">
     <span class='ocr_line' id='line_1_126' title="bbox 2393 5437 3969 5516; baseline 0.014 -27"><span class='ocrx_word' id='word_1_1050' title='bbox 2393 5437 2485 5491; x_wconf 91' lang='lat' dir='ltr'><strong>bcs</strong></span> <span class='ocrx_word' id='word_1_1051' title='bbox 2506 5481 2519 5499; x_wconf 83' lang='lat'><strong>,</strong></span> <span class='ocrx_word' id='word_1_1052' title='bbox 2551 5454 2576 5490; x_wconf 88' lang='lat' dir='ltr'><strong>a</strong></span> <span class='ocrx_word' id='word_1_1053' title='bbox 2607 5441 2762 5493; x_wconf 88' lang='lat' dir='ltr'><strong>rebus</strong></span> <span class='ocrx_word' id='word_1_1054' title='bbox 2794 5442 3130 5507; x_wconf 89' lang='lat' dir='ltr'><strong>persuadere.</strong></span> <span class='ocrx_word' id='word_1_1055' title='bbox 3160 5443 3320 5499; x_wconf 84' lang='lat' dir='ltr'><strong>Vides</strong></span> <span class='ocrx_word' id='word_1_1056' title='bbox 3355 5449 3709 5516; x_wconf 65' lang='lat' dir='ltr'><strong>aequalitatem</strong></span> <span class='ocrx_word' id='word_1_1057' title='bbox 3745 5453 3969 5512; x_wconf 87' lang='lat' dir='ltr'><strong>honoris</strong></span> 
     </span>
    </p>
   </div>
   <div class='ocr_carea' id='block_1_125' title="bbox 2391 5530 3968 5612">
    <p class='ocr_par' dir='ltr' id='par_1_125' title="bbox 2391 5530 3968 5612">
     <span class='ocr_line' id='line_1_127' title="bbox 2391 5530 3968 5612; baseline 0.011 -29"><span class='ocrx_word' id='word_1_1058' title='bbox 2391 5544 2508 5583; x_wconf 92' lang='lat' dir='ltr'><strong>cum</strong></span> <span class='ocrx_word' id='word_1_1059' title='bbox 2542 5530 2733 5583; x_wconf 83' lang='lat' dir='ltr'><strong>Patre?</strong></span> <span class='ocrx_word' id='word_1_1060' title='bbox 2773 5531 2901 5583; x_wconf 86' lang='lat' dir='ltr'><strong>Nam</strong></span> <span class='ocrx_word' id='word_1_1061' title='bbox 2930 5533 3051 5600; x_wconf 89' lang='lat' dir='ltr'><strong>quia</strong></span> <span class='ocrx_word' id='word_1_1062' title='bbox 3087 5533 3254 5587; x_wconf 86' lang='lat' dir='ltr'><strong>Filius</strong></span> <span class='ocrx_word' id='word_1_1063' title='bbox 3291 5545 3409 5603; x_wconf 85' lang='lat' dir='ltr'><strong>post</strong></span> <span class='ocrx_word' id='word_1_1064' title='bbox 3439 5537 3646 5594; x_wconf 88' lang='lat' dir='ltr'><strong>Patrem</strong></span> <span class='ocrx_word' id='word_1_1065' title='bbox 3679 5547 3927 5612; x_wconf 86' lang='lat' dir='ltr'><strong>apparuit</strong></span> <span class='ocrx_word' id='word_1_1066' title='bbox 3950 5587 3968 5610; x_wconf 82' lang='grc'><em>,</em></span> 
     </span>
    </p>
   </div>
   <div class='ocr_carea' id='block_1_126' title="bbox 2391 5621 3970 5701">
    <p class='ocr_par' dir='ltr' id='par_1_126' title="bbox 2391 5621 3970 5701">
     <span class='ocr_line' id='line_1_128' title="bbox 2391 5621 3970 5701; baseline 0.012 -30"><span class='ocrx_word' id='word_1_1067' title='bbox 2391 5630 2603 5688; x_wconf 76' lang='lat' dir='ltr'><strong>propter</strong></span> <span class='ocrx_word' id='word_1_1068' title='bbox 2631 5621 2731 5673; x_wconf 90' lang='lat' dir='ltr'><strong>hoc</strong></span> <span class='ocrx_word' id='word_1_1069' title='bbox 2760 5622 2831 5674; x_wconf 87' lang='lat' dir='ltr'><strong>ait</strong></span> <span class='ocrx_word' id='word_1_1070' title='bbox 2859 5636 2977 5675; x_wconf 91' lang='lat' dir='ltr'><strong>eum</strong></span> <span class='ocrx_word' id='word_1_1071' title='bbox 3006 5624 3212 5679; x_wconf 90' lang='lat' dir='ltr'><strong>venisse</strong></span> <span class='ocrx_word' id='word_1_1072' title='bbox 3242 5639 3361 5679; x_wconf 93' lang='lat' dir='ltr'><strong>cum</strong></span> <span class='ocrx_word' id='word_1_1073' title='bbox 3389 5629 3635 5685; x_wconf 89' lang='lat' dir='ltr'><strong>nubibus.</strong></span> <span class='ocrx_word' id='word_1_1074' title='bbox 3685 5634 3839 5701; x_wconf 90' lang='lat' dir='ltr'><strong>Quod</strong></span> <span class='ocrx_word' id='word_1_1075' title='bbox 3871 5651 3970 5691; x_wconf 82' lang='lat' dir='ltr'><strong>au-</strong></span> 
     </span>
    </p>
   </div>
   <div class='ocr_carea' id='block_1_127' title="bbox 2396 5710 3962 5787">
    <p class='ocr_par' dir='ltr' id='par_1_127' title="bbox 2396 5710 3962 5787">
     <span class='ocr_line' id='line_1_129' title="bbox 2396 5710 3962 5787; baseline 0.014 -26"><span class='ocrx_word' id='word_1_1076' title='bbox 2396 5718 2501 5762; x_wconf 87' lang='lat' dir='ltr'><strong>tem</strong></span> <span class='ocrx_word' id='word_1_1077' title='bbox 2532 5710 2780 5764; x_wconf 81' lang='lat' dir='ltr'><strong>existeret</strong></span> <span class='ocrx_word' id='word_1_1078' title='bbox 2807 5720 2858 5764; x_wconf 86' lang='lat' dir='ltr'><strong>et</strong></span> <span class='ocrx_word' id='word_1_1079' title='bbox 2887 5719 3062 5781; x_wconf 89' lang='lat' dir='ltr'><strong>antea,</strong></span> <span class='ocrx_word' id='word_1_1080' title='bbox 3087 5714 3282 5769; x_wconf 85' lang='lat' dir='ltr'><strong>clarum</strong></span> <span class='ocrx_word' id='word_1_1081' title='bbox 3312 5727 3393 5772; x_wconf 83' lang='lat' dir='ltr'><strong>est</strong></span> <span class='ocrx_word' id='word_1_1082' title='bbox 3421 5731 3486 5773; x_wconf 78' lang='lat' dir='ltr'><strong>ex</strong></span> <span class='ocrx_word' id='word_1_1083' title='bbox 3528 5718 3660 5787; x_wconf 84' lang='lat' dir='ltr'><strong>ipsis</strong></span> <span class='ocrx_word' id='word_1_1084' title='bbox 3691 5724 3962 5783; x_wconf 87' lang='lat' dir='ltr'><strong>nubibus:</strong></span> 
     </span>
    </p>
   </div>
  </div>
