4140 6314
241 271 342 324 231
1589 261 1654 315 IN
1689 259 2050 320 DANIELEM.
3311 276 3424 332 232

221 368 411 432 πυρὸς
442 363 648 422 εἷλκεν
688 372 1152 439 ἐκπορευόμενος
1192 373 1525 440 ἔμπροσθεν
1563 371 1765 424 αὐτοῦ.
1871 391 1997 427 πται
2013 376 2197 446 θρόνῳ.
2222 377 2350 430 Είδὲ
2366 377 2560 445 ἔνδυμα
2582 373 2712 445 εἶχε,
2737 377 2850 439 πῶς
2877 380 2973 430 οὐκ
3001 379 3267 447 ἀνήλωσεν
3289 379 3418 431 αὐτὸ

222 453 415 503 Χιλιαι
463 454 732 518 χιλιάδες
783 457 1194 523 ἐλειτούργουν
1229 456 1408 519 αὐτῷ,
1438 457 1532 508 xal
1571 457 1768 522 μύριαι
1865 460 1922 509 τὸ
1948 461 2054 528 πῦρ
2072 477 2088 524 ;
2121 461 2236 522 πῶς
2261 458 2310 512 εἴ
2332 461 2387 512 δὲ
2413 461 2475 528 (f.
2507 462 2613 529 εἴη)
2638 462 2866 523 Παλαιὸς
2895 462 3133 531 ἡμερῶν,
3163 465 3190 513 6
3221 461 3238 530 [
3261 463 3302 527 Ῑ.
3323 463 3415 531 ὸςι

218 537 505 602 μυριάδες
537 541 1040 606 παρειστήκεισαν
1060 544 1394 609 ἔμπροσθεν
1416 542 1617 595 αὑτοῦ.
1635 545 1767 607 Κρι-
1864 545 1967 613 πρὸ
1987 547 2197 598 πάντων
2219 547 2324 598 τῶν
2345 547 2550 599 αίώνων
2575 549 2812 616 ὑπῆρχες
2837 548 2950 608 πῶς
2970 548 3023 598 δὲ
3046 548 3136 597 καὶ
3159 548 3380 607 παλαιός
3399 562 3413 607 ;

223 622 425 689 τήριον
445 625 704 688 ἐκάθισε,
724 625 816 677 καὶ
838 627 1036 686 βίϐλοι
1059 625 1461 693 ἀνεῴχθησαν.
1488 627 1769 676 Συντείνω-
1860 628 1943 678 Σὺ
1963 629 2090 698 γὰρ,
2108 631 2255 698 φησὶ,
2277 630 2422 700 [240]
2449 634 2481 682 ό
2499 631 2675 694 αὐτὸς
2691 628 2758 682 εἷ.
2781 631 2902 691 Πῶς
2923 627 3014 682 οὖν
3037 631 3260 693 παλαιός
3276 648 3290 696 ;
3309 631 3416 682 Kal

223 728 322 778 μεν
352 711 451 780 τὴν
483 712 742 775 διάνοιαν,
772 713 1055 781 ἀγαπητοί.
1091 715 1163 765 Οὺ
1197 714 1304 782 γάρ
1343 712 1466 780 περὶ
1503 711 1706 780 μικρῶν
1739 711 1767 760 6
1862 712 1930 762 τὰ
1954 713 2056 778 ἐτη
2073 727 2188 766 σου
2216 714 2342 782 γὰρ,
2370 715 2519 782 φησὶ,
2545 715 2654 766 οὐκ
2675 715 3081 780 ἐκλείψουσιν.
3110 714 3229 775 Πῶς
3249 713 3415 766 δὲκαὶ

219 797 374 862 λόγος
419 799 556 850 ὲστί.
593 801 827 864 Θρόνοι,
869 800 1049 866 φησὶν,
1083 798 1389 863 ἐτέθησαν,
1438 799 1533 850 καὶ
1571 802 1605 851 ό
1652 804 1767 852 Πα·
1860 794 2058 864 ἔνδυμα
2094 799 2284 863 γένοιτ’
2322 798 2387 849 ἃν
2424 799 2550 866 περὶ
2587 798 2675 848 τὸν
2715 798 2932 864 ἄπειρον
2970 799 3059 850 καὶ
3092 798 3408 866 ἀσώματον;

216 883 389 946 λαιός
438 885 672 952 ἡμερῶν
715 885 982 950 ἐκάθητο.
1035 884 1127 946 Τίς
1167 887 1311 937 ἐστιν
1344 881 1525 947 οὖτοςς
1557 885 1764 955 Ὠσπερ
1864 878 2012 930 Οὐδὲ
2039 879 2147 947 γὰρ
2174 878 2278 945 τῆς
2298 882 2722 949 μεγαλωσύνης
2748 882 2950 944 αὑτοῦ,
2977 883 3127 952 φησὶ,
3154 883 3280 935 ἔστι
3304 885 3410 935 πέ-

220 967 459 1029 άκοὺσας
489 970 675 1039 ἄρκον,
707 971 804 1021 οὐκ
837 972 1000 1039 ἄρκον
1032 971 1272 1037 ἐνόησας,
1306 971 1398 1022 καὶ
1429 971 1660 1032 λέαιναν,
1702 972 1760 1022 οὑ
1855 977 1983 1026 ρας.
2017 965 2122 1015 Καὶ
2151 965 2307 1017 πάλιν
2335 982 2348 995 ⁸
2391 965 2530 1018 Ἔάν
2554 966 2747 1019 ἀνασῶ
2781 969 2866 1029 εἷς
2899 969 3000 1017 τὸν
3025 969 3300 1034 οὐρανὸν,
3327 968 3408 1020 σὺ

219 1051 372 1104 τοῦτο
404 1053 740 1115 ὑπώπτευες,
767 1053 898 1104 ἀλλὰ
929 1053 1226 1121 βασιλείας·
1257 1056 1348 1104 καὶ
1383 1053 1669 1117 Θάλασσαν,
1699 1054 1759 1104 οὐ
1856 1047 1980 1098 ἐκεῖ
1997 1045 2084 1100 εἷ·
2111 1049 2217 1101 ἐὰν
2239 1049 2465 1103 καταϐῶ
2499 1053 2583 1115 εις
2613 1051 2715 1102 τὸν
2739 1051 2908 1117 ᾅδην,
2941 1052 3128 1118 πάρει.
3170 1055 3290 1115 Πῶς
3318 1050 3411 1106 οὖν

221 1137 514 1201 θάλασσαν,
560 1137 688 1189 ἀλλὰ
715 1138 811 1206 τὴν
855 1137 1193 1206 οἰκουμένην,
1227 1137 1293 1188 δι’
1323 1137 1518 1206 ἐτέρων
1565 1137 1755 1205 ἕτεραα
1797 1191 1804 1207 ί
1861 1134 2052 1202 ίματίῳ
2079 1139 2468 1206 περιεγράφετο
2497 1138 2831 1207 ἀνθρωπίνῳ,
2855 1139 2945 1190 καὶ
2984 1137 3102 1190 οὔτε
3139 1140 3290 1192 τοῦτο
3325 1142 3411 1193 6v-

219 1220 356 1272 οὕτω
400 1224 494 1273 καὶ
531 1221 642 1274 νῦν.
676 1201 902 1282 Παλαιὸς
941 1201 1158 1289 ἡμερῶν
1191 1221 1241 1272 τί
1287 1201 1462 1285 ἐστινς
1507 1201 1752 1289 Γεγηρα-
1856 1201 2098 1286 ήλισκεν;
2326 1201 2429 1290 μὴν
2457 1224 2547 1275 καὶ
2576 1201 2735 1291 ἔντερα
2769 1201 2933 1275 πολλὰ
2956 1223 3182 1291 ἠδύνατο
3220 1224 3344 1275 ἰδεῖν
3381 1229 3410 1277 6

1126 1309 1309 1376 χρείας
1346 1267 1462 1360 τῶν⁷
1506 1267 1759 1376 πραγμά-
1797 1267 1810 1358 l
1858 1267 2154 1373 προφήτης.
2199 1267 2400 1368 ΠῶςΓδέ
2434 1310 2612 1377 τρίχες
2649 1267 2705 1360 ἐξ
2739 1310 2869 1376 πυρὶ
2899 1267 2997 1361 οὐκ
3029 1309 3402 1378 ἀνηλίσκοντος

216 1409 338 1453 των,
374 1393 443 1442 δι’
483 1392 547 1452 6;
584 1393 846 1458 φαίνεται,
891 1395 1048 1444 τυποῖ
1089 1393 1295 1454 ἑαυτὸν,
1353 1392 1500 1462 [259]
1550 1393 1758 1452 δεικνυς

215 1478 294 1527 ὅτι
345 1479 460 1537 τοῖς
521 1477 775 1538 τοιούτοις
821 1477 1162 1529 πιστεύεσθαι
1212 1477 1280 1528 τὰ
1323 1478 1574 1546 κριτήρια
1628 1479 1754 1545 χρή.

218 1563 426 1630 Ὥσπερ
472 1562 580 1630 γὰρ
625 1563 804 1631 θρόνον
851 1562 1057 1614 ἀκούων
1105 1563 1225 1631 οὐχὶ
1274 1562 1537 1632 καθέδραν
1584 1566 1751 1625 νοεῖς·

213 1646 345 1697 ἀλλὰ
380 1648 497 1707 πῶς
536 1647 625 1699 τὸν
667 1648 921 1715 χυδαῖόν⁸
966 1663 1048 1708 τις
1081 1646 1456 1711 ἐπισπάσαιτο,
1493 1649 1612 1699 ἐπεὶ
1665 1649 1755 1700 καὶ

213 1731 441 1798 ἀλλαχοῦ
468 1732 802 1799 ὡπλισμένος
827 1730 1090 1798 φαίνεται,
1113 1732 1204 1782 καὶ
1231 1732 1487 1800 ἑτέρωθεν
1510 1734 1756 1801 ᾑμαγμέ-

213 1832 331 1876 veg;
365 1816 535 1867 Τοῦτο
559 1813 654 1868 οὖν
694 1816 932 1883 βούλεται
959 1816 1143 1879 δεῖξαι,
1175 1817 1253 1868 ὅτι
1284 1816 1513 1885 κρίσεως
1541 1819 1747 1886 καιρός.

220 1903 286 1951 Τὸ
336 1901 567 1968 ἔνδυμα
618 1903 827 1965 αὐτοῦ,
879 1902 1020 1953 ὡσεὶ
1073 1901 1236 1968 χιὼν,
1295 1903 1533 1956 λευκόν.
1597 1905 1751 1966 Τίνος

211 1984 392 2034 ἕνεκεν
419 2000 434 2046 ;
464 1985 586 2034 ’Ὁτι
633 1985 752 2052 οὐχὶ
800 1985 1027 2054 κρίσεως
1078 1986 1261 2057 καιρὸς
1293 1987 1467 2054 μόνον,
1499 1987 1630 2039 ἀλλὰ
1658 1990 1751 2040 καὶ

209 2069 648 2130 ἀνταποδόσεως·
696 2071 775 2120 ὅτι
822 2069 1024 2131 πάντας
1068 2069 1145 2120 δεῖ
1194 2070 1339 2138 αὑτῷ
1384 2072 1749 2140 παραστῆναι·

207 2151 286 2201 ὅτι
324 2156 367 2204 Τ
365 2153 396 2203 ὁ
439 2153 615 2220 κρῖμα
653 2154 854 2216 αὺτοῦ,
899 2155 1059 2222 φησὶ,
1093 2155 1173 2218 ὡς
1206 2154 1328 2222 φῶς
1356 2156 1748 2219 ἐξελεύσεται.

208 2233 335 2288 Εἶτα
371 2242 580 2304 Θρόνοι
631 2241 937 2305 ἐτέθησαν.
974 2242 1047 2293 Οὐ
1099 2243 1292 2311 θρόνοι,
1331 2246 1387 2298 ἐν
1449 2240 1526 2306 οἷς
1565 2247 1752 2307 Καθή-

205 2329 410 2384 σεσθε,
437 2327 588 2392 φησὶ,
615 2326 709 2377 ἐπὶ
739 2326 960 2379 δώδεκα
989 2327 1266 2392 θρόνους;
1297 2328 1401 2382 Καὶ
1422 2330 1460 2396 ἠ
1487 2331 1616 2396 θρὶξ
1644 2332 1751 2397 τῆς

204 2409 473 2476 κεφαλῆς
503 2412 685 2463 αὐτοῦ
716 2411 855 2462 ὡσεὶ
882 2412 1041 2478 ἐριον
1065 2414 1337 2480 καθαρόν.
1369 2415 1440 2465 Τὸ
1470 2415 1580 2484 πῦρ
1599 2418 1748 2471 οὐδὲν

204 2495 512 2562 ἀνήλισκεν,
541 2496 721 2563 ἐπειδὴ
749 2497 853 2566 γὰρ
880 2499 1104 2567 ⁴ἥμερον.
1139 2497 1286 2560 Εἶδες
1309 2499 1428 2567 ὄψιν
1455 2503 1545 2553 καὶ
1567 2504 1747 2572 σχῆμα

202 2579 473 2631 πολιτικὸν
520 2582 611 2632 καὶ
663 2581 1072 2650 δημαγωγικόν;
1113 2585 1169 2635 '0
1202 2584 1382 2653 θρόνος
1426 2587 1640 2653 ἐφόϐει,
1672 2590 1749 2656 τῷ

203 2664 511 2733 πολύπυρος
537 2663 672 2718 εἶναι
692 2683 704 2696 ·
737 2667 844 2737 πῦρ
875 2669 970 2736 οὐχ
998 2668 1200 2731 ἁπλῶς,
1233 2671 1365 2721 ἀλλὰ
1393 2671 1608 2738 φλέγον.
1635 2675 1747 2726 Ἵνα

201 2752 307 2816 γὰρ
364 2751 440 2818 μὴ
500 2753 721 2819 νομίσῃς
768 2753 854 2804 διὰ
903 2754 1000 2822 τὴν
1050 2754 1228 2806 εἰκόνα
1290 2756 1744 2826 παραϐεϐλῆσθαι.

203 2834 542 2902 προσέθηκεν
567 2836 727 2886 αὑτοῦ
770 2838 866 2904 τὴν
908 2838 1202 2905 ἐνέργειαν,
1235 2839 1398 2891 εἰπὼν
1438 2842 1534 2909 οὐχ
1565 2842 1746 2904 ἁπλῶς

203 2919 334 2987 πῦρ,
381 2919 536 2983 ἀλλὰ,
587 2922 710 2987 Πῦρ
756 2921 997 2988 φλέγον.
1039 2924 1303 2990 Ποταμὸς
1333 2925 1518 2990 πυρὸς
1547 2922 1747 2980 εἷλκεν

202 3004 540 3071 ἔμπροσθεν
582 3007 783 3059 αὐτοῦ.
829 3009 1019 3059 Χίλιαι
1053 3008 1312 3075 χιλιάδες
1338 3010 1747 3079 ἐλειτούργουν

196 3090 374 3153 αὐτῷ,
421 3093 517 3143 καὶ
552 3093 750 3159 μύριαι
795 3094 1073 3160 μυριάδες
1112 3096 1607 3163 παρειστήκεισαν
1650 3099 1746 3167 ἒμ-

197 3182 461 3242 προσθεν
483 3181 685 3234 αὑτοῦ.
708 3182 1011 3249 Κριτήριον
1037 3181 1331 3236 ἐκάθισεν.
1363 3184 1634 3247 Τουτέστι,
1660 3187 1744 3238 διὰ

195 3262 352 3313 τοῦτο
385 3264 727 3332 παρεγένετο,
767 3266 903 3317 ὥστε
941 3268 1213 3336 κριτήριον
1245 3268 1480 3320 καθίσαι.
1513 3271 1616 3321 Kal
1649 3272 1746 3332 ,ϐί-

196 3347 326 3398 ϐλοι
364 3347 770 3414 ἀνεῴχθησαν.
798 3350 860 3400 Τί
885 3351 1087 3416 λέγεις;
1118 3351 1332 3419 βιϐλίων
1355 3355 1382 3404 6
1406 3353 1533 3415 Θεὸς
1557 3355 1742 3418 δεῖται,

205 3430 266 3481 '0
292 3431 366 3482 τὰ
394 3431 586 3484 πάντα
608 3434 773 3498 εἰδὼς
797 3435 934 3501 πρίν
955 3434 1238 3503 γενέσεως
1264 3436 1488 3500 αὑτῶν;
1520 3438 1572 3488 Ὁ
1602 3440 1746 3491 πλά-

193 3531 306 3580 σας
341 3517 492 3568 κατὰ
525 3518 714 3583 μόνας
748 3522 853 3582 τὰς
891 3519 1128 3586 καρδίας
1157 3521 1379 3584 αύτῶν;
1419 3524 1573 3575 Ἀλλὰ
1606 3526 1742 3576 κατὰ

193 3601 279 3650 τὸν
329 3601 492 3668 νόμον
540 3603 645 3654 τῶν
691 3605 958 3672 ἀρχόντων
999 3606 1196 3657 τούτων
1238 3607 1406 3674 λέγει,
1447 3609 1632 3680 ὥσπερ
1678 3611 1744 3663 τὰ

194 3687 558 3754 ὑπομνήματα
588 3688 874 3756 πράττεται
904 3693 1030 3759 παρ’
1061 3694 1210 3760 ἡμῖν.
1239 3694 1499 3764 Καθάπερ
1529 3696 1630 3767 γάρ
1656 3699 1739 3747 ἐν·

191 3770 362 3820 ταῦθα
398 3771 457 3820 οὐ
486 3773 574 3823 διὰ
609 3772 763 3823 τοῦτο
790 3774 1222 3839 ἀναγινώσκεται,
1257 3776 1394 3828 ὥστε
1431 3778 1615 3846 μαθεῖν
1649 3780 1738 3830 τὸν

191 3855 425 3921 ἄρχοντα
464 3856 635 3922 μόνον,
670 3857 777 3907 ἀλλ’
800 3856 936 3908 ὥστε
964 3859 1189 3926 φανῆναι
1219 3860 1424 3912 δικαίαν
1451 3857 1610 3914 οὖσαν
1640 3867 1736 3932 τὴν

193 3939 371 4005 κρίσιν
404 3954 415 3968 ·
447 3939 584 3990 οὕτω
619 3943 708 3991 καὶ
734 3942 870 4005 τότε,
903 3945 948 3993 εἰ
983 3943 1076 3994 καὶ
1105 3941 1211 3995 οἶδε
1240 3944 1457 4008 δικαίως
1487 3948 1735 4012 δικάζων,

189 4023 298 4073 ἀλλ’
332 4024 484 4091 ὅμως
517 4026 713 4093 ἀνοίγει
741 4027 837 4089 τὰς
871 4028 1095 4095 βίϐλους.
1135 4031 1286 4092 Τίνος
1322 4032 1526 4097 ένεκεν;
1564 4035 1626 4085 Τί
1653 4035 1737 4085 λέ-

189 4123 244 4172 γε
255 4125 322 4169 ις,
338 4108 436 4158 καὶ
450 4110 502 4158 τί
519 4109 685 4170 θέλεις
702 4112 868 4164 εἰπεῖν
884 4129 898 4175 ;
917 4113 1068 4174 Τίνος
1083 4115 1260 4167 ἕνεκεν
1286 4117 1344 4166 οὐ
1362 4117 1502 4182 λέγει
1530 4119 1620 4170 καὶ
1640 4119 1734 4181 τὰς

189 4192 385 4258 τιμάς;
432 4189 595 4244 Εἶπεν
626 4211 638 4224 ·
673 4197 874 4262 Θρόνοι
917 4197 1222 4263 ἐτέθησαν,
1267 4201 1385 4250 ἐπεὶ
1421 4203 1511 4253 καὶ
1543 4205 1570 4253 6
1606 4203 1732 4264 Θεὸς

187 4275 387 4338 ταύτας
421 4277 616 4347 ῶρισεν
651 4294 664 4307 ·
703 4281 883 4348 ἐπειδὴ
911 4281 964 4332 δὲ
997 4283 1086 4333 καὶ
1121 4283 1218 4333 οὐκ
1253 4284 1578 4354 ἠκούσαμεν,
1613 4288 1730 4339 τότε

188 4362 282 4431 τὴν
311 4364 576 4432 τιμωρίαν
605 4367 694 4416 καὶ
725 4367 820 4434 τὴν
847 4366 1077 4420 κόλασιν.
1104 4368 1209 4420 Καὶ
1235 4368 1327 4436 οὐχ
1355 4372 1482 4439 ήμῖν
1514 4373 1729 4440 πρώτην

191 4445 392 4513 ταύτην
415 4447 587 4515 ἀφῆκε
621 4451 826 4517 φωνήν;
873 4451 1010 4503 Ἀπὸ
1031 4453 1159 4505 τότε
1189 4452 1424 4518 ἤρξατο,
1453 4457 1602 4525 φησὶ,
1631 4475 1730 4524 κη-

182 4530 438 4594 ρύσσειν
456 4533 566 4596 τὴν
581 4535 900 4595 ,βασιλείαν
919 4538 1034 4589 τῶν
1055 4537 1338 4604 οὐρανῶν.
1355 4542 1531 4609 Μηδὲν
1550 4560 1731 4612 σωμαο

186 4618 328 4669 τικὸν
359 4620 648 4689 ὑπολάϐῃς,
667 4622 930 4689 ἀγαπητὲ,
955 4624 1083 4693 μηδὲ
1100 4628 1545 4697 ὲμπεριειλῆφθαι
1562 4632 1730 4701 θρόνῳ

186 4701 267 4754 τὸν
284 4706 508 4772 ἄπειρον
529 4705 654 4756 Θεὸν
674 4706 912 4776 νομίσῃς.
938 4711 998 4760 El
1027 4710 1132 4780 γὰρ
1160 4715 1258 4765 Ἐν
1284 4713 1356 4779 τῇ
1386 4717 1530 4782 χειρί
1548 4719 1728 4770 αὑτοῦ

185 4788 250 4836 τὰ
288 4788 520 4853 πέρατα
557 4789 665 4855 τῆς
692 4791 801 4857 γῆς
833 4808 847 4823 ο
882 4794 930 4843 εἰ
962 4791 1040 4845 Τὰ
1073 4793 1174 4860 ὄρη
1212 4796 1431 4862 ἔστησε
1460 4800 1604 4867 ζυγῷ
1633 4819 1645 4830 ο
1682 4804 1728 4853 εἰ

184 4871 383 4924 Πάν-τα
420 4877 490 4926 τὰ
528 4876 669 4942 ἔθνη
700 4879 777 4942 ὡς
808 4879 1013 4943 σίελος
1047 4881 1295 4933 ἐνώπιον
1325 4886 1504 4937 αὑτοῦ
1535 4887 1728 4954 ἐλογίσ

180 4960 312 5023 σθη,
347 4961 445 5012 καί
475 4962 553 5025 ὠς
581 4965 878 5030 κονιορτὸς
915 4965 1166 5018 ἐνώπιον
1201 4969 1382 5021 αὑτοῦ
1414 4972 1485 5022 τὰ
1515 4972 1724 5034 πάντα,

179 5042 247 5104 ὼς
283 5047 448 5107 αὑτός
489 5065 618 5115 φησι
653 5065 667 5080 ’
712 5053 858 5112 ποῖος
893 5052 1053 5114 τόπος
1093 5054 1211 5105 ὅλον
1255 5055 1385 5123 ὁμοῦ
1427 5058 1727 5124 περιϐαλεῖν

174 5128 487 5200 ὂυνήσεταις
527 5135 682 5186 Ἀλλὰ
711 5137 793 5199 τί;
822 5139 933 5190 Οὐκ
966 5138 1079 5190 ἔστι
1111 5141 1284 5206 τοῦτο,
1319 5146 1414 5196 οὐκ
1449 5147 1726 5215 ὲναπείλη-

234 5408 333 5471 δέει
360 5409 580 5471 legamus
596 5411 650 5457 τὸ
673 5412 880 5471 χυδαῖον.
910 5414 1036 5463 clara
1078 5421 1223 5464 erunt
1245 5419 1417 5466 omnia.
1444 5418 1613 5468 Postea
1653 5435 1704 5470 re

176 5467 326 5517 mibo
350 5467 553 5530 ἑτέρωθι.

483 5542 746 5599 ΡΑτιιοι..
778 5539 894 5598 Gn.
939 5542 1089 5606 LVI.

1855 1389 1952 1440 Διὰ
1992 1390 2099 1458 γὰρ
2139 1390 2292 1442 τοῦτο
2338 1394 2608 1460 ἐπήγαγεν
2651 1411 2664 1423 ·
2707 1395 2769 1446 '0
2811 1395 3022 1460 θρόνος
3066 1395 3248 1446 αὑτοῦ
3289 1396 3407 1460 πῦρ

1851 1474 2089 1541 φλέγον.
2130 1477 2237 1528 Kal
2261 1477 2461 1538 βίϐλοι
2493 1479 2898 1545 ἀνεῴχθησαν.
2926 1481 3088 1530 "am
3117 1481 3408 1532 αὐτοκατά-

1852 1576 2033 1627 κριτον
2061 1561 2303 1626 γενέσθαι
2327 1562 2413 1612 τὸν
2437 1565 2768 1631 κρινόμενον.
2802 1564 3121 1630 Ἐθεώρουν
3141 1567 3269 1616 τότε
3289 1566 3404 1618 άπὸ

1849 1644 2051 1710 φωνῆς
2098 1644 2214 1697 τῶν
2259 1647 2453 1713 λόγων
2494 1645 2610 1699 τῶν
2646 1648 2938 1716 μεγάλων,
2986 1643 3071 1700 ὧν
3116 1649 3181 1700 τὸ
3230 1649 3404 1713 κέρας

1848 1729 2039 1781 ἐκεῖνο
2065 1730 2286 1783 ἐλάλει.
2327 1731 2563 1797 Θεωρῶν
2589 1731 2766 1800 ἤμην,
2793 1733 2901 1797 ἕως
2928 1734 3178 1800 ἀνῃρέθη
3206 1736 3269 1784 τὸ
3303 1738 3404 1800 θη·-

1840 1815 1994 1880 ρίον,
2036 1816 2131 1866 καί
2177 1814 2460 1880 ἀπώλετο,
2500 1818 2604 1869 ἀπὸ
2637 1818 2732 1885 τῆς
2768 1819 3180 1886 μεγαληγορίας.
3215 1819 3401 1870 Καίτοι

1861 1897 2196 1966 Ἀλέξανδρος
2236 1901 2598 1971 προσεκύνησε
2643 1903 2731 1954 τὸν
2774 1903 2924 1954 Θεόν.
2965 1903 3070 1954 Kal
3120 1901 3184 1954 τὸ
3233 1902 3402 1969 σῶμα

1847 1984 2029 2036 αὐτοῦ
2067 1985 2241 2050 ἐδόθη
2275 1988 2360 2050 είς
2394 1987 2610 2039 καῦσιν
2648 1989 2850 2053 πυρός.
2893 1987 2997 2040 Καὶ
3032 1987 3147 2038 τῶν
3177 1986 3401 2038 λοιπῶν

1849 2069 2062 2132 θηρίων
2089 2069 2416 2136 μετεστάθη
2453 2073 2490 2137 ἡ
2529 2072 2677 2137 ἀρχή
2705 2087 2718 2101 ⁸
2758 2072 2851 2123 καί
2886 2070 3220 2139 μακρότηςιι
3255 2070 3401 2137 ζωῆς

1847 2153 2019 2218 ἐδόθη
2043 2155 2241 2219 αὐτοῖς
2267 2156 2375 2220 ἕως
2411 2157 2625 2222 καιρῶν
2656 2159 2750 2208 καὶ
2786 2157 3009 2224 καιροῦ.
3035 2157 3094 2208 Εἰ
3127 2157 3220 2207 καὶ
3252 2157 3401 2218 τέλος

1847 2238 2018 2305 ἔσχον,
2055 2239 2164 2290 ἀλλ’
2197 2242 2341 2307 ὅμως
2371 2241 2523 2293 τοῦτο
2563 2242 2792 2309 ἐγένετο.
2835 2243 2941 2295 Kal
2981 2245 3298 2307 κετεκαύθη
3335 2243 3399 2293 τὸ

1848 2325 2070 2389 θηρίον,
2102 2325 2198 2377 καὶ
2225 2327 2288 2378 τὸ
2314 2326 2481 2393 σῶμα
2513 2329 2694 2381 αὑτοῦ
2732 2329 2968 2394 ἐκαύθη.
3014 2329 3085 2380 Τὸ
3125 2327 3401 2389 παντελῶς

1844 2411 2142 2480 ἀνῃρῆσθαι
2158 2413 2319 2481 δηλοῖ.
2339 2415 2649 2480 Ἐθεώρουν
2668 2415 2736 2467 ἑν
2757 2414 2994 2482 ὁράματι
3025 2414 3129 2478 τῆς
3150 2415 3362 2476 νυκτός
3380 2429 3396 2444 ο

1844 2498 1940 2548 καὶ
1969 2496 2094 2549 ἰδοὺ
2121 2499 2266 2565 μετὰ
2297 2500 2410 2551 τῶν
2436 2500 2702 2566 νεφελῶν
2733 2500 2838 2551 τοῦ
2873 2498 3126 2563 οὐρανοῦ
3154 2499 3233 2560 ὠς
3270 2497 3401 2561 Υἱὸς

1842 2581 2148 2646 ἀνθρώπου
2187 2582 2502 2648 ἐρχόμενος
2531 2578 2626 2650 ἦν.
2669 2584 2763 2645 Τίς
2802 2583 2969 2635 ταῦτα
3003 2584 3209 2648 ἀγνοεῖ;
3256 2593 3277 2620 ε
3318 2581 3402 2642 τίς

1842 2663 2117 2730 διαϐλέψαι
2148 2665 2459 2734 δυνήσεται;
2497 2667 2570 2735 μὴ
2599 2668 2704 2734 γὰρ
2732 2666 2932 2737 Πέτρος
2964 2669 3130 2719 ταῦτα
3165 2667 3328 2734 λέγει,
3353 2660 3400 2717 ὦ

1844 2749 2086 2813 Ίουδαῖε;
2127 2751 2198 2818 μὴ
2233 2750 2339 2820 γὰρ
2365 2752 2603 2816 Παῦλος;
2635 2752 2741 2805 Kal
2779 2753 2925 2816 ίδοὺ,
2956 2754 3117 2822 φησὶ,
3151 2754 3231 2818 ὠς
3267 2753 3399 2817 Υἱὸς

1843 2833 2146 2899 ἀνθρώπου
2169 2835 2481 2903 ἐρχόμενος
2505 2833 2602 2904 ἦν,
2624 2838 2717 2891 καί
2738 2838 2846 2903 ἕως
2865 2837 2970 2890 τοῦ
2995 2838 3256 2891 Παλαιοῦ
3281 2838 3398 2889 τῶν

1844 2921 2070 2988 ἡμερῶν
2096 2922 2374 2990 ἔφθασεν.
2423 2923 2549 2976 Ἰδοὺ
2582 2926 2670 2976 καὶ
2706 2925 2765 2976 τὸ
2793 2925 3073 2994 ὁμότιμον.
3119 2924 3397 2976 Ἐνώπιον

1841 3007 2022 3060 αὐτοῦ
2051 3008 2426 3075 προσηνέχθη
2467 3009 2640 3074 αὐτῷ.
2669 3012 2782 3063 Ἰνα
2811 3012 2936 3063 ὅταν
2968 3012 3080 3079 ἴδῃς
3118 3011 3393 3078 διδομένην

1841 3091 1987 3160 αὐτῷ
2012 3093 2108 3160 τὴν
2135 3091 2423 3160 βασιλείαν,
2457 3093 2530 3162 μὴ
2553 3093 2897 3164 ἀνθρωπίνως
2929 3096 3148 3164 νομίσῃς
3171 3091 3304 3146 εἰναι
3331 3094 3392 3145 τὸ

1839 3175 2095 3228 δεδόσθαι.
2116 3177 2243 3227 Ἀπὸ
2265 3177 2370 3244 γὰρ
2391 3176 2506 3228 τῶν
2525 3179 2789 3244 νεφελῶν
2809 3178 2912 3231 τοῦ
2932 3179 3205 3244 ούρανοῦ,
3226 3179 3389 3247 φησί’

1840 3258 1936 3319 τὰς
1951 3258 2004 3310 δὲ
2023 3259 2244 3325 νεφέλας
2270 3261 2386 3311 ἀντὶ
2402 3260 2492 3310 τοῦ
2507 3262 2731 3330 οὐρανοῦ
2749 3262 3189 3331 παραλαμϐάνειν
3207 3263 3391 3314 είωθεν

1843 3343 1874 3411 ἠ
1896 3343 2101 3410 Γραφή.
2132 3343 2239 3396 Kal
2265 3343 2422 3407 αὐτῷ
2448 3344 2620 3409 ἐδόθη
2650 3347 2687 3412 ἡ
2719 3346 2892 3413 ἁρχὴ.
2915 3347 3013 3399 καὶ
3039 3347 3076 3411 ἡ
3106 3346 3264 3413 τιμὴ,
3292 3345 3390 3398 καί

1840 3429 1877 3493 ἡ
1902 3428 2182 3490 ,βασιλεία
2207 3445 2222 3459 ο
2252 3428 2349 3480 καί
2373 3429 2589 3494 πάντες
2618 3433 2671 3482 οἰ
2701 3433 2855 3493 λαοί,
2885 3433 3090 3498 φυλαί,
3118 3432 3387 3500 γλῶσσαι

1839 3512 1993 3575 αὐτῷ
2035 3513 2489 3565 δουλεύσουσιν.
2534 3514 2594 3566 Ἡ
2632 3516 2878 3576 ἐξουσία
2917 3517 3101 3569 αὑτοῦ
3141 3517 3387 3578 ἐξουσία

1837 3596 2086 3661 αἰώνιος,
2125 3597 2252 3662 ἧτις
2285 3601 2355 3650 οὑ
2389 3599 2812 3663 παρελεύσεται
2846 3617 2860 3630 ·
2903 3600 3000 3653 καὶ
3032 3600 3070 3666 η
3104 3601 3388 3664 βασιλειά

1837 3684 2018 3736 αὐτοῦ
2061 3685 2130 3735 οὺ
2175 3683 2648 3751 διαφθαρήσεται.
2689 3687 2752 3737 Τί
2798 3685 2983 3738 τούτου
3028 3687 3383 3759 σαφέστερονς

1838 3768 1952 3820 είπέ
1980 3785 2086 3836 μοι.
2117 3769 2220 3821 Kal
2251 3768 2465 3831 πάντες
2499 3770 2654 3830 λαοί,
2690 3771 2839 3839 φησὶ,
2877 3773 3080 3839 φυλαὶ,
3118 3772 3387 3841 γλῶσσαι

1834 3853 1990 3916 αὐτῷ
2027 3854 2479 3907 δουλεύσουσιν.
2510 3856 2647 3924 Ὅρα
2690 3855 2803 3918 πῶς
2842 3857 2984 3909 ἅπαν
3013 3858 3073 3910 τὸ
3111 3858 3257 3921 ἔθνος
3286 3859 3386 3926 τῆς

1834 3941 2148 4009 οἰκουμένης
2182 3942 2561 4010 περιέγραψεν.
2594 3942 2616 3960 ⁶’
2635 3945 2746 4012 Ορα
2776 3944 2868 3995 καὶ
2899 3944 2957 3996 τὸ
2986 3945 3259 4014 κριτήριον
3285 3945 3384 3996 αὺ-

1832 4027 1922 4077 τὸν
1948 4026 2192 4079 λαϐόντα.
2215 4027 2329 4078 Ἵνα
2361 4026 2468 4096 γὰρ
2502 4027 2575 4096 μὴ
2599 4029 2785 4097 χρόνου
2808 4030 3030 4100 νομίσῃς
3049 4026 3184 4082 εἶναι
3207 4029 3382 4092 τοῦτο,

1835 4110 1964 4177 φησί
1990 4124 2002 4136 ·
2029 4111 2186 4174 ’Ἠτις
2207 4113 2276 4163 οὐ
2306 4113 2730 4177 παρελεύσεται
2755 4129 2767 4143 ⁸
2796 4115 2892 4166 και
2920 4115 2958 4179 ἡ
2980 4116 3260 4177 ,ϐασιλεία
3279 4117 3382 4167 αύ-

1833 4197 1937 4249 τοῦ
1963 4199 2033 4248 οὺ
2064 4196 2521 4264 διαφθαρήσεται
2551 4215 2578 4255 ο,
2605 4199 2716 4251 ἀλλ’
2754 4200 2947 4269 ἔστηκε
2987 4201 3080 4253 καὶ
3123 4203 3289 4270 μένει.
3317 4198 3378 4251 El

1833 4281 1887 4333 δὲ
1917 4282 2180 4343 ἀπιστεῖς,
2203 4282 2308 4332 ἀπὸ
2338 4283 2667 4351 πραγμάτων
2701 4285 2902 4337 πείθου.
2929 4282 3076 4348 Εἶδες
3097 4287 3381 4355 ὁμοτιμίαν

1830 4365 1990 4416 αὑτοῦ
2022 4365 2152 4433 πρὸς
2182 4366 2269 4416 τὸν
2303 4367 2542 4436 Πατέρα;
2579 4367 2791 4437 Ἐπειδὴ
2818 4369 2924 4437 γὰρ
2961 4370 3180 4441 ὕστερος
3209 4372 3379 4441 ἐφάνη

1829 4448 1919 4501 τοῦ
1948 4450 2174 4518 Πατρὸς,
2206 4450 2292 4501 διὰ
2319 4450 2470 4501 τοῦτό
2495 4469 2642 4518 φησι,
2674 4454 2753 4504 ὅτι
2777 4449 2905 4522 ἦλθε
2936 4455 3070 4522 μετὰ
3094 4455 3199 4506 τῶν
3226 4472 3380 4523 νεφε-

1827 4535 1951 4589 λῶν.
1983 4535 2103 4585 “Οτι
2141 4535 2197 4586 δὲ
2230 4530 2298 4604 ἦν
2332 4535 2422 4588 καὶ
2451 4536 2657 4604 πρώην,
2694 4537 2846 4604 δῆλον
2877 4539 2940 4590 ἑκ
2971 4539 3076 4591 τῶν
3103 4540 3337 4607 νεφελῶν
3358 4555 3376 4573 ⁸

1827 4618 2040 4669 ἐπὶτῶν
2063 4619 2293 4685 νεφελῶν
2314 4619 2419 4686 γὰρ
2441 4620 2670 4686 ἔρχεται.
2697 4621 2805 4672 Kal
2825 4622 2979 4686 αὐτῷ
3000 4625 3373 4693 προσηνέχθη

1829 4706 1864 4770 ἡ
1891 4704 2043 4771 τιμή.
2072 4706 2169 4754 ’Ἦν
2191 4701 2321 4771 εἶχε,
2346 4703 2605 4756 τουτέστι.
2630 4707 2737 4757 Καὶ
2760 4707 2914 4769 λαοί,
2946 4711 3148 4775 φυλαί,
3183 4709 3373 4778 γλῶσ-

1827 4804 1927 4840 σαι
1959 4787 2114 4850 αὺτῷ
2151 4787 2570 4841 δουλεύσουσι.
2618 4790 2725 4858 Τὴν
2764 4792 2860 4859 μὲν
2895 4794 3000 4861 γὰρ
3033 4796 3203 4865 ἀρχὴν
3232 4791 3373 4866 εἶχεν

1828 4873 1954 4934 ἄνω,
1986 4873 2101 4923 τότε
2133 4872 2187 4923 δὲ
2219 4871 2403 4922 ἔλαϐεν
2432 4873 2600 4941 αὐτὴν
2631 4873 2696 4943 ἢν
2723 4871 2882 4944 εἶχεν.
2915 4879 3117 4950 Ὠσπερ
3150 4881 3254 4951 γὰρ
3283 4883 3375 4934 ἐπὶ

1828 4959 1915 5008 τοῦ
1945 4959 2151 5024 Πατρὸς
2175 4960 2309 5017 νοεῖς
2336 4959 2431 5019 τὰς
2455 4959 2662 5027 τρίχας,
2689 4963 2781 5013 καὶ
2803 4963 2869 5014 τὰ
2891 4963 3051 5016 λοιπά
3073 4983 3086 4995 ·
3117 4966 3254 5019 οὔτω
3282 4969 3373 5019 καὶ

1825 5043 1997 5092 τοῦτο.
2024 5043 2095 5093 Τὸ
2121 5042 2176 5092 δὲ
2208 5040 2415 5106 Ἐδόθη
2453 5042 2620 5111 [2411,
2650 5047 2740 5096 καὶ
2770 5047 2867 5099 ὅσα
2896 5049 3114 5103 τοιαῦτα
3142 5051 3370 5117 ἀκούων,

1884 5357 1912 5395 b
1935 5355 1988 5403 1n
2006 5357 2314 5427 Τὴθοᾲογεὶο
2332 5370 2581 5427 perperam
2597 5361 2800 5427 habegur
2810 5367 3104 5427 Wptémc.
3124 5369 3228 5416 Mox
3247 5373 3367 5421 male

1826 5418 1922 5486 1qu
1935 5430 2060 5486 ξιιωῇ
2082 5418 2272 5486 αξιοι-18
2289 5417 2457 5486 ιςεετο
2476 5419 2563 5472 ἕως
2582 5420 2745 5486 πιαιροῦ
2767 5417 2845 5486 ῃὰἱ
2866 5417 3046 5486 xpipoﬁ.

1891 5480 1913 5505 ο
1935 5477 2014 5530 Τίς
2037 5477 2278 5537 διαϐλέψαι
2300 5476 2557 5530 δυνήσεται.
2583 5476 2865 5531 Δόᾶευάυω
2884 5476 3007 5533 τοττιο
3031 5489 3104 5547 οὐ,
3127 5490 3205 5538 vel
3227 5493 3302 5544 μέ.

2977 5573 3049 5631 15
