4140 6314
771 375 883 430 233

768 476 930 544 μηδὲν
970 475 1299 544 ἀνθρώπινον
1329 475 1696 543 ὑποπτεύσῃς.
1743 476 1871 543 μηδὲ
1904 474 2148 526 ταπεινὸν
2185 472 2310 540 περὶ

766 565 857 617 τοῦ
880 566 1025 616 Υίοῦ.
1047 567 1250 634 ’Ὥσπερ
1275 566 1381 633 γὰρ
1405 565 1742 634 γεγηρακότα
1767 567 1922 632 ὀρῶν,
1948 565 2064 632 οὐχὶ
2088 565 2310 631 γέροντα

769 654 1105 716 ὑποπτεύεις,
1144 653 1280 704 οὕτω
1317 657 1406 704 καὶ
1448 655 1514 705 τὰ
1553 654 1727 705 λοιπά.
1771 654 1858 720 Μὴ
1892 654 1996 721 γὰρ
2037 653 2182 718 ζήτει
2215 653 2311 719 τὴν

771 743 1056 810 σαφήνειαν
1085 744 1140 794 ἐν
1165 746 1280 805 ταῖς
1311 743 1676 811 προφητείαις,
1704 742 1825 793 ἔνθα
1859 743 2004 793 σκιαὶ
2030 742 2121 792 καὶ
2146 741 2312 805 αἰνίγ-

776 848 915 901 ματα
946 847 960 860 ·
1001 831 1185 900 ὥσπερ
1215 833 1301 882 ἐπὶ
1339 831 1436 898 τῆς
1464 831 1739 900 ἀστραπῆς
1766 831 1824 881 οὑ
1859 831 2036 899 ζητεῖς
2075 831 2310 897 διηνεκὲς

773 921 904 986 φῶς,
935 921 1065 972 ἀλλὰ
1086 923 1240 991 ἀρκεῖ
1263 921 1488 988 φανῆναι
1519 921 1691 987 μόνον.
1720 921 1956 986 Ἔφριξε
1986 919 2048 970 τὸ
2083 919 2312 985 πνεῦμα

768 1027 903 1077 μου,
939 1009 1050 1076 ἐγὼ
1081 1009 1299 1074 Δανιὴλ
1325 1011 1393 1060 ἐν
1420 1008 1491 1074 τῇ
1518 1009 1632 1070 ἔξει
1659 1027 1774 1075 μου
1799 1024 1810 1036 ·
1845 1010 1942 1061 καὶ
1982 1011 2040 1059 αἱ
2077 1008 2312 1073 όράσεις

773 1097 876 1164 τῆς
910 1097 1168 1163 κεφαλῆς
1191 1115 1306 1164 μου
1337 1097 1669 1162 ἐτάρασσόν
1693 1115 1786 1163 με.
1823 1098 2054 1159 Εἰκότως
2087 1098 2187 1148 ὑπὸ
2214 1101 2309 1166 τῆς

777 1186 943 1253 ἂίιτως
967 1185 1067 1236 τῶν
1089 1186 1388 1254 ὁρωμένων.
1409 1186 1620 1254 Πατέρα
1640 1186 1730 1237 καὶ
1747 1187 1870 1238 Υἱὸν
1892 1180 2040 1247 οὗτος
2061 1189 2149 1237 καὶ
2165 1187 2310 1256 πρῶ-

773 1291 861 1338 τος
893 1279 981 1328 καὶ
1013 1278 1165 1343 μόνος
1193 1279 1309 1344 ορᾷ,
1335 1276 1408 1336 ὼς
1436 1277 1489 1325 ὲν
1515 1276 1650 1342 ὄψει.
1688 1277 1748 1326 Τί
1783 1276 1846 1327 ἂν
1881 1276 2050 1344 ἔχοιεν
2073 1278 2309 1329 Ἰουδαῖοι

773 1363 906 1432 πρὸς
945 1363 1098 1414 τοῦτο
1133 1366 1334 1426 εἰπεῖν;
1378 1364 1686 1432 Μελλούσης
1730 1365 1836 1433 γὰρ
1881 1365 1977 1431 τῆς
2017 1367 2310 1434 παρουσίας

772 1453 930 1506 αὑτοῦ
968 1454 1145 1506 λοιπὸν
1183 1454 1454 1521 ἐγγυτέρω
1490 1449 1645 1518 εἶναι,
1697 1455 1915 1516 εἰκότως
1948 1457 2040 1507 καὶ
2075 1458 2130 1507 al
2163 1456 2309 1522 ὄψεις

772 1541 1073 1609 θαυμασταὶ
1130 1542 1419 1608 φαίνονται.
1479 1541 1586 1594 Kal
1654 1541 1997 1608 προσῆλθον
2053 1544 2140 1595 ἐνὶ
2195 1543 2311 1595 τῶν

771 1627 1121 1692 ἑστηκότων,
1161 1628 1255 1678 καὶ
1297 1629 1410 1694 τὴν
1444 1629 1740 1693 ἀκρίϐειαν
1783 1627 2025 1692 ἐζήτουν
2049 1629 2180 1694 παρ’
2202 1631 2308 1681 αὑ-

770 1717 874 1770 τοῦ
909 1717 1115 1783 μαθεῖν
1155 1719 1283 1784 περὶ
1335 1719 1552 1771 τούτων
1605 1719 1858 1771 πάντων.
1901 1721 2006 1772 Kal
2051 1715 2176 1772 εἶπέ
2211 1737 2310 1787 μοι

771 1807 881 1873 τὴν
929 1807 1225 1871 ἀλήθειαν,
1273 1809 1372 1861 καὶ
1432 1809 1548 1861 τῶν
1603 1812 1795 1878 λόγων
1843 1811 1955 1875 τὴν
1997 1812 2312 1876 σύγκρισιν

770 1896 1046 1963 ἐγνῶρισέ
1083 1898 1423 1968 μοι.Ἐρωτᾷ
1451 1900 1502 1950 τί
1541 1900 1665 1951 ποτέ
1702 1902 1812 1951 ἐστι
1861 1901 1924 1951 τὰ
1977 1900 2267 1968 φαινόμενα
2292 1916 2306 1930 ⁸

771 1987 861 2038 καὶ
903 1988 1152 2054 μανθάνει
1203 1989 1330 2058 περὶ
1369 1988 1461 2040 τοῦ
1509 1989 1883 2057 Ἀντιχρίστου,
1918 1990 2008 2040 καὶ
2056 1990 2309 2057 μανθάνει

773 2075 1040 2145 βασιλείαν
1063 2077 1206 2141 τέλος
1237 2080 1332 2130 οὐκ
1360 2079 1601 2147 ἔχουσαν.
1637 2079 1842 2142 Ταῦτα,
1870 2081 2018 2147 φησὶ,
2043 2078 2114 2131 τὰ
2139 2081 2311 2146 θηρία

770 2163 840 2216 τὰ
882 2164 1128 2232 μεγάλα,
1165 2166 1451 2234 τέσσαρες
1491 2169 1791 2230 ,ϐασιλεῖαι
1847 2169 2306 2235 ἀναστήσονται.

772 2253 877 2304 Kal
903 2253 1350 2321 παραλήψονται
1373 2255 1483 2320 τὴν
1501 2257 1820 2318 ,ϐασιλείαν
1838 2257 1986 2323 ἅγιοι
2011 2257 2306 2322 Ὑψίστου,

770 2341 867 2394 καί
906 2342 1260 2404 καθέξουσιν
1287 2345 1473 2408 αὐτὴν
1493 2345 1600 2408 ἕως
1620 2345 1845 2409 αιῶνος,
1864 2347 1957 2397 καὶ
1977 2347 2084 2407 ἕως
2101 2346 2311 2410 αἰῶνος

769 2427 1010 2482 αἰώνων.
1053 2430 1162 2482 Kal
1199 2430 1439 2496 ἐζήτουν
1483 2433 1729 2498 ἀκριϐῶς
1776 2436 1902 2499 περὶ
1952 2436 2055 2488 τοῦ
2108 2439 2308 2503 θηρίου

771 2518 874 2571 τοῦ
907 2519 1200 2586 τετάρτου,
1235 2521 1317 2574 ὅτι
1351 2519 1425 2590 ἦν
1457 2522 1730 2590 διαφέρον
1756 2524 1908 2590 παρὰ
1940 2525 2059 2578 πᾶν
2087 2527 2306 2593 θηρίον,

770 2608 867 2660 καὶ
895 2610 1143 2675 φοϐερὸν
1162 2611 1456 2678 περισσῶς
1477 2629 1488 2641 ·
1523 2617 1575 2665 οί
1599 2613 1832 2678 ὀδόντες
1852 2616 2033 2669 αὑτοῦ
2060 2616 2305 2684 σιδηροῖ,

767 2702 824 2754 οἱ
865 2700 1076 2767 ὄνυχες
1125 2701 1307 2754 αὐτοῦ
1347 2704 1584 2770 χαλκοῖο
1621 2704 1824 2758 ἐσθίον
1851 2704 1948 2757 καὶ
1993 2705 2308 2771 λεπτῦνον,

771 2791 866 2842 καὶ
913 2792 982 2844 τὰ
1028 2791 1303 2844 ἐπίλοιπα
1353 2795 1473 2856 τοῖς
1519 2795 1700 2846 ποσίν
1745 2797 1924 2848 αὐτοῦ
1971 2800 2305 2851 συνεπάτει.

771 2877 876 2930 Kal
904 2879 1030 2944 περὶ
1059 2881 1175 2930 τῶν
1197 2880 1452 2946 κεράτων
1478 2883 1659 2935 αὑτοῦ
1687 2882 1802 2936 τῶν
1827 2884 1986 2946 δέκα,
2011 2886 2126 2938 τῶν
2143 2888 2212 2938 ἐν
2236 2887 2308 2955 τῇ

772 2965 1002 3032 κεφαλῇ
1037 2967 1238 3026 αὐτοῦ,
1279 2969 1374 3019 καὶ
1413 2967 1515 3023 tot?
1564 2970 1760 3036 ἐτέρου
1809 2973 1912 3025 τοῦ
1963 2976 2304 3040 ἀναϐάντος,

771 3054 867 3106 καὶ
911 3055 1323 3122 ἐκτινάξαντος
1345 3058 1460 3110 τῶν
1489 3062 1780 3127 προτέρων
1808 3065 1935 3129 τρία
1957 3082 1969 3094 ·
1999 3066 2094 3118 καί
2128 3069 2193 3118 τὸ
2217 3068 2309 3119 κέ-

764 3158 878 3206 ρας
901 3143 1111 3205 ἐκεῖνο,
1138 3138 1185 3210 ᾧ
1218 3147 1499 3214 ὀφθαλμοὶ
1528 3149 1702 3214 αὐτῷ,
1730 3152 1824 3202 καὶ
1860 3155 2047 3221 στόμα
2083 3157 2312 3208 λαλοῦν

767 3233 1014 3298 μεγάλα,
1043 3235 1139 3286 καὶ
1175 3237 1211 3300 ἠ
1241 3237 1444 3303 ὅρασις
1475 3239 1654 3290 αὑτοῦ
1678 3240 1884 3307 μείζων
1923 3242 2037 3294 τῶν
2066 3245 2306 3296 λοιπῶν.

787 3323 1110 3389 Ἐθεώρουν,
1142 3326 1234 3376 καὶ
1271 3326 1337 3378 τὸ
1375 3327 1546 3392 κέρας
1588 3329 1778 3382 ἐκεῖνο
1815 3332 1998 3384 ἐποίει
2047 3336 2312 3400 πόλεμον

768 3411 912 3475 μετὰ
935 3413 1048 3463 τῶν
1076 3415 1272 3480 ἀγίων,
1308 3417 1402 3468 καὶ
1432 3420 1646 3484 ἴσχυσε
1675 3421 1820 3486 πρὸς
1844 3422 2078 3485 αὐτοὺς,
2109 3423 2217 3486 ἕως
2237 3419 2308 3478 οὗ

770 3495 953 3567 ἦλθεν
985 3505 1015 3552 ό
1047 3503 1299 3567 Παλαιὸς
1327 3504 1441 3556 τῶν
1471 3507 1714 3573 ἡμερῶν,
1750 3510 1844 3560 καί
1885 3511 1948 3560 τὸ
1973 3510 2145 3576 κρῖμα
2173 3511 2310 3563 ἐδω-

771 3607 876 3664 κεν
901 3592 1085 3664 ἀγίοις
1127 3593 1432 3664 Ὑψίστουο
1467 3597 1562 3648 καὶ
1607 3601 1638 3649 ό
1685 3599 1884 3663 καιρὸς
1922 3599 2162 3664 ἔφθασε,
2213 3603 2309 3653 καὶ

771 3657 884 3725 τὴν
922 3657 1241 3722 βασιλείαν
1269 3663 1562 3730 κατέσχον
1603 3669 1654 3717 οἱ
1685 3657 1990 3732 ἅγιοιίΚάι
2023 3657 2189 3720 εἶπεν
2215 3670 2312 3722 οὐ·

769 3761 907 3810 τως⁰
957 3749 1025 3800 Τὸ
1073 3749 1275 3814 θηρίον
1317 3749 1382 3800 τὸ
1424 3750 1698 3819 τέταρτον
1740 3754 2024 3814 ,βασιλεία
2069 3756 2309 3823 τετάρτη

769 3836 934 3886 ἕσται
959 3835 1028 3885 ἐν
1060 3835 1133 3901 τῇ
1174 3836 1268 3904 γῇ,
1298 3837 1426 3901 ἣτις
1453 3840 1720 3904 ὑπερέξει
1753 3841 1949 3906 πάσας
1991 3845 2096 3908 τὰς
2130 3846 2311 3907 ,ϐασι-

769 3924 952 3986 λείας,
982 3923 1078 3974 καὶ
1107 3924 1494 3992 καταφάγεταί
1521 3925 1722 3980 πᾶσαν
1741 3929 1850 3994 τὴν
1876 3931 2011 3997 γῆν,
2038 3933 2134 3985 καὶ
2160 3949 2312 4001 συμ-

771 4018 1018 4083 πατήσει
1065 4021 1273 4086 αὐτὴν,
1319 4023 1415 4074 καὶ
1461 4024 1777 4090 κατακόψει
1829 4026 2036 4090 αὑτήν.
2090 4028 2194 4079 Kal
2241 4029 2312 4080 τὰ

769 4105 913 4157 δέκα
937 4108 1149 4172 κέρατα
1169 4109 1349 4162 αὑτοῦ
1372 4109 1513 4161 δέκα
1530 4109 1807 4175 βασιλεῖς
1833 4113 2274 4180 ἀναστήσονται
2292 4133 2306 4146 ⁸

771 4194 867 4246 καὶ
907 4196 1092 4248 ὀπίσω
1124 4197 1316 4248 αὐτῶν
1346 4198 1743 4263 ἀναστήσεται.
1781 4201 1993 4267 ἕτερος,
2029 4203 2094 4267 ὃς
2131 4207 2309 4268 ὑπερ-

772 4285 920 4337 οίσει
956 4285 1157 4350 κακοῖς
1195 4286 1419 4350 πάντας
1461 4287 1598 4351 τοὺς
1631 4289 1978 4355 ἔμπροσθεν,
2019 4293 2114 4344 καὶ
2158 4294 2310 4360 τρεῖς

768 4374 1040 4439 ,ϐασιλεῖς
1072 4376 1433 4428 ταπεινώσει.
1459 4377 1564 4429 Kal
1597 4380 1811 4444 λόγους
1839 4381 1983 4446 πρὸς
2019 4382 2123 4434 τὸν
2145 4385 2307 4450 Ὕψι-

771 4477 917 4515 στον
940 4462 1212 4526 λαλήσει,
1245 4464 1339 4514 καὶ
1368 4463 1505 4526 τοὺς
1530 4464 1732 4529 ἁγίους
1764 4466 2037 4531 Ὑψίστου
2059 4470 2309 4521 παλαιώ-

769 4563 882 4612 σει,
918 4551 1013 4602 καὶ
1047 4551 1369 4616 ὐπονοήσει
1418 4552 1522 4605 τοῦ
1569 4552 1889 4605 ἀλλοιῶσαι
1934 4557 2170 4621 καιροὺς
2213 4559 2310 4610 καὶ

768 4640 977 4704 νόμον·
1005 4640 1100 4691 καὶ
1125 4639 1432 4704 δοθήσεται
1457 4640 1523 4692 ἐν
1549 4640 1694 4707 χειρί
1723 4642 1903 4693 αὑτοῦ
1925 4643 2032 4706 ἕως
2051 4645 2249 4710 καιροῦ
2269 4647 2305 4694 ⁸.

770 4727 873 4776 Kal
896 4727 962 4779 τὸ
995 4727 1288 4793 κριτήριον
1321 4727 1555 4779 ἐκάθισε
1575 4746 1586 4758 ·
1620 4729 1717 4781 καὶ
1753 4729 1864 4795 τὴν
1895 4731 2088 4797 ἀρχὴν
2127 4732 2310 4785 αὑτοῦ

762 4814 1231 4878 μεταστήσουσι,
1279 4815 1383 4867 τοῦ
1433 4816 1715 4882 ἀφανίσαι
1746 4818 1840 4868 καὶ
1880 4818 2169 4871 ἀπολέσαι
2202 4821 2310 4885 ἕως

768 4898 996 4964 τέλους.
1027 4902 1131 4952 Kal
1161 4905 1196 4968 ἡ
1222 4904 1519 4967 βασιλεία,
1549 4907 1642 4956 καὶ
1676 4907 1712 4971 ή
1743 4906 2009 4970 ἐξουσία,
2036 4909 2128 4960 καὶ
2155 4910 2191 4975 ή
2207 4927 2309 4976 με·

766 4991 1078 5054 γαλωσύνη
1123 4990 1238 5041 τῶν
1278 4991 1583 5052 ,βασιλέων
1625 4993 1740 5045 τῶν
1779 4995 2048 5047 ὑποκάτω
2088 4998 2309 5064 παντὸς

762 5078 868 5130 τοῦ
895 5079 1146 5143 οὐρανοῦ
1179 5079 1350 5145 ἐδόθη
1379 5079 1564 5147 άτίοις
1597 5082 1870 5149 Ὑψίστου
1891 5101 1905 5114 ο
1945 5087 2039 5137 καὶ
2075 5089 2110 5153 ἠ
2133 5088 2310 5150 ,ϐασι-

763 5169 893 5220 λεία
925 5169 1126 5228 αὐτοῦ,
1156 5170 1440 5231 ,Βασιλεία
1473 5169 1702 5235 alebrle
1721 5190 1733 5202 ο
1763 5176 1857 5225 καὶ
1901 5174 2087 5228 πᾶσαι
2117 5181 2174 5229 al
2206 5179 2308 5244 ἀρ-

765 5257 860 5322 χαί
899 5258 1054 5320 αὐτῷ
1097 5258 1493 5312 δουλεύσουσι
1544 5261 1638 5314 καὶ
1679 5265 2138 5322 ὑπακούσονται.
2162 5269 2310 5334 Ἕως

815 5549 848 5582 ⁸
883 5547 1082 5623 Qinlssa
1100 5555 1213 5597 sunt
1232 5565 1375 5600 voces
1393 5562 1676 5614 sequentes,
1690 5560 1766 5604 καὶ
1791 5562 2074 5622 καιρῶνρια(
2093 5579 2144 5622 γε
2169 5566 2313 5626 ἥμισυ

762 5626 942 5672 ιαιρου,

1436 363 1494 420 S.
1533 362 1807 417 JOANNIS
1843 358 2320 415 CIIRYSOSTOMI
2360 359 2670 418 ARCIIIEP.
2709 363 3244 418 CONSTANTINOP.

3844 379 3952 432 234

2412 467 2523 525 ὧδε
2556 475 2620 526 τὸ
2647 475 2826 542 πέρας
2851 475 2955 526 τοῦ
2982 477 3182 541 λόγου.
3202 475 3345 541 Ἐγὼ
3373 475 3617 540 Δανιήλ·
3658 476 3711 526 οί
3757 474 3954 527 διαλο-

2409 561 2606 627 γισμοί
2635 578 2750 627 μου
2785 561 2880 611 ἐπὶ
2913 561 3119 613 πλεῖον
3162 561 3613 626 συνετάρασσόν
3653 576 3748 626 με,
3782 558 3877 610 καὶ
3915 559 3951 622 ὴ

2403 650 2598 718 μορφή
2624 667 2739 718 μου
2775 639 3086 712 ἣλλοιώθη,
3113 651 3207 700 καὶ
3245 649 3309 700 τὸ
3341 649 3502 716 ῥῆμα
3543 650 3611 700 ὲν
3641 647 3714 714 τῇ
3744 646 3953 711 καρδίᾳ

2404 758 2520 806 μου
2563 739 2957 806 συνετήρησα.
2988 740 3093 790 Καὶ
3120 741 3259 800 τίνος
3285 740 3465 791 ἕνεκεν
3511 740 3609 791 οὐκ
3653 735 3820 799 εῐπες,
3863 738 3954 788 ἇν-

2409 829 2619 898 Θρωπε;
2658 831 2776 881 Ὀτι
2802 829 2948 882 οὐδὲν
2980 829 3111 896 πρὸς
3141 830 3418 891 Ἰουδαίους
3442 826 3508 897 ἦν
3529 845 3540 856 ί
3575 829 3708 880 ἀλλὰ
3737 828 3955 878 τούναν-

2407 917 2516 969 τίον
2545 919 2600 968 ὲν
2628 918 2723 986 μὲν
2749 921 2857 978 τοῖς
2890 918 3092 985 ῥήμασι
3119 917 3206 968 διὰ
3248 919 3344 986 τῆς
3372 917 3630 983 ἀσαφείας
3662 914 3798 966 αὐτὰ
3829 930 3951 966 συν-

2408 1005 2719 1070 εκάλυπτεν,
2747 1007 2802 1057 ὲν
2827 1006 2881 1057 δὲ
2908 1005 2985 1074 τῷ
3009 1007 3254 1074 προφήτῃ
3276 1007 3632 1074 συνετήρησεν
3658 1007 3712 1054 ὲν
3733 1005 3793 1071 τῇ
3817 1018 3950 1070 καρ-

2407 1095 2512 1163 δίᾳ.
2545 1095 2650 1146 Καὶ
2677 1096 2781 1160 γὰρ
2813 1096 2944 1164 πρὸς
2985 1095 3060 1162 τῷ
3101 1095 3236 1146 τέλει
3271 1096 3458 1162 φησίν·
3503 1095 3653 1147 Ἰδοὺ
3699 1097 3752 1144 οἱ
3783 1093 3948 1158 λόγοι

2408 1184 2888 1252 ἐσφραγισμένοι⁹
2921 1185 3016 1236 καὶ
3051 1185 3334 1245 ,ϐούλεται
3383 1183 3597 1246 αὐτοὺς
3628 1181 3772 1250 ίῖιίίὶ]
3802 1183 3951 1232 ἀσα-

2408 1271 2538 1340 φεῖς
2563 1269 2732 1326 εἶναι.
2759 1272 2925 1324 Τοῦτο
2958 1277 3097 1324 ποιεῖ
3122 1274 3214 1325 καὶ
3235 1273 3390 1334 αὐτὸς
3418 1273 3504 1325 διὰ
3532 1271 3844 1340 παραϐολῶν
3873 1270 3955 1320 λέ-

2408 1363 2684 1432 γων.”ορα
2712 1361 2978 1431 πανταχοῦ
3025 1363 3138 1424 πῶς
3170 1364 3264 1432 τὴν
3305 1363 3573 1431 βασιλείαν
3605 1362 3834 1430 ἐπαίρει,
3865 1361 3955 1411 ἵνα

2412 1451 2572 1520 μηδὲν
2598 1451 2924 1521 ἀνθρώπινον
2949 1452 3306 1524 ὑποπτεύσῃς.
3332 1455 3393 1505 El
3419 1454 3524 1523 γὰρ
3545 1453 3636 1504 καὶ
3657 1454 3832 1504 πᾶσαν
3855 1452 3954 1518 τὴν

2407 1541 2510 1608 γῆν
2553 1542 2812 1608 κατέσχον
2856 1542 2904 1592 οἱ
2951 1542 3239 1612 ἄνθρωποι,
3284 1543 3518 1594 ἀλλὀὐκ
3567 1543 3672 1606 ἀεὶ,
3713 1541 3827 1593 οὐδὲ
3873 1542 3954 1600 εἰς

2407 1630 2625 1699 ἄπειρον
2670 1630 2854 1684 αἰῶνα.
2886 1633 2991 1684 Καὶ
3027 1634 3099 1701 μή
3137 1650 3225 1702 μοι.
3251 1633 3449 1698 λεγέτω
3491 1650 3593 1695 τις,
3623 1634 3702 1684 ὅτι
3750 1631 3954 1700 βραχὺν

2409 1719 2592 1788 χρόνον
2635 1719 2802 1786 λέγει.
2828 1720 2899 1771 Τὸ
2928 1721 3160 1789 γὰρ,οὺ
3196 1724 3634 1788 παρελεύσεται,
3665 1722 3716 1772 τί
3763 1723 3909 1772 ἐστιν
3937 1737 3952 1781 ;

2409 1811 2547 1863 οὐδὲ
2577 1810 2730 1862 ἐθνει
2757 1809 2929 1875 ἑτέρῳ
2953 1811 3292 1875 δοθήσεται;
3339 1809 3441 1863 Καὶ
3466 1811 3564 1879 ὅρα
3591 1809 3658 1861 τὰ
3684 1810 3819 1860 κατὰ
3847 1812 3951 1860 Δα-

2411 1904 2548 1969 ρεῖον
2579 1903 2670 1953 καὶ
2712 1903 3042 1963 Μακεδόνας.
3079 1901 3232 1963 Τίνος
3262 1901 3443 1952 ἕνεκεν
3472 1899 3674 1963 ταῦτα;
3702 1899 3796 1950 Διὰ
3824 1899 3954 1958 τοὺς

2421 1990 2716 2051 Ἰουδαίους.
2744 1991 2840 2042 Διά
2877 1990 3030 2042 τοῦτο
3073 1991 3164 2041 καὶ
3205 1991 3540 2058 Ἀλέξανδρος
3585 1989 3954 2058 προσεκύνησε

2407 2082 2496 2134 τὸν
2523 2082 2666 2142 ναὸν,
2695 2081 2769 2142 ὥς
2792 2097 2941 2147 φασι,
2970 2079 3030 2131 τὸ
3057 2080 3251 2148 βιϐλίον
3280 2080 3430 2130 τοῦτο
3459 2078 3578 2130 ἰδών
3605 2096 3618 2107 ’
3646 2081 3737 2130 καὶ
3756 2078 3954 2144 ’Ἑλλη-

2408 2188 2494 2232 νες
2543 2169 2852 2239 ἐθαύμασαν
2895 2169 3054 2221 αὑτοῦ
3100 2169 3195 2240 τὴν
3241 2170 3390 2237 ἰσχὺν
3436 2169 3533 2236 τῆς
3577 2171 3953 2238 προρρήσεως.

2409 2262 2541 2330 Περὶ
2563 2259 2762 2312 τούτων
2795 2259 2964 2320 οὐδεὶς
2997 2255 3163 2324 εἶπεν,
3191 2261 3302 2313 ἀλλ’
3331 2261 3361 2329 ἢ
3392 2256 3540 2322 οὗτος
3568 2261 3740 2328 μόνος.

2993 2394 3242 2446 ΚΕΦΛΛ.
3284 2395 3360 2445 H'.

2489 2501 2590 2552 ‘Er
2613 2499 2725 2552 ἔτει
2747 2502 2916 2567 τρίτῳ
2943 2501 3050 2568 τῆς
3073 2502 3390 2566 βασιλείας
3409 2500 3719 2565 Βαλτάσαρ
3748 2505 3961 2565 όρασις

2409 2590 2569 2658 ὤφθη
2609 2593 2754 2658 πρός
2794 2608 2889 2658 με,
2924 2590 3035 2656 ἐγὼ
3066 2591 3306 2655 Δανιὴλ,
3339 2591 3484 2658 μετὰ
3522 2591 3634 2656 τὴν
3673 2591 3963 2656 ὀφθεῖσαν

2404 2699 2502 2748 μοι
2529 2681 2596 2733 ἐν
2622 2680 2694 2746 τῇ
2720 2680 2894 2747 ἀρχῇ.
2923 2681 3029 2734 Καὶ
3058 2679 3218 2734 εἶδον
3253 2682 3320 2733 ἐν
3351 2680 3425 2747 τῇ
3451 2681 3651 2747 όράσει
3675 2695 3688 2708 °
3720 2681 3811 2733 καὶ
3839 2680 3964 2746 ἐτέο

2410 2786 2542 2823 νετο
2565 2771 2634 2822 ἐν
2655 2770 2731 2834 τῷ
2753 2771 2895 2823 ἰδεῖν
2915 2788 3008 2839 με,
3045 2772 3140 2823 καὶ
3180 2771 3340 2839 ήμην
3379 2773 3446 2823 ἐν
3474 2774 3721 2836 Σούσοις
3745 2771 3817 2836 τῆ
3837 2771 3932 2832 ,ϐα

2401 2875 2513 2924 ρει,
2539 2859 2575 2924 ἦ
2598 2860 2765 2912 ἐστιν
2791 2860 2862 2912 ἐν
2881 2859 3036 2928 χώρᾳ
3071 2861 3266 2929 Ἐλάμ.
3290 2861 3396 2914 Kal
3421 2858 3582 2914 εἶδον
3601 2862 3667 2913 ἐν
3695 2860 3958 2928 ὁράματι,

2409 2947 2502 3000 καὶ
2527 2947 2684 3015 ἥμην
2710 2948 2802 3000 ἐπὶ
2824 2948 2926 3001 τοῦ
2955 2949 3167 3002 Οὺϐάλ.
3193 2949 3296 3002 Kal
3318 2945 3429 3016 ἦρα
3457 2951 3593 3014 τοὺς
3623 2953 3962 3019 ὀφθαλμούς

2405 3054 2540 3105 μου,
2569 3038 2665 3088 καὶ
2691 3035 2883 3090 εἶδον·
2927 3039 3023 3089 καὶ
3069 3039 3194 3090 ίδοὺ
3225 3039 3383 3106 κριός
3417 3036 3502 3102 εἷς
3542 3041 3805 3104 έστηκὼς
3843 3041 3961 3108 πρὸ

2409 3126 2512 3178 τοῦ
2549 3127 2761 3180 Οὑϐάλ·
2782 3126 2876 3177 καὶ
2906 3126 3061 3189 αὐτῷ
3095 3127 3324 3194 κέρατα,
3350 3129 3443 3180 καὶ
3469 3130 3539 3181 τὰ
3567 3129 3777 3196 κέρατα
3798 3133 3961 3196 ὑψη-

2407 3214 2518 3267 λάο
2576 3215 2672 3266 καὶ
2715 3214 2779 3266 τὸ
2824 3214 2892 3266 ἓν
2923 3217 3293 3282 ὑψηλότερον
3334 3215 3436 3268 τοῦ
3481 3216 3703 3282 ἐτέρου,
3749 3217 3843 3268 καὶ
3897 3220 3964 3269 τὸ

2409 3305 2777 3370 ὑψηλότερον
2837 3303 3140 3356 ἀνέϐαινεν
3197 3305 3286 3355 ἐπ’
3317 3304 3602 3372 ἐσχάτων.
3646 3305 3750 3358 Kal
3795 3301 3966 3357 εἶδον

2408 3397 2512 3446 τὸν
2551 3395 2716 3460 κριὸν
2744 3393 3109 3461 κερατίζοντα
3145 3394 3292 3446 κατὰ
3337 3396 3669 3459 θάλασσαν,
3698 3395 3790 3446 καί
3813 3396 3964 3462 βοί-

2401 3481 2537 3548 ριῗν,
2564 3483 2658 3534 καὶ
2689 3483 2886 3545 νότον,
2923 3482 3020 3537 καὶ
3049 3483 3184 3535 λίϐα
3204 3500 3216 3512 ·
3260 3483 3355 3535 καὶ
3385 3484 3577 3536 πάντα
3599 3484 3666 3535 τὰ
3687 3485 3857 3549 θηρία
3890 3487 3962 3537 οὐ

2408 3573 2728 3637 στήσονται
2761 3572 3009 3624 ἐνώπιον
3035 3574 3236 3636 αὐτοῦ,
3268 3575 3361 3625 καὶ
3391 3577 3499 3626 οὐκ
3530 3571 3606 3642 ἦν
3631 3578 3661 3626 ό
3693 3576 3962 3639 ἐξαιρού-

2406 3677 2584 3727 μενος
2613 3661 2679 3711 ἐκ
2709 3660 2900 3726 χειρὸς
2925 3660 3106 3712 αὑτοῦ
3127 3677 3140 3690 ⁸
3170 3661 3266 3713 καὶ
3291 3661 3536 3727 ἐποίησε
3565 3663 3708 3713 κατὰ
3733 3662 3964 3729 θέλημα

2409 3749 2612 3811 αὐτοῦ,
2647 3750 2741 3802 καὶ
2771 3750 3157 3816 ἐμεγαλύνθη.
3198 3749 3306 3802 Kal
3344 3749 3455 3817 ἐγὼ
3495 3749 3652 3816 ἥμην
3693 3751 3959 3804 συνιώνο

2411 3840 2504 3892 καὶ
2549 3839 2674 3893 ίδοὺ
2729 3839 2936 3907 τράγος
2996 3839 3175 3906 αἰγῶν
3222 3838 3433 3906 ἤρχετο
3489 3841 3604 3892 ἀπὸ
3647 3842 3814 3904 λιϐός
3864 3842 3962 3894 ἐπὶ

2410 3925 2725 3990 πρόσωπον
2750 3923 2949 3991 πάσης
2972 3923 3080 3991 τῆς
3095 3923 3234 3992 γῆς’
3269 3925 3363 3977 καὶ
3398 3928 3505 3979 οὐκ
3532 3923 3607 3994 ἦν
3630 3928 3964 3994 ἁπτόμενος

2409 4011 2518 4077 τῆς
2546 4010 2685 4080 γῆς·
2724 4011 2819 4063 καὶ
2859 4011 2938 4075 τῷ
2978 4012 3168 4082 τράγῳ
3207 4014 3412 4076 ἐκείνῳ
3450 4015 3624 4080 κέρας
3669 4017 3965 4082 θεωρητόν

2409 4099 2523 4152 ἀνὰ
2550 4098 2742 4166 μέσον
2789 4098 2906 4151 τῶν
2945 4101 3262 4170 ὀφθαλμῶν
3309 4103 3512 4156 αὑτοῦ.
3559 4104 3666 4155 Kal
3706 4100 3895 4170 ἦλθεν
3932 4109 3964 4158 ό

2409 4187 2622 4255 τράγος
2651 4189 2758 4253 ἓως
2784 4190 2890 4241 τοῦ
2921 4189 3087 4254 κριοῦ
3122 4191 3224 4243 τοῦ
3263 4193 3334 4243 τὰ
3359 4190 3569 4258 κέρατα
3601 4194 3868 4262 ἔχοντος,
3893 4196 3966 4248 δν

2409 4273 2570 4329 εἷδον
2611 4277 2836 4330 ἑστῶτα
2871 4277 3124 4332 ἐνώπιον
3169 4280 3271 4333 τοῦ
3319 4281 3513 4333 Οὺϐάλ
3536 4297 3548 4310 ·
3599 4283 3692 4334 καὶ
3745 4283 3964 4352 έδραμε

2410 4366 2556 4432 πρὸς
2581 4367 2764 4419 αὐτὸν
2792 4367 2868 4418 ἐν
2895 4366 3038 4434 ὀργῇ
3057 4379 3081 4407 ι
3113 4367 3220 4433 τῆς
3248 4369 3457 4435 ίσχύος
3481 4369 3681 4424 αὐτοῦ.
3727 4373 3835 4423 Καὶ
3881 4373 3964 4424 εί-

2409 4455 2516 4507 δον
2530 4455 2710 4506 αὑτὸν
2729 4454 3038 4521 φθάσαντα
3057 4455 3164 4519 ἕως
3185 4456 3288 4508 τοῦ
3309 4457 3494 4523 κριοῦ,
3520 4458 3613 4509 καὶ
3635 4458 3962 4525 ἐξηγριώθη

2408 4545 2556 4610 πρὸς
2580 4544 2780 4606 αὑτὸν,
2810 4544 2905 4595 καὶ
2925 4545 3133 4596 ἔπαισε
3154 4546 3257 4597 τὸν
3276 4548 3460 4611 κριὸν,
3485 4549 3579 4598 καὶ
3603 4548 3967 4616 συνέτριψεν

2409 4635 2706 4700 ἀμφότερα
2730 4633 2800 4684 τὰ
2839 4633 3051 4698 κέρατα
3073 4635 3282 4687 αὐτοῦ·
3311 4635 3404 4686 καὶ
3429 4637 3535 4688 οὑκ
3565 4633 3641 4704 ἦν
3673 4638 3852 4703 ἰσχὺς
3888 4639 3967 4704 τῷ

2411 4721 2550 4788 κριῷ
2580 4723 2682 4773 τοῦ
2711 4721 2925 4786 στῆναι
2941 4721 3191 4775 ἐνώπιον
3221 4725 3422 4778 αὑτοῦ.
3452 4726 3559 4776 Kal
3591 4727 3836 4792 ἔρριψεν
3860 4731 3966 4780 αὺ-

2411 4809 2516 4861 τὸν
2545 4811 2642 4861 ἑπὶ
2679 4809 2792 4874 τὴν
2832 4809 2966 4878 γῆν.
3015 4811 3112 4862 καί
3154 4813 3574 4878 συνεπάτησεν
3610 4817 3814 4876 αὐτὸν,
3869 4816 3966 4869 καί

2412 4899 2519 4948 οὐκ
2549 4894 2626 4963 ἦν
2655 4899 2685 4948 ό
2710 4895 3121 4962 ἐξαιρούμενος
3141 4898 3244 4949 τὸν
3264 4901 3430 4963 κριὸν
3449 4900 3514 4950 ἐκ
3539 4900 3732 4965 χειρός
3752 4902 3964 4955 αὐτοῦ.

2412 4983 2518 5034 Kal
2541 4986 2572 5034 ό
2606 4982 2813 5048 τράγος
2840 4981 2955 5032 τῶν
2985 4983 3164 5049 αίγῶν
3187 4984 3554 5050 ἐμεγαλύνθη
3579 4987 3682 5051 ἓως
3705 4989 3964 5054 σφόδρα.

2412 5071 2517 5123 Καὶ
2559 5072 2626 5122 ἐν
2666 5069 2743 5133 τῷ
2782 5071 3028 5137 ἰσχῦσαι
3071 5073 3271 5135 αὑτὸν,
3319 5075 3635 5141 συνετρίϐη
3677 5078 3741 5128 τὸ
3787 5080 3970 5146 κέρας

2411 5159 2593 5211 αὐτοῦ
2623 5159 2685 5211 τὸ
2711 5159 2862 5226 μέγα
2881 5175 2892 5188 ν
2927 5159 3024 5211 καί
3065 5160 3244 5226 ἀνέϐη
3274 5162 3536 5230 τέσσαρα
3572 5166 3786 5232 κέρατα
3818 5171 3970 5222 ὐπο-

2415 5249 2670 5303 κάτωθεν
2711 5251 2893 5303 αὐτοῦ
2939 5253 3024 5314 είς
3058 5251 3196 5315 τοὺς
3231 5253 3524 5320 τέσσαρας
3562 5257 3820 5324 ἀνέμους
3868 5262 3977 5314 τοῦ

2478 5509 2502 5535 ⁸
2531 5507 2595 5556 lla
2615 5509 2662 5554 in
2685 5506 2901 5553 Hebraeo.
2929 5508 2990 5553 At
3012 5520 3137 5555 nunc
3161 5512 3210 5556 in
3235 5511 3560 5560 Thendolione
3595 5527 3649 5560 ac
3670 5517 3718 5562 in
3743 5515 3980 5564 Theodo-

2417 5574 2523 5614 reto
2545 5565 2750 5634 legimu_s_
2767 5571 2906 5634 ὁρμῇ..
2931 5566 3236 5634 Fregiienlgr
3258 5584 3317 5618 ex
3343 5574 3448 5620 istis
3469 5574 3654 5622 duobus
3689 5574 3974 5626 nominibus

2419 5641 2564 5675 unum
2586 5640 2670 5688 pro
2693 5627 2784 5676 alio
2799 5627 3014 5675 Scribuut
3036 5629 3231 5677 librarii.
