4144 6308
306 354 420 411 233

304 448 563 517 siquidem
589 449 643 502 in
669 448 732 502 iis
760 447 915 500 venit.
950 445 1015 497 Et
1038 445 1111 497 illi
1140 443 1329 496 delatus
1356 451 1429 496 est
1456 441 1629 492 honor.
1676 438 1842 501 Quem

305 538 532 592 habebat
557 538 773 591 scilicet.
797 536 860 587 Et
887 535 1074 603 papuli,
1099 534 1270 595 tribus,
1297 532 1477 599 linguw
1501 530 1595 597 ipsi
1616 527 1839 581 servient.

303 625 659 694 Principatum
700 625 890 679 etenim
922 624 1143 676 habebat
1183 628 1333 672 antea
1356 658 1372 682 ,
1402 626 1523 671 tunc
1548 630 1672 670 vero
1702 615 1844 668 illum

302 715 473 781 ipsum
502 730 656 782 quem
684 712 948 767 obtinebat
972 710 1186 778 accepit.
1215 708 1340 760 Nam
1368 708 1501 761 sicut
1522 708 1572 758 in
1599 706 1749 757 Patre
1770 706 1848 757 in-

302 803 493 870 telligis
519 805 754 870 capillos,
782 812 833 856 et
858 802 1051 867 reliqua
1081 816 1091 850 :
1120 800 1188 850 ita
1218 807 1268 850 et
1298 795 1431 848 istud
1462 794 1842 861 accipiendum.

299 888 430 942 Cum
453 898 630 943 autem
660 890 835 953 audis,
866 889 1050 940 Datum
1077 894 1174 951 est,
1206 893 1259 939 et
1284 886 1383 937 alia
1413 884 1461 936 id
1492 898 1654 951 genus
1674 922 1688 945 ,
1718 882 1846 934 nihil

300 977 589 1031 humanum
618 978 916 1046 suspiceris,
948 990 1043 1029 nec
1068 975 1260 1027 humile
1285 974 1349 1026 de
1369 973 1517 1025 Filio.
1540 972 1683 1025 Sicut
1706 970 1843 1025 enim

298 1066 485 1119 videns
512 1082 631 1119 eum
660 1067 746 1135 qui
784 1066 953 1119 senuit
972 1104 985 1125 ,
1020 1080 1121 1117 non
1160 1077 1340 1117 senem
1368 1061 1634 1115 arbitraris
1659 1080 1671 1113 :
1701 1062 1770 1115 ita
1795 1071 1849 1115 et

296 1164 513 1207 caetera.
538 1155 651 1207 Noli
672 1156 861 1223 quippe
883 1153 1299 1222 perspicuitatem
1325 1151 1377 1203 in
1399 1149 1680 1217 prophetiis
1701 1166 1843 1219 qua:-

297 1255 419 1294 rere
446 1283 459 1304 ,
491 1241 579 1294 ubi
609 1243 805 1295 umbra:
834 1250 953 1293 sunt
978 1255 1038 1293 ac
1066 1241 1337 1307 aenigmata
1367 1255 1379 1289 :
1411 1238 1847 1305 quemadmodum

298 1330 350 1381 in
382 1330 588 1398 fulgure
613 1346 714 1383 non
742 1330 970 1397 exquiris
995 1330 1167 1381 lumen
1195 1335 1515 1395 perpetuum,
1544 1326 1635 1379 sed
1661 1327 1849 1379 sufﬁcit

296 1419 339 1468 si
373 1419 530 1470 modo
558 1428 821 1486 appareat.
853 1419 938 1471 15.
976 1417 1179 1468 Horruit
1205 1416 1406 1483 spiritus
1435 1432 1569 1467 meus
1588 1456 1602 1479 ,
1632 1430 1718 1483 ego
1746 1415 1847 1465 Da-

298 1506 398 1556 niel
426 1506 479 1557 in
502 1508 671 1558 habitu
698 1523 801 1558 meo
825 1524 841 1558 :
862 1516 906 1559 et
931 1506 1135 1557 visiones
1157 1504 1332 1571 capitis
1354 1505 1447 1555 mei
1471 1502 1730 1554 turbabant
1751 1519 1843 1553 me.

301 1592 488 1645 Merito
534 1595 631 1646 sub
668 1603 880 1662 aspectu
920 1607 1101 1646 eorum
1132 1606 1245 1659 quae
1272 1591 1532 1644 videntur.
1566 1592 1767 1643 Patrem
1796 1601 1847 1643 et

302 1682 493 1735 l-‘ilium
540 1684 636 1735 iste
662 1693 715 1735 et
759 1683 953 1749 prinms
978 1691 1029 1733 et
1058 1681 1199 1733 solus
1226 1720 1238 1743 ,
1287 1688 1341 1731 ut
1384 1681 1435 1731 in
1464 1680 1844 1747 visione,videt.

298 1773 433 1837 Quid
459 1773 524 1824 ad
556 1772 656 1825 hoc
696 1772 1044 1839 respondeant
1070 1770 1278 1823 Judmi?
1321 1767 1450 1821 Cum
1477 1769 1613 1821 enim
1647 1770 1845 1820 Domini

300 1860 560 1913 adventus
598 1860 844 1927 deinceps
888 1860 1098 1927 propior
1137 1858 1337 1911 futurus
1370 1868 1541 1921 esset,
1572 1859 1759 1910 merita
1796 1870 1847 1910 et

300 1952 531 2003 visiones
558 1952 820 2004 mirabiles
840 1959 1108 2018 apparent.
1138 1951 1222 2003 16.
1253 1968 1271 1999 ‹
1303 1950 1365 2001 Et
1384 1951 1579 2003 accessi
1603 1951 1665 2001 ad
1690 1965 1845 2002 unum

295 2039 675 2105 assistentium,
704 2051 756 2093 et
786 2041 1054 2094 veritatem
1083 2040 1148 2093 de
1179 2040 1259 2093 his
1285 2040 1525 2093 omnibus
1552 2041 1844 2107 quaerebam

296 2126 365 2177 ab
393 2141 454 2178 eo
484 2127 704 2182 discere.
737 2128 803 2181 Et
829 2128 959 2181 dixit
988 2127 1114 2181 mihi
1140 2128 1406 2181 veritatem
1426 2168 1441 2192 ,
1469 2137 1521 2181 et
1546 2143 1845 2182 sermonum

295 2213 781 2282 interpretationem
810 2217 1052 2270 indicavit
1076 2216 1222 2269 mihi.
1253 2233 1271 2265 ›
1298 2217 1586 2285 lnterrogat
1609 2233 1846 2285 quaenam

296 2303 511 2356 tandem
544 2315 720 2358 essent
756 2322 871 2373 quae
907 2306 1226 2374 apparebant
1256 2324 1266 2359 :
1294 2316 1345 2360 et
1371 2308 1618 2360 edocetur
1644 2310 1709 2361 de
1735 2311 1845 2362 An-

296 2390 537 2443 tichristo
560 2433 574 2455 ,
626 2404 678 2445 et
707 2394 860 2446 discit
896 2410 1109 2462 regnum
1140 2395 1276 2462 quod
1307 2410 1408 2448 non
1454 2395 1609 2449 habet
1670 2382 1845 2451 ﬁnem.

294 2480 385 2532 i7.
419 2499 435 2531 ί
472 2482 593 2545 Hzn,
635 2502 655 2535 ι
690 2484 880 2552 inquit,
920 2503 937 2535 ‹
971 2485 1147 2537 besti:e
1177 2500 1406 2552 magnzc,
1439 2495 1660 2553 quatuor
1691 2503 1845 2555 regna

292 2584 631 2640 consurgent.
655 2576 738 2628 l8.
766 2575 829 2627 Et
850 2577 1011 2628 sancti
1034 2576 1283 2627 Altissimi
1305 2578 1587 2642 suscipient
1607 2593 1840 2643 regnum,

292 2668 352 2712 et
391 2660 698 2714 obtinebunt
732 2664 854 2715 illud
892 2680 1054 2731 usque
1093 2664 1143 2715 in
1186 2664 1459 2729 sarculum,
1500 2673 1552 2717 et
1594 2680 1755 2733 usque
1794 2667 1843 2717 in

289 2749 542 2802 saaculum
579 2751 906 2803 szeculorum.
943 2753 1025 2805 19.
1072 2753 1131 2804 Et
1158 2755 1453 2819 quzerebam
1482 2753 1755 2821 diligenter
1783 2754 1845 2806 de

290 2839 463 2893 bestia
498 2850 676 2909 quarta
701 2882 715 2905 ,
748 2845 864 2911 quia
896 2851 1008 2895 erat
1043 2843 1246 2896 diversa
1287 2844 1353 2896 ab
1393 2845 1532 2897 omni
1560 2845 1721 2897 bestia
1747 2886 1761 2907 ,
1794 2854 1846 2898 et

291 2930 543 2981 terribilis
589 2930 740 2983 valde
788 2948 799 2983 :
845 2932 1027 2984 dentes
1079 2932 1192 2999 ejus
1240 2930 1431 2995 ferrei,
1489 2948 1686 3000 ungues
1733 2934 1844 3000 ejus

290 3018 432 3069 aenei
465 3034 476 3067 :
507 3018 789 3072 comedens
814 3029 861 3072 et
889 3020 1249 3073 comminuens
1273 3061 1286 3083 ,
1317 3030 1369 3073 et
1397 3021 1591 3088 reliqua
1622 3021 1840 3090 pedibus

289 3105 406 3157 suis
446 3107 798 3160 conculcabat.
847 3107 932 3161 20.
979 3108 1044 3160 Et
1085 3108 1150 3160 de
1176 3108 1420 3161 cornibus
1463 3108 1575 3175 ejus
1617 3110 1797 3162 decem
1824 3150 1837 3172 ,

286 3208 412 3260 qua:
443 3195 492 3246 in
522 3195 691 3261 capite
717 3196 883 3259 illius;
910 3204 963 3249 ct
986 3195 1051 3249 de
1073 3197 1176 3248 alio
1200 3235 1214 3258 ,
1246 3196 1384 3263 quod
1414 3196 1758 3261 ascenderat,
1789 3207 1841 3250 et

288 3280 845 3349 excusseratpriorum
878 3283 973 3335 tria
1004 3299 1015 3334 :
1046 3292 1095 3335 et
1124 3298 1285 3335 cornu
1311 3323 1323 3344 ,
1365 3284 1444 3335 cui
1482 3292 1631 3336 erant
1671 3286 1836 3349 oculi,

287 3375 350 3419 et
369 3381 428 3419 os
452 3369 664 3436 loquens
692 3370 923 3437 grandia,
951 3378 1004 3421 et
1024 3380 1265 3437 aspectus
1288 3370 1401 3437 ejus
1428 3371 1593 3439 major
1614 3374 1836 3425 czeteris.

286 3456 380 3508 2f.
406 3458 729 3524 Aspiciebam
752 3498 766 3522 ,
796 3466 849 3511 et
885 3472 1045 3511 cornu
1086 3458 1210 3511 illud
1250 3459 1470 3512 faciebat
1495 3459 1687 3513 bellum
1718 3476 1837 3515 cum

284 3546 521 3610 sanctis,
553 3554 608 3599 et
650 3547 919 3613 prazvaluit
956 3547 1205 3601 adversus
1248 3563 1356 3612 eos,
1388 3548 1474 3599 22.
1505 3548 1670 3603 donec
1694 3553 1837 3605 venit

284 3632 534 3699 antiquus
560 3634 785 3699 dierum,
813 3644 865 3687 et
888 3634 1137 3703 judicium
1166 3635 1306 3688 dedit
1330 3636 1523 3688 sanctis
1544 3636 1795 3691 Altissimi
1821 3656 1831 3690 :

283 3731 344 3774 et
376 3731 577 3790 tempus
606 3724 838 3789 advenit,
870 3732 923 3777 et
950 3738 1171 3791 regnum
1196 3725 1528 3779 obtinuerunt
1556 3727 1741 3780 sancti.
1773 3729 1836 3781 Et

284 3810 424 3863 dixit
458 3813 532 3864 sic
561 3830 574 3864 :
602 3813 690 3867 23.
721 3812 891 3865 Bestia
931 3822 1113 3880 quarta
1144 3828 1358 3881 regnum
1386 3824 1628 3882 quartum
1655 3818 1754 3870 erit
1782 3819 1833 3872 in

286 3907 466 3963 terra,
516 3900 656 3968 quod
698 3901 962 3968 superabit
1006 3902 1178 3953 omnia
1222 3917 1413 3969 regna.
1468 3911 1521 3957 et
1566 3904 1835 3959 devorabit

284 4003 498 4042 omnem
526 4001 740 4055 terram,
766 3999 817 4043 et
838 3991 1162 4045 conculcabit
1187 4007 1322 4057 eam,
1355 4003 1407 4046 et
1433 3995 1672 4049 concidet
1694 4011 1831 4050 eam.

281 4078 377 4133 24.
409 4080 475 4133 Et
502 4080 682 4135 decem
708 4096 899 4135 cornua
928 4082 1086 4150 ipsius
1111 4081 1291 4135 decem
1319 4097 1467 4152 reges
1487 4094 1831 4154 consurgent;

284 4178 342 4223 et
364 4178 481 4238 post
500 4184 590 4224 eos
610 4180 887 4239 consurget
906 4172 1058 4234 alius,
1084 4172 1169 4238 qui
1197 4173 1463 4238 superabit
1484 4174 1633 4227 malis
1653 4189 1834 4230 omnes

285 4259 522 4328 priores,
554 4267 607 4312 et
650 4266 755 4312 tres
795 4274 944 4327 reges
983 4259 1291 4313 humiliabit.
1333 4262 1421 4314 25.
1470 4262 1537 4314 Et
1563 4278 1833 4319 sermones

284 4357 469 4401 contra
497 4349 820 4401 Altissimum
852 4350 1090 4417 loquetur
1114 4390 1126 4411 ,
1159 4358 1211 4402 et
1239 4358 1446 4404 sanctos
1473 4352 1724 4405 Altissimi
1751 4354 1833 4407 in-

285 4436 543 4489 veterabit
565 4475 580 4501 ,
612 4447 665 4490 et
701 4438 946 4505 cogitabit
976 4448 1177 4491 mutare
1211 4446 1441 4506 tempora
1472 4449 1523 4493 et
1553 4440 1750 4509 legem;
1782 4449 1836 4494 et

282 4523 525 4575 tradetur
565 4525 614 4576 in
646 4540 801 4577 manu
830 4526 942 4593 ejus
971 4541 1133 4592 usque
1173 4526 1235 4579 ad
1273 4537 1475 4596 tempus
1511 4527 1606 4596 (a).
1647 4528 1733 4582 26.
1767 4530 1834 4583 Et

282 4610 540 4677 judicium
577 4614 738 4677 sedit;
780 4624 831 4668 et
866 4615 1207 4682 principatum
1245 4617 1358 4683 ejus
1397 4617 1736 4681 transferent,
1778 4629 1834 4672 ut

282 4698 493 4751 deleant
512 4708 564 4751 et
595 4700 896 4767 disperdant
922 4717 1084 4769 usque
1106 4704 1156 4755 in
1180 4703 1355 4757 finem.
1385 4706 1469 4756 27.
1501 4707 1565 4758 Et
1584 4723 1828 4774 regnum,

282 4796 337 4840 et
369 4796 618 4855 potestas,
643 4798 695 4842 et
720 4790 1018 4857 magnitudo
1040 4806 1216 4858 regum
1243 4792 1331 4857 qui
1353 4792 1532 4845 subter
1550 4807 1705 4847 omne
1730 4809 1832 4848 cae-

283 4879 412 4939 lum,
446 4877 563 4929 data
591 4888 711 4931 sunt
736 4882 926 4933 sanctis
952 4880 1201 4933 Altissimi
1233 4892 1320 4934 :et
1346 4897 1560 4948 regnum
1587 4884 1717 4950 ejus,
1747 4900 1829 4936 re-

280 4977 442 5030 gnum
490 4968 861 5033 sempiternum
892 4985 903 5019 :
935 4977 987 5019 et
1025 4982 1206 5020 omnes
1249 4969 1565 5036 principatus
1604 4972 1831 5026 servient

283 5051 382 5117 ipsi
413 5065 472 5104 ac
499 5052 762 5106 obedient.
798 5054 885 5107 28.
916 5055 1025 5109 lluc
1054 5071 1217 5123 usque
1246 5057 1362 5109 ﬁnis
1392 5059 1553 5111 verbi.
1588 5060 1697 5128 Ego
1728 5063 1829 5115 Da-

281 5138 388 5191 niel
418 5152 432 5190 :
458 5139 797 5207 cogitationes
826 5156 955 5193 mea:
989 5144 1207 5195 multum
1239 5146 1679 5202 conturbaverunt
1706 5166 1788 5204 me
1810 5194 1824 5218 ,

280 5235 334 5277 et
374 5225 536 5278 forma
569 5242 683 5280 mea
722 5237 916 5280 mutata
957 5239 1036 5281 est
1071 5244 1083 5280 :
1113 5240 1164 5283 et
1190 5233 1403 5287 verbum
1447 5237 1496 5287 in
1527 5239 1683 5292 corde
1713 5257 1827 5294 meo

281 5317 610 5368 conservavi.
649 5334 667 5366 ι
699 5315 765 5367 Ει
801 5331 961 5383 quare
991 5318 1203 5371 verbum
1246 5322 1371 5374 illud
1414 5339 1515 5377 non
1556 5326 1768 5391 dixisti,
1796 5346 1827 5381 ο

280 5404 475 5457 homo?
502 5405 629 5471 Quia
658 5405 722 5458 ad
750 5405 960 5459 Judazos
991 5407 1134 5460 nullo
1163 5410 1318 5464 modo
1344 5415 1610 5479 spectabat
1635 5433 1648 5470 :
1678 5419 1769 5471 sed
1798 5436 1827 5473 e

345 5533 418 5595 (a)
452 5533 639 5584 Incuria
671 5535 972 5596 exscriptoris
1004 5534 1174 5597 factum
1209 5540 1397 5588 videtur
1416 5574 1429 5597 ,
1454 5548 1506 5588 ut
1528 5546 1711 5594 omissae
1734 5550 1827 5597 sint

284 5605 425 5645 voces
448 5601 729 5656 sequentes,
754 5600 799 5644 et
815 5601 1022 5655 tempora
1042 5602 1086 5644 et
1108 5596 1360 5648 dimidium
1380 5596 1618 5662 temporis.

1653 324 1717 380 IN
1756 322 2111 378 DANIELEM.

3381 340 3490 394 234

1956 436 2217 486 contrario
2241 433 2292 486 in
2313 432 2484 487 verbis
2502 433 2708 501 quidem
2736 447 2796 485 ca
2824 446 2916 498 per
2935 430 3299 484 obscuritatem
3320 431 3493 481 occul-

1954 524 2127 589 tabat,
2157 525 2206 576 in
2252 523 2501 591 propheta
2531 533 2703 576 autem
2734 521 3061 576 conservavit
3096 521 3145 572 iu
3177 518 3351 571 corde.
3396 516 3492 569 Et-

1952 614 2089 666 enim
2116 612 2213 665 sub
2235 612 2385 665 finem
2408 614 2511 665 ait:
2536 611 2665 664 Ecce
2684 628 2928 664 sermones
2948 611 3128 678 signati
3145 609 3391 677 (Dan.l2.
3412 610 3491 674 9);

1954 711 2005 755 et
2043 704 2149 754 vult
2192 703 2312 756 illos
2354 702 2603 754 obscuros
2628 716 2764 754 esse.
2811 702 2863 753 ld
2910 701 3029 753 facit
3071 700 3227 753 etiam
3274 699 3381 764 ipse
3422 696 3494 764 (a)

1955 791 2128 859 (Jesus
2154 792 2412 859 Christus)
2441 806 2533 859 per
2558 791 2829 859 parabolas
2857 792 3095 858 loquens.
3126 787 3253 841 Vide
3280 802 3496 854 quomo-

1954 881 2019 931 do
2060 880 2248 947 ubique
2277 896 2490 947 regnum
2531 880 2743 931 extollat
2781 878 2991 943 Daniel,
3023 886 3081 931 ut
3117 877 3246 930 nihil
3285 876 3495 928 humani

1955 970 2253 1035 suspiceris.
2304 969 2413 1021 Etsi
2450 970 2587 1022 enim
2634 969 2927 1021 universum
2968 968 3146 1020 orbem
3179 963 3497 1018 obtinuerint

1954 1055 2219 1117 homines;
2243 1066 2295 1110 at
2316 1074 2416 1111 non
2439 1073 2664 1124 semper,
2687 1073 2852 1124 neque
2870 1059 2919 1108 in
2944 1057 3202 1109 intinitum
3226 1055 3494 1107 sazculum.

1952 1145 2057 1199 Nec
2094 1146 2219 1199 mihi
2250 1148 2521 1215 quisquam
2549 1148 2718 1209 dicat,
2756 1147 2912 1201 breve
2951 1156 3153 1214 tempus
3193 1145 3494 1199 memorari.

1953 1238 2086 1303 Quid
2126 1238 2263 1292 enim
2300 1238 2396 1291 sibi
2438 1240 2547 1291 vult
2588 1240 2713 1291 illud
2752 1254 2764 1289 :
2806 1236 2923 1290 Non
2964 1238 3269 1303 per-transibit
3294 1277 3307 1298 ,
3346 1250 3500 1303 neque

1953 1328 2083 1394 genti
2110 1328 2254 1378 alteri
2282 1327 2501 1379 tradetur
2525 1326 2541 1393 (
2564 1326 2698 1377 Dan.
2728 1326 2780 1377 2.
2809 1324 2954 1393 44)?
2996 1327 3057 1377 Et
3081 1325 3196 1377 vide
3222 1340 3336 1392 Qua:
3366 1324 3500 1375 inter

1955 1414 2165 1467 Darium
2208 1424 2261 1467 et
2298 1414 2603 1467 Macedonas
2641 1424 2783 1481 gesta
2814 1423 2951 1466 sunt.
2999 1414 3161 1477 Quam
3192 1414 3258 1466 ob
3286 1428 3498 1466 causam

1955 1503 2101 1555 lucc?
2144 1503 2364 1568 PrOptcr
2403 1503 2629 1555 Judaeos.
2678 1502 2797 1555 Ideo
2840 1512 2893 1555 et
2933 1502 3226 1555 Alexander
3267 1502 3502 1554 adoravit

1954 1591 2202 1657 templum
2233 1590 2324 1658 (b),
2357 1598 2414 1642 ut
2437 1591 2599 1655 aiunt,
2631 1605 2749 1643 cum
2779 1591 2915 1644 hunc
2943 1592 3167 1645 Danielis
3199 1591 3387 1643 librum
3418 1592 3499 1642 in-

1954 1680 2209 1745 spexisset
2250 1696 2264 1729 :
2297 1689 2347 1731 et
2373 1679 2537 1731 Graeci
2569 1681 2668 1731 vim
2702 1682 3095 1747 pncdictiouum
3141 1681 3301 1747 ipsius
3330 1680 3499 1732 admi-

1954 1770 2049 1820 rati
2092 1778 2230 1821 sunt.
2275 1770 2436 1823 Porro
2474 1770 2538 1822 de
2582 1771 2691 1824 istis
2732 1771 2884 1823 rebus
2926 1784 3077 1823 nemo
3114 1770 3357 1838 loquutus
3385 1780 3497 1831 est,

1953 1859 2049 1910 nisi
2082 1859 2165 1912 hic
2195 1860 2356 1913 solus.

2523 1992 2744 2047 CAPUT
2785 1993 2913 2047 Vlll.

2024 2124 2073 2175 l.
2106 2140 2124 2171 ‹
2169 2124 2221 2176 In
2261 2138 2398 2177 anno
2439 2124 2588 2178 tertio
2614 2125 2757 2192 regni
2797 2125 3079 2178 Baltasaris
3108 2126 3238 2178 visio
3264 2127 3502 2194 apparuit

1953 2211 2077 2263 mihi
2100 2212 2166 2281 (ε)
2192 2253 2203 2274 ,
2229 2227 2326 2280 ego
2357 2213 2566 2275 Daniel,
2600 2220 2717 2279 post
2746 2227 2859 2265 eam
2896 2228 3010 2280 quae
3036 2214 3165 2266 mihi
3191 2225 3500 2281 apparuerat

1952 2300 2003 2351 in
2035 2300 2302 2367 principio.
2337 2301 2390 2352 2.
2424 2300 2487 2353 Et
2511 2300 2615 2352 vidi
2639 2303 2686 2352 in
2715 2301 2911 2354 visione
2938 2318 2949 2351 :
2974 2310 3025 2354 et
3049 2301 3239 2355 factum
3274 2313 3353 2355 est
3378 2318 3497 2354 cum

1951 2401 2048 2454 ego
2073 2389 2331 2449 viderem.
2362 2398 2414 2441 et
2435 2404 2574 2442 eram
2607 2390 2655 2441 in
2678 2389 2823 2441 Susis
2854 2391 2991 2457 regia
3024 2391 3119 2458 (ά),
3149 2406 3263 2458 quae
3302 2390 3350 2442 in
3381 2406 3500 2458 pro-

1952 2477 2116 2528 vincia
2159 2477 2431 2529 Elamilide
2456 2479 2553 2530 sita
2579 2486 2674 2530 est.
2708 2478 2771 2530 Et
2796 2478 2897 2530 vidi
2938 2480 2987 2531 in
3017 2479 3245 2541 visione,
3274 2491 3327 2531 et
3352 2495 3497 2533 eram

1949 2576 2107 2628 super
2150 2564 2299 2616 Ubal.
2342 2565 2392 2615 5.
2437 2565 2501 2615 Et
2539 2565 2700 2616 levavi
2744 2566 2921 2619 oculos
2957 2582 3121 2632 meos,
3170 2576 3222 2621 et
3270 2570 3369 2621 vidi
3403 2588 3415 2622 :
3444 2581 3497 2623 et

1949 2666 2073 2704 ecce
2111 2653 2246 2704 aries
2276 2667 2408 2705 unus
2450 2660 2595 2705 stans
2638 2662 2759 2707 ante
2792 2654 2917 2708 Ubal
2947 2670 2959 2706 :
2997 2664 3051 2708 et
3079 2657 3176 2723 ipsi
3200 2666 3348 2709 erant
3373 2673 3494 2713 cor-

1949 2754 2070 2804 nua,
2107 2748 2158 2793 ct
2187 2755 2383 2794 cornua
2410 2742 2616 2794 excelsa
2646 2760 2658 2794 :
2690 2752 2742 2795 et
2771 2758 2928 2796 unum
2950 2747 3207 2798 excelsius
3237 2747 3418 2810 altero,
3442 2758 3498 2801 ct

1948 2828 2202 2881 excelsius
2236 2829 2547 2883 ascendebat
2568 2831 2617 2883 in
2648 2832 2917 2885 extremis.
2947 2835 2998 2885 4.
3030 2834 3094 2885 Et
3131 2834 3233 2888 vidi
3278 2838 3494 2890 arietem

1948 2931 2111 2969 cornu
2154 2928 2415 2985 potentem
2459 2928 2641 2972 contra
2687 2936 2850 2985 mare,
2874 2930 2927 2975 et
2961 2923 3275 2990 aquilonem,
3308 2935 3359 2978 et
3402 2940 3494 2978 au-

1946 3017 2111 3062 strum
2148 3017 2200 3062 ct
2238 3009 2455 3063 africum
2489 3028 2503 3061 :
2533 3018 2584 3064 et
2609 3026 2793 3065 omnes
2818 3012 2996 3067 bestia:
3024 3029 3126 3067 non
3154 3015 3364 3068 stabunt
3402 3031 3491 3069 co-

1946 3114 2057 3151 ram
2096 3115 2161 3153 eo
2196 3118 2206 3151 :
2239 3110 2291 3153 et
2319 3115 2422 3153 non
2450 3110 2563 3154 erat
2600 3103 2685 3170 qui
2726 3114 2930 3157 erueret
2957 3105 3021 3158 de
3049 3121 3202 3158 manu
3242 3107 3355 3173 ejus
3396 3125 3409 3159 :
3440 3118 3493 3161 et

1946 3187 2065 3237 fecit
2085 3187 2367 3239 secundum
2395 3190 2710 3242 voluntatem
2741 3207 2907 3255 suam,
2931 3201 2983 3244 et
3008 3194 3363 3261 magnificatus
3387 3208 3484 3249 est.

1944 3276 1995 3327 5.
2030 3275 2093 3327 Et
2117 3290 2212 3344 ego
2247 3292 2391 3330 eram
2423 3278 2710 3347 intelligens
2743 3290 2831 3334 :et
2864 3297 2984 3335 ecce
3010 3283 3185 3337 hircus
3217 3300 3487 3353 caprarum

1944 3364 2183 3417 veniebat
2212 3365 2277 3416 ab
2302 3364 2463 3418 africo
2490 3381 2646 3435 super
2676 3370 2857 3422 faciem
2900 3373 3053 3425 totius
3084 3382 3235 3427 terra:
3263 3392 3275 3426 :
3304 3386 3354 3428 et
3384 3392 3486 3430 non

1943 3453 2189 3520 tangebat
2230 3462 2421 3508 terram
2469 3473 2481 3506 :
2523 3466 2575 3509 et
2612 3458 2758 3511 hirco
2800 3460 2876 3512 illi
2915 3475 3075 3514 cornu
3118 3464 3397 3530 spectabile
3436 3468 3489 3519 in

1942 3540 2113 3593 medio
2159 3543 2427 3595 oculorum
2474 3545 2604 3612 ejus.
2637 3546 2686 3598 6.
2727 3546 2790 3599 Et
2832 3548 2973 3601 venit
2998 3549 3174 3603 hircus
3221 3567 3384 3621 usque
3422 3554 3486 3607 ad

1941 3629 2159 3681 arietem
2184 3630 2331 3683 illum
2362 3632 2637 3684 habentem
2662 3648 2877 3699 cornua,
2909 3652 3065 3703 quem
3088 3639 3317 3692 videram
3340 3653 3454 3694 stan

1944 3722 2047 3768 tem
2087 3730 2264 3769 coram
2293 3717 2420 3771 Ubal
2449 3737 2460 3771 :
2484 3729 2536 3772 et
2561 3723 2787 3775 cucurrit
2810 3724 2876 3775 ad
2902 3738 3019 3777 eum
3048 3726 3098 3778 in
3126 3727 3198 3779 ira
3230 3727 3486 3783 fortitudi-

1939 3804 2021 3856 nis
2048 3818 2172 3857 suze.
2204 3806 2251 3857 7.
2278 3806 2343 3858 Et
2370 3808 2472 3861 vidi
2499 3824 2615 3861 eum
2638 3812 2935 3877 pervenisse
2956 3829 3119 3882 usque
3145 3817 3209 3869 ad
3237 3818 3482 3874 arietem:

1939 3900 1992 3945 et
2016 3894 2261 3949 efferatus
2282 3899 2431 3949 estin
2462 3912 2601 3961 eum,
2631 3901 2986 3969 percussitque
3014 3904 3249 3969 arietem,
3281 3915 3332 3959 et
3353 3922 3481 3960 con-

1939 3982 2082 4034 trivit
2106 3992 2321 4051 utraque
2346 4000 2537 4038 cornua
2569 3987 2717 4052 ejus:
2754 3997 2805 4041 et
2831 4003 2933 4042 non
2966 3999 3077 4044 erat
3116 3993 3275 4046 robur
3308 3996 3480 4059 arieti,

1938 4078 1994 4121 ut
2030 4080 2191 4123 staret
2224 4087 2397 4124 coram
2430 4088 2511 4126 eo.
2547 4074 2612 4126 Et
2648 4075 2862 4143 projecit
2900 4078 3067 4145 ipsum
3099 4080 3149 4132 in
3178 4090 3365 4136 terram
3392 4126 3404 4148 ,
3429 4097 3482 4140 et

1937 4158 2261 4211 conculcavit
2290 4160 2489 4227 ipsum,
2518 4171 2570 4214 et
2600 4176 2701 4216 non
2731 4174 2842 4217 erat
2877 4167 2962 4233 qui
2994 4169 3237 4224 liberaret
3264 4174 3479 4227 arietem

1936 4248 2002 4301 de
2043 4263 2197 4302 manu
2232 4250 2365 4318 ejus.
2403 4252 2454 4304 8.
2483 4252 2549 4305 Et
2587 4253 2766 4308 hircus
2807 4270 3077 4324 caprarum
3125 4262 3480 4327 magnificatus

1937 4348 2017 4391 est
2042 4339 2228 4392 mirum
2253 4339 2303 4391 in
2331 4340 2561 4394 modum.
2592 4343 2790 4396 Etcum
2812 4345 3149 4399 invalesceret
3178 4349 3289 4413 ipse
3309 4391 3322 4412 ,
3352 4366 3477 4405 con-

1996 4446 2178 4519 ta)“1.)e
2217 4449 2416 4519 Christo_
2447 4451 2523 4519 hic
2562 4453 2770 4510 dicitur,
2809 4452 2908 4519 ipse
2944 4453 3059 4514 facit
3098 4457 3247 4519 (ποιεῖ
3282 4460 3467 4519 αὐτὸς),

1935 4518 2023 4582 per
2047 4507 2272 4582 ejllipsrm‘
2292 4512 2636 4582 emphaticam,
2675 4507 2774 4582 qua
2800 4507 3062 4582 utebantur
3083 4507 3200 4564 olim
3226 4507 3470 4582 Pythago;

1934 4567 2035 4631 rari,
2051 4567 2117 4631 de
2138 4581 2225 4615 suo
2244 4567 2440 4631 doctore
2466 4567 2721 4631 dicentes-2
2752 4575 2896 4627 Αὐτὸς
2920 4575 3023 4631 ἔφη.

1997 4626 2062 4683 (b)
2088 4626 2393 4700 S‘uprra.'d‘ixlf.
2422 4641 2433 4673 :
2468 4628 2740 4700 Metuant-ter
2768 4626 3003 4700 adoravit
3024 4637 3171 4700 Deum
3210 4639 3225 4692 (
3238 4642 3469 4700 προσεκύ-

1931 4687 2151 4756 γηςετὸν
2174 4687 2310 4743 essu)
2328 4723 2350 4753 ,I
2372 4691 2607 4756 quomodo
2628 4691 2705 4739 hic
2729 4708 2924 4754 quoque
2958 4699 3053 4756 legi
3090 4687 3284 4746 debe're'
3304 4702 3469 4749 nullus

1932 4744 2101 4818 dubito
2127 4758 2136 4789 :
2162 4744 2403 4818 necenim
2434 4750 2628 4818 Macedo
2663 4744 2896 4818 templum
2923 4744 3265 4818 adoravitfsﬁed
3290 4744 3464 4818 ﬁéuiﬁ',

1930 4815 2223 4879 seu‘n’omen
2251 4812 2701 4879 tetragrammatgn,
2731 4812 2857 4874 quod
2888 4819 2934 4862 in
2964 4816 3140 4879 lamina
3173 4812 3466 4879 insculptum

1926 4863 2141 4928 pontifex
2164 4864 2320 4928 fronte
2346 4863 2580 4928 gestabat.
2616 4863 2933 4922 Re'm‘narrat
2955 4863 3145 4926 Graecus
3176 4863 3352 4925 fuit};
3367 4863 3465 4927 In:

1927 4918 2491 5043 {glddngi’t'iiuisltcap
2522 4918 2931 4993 ultimoraempost
2962 4918 3399 4987 ililumeusebius-l
3412 4918 3467 4989 et

1994 5044 2061 5112 (_c)
2095 5042 2226 5112 fdem
2248 5046 2480 5112 Josephus
2503 5048 2549 5112 in
2572 5046 2665 5094 ﬁne
2688 5047 2795 5095 libri
2817 5051 2987 5097 decimi
3012 5051 3161 5099 refert
3182 5052 3269 5102 hoc
3296 5056 3473 5112 visum,

1931 5102 2016 5166 sed
2041 5101 2233 5166 confuse
2247 5140 2267 5166 ,_
2283 5117 2336 5151 ac
2350 5101 2451 5166 [uti
2477 5105 2625 5162 solet,
2651 5120 2810 5166 parum
2833 5118 3066 5157 accurate.
3096 5119 3188 5159 Non
3214 5101 3475 5162 extrarreni

1934 5163 2024 5231 erit
2045 5162 2231 5231 Josfphi
2255 5161 2409 5231 locum
2434 5161 2812 5231 legere'q'uoque
2834 5169 2955 5227 apud
2979 5177 3018 5216 S.
3036 5170 3423 5231 Qirysostomum
3446 5176 3476 5220 3

1932 5222 2233 5291 (υυιξορτρω.
2258 5222 2559 5291 I)nad_vers’us
2581 5222 2791 5282 Judaeos,
2815 5222 2877 5274 ut'
2892 5242 2953 5276 ex
2978 5222 3245 5289 collatione,
3273 5234 3471 5291 mendis,

1932 5281 2056 5343 quod
2080 5281 2200 5343 factu
2225 5281 2467 5341 perfacile,
2492 5281 2793 5343 repurgetur.

1993 5340 2067 5400 (ά)
2104 5341 2155 5387 In
2177 5340 2349 5412 arrecta,
2377 5355 2409 5390 ιν
2433 5340 2571 5412 totum}
2594 5340 2771 5405 τῇ’βάριι.
2798 5345 2899 5393 Vox
2919 5381 2932 5399 .
2958 5354 3061 5401 τιτι
3078 5390 3089 5410 ,
3118 5350 3245 5396 unde
3267 5365 3362 5412 se“
3387 5353 3473 5401 de-

1932 5408 2135 5475 ducitur,
2175 5407 2406 5475 significat
2448 5409 2643 5475 plurima
2688 5414 2732 5458 in
2771 5416 3031 5475 Scripturis.
3072 5407 3151 5463 Hic
3186 5407 3378 5475 autem,
3424 5430 3474 5471 ut

1934 5469 2153 5547 existimo
2172 5505 2197 5547 ,Ι
2223 5470 2400 5547 regiam
2437 5469 2660 5547 denotat;
2684 5469 2893 5547 Josepbo‘
2923 5487 2976 5522 ac
3012 5476 3305 5547 Ibeodoreto
3328 5469 3473 5547 atque

1933 5528 2076 5592 etiam
2099 5535 2259 5592 Nostro
2279 5528 2556 5592 5_a_d_versu_S
2577 5530 2776 5592 Judaeos,
2795 5528 3066 5592 'Metropolt's
3086 5544 3337 5585 Persarum
3356 5528 3472 5588 dici?

1936 5593 2010 5633 tur
2033 5587 2135 5635 haec
2157 5591 2285 5634 urbs.
2312 5586 2497 5636 Videsis
2525 5588 2541 5637 ι
2565 5590 2714 5639 Fsdrae
2736 5586 2782 5650 6,
2808 5592 2853 5650 2,
2882 5601 2931 5640 et
2950 5586 2997 5652 Ξ,
3025 5596 3068 5653 f,
3092 5595 3137 5641 1.
