4144 6308
652 352 764 408 235

656 451 833 504 tritum
864 455 943 502 est
964 461 1124 502 cornu
1154 445 1287 499 illius
1318 461 1558 513 magnum
1590 456 1673 500 :et
1701 449 2045 503 ascenderunt
2069 465 2198 517 qua-

662 546 779 591 tuor
807 549 1002 590 cornua
1042 535 1223 588 subter
1253 533 1400 597 illud,
1433 535 1482 585 in
1510 543 1728 602 quatuor
1766 546 1948 589 ventos
1986 538 2118 588 creli.
2147 536 2203 589 9.

662 625 724 680 Et
767 639 834 679 ex
865 637 967 677 uno
1002 635 1182 676 eorum
1204 634 1470 688 egressum
1496 631 1580 674 est
1616 635 1778 674 cornu
1823 637 1979 674 unum
2003 621 2136 676 forte
2164 624 2204 687 ¹,

662 723 716 769 et
746 713 934 767 factum
958 719 1039 765 est
1061 709 1256 778 grande
1292 709 1466 770 nimis,
1493 709 1555 762 ad
1577 718 1806 762 austrum
1828 750 1841 773 ,
1869 719 1920 764 et
1945 710 2012 763 ad
2033 710 2208 764 orien-

665 812 792 868 tem,
837 809 891 855 et
933 799 1000 853 ad
1048 798 1388 852 occidentem.
1442 797 1524 851 l0.
1577 798 1640 850 Et
1695 799 2078 866 inagniticatum
2127 807 2210 852 est

670 903 833 958 usque
855 889 918 942 ad
948 888 1188 941 virtutem
1234 887 1345 940 caeli
1373 905 1384 938 :
1409 895 1461 940 et
1484 886 1673 954 deiecit
1712 887 1760 938 iu
1793 897 1982 940 terram
2008 885 2074 940 de
2101 887 2209 940 vir-

673 987 783 1033 tute
825 977 959 1041 eteli,
1002 986 1055 1031 et
1097 977 1162 1030 de
1209 977 1395 1041 stellis,
1427 986 1478 1029 et
1520 976 1842 1030 conculcavit
1877 991 1986 1030 eas.
2017 977 2103 1029 11.
2143 976 2210 1030 Ει

668 1082 830 1136 usque
857 1067 921 1120 ad
951 1066 1232 1135 principem
1260 1065 1464 1118 virtutis
1497 1064 1878 1133 magnificatum
1909 1071 1989 1118 est
2012 1064 2084 1134 (a)
2113 1080 2126 1115 :
2159 1072 2212 1117 et

667 1170 762 1224 per
787 1157 954 1225 ipsum
983 1153 1293 1207 sacrificium
1339 1153 1597 1206 turbatum
1640 1161 1758 1206 est:
1797 1161 1849 1205 et
1891 1153 2080 1205 factum
2107 1160 2206 1216 est,

666 1254 719 1298 et
747 1257 997 1313 prospere
1034 1241 1283 1294 successit
1309 1242 1375 1294 ei.
1408 1241 1492 1292 l2.
1522 1241 1585 1293 Et
1617 1240 1965 1293 sanctuarium
1999 1239 2207 1293 desola-

667 1333 804 1386 bitur
833 1349 845 1384 :
871 1342 920 1386 et
946 1331 1124 1385 datum
1163 1343 1243 1383 est
1284 1343 1439 1396 super
1480 1329 1786 1381 sacrificium
1834 1336 2131 1396 peccatum,
2159 1335 2212 1380 et

669 1421 894 1492 projeeta
943 1428 1022 1475 est
1060 1420 1198 1473 lmmi
1233 1420 1451 1487 justitia.
1484 1419 1547 1470 Et
1585 1417 1738 1481 fecit,
1779 1427 1832 1473 et
1877 1432 2124 1486 prospere
2161 1417 2210 1470 ei

668 1510 779 1563 fuit.
813 1510 898 1563 15.
924 1509 988 1562 Ει
1013 1509 1182 1561 audivi
1208 1523 1366 1560 unum
1395 1519 1628 1559 sanctum
1652 1508 1946 1576 loquentem
1973 1524 1984 1558 :
2009 1515 2060 1559 et
2079 1505 2210 1559 dixit

669 1612 800 1651 unus
843 1606 1052 1650 sanctus
1095 1595 1359 1648 Phelmoni
1409 1595 1639 1662 loquenti
1694 1613 1706 1647 :
1756 1594 2036 1663 Usquequo
2079 1594 2210 1647 visio

665 1688 842 1750 stabit,
879 1695 932 1738 et
957 1683 1267 1738 sacrificium
1309 1684 1558 1746 ablatum,
1599 1693 1651 1736 et
1696 1692 1964 1751 peccatum
2005 1682 2210 1736 desola-

668 1776 819 1827 tionis
848 1775 1044 1836 datum,
1092 1783 1144 1828 et
1181 1783 1437 1838 sanctum,
1478 1782 1532 1826 et
1584 1774 1746 1826 virtus
1791 1773 2209 1826 conculcabitur?

667 1865 752 1917 11.
789 1863 852 1915 Ει
889 1863 1022 1916 dixit
1057 1863 1102 1916 ei
1136 1884 1147 1916 :
1181 1862 1356 1930 Usque
1397 1863 1462 1914 ad
1507 1876 1774 1927 vesperam
1817 1871 1868 1914 et
1907 1877 2061 1914 mane
2097 1861 2211 1914 dies

667 1953 744 2005 bis
787 1952 927 2006 mille
971 1967 1029 2005 ac
1076 1952 1328 2014 trecenti,
1372 1960 1425 2004 et
1467 1950 1799 2003 mundabitur
1839 1951 2206 2004 sanctuarium.

668 2040 752 2093 15.
781 2039 844 2093 Et
868 2039 1056 2092 factum
1088 2047 1168 2093 est
1191 2039 1313 2093 dum
1349 2039 1577 2093 viderem
1605 2054 1700 2107 ego
1727 2039 1902 2091 Daniel
1934 2038 2207 2103 visionem,

667 2139 718 2181 et
744 2142 1036 2196 quaererem
1077 2129 1489 2197 intelligentiam.
1524 2129 1589 2180 Et
1637 2144 1760 2182 ecce
1799 2129 1943 2182 stetit
1989 2129 2040 2181 in
2082 2143 2209 2182 con-

668 2224 847 2284 spectu
881 2231 1018 2270 meo.
1052 2217 1116 2269 Et
1152 2218 1281 2268 visio
1305 2217 1400 2269 viri
1432 2217 1566 2269 inter
1597 2215 1745 2269 Ubal.
1776 2216 1860 2270 16.
1892 2215 1958 2268 Ει
1985 2217 2207 2282 vocavit,

667 2317 720 2360 et
744 2306 872 2359 dixit
899 2324 910 2359 :
940 2306 1148 2360 Gabriel
1172 2348 1185 2370 ,
1219 2309 1296 2359 fac
1326 2307 1477 2359 istum
1507 2306 1794 2374 intelligere
1819 2308 2087 2359 visionem.
2120 2307 2204 2360 17.

668 2395 733 2448 Et
761 2397 916 2457 venit,
943 2404 994 2448 et
1018 2396 1160 2448 stetit
1184 2396 1327 2462 juxta
1364 2397 1638 2448 stationem
1669 2410 1858 2448 meam.
1891 2395 2098 2450 Etcum
2125 2395 2212 2448 ille

669 2485 884 2547 veniret,
930 2485 1142 2537 territus
1181 2498 1325 2548 sum,
1355 2493 1408 2537 et
1444 2484 1575 2538 cado
1614 2484 1666 2536 in
1708 2484 1889 2537 faciem
1931 2498 2120 2538 meam.
2149 2484 2211 2538 Et

668 2573 796 2626 dixit
836 2573 898 2626 ad
925 2588 1007 2626 me
1039 2590 1052 2629 :
1083 2572 1333 2642 Intelligo,
1367 2573 1441 2626 fili
1470 2574 1728 2638 hominis;
1777 2574 1946 2627 adhuc
1975 2575 2116 2627 enim
2160 2575 2210 2628 in

668 2663 916 2730 temporis
959 2663 1114 2714 finem
1157 2663 1305 2714 visio.
1350 2663 1435 2715 18.
1478 2662 1709 2730 Cumque
1756 2662 2054 2730 loqueretur
2102 2663 2212 2730 ipse

666 2765 888 2812 mecum,
919 2750 1048 2804 cado
1077 2753 1124 2804 in
1157 2750 1340 2804 faciem
1380 2767 1546 2804 meam
1575 2767 1729 2818 super
1755 2760 1946 2805 terram
1977 2768 1988 2804 :
2020 2761 2070 2804 et
2097 2752 2213 2804 teli-

668 2840 744 2906 git
772 2853 874 2900 me,
902 2848 954 2890 et
978 2840 1156 2890 statuit
1181 2854 1265 2891 me
1287 2855 1442 2905 super
1469 2839 1626 2906 pedes
1651 2854 1815 2893 meos.
1843 2840 1924 2893 19.
1957 2840 2021 2892 Ει
2047 2840 2208 2892 dixit:

667 2929 804 2983 Ecce
843 2943 938 2996 ego
969 2927 1138 2980 iudico
1182 2928 1272 2980 tibi
1311 2943 1423 2994 quzc
1461 2929 1628 2980 futura
1668 2940 1788 2981 sunt
1827 2931 1878 2982 in
1918 2931 2212 2983 novissimis

670 3019 760 3071 irae
790 3036 801 3070 :
834 3018 1004 3070 adhuc
1029 3018 1164 3070 enim
1195 3017 1246 3069 in
1280 3018 1528 3085 temporis
1560 3017 1736 3071 finem.
1764 3017 1851 3070 20.
1883 3019 2031 3072 Aries
2057 3034 2210 3087 quem

671 3109 864 3173 vidisti,
893 3109 979 3176 qui
1022 3107 1243 3161 habebat
1273 3122 1466 3161 cornua
1487 3149 1501 3170 ,
1533 3123 1622 3160 rex
1655 3108 1920 3160 Medorum
1950 3119 2028 3161 est
2059 3119 2214 3176 atque

671 3198 965 3251 Persarum.
994 3196 1088 3250 2i.
1120 3197 1183 3250 Et
1211 3197 1384 3250 hircus
1408 3212 1679 3264 caprarum
1700 3237 1714 3260 ,
1759 3213 1848 3250 rex
1889 3198 2208 3252 Graecorum.

671 3284 734 3337 Et
760 3299 919 3338 cornu
955 3297 1216 3351 magnum,
1244 3285 1377 3350 quod
1414 3294 1525 3336 erat
1560 3287 1693 3336 inter
1730 3287 1907 3338 oculos
1937 3287 2071 3354 ejus,
2103 3288 2214 3354 ipse

676 3382 754 3426 est
780 3389 868 3425 rex
893 3374 1107 3440 primus.
1147 3372 1232 3424 22.
1270 3373 1334 3424 Et
1353 3373 1488 3439 quod
1515 3376 1792 3426 contritum
1824 3384 1932 3437 est,
1963 3385 2015 3428 et
2042 3390 2217 3429 surre-

675 3469 861 3512 xerunt
903 3469 1124 3527 quatuor
1158 3475 1351 3512 cornna
1378 3461 1556 3513 subter
1593 3462 1788 3527 ipsum;
1820 3472 2040 3529 quatuor
2066 3477 2215 3531 reges

673 3558 989 3617 consurgent
1014 3548 1079 3602 de
1105 3559 1258 3617 gente
1285 3550 1416 3617 ejus,
1442 3559 1492 3603 et
1521 3566 1621 3602 non
1646 3551 1695 3602 in
1727 3551 2026 3606 fortitudine
2053 3552 2212 3608 illius.

676 3638 764 3691 23.
798 3638 864 3691 Et
885 3639 934 3690 in
963 3639 1212 3691 extremis
1239 3639 1382 3705 regni
1409 3639 1634 3705 ipsorum
1653 3680 1667 3704 ,
1697 3640 1967 3707 completis
1990 3643 2216 3711 peccatis

672 3741 873 3787 eorum,
900 3735 1179 3793 consurget
1203 3740 1293 3778 rex
1333 3726 1604 3792 impudens
1631 3726 1782 3793 facie,
1822 3738 1875 3782 et
1921 3729 2216 3799 intelligens

675 3813 1012 3878 problemata.
1044 3812 1132 3864 2i.
1167 3813 1228 3864 Et
1257 3813 1465 3865 robusta
1506 3815 1752 3868 fortitudo
1787 3817 1899 3883 ejus
1919 3857 1933 3880 ,
1957 3825 2010 3871 et
2036 3833 2137 3871 non
2161 3819 2214 3872 in

674 3901 867 3954 viribus
909 3900 1058 3952 suis:
1094 3908 1146 3952 et
1184 3900 1488 3953 mirabiliter
1531 3911 1824 3968 pervertet,
1863 3913 1916 3957 et
1962 3904 2134 3970 faciet,
2162 3915 2216 3960 et

672 3999 968 4058 corrumpet
994 3989 1172 4054 fortes,
1205 3998 1257 4043 et
1278 3990 1520 4057 populum
1545 3979 1801 4044 sanctum.
1830 3992 1922 4046 25.
1953 3993 2018 4046 Et
2031 3993 2212 4063 jugum

673 4090 868 4133 catena:
888 4080 1002 4146 ejus
1020 4079 1288 4147 dirigetur.
1315 4081 1472 4133 Dolus
1499 4082 1548 4133 in
1576 4096 1730 4134 manu
1753 4083 1884 4150 ejus,
1909 4093 1961 4137 et
1983 4084 2033 4136 in
2054 4084 2215 4139 corde

672 4181 765 4220 suo
791 4167 1215 4235 magnificabitur,
1240 4177 1293 4221 et
1317 4168 1436 4221 dolo
1457 4169 1692 4224 destruet
1714 4173 1924 4238 multos,
1949 4181 2002 4227 et
2020 4173 2070 4226 in
2098 4189 2216 4242 per-

672 4258 869 4311 ditione
898 4256 1179 4310 multorum
1200 4257 1377 4323 stabit,
1400 4268 1454 4312 et
1478 4261 1625 4326 quasi
1657 4274 1753 4312 ova
1774 4262 1825 4314 in
1857 4277 2011 4315 manu
2031 4274 2213 4318 conte-

647 4355 751 4402 .ret
775 4359 883 4400 eos.
924 4347 1011 4400 26.
1044 4347 1109 4400 Et
1132 4347 1265 4399 visio
1287 4348 1567 4415 vespertini
1605 4362 1667 4401 ac
1705 4350 1942 4403 matutini
1965 4353 2212 4420 temporis

672 4435 954 4502 supradicti
1001 4448 1121 4486 vera
1163 4443 1264 4488 est.
1298 4434 1365 4487 Et
1408 4444 1460 4487 tu
1496 4435 1642 4503 signa
1681 4435 1934 4490 visionem
1958 4477 1974 4502 ,
2015 4439 2133 4505 quia
2158 4440 2210 4493 in

670 4524 781 4577 dies
811 4525 1002 4577 multos
1029 4524 1148 4577 erit.
1191 4543 1209 4575 ι
1241 4523 1305 4576 Ει
1332 4525 1475 4587 dixit,
1501 4526 1683 4594 inquit,
1719 4524 1808 4578 Illi
1841 4529 2072 4580 visionem
2099 4544 2210 4581 ina-

668 4615 866 4680 nifesta,
916 4612 1131 4665 Gabriel.
1167 4614 1356 4680 Aspice
1394 4613 1537 4681 jussa
1582 4615 1883 4681 angelorum
1914 4626 1965 4668 et
1991 4616 2212 4669 archan-

666 4704 920 4772 gelorum.
947 4701 1180 4768 Majorne
1216 4713 1296 4755 est
1327 4713 1555 4769 potestas
1582 4705 1718 4756 alia?
1745 4704 1810 4756 Et
1840 4707 1987 4769 venit,
2017 4708 2206 4774 inquit,

665 4802 709 4846 et
738 4793 931 4844 territus
957 4806 1083 4842 sum.
1110 4789 1174 4840 Et
1200 4793 1324 4840 stetit
1338 4792 1490 4856 juxta
1517 4793 1770 4845 stationem
1799 4809 1978 4846 meam.
2007 4793 2072 4846 Et
2099 4810 2210 4847 cum

664 4883 748 4935 ille
771 4881 970 4942 veniret,
1018 4879 1210 4931 territus
1241 4895 1370 4930 sum.
1401 4878 1619 4932 Ubinam
1663 4881 1818 4948 igitur
1842 4892 1963 4937 sunt
1996 4884 2082 4951 qui
2112 4899 2208 4936 an-

665 4971 811 5038 gelos
846 4967 1132 5021 maledictis
1173 4968 1593 5034 prosequuntur?
1629 4968 1745 5022 Non
1788 4985 1816 5022 a
1844 4972 2017 5038 seipso
2053 4974 2207 5041 quid-

663 5071 819 5124 quam
863 5057 983 5109 fecit
1023 5056 1176 5110 Deus.
1215 5054 1371 5109 Vides
1397 5063 1449 5108 et
1485 5056 1598 5109 illos
1645 5057 1694 5109 in
1739 5058 1952 5113 ordines
1994 5063 2204 5128 multos,

663 5143 857 5198 formas
879 5184 892 5208 ,
924 5157 986 5195 ac
1023 5129 1400 5212 descriptiones
1441 5159 1559 5198 esse
1602 5145 1918 5214 dispositos?
1958 5149 2013 5201 In
2040 5151 2206 5218 prima

727 5305 743 5332 ί
775 5301 966 5348 Veritas
996 5300 1225 5362 Hebraiea
1261 5304 1504 5362 postulare
1535 5301 1729 5351 videtur
1763 5308 1817 5350 ut
1858 5303 2074 5362 legatur,
2112 5316 2203 5352 non

665 5363 968 5426 lor_te_,_pro,_
985 5373 1131 5426 unum
1156 5360 1279 5426 forte
1292 5362 1319 5426 _(
1338 5361 1423 5426 Gr:
1448 5362 1717 5423 ἀνίσχυρον,
1744 5376 1857 5426 pro,
1893 5360 1937 5409 iv
1963 5360 2199 5426 ἰσχυρόν).

730 5423 800 5482 (a)
822 5421 934 5482 Haec
955 5422 1160 5480 (Graece,
1182 5422 1261 5482 uoti
1289 5421 1376 5482 ξως
1397 5421 1717 5482 ἄρχοντας’τῆς
1740 5421 1971 5482 δυνάμεως
1988 5421 2202 5482 ἡδρῦνθη)

666 5477 760 5546 non
787 5477 1043 5546 'babenttlr
1077 5481 1154 5546 in_
1176 5477 1401 5546 Editione
1432 5477 1636 5546 vulgata
1683 5477 2076 5546 Theodotionisi
2095 5477 2204 5546 quas

665 5536 795 5598 hinc,
830 5547 881 5587 et
905 5555 965 5588 ex
991 5539 1315 5596 Theodoreto,
1337 5537 1491 5598 magis
1515 5536 1678 5589 a'utem
1707 5553 1766 5587 ex
1789 5541 2012 5599 Hebraeo,
2035 5536 2204 5590 viden-

670 5607 747 5648 tur
779 5599 1063 5660 adjicienda.

1408 335 1462 389 S.
1503 336 1773 394 JOANNIS
1810 339 2265 396 CllRYSOSTOMI
2306 340 2612 394 ARCIIIEP.
2654 341 3171 398 CONSTANTINOP.

3758 358 3873 410 236

2313 449 2535 513 visione,
2576 451 2788 513 Accessi,
2833 453 3014 520 inquit,
3057 463 3100 504 et
3142 454 3439 525 interrogavi
3473 456 3628 524 (Dan.
3663 459 3714 512 7.
3751 459 3863 526 16).

2317 536 2408 589 llic
2435 553 2535 590 non
2572 539 2716 592 item.
2748 538 2816 590 Et
2841 542 3007 592 audivi
3033 557 3183 594 unum
3208 554 3430 596 sanctum
3466 545 3760 614 loquentem.
3795 546 3864 599 Et

2313 624 2442 678 alius
2466 626 2801 694 interrogavit
2833 644 2845 679 :
2876 643 2967 681 seu
2999 629 3268 697 ignorans,
3296 641 3354 685 ut
3395 634 3574 688 Daniel
3613 635 3863 689 disceret.

2316 711 2379 763 Et
2405 714 2672 780 respondit,
2717 716 2898 782 inquit.
2936 716 3001 768 Et
3026 718 3076 769 in
3106 720 3379 773 novissimis
3418 724 3574 790 regni,
3605 723 3866 790 completis

2314 805 2522 867 peccatis
2542 819 2730 866 eorum,
2760 817 3024 875 consurget
3060 824 3148 860 rex
3176 810 3434 878 impudens
3455 813 3601 880 facie.
3635 812 3764 868 Vide
3802 823 3867 867 ιιι

2313 888 2508 944 Judacis
2535 892 2808 957 ostendat,
2854 895 2992 961 ipsos
3019 911 3137 950 esse
3174 907 3414 953 auctores
3459 900 3678 956 istarum
3717 903 3862 956 cala—

2313 978 2570 1030 mitatum.
2599 977 2719 1033 Ideo
2743 991 2919 1033 autem
2951 998 3052 1036 non
3092 985 3333 1051 patefecit
3357 1002 3627 1042 sermones
3646 1029 3663 1056 ,
3691 1006 3758 1045 ne
3788 991 3862 1045 illi

2312 1065 2378 1119 de
2408 1067 2656 1121 industria
2689 1071 2737 1122 in
2774 1073 2964 1124 malitia
2993 1087 3084 1126 sua
3123 1090 3184 1128 ac
3215 1076 3414 1145 ignavia
3450 1088 3746 1147 perstarent
3775 1099 3789 1137 :
3815 1083 3862 1137 si

2312 1159 2471 1219 enim,
2499 1173 2616 1211 cum
2647 1161 2769 1213 nihil
2797 1161 2981 1216 horum
3010 1165 3202 1218 dictum
3233 1167 3404 1234 fuerit,
3437 1181 3607 1224 tamen
3634 1172 3705 1224 illi
3733 1187 3863 1240 per-

2313 1256 2614 1299 manserunt
2640 1266 2650 1299 :
2671 1249 2833 1302 multo
2858 1254 3018 1321 magis
3043 1254 3084 1305 si
3114 1269 3172 1308 ea
3190 1256 3513 1312 manifestata
3536 1259 3780 1324 fuissent;
3805 1269 3865 1314 et

2314 1343 2367 1385 ut
2395 1333 2651 1402 intelligas
2690 1337 2939 1405 Spiritum
2984 1342 3172 1410 ubique
3217 1345 3317 1398 vim
3357 1346 3573 1414 habere,
3602 1360 3654 1402 et
3699 1350 3861 1402 Deum

2312 1424 2484 1475 omnia
2512 1426 2818 1492 praevidere,
2862 1439 2916 1482 et
2954 1445 3069 1483 cum
3109 1433 3267 1486 sciret
3293 1434 3502 1490 Judzeos
3529 1449 3861 1508 peccatums,

2313 1519 2484 1566 tamen
2534 1530 2626 1569 eos
2667 1517 2717 1569 in
2759 1521 2975 1587 patriam
3024 1523 3307 1580 reduxisse.
3360 1527 3423 1580 Et
3463 1529 3600 1594 vide,
3652 1531 3770 1599 quia
3815 1531 3866 1585 si

2314 1602 2531 1657 dixisset
2556 1621 2752 1671 annos,
2785 1611 3045 1665 modicum
3079 1622 3280 1682 tempus
3309 1618 3473 1670 visum
3505 1619 3676 1673 fuisset
3699 1662 3712 1682 ,
3743 1622 3868 1674 idm

2313 1694 2363 1746 in
2395 1693 2596 1748 dierum
2623 1713 2895 1752 numerum
2937 1703 3168 1768 resolvit,
3202 1715 3258 1758 ut
3279 1708 3602 1764 multitudine
3641 1721 3864 1777 terreat,

2314 1800 2417 1837 non
2449 1786 2558 1838 dies
2583 1797 2798 1849 tantum,
2829 1791 2919 1843 sed
2943 1802 2992 1845 et
3014 1804 3193 1849 noctes
3220 1801 3560 1854 numerando.
3589 1803 3649 1854 Et
3675 1803 3866 1856 immo-

2314 1882 2460 1925 ratur
2491 1875 2696 1942 trugicie
2725 1877 3041 1943 calamitati,
3070 1897 3184 1949 quae
3217 1899 3309 1951 per
3334 1889 3645 1942 Antiochum
3689 1895 3864 1945 conti-

2313 1961 2417 2028 git;
2464 1972 2521 2015 ut
2565 1963 2644 2016 vel
2685 1966 2760 2017 sic
2799 1974 3050 2022 terrorem
3095 1971 3328 2027 incutiat.
3361 1975 3426 2028 Ut
3463 1995 3557 2030 non
3603 1981 3653 2031 in
3678 1983 3866 2034 viribus

2313 2049 2432 2100 suis.
2464 2049 2514 2102 ld
2545 2060 2642 2115 est,
2673 2064 2876 2120 poterat
2911 2057 3046 2112 Deus
3068 2059 3210 2113 illum
3250 2063 3536 2130 reprimere
3565 2084 3576 2118 :
3606 2068 3696 2121 sed
3739 2085 3864 2136 per-

2315 2138 2454 2189 misit
2484 2140 2550 2190 ob
2579 2153 2788 2207 peccata
2809 2182 2822 2206 ,
2853 2153 2905 2197 et
2931 2160 3032 2198 non
3073 2162 3251 2202 eorum
3277 2153 3364 2219 qui
3403 2155 3709 2220 simpliciter
3735 2172 3861 2223 pec-

2313 2240 2539 2292 cassent,
2573 2231 2663 2283 sed
2703 2244 2972 2302 postquam
3014 2241 3272 2306 completa
3294 2252 3413 2294 sunt
3440 2255 3667 2310 peccata.
3701 2246 3864 2316 lgitnr

2314 2316 2623 2372 delictorum
2661 2322 2831 2389 aliqua
2863 2339 3102 2380 mensura
3149 2331 3266 2382 est?
3305 2330 3542 2384 Nondum
3578 2337 3739 2400 enim,
3782 2337 3866 2388 in-

2314 2406 2440 2473 quit,
2474 2409 2714 2476 completa
2743 2421 2881 2462 erant
2918 2424 3118 2479 peccata
3157 2417 3555 2472 Amorrhteorum
3595 2422 3740 2492 (Gen.
3771 2426 3860 2480 l5.

2317 2498 2422 2565 16).
2453 2498 2516 2550 Et
2544 2499 2775 2565 adverte,
2808 2502 3035 2556 nondum
3079 2505 3250 2574 itaque
3283 2509 3607 2575 incendium,
3630 2514 3720 2566 sed
3751 2529 3862 2567 ca:-

2314 2587 2455 2640 dium
2478 2589 2790 2643 occislones.
2813 2591 2938 2644 Nam
2963 2608 3079 2647 cum
3107 2596 3313 2663 quidam
3344 2599 3498 2653 futuri
3521 2612 3694 2655 essent
3715 2603 3857 2667 boni,

2315 2686 2367 2729 et
2395 2679 2624 2744 patrihus
2673 2683 3091 2747 priestantiores,
3123 2687 3372 2753 supplicia
3417 2702 3622 2757 quoque
3660 2693 3862 2744 minora

2317 2765 2480 2819 fuere.
2524 2768 2644 2821 ll;er
2681 2778 2853 2821 autem
2892 2771 3165 2836 dicuntur,
3208 2790 3271 2828 ne
3311 2777 3556 2840 victoriis,
3593 2794 3719 2847 quas
3762 2781 3867 2834 Sub

2316 2854 2631 2907 Zurobubele
2672 2860 2983 2923 reportaturi
3035 2871 3201 2923 erant,
3255 2863 3398 2927 elati,
3439 2880 3625 2933 segnes
3653 2867 3858 2920 fierent.

2318 2943 2379 2993 Et
2408 2943 2524 2995 vide
2573 2954 2626 2994 ut
2664 2946 2932 3010 splendida
2979 2949 3216 3014 qumdam
3263 2966 3364 3002 non
3413 2962 3567 3018 penat
3596 2953 3706 3016 hic,
3741 2964 3865 3020 post

2318 3032 2400 3083 illa
2423 3046 2539 3098 qua:
2566 3032 2627 3084 ad
2657 3034 2970 3088 Antiochum
2999 3037 3277 3102 pertinent,
3308 3039 3397 3092 sed
3423 3041 3687 3094 dumtaxat
3717 3043 3866 3095 solu-

2319 3120 2508 3172 tionetn
2559 3137 2586 3172 a
2645 3123 3065 3188 calamitatibus,
3109 3137 3162 3180 et
3215 3139 3416 3197 tempus
3453 3132 3588 3198 quod
3639 3135 3867 3188 obtinuit

2316 3209 2468 3260 dicat.
2515 3210 2646 3276 Quid
2691 3213 2880 3279 igitur?
2923 3213 3144 3281 bujusue
3191 3219 3440 3284 temporis
3479 3235 3579 3273 non
3622 3224 3867 3289 prmdixit

2316 3301 2699 3362 captivitatem?
2725 3303 2861 3356 Sane
2884 3305 3139 3370 prmdixit,
3166 3307 3256 3359 sed
3281 3309 3425 3363 valde
3449 3311 3686 3366 obscure.
3717 3313 3869 3368 ideo-

2315 3403 2414 3453 que
2442 3387 2675 3441 Christus
2715 3392 2785 3442 ait
2826 3409 2837 3441 :
2875 3393 2997 3444 Cum
3023 3396 3240 3446 videritis
3279 3399 3686 3453 abominationem
3712 3403 3865 3455 deso-

2317 3473 2534 3536 lationis,
2573 3477 2655 3541 qni
2695 3478 2809 3544 legit
2851 3479 3091 3546 intelligat
3119 3481 3323 3551 (Matth.
3359 3486 3445 3537 24.
3479 3486 3589 3554 15).
3619 3487 3864 3552 Venient,

2318 3563 2512 3631 inquit,
2545 3567 2689 3632 quasi
2736 3567 2846 3633 ipse
2889 3583 2990 3621 non
3034 3572 3343 3627 vaticinatus
3389 3574 3590 3630 fuisset.
3635 3578 3695 3630 Et
3723 3595 3864 3631 non-

2319 3654 2443 3706 nulli
2470 3654 2680 3722 quidem
2705 3654 2918 3721 dieunt,
2948 3659 3133 3713 merito
3161 3661 3256 3714 ista
3282 3678 3383 3715 non
3413 3679 3530 3718 esse
3562 3667 3807 3733 prmdicta
3848 3685 3865 3720 :

2317 3743 2559 3809 quoniam
2601 3745 2713 3797 haec
2750 3746 3020 3812 captivitas
3064 3755 3266 3816 tempus
3303 3766 3362 3804 ac
3389 3752 3541 3805 finem
3583 3765 3870 3822 acceptura

2319 3846 2420 3884 non
2461 3840 2592 3885 erat.
2626 3832 2765 3885 Dabo
2790 3835 2920 3886 enim
2940 3876 2955 3899 ,
2988 3835 3185 3903 inquit,
3218 3849 3262 3890 et
3292 3840 3537 3906 improbos
3569 3859 3658 3908 pro
3690 3845 3867 3912 sepsit.

2317 3931 2428 3972 tura
2453 3923 2577 3989 ejus,
2603 3931 2648 3974 et
2673 3923 2845 3976 divites
2863 3941 2954 3991 pro
2976 3936 3130 3979 morte
3151 3929 3276 3994 ejus.
3300 3929 3362 3981 Et
3387 3941 3437 3982 tu
3463 3938 3604 4001 signa
3627 3934 3868 3987 visionem

2318 4011 2444 4062 hanc
2465 4051 2478 4074 ,
2518 4011 2634 4076 quia
2675 4011 2726 4063 in
2767 4012 2871 4065 dies
2900 4015 3077 4066 mullos
3104 4017 3194 4068 erit
3223 4016 3374 4085 (lsai.
3404 4020 3488 4074 55.
3520 4020 3593 4089 9).
3623 4021 3732 4075 Hoc
3755 4032 3866 4088 est,

2313 4096 2524 4151 Custodi
2578 4113 2849 4162 conserva,
2881 4117 2945 4154 ne
2967 4101 3308 4159 diuturnitate
3339 4109 3586 4175 temporis
3620 4123 3864 4162 corruun-

2317 4197 2486 4254 patur.
2513 4187 2643 4241 Vide
2671 4189 2831 4242 Deum
2860 4190 3050 4257 ubique
3081 4191 3182 4244 illis
3212 4207 3442 4257 parcere.
3471 4194 3867 4252 Deseenderunt

2315 4279 2365 4329 in
2397 4276 2696 4346 Egyptum,
2727 4279 2947 4346 improbi
2974 4288 3280 4344 evaserunt;
3313 4297 3412 4334 non
3442 4282 3725 4348 abscessit,
3755 4285 3865 4338 du~

2314 4365 2388 4417 xit
2413 4379 2503 4418 eos
2539 4367 2587 4417 in
2633 4367 2919 4418 desertum.
2953 4367 3358 4422 Permanserunt
3399 4371 3448 4422 in
3488 4373 3718 4437 malitia;
3753 4391 3864 4429 non

2314 4454 2532 4514 abstitit,
2566 4454 2849 4506 introduxit
2884 4469 2977 4507 eos
3009 4457 3056 4508 in
3089 4465 3279 4510 terram
3313 4460 3690 4525 promissionis.
3718 4461 3862 4517 Rur-

2313 4555 2401 4594 sus
2427 4543 2539 4595 illos
2565 4542 2764 4596 reduxit
2799 4544 2895 4596 sub
2935 4545 3223 4610 Antiocho;
3257 4548 3425 4602 adhuc
3460 4551 3614 4605 iidem
3647 4567 3862 4608 manse-

2314 4640 2450 4684 runt.
2488 4630 2747 4698 Tempore
2785 4632 2973 4686 Christi
3024 4635 3192 4690 adhuc
3241 4637 3395 4692 iidem
3429 4647 3521 4692 :et
3572 4655 3738 4710 neque
3781 4644 3864 4698 sic

2313 4721 2583 4786 abscessit,
2616 4721 2706 4774 sed
2737 4736 2945 4790 semper
2972 4739 3151 4779 eorum
3191 4742 3367 4781 curam
3396 4731 3547 4797 gerit.
3581 4731 3646 4784 Et
3670 4748 3863 4801 quem-

2313 4811 2589 4864 admodum
2624 4813 2896 4878 naturalia,
2924 4830 3143 4883 quaaque
3187 4832 3215 4870 a
3257 4827 3435 4870 natura
3469 4820 3618 4874 nobis
3657 4822 3858 4890 insunt,

2314 4918 2590 4971 numquam
2636 4903 3019 4968 abscesserint,
3069 4907 3316 4973 quidquid
3361 4911 3608 4963 eveniat:
3639 4911 3707 4964 ita
3760 4927 3863 4967 nec

2315 4991 2481 5053 Deus;
2511 4990 2614 5042 imo
2658 4990 2768 5042 fieri
2811 4990 3019 5056 quidem
3049 5001 3222 5058 potest
3265 5004 3319 5046 ut
3364 4995 3446 5048 illa
3486 4997 3728 5052 deﬁciant
3761 5017 3772 5050 :
3806 5013 3863 5055 at

2313 5077 2401 5129 Dei
2433 5077 2805 5144 providentiam
2836 5091 2897 5130 ac
2924 5091 3100 5130 curam
3131 5082 3380 5136 recedere
3400 5085 3722 5152 impossibile
3749 5099 3855 5142 est.

2316 5166 2449 5218 Nam
2475 5167 2536 5231 si,
2565 5166 2747 5232 inquit,
2778 5175 2823 5217 et
2847 5166 3000 5219 oblita
3027 5171 3175 5236 fuerit
3215 5173 3392 5226 mulier
3423 5176 3639 5228 misereri
3663 5177 3859 5242 fetuum

2311 5257 2434 5307 uteri
2460 5256 2555 5316 sui,
2577 5255 2664 5307 sed
2687 5271 2773 5323 ego
2802 5271 2899 5307 non
2929 5256 3187 5310 obliviscar
3208 5262 3281 5312 tui
3308 5261 3454 5331 (lsai.
3483 5263 3568 5316 49.
3603 5265 3708 5333 15).
3741 5265 3856 5318 Sic-

2313 5354 2367 5397 ut
2393 5346 2530 5398 enim
2562 5353 2724 5395 mater
2762 5358 2863 5396 non
2916 5347 3130 5414 respicit
3155 5348 3220 5402 ad
3269 5350 3548 5404 liberorum
3580 5353 3854 5421 virtutem,

2310 5434 2399 5486 sed
2429 5442 2623 5484 natura:
2653 5432 2816 5498 legem
2846 5433 3026 5500 implet
3054 5453 3065 5487 :
3100 5437 3191 5501 ita,
3219 5446 3273 5492 et
3297 5439 3456 5492 multo
3484 5441 3666 5509 magis,
3707 5441 3858 5498 Deus

2310 5538 2514 5590 semper
2563 5537 2737 5575 curam
2767 5525 2917 5589 gerit,
2951 5541 3048 5581 nec
3093 5544 3336 5597 umquam
3379 5531 3609 5596 destitit;
3641 5547 3857 5603 semper

2311 5611 2544 5664 eamdem
2577 5624 2874 5663 mensuram
2905 5614 3134 5670 exhibet.
3167 5617 3252 5668 27.
3281 5618 3343 5671 Et
3370 5635 3457 5688 ego
3483 5618 3664 5674 Daniel
3699 5623 3857 5678 docu-
