4140 6314
245 383 358 440 235

244 485 521 554 οὐρανοῦ.
553 483 658 538 Kal
687 483 754 535 ἐκ
781 481 885 535 τοῦ
913 481 1047 546 ἐνὸς
1071 479 1263 534 αὐτῶν
1293 476 1506 544 ἐξῆλθε
1528 475 1699 543 κέρας
1726 475 1792 528 ἓν

247 567 521 634 ἰσχυρὸν,
546 565 641 617 καὶ
670 563 1034 630 ἐμεγωύνθη
1069 557 1364 625 περισσῶς
1396 557 1542 624 πρὸς
1570 555 1674 608 τὸν
1697 556 1795 608 νό-

248 665 374 710 τον,
408 646 509 699 καὶ
551 645 696 711 πρὸς
734 642 1051 707 ἀνατολὴν,
1080 641 1176 693 καὶ
1211 637 1359 710 [245]
1388 639 1532 704 πρὸς
1560 637 1672 700 τὴν
1700 636 1800 689 δύ-

244 743 354 778 σιν
366 739 416 777 ι.
448 725 554 779 Kal
582 724 949 792 ἐμεγαλύνθη
977 721 1084 786 ἔως
1109 720 1216 786 τῆς
1243 718 1542 786 δυνάμεως
1572 716 1676 769 τοῦ
1701 718 1799 769 οὐ-

242 805 432 872 ρανοῦ
448 818 464 834 ⁸
492 805 590 856 καὶ
610 805 827 856 ἔπεσεν
844 803 938 854 ἐπὶ
965 801 1075 867 τὴν
1102 799 1215 868 γῆν
1234 799 1350 852 ἀπὸ
1375 798 1482 866 τῆς
1501 797 1799 864 δυνάμεως

249 888 356 940 τοῦ
374 885 652 953 οὐρανοῦ,
685 885 781 938 καὶ
810 885 922 937 ἀπὸ
952 883 1067 935 τῶν
1102 881 1383 948 ἀστέρων,
1408 882 1500 934 καὶ
1537 878 1799 933 συνεπά-

251 985 440 1033 τησεν
473 968 712 1032 αὐτούς.
741 964 849 1017 Kal
893 964 1000 1028 ἕως
1029 963 1314 1030 ἄρχοντος
1353 963 1461 1028 τῆς
1502 959 1800 1028 δυνάμεως

251 1048 549 1114 ήδρύνθη·
604 1047 700 1099 καὶ
751 1044 822 1097 δι’
846 1045 1029 1097 αὑτὸν
1084 1045 1263 1098 θυσία
1314 1042 1603 1110 ἐταράχθη
1631 1079 1645 1100 ,
1700 1039 1797 1093 καὶ

249 1129 535 1197 ἐγενήθη,
582 1129 680 1180 καὶ
735 1125 1110 1192 κατευωδώθη
1157 1122 1333 1187 αὐτῷ.
1373 1125 1478 1176 Kal
1523 1123 1587 1176 τὸ
1635 1122 1802 1189 ἅγιον

250 1207 719 1274 ἐρημωθήσεταιο
768 1206 866 1260 καὶ
905 1206 1078 1272 ἐδόθη
1107 1206 1205 1258 ἐπὶ
1231 1205 1344 1271 τὴν
1380 1205 1595 1259 θυσίαν
1625 1204 1803 1271 ἀμαρ-

249 1291 368 1352 τία,
389 1289 484 1341 καὶ
509 1289 712 1356 ἐρρίφη
739 1288 916 1355 χαμαί
939 1287 977 1354 ή
1001 1286 1371 1351 δικαιοσύνη.
1403 1286 1511 1339 Kal
1533 1286 1797 1351 ἐποίησε,

250 1369 354 1420 καὶ
383 1369 668 1434 εὐωδώθη.
693 1367 800 1422 Kal
828 1367 1062 1434 ἥκουσα
1089 1367 1222 1432 ἐνὸς
1254 1367 1420 1434 ἀγίου
1448 1366 1798 1428 λαλοῦντος,

251 1454 354 1500 καὶ
381 1449 549 1502 εἶπεν
578 1443 665 1513 εἷς
693 1449 856 1519 ἅγιος
894 1447 973 1512 τῷ
1014 1449 1301 1516 φελμουνὶ
1319 1449 1344 1488 b
1377 1449 1455 1512 τῷ
1484 1448 1766 1501 λαλοῦντι
1785 1464 1797 1476 ·

251 1526 411 1590 Ἕως
424 1525 566 1578 πότε
579 1527 830 1596 ἠόρασις
867 1530 1174 1596 στήσεται,
1218 1529 1312 1583 καὶ
1342 1529 1379 1596 ή
1409 1531 1588 1584 θυσία
1631 1531 1668 1596 ή
1702 1530 1801 1596 ἀρ-

248 1608 445 1671 θεῖσα,
477 1609 571 1661 καὶ
598 1609 637 1675 ἠ
669 1610 916 1677 ἁμαρτία
952 1610 1057 1676 τῆς
1083 1610 1425 1679 ἐρημώσεως
1466 1613 1503 1678 ή
1543 1611 1797 1674 δοθεῖσα,

249 1688 357 1739 καὶ
405 1689 473 1740 τὸ
519 1688 702 1755 ἅγιον,
737 1689 833 1742 καὶ
871 1690 909 1756 ἡ
951 1691 1196 1758 δύναμις
1240 1693 1798 1759 συμπατηθήσεται;

253 1769 370 1822 Kal
417 1766 581 1823 εἶπεν
601 1765 949 1835 αὐτῷ·”Εως
980 1772 1234 1838 ἑσπέρας
1282 1771 1378 1824 καὶ
1417 1773 1563 1838 πρωῒ
1597 1773 1800 1840 ἡμέραι

248 1851 544 1919 δισχίλιαι
570 1851 667 1903 καὶ
693 1854 1035 1918 τριακόσιαι,
1075 1854 1169 1906 καὶ
1209 1854 1697 1920 καθαρισθήσεται
1733 1857 1797 1907 τὸ

246 1933 445 2000 ἅγιον.
473 1932 582 1985 Kal
620 1933 850 2000 ἐγένετο
890 1935 958 1986 ἐν
985 1936 1063 1999 τῷ
1091 1936 1234 1988 ίδεῖν
1267 1952 1361 2004 με,
1403 1936 1515 2004 ἐγὼ
1559 1936 1795 2002 Δανιὴλ,

248 2013 370 2079 τὴν
397 2014 626 2080 ὅρασιν,
658 2013 837 2080 ζητῶν
879 2016 952 2075 (ί.
985 2018 1076 2068 καὶ
1107 2017 1348 2087 ἐζήτουν)
1394 2018 1663 2070 σύνεσιν.
1692 2018 1798 2072 Καὶ

250 2095 388 2146 ἰδοὺ
416 2095 562 2160 έστη
591 2094 842 2148 ἐνώπιόν
860 2113 994 2164 μου.
1017 2097 1125 2150 Kal
1145 2097 1350 2164 ὅρασις
1373 2097 1431 2157 (ί.
1457 2115 1575 2166 μου,
1599 2097 1672 2159 ὡς
1692 2099 1794 2167 ὄρ.)

243 2173 473 2239 ἀνδρὸς
495 2176 609 2228 ἀνὰ
644 2175 833 2243 μέσον
867 2177 970 2229 τοῦ
1004 2177 1217 2231 Οὺϐάλ.
1258 2178 1362 2232 Kal
1387 2178 1658 2242 ἐκάλεσε,
1701 2182 1798 2233 καὶ

245 2251 457 2306 εἶπε-ν’
489 2255 770 2322 Γαϐριὴλ,
801 2257 1118 2310 συνέτισον
1159 2257 1384 2310 ἐκεῖνον
1420 2259 1532 2324 τὴν
1573 2259 1798 2325 ὅρασιν.

247 2335 368 2388 Kal
393 2331 556 2402 ἦλθε,
587 2335 685 2387 καὶ
707 2335 850 2402 ἔστη
887 2337 1138 2404 ἐχόμενα
1162 2338 1266 2390 τὸν
1302 2339 1376 2407 (ί.
1412 2339 1660 2407 ὲχόμενος
1683 2341 1800 2408 τῆς)

243 2414 521 2479 στάσεώς
552 2433 687 2483 μου.
719 2418 826 2469 Kal
871 2419 938 2470 ἐν
973 2420 1051 2483 τῷ
1087 2419 1284 2472 ἐλθεῖν
1323 2421 1525 2484 αὐτὸν,
1558 2421 1802 2488 ἐθαμϐή·

243 2505 388 2561 θην,
427 2497 524 2549 καὶ
571 2499 760 2549 πίπτω
817 2500 910 2550 ἐπὶ
963 2502 1282 2566 πρόσωπόν
1325 2519 1460 2567 μου.
1511 2505 1618 2555 Kal
1674 2500 1800 2555 εἷπε

245 2579 404 2642 πρός
425 2591 528 2643 με·
573 2580 774 2645 Σύνες,
811 2578 903 2632 υίέ
934 2580 1241 2646 ἀνθρώπου
1264 2599 1279 2613 ο
1314 2581 1400 2634 ἔτι
1428 2583 1534 2650 γὰρ
1565 2586 1649 2648 είς
1681 2600 1802 2636 και-

240 2658 367 2724 ροῦ
400 2661 580 2724 πέρας
604 2660 640 2725 ή
663 2659 887 2725 ὅρασις.
911 2661 1015 2714 Kal
1046 2663 1114 2714 ἐν
1144 2663 1221 2726 τῷ
1248 2663 1456 2716 λαλεῖν
1482 2664 1663 2716 αὑτὸν
1676 2667 1798 2732 μετ’

244 2739 424 2804 ἐμοῦ,
454 2739 642 2790 πίπτω
671 2741 767 2792 ἐπὶ
793 2743 1112 2807 πρόσωπόν
1134 2759 1251 2809 μου
1271 2742 1368 2794 ἐπὶ
1392 2743 1504 2810 τὴν
1535 2743 1649 2810 γῆν
1668 2760 1681 2774 ·
1705 2745 1802 2798 xal

247 2822 459 2886 ἣψατό
484 2838 619 2887 μου,
659 2821 754 2874 καὶ
777 2822 999 2888 έστησέ
1027 2839 1102 2890 με
1136 2824 1232 2875 ἐπὶ
1270 2823 1409 2888 τοὺς
1450 2824 1635 2889 πόδας
1666 2843 1796 2890 μου.

245 2901 370 2955 Kal
399 2896 561 2954 εἶπεν
583 2919 594 2933 ·
621 2900 771 2956 Ἰδοὺ
792 2902 906 2968 ἐγὼ
921 2901 1168 2971 γνωρίζω
1200 2916 1297 2955 σοι
1329 2905 1399 2956 τὰ
1430 2904 1685 2972 ἐσόμενα
1709 2906 1800 2957 ἐπ’

244 2980 512 3044 ἐσχάτω)
549 2981 657 3046 τῆς
679 2981 855 3049 ὀργῆς
877 2998 891 3014 ο
921 2982 1008 3035 ἐτι
1035 2983 1141 3051 γὰρ
1170 2987 1255 3048 εὶς
1285 2985 1491 3050 καιροῦ
1521 2985 1721 3051 πέρας.
1739 2987 1801 3038 '0

246 3063 422 3127 κριὸς
447 3062 515 3113 ὃν
538 3059 712 3126 εἶδες,
747 3066 778 3115 ό
803 3064 956 3128 έχων
985 3065 1055 3116 τὰ
1087 3065 1320 3131 κέρατα,
1352 3066 1644 3130 βασιλεὺς
1679 3066 1800 3131 Μή-

247 3144 383 3193 δων
415 3142 510 3193 καὶ
540 3142 799 3208 Περσῶν.
830 3143 935 3195 Kal
967 3147 1000 3196 ό
1024 3143 1234 3212 τράγος
1263 3143 1378 3197 τῶν
1401 3144 1601 3212 αίγῶν,
1625 3145 1801 3208 ¹βασι-

243 3223 409 3287 λεὺς
445 3223 765 3288 Ἑλλήνων.
790 3223 896 3275 Kal
929 3225 992 3276 τὸ
1024 3225 1200 3290 κέρας
1235 3225 1300 3276 τὸ
1323 3225 1493 3293 μέγα,
1534 3226 1564 3277 ὃ
1590 3222 1665 3293 ἦν
1688 3227 1802 3279 ἀνά

239 3303 450 3373 μέσον
481 3302 597 3355 τῶν
634 3303 948 3372 ὀφθαλμῶν
982 3305 1186 3366 αὑτοῦ,
1225 3306 1401 3369 αὑτός
1432 3305 1597 3357 ἐστιν
1627 3308 1659 3358 ό
1687 3306 1800 3366 ,βα-

246 3383 470 3448 σιλεὺς
501 3386 530 3436 ὁ
565 3384 806 3450 πρῶτος.
836 3385 944 3436 Kal
972 3385 1058 3437 ὅτι
1084 3387 1416 3452 συνετρίϐη,
1456 3386 1551 3438 καὶ
1582 3386 1798 3453 ἀνέστη

246 3465 529 3531 τέσσαρα
582 3467 792 3532 κέρατα
827 3467 1200 3520 ὑποκάτωθεν
1248 3465 1429 3518 αὑτοῦ
1453 3502 1468 3529 ,
1516 3465 1800 3532 τέσσαρες

238 3545 533 3609 βασιλεῖς
575 3546 1014 3610 ἀναστήσονται
1059 3545 1173 3599 ἀπὸ
1207 3546 1310 3598 τοῦ
1341 3548 1552 3611 ἔθνους
1595 3548 1795 3612 αὑτοῦ,

243 3627 362 3678 καὶ
389 3629 493 3679 οὐκ
519 3628 586 3678 ἐν
614 3626 688 3692 τῇ
715 3629 882 3693 ἰσχύϊ
899 3629 1099 3680 αὐτοῦ.
1138 3629 1246 3680 Kal
1275 3629 1365 3679 ἐπ’
1387 3628 1654 3696 ἐσχάτων
1693 3628 1800 3695 τῆς

237 3708 573 3772 βασιλείας
622 3708 835 3770 αὐτῶν,
878 3709 1300 3776 πληρουμένων
1341 3707 1458 3760 τῶν
1511 3709 1802 3776 ἁμαρτιῶν

244 3786 475 3851 αὐτῶν,
502 3787 894 3850 ἀναστήσεται
911 3789 1206 3852 βασιλεὺς
1225 3787 1470 3853 ἀναιδὴς
1489 3787 1798 3854 προσώπῳ,

246 3868 364 3920 καὶ
408 3868 627 3919 συνιὼν
658 3869 1052 3935 προϐλήματα.
1099 3869 1209 3920 Kal
1252 3870 1499 3935 κραταιίι
1543 3870 1581 3936 ή
1627 3871 1802 3935 ἰσχὺς

244 3945 468 4010 αὑτοῦ,
495 3948 588 3999 καὶ
621 3951 730 4001 οὐκ
761 3949 828 4001 ἐν
853 3948 925 4015 τῇ
956 3951 1125 4016 ἰσχύϊ
1141 3951 1349 4002 αὑτοῦ·
1373 3952 1467 4002 καὶ
1497 3953 1801 4017 θαυμαστὰ

245 4031 574 4096 διαφθερεῖ,
608 4032 701 4082 καὶ
744 4030 994 4095 ποιήσει,
1029 4033 1124 4083 καὶ
1171 4032 1463 4098 διαφθερεῖ
1499 4033 1796 4097 ἰσχυροὺς,

247 4111 369 4164 καὶ
396 4110 542 4162 λαὸν
581 4111 765 4178 ἅγιον.
797 4111 902 4164 Kal
944 4115 975 4163 ό
1021 4109 1189 4178 ζυγὸς
1233 4112 1336 4164 τοῦ
1375 4112 1577 4163 κλοιοῦ
1618 4112 1800 4164 αὑτοῦ

247 4192 623 4245 κατευθυνεῖ.
655 4195 836 4256 Δόλος
861 4194 928 4244 ἐν
956 4191 1029 4258 τῇ
1050 4192 1194 4260 χειρὶ
1224 4193 1424 4255 αὑτοῦ,
1455 4193 1548 4246 καὶ
1573 4193 1640 4245 ἐν
1665 4211 1802 4261 καρ-

248 4275 371 4336 δίᾳ
409 4273 589 4326 αὐτοῦ
631 4275 1154 4339 μεγαλυνθήσεται,
1191 4273 1284 4324 καὶ
1330 4272 1485 4338 δόλῳ
1515 4273 1803 4340 διαφθερεῖ

249 4353 551 4414 πολλοὺς,
575 4354 668 4404 καὶ
701 4353 795 4404 ἐπὶ
822 4353 1080 4416 ἀπωλείᾳ
1106 4351 1344 4404 πολλῶν
1371 4353 1671 4418 στήσεται,
1706 4356 1801 4407 καὶ

245 4434 344 4494 ὼς
377 4430 454 4482 ὼὰ
491 4431 559 4482 ἐν
599 4431 745 4498 χειρὶ
770 4432 1080 4497 συντρίψει
1107 4432 1342 4496 αὐτούς.
1373 4430 1480 4483 Καὶ
1523 4433 1560 4497 ἡ
1600 4433 1803 4498 ὅρασις

251 4512 380 4576 τῆς
406 4511 678 4578 ἑσπέρας,
710 4513 804 4564 καὶ
835 4512 941 4578 τῆς
966 4513 1180 4578 πρωτας
1201 4511 1306 4577 τῆς
1324 4513 1626 4577 ρηθείσης,
1655 4514 1800 4576 άλη-

247 4591 381 4656 θής
408 4591 591 4642 ἐστιν.
625 4592 728 4644 Kal
761 4592 838 4645 σὺ
867 4593 1187 4660 σφράγισαι
1220 4591 1331 4657 τὴν
1354 4592 1578 4656 ὅρασιν,
1607 4591 1694 4643 ὅτι
1718 4593 1803 4656 είς

246 4670 486 4738 ἡμέρας
523 4673 753 4737 πολλὰς
800 4674 983 4725 ἔσται.
1021 4673 1127 4724 Kal
1159 4668 1303 4735 εἶπε,
1336 4671 1482 4739 φησὶ,
1502 4670 1802 4736 Γνώρισον

249 4751 471 4812 ἐκείνῳ
501 4750 612 4814 τὴν
637 4751 861 4817 ὅρασιν,
895 4753 1317 4820 Γαϐριήλ.”ορα
1347 4751 1686 4818 ἐπιτάγματα
1708 4751 1802 4817 ἀγ-

251 4830 440 4897 γέλων
471 4831 562 4881 καὶ
589 4831 951 4899 ἀρχαγγέλων.
978 4833 1187 4895 Μείζων
1214 4835 1339 4891 ἴσως
1363 4831 1584 4897 δύναμις
1611 4832 1799 4900 ἐτέρας

251 4909 378 4965 Kal
413 4905 575 4975 ἦλθε,
615 4912 763 4978 φησὶ,
798 4913 896 4963 καὶ
938 4914 1286 4980 ἐθαμϐήθην.
1335 4914 1441 4965 Kal
1489 4914 1633 4976 ἔστη
1674 4913 1804 4979 ἐχό-

244 5006 416 5060 μενα
457 4990 562 5055 τῆς
593 4991 857 5055 στάσεώς
880 5010 1018 5058 μου.
1046 4995 1151 5046 Kal
1185 4995 1252 5045 ὲν
1282 4993 1356 5055 τῷ
1383 4993 1575 5044 ἐλθεῖν
1604 4994 1801 5055 αὐτὸν,

247 5070 621 5137 ἐλαμόήθην.
653 5071 755 5123 Τοῦ
780 5071 837 5140 (ί.
867 5073 986 5140 ποῦ)
1010 5076 1184 5126 τοίνυν
1212 5076 1258 5125 οἱ
1287 5074 1409 5133 τοὺς
1431 5073 1689 5138 ἀγγέλους
1715 5091 1807 5126 κα-

321 5278 356 5306 ·
381 5275 510 5336 Har,
528 5277 606 5322 καὶ
631 5275 743 5336 πρὸς
776 5275 859 5330 τὴν
880 5273 1024 5336 δύσιν,
1061 5285 1154 5320 non
1180 5272 1323 5336 hale
1364 5269 1809 5336 B._Chrys_ostqmus

249 5333 476 5384 “omnia
494 5330 585 5392 iam
609 5330 767 5381 citata.
782 5335 845 5381 At
861 5335 1004 5392 paulo
1023 5338 1131 5390 post
1148 5344 1252 5378 cum
1272 5330 1576 5377 Theodoreto
1599 5330 1807 5382 legilxal

249 5398 322 5442 δι’
351 5394 490 5452 αὐτὸν
507 5394 639 5439 θυσία
663 5392 886 5452 ἐταράχθη
900 5392 1256 5452 παραπτώματι.

326 5454 358 5491 b
380 5450 514 5498 Idem
538 5463 673 5498 error
693 5446 938 5498 in'nb'stris
959 5446 1114 5503 c'odd.,
1135 5446 1197 5494 ‘ac
1233 5449 1376 5495 etiam
1400 5449 1448 5493 in
1485 5446 1804 5493 Theodoreto.

249 5511 539 5568 Srripseral
559 5511 690 5568 enim
711 5508 983 5568 Theodotio
1002 5505 1216 5568 φελμωκί.
1238 5509 1418 5554 Auctor
1428 5503 1626 5554 Consul.
1653 5510 1804 5563 aposl.

252 5523 370 5557 ΒΓΗ
435 5523 539 5558 erat
561 5523 690 5556 enim
712 5523 740 5557 Ἰ
755 5523 841 5556 neu

252 5570 354 5617 lib.
376 5523 431 5620 ςῗ
446 5581 492 5616 c.
515 5567 590 5619 56.
610 5567 841 5630 φελμονεῑ.

1622 350 1685 406 ΙΝ
1720 350 2076 408 DANIELEM.

3342 375 3452 429 236

1905 465 2016 528 κῶς
2064 467 2339 533 λέγοντες;
2386 468 2498 520 Οὐκ
2542 467 2632 534 ἀφ’
2666 466 2855 519 ἑαυτοῦ
2903 484 2952 518 τι
2997 467 3264 535 εποίησεν.
3283 467 3439 535 Ὁρᾷς

1901 547 1994 601 κα.)⁸
2025 549 2216 612 αὐτοὺς
2241 551 2318 611 εις
2347 550 2524 612 τάξεις
2560 549 2757 610 πολλὰς
2783 550 2874 601 καὶ
2897 548 3244 610 διατυπώσεις
3281 565 3432 599 τετα-

1901 630 2157 698 γμένους;
2202 632 2288 683 Ἐν
2347 634 2412 700 τῇ
2472 630 2678 701 πρώτῃ,
2717 629 3021 697 Προσῆλθε
3043 640 3090 692 ο,
3148 628 3298 697 φησὶ,
3341 629 3438 680 καὶ

1901 709 2175 778 ἠρώτησα
2204 710 2369 781 [244].
2389 711 2644 764 Ἐνταῦθα
2674 711 2872 762 οὐκέτι.
2903 713 3008 764 Kal
3040 709 3273 776 ἤκουσα
3304 710 3438 774 ἐνὸς

1901 793 2070 858 ἁγίου
2141 793 2486 857 λαλοῦντος.
2564 792 2670 844 Kal
2721 791 2899 860 ἔτερος
2954 791 3228 859 ἠρώτησεν
3255 829 3270 856 ,
3322 792 3436 860 ἦτοι

1902 873 2131 940 ἀγνοῶν,
2182 874 2265 924 ἵνα
2311 869 2460 935 οὗτος
2516 873 2675 944 μάθῃ.
2704 872 2811 925 Kal
2867 872 3238 939 ἀπεκρίνατο,
3284 872 3433 938 φησι.

1903 953 2013 1007 Kal
2057 955 2146 1006 ἐπ’
2181 954 2448 1022 ἐσχάτων
2494 954 2602 1020 τῆς
2641 955 2973 1016 βασιλείας,
3020 951 3437 1020 πληρουμένων

1902 1035 2019 1090 τῶν
2067 1036 2355 1104 ἁμαρτιῶν
2401 1035 2594 1089 αὐτῶν
2617 1074 2630 1097 ,
2682 1033 3078 1096 ἀναστήσεται
3143 1034 3437 1099 ,βασιλεὺς

1903 1117 2152 1183 ἀναιδὴς
2194 1115 2646 1185 προσώπῳ.”ορα
2679 1116 2792 1176 πῶς
2822 1115 3082 1167 δείκνυσιν
3130 1116 3323 1178 αὐτοῖς,
3355 1117 3435 1168 ὅτι

1904 1196 2054 1249 αὐτοὶ
2099 1198 2274 1250 αττιοι.
2307 1199 2404 1249 Διά
2436 1198 2588 1249 τοῦτο
2620 1198 2678 1247 οὐ
2726 1198 2943 1264 φανεροῖ
2966 1196 3088 1256 τοὺς
3115 1195 3318 1261 λόγους,
3350 1196 3435 1247 ἵνα
3544 1202 3547 1203 ⁷

1907 1279 1981 1348 μὴ
2005 1278 2479 1348 ἐθελοκακήσαντες
2503 1278 2757 1346 μένωσιν·
2781 1278 2828 1327 εί
2849 1276 2973 1344 γὰρ,
3001 1275 3218 1345 μηδενὸς
3236 1276 3435 1329 τούτων

1905 1359 2221 1429 εἰρημένων,
2267 1359 2470 1428 ἔμενον,
2517 1359 2690 1427 πολλῷ
2732 1358 2941 1426 μᾶλλον,
2988 1358 3391 1427 φανερωθέντων
3417 1374 3432 1389 ⁶

1903 1442 1993 1494 καὶ
2024 1441 2110 1494 ἵνα
2144 1441 2314 1510 μάθῃς
2341 1441 2420 1492 ὅτι
2453 1439 2718 1508 πανταχοῦ
2749 1440 2807 1490 τὸ
2853 1439 3068 1508 Πνεῦμα
3113 1441 3261 1508 ἰσχὺν
3304 1440 3433 1509 ἔχει,

1903 1525 1994 1575 καὶ
2016 1524 2094 1576 ὄτι
2122 1524 2293 1576 πάντα
2312 1522 2549 1591 πρόοιδεν
2575 1523 2602 1573 ὁ
2627 1521 2773 1584 Θεὸς,
2803 1522 2893 1572 καὶ
2912 1522 2989 1573 ὅτι
3010 1521 3158 1584 εἰδὼς
3191 1523 3434 1591 ἁμαρτή-

1906 1619 2092 1666 σοντας
2135 1604 2390 1672 ἀνήγαγε.
2415 1604 2522 1655 Kal
2571 1603 2688 1671 ὅρα,
2732 1602 2914 1669 ἐπειδὴ
2961 1598 3106 1653 εἴπεν
3143 1604 3432 1666 ἐνιαυτοὺς,

1902 1686 2076 1755 ὀλίγος
2099 1686 2285 1756 χρόνος
2308 1685 2570 1751 ἐφαίνετο,
2601 1684 2677 1744 είς
2702 1683 2917 1751 ἡμερῶν
2950 1682 3160 1734 ἀναλύει
3187 1684 3431 1752 ἀριθμὸν,

1903 1769 1989 1820 ἵνα
2018 1766 2093 1835 τῷ
2119 1766 2305 1834 πλήθει
2337 1765 2562 1835 φοϐήσῃ,
2591 1765 2683 1832 οὐχ
2710 1765 2938 1834 ἡμέρας,
2969 1764 3098 1816 ἀλλά
3123 1766 3214 1816 καὶ
3241 1765 3435 1827 νύκτας

1905 1846 2166 1918 ἀριθμῶν.
2196 1846 2303 1900 Kal
2334 1846 2647 1918 ἐνδιατρίϐει
2670 1849 2734 1916 τῇ
2759 1846 3027 1916 τραγῳδίᾳ
3055 1850 3116 1914 τῇ
3147 1847 3282 1899 κατά
3317 1849 3434 1900 Ἀν-

1902 1930 2094 1998 τίοχον,
2126 1928 2210 1979 ἵνα
2239 1928 2338 1980 κᾶν
2364 1928 2501 1981 οὕτω
2531 1928 2758 1998 φοϐήσῃ.
2803 1929 2911 1980 Kal
2940 1930 3047 1981 οὐκ
3078 1929 3145 1980 ἐν
3169 1927 3241 1994 τῇ
3272 1929 3438 1996 ισχύτ

1903 2012 2104 2066 αὑτοῦ.
2145 2011 2444 2074 Τουτέστιν,
2485 2011 2560 2062 ὅτι
2597 2010 2819 2078 ἠδύνατο
2858 2010 2886 2060 ὁ
2928 2009 3056 2072 Θεὸς
3082 2010 3315 2063 κωλῦσαι
3344 2013 3437 2063 αὺ-

1903 2093 2012 2155 τὸν,
2047 2091 2160 2144 ἀλλ’
2184 2091 2443 2162 ἐπέτρεψε
2465 2091 2552 2143 διὰ
2586 2091 2683 2153 τὰς
2708 2091 2992 2160 ἁμαρτίας,
3022 2092 3114 2144 καὶ
3139 2093 3232 2161 οὐχ
3256 2093 3433 2154 ἁπλῶς

1902 2173 2267 2243 ἁμαρτόντων,
2301 2174 2408 2226 ἀλλ’
2441 2173 2599 2242 ἡνίκα
2645 2168 3196 2242 ὲπληρώθησαν.⁷Αρα
3244 2173 3435 2242 μέτρον

1901 2257 1954 2310 τί
2002 2259 2175 2321 ὲστιν;
2229 2257 2398 2309 Οὔπω
2443 2254 2549 2322 γὰρ
2592 2254 2666 2307 ἂν
2702 2253 3136 2320 ἐπεπλήρωντο,
3184 2256 3334 2323 φησὶ,
3375 2258 3435 2309 al

1903 2338 2172 2406 ἁμαρτίαι
2215 2337 2330 2389 τῶν
2373 2335 2732 2403 Ἀμορραίων.
2773 2337 2878 2388 Kal
2916 2336 3034 2403 ὅρα,
3061 2335 3209 2388 οὔπω
3254 2336 3434 2389 λοιπὸν

1902 2418 2238 2486 ἐμπρησμὸς,
2285 2416 2419 2469 ἀλλά
2461 2415 2676 2482 σφαγῶν
2714 2415 3031 2483 ἀναιρέσεις.
3067 2417 3278 2485 Ἐπειδὴ
3328 2419 3433 2486 γὰρ

1902 2498 2119 2567 ἔμελλόν
2166 2514 2306 2559 τινες
2354 2493 2487 2548 εἶναι
2512 2497 2560 2547 οἱ
2591 2496 2761 2556 καλοὶ,
2801 2497 2892 2548 xal
2923 2497 3299 2565 προϊστάμενοι
3327 2497 3432 2549 τῶν

1902 2580 2169 2646 πατέρων,
2195 2579 2286 2631 xal
2312 2577 2378 2629 τὰ
2403 2578 2497 2646 τῆς
2517 2577 2774 2646 τιμωρίας
2802 2577 3002 2629 ἐλάττω
3021 2577 3227 2644 γέγονε.
3254 2578 3434 2630 Ταῦτα

1899 2659 1954 2712 δὲ
1985 2659 2218 2727 λέγεται,
2246 2660 2331 2710 ἴνα
2373 2659 2446 2728 μὴ
2494 2661 2610 2719 ταῖς
2652 2659 2823 2718 νίκαις
2862 2661 2975 2720 ταῖς
3003 2659 3092 2708 ἐπὶ
3125 2657 3433 2726 Ζορωϐάόελ

1901 2740 2238 2810 ἐπαρθέντες,
2269 2740 2491 2810 ρᾴθυμοι
2512 2739 2775 2805 γίνωνται.
2801 2740 2906 2790 Kal
2926 2740 3024 2808 ὅρα
3046 2738 3157 2799 πῶς
3177 2739 3236 2789 οὐ
3258 2737 3434 2808 τίθησι

1899 2820 2124 2891 λαμπρά
2151 2839 2266 2874 τινα
2297 2821 2522 2874 ἐνταῦθα
2558 2821 2689 2888 μετὰ
2720 2821 2784 2871 τὰ
2814 2819 2950 2871 κατὰ
2991 2821 3269 2888 Ἀντίοχον,
3302 2820 3433 2872 ἀλλὰ

1902 2904 2058 2973 μόνον
2097 2902 2245 2955 λύσιν
2276 2902 2383 2954 τῶν
2427 2901 2607 2954 δεινῶν
2654 2901 2817 2968 λέγει,
2853 2901 3060 2953 καὶτὸν
3101 2903 3433 2970 κατασχόντα

1901 2987 2105 3054 καιρόν.
2133 2987 2195 3037 Τί
2219 2982 2339 3048 οῦν;
2366 2984 2560 3054 ταύτην
2588 2984 2650 3035 οὗ
2673 2987 2892 3051 προεῖπε
2919 2985 3011 3051 τὴν
3033 2985 3431 3052 αἰχμαλωσίανς

1900 3068 2024 3130 Nal,
2053 3067 2250 3136 σφόδρα
2272 3067 2697 3134 αἰνιγματωδῶςο
2726 3065 2802 3116 διὸ
2829 3066 2917 3115 καὶ
2948 3069 2974 3117 ὁ
3005 3066 3230 3135 Χριστὸς
3250 3061 3396 3118 εἶπεν
3417 3084 3430 3099 -

1902 3148 2083 3199 Ὅταν
2127 3147 2286 3211 ἴδητε
2340 3146 2405 3198 τὸ
2456 3147 2764 3213 βδέλυγμα
2815 3145 2922 3212 τῆς
2980 3146 3348 3214 ἐρημώσεως,
3401 3152 3434 3202 ό

1901 3225 2317 3293 ἀναγινώσκων
2362 3227 2582 3278 νοείτω.
2620 3225 2967 3290 Ἐλεύσονται,
3020 3228 3167 3295 φησὶ,
3220 3229 3314 3294 οὐχ
3359 3229 3434 3290 ώς

1902 3308 2266 3377 προειπόντος.
2316 3307 2422 3359 Καί
2465 3323 2606 3368 τινες
2657 3307 2753 3373 μὲν
2801 3306 3062 3372 λέγουσιν,
3094 3310 3174 3360 ὅτι
3218 3309 3434 3370 εἰκότως

1900 3388 2068 3440 ταῦτα
2097 3389 2156 3438 οὺ
2195 3387 2500 3456 προερρήθη
2521 3404 2535 3418 ο
2583 3388 2641 3438 οὐ
2673 3389 2778 3455 γὰρ
2810 3383 2918 3455 εἷχε
2953 3389 3137 3456 χρόνον
3167 3391 3197 3456 ἡ
3233 3391 3432 3458 αἰχμα-

1900 3467 2068 3522 λωσία
2095 3468 2229 3536 αὕτη
2258 3468 2462 3519 λαϐεῖν,
2482 3468 2653 3519 Δώσω
2685 3467 2810 3537 γὰρ,
2839 3469 2987 3536 φησὶ,
3019 3469 3116 3520 xal
3154 3470 3292 3532 τοὺς
3332 3485 3435 3522 πο-

1901 3553 2116 3619 νηροὺς
2145 3551 2273 3604 ἀντὶ
2308 3551 2414 3615 τῆς
2458 3549 2646 3617 ταφῆς
2686 3548 2885 3610 αὑτοῦ,
2935 3549 3030 3602 καὶ
3074 3550 3210 3614 τοὺς
3251 3555 3434 3604 πλου-

1904 3634 2076 3697 σίους
2102 3632 2231 3685 ἀντὶ
2263 3631 2366 3683 τοῦ
2386 3629 2636 3684 θανάτου
2662 3629 2860 3682 αὑτοῦ.
2885 3630 2990 3682 Kal
3016 3629 3094 3682 σὺ
3116 3630 3436 3697 σφράγισαι

1904 3713 2016 3778 τὴν
2043 3712 2251 3779 ὅρασιν
2277 3712 2513 3776 ταύτην,
2539 3711 2623 3762 ὅτι
2644 3713 2730 3775 εις
2753 3709 2970 3777 ἡμέρας
2994 3711 3222 3776 πολλὰς
3247 3712 3434 3765 ἐσται.

1905 3794 2173 3852 Τουτέστι,
2220 3790 2465 3856 φύλαξον,
2507 3791 2845 3858 διατήρησον,
2877 3791 2959 3842 ἵνα
3005 3792 3077 3859 μὴ
3125 3792 3199 3859 τῷ
3245 3793 3436 3862 μακρῷ

1904 3873 2075 3942 χρόνῳ
2102 3872 2530 3940 διαφθαρῇ.”ορα
2565 3872 2829 3940 πανταχοῦ
2861 3872 2950 3923 τὸν
2971 3872 3099 3924 Θεὸν
3132 3875 3435 3942 φειδόμενον

1905 3953 2097 4006 αὐτῶν.
2125 3953 2399 4020 Κατῆλθον
2431 3955 2506 4014 είς
2531 3952 2814 4019 Αἴγυπτον,
2847 3954 3083 4020 ἐγένοντο
3106 3955 3289 4021 φαῦλοι
3306 3972 3319 3986 ·
3339 3959 3437 4009 οὐκ

1905 4036 2128 4104 ἀπέστη,
2150 4035 2350 4103 ἢγαγεν
2373 4035 2449 4095 εἰς
2467 4033 2562 4103 τὴν
2588 4033 2804 4102 ἔρημον.
2822 4035 3132 4103 Ἐπέμειναν
3151 4039 3214 4104 τῇ
3241 4038 3404 4105 κακίᾳ
3419 4054 3432 4068 ’

1908 4118 2003 4168 οὐκ
2026 4115 2251 4182 ἀπέστη,
2283 4116 2564 4183 εἰσήγαγεν
2593 4115 2782 4176 αὐτοὺς
2807 4117 2883 4175 εἰς
2906 4118 3000 4183 τὴν
3026 4117 3126 4184 γῆν
3151 4119 3246 4186 τῆς
3270 4119 3436 4183 ἐπαγ-

1909 4197 2106 4264 γελίας.
2126 4196 2384 4262 Ἀνήγαγε
2415 4194 2568 4246 πάλιν
2600 4194 2790 4256 αὐτοὺς
2820 4195 2909 4246 ἐπὶ
2951 4197 3213 4264 Ἀντιόχου
3235 4213 3248 4226 ο
3279 4198 3435 4250 πάλιν

1908 4281 1954 4329 οἱ
1982 4277 2129 4328 αὐτοὶ
2154 4276 2357 4343 έμενον.
2375 4275 2495 4325 Ἐπὶ
2518 4273 2607 4325 τοῦ
2629 4276 2855 4344 Χριστοῦ
2881 4276 3035 4327 πάλιν
3059 4278 3108 4326 οἱ
3143 4277 3288 4326 αὐτοί
3308 4293 3320 4306 ο
3343 4277 3436 4328 καὶ

1908 4357 2023 4408 οὐδὲ
2067 4356 2233 4416 οὓτως
2270 4355 2494 4421 ἀπέστη,
2529 4354 2640 4405 ἀλλ’
2671 4355 2754 4404 ἀεὶ
2800 4355 3028 4421 κήδεται.
3060 4357 3163 4406 Kal
3193 4357 3437 4424 καθάπερ

1909 4439 1974 4490 τά
2015 4436 2210 4503 φυσικά
2256 4436 2351 4486 οὐκ
2401 4434 2464 4484 ἂν
2507 4434 2787 4499 ἀποσταίη,
2818 4432 2882 4483 τὰ
2923 4433 3128 4499 φύσεως
3176 4437 3440 4503 προσόντα

1907 4515 2055 4580 ἡμῖν,
2084 4514 2215 4578 ὅπερ
2240 4509 2303 4562 ἂν
2332 4509 2574 4576 γένηται·
2618 4507 2785 4569 οὓτως
2811 4509 2927 4560 οὐδὲ
2965 4510 3120 4569 Θεός·
3156 4512 3348 4578 μᾶλλον
3380 4512 3436 4563 δὲ

1908 4592 2083 4642 ἐκεῖνα
2119 4589 2333 4641 δυνατὸν
2381 4588 2694 4655 ἀποστῆναι,
2725 4589 2880 4640 αὑτὸν
2924 4590 2979 4640 δὲ
3025 4591 3262 4658 οὐδαμῶς
3305 4610 3435 4660 προ-

1909 4670 2142 4732 νοοῦντα,
2191 4671 2281 4720 καὶ
2319 4669 2622 4736 κηδόμενον.
2669 4673 2735 4721 El
2784 4671 2889 4737 γὰρ
2943 4673 3036 4723 καὶ
3087 4673 3435 4736 ἐπιλάθοιτο,

1911 4751 2057 4820 φησὶ,
2106 4751 2254 4816 γυνὴ
2299 4749 2401 4800 τοῦ
2430 4749 2672 4814 ἐλεῆσαι
2710 4751 2781 4801 τὰ
2821 4752 3030 4818 ἔκγονα
3072 4753 3176 4816 τῆς
3215 4755 3438 4816 κοιλίας

1909 4831 2108 4896 αὐτῆς,
2124 4833 2255 4883 ἀλλ’
2277 4830 2387 4895 ἐγὼ
2408 4832 2514 4882 οὐκ
2537 4831 2888 4895 ἐπιλήσομαί
2906 4846 3036 4882 σου.
3062 4832 3314 4901 Καθάπερ
3334 4833 3437 4901 γὰρ

1910 4914 2088 4980 ἐκείνη
2130 4913 2187 4964 οὑ
2243 4912 2374 4978 πρὸς
2420 4911 2514 4978 τὴν
2560 4912 2752 4977 ἀρετὴν
2780 4913 2877 4978 ὁρᾷ
2919 4911 3023 4961 τῶν
3057 4914 3277 4973 παίδων,
3308 4913 3440 4965 ἀλλά

1912 4996 2118 5060 φύσεως
2147 4992 2304 5060 νόμον
2330 4993 2543 5059 πληροῖ·
2567 4991 2723 5050 οὕτω,
2745 4993 2834 5042 καὶ
2858 4991 3002 5060 [245]
3027 4994 3197 5060 πο).λῷ
3227 4995 3438 5062 μᾶλλον,

1911 5078 1937 5126 ὁ
1967 5075 2092 5134 Θεὸς
2124 5073 2207 5124 ἀεὶ
2237 5071 2470 5140 κήδεται,
2498 5071 2744 5122 οὐδέποτε
2774 5072 3076 5137 ἀφίσταται,
3107 5075 3189 5124 ἀεὶ
3219 5066 3291 5125 τὸ
3313 5077 3441 5128 αὐτὸ

1916 5157 2102 5225 μέτρον
2144 5153 2510 5204 ἐπιδείκνυται.
2546 5151 2654 5202 Kal
2699 5151 2810 5218 ἐγὼ
2855 5153 3072 5218 Δανιὴλ
3102 5155 3438 5223 ἐκοιμήθην,

1913 5240 2006 5291 καὶ
2063 5237 2466 5304 ἐμαλακίσθην
2518 5234 2736 5302 ἡμέρας
2761 5250 2773 5263 ·
2833 5237 2930 5288 καὶ
2994 5238 3281 5300 ἀνέστην,
3345 5240 3440 5291 καὶ

1951 5446 1994 5509 ἐ
2010 5442 2265 5509 ybgqliqs
2289 5440 2554 5509 iqripsgrifp
2574 5443 2860 5509 προσῆλθον,
2884 5447 2934 5509 u_t
2952 5454 3111 5509 supra,
3155 5440 3338 5509 Danzl'l,
3365 5438 3436 5509 16.

1910 5501 1990 5608 §ic
2010 5501 2091 5604 In}.
2119 5502 2175 5545 ‘20
2206 5500 2264 5548 de
2291 5500 2477 5550 Civilale
2500 5500 2722 5559 Dei,’cap.
2754 5502 2827 5559 25,
2850 5500 3066 5557 habetur,
3102 5500 3328 5548 accessit:
3370 5501 3440 5546 vi-

1935 5571 2033 5607 lusc
2075 5572 2228 5606 ursan.
