4140 6314
708 342 818 398 237

704 452 942 507 ἐποίουν
960 449 1029 502 τὰ
1044 449 1182 516 ἔργα
1198 447 1607 511 τοῦβασιλέως
1626 462 1639 475 °
1668 447 1762 498 καί
1793 440 2112 510 ἐθαύμαζον
2135 438 2246 503 τὴν

706 544 943 610 ὅρασιν’
985 539 1083 592 καί
1120 540 1228 590 οὐκ
1251 534 1327 606 ἦν
1352 540 1385 589 ό
1411 536 1652 589 συνιών.
1690 536 1855 586 Πόθεν
1879 528 2243 599 ὲμαλακίσθη;

720 631 854 684 Ὑπὸ
885 631 979 698 τῆς
1013 628 1243 694 ἀθυμίας
1268 626 1397 686 ἴσως
1425 625 1530 677 τῶν
1561 623 1823 690 ἐσομένων
1867 619 2069 681 δεινῶν,
2103 616 2246 680 λογι-

715 722 939 789 σάμενος
981 718 1114 787 πρὸς
1146 715 1353 778 ἑαυτὸν,
1385 715 1464 766 ὅτι
1492 714 1695 765 οὐδέπω
1722 711 1787 763 τὰ
1820 709 2058 777 παρόντα
2101 705 2249 765 τέλος

713 811 840 879 ἔχει.
876 808 984 860 Kal
1006 807 1256 863 τοσαῦτα,
1286 804 1436 871 φησὶ,
1468 802 1625 853 πάλιν
1654 799 1895 851 δεινά.’Ὴ
1926 794 2081 847 πάλιν
2103 792 2251 843 οῠπω

713 895 1012 966 κατήλλαξα
1045 896 1219 954 αὐτοῖς
1243 895 1330 945 τὸν
1353 893 1498 953 Θεὸν,
1528 892 1620 942 καὶ
1642 888 1792 941 αὐτοί
1820 881 2203 951 ὲκπολεμοῦσιν
2223 891 2250 918 ι

716 987 890 1039 αὐτόν.
917 984 1023 1038 Kal
1055 984 1332 1045 ἀνέστην,
1364 980 1458 1032 καί
1491 979 1732 1031 ἐποίουν
1753 975 1823 1026 τὰ
1851 974 1989 1038 ἔργα
2014 969 2116 1020 τοῦ
2142 968 2253 1028 ﬁa-

715 1077 946 1140 σαῖέως.
981 1072 1281 1132 Τουτέστιν,
1317 1068 1631 1138 ὑπηρέτουν.
1668 1063 1772 1116 Kal
1801 1057 2117 1125 ἐθαύμαζον
2143 1054 2254 1119 τὴν

716 1169 924 1234 ὅρασιν
942 1181 955 1193 ’
986 1162 1083 1215 καί
1107 1157 1309 1227 οὑκξῆν
1335 1162 1366 1211 ὁ
1391 1154 1632 1210 συνιών.
1663 1152 1909 1205 Μάλιστα
1929 1147 2081 1200 τοῦτο
2102 1143 2254 1212 φέρει

716 1229 836 1309 τινὰ
880 1252 1083 1317 ὀδύνην,
1111 1250 1234 1301 ὅταν
1271 1246 1400 1316 μηδέ
1431 1244 1725 1309 ἐξενεγκεῖν
1770 1240 1862 1307 ἐξῇ
1914 1237 1990 1299 εἰς
2034 1249 2152 1286 τινα
2185 1229 2254 1317 τά

717 1342 930 1411 λυπηρά
950 1358 961 1370 ο
992 1315 1032 1409 ἢ.
1054 1339 1134 1388 ὅτι
1166 1315 1386 1403 πονηροὶ
1409 1328 1565 1400 ἦσαν.
1595 1328 1701 1382 Kal
1726 1326 1988 1385 ἐποίουν,
2015 1320 2166 1387 φησι,
2185 1315 2256 1368 τὰ

719 1408 874 1497 ἔργα
906 1427 1007 1480 τοῦ
1059 1422 1376 1488 βασιλέως.
1412 1418 1711 1478 Τουτέστιν,
1737 1413 1887 1465 οὐδὲν
1914 1408 2253 1479 παρελίμπα-

720 1536 831 1579 νον,
864 1516 978 1569 ἀλλ’
1008 1513 1219 1565 ἐποίουν
1246 1509 1313 1562 τὰ
1341 1508 1492 1577 ἔργα.

1306 1614 1552 1667 ΚΕΦΑΛ.
1592 1611 1668 1664 ΘΠ

804 1728 903 1782 Ἐν
926 1725 1003 1789 τῷ
1026 1723 1225 1791 πρώτῳ
1248 1720 1363 1773 ἔτει
1384 1718 1643 1784 Δαρείου,
1674 1715 1778 1768 τοῦ
1805 1711 1939 1767 υἱοῦ
1966 1705 2259 1768 Ἀσσουή-

718 1833 849 1883 ρου,
882 1814 993 1866 ἀπὸ
1021 1811 1123 1865 τοῦ
1148 1810 1479 1877 σπέρματος
1514 1803 1746 1871 Μήδων,
1783 1798 1848 1863 ὃς
1872 1797 2261 1883 ἐϐασίλευσεν

724 1879 820 1957 έπί
853 1902 965 1968 τὴν
980 1900 1299 1962 ,βασιλείαν
1318 1895 1640 1953 Χαλδαίων,
1674 1891 1741 1942 ἐν
1763 1888 1879 1939 ἔτει
1910 1885 1997 1935 ἐνὶ
2020 1880 2128 1947 τῆς
2148 1879 2261 1942 ,Βα-

727 1990 954 2054 σιλείας
989 1986 1189 2049 αὐτοῦ,
1223 1983 1333 2053 ἐγὼ
1366 1980 1585 2047 Δανιὴλ
1628 1975 1865 2042 συνῆκα
1904 1974 1970 2024 ὲν
2012 1970 2138 2032 ταῖς
2166 1968 2261 2031 ,βί-

730 2081 889 2141 ϐλοις
938 2076 1042 2127 τὸν
1084 2072 1323 2140 ἀριθμὸν
1367 2070 1481 2122 τῶν
1515 2067 1692 2129 ἐτῶν,
1734 2063 1861 2130 περὶ
1904 2055 1975 2114 οὗ
2017 2056 2262 2126 ἐγενήθη

727 2165 904 2233 λόγος
937 2161 1150 2227 Κυρίου
1195 2162 1338 2225 πρὸς
1376 2154 1641 2223 Ἱερεμίαν
1674 2152 1778 2201 τὸν
1806 2145 2132 2214 προφήτην,
2183 2143 2266 2205 εἰς

729 2230 1159 2319 συμπλήρωσιν
1184 2246 1521 2313 ἐρημώσεως
1563 2240 1670 2306 τῆς
1704 2234 2079 2304 Ἰερουσαλὴμ
2108 2230 2266 2283 ἐϐδο-

727 2317 993 2409 μήκοντα
1016 2338 1137 2402 ἔτη.
1165 2334 1273 2387 Καὶ
1299 2332 1485 2384 ἔδωκα
1527 2331 1592 2381 τὸ
1637 2325 1952 2392 πρόσωπόν
1973 2338 2089 2390 μου
2120 2317 2266 2385 πρὸς

733 2405 947 2493 Κύριον
984 2426 1089 2477 τὸν
1126 2422 1288 2486 Θεὸν,
1323 2418 1425 2472 τοῦ
1464 2415 1777 2483 ἐκζητῆσαι
1801 2405 2265 2493 προσευχὴνῌκαί

732 2489 941 2582 δέησιν
976 2515 1044 2566 ἐν
1071 2512 1365 2577 νηστείαις
1395 2508 1489 2560 καί
1513 2506 1711 2566 σάκκῳ
1742 2504 1835 2555 καί
1860 2498 2078 2561 σποδῷ.
2104 2489 2266 2556 υύτος

732 2606 764 2656 ὁ
792 2605 969 2671 Μῆδος
1000 2605 1232 2669 Δαρεῖος.
1268 2597 1482 2666 Πρῶτον
1515 2596 1568 2647 δὲ
1596 2594 1709 2654 ἔτος
1735 2592 1851 2659 οὐχὶ
1876 2590 1971 2657 τῆς
2001 2585 2267 2655 βασιλείας

736 2691 895 2745 αὐτοῦ
940 2706 1100 2758 φησι·
1149 2689 1206 2737 οὐ
1240 2686 1344 2753 γάρ
1378 2681 1544 2746 εἶπεν,
1573 2685 1627 2733 ἐν
1664 2680 1737 2747 τῷ
1779 2676 1973 2747 πρώτῳ
1996 2676 2092 2741 τῆς
2122 2673 2269 2740 βασι-

735 2779 881 2841 λείας
916 2776 1096 2837 αὐτοῦ,
1130 2774 1376 2836 ἀλλ’,Ἐν
1406 2768 1485 2834 τῷ
1525 2768 1723 2834 πρώτῳ
1760 2766 1875 2818 ἐτρι
1907 2763 2163 2830 Δαρείου,
2202 2760 2268 2811 ἐν

736 2867 826 2919 ὲνί
858 2866 974 2918 ἔτει
1008 2862 1116 2929 τῆς
1133 2860 1444 2925 βασιλείας
1470 2857 1670 2921 αὐτοῦ,
1701 2856 1835 2907 ὥστε
1871 2850 2090 2905 δυνατὸν
2116 2849 2269 2915 λέγε-

742 2955 861 3006 σθαι
894 2955 983 3006 καὶ
1008 2951 1217 3021 πρῶτον
1241 2949 1374 3010 ἔτος,
1406 2946 1763 3016 βασιλεύοντος
1801 2943 1895 3011 μὲν
1938 2939 2119 3001 αὐτοῦ,
2153 2939 2269 2989 τότε

736 3042 792 3094 δὲ
816 3040 1085 3101 ἀνελόντος
1113 3038 1237 3098 ῐσως
1256 3038 1376 3097 τοὺς
1402 3035 1526 3103 περὶ
1554 3034 1849 3100 Βαλτάσαρ.
1870 3031 2007 3097 Ἐγὼ
2047 3026 2268 3092 Δανιὴλ

737 3129 974 3195 συνῆκα
1015 3128 1081 3179 ἐν
1123 3125 1247 3188 ταῖς
1272 3124 1502 3186 βίϐλοις
1534 3122 1637 3172 τὸν
1667 3119 1908 3186 ἀριθμὸν
1951 3116 2065 3169 τῶν
2103 3113 2265 3168 ἐτῶν.

736 3218 1010 3277 Τουτέστι,
1049 3214 1143 3283 τὴν
1175 3213 1402 3279 σφαγήν.
1447 3211 1553 3261 Kal
1588 3206 2141 3274 ἀνελογισάμην.“ορα
2174 3203 2269 3253 αὐ-

736 3307 826 3358 τὸν
854 3306 956 3373 πρὸ
983 3305 1081 3371 τῆς
1115 3301 1443 3371 προθεσμίας
1475 3299 1533 3349 οὐ
1564 3296 1835 3365 τολμῶντα
1868 3293 2172 3362 προσελθεῖν
2198 3289 2273 3358 τῷ

738 3394 995 3463 Δεσπότῃ.
1014 3391 1147 3442 Ἀλλ’
1179 3392 1226 3441 οἰ
1270 3390 1364 3458 μὲν
1404 3391 1545 3457 τρεῖς
1584 3386 1766 3446 παῖδες
1794 3384 2032 3435 ποιοῦσιν
2061 3381 2187 3433 αὐτὸ
2218 3382 2274 3431 ἐν

738 3482 804 3549 τῆ
831 3480 1037 3548 καμίνῳ
1056 3496 1068 3509 ’
1104 3474 1251 3538 οὗτος
1279 3478 1331 3529 δὲ
1358 3479 1413 3527 ἐν
1444 3476 1521 3542 τῷ
1556 3475 1735 3541 λάκκῳ
1765 3473 1911 3524 οὐδὲν
1944 3471 2179 3537 ἐποίησε.
2212 3468 2276 3519 Τί

739 3564 859 3631 οῦνς
906 3567 940 3634 ἢ
987 3567 1178 3617 ἐκεῖνοι
1219 3565 1419 3625 κακῶς,
1453 3565 1485 3631 ἢ
1531 3558 1708 3623 οὗτος
1746 3559 2275 3623 Οὐδέτεροι.Ἐκεῖνοι

744 3657 841 3725 μὲν
871 3656 975 3723 γὰρ
1002 3654 1097 3722 τὴν
1127 3651 1517 3720 φιλοστοργίαν,
1549 3645 1698 3710 οὗτος
1743 3648 1798 3699 δὲ
1824 3648 1918 3715 τὴν
1954 3645 2161 3696 σύνεσιν
2186 3643 2275 3695 τοῦ

744 3743 935 3813 καιροῦ
988 3742 1417 3812 παραγενομένου
1464 3739 1696 3790 «ἐδείκνυ.
1740 3732 1863 3804 'Ap‘
1903 3730 1992 3787 οῦν
2051 3732 2278 3793 συνετῶς

744 3832 1069 3898 ἀνεγίνωσκε
1120 3832 1185 3881 τὰ
1237 3828 1577 3897 προφητικά;
1619 3820 1781 3892 Οἶμαι
1816 3824 1859 3875 δ’
1894 3822 2049 3874 αὐτὸν
2084 3822 2181 3873 οὐκ
2218 3822 2281 3872 ἐκ

744 3923 840 3991 τῆς
887 3920 1131 3980 ἁλώσεως
1179 3918 1452 3985 ἀριθμεῖν,
1503 3916 1612 3967 ἀλλ’
1657 3916 1719 3965 ἐκ
1765 3913 1859 3981 τῆς
1912 3910 2280 3979 αἰχμαλωσίας

747 4012 872 4073 ἴσως
914 4008 1002 4061 τοῦ
1055 4006 1281 4074 Ἰσραήλ.
1338 4005 1637 4072 Ἐρήμωσιν
1678 4001 1781 4071 γάρ
1830 4001 2048 4061 εἰκότως
2093 3999 2156 4051 άν
2201 4014 2284 4061 τις

748 4102 885 4153 είποι
920 4096 1263 4168 Ἰερουσαλὴμ
1298 4092 1389 4144 καὶ
1424 4092 1546 4153 τοὺς
1577 4090 1859 4158 πολέμους.
1894 4089 2032 4156 Ὅρα
2072 4089 2162 4137 καὶ
2193 4085 2283 4138 τὸν

747 4188 970 4257 ἀριθμὸν
1020 4181 1355 4237 σαϐϐατικόν.
1406 4181 1612 4247 Ὥσπερ
1659 4178 1765 4247 γὰρ
1810 4176 1925 4227 τότε
1967 4174 2284 4242 τετρακόσια

746 4277 1028 4343 τριάκοντα
1075 4274 1164 4325 καὶ
1208 4271 1449 4323 διακόσια
1491 4267 1775 4319 δεκαπέντε
1818 4263 2081 4330 ἐποίησεν,
2115 4261 2283 4323 οὕτως

746 4360 894 4431 οἶμαι
922 4362 1011 4413 xal
1042 4361 1133 4412 νῦν
1167 4359 1364 4411 ἐλάττω
1395 4351 1546 4407 εἶναι.
1587 4352 1736 4424 [246]
1763 4350 1897 4417 Περί
1918 4346 1989 4405 οὗ
2016 4347 2280 4415 ἐγενήθη,

747 4450 909 4516 φησὶ,
961 4448 1137 4513 λόγος
1184 4443 1329 4509 πρὸς
1382 4442 1659 4507 Ἰερεμίαν
1702 4438 1805 4490 τὸν
1845 4437 2170 4503 προφήτην,
2204 4436 2290 4498 εἰς

747 4534 1174 4603 συμπλήρωσιν
1224 4530 1564 4596 ἐρημώσεως
1618 4524 1993 4592 Ἰερουσαλὴμ
2046 4520 2287 4588 ἐϐδομή-

748 4641 924 4679 κοντα
951 4624 1071 4685 Ern.
1093 4621 1195 4674 Kal
1226 4619 1411 4670 ἔδωκα
1435 4617 1498 4667 τὸ
1528 4614 1844 4681 πρόσωπόν
1865 4630 1978 4679 μου
2005 4611 2148 4676 πρὸς
2175 4610 2287 4661 Κύ-

741 4731 874 4780 ριον
889 4712 989 4764 τὸν
1003 4708 1165 4771 Θεὸν,
1182 4707 1283 4759 τοῦ
1300 4703 1605 4769 ἐκζητῆσαι
1622 4700 1963 4767 προσευχὴν
1974 4699 2066 4750 καί
2085 4697 2289 4762 δέησιν

748 4804 815 4855 ἐν
832 4800 1132 4865 νηστείαις
1147 4796 1249 4848 καὶ
1262 4794 1461 4857 σάκκῳ
1482 4792 1574 4843 καί
1594 4791 1814 4851 σποδῷ.
1836 4789 1973 4855 Ὅρα
1989 4786 2284 4838 εὐλάϐειαν.

752 4889 855 4942 Kal
882 4888 1089 4949 ἔδωκα,
1114 4884 1263 4951 φησὶ,
1294 4882 1358 4933 τὸ
1379 4879 1694 4945 πρόσωπόν
1711 4892 1845 4942 μου.
1869 4876 2138 4935 Τουτέστι,
2158 4890 2288 4924 κατ-

750 4975 1089 5049 ῃσχυμμένος
1112 4972 1256 5038 ήμην
1278 4969 1380 5038 πρὸ
1399 4967 1605 5026 τούτου,
1624 4963 1725 5031 πρὸ
1756 4964 1853 5029 τῆς
1883 4961 2253 5021 ταπεινώσεως
2272 4973 2287 4988 ·

750 5048 843 5118 νῦν
871 5062 927 5113 δὲ
950 5060 1194 5118 Ἕδωκα,
1220 5057 1335 5107 ἀντὶ
1360 5054 1450 5105 τοῦ
1480 5054 1763 5119 ἐτόλμησα.
1789 5051 1849 5101 Εἰ
1873 5048 1929 5101 δὲ
1957 5048 2292 5115 ὀφειλόμενον

752 5151 973 5221 ἀπῄτει,
1004 5148 1102 5199 οὐκ
1138 5147 1203 5199 ἀν
1233 5144 1410 5208 ἔλεγε,
1446 5141 1667 5192 Ἕδωκα
1700 5139 1763 5190 τὸ
1803 5139 2117 5205 πρόσωπόν
2150 5153 2291 5204 μου,

816 5407 838 5432 ι
864 5400 984 5449 Vide
1008 5396 1218 5451 Suidam,
1243 5390 1363 5453 apud
1388 5400 1529 5493 (gnem
1550 5385 1600 5434 in
1622 5385 1771 5433 verbo
1791 5386 2138 5446 ἐμπολιμῶσαι,
2170 5384 2290 5434 nihil

818 5468 935 5493 ...νο
957 5457 1191 5493 dab-uarat
1209 5449 1269 5493 H.
1293 5451 1411 5493 διον
1451 5483 1459 5491 .
1507 5446 1766 5493 Elemnter
1784 5452 1961 5493 autem.
1986 5445 2066 5493 an!
2090 5442 2290 5492 Conslit.

750 5442 1191 5509 τηιιιετῖἆῶἶιεηὶ
1205 5442 1459 5509 Ήδδιερῖ).
1507 5446 1766 5509 Ειςεθηιει·
1784 5442 2066 5509 οὺῑεηξζψιὶ
2084 5442 2291 5509 Ὀοῃξιίι.

753 5502 1219 5578 Ὗῶιίἶιςίιηξκ
1240 5502 1531 5578 τΞιρατάεὶιες
1567 5502 1839 5564 ἁμαρτάνειν
1863 5504 1909 5547 In
1932 5502 2018 5548 hac
2058 5503 2292 5561 signiﬁca-

754 5563 889 5631 ἷίἶήιε
912 5563 1227 5632 υενιιτῖιῐιίιίδ.
1259 5563 1319 5626 2,’
1330 5576 1429 5623 cap.
1453 5563 1525 5610 23.

1394 336 1451 390 S.
1489 332 1766 390 JOANNIS
1802 325 2278 387 CHRYSOSTOMI
2325 325 2638 383 ARCHIEP.
2674 319 3201 383 CONSTANTINOP.

3776 299 3893 356 238

2353 440 2425 500 ὡς
2444 438 2532 491 ἐπὶ
2556 433 3148 508 παρακεκινδυνευμένῳ
3168 430 3460 500 πράγματι.
3482 423 3546 476 Εἰ
3562 421 3697 488 ὑπὲρ
3716 417 3891 472 ἄλλων

2352 530 2582 601 τοσαύτῃ
2618 530 2808 599 χρῆται
2850 526 3068 594 σπουδῇ,
3109 525 3157 597 εἰ
3183 519 3465 579 τοσαύταις
3496 512 3770 567 ἀπολαύων
3795 510 3895 563 καὶ

2354 624 2501 691 παρά
2522 623 2612 675 τοῦ
2638 622 2769 675 Θεοῦ
2795 624 2885 675 καὶ
2912 620 3058 689 παρὰ
3080 616 3171 670 τοῦ
3200 612 3454 685 βασιλέως
3474 608 3701 668 εὐνοίαις
3722 606 3774 666 δ,
3793 604 3897 655 οὐκ

2354 715 2463 782 ἔχει
2482 714 2600 765 τινὰ
2622 714 2864 781 αἴσθησιν
2888 713 2992 764 τῶν
3021 709 3369 779 πραγμάτων,
3397 702 3508 755 ἀλλ’
3538 700 3612 761 ὡς
3642 697 3795 759 αὐτὸς
3819 695 3900 747 ὣν

2355 811 2410 860 ἐν
2446 809 2553 868 τοῖς
2585 808 2790 870 δεινοῖς,
2832 806 3006 857 αὐτῶν
3036 803 3144 857 τῶν
3185 802 3351 853 ὄντων
3381 795 3574 865 μᾶλλον
3603 794 3847 844 ἐδάκνετο
3883 805 3899 815 “

2357 901 2471 961 πῶς
2507 900 2571 952 ἇν
2612 917 2695 961 τις
2734 899 2892 951 αὐτὸν
2932 897 3051 949 κατ’
3083 894 3237 957 ἀξίαν
3270 888 3620 959 θαυμάσειεν;
3666 885 3801 952 Ὅρα
3840 882 3903 934 δὲ

2356 994 2450 1044 xal
2494 994 2627 1062 μετὰ
2657 994 2752 1055 τάς
2784 992 2988 1058 θλίψεις
3018 989 3223 1049 ὲκείνας
3250 987 3310 1038 οὐ
3344 980 3638 1053 θαρροῦντα
3672 977 3903 1047 προσελ-

2359 1088 2496 1151 θεῖν,
2537 1087 2641 1148 ’ἐως
2679 1082 2783 1137 εἶδε
2821 1084 2908 1137 τὸν
2948 1083 3134 1152 χρόνον
3171 1076 3536 1147 πληρωθέντα.
3584 1072 3689 1125 Ποῦ
3728 1070 3905 1125 τοίνυν

2359 1177 2648 1247 κεισόμεθα
2684 1176 2865 1229 λοιπὸν
2904 1177 3060 1243 ἡμεῖς
3090 1174 3137 1225 οἱ
3168 1172 3369 1234 ἀθλιοι;
3411 1168 3475 1219 Τί
3504 1166 3701 1234 λέγεις,
3731 1160 3775 1217 ὦ
3801 1169 3908 1218 Δα-

2359 1269 2504 1338 νιήλ;
2536 1271 2592 1320 ἐν
2623 1268 2842 1335 ἀγαθοῖς
2868 1263 2916 1319 εἰ
2945 1268 3030 1328 σὺ,
3063 1266 3226 1334 τιμῆς
3258 1261 3541 1322 ἀπολαύεις
3574 1260 3720 1329 παρὰ
3748 1259 3905 1322 Θεοῦ,

2361 1361 2508 1429 παρά
2543 1360 2835 1430 ἀνθρώπων
2870 1377 2883 1390 ·
2924 1360 2976 1410 τί
3015 1375 3094 1410 σοι
3137 1357 3312 1426 μέλλει
3344 1355 3401 1424 (Ι.
3442 1354 3609 1423 μέλει)
3640 1352 3765 1422 περὶ
3799 1352 3909 1405 τῶν

2361 1452 2561 1517 allow;
2595 1452 2747 1506 οὕτω
2773 1454 2865 1504 καὶ
2892 1451 3125 1521 Μωῦσῆς
3151 1450 3339 1501 ἐποίει.
3375 1448 3483 1499 Kal
3516 1448 3568 1499 τί
3608 1464 3771 1515 φησις
3814 1447 3911 1501 Ἐν

2363 1548 2663 1613 νηστείαις
2713 1547 2810 1599 καί
2857 1546 3059 1611 σάκκῳ
3108 1545 3203 1598 καί
3234 1543 3435 1607 σποδῷ
3483 1543 3549 1595 τὰ
3594 1543 3912 1612 ὀφειλόμενα

2366 1639 2627 1693 ἀπαιτῶν.
2670 1639 2734 1689 Τί
2767 1639 2894 1707 γὰρ,
2933 1639 2979 1689 εἰ
3016 1636 3301 1703 (Expellere;
3337 1637 3557 1705 Μήποτε
3598 1637 3689 1688 καί¹
3722 1637 3911 1689 τούτου

2367 1732 2611 1795 ἀναξίους
2653 1732 2873 1791 ἑαυτοὺς
2922 1730 3192 1798 ἐποίησαν.
3244 1727 3319 1783 Ού
3369 1730 3475 1796 γάρ
3515 1730 3657 1781 ἐστιν
3702 1730 3913 1800 ἀνάγκη

2368 1824 2515 1893 παρά
2536 1823 2651 1892 Θεῷ
2672 1840 2683 1850 ·
2711 1822 2973 1891 ἀνώτερος
2994 1822 3168 1890 νόμων
3188 1821 3318 1873 ἐστί.
3346 1822 3452 1874 Τοῦ
3473 1820 3731 1887 ζητῆσαι,
3758 1826 3910 1893 φησί,

2368 1916 2713 1984 προσευχὴν
2740 1916 2838 1968 καὶ
2873 1916 3096 1981 δέησιν.
3135 1914 3351 1984 Πρῶτον
3378 1914 3531 1965 τοῦτο
3554 1914 3813 1983 ἐπιζητεῖ.
3846 1917 3914 1968 Εἰ

2369 2011 2645 2081 ἐπιτρέπει
2687 2027 2794 2079 μοι,
2824 2010 2973 2078 φησὶ,
3013 2008 3262 2073 εὔξασθαι
3296 2008 3430 2076 ὑπὲρ
3469 2008 3643 2060 αὐτῶν
3677 2024 3691 2036 ·
3728 2010 3915 2079 ἐπειδὴ

2370 2108 2592 2175 ἠκουσεν
2623 2104 2878 2174 Ἰερεμίου
2906 2102 3058 2155 τοῦτο
3087 2101 3382 2164 ἀκούοντος,
3412 2103 3491 2153 ὃτι
3539 2101 3632 2169 Μὴ
3666 2106 3918 2170 προσεύ..

2370 2215 2480 2265 χου
2516 2198 2664 2262 ὑπὲρ
2704 2198 2805 2249 τοῦ
2847 2195 2995 2249 λαοῦ
3036 2195 3263 2257 τούτου,
3305 2194 3399 2246 καί
3436 2195 3519 2261 μὴ
3557 2195 3728 2257 ἀξίου
3766 2196 3919 2265 ὑπὲρ

2370 2288 2581 2342 αὐτῶν.
2619 2290 2793 2356 Ἔχων
2827 2288 2899 2356 (Γ.
2948 2290 3070 2342 add.
3100 2286 3229 2356 τὴν)
3267 2287 3373 2338 ἀπὸ
3401 2288 3495 2355 τῆς
3525 2289 3915 2356 αἰχμαλωσίας,

2370 2380 2465 2450 τὴν
2515 2381 2620 2434 ἀπὸ
2675 2380 2780 2433 τῶν
2840 2382 3039 2451 χρόνων
3109 2379 3443 2449 συμμαχίαν,
3508 2379 3603 2449 τὴν
3657 2382 3766 2434 ἀπὸ
3820 2383 3919 2453 τῆς

2372 2476 2576 2537 οἰκείας
2600 2476 2812 2543 ἀρετῆς,
2840 2476 2930 2526 καὶ
2953 2474 3043 2526 τοῦ
3070 2475 3235 2544 μυρία
3256 2474 3458 2539 παθεῖν,
3479 2474 3684 2527 οὐδέπω
3708 2476 3918 2549 θαρρεῖ,

2374 2569 2505 2622 ἀλλά
2518 2570 2718 2638 τέφραν
2734 2569 3209 2639 ὐποστρωσάμενος
3220 2569 3311 2621 καὶ
3325 2570 3540 2631 σάκκον,
3554 2569 3722 2631 οὕτως
3734 2571 3920 2626 ἐδεῖτο.

2375 2664 2439 2714 Τί
2466 2664 2754 2731 ποιήσομεν
2776 2664 2931 2731 ἡμεῖς
2955 2662 3006 2713 οἰ
3031 2661 3314 2730 ἀνάλγητοι
3335 2680 3348 2727 ;
3373 2660 3567 2714 Τοῦτον
3590 2664 3732 2731 ἡμᾶς
3754 2665 3923 2735 ἐχρῆν

2379 2755 2671 2823 μιμεῖσθαι.
2707 2754 2817 2805 Ἵνα
2858 2754 2965 2822 γὰρ
3007 2755 3079 2822 μή
3112 2770 3194 2816 τις
3225 2753 3376 2824 λέγῃ,
3412 2755 3491 2806 ὅτι
3528 2754 3612 2806 διά
3650 2756 3838 2808 πενίαν
3873 2758 3926 2809 οι

2375 2848 2544 2899 λοιποὶ
2582 2850 2847 2917 προφῆται
2885 2847 3054 2899 ταῦτα
3088 2846 3297 2899 ἐποίουν
3328 2861 3345 2878 ο
3381 2848 3409 2897 ό
3446 2848 3673 2915 μάλιστα
3710 2850 3926 2903 πάντων

2379 2942 2510 3010 πρὸς
2555 2940 2869 3008 ἀξιωμάτων
2912 2940 3135 3007 μέγεθος
3176 2939 3452 3008 ἀναχθεὶς,
3498 2935 3648 3003 οὗτος
3696 2944 3927 3011 μάλιστα

2378 3034 2589 3087 πάντων
2611 3032 2966 3085 ταπεινοῦται.
2993 3034 3099 3084 Καὶ
3124 3031 3229 3084 ἀπὸ
3257 3032 3347 3085 τοῦ
3374 3033 3677 3102 σπέρματος
3704 3036 3804 3104 τῆς
3834 3035 3930 3104 βα-

2380 3128 2575 3189 σιλείας
2597 3126 2681 3196 ἦν,
2705 3129 2794 3179 καὶ
2819 3126 3079 3178 τοσούτων
3104 3126 3417 3180 ἀπέλαυσεν.
3440 3127 3589 3179 Οῦτω
3610 3129 3689 3179 δεῖ
3715 3129 3930 3184 πενθεῖν

2377 3219 2443 3270 τά
2461 3221 2627 3271 οἰκεῖα
2645 3220 2699 3269 δε
2709 3219 2808 3279 ινά,
2825 3220 2963 3269 οὕτω
2976 3219 3081 3268 τῶν
3105 3218 3273 3285 μελῶν
3294 3218 3557 3283 φείδεσθαι
3573 3221 3678 3273 τῶν
3693 3222 3926 3274 οἰκείων.

2379 3316 2543 3369 Τοῦτο
2567 3313 2869 3383 συμπάθεια
2892 3312 2994 3363 τῶν
3016 3312 3320 3380 προφητῶν.
3340 3313 3478 3382 Ὅρα
3498 3315 3666 3384 ταύτῃ
3698 3317 3932 3383 μάλιστα

2381 3407 2810 3477 θαυμασιώτερον
2850 3405 2994 3457 ὄντα.
3024 3404 3255 3471 Μωῦσῆς
3287 3404 3466 3471 ἔλεγεν
3498 3420 3511 3433 ·
3540 3407 3606 3457 Εἰ
3633 3406 3747 3473 μὲν
3772 3407 3934 3475 ἀφῇς

2382 3500 2600 3564 αὐτοῖς,
2633 3498 2757 3549 ἐπεὶ
2788 3496 2934 3563 κάμὲ
2961 3495 3279 3562 ἐξάλειψον
3296 3497 3362 3547 ἐκ
3385 3496 3492 3560 τῆς
3508 3498 3743 3559 βίϐλου.
3767 3494 3935 3561 Οὗτος

2384 3596 2441 3647 ἐν
2469 3592 2737 3661 νηστείαις
2764 3585 2831 3658 ἦν
2859 3589 2949 3640 καὶ
2976 3589 3199 3657 δάκρυσι
3225 3589 3498 3656 διηνεκῶς,
3531 3590 3733 3652 Παῦλος
3756 3592 3935 3660 sum-

2386 3682 2491 3742 κῶς
2525 3683 2581 3732 ἐν
2620 3680 2866 3747 δάκρυσι,
2914 3676 3005 3729 καὶ
3047 3678 3265 3745 γεέννης
3309 3677 3474 3744 αὐτῆς
3513 3680 3930 3748 κατετόλμησεν.

2386 3776 2568 3836 Οὐδεὶς
2590 3772 2763 3825 αὐτῶν
2790 3771 2898 3839 ἔχει
2920 3770 3024 3821 τῶν
3049 3770 3256 3821 οἰκείων
3280 3770 3490 3836 ἀγαθῶν
3515 3771 3760 3838 αἴσθησιν
3780 3789 3793 3802 ο
3819 3774 3935 3827 ἀλλ’

2385 3870 2567 3936 ὥσπερ
2596 3869 2650 3918 ἐν
2684 3864 2909 3933 σώματι,
2937 3863 3027 3914 τοῦ
3065 3862 3336 3931 ὀφθαλμοῦ
3376 3864 3533 3916 καλοῦ
3562 3866 3937 3933 τυγχάνοντος,

2387 3966 2484 4017 οὐκ
2517 3964 2581 4015 ἂν
2616 3961 2764 4015 λάϐοι
2798 3958 2890 4010 τοῦ
2924 3958 3147 4021 κάλλους
3181 3958 3443 4028 αἴσθησιν,
3486 3962 3792 4029 σεσηπότων
3829 3963 3939 4017 τῶν

2391 4058 2561 4112 ποδῶν
2599 4057 2691 4110 καί.
2726 4054 3127 4123 διεφθαρμένων
3154 4071 3167 4082 ’
3202 4054 3341 4106 οὕτω
3378 4055 3470 4106 καί
3503 4055 3619 4107 τότε
3660 4053 3747 4125 ἦν.
3781 4058 3940 4120 Τίνος

2388 4156 2567 4208 ἕνεκεν
2609 4156 2641 4222 ἠ
2684 4153 2903 4216 σποδός;
2953 4152 3371 4220 Ἀνεμίμνησκεν
3408 4152 3566 4204 αὐτὸν
3602 4153 3700 4221 τῆς
3732 4156 3941 4219 οἰκείας

2390 4248 2617 4315 φύσεως.
2642 4246 2794 4307 Τίνος
2823 4246 3003 4297 ἕνεκεν
3030 4245 3057 4295 ὁ
3084 4245 3310 4308 σάκκος;
3339 4246 3414 4312 Τῇ
3442 4245 3729 4314 τραχύτητι
3756 4265 3941 4302 ταπει.

2388 4342 2484 4392 νοῖ.
2516 4339 2669 4399 Τίνος
2693 4338 2874 4389 ἕνεκεν
2908 4338 2940 4403 ὴ
2973 4336 3218 4404 νηστείας
3241 4339 3349 4390 Kal
3376 4338 3510 4406 αὕτη
3532 4340 3638 4390 τῶν
3672 4343 3729 4393 ἐν
3760 4360 3941 4413 παρα-

2389 4435 2547 4502 δείσῳ
2568 4432 2983 4500 ἀνεμίμνησκεν.
3016 4429 3183 4482 Τοῦτο
3202 4431 3379 4492 αὐτοῖς
3402 4431 3516 4493 ἔθος
3536 4431 3685 4503 [ΞΠ]
3713 4436 3848 4499 ἐστὶ,
3874 4438 3943 4490 τά

2396 4527 2742 4599 βασανίζοντα
2766 4525 2996 4577 διώκειν.
3023 4525 3152 4577 Οὐδὲ
3176 4525 3272 4593 τῆς
3299 4526 3395 4593 γῆς
3426 4524 3570 4587 ἄξιός
3596 4528 3727 4594 εἰμι,
3751 4531 3940 4596 φησὶν,

2393 4623 2509 4674 οὐδὲ
2536 4621 2640 4672 τῶν
2670 4617 2914 4687 ἱματίων,
2946 4617 3061 4668 οὐδὲ
3094 4617 3199 4668 τῶν
3228 4617 3364 4669 κατά
3394 4617 3549 4683 φύσιν
3580 4621 3940 4687 πραγμάτων,

2394 4716 2525 4768 ἀλλὰ
2556 4712 2929 4782 χαλεπωτέρας
2959 4709 3246 4777 τιμωρίας,
3280 4711 3308 4760 ὁ
3335 4709 3400 4761 τὰ
3441 4710 3681 4778 Περσικά
3718 4712 3941 4779 περιϐε-

2396 4809 2654 4877 ϐλημένος
2689 4806 2997 4872 ὑφάσματα,
3040 4804 3068 4855 ό
3110 4802 3300 4871 τιάραν
3335 4804 3468 4871 ἔχων
3506 4805 3793 4872 Περσικήν.
3834 4808 3944 4859 Kal

2396 4905 2447 4955 τί
2477 4918 2636 4970 (pum;
2667 4901 2887 4967 Ἰδωμεν
2914 4898 3009 4966 τὴν
3040 4897 3430 4966 ἐξομολόγησιν.
3464 4899 3571 4951 Kal
3596 4901 3945 4965 προσηυξά-

2390 5013 2511 5065 μην
2539 4994 2685 5061 πρὸς
2725 4994 2936 5058 Κύριον
2965 4990 3068 5042 τὸν
3097 4989 3242 5042 Θεόν
3273 5008 3410 5057 μου,
3442 4992 3578 5060 Ὅρα
3617 4992 3676 5042 τὸ
3720 4992 3945 5064 φίλτρον

2395 5092 2454 5143 τὸ
2480 5090 2605 5158 περὶ
2631 5088 2719 5139 τὸν
2744 5085 3033 5154 Δεσπότην.
3078 5084 3189 5136 Τὸν
3213 5085 3359 5137 Θεόν
3384 5102 3518 5151 μου,
3557 5084 3685 5153 φησί
3708 5100 3721 5113 ’
3750 5084 3813 5138 δν
3842 5086 3945 5141 οὐκ

2398 5187 2589 5254 ἐτόλμα
2616 5181 2890 5242 ἰκετεύειν,
2916 5178 3093 5231 τοῦτον
3119 5178 3247 5231 Θεδν
3270 5177 3427 5230 αὐτοῦ
3455 5177 3620 5229 καλεῖ.
3651 5179 3773 5230 Ἔτι
3796 5179 3946 5246 ἐμοῦ

2456 5437 2483 5471 δ
2506 5435 2639 5506 [rege
2654 5428 3284 5506 foaa6mc...;_ejlyo§ag,£l
3302 5425 3420 5506 intra
3442 5432 3585 5506 τιιμῆς¹
3605 5426 3881 5506 ἀποζῳξξις,
3897 5434 3953 5506 ᾳ

2396 5485 2628 5543 τοσούτῶν
2648 5492 2921 5537 ἀπέλαυσεν.
2956 5485 3359 5546 Ρτεὶνίιεεελιτ.
3388 5485 3633 5533 Animadv.
3664 5485 3724 5533 ad
3747 5485 3946 5537 Daniel.

2395 5567 2441 5614 p.
2472 5550 2545 5599 49.
