4144 6308
224 326 341 383 237

212 426 321 488 aui,
348 434 397 478 et
424 426 651 492 cgratavi
693 427 794 478 dies
825 427 1049 494 aliquot:
1076 434 1120 478 et
1157 427 1346 480 surrexi
1367 465 1381 487 ,
1424 433 1465 477 et
1506 421 1741 492 faciebam

210 525 367 575 Opera
410 512 537 579 regis
565 523 648 564 :et
685 513 965 565 admirabar
1012 514 1243 565 uisionem
1268 528 1285 564 :
1314 521 1358 564 et
1398 528 1496 563 non
1532 519 1633 561 erat
1673 509 1756 577 qui

211 596 534 665 intelligeret.
580 598 728 651 Unde
756 600 1056 666 :rgrotavit?
1081 598 1339 651 Fortassis
1367 613 1429 650 ex
1458 595 1660 649 tristitia
1691 596 1756 649 ob

213 684 420 739 futuras
452 687 794 753 calamitates,
828 702 1002 741 secum
1034 696 1276 755 reputans
1296 726 1310 749 ,
1347 686 1573 738 nondum
1603 684 1753 735 finem

215 773 411 826 habere
454 790 539 827 res
583 785 883 842 praesentes.
915 777 977 828 Et
1018 784 1120 839 tot,
1150 775 1347 841 inquit,
1374 773 1543 825 adhuc
1571 785 1754 838 super-

208 871 336 912 sunt
363 860 519 913 mala.
549 861 638 913 Vel
667 863 875 926 iterum,
906 861 1143 914 Nondum
1166 861 1357 914 ludatis
1381 861 1542 913 Deum
1568 874 1751 912 recon-

207 949 411 1011 ciliavi,
440 959 493 1001 et
522 950 618 1016 ipsi
647 966 763 1003 eum
797 952 859 1003 ad
888 950 1080 1003 bellum
1113 958 1410 1017 provocant,
1435 964 1495 1001 ac
1520 948 1615 1000 sibi
1638 948 1755 1001 red-

207 1034 343 1086 dunt
374 1036 659 1088 inimicum.
690 1037 751 1088 Et
776 1038 995 1101 surrexi,
1020 1046 1064 1088 et
1095 1038 1332 1104 faciebam
1352 1052 1499 1102 opera
1522 1036 1667 1103 regis.
1700 1036 1752 1087 Id

207 1132 311 1185 est,
348 1124 729 1177 Ministrabam.
763 1125 823 1175 Et
848 1125 1131 1176 admirabar
1157 1126 1424 1186 visionem;
1449 1133 1493 1175 et
1529 1140 1627 1175 non
1651 1132 1753 1175 erat

206 1212 295 1277 qui
339 1212 654 1279 intelligeret.
696 1212 915 1265 Maxime
959 1213 1008 1264 id
1050 1213 1198 1265 affert
1239 1213 1491 1275 dolorem,
1532 1226 1649 1264 cum
1688 1227 1753 1265 ne

206 1297 419 1362 quidem
447 1298 569 1351 licet
611 1313 695 1352 res
739 1301 910 1352 tristes
948 1299 1131 1352 efferre
1163 1300 1211 1351 in
1237 1300 1463 1367 aliquem
1494 1317 1505 1351 :
1540 1314 1603 1350 an
1633 1299 1750 1365 quia

208 1384 437 1451 improbi
479 1396 650 1437 erant.
686 1386 747 1437 Et
791 1387 1048 1452 faciebam,
1077 1386 1260 1453 inquit,
1293 1403 1440 1452 opera
1469 1387 1612 1453 regis.
1644 1386 1751 1437 Hoc

204 1481 307 1533 est,
335 1470 477 1524 Nihil
510 1475 990 1540 prietermittebam,
1020 1473 1109 1526 sed
1138 1474 1387 1540 fungebar
1412 1472 1582 1527 officio
1611 1488 1745 1525 meo.

809 1600 1027 1654 CAPUT
1066 1600 1154 1654 IX.

280 1738 330 1788 1.
365 1754 382 1786 ι
415 1736 467 1787 1η
512 1736 676 1802 primo
709 1750 844 1787 anno
880 1735 1036 1798 Darii,
1070 1735 1159 1787 filii
1199 1735 1432 1798 Assueri,
1464 1735 1528 1788 de
1554 1736 1748 1789 semine

204 1824 475 1877 Medorum
506 1822 599 1893 (a),
631 1824 715 1891 qui
756 1823 989 1891 regnavit
1031 1837 1187 1889 super
1229 1839 1440 1890 regnum
1481 1822 1749 1875 Chaldreo-

206 1928 325 1965 rum
350 1954 363 1977 ,
391 1913 445 1963 2.
480 1914 528 1963 in
558 1928 693 1964 anno
716 1928 818 1964 uno
841 1912 984 1979 regni
1011 1912 1124 1978 ejus
1147 1952 1161 1975 ,
1189 1926 1284 1978 ego
1313 1911 1490 1963 Daniel
1516 1911 1747 1964 intellexi

205 2000 261 2049 in
286 1999 431 2051 libris
460 2014 731 2051 numerum
754 2014 1002 2050 annorum
1028 2038 1041 2059 ,
1070 2000 1134 2051 de
1159 2014 1261 2066 quo
1287 1997 1449 2051 factus
1474 2008 1552 2051 est
1578 2014 1747 2051 sermo

207 2088 415 2139 Domini
438 2088 499 2139 ad
516 2087 787 2140 Jeremiam
803 2088 1122 2154 pr0pbetam,
1144 2088 1191 2139 in
1208 2088 1639 2154 complementum
1654 2089 1746 2139 de-

204 2176 477 2228 solationis
501 2176 833 2244 Jerosolymaa
860 2178 1176 2243 septuaginta
1197 2178 1315 2229 anni
1343 2177 1481 2245 (Jer.
1504 2178 1590 2231 25.
1614 2180 1666 2231 Η
1704 2178 1741 2244 ).

204 2264 259 2316 5.
296 2264 362 2316 Ει
386 2264 503 2316 dedi
535 2265 713 2317 faciem
750 2280 915 2317 meam
954 2265 1017 2316 ad
1053 2266 1324 2318 Dominum
1355 2267 1536 2328 Deum,
1564 2277 1618 2319 ut
1645 2282 1743 2319 ex-

203 2356 470 2417 quirerem
501 2353 785 2406 orationem
825 2363 878 2406 et
920 2354 1336 2421 deprecalionem
1377 2356 1425 2407 in
1460 2356 1669 2423 jejuniis
1696 2365 1746 2409 et

203 2452 364 2491 sacco
409 2449 461 2491 et
502 2441 693 2492 cinere.
725 2457 741 2488 »
790 2439 888 2493 lste
932 2451 1010 2493 est
1055 2441 1237 2493 Darius
1274 2442 1466 2493 Medus.
1518 2442 1744 2494 Primum

205 2536 384 2580 autem
417 2544 607 2581 annum
639 2544 738 2580 non
778 2531 917 2597 regni
962 2530 1121 2596 ipsius
1157 2531 1227 2581 ait
1258 2547 1269 2579 :
1300 2545 1398 2581 non
1430 2531 1565 2583 enim
1596 2531 1741 2594 dixit,

206 2616 262 2668 In
294 2617 461 2684 primo
488 2618 627 2683 regni
658 2616 785 2683 ejus,
817 2616 925 2677 sed,
956 2616 1018 2667 In
1046 2617 1201 2683 primo
1222 2633 1350 2668 anno
1379 2616 1537 2681 Darii,
1566 2618 1613 2668 in
1647 2634 1743 2670 uno

202 2721 342 2757 anno
358 2708 492 2773 regni
513 2707 616 2774 ejus
640 2720 658 2757 :
675 2707 738 2757 ita
768 2715 819 2757 ut
843 2713 893 2757 et
917 2706 1014 2758 dici
1044 2707 1202 2763 possit
1225 2707 1417 2772 primus
1438 2722 1621 2769 annus,
1644 2722 1745 2773 quo

202 2794 419 2860 quidem
444 2794 528 2845 ille
554 2792 817 2860 regnabat,
850 2802 968 2844 tunc
995 2808 1117 2845 vero
1143 2793 1276 2845 forte
1302 2793 1597 2846 occiderant
1624 2794 1742 2845 Bal-

202 2891 451 2932 tasaretn.
486 2879 589 2948 Ego
626 2880 803 2931 Daniel
829 2881 1044 2932 intellexi
1070 2882 1120 2932 in
1141 2880 1277 2932 libris
1302 2898 1557 2933 numerum
1582 2897 1741 2934 anno-

200 2985 337 3019 rum.
367 2968 418 3019 ld
448 2978 555 3029 est,
587 2968 863 3020 Baltasaris
891 2968 1107 3021 cat-dem.
1152 2969 1215 3020 Et
1250 2970 1502 3036 reputavi.
1532 2970 1659 3023 Vide
1690 2978 1742 3023 ut

199 3065 329 3107 ante
364 3057 674 3121 praeﬁnitum
701 3066 901 3122 tempus
928 3072 1029 3108 non
1056 3055 1242 3107 audeat
1273 3057 1519 3109 accedere
1546 3058 1606 3109 ad
1635 3059 1742 3109 Do-

201 3145 427 3196 minum.
457 3145 520 3195 At
545 3153 645 3195 tres
668 3144 872 3210 quidem
902 3144 1042 3210 pueri
1063 3144 1111 3195 id
1128 3155 1283 3213 agunt
1308 3146 1355 3195 in
1380 3144 1619 3208 fornace;
1647 3147 1742 3199 iste

199 3247 334 3286 vero
358 3232 407 3283 in
437 3232 547 3283 lacu
578 3246 677 3282 non
705 3230 843 3282 fecit.
885 3231 1015 3296 Quid
1042 3232 1228 3298 igitur?
1259 3232 1335 3284 vel
1367 3233 1437 3283 illi
1465 3233 1597 3285 male
1618 3273 1629 3295 ,
1658 3233 1742 3285 vel

198 3322 329 3375 hic?
352 3321 548 3373 Neutri.
574 3320 651 3373 Illi
672 3320 921 3387 siquidem
944 3335 1171 3373 amorem
1191 3336 1307 3388 erga
1333 3322 1546 3388 patriam
1568 3331 1742 3375 osten-

199 3412 417 3472 debant,
450 3410 534 3461 hic
571 3424 693 3462 vero
732 3409 1118 3476 intelligentiam
1152 3411 1395 3475 temporis
1424 3410 1558 3477 quod
1586 3410 1741 3463 adve-

199 3508 375 3552 nerat.
427 3498 607 3551 Nonne
634 3513 755 3565 ergo
781 3498 1125 3564 intelligenter
1150 3498 1347 3565 legebat
1376 3500 1737 3566 prophetarum

198 3587 449 3639 oracula?
477 3586 725 3637 Existimo
746 3596 916 3637 autem
942 3587 1085 3637 illum
1108 3601 1206 3638 non
1230 3587 1295 3638 ab
1322 3590 1446 3640 urbe
1470 3598 1616 3655 capta
1646 3606 1739 3641 nu-

198 3688 429 3734 merare,
452 3672 543 3725 sed
576 3672 705 3725 forte
731 3686 757 3723 a
786 3671 1080 3738 captivitate
1107 3671 1305 3723 Israelis
1333 3673 1420 3740 (b).
1450 3674 1571 3727 Jure
1596 3678 1735 3728 enim

197 3762 572 3815 desolationem
602 3762 717 3827 quis
743 3760 998 3812 vocaverit
1038 3760 1373 3829 Jerosolymae
1401 3762 1552 3814 etiam
1583 3765 1731 3817 bella.

198 3850 334 3901 Vide
376 3859 427 3901 et
464 3863 733 3900 numerum
761 3847 1097 3899 sabbaticum.
1127 3847 1251 3898 Nam
1295 3850 1425 3900 sicut
1463 3852 1736 3919 aliquando

194 3938 603 4008 quadringentos
624 3946 675 3989 et
696 3937 899 4003 triginta
928 3950 1091 3987 annos
1122 3936 1306 4003 (Exod.
1334 3939 1415 3990 1‘2.
1446 3940 1533 4006 40)
1564 3941 1611 3993 in
1636 3942 1734 3993 du-

194 4036 379 4083 centos
401 4036 451 4079 et
474 4026 763 4093 quindecim
792 4026 1023 4088 mutavit,
1054 4026 1119 4076 ita
1165 4034 1285 4091 puto
1311 4036 1362 4078 et
1405 4043 1538 4079 nunc
1572 4043 1733 4083 annos

193 4116 470 4185 pauciores
490 4128 624 4165 esse.
651 4130 667 4161 ι
692 4113 761 4164 De
784 4125 883 4178 quo
910 4112 1072 4163 factus
1087 4121 1181 4173 est,
1198 4131 1215 4162 ι
1238 4113 1418 4179 inquit,
1445 4130 1643 4168 «sermo
1669 4115 1731 4169 ad

258 4304 331 4363 (a)
366 4305 473 4364 Quis
493 4299 999 4364 assentiatur_.losepho
1016 4299 1505 4364 Scaligeroasserenti
1527 4316 1730 4364 progna-

193 4360 299 4412 tum
315 4360 452 4410 ’διθόο
476 4373 657 4421 genere
688 4360 872 4421 Medum
898 4372 1008 4421 esse
1030 4372 1119 4405 non
1146 4361 1387 4421 potuisse?
1418 4360 1731 4415 Mardoch'arus

192 4425 341 4483 igitur
366 4418 581 4483 nouerat
612 4419 817 4483 :ludaaus,
843 4419 951 4483 quia
979 4418 1049 4483 de
1073 4419 1262 4483 semine
1278 4420 1540 4468 Judazorum
1558 4422 1581 4470 ‘P
1601 4424 1727 4473 83th.

190 4478 240 4537 δῖ
270 4484 343 4529 15.
366 4480 476 4537 Quid
502 4478 623 4539 quod
660 4478 819 4539 Darius
840 4479 931 4523 iste
962 4478 1323 4539 dicitur_Medus
1360 4487 1465 4526 Dan.
1492 4482 1536 4537 5,
1561 4483 1637 4539 3i,
1678 4491 1730 4531 et

195 4535 322 4603 ΗΛ
340 4535 540 4603 ἳξῦεισιέ
572 4549 665 4603 non
694 4536 840 4594 majus
864 4535 1058 4603 pondus
1080 4537 1257 4603 habent
1286 4545 1473 4603 ezeterae
1500 4535 1725 4603 scaliger!

193 4597 615 4661 probaupnesjqui
639 4596 748 4661 dum
770 4596 1053 4661 sententiam
1073 4607 1203 4661 suam
1225 4596 1286 4641 de
1304 4598 1574 4661 _Nabonnido
1591 4596 1727 4648 nobis

191 4653 568 4720 persuadeat_,id
584 4656 753 4720 quibus
774 4653 921 4720 modis
940 4658 1232 4720 assequatur,
1253 4655 1489 4720 minimum
1516 4666 1662 4720 curat.

254 4718 325 4777 (ὁ)
362 4711 902 4777 captivitatemjsraelis
938 4711 1376 4777 interpretor._non
1410 4714 1724 4765 Israelitarum

190 4770 570 4826 deportationem
593 4787 618 4818 a
642 4771 955 4819 Salmanasare
980 4770 1161 4826 factam,
1188 4772 1273 4817 sed
1294 4772 1556 4820 Judznorum
1576 4782 1725 4824 trans-

192 4830 419 4885 ιηιίοηεω
456 4834 543 4879 sub
574 4830 1015 4891 Nabuchodonosoro
1058 4832 1265 4891 primam.
1310 4837 1449 4891 necte
1480 4834 1622 4891 igitur
1644 4848 1722 4882 se-

190 4899 435 4958 ptuaginta
457 4892 697 4958 servitutis
718 4901 860 4958 annos
881 4889 1020 4958 ordiri
1048 4890 1230 4935 videtur
1252 4891 1310 4958 ab
1329 4890 1455 4958 initio
1474 4889 1720 4958 bellorum,

190 4949 241 5003 et
276 4949 482 5013 a'prima
502 4949 784 5013 captivitate,
803 4960 894 5013 seu
917 4949 975 5013 ab
998 4961 1118 4995 anno
1129 4954 1304 5013 quarto
1325 4951 1528 5013 Joacimi.
1567 4949 1723 5013 Atque

190 5019 249 5064 ita
276 5005 478 5061 censent
500 5005 578 5066 qui
616 5009 737 5053 inter
773 5005 1081 5065 clironologos
1125 5006 1339 5053 familiam
1372 5008 1562 5056 ducunt.
1597 5005 1719 5065 Quod

186 5075 349 5122 subdit
382 5072 444 5117 de
483 5069 616 5115 annis
652 5067 698 5111 in
744 5066 985 5122 pauciores
1022 5069 1285 5122 contractis,
1322 5070 1475 5126 magis
1518 5074 1720 5120 oratorie

185 5135 369 5181 aestimo
386 5131 574 5181 dictum,
600 5136 737 5184 quam
763 5136 906 5187 vere;
931 5137 1077 5187 quare
1108 5125 1499 5187 verisimilius’est
1527 5130 1649 5187 quod
1673 5133 1720 5178 in

184 5180 219 5239 δέ
232 5180 463 5239 adversus
482 5180 681 5237 Judaaos,
697 5188 745 5245 et
764 5180 878 5226 infra
894 5180 1069 5239 scribit,
1082 5184 1298 5242 quodque
1324 5185 1432 5231 alibi
1451 5180 1718 5245 scripserat,

185 5261 379 5310 tempus
408 5247 553 5310 fuisse
576 5240 855 5310 completum
882 5253 891 5285 :
937 5253 1041 5308 quae
1066 5240 1140 5288 est
1164 5240 1302 5289 etiam
1326 5247 1482 5301 Opinio
1504 5240 1715 5310 Origenis

184 5299 315 5357 Itoni.
358 5309 387 5354 4
426 5308 471 5353 in
507 5299 796 5363 Ezechielem
822 5311 832 5344 :
858 5300 1087 5363 quamvis
1111 5313 1201 5346 una
1235 5299 1615 5363 vera—sententia
1639 5310 1714 5363 sit,

183 5370 307 5429 quod
341 5364 640 5429 septuaginta
679 5358 785 5429 anni
818 5364 929 5429 tunc
967 5358 1200 5429 adﬁnem
1239 5362 1515 5429 vergebant.
1556 5358 1716 5410 Locum

183 5416 323 5476 ἐχοόί
354 5416 423 5479 ιὶ,
450 5416 535 5477 ιθῖ
552 5420 710 5471 aliter,
734 5428 787 5462 ac
808 5428 914 5461 mea
940 5416 1128 5473 quidem
1149 5416 1387 5479 sententia
1428 5420 1566 5478 longe
1590 5436 1715 5471 coni-

181 5490 364 5534 modius
386 5476 620 5540 accepere
653 5488 761 5533 Lxx,
786 5486 837 5522 ac
863 5481 963 5533 [ost
995 5486 1077 5521 eos
1108 5476 1351 5535 Josephus,
1374 5476 1613 5537 Eusebius,
1638 5492 1713 5529 se-

186 5560 343 5604 verus,
366 5542 671 5603 Augustinus.

1579 311 1641 364 IN
1683 310 2039 366 DANIELEM.

3277 330 3385 386 238

1863 418 2138 473 Jeremiam
2165 420 2489 487 prophetam,
2522 421 2571 473 in
2599 421 3031 488 complementum
3063 420 3397 473 desolationis

1860 506 2194 576 Jer0so|ymre
2220 509 2712 575 septuaginta'anni.
2763 508 2826 559 Et
2860 507 2975 559 dedi
3011 508 3189 559 faciem
3226 520 3394 560 meam

1859 594 1922 647 ad
1952 596 2220 646 Dominum
2254 595 2449 658 Deum,
2479 605 2531 647 ut
2556 596 2881 661 exquirerem
2908 596 3195 646 orationem
3224 603 3277 646 et
3300 594 3393 645 de-

1860 683 2205 748 precationem
2245 681 2294 732 in
2330 682 2535 748 jejuniis
2575 690 2627 735 et
2668 696 2818 733 sacco
2857 690 2905 732 et
2946 682 3137 733 cinere.
3168 699 3185 730 ι
3230 681 3397 733 Cerne

1859 771 2156 837 religionem
2196 770 2479 835 propheta).
2524 768 2591 820 Et
2629 769 2761 831 dedi,
2796 770 2975 835 inquit,
3008 769 3183 835 faciem
3217 785 3393 819 meum.

1858 856 1965 907 lloc
2009 865 2105 917 est,
2153 856 2357 908 Rubore
2401 857 2621 908 sulfusus
2659 871 2801 907 eram
2845 864 2992 907 antea
3018 896 3033 919 ,
3063 870 3249 921 nempe
3278 865 3397 907 ante

1858 943 2296 1004 humiliationem;
2331 958 2466 994 nunc
2496 957 2617 995 vero
2645 942 2789 1003 Dedi,
2820 943 2866 994 id
2915 952 3013 1004 est,
3049 943 3220 994 Ausus
3257 956 3391 993 sum.

1856 1030 2001 1093 Quod
2032 1032 2073 1082 si
2112 1047 2220 1083 rem
2256 1030 2478 1083 debitam
2521 1031 2849 1097 postulasset,
2878 1046 3002 1083 sane
3030 1048 3130 1083 non
3157 1033 3390 1096 dixisset,

1855 1115 1986 1169 Dedi
2012 1118 2183 1184 faciem
2212 1134 2386 1178 meam,
2412 1119 2557 1184 quasi
2580 1118 2629 1169 in
2659 1117 2791 1169 facto
2817 1119 3100 1184 periculose
3130 1129 3389 1187 suscepto.

1854 1204 1907 1256 Si
1934 1219 2026 1271 pro
2051 1205 2164 1256 aliis
2188 1213 2325 1257 tanto
2352 1207 2509 1258 utitur
2536 1205 2726 1268 studio,
2757 1205 2799 1258 si
2825 1214 2962 1257 tanta
2993 1220 3106 1258 cum
3135 1207 3393 1261 frueretur

1856 1300 1956 1344 tam
1989 1293 2121 1359 apud
2153 1293 2336 1355 Deum,
2364 1309 2516 1362 quam
2560 1294 2693 1361 apud
2735 1309 2906 1362 regem
2936 1336 2949 1359 ,
2995 1296 3347 1350 benevolentia
3373 1339 3388 1361 ,

1855 1380 2034 1431 barum
2059 1389 2225 1432 tamen
2256 1396 2425 1433 rerum
2454 1383 2648 1434 nullum
2680 1396 2885 1434 sensum
2917 1383 3103 1447 habet,
3129 1386 3215 1437 sed
3244 1388 3389 1454 quasi

1854 1467 1965 1533 ipse
1988 1469 2035 1519 in
2068 1468 2215 1520 malis
2237 1478 2531 1521 versaretur
2554 1509 2568 1534 ,
2598 1470 2758 1537 magis
2797 1470 3060 1523 mordetur
3086 1486 3145 1524 ac
3175 1474 3391 1527 moleste

1853 1553 1970 1617 fert,
2005 1570 2155 1621 quam
2198 1554 2229 1606 ii
2276 1556 2362 1622 qui
2407 1556 2473 1608 ab
2511 1571 2569 1608 ea
2614 1557 2907 1610 calamitate
2934 1568 3081 1610 erant
3112 1562 3343 1627 oppressi
3375 1579 3386 1613 :

1853 1643 2109 1710 quomodo
2152 1643 2266 1709 quis
2305 1658 2419 1695 eum
2463 1644 2615 1711 digne
2656 1645 2905 1698 miretur?
2943 1644 3071 1699 Vide
3096 1657 3301 1711 autem,
3336 1659 3391 1703 ut

1853 1731 2003 1781 etiam
2042 1740 2157 1795 post
2197 1730 2309 1781 illas
2351 1730 2677 1795 afﬂictiones,
2710 1747 2810 1784 non
2842 1747 2995 1785 ausus
3023 1734 3089 1785 sit
3116 1734 3382 1801 accedere,

1852 1817 2020 1870 donec
2040 1818 2165 1869 vidit
2189 1826 2388 1884 tempus
2408 1833 2522 1870 esse
2552 1820 2884 1885 completum.
2916 1821 3010 1873 Ubi
3036 1836 3157 1888 ergo
3187 1822 3390 1875 deside-

1854 1907 2018 1958 bimus
2048 1906 2312 1972 deinceps,
2358 1922 2451 1957 nos
2488 1907 2699 1959 miseri?
2742 1908 2873 1970 Quid
2902 1908 2994 1971 ais,
3029 1924 3060 1961 ο
3088 1909 3305 1963 Daniel?
3336 1913 3387 1964 in

1851 1996 2110 2062 prosperis
2142 2005 2192 2046 tu
2220 2010 2303 2055 es;
2338 1996 2587 2047 honorem
2615 1996 2773 2049 habes
2809 2012 2836 2048 a
2880 1997 2985 2049 Deo
3006 2039 3017 2060 ,
3047 2007 3098 2050 et
3128 1999 3190 2051 ab
3219 1999 3386 2052 homi-

1852 2085 2035 2145 nibus;
2068 2084 2187 2149 quid
2217 2085 2305 2136 tibi
2332 2100 2469 2137 curae
2499 2086 2661 2137 estde
2690 2087 2927 2138 caeteris?
2970 2087 3056 2140 Sic
3093 2098 3145 2141 et
3184 2090 3385 2158 Moyses

1850 2175 2053 2241 agebat.
2082 2174 2144 2226 Et
2168 2175 2288 2241 quid
2318 2176 2421 2226 ait?
2451 2175 2513 2226 In
2533 2177 2738 2244 jejuniis
2768 2186 2813 2227 et
2849 2193 2989 2230 sacco
3013 2188 3056 2229 et
3080 2180 3259 2242 cinere,
3289 2182 3384 2235 de-

1850 2262 1951 2313 bita
1987 2263 2217 2328 exigens.
2245 2262 2375 2326 Quid
2417 2264 2576 2326 enim,
2608 2264 2649 2314 si
2680 2263 2999 2317 debebatur?
3024 2266 3096 2319 Ne
3127 2267 3258 2319 forte
3287 2268 3378 2321 Ju-

1849 2350 1946 2401 dmi
1984 2364 2039 2402 se
2075 2351 2173 2402 hoc
2209 2365 2413 2418 quoque
2455 2352 2689 2419 indignos
2731 2351 2989 2406 fecissent.
3037 2357 3184 2423 Apud
3218 2357 3380 2413 Deum

1849 2438 2037 2505 quippe
2078 2453 2177 2489 non
2225 2447 2303 2489 est
2343 2442 2654 2501 necessitas;
2685 2441 2923 2505 superior
2949 2441 3143 2508 legibus
3172 2452 3267 2495 est.
3316 2444 3380 2497 Ut

1848 2543 2129 2594 qua'rerem,
2160 2527 2341 2593 inquit,
2369 2528 2637 2580 orationem
2663 2537 2707 2579 et
2736 2529 3143 2595 deprecationem.
3189 2531 3241 2583 Id
3274 2534 3379 2598 pri-

1847 2632 1986 2669 mum
2010 2618 2194 2683 poscit.
2222 2616 2276 2669 Si
2297 2618 2559 2682 permittat
2580 2617 2724 2680 mihi,
2751 2618 2933 2683 inquit,
2958 2633 3049 2684 pro
3073 2619 3171 2671 illis
3193 2634 3373 2683 orare;

1846 2705 2087 2771 quoniam
2116 2704 2346 2755 audierat
2374 2703 2649 2757 Jeremiam
2678 2704 2773 2756 ista
2802 2704 2959 2758 verba
2987 2720 3015 2757 a
3046 2706 3260 2760 Domino
3292 2723 3375 2761 re-

1848 2794 2027 2846 tulisse
2054 2810 2067 2843 :
2098 2793 2176 2844 Ne
2201 2809 2306 2844 ores
2333 2808 2421 2861 pro
2452 2794 2632 2860 papula
2659 2794 2769 2856 isto,
2804 2803 2846 2845 et
2873 2809 2932 2845 ne
2954 2796 3166 2863 postules
3195 2813 3283 2863 pro
3307 2798 3375 2849 eis

1848 2880 1989 2951 (Jer.
2014 2884 2064 2934 7.
2091 2882 2214 2949 16).
2263 2882 2587 2935 Auxiliantur
2632 2883 2729 2949 ipsi
2774 2885 3042 2950 captivitas
3066 2926 3079 2947 ,
3110 2894 3337 2953 tempora
3360 2930 3374 2951 ,

1846 2971 2048 3037 propria
2080 2972 2256 3029 virtus,
2282 2978 2332 3021 et
2360 2970 2496 3037 quod
2518 2971 2783 3023 innumera
2815 2986 2906 3037 pro
2938 2972 3043 3024 Deo
3066 2988 3244 3039 passus
3271 2976 3371 3036 sit;

1845 3068 1897 3111 et
1940 3068 2109 3110 tamen
2144 3057 2368 3109 nondum
2396 3057 2627 3120 conlidit,
2660 3058 2749 3109 sed
2788 3058 3014 3111 cinerem
3044 3060 3376 3113 substernens

1845 3159 1895 3199 et
1925 3162 2149 3209 saccum,
2183 3148 2249 3197 ita
2279 3145 2598 3212 precabatur.
2630 3144 2761 3207 Quid
2790 3145 3033 3198 faciemus
3063 3160 3156 3198 nos
3182 3148 3265 3213 qui
3300 3149 3376 3198 in-

1844 3235 2067 3288 dolentia
2098 3249 2274 3285 sumus
2300 3234 2537 3299 praediti?
2565 3232 2711 3284 Hunc
2739 3233 2964 3299 oportuit
2993 3232 3139 3285 nobis
3166 3235 3371 3286 imitan-

1842 3326 1962 3377 dum
1988 3338 2289 3391 proponere.
2308 3322 2435 3375 Nam
2457 3338 2520 3374 ne
2541 3322 2654 3388 quis
2677 3321 2832 3384 dicat,
2854 3322 3077 3388 reliquos
3096 3323 3373 3389 prophetas

1843 3425 2049 3481 propter
2073 3422 2421 3480 paupertatem
2445 3414 2537 3463 ista
2563 3412 2742 3463 fecisse
2768 3411 2880 3477 :qui
2906 3412 3125 3461 maxime
3146 3412 3370 3462 omnium

1842 3510 2047 3554 evectus
2060 3501 2219 3551 fuerat
2234 3500 2296 3550 ad
2312 3500 2609 3565 dignitatum
2623 3496 3032 3565 amplitudinem,
3052 3497 3135 3549 ille
3157 3496 3378 3551 maxime

1842 3591 2068 3641 omnium
2090 3602 2145 3641 se
2164 3587 2424 3653 deprimit.
2454 3586 2519 3637 Et
2539 3585 2602 3638 de
2623 3586 2818 3637 semine
2850 3585 3011 3651 regni,
3034 3600 3094 3636 ac
3122 3589 3186 3641 de
3210 3589 3370 3650 stirpe

1840 3680 1978 3747 regia
2018 3686 2145 3739 erat,
2188 3686 2239 3729 et
2283 3685 2355 3727 tot
2402 3684 2641 3741 tantaque
2682 3675 2844 3726 fuerat
2890 3684 3254 3742 consequutus.
3298 3676 3367 3727 Ita

1840 3775 2042 3834 oportet
2062 3766 2235 3833 lugere
2254 3778 2343 3815 sua
2367 3764 2520 3826 mala,
2540 3763 2611 3815 sic
2634 3764 2851 3829 propriis
2870 3763 3112 3815 membris
3134 3778 3363 3831 parcere.

1838 3858 1959 3910 llaec
1979 3864 2057 3909 est
2078 3854 2455 3907 commiseratio
2482 3851 2866 3918 prophetarum.
2900 3852 3022 3903 Vide
3052 3862 3282 3903 nostrum
3306 3868 3367 3905 ea

1840 3955 1983 4011 parte
2031 3942 2288 4009 prmcipue
2330 3954 2444 3992 esse
2483 3938 2853 3990 admirabilem.
2898 3938 3097 4007 Moyses
3124 3940 3319 3994 dicebat
3352 3957 3363 3989 :

1838 4032 2091 4101 Siquidem
2128 4030 2341 4081 remittas
2384 4030 2449 4078 eis
2480 4044 2497 4078 :
2520 4032 2593 4078 sin
2635 4029 2827 4086 minus,
2871 4030 3013 4078 etiam
3051 4044 3124 4079 me
3157 4023 3266 4077 dele
3306 4030 3365 4080 de

1835 4121 1957 4173 libro
1985 4118 2172 4188 (Exod.
2202 4118 2286 4170 52.
2320 4117 2425 4184 52).
2458 4117 2549 4168 Hic
2579 4117 2627 4167 in
2653 4116 2861 4182 jejuniis
2888 4126 2937 4168 et
2963 4118 3200 4185 lacrymis
3226 4132 3363 4170 con-

1837 4212 1976 4263 tinue
2000 4208 2235 4273 degebat.
2280 4207 2465 4259 Paulus
2502 4206 2707 4259 assidue
2749 4207 2795 4255 in
2841 4207 3157 4272 lacrymis,et
3184 4216 3359 4260 contra

1832 4298 2117 4365 gehennam
2145 4296 2306 4362 ipsam
2333 4310 2487 4346 ausus
2514 4302 2608 4346 est.
2652 4292 2881 4358 Ipsorum
2911 4294 3078 4345 nullus
3102 4309 3253 4347 sensu
3285 4296 3362 4345 af-

1834 4385 2001 4437 ﬁcitur
2024 4383 2347 4449 pr0priorum
2382 4383 2662 4440 bonorum;
2695 4379 2781 4431 sed
2808 4388 2860 4430 ut
2890 4380 2936 4429 in
2965 4394 3196 4445 corpore,
3234 4395 3356 4433 ocu«

1832 4474 1909 4525 lus
1930 4472 2046 4523 licet
2069 4470 2281 4536 pulcher
2301 4469 2382 4529 sit,
2411 4482 2511 4519 non
2537 4477 2704 4519 tamen
2732 4468 2972 4533 percipiet
2994 4483 3098 4519 sua:
3119 4469 3360 4522 bonitatis

1830 4575 1889 4612 ac
1919 4556 2311 4626 pulchritudinis
2349 4570 2579 4619 sensum,
2617 4556 2657 4606 si
2698 4554 2851 4621 pedes
2880 4554 3144 4621 putrefacti
3174 4557 3277 4608 sint
3298 4571 3359 4608 ac

1828 4645 2090 4711 corrupti;
2122 4643 2186 4694 ita
2204 4652 2255 4695 et
2277 4652 2397 4694 tunc
2418 4650 2546 4693 erat.
2580 4642 2681 4693 Cur
2702 4642 2864 4694 cinis?
2892 4643 3211 4694 Admonebat
3238 4660 3355 4693 eum

1828 4736 2047 4803 propriae
2065 4741 2277 4783 natura}.
2300 4732 2403 4783 Cur
2422 4731 2633 4783 saccus?
2658 4730 2947 4797 Asperitate
2969 4731 3228 4796 deprimit.
3257 4732 3359 4784 Cur

1825 4824 2115 4893 jejunium?
2145 4822 2208 4873 Et
2235 4822 2399 4887 ipsum
2429 4835 2488 4872 ea
2515 4837 2628 4886 quae
2649 4820 2697 4871 in
2723 4820 2959 4885 paradiso
2982 4830 3120 4885 gesta
3146 4826 3281 4873 amt,
3305 4819 3354 4870 in

1825 4912 2124 4966 memoriam
2169 4910 2459 4962 revocabat.
2502 4909 2593 4961 llic
2629 4909 2749 4960 viris
2788 4909 2977 4959 sanctis
3019 4919 3128 4958 mos
3169 4915 3269 4970 est,
3297 4924 3363 4961 ea

1823 5016 1936 5069 qua;
1977 5000 2206 5065 afﬂigunt
2244 4997 2551 5049 consectari.
2601 4996 2777 5060 Neque
2817 5002 2948 5046 terra
2994 4994 3179 5065 dignus
3216 5006 3346 5054 sum,

1821 5092 2003 5156 inquit,
2034 5104 2199 5153 neque
2240 5088 2481 5143 vestibus.
2510 5099 2681 5151 neque
2721 5083 2875 5135 rebus
2917 5097 3030 5148 ane
3070 5081 3349 5133 secundum

1824 5188 2055 5231 naturam
2100 5189 2238 5235 sunt,
2278 5176 2366 5227 sed
2410 5174 2629 5239 graviori
2672 5173 2956 5239 supplicio,
3004 5173 3089 5238 qui
3132 5171 3349 5223 Persicis

1821 5268 2035 5317 amictus
2060 5282 2172 5316 sum
2206 5263 2452 5326 vestibus,
2487 5263 2571 5329 qui
2600 5263 2778 5313 tiaram
2805 5270 2950 5329 gesto
2972 5261 3251 5313 Persicam.
3286 5258 3347 5309 Et

1819 5356 1938 5422 quid
1965 5356 2069 5406 ait?
2092 5353 2367 5405 Videamus
2395 5350 2793 5403 confessionem.
2825 5350 2874 5401 4.
2910 5348 2970 5399 Et
2996 5348 3129 5399 oravi
3156 5347 3219 5396 ad
3250 5344 3349 5395 Do-

1818 5446 2000 5495 minum
2042 5443 2199 5493 Deum
2241 5457 2415 5492 meum.
2458 5438 2623 5492 Cerne
2651 5453 2880 5491 amorem
2908 5452 3025 5503 erga
3058 5434 3345 5487 Dominum.

1823 5533 1974 5584 Deum
1997 5547 2173 5591 meum,
2200 5529 2381 5595 inquit.
2413 5527 2506 5581 Cui
2526 5541 2625 5580 non
2648 5526 2865 5581 audebat
2885 5525 3191 5593 supplicare.
3216 5522 3348 5573 hunc
