4140 6314
183 373 285 427 239

1584 348 1648 404 IN
1686 345 2046 404 DANIELEM.

3258 375 3368 427 240

179 478 635 542 λαιοῦντος,καί
653 477 1149 544 προσευχομένου,
1171 471 1733 541 καῑέεαγορεύοντος
1831 467 1981 532 άγιιν
2021 469 2097 527 εἰς
2139 467 2236 534 τὴν
2271 469 2369 536 γῆν
2408 469 2502 537 τῆς
2543 467 2881 535 ἐπαγγελίας,
2914 468 3042 535 παρ’
3067 466 3230 532 αὐτὴν
3259 462 3368 515 τῶν

180 584 274 646 τὰς
302 582 592 647 ἁμαρτίας
612 599 750 648 μου,
773 582 864 632 καί
890 581 994 644 τὰς
1015 580 1296 646 ἁμαρτίας
1324 577 1425 629 τοῦ
1447 573 1596 627 λαοῦ
1613 587 1729 638 μου

182 681 430 751 Ἰσραὴλ,
459 686 555 736 καί
579 687 890 751 ρίπτοντος
919 684 1022 736 τὸν
1049 684 1220 736 ἐλεόν
1249 699 1367 749 μου
1395 680 1594 732 ἔναντι
1621 678 1730 726 Κυ-

180 793 296 858 ρίου
333 790 442 842 τοῦ
475 790 622 842 Θεοῦ
653 807 790 856 μου,
812 789 907 841 ἐπὶ
945 789 1049 840 τοῦ
1082 787 1256 853 ὄρους
1285 785 1388 838 τοῦ
1417 784 1584 852 ἁγίου
1622 781 1727 832 τοῦ

183 890 316 942 θεοῦ
333 908 454 958 μου
471 908 484 920 ·
499 890 592 942 καί
611 890 695 942 ἐτι
718 889 859 957 ἐμοῦ
880 889 1208 950 λαλοῦντος
1226 888 1292 938 ἐν
1310 885 1380 952 τῇ
1401 881 1726 950 προσευχῇ,

179 994 263 1044 καὶ
296 993 426 1045 ιδοὺ
460 993 612 1058 ἀνὴρ
638 992 914 1058 Γαϐριὴλ,
944 990 1014 1042 ὃν
1048 987 1208 1041 εἶδον
1239 989 1302 1039 ἐν
1333 986 1404 1053 τῇ
1436 986 1631 1052 ὁράσει
1661 984 1728 1034 ἐν

181 1095 244 1160 τῇ
271 1094 454 1161 ἀρχῇ,
487 1093 811 1161 πετώμενος
839 1109 852 1124 ·
889 1092 984 1143 καὶ
1014 1091 1206 1157 ἣψατό
1236 1106 1355 1157 μου
1393 1089 1531 1140 ὡσεὶ
1570 1085 1727 1153 ὤραν

179 1198 385 1259 θυσίας
415 1193 741 1260 ἐσπερινῆς.
774 1192 879 1245 Kal
908 1191 1186 1243 συνέτισέ
1213 1207 1306 1258 με,
1336 1188 1435 1241 καὶ
1465 1188 1725 1253 ἐλάλησε

174 1299 286 1365 μετ’
320 1297 488 1363 ἐμοῦ,
515 1297 608 1348 καὶ
634 1292 798 1348 εἶπεν
822 1311 834 1324 ·
868 1293 1106 1360 Δανιὴλ,
1135 1293 1250 1345 νῦν
1273 1292 1550 1360 ἐξῆλθον,
1573 1308 1724 1358 συμ-

178 1399 402 1450 ειεὰσαι
445 1415 517 1451 σε
558 1401 825 1452 σύνεσιν.
867 1400 962 1450 Ἐν
993 1397 1146 1465 ἀρχῇ
1178 1398 1285 1464 τῆς
1315 1396 1573 1464 δεήσεώς
1610 1413 1723 1448 οόυ

176 1500 424 1564 ἐξῆλθεν
453 1503 484 1552 ό
509 1502 687 1566 λόγος
717 1517 729 1529 ·
769 1499 866 1552 καί
895 1499 1006 1566 ἐγὼ
1033 1496 1220 1567 ἦλθον
1253 1499 1355 1552 τοῦ
1382 1498 1724 1566 ἀναγγεῖλαί

176 1617 284 1660 σοι,
328 1601 418 1651 ὅτι
463 1599 614 1666 ἀνὴρ
663 1601 980 1667 ἐπιθυμιῶν
1031 1597 1089 1652 εἷ
1122 1601 1222 1653 σύ.
1261 1599 1370 1652 Καὶ
1413 1598 1722 1666 ἐννοήθητι

176 1705 237 1754 ἐν
265 1703 340 1766 τῷ
359 1705 597 1770 ῥήματι,
628 1704 724 1755 καὶ
754 1705 937 1768 σύνες
961 1704 1030 1755 ἐν
1056 1702 1128 1769 τῇ
1155 1705 1425 1768 ὀπτασίᾳ.
1447 1705 1603 1756 Ὥστε
1630 1715 1722 1756 και

173 1807 291 1856 ὅταν
319 1806 548 1870 λέγωσιν
569 1808 699 1874 ἡμῖν
726 1807 773 1857 οί
803 1804 1036 1857 Ἰουδαῖοι
1064 1821 1077 1836 ·
1101 1805 1195 1857 Διά
1222 1806 1273 1857 τί
1301 1807 1357 1857 ἐν
1385 1805 1461 1874 τῷ
1504 1805 1716 1872 Ἡσαΐᾳ,

175 1904 258 1954 τοῦ
287 1905 461 1965 ὐζίου
491 1906 615 1974 περὶ
640 1904 731 1956 τοῦ
761 1905 992 1972 πολέμου
1017 1905 1259 1969 δεδιότος,
1290 1906 1383 1958 καὶ
1409 1906 1506 1973 τῆς
1533 1905 1717 1972 ἐφόδου

174 2005 272 2055 τῶν
292 2006 384 2057 δύο
409 2006 684 2072 βασιλέων,
711 2007 737 2058 6
767 2009 1042 2076 προφήτης
1071 2006 1294 2070 ἐξελθὼν
1325 2007 1516 2058 ἔδωκεν
1540 2008 1718 2067 αὐτοῖς

174 2111 408 2170 σημεῖον,
458 2108 593 2175 μετά
637 2108 802 2175 μυρία
845 2107 936 2176 ἔτη
984 2108 1300 2175 συμϐαῖνον;
1351 2107 1578 2175 ἐροῦμεν
1626 2106 1718 2158 καὶ

171 2209 315 2257 αὐτοὶ
353 2207 484 2274 πρὸς
519 2207 709 2268 αὐτούς
751 2225 766 2239 ·
801 2208 952 2270 Τίνος
986 2208 1166 2260 ἕνεκεν
1209 2208 1299 2260 τοῦ
1335 2207 1528 2275 Δανιὴλ
1557 2206 1716 2270 ἀξιώ-

171 2323 352 2368 σαντος
371 2309 509 2376 ὑπὲρ
528 2309 623 2376 τῆς
643 2309 844 2372 ἀνόδου,
877 2309 968 2360 καὶ
998 2309 1385 2377 ἐπιθυμοῦντος
1413 2309 1637 2361 ἀκοῦσαί
1665 2326 1718 2361 τι

169 2409 290 2474 περὶ
321 2409 540 2471 τούτων,
571 2409 795 2471 ἐξελθὼν
823 2410 1046 2476 ἄγγελος
1074 2412 1199 2478 περὶ
1226 2411 1320 2478 μὲν
1347 2411 1544 2462 τούτων
1569 2411 1716 2462 οὐδὲν

169 2512 477 2576 ἀπήγγειλε,
505 2511 795 2580 πράγματα
833 2513 885 2563 δὲ
910 2516 1131 2582 μακροῖς
1151 2512 1367 2581 ὕστερον
1387 2514 1591 2583 χρόνοις
1611 2512 1716 2564 ἐδί-

167 2612 310 2674 δαξεν
323 2630 338 2678 ;
351 2613 494 2663 Ἀλλ’
509 2612 653 2664 ὥσπε
663 2629 691 2681 ρ
704 2613 925 2665 ἐνταῦθα
937 2615 998 2666 ἐκ
1012 2632 1072 2666 πε
1083 2632 1192 2684 ριου
1201 2614 1314 2676 σίας
1329 2615 1387 2666 τὸ
1399 2615 1717 2684 ζητούμενον

169 2714 292 2765 λύει·
326 2714 466 2765 οὕτω
496 2716 668 2766 κάκεῖ.
701 2716 882 2777 Πίστις
912 2715 1016 2784 γὰρ
1046 2717 1270 2784 μεγίστη
1306 2715 1397 2768 τοῦ
1440 2715 1536 2783 τὴν
1568 2715 1716 2768 πόλιν

167 2816 582 2885 ἀναστήσεσθαι,
640 2817 701 2868 τὸ
739 2819 832 2868 καὶ
870 2817 1028 2870 πάλιν
1071 2817 1233 2886 αὐτὴν
1282 2817 1596 2870 ἁλώσεσθαι.
1651 2817 1714 2868 Τί

167 2917 279 2981 o-Sv;
309 2919 541 2986 λυπῆσαι
570 2919 659 2970 τὸν
694 2921 968 2988 προφήτην
997 2919 1329 2989 βουλόμενος,
1366 2919 1518 2971 τοῦτο
1548 2923 1711 2986 nonet;

168 3023 439 3089 Οὐδαμῶς,
464 3022 576 3072 ἀλλ’
598 3021 788 3084 αὐτοὺς
815 3022 1210 3092 φοϐερωτέρους
1234 3024 1577 3093 ἐργάσασθαι.
1607 3024 1713 3074 Καὶ

167 3126 255 3191 οὐχ
286 3121 450 3184 ᾶπαξ,
497 3123 614 3174 οὐδὲ
644 3123 752 3185 δὶς,
798 3123 928 3174 ἀλλά
959 3123 1232 3184 πολλάκις.
1277 3123 1488 3191 Ἐπειδὴ
1535 3123 1640 3193 γάρ
1678 3125 1711 3193 ἡ

172 3223 424 3289 μέλλουσα
459 3223 672 3275 ἔσεσθαι
702 3225 971 3291 εὐπραγία
1007 3225 1160 3291 ἱκανὴ
1187 3225 1422 3292 φυσῆσαι
1449 3225 1544 3293 τὴν
1576 3225 1713 3276 ἐκεί-

166 3342 264 3374 νων
313 3324 570 3384 διάνοιαν,
616 3323 676 3375 οὐ
719 3325 873 3392 μόνον
913 3323 1306 3391 ἀνορθουμένης
1351 3324 1446 3391 τῆς
1485 3323 1707 3389 πόλεως,

166 3423 291 3475 ἀλλά
321 3424 415 3475 καὶ
450 3423 602 3490 χερσὶ
635 3423 987 3493 βαρϐαρικαῖς
1015 3426 1483 3494 οίκοδομουμὲνης,
1517 3426 1712 3495 βαρϐα-

169 3529 334 3591 ρικαῖς
374 3526 607 3588 ἐκείναις
644 3528 760 3586 ταῖς
795 3526 1136 3587 καθελούσαις
1171 3527 1355 3594 αὐτήν.
1401 3528 1567 3579 Τοῦτο
1603 3528 1709 3596 γὰρ

165 3629 253 3677 καὶ
273 3630 298 3677 6
330 3628 554 3688 Ἡσαΐας
585 3627 732 3696 φησὶ,
755 3628 960 3688 δεικνὺς
991 3627 1051 3679 τὸ
1081 3628 1475 3696 παντοδύναμον
1501 3630 1592 3680 καὶ
1622 3629 1709 3679 εὐ-

166 3743 322 3794 πορον
353 3727 446 3778 τοῦ
486 3727 637 3790 Θεοῦ,
679 3727 789 3787 πῶς
824 3728 998 3789 ἱκανὸς
1027 3728 1202 3780 πάντα
1232 3731 1322 3780 καὶ
1360 3730 1578 3796 ποιῆσαι
1616 3731 1708 3782 καὶ

169 3828 498 3893 μεταϐαλεῖν.
551 3828 700 3880 Ἐπεὶ
741 3825 831 3880 οὖν
887 3829 1102 3897 ἔμελλεν
1161 3830 1340 3892 αὐτοῖς
1389 3832 1456 3882 τὰ
1507 3832 1708 3899 πάτρια

164 3929 597 3997 ἀποδοθήσεσθαι,
642 3931 732 3980 καὶ
762 3933 902 3982 νῖκαι
932 3931 1173 4000 λαμπραὶ
1212 3933 1304 3983 καὶ
1339 3936 1596 4000 συνεχεῖς,
1640 3934 1706 3995 ἃς

165 4033 248 4082 καὶ
275 4033 322 4081 οἱ
358 4033 625 4100 προφῆται
653 4031 974 4084 ἀναϐοῶσιν·
1003 4028 1108 4084 οἷον
1139 4037 1166 4084 6
1195 4034 1291 4102 μὲν
1324 4035 1595 4102 Ἰεζεκιὴλ,
1626 4037 1706 4085 ὅτι

166 4134 294 4199 μετά
324 4143 344 4163 ⁸
376 4135 467 4202 ἐτη
497 4133 561 4183 τὰ
593 4133 728 4184 ὅπλα
758 4133 930 4183 αὐτῶν
959 4135 1419 4202 κατακαυθήσεται
1449 4136 1553 4185 τῶν
1587 4133 1708 4202 μελ-

165 4234 350 4285 λόντων
392 4233 707 4286 ἁλώσεσθαι·
746 4235 792 4285 οἱ
821 4235 874 4285 δὲ
903 4233 1045 4286 ἄλλοι
1074 4235 1139 4286 τὰ
1169 4235 1304 4286 αὐτά
1335 4235 1566 4302 συνεχῶς
1601 4235 1707 4285 ἐλε-

164 4349 248 4397 γον
271 4350 282 4361 ·
316 4336 402 4384 ἵνα
435 4336 506 4400 μὴ
535 4334 736 4394 τούτοις
765 4334 1107 4402 ἐπαρθέντες,
1136 4335 1345 4403 χείρους
1375 4336 1481 4387 τῶν
1515 4335 1705 4404 προτέ-

165 4451 263 4501 ρων
290 4435 571 4500 γένωνται,
594 4436 669 4503 τῷ
693 4437 835 4504 φόϐῳ
859 4436 955 4503 τῆς
984 4439 1351 4506 προρρήσεως,
1375 4439 1465 4489 καὶ
1492 4439 1549 4489 τὸ
1578 4439 1703 4489 πολ-

162 4535 306 4595 λάκις
337 4537 501 4600 (forte
533 4536 607 4602 τῷ
637 4536 806 4603 πολλ.)
847 4537 913 4587 τὰ
939 4538 1076 4588 αὐτά
1105 4540 1298 4599 εἰπεῖν,
1330 4539 1574 4607 καθάπερ
1610 4540 1706 4590 αὐ-

160 4638 274 4696 τοὺς
306 4639 386 4696 είς
427 4637 664 4701 ἀνάγκην
697 4637 929 4703 ἄφυκτον
968 4639 1229 4690 καθιστῶν
1268 4639 1358 4690 τοῦ
1393 4642 1524 4709 μηδέ
1580 4643 1702 4710 βου-

162 4734 406 4800 λομένους
447 4734 821 4802 διαφθαρῆναι.
851 4737 998 4807 [248]
1040 4740 1145 4790 Καὶ
1191 4739 1275 4789 διὰ
1307 4741 1460 4791 τοῦτο
1498 4744 1588 4793 καὶ
1617 4744 1705 4794 τὸν

160 4837 338 4903 χρόνον
359 4835 548 4903 ἄδηλον
582 4837 778 4887 ἐποίει·
811 4839 932 4890 ἐπεὶ
957 4841 1035 4900 τίς
1066 4841 1218 4907 χρεία
1238 4840 1403 4892 ταῦτα
1434 4844 1705 4909 ἀπαγγελ-

159 4936 304 5004 θῆναι
328 4956 342 5003 ;
394 4940 500 4990 Καὶ
545 4940 644 5010 ὅρα
680 4941 804 4991 πότε
828 4943 1235 5010 προφητεύεται.
1265 4944 1396 5013 Παρ’
1425 4946 1588 5014 αὐτὴν
1611 4948 1703 5016 τὴν

159 5043 352 5106 imam,
393 5042 743 5110 ἀκμαζόντων
773 5046 954 5106 αὐτοῖς
985 5049 1075 5098 καὶ
1108 5047 1404 5099 ἀνθούντων
1427 5051 1532 5101 τῶν
1565 5068 1704 5119 πρα-

159 5148 394 5212 γμάτων.
419 5148 625 5199 ’Ὡσπεο
662 5149 754 5201 καὶ
791 5152 818 5201 ό
855 5150 1089 5219 Μωύσῆς
1125 5154 1326 5222 μέλλων
1361 5155 1552 5218 αὐτοὺς
1590 5158 1701 5208 είσ-

185 5511 324 5586 ,θιίη
375 5515 588 5586 [ηαξ-εἶπε
637 5517 814 5586 ςοῴιείε
859 5520 1005 5586 ηοιςιτί
1042 5523 1267 5582 scriptum
1313 5532 1412 5586 est,
1461 5529 1574 5583 ἴσως
1617 5531 1697 5576 ἑπ-

152 5575 212 5618 τά.
247 5575 368 5627 Quae
390 5579 465 5620 ost
484 5577 758 5624 emendatio
781 5580 1059 5627 certissima.

1828 568 2041 633 ἀγαθῶν
2080 568 2174 636 τὴν
2210 570 2502 636 μετάληψιν
2551 570 2872 639 προφητεύει
2913 570 3092 630 αὐτοῖς
3128 567 3366 638 παρόντα

1827 668 1891 720 τὰ
1920 669 2081 730 δεινὰ,
2113 668 2309 735 λέγων·
2343 673 2795 737 Διαμαρτύρομαι
2820 670 2959 737 ὑμῖν
2983 671 3086 721 τὸν
3114 669 3369 733 οὐρανὸν

1826 769 1920 820 καί
1973 769 2084 834 τὴν
2134 769 2285 837 γῆν·
2332 771 2647 839 ἀντίρροπον
2697 775 2761 840 τῇ
2795 770 2881 822 διὰ
2925 769 3020 838 τὴν
3068 768 3365 837 εὐπραγίαν

1824 871 2057 940 ἀπαθείᾳ.
2085 873 2182 940 τὴν
2220 873 2326 924 ἀπὸ
2351 874 2449 941 τῆς
2477 873 2697 941 ἀπειλῆς
2721 874 2982 943 τιμωρίαν
3010 872 3204 932 τιθείς·
3225 870 3365 922 οὕτω

1825 977 1915 1026 καὶ
1959 969 2106 1036 οὗτος
2144 976 2356 1043 κατέχει
2404 977 2593 1038 αὐτοὺς
2638 978 2694 1029 ἐν
2727 978 2891 1046 φόϐῳ.
2937 978 3034 1028 Διά
3078 975 3232 1027 τοῦτο
3269 977 3362 1027 καὶ

1824 1079 2089 1148 Ζαχαρίας
2134 1079 2193 1130 τὸ
2226 1080 2381 1132 πλέον
2422 1083 2478 1133 ἐν
2510 1081 2714 1143 τούτοις
2755 1082 3030 1150 διατρίϐει,
3070 1082 3161 1133 καὶ
3193 1080 3360 1146 σαφέ-

1825 1195 2008 1248 στερον
2033 1180 2100 1231 τὰ
2127 1180 2262 1233 αὐτά
2303 1179 2466 1247 λέγει.
2496 1183 2655 1234 Οὐδὲν
2681 1182 2785 1250 γὰρ
2833 1181 2999 1242 οὕτως
3042 1182 3115 1242 ὼς
3152 1181 3360 1249 ἀνθρωο

1823 1282 1947 1349 πίνη
2007 1281 2164 1349 φύσις
2208 1282 2339 1351 πρὸς
2382 1283 2678 1352 εὐπραγίαν
2724 1285 2811 1335 καὶ
2853 1285 3031 1335 ἄνεσιν
3075 1284 3357 1351 ἄχρηστον.

1826 1384 1943 1434 Ἔτι
1978 1385 2120 1450 ἐμοῦ
2151 1385 2499 1450 λαλοῦντος,
2531 1387 2681 1455 φησὶ,
2708 1387 2778 1437 ἐν
2803 1385 2874 1451 τῇ
2903 1385 3230 1452 προσευχῇ,
3261 1383 3362 1454 ἧλ-

1821 1487 1922 1536 θεν
1946 1488 1977 1537 ό
2002 1485 2248 1554 ἄγγελος
2272 1489 2553 1554 Γαϐριὴλ,
2579 1490 2606 1539 6
2649 1489 2876 1556 συνήθης
2915 1486 3080 1556 αὐτῷ,
3114 1486 3360 1556 πετώμε-

1818 1602 1950 1650 νος·
1990 1589 2082 1639 καὶ
2134 1589 2385 1656 κατέσχε
2424 1606 2493 1655 με
2531 1589 2668 1641 ὡσεὶ
2697 1588 2852 1655 ὤραν
2884 1591 3095 1654 θυσίας
3131 1591 3358 1656 ἐσπερισ

1816 1685 1945 1752 γῆς.
1967 1689 2029 1740 ’11
2056 1689 2192 1740 ὥστε
2225 1692 2298 1759 μὴ
2321 1691 2616 1760 ἔκπληκτον
2643 1693 2886 1758 γενέσθαι
2913 1692 3018 1744 ἀπὸ
3045 1696 3138 1760 τῆς
3163 1694 3356 1760 ὄψεως,

1815 1789 1847 1857 ἦ
1870 1788 2004 1840 ὥστε
2034 1793 2218 1859 νοῆσαι
2246 1792 2313 1843 τὰ
2339 1793 2618 1861 λεγόμενα.
2653 1793 2859 1860 Ἐπειδὴ
2885 1795 2988 1862 γὰρ
3014 1793 3109 1845 οὐκ
3135 1790 3199 1861 ὴν
3223 1794 3357 1846 αὐτά

1822 1891 2003 1958 σαφῶς
2025 1896 2192 1945 εἰπεῖν
2223 1895 2306 1947 διὰ
2334 1899 2454 1957 τοὺς
2483 1899 2712 1960 λοιποὺς.
2733 1898 2949 1959 εἰκότως
2977 1900 3214 1950 ἅπτεται.
3244 1900 3346 1949 Καὶ

1818 1992 2092 2045 συνέτισέ
2113 2012 2205 2061 με,
2228 1998 2376 2062 φησὶ,
2411 1999 2505 2048 καὶ
2534 1998 2794 2064 ἐλιίλησε
2817 1998 2939 2065 μετ’
2967 1997 3129 2064 ἐμοῦ,
3153 1999 3245 2049 καὶ
3276 1999 3349 2049 εἷ-

1817 2106 1961 2146 πεν·
1992 2094 2240 2161 Δανιὴλ,
2270 2096 2382 2148 νῦν
2409 2097 2664 2164 ἐξῆλθον
2714 2099 3068 2166 συμϐιϐἁσαι
3099 2114 3169 2149 σε
3209 2100 3352 2149 σύν-

1811 2211 1964 2249 εσιν.
2001 2199 2094 2250 Ἐν
2125 2198 2280 2266 ἀρχῇ
2312 2198 2417 2265 τῆς
2447 2200 2705 2266 δεήσεὼς
2754 2217 2867 2254 σου
2903 2200 3156 2267 ἐξῆλθεν
3189 2202 3221 2252 ὁ
3266 2201 3357 2252 λό-

1813 2317 1943 2368 γος·
1974 2302 2070 2353 καὶ
2100 2303 2212 2368 ἐγὼ
2238 2299 2425 2371 ἦλθον
2446 2305 2550 2357 τοῦ
2582 2304 2922 2371 ἀναγγεῖλαί
2947 2321 3064 2366 σοι,
3090 2304 3176 2355 ὅτι
3205 2302 3356 2368 ἀνὴρ

1811 2403 2127 2470 ἐπιθυμιῶν
2169 2401 2225 2456 εἷ
2267 2407 2368 2460 σύ.
2413 2405 2520 2457 Καὶ
2558 2405 2866 2471 ἐννοήθητι
2903 2405 2971 2456 ἐν
3003 2403 3079 2467 τῷ
3108 2404 3352 2470 ῥήματι,

1811 2505 1908 2556 καὶ
1940 2506 2121 2570 σύνες
2152 2507 2220 2557 ἐν
2243 2505 2316 2572 τῇ
2350 2507 2621 2571 ὀπτασίᾳ.
2657 2505 2880 2573 Νόησον,
2913 2506 3062 2574 φησὶ,
3099 2504 3166 2556 τὰ
3203 2505 3353 2570 λεγό-

1813 2622 1965 2674 μενα.
1993 2607 2155 2658 Ὅταν
2203 2608 2309 2675 γάρ
2345 2624 2426 2667 τις
2459 2606 2594 2674 ὑπὲρ
2625 2606 2820 2675 ἐτέρων
2857 2606 2952 2673 μὲν
2985 2605 3155 2669 ἀξιοῖ,
3195 2606 3357 2674 Ξτερπ

1810 2707 1865 2758 δὲ
1902 2708 2100 2778 ἀκούῃ,
2139 2707 2333 2774 πολλῆς
2373 2707 2535 2758 δεῖται
2567 2708 2662 2776 τῆς
2715 2707 3032 2775 προσευχῆς.
3076 2705 3185 2756 Καὶ
3227 2706 3354 2755 ἐπι-

1810 2809 2007 2876 τρέψει
2034 2810 2074 2873 ¹“,
2122 2811 2215 2862 καί
2240 2810 2756 2878 οἰκοδομηθήσεται
2793 2809 3040 2860 πλατεῖα
3073 2809 3168 2859 καί
3195 2810 3354 2873 περί-

1809 2929 2019 2977 τειχος.
2057 2914 2208 2974 Τινὲς
2250 2914 2309 2965 τὸ
2340 2917 2543 2981 τεῖχος,
2589 2914 2724 2981 ὅπερ
2771 2912 3070 2981 Ἀγρίππας
3105 2912 3351 2977 ἐποίησε,

1809 3015 1986 3079 φασίν.
2036 3015 2145 3065 Καὶ
2191 3016 2691 3080 ἐκκενωθήσονται
2728 3018 2779 3065 οί
2818 3015 3024 3078 καιροί.
3065 3013 3171 3064 Καὶ
3205 3013 3350 3078 μετὰ

1808 3117 1912 3180 τὰς
1956 3116 2280 3183 ἑϐδομάδας
2314 3118 2418 3180 τὰς
2451 3118 2741 3183 ἐξήκοντα
2773 3117 2879 3169 δύο
2928 3112 3350 3180 ὲξολοθρευθή-

1806 3235 1969 3270 σεται
2006 3221 2245 3285 χρίσμα,
2281 3220 2376 3270 καὶ
2404 3222 2577 3286 κρίμα
2609 3222 2716 3271 οὐκ
2751 3220 2918 3270 ἐστιν
2954 3221 3022 3271 ἐν
3049 3220 3223 3282 αὐτῷ,
3255 3222 3346 3271 καὶ

1805 3319 1917 3385 τὴν
1947 3321 2124 3371 πόλιν
2160 3321 2254 3373 καὶ
2287 3321 2353 3372 τὸ
2386 3321 2552 3389 ἅγιον
2583 3322 2883 3389 διαφθερεῖ
2913 3323 3032 3376 σὺν
3067 3322 3144 3385 τῷ
3176 3323 3352 3389 ήγου-

1798 3419 1986 3485 μένῳ·
2023 3421 2116 3471 καὶ
2147 3421 2579 3485 ἑκκοπήσονται
2615 3424 2688 3485 ὡς
2721 3423 2788 3472 ἐν
2817 3421 3227 3487 κατακιῐυσμῷ,
3257 3423 3351 3472 καί

1803 3523 1910 3585 ἕως
1940 3523 2151 3588 τέλους
2185 3528 2445 3591 πολέμου
2468 3525 2946 3591 συντετμημένου
2973 3526 3327 3591 ἀφανισμοῖς

1803 3623 1911 3674 Καὶ
1955 3623 2284 3695 δυναμώσει
2322 3626 2610 3692 διαθήκην
2657 3627 2903 3689 πολλοῖς
2942 3627 3190 3692 ἑϐδομὰς
3221 3631 3346 3694 μία.

1805 3731 1942 3800 Ὅρα
1975 3730 2087 3790 πῶς
2122 3729 2427 3796 πληκτικῶς
2458 3729 2524 3779 τὰ
2562 3729 2705 3780 κακὰ
2735 3728 2923 3795 (suppl.
2952 3729 3256 3796 διηγεῖται).
3289 3732 3350 3781 Ἠ

1803 3831 1899 3883 καὶ
1939 3830 2122 3896 ἥμισυ
2158 3829 2264 3896 τῆς
2291 3827 2627 3896 ἑϐδομάδος,
2673 3831 3035 3881 καταπαύσει
3068 3832 3345 3898 θυμίαμα.

1803 3931 1898 3983 καὶ
1920 3932 2116 3991 θυσία,
2136 3931 2228 3982 καὶ
2257 3931 2518 3993 σπονδή·
2543 3931 2639 3982 καὶ
2667 3931 2759 3982 ἐπὶ
2787 3932 2848 3982 τὸ
2872 3933 3348 4001 ίερὸνβδέλυγμα

1801 4033 1909 4098 τῆς
1933 4032 2291 4098 ἐρημώσεως,
2324 4032 2418 4083 καὶ
2456 4033 2564 4097 ἕως
2589 4035 2938 4098 συντελείας
2971 4051 3122 4100 καιρι
3143 4034 3173 4082 ὗ
3205 4053 3349 4088 συν-

1801 4136 2224 4198 τελεσθήσεται
2262 4136 2358 4187 ἐπὶ
2416 4136 2529 4201 τὴν
2577 4135 2892 4204 ἐρήμωσιν.
2933 4138 3074 4206 ’Ὀρα
3134 4141 3247 4198 πῶς
3291 4142 3347 4191 ἐν

1799 4241 1908 4300 τοῖς
1929 4239 2182 4307 λυπηροῖς
2200 4240 2290 4291 τὸν
2310 4240 2460 4306 λόγον
2481 4240 2803 4301 κατέπαυσε,
2827 4242 2918 4292 καὶ
2935 4243 3001 4291 τὰ
3027 4242 3120 4308 μὲν
3142 4243 3346 4309 χρηστά

1802 4342 2019 4408 ἀσαφῶς
2043 4337 2220 4393 εἶπεν·
2255 4341 2408 4392 τοῦτο
2439 4343 2543 4410 γάρ
2574 4344 2683 4392 ἐστι
2705 4359 2716 4370 ·
2742 4343 3075 4410 Δυναμώσει
3102 4347 3347 4410 πολλοῖς

1804 4443 2090 4510 διαθήκην
2120 4444 2365 4509 ἑϐδομὰς
2407 4445 2511 4510 μία
2532 4461 2542 4470 ·
2575 4444 2642 4494 τὰ
2683 4445 2737 4494 δὲ
2769 4444 3007 4512 λυπηρὰ,
3061 4449 3292 4514 συνεχῶς
3320 4460 3342 4484 ο

1805 4548 1895 4598 καὶ
1933 4545 2206 4605 πολλάκις.
2237 4544 2346 4596 Καὶ
2383 4544 2444 4596 τὸ
2484 4545 2790 4613 βδέλυγμα
2831 4547 2934 4612 τῆς
2981 4549 3344 4616 ἐρημώσεως.

1803 4652 2059 4713 τουτέστι,
2087 4653 2146 4701 τὸ
2182 4651 2471 4719 Ἀδριανοῦ.
2517 4652 2696 4703 Ταῦτα
2745 4654 3066 4722 σαφέστερον
3101 4657 3126 4705 6
3170 4658 3340 4724 Ζαχα-

1803 4754 1919 4821 ρίας
1951 4753 2125 4818 λέγει·
2162 4753 2306 4819 λέγει
2337 4754 2391 4805 δὲ
2422 4754 2622 4815 ἐκεῖνος
2652 4757 2742 4807 καὶ
2773 4756 2838 4808 τὰ
2865 4759 3072 4826 χρηστά
3108 4759 3193 4809 διὰ
3223 4761 3346 4819 τοὺς

1800 4856 2268 4925 ἐναπομείναντας.
2313 4857 2462 4926 Τάχα
2502 4859 2592 4909 καὶ
2626 4858 2758 4927 μετά
2807 4860 3073 4926 Αἴγυπτον
3118 4862 3348 4914 τοσαῦτα

1798 4957 1889 5026 ἔτη
1921 4958 2158 5024 ἐποίησε,
2187 4961 2279 5010 καὶ
2305 4960 2363 5010 οὐ
2404 4960 2762 5028 διεφθάρησαν
2782 4977 2792 4988 ·
2829 4960 2975 5030 [ἳάθ]
3009 4962 3101 5012 νῦν
3129 4963 3183 5014 δὲ
3225 4965 3348 5015 οὐκ-

1799 5062 1878 5111 έτι
1926 5063 2222 5132 προσδοκᾷς
2259 5064 2442 5116 ταῦτα.
2476 5066 2612 5132 ’Ὀρα
2652 5067 2738 5116 καὶ
2780 5067 2846 5117 τά
2895 5067 3046 5118 ἀλλα.
3078 5070 3187 5120 Οὐκ
3229 5072 3348 5124 ἐπι-

1799 5167 1965 5217 ϐαίνει
2022 5168 2286 5229 Ἰουδαίοις
2333 5168 2405 5236 (ί.
2444 5169 2747 5234 Ἰουδαῖος),
2796 5171 3039 5240 καθάπερ
3084 5173 3174 5225 καὶ
3215 5176 3348 5244 πρό-

1854 5411 1882 5448 b
1911 5412 2024 5479 ng.
2068 5420 2320 5479 προσοχῆς,
2345 5419 2397 5460 et
2434 5415 2713 5476 ἐπιστρέψει.
2759 5415 2944 5464 Similia
2988 5426 3140 5466 ermlu
3178 5421 3348 5477 parisina

1795 5473 2049 5517 emendum
2073 5473 2240 5520 criuci.

1802 5590 1815 5602 .
1857 5534 1878 5558 ε
1909 5531 2184 5599 lpgeudum
2209 5534 2423 5595 suspicor
2467 5539 2684 5595 συνετῶς,
2723 5542 2774 5586 ut
2799 5539 3085 5600 respondeat
3112 5541 3331 5598 superior

1794 5607 2002 5650 ασαφως.
