4140 6314
749 287 854 341 241

745 399 898 452 τερον
928 382 1026 452 τῆς
1053 382 1274 443 πόλεως.
1308 381 1400 445 Τίς
1431 383 1485 434 δὲ
1512 384 1643 446 ὅλως
1672 384 1797 453 περὶ
1823 383 2073 435 ἐπανόδου
2108 377 2287 445 εἶπενς

747 467 951 529 Οὐδείς.

1355 551 1593 604 ΚΕΦΑΛ.
1635 554 1689 604 I'.

829 635 923 686 Ἐν
952 636 1066 687 ἔτει
1106 635 1276 700 τρίτῳ
1318 636 1420 688 τοῦ
1466 635 1767 700 ,βασιλέως
1811 635 2056 702 Περσῶν
2100 637 2293 704 Κύρου

748 721 926 787 λόγος
961 721 1348 786 ἀπεκαλύφθη
1386 720 1463 783 τῷ
1492 720 1730 787 Δανιὴλ,
1762 717 1832 774 οὗ
1875 722 1940 773 τὸ
1978 722 2159 788 ὄνομα
2196 722 2296 772 έπ-

749 803 972 869 εκλήθη
1029 803 1359 870 Βαλτάσαρ.
1412 805 1520 856 Kal
1551 805 1831 871 ἀληθινὸς
1874 808 1907 858 ὀ
1956 808 2166 872 λόγος·
2200 804 2295 857 καὶ

753 887 1002 954 δύναμις
1027 887 1252 952 μεγάλη
1286 888 1379 938 καὶ
1429 889 1676 950 σύνεσις
1717 889 1886 955 ἐδόθη
1928 888 2084 952 αὐτῷ
2126 889 2194 940 ἐν
2223 887 2298 955 τῇ

752 969 1021 1034 ὀπτασίᾳ.
1059 971 1151 1022 Ἑν
1195 970 1320 1033 ταῖς
1360 971 1599 1037 ἡμέραις
1643 972 1894 1035 ἐκείναις
1931 971 2042 1039 ἐγὼ
2080 972 2299 1038 Δανιὴλ

753 1051 910 1120 ἢμην
940 1051 1168 1104 πενθῶν
1197 1053 1348 1118 τρεῖς
1375 1054 1713 1120 ἑϐδομάδας.
1757 1057 1957 1121 Ἄρτον
1986 1055 2300 1123 ἐπιθυμιῶν

754 1139 860 1190 οὐκ
892 1138 1131 1205 ἔφαγον,
1161 1140 1256 1190 καὶ
1291 1139 1429 1206 κρέα
1457 1140 1551 1190 καὶ
1583 1140 1743 1204 οἶνος
1771 1144 1879 1193 οὐκ
1909 1139 2188 1205 εἰσῆλθον
2215 1142 2300 1206 είς

754 1222 818 1275 τὸ
851 1224 1039 1290 στόμα
1070 1241 1206 1289 μου,
1247 1225 1339 1275 καὶ
1380 1224 1631 1292 ἄλειμμα
1673 1227 1780 1277 οὐκ
1823 1225 2164 1292 ήλειψάμην
2193 1225 2301 1290 ἕως

757 1307 928 1373 τριῶν
958 1306 1290 1376 ἑϐδομάδων
1314 1308 1561 1376 ἡμερῶν.
1599 1309 1750 1371 Τίνος
1783 1310 1963 1362 ἕνεκεν
1993 1309 2150 1361 πάλιν
2179 1325 2302 1362 πεν-

759 1392 863 1456 θεῖς
892 1392 952 1442 El
977 1391 1082 1460 γὰρ
1106 1392 1165 1442 τὸ
1189 1391 1397 1460 πρῶτον
1417 1392 1531 1452 ἔτος
1553 1392 1732 1460 Κύρου
1756 1393 1940 1461 ἀνέϐη,
1962 1393 2102 1455 τινος
2123 1393 2302 1445 ἕνεκεν

759 1474 969 1538 πενθεῖ;
999 1476 1090 1527 καὶ
1122 1475 1295 1536 πάσας
1323 1476 1550 1545 ἡμέρας,
1579 1477 1723 1538 εἰκὸς
1769 1477 1933 1546 μίαν;
1969 1477 2125 1531 πάλιν
2155 1477 2302 1529 οὐδὲν

760 1560 974 1626 ἀκούει,
1005 1562 1144 1629 ὑπὲρ
1188 1555 1259 1612 ὧν
1295 1561 1524 1630 εὔχεται.
1568 1563 1718 1632 Ἐμοὶ
1763 1564 1933 1624 δοκεῖ,
1977 1563 2055 1616 ὅτι
2092 1561 2303 1631 εὔχεται

763 1649 900 1702 ὥστε
932 1647 1151 1715 λυθῆναι
1179 1647 1244 1698 τά
1272 1648 1416 1700 δεινά
1441 1649 1628 1702 ταῦτα.
1668 1648 1802 1700 Ἀλλ’
1840 1649 1987 1702 οὐδὲν
2020 1649 2251 1701 τοιοῦτον
2278 1649 2304 1700 ὁ

763 1732 921 1794 Θεός·
964 1733 1056 1785 καὶ
1086 1733 1229 1799 λέγει
1281 1733 1602 1802 σαφέστερον
1647 1734 1792 1786 αὑτό.
1825 1734 2036 1786 Μᾶλλον
2069 1734 2122 1786 δὲ
2166 1732 2304 1786 ὥστε

763 1819 969 1878 πάντας
1012 1816 1246 1868 ἀνελθεῖν
1275 1817 1506 1885 εῠχεται.
1553 1817 1615 1869 El
1648 1818 1739 1869 καὶ
1773 1818 1980 1886 μεγάλα
2021 1818 2086 1870 τά
2131 1818 2303 1882 δεινὰ,

768 1898 859 1950 καὶ
890 1896 1132 1948 ἐϐούλετο
1165 1897 1450 1950 ἀποϐαλεῖν
1491 1900 1587 1969 τὴν
1628 1899 1876 1969 πατρίδα.
1908 1899 2089 1962 Οῦτως
2128 1900 2181 1951 δὲ
2215 1917 2308 1953 σα·

768 1981 1022 2049 φέστερον
1047 1982 1175 2032 αὐτὸ
1199 1982 1361 2049 λέγει,
1389 1984 1480 2034 καὶ
1505 1984 1899 2054 ἀκριϐέστερον.
1927 1985 2066 2054 Ὅρα
2094 1985 2154 2053 δὴ
2183 2002 2309 2037 παν·

768 2065 930 2135 ταχοῦ
974 2067 1062 2118 τὸν
1113 2066 1304 2137 Δανιὴλ
1350 2069 1445 2137 οὐχ
1497 2067 1677 2130 ἁπλῶς
1728 2070 2143 2136 ἐπιτυγχάνοντα
2201 2069 2305 2121 τῶν

769 2152 958 2218 ὄψεων,
1002 2151 1133 2202 ἀλλὰ
1183 2155 1314 2219 μετὰ
1345 2152 1618 2220 νηστειῶν.
1646 2154 1772 2204 Ὂτε
1806 2153 1907 2204 ἔδει
1945 2153 2004 2204 τὸ
2041 2153 2171 2222 δναρ
2205 2171 2306 2223 μα-

771 2236 902 2297 θεῖν,
937 2237 1152 2303 νηστεία
1182 2239 1542 2305 προηγήσατο.
1570 2239 1695 2290 Ὅτε
1723 2237 1959 2307 Γαϐριὴλ
1989 2239 2179 2307 ἐφάνη,
2221 2256 2309 2307 νη-

775 2320 918 2370 στεία
954 2320 1110 2371 πάλιν
1138 2321 1225 2371 καὶ
1261 2321 1446 2381 σποδὸς
1475 2321 1564 2372 καὶ
1600 2322 1815 2382 σάκκος.
1838 2323 1963 2373 Ὀτε
1996 2316 2144 2384 οὗτος
2183 2324 2307 2388 φαί-

771 2418 936 2466 νεται,
981 2404 1069 2454 καὶ
1108 2404 1323 2471 νηστεία
1365 2405 1456 2455 καὶ
1491 2407 1644 2474 εὐχή.
1687 2405 1822 2456 Ἀλλ’
1859 2407 1957 2474 ὅρα
1997 2408 2087 2457 καὶ
2129 2405 2313 2458 τοῦτον

773 2487 1194 2554 ἀπολογούμενον
1218 2487 1361 2556 αὑτῷ
1392 2489 1590 2556 σχεδόν.
1622 2488 1726 2541 Καὶ
1757 2490 1825 2541 ἐν
1861 2490 2042 2557 ἡμέρᾳ
2074 2491 2312 2558 εἰκοστῇ

773 2573 869 2624 καὶ
915 2573 1154 2638 τετάρτῃ
1189 2574 1290 2624 τοῦ
1333 2575 1522 2638 μηνὸς
1573 2575 1676 2626 τοῦ
1713 2574 1959 2640 πρώτου,
2005 2574 2116 2642 ἐγὼ
2156 2576 2314 2643 ἥμην

773 2657 1049 2725 ἐχόμενος
1091 2658 1194 2709 τοῦ
1227 2659 1485 2724 ποταμοῦ
1522 2659 1625 2712 τοῦ
1664 2659 1945 2726 μεγάλου,
1974 2657 2148 2724 οὗτός
2186 2663 2314 2715 ἐστι

782 2744 986 2809 Τίγρις.
1021 2744 1125 2795 Kal
1159 2741 1267 2811 ἦρα
1301 2744 1437 2807 τοὺς
1469 2745 1806 2812 ὀφθαλμούς
1838 2763 1975 2812 μου,
2007 2747 2100 2798 καὶ
2125 2743 2312 2800 εἶδον·

777 2827 872 2879 καὶ
898 2827 1026 2878 ὶδοὺ
1052 2827 1202 2893 ἀνὴρ
1247 2828 1628 2895 ἐνδεδυμένος
1652 2829 1837 2896 βαδὶμ
1857 2865 1871 2890 ,
1913 2830 2008 2883 καὶ
2040 2833 2077 2898 ἡ
2121 2832 2312 2898 ὀσφὺς

778 2912 960 2964 αὐτοῦ
992 2911 1409 2979 περιεζωσμένη
1449 2913 1673 2980 χρυσίῳ
1696 2912 1878 2980 Ὀφὰᾷ
1920 2915 2014 2966 καὶ
2045 2915 2109 2967 τὸ
2150 2913 2317 2983 σῶμα

778 2997 960 3050 αὐτοῦ
984 2997 1123 3048 ὡσεὶ
1147 2996 1409 3062 Θαρσεῖς,
1433 2996 1526 3048 καὶ
1551 2999 1614 3049 τὸ
1637 2999 1953 3065 πρόσωπον
1973 2999 2154 3053 αὑτοῦ
2177 2999 2316 3052 ὡσεὶ

778 3082 981 3149 ὅρασις
1036 3081 1362 3148 ἀστραπῆς,
1397 3082 1492 3133 καὶ
1545 3085 1596 3135 οἱ
1625 3084 1910 3152 ὀφθαλμοὶ
1961 3085 2143 3138 αὐτοῦ
2176 3086 2316 3139 ὡσεὶ

781 3165 1084 3231 λαμπάδες
1114 3167 1319 3231 πυρὸς,
1350 3167 1445 3216 καὶ
1471 3169 1522 3217 οί
1546 3168 1862 3233 ,ϐραχίονες
1911 3169 2091 3221 αὑτοῦ
2124 3171 2216 3222 καὶ
2247 3170 2319 3221 τὰ

781 3250 970 3316 σκέλη
993 3252 1066 3314 ὡς
1092 3251 1287 3316 ὅρασις
1319 3251 1542 3316 χαλκοῦ
1571 3253 1932 3315 στίλϐοντος,
1965 3253 2060 3307 καὶ
2087 3254 2122 3318 η
2153 3255 2317 3320 φωνὴ

786 3334 898 3387 τῶν
928 3338 1118 3403 λόγων
1143 3336 1324 3388 αὐτοῦ
1354 3336 1430 3400 ὠς
1461 3336 1626 3402 φωνὴ
1656 3336 1860 3404 ὄχλου.
1890 3338 1996 3389 Καὶ
2024 3333 2184 3390 εἶδον
2209 3339 2320 3407 ἐγὼ

784 3421 1002 3486 Δανιὴλ
1038 3421 1220 3487 μόνος
1268 3421 1378 3484 τὴν
1426 3422 1737 3484 ὀπτασίαν,
1783 3423 1876 3475 καὶ
1912 3426 1963 3475 οἱ
2015 3422 2218 3489 ἄνδρες
2267 3426 2320 3476 οἱ

777 3508 900 3573 μετ’
930 3505 1070 3573 ἐμοῦ
1111 3508 1218 3558 οὐκ
1263 3501 1422 3556 εἶδον
1467 3505 1578 3571 τὴν
1628 3507 1937 3569 ὀπτασίαν,
1981 3507 2114 3560 ἀλλ’
2154 3507 2190 3574 ἢ
2227 3508 2322 3559 ἐκ·

784 3606 996 3652 στασις
1025 3589 1250 3656 μεγάλη
1277 3590 1567 3641 ἐπέπεσεν
1595 3591 1683 3641 ἐπ’
1709 3591 1944 3656 αὐτοὺς,
1981 3592 2074 3645 καὶ
2103 3591 2324 3658 ἔφυγον

788 3677 855 3728 ἐν
891 3676 1066 3743 φόϐῳ.
1108 3675 1209 3728 Καὶ
1240 3675 1352 3742 ἐγὼ
1393 3677 1757 3742 ἀπελείφθην
1792 3677 1995 3744 μόνος,
2037 3678 2132 3729 καὶ
2165 3674 2325 3730 εἷδον

790 3761 900 3827 τὴν
946 3759 1237 3814 ὀπτασίαν
1293 3759 1407 3825 τὴν
1446 3753 1714 3828 μεγάλην
1761 3762 2010 3827 ταύτην,
2064 3761 2160 3814 καὶ
2213 3764 2324 3830 οὺχ

789 3846 1108 3912 ὑπελείφθη
1147 3845 1212 3896 ἐν
1246 3845 1374 3911 ἐμοὶ
1407 3845 1611 3912 Ῑσχὺς,
1645 3846 1738 3896 καὶ
1779 3845 1815 3909 τ)
1850 3845 1994 3908 δόξα
2039 3863 2154 3913 μου
2194 3863 2326 3913 μετ-

788 3928 1051 3995 εστράφη
1077 3931 1155 3992 είς
1181 3929 1516 3995 διαφθορὰν,
1541 3928 1632 3980 καὶ
1657 3931 1762 3981 οὐκ
1780 3929 2075 3996 ἐκράτησα
2096 3931 2321 3998 ισχύος.

793 4013 897 4067 Kal
937 4012 1169 4079 ἤκουσα
1209 4029 1319 4077 την
1357 4013 1560 4078 φωνὴν
1601 4011 1714 4064 τῶν
1746 4016 1938 4080 λόγων
1983 4015 2192 4067 αὑτοῦ·
2231 4016 2326 4068 καὶ

789 4097 858 4150 ἐν
881 4097 956 4161 τῷ
975 4081 1229 4150 ἀκοῦσαί
1246 4113 1320 4163 με
1337 4096 1493 4162 ἤμην
1517 4096 2016 4164 κατανενυγμένος
2039 4100 2132 4150 ἐπὶ
2157 4102 2330 4166 πρόσ-

792 4185 953 4234 ωπόν
987 4201 1124 4250 μου,
1169 4182 1264 4233 καὶ
1297 4182 1360 4233 τὸ
1406 4183 1723 4247 πρόσωπόν
1748 4199 1864 4249 μου
1914 4183 2008 4235 ἐπὶ
2043 4182 2152 4249 τὴν
2194 4183 2326 4250 γῆν.

793 4269 898 4322 Καὶ
934 4268 1057 4320 ἰδοὺ
1093 4268 1215 4334 χεὶρ
1261 4269 1555 4334 ἁπτομένη
1585 4285 1721 4334 μου,
1764 4269 1860 4320 καὶ
1903 4267 2094 4336 ῆγειρέ
2129 4286 2204 4336 με
2236 4271 2330 4322 ἐπὶ

793 4354 864 4406 τὰ
891 4355 1107 4420 γόνατά
1129 4371 1265 4420 μου,
1297 4353 1389 4404 καὶ
1418 4353 1511 4404 ἐπὶ
1539 4354 1606 4405 τὰ
1632 4356 1768 4421 ίχνη
1793 4354 1907 4407 τῶν
1934 4354 2172 4407 ποδῶνι
2195 4371 2331 4421 μου.

794 4440 903 4492 Kal
923 4436 1048 4491 εἷπε
1073 4441 1218 4504 πρός
1236 4456 1310 4504 με
1326 4454 1338 4466 ·
1362 4439 1596 4505 Δανιὴλ,
1625 4439 1774 4506 ἀνὴρ
1797 4439 2131 4508 ἐπιθυμιῶν,
2154 4441 2336 4502 σύνες

795 4528 863 4579 ἐν
899 4525 1016 4589 τοῖς
1052 4526 1270 4592 λόγοις,
1295 4521 1382 4588 οἷς
1415 4525 1524 4591 ἐγὼ
1551 4523 1716 4577 λαλῶ
1743 4525 1886 4591 πρὸς
1911 4529 2002 4590 σὲ,
2031 4529 2124 4578 καὶ
2162 4525 2336 4587 στῆθι

796 4612 865 4663 ἐν
892 4609 963 4676 τῇ
993 4609 1199 4662 στάσει
1231 4625 1363 4670 σου,
1395 4610 1480 4661 ὅτι
1520 4611 1634 4662 νῦν
1665 4611 2011 4676 ἀπεστάλην
2047 4611 2157 4678 ἐγὼ
2193 4611 2339 4676 πρὸς

799 4695 892 4750 σέ.
917 4695 1022 4747 Kal
1053 4686 1119 4745 έν
1154 4692 1232 4756 τῷ
1257 4695 1522 4759 λαλῆσαι
1550 4697 1734 4748 αὐτοὶ·
1752 4697 1900 4763 πρὸς
1921 4696 1997 4763 μὲ
2025 4697 2129 4748 τὸν
2157 4697 2340 4762 λόγον

799 4781 1030 4841 τοῦτον,
1069 4779 1330 4845 ἀνέστην
1361 4782 1659 4846 ἔντρομος.
1698 4781 1804 4833 Kal
1845 4778 1971 4834 εἷπε
2010 4781 2156 4852 [250]
2194 4781 2339 4847 πρός

795 4885 899 4937 με’
930 4867 1025 4932 Μὴ
1065 4866 1268 4933 φοϐοῦ,
1302 4867 1539 4933 Δανιὴλ,
1570 4867 1653 4919 ὅτι
1692 4868 1807 4919 ἀπὸ
1836 4867 1944 4935 τῆς
1982 4868 2199 4936 ἡμέρας
2233 4866 2341 4933 τῆς

801 4952 1051 5019 πρώτης,
1091 4947 1164 5019 ἧς
1187 4952 1406 5016 ἔδωκας
1441 4952 1551 5018 τὴν
1579 4952 1826 5017 καρδίαν
1861 4970 1973 5005 σου
2001 4954 2103 5006 τοῦ
2142 4951 2341 5005 συνεῖ-

800 5052 898 5090 ναι
935 5037 1030 5088 καὶ
1064 5034 1396 5102 κακωθῆναι
1433 5038 1630 5088 ἐναντι
1661 5037 1875 5101 Κυρίου
1909 5037 2012 5089 τοῦ
2038 5037 2179 5090 Θεοῦ
2205 5051 2341 5099 σου,

802 5123 1192 5188 ἠκούσθησαν
1219 5124 1270 5173 ol
1294 5122 1457 5188 λόγοι
1490 5135 1626 5185 σου,
1653 5122 1748 5173 καὶ
1782 5120 1894 5189 ἐγὼ
1918 5117 2104 5191 ἦλθον
2127 5122 2195 5174 ἐν
2225 5121 2345 5186 τοῖς

800 5210 1002 5275 λύγοις
1034 5221 1168 5258 σου.
1205 5203 1362 5275 Ὁρᾷς
1393 5191 1528 5274 ὅπερ
1556 5206 1706 5274 ἔφην,
1740 5206 1830 5257 καὶ
1854 5204 2036 5258 τοῦτον
2060 5204 2346 5273 ἀπολογού-

809 5309 962 5362 μενον
1004 5290 1149 5359 αὐτῷ
1181 5291 1390 5359 σχεδόν;
1429 5290 1558 5346 Ἀπὸ
1606 5290 1835 5361 πρώτης
1876 5291 2117 5359 ⁴ἡμέρας,
2165 5291 2344 5360 φησὶν,

864 5523 892 5556 ³
914 5524 1245 5572 Ἰἰιοοιῐοῖειυε
1265 5523 1450 5584 χειρῶν.

1401 269 1458 325 8.
1494 269 1774 324 JOANNIS
1806 268 2292 324 CHRYSOSTOMI
2327 268 2642 327 ARCHIEP.
2680 272 3214 334 CONSTANTINOP.

3837 292 3949 346 242

2392 387 2755 455 ἀπεστάλην.
2782 390 2933 451 Τίνος
2952 386 3042 443 οὖν
3077 392 3258 444 ἕνεκεν
3284 390 3607 460 ὲϐράδυνας;
3641 392 3751 445 Kal
3783 396 3814 447 ό
3841 394 3938 463 ἀρ-

2390 487 2510 536 χων
2532 473 2847 537 ,βασιλείας
2880 475 3121 542 Περσῶν
3142 477 3402 540 εἱστήκει
3435 477 3502 539 ἐξ
3527 477 3800 542 ἐναντίας
3819 495 3938 546 μου

2391 558 2580 611 ετκοσι
2638 562 2733 612 καί
2781 565 2925 630 μίαν
2972 564 3214 631 ἡμέραν.
3267 566 3535 627 Ἤκουσας
3578 565 3658 617 ὅτι
3689 567 3941 631 Ἔθηκεν

2392 643 2519 710 ὅρια
2573 647 2756 698 ἐθνῶν
2793 649 2937 702 κατὰ
2977 651 3220 718 ἀριθμὸν
3257 650 3522 720 ἀγγέλων
3575 651 3791 713 αὑτοῦ;
3830 651 3940 704 Καὶ

2392 729 2612 781 ἕκαστον
2638 731 2782 794 ἔθνος
2812 734 2922 802 ἔχει
2949 735 3035 787 τὸν
3067 735 3360 804 ἐφεστῶτα,
3393 736 3484 787 καὶ
3514 735 3753 804 βούλεται
3780 736 3939 796 αὐτὸς

2395 807 2527 864 εἶναι
2560 813 2933 885 δυνατώτερος.
2968 821 3074 870 Kal
3099 820 3347 881 σύνεσις
3379 818 3552 884 ἐδόθη
3577 817 3731 881 αὺτῷ
3768 818 3837 870 ἐν
3862 815 3940 884 τῇ

2395 897 2665 962 ὀπτασίᾳ.
2696 901 2768 952 Οὐ
2803 901 2908 970 γὰρ
2934 903 3088 971 ήρκει
3121 903 3187 955 τά
3219 905 3435 972 ῥήματα
3464 901 3665 965 διδάξαι
3694 901 3761 953 τά
3790 900 3943 968 λεγό-

2399 998 2548 1048 μενα.
2590 983 2747 1053 Ὁρᾷς
2791 985 2986 1055 ἑτέρως
3028 987 3436 1057 παιδευομένους
3467 987 3591 1047 τοὺς
3629 987 3938 1056 προφήτας;

2394 1069 2503 1119 Καὶ
2536 1068 2781 1137 δύναμις
2812 1073 3041 1139 μεγάλη
3089 1073 3186 1142 τῆς
3233 1072 3422 1139 ὅψεως.
3453 1074 3656 1134 Ὄντως
3688 1073 3796 1142 γὰρ
3844 1091 3944 1142 με·

2396 1154 2554 1224 γάλη,
2584 1155 2642 1206 τὸ
2678 1158 2801 1218 τοὺς
2838 1159 3198 1227 ἠσθενηκότας
3235 1159 3439 1210 ἐκείνου
3466 1158 3558 1211 τοῦ
3589 1157 3820 1211 τοσαῦτα
3844 1173 3946 1210 πε-

2399 1239 2734 1307 ριγενομένου
2773 1242 3142 1310 περιγενέσθαι
3177 1243 3463 1312 Ἀντιόχου.
3503 1242 3610 1296 Kal
3657 1241 3946 1309 ἀληθινὸς

2399 1325 2431 1375 ὀ
2472 1326 2664 1391 λόγος.
2705 1325 2915 1395 Ἐπειδή
2961 1343 3099 1389 τινες
3163 1326 3380 1396 ἔμελλον
3434 1328 3695 1382 ἀπιστεῖν.
3749 1321 3830 1382 οὔ
3875 1324 3948 1378 τὸ

2401 1405 2582 1474 ὄνομα
2623 1409 2952 1477 Βαλτάσαρ.
2991 1411 3404 1481 Ἀναμιμνήσκει
3449 1429 3508 1464 σε
3545 1411 3650 1464 τῶν
3689 1410 3946 1480 πρώτων,

2402 1490 2485 1542 ἵνα
2529 1491 2830 1556 ἀξιόπιστος
2868 1498 3027 1564 φανῇ.
3063 1496 3189 1548 Ἰδοὺ
3229 1497 3317 1548 καὶ
3343 1497 3400 1548 τὸ
3430 1496 3609 1565 πάσχα
3642 1495 3845 1548 ἔλυσεν.
3879 1493 3949 1546 El

2399 1574 2505 1644 γὰρ
2537 1579 2593 1627 ὲν
2621 1577 2697 1645 τῷ
2726 1577 2921 1647 πρώτῳ
2966 1579 3093 1648 μηνὶ
3134 1581 3193 1632 τὸ
3227 1582 3405 1650 πάσχα
3437 1581 3660 1648 γίνεται,
3700 1575 3851 1641 οὗτος
3886 1579 3950 1632 δὲ

2406 1661 2561 1729 μέχρι
2604 1662 2701 1729 τῆς
2742 1664 3001 1734 τετάρτης
3029 1666 3234 1728 είκάδος
3273 1665 3365 1718 τοῦ
3403 1667 3566 1736 μηνὸς
3602 1667 3944 1736 ἑνήστευσεν.

2415 1745 2695 1814 Ἐμπίπτει
2733 1747 2788 1799 δὲ
2821 1751 2898 1811 είς
2927 1749 3022 1818 τὴν
3061 1751 3662 1820 τεσσαρεσκαιδεκάτην,
3693 1751 3799 1803 ἀπὸ
3842 1753 3948 1819 τῆς

2402 1833 2975 1903 τεσσαρεσκαιδεκάτης
3000 1835 3089 1886 ἐπὶ
3115 1835 3208 1904 τήν
3240 1833 3456 1904 πρώτην
3485 1836 3688 1896 εἰκάδα,
3717 1835 3808 1888 καὶ
3834 1836 3954 1887 ἐτέ-

2407 1931 2503 1982 ρας
2538 1916 2627 1966 δύο
2655 1918 2877 1985 ἡμέρας.
2908 1919 3046 1988 Ὅρα
3088 1921 3154 1974 τὰ
3181 1920 3382 1989 νόμιμα
3421 1920 3515 1988 ήδη
3551 1920 3946 1988 καταλυόμενα.

2406 1999 2516 2049 Οὐκ
2542 2001 2798 2069 ὲνέτρεψέ.
2816 2019 2871 2053 σε
2901 2003 2927 2053 ὁ
2951 2003 3126 2068 φόϐος,
3151 1998 3195 2056 ὦ
3220 2004 3440 2072 Δανιήλ;
3470 2004 3772 2073 Οὐχῌρησί.
3802 2005 3952 2074 Ὅρα

2407 2083 2506 2134 ποῦ
2539 2085 2634 2152 τὴν
2661 2085 2918 2137 ὀπτασίαν
2949 2087 3162 2154 βλέπει·
3196 2090 3286 2140 ἐπὶ
3317 2089 3413 2157 τῆς
3445 2091 3665 2159 ἐρήμου,
3697 2089 3952 2158 καθάπερ

2406 2167 2499 2218 καὶ
2527 2170 2776 2237 Μωῡσῆς.
2807 2171 2871 2222 Al
2899 2172 3005 2241 γὰρ
3062 2173 3239 2234 πόλεις
3297 2171 3532 2240 θορύϐων
3575 2171 3825 2241 γέμουσι,
3853 2173 3955 2226 καὶ

2405 2253 2661 2321 ταραχῆς.
2692 2253 2843 2306 Οὕτω
2874 2255 2968 2307 καὶ
3010 2259 3036 2307 ὁ
3073 2257 3300 2325 Χριστὸς
3327 2258 3416 2308 ἐπὶ
3456 2257 3546 2308 τοῦ
3576 2258 3732 2328 ὄρους
3784 2273 3958 2325 μετα-

2412 2337 2721 2405 μορφοῦται.
2773 2341 2883 2390 Kal
2936 2339 3060 2391 ίδοὺ
3125 2339 3358 2408 Μιχαὴλ
3419 2335 3504 2406 εἷς
3562 2341 3677 2394 τῶν
3731 2342 3957 2409 ἀρχόν-

2409 2437 2523 2471 των
2563 2419 2797 2486 πρώτων
2835 2419 2974 2490 ἦλθε
3003 2422 3307 2490 βοηθῆσαί·
3324 2442 3440 2492 μοι,
3471 2426 3563 2478 καὶ
3589 2426 3769 2478 αὑτὸν
3815 2442 3961 2479 κατ-

2408 2503 2615 2556 έλιπον
2645 2505 2766 2556 ἐκεῖ
2806 2509 2952 2573 μετὰ
2993 2507 3094 2560 τοῦ
3140 2507 3424 2574 ἄρχοντος
3461 2508 3762 2574 ,βασιλέως
3804 2513 3959 2577 Περ-

2410 2587 2554 2641 σῶν.
2598 2593 2702 2642 Kal
2745 2590 2931 2657 ἦλθον
2961 2596 3267 2646 συνετίσαι
3311 2610 3379 2646 σε
3413 2593 3526 2646 ὅσα
3549 2595 3963 2659 ἀπαντήσεται

2409 2671 2488 2736 τῷ
2528 2674 2649 2739 λαῷ
2670 2692 2784 2728 σου
2809 2677 2900 2728 ἐπ’
2931 2678 3196 2744 ἐσχάτων
3221 2680 3337 2732 τῶν
3363 2679 3611 2746 ἡμερῶν,
3648 2679 3734 2732 ὅτι
3755 2681 3886 2733 ίδοὺ
3917 2681 3960 2745 ἡ

2413 2759 2615 2824 ὅρασις
2637 2765 2720 2824 εἰς
2745 2763 2979 2828 ἡμέρας.
3013 2765 3117 2816 Kal
3147 2765 3214 2816 ἐν
3235 2764 3311 2828 τῷ
3330 2766 3592 2831 λαλῆσαι
3624 2766 3805 2818 αὐτὸν
3829 2769 3965 2833 μετ’

2412 2844 2553 2912 ἐμοῦ
2606 2844 2830 2910 πάντας
2875 2848 3013 2912 τοὺς
3064 2850 3279 2917 λόγους
3326 2850 3602 2914 τούτους,
3646 2849 3836 2902 ἔδωκα
3896 2852 3964 2903 τὸ

2413 2929 2726 2994 πρόσωπόν
2746 2947 2862 2996 μου
2900 2932 2992 2982 ἐπὶ
3025 2932 3135 2998 τὴν
3163 2932 3303 3000 γῆν,
3340 2933 3435 2986 καὶ
3463 2937 3808 3002 κατενύγην.
3848 2935 3966 2989 Kal

2415 3013 2539 3066 ίδοὺ
2554 3015 2631 3078 ὡς
2647 3017 2899 3083 ὁμοίωμα
2918 3017 3046 3069 υιοῦ
3061 3017 3363 3083 ἀνθρώπου
3376 3018 3569 3086 ἥψατο
3587 3017 3700 3071 τῶν
3714 3020 3970 3087 χειλέων

2409 3117 2543 3166 μου.
2581 3101 2685 3151 Kal
2716 3101 2924 3166 ἢνοιξα
2951 3103 3012 3154 τὸ
3035 3105 3222 3171 στόμα
3248 3121 3384 3172 μου,
3419 3104 3515 3156 καὶ
3541 3105 3829 3170 ἐλάλησα.
3863 3106 3970 3158 καὶ

2415 3181 2582 3236 εἷπον
2596 3186 2740 3251 πρὸς
2765 3185 2868 3237 τὸν
2885 3187 3108 3239 ἑστῶτα
3127 3189 3399 3242 ἐναντίον
3409 3203 3547 3257 μου·
3578 3190 3768 3256 Κύριε,
3793 3190 3864 3243 ἐν
3887 3189 3970 3257 τῇ

2416 3267 2615 3333 όράσει
2655 3284 2769 3322 σου
2799 3270 3063 3337 ἐστράφη
3103 3273 3170 3324 τὰ
3213 3273 3379 3337 ἐντός
3406 3291 3520 3340 μου
3568 3275 3635 3326 ἐν
3667 3273 3813 3341 ἐμοὶ,
3862 3275 3970 3327 καὶ

2418 3352 2544 3405 ὶδοὺ
2584 3355 2692 3405 οὐκ
2719 3353 2835 3420 ἔχω
2868 3356 3066 3421 ἰσχύν.
3101 3356 3208 3408 Kal
3238 3356 3360 3422 πῶς
3393 3358 3713 3422 δυνήσεται
3751 3361 3784 3411 ὀ
3822 3359 3972 3424 παῖς

2418 3453 2552 3499 σου,
2586 3440 2776 3502 Κύριε,
2810 3438 3074 3503 λαλῆσαι
3109 3442 3256 3507 μετὰ
3286 3443 3388 3494 τοῦ
3425 3444 3638 3508 Κυρίου
3686 3460 3800 3510 μου
3829 3445 3972 3496 τού-

2419 3538 2557 3585 του;
2580 3522 2686 3574 Kal
2718 3521 2848 3589 ἐγὼ,
2889 3523 3004 3576 ἀπὸ
3029 3525 3133 3577 τοῦ
3169 3526 3281 3577 νῦν
3317 3528 3387 3579 οὐ
3422 3526 3705 3594 στήσεται
3738 3528 3808 3579 ἐν
3833 3527 3972 3594 ἐμοὶ

2420 3605 2613 3673 ἰσχὺς,
2633 3607 2726 3658 καὶ
2746 3606 2898 3671 πνοὴ
2923 3610 3030 3675 οὐχ
3049 3610 3371 3676 ὑπελείφθη
3393 3610 3460 3662 ἐν
3485 3611 3630 3678 ἐμοί.
3658 3611 3760 3664 Kal
3782 3626 3974 3678 προσ-

2419 3690 2601 3752 έθετο,
2644 3691 2740 3743 καὶ
2774 3691 2972 3757 ἣψατό
3002 3710 3118 3759 μου
3157 3694 3234 3757 ὡς
3267 3695 3470 3761 ὅρασις
3501 3695 3828 3762 ἀνθρώπου,
3867 3697 3974 3750 και

2421 3775 2706 3843 ἐνίσχυσέ
2732 3793 2824 3843 με,
2854 3779 2947 3828 καὶ
2974 3775 3100 3829 εἶπέ
3117 3797 3214 3846 μοι
3243 3795 3256 3808 ·
3285 3783 3377 3850 Μὴ
3409 3779 3610 3847 φοϐοῦ,
3650 3781 3800 3849 ἀνὴρ
3835 3783 3967 3835 ἐπι-

2425 3859 2661 3927 θυμιῶν,
2691 3860 2890 3927 εὶρήνη
2931 3877 3046 3924 σοι,
3078 3862 3367 3930 ἀνδρίζου,
3408 3863 3502 3916 καὶ
3533 3866 3724 3932 ισχυε.
3759 3866 3870 3918 Kal
3901 3868 3975 3918 ἐν

2425 3945 2503 4009 τῷ
2554 3946 2815 4013 λαλῆσαι
2861 3947 3045 4000 αὑτὸν
3064 3948 3189 4018 μετ’
3242 3949 3385 4017 ἐμοῦ
3413 3990 3428 4012 ,
3473 3951 3770 4019 ἐνίσχυσα
3797 3992 3812 4014 ,
3866 3952 3977 4008 καὶ

2425 4029 2620 4085 εἷπον·
2648 4033 2892 4098 Λαλήτω
2921 4037 2952 4086 ό
2993 4036 3203 4102 Κύριός
3225 4052 3363 4102 μου,
3397 4035 3484 4088 ὅτι
3502 4037 3837 4104 ἐνίσχυσάς
3867 4056 3971 4107 με.

2428 4118 2535 4170 Kal
2565 4118 2748 4181 εἶπεν,
2766 4120 2831 4170 El
2855 4115 3016 4182 οἶδας
3057 4119 3111 4171 τί
3152 4116 3338 4187 ἦλθον
3376 4119 3521 4187 πρὸς
3553 4122 3663 4185 σέ;
3702 4123 3807 4175 Kal
3854 4124 3978 4178 νῦν

2429 4204 2761 4270 ἐπιστρέψω
2801 4205 2904 4256 τοῦ
2949 4204 3277 4272 πολεμῆσαι
3337 4207 3479 4273 μετὰ
3529 4209 3632 4261 τοῦ
3682 4209 3977 4276 ἄρχοντος

2431 4288 2689 4354 Περσῶν.
2715 4289 2818 4342 Kal
2853 4289 2962 4355 ἐγὼ
2987 4290 3436 4358 ἐξεπορευόμην,
3458 4293 3555 4344 καὶ
3579 4297 3608 4346 ό
3631 4295 3825 4362 ἄρχων
3854 4295 3979 4348 τῶν

2446 4374 2742 4439 Ἑλλήνων
2764 4375 2992 4442 ἤρχετο.
3029 4376 3172 4446 [251]
3216 4379 3364 4431 Ἀλλ’
3396 4379 3432 4445 ἢ
3467 4380 3766 4448 ἀναγγελῶ
3788 4398 3890 4435 σοι
3911 4385 3980 4437 τὸ

2434 4462 2784 4530 τεταγμένον
2819 4463 2888 4514 ἐν
2938 4462 3132 4530 γραφῇ
3159 4464 3463 4530 ἀληθείας·
3504 4467 3599 4519 καὶ
3647 4469 3754 4520 οὐκ
3806 4469 3983 4522 ἐστιν

2435 4542 2519 4611 εἷς
2555 4547 2943 4614 ἀντεχόμενος
2966 4549 3089 4614 μετ’
3129 4548 3270 4615 ἐμοῦ
3319 4550 3447 4616 περὶ
3473 4551 3693 4604 τούτων
3713 4589 3726 4611 ,
3773 4553 3915 4605 ἀλλ’
3940 4553 3978 4619 ἢ

2439 4629 2675 4695 Μιχαὴλ
2690 4634 2720 4681 ὀ
2740 4630 2935 4696 ἅρχων
2955 4632 3135 4698 ὑμῶν.
3149 4632 3254 4684 Kal
3272 4632 3396 4684 Ιδοὺ
3416 4635 3566 4702 ἀνηρ
3587 4635 3983 4702 ἐνδεδυμένος

2439 4713 2681 4778 στολήν.
2703 4716 2857 4775 Ἴσως
2879 4715 3162 4784 ίερατικήν.
3192 4716 3251 4769 Ἠ
3265 4716 3398 4783 ὄψις
3413 4719 3591 4772 αὐτοῦ
3606 4721 3682 4784 ὡς
3699 4721 3981 4788 ἀστραπὴ

2439 4794 2516 4865 ἦν
2544 4799 2730 4864 πυρὸς
2755 4799 2871 4850 ἀπὸ
2913 4799 3227 4867 ὀφθαλμῶν
3255 4803 3458 4860 αὑτοῦ.
3494 4803 3616 4866 Πῶς
3641 4807 3696 4856 ὲν
3725 4805 3982 4874 ἀστραπῇ

2441 4878 2662 4943 ὲκείνοίς
2684 4882 2863 4948 ἔφαινε
2885 4899 2899 4946 ;
2920 4883 3057 4944 τίνος
3078 4884 3258 4937 ἕνεκεν
3276 4886 3413 4939 οὓτω
3440 4888 3680 4955 φαίνεται
3703 4891 3731 4941 ὁ
3755 4889 3988 4955 ἄγγελος

2441 4967 2589 5032 οὗτος
2611 4988 2625 5037 ;
2663 4967 2748 5038 ἆρ’
2771 4972 2855 5023 ἴνα
2881 4971 3119 5043 ἐκπλήξῃ
3148 4973 3235 5024 τὸν
3258 4974 3424 5044 δῆμον
3448 4993 3464 5041 ;
3488 4977 3578 5028 καὶ
3602 4977 3652 5029 τί
3672 4977 3729 5028 τδ
3750 4977 3950 5046 κέρδος
3978 4999 3991 5045 ;

2444 5061 2559 5113 Ἵνα
2603 5061 2765 5130 πείσῃ
2817 5060 3008 5130 μηκέτι
3051 5061 3258 5115 πενθεῖν
3317 5064 3375 5115 τὸ
3436 5064 3514 5133 (f.
3559 5064 3674 5134 τῷ)
3726 5065 3996 5130 πολλάκις

2444 5150 2610 5202 ταῦτα
2653 5149 2931 5215 λέγεσθαι·
2988 5151 3271 5220 μαρτυρῶν
3321 5156 3580 5224 μαρτυρεῖ
3608 5153 3831 5222 δυνάμει
3885 5157 3996 5208 τῶν

2446 5241 2745 5308 ἐσομένων·
2797 5239 2830 5306 ἢ
2886 5238 2969 5288 ἵνα
3001 5239 3331 5309 πιστώσηται
3375 5242 3554 5295 αὐτόν.
3599 5239 3711 5294 Kal
3741 5243 3780 5309 ὴ
3820 5243 3997 5310 φωνὴ

2443 5328 2691 5398 μεγάλη.
2721 5327 2879 5377 Ὥστε
2915 5325 3005 5378 καὶ¹
3032 5327 3198 5397 τούτῳ
3235 5328 3702 5397 καταπλήξασθαι.
3749 5330 3996 5396 Ἐξίστα-

2449 5435 2556 5481 ται,
2589 5417 2680 5468 καὶ
2729 5415 2885 5468 πάλιν
2921 5416 3228 5483 ὁμιλοῦντος
3260 5417 3551 5482 ἐξίσταται,
3589 5418 3998 5488 συγχωροῦντος

2454 5509 2600 5571 ἴσως,
2635 5505 2732 5558 οὐκ
2759 5505 3162 5569 ἀδυνατοῦντος·
3193 5506 3313 5559 ἐπεὶ
3356 5505 3614 5575 πρότερον
3646 5503 3830 5560 εἶπεν·
3877 5508 3998 5565 Er-
