4144 6308
101 343 192 392 241

111 444 285 496 urbem
309 455 414 494 non
435 441 700 507 remigi-nt,
725 446 778 494 ut
797 448 948 494 antea
971 439 1065 509 (a).
1094 438 1220 506 Quis
1242 445 1414 491 autem
1436 437 1650 489 omnino

116 531 167 584 ie
196 531 366 585 reditu
396 530 641 599 loquutus
669 530 785 585 est?
811 530 996 584 Nemo.

751 662 900 716 CAP.
939 661 1004 715 Χ.

179 791 202 842 1
267 807 285 840 ι
321 789 376 841 In
401 804 540 844 anno
568 790 719 843 tertio
739 790 856 859 Cyri
877 790 1010 857 regis
1037 789 1311 842 Persarum
1339 785 1411 856 (b)
1440 785 1652 840 verbum

118 879 398 932 revelatum
427 889 506 931 est
533 879 749 943 Danieli,
777 879 861 946 qui
887 879 1181 931 nominatus
1202 885 1281 930 est
1307 877 1558 928 Baltasar.
1589 874 1654 928 Et

118 983 291 1021 verum
317 978 432 1021 erat
457 969 669 1021 verbum
695 984 709 1032 ;
742 976 794 1021 et
815 968 1044 1036 potentia
1070 980 1253 1034 magna
1279 975 1334 1019 et
1361 965 1658 1031 intelligen-

117 1061 178 1111 tia
203 1059 321 1111 data
349 1068 430 1112 est
452 1061 498 1113 ei
529 1061 578 1111 in
602 1059 819 1112 visione.
846 1059 897 1110 2.
928 1059 983 1111 ln
1007 1057 1187 1110 diebus
1215 1056 1316 1108 illis
1345 1069 1441 1122 ego
1469 1053 1648 1107 Daniel

118 1148 162 1199 in
185 1149 323 1200 luctu
354 1162 496 1200 eram
527 1156 628 1200 tres
655 1145 1025 1200 hebdomadas.
1051 1147 1101 1197 5.
1142 1145 1332 1197 Panem
1368 1142 1655 1196 desiderio-

118 1253 226 1290 rum
254 1252 359 1290 non
389 1237 619 1300 comedi,
649 1247 701 1290 et
734 1251 918 1289 carnes
945 1250 1005 1288 ac
1027 1236 1198 1287 vinum
1221 1247 1323 1286 non
1347 1233 1659 1285 introierunt

121 1329 167 1380 in
205 1344 264 1380 os
291 1343 468 1381 meum
497 1367 512 1391 ,
544 1339 596 1380 et
625 1335 886 1396 unguento
924 1340 1026 1378 non
1056 1333 1240 1377 unctus
1266 1336 1380 1375 sum
1412 1335 1572 1388 usque
1594 1319 1658 1372 ad

120 1424 220 1468 tres
248 1414 607 1469 hebdomadas
638 1413 837 1467 dierum
876 1431 893 1463 ι
930 1413 1022 1480 (c).
1053 1411 1223 1475 Quare
1258 1409 1446 1462 iterum
1475 1407 1660 1474 luget?

121 1505 242 1557 Nam
279 1505 326 1557 si
359 1505 555 1572 primus
584 1520 751 1556 annus
783 1503 903 1572 Cyri
945 1502 1259 1564 advenerat,
1289 1514 1383 1553 cur
1410 1498 1548 1566 luget
1568 1497 1590 1548 ?
1610 1503 1663 1548 et

122 1609 298 1647 omnes
323 1595 438 1647 dies
458 1635 473 1660 ,
504 1609 618 1647 cum
656 1609 812 1645 unum
848 1592 1114 1644 dumtaxat
1144 1591 1321 1657 lugere
1359 1585 1663 1640 debuisset?

124 1683 320 1735 Rursus
350 1681 478 1733 nilril
507 1679 648 1732 audit
669 1680 731 1732 de
756 1680 818 1731 iis
844 1679 1017 1742 rebus,
1053 1693 1147 1745 pro
1176 1676 1361 1744 quibus
1383 1682 1516 1726 orat.
1537 1672 1663 1724 Mihi

126 1771 325 1823 videtur
362 1769 502 1837 quod
535 1784 626 1835 pro
665 1768 921 1820 solutione
955 1766 1302 1819 calamitatum
1330 1761 1664 1831 praesentium

127 1868 381 1928 precatur.
413 1859 478 1910 At
501 1857 632 1910 Deus
654 1857 780 1908 nihil
813 1857 933 1919 tale,
966 1855 1058 1908 sed
1083 1855 1306 1921 idipsum
1334 1851 1470 1918 quod
1487 1863 1661 1916 supra,

127 1958 276 2014 atque
300 1948 533 2016 apertius
557 1949 698 2000 dicit.
727 1947 831 1997 lino
855 1955 907 1996 ut
928 1958 1110 1996 omnes
1135 1942 1351 1996 redeant
1371 1981 1384 2001 ,
1413 1947 1528 1992 orat
1561 1939 1665 1990 Da-

128 2037 245 2089 niel.
299 2037 446 2089 Licet
484 2036 619 2088 enim
649 2049 833 2102 magna
863 2040 1039 2085 essent
1080 2033 1213 2084 mala
1238 2071 1251 2091 ,
1282 2030 1467 2097 quibus
1499 2027 1665 2080 Judaei

129 2127 541 2193 premebantur,
603 2140 706 2177 non
762 2133 932 2175 tamen
1004 2122 1121 2174 ideo
1179 2119 1384 2172 volebat
1444 2116 1665 2185 patriam

128 2221 382 2269 amittere.
427 2215 526 2268 lste
568 2223 740 2267 autem
783 2214 995 2281 angelus
1036 2211 1226 2264 clarius
1261 2225 1322 2263 ac
1352 2209 1581 2261 exactius
1616 2205 1665 2258 id

129 2304 266 2356 dicit.
294 2304 428 2356 Vide
452 2312 623 2355 autem
655 2302 843 2370 ubique
865 2300 1129 2353 Danielem
1157 2313 1257 2352 non
1285 2296 1586 2363 simpliciter
1606 2309 1667 2346 ac

130 2394 237 2445 sine
265 2393 446 2445 labore
466 2393 700 2444 obtinere
723 2393 968 2452 visiones,
997 2388 1087 2441 sed
1105 2386 1465 2454 cumjejuuiis.
1493 2385 1669 2449 Quan-

131 2481 194 2532 do
233 2481 466 2546 0portiiit
511 2480 771 2532 somnium
817 2478 1053 2540 discere,
1096 2476 1347 2542 jejunium
1379 2474 1663 2541 prmcessit.

131 2567 250 2621 Cum
273 2569 484 2622 Gabriel
513 2568 770 2634 apparuit,
790 2566 1043 2633 jejunium
1082 2565 1267 2617 iterum
1294 2604 1308 2627 ,
1345 2573 1398 2615 et
1425 2563 1554 2615 cinis
1573 2601 1585 2623 ,
1616 2570 1669 2615 et

133 2672 309 2711 saccus
342 2676 353 2709 :
379 2672 498 2710 cum
530 2658 624 2710 iste
653 2656 969 2724 conspicitur
993 2694 1006 2718 ,
1046 2664 1096 2707 et
1117 2654 1373 2721 jejunium
1399 2664 1450 2706 et
1478 2654 1664 2704 oratio.

133 2747 227 2801 Sed
251 2748 372 2800 vide
397 2747 636 2814 angelum
674 2761 733 2799 se
774 2745 1147 2813 propemodum
1175 2757 1421 2797 excusare
1451 2743 1666 2795 Danieli.

134 2838 181 2890 4.
209 2855 225 2885 ‹
263 2837 326 2889 Et
349 2836 399 2888 in
430 2836 512 2889 die
541 2835 783 2903 vigesima
808 2844 989 2902 quarta
1018 2834 1209 2886 mensis
1233 2834 1383 2901 primi
1410 2849 1502 2902 ego
1527 2849 1666 2887 eram

129 2924 266 2989 juxta
303 2924 516 2976 ﬂuvium
549 2938 786 2989 magnum
809 2963 822 2986 ,
858 2923 940 2975 hic
969 2933 1049 2975 est
1079 2923 1263 2988 Tigris.
1305 2922 1356 2974 5.
1401 2923 1463 2973 Et
1507 2922 1668 2975 levavi

134 3015 307 3066 oculos
335 3027 483 3065 meos
502 3053 516 3075 ,
542 3021 593 3064 et
615 3011 716 3064 vidi
745 3029 756 3063 :
789 3021 842 3064 et
881 3026 1004 3065 ecce
1032 3011 1110 3062 vir
1131 3010 1339 3062 indutus
1365 3010 1541 3062 Badim
1571 3051 1584 3071 ,
1618 3020 1670 3064 et

133 3102 335 3154 lumbus
357 3101 470 3168 ejus
494 3101 796 3168 praecinctus
813 3115 941 3154 auro
963 3101 1153 3168 Ophaz,
1177 3101 1227 3154 6.
1257 3109 1309 3153 et
1324 3115 1514 3168 corpus
1534 3100 1666 3167 ejus,

132 3193 274 3258 quasi
303 3191 542 3253 Tharsis,
570 3201 620 3243 et
648 3191 804 3244 facies
826 3191 938 3257 ejus
959 3231 972 3253 ,
997 3200 1053 3243 ut
1075 3198 1316 3258 aspectus
1339 3189 1553 3258 fulguris
1572 3229 1588 3254 ,
1618 3197 1670 3242 et

133 3281 258 3332 oeuli
304 3280 421 3347 ejus
440 3320 453 3343 ,
487 3281 626 3332 velut
662 3280 924 3347 lampades
951 3280 1082 3347 ignis
1103 3320 1116 3345 ,
1148 3289 1201 3334 et
1227 3279 1436 3332 brachia
1467 3281 1580 3347 ejus
1607 3295 1670 3333 ac

131 3382 300 3432 crura,
323 3369 463 3421 sicut
489 3369 617 3421 visio
642 3369 760 3421 reris
784 3370 1102 3422 coruscantis
1126 3411 1139 3435 ,
1162 3379 1212 3423 et
1241 3384 1337 3422 vox
1370 3385 1667 3422 sermonum

131 3458 259 3524 ejus,
292 3458 442 3526 quasi
466 3473 562 3510 vox
590 3459 773 3512 turba).
803 3459 852 3510 7.
881 3461 942 3512 Et
969 3459 1068 3512 vidi
1097 3475 1192 3528 ego
1224 3461 1399 3514 Daniel
1421 3462 1563 3514 solus
1595 3463 1670 3514 vi-

130 3547 325 3598 sionem
350 3587 366 3610 ,
404 3555 456 3599 et
493 3549 586 3600 viri
612 3550 697 3616 qui
730 3559 878 3602 erant
913 3566 1115 3603 mecum
1155 3551 1404 3604 visionem
1447 3568 1547 3604 non
1593 3554 1671 3605 vi-

131 3634 334 3698 derunt,
371 3635 464 3687 sed
489 3645 652 3688 terror
675 3640 846 3704 gravis
873 3638 1017 3689 irruit
1040 3655 1195 3705 super
1217 3654 1326 3703 eos,
1355 3650 1409 3692 et
1431 3641 1670 3708 fugerunt

131 3723 177 3775 in
206 3725 416 3778 timore.
439 3725 489 3778 8.
523 3725 588 3777 Et
616 3741 711 3793 ego
733 3728 942 3780 relictus
965 3743 1079 3780 sum
1101 3731 1264 3795 solus,
1287 3741 1340 3783 et
1365 3730 1468 3783 vidi
1500 3731 1665 3784 visio-

131 3828 244 3866 nem
276 3830 518 3883 magnam
543 3816 692 3878 hanc,
721 3825 773 3869 et
802 3831 902 3870 non
929 3820 1178 3872 remansit
1207 3822 1256 3873 in
1287 3836 1370 3872 me
1397 3821 1663 3888 fortitudo,

131 3911 180 3954 et
207 3902 374 3970 gloria
421 3918 534 3956 mea
561 3918 808 3958 conversa
838 3915 917 3959 est
947 3908 995 3959 in
1034 3910 1417 3976 corruptionem
1444 3951 1456 3970 .
1486 3920 1536 3964 et
1562 3926 1663 3964 non

133 3992 316 4043 retinui
346 3991 525 4044 robur.
551 3993 601 4046 9.
629 3993 693 4045 Et
712 3993 882 4046 audivi
905 4010 1081 4048 vocem
1109 4010 1407 4049 sermonum
1438 3999 1582 4063 ejus:
1614 4008 1666 4052 et

131 4094 240 4131 cum
268 4095 368 4148 ego
408 4081 640 4134 audirem
671 4122 686 4145 ,
723 4098 863 4134 eram
905 4097 1243 4152 compunctus
1283 4101 1439 4153 super
1479 4087 1662 4142 faciem

130 4184 291 4222 meam
318 4211 332 4234 ,
366 4180 420 4223 et
452 4169 609 4223 facies
637 4186 746 4224 mea
775 4187 929 4238 super
956 4182 1166 4225 terram.
1197 4175 1280 4227 10.
1313 4176 1373 4226 Et
1399 4191 1518 4229 ecce
1550 4193 1662 4229 ma-

131 4271 223 4310 nus
245 4260 411 4326 tetigit
446 4274 549 4322 me,
579 4274 638 4311 ac
665 4261 833 4313 erexit
856 4278 937 4313 me
962 4276 1115 4328 super
1143 4277 1307 4330 genua
1332 4280 1468 4327 mea,
1495 4275 1545 4318 et
1571 4282 1663 4319 su-

131 4359 216 4412 per
259 4347 476 4415 vestigia
521 4348 712 4414 pedum
759 4364 987 4401 meorum
1022 4351 1058 4400 ¹.
1086 4351 1169 4402 ll.
1202 4351 1265 4404 Et
1290 4352 1418 4404 dixit
1443 4354 1506 4406 ad
1536 4369 1618 4407 me
1646 4371 1659 4407 :

132 4433 341 4499 Daniel,
389 4435 470 4486 vir
496 4435 872 4487 desideriorum
902 4477 916 4499 ,
963 4437 1189 4506 intellige
1236 4439 1286 4491 in
1335 4443 1663 4496 sermonibus

130 4537 250 4589 quos
285 4539 384 4592 ego
416 4525 599 4592 loquor
637 4525 699 4577 ad
735 4535 810 4584 te.
845 4538 896 4578 et
930 4535 1005 4579 sta
1043 4527 1092 4579 in
1139 4530 1360 4581 statione
1391 4538 1472 4581 tua
1496 4571 1509 4594 ,
1539 4532 1660 4599 quia

186 4696 198 4726 ¹
237 4695 565 4743 Theodoretus
587 4695 721 4756 legit,
741 4710 957 4744 manuum
980 4710 1206 4756 mearum,
1221 4711 1323 4759 pro,
1344 4699 1517 4760 pedum
1534 4715 1660 4750 meo-

129 4767 242 4802 rum.

183 4817 250 4876 (a)
282 4815 842 4885 interdixerantqtrippe
881 4820 1060 4864 Romani
1091 4819 1277 4885 .tndaeis,
1326 4832 1387 4866 ne
1426 4821 1658 4885 Jerosoly-

127 4886 250 4943 {llam
274 4875 667 4943 ingrederentur.
708 4881 876 4943 Testes
906 4886 1015 4943 sunt
1053 4881 1285 4934 Justinus,
1325 4875 1654 4943 'rertullianus,

127 4936 364 5036 lEusebius,
387 4934 600 4992 Hilarius,
625 4937 875 4994 Gregorius
908 4939 1231 4999 Nazianzenus,
1272 4946 1476 4988 Severus
1513 4934 1658 5003 atqué

160 5008 170 5036 Ι
197 5007 443 5036 ,ΓΟΙΙἽΙΠ118.

147 5001 443 5052 tieronymus.

183 5052 250 5112 (b)
280 5066 377 5101 «.oc
400 5054 545 5113 igitur
567 5059 778 5112 tempore
801 5053 850 5100 in
867 5062 1079 5104 extrema
1101 5064 1332 5106 senectute
1352 5068 1453 5106 erat
1475 5062 1654 5110 Daniel.

125 5116 168 5158 Et
192 5119 345 5180 tamen
368 5112 805 5180 SICbrysostomus,
835 5118 975 5162 tertio
996 5117 1058 5180 de
1090 5119 1547 5180 incomprehensibili
1575 5124 1656 5170 Dei

126 5179 296 5227 natura,
312 5172 689 5240 juvenemltaeit.
706 5172 723 5229 (
741 5180 909 5233 Nempe
938 5183 982 5221 T.
1011 5178 1054 5240 1.
1083 5184 1135 5225 .4t
1169 5174 1520 5240 (‘ttrgsostontus
1541 5194 1655 5240 par-

124 5241 234 5297 turn,
259 5229 452 5297 ειξιςεεηε
476 5229 932 5297 nullamtemporitrn
952 5238 1178 5284 rationem
1199 5229 1373 5297 habet.)

177 5291 240 5359 (ε)
271 5291 596 5359 ThetidoretpS
621 5291 713 5348 hic,
731 5291 772 5337 S.
794 5291 1190 5359 Basiliusllo‘milia
1213 5291 1432 5359 prima'de
1454 5301 1651 5359 Jejunio,

124 5354 168 5416 et
189 5357 348 5398 noster
370 5352 580 5398 secunda
602 5353 985 5416 oo_ntra_Jnd:eos.
1008 5355 1107 5403 cibo
1140 5352 1329 5416 penitus
1353 5366 1404 5404 et
1423 5352 1532 5416 potu
1551 5352 1653 5407 abs;

121 5413 324 5479 tnteruem
377 5425 461 5479 per
506 5419 605 5479 tres
653 5412 1231 5479 hebdomadasmansisse
1272 5415 1512 5479 Danielem
1550 5422 1646 5479 opi-

124 5477 317 5540 nantur:
345 5480 398 5539 nt
420 5471 482 5540 de
507 5477 631 5540 lose
653 5469 826 5540 legitur
850 5473 991 5540 Exodi
1012 5475 1088 5530 54,
1114 5476 1190 5540 28.
1219 5478 1344 5532 Quod
1367 5490 1473 5540 cum
1495 5469 1652 5526 divino

125 5529 622 5600 Sonte'xtuiadversari
647 5529 874 5591 videatur,
903 5532 950 5579 in
979 5529 1265 5584 sententiam
1300 5544 1342 5585 S.
1382 5538 1650 5600 Hieronymi

124 5583 303 5636 discedo
328 5590 499 5637 libens.

1455 323 1520 378 IN
1558 323 1897 379 ΒΔΝΙΕΙΕΜ

3203 337 3312 392 242

1763 451 1900 490 nunc
1928 449 2024 502 ego
2049 435 2240 488 missus
2267 451 2380 488 sum
2407 435 2470 490 ad
2502 443 2571 489 te.
2600 434 2838 501 Cumque
2873 434 3171 505 loqueretur
3197 437 3308 502 ipse

1757 524 1822 577 ad
1849 539 1933 578 me
1951 539 2251 578 sermonem
2283 525 2458 586 istum,
2487 525 2688 577 surrexi
2717 532 2964 576 tremens.
3020 522 3105 576 12.
3135 522 3201 574 Ει
3227 523 3308 575 (Ιί-

1761 612 1836 664 xit
1863 611 1927 664 ad
1950 627 2031 664 me
2057 629 2070 664 :
2099 612 2176 665 Ne
2204 613 2402 675 timeas,
2447 612 2642 674 Daniel,
2671 614 2790 679 quia
2819 626 2846 664 a
2869 611 2953 664 die
2976 611 3139 678 prima
3161 649 3176 674 ,
3205 625 3305 677 qua

1760 701 1948 753 dedisti
1977 715 2072 754 cor
2094 708 2236 752 tmnn
2264 700 2328 752 ad
2360 699 2774 766 intelligendum,
2807 708 2858 752 et
2885 699 2950 751 ad
2979 698 3310 766 aﬂligendnm

1766 801 1815 843 te
1838 803 2013 842 coram
2050 790 2267 842 Domino
2299 790 2406 842 Deo
2437 798 2524 842 tuo
2545 829 2559 852 ,
2589 789 2762 841 audita
2784 798 2906 840 sunt
2933 788 3088 840 verba
3120 798 3224 848 tua,
3259 796 3313 839 et
3400 817 3410 826 -

1763 895 1861 949 ego
1882 880 1996 933 veni
2023 881 2072 932 in
2093 880 2267 933 verbis
2301 881 2421 932 tuis.
2453 897 2472 930 ι
2505 879 2664 932 Vides
2692 879 2828 946 quod
2857 878 3000 941 dixi,
3035 879 3171 930 hunc
3194 888 3308 929 tan-

1763 979 1870 1023 tum
1893 984 1994 1022 non
2035 985 2092 1022 se
2129 984 2377 1022 excusare
2407 969 2603 1022 Danieli
2633 969 2654 1020 ?
2687 968 2726 1020 Α
2757 968 2915 1036 prima
2943 967 3022 1018 die
3044 1006 3059 1030 ,
3105 967 3270 1034 inquit
3295 1004 3311 1029 ,

1763 1059 1938 1111 missus
1964 1075 2091 1110 sunt.
2120 1057 2290 1122 Quare
2319 1073 2443 1126 ergo
2469 1066 2702 1110 moratus
2728 1057 2827 1109 es?
2858 1057 2938 1108 15.
2968 1054 3036 1107 Et
3075 1057 3305 1122 princeps

1764 1149 1902 1216 regni
1929 1147 2194 1200 Persarum
2235 1148 2365 1199 stetit
2412 1163 2472 1199 ea:
2508 1147 2714 1198 adverso
2743 1146 2838 1197 mei
2881 1161 3034 1196 unum
3070 1155 3114 1196 et
3139 1145 3311 1212 viginti

1766 1236 1889 1288 dies.
1909 1236 2110 1288 Audisti
2143 1235 2290 1300 illud,
2324 1234 2499 1289 Posuit
2544 1236 2774 1288 terminos
2800 1235 3017 1303 gentium
3042 1235 3311 1286 secundum

1766 1341 2023 1376 numerum
2040 1327 2327 1392 angelorum
2344 1341 2544 1377 suorum
2568 1324 2736 1394 (Deut.
2761 1323 2849 1376 52.
2873 1322 2964 1393 8)?
2985 1324 3048 1375 Et
3074 1338 3313 1391 unaquae-

1767 1429 1868 1483 que
1895 1428 2019 1481 gens
2043 1413 2339 1480 praefecmm
2368 1412 2524 1465 habet
2559 1414 2798 1480 angelum
2823 1452 2838 1475 ,
2876 1414 2960 1480 qui
2992 1412 3100 1464 vult
3129 1419 3313 1479 poten-

1769 1507 1868 1559 tior
1894 1521 2012 1559 esse
2041 1506 2268 1573 reliquis.
2295 1505 2357 1557 Et
2377 1505 2696 1573 intelligentia
2726 1504 2844 1555 data
2869 1513 2938 1555 est
2964 1505 3008 1555 ei
3030 1505 3081 1554 in
3108 1503 3310 1555 visione.

1768 1594 1878 1648 Non
1925 1595 2064 1648 enim
2117 1593 2408 1647 sufficiebat
2451 1593 2693 1647 docuisse
2735 1607 2795 1646 ea
2835 1607 2950 1660 quae
2988 1592 3305 1644 dicebantur.

1769 1684 1949 1739 Cernis
1978 1687 2127 1738 aliter
2153 1685 2348 1737 institui
2392 1683 2713 1751 prophetas?
2744 1681 2811 1734 Et
2843 1684 2997 1734 virtus
3030 1698 3212 1750 magna
3233 1683 3313 1733 vi-

1771 1777 1952 1829 sionis.
1979 1775 2113 1828 Vere
2139 1777 2276 1828 enim
2300 1790 2499 1842 magna:
2529 1775 2802 1842 poteSIatis
2830 1771 2942 1836 fuit,
2971 1773 3108 1840 quod
3135 1772 3305 1824 homi-

1771 1881 1863 1918 nes
1889 1866 2080 1917 inlirmi
2110 1864 2328 1917 vicerint
2360 1863 2503 1915 illum
2547 1862 2862 1915 Antiochum
2886 1901 2900 1924 ,
2933 1863 3017 1928 qui
3043 1869 3116 1912 tot
3141 1869 3312 1912 tanta-

1771 1969 1872 2021 que
1913 1961 2266 2019 superaverat.
2313 1952 2375 2003 Et
2415 1968 2579 2004 verum
2624 1951 2841 2003 verbum.
2885 1949 3313 2015 Quandoquidem

1774 2041 2006 2094 nonnulli
2037 2041 2283 2094 credituri
2324 2055 2425 2093 non
2456 2048 2626 2093 erant.
2668 2038 2822 2107 Cujus
2850 2055 3025 2090 nomen
3061 2037 3314 2089 Baltasar.

1772 2135 2158 2186 Commemorat
2187 2132 2274 2184 tibi
2318 2133 2522 2199 priora,
2570 2141 2624 2182 ut
2669 2131 2768 2183 fide
2811 2130 3001 2197 dignus
3041 2129 3314 2181 habeatur.

1777 2225 1852 2277 En
1899 2234 1950 2278 et
2005 2225 2200 2276 Pasclza
2242 2224 2404 2276 solvit
2448 2223 2543 2291 (a).
2601 2221 2728 2273 Nam
2785 2221 2985 2274 Pascha
3041 2220 3092 2271 in
3147 2218 3314 2285 primo

1773 2313 2067 2365 celebratur
2093 2325 2271 2364 mense
2297 2327 2311 2374 ;
2338 2312 2435 2364 iste
2465 2325 2588 2362 vero
2611 2324 2774 2377 usque
2803 2309 2866 2360 ad
2895 2318 3130 2376 quartam
3164 2317 3216 2360 et
3242 2307 3318 2359 vi-

1772 2403 2018 2456 cesimam
2060 2403 2252 2453 mensis
2273 2400 2546 2466 jejunavit.
2580 2398 2763 2451 Incidit
2785 2407 2954 2449 autem
2985 2399 3032 2448 in
3059 2397 3314 2448 decimam

1773 2500 2006 2557 quartam
2033 2489 2284 2556 jejunium
2317 2489 2450 2539 illius
2471 2527 2484 2548 ,
2512 2495 2566 2539 et
2591 2501 2619 2537 a
2647 2484 2846 2538 decima
2871 2495 3054 2551 quarta
3083 2481 3143 2534 ad
3171 2482 3316 2536 vice-

1773 2581 1957 2632 simam
1983 2580 2219 2646 primam,
2248 2587 2299 2630 et
2320 2577 2448 2629 duos
2479 2576 2606 2628 alios
2636 2576 2749 2628 dies
2774 2574 2942 2626 durat.
2977 2573 3103 2625 Vide
3127 2571 3312 2639 legalia

1770 2671 1873 2736 jam
1893 2678 2014 2722 tunc
2041 2668 2196 2720 fuisse
2224 2668 2487 2734 abrogata.
2519 2666 2700 2718 Nonne
2728 2680 2830 2732 prze
2853 2663 3128 2715 formidine
3152 2663 3202 2713 in
3233 2661 3316 2713 fu-

1773 2775 1887 2828 gam
1909 2771 2191 2812 conversus
2216 2772 2291 2818 es,
2320 2771 2350 2808 o
2382 2755 2590 2808 Daniel?
2620 2754 2847 2814 Minime,
2876 2752 3057 2819 inquit.
3089 2749 3318 2803 Adverte

1775 2862 1877 2914 quo
1905 2847 2005 2898 loci
2032 2847 2198 2898 visum
2226 2845 2399 2896 videat
2437 2861 2450 2896 :
2484 2843 2534 2895 in
2564 2842 2774 2894 deserto
2800 2882 2814 2904 ,
2843 2841 2978 2891 sicut
3011 2847 3063 2891 et
3091 2838 3315 2905 Moyses.

1778 2935 1942 2990 Urbes
1963 2949 2183 3002 namque
2205 2932 2513 2987 tumultibus
2538 2940 2590 2984 et
2612 2929 2998 2996 perturbatione
3022 2928 3184 2995 plenae
3197 2934 3319 2980 sunt

1775 3022 1894 3094 (b).
1924 3024 2010 3076 Sic
2036 3023 2190 3075 etiam
2220 3019 2457 3072 Christus
2489 3021 2540 3071 in
2571 3027 2748 3070 monte
2777 3016 3197 3084 transfiguratur.
3231 3016 3314 3069 15.

1780 3133 1798 3164 ‹
1836 3115 1901 3166 Et
1936 3127 2060 3166 ecce
2096 3111 2314 3164 Michael
2351 3125 2486 3164 unus
2512 3110 2578 3163 de
2619 3108 2941 3176 principibus
2971 3107 3152 3174 primis
3177 3106 3318 3158 venit

1774 3203 1838 3257 ad
1876 3202 2226 3256 auxiliandum
2265 3200 2391 3254 mihi
2424 3208 2514 3254 :et
2553 3214 2638 3252 me
2683 3198 3006 3266 reliquerunt
3040 3197 3108 3248 ibi
3150 3197 3162 3224 ¹
3193 3209 3311 3248 cum

1776 3293 2007 3361 principe
2033 3292 2169 3358 regis
2189 3291 2485 3343 Persarum.
2525 3290 2608 3342 H.
2645 3288 2710 3340 Et
2743 3289 2858 3340 veni
2897 3295 2951 3339 ut
2993 3286 3236 3338 docerem
3265 3294 3317 3338 tc

1775 3395 2112 3450 quaecumque
2151 3389 2397 3433 eventura
2441 3387 2562 3430 sunt
2591 3377 2782 3445 populo
2817 3385 2904 3428 tuo
2935 3377 2983 3427 in
3025 3375 3317 3428 novissimis

1774 3473 1956 3527 diebus
1977 3513 1990 3538 ,
2017 3473 2134 3539 quia
2160 3486 2281 3524 ecce
2311 3471 2438 3522 visio
2471 3470 2520 3520 in
2553 3470 2684 3520 dies.
2712 3468 2796 3520 15.
2833 3467 3034 3520 Etcum
3065 3467 3306 3533 loquere-

1775 3573 1857 3615 tur
1880 3562 1988 3628 ipse
2010 3575 2212 3614 mecum
2239 3560 2412 3612 omnia
2439 3557 2594 3609 verba
2624 3555 2752 3618 hare,
2787 3554 2904 3608 dedi
2934 3554 3114 3607 faciem
3144 3568 3312 3605 meam

1772 3665 1928 3717 super
1955 3659 2166 3708 terram,
2197 3657 2249 3701 et
2273 3654 2616 3714 compunctus
2641 3659 2777 3696 sum.
2811 3644 2894 3696 16.
2930 3643 2994 3695 Ει
3021 3657 3143 3696 ecce
3168 3643 3316 3709 quasi

1772 3738 2056 3792 similitudo
2086 3737 2173 3789 filii
2197 3736 2420 3788 hominis
2449 3734 2615 3800 tetigit
2646 3733 2777 3784 labia
2809 3747 2944 3784 mea.
2979 3732 3038 3783 Et
3059 3732 3315 3797 apernios

1771 3830 2024 3882 meum,et
2038 3820 2284 3886 loquutus
2297 3825 2494 3878 sum,et
2507 3815 2610 3869 dixi
2628 3814 2691 3867 ad
2708 3829 2828 3866 eum
2847 3814 2931 3880 qui
2949 3815 3310 3869 stabateoram

1769 3926 1884 3962 me:
1908 3909 2142 3968 Domine,
2179 3908 2232 3958 in
2261 3906 2467 3958 visione
2503 3913 2587 3955 tua
2614 3917 2868 3954 conversa
2901 3911 3026 3954 sunt
3057 3903 3305 3957 interiora

1769 4015 1882 4053 mea
1911 4000 1962 4049 in
1991 4013 2092 4058 me,
2129 4003 2182 4049 et
2213 4009 2336 4048 ecce
2364 4008 2470 4046 non
2508 3993 2676 4044 habeo
2710 3991 3093 4044 fortitudinem.
3129 3993 3212 4046 17.
3241 3993 3308 4049 Et

1769 4092 2030 4162 quomodo
2058 4089 2246 4158 poterit
2268 4102 2450 4142 servus
2472 4094 2608 4150 tuus,
2636 4086 2871 4146 Domine,
2900 4085 3037 4152 loqui
3061 4099 3178 4136 cum
3207 4083 3312 4136 Do-

1769 4184 1909 4234 mino
1928 4195 2042 4233 meo
2071 4179 2207 4232 isto?
2231 4179 2294 4230 Et
2322 4193 2383 4229 ex
2410 4190 2545 4228 nunc
2564 4190 2664 4228 non
2687 4173 2842 4228 stabit
2863 4174 2912 4225 in
2937 4189 3018 4226 me
3044 4171 3312 4234 fortitudo,

1769 4279 1823 4325 et
1845 4272 2035 4324 halitus
2065 4285 2165 4321 non
2191 4277 2272 4321 est
2297 4268 2509 4320 relictus
2548 4267 2598 4318 in
2640 4280 2741 4318 me.
2771 4266 2856 4319 18.
2900 4265 2966 4316 Et
3005 4263 3234 4329 addidit,
3263 4270 3317 4315 et

1770 4362 1935 4430 tetigit
1961 4376 2043 4412 me
2071 4358 2217 4426 quasi
2245 4357 2378 4409 visio
2413 4356 2638 4408 hominis
2671 4395 2685 4419 ,
2723 4364 2776 4407 et
2805 4353 3160 4406 corroboravit
3203 4368 3308 4406 me.

1775 4455 1852 4508 i9.
1889 4452 2099 4506 Etdixit
2126 4451 2283 4502 mihi:
2307 4449 2382 4502 Ne
2415 4450 2617 4510 timeas,
2651 4448 2729 4500 vir
2756 4447 3131 4500 desideriorum
3161 4486 3176 4511 ,
3205 4462 3309 4515 pax

1770 4543 1857 4595 tibi
1889 4581 1903 4605 ,
1945 4541 2159 4593 viriliter
2187 4555 2302 4608 age,
2340 4554 2402 4592 ac
2429 4547 2542 4592 esto
2574 4537 2738 4590 fortis.
2774 4537 2979 4589 Etcum
3011 4537 3312 4604 loqueretur

1767 4632 1879 4698 ipse
1908 4645 2110 4682 mecum
2135 4669 2150 4692 ,
2180 4629 2550 4682 corroboratus
2582 4643 2696 4679 sum
2730 4666 2743 4687 ,
2775 4635 2828 4678 et
2852 4626 2956 4678 dixi
2991 4643 3002 4676 :
3044 4625 3310 4693 Loquatur

1770 4720 2018 4771 Dominus
2047 4732 2193 4771 meus
2219 4758 2233 4781 ,
2267 4718 2385 4785 quia
2423 4717 2774 4770 corroborasti
2801 4731 2902 4768 me.
2931 4714 3019 4769 20.
3051 4715 3261 4768 Etdixit
3291 4733 3304 4768 :

1766 4809 1845 4861 An
1875 4810 2007 4862 nosti
2035 4823 2127 4860 cur
2145 4807 2263 4859 veni
2290 4806 2354 4859 ad
2383 4806 2469 4859 te?
2492 4805 2557 4858 Et
2587 4820 2723 4858 nunc
2743 4815 2996 4867 revertar,
3028 4813 3078 4857 ut
3099 4805 3306 4871 pradier

1768 4914 1882 4952 cum
1912 4897 2142 4965 principe
2169 4897 2464 4951 Persarum.
2494 4898 2662 4965 Atque
2686 4896 3026 4965 egrediebar;
3063 4896 3299 4964 princeps

1767 5003 1891 5042 vero
1913 4988 2212 5041 Grzncorum
2231 4987 2483 5040 veniebat.
2499 4987 2586 5038 2|.
2607 4986 2970 5039 Verumtamen:
2986 4986 3306 5039 annuntiabo

1825 5121 1840 5150 ⁸
1877 5119 1930 5165 In
1950 5119 2148 5166 Hebraeo
2171 5126 2219 5166 et
2242 5118 2286 5165 in
2309 5116 2510 5177 Vulgata
2534 5116 2728 5178 legitur,
2752 5123 2798 5167 et
2817 5129 2902 5177 ego
2925 5117 3132 5166 remansi
3152 5117 3232 5166 ibi.

1823 5180 1893 5237 (α)
1928 5179 2718 5240 Hujusargumentiinterpretatio
2758 5178 2962 5240 petenda
2989 5186 3063 5226 est
3087 5191 3146 5225 ex
3174 5178 3304 5226 libris

1761 5236 2204 5294 adversus'Judaros,
2232 5239 2278 5283 in
2301 5238 2474 5297 quibus
2497 5236 2582 5285 iSta
2604 5236 2767 5285 omnia
2781 5236 2928 5286 fus‘ius
2947 5246 3221 5285 tractantur.

1821 5298 1890 5356 (b)
1928 5300 2112 5345 Urbium
2152 5297 2377 5359 tumultus
2414 5311 2468 5345 ac
2508 5298 2799 5346 incommoda
2843 5298 3180 5359 pereleganter
3213 5297 3301 5359 de-

1758 5360 1932 5418 scripta
1959 5367 2008 5405 et
2029 5359 2127 5406 suis
2149 5357 2386 5404 coloribus
2407 5359 2594 5418 depicta
2618 5359 2766 5406 habes
2787 5356 2909 5417 apud
2930 5356 3302 5418 suadremcdul-

1759 5417 2162 5476 lam’Gregorium
2193 5417 2516 5465 Nazianzennin
2561 5419 2779 5465 Oratione
2828 5417 2904 5474 28,
2941 5417 3302 5466 Christianorum

1759 5477 2122 5524 Demosthenem
2148 5477 2359 5523 Basilitnn
2391 5476 2583 5524 ttomilia
2621 5477 2683 5525 de
2710 5477 2876 5526 Gordio
2899 5485 3129 5537 martyre;
3155 5489 3301 5537 atque

1758 5539 1917 5644 (211mg,
1956 5538 1994 5585 si
2020 5538 2208 5598 profana
2253 5539 2400 5588 sacris
2435 5538 2673 5587 miscenda
2712 5545 2838 5596 sunt,
2865 5537 2987 5597 apud
3021 5534 3300 5585 'Juvettaletn

1758 5606 1812 5643 sa
1836 5632 1848 5644 .
1907 5629 1918 5643 .

1757 5605 1848 5646 sat.
1873 5605 1918 5644 ὅ.
