  <div class='ocr_page' id='page_1' title='image "/cluster/home/n/w/nwhite01/storage/ocr_20150623/56/pst.000005712557/247.png"; bbox 0 0 4144 6308; ppageno 0'>
   <div class='ocr_carea' id='block_1_1' title="bbox 832 303 941 356">
    <p class='ocr_par' dir='ltr' id='par_1_1' title="bbox 832 303 941 356">
     <span class='ocr_line' id='line_1_1' title="bbox 832 303 941 356; baseline 0.018 -2"><span class='ocrx_word' id='word_1_1' title='bbox 832 303 941 356; x_wconf 80' lang='lat'><strong>243</strong></span> 
     </span>
    </p>
   </div>
   <div class='ocr_carea' id='block_1_2' title="bbox 824 406 2362 475">
    <p class='ocr_par' dir='ltr' id='par_1_2' title="bbox 824 406 2362 475">
     <span class='ocr_line' id='line_1_2' title="bbox 824 406 2362 475; baseline -0.005 -16"><span class='ocrx_word' id='word_1_2' title='bbox 824 408 913 459; x_wconf 87' lang='lat' dir='ltr'><strong>tilti</strong></span> <span class='ocrx_word' id='word_1_3' title='bbox 939 407 1075 474; x_wconf 92' lang='lat' dir='ltr'><strong>quod</strong></span> <span class='ocrx_word' id='word_1_4' title='bbox 1097 408 1434 460; x_wconf 87' lang='lat' dir='ltr'><strong>constitutum</strong></span> <span class='ocrx_word' id='word_1_5' title='bbox 1458 409 1602 460; x_wconf 99' lang='lat' dir='ltr'><strong>estin</strong></span> <span class='ocrx_word' id='word_1_6' title='bbox 1624 409 1874 475; x_wconf 90' lang='lat' dir='ltr'><strong>scriptura</strong></span> <span class='ocrx_word' id='word_1_7' title='bbox 1901 406 2165 460; x_wconf 83' lang='lat' dir='ltr'><strong>veritatis:</strong></span> <span class='ocrx_word' id='word_1_8' title='bbox 2191 415 2244 458; x_wconf 88' lang='lat' dir='ltr'><strong>et</strong></span> <span class='ocrx_word' id='word_1_9' title='bbox 2261 416 2362 455; x_wconf 91' lang='lat' dir='ltr'><strong>non</strong></span> 
     </span>
    </p>
   </div>
   <div class='ocr_carea' id='block_1_3' title="bbox 818 495 2364 563">
    <p class='ocr_par' dir='ltr' id='par_1_3' title="bbox 818 495 2364 563">
     <span class='ocr_line' id='line_1_3' title="bbox 818 495 2364 563; baseline 0.001 -16"><span class='ocrx_word' id='word_1_10' title='bbox 818 503 900 548; x_wconf 89' lang='lat' dir='ltr'><strong>est</strong></span> <span class='ocrx_word' id='word_1_11' title='bbox 928 511 1081 558; x_wconf 91' lang='lat' dir='ltr'><strong>unus,</strong></span> <span class='ocrx_word' id='word_1_12' title='bbox 1111 498 1198 563; x_wconf 91' lang='lat' dir='ltr'><strong>qui</strong></span> <span class='ocrx_word' id='word_1_13' title='bbox 1226 511 1254 546; x_wconf 91' lang='lat' dir='ltr'><strong>a</strong></span> <span class='ocrx_word' id='word_1_14' title='bbox 1285 512 1370 549; x_wconf 89' lang='lat' dir='ltr'><strong>tne</strong></span> <span class='ocrx_word' id='word_1_15' title='bbox 1397 506 1499 549; x_wconf 88' lang='lat' dir='ltr'><strong>stet</strong></span> <span class='ocrx_word' id='word_1_16' title='bbox 1522 497 1586 550; x_wconf 91' lang='lat' dir='ltr'><strong>de</strong></span> <span class='ocrx_word' id='word_1_17' title='bbox 1613 496 1691 550; x_wconf 85' lang='lat' dir='ltr'><strong>his</strong></span> <span class='ocrx_word' id='word_1_18' title='bbox 1716 537 1729 559; x_wconf 93' lang='lat'><strong>,</strong></span> <span class='ocrx_word' id='word_1_19' title='bbox 1757 498 1852 548; x_wconf 89' lang='lat' dir='ltr'><strong>nisi</strong></span> <span class='ocrx_word' id='word_1_20' title='bbox 1882 496 2097 550; x_wconf 81' lang='lat' dir='ltr'><strong>Michael</strong></span> <span class='ocrx_word' id='word_1_21' title='bbox 2127 495 2364 563; x_wconf 87' lang='lat' dir='ltr'><strong>princeps</strong></span> 
     </span>
    </p>
   </div>
   <div class='ocr_carea' id='block_1_4' title="bbox 821 583 2366 638">
    <p class='ocr_par' dir='ltr' id='par_1_4' title="bbox 821 583 2366 638">
     <span class='ocr_line' id='line_1_4' title="bbox 821 583 2366 638; baseline 0.002 -4"><span class='ocrx_word' id='word_1_22' title='bbox 821 592 1010 636; x_wconf 78' lang='lat' dir='ltr'><strong>vester.</strong></span> <span class='ocrx_word' id='word_1_23' title='bbox 1038 583 1102 636; x_wconf 87' lang='lat' dir='ltr'><strong>Et</strong></span> <span class='ocrx_word' id='word_1_24' title='bbox 1128 599 1251 637; x_wconf 90' lang='lat' dir='ltr'><strong>ecce</strong></span> <span class='ocrx_word' id='word_1_25' title='bbox 1281 585 1361 636; x_wconf 89' lang='lat' dir='ltr'><strong>vir</strong></span> <span class='ocrx_word' id='word_1_26' title='bbox 1389 585 1595 638; x_wconf 90' lang='lat' dir='ltr'><strong>indutus</strong></span> <span class='ocrx_word' id='word_1_27' title='bbox 1620 587 1827 638; x_wconf 83' lang='lat' dir='ltr'><strong>stolam.</strong></span> <span class='ocrx_word' id='word_1_28' title='bbox 1859 604 1876 635; x_wconf 74' lang='grc' dir='ltr'><strong><em>ι</em></strong></span> <span class='ocrx_word' id='word_1_29' title='bbox 1914 585 2171 638; x_wconf 85' lang='lat' dir='ltr'><strong>Fortassis</strong></span> <span class='ocrx_word' id='word_1_30' title='bbox 2192 600 2366 638; x_wconf 87' lang='lat' dir='ltr'><strong>sacer-</strong></span> 
     </span>
    </p>
   </div>
   <div class='ocr_carea' id='block_1_5' title="bbox 821 671 2365 742">
    <p class='ocr_par' dir='ltr' id='par_1_5' title="bbox 821 671 2365 742">
     <span class='ocr_line' id='line_1_5' title="bbox 821 671 2365 742; baseline 0.002 -19"><span class='ocrx_word' id='word_1_31' title='bbox 821 671 1067 725; x_wconf 86' lang='lat' dir='ltr'><strong>dotalem.</strong></span> <span class='ocrx_word' id='word_1_32' title='bbox 1093 690 1110 721; x_wconf 77' lang='grc' dir='ltr'>ι</span> <span class='ocrx_word' id='word_1_33' title='bbox 1146 674 1399 738; x_wconf 83' lang='lat' dir='ltr'><strong>Aspectus</strong></span> <span class='ocrx_word' id='word_1_34' title='bbox 1417 674 1529 740; x_wconf 85' lang='lat' dir='ltr'><strong>ejus</strong></span> <span class='ocrx_word' id='word_1_35' title='bbox 1549 675 1694 742; x_wconf 89' lang='lat' dir='ltr'><strong>quasi</strong></span> <span class='ocrx_word' id='word_1_36' title='bbox 1717 675 1884 742; x_wconf 78' lang='lat' dir='ltr'><strong>fulgur</strong></span> <span class='ocrx_word' id='word_1_37' title='bbox 1899 684 2010 727; x_wconf 91' lang='lat' dir='ltr'><strong>erat</strong></span> <span class='ocrx_word' id='word_1_38' title='bbox 2033 674 2194 742; x_wconf 76' lang='lat' dir='ltr'><strong>ignea:</strong></span> <span class='ocrx_word' id='word_1_39' title='bbox 2220 672 2365 726; x_wconf 81' lang='lat' dir='ltr'><strong>llam-</strong></span> 
     </span>
    </p>
   </div>
   <div class='ocr_carea' id='block_1_6' title="bbox 820 761 2363 832">
    <p class='ocr_par' dir='ltr' id='par_1_6' title="bbox 820 761 2363 832">
     <span class='ocr_line' id='line_1_6' title="bbox 820 761 2363 832; baseline 0.003 -21"><span class='ocrx_word' id='word_1_40' title='bbox 820 775 918 812; x_wconf 76' lang='lat' dir='ltr'><strong>mze</strong></span> <span class='ocrx_word' id='word_1_41' title='bbox 934 761 998 811; x_wconf 85' lang='lat' dir='ltr'><strong>ab</strong></span> <span class='ocrx_word' id='word_1_42' title='bbox 1010 761 1174 814; x_wconf 78' lang='lat' dir='ltr'><strong>oculis</strong></span> <span class='ocrx_word' id='word_1_43' title='bbox 1186 762 1315 827; x_wconf 86' lang='lat' dir='ltr'><strong>ejus.</strong></span> <span class='ocrx_word' id='word_1_44' title='bbox 1340 780 1358 812; x_wconf 70' lang='grc' dir='ltr'><strong><em>ι</em></strong></span> <span class='ocrx_word' id='word_1_45' title='bbox 1377 762 1646 829; x_wconf 86' lang='lat' dir='ltr'><strong>Quomodo</strong></span> <span class='ocrx_word' id='word_1_46' title='bbox 1664 763 1711 815; x_wconf 91' lang='lat' dir='ltr'><strong>itt</strong></span> <span class='ocrx_word' id='word_1_47' title='bbox 1732 764 1929 832; x_wconf 78' lang='lat' dir='ltr'><strong>fulgure</strong></span> <span class='ocrx_word' id='word_1_48' title='bbox 1945 765 2046 817; x_wconf 87' lang='lat' dir='ltr'><strong>illis</strong></span> <span class='ocrx_word' id='word_1_49' title='bbox 2061 764 2363 832; x_wconf 78' lang='lat' dir='ltr'><strong>apparebat?</strong></span> 
     </span>
    </p>
   </div>
   <div class='ocr_carea' id='block_1_7' title="bbox 821 853 2363 924">
    <p class='ocr_par' dir='ltr' id='par_1_7' title="bbox 821 853 2363 924">
     <span class='ocr_line' id='line_1_7' title="bbox 821 853 2363 924; baseline 0.003 -22"><span class='ocrx_word' id='word_1_50' title='bbox 821 866 915 902; x_wconf 93' lang='lat' dir='ltr'><strong>cur</strong></span> <span class='ocrx_word' id='word_1_51' title='bbox 930 853 1005 903; x_wconf 89' lang='lat' dir='ltr'><strong>sic</strong></span> <span class='ocrx_word' id='word_1_52' title='bbox 1029 863 1243 919; x_wconf 86' lang='lat' dir='ltr'><strong>apparet</strong></span> <span class='ocrx_word' id='word_1_53' title='bbox 1266 854 1363 906; x_wconf 91' lang='lat' dir='ltr'><strong>istc</strong></span> <span class='ocrx_word' id='word_1_54' title='bbox 1384 854 1636 921; x_wconf 86' lang='lat' dir='ltr'><strong>angelus?</strong></span> <span class='ocrx_word' id='word_1_55' title='bbox 1662 870 1726 906; x_wconf 90' lang='lat' dir='ltr'><strong>an</strong></span> <span class='ocrx_word' id='word_1_56' title='bbox 1752 862 1807 906; x_wconf 91' lang='lat' dir='ltr'><strong>ut</strong></span> <span class='ocrx_word' id='word_1_57' title='bbox 1824 853 2067 922; x_wconf 90' lang='lat' dir='ltr'><strong>populum</strong></span> <span class='ocrx_word' id='word_1_58' title='bbox 2091 854 2363 924; x_wconf 79' lang='lat' dir='ltr'><strong>percellat?</strong></span> 
     </span>
    </p>
   </div>
   <div class='ocr_carea' id='block_1_8' title="bbox 820 939 2362 1012">
    <p class='ocr_par' dir='ltr' id='par_1_8' title="bbox 820 939 2362 1012">
     <span class='ocr_line' id='line_1_8' title="bbox 820 939 2362 1012; baseline 0.004 -22"><span class='ocrx_word' id='word_1_59' title='bbox 820 947 874 990; x_wconf 90' lang='lat' dir='ltr'><strong>et</strong></span> <span class='ocrx_word' id='word_1_60' title='bbox 899 939 1157 1006; x_wconf 77' lang='lat' dir='ltr'><strong>quodnam</strong></span> <span class='ocrx_word' id='word_1_61' title='bbox 1189 940 1307 992; x_wconf 90' lang='lat' dir='ltr'><strong>inde</strong></span> <span class='ocrx_word' id='word_1_62' title='bbox 1345 942 1752 995; x_wconf 87' lang='lat' dir='ltr'><strong>emolumentum</strong></span> <span class='ocrx_word' id='word_1_63' title='bbox 1781 943 1804 994; x_wconf 90' lang='lat'><strong>?</strong></span> <span class='ocrx_word' id='word_1_64' title='bbox 1835 943 2036 1012; x_wconf 86' lang='lat' dir='ltr'><strong>Nempe</strong></span> <span class='ocrx_word' id='word_1_65' title='bbox 2065 953 2120 996; x_wconf 92' lang='lat' dir='ltr'><strong>ut</strong></span> <span class='ocrx_word' id='word_1_66' title='bbox 2145 958 2362 1012; x_wconf 85' lang='lat' dir='ltr'><strong>persua-</strong></span> 
     </span>
    </p>
   </div>
   <div class='ocr_carea' id='block_1_9' title="bbox 821 1029 2362 1102">
    <p class='ocr_par' dir='ltr' id='par_1_9' title="bbox 821 1029 2362 1102">
     <span class='ocr_line' id='line_1_9' title="bbox 821 1029 2362 1102; baseline 0.004 -20"><span class='ocrx_word' id='word_1_67' title='bbox 821 1029 941 1082; x_wconf 85' lang='lat' dir='ltr'><strong>deat</strong></span> <span class='ocrx_word' id='word_1_68' title='bbox 972 1044 1074 1082; x_wconf 92' lang='lat' dir='ltr'><strong>non</strong></span> <span class='ocrx_word' id='word_1_69' title='bbox 1104 1032 1326 1097; x_wconf 87' lang='lat' dir='ltr'><strong>amplius</strong></span> <span class='ocrx_word' id='word_1_70' title='bbox 1355 1033 1531 1099; x_wconf 89' lang='lat' dir='ltr'><strong>lugere</strong></span> <span class='ocrx_word' id='word_1_71' title='bbox 1563 1073 1577 1096; x_wconf 97' lang='lat'><strong>,</strong></span> <span class='ocrx_word' id='word_1_72' title='bbox 1607 1033 1743 1100; x_wconf 90' lang='lat' dir='ltr'><strong>quod</strong></span> <span class='ocrx_word' id='word_1_73' title='bbox 1776 1034 1958 1087; x_wconf 86' lang='lat' dir='ltr'><strong>eadem</strong></span> <span class='ocrx_word' id='word_1_74' title='bbox 1999 1049 2362 1102; x_wconf 84' lang='lat' dir='ltr'><strong>sa-penumero</strong></span> 
     </span>
    </p>
   </div>
   <div class='ocr_carea' id='block_1_10' title="bbox 818 1118 2360 1188">
    <p class='ocr_par' dir='ltr' id='par_1_10' title="bbox 818 1118 2360 1188">
     <span class='ocr_line' id='line_1_10' title="bbox 818 1118 2360 1188; baseline 0.002 -17"><span class='ocrx_word' id='word_1_75' title='bbox 818 1119 955 1172; x_wconf 89' lang='lat' dir='ltr'><strong>dicta</strong></span> <span class='ocrx_word' id='word_1_76' title='bbox 1017 1118 1251 1174; x_wconf 82' lang='lat' dir='ltr'><strong>fuerint:</strong></span> <span class='ocrx_word' id='word_1_77' title='bbox 1284 1131 1336 1172; x_wconf 90' lang='lat' dir='ltr'><strong>et</strong></span> <span class='ocrx_word' id='word_1_78' title='bbox 1391 1122 1740 1174; x_wconf 91' lang='lat' dir='ltr'><strong>testimonium</strong></span> <span class='ocrx_word' id='word_1_79' title='bbox 1784 1121 2017 1188; x_wconf 91' lang='lat' dir='ltr'><strong>perhibet</strong></span> <span class='ocrx_word' id='word_1_80' title='bbox 2067 1121 2360 1174; x_wconf 81' lang='lat' dir='ltr'><strong>futurorum</strong></span> 
     </span>
    </p>
   </div>
   <div class='ocr_carea' id='block_1_11' title="bbox 818 1212 2359 1283">
    <p class='ocr_par' dir='ltr' id='par_1_11' title="bbox 818 1212 2359 1283">
     <span class='ocr_line' id='line_1_11' title="bbox 818 1212 2359 1283; baseline 0.001 -20"><span class='ocrx_word' id='word_1_81' title='bbox 818 1212 1030 1264; x_wconf 78' lang='lat' dir='ltr'><strong>virtuti:</strong></span> <span class='ocrx_word' id='word_1_82' title='bbox 1059 1227 1122 1263; x_wconf 90' lang='lat' dir='ltr'><strong>an</strong></span> <span class='ocrx_word' id='word_1_83' title='bbox 1146 1223 1198 1263; x_wconf 91' lang='lat' dir='ltr'><strong>ut</strong></span> <span class='ocrx_word' id='word_1_84' title='bbox 1225 1213 1294 1264; x_wconf 89' lang='lat' dir='ltr'><strong>illi</strong></span> <span class='ocrx_word' id='word_1_85' title='bbox 1319 1213 1471 1264; x_wconf 90' lang='lat' dir='ltr'><strong>fidem</strong></span> <span class='ocrx_word' id='word_1_86' title='bbox 1495 1213 1662 1264; x_wconf 88' lang='lat' dir='ltr'><strong>faciat.</strong></span> <span class='ocrx_word' id='word_1_87' title='bbox 1684 1213 1750 1264; x_wconf 88' lang='lat' dir='ltr'><strong>Et</strong></span> <span class='ocrx_word' id='word_1_88' title='bbox 1770 1229 1864 1266; x_wconf 75' lang='lat' dir='ltr'><strong>vox</strong></span> <span class='ocrx_word' id='word_1_89' title='bbox 1885 1229 2082 1283; x_wconf 86' lang='lat' dir='ltr'><strong>magna.</strong></span> <span class='ocrx_word' id='word_1_90' title='bbox 2111 1212 2179 1268; x_wconf 87' lang='lat' dir='ltr'><strong>Ut</strong></span> <span class='ocrx_word' id='word_1_91' title='bbox 2205 1214 2359 1267; x_wconf 87' lang='lat' dir='ltr'><strong>etiam</strong></span> 
     </span>
    </p>
   </div>
   <div class='ocr_carea' id='block_1_12' title="bbox 817 1301 2359 1369">
    <p class='ocr_par' dir='ltr' id='par_1_12' title="bbox 817 1301 2359 1369">
     <span class='ocr_line' id='line_1_12' title="bbox 817 1301 2359 1369; baseline 0.001 -17"><span class='ocrx_word' id='word_1_92' title='bbox 817 1315 875 1353; x_wconf 90' lang='lat' dir='ltr'><strong>ea</strong></span> <span class='ocrx_word' id='word_1_93' title='bbox 902 1315 957 1352; x_wconf 90' lang='lat' dir='ltr'><strong>re</strong></span> <span class='ocrx_word' id='word_1_94' title='bbox 985 1302 1344 1368; x_wconf 80' lang='lat' dir='ltr'><strong>pet-terruerit.</strong></span> <span class='ocrx_word' id='word_1_95' title='bbox 1378 1301 1557 1353; x_wconf 87' lang='lat' dir='ltr'><strong>Daniel</strong></span> <span class='ocrx_word' id='word_1_96' title='bbox 1587 1302 1903 1369; x_wconf 87' lang='lat' dir='ltr'><strong>obstupescit</strong></span> <span class='ocrx_word' id='word_1_97' title='bbox 1927 1343 1941 1367; x_wconf 91' lang='lat'><strong>,</strong></span> <span class='ocrx_word' id='word_1_98' title='bbox 1970 1311 2022 1356; x_wconf 92' lang='lat' dir='ltr'><strong>et</strong></span> <span class='ocrx_word' id='word_1_99' title='bbox 2051 1303 2235 1356; x_wconf 89' lang='lat' dir='ltr'><strong>iterum</strong></span> <span class='ocrx_word' id='word_1_100' title='bbox 2264 1316 2359 1354; x_wconf 85' lang='lat' dir='ltr'><strong>att-</strong></span> 
     </span>
    </p>
   </div>
   <div class='ocr_carea' id='block_1_13' title="bbox 815 1389 2360 1460">
    <p class='ocr_par' dir='ltr' id='par_1_13' title="bbox 815 1389 2360 1460">
     <span class='ocr_line' id='line_1_13' title="bbox 815 1389 2360 1460; baseline 0.004 -23"><span class='ocrx_word' id='word_1_101' title='bbox 815 1390 932 1455; x_wconf 73' lang='lat' dir='ltr'><strong>gelo</strong></span> <span class='ocrx_word' id='word_1_102' title='bbox 982 1389 1307 1457; x_wconf 89' lang='lat' dir='ltr'><strong>eolloquente</strong></span> <span class='ocrx_word' id='word_1_103' title='bbox 1336 1390 1660 1458; x_wconf 82' lang='lat' dir='ltr'><strong>obstupescit</strong></span> <span class='ocrx_word' id='word_1_104' title='bbox 1689 1432 1702 1452; x_wconf 83' lang='lat'><strong>.</strong></span> <span class='ocrx_word' id='word_1_105' title='bbox 1737 1390 1890 1460; x_wconf 82' lang='lat' dir='ltr'><strong>idque</strong></span> <span class='ocrx_word' id='word_1_106' title='bbox 1933 1391 2230 1460; x_wconf 88' lang='lat' dir='ltr'><strong>indulgente</strong></span> <span class='ocrx_word' id='word_1_107' title='bbox 2271 1392 2360 1444; x_wconf 87' lang='lat' dir='ltr'><strong>illo</strong></span> 
     </span>
    </p>
   </div>
   <div class='ocr_carea' id='block_1_14' title="bbox 816 1478 2359 1548">
    <p class='ocr_par' dir='ltr' id='par_1_14' title="bbox 816 1478 2359 1548">
     <span class='ocr_line' id='line_1_14' title="bbox 816 1478 2359 1548; baseline 0.006 -21"><span class='ocrx_word' id='word_1_108' title='bbox 816 1478 990 1528; x_wconf 86' lang='lat' dir='ltr'><strong>l&#39;orsan</strong></span> <span class='ocrx_word' id='word_1_109' title='bbox 1020 1517 1032 1536; x_wconf 89' lang='lat'><strong>,</strong></span> <span class='ocrx_word' id='word_1_110' title='bbox 1057 1486 1108 1528; x_wconf 90' lang='lat' dir='ltr'><strong>et</strong></span> <span class='ocrx_word' id='word_1_111' title='bbox 1137 1492 1238 1529; x_wconf 93' lang='lat' dir='ltr'><strong>non</strong></span> <span class='ocrx_word' id='word_1_112' title='bbox 1285 1479 1620 1546; x_wconf 83' lang='lat' dir='ltr'><strong>impotentem</strong></span> <span class='ocrx_word' id='word_1_113' title='bbox 1655 1480 1877 1535; x_wconf 82' lang='lat' dir='ltr'><strong>faciente</strong></span> <span class='ocrx_word' id='word_1_114' title='bbox 1916 1495 2009 1535; x_wconf 90' lang='lat' dir='ltr'><strong>seu</strong></span> <span class='ocrx_word' id='word_1_115' title='bbox 2049 1481 2359 1548; x_wconf 88' lang='lat' dir='ltr'><strong>impediente</strong></span> 
     </span>
    </p>
   </div>
   <div class='ocr_carea' id='block_1_15' title="bbox 817 1566 2359 1640">
    <p class='ocr_par' dir='ltr' id='par_1_15' title="bbox 817 1566 2359 1640">
     <span class='ocr_line' id='line_1_15' title="bbox 817 1566 2359 1640; baseline 0.006 -25"><span class='ocrx_word' id='word_1_116' title='bbox 817 1567 895 1634; x_wconf 77' lang='grc' dir='ltr'><strong>(ιι)</strong></span> <span class='ocrx_word' id='word_1_117' title='bbox 927 1566 1377 1635; x_wconf 88' lang='lat' dir='ltr'><strong>:qnandoquidem</strong></span> <span class='ocrx_word' id='word_1_118' title='bbox 1415 1570 1556 1636; x_wconf 91' lang='lat' dir='ltr'><strong>prius</strong></span> <span class='ocrx_word' id='word_1_119' title='bbox 1594 1569 1836 1623; x_wconf 76' lang='lat' dir='ltr'><strong>dixerat:</strong></span> <span class='ocrx_word' id='word_1_120' title='bbox 1876 1569 2089 1623; x_wconf 82' lang='lat' dir='ltr'><strong>Viriliter</strong></span> <span class='ocrx_word' id='word_1_121' title='bbox 2125 1586 2232 1640; x_wconf 87' lang='lat' dir='ltr'><strong>age.</strong></span> <span class='ocrx_word' id='word_1_122' title='bbox 2293 1570 2359 1624; x_wconf 86' lang='lat' dir='ltr'><strong>Et</strong></span> 
     </span>
    </p>
   </div>
   <div class='ocr_carea' id='block_1_16' title="bbox 818 1655 2356 1728">
    <p class='ocr_par' dir='ltr' id='par_1_16' title="bbox 818 1655 2356 1728">
     <span class='ocr_line' id='line_1_16' title="bbox 818 1655 2356 1728; baseline 0.005 -20"><span class='ocrx_word' id='word_1_123' title='bbox 818 1656 982 1708; x_wconf 78' lang='lat' dir='ltr'><strong>stt-tit.</strong></span> <span class='ocrx_word' id='word_1_124' title='bbox 1023 1655 1174 1709; x_wconf 75' lang='lat' dir='ltr'><strong>Vides</strong></span> <span class='ocrx_word' id='word_1_125' title='bbox 1203 1657 1325 1724; x_wconf 92' lang='lat' dir='ltr'><strong>quid</strong></span> <span class='ocrx_word' id='word_1_126' title='bbox 1370 1659 1438 1710; x_wconf 89' lang='lat' dir='ltr'><strong>sit</strong></span> <span class='ocrx_word' id='word_1_127' title='bbox 1473 1669 1710 1728; x_wconf 91' lang='lat' dir='ltr'><strong>aspectus</strong></span> <span class='ocrx_word' id='word_1_128' title='bbox 1747 1659 1954 1728; x_wconf 78' lang='lat' dir='ltr'><strong>angeli?</strong></span> <span class='ocrx_word' id='word_1_129' title='bbox 1980 1661 2054 1714; x_wconf 86' lang='lat' dir='ltr'><strong>Ne</strong></span> <span class='ocrx_word' id='word_1_130' title='bbox 2089 1662 2356 1716; x_wconf 77' lang='lat' dir='ltr'><strong>existimes</strong></span> 
     </span>
    </p>
   </div>
   <div class='ocr_carea' id='block_1_17' title="bbox 816 1747 2355 1818">
    <p class='ocr_par' dir='ltr' id='par_1_17' title="bbox 816 1747 2355 1818">
     <span class='ocr_line' id='line_1_17' title="bbox 816 1747 2355 1818; baseline 0.005 -21"><span class='ocrx_word' id='word_1_131' title='bbox 816 1763 888 1798; x_wconf 84' lang='lat' dir='ltr'><strong>a-s</strong></span> <span class='ocrx_word' id='word_1_132' title='bbox 907 1762 1024 1800; x_wconf 87' lang='lat' dir='ltr'><strong>esse</strong></span> <span class='ocrx_word' id='word_1_133' title='bbox 1055 1747 1103 1803; x_wconf 88' lang='lat' dir='ltr'><strong>id</strong></span> <span class='ocrx_word' id='word_1_134' title='bbox 1130 1749 1266 1816; x_wconf 92' lang='lat' dir='ltr'><strong>quod</strong></span> <span class='ocrx_word' id='word_1_135' title='bbox 1298 1750 1499 1803; x_wconf 86' lang='lat' dir='ltr'><strong>videtur</strong></span> <span class='ocrx_word' id='word_1_136' title='bbox 1526 1791 1539 1814; x_wconf 91' lang='lat'><strong>,</strong></span> <span class='ocrx_word' id='word_1_137' title='bbox 1571 1766 1666 1804; x_wconf 90' lang='lat' dir='ltr'><strong>nec</strong></span> <span class='ocrx_word' id='word_1_138' title='bbox 1691 1766 1892 1805; x_wconf 91' lang='lat' dir='ltr'><strong>aurum.</strong></span> <span class='ocrx_word' id='word_1_139' title='bbox 1926 1751 2056 1818; x_wconf 87' lang='lat' dir='ltr'><strong>Quis</strong></span> <span class='ocrx_word' id='word_1_140' title='bbox 2083 1752 2220 1806; x_wconf 93' lang='lat' dir='ltr'><strong>enim</strong></span> <span class='ocrx_word' id='word_1_141' title='bbox 2252 1767 2355 1806; x_wconf 94' lang='lat' dir='ltr'><strong>non</strong></span> 
     </span>
    </p>
   </div>
   <div class='ocr_carea' id='block_1_18' title="bbox 817 1837 2353 1910">
    <p class='ocr_par' dir='ltr' id='par_1_18' title="bbox 817 1837 2353 1910">
     <span class='ocr_line' id='line_1_18' title="bbox 817 1837 2353 1910; baseline 0.004 -22"><span class='ocrx_word' id='word_1_142' title='bbox 817 1837 973 1890; x_wconf 67' lang='lat' dir='ltr'><strong>ferret</strong></span> <span class='ocrx_word' id='word_1_143' title='bbox 1000 1853 1178 1890; x_wconf 85' lang='lat' dir='ltr'><strong>earum</strong></span> <span class='ocrx_word' id='word_1_144' title='bbox 1207 1839 1540 1892; x_wconf 86' lang='lat' dir='ltr'><strong>materiarum</strong></span> <span class='ocrx_word' id='word_1_145' title='bbox 1574 1850 1837 1907; x_wconf 87' lang='lat' dir='ltr'><strong>aspectum</strong></span> <span class='ocrx_word' id='word_1_146' title='bbox 1864 1841 1885 1893; x_wconf 87' lang='lat'><strong>?</strong></span> <span class='ocrx_word' id='word_1_147' title='bbox 1910 1841 2036 1894; x_wconf 90' lang='lat' dir='ltr'><strong>Cum</strong></span> <span class='ocrx_word' id='word_1_148' title='bbox 2064 1841 2250 1910; x_wconf 89' lang='lat' dir='ltr'><strong>ubique</strong></span> <span class='ocrx_word' id='word_1_149' title='bbox 2276 1841 2353 1893; x_wconf 90' lang='lat' dir='ltr'><strong>lu-</strong></span> 
     </span>
    </p>
   </div>
   <div class='ocr_carea' id='block_1_19' title="bbox 815 1929 2356 1998">
    <p class='ocr_par' dir='ltr' id='par_1_19' title="bbox 815 1929 2356 1998">
     <span class='ocr_line' id='line_1_19' title="bbox 815 1929 2356 1998; baseline 0.003 -19"><span class='ocrx_word' id='word_1_150' title='bbox 815 1943 932 1980; x_wconf 86' lang='lat' dir='ltr'><strong>men</strong></span> <span class='ocrx_word' id='word_1_151' title='bbox 971 1929 1191 1993; x_wconf 89' lang='lat' dir='ltr'><strong>positutn</strong></span> <span class='ocrx_word' id='word_1_152' title='bbox 1219 1929 1304 1980; x_wconf 91' lang='lat' dir='ltr'><strong>sit.</strong></span> <span class='ocrx_word' id='word_1_153' title='bbox 1341 1930 1591 1994; x_wconf 84' lang='lat' dir='ltr'><strong>Quoniam</strong></span> <span class='ocrx_word' id='word_1_154' title='bbox 1623 1932 1779 1998; x_wconf 89' lang='lat' dir='ltr'><strong>igitur</strong></span> <span class='ocrx_word' id='word_1_155' title='bbox 1810 1931 1998 1984; x_wconf 88' lang='lat' dir='ltr'><strong>missus</strong></span> <span class='ocrx_word' id='word_1_156' title='bbox 2035 1947 2148 1984; x_wconf 90' lang='lat' dir='ltr'><strong>sum</strong></span> <span class='ocrx_word' id='word_1_157' title='bbox 2180 1971 2192 1992; x_wconf 87' lang='lat'><strong>,</strong></span> <span class='ocrx_word' id='word_1_158' title='bbox 2225 1946 2356 1997; x_wconf 65' lang='lat' dir='ltr'><strong>prs:-</strong></span> 
     </span>
    </p>
   </div>
   <div class='ocr_carea' id='block_1_20' title="bbox 813 2015 2352 2086">
    <p class='ocr_par' dir='ltr' id='par_1_20' title="bbox 813 2015 2352 2086">
     <span class='ocr_line' id='line_1_20' title="bbox 813 2015 2352 2086; baseline 0.003 -20"><span class='ocrx_word' id='word_1_159' title='bbox 813 2015 1050 2076; x_wconf 66' lang='lat' dir='ltr'><strong>significo</strong></span> <span class='ocrx_word' id='word_1_160' title='bbox 1081 2016 1176 2068; x_wconf 92' lang='lat' dir='ltr'><strong>hoc</strong></span> <span class='ocrx_word' id='word_1_161' title='bbox 1207 2018 1375 2069; x_wconf 87' lang='lat' dir='ltr'><strong>solunt</strong></span> <span class='ocrx_word' id='word_1_162' title='bbox 1409 2057 1423 2082; x_wconf 95' lang='lat'><strong>,</strong></span> <span class='ocrx_word' id='word_1_163' title='bbox 1456 2018 1617 2086; x_wconf 84' lang='lat' dir='ltr'><strong>inquit</strong></span> <span class='ocrx_word' id='word_1_164' title='bbox 1645 2060 1657 2083; x_wconf 94' lang='lat'><strong>,</strong></span> <span class='ocrx_word' id='word_1_165' title='bbox 1691 2033 1752 2071; x_wconf 87' lang='lat' dir='ltr'><strong>ne</strong></span> <span class='ocrx_word' id='word_1_166' title='bbox 1786 2032 2091 2084; x_wconf 82' lang='lat' dir='ltr'><strong>corrumpas</strong></span> <span class='ocrx_word' id='word_1_167' title='bbox 2115 2020 2352 2085; x_wconf 83' lang='lat' dir='ltr'><strong>gratiam.</strong></span> 
     </span>
    </p>
   </div>
   <div class='ocr_carea' id='block_1_21' title="bbox 815 2106 2352 2176">
    <p class='ocr_par' dir='ltr' id='par_1_21' title="bbox 815 2106 2352 2176">
     <span class='ocr_line' id='line_1_21' title="bbox 815 2106 2352 2176; baseline 0.003 -19"><span class='ocrx_word' id='word_1_168' title='bbox 815 2106 1000 2157; x_wconf 81' lang='lat' dir='ltr'><strong>Audita</strong></span> <span class='ocrx_word' id='word_1_169' title='bbox 1020 2115 1133 2157; x_wconf 88' lang='lat' dir='ltr'><strong>sunt</strong></span> <span class='ocrx_word' id='word_1_170' title='bbox 1157 2108 1300 2158; x_wconf 83' lang='lat' dir='ltr'><strong>verba</strong></span> <span class='ocrx_word' id='word_1_171' title='bbox 1331 2117 1414 2158; x_wconf 88' lang='lat' dir='ltr'><strong>tua</strong></span> <span class='ocrx_word' id='word_1_172' title='bbox 1440 2149 1452 2171; x_wconf 95' lang='lat'><strong>,</strong></span> <span class='ocrx_word' id='word_1_173' title='bbox 1477 2118 1521 2159; x_wconf 85' lang='lat' dir='ltr'><strong>et</strong></span> <span class='ocrx_word' id='word_1_174' title='bbox 1547 2124 1633 2176; x_wconf 97' lang='lat' dir='ltr'><strong>ego</strong></span> <span class='ocrx_word' id='word_1_175' title='bbox 1671 2109 1779 2159; x_wconf 86' lang='lat' dir='ltr'><strong>veni</strong></span> <span class='ocrx_word' id='word_1_176' title='bbox 1817 2109 1867 2160; x_wconf 87' lang='lat' dir='ltr'><strong>in</strong></span> <span class='ocrx_word' id='word_1_177' title='bbox 1897 2109 2049 2161; x_wconf 80' lang='lat' dir='ltr'><strong>verbis</strong></span> <span class='ocrx_word' id='word_1_178' title='bbox 2075 2110 2188 2161; x_wconf 81' lang='lat' dir='ltr'><strong>tuis.</strong></span> <span class='ocrx_word' id='word_1_179' title='bbox 2221 2110 2352 2175; x_wconf 87' lang='lat' dir='ltr'><strong>Quid</strong></span> 
     </span>
    </p>
   </div>
   <div class='ocr_carea' id='block_1_22' title="bbox 815 2194 2354 2267">
    <p class='ocr_par' dir='ltr' id='par_1_22' title="bbox 815 2194 2354 2267">
     <span class='ocr_line' id='line_1_22' title="bbox 815 2194 2354 2267; baseline 0.006 -22"><span class='ocrx_word' id='word_1_180' title='bbox 815 2194 954 2245; x_wconf 86' lang='lat' dir='ltr'><strong>enim</strong></span> <span class='ocrx_word' id='word_1_181' title='bbox 1001 2194 1254 2261; x_wconf 81' lang='lat' dir='ltr'><strong>rogabat,</strong></span> <span class='ocrx_word' id='word_1_182' title='bbox 1299 2195 1502 2262; x_wconf 91' lang='lat' dir='ltr'><strong>etquid</strong></span> <span class='ocrx_word' id='word_1_183' title='bbox 1543 2197 1893 2263; x_wconf 87' lang='lat' dir='ltr'><strong>precabatur?</strong></span> <span class='ocrx_word' id='word_1_184' title='bbox 1935 2199 2000 2251; x_wconf 91' lang='lat' dir='ltr'><strong>Et</strong></span> <span class='ocrx_word' id='word_1_185' title='bbox 2032 2199 2239 2267; x_wconf 88' lang='lat' dir='ltr'><strong>quidem</strong></span> <span class='ocrx_word' id='word_1_186' title='bbox 2269 2201 2354 2254; x_wconf 93' lang='lat' dir='ltr'><strong>illa</strong></span> 
     </span>
    </p>
   </div>
   <div class='ocr_carea' id='block_1_23' title="bbox 815 2280 2356 2352">
    <p class='ocr_par' dir='ltr' id='par_1_23' title="bbox 815 2280 2356 2352">
     <span class='ocr_line' id='line_1_23' title="bbox 815 2280 2356 2352; baseline 0.006 -21"><span class='ocrx_word' id='word_1_187' title='bbox 815 2280 911 2345; x_wconf 65' lang='lat' dir='ltr'><strong>ipsi</strong></span> <span class='ocrx_word' id='word_1_188' title='bbox 941 2297 1041 2333; x_wconf 88' lang='lat' dir='ltr'><strong>non</strong></span> <span class='ocrx_word' id='word_1_189' title='bbox 1064 2281 1212 2346; x_wconf 88' lang='lat' dir='ltr'><strong>dicis,</strong></span> <span class='ocrx_word' id='word_1_190' title='bbox 1238 2297 1332 2335; x_wconf 89' lang='lat' dir='ltr'><strong>nec</strong></span> <span class='ocrx_word' id='word_1_191' title='bbox 1361 2283 1637 2352; x_wconf 90' lang='lat' dir='ltr'><strong>quidquam</strong></span> <span class='ocrx_word' id='word_1_192' title='bbox 1667 2285 1941 2352; x_wconf 88' lang='lat' dir='ltr'><strong>ejusmodi.</strong></span> <span class='ocrx_word' id='word_1_193' title='bbox 1975 2286 2130 2340; x_wconf 89' lang='lat' dir='ltr'><strong>Forte</strong></span> <span class='ocrx_word' id='word_1_194' title='bbox 2150 2287 2356 2341; x_wconf 88' lang='lat' dir='ltr'><strong>volebat</strong></span> 
     </span>
    </p>
   </div>
   <div class='ocr_carea' id='block_1_24' title="bbox 815 2368 2348 2442">
    <p class='ocr_par' dir='ltr' id='par_1_24' title="bbox 815 2368 2348 2442">
     <span class='ocr_line' id='line_1_24' title="bbox 815 2368 2348 2442; baseline 0.007 -22"><span class='ocrx_word' id='word_1_195' title='bbox 815 2368 1014 2421; x_wconf 77' lang='lat' dir='ltr'><strong>discere</strong></span> <span class='ocrx_word' id='word_1_196' title='bbox 1039 2380 1217 2422; x_wconf 83' lang='lat' dir='ltr'><strong>exacte</strong></span> <span class='ocrx_word' id='word_1_197' title='bbox 1249 2380 1469 2439; x_wconf 86' lang='lat' dir='ltr'><strong>tempus,</strong></span> <span class='ocrx_word' id='word_1_198' title='bbox 1501 2381 1553 2427; x_wconf 90' lang='lat' dir='ltr'><strong>et</strong></span> <span class='ocrx_word' id='word_1_199' title='bbox 1579 2373 1701 2440; x_wconf 90' lang='lat' dir='ltr'><strong>quid</strong></span> <span class='ocrx_word' id='word_1_200' title='bbox 1734 2383 1908 2442; x_wconf 89' lang='lat' dir='ltr'><strong>postea</strong></span> <span class='ocrx_word' id='word_1_201' title='bbox 1939 2377 2160 2430; x_wconf 92' lang='lat' dir='ltr'><strong>futurum</strong></span> <span class='ocrx_word' id='word_1_202' title='bbox 2192 2387 2348 2431; x_wconf 90' lang='lat' dir='ltr'><strong>esset.</strong></span> 
     </span>
    </p>
   </div>
   <div class='ocr_carea' id='block_1_25' title="bbox 817 2459 2353 2532">
    <p class='ocr_par' dir='ltr' id='par_1_25' title="bbox 817 2459 2353 2532">
     <span class='ocr_line' id='line_1_25' title="bbox 817 2459 2353 2532; baseline 0.007 -22"><span class='ocrx_word' id='word_1_203' title='bbox 817 2459 880 2511; x_wconf 87' lang='lat' dir='ltr'><strong>Et</strong></span> <span class='ocrx_word' id='word_1_204' title='bbox 903 2463 1125 2527; x_wconf 77' lang='lat' dir='ltr'><strong>princeps</strong></span> <span class='ocrx_word' id='word_1_205' title='bbox 1155 2501 1168 2523; x_wconf 96' lang='lat'><strong>,</strong></span> <span class='ocrx_word' id='word_1_206' title='bbox 1197 2463 1364 2531; x_wconf 85' lang='lat' dir='ltr'><strong>inquit</strong></span> <span class='ocrx_word' id='word_1_207' title='bbox 1394 2504 1407 2525; x_wconf 93' lang='lat'><strong>,</strong></span> <span class='ocrx_word' id='word_1_208' title='bbox 1438 2467 1576 2532; x_wconf 85' lang='lat' dir='ltr'><strong>regni</strong></span> <span class='ocrx_word' id='word_1_209' title='bbox 1608 2465 1870 2518; x_wconf 86' lang='lat' dir='ltr'><strong>Persarum</strong></span> <span class='ocrx_word' id='word_1_210' title='bbox 1904 2469 2034 2519; x_wconf 86' lang='lat' dir='ltr'><strong>stetit</strong></span> <span class='ocrx_word' id='word_1_211' title='bbox 2068 2484 2128 2520; x_wconf 81' lang='lat' dir='ltr'><strong>ea:</strong></span> <span class='ocrx_word' id='word_1_212' title='bbox 2151 2467 2353 2521; x_wconf 85' lang='lat' dir='ltr'><strong>adverso</strong></span> 
     </span>
    </p>
   </div>
   <div class='ocr_carea' id='block_1_26' title="bbox 820 2549 2351 2621">
    <p class='ocr_par' dir='ltr' id='par_1_26' title="bbox 820 2549 2351 2621">
     <span class='ocr_line' id='line_1_26' title="bbox 820 2549 2351 2621; baseline 0.007 -22"><span class='ocrx_word' id='word_1_213' title='bbox 820 2549 945 2600; x_wconf 86' lang='lat' dir='ltr'><strong>mei.</strong></span> <span class='ocrx_word' id='word_1_214' title='bbox 995 2551 1143 2603; x_wconf 84' lang='lat' dir='ltr'><strong>Anne</strong></span> <span class='ocrx_word' id='word_1_215' title='bbox 1187 2551 1454 2604; x_wconf 79' lang='lat' dir='ltr'><strong>hominum</strong></span> <span class='ocrx_word' id='word_1_216' title='bbox 1488 2555 1772 2621; x_wconf 87' lang='lat' dir='ltr'><strong>principem</strong></span> <span class='ocrx_word' id='word_1_217' title='bbox 1814 2555 1978 2608; x_wconf 80' lang='lat' dir='ltr'><strong>dicit?</strong></span> <span class='ocrx_word' id='word_1_218' title='bbox 2002 2557 2227 2609; x_wconf 86' lang='lat' dir='ltr'><strong>Minime.</strong></span> <span class='ocrx_word' id='word_1_219' title='bbox 2261 2557 2351 2609; x_wconf 86' lang='lat' dir='ltr'><strong>Et-</strong></span> 
     </span>
    </p>
   </div>
   <div class='ocr_carea' id='block_1_27' title="bbox 815 2640 2352 2712">
    <p class='ocr_par' dir='ltr' id='par_1_27' title="bbox 815 2640 2352 2712">
     <span class='ocr_line' id='line_1_27' title="bbox 815 2640 2352 2712; baseline 0.006 -22"><span class='ocrx_word' id='word_1_220' title='bbox 815 2640 954 2690; x_wconf 88' lang='lat' dir='ltr'><strong>enim</strong></span> <span class='ocrx_word' id='word_1_221' title='bbox 987 2651 1036 2692; x_wconf 88' lang='lat' dir='ltr'><strong>et</strong></span> <span class='ocrx_word' id='word_1_222' title='bbox 1066 2642 1186 2694; x_wconf 91' lang='lat' dir='ltr'><strong>alibi</strong></span> <span class='ocrx_word' id='word_1_223' title='bbox 1215 2641 1286 2695; x_wconf 89' lang='lat' dir='ltr'><strong>ait</strong></span> <span class='ocrx_word' id='word_1_224' title='bbox 1311 2656 1324 2694; x_wconf 85' lang='lat'><strong>:</strong></span> <span class='ocrx_word' id='word_1_225' title='bbox 1351 2642 1591 2712; x_wconf 75' lang='lat' dir='ltr'><strong>Princeps</strong></span> <span class='ocrx_word' id='word_1_226' title='bbox 1619 2643 1902 2697; x_wconf 71' lang='lat' dir='ltr'><strong>Gra&#39;corum</strong></span> <span class='ocrx_word' id='word_1_227' title='bbox 1922 2647 2090 2699; x_wconf 75' lang='lat' dir='ltr'><strong>exivit.</strong></span> <span class='ocrx_word' id='word_1_228' title='bbox 2124 2647 2244 2698; x_wconf 88' lang='lat' dir='ltr'><strong>Milti</strong></span> <span class='ocrx_word' id='word_1_229' title='bbox 2272 2648 2352 2699; x_wconf 82' lang='lat' dir='ltr'><strong>vi-</strong></span> 
     </span>
    </p>
   </div>
   <div class='ocr_carea' id='block_1_28' title="bbox 815 2726 2352 2802">
    <p class='ocr_par' dir='ltr' id='par_1_28' title="bbox 815 2726 2352 2802">
     <span class='ocr_line' id='line_1_28' title="bbox 815 2726 2352 2802; baseline 0.007 -24"><span class='ocrx_word' id='word_1_230' title='bbox 815 2726 967 2778; x_wconf 89' lang='lat' dir='ltr'><strong>detur</strong></span> <span class='ocrx_word' id='word_1_231' title='bbox 1004 2728 1101 2780; x_wconf 89' lang='lat' dir='ltr'><strong>iste</strong></span> <span class='ocrx_word' id='word_1_232' title='bbox 1130 2730 1213 2796; x_wconf 89' lang='lat' dir='ltr'><strong>qui</strong></span> <span class='ocrx_word' id='word_1_233' title='bbox 1245 2731 1475 2796; x_wconf 82' lang='lat' dir='ltr'><strong>loquitur</strong></span> <span class='ocrx_word' id='word_1_234' title='bbox 1500 2748 1600 2784; x_wconf 91' lang='lat' dir='ltr'><strong>non</strong></span> <span class='ocrx_word' id='word_1_235' title='bbox 1631 2748 1748 2786; x_wconf 89' lang='lat' dir='ltr'><strong>esse</strong></span> <span class='ocrx_word' id='word_1_236' title='bbox 1775 2733 1840 2787; x_wconf 91' lang='lat' dir='ltr'><strong>de</strong></span> <span class='ocrx_word' id='word_1_237' title='bbox 1870 2735 2188 2802; x_wconf 89' lang='lat' dir='ltr'><strong>principibus</strong></span> <span class='ocrx_word' id='word_1_238' title='bbox 2215 2777 2228 2799; x_wconf 88' lang='lat'><strong>,</strong></span> <span class='ocrx_word' id='word_1_239' title='bbox 2263 2751 2352 2788; x_wconf 87' lang='lat' dir='ltr'><strong>ne-</strong></span> 
     </span>
    </p>
   </div>
   <div class='ocr_carea' id='block_1_29' title="bbox 813 2818 2351 2886">
    <p class='ocr_par' dir='ltr' id='par_1_29' title="bbox 813 2818 2351 2886">
     <span class='ocr_line' id='line_1_29' title="bbox 813 2818 2351 2886; baseline 0.008 -23"><span class='ocrx_word' id='word_1_240' title='bbox 813 2831 912 2882; x_wconf 82' lang='lat' dir='ltr'><strong>que</strong></span> <span class='ocrx_word' id='word_1_241' title='bbox 939 2831 1003 2867; x_wconf 86' lang='lat' dir='ltr'><strong>ex</strong></span> <span class='ocrx_word' id='word_1_242' title='bbox 1033 2818 1093 2869; x_wconf 90' lang='lat' dir='ltr'><strong>iis</strong></span> <span class='ocrx_word' id='word_1_243' title='bbox 1118 2820 1201 2883; x_wconf 90' lang='lat' dir='ltr'><strong>qui</strong></span> <span class='ocrx_word' id='word_1_244' title='bbox 1234 2818 1460 2886; x_wconf 68' lang='lat' dir='ltr'><strong>prtcl‘eeti</strong></span> <span class='ocrx_word' id='word_1_245' title='bbox 1492 2829 1613 2873; x_wconf 87' lang='lat' dir='ltr'><strong>suttt</strong></span> <span class='ocrx_word' id='word_1_246' title='bbox 1641 2823 1779 2885; x_wconf 84' lang='lat' dir='ltr'><strong>genti</strong></span> <span class='ocrx_word' id='word_1_247' title='bbox 1819 2822 1972 2875; x_wconf 91' lang='lat' dir='ltr'><strong>alicui</strong></span> <span class='ocrx_word' id='word_1_248' title='bbox 2003 2861 2016 2884; x_wconf 93' lang='lat'><strong>,</strong></span> <span class='ocrx_word' id='word_1_249' title='bbox 2046 2823 2136 2875; x_wconf 90' lang='lat' dir='ltr'><strong>sed</strong></span> <span class='ocrx_word' id='word_1_250' title='bbox 2168 2839 2230 2877; x_wconf 88' lang='lat' dir='ltr'><strong>ex</strong></span> <span class='ocrx_word' id='word_1_251' title='bbox 2260 2837 2351 2876; x_wconf 90' lang='lat' dir='ltr'><strong>su-</strong></span> 
     </span>
    </p>
   </div>
   <div class='ocr_carea' id='block_1_30' title="bbox 814 2905 2351 2977">
    <p class='ocr_par' dir='ltr' id='par_1_30' title="bbox 814 2905 2351 2977">
     <span class='ocr_line' id='line_1_30' title="bbox 814 2905 2351 2977; baseline 0.007 -23"><span class='ocrx_word' id='word_1_252' title='bbox 814 2905 991 2968; x_wconf 85' lang='lat' dir='ltr'><strong>pernis</strong></span> <span class='ocrx_word' id='word_1_253' title='bbox 1020 2905 1312 2959; x_wconf 88' lang='lat' dir='ltr'><strong>virtutibus.</strong></span> <span class='ocrx_word' id='word_1_254' title='bbox 1345 2907 1538 2961; x_wconf 84' lang='lat' dir='ltr'><strong>Deinde</strong></span> <span class='ocrx_word' id='word_1_255' title='bbox 1559 2909 1676 2976; x_wconf 91' lang='lat' dir='ltr'><strong>quia</strong></span> <span class='ocrx_word' id='word_1_256' title='bbox 1699 2911 1967 2977; x_wconf 87' lang='lat' dir='ltr'><strong>attgelialii</strong></span> <span class='ocrx_word' id='word_1_257' title='bbox 1989 2927 2090 2966; x_wconf 92' lang='lat' dir='ltr'><strong>non</strong></span> <span class='ocrx_word' id='word_1_258' title='bbox 2112 2913 2351 2965; x_wconf 87' lang='lat' dir='ltr'><strong>valebant</strong></span> 
     </span>
    </p>
   </div>
   <div class='ocr_carea' id='block_1_31' title="bbox 813 2991 2351 3070">
    <p class='ocr_par' dir='ltr' id='par_1_31' title="bbox 813 2991 2351 3070">
     <span class='ocr_line' id='line_1_31' title="bbox 813 2991 2351 3070; baseline 0.008 -27"><span class='ocrx_word' id='word_1_259' title='bbox 813 2991 884 3043; x_wconf 92' lang='lat' dir='ltr'><strong>illi</strong></span> <span class='ocrx_word' id='word_1_260' title='bbox 920 2994 1186 3057; x_wconf 87' lang='lat' dir='ltr'><strong>resistere,</strong></span> <span class='ocrx_word' id='word_1_261' title='bbox 1222 2995 1341 3049; x_wconf 89' lang='lat' dir='ltr'><strong>huic</strong></span> <span class='ocrx_word' id='word_1_262' title='bbox 1363 2997 1571 3050; x_wconf 88' lang='lat' dir='ltr'><strong>dicitur.</strong></span> <span class='ocrx_word' id='word_1_263' title='bbox 1601 3001 1838 3053; x_wconf 83' lang='lat' dir='ltr'><strong>Absuluti</strong></span> <span class='ocrx_word' id='word_1_264' title='bbox 1862 3013 1982 3054; x_wconf 91' lang='lat' dir='ltr'><strong>sunt</strong></span> <span class='ocrx_word' id='word_1_265' title='bbox 2007 3043 2019 3066; x_wconf 94' lang='lat'><strong>,</strong></span> <span class='ocrx_word' id='word_1_266' title='bbox 2056 3002 2220 3070; x_wconf 90' lang='lat' dir='ltr'><strong>inquit</strong></span> <span class='ocrx_word' id='word_1_267' title='bbox 2247 3042 2260 3065; x_wconf 91' lang='lat'><strong>,</strong></span> <span class='ocrx_word' id='word_1_268' title='bbox 2291 3018 2351 3057; x_wconf 89' lang='lat' dir='ltr'><strong>ac</strong></span> 
     </span>
    </p>
   </div>
   <div class='ocr_carea' id='block_1_32' title="bbox 813 3081 2356 3156">
    <p class='ocr_par' dir='ltr' id='par_1_32' title="bbox 813 3081 2356 3156">
     <span class='ocr_line' id='line_1_32' title="bbox 813 3081 2356 3156; baseline 0.006 -25"><span class='ocrx_word' id='word_1_269' title='bbox 813 3081 1012 3134; x_wconf 79' lang='lat' dir='ltr'><strong>litterati</strong></span> <span class='ocrx_word' id='word_1_270' title='bbox 1034 3083 1232 3148; x_wconf 84' lang='lat' dir='ltr'><strong>Judaei;</strong></span> <span class='ocrx_word' id='word_1_271' title='bbox 1262 3086 1382 3153; x_wconf 90' lang='lat' dir='ltr'><strong>quid</strong></span> <span class='ocrx_word' id='word_1_272' title='bbox 1413 3088 1580 3141; x_wconf 87' lang='lat' dir='ltr'><strong>adhuc</strong></span> <span class='ocrx_word' id='word_1_273' title='bbox 1605 3091 1837 3156; x_wconf 55' lang='lat' dir='ltr'><strong>quarris?</strong></span> <span class='ocrx_word' id='word_1_274' title='bbox 1875 3090 2105 3144; x_wconf 73' lang='lat' dir='ltr'><strong>«Etecce</strong></span> <span class='ocrx_word' id='word_1_275' title='bbox 2121 3089 2356 3152; x_wconf 83' lang='lat' dir='ltr'><strong>Michael,</strong></span> 
     </span>
    </p>
   </div>
   <div class='ocr_carea' id='block_1_33' title="bbox 813 3173 2349 3242">
    <p class='ocr_par' dir='ltr' id='par_1_33' title="bbox 813 3173 2349 3242">
     <span class='ocr_line' id='line_1_33' title="bbox 813 3173 2349 3242; baseline 0.008 -22"><span class='ocrx_word' id='word_1_276' title='bbox 813 3187 944 3222; x_wconf 81' lang='lat' dir='ltr'><strong>unus</strong></span> <span class='ocrx_word' id='word_1_277' title='bbox 990 3173 1277 3240; x_wconf 88' lang='lat' dir='ltr'><strong>principum</strong></span> <span class='ocrx_word' id='word_1_278' title='bbox 1332 3177 1613 3242; x_wconf 88' lang='lat' dir='ltr'><strong>primorum</strong></span> <span class='ocrx_word' id='word_1_279' title='bbox 1645 3218 1658 3241; x_wconf 91' lang='lat'><strong>,</strong></span> <span class='ocrx_word' id='word_1_280' title='bbox 1711 3180 1850 3232; x_wconf 92' lang='lat' dir='ltr'><strong>venit</strong></span> <span class='ocrx_word' id='word_1_281' title='bbox 1891 3178 1955 3232; x_wconf 90' lang='lat' dir='ltr'><strong>ad</strong></span> <span class='ocrx_word' id='word_1_282' title='bbox 2000 3180 2349 3232; x_wconf 80' lang='lat' dir='ltr'><strong>auxiliandum</strong></span> 
     </span>
    </p>
   </div>
   <div class='ocr_carea' id='block_1_34' title="bbox 813 3260 2348 3338">
    <p class='ocr_par' dir='ltr' id='par_1_34' title="bbox 813 3260 2348 3338">
     <span class='ocr_line' id='line_1_34' title="bbox 813 3260 2348 3338; baseline 0.006 -27"><span class='ocrx_word' id='word_1_283' title='bbox 813 3260 935 3311; x_wconf 88' lang='lat' dir='ltr'><strong>tttilti</strong></span> <span class='ocrx_word' id='word_1_284' title='bbox 961 3276 975 3323; x_wconf 90' lang='lat'><strong>;</strong></span> <span class='ocrx_word' id='word_1_285' title='bbox 999 3271 1050 3312; x_wconf 90' lang='lat' dir='ltr'><strong>et</strong></span> <span class='ocrx_word' id='word_1_286' title='bbox 1070 3276 1152 3314; x_wconf 90' lang='lat' dir='ltr'><strong>me</strong></span> <span class='ocrx_word' id='word_1_287' title='bbox 1178 3263 1497 3331; x_wconf 89' lang='lat' dir='ltr'><strong>reliquerunt</strong></span> <span class='ocrx_word' id='word_1_288' title='bbox 1520 3267 1583 3318; x_wconf 92' lang='lat' dir='ltr'><strong>ibi</strong></span> <span class='ocrx_word' id='word_1_289' title='bbox 1607 3282 1724 3320; x_wconf 90' lang='lat' dir='ltr'><strong>cum</strong></span> <span class='ocrx_word' id='word_1_290' title='bbox 1753 3267 1981 3336; x_wconf 89' lang='lat' dir='ltr'><strong>principe</strong></span> <span class='ocrx_word' id='word_1_291' title='bbox 2001 3268 2136 3338; x_wconf 90' lang='lat' dir='ltr'><strong>regis</strong></span> <span class='ocrx_word' id='word_1_292' title='bbox 2164 3268 2348 3322; x_wconf 83' lang='lat' dir='ltr'><strong>Persa-</strong></span> 
     </span>
    </p>
   </div>
   <div class='ocr_carea' id='block_1_35' title="bbox 813 3349 2351 3426">
    <p class='ocr_par' dir='ltr' id='par_1_35' title="bbox 813 3349 2351 3426">
     <span class='ocr_line' id='line_1_35' title="bbox 813 3349 2351 3426; baseline 0.01 -30"><span class='ocrx_word' id='word_1_293' title='bbox 813 3363 946 3399; x_wconf 84' lang='lat' dir='ltr'><strong>rum.</strong></span> <span class='ocrx_word' id='word_1_294' title='bbox 976 3349 1039 3400; x_wconf 92' lang='lat' dir='ltr'><strong>Et</strong></span> <span class='ocrx_word' id='word_1_295' title='bbox 1068 3352 1183 3402; x_wconf 88' lang='lat' dir='ltr'><strong>veni</strong></span> <span class='ocrx_word' id='word_1_296' title='bbox 1225 3351 1412 3406; x_wconf 89' lang='lat' dir='ltr'><strong>docere</strong></span> <span class='ocrx_word' id='word_1_297' title='bbox 1443 3364 1491 3407; x_wconf 92' lang='lat' dir='ltr'><strong>te</strong></span> <span class='ocrx_word' id='word_1_298' title='bbox 1518 3370 1854 3425; x_wconf 66' lang='lat' dir='ltr'><strong>qumcutnque</strong></span> <span class='ocrx_word' id='word_1_299' title='bbox 1897 3358 2137 3411; x_wconf 86' lang='lat' dir='ltr'><strong>evenient</strong></span> <span class='ocrx_word' id='word_1_300' title='bbox 2161 3358 2351 3426; x_wconf 91' lang='lat' dir='ltr'><strong>populo</strong></span> 
     </span>
    </p>
   </div>
   <div class='ocr_carea' id='block_1_36' title="bbox 811 3440 2344 3511">
    <p class='ocr_par' dir='ltr' id='par_1_36' title="bbox 811 3440 2344 3511">
     <span class='ocr_line' id='line_1_36' title="bbox 811 3440 2344 3511; baseline 0.008 -25"><span class='ocrx_word' id='word_1_301' title='bbox 811 3448 900 3487; x_wconf 88' lang='lat' dir='ltr'><strong>tuo</strong></span> <span class='ocrx_word' id='word_1_302' title='bbox 940 3440 990 3490; x_wconf 92' lang='lat' dir='ltr'><strong>in</strong></span> <span class='ocrx_word' id='word_1_303' title='bbox 1019 3441 1317 3493; x_wconf 82' lang='lat' dir='ltr'><strong>novissimis</strong></span> <span class='ocrx_word' id='word_1_304' title='bbox 1342 3441 1526 3495; x_wconf 88' lang='lat' dir='ltr'><strong>diebus</strong></span> <span class='ocrx_word' id='word_1_305' title='bbox 1555 3485 1569 3507; x_wconf 94' lang='lat'><strong>,</strong></span> <span class='ocrx_word' id='word_1_306' title='bbox 1621 3445 1741 3511; x_wconf 86' lang='lat' dir='ltr'><strong>quia</strong></span> <span class='ocrx_word' id='word_1_307' title='bbox 1766 3461 1888 3499; x_wconf 89' lang='lat' dir='ltr'><strong>ecce</strong></span> <span class='ocrx_word' id='word_1_308' title='bbox 1918 3446 2047 3498; x_wconf 87' lang='lat' dir='ltr'><strong>visio</strong></span> <span class='ocrx_word' id='word_1_309' title='bbox 2073 3447 2121 3498; x_wconf 94' lang='lat' dir='ltr'><strong>in</strong></span> <span class='ocrx_word' id='word_1_310' title='bbox 2152 3446 2285 3499; x_wconf 88' lang='lat' dir='ltr'><strong>dies.</strong></span> <span class='ocrx_word' id='word_1_311' title='bbox 2327 3466 2344 3498; x_wconf 74' lang='grc' dir='ltr'>ι</span> 
     </span>
    </p>
   </div>
   <div class='ocr_carea' id='block_1_37' title="bbox 809 3526 2347 3596">
    <p class='ocr_par' dir='ltr' id='par_1_37' title="bbox 809 3526 2347 3596">
     <span class='ocr_line' id='line_1_37' title="bbox 809 3526 2347 3596; baseline 0.008 -21"><span class='ocrx_word' id='word_1_312' title='bbox 809 3526 981 3590; x_wconf 90' lang='lat' dir='ltr'><strong>Quare</strong></span> <span class='ocrx_word' id='word_1_313' title='bbox 1009 3538 1130 3580; x_wconf 90' lang='lat' dir='ltr'><strong>ante</strong></span> <span class='ocrx_word' id='word_1_314' title='bbox 1160 3529 1336 3596; x_wconf 85' lang='lat' dir='ltr'><strong>viginti</strong></span> <span class='ocrx_word' id='word_1_315' title='bbox 1367 3531 1478 3583; x_wconf 90' lang='lat' dir='ltr'><strong>dies</strong></span> <span class='ocrx_word' id='word_1_316' title='bbox 1527 3549 1629 3585; x_wconf 88' lang='lat' dir='ltr'><strong>non</strong></span> <span class='ocrx_word' id='word_1_317' title='bbox 1662 3534 1801 3585; x_wconf 93' lang='lat' dir='ltr'><strong>venit</strong></span> <span class='ocrx_word' id='word_1_318' title='bbox 1829 3534 2045 3588; x_wconf 85' lang='lat' dir='ltr'><strong>Michael</strong></span> <span class='ocrx_word' id='word_1_319' title='bbox 2075 3535 2098 3586; x_wconf 74' lang='grc' dir='ltr'><em>ἳ</em></span> <span class='ocrx_word' id='word_1_320' title='bbox 2128 3534 2194 3590; x_wconf 90' lang='lat' dir='ltr'><strong>Ut</strong></span> <span class='ocrx_word' id='word_1_321' title='bbox 2222 3536 2347 3588; x_wconf 87' lang='lat' dir='ltr'><strong>ntilti</strong></span> 
     </span>
    </p>
   </div>
   <div class='ocr_carea' id='block_1_38' title="bbox 811 3617 2351 3691">
    <p class='ocr_par' dir='ltr' id='par_1_38' title="bbox 811 3617 2351 3691">
     <span class='ocr_line' id='line_1_38' title="bbox 811 3617 2351 3691; baseline 0.008 -25"><span class='ocrx_word' id='word_1_322' title='bbox 811 3617 1328 3682; x_wconf 77' lang='lat' dir='ltr'><strong>videtur,ostenderc</strong></span> <span class='ocrx_word' id='word_1_323' title='bbox 1353 3622 1461 3672; x_wconf 87' lang='lat' dir='ltr'><strong>vult</strong></span> <span class='ocrx_word' id='word_1_324' title='bbox 1483 3623 1768 3689; x_wconf 69' lang='grc' dir='ltr'><strong>ριόνιιρια),</strong></span> <span class='ocrx_word' id='word_1_325' title='bbox 1796 3625 1934 3676; x_wconf 92' lang='lat' dir='ltr'><strong>illum</strong></span> <span class='ocrx_word' id='word_1_326' title='bbox 1959 3640 2043 3677; x_wconf 89' lang='lat' dir='ltr'><strong>res</strong></span> <span class='ocrx_word' id='word_1_327' title='bbox 2067 3625 2351 3691; x_wconf 89' lang='lat' dir='ltr'><strong>proltibitas</strong></span> 
     </span>
    </p>
   </div>
   <div class='ocr_carea' id='block_1_39' title="bbox 809 3708 2345 3779">
    <p class='ocr_par' dir='ltr' id='par_1_39' title="bbox 809 3708 2345 3779">
     <span class='ocr_line' id='line_1_39' title="bbox 809 3708 2345 3779; baseline 0.002 -19"><span class='ocrx_word' id='word_1_328' title='bbox 809 3717 862 3760; x_wconf 91' lang='lat' dir='ltr'><strong>et</strong></span> <span class='ocrx_word' id='word_1_329' title='bbox 891 3708 1093 3775; x_wconf 89' lang='lat' dir='ltr'><strong>iniquas</strong></span> <span class='ocrx_word' id='word_1_330' title='bbox 1116 3718 1274 3776; x_wconf 87' lang='lat' dir='ltr'><strong>atque</strong></span> <span class='ocrx_word' id='word_1_331' title='bbox 1302 3719 1508 3762; x_wconf 86' lang='lat' dir='ltr'><strong>coactas</strong></span> <span class='ocrx_word' id='word_1_332' title='bbox 1540 3713 1804 3776; x_wconf 89' lang='lat' dir='ltr'><strong>postulare</strong></span> <span class='ocrx_word' id='word_1_333' title='bbox 1835 3752 1846 3772; x_wconf 91' lang='lat'><strong>,</strong></span> <span class='ocrx_word' id='word_1_334' title='bbox 1882 3727 1943 3765; x_wconf 90' lang='lat' dir='ltr'><strong>ac</strong></span> <span class='ocrx_word' id='word_1_335' title='bbox 1972 3713 2345 3779; x_wconf 78' lang='lat' dir='ltr'><strong>propemodum</strong></span> 
     </span>
    </p>
   </div>
   <div class='ocr_carea' id='block_1_40' title="bbox 810 3798 2349 3868">
    <p class='ocr_par' dir='ltr' id='par_1_40' title="bbox 810 3798 2349 3868">
     <span class='ocr_line' id='line_1_40' title="bbox 810 3798 2349 3868; baseline 0.003 -19"><span class='ocrx_word' id='word_1_336' title='bbox 810 3798 1009 3866; x_wconf 84' lang='lat' dir='ltr'><strong>angelis</strong></span> <span class='ocrx_word' id='word_1_337' title='bbox 1038 3799 1137 3850; x_wconf 86' lang='lat' dir='ltr'><strong>vim</strong></span> <span class='ocrx_word' id='word_1_338' title='bbox 1172 3799 1357 3852; x_wconf 85' lang='lat' dir='ltr'><strong>facere.</strong></span> <span class='ocrx_word' id='word_1_339' title='bbox 1399 3799 1616 3866; x_wconf 78' lang='lat' dir='ltr'><strong>Propter</strong></span> <span class='ocrx_word' id='word_1_340' title='bbox 1663 3799 1761 3852; x_wconf 81' lang='lat' dir='ltr'><strong>hoc</strong></span> <span class='ocrx_word' id='word_1_341' title='bbox 1800 3817 1964 3868; x_wconf 76' lang='lat' dir='ltr'><strong>neque</strong></span> <span class='ocrx_word' id='word_1_342' title='bbox 1992 3801 2210 3854; x_wconf 84' lang='lat' dir='ltr'><strong>Michael</strong></span> <span class='ocrx_word' id='word_1_343' title='bbox 2239 3811 2349 3854; x_wconf 84' lang='lat' dir='ltr'><strong>sta-</strong></span> 
     </span>
    </p>
   </div>
   <div class='ocr_carea' id='block_1_41' title="bbox 813 3889 2351 3958">
    <p class='ocr_par' dir='ltr' id='par_1_41' title="bbox 813 3889 2351 3958">
     <span class='ocr_line' id='line_1_41' title="bbox 813 3889 2351 3958; baseline 0.004 -20"><span class='ocrx_word' id='word_1_344' title='bbox 813 3890 902 3941; x_wconf 93' lang='lat' dir='ltr'><strong>tim</strong></span> <span class='ocrx_word' id='word_1_345' title='bbox 931 3889 995 3942; x_wconf 87' lang='lat' dir='ltr'><strong>ab</strong></span> <span class='ocrx_word' id='word_1_346' title='bbox 1027 3889 1171 3940; x_wconf 84' lang='lat' dir='ltr'><strong>initio</strong></span> <span class='ocrx_word' id='word_1_347' title='bbox 1198 3891 1496 3953; x_wconf 84' lang='lat' dir='ltr'><strong>auxiliatur,</strong></span> <span class='ocrx_word' id='word_1_348' title='bbox 1531 3891 1621 3943; x_wconf 88' lang='lat' dir='ltr'><strong>sed</strong></span> <span class='ocrx_word' id='word_1_349' title='bbox 1654 3901 1826 3958; x_wconf 55' lang='lat' dir='ltr'><strong>postea</strong></span> <span class='ocrx_word' id='word_1_350' title='bbox 1850 3930 1863 3954; x_wconf 92' lang='lat'><strong>,</strong></span> <span class='ocrx_word' id='word_1_351' title='bbox 1898 3900 1952 3942; x_wconf 80' lang='grc' dir='ltr'><strong>ιιι</strong></span> <span class='ocrx_word' id='word_1_352' title='bbox 1985 3891 2244 3945; x_wconf 90' lang='lat' dir='ltr'><strong>discerent</strong></span> <span class='ocrx_word' id='word_1_353' title='bbox 2274 3892 2351 3944; x_wconf 93' lang='lat' dir='ltr'><strong>in-</strong></span> 
     </span>
    </p>
   </div>
   <div class='ocr_carea' id='block_1_42' title="bbox 809 3977 2349 4047">
    <p class='ocr_par' dir='ltr' id='par_1_42' title="bbox 809 3977 2349 4047">
     <span class='ocr_line' id='line_1_42' title="bbox 809 3977 2349 4047; baseline 0.003 -18"><span class='ocrx_word' id='word_1_354' title='bbox 809 3979 995 4046; x_wconf 87' lang='lat' dir='ltr'><strong>dignos</strong></span> <span class='ocrx_word' id='word_1_355' title='bbox 1021 3977 1187 4029; x_wconf 89' lang='lat' dir='ltr'><strong>reditu</strong></span> <span class='ocrx_word' id='word_1_356' title='bbox 1228 3993 1342 4030; x_wconf 85' lang='lat' dir='ltr'><strong>esse</strong></span> <span class='ocrx_word' id='word_1_357' title='bbox 1372 3994 1461 4030; x_wconf 85' lang='lat' dir='ltr'><strong>eos</strong></span> <span class='ocrx_word' id='word_1_358' title='bbox 1490 3980 1574 4045; x_wconf 87' lang='lat' dir='ltr'><strong>qui</strong></span> <span class='ocrx_word' id='word_1_359' title='bbox 1600 3989 1776 4047; x_wconf 88' lang='lat' dir='ltr'><strong>postea</strong></span> <span class='ocrx_word' id='word_1_360' title='bbox 1816 3981 1864 4031; x_wconf 93' lang='lat' dir='ltr'><strong>in</strong></span> <span class='ocrx_word' id='word_1_361' title='bbox 1907 3981 2122 4047; x_wconf 89' lang='lat' dir='ltr'><strong>patriam</strong></span> <span class='ocrx_word' id='word_1_362' title='bbox 2154 3980 2349 4035; x_wconf 84' lang='lat' dir='ltr'><strong>reversi</strong></span> 
     </span>
    </p>
   </div>
   <div class='ocr_carea' id='block_1_43' title="bbox 811 4066 2346 4138">
    <p class='ocr_par' dir='ltr' id='par_1_43' title="bbox 811 4066 2346 4138">
     <span class='ocr_line' id='line_1_43' title="bbox 811 4066 2346 4138; baseline 0.001 -18"><span class='ocrx_word' id='word_1_363' title='bbox 811 4076 950 4120; x_wconf 88' lang='lat' dir='ltr'><strong>sunt.</strong></span> <span class='ocrx_word' id='word_1_364' title='bbox 975 4066 1166 4134; x_wconf 89' lang='lat' dir='ltr'><strong>lnjuria</strong></span> <span class='ocrx_word' id='word_1_365' title='bbox 1198 4067 1496 4120; x_wconf 73' lang='lat' dir='ltr'><strong>afficiuntur</strong></span> <span class='ocrx_word' id='word_1_366' title='bbox 1512 4069 1701 4135; x_wconf 87' lang='lat' dir='ltr'><strong>angeli.</strong></span> <span class='ocrx_word' id='word_1_367' title='bbox 1735 4067 1799 4119; x_wconf 83' lang='lat' dir='ltr'><strong>Et</strong></span> <span class='ocrx_word' id='word_1_368' title='bbox 1823 4085 1896 4120; x_wconf 91' lang='lat' dir='ltr'><strong>me</strong></span> <span class='ocrx_word' id='word_1_369' title='bbox 1914 4071 2211 4138; x_wconf 85' lang='lat' dir='ltr'><strong>reliquerunt</strong></span> <span class='ocrx_word' id='word_1_370' title='bbox 2234 4071 2299 4122; x_wconf 85' lang='lat' dir='ltr'><strong>ibi</strong></span> <span class='ocrx_word' id='word_1_371' title='bbox 2331 4111 2346 4134; x_wconf 93' lang='lat'><strong>,</strong></span> 
     </span>
    </p>
   </div>
   <div class='ocr_carea' id='block_1_44' title="bbox 809 4157 2348 4226">
    <p class='ocr_par' dir='ltr' id='par_1_44' title="bbox 809 4157 2348 4226">
     <span class='ocr_line' id='line_1_44' title="bbox 809 4157 2348 4226; baseline 0.001 -16"><span class='ocrx_word' id='word_1_372' title='bbox 809 4158 968 4211; x_wconf 89' lang='lat' dir='ltr'><strong>utvel</strong></span> <span class='ocrx_word' id='word_1_373' title='bbox 1002 4157 1389 4225; x_wconf 87' lang='lat' dir='ltr'><strong>persuaderent,</strong></span> <span class='ocrx_word' id='word_1_374' title='bbox 1421 4159 1498 4210; x_wconf 86' lang='lat' dir='ltr'><strong>vel</strong></span> <span class='ocrx_word' id='word_1_375' title='bbox 1537 4159 1822 4210; x_wconf 88' lang='lat' dir='ltr'><strong>inltiberem</strong></span> <span class='ocrx_word' id='word_1_376' title='bbox 1850 4158 1866 4224; x_wconf 95' lang='lat'>(</span> <span class='ocrx_word' id='word_1_377' title='bbox 1898 4159 2182 4225; x_wconf 88' lang='lat' dir='ltr'><strong>principem</strong></span> <span class='ocrx_word' id='word_1_378' title='bbox 2211 4159 2348 4226; x_wconf 90' lang='lat' dir='ltr'><strong>regis</strong></span> 
     </span>
    </p>
   </div>
   <div class='ocr_carea' id='block_1_45' title="bbox 809 4249 2349 4317">
    <p class='ocr_par' dir='ltr' id='par_1_45' title="bbox 809 4249 2349 4317">
     <span class='ocr_line' id='line_1_45' title="bbox 809 4249 2349 4317; baseline -0.001 -15"><span class='ocrx_word' id='word_1_379' title='bbox 809 4249 1088 4302; x_wconf 65' lang='lat' dir='ltr'><strong>Persarum</strong></span> <span class='ocrx_word' id='word_1_380' title='bbox 1121 4251 1156 4315; x_wconf 96' lang='lat'><strong>).</strong></span> <span class='ocrx_word' id='word_1_381' title='bbox 1186 4249 1247 4301; x_wconf 81' lang='lat' dir='ltr'><strong>Et</strong></span> <span class='ocrx_word' id='word_1_382' title='bbox 1278 4249 1392 4316; x_wconf 86' lang='lat' dir='ltr'><strong>quis</strong></span> <span class='ocrx_word' id='word_1_383' title='bbox 1417 4249 1629 4317; x_wconf 83' lang='lat' dir='ltr'><strong>angelus</strong></span> <span class='ocrx_word' id='word_1_384' title='bbox 1650 4249 1922 4315; x_wconf 89' lang='lat' dir='ltr'><strong>ejusmodi,</strong></span> <span class='ocrx_word' id='word_1_385' title='bbox 1946 4249 2031 4317; x_wconf 93' lang='lat' dir='ltr'><strong>qui</strong></span> <span class='ocrx_word' id='word_1_386' title='bbox 2059 4264 2177 4301; x_wconf 90' lang='lat' dir='ltr'><strong>cum</strong></span> <span class='ocrx_word' id='word_1_387' title='bbox 2206 4249 2349 4301; x_wconf 87' lang='lat' dir='ltr'><strong>audit</strong></span> 
     </span>
    </p>
   </div>
   <div class='ocr_carea' id='block_1_46' title="bbox 811 4339 2346 4408">
    <p class='ocr_par' dir='ltr' id='par_1_46' title="bbox 811 4339 2346 4408">
     <span class='ocr_line' id='line_1_46' title="bbox 811 4339 2346 4408; baseline 0 -16"><span class='ocrx_word' id='word_1_388' title='bbox 811 4341 973 4393; x_wconf 84' lang='lat' dir='ltr'><strong>Deum</strong></span> <span class='ocrx_word' id='word_1_389' title='bbox 996 4342 1226 4407; x_wconf 64' lang='lat' dir='ltr'><strong>prteltere</strong></span> <span class='ocrx_word' id='word_1_390' title='bbox 1256 4342 1495 4408; x_wconf 82' lang='lat' dir='ltr'><strong>gratiam,</strong></span> <span class='ocrx_word' id='word_1_391' title='bbox 1525 4341 1768 4393; x_wconf 87' lang='lat' dir='ltr'><strong>resistat?</strong></span> <span class='ocrx_word' id='word_1_392' title='bbox 1796 4339 1923 4394; x_wconf 86' lang='lat' dir='ltr'><strong>Rem</strong></span> <span class='ocrx_word' id='word_1_393' title='bbox 1954 4379 1968 4402; x_wconf 87' lang='lat'><strong>,</strong></span> <span class='ocrx_word' id='word_1_394' title='bbox 1996 4349 2051 4392; x_wconf 90' lang='lat' dir='ltr'><strong>ut</strong></span> <span class='ocrx_word' id='word_1_395' title='bbox 2077 4340 2302 4393; x_wconf 90' lang='lat' dir='ltr'><strong>arbitror</strong></span> <span class='ocrx_word' id='word_1_396' title='bbox 2332 4380 2346 4403; x_wconf 90' lang='lat'><strong>,</strong></span> 
     </span>
    </p>
   </div>
   <div class='ocr_carea' id='block_1_47' title="bbox 809 4428 2348 4497">
    <p class='ocr_par' dir='ltr' id='par_1_47' title="bbox 809 4428 2348 4497">
     <span class='ocr_line' id='line_1_47' title="bbox 809 4428 2348 4497; baseline 0.003 -19"><span class='ocrx_word' id='word_1_397' title='bbox 809 4429 878 4478; x_wconf 85' lang='lat' dir='ltr'><strong>ita</strong></span> <span class='ocrx_word' id='word_1_398' title='bbox 927 4431 1170 4495; x_wconf 80' lang='lat' dir='ltr'><strong>exprimit</strong></span> <span class='ocrx_word' id='word_1_399' title='bbox 1218 4445 1278 4482; x_wconf 89' lang='lat' dir='ltr'><strong>ac</strong></span> <span class='ocrx_word' id='word_1_400' title='bbox 1321 4429 1365 4481; x_wconf 91' lang='lat' dir='ltr'><strong>si</strong></span> <span class='ocrx_word' id='word_1_401' title='bbox 1412 4438 1550 4482; x_wconf 88' lang='lat' dir='ltr'><strong>esset</strong></span> <span class='ocrx_word' id='word_1_402' title='bbox 1597 4443 1843 4496; x_wconf 88' lang='lat' dir='ltr'><strong>corporea</strong></span> <span class='ocrx_word' id='word_1_403' title='bbox 1872 4447 1884 4482; x_wconf 95' lang='lat'>:</span> <span class='ocrx_word' id='word_1_404' title='bbox 1912 4428 2348 4497; x_wconf 88' lang='lat' dir='ltr'><strong>quemadmodum</strong></span> 
     </span>
    </p>
   </div>
   <div class='ocr_carea' id='block_1_48' title="bbox 809 4519 2348 4588">
    <p class='ocr_par' dir='ltr' id='par_1_48' title="bbox 809 4519 2348 4588">
     <span class='ocr_line' id='line_1_48' title="bbox 809 4519 2348 4588; baseline 0.003 -22"><span class='ocrx_word' id='word_1_405' title='bbox 809 4534 928 4570; x_wconf 78' lang='lat' dir='ltr'><strong>cum</strong></span> <span class='ocrx_word' id='word_1_406' title='bbox 972 4520 1042 4569; x_wconf 91' lang='lat' dir='ltr'><strong>ait</strong></span> <span class='ocrx_word' id='word_1_407' title='bbox 1070 4535 1082 4573; x_wconf 86' lang='lat'>:</span> <span class='ocrx_word' id='word_1_408' title='bbox 1115 4519 1237 4583; x_wconf 83' lang='lat' dir='ltr'><strong>Quis</strong></span> <span class='ocrx_word' id='word_1_409' title='bbox 1276 4520 1550 4588; x_wconf 81' lang='lat' dir='ltr'><strong>egredietur</strong></span> <span class='ocrx_word' id='word_1_410' title='bbox 1595 4529 1639 4572; x_wconf 89' lang='lat' dir='ltr'><strong>et</strong></span> <span class='ocrx_word' id='word_1_411' title='bbox 1677 4520 1883 4586; x_wconf 82' lang='lat' dir='ltr'><strong>decipiet</strong></span> <span class='ocrx_word' id='word_1_412' title='bbox 1917 4520 2036 4572; x_wconf 88' lang='lat' dir='ltr'><strong>mihi</strong></span> <span class='ocrx_word' id='word_1_413' title='bbox 2062 4520 2348 4572; x_wconf 80' lang='lat' dir='ltr'><strong>Acltaabum</strong></span> 
     </span>
    </p>
   </div>
   <div class='ocr_carea' id='block_1_49' title="bbox 810 4604 2351 4676">
    <p class='ocr_par' dir='ltr' id='par_1_49' title="bbox 810 4604 2351 4676">
     <span class='ocr_line' id='line_1_49' title="bbox 810 4604 2351 4676; baseline 0.003 -20"><span class='ocrx_word' id='word_1_414' title='bbox 810 4609 829 4672; x_wconf 90' lang='lat'><strong>(</strong></span> <span class='ocrx_word' id='word_1_415' title='bbox 855 4606 910 4658; x_wconf 76' lang='grc'>2.</span> <span class='ocrx_word' id='word_1_416' title='bbox 942 4604 1117 4661; x_wconf 87' lang='lat' dir='ltr'><strong>Paral.</strong></span> <span class='ocrx_word' id='word_1_417' title='bbox 1149 4608 1229 4660; x_wconf 90' lang='grc'>18.</span> <span class='ocrx_word' id='word_1_418' title='bbox 1260 4609 1322 4660; x_wconf 84' lang='grc'>19</span> <span class='ocrx_word' id='word_1_419' title='bbox 1350 4607 1367 4676; x_wconf 87' lang='grc'>)</span> <span class='ocrx_word' id='word_1_420' title='bbox 1391 4609 1412 4656; x_wconf 79' lang='lat' dir='ltr'><strong>&#39;t</strong></span> <span class='ocrx_word' id='word_1_421' title='bbox 1433 4619 1483 4660; x_wconf 89' lang='lat' dir='ltr'><strong>et</strong></span> <span class='ocrx_word' id='word_1_422' title='bbox 1511 4609 1696 4660; x_wconf 89' lang='lat' dir='ltr'><strong>iterum</strong></span> <span class='ocrx_word' id='word_1_423' title='bbox 1725 4623 1739 4660; x_wconf 90' lang='lat'>:</span> <span class='ocrx_word' id='word_1_424' title='bbox 1769 4608 1967 4660; x_wconf 79' lang='lat' dir='ltr'><strong>Dimitte</strong></span> <span class='ocrx_word' id='word_1_425' title='bbox 1987 4624 2083 4670; x_wconf 87' lang='lat' dir='ltr'><strong>me,</strong></span> <span class='ocrx_word' id='word_1_426' title='bbox 2110 4619 2155 4661; x_wconf 90' lang='lat' dir='ltr'><strong>et</strong></span> <span class='ocrx_word' id='word_1_427' title='bbox 2186 4609 2351 4662; x_wconf 82' lang='lat' dir='ltr'><strong>delebo</strong></span> 
     </span>
    </p>
   </div>
   <div class='ocr_carea' id='block_1_50' title="bbox 810 4695 2350 4766">
    <p class='ocr_par' dir='ltr' id='par_1_50' title="bbox 810 4695 2350 4766">
     <span class='ocr_line' id='line_1_50' title="bbox 810 4695 2350 4766; baseline 0.003 -17"><span class='ocrx_word' id='word_1_428' title='bbox 810 4713 893 4749; x_wconf 85' lang='lat' dir='ltr'><strong>eos</strong></span> <span class='ocrx_word' id='word_1_429' title='bbox 925 4698 942 4765; x_wconf 89' lang='lat'>(</span> <span class='ocrx_word' id='word_1_430' title='bbox 968 4695 1132 4748; x_wconf 73' lang='lat' dir='ltr'><strong>Exod.</strong></span> <span class='ocrx_word' id='word_1_431' title='bbox 1166 4697 1249 4750; x_wconf 76' lang='lat'><strong>5:2.</strong></span> <span class='ocrx_word' id='word_1_432' title='bbox 1285 4698 1349 4750; x_wconf 97' lang='grc'><strong>10</strong></span> <span class='ocrx_word' id='word_1_433' title='bbox 1376 4699 1410 4764; x_wconf 94' lang='grc'>).</span> <span class='ocrx_word' id='word_1_434' title='bbox 1443 4698 1554 4752; x_wconf 85' lang='grc' dir='ltr'><strong>Νοη</strong></span> <span class='ocrx_word' id='word_1_435' title='bbox 1597 4700 1898 4766; x_wconf 88' lang='lat' dir='ltr'><strong>prohibetur</strong></span> <span class='ocrx_word' id='word_1_436' title='bbox 1927 4700 2060 4752; x_wconf 87' lang='lat' dir='ltr'><strong>Deus</strong></span> <span class='ocrx_word' id='word_1_437' title='bbox 2087 4741 2101 4763; x_wconf 91' lang='lat'><strong>,</strong></span> <span class='ocrx_word' id='word_1_438' title='bbox 2126 4715 2221 4754; x_wconf 91' lang='lat' dir='ltr'><strong>nec</strong></span> <span class='ocrx_word' id='word_1_439' title='bbox 2247 4701 2350 4754; x_wconf 88' lang='lat' dir='ltr'><strong>vim</strong></span> 
     </span>
    </p>
   </div>
   <div class='ocr_carea' id='block_1_51' title="bbox 815 4785 2350 4853">
    <p class='ocr_par' dir='ltr' id='par_1_51' title="bbox 815 4785 2350 4853">
     <span class='ocr_line' id='line_1_51' title="bbox 815 4785 2350 4853; baseline 0.004 -17"><span class='ocrx_word' id='word_1_440' title='bbox 815 4789 1004 4853; x_wconf 85' lang='lat' dir='ltr'><strong>patitur</strong></span> <span class='ocrx_word' id='word_1_441' title='bbox 1026 4828 1038 4850; x_wconf 91' lang='lat'><strong>,</strong></span> <span class='ocrx_word' id='word_1_442' title='bbox 1065 4785 1305 4838; x_wconf 86' lang='lat' dir='ltr'><strong>detentus</strong></span> <span class='ocrx_word' id='word_1_443' title='bbox 1333 4801 1359 4837; x_wconf 89' lang='lat' dir='ltr'><strong>a</strong></span> <span class='ocrx_word' id='word_1_444' title='bbox 1392 4787 1662 4853; x_wconf 89' lang='lat' dir='ltr'><strong>propheta.</strong></span> <span class='ocrx_word' id='word_1_445' title='bbox 1697 4789 1767 4840; x_wconf 85' lang='lat' dir='ltr'><strong>Ita</strong></span> <span class='ocrx_word' id='word_1_446' title='bbox 1791 4803 1915 4842; x_wconf 92' lang='lat' dir='ltr'><strong>sane</strong></span> <span class='ocrx_word' id='word_1_447' title='bbox 1936 4797 1988 4841; x_wconf 78' lang='lat' dir='ltr'><strong>et</strong></span> <span class='ocrx_word' id='word_1_448' title='bbox 2014 4788 2116 4841; x_wconf 92' lang='lat' dir='ltr'><strong>hic.</strong></span> <span class='ocrx_word' id='word_1_449' title='bbox 2151 4789 2350 4842; x_wconf 83' lang='lat' dir='ltr'><strong>Rursus</strong></span> 
     </span>
    </p>
   </div>
   <div class='ocr_carea' id='block_1_52' title="bbox 812 4875 2353 4944">
    <p class='ocr_par' dir='ltr' id='par_1_52' title="bbox 812 4875 2353 4944">
     <span class='ocr_line' id='line_1_52' title="bbox 812 4875 2353 4944; baseline 0.004 -21"><span class='ocrx_word' id='word_1_450' title='bbox 812 4891 934 4928; x_wconf 70' lang='lat' dir='ltr'><strong>vero</strong></span> <span class='ocrx_word' id='word_1_451' title='bbox 969 4877 1091 4928; x_wconf 87' lang='lat' dir='ltr'><strong>alibi</strong></span> <span class='ocrx_word' id='word_1_452' title='bbox 1125 4877 1198 4928; x_wconf 87' lang='lat' dir='ltr'><strong>ait</strong></span> <span class='ocrx_word' id='word_1_453' title='bbox 1231 4893 1242 4926; x_wconf 92' lang='lat'><strong>:</strong></span> <span class='ocrx_word' id='word_1_454' title='bbox 1275 4875 1474 4927; x_wconf 81' lang='lat' dir='ltr'><strong>Dimitte</strong></span> <span class='ocrx_word' id='word_1_455' title='bbox 1500 4892 1576 4927; x_wconf 89' lang='lat' dir='ltr'><strong>me</strong></span> <span class='ocrx_word' id='word_1_456' title='bbox 1607 4916 1619 4938; x_wconf 93' lang='lat'><strong>,</strong></span> <span class='ocrx_word' id='word_1_457' title='bbox 1664 4877 1779 4944; x_wconf 85' lang='lat' dir='ltr'><strong>quia</strong></span> <span class='ocrx_word' id='word_1_458' title='bbox 1815 4878 2034 4929; x_wconf 82' lang='lat' dir='ltr'><strong>ascendit</strong></span> <span class='ocrx_word' id='word_1_459' title='bbox 2075 4878 2353 4929; x_wconf 82' lang='lat' dir='ltr'><strong>diluculum</strong></span> 
     </span>
    </p>
   </div>
   <div class='ocr_carea' id='block_1_53' title="bbox 811 4965 2350 5034">
    <p class='ocr_par' dir='ltr' id='par_1_53' title="bbox 811 4965 2350 5034">
     <span class='ocr_line' id='line_1_53' title="bbox 811 4965 2350 5034; baseline 0 -18"><span class='ocrx_word' id='word_1_460' title='bbox 811 4965 956 5030; x_wconf 66' lang='lat' dir='ltr'><strong>(lien.</strong></span> <span class='ocrx_word' id='word_1_461' title='bbox 985 4966 1068 5017; x_wconf 61' lang='lat' dir='ltr'><strong>5Q.</strong></span> <span class='ocrx_word' id='word_1_462' title='bbox 1103 4966 1213 5034; x_wconf 78' lang='grc'><strong>26).</strong></span> <span class='ocrx_word' id='word_1_463' title='bbox 1248 4967 1308 5018; x_wconf 86' lang='grc' dir='ltr'><strong>Εῑ</strong></span> <span class='ocrx_word' id='word_1_464' title='bbox 1329 4965 1500 5018; x_wconf 90' lang='lat' dir='ltr'><strong>adhuc</strong></span> <span class='ocrx_word' id='word_1_465' title='bbox 1526 4965 1588 5017; x_wconf 81' lang='lat' dir='ltr'><strong>tle</strong></span> <span class='ocrx_word' id='word_1_466' title='bbox 1611 4967 1794 5030; x_wconf 79' lang='lat' dir='ltr'><strong>angelo</strong></span> <span class='ocrx_word' id='word_1_467' title='bbox 1824 4977 1874 5017; x_wconf 91' lang='lat' dir='ltr'><strong>et</strong></span> <span class='ocrx_word' id='word_1_468' title='bbox 1902 4966 2044 5018; x_wconf 85' lang='lat' dir='ltr'><strong>asina</strong></span> <span class='ocrx_word' id='word_1_469' title='bbox 2081 4983 2092 5016; x_wconf 93' lang='lat'>:</span> <span class='ocrx_word' id='word_1_470' title='bbox 2129 4965 2244 5017; x_wconf 84' lang='lat' dir='ltr'><strong>Nisi</strong></span> <span class='ocrx_word' id='word_1_471' title='bbox 2270 4967 2350 5033; x_wconf 78' lang='lat' dir='ltr'><strong>fu-</strong></span> 
     </span>
    </p>
   </div>
   <div class='ocr_carea' id='block_1_54' title="bbox 809 5053 2351 5125">
    <p class='ocr_par' dir='ltr' id='par_1_54' title="bbox 809 5053 2351 5125">
     <span class='ocr_line' id='line_1_54' title="bbox 809 5053 2351 5125; baseline 0.001 -20"><span class='ocrx_word' id='word_1_472' title='bbox 809 5059 928 5105; x_wconf 67' lang='lat' dir='ltr'><strong>ciem</strong></span> <span class='ocrx_word' id='word_1_473' title='bbox 976 5065 1110 5107; x_wconf 84' lang='lat' dir='ltr'><strong>luunt</strong></span> <span class='ocrx_word' id='word_1_474' title='bbox 1138 5056 1568 5123; x_wconf 84' lang='lat' dir='ltr'><strong>apprehendissem</strong></span> <span class='ocrx_word' id='word_1_475' title='bbox 1600 5056 1670 5125; x_wconf 88' lang='lat' dir='ltr'><strong>(b)</strong></span> <span class='ocrx_word' id='word_1_476' title='bbox 1704 5096 1718 5120; x_wconf 90' lang='lat'><strong>,</strong></span> <span class='ocrx_word' id='word_1_477' title='bbox 1747 5054 1931 5123; x_wconf 74' lang='lat' dir='ltr'><strong>inquit.</strong></span> <span class='ocrx_word' id='word_1_478' title='bbox 1963 5053 2015 5108; x_wconf 92' lang='lat' dir='ltr'><strong>ld</strong></span> <span class='ocrx_word' id='word_1_479' title='bbox 2047 5055 2219 5121; x_wconf 87' lang='lat' dir='ltr'><strong>itaque</strong></span> <span class='ocrx_word' id='word_1_480' title='bbox 2251 5069 2351 5106; x_wconf 88' lang='lat' dir='ltr'><strong>non</strong></span> 
     </span>
    </p>
   </div>
   <div class='ocr_carea' id='block_1_55' title="bbox 874 5219 2357 5283">
    <p class='ocr_par' dir='ltr' id='par_1_55' title="bbox 874 5219 2357 5283">
     <span class='ocr_line' id='line_1_55' title="bbox 874 5219 2357 5283; baseline -0.002 -15"><span class='ocrx_word' id='word_1_481' title='bbox 874 5222 944 5282; x_wconf 79' lang='lat'><strong>((1)</strong></span> <span class='ocrx_word' id='word_1_482' title='bbox 978 5221 1030 5268; x_wconf 87' lang='lat' dir='ltr'><strong>In</strong></span> <span class='ocrx_word' id='word_1_483' title='bbox 1055 5228 1228 5274; x_wconf 58' lang='lat' dir='ltr'><strong>CPIRCO,</strong></span> <span class='ocrx_word' id='word_1_484' title='bbox 1254 5237 1506 5283; x_wconf 68' lang='grc' dir='ltr'><strong>Συγχωροῦντος</strong></span> <span class='ocrx_word' id='word_1_485' title='bbox 1530 5229 1629 5283; x_wconf 61' lang='lat' dir='ltr'><strong>ioue,</strong></span> <span class='ocrx_word' id='word_1_486' title='bbox 1666 5231 1726 5269; x_wconf 67' lang='lat' dir='ltr'><strong>sint</strong></span> <span class='ocrx_word' id='word_1_487' title='bbox 1757 5228 2022 5275; x_wconf 69' lang='grc' dir='ltr'><strong>ἀδυνατοῦν-ης.</strong></span> <span class='ocrx_word' id='word_1_488' title='bbox 2047 5220 2250 5283; x_wconf 22' lang='grc' dir='ltr'><strong>υζμροὶιιῑ</strong></span> <span class='ocrx_word' id='word_1_489' title='bbox 2282 5219 2357 5283; x_wconf 83' lang='lat' dir='ltr'><strong>in-</strong></span> 
     </span>
    </p>
   </div>
   <div class='ocr_carea' id='block_1_56' title="bbox 811 5279 2353 5350">
    <p class='ocr_par' dir='ltr' id='par_1_56' title="bbox 811 5279 2353 5350">
     <span class='ocr_line' id='line_1_56' title="bbox 811 5279 2353 5350; baseline -0.004 -20"><span class='ocrx_word' id='word_1_490' title='bbox 811 5279 1101 5350; x_wconf 74' lang='lat' dir='ltr'><strong>terpretatus</strong></span> <span class='ocrx_word' id='word_1_491' title='bbox 1122 5294 1250 5350; x_wconf 83' lang='lat' dir='ltr'><strong>sum;</strong></span> <span class='ocrx_word' id='word_1_492' title='bbox 1269 5279 1338 5327; x_wconf 63' lang='lat' dir='ltr'><strong>aii&#39;</strong></span> <span class='ocrx_word' id='word_1_493' title='bbox 1355 5279 1572 5350; x_wconf 71' lang='lat' dir='ltr'><strong>teliciter,</strong></span> <span class='ocrx_word' id='word_1_494' title='bbox 1591 5281 1709 5350; x_wconf 78' lang='lat' dir='ltr'><strong>clam</strong></span> <span class='ocrx_word' id='word_1_495' title='bbox 1733 5294 1812 5350; x_wconf 75' lang='lat' dir='ltr'><strong>me</strong></span> <span class='ocrx_word' id='word_1_496' title='bbox 1835 5288 1924 5327; x_wconf 89' lang='lat' dir='ltr'><strong>est.</strong></span> <span class='ocrx_word' id='word_1_497' title='bbox 1951 5287 2067 5350; x_wconf 69' lang='lat' dir='ltr'><strong>sane</strong></span> <span class='ocrx_word' id='word_1_498' title='bbox 2091 5279 2168 5348; x_wconf 79' lang='lat' dir='ltr'><strong>illa</strong></span> <span class='ocrx_word' id='word_1_499' title='bbox 2187 5281 2353 5350; x_wconf 59' lang='lat' dir='ltr'><strong>verba,</strong></span> 
     </span>
    </p>
   </div>
   <div class='ocr_carea' id='block_1_57' title="bbox 807 5338 2359 5403">
    <p class='ocr_par' dir='ltr' id='par_1_57' title="bbox 807 5338 2359 5403">
     <span class='ocr_line' id='line_1_57' title="bbox 807 5338 2359 5403; baseline -0.005 -12"><span class='ocrx_word' id='word_1_500' title='bbox 807 5338 1009 5391; x_wconf 59' lang='lat' dir='ltr'><strong>viriliter</strong></span> <span class='ocrx_word' id='word_1_501' title='bbox 1032 5355 1133 5403; x_wconf 77' lang='lat' dir='ltr'><strong>age,</strong></span> <span class='ocrx_word' id='word_1_502' title='bbox 1151 5340 1406 5403; x_wconf 78' lang='lat' dir='ltr'><strong>abangelo</strong></span> <span class='ocrx_word' id='word_1_503' title='bbox 1431 5344 1725 5403; x_wconf 80' lang='lat' dir='ltr'><strong>pronuntiata</strong></span> <span class='ocrx_word' id='word_1_504' title='bbox 1751 5339 1889 5403; x_wconf 67' lang='lat' dir='ltr'><strong>fuere</strong></span> <span class='ocrx_word' id='word_1_505' title='bbox 1913 5348 2016 5400; x_wconf 85' lang='lat' dir='ltr'><strong>pOst</strong></span> <span class='ocrx_word' id='word_1_506' title='bbox 2041 5338 2242 5403; x_wconf 74' lang='lat' dir='ltr'><strong>Danielis</strong></span> <span class='ocrx_word' id='word_1_507' title='bbox 2265 5345 2359 5385; x_wconf 86' lang='lat' dir='ltr'><strong>stu-</strong></span> 
     </span>
    </p>
   </div>
   <div class='ocr_carea' id='block_1_58' title="bbox 816 5399 2360 5460">
    <p class='ocr_par' dir='ltr' id='par_1_58' title="bbox 816 5399 2360 5460">
     <span class='ocr_line' id='line_1_58' title="bbox 816 5399 2360 5460; baseline 0.001 -16"><span class='ocrx_word' id='word_1_508' title='bbox 816 5416 984 5460; x_wconf 68' lang='lat' dir='ltr'><strong>pores;</strong></span> <span class='ocrx_word' id='word_1_509' title='bbox 1009 5399 1111 5458; x_wconf 76' lang='lat' dir='ltr'><strong>sed,</strong></span> <span class='ocrx_word' id='word_1_510' title='bbox 1135 5399 1228 5448; x_wconf 83' lang='lat' dir='ltr'><strong>noli</strong></span> <span class='ocrx_word' id='word_1_511' title='bbox 1258 5399 1476 5458; x_wconf 75' lang='lat' dir='ltr'><strong>metuere,</strong></span> <span class='ocrx_word' id='word_1_512' title='bbox 1506 5401 1630 5447; x_wconf 89' lang='lat' dir='ltr'><strong>idettt</strong></span> <span class='ocrx_word' id='word_1_513' title='bbox 1658 5400 1905 5458; x_wconf 79' lang='lat' dir='ltr'><strong>signiﬁcat.</strong></span> <span class='ocrx_word' id='word_1_514' title='bbox 1933 5405 2057 5459; x_wconf 77' lang='lat' dir='ltr'><strong>Lege</strong></span> <span class='ocrx_word' id='word_1_515' title='bbox 2079 5400 2126 5445; x_wconf 91' lang='lat' dir='ltr'><strong>iu</strong></span> <span class='ocrx_word' id='word_1_516' title='bbox 2151 5399 2360 5445; x_wconf 73' lang='lat' dir='ltr'><strong>Edittonc</strong></span> 
     </span>
    </p>
   </div>
   <div class='ocr_carea' id='block_1_59' title="bbox 810 5462 2164 5527">
    <p class='ocr_par' dir='ltr' id='par_1_59' title="bbox 810 5462 2164 5527">
     <span class='ocr_line' id='line_1_59' title="bbox 810 5462 2164 5527; baseline 0.016 -22"><span class='ocrx_word' id='word_1_517' title='bbox 810 5462 1282 5527; x_wconf 48' lang='lat' dir='ltr'><strong>Graecamn.4,ti_._</strong></span> <span class='ocrx_word' id='word_1_518' title='bbox 1411 5520 1420 5527; x_wconf 93' lang='lat'><em>_</em></span> <span class='ocrx_word' id='word_1_519' title='bbox 1606 5521 1655 5527; x_wconf 17' lang='grc' dir='ltr'><strong>,γ</strong></span> <span class='ocrx_word' id='word_1_520' title='bbox 1716 5521 1724 5527; x_wconf 93' lang='lat'><em>_</em></span> <span class='ocrx_word' id='word_1_521' title='bbox 1892 5519 1968 5527; x_wconf 85' lang='lat'><strong><em>__</em></strong></span> <span class='ocrx_word' id='word_1_522' title='bbox 2031 5518 2087 5527; x_wconf 86' lang='lat'><strong>._</strong></span> <span class='ocrx_word' id='word_1_523' title='bbox 2156 5518 2164 5526; x_wconf 89' lang='lat'><strong>.</strong></span> 
     </span>
    </p>
   </div>
   <div class='ocr_carea' id='block_1_60' title="bbox 875 5520 2361 5584">
    <p class='ocr_par' dir='ltr' id='par_1_60' title="bbox 875 5520 2361 5584">
     <span class='ocr_line' id='line_1_60' title="bbox 875 5520 2361 5584; baseline -0.003 -15"><span class='ocrx_word' id='word_1_524' title='bbox 875 5521 946 5580; x_wconf 90' lang='lat' dir='ltr'><strong>(b)</strong></span> <span class='ocrx_word' id='word_1_525' title='bbox 981 5523 1284 5584; x_wconf 17' lang='lat' dir='ltr'><strong>NOltimclll-llli</strong></span> <span class='ocrx_word' id='word_1_526' title='bbox 1309 5534 1388 5584; x_wconf 79' lang='lat' dir='ltr'><strong>tne</strong></span> <span class='ocrx_word' id='word_1_527' title='bbox 1402 5520 1759 5584; x_wconf 60' lang='lat' dir='ltr'><strong>_|_eggre_i_sta_i_tt</strong></span> <span class='ocrx_word' id='word_1_528' title='bbox 1784 5520 1926 5584; x_wconf 70' lang='lat' dir='ltr'><strong>sacris</strong></span> <span class='ocrx_word' id='word_1_529' title='bbox 1949 5520 2361 5584; x_wconf 77' lang='lat' dir='ltr'><strong>Set‘iptm&#39;is._t-‘_ort_c</strong></span> 
     </span>
    </p>
   </div>
   <div class='ocr_carea' id='block_1_61' title="bbox 812 5577 2357 5637">
    <p class='ocr_par' dir='ltr' id='par_1_61' title="bbox 812 5577 2357 5637">
     <span class='ocr_line' id='line_1_61' title="bbox 812 5577 2357 5637; baseline -0.005 -6"><span class='ocrx_word' id='word_1_530' title='bbox 812 5577 1011 5632; x_wconf 79' lang='lat' dir='ltr'><strong>allusuttl</strong></span> <span class='ocrx_word' id='word_1_531' title='bbox 1035 5583 1091 5630; x_wconf 82' lang='lat' dir='ltr'><strong>ad</strong></span> <span class='ocrx_word' id='word_1_532' title='bbox 1115 5590 1243 5630; x_wconf 57' lang='lat' dir='ltr'><strong>bum.</strong></span> <span class='ocrx_word' id='word_1_533' title='bbox 1269 5581 1344 5632; x_wconf 64' lang='lat'><strong>€22.</strong></span> <span class='ocrx_word' id='word_1_534' title='bbox 1368 5582 1444 5634; x_wconf 72' lang='lat'><strong>25,</strong></span> <span class='ocrx_word' id='word_1_535' title='bbox 1467 5581 1543 5636; x_wconf 73' lang='grc'><strong>27,</strong></span> <span class='ocrx_word' id='word_1_536' title='bbox 1571 5580 1644 5637; x_wconf 80' lang='grc'><strong>51,</strong></span> <span class='ocrx_word' id='word_1_537' title='bbox 1680 5580 1759 5626; x_wconf 72' lang='lat'><strong>5&#39;2.</strong></span> <span class='ocrx_word' id='word_1_538' title='bbox 1785 5578 1960 5624; x_wconf 81' lang='lat' dir='ltr'><strong>Verum</strong></span> <span class='ocrx_word' id='word_1_539' title='bbox 1995 5590 2102 5636; x_wconf 81' lang='lat' dir='ltr'><strong>quia</strong></span> <span class='ocrx_word' id='word_1_540' title='bbox 2145 5577 2256 5637; x_wconf 85' lang='lat' dir='ltr'><strong>quid</strong></span> <span class='ocrx_word' id='word_1_541' title='bbox 2295 5578 2357 5624; x_wconf 81' lang='lat' dir='ltr'><strong>si-</strong></span> 
     </span>
    </p>
   </div>
   <div class='ocr_carea' id='block_1_62' title="bbox 1529 281 3289 346">
    <p class='ocr_par' dir='ltr' id='par_1_62' title="bbox 1529 281 3289 346">
     <span class='ocr_line' id='line_1_62' title="bbox 1529 281 3289 346; baseline 0 0"><span class='ocrx_word' id='word_1_542' title='bbox 1529 294 1580 346; x_wconf 92' lang='lat' dir='ltr'><strong>S.</strong></span> <span class='ocrx_word' id='word_1_543' title='bbox 1621 291 1890 346; x_wconf 79' lang='lat' dir='ltr'><strong>JO.\NNIS</strong></span> <span class='ocrx_word' id='word_1_544' title='bbox 1926 282 2384 344; x_wconf 70' lang='lat' dir='ltr'><strong>CIIRYSOSTOMI</strong></span> <span class='ocrx_word' id='word_1_545' title='bbox 2425 281 2732 339; x_wconf 74' lang='lat' dir='ltr'><strong>ARCIIIEI‘.</strong></span> <span class='ocrx_word' id='word_1_546' title='bbox 2773 289 3289 346; x_wconf 56' lang='lat' dir='ltr'><strong>(ZONSTANTINOP.</strong></span> 
     </span>
    </p>
   </div>
   <div class='ocr_carea' id='block_1_63' title="bbox 3919 312 4030 366">
    <p class='ocr_par' dir='ltr' id='par_1_63' title="bbox 3919 312 4030 366">
     <span class='ocr_line' id='line_1_63' title="bbox 3919 312 4030 366; baseline 0.027 -3"><span class='ocrx_word' id='word_1_547' title='bbox 3919 312 4030 366; x_wconf 80' lang='grc'><strong>244</strong></span> 
     </span>
    </p>
   </div>
   <div class='ocr_carea' id='block_1_64' title="bbox 2475 399 4016 474">
    <p class='ocr_par' dir='ltr' id='par_1_64' title="bbox 2475 399 4016 474">
     <span class='ocr_line' id='line_1_64' title="bbox 2475 399 4016 474; baseline 0.016 -26"><span class='ocrx_word' id='word_1_548' title='bbox 2475 399 2726 466; x_wconf 91' lang='lat' dir='ltr'><strong>ostendit,</strong></span> <span class='ocrx_word' id='word_1_549' title='bbox 2755 403 2920 469; x_wconf 92' lang='lat' dir='ltr'><strong>ipsum</strong></span> <span class='ocrx_word' id='word_1_550' title='bbox 2948 407 3055 461; x_wconf 91' lang='lat' dir='ltr'><strong>Deo</strong></span> <span class='ocrx_word' id='word_1_551' title='bbox 3081 410 3354 474; x_wconf 83' lang='lat' dir='ltr'><strong>obsistere,</strong></span> <span class='ocrx_word' id='word_1_552' title='bbox 3371 414 3462 466; x_wconf 86' lang='lat' dir='ltr'><strong>sed</strong></span> <span class='ocrx_word' id='word_1_553' title='bbox 3490 413 3587 467; x_wconf 87' lang='lat' dir='ltr'><strong>itoc</strong></span> <span class='ocrx_word' id='word_1_554' title='bbox 3617 431 3776 470; x_wconf 91' lang='lat' dir='ltr'><strong>unum</strong></span> <span class='ocrx_word' id='word_1_555' title='bbox 3811 429 4016 473; x_wconf 88' lang='lat' dir='ltr'><strong>tantum</strong></span> 
     </span>
    </p>
   </div>
   <div class='ocr_carea' id='block_1_65' title="bbox 2468 487 4017 561">
    <p class='ocr_par' dir='ltr' id='par_1_65' title="bbox 2468 487 4017 561">
     <span class='ocr_line' id='line_1_65' title="bbox 2468 487 4017 561; baseline 0.015 -23"><span class='ocrx_word' id='word_1_556' title='bbox 2468 487 2653 553; x_wconf 89' lang='lat' dir='ltr'><strong>injuria</strong></span> <span class='ocrx_word' id='word_1_557' title='bbox 2683 493 2897 560; x_wconf 86' lang='lat' dir='ltr'><strong>angelos</strong></span> <span class='ocrx_word' id='word_1_558' title='bbox 2923 495 3078 550; x_wconf 81' lang='lat' dir='ltr'><strong>affici.</strong></span> <span class='ocrx_word' id='word_1_559' title='bbox 3121 498 3342 553; x_wconf 90' lang='lat' dir='ltr'><strong>Tantum</strong></span> <span class='ocrx_word' id='word_1_560' title='bbox 3373 503 3530 556; x_wconf 89' lang='lat' dir='ltr'><strong>valuit</strong></span> <span class='ocrx_word' id='word_1_561' title='bbox 3559 505 3756 559; x_wconf 87' lang='lat' dir='ltr'><strong>Daniel.</strong></span> <span class='ocrx_word' id='word_1_562' title='bbox 3792 508 4017 561; x_wconf 79' lang='lat' dir='ltr'><strong>Descen-</strong></span> 
     </span>
    </p>
   </div>
   <div class='ocr_carea' id='block_1_66' title="bbox 2467 575 4014 656">
    <p class='ocr_par' dir='ltr' id='par_1_66' title="bbox 2467 575 4014 656">
     <span class='ocr_line' id='line_1_66' title="bbox 2467 575 4014 656; baseline 0.017 -31"><span class='ocrx_word' id='word_1_563' title='bbox 2467 575 2519 626; x_wconf 90' lang='lat' dir='ltr'><strong>di</strong></span> <span class='ocrx_word' id='word_1_564' title='bbox 2547 587 2596 627; x_wconf 89' lang='lat' dir='ltr'><strong>ut</strong></span> <span class='ocrx_word' id='word_1_565' title='bbox 2626 577 2848 632; x_wconf 85' lang='lat' dir='ltr'><strong>docerem</strong></span> <span class='ocrx_word' id='word_1_566' title='bbox 2890 591 2935 635; x_wconf 88' lang='lat' dir='ltr'><strong>te</strong></span> <span class='ocrx_word' id='word_1_567' title='bbox 2957 601 3270 654; x_wconf 68' lang='lat' dir='ltr'><strong>qutecamque</strong></span> <span class='ocrx_word' id='word_1_568' title='bbox 3295 593 3478 656; x_wconf 89' lang='lat' dir='ltr'><strong>populo</strong></span> <span class='ocrx_word' id='word_1_569' title='bbox 3506 602 3589 645; x_wconf 89' lang='lat' dir='ltr'><strong>tuo</strong></span> <span class='ocrx_word' id='word_1_570' title='bbox 3617 606 3728 646; x_wconf 87' lang='lat' dir='ltr'><strong>sunt</strong></span> <span class='ocrx_word' id='word_1_571' title='bbox 3754 607 4014 652; x_wconf 73' lang='lat' dir='ltr'><strong>eventura.</strong></span> 
     </span>
    </p>
   </div>
   <div class='ocr_carea' id='block_1_67' title="bbox 2469 661 4017 749">
    <p class='ocr_par' dir='ltr' id='par_1_67' title="bbox 2469 661 4017 749">
     <span class='ocr_line' id='line_1_67' title="bbox 2469 661 4017 749; baseline 0.017 -37"><span class='ocrx_word' id='word_1_572' title='bbox 2469 661 2597 714; x_wconf 86' lang='lat' dir='ltr'><strong>Vide</strong></span> <span class='ocrx_word' id='word_1_573' title='bbox 2632 667 2895 732; x_wconf 89' lang='lat' dir='ltr'><strong>quomodo</strong></span> <span class='ocrx_word' id='word_1_574' title='bbox 2915 709 2928 732; x_wconf 92' lang='lat'><strong>,</strong></span> <span class='ocrx_word' id='word_1_575' title='bbox 2969 686 3026 724; x_wconf 90' lang='lat' dir='ltr'><strong>re</strong></span> <span class='ocrx_word' id='word_1_576' title='bbox 3053 677 3340 728; x_wconf 84' lang='lat' dir='ltr'><strong>necessaria</strong></span> <span class='ocrx_word' id='word_1_577' title='bbox 3372 677 3583 731; x_wconf 87' lang='lat' dir='ltr'><strong>dimissa</strong></span> <span class='ocrx_word' id='word_1_578' title='bbox 3614 719 3628 741; x_wconf 92' lang='lat'><strong>,</strong></span> <span class='ocrx_word' id='word_1_579' title='bbox 3661 683 3933 749; x_wconf 57' lang='lat' dir='ltr'><strong>prophetae</strong></span> <span class='ocrx_word' id='word_1_580' title='bbox 3956 700 4017 738; x_wconf 90' lang='lat' dir='ltr'><strong>se</strong></span> 
     </span>
    </p>
   </div>
   <div class='ocr_carea' id='block_1_68' title="bbox 2466 756 4014 843">
    <p class='ocr_par' dir='ltr' id='par_1_68' title="bbox 2466 756 4014 843">
     <span class='ocr_line' id='line_1_68' title="bbox 2466 756 4014 843; baseline 0.016 -39"><span class='ocrx_word' id='word_1_581' title='bbox 2466 765 2696 808; x_wconf 88' lang='lat' dir='ltr'><strong>excuset.</strong></span> <span class='ocrx_word' id='word_1_582' title='bbox 2724 756 2913 812; x_wconf 89' lang='lat' dir='ltr'><strong>lterum</strong></span> <span class='ocrx_word' id='word_1_583' title='bbox 2939 761 3117 816; x_wconf 91' lang='lat' dir='ltr'><strong>Daniel</strong></span> <span class='ocrx_word' id='word_1_584' title='bbox 3140 779 3502 823; x_wconf 88' lang='lat' dir='ltr'><strong>consternatur</strong></span> <span class='ocrx_word' id='word_1_585' title='bbox 3536 789 3549 825; x_wconf 91' lang='lat'><strong>:</strong></span> <span class='ocrx_word' id='word_1_586' title='bbox 3580 772 3766 826; x_wconf 89' lang='lat' dir='ltr'><strong>iterum</strong></span> <span class='ocrx_word' id='word_1_587' title='bbox 3791 777 4014 843; x_wconf 82' lang='lat' dir='ltr'><strong>angelus</strong></span> 
     </span>
    </p>
   </div>
   <div class='ocr_carea' id='block_1_69' title="bbox 2466 841 4014 930">
    <p class='ocr_par' dir='ltr' id='par_1_69' title="bbox 2466 841 4014 930">
     <span class='ocr_line' id='line_1_69' title="bbox 2466 841 4014 930; baseline 0.015 -37"><span class='ocrx_word' id='word_1_588' title='bbox 2466 841 2609 895; x_wconf 92' lang='lat' dir='ltr'><strong>illum</strong></span> <span class='ocrx_word' id='word_1_589' title='bbox 2642 846 2813 914; x_wconf 88' lang='lat' dir='ltr'><strong>erigit,</strong></span> <span class='ocrx_word' id='word_1_590' title='bbox 2843 857 2893 903; x_wconf 92' lang='lat' dir='ltr'><strong>et</strong></span> <span class='ocrx_word' id='word_1_591' title='bbox 2921 852 3029 905; x_wconf 92' lang='lat' dir='ltr'><strong>ait:</strong></span> <span class='ocrx_word' id='word_1_592' title='bbox 3062 854 3171 923; x_wconf 88' lang='lat' dir='ltr'><strong>Ego</strong></span> <span class='ocrx_word' id='word_1_593' title='bbox 3197 859 3482 924; x_wconf 80' lang='lat' dir='ltr'><strong>proﬁciscor</strong></span> <span class='ocrx_word' id='word_1_594' title='bbox 3573 871 3627 913; x_wconf 87' lang='lat' dir='ltr'><strong>ut</strong></span> <span class='ocrx_word' id='word_1_595' title='bbox 3671 841 4014 930; x_wconf 48' lang='lat' dir='ltr'><strong>prtelier—cum</strong></span> 
     </span>
    </p>
   </div>
   <div class='ocr_carea' id='block_1_70' title="bbox 2466 931 4016 1019">
    <p class='ocr_par' dir='ltr' id='par_1_70' title="bbox 2466 931 4016 1019">
     <span class='ocr_line' id='line_1_70' title="bbox 2466 931 4016 1019; baseline 0.017 -39"><span class='ocrx_word' id='word_1_596' title='bbox 2466 931 2688 1019; x_wconf 75' lang='lat' dir='ltr'><strong>principe</strong></span> <span class='ocrx_word' id='word_1_597' title='bbox 2709 933 2994 991; x_wconf 82' lang='lat' dir='ltr'><strong>Persarum.</strong></span> <span class='ocrx_word' id='word_1_598' title='bbox 3023 943 3180 1010; x_wconf 82' lang='lat' dir='ltr'><strong>Atque</strong></span> <span class='ocrx_word' id='word_1_599' title='bbox 3207 961 3295 1014; x_wconf 90' lang='lat' dir='ltr'><strong>ego</strong></span> <span class='ocrx_word' id='word_1_600' title='bbox 3323 949 3618 1016; x_wconf 84' lang='lat' dir='ltr'><strong>egrediebar,</strong></span> <span class='ocrx_word' id='word_1_601' title='bbox 3647 953 3876 1019; x_wconf 78' lang='lat' dir='ltr'><strong>princeps</strong></span> <span class='ocrx_word' id='word_1_602' title='bbox 3897 971 4016 1006; x_wconf 85' lang='lat' dir='ltr'><strong>vero</strong></span> 
     </span>
    </p>
   </div>
   <div class='ocr_carea' id='block_1_71' title="bbox 2467 1018 4016 1112">
    <p class='ocr_par' dir='ltr' id='par_1_71' title="bbox 2467 1018 4016 1112">
     <span class='ocr_line' id='line_1_71' title="bbox 2467 1018 4016 1112; baseline 0.018 -41"><span class='ocrx_word' id='word_1_603' title='bbox 2467 1018 2748 1112; x_wconf 51' lang='lat' dir='ltr'><strong>(irtecorum</strong></span> <span class='ocrx_word' id='word_1_604' title='bbox 2776 1029 3012 1082; x_wconf 83' lang='lat' dir='ltr'><strong>veniebat.</strong></span> <span class='ocrx_word' id='word_1_605' title='bbox 3043 1032 3199 1088; x_wconf 88' lang='lat' dir='ltr'><strong>Forte</strong></span> <span class='ocrx_word' id='word_1_606' title='bbox 3225 1050 3342 1090; x_wconf 91' lang='lat' dir='ltr'><strong>cum</strong></span> <span class='ocrx_word' id='word_1_607' title='bbox 3371 1055 3471 1090; x_wconf 90' lang='lat' dir='ltr'><strong>uno</strong></span> <span class='ocrx_word' id='word_1_608' title='bbox 3495 1018 3880 1095; x_wconf 86' lang='lat' dir='ltr'><strong>adversantium</strong></span> <span class='ocrx_word' id='word_1_609' title='bbox 3912 1045 4016 1112; x_wconf 87' lang='lat' dir='ltr'><strong>ipsi</strong></span> 
     </span>
    </p>
   </div>
   <div class='ocr_carea' id='block_1_72' title="bbox 2465 1105 4011 1198">
    <p class='ocr_par' dir='ltr' id='par_1_72' title="bbox 2465 1105 4011 1198">
     <span class='ocr_line' id='line_1_72' title="bbox 2465 1105 4011 1198; baseline 0.017 -39"><span class='ocrx_word' id='word_1_610' title='bbox 2465 1105 2530 1198; x_wconf 85' lang='lat' dir='ltr'><strong>de</strong></span> <span class='ocrx_word' id='word_1_611' title='bbox 2553 1109 2710 1198; x_wconf 87' lang='lat' dir='ltr'><strong>rebus</strong></span> <span class='ocrx_word' id='word_1_612' title='bbox 2737 1112 2943 1180; x_wconf 85' lang='lat' dir='ltr'><strong>futuris,</strong></span> <span class='ocrx_word' id='word_1_613' title='bbox 2970 1120 3161 1187; x_wconf 87' lang='lat' dir='ltr'><strong>quique</strong></span> <span class='ocrx_word' id='word_1_614' title='bbox 3189 1135 3369 1176; x_wconf 88' lang='lat' dir='ltr'><strong>contra</strong></span> <span class='ocrx_word' id='word_1_615' title='bbox 3397 1125 3702 1181; x_wconf 86' lang='lat' dir='ltr'><strong>Macedonas</strong></span> <span class='ocrx_word' id='word_1_616' title='bbox 3728 1105 4011 1198; x_wconf 76' lang='lat' dir='ltr'><strong>pugnaret.</strong></span> 
     </span>
    </p>
   </div>
   <div class='ocr_carea' id='block_1_73' title="bbox 2463 1195 4010 1287">
    <p class='ocr_par' dir='ltr' id='par_1_73' title="bbox 2463 1195 4010 1287">
     <span class='ocr_line' id='line_1_73' title="bbox 2463 1195 4010 1287; baseline 0.019 -42"><span class='ocrx_word' id='word_1_617' title='bbox 2463 1195 2540 1247; x_wconf 82' lang='lat' dir='ltr'><strong>Ac</strong></span> <span class='ocrx_word' id='word_1_618' title='bbox 2567 1197 2795 1252; x_wconf 90' lang='lat' dir='ltr'><strong>nondum</strong></span> <span class='ocrx_word' id='word_1_619' title='bbox 2823 1205 3179 1269; x_wconf 89' lang='lat' dir='ltr'><strong>persuadetur.</strong></span> <span class='ocrx_word' id='word_1_620' title='bbox 3200 1210 3468 1267; x_wconf 88' lang='lat' dir='ltr'><strong>Bellumne</strong></span> <span class='ocrx_word' id='word_1_621' title='bbox 3488 1224 3569 1268; x_wconf 92' lang='lat' dir='ltr'><strong>est</strong></span> <span class='ocrx_word' id='word_1_622' title='bbox 3594 1195 3740 1270; x_wconf 23' lang='lat' dir='ltr'><strong>interi</strong></span> <span class='ocrx_word' id='word_1_623' title='bbox 3756 1195 3978 1287; x_wconf 77' lang='lat' dir='ltr'><strong>angelos</strong></span> <span class='ocrx_word' id='word_1_624' title='bbox 3995 1261 4010 1285; x_wconf 91' lang='lat'><strong>,</strong></span> 
     </span>
    </p>
   </div>
   <div class='ocr_carea' id='block_1_74' title="bbox 2463 1289 4018 1376">
    <p class='ocr_par' dir='ltr' id='par_1_74' title="bbox 2463 1289 4018 1376">
     <span class='ocr_line' id='line_1_74' title="bbox 2463 1289 4018 1376; baseline 0.019 -41"><span class='ocrx_word' id='word_1_625' title='bbox 2463 1291 2516 1336; x_wconf 91' lang='lat' dir='ltr'><strong>et</strong></span> <span class='ocrx_word' id='word_1_626' title='bbox 2545 1299 2713 1354; x_wconf 86' lang='lat' dir='ltr'><strong>pugna</strong></span> <span class='ocrx_word' id='word_1_627' title='bbox 2740 1289 2806 1343; x_wconf 91' lang='lat' dir='ltr'><strong>de</strong></span> <span class='ocrx_word' id='word_1_628' title='bbox 2833 1290 3128 1350; x_wconf 91' lang='lat' dir='ltr'><strong>hominibus</strong></span> <span class='ocrx_word' id='word_1_629' title='bbox 3158 1298 3181 1350; x_wconf 71' lang='grc' dir='ltr'><strong><em>τ</em></strong></span> <span class='ocrx_word' id='word_1_630' title='bbox 3214 1301 3370 1354; x_wconf 89' lang='lat' dir='ltr'><strong>Sane.</strong></span> <span class='ocrx_word' id='word_1_631' title='bbox 3400 1303 3673 1359; x_wconf 84' lang='lat' dir='ltr'><strong>Maximam</strong></span> <span class='ocrx_word' id='word_1_632' title='bbox 3703 1309 3898 1376; x_wconf 85' lang='lat' dir='ltr'><strong>quippe</strong></span> <span class='ocrx_word' id='word_1_633' title='bbox 3921 1325 4018 1362; x_wconf 85' lang='lat' dir='ltr'><strong>eo-</strong></span> 
     </span>
    </p>
   </div>
   <div class='ocr_carea' id='block_1_75' title="bbox 2463 1386 4014 1461">
    <p class='ocr_par' dir='ltr' id='par_1_75' title="bbox 2463 1386 4014 1461">
     <span class='ocr_line' id='line_1_75' title="bbox 2463 1386 4014 1461; baseline 0.017 -35"><span class='ocrx_word' id='word_1_634' title='bbox 2463 1389 2576 1427; x_wconf 92' lang='lat' dir='ltr'><strong>rum</strong></span> <span class='ocrx_word' id='word_1_635' title='bbox 2625 1392 2802 1431; x_wconf 92' lang='lat' dir='ltr'><strong>curam</strong></span> <span class='ocrx_word' id='word_1_636' title='bbox 2833 1393 3040 1449; x_wconf 85' lang='lat' dir='ltr'><strong>gerunt.</strong></span> <span class='ocrx_word' id='word_1_637' title='bbox 3073 1386 3308 1442; x_wconf 83' lang='lat' dir='ltr'><strong>Nondum</strong></span> <span class='ocrx_word' id='word_1_638' title='bbox 3336 1405 3616 1458; x_wconf 90' lang='lat' dir='ltr'><strong>persuasus</strong></span> <span class='ocrx_word' id='word_1_639' title='bbox 3643 1407 3742 1449; x_wconf 74' lang='grc' dir='ltr'><strong>εει.</strong></span> <span class='ocrx_word' id='word_1_640' title='bbox 3775 1399 3938 1461; x_wconf 80' lang='lat' dir='ltr'><strong>Quasi</strong></span> <span class='ocrx_word' id='word_1_641' title='bbox 3971 1401 4014 1452; x_wconf 91' lang='lat' dir='ltr'><strong>si</strong></span> 
     </span>
    </p>
   </div>
   <div class='ocr_carea' id='block_1_76' title="bbox 2461 1465 3678 1542">
    <p class='ocr_par' dir='ltr' id='par_1_76' title="bbox 2461 1465 3678 1542">
     <span class='ocr_line' id='line_1_76' title="bbox 2461 1465 3678 1542; baseline 0.019 -28"><span class='ocrx_word' id='word_1_642' title='bbox 2461 1469 2576 1532; x_wconf 90' lang='lat' dir='ltr'><strong>quis</strong></span> <span class='ocrx_word' id='word_1_643' title='bbox 2602 1465 2800 1522; x_wconf 89' lang='lat' dir='ltr'><strong>diceret</strong></span> <span class='ocrx_word' id='word_1_644' title='bbox 2829 1487 2844 1524; x_wconf 85' lang='lat'><strong>:</strong></span> <span class='ocrx_word' id='word_1_645' title='bbox 2870 1471 3042 1542; x_wconf 81' lang='lat' dir='ltr'><strong>Cogor</strong></span> <span class='ocrx_word' id='word_1_646' title='bbox 3069 1492 3185 1529; x_wconf 94' lang='lat' dir='ltr'><strong>cutn</strong></span> <span class='ocrx_word' id='word_1_647' title='bbox 3216 1479 3314 1533; x_wconf 87' lang='lat' dir='ltr'><strong>ltoe</strong></span> <span class='ocrx_word' id='word_1_648' title='bbox 3339 1484 3678 1539; x_wconf 87' lang='lat' dir='ltr'><strong>contendere.</strong></span> 
     </span>
    </p>
   </div>
   <div class='ocr_carea' id='block_1_77' title="bbox 3045 1607 3413 1669">
    <p class='ocr_par' dir='ltr' id='par_1_77' title="bbox 3045 1607 3413 1669">
     <span class='ocr_line' id='line_1_77' title="bbox 3045 1607 3413 1669; baseline 0.019 -8"><span class='ocrx_word' id='word_1_649' title='bbox 3045 1607 3264 1666; x_wconf 85' lang='lat' dir='ltr'><strong>CAPUT</strong></span> <span class='ocrx_word' id='word_1_650' title='bbox 3325 1613 3413 1669; x_wconf 84' lang='lat' dir='ltr'><strong>XI.</strong></span> 
     </span>
    </p>
   </div>
   <div class='ocr_carea' id='block_1_78' title="bbox 2533 1730 4012 1817">
    <p class='ocr_par' dir='ltr' id='par_1_78' title="bbox 2533 1730 4012 1817">
     <span class='ocr_line' id='line_1_78' title="bbox 2533 1730 4012 1817; baseline 0.017 -35"><span class='ocrx_word' id='word_1_651' title='bbox 2533 1730 2579 1783; x_wconf 82' lang='grc'><strong>1.</strong></span> <span class='ocrx_word' id='word_1_652' title='bbox 2623 1730 2686 1783; x_wconf 80' lang='lat' dir='ltr'><strong>Et</strong></span> <span class='ocrx_word' id='word_1_653' title='bbox 2711 1738 2896 1803; x_wconf 79' lang='lat' dir='ltr'><strong>factum</strong></span> <span class='ocrx_word' id='word_1_654' title='bbox 2927 1747 2995 1790; x_wconf 89' lang='lat' dir='ltr'><strong>est</strong></span> <span class='ocrx_word' id='word_1_655' title='bbox 3019 1739 3071 1792; x_wconf 87' lang='lat' dir='ltr'><strong>in</strong></span> <span class='ocrx_word' id='word_1_656' title='bbox 3095 1757 3224 1793; x_wconf 88' lang='lat' dir='ltr'><strong>anno</strong></span> <span class='ocrx_word' id='word_1_657' title='bbox 3254 1745 3413 1809; x_wconf 87' lang='lat' dir='ltr'><strong>primo</strong></span> <span class='ocrx_word' id='word_1_658' title='bbox 3440 1746 3571 1816; x_wconf 81' lang='lat' dir='ltr'><strong>Cyri,</strong></span> <span class='ocrx_word' id='word_1_659' title='bbox 3604 1765 3692 1817; x_wconf 85' lang='lat' dir='ltr'><strong>ego</strong></span> <span class='ocrx_word' id='word_1_660' title='bbox 3712 1755 3821 1805; x_wconf 88' lang='lat' dir='ltr'><strong>steti</strong></span> <span class='ocrx_word' id='word_1_661' title='bbox 3847 1754 3902 1806; x_wconf 83' lang='lat' dir='ltr'><strong>in</strong></span> <span class='ocrx_word' id='word_1_662' title='bbox 3927 1772 4012 1807; x_wconf 89' lang='lat' dir='ltr'><strong>ro-</strong></span> 
     </span>
    </p>
   </div>
   <div class='ocr_carea' id='block_1_79' title="bbox 2458 1820 4012 1898">
    <p class='ocr_par' dir='ltr' id='par_1_79' title="bbox 2458 1820 4012 1898">
     <span class='ocr_line' id='line_1_79' title="bbox 2458 1820 4012 1898; baseline 0.017 -27"><span class='ocrx_word' id='word_1_663' title='bbox 2458 1820 2548 1872; x_wconf 89' lang='lat' dir='ltr'><strong>bur</strong></span> <span class='ocrx_word' id='word_1_664' title='bbox 2573 1833 2616 1874; x_wconf 88' lang='lat' dir='ltr'><strong>et</strong></span> <span class='ocrx_word' id='word_1_665' title='bbox 2641 1827 2996 1891; x_wconf 82' lang='lat' dir='ltr'><strong>fortitudinem.</strong></span> <span class='ocrx_word' id='word_1_666' title='bbox 3029 1830 3081 1882; x_wconf 73' lang='lat'><strong>2.</strong></span> <span class='ocrx_word' id='word_1_667' title='bbox 3111 1831 3176 1883; x_wconf 86' lang='lat' dir='ltr'><strong>Et</strong></span> <span class='ocrx_word' id='word_1_668' title='bbox 3205 1850 3334 1886; x_wconf 87' lang='lat' dir='ltr'><strong>nunc</strong></span> <span class='ocrx_word' id='word_1_669' title='bbox 3371 1840 3674 1892; x_wconf 85' lang='lat' dir='ltr'><strong>annuntiabo</strong></span> <span class='ocrx_word' id='word_1_670' title='bbox 3705 1843 3790 1894; x_wconf 86' lang='lat' dir='ltr'><strong>tibi</strong></span> <span class='ocrx_word' id='word_1_671' title='bbox 3820 1846 4012 1898; x_wconf 84' lang='lat' dir='ltr'><strong>verito-</strong></span> 
     </span>
    </p>
   </div>
   <div class='ocr_carea' id='block_1_80' title="bbox 2458 1914 4009 2004">
    <p class='ocr_par' dir='ltr' id='par_1_80' title="bbox 2458 1914 4009 2004">
     <span class='ocr_line' id='line_1_80' title="bbox 2458 1914 4009 2004; baseline 0.017 -42"><span class='ocrx_word' id='word_1_672' title='bbox 2458 1920 2572 1964; x_wconf 88' lang='lat' dir='ltr'><strong>tem.</strong></span> <span class='ocrx_word' id='word_1_673' title='bbox 2606 1914 2670 1967; x_wconf 83' lang='lat' dir='ltr'><strong>Et</strong></span> <span class='ocrx_word' id='word_1_674' title='bbox 2702 1926 2852 1982; x_wconf 89' lang='lat' dir='ltr'><strong>tunc,</strong></span> <span class='ocrx_word' id='word_1_675' title='bbox 2887 1935 2983 1987; x_wconf 84' lang='lat' dir='ltr'><strong>ego</strong></span> <span class='ocrx_word' id='word_1_676' title='bbox 3027 1937 3138 1975; x_wconf 91' lang='lat' dir='ltr'><strong>sunt</strong></span> <span class='ocrx_word' id='word_1_677' title='bbox 3166 1926 3250 1991; x_wconf 87' lang='lat' dir='ltr'><strong>qtti</strong></span> <span class='ocrx_word' id='word_1_678' title='bbox 3285 1930 3506 1981; x_wconf 88' lang='lat' dir='ltr'><strong>servavi.</strong></span> <span class='ocrx_word' id='word_1_679' title='bbox 3535 1930 3663 1984; x_wconf 87' lang='lat' dir='ltr'><strong>Nam</strong></span> <span class='ocrx_word' id='word_1_680' title='bbox 3705 1949 3768 1985; x_wconf 90' lang='lat' dir='ltr'><strong>ne</strong></span> <span class='ocrx_word' id='word_1_681' title='bbox 3810 1935 4009 2004; x_wconf 90' lang='lat' dir='ltr'><strong>aliquis</strong></span> 
     </span>
    </p>
   </div>
   <div class='ocr_carea' id='block_1_81' title="bbox 2457 1999 4010 2086">
    <p class='ocr_par' dir='ltr' id='par_1_81' title="bbox 2457 1999 4010 2086">
     <span class='ocr_line' id='line_1_81' title="bbox 2457 1999 4010 2086; baseline 0.016 -32"><span class='ocrx_word' id='word_1_682' title='bbox 2457 1999 2594 2056; x_wconf 92' lang='lat' dir='ltr'><strong>dicat</strong></span> <span class='ocrx_word' id='word_1_683' title='bbox 2621 2020 2632 2055; x_wconf 90' lang='lat'>:</span> <span class='ocrx_word' id='word_1_684' title='bbox 2661 2005 2765 2058; x_wconf 90' lang='lat' dir='ltr'><strong>Cur</strong></span> <span class='ocrx_word' id='word_1_685' title='bbox 2796 2009 2949 2075; x_wconf 82' lang='lat' dir='ltr'><strong>igitur</strong></span> <span class='ocrx_word' id='word_1_686' title='bbox 2970 2013 3217 2077; x_wconf 70' lang='lat' dir='ltr'><strong>prmliaris</strong></span> <span class='ocrx_word' id='word_1_687' title='bbox 3240 2015 3260 2066; x_wconf 82' lang='lat'>?</span> <span class='ocrx_word' id='word_1_688' title='bbox 3284 2017 3404 2083; x_wconf 88' lang='lat' dir='ltr'><strong>quid</strong></span> <span class='ocrx_word' id='word_1_689' title='bbox 3431 2022 3623 2086; x_wconf 87' lang='lat' dir='ltr'><strong>ergo,si</strong></span> <span class='ocrx_word' id='word_1_690' title='bbox 3646 2037 3746 2075; x_wconf 93' lang='lat' dir='ltr'><strong>non</strong></span> <span class='ocrx_word' id='word_1_691' title='bbox 3771 1999 3964 2079; x_wconf 77' lang='lat' dir='ltr'><strong>viceris</strong></span> <span class='ocrx_word' id='word_1_692' title='bbox 3985 2027 4010 2079; x_wconf 79' lang='lat'><strong>?</strong></span> 
     </span>
    </p>
   </div>
   <div class='ocr_carea' id='block_1_82' title="bbox 2458 2098 4003 2174">
    <p class='ocr_par' dir='ltr' id='par_1_82' title="bbox 2458 2098 4003 2174">
     <span class='ocr_line' id='line_1_82' title="bbox 2458 2098 4003 2174; baseline 0.016 -31"><span class='ocrx_word' id='word_1_693' title='bbox 2458 2107 2800 2162; x_wconf 82' lang='lat' dir='ltr'><strong>nequaquam,</strong></span> <span class='ocrx_word' id='word_1_694' title='bbox 2827 2098 3012 2166; x_wconf 90' lang='lat' dir='ltr'><strong>inquit.</strong></span> <span class='ocrx_word' id='word_1_695' title='bbox 3035 2102 3097 2154; x_wconf 87' lang='lat' dir='ltr'><strong>El</strong></span> <span class='ocrx_word' id='word_1_696' title='bbox 3115 2111 3236 2156; x_wconf 92' lang='lat' dir='ltr'><strong>tunc</strong></span> <span class='ocrx_word' id='word_1_697' title='bbox 3256 2120 3352 2173; x_wconf 90' lang='lat' dir='ltr'><strong>ego</strong></span> <span class='ocrx_word' id='word_1_698' title='bbox 3376 2107 3473 2158; x_wconf 91' lang='lat' dir='ltr'><strong>illis</strong></span> <span class='ocrx_word' id='word_1_699' title='bbox 3495 2111 3841 2174; x_wconf 88' lang='lat' dir='ltr'><strong>patrocinatus</strong></span> <span class='ocrx_word' id='word_1_700' title='bbox 3860 2128 4003 2167; x_wconf 89' lang='lat' dir='ltr'><strong>sum.</strong></span> 
     </span>
    </p>
   </div>
   <div class='ocr_carea' id='block_1_83' title="bbox 2457 2179 4008 2265">
    <p class='ocr_par' dir='ltr' id='par_1_83' title="bbox 2457 2179 4008 2265">
     <span class='ocr_line' id='line_1_83' title="bbox 2457 2179 4008 2265; baseline 0.015 -34"><span class='ocrx_word' id='word_1_701' title='bbox 2457 2179 2653 2234; x_wconf 82' lang='lat' dir='ltr'><strong>Etenim</strong></span> <span class='ocrx_word' id='word_1_702' title='bbox 2684 2202 2779 2238; x_wconf 86' lang='lat' dir='ltr'><strong>non</strong></span> <span class='ocrx_word' id='word_1_703' title='bbox 2802 2196 2891 2252; x_wconf 89' lang='lat' dir='ltr'><strong>est,</strong></span> <span class='ocrx_word' id='word_1_704' title='bbox 2919 2190 3116 2257; x_wconf 90' lang='lat' dir='ltr'><strong>inquit,</strong></span> <span class='ocrx_word' id='word_1_705' title='bbox 3146 2209 3272 2245; x_wconf 82' lang='lat' dir='ltr'><strong>unus</strong></span> <span class='ocrx_word' id='word_1_706' title='bbox 3298 2197 3381 2259; x_wconf 77' lang='lat' dir='ltr'><strong>qui</strong></span> <span class='ocrx_word' id='word_1_707' title='bbox 3406 2213 3434 2246; x_wconf 81' lang='grc' dir='ltr'><strong>η</strong></span> <span class='ocrx_word' id='word_1_708' title='bbox 3469 2213 3542 2248; x_wconf 90' lang='lat' dir='ltr'><strong>me</strong></span> <span class='ocrx_word' id='word_1_709' title='bbox 3568 2209 3658 2250; x_wconf 89' lang='lat' dir='ltr'><strong>stet</strong></span> <span class='ocrx_word' id='word_1_710' title='bbox 3681 2200 3740 2250; x_wconf 89' lang='lat' dir='ltr'><strong>de</strong></span> <span class='ocrx_word' id='word_1_711' title='bbox 3770 2201 3845 2252; x_wconf 85' lang='lat' dir='ltr'><strong>his</strong></span> <span class='ocrx_word' id='word_1_712' title='bbox 3867 2243 3881 2265; x_wconf 91' lang='lat'><strong>,</strong></span> <span class='ocrx_word' id='word_1_713' title='bbox 3908 2204 4008 2256; x_wconf 84' lang='lat' dir='ltr'><strong>nisi</strong></span> 
     </span>
    </p>
   </div>
   <div class='ocr_carea' id='block_1_84' title="bbox 2460 2271 4007 2355">
    <p class='ocr_par' dir='ltr' id='par_1_84' title="bbox 2460 2271 4007 2355">
     <span class='ocr_line' id='line_1_84' title="bbox 2460 2271 4007 2355; baseline 0.014 -31"><span class='ocrx_word' id='word_1_714' title='bbox 2460 2271 2679 2326; x_wconf 78' lang='lat' dir='ltr'><strong>Michael</strong></span> <span class='ocrx_word' id='word_1_715' title='bbox 2705 2278 2932 2346; x_wconf 84' lang='lat' dir='ltr'><strong>princeps</strong></span> <span class='ocrx_word' id='word_1_716' title='bbox 2953 2280 3172 2348; x_wconf 87' lang='lat' dir='ltr'><strong>ipsorum</strong></span> <span class='ocrx_word' id='word_1_717' title='bbox 3209 2283 3361 2348; x_wconf 85' lang='lat' dir='ltr'><strong>(Dan.</strong></span> <span class='ocrx_word' id='word_1_718' title='bbox 3388 2286 3470 2339; x_wconf 85' lang='lat' dir='ltr'><strong>IO.</strong></span> <span class='ocrx_word' id='word_1_719' title='bbox 3501 2286 3608 2355; x_wconf 82' lang='grc'>91).</span> <span class='ocrx_word' id='word_1_720' title='bbox 3640 2289 3759 2342; x_wconf 83' lang='lat' dir='ltr'><strong>II:ec</strong></span> <span class='ocrx_word' id='word_1_721' title='bbox 3785 2291 3916 2344; x_wconf 91' lang='lat' dir='ltr'><strong>dicit</strong></span> <span class='ocrx_word' id='word_1_722' title='bbox 3949 2302 4007 2345; x_wconf 83' lang='grc' dir='ltr'><strong>ιιι</strong></span> 
     </span>
    </p>
   </div>
   <div class='ocr_carea' id='block_1_85' title="bbox 2459 2361 4005 2441">
    <p class='ocr_par' dir='ltr' id='par_1_85' title="bbox 2459 2361 4005 2441">
     <span class='ocr_line' id='line_1_85' title="bbox 2459 2361 4005 2441; baseline 0.014 -29"><span class='ocrx_word' id='word_1_723' title='bbox 2459 2361 2654 2416; x_wconf 89' lang='lat' dir='ltr'><strong>Danieli</strong></span> <span class='ocrx_word' id='word_1_724' title='bbox 2688 2368 3024 2432; x_wconf 83' lang='lat' dir='ltr'><strong>persuadeat,</strong></span> <span class='ocrx_word' id='word_1_725' title='bbox 3055 2383 3110 2421; x_wconf 91' lang='lat' dir='ltr'><strong>se</strong></span> <span class='ocrx_word' id='word_1_726' title='bbox 3152 2387 3250 2422; x_wconf 93' lang='lat' dir='ltr'><strong>non</strong></span> <span class='ocrx_word' id='word_1_727' title='bbox 3293 2387 3410 2426; x_wconf 76' lang='lat' dir='ltr'><strong>e~se</strong></span> <span class='ocrx_word' id='word_1_728' title='bbox 3456 2375 3547 2441; x_wconf 89' lang='lat' dir='ltr'><strong>ipsi</strong></span> <span class='ocrx_word' id='word_1_729' title='bbox 3591 2377 3788 2430; x_wconf 56' lang='lat' dir='ltr'><strong>hostem</strong></span> <span class='ocrx_word' id='word_1_730' title='bbox 3817 2381 4005 2432; x_wconf 86' lang='lat' dir='ltr'><strong>acini-</strong></span> 
     </span>
    </p>
   </div>
   <div class='ocr_carea' id='block_1_86' title="bbox 2461 2453 4000 2535">
    <p class='ocr_par' dir='ltr' id='par_1_86' title="bbox 2461 2453 4000 2535">
     <span class='ocr_line' id='line_1_86' title="bbox 2461 2453 4000 2535; baseline 0.012 -32"><span class='ocrx_word' id='word_1_731' title='bbox 2461 2453 2685 2515; x_wconf 88' lang='lat' dir='ltr'><strong>micum,</strong></span> <span class='ocrx_word' id='word_1_732' title='bbox 2729 2465 2920 2509; x_wconf 87' lang='lat' dir='ltr'><strong>etcum</strong></span> <span class='ocrx_word' id='word_1_733' title='bbox 2963 2473 3047 2512; x_wconf 84' lang='lat' dir='ltr'><strong>res</strong></span> <span class='ocrx_word' id='word_1_734' title='bbox 3075 2461 3258 2513; x_wconf 81' lang='lat' dir='ltr'><strong>vetitas</strong></span> <span class='ocrx_word' id='word_1_735' title='bbox 3309 2473 3503 2528; x_wconf 87' lang='lat' dir='ltr'><strong>petere.</strong></span> <span class='ocrx_word' id='word_1_736' title='bbox 3547 2464 3650 2518; x_wconf 77' lang='lat' dir='ltr'><strong>Nec</strong></span> <span class='ocrx_word' id='word_1_737' title='bbox 3679 2466 3794 2520; x_wconf 84' lang='lat' dir='ltr'><strong>ideo</strong></span> <span class='ocrx_word' id='word_1_738' title='bbox 3834 2469 4000 2535; x_wconf 90' lang='lat' dir='ltr'><strong>dicit,</strong></span> 
     </span>
    </p>
   </div>
   <div class='ocr_carea' id='block_1_87' title="bbox 2456 2543 4000 2616">
    <p class='ocr_par' dir='ltr' id='par_1_87' title="bbox 2456 2543 4000 2616">
     <span class='ocr_line' id='line_1_87' title="bbox 2456 2543 4000 2616; baseline 0.009 -23"><span class='ocrx_word' id='word_1_739' title='bbox 2456 2543 2591 2609; x_wconf 88' lang='lat' dir='ltr'><strong>quod</strong></span> <span class='ocrx_word' id='word_1_740' title='bbox 2622 2544 2946 2612; x_wconf 86' lang='lat' dir='ltr'><strong>adjutoribus</strong></span> <span class='ocrx_word' id='word_1_741' title='bbox 2972 2549 3217 2616; x_wconf 89' lang='lat' dir='ltr'><strong>indigeat.</strong></span> <span class='ocrx_word' id='word_1_742' title='bbox 3249 2551 3516 2616; x_wconf 89' lang='lat' dir='ltr'><strong>Quomodo</strong></span> <span class='ocrx_word' id='word_1_743' title='bbox 3545 2556 3681 2606; x_wconf 89' lang='lat' dir='ltr'><strong>enim</strong></span> <span class='ocrx_word' id='word_1_744' title='bbox 3704 2556 3724 2606; x_wconf 88' lang='lat'><strong>?</strong></span> <span class='ocrx_word' id='word_1_745' title='bbox 3749 2557 4000 2609; x_wconf 84' lang='lat' dir='ltr'><strong>Ostendi-</strong></span> 
     </span>
    </p>
   </div>
   <div class='ocr_carea' id='block_1_88' title="bbox 2456 2635 4002 2708">
    <p class='ocr_par' dir='ltr' id='par_1_88' title="bbox 2456 2635 4002 2708">
     <span class='ocr_line' id='line_1_88' title="bbox 2456 2635 4002 2708; baseline 0.01 -25"><span class='ocrx_word' id='word_1_746' title='bbox 2456 2640 2538 2683; x_wconf 90' lang='lat' dir='ltr'><strong>tur</strong></span> <span class='ocrx_word' id='word_1_747' title='bbox 2559 2635 2714 2685; x_wconf 88' lang='lat' dir='ltr'><strong>istum</strong></span> <span class='ocrx_word' id='word_1_748' title='bbox 2759 2637 3001 2703; x_wconf 87' lang='lat' dir='ltr'><strong>angelum</strong></span> <span class='ocrx_word' id='word_1_749' title='bbox 3043 2652 3145 2690; x_wconf 93' lang='lat' dir='ltr'><strong>non</strong></span> <span class='ocrx_word' id='word_1_750' title='bbox 3173 2653 3288 2692; x_wconf 87' lang='lat' dir='ltr'><strong>esse</strong></span> <span class='ocrx_word' id='word_1_751' title='bbox 3334 2640 3399 2693; x_wconf 91' lang='lat' dir='ltr'><strong>de</strong></span> <span class='ocrx_word' id='word_1_752' title='bbox 3429 2641 3764 2708; x_wconf 87' lang='lat' dir='ltr'><strong>principibus.</strong></span> <span class='ocrx_word' id='word_1_753' title='bbox 3809 2643 4002 2698; x_wconf 82' lang='lat' dir='ltr'><strong>Postea</strong></span> 
     </span>
    </p>
   </div>
   <div class='ocr_carea' id='block_1_89' title="bbox 2453 2725 3995 2794">
    <p class='ocr_par' dir='ltr' id='par_1_89' title="bbox 2453 2725 3995 2794">
     <span class='ocr_line' id='line_1_89' title="bbox 2453 2725 3995 2794; baseline 0.007 -20"><span class='ocrx_word' id='word_1_754' title='bbox 2453 2725 2625 2776; x_wconf 88' lang='lat' dir='ltr'><strong>omnia</strong></span> <span class='ocrx_word' id='word_1_755' title='bbox 2654 2725 2812 2778; x_wconf 83' lang='lat' dir='ltr'><strong>refert</strong></span> <span class='ocrx_word' id='word_1_756' title='bbox 2839 2736 3101 2794; x_wconf 88' lang='lat' dir='ltr'><strong>accurate,</strong></span> <span class='ocrx_word' id='word_1_757' title='bbox 3134 2737 3185 2782; x_wconf 89' lang='lat' dir='ltr'><strong>et</strong></span> <span class='ocrx_word' id='word_1_758' title='bbox 3205 2730 3276 2782; x_wconf 91' lang='lat' dir='ltr'><strong>ait</strong></span> <span class='ocrx_word' id='word_1_759' title='bbox 3302 2731 3436 2784; x_wconf 88' lang='lat' dir='ltr'><strong>unde</strong></span> <span class='ocrx_word' id='word_1_760' title='bbox 3459 2731 3650 2784; x_wconf 90' lang='lat' dir='ltr'><strong>clades.</strong></span> <span class='ocrx_word' id='word_1_761' title='bbox 3684 2733 3883 2786; x_wconf 87' lang='lat' dir='ltr'><strong>Deinde</strong></span> <span class='ocrx_word' id='word_1_762' title='bbox 3911 2750 3995 2787; x_wconf 84' lang='lat' dir='ltr'><strong>sa-</strong></span> 
     </span>
    </p>
   </div>
   <div class='ocr_carea' id='block_1_90' title="bbox 2453 2812 4002 2890">
    <p class='ocr_par' dir='ltr' id='par_1_90' title="bbox 2453 2812 4002 2890">
     <span class='ocr_line' id='line_1_90' title="bbox 2453 2812 4002 2890; baseline 0.009 -26"><span class='ocrx_word' id='word_1_763' title='bbox 2453 2812 2610 2866; x_wconf 89' lang='lat' dir='ltr'><strong>lutem</strong></span> <span class='ocrx_word' id='word_1_764' title='bbox 2651 2815 2826 2881; x_wconf 91' lang='lat' dir='ltr'><strong>populi</strong></span> <span class='ocrx_word' id='word_1_765' title='bbox 2858 2815 3055 2884; x_wconf 90' lang='lat' dir='ltr'><strong>ipsius,</strong></span> <span class='ocrx_word' id='word_1_766' title='bbox 3104 2826 3154 2871; x_wconf 90' lang='lat' dir='ltr'><strong>et</strong></span> <span class='ocrx_word' id='word_1_767' title='bbox 3192 2821 3546 2888; x_wconf 87' lang='lat' dir='ltr'><strong>acceptionetn</strong></span> <span class='ocrx_word' id='word_1_768' title='bbox 3579 2822 3628 2874; x_wconf 91' lang='lat' dir='ltr'><strong>in</strong></span> <span class='ocrx_word' id='word_1_769' title='bbox 3659 2823 4002 2890; x_wconf 86' lang='lat' dir='ltr'><strong>sequentibus</strong></span> 
     </span>
    </p>
   </div>
   <div class='ocr_carea' id='block_1_91' title="bbox 2452 2913 2645 2958">
    <p class='ocr_par' dir='ltr' id='par_1_91' title="bbox 2452 2913 2645 2958">
     <span class='ocr_line' id='line_1_91' title="bbox 2452 2913 2645 2958; baseline 0.005 -3"><span class='ocrx_word' id='word_1_770' title='bbox 2452 2913 2645 2958; x_wconf 87' lang='lat' dir='ltr'><strong>narrat.</strong></span> 
     </span>
    </p>
   </div>
   <div class='ocr_carea' id='block_1_92' title="bbox 3033 3041 3418 3098">
    <p class='ocr_par' dir='ltr' id='par_1_92' title="bbox 3033 3041 3418 3098">
     <span class='ocr_line' id='line_1_92' title="bbox 3033 3041 3418 3098; baseline -0.005 0"><span class='ocrx_word' id='word_1_771' title='bbox 3033 3041 3253 3098; x_wconf 85' lang='lat' dir='ltr'><strong>CAPUT</strong></span> <span class='ocrx_word' id='word_1_772' title='bbox 3307 3041 3418 3096; x_wconf 81' lang='lat' dir='ltr'><strong>XII.</strong></span> 
     </span>
    </p>
   </div>
   <div class='ocr_carea' id='block_1_93' title="bbox 2523 3173 3998 3247">
    <p class='ocr_par' dir='ltr' id='par_1_93' title="bbox 2523 3173 3998 3247">
     <span class='ocr_line' id='line_1_93' title="bbox 2523 3173 3998 3247; baseline 0.004 -22"><span class='ocrx_word' id='word_1_773' title='bbox 2523 3174 2576 3226; x_wconf 88' lang='lat'><strong>7.</strong></span> <span class='ocrx_word' id='word_1_774' title='bbox 2623 3191 2641 3224; x_wconf 85' lang='lat' dir='ltr'><strong>t</strong></span> <span class='ocrx_word' id='word_1_775' title='bbox 2677 3173 2806 3227; x_wconf 91' lang='lat' dir='ltr'><strong>Cum</strong></span> <span class='ocrx_word' id='word_1_776' title='bbox 2833 3175 3088 3244; x_wconf 89' lang='lat' dir='ltr'><strong>completa</strong></span> <span class='ocrx_word' id='word_1_777' title='bbox 3122 3175 3276 3229; x_wconf 88' lang='lat' dir='ltr'><strong>fuerit</strong></span> <span class='ocrx_word' id='word_1_778' title='bbox 3303 3176 3557 3244; x_wconf 79' lang='lat' dir='ltr'><strong>dispersio</strong></span> <span class='ocrx_word' id='word_1_779' title='bbox 3599 3192 3781 3230; x_wconf 88' lang='lat' dir='ltr'><strong>manus</strong></span> <span class='ocrx_word' id='word_1_780' title='bbox 3825 3180 3998 3247; x_wconf 88' lang='lat' dir='ltr'><strong>populi</strong></span> 
     </span>
    </p>
   </div>
   <div class='ocr_carea' id='block_1_94' title="bbox 2453 3265 4001 3335">
    <p class='ocr_par' dir='ltr' id='par_1_94' title="bbox 2453 3265 4001 3335">
     <span class='ocr_line' id='line_1_94' title="bbox 2453 3265 4001 3335; baseline 0 -19"><span class='ocrx_word' id='word_1_781' title='bbox 2453 3265 2789 3331; x_wconf 87' lang='lat' dir='ltr'><strong>sanctificati,</strong></span> <span class='ocrx_word' id='word_1_782' title='bbox 2819 3275 3133 3335; x_wconf 84' lang='lat' dir='ltr'><strong>cognoscent</strong></span> <span class='ocrx_word' id='word_1_783' title='bbox 3173 3276 3405 3319; x_wconf 86' lang='lat' dir='ltr'><strong>sanctum</strong></span> <span class='ocrx_word' id='word_1_784' title='bbox 3443 3307 3457 3330; x_wconf 88' lang='lat'><strong>,</strong></span> <span class='ocrx_word' id='word_1_785' title='bbox 3485 3275 3538 3319; x_wconf 92' lang='lat' dir='ltr'><strong>et</strong></span> <span class='ocrx_word' id='word_1_786' title='bbox 3561 3269 4001 3320; x_wconf 77' lang='lat' dir='ltr'><strong>consutnmabuu-</strong></span> 
     </span>
    </p>
   </div>
   <div class='ocr_carea' id='block_1_95' title="bbox 2455 3354 3998 3423">
    <p class='ocr_par' dir='ltr' id='par_1_95' title="bbox 2455 3354 3998 3423">
     <span class='ocr_line' id='line_1_95' title="bbox 2455 3354 3998 3423; baseline 0.001 -17"><span class='ocrx_word' id='word_1_787' title='bbox 2455 3363 2538 3406; x_wconf 89' lang='lat' dir='ltr'><strong>tur</strong></span> <span class='ocrx_word' id='word_1_788' title='bbox 2566 3354 2677 3408; x_wconf 62' lang='lat' dir='ltr'><strong>haec</strong></span> <span class='ocrx_word' id='word_1_789' title='bbox 2707 3357 2897 3408; x_wconf 90' lang='lat' dir='ltr'><strong>omnia.</strong></span> <span class='ocrx_word' id='word_1_790' title='bbox 2933 3357 2984 3409; x_wconf 93' lang='lat'><strong>8.</strong></span> <span class='ocrx_word' id='word_1_791' title='bbox 3019 3358 3079 3408; x_wconf 72' lang='lat' dir='ltr'><strong>lit</strong></span> <span class='ocrx_word' id='word_1_792' title='bbox 3105 3371 3201 3423; x_wconf 84' lang='lat' dir='ltr'><strong>ego</strong></span> <span class='ocrx_word' id='word_1_793' title='bbox 3225 3355 3430 3418; x_wconf 89' lang='lat' dir='ltr'><strong>audivi,</strong></span> <span class='ocrx_word' id='word_1_794' title='bbox 3452 3364 3505 3409; x_wconf 88' lang='lat' dir='ltr'><strong>et</strong></span> <span class='ocrx_word' id='word_1_795' title='bbox 3531 3370 3630 3407; x_wconf 92' lang='lat' dir='ltr'><strong>non</strong></span> <span class='ocrx_word' id='word_1_796' title='bbox 3658 3356 3920 3415; x_wconf 65' lang='lat' dir='ltr'><strong>intellexi,</strong></span> <span class='ocrx_word' id='word_1_797' title='bbox 3948 3367 3998 3409; x_wconf 89' lang='lat' dir='ltr'><strong>et</strong></span> 
     </span>
    </p>
   </div>
   <div class='ocr_carea' id='block_1_96' title="bbox 2452 3441 3995 3510">
    <p class='ocr_par' dir='ltr' id='par_1_96' title="bbox 2452 3441 3995 3510">
     <span class='ocr_line' id='line_1_96' title="bbox 2452 3441 3995 3510; baseline 0 -16"><span class='ocrx_word' id='word_1_798' title='bbox 2452 3441 2557 3494; x_wconf 89' lang='lat' dir='ltr'><strong>dixi</strong></span> <span class='ocrx_word' id='word_1_799' title='bbox 2593 3459 2604 3493; x_wconf 89' lang='lat'><strong>:</strong></span> <span class='ocrx_word' id='word_1_800' title='bbox 2640 3443 2890 3507; x_wconf 87' lang='lat' dir='ltr'><strong>Domine,</strong></span> <span class='ocrx_word' id='word_1_801' title='bbox 2941 3443 3064 3510; x_wconf 87' lang='lat' dir='ltr'><strong>qttid</strong></span> <span class='ocrx_word' id='word_1_802' title='bbox 3109 3454 3344 3496; x_wconf 84' lang='lat' dir='ltr'><strong>extrema</strong></span> <span class='ocrx_word' id='word_1_803' title='bbox 3393 3441 3612 3495; x_wconf 78' lang='lat' dir='ltr'><strong>horum?</strong></span> <span class='ocrx_word' id='word_1_804' title='bbox 3641 3442 3694 3495; x_wconf 91' lang='lat'><strong>9.</strong></span> <span class='ocrx_word' id='word_1_805' title='bbox 3740 3442 3995 3494; x_wconf 75' lang='lat' dir='ltr'><strong>Etdixit:</strong></span> 
     </span>
    </p>
   </div>
   <div class='ocr_carea' id='block_1_97' title="bbox 2457 3531 3997 3598">
    <p class='ocr_par' dir='ltr' id='par_1_97' title="bbox 2457 3531 3997 3598">
     <span class='ocr_line' id='line_1_97' title="bbox 2457 3531 3997 3598; baseline -0.002 -14"><span class='ocrx_word' id='word_1_806' title='bbox 2457 3531 2615 3594; x_wconf 83' lang='lat' dir='ltr'><strong>Vade,</strong></span> <span class='ocrx_word' id='word_1_807' title='bbox 2651 3531 2858 3595; x_wconf 90' lang='lat' dir='ltr'><strong>Daniel,</strong></span> <span class='ocrx_word' id='word_1_808' title='bbox 2889 3533 3004 3598; x_wconf 90' lang='lat' dir='ltr'><strong>quia</strong></span> <span class='ocrx_word' id='word_1_809' title='bbox 3035 3541 3085 3584; x_wconf 92' lang='lat' dir='ltr'><strong>et</strong></span> <span class='ocrx_word' id='word_1_810' title='bbox 3105 3531 3266 3584; x_wconf 87' lang='lat' dir='ltr'><strong>clausi</strong></span> <span class='ocrx_word' id='word_1_811' title='bbox 3296 3541 3416 3583; x_wconf 90' lang='lat' dir='ltr'><strong>sunt</strong></span> <span class='ocrx_word' id='word_1_812' title='bbox 3444 3545 3712 3583; x_wconf 90' lang='lat' dir='ltr'><strong>sermones</strong></span> <span class='ocrx_word' id='word_1_813' title='bbox 3741 3545 3908 3596; x_wconf 87' lang='lat' dir='ltr'><strong>usque</strong></span> <span class='ocrx_word' id='word_1_814' title='bbox 3936 3533 3997 3583; x_wconf 84' lang='lat' dir='ltr'><strong>ad</strong></span> 
     </span>
    </p>
   </div>
   <div class='ocr_carea' id='block_1_98' title="bbox 2455 3618 3998 3687">
    <p class='ocr_par' dir='ltr' id='par_1_98' title="bbox 2455 3618 3998 3687">
     <span class='ocr_line' id='line_1_98' title="bbox 2455 3618 3998 3687; baseline -0.003 -13"><span class='ocrx_word' id='word_1_815' title='bbox 2455 3629 2658 3687; x_wconf 85' lang='lat' dir='ltr'><strong>tempus</strong></span> <span class='ocrx_word' id='word_1_816' title='bbox 2708 3620 2842 3672; x_wconf 83' lang='lat' dir='ltr'><strong>ﬁnis.</strong></span> <span class='ocrx_word' id='word_1_817' title='bbox 2893 3621 2974 3673; x_wconf 90' lang='grc'><strong>10.</strong></span> <span class='ocrx_word' id='word_1_818' title='bbox 3016 3619 3195 3685; x_wconf 87' lang='lat' dir='ltr'><strong>Quoad</strong></span> <span class='ocrx_word' id='word_1_819' title='bbox 3241 3621 3496 3686; x_wconf 88' lang='lat' dir='ltr'><strong>eligantur</strong></span> <span class='ocrx_word' id='word_1_820' title='bbox 3533 3629 3585 3671; x_wconf 92' lang='lat' dir='ltr'><strong>et</strong></span> <span class='ocrx_word' id='word_1_821' title='bbox 3613 3618 3923 3671; x_wconf 86' lang='lat' dir='ltr'><strong>dealbentur</strong></span> <span class='ocrx_word' id='word_1_822' title='bbox 3948 3629 3998 3671; x_wconf 90' lang='lat' dir='ltr'><strong>ct</strong></span> 
     </span>
    </p>
   </div>
   <div class='ocr_carea' id='block_1_99' title="bbox 2454 3709 3994 3777">
    <p class='ocr_par' dir='ltr' id='par_1_99' title="bbox 2454 3709 3994 3777">
     <span class='ocr_line' id='line_1_99' title="bbox 2454 3709 3994 3777; baseline -0.001 -15"><span class='ocrx_word' id='word_1_823' title='bbox 2454 3712 2571 3777; x_wconf 88' lang='lat' dir='ltr'><strong>igne</strong></span> <span class='ocrx_word' id='word_1_824' title='bbox 2612 3711 2896 3775; x_wconf 71' lang='lat' dir='ltr'><strong>probentur</strong></span> <span class='ocrx_word' id='word_1_825' title='bbox 2941 3712 3082 3762; x_wconf 72' lang='lat' dir='ltr'><strong>ntulti</strong></span> <span class='ocrx_word' id='word_1_826' title='bbox 3131 3729 3141 3760; x_wconf 91' lang='lat'>:</span> <span class='ocrx_word' id='word_1_827' title='bbox 3189 3711 3361 3776; x_wconf 92' lang='lat' dir='ltr'><strong>inique</strong></span> <span class='ocrx_word' id='word_1_828' title='bbox 3405 3717 3574 3762; x_wconf 89' lang='lat' dir='ltr'><strong>autem</strong></span> <span class='ocrx_word' id='word_1_829' title='bbox 3599 3719 3750 3776; x_wconf 81' lang='lat' dir='ltr'><strong>agent</strong></span> <span class='ocrx_word' id='word_1_830' title='bbox 3796 3709 3994 3776; x_wconf 86' lang='lat' dir='ltr'><strong>iniqui,</strong></span> 
     </span>
    </p>
   </div>
   <div class='ocr_carea' id='block_1_100' title="bbox 2454 3800 3996 3868">
    <p class='ocr_par' dir='ltr' id='par_1_100' title="bbox 2454 3800 3996 3868">
     <span class='ocr_line' id='line_1_100' title="bbox 2454 3800 3996 3868; baseline 0 -16"><span class='ocrx_word' id='word_1_831' title='bbox 2454 3817 2620 3868; x_wconf 87' lang='lat' dir='ltr'><strong>neque</strong></span> <span class='ocrx_word' id='word_1_832' title='bbox 2644 3802 2930 3866; x_wconf 79' lang='lat' dir='ltr'><strong>intelligent</strong></span> <span class='ocrx_word' id='word_1_833' title='bbox 2956 3815 3137 3854; x_wconf 83' lang='lat' dir='ltr'><strong>omnes</strong></span> <span class='ocrx_word' id='word_1_834' title='bbox 3155 3802 3295 3868; x_wconf 83' lang='lat' dir='ltr'><strong>impii</strong></span> <span class='ocrx_word' id='word_1_835' title='bbox 3321 3819 3332 3853; x_wconf 92' lang='lat'>:</span> <span class='ocrx_word' id='word_1_836' title='bbox 3358 3810 3410 3853; x_wconf 89' lang='lat' dir='ltr'><strong>at</strong></span> <span class='ocrx_word' id='word_1_837' title='bbox 3435 3801 3774 3868; x_wconf 85' lang='lat' dir='ltr'><strong>intelligentes</strong></span> <span class='ocrx_word' id='word_1_838' title='bbox 3799 3800 3996 3853; x_wconf 84' lang='lat' dir='ltr'><strong>intelli—</strong></span> 
     </span>
    </p>
   </div>
   <div class='ocr_carea' id='block_1_101' title="bbox 2453 3888 3996 3958">
    <p class='ocr_par' dir='ltr' id='par_1_101' title="bbox 2453 3888 3996 3958">
     <span class='ocr_line' id='line_1_101' title="bbox 2453 3888 3996 3958; baseline -0.001 -16"><span class='ocrx_word' id='word_1_839' title='bbox 2453 3897 2594 3957; x_wconf 86' lang='lat' dir='ltr'><strong>gent.</strong></span> <span class='ocrx_word' id='word_1_840' title='bbox 2622 3890 2706 3941; x_wconf 90' lang='grc'><strong>11.</strong></span> <span class='ocrx_word' id='word_1_841' title='bbox 2741 3891 2803 3941; x_wconf 82' lang='lat' dir='ltr'><strong>Et</strong></span> <span class='ocrx_word' id='word_1_842' title='bbox 2831 3906 2859 3942; x_wconf 91' lang='lat' dir='ltr'><strong>a</strong></span> <span class='ocrx_word' id='word_1_843' title='bbox 2888 3899 3120 3956; x_wconf 89' lang='lat' dir='ltr'><strong>tempore</strong></span> <span class='ocrx_word' id='word_1_844' title='bbox 3148 3906 3250 3958; x_wconf 86' lang='lat' dir='ltr'><strong>quo</strong></span> <span class='ocrx_word' id='word_1_845' title='bbox 3287 3898 3538 3943; x_wconf 80' lang='lat' dir='ltr'><strong>mutatum</strong></span> <span class='ocrx_word' id='word_1_846' title='bbox 3577 3888 3732 3942; x_wconf 85' lang='lat' dir='ltr'><strong>luerit</strong></span> <span class='ocrx_word' id='word_1_847' title='bbox 3754 3890 3880 3956; x_wconf 78' lang='lat' dir='ltr'><strong>jUge</strong></span> <span class='ocrx_word' id='word_1_848' title='bbox 3913 3905 3996 3940; x_wconf 85' lang='lat' dir='ltr'><strong>sa-</strong></span> 
     </span>
    </p>
   </div>
   <div class='ocr_carea' id='block_1_102' title="bbox 2454 3979 4000 4042">
    <p class='ocr_par' dir='ltr' id='par_1_102' title="bbox 2454 3979 4000 4042">
     <span class='ocr_line' id='line_1_102' title="bbox 2454 3979 4000 4042; baseline -0.001 -9"><span class='ocrx_word' id='word_1_849' title='bbox 2454 3981 2725 4042; x_wconf 83' lang='lat' dir='ltr'><strong>criﬁcium,</strong></span> <span class='ocrx_word' id='word_1_850' title='bbox 2750 3990 2800 4033; x_wconf 91' lang='lat' dir='ltr'><strong>et</strong></span> <span class='ocrx_word' id='word_1_851' title='bbox 2819 3981 2935 4033; x_wconf 79' lang='lat' dir='ltr'><strong>data</strong></span> <span class='ocrx_word' id='word_1_852' title='bbox 2956 3981 3108 4033; x_wconf 86' lang='lat' dir='ltr'><strong>fuerit</strong></span> <span class='ocrx_word' id='word_1_853' title='bbox 3129 3980 3446 4034; x_wconf 88' lang='lat' dir='ltr'><strong>abominatio</strong></span> <span class='ocrx_word' id='word_1_854' title='bbox 3465 3979 3818 4042; x_wconf 90' lang='lat' dir='ltr'><strong>desolationis,</strong></span> <span class='ocrx_word' id='word_1_855' title='bbox 3841 3988 4000 4032; x_wconf 87' lang='lat' dir='ltr'><strong>erunt</strong></span> 
     </span>
    </p>
   </div>
   <div class='ocr_carea' id='block_1_103' title="bbox 2455 4068 3999 4137">
    <p class='ocr_par' dir='ltr' id='par_1_103' title="bbox 2455 4068 3999 4137">
     <span class='ocr_line' id='line_1_103' title="bbox 2455 4068 3999 4137; baseline -0.001 -14"><span class='ocrx_word' id='word_1_856' title='bbox 2455 4070 2566 4123; x_wconf 88' lang='lat' dir='ltr'><strong>dies</strong></span> <span class='ocrx_word' id='word_1_857' title='bbox 2595 4071 2734 4123; x_wconf 90' lang='lat' dir='ltr'><strong>mille</strong></span> <span class='ocrx_word' id='word_1_858' title='bbox 2767 4069 2970 4122; x_wconf 89' lang='lat' dir='ltr'><strong>ducenti</strong></span> <span class='ocrx_word' id='word_1_859' title='bbox 3003 4071 3298 4137; x_wconf 88' lang='lat' dir='ltr'><strong>nonaginta.</strong></span> <span class='ocrx_word' id='word_1_860' title='bbox 3332 4069 3416 4120; x_wconf 80' lang='grc'>12.</span> <span class='ocrx_word' id='word_1_861' title='bbox 3459 4068 3647 4122; x_wconf 87' lang='lat' dir='ltr'><strong>Beatus</strong></span> <span class='ocrx_word' id='word_1_862' title='bbox 3689 4068 3775 4135; x_wconf 92' lang='lat' dir='ltr'><strong>qui</strong></span> <span class='ocrx_word' id='word_1_863' title='bbox 3808 4083 3999 4136; x_wconf 52' lang='lat' dir='ltr'><strong>exSpeo</strong></span> 
     </span>
    </p>
   </div>
   <div class='ocr_carea' id='block_1_104' title="bbox 2455 4157 3998 4226">
    <p class='ocr_par' dir='ltr' id='par_1_104' title="bbox 2455 4157 3998 4226">
     <span class='ocr_line' id='line_1_104' title="bbox 2455 4157 3998 4226; baseline -0.002 -15"><span class='ocrx_word' id='word_1_864' title='bbox 2455 4168 2561 4211; x_wconf 88' lang='lat' dir='ltr'><strong>etat</strong></span> <span class='ocrx_word' id='word_1_865' title='bbox 2586 4171 2634 4212; x_wconf 88' lang='lat' dir='ltr'><strong>et</strong></span> <span class='ocrx_word' id='word_1_866' title='bbox 2663 4160 2897 4226; x_wconf 52' lang='lat' dir='ltr'><strong>pst‘veltil</strong></span> <span class='ocrx_word' id='word_1_867' title='bbox 2917 4159 2981 4210; x_wconf 89' lang='lat' dir='ltr'><strong>ad</strong></span> <span class='ocrx_word' id='word_1_868' title='bbox 3004 4158 3111 4211; x_wconf 81' lang='lat' dir='ltr'><strong>dies</strong></span> <span class='ocrx_word' id='word_1_869' title='bbox 3149 4159 3288 4210; x_wconf 92' lang='lat' dir='ltr'><strong>mille</strong></span> <span class='ocrx_word' id='word_1_870' title='bbox 3319 4165 3578 4211; x_wconf 90' lang='lat' dir='ltr'><strong>trecentos</strong></span> <span class='ocrx_word' id='word_1_871' title='bbox 3617 4157 3818 4225; x_wconf 83' lang='lat' dir='ltr'><strong>triginta</strong></span> <span class='ocrx_word' id='word_1_872' title='bbox 3841 4158 3998 4222; x_wconf 91' lang='lat' dir='ltr'><strong>quin-</strong></span> 
     </span>
    </p>
   </div>
   <div class='ocr_carea' id='block_1_105' title="bbox 2455 4246 3998 4315">
    <p class='ocr_par' dir='ltr' id='par_1_105' title="bbox 2455 4246 3998 4315">
     <span class='ocr_line' id='line_1_105' title="bbox 2455 4246 3998 4315; baseline -0.001 -15"><span class='ocrx_word' id='word_1_873' title='bbox 2455 4265 2573 4315; x_wconf 90' lang='lat' dir='ltr'><strong>que.</strong></span> <span class='ocrx_word' id='word_1_874' title='bbox 2603 4249 2683 4300; x_wconf 81' lang='lat' dir='ltr'><strong>I5.</strong></span> <span class='ocrx_word' id='word_1_875' title='bbox 2719 4248 2779 4298; x_wconf 85' lang='lat' dir='ltr'><strong>Et</strong></span> <span class='ocrx_word' id='word_1_876' title='bbox 2811 4257 2862 4299; x_wconf 89' lang='lat' dir='ltr'><strong>ttt</strong></span> <span class='ocrx_word' id='word_1_877' title='bbox 2891 4248 3019 4299; x_wconf 89' lang='lat' dir='ltr'><strong>vade</strong></span> <span class='ocrx_word' id='word_1_878' title='bbox 3040 4288 3052 4308; x_wconf 90' lang='lat'><strong>,</strong></span> <span class='ocrx_word' id='word_1_879' title='bbox 3080 4262 3140 4299; x_wconf 91' lang='lat' dir='ltr'><strong>ac</strong></span> <span class='ocrx_word' id='word_1_880' title='bbox 3169 4247 3470 4314; x_wconf 87' lang='lat' dir='ltr'><strong>requiesce:</strong></span> <span class='ocrx_word' id='word_1_881' title='bbox 3499 4246 3667 4298; x_wconf 91' lang='lat' dir='ltr'><strong>adhuc</strong></span> <span class='ocrx_word' id='word_1_882' title='bbox 3714 4247 3851 4298; x_wconf 88' lang='lat' dir='ltr'><strong>enim</strong></span> <span class='ocrx_word' id='word_1_883' title='bbox 3887 4248 3998 4299; x_wconf 88' lang='lat' dir='ltr'><strong>dies</strong></span> 
     </span>
    </p>
   </div>
   <div class='ocr_carea' id='block_1_106' title="bbox 2455 4335 4000 4403">
    <p class='ocr_par' dir='ltr' id='par_1_106' title="bbox 2455 4335 4000 4403">
     <span class='ocr_line' id='line_1_106' title="bbox 2455 4335 4000 4403; baseline -0.003 -14"><span class='ocrx_word' id='word_1_884' title='bbox 2455 4338 2504 4389; x_wconf 93' lang='lat' dir='ltr'><strong>in</strong></span> <span class='ocrx_word' id='word_1_885' title='bbox 2529 4337 2926 4403; x_wconf 88' lang='lat' dir='ltr'><strong>complelionetn</strong></span> <span class='ocrx_word' id='word_1_886' title='bbox 2949 4336 3411 4387; x_wconf 81' lang='lat' dir='ltr'><strong>consummationis</strong></span> <span class='ocrx_word' id='word_1_887' title='bbox 3442 4353 3453 4386; x_wconf 92' lang='lat'><strong>:</strong></span> <span class='ocrx_word' id='word_1_888' title='bbox 3482 4343 3534 4387; x_wconf 91' lang='lat' dir='ltr'><strong>et</strong></span> <span class='ocrx_word' id='word_1_889' title='bbox 3556 4335 3846 4402; x_wconf 81' lang='lat' dir='ltr'><strong>requiesces</strong></span> <span class='ocrx_word' id='word_1_890' title='bbox 3872 4348 4000 4388; x_wconf 88' lang='lat' dir='ltr'><strong>tent-</strong></span> 
     </span>
    </p>
   </div>
   <div class='ocr_carea' id='block_1_107' title="bbox 2456 4423 3996 4493">
    <p class='ocr_par' dir='ltr' id='par_1_107' title="bbox 2456 4423 3996 4493">
     <span class='ocr_line' id='line_1_107' title="bbox 2456 4423 3996 4493; baseline -0.002 -16"><span class='ocrx_word' id='word_1_891' title='bbox 2456 4440 2550 4493; x_wconf 92' lang='lat' dir='ltr'><strong>pus</strong></span> <span class='ocrx_word' id='word_1_892' title='bbox 2594 4434 2733 4476; x_wconf 92' lang='lat' dir='ltr'><strong>tuum</strong></span> <span class='ocrx_word' id='word_1_893' title='bbox 2784 4425 2832 4476; x_wconf 90' lang='lat' dir='ltr'><strong>itt</strong></span> <span class='ocrx_word' id='word_1_894' title='bbox 2879 4425 3380 4477; x_wconf 86' lang='lat' dir='ltr'><strong>eottsumntationem</strong></span> <span class='ocrx_word' id='word_1_895' title='bbox 3411 4423 3610 4477; x_wconf 90' lang='lat' dir='ltr'><strong>dierum</strong></span> <span class='ocrx_word' id='word_1_896' title='bbox 3637 4441 3653 4473; x_wconf 74' lang='grc' dir='ltr'><strong>ο</strong></span> <span class='ocrx_word' id='word_1_897' title='bbox 3694 4424 3790 4491; x_wconf 83' lang='grc' dir='ltr'><strong>(α).</strong></span> <span class='ocrx_word' id='word_1_898' title='bbox 3836 4424 3996 4485; x_wconf 83' lang='grc' dir='ltr'><strong>Ειιιι,</strong></span> 
     </span>
    </p>
   </div>
   <div class='ocr_carea' id='block_1_108' title="bbox 2457 4510 3996 4580">
    <p class='ocr_par' dir='ltr' id='par_1_108' title="bbox 2457 4510 3996 4580">
     <span class='ocr_line' id='line_1_108' title="bbox 2457 4510 3996 4580; baseline -0.002 -14"><span class='ocrx_word' id='word_1_899' title='bbox 2457 4513 2655 4580; x_wconf 87' lang='lat' dir='ltr'><strong>inquit,</strong></span> <span class='ocrx_word' id='word_1_900' title='bbox 2689 4514 2831 4566; x_wconf 91' lang='lat' dir='ltr'><strong>sede.</strong></span> <span class='ocrx_word' id='word_1_901' title='bbox 2864 4511 2990 4564; x_wconf 83' lang='lat' dir='ltr'><strong>Nam</strong></span> <span class='ocrx_word' id='word_1_902' title='bbox 3018 4521 3134 4579; x_wconf 93' lang='lat' dir='ltr'><strong>post</strong></span> <span class='ocrx_word' id='word_1_903' title='bbox 3158 4511 3372 4564; x_wconf 90' lang='lat' dir='ltr'><strong>ntultum</strong></span> <span class='ocrx_word' id='word_1_904' title='bbox 3420 4520 3622 4579; x_wconf 89' lang='lat' dir='ltr'><strong>tempus</strong></span> <span class='ocrx_word' id='word_1_905' title='bbox 3665 4510 3778 4566; x_wconf 79' lang='lat' dir='ltr'><strong>lucc</strong></span> <span class='ocrx_word' id='word_1_906' title='bbox 3825 4521 3996 4566; x_wconf 87' lang='lat' dir='ltr'><strong>erunt.</strong></span> 
     </span>
    </p>
   </div>
   <div class='ocr_carea' id='block_1_109' title="bbox 2461 4603 3996 4676">
    <p class='ocr_par' dir='ltr' id='par_1_109' title="bbox 2461 4603 3996 4676">
     <span class='ocr_line' id='line_1_109' title="bbox 2461 4603 3996 4676; baseline -0.004 -16"><span class='ocrx_word' id='word_1_907' title='bbox 2461 4609 2619 4676; x_wconf 86' lang='lat' dir='ltr'><strong>Igitur</strong></span> <span class='ocrx_word' id='word_1_908' title='bbox 2663 4607 2858 4659; x_wconf 86' lang='lat' dir='ltr'><strong>nonde</strong></span> <span class='ocrx_word' id='word_1_909' title='bbox 2902 4606 3070 4658; x_wconf 87' lang='lat' dir='ltr'><strong>reditu</strong></span> <span class='ocrx_word' id='word_1_910' title='bbox 3114 4603 3575 4667; x_wconf 87' lang='lat' dir='ltr'><strong>lamentatur,scd</strong></span> <span class='ocrx_word' id='word_1_911' title='bbox 3617 4613 3735 4670; x_wconf 88' lang='lat' dir='ltr'><strong>post</strong></span> <span class='ocrx_word' id='word_1_912' title='bbox 3773 4605 3996 4658; x_wconf 89' lang='lat' dir='ltr'><strong>reditum</strong></span> 
     </span>
    </p>
   </div>
   <div class='ocr_carea' id='block_1_110' title="bbox 2459 4697 3066 4770">
    <p class='ocr_par' dir='ltr' id='par_1_110' title="bbox 2459 4697 3066 4770">
     <span class='ocr_line' id='line_1_110' title="bbox 2459 4697 3066 4770; baseline -0.01 -19"><span class='ocrx_word' id='word_1_913' title='bbox 2459 4716 2552 4770; x_wconf 91' lang='lat' dir='ltr'><strong>pro</strong></span> <span class='ocrx_word' id='word_1_914' title='bbox 2584 4700 2644 4752; x_wconf 89' lang='lat' dir='ltr'><strong>iis</strong></span> <span class='ocrx_word' id='word_1_915' title='bbox 2673 4699 2758 4767; x_wconf 93' lang='lat' dir='ltr'><strong>qui</strong></span> <span class='ocrx_word' id='word_1_916' title='bbox 2786 4697 3066 4750; x_wconf 89' lang='lat' dir='ltr'><strong>redierant.</strong></span> 
     </span>
    </p>
   </div>
   <div class='ocr_carea' id='block_1_111' title="bbox 2734 4826 3717 4895">
    <p class='ocr_par' dir='ltr' id='par_1_111' title="bbox 2734 4826 3717 4895">
     <span class='ocr_line' id='line_1_111' title="bbox 2734 4826 3717 4895; baseline -0.007 -11"><span class='ocrx_word' id='word_1_917' title='bbox 2734 4829 2952 4885; x_wconf 83' lang='lat' dir='ltr'><strong>CAI‘UT</strong></span> <span class='ocrx_word' id='word_1_918' title='bbox 2998 4828 3131 4881; x_wconf 74' lang='lat' dir='ltr'><strong>XIII.</strong></span> <span class='ocrx_word' id='word_1_919' title='bbox 3184 4827 3285 4895; x_wconf 87' lang='lat' dir='ltr'><strong>(In</strong></span> <span class='ocrx_word' id='word_1_920' title='bbox 3333 4827 3482 4895; x_wconf 80' lang='lat' dir='ltr'><strong>Vulg.</strong></span> <span class='ocrx_word' id='word_1_921' title='bbox 3534 4826 3717 4895; x_wconf 79' lang='lat' dir='ltr'><strong>XIV.)</strong></span> 
     </span>
    </p>
   </div>
   <div class='ocr_carea' id='block_1_112' title="bbox 2533 4961 4002 5032">
    <p class='ocr_par' dir='ltr' id='par_1_112' title="bbox 2533 4961 4002 5032">
     <span class='ocr_line' id='line_1_112' title="bbox 2533 4961 4002 5032; baseline -0.007 -10"><span class='ocrx_word' id='word_1_922' title='bbox 2533 4971 2578 5022; x_wconf 84' lang='grc'><strong>1.</strong></span> <span class='ocrx_word' id='word_1_923' title='bbox 2622 4988 2637 5017; x_wconf 85' lang='lat' dir='ltr'><strong>t</strong></span> <span class='ocrx_word' id='word_1_924' title='bbox 2669 4968 2733 5019; x_wconf 88' lang='lat' dir='ltr'><strong>Et</strong></span> <span class='ocrx_word' id='word_1_925' title='bbox 2762 4982 2849 5018; x_wconf 91' lang='lat' dir='ltr'><strong>rex</strong></span> <span class='ocrx_word' id='word_1_926' title='bbox 2879 4966 3129 5032; x_wconf 80' lang='lat' dir='ltr'><strong>Astyages</strong></span> <span class='ocrx_word' id='word_1_927' title='bbox 3158 4963 3422 5031; x_wconf 88' lang='lat' dir='ltr'><strong>appositus</strong></span> <span class='ocrx_word' id='word_1_928' title='bbox 3450 4973 3530 5017; x_wconf 89' lang='lat' dir='ltr'><strong>est</strong></span> <span class='ocrx_word' id='word_1_929' title='bbox 3549 4961 3610 5013; x_wconf 79' lang='lat' dir='ltr'><strong>atl</strong></span> <span class='ocrx_word' id='word_1_930' title='bbox 3645 4971 3820 5029; x_wconf 82' lang='lat' dir='ltr'><strong>patres</strong></span> <span class='ocrx_word' id='word_1_931' title='bbox 3841 4977 3964 5016; x_wconf 83' lang='lat' dir='ltr'><strong>suos</strong></span> <span class='ocrx_word' id='word_1_932' title='bbox 3988 4977 4002 5012; x_wconf 72' lang='grc' dir='ltr'>ε</span> 
     </span>
    </p>
   </div>
   <div class='ocr_carea' id='block_1_113' title="bbox 2463 5049 3992 5124">
    <p class='ocr_par' dir='ltr' id='par_1_113' title="bbox 2463 5049 3992 5124">
     <span class='ocr_line' id='line_1_113' title="bbox 2463 5049 3992 5124; baseline -0.005 -13"><span class='ocrx_word' id='word_1_933' title='bbox 2463 5072 2514 5111; x_wconf 90' lang='lat' dir='ltr'><strong>et</strong></span> <span class='ocrx_word' id='word_1_934' title='bbox 2544 5057 2742 5124; x_wconf 70' lang='lat' dir='ltr'><strong>accvpit</strong></span> <span class='ocrx_word' id='word_1_935' title='bbox 2768 5055 2934 5121; x_wconf 82' lang='lat' dir='ltr'><strong>Cyrus</strong></span> <span class='ocrx_word' id='word_1_936' title='bbox 2963 5054 3116 5105; x_wconf 68' lang='lat' dir='ltr'><strong>l‘er:a</strong></span> <span class='ocrx_word' id='word_1_937' title='bbox 3149 5067 3359 5118; x_wconf 85' lang='lat' dir='ltr'><strong>regnum</strong></span> <span class='ocrx_word' id='word_1_938' title='bbox 3402 5052 3514 5115; x_wconf 83' lang='lat' dir='ltr'><strong>ejus</strong></span> <span class='ocrx_word' id='word_1_939' title='bbox 3543 5049 3636 5114; x_wconf 92' lang='lat' dir='ltr'><strong>(b).</strong></span> <span class='ocrx_word' id='word_1_940' title='bbox 3687 5051 3737 5100; x_wconf 71' lang='lat'><strong>2.</strong></span> <span class='ocrx_word' id='word_1_941' title='bbox 3794 5050 3856 5101; x_wconf 83' lang='lat' dir='ltr'><strong>Et</strong></span> <span class='ocrx_word' id='word_1_942' title='bbox 3883 5061 3992 5103; x_wconf 75' lang='lat' dir='ltr'><strong>erat</strong></span> 
     </span>
    </p>
   </div>
   <div class='ocr_carea' id='block_1_114' title="bbox 2464 5199 4003 5261">
    <p class='ocr_par' dir='ltr' id='par_1_114' title="bbox 2464 5199 4003 5261">
     <span class='ocr_line' id='line_1_114' title="bbox 2464 5199 4003 5261; baseline -0.011 0"><span class='ocrx_word' id='word_1_943' title='bbox 2464 5211 2573 5261; x_wconf 89' lang='lat' dir='ltr'><strong>mile</strong></span> <span class='ocrx_word' id='word_1_944' title='bbox 2608 5211 2809 5257; x_wconf 83' lang='lat' dir='ltr'><strong>habetur</strong></span> <span class='ocrx_word' id='word_1_945' title='bbox 2844 5207 2942 5252; x_wconf 83' lang='lat' dir='ltr'><strong>.lobi</strong></span> <span class='ocrx_word' id='word_1_946' title='bbox 2979 5205 3051 5256; x_wconf 66' lang='lat' dir='ltr'><strong>l2,</strong></span> <span class='ocrx_word' id='word_1_947' title='bbox 3077 5204 3122 5256; x_wconf 75' lang='lat'><strong>8,</strong></span> <span class='ocrx_word' id='word_1_948' title='bbox 3150 5202 3366 5248; x_wconf 77' lang='lat' dir='ltr'><strong>existimo</strong></span> <span class='ocrx_word' id='word_1_949' title='bbox 3398 5207 3440 5247; x_wconf 86' lang='lat' dir='ltr'><strong>S.</strong></span> <span class='ocrx_word' id='word_1_950' title='bbox 3480 5199 3856 5261; x_wconf 75' lang='lat' dir='ltr'><strong>Cltrysostotnum</strong></span> <span class='ocrx_word' id='word_1_951' title='bbox 3901 5214 4003 5249; x_wconf 86' lang='lat' dir='ltr'><strong>eum</strong></span> 
     </span>
    </p>
   </div>
   <div class='ocr_carea' id='block_1_115' title="bbox 2465 5258 4004 5327">
    <p class='ocr_par' dir='ltr' id='par_1_115' title="bbox 2465 5258 4004 5327">
     <span class='ocr_line' id='line_1_115' title="bbox 2465 5258 4004 5327; baseline -0.006 -10"><span class='ocrx_word' id='word_1_952' title='bbox 2465 5258 2616 5321; x_wconf 66' lang='lat' dir='ltr'><strong>locum</strong></span> <span class='ocrx_word' id='word_1_953' title='bbox 2642 5272 2686 5315; x_wconf 92' lang='lat' dir='ltr'><strong>in</strong></span> <span class='ocrx_word' id='word_1_954' title='bbox 2710 5276 2872 5314; x_wconf 85' lang='lat' dir='ltr'><strong>mente</strong></span> <span class='ocrx_word' id='word_1_955' title='bbox 2896 5267 3134 5327; x_wconf 84' lang='lat' dir='ltr'><strong>habuisse.</strong></span> <span class='ocrx_word' id='word_1_956' title='bbox 3159 5263 3235 5327; x_wconf 56' lang='lat' dir='ltr'><strong>Sic</strong></span> <span class='ocrx_word' id='word_1_957' title='bbox 3257 5262 3380 5307; x_wconf 88' lang='lat' dir='ltr'><strong>enim</strong></span> <span class='ocrx_word' id='word_1_958' title='bbox 3407 5258 4004 5327; x_wconf 72' lang='lat' dir='ltr'><strong>interdum_hallucinant::r</strong></span> 
     </span>
    </p>
   </div>
   <div class='ocr_carea' id='block_1_116' title="bbox 2465 5318 4005 5381">
    <p class='ocr_par' dir='ltr' id='par_1_116' title="bbox 2465 5318 4005 5381">
     <span class='ocr_line' id='line_1_116' title="bbox 2465 5318 4005 5381; baseline -0.008 -3"><span class='ocrx_word' id='word_1_959' title='bbox 2465 5318 2681 5380; x_wconf 58' lang='lat' dir='ltr'><strong>Ecclesite</strong></span> <span class='ocrx_word' id='word_1_960' title='bbox 2715 5329 2934 5374; x_wconf 79' lang='lat' dir='ltr'><strong>doctores</strong></span> <span class='ocrx_word' id='word_1_961' title='bbox 2963 5323 3255 5372; x_wconf 82' lang='lat' dir='ltr'><strong>sanctissimi.</strong></span> <span class='ocrx_word' id='word_1_962' title='bbox 3282 5327 3440 5368; x_wconf 79' lang='lat' dir='ltr'><strong>Posset</strong></span> <span class='ocrx_word' id='word_1_963' title='bbox 3465 5319 3606 5366; x_wconf 88' lang='lat' dir='ltr'><strong>etiam</strong></span> <span class='ocrx_word' id='word_1_964' title='bbox 3632 5318 3723 5366; x_wconf 87' lang='lat' dir='ltr'><strong>dici</strong></span> <span class='ocrx_word' id='word_1_965' title='bbox 3748 5321 4005 5381; x_wconf 57' lang='grc' dir='ltr'><strong>(ἐκθεῖ-ἰριο-</strong></span> 
     </span>
    </p>
   </div>
   <div class='ocr_carea' id='block_1_117' title="bbox 2465 5384 3342 5441">
    <p class='ocr_par' dir='ltr' id='par_1_117' title="bbox 2465 5384 3342 5441">
     <span class='ocr_line' id='line_1_117' title="bbox 2465 5384 3342 5441; baseline -0.018 0"><span class='ocrx_word' id='word_1_966' title='bbox 2465 5406 2568 5441; x_wconf 89' lang='lat' dir='ltr'><strong>rem</strong></span> <span class='ocrx_word' id='word_1_967' title='bbox 2592 5393 2683 5435; x_wconf 77' lang='grc' dir='ltr'>ιιιιο</span> <span class='ocrx_word' id='word_1_968' title='bbox 2708 5388 2806 5434; x_wconf 87' lang='lat' dir='ltr'><strong>loca</strong></span> <span class='ocrx_word' id='word_1_969' title='bbox 2828 5385 3092 5433; x_wconf 77' lang='lat' dir='ltr'><strong>cont‘udisse</strong></span> <span class='ocrx_word' id='word_1_970' title='bbox 3113 5384 3156 5427; x_wconf 86' lang='lat' dir='ltr'><strong>in</strong></span> <span class='ocrx_word' id='word_1_971' title='bbox 3182 5392 3342 5426; x_wconf 89' lang='lat' dir='ltr'><strong>unum.</strong></span> 
     </span>
    </p>
   </div>
   <div class='ocr_carea' id='block_1_118' title="bbox 2531 5437 3750 5509">
    <p class='ocr_par' dir='ltr' id='par_1_118' title="bbox 2531 5437 3750 5509">
     <span class='ocr_line' id='line_1_118' title="bbox 2531 5437 3750 5509; baseline -0.008 -13"><span class='ocrx_word' id='word_1_972' title='bbox 2531 5452 2598 5509; x_wconf 82' lang='lat' dir='ltr'><strong>(o)</strong></span> <span class='ocrx_word' id='word_1_973' title='bbox 2633 5445 2921 5509; x_wconf 70' lang='lat' dir='ltr'><strong>tiousulendi</strong></span> <span class='ocrx_word' id='word_1_974' title='bbox 2940 5452 2983 5489; x_wconf 77' lang='grc' dir='ltr'>η.</span> <span class='ocrx_word' id='word_1_975' title='bbox 3011 5444 3312 5509; x_wconf 58' lang='lat' dir='ltr'><strong>Hieronymus</strong></span> <span class='ocrx_word' id='word_1_976' title='bbox 3335 5437 3750 5509; x_wconf 66' lang='lat' dir='ltr'><strong>ae&#39;rheodoretns.</strong></span> 
     </span>
    </p>
   </div>
   <div class='ocr_carea' id='block_1_119' title="bbox 2529 5498 4006 5568">
    <p class='ocr_par' dir='ltr' id='par_1_119' title="bbox 2529 5498 4006 5568">
     <span class='ocr_line' id='line_1_119' title="bbox 2529 5498 4006 5568; baseline -0.005 -15"><span class='ocrx_word' id='word_1_977' title='bbox 2529 5498 2596 5568; x_wconf 57' lang='lat' dir='ltr'><strong>(bi</strong></span> <span class='ocrx_word' id='word_1_978' title='bbox 2634 5509 2680 5555; x_wconf 89' lang='lat' dir='ltr'><strong>Id</strong></span> <span class='ocrx_word' id='word_1_979' title='bbox 2709 5509 2860 5566; x_wconf 87' lang='lat' dir='ltr'><strong>primo</strong></span> <span class='ocrx_word' id='word_1_980' title='bbox 2882 5505 3101 5553; x_wconf 84' lang='lat' dir='ltr'><strong>observo,</strong></span> <span class='ocrx_word' id='word_1_981' title='bbox 3128 5498 3570 5568; x_wconf 36' lang='lat' dir='ltr'><strong>s.’£ltrysosttimttm</strong></span> <span class='ocrx_word' id='word_1_982' title='bbox 3599 5498 4006 5568; x_wconf 36' lang='lat' dir='ltr'><strong>.Grtecos.</strong></span> 
     </span>
    </p>
   </div>
   <div class='ocr_carea' id='block_1_120' title="bbox 2473 5558 4003 5629">
    <p class='ocr_par' dir='ltr' id='par_1_120' title="bbox 2473 5558 4003 5629">
     <span class='ocr_line' id='line_1_120' title="bbox 2473 5558 4003 5629; baseline -0.008 -14"><span class='ocrx_word' id='word_1_983' title='bbox 2473 5558 2738 5629; x_wconf 69' lang='lat' dir='ltr'><strong>sequutum,</strong></span> <span class='ocrx_word' id='word_1_984' title='bbox 2774 5569 2860 5612; x_wconf 88' lang='lat' dir='ltr'><strong>ista</strong></span> <span class='ocrx_word' id='word_1_985' title='bbox 2904 5575 3008 5609; x_wconf 90' lang='lat' dir='ltr'><strong>cum</strong></span> <span class='ocrx_word' id='word_1_986' title='bbox 3045 5559 3362 5619; x_wconf 81' lang='lat' dir='ltr'><strong>superioribus</strong></span> <span class='ocrx_word' id='word_1_987' title='bbox 3390 5558 3691 5617; x_wconf 79' lang='lat' dir='ltr'><strong>conjunxisse</strong></span> <span class='ocrx_word' id='word_1_988' title='bbox 3723 5572 3734 5605; x_wconf 90' lang='lat'><strong>:</strong></span> <span class='ocrx_word' id='word_1_989' title='bbox 3771 5559 4003 5607; x_wconf 79' lang='lat' dir='ltr'><strong>librarium</strong></span> 
     </span>
    </p>
   </div>
  </div>
