  <div class='ocr_page' id='page_1' title='image "/cluster/home/n/w/nwhite01/storage/ocr_20150623/56/pst.000005712557/248.png"; bbox 0 0 4140 6314; ppageno 0'>
   <div class='ocr_carea' id='block_1_1' title="bbox 153 327 252 379">
    <p class='ocr_par' dir='ltr' id='par_1_1' title="bbox 153 327 252 379">
     <span class='ocr_line' id='line_1_1' title="bbox 153 327 252 379; baseline 0.01 -2"><span class='ocrx_word' id='word_1_1' title='bbox 153 327 252 379; x_wconf 77' lang='lat'>243</span> 
     </span>
    </p>
   </div>
   <div class='ocr_carea' id='block_1_2' title="bbox 144 427 1685 510">
    <p class='ocr_par' dir='ltr' id='par_1_2' title="bbox 144 427 1685 510">
     <span class='ocr_line' id='line_1_2' title="bbox 144 427 1685 510; baseline 0.008 -30"><span class='ocrx_word' id='word_1_2' title='bbox 144 430 346 497; x_wconf 79' lang='grc' dir='ltr'>δρίζου.</span> <span class='ocrx_word' id='word_1_3' title='bbox 376 430 487 483; x_wconf 85' lang='lat' dir='ltr'>Kal</span> <span class='ocrx_word' id='word_1_4' title='bbox 518 430 667 498; x_wconf 75' lang='grc' dir='ltr'>ἔστη.</span> <span class='ocrx_word' id='word_1_5' title='bbox 710 427 859 493; x_wconf 83' lang='grc' dir='ltr'>Εἶδες</span> <span class='ocrx_word' id='word_1_6' title='bbox 889 434 940 486; x_wconf 89' lang='grc' dir='ltr'>τί</span> <span class='ocrx_word' id='word_1_7' title='bbox 983 434 1128 487; x_wconf 85' lang='grc' dir='ltr'>ἐστιν</span> <span class='ocrx_word' id='word_1_8' title='bbox 1153 436 1271 503; x_wconf 75' lang='grc' dir='ltr'>δψις</span> <span class='ocrx_word' id='word_1_9' title='bbox 1305 437 1565 505; x_wconf 83' lang='grc' dir='ltr'>ἀγγέλου;</span> <span class='ocrx_word' id='word_1_10' title='bbox 1597 441 1685 510; x_wconf 83' lang='grc' dir='ltr'>Μὴ</span> 
     </span>
    </p>
   </div>
   <div class='ocr_carea' id='block_1_3' title="bbox 143 515 1687 595">
    <p class='ocr_par' dir='ltr' id='par_1_3' title="bbox 143 515 1687 595">
     <span class='ocr_line' id='line_1_3' title="bbox 143 515 1687 595; baseline 0.01 -30"><span class='ocrx_word' id='word_1_11' title='bbox 143 517 360 586; x_wconf 77' lang='grc' dir='ltr'>νομίσῃς</span> <span class='ocrx_word' id='word_1_12' title='bbox 400 519 597 587; x_wconf 86' lang='grc' dir='ltr'>χαλκὸν</span> <span class='ocrx_word' id='word_1_13' title='bbox 622 515 757 573; x_wconf 75' lang='grc' dir='ltr'>εἶναι</span> <span class='ocrx_word' id='word_1_14' title='bbox 781 522 837 573; x_wconf 90' lang='grc' dir='ltr'>τὸ</span> <span class='ocrx_word' id='word_1_15' title='bbox 858 524 1147 592; x_wconf 86' lang='grc' dir='ltr'>ὁρώμενον,</span> <span class='ocrx_word' id='word_1_16' title='bbox 1183 527 1314 593; x_wconf 82' lang='grc' dir='ltr'>μηδὲ</span> <span class='ocrx_word' id='word_1_17' title='bbox 1340 528 1574 595; x_wconf 81' lang='grc' dir='ltr'>χρυσίον.</span> <span class='ocrx_word' id='word_1_18' title='bbox 1592 530 1687 592; x_wconf 90' lang='grc' dir='ltr'>Τίς</span> 
     </span>
    </p>
   </div>
   <div class='ocr_carea' id='block_1_4' title="bbox 140 604 1686 685">
    <p class='ocr_par' dir='ltr' id='par_1_4' title="bbox 140 604 1686 685">
     <span class='ocr_line' id='line_1_4' title="bbox 140 604 1686 685; baseline 0.01 -32"><span class='ocrx_word' id='word_1_19' title='bbox 140 604 237 672; x_wconf 84' lang='grc' dir='ltr'>γὰρ</span> <span class='ocrx_word' id='word_1_20' title='bbox 263 605 365 656; x_wconf 85' lang='grc' dir='ltr'>οὐκ</span> <span class='ocrx_word' id='word_1_21' title='bbox 396 607 461 656; x_wconf 85' lang='grc' dir='ltr'>ἂν</span> <span class='ocrx_word' id='word_1_22' title='bbox 484 607 692 672; x_wconf 85' lang='grc' dir='ltr'>ἐνέγκοι</span> <span class='ocrx_word' id='word_1_23' title='bbox 723 608 922 660; x_wconf 84' lang='grc' dir='ltr'>τούτων</span> <span class='ocrx_word' id='word_1_24' title='bbox 951 610 1049 679; x_wconf 84' lang='grc' dir='ltr'>τὴν</span> <span class='ocrx_word' id='word_1_25' title='bbox 1082 611 1201 678; x_wconf 72' lang='grc' dir='ltr'>ὄψιν</span> <span class='ocrx_word' id='word_1_26' title='bbox 1226 630 1239 677; x_wconf 91' lang='grc'><strong>;</strong></span> <span class='ocrx_word' id='word_1_27' title='bbox 1264 614 1542 682; x_wconf 86' lang='grc' dir='ltr'>Πανταχοῦ</span> <span class='ocrx_word' id='word_1_28' title='bbox 1580 617 1686 685; x_wconf 91' lang='grc' dir='ltr'>γάρ</span> 
     </span>
    </p>
   </div>
   <div class='ocr_carea' id='block_1_5' title="bbox 139 689 1687 769">
    <p class='ocr_par' dir='ltr' id='par_1_5' title="bbox 139 689 1687 769">
     <span class='ocr_line' id='line_1_5' title="bbox 139 689 1687 769; baseline 0.008 -29"><span class='ocrx_word' id='word_1_29' title='bbox 139 689 192 740; x_wconf 77' lang='grc' dir='ltr'>τὸ</span> <span class='ocrx_word' id='word_1_30' title='bbox 226 689 343 754; x_wconf 80' lang='grc' dir='ltr'>φῶς</span> <span class='ocrx_word' id='word_1_31' title='bbox 369 693 563 744; x_wconf 85' lang='grc' dir='ltr'>κεῖται.</span> <span class='ocrx_word' id='word_1_32' title='bbox 598 692 749 743; x_wconf 80' lang='grc' dir='ltr'>Ἐπεὶ</span> <span class='ocrx_word' id='word_1_33' title='bbox 784 694 959 746; x_wconf 84' lang='grc' dir='ltr'>τοίνυν</span> <span class='ocrx_word' id='word_1_34' title='bbox 985 696 1308 765; x_wconf 82' lang='grc' dir='ltr'>ἀπεστάλην,</span> <span class='ocrx_word' id='word_1_35' title='bbox 1337 700 1687 769; x_wconf 85' lang='grc' dir='ltr'>προσημαίνω</span> 
     </span>
    </p>
   </div>
   <div class='ocr_carea' id='block_1_6' title="bbox 137 774 1685 854">
    <p class='ocr_par' dir='ltr' id='par_1_6' title="bbox 137 774 1685 854">
     <span class='ocr_line' id='line_1_6' title="bbox 137 774 1685 854; baseline 0.012 -30"><span class='ocrx_word' id='word_1_36' title='bbox 137 774 285 825; x_wconf 81' lang='grc' dir='ltr'>τοῦτο</span> <span class='ocrx_word' id='word_1_37' title='bbox 316 777 495 843; x_wconf 90' lang='grc' dir='ltr'>μόνον,</span> <span class='ocrx_word' id='word_1_38' title='bbox 520 778 671 846; x_wconf 77' lang='grc' dir='ltr'>φησὶ,</span> <span class='ocrx_word' id='word_1_39' title='bbox 704 779 775 848; x_wconf 87' lang='grc' dir='ltr'>μὴ</span> <span class='ocrx_word' id='word_1_40' title='bbox 801 780 1111 853; x_wconf 81' lang='grc' dir='ltr'>διαφθείρῃς</span> <span class='ocrx_word' id='word_1_41' title='bbox 1144 784 1240 853; x_wconf 83' lang='grc' dir='ltr'>τὴν</span> <span class='ocrx_word' id='word_1_42' title='bbox 1278 784 1458 854; x_wconf 82' lang='grc' dir='ltr'>χάριν.</span> <span class='ocrx_word' id='word_1_43' title='bbox 1496 789 1685 842; x_wconf 82' lang='grc' dir='ltr'>Ἠκού-</span> 
     </span>
    </p>
   </div>
   <div class='ocr_carea' id='block_1_7' title="bbox 136 866 1683 943">
    <p class='ocr_par' dir='ltr' id='par_1_7' title="bbox 136 866 1683 943">
     <span class='ocr_line' id='line_1_7' title="bbox 136 866 1683 943; baseline 0.008 -28"><span class='ocrx_word' id='word_1_44' title='bbox 136 866 373 929; x_wconf 83' lang='grc' dir='ltr'>σθησαν</span> <span class='ocrx_word' id='word_1_45' title='bbox 393 867 448 917; x_wconf 85' lang='lat' dir='ltr'><strong><em>ol</em></strong></span> <span class='ocrx_word' id='word_1_46' title='bbox 463 868 628 934; x_wconf 76' lang='grc' dir='ltr'>λόγοι</span> <span class='ocrx_word' id='word_1_47' title='bbox 648 883 783 933; x_wconf 88' lang='grc' dir='ltr'>σου,</span> <span class='ocrx_word' id='word_1_48' title='bbox 801 869 895 920; x_wconf 82' lang='grc' dir='ltr'>καὶ</span> <span class='ocrx_word' id='word_1_49' title='bbox 918 870 1029 937; x_wconf 77' lang='grc' dir='ltr'>ἐγὼ</span> <span class='ocrx_word' id='word_1_50' title='bbox 1052 867 1240 938; x_wconf 81' lang='grc' dir='ltr'>ἦλθον</span> <span class='ocrx_word' id='word_1_51' title='bbox 1252 873 1321 924; x_wconf 87' lang='grc' dir='ltr'>ἐν</span> <span class='ocrx_word' id='word_1_52' title='bbox 1340 874 1461 939; x_wconf 86' lang='grc' dir='ltr'>τοῖς</span> <span class='ocrx_word' id='word_1_53' title='bbox 1483 877 1683 943; x_wconf 80' lang='grc' dir='ltr'>λόγοις</span> 
     </span>
    </p>
   </div>
   <div class='ocr_carea' id='block_1_8' title="bbox 134 952 1681 1034">
    <p class='ocr_par' dir='ltr' id='par_1_8' title="bbox 134 952 1681 1034">
     <span class='ocr_line' id='line_1_8' title="bbox 134 952 1681 1034; baseline 0.009 -33"><span class='ocrx_word' id='word_1_54' title='bbox 134 967 265 1003; x_wconf 87' lang='grc' dir='ltr'>σου.</span> <span class='ocrx_word' id='word_1_55' title='bbox 295 952 360 1003; x_wconf 86' lang='grc' dir='ltr'>Τί</span> <span class='ocrx_word' id='word_1_56' title='bbox 389 952 495 1022; x_wconf 84' lang='grc' dir='ltr'>γάρ</span> <span class='ocrx_word' id='word_1_57' title='bbox 526 954 834 1023; x_wconf 80' lang='grc' dir='ltr'>παρεκάλει,</span> <span class='ocrx_word' id='word_1_58' title='bbox 869 958 961 1008; x_wconf 74' lang='grc' dir='ltr'>καὶ</span> <span class='ocrx_word' id='word_1_59' title='bbox 991 958 1042 1009; x_wconf 84' lang='grc' dir='ltr'>τί</span> <span class='ocrx_word' id='word_1_60' title='bbox 1075 958 1270 1023; x_wconf 84' lang='grc' dir='ltr'>ἐδεῖτο;</span> <span class='ocrx_word' id='word_1_61' title='bbox 1306 962 1413 1013; x_wconf 82' lang='lat' dir='ltr'>Kal</span> <span class='ocrx_word' id='word_1_62' title='bbox 1440 963 1544 1032; x_wconf 80' lang='grc' dir='ltr'>μὴν</span> <span class='ocrx_word' id='word_1_63' title='bbox 1563 964 1681 1034; x_wconf 73' lang='grc' dir='ltr'>οὐχὶ</span> 
     </span>
    </p>
   </div>
   <div class='ocr_carea' id='block_1_9' title="bbox 133 1041 1671 1117">
    <p class='ocr_par' dir='ltr' id='par_1_9' title="bbox 133 1041 1671 1117">
     <span class='ocr_line' id='line_1_9' title="bbox 133 1041 1671 1117; baseline 0.008 -26"><span class='ocrx_word' id='word_1_64' title='bbox 133 1041 300 1092; x_wconf 79' lang='grc' dir='ltr'>ταῦτα</span> <span class='ocrx_word' id='word_1_65' title='bbox 322 1041 467 1109; x_wconf 85' lang='grc' dir='ltr'>αὐτῷ</span> <span class='ocrx_word' id='word_1_66' title='bbox 500 1041 691 1108; x_wconf 88' lang='grc' dir='ltr'>λέγεις,</span> <span class='ocrx_word' id='word_1_67' title='bbox 726 1045 842 1095; x_wconf 80' lang='grc' dir='ltr'>οὐδὲ</span> <span class='ocrx_word' id='word_1_68' title='bbox 872 1045 1106 1100; x_wconf 91' lang='grc' dir='ltr'>τοιοῦτον</span> <span class='ocrx_word' id='word_1_69' title='bbox 1142 1048 1309 1101; x_wconf 76' lang='grc' dir='ltr'>οὐδέν.</span> <span class='ocrx_word' id='word_1_70' title='bbox 1348 1051 1497 1117; x_wconf 88' lang='grc' dir='ltr'>Τάχα</span> <span class='ocrx_word' id='word_1_71' title='bbox 1523 1052 1671 1103; x_wconf 66' lang='lat'>£606-</span> 
     </span>
    </p>
   </div>
   <div class='ocr_carea' id='block_1_10' title="bbox 133 1127 1674 1205">
    <p class='ocr_par' dir='ltr' id='par_1_10' title="bbox 133 1127 1674 1205">
     <span class='ocr_line' id='line_1_10' title="bbox 133 1127 1674 1205; baseline 0.01 -28"><span class='ocrx_word' id='word_1_72' title='bbox 133 1127 249 1179; x_wconf 82' lang='grc' dir='ltr'>λετο</span> <span class='ocrx_word' id='word_1_73' title='bbox 278 1129 467 1196; x_wconf 81' lang='grc' dir='ltr'>μαθεῖν</span> <span class='ocrx_word' id='word_1_74' title='bbox 494 1130 729 1199; x_wconf 77' lang='grc' dir='ltr'>ἀκριϐῶς</span> <span class='ocrx_word' id='word_1_75' title='bbox 754 1131 843 1203; x_wconf 79' lang='grc' dir='ltr'>τὸν</span> <span class='ocrx_word' id='word_1_76' title='bbox 868 1134 1072 1202; x_wconf 91' lang='grc' dir='ltr'>χρόνον,</span> <span class='ocrx_word' id='word_1_77' title='bbox 1099 1137 1191 1188; x_wconf 79' lang='grc' dir='ltr'>καὶ</span> <span class='ocrx_word' id='word_1_78' title='bbox 1224 1137 1284 1188; x_wconf 89' lang='grc' dir='ltr'>τὸ</span> <span class='ocrx_word' id='word_1_79' title='bbox 1318 1140 1454 1205; x_wconf 88' lang='grc' dir='ltr'>μετά</span> <span class='ocrx_word' id='word_1_80' title='bbox 1484 1140 1674 1195; x_wconf 72' lang='grc' dir='ltr'>ταῦτα.</span> 
     </span>
    </p>
   </div>
   <div class='ocr_carea' id='block_1_11' title="bbox 132 1217 1676 1294">
    <p class='ocr_par' dir='ltr' id='par_1_11' title="bbox 132 1217 1676 1294">
     <span class='ocr_line' id='line_1_11' title="bbox 132 1217 1676 1294; baseline 0.009 -25"><span class='ocrx_word' id='word_1_81' title='bbox 132 1219 233 1269; x_wconf 84' lang='lat' dir='ltr'>Kal</span> <span class='ocrx_word' id='word_1_82' title='bbox 252 1222 284 1270; x_wconf 85' lang='grc' dir='ltr'>ό</span> <span class='ocrx_word' id='word_1_83' title='bbox 306 1217 502 1284; x_wconf 80' lang='grc' dir='ltr'>ἅρχων</span> <span class='ocrx_word' id='word_1_84' title='bbox 516 1219 623 1285; x_wconf 86' lang='grc' dir='ltr'>τῆς</span> <span class='ocrx_word' id='word_1_85' title='bbox 642 1222 977 1284; x_wconf 74' lang='grc' dir='ltr'>βασιλείας,</span> <span class='ocrx_word' id='word_1_86' title='bbox 997 1225 1146 1292; x_wconf 78' lang='grc' dir='ltr'>φησὶ,</span> <span class='ocrx_word' id='word_1_87' title='bbox 1166 1225 1407 1291; x_wconf 86' lang='grc' dir='ltr'>Περσῶν</span> <span class='ocrx_word' id='word_1_88' title='bbox 1420 1229 1676 1294; x_wconf 79' lang='grc' dir='ltr'>εἱστήκει</span> 
     </span>
    </p>
   </div>
   <div class='ocr_carea' id='block_1_12' title="bbox 128 1306 1676 1385">
    <p class='ocr_par' dir='ltr' id='par_1_12' title="bbox 128 1306 1676 1385">
     <span class='ocr_line' id='line_1_12' title="bbox 128 1306 1676 1385; baseline 0.009 -29"><span class='ocrx_word' id='word_1_89' title='bbox 128 1306 196 1367; x_wconf 76' lang='grc' dir='ltr'>ἐξ</span> <span class='ocrx_word' id='word_1_90' title='bbox 222 1307 497 1371; x_wconf 78' lang='grc' dir='ltr'>ἐναντίας</span> <span class='ocrx_word' id='word_1_91' title='bbox 515 1325 650 1374; x_wconf 86' lang='grc' dir='ltr'>μου.</span> <span class='ocrx_word' id='word_1_92' title='bbox 673 1306 815 1378; x_wconf 66' lang='grc' dir='ltr'>τΑρα</span> <span class='ocrx_word' id='word_1_93' title='bbox 845 1312 917 1380; x_wconf 85' lang='grc' dir='ltr'>μὴ</span> <span class='ocrx_word' id='word_1_94' title='bbox 942 1313 1032 1363; x_wconf 92' lang='grc' dir='ltr'>τὸν</span> <span class='ocrx_word' id='word_1_95' title='bbox 1057 1312 1161 1364; x_wconf 90' lang='grc' dir='ltr'>τῶν</span> <span class='ocrx_word' id='word_1_96' title='bbox 1182 1314 1477 1385; x_wconf 82' lang='grc' dir='ltr'>ἀνθρώπων</span> <span class='ocrx_word' id='word_1_97' title='bbox 1505 1318 1676 1385; x_wconf 88' lang='grc' dir='ltr'>λέγων</span> 
     </span>
    </p>
   </div>
   <div class='ocr_carea' id='block_1_13' title="bbox 130 1397 1676 1477">
    <p class='ocr_par' dir='ltr' id='par_1_13' title="bbox 130 1397 1676 1477">
     <span class='ocr_line' id='line_1_13' title="bbox 130 1397 1676 1477; baseline 0.011 -32"><span class='ocrx_word' id='word_1_98' title='bbox 130 1397 363 1463; x_wconf 80' lang='grc' dir='ltr'>ἄρχοντα</span> <span class='ocrx_word' id='word_1_99' title='bbox 382 1414 395 1461; x_wconf 90' lang='grc'><strong>;</strong></span> <span class='ocrx_word' id='word_1_100' title='bbox 413 1399 689 1467; x_wconf 80' lang='grc' dir='ltr'>Οὐδαμῶς.</span> <span class='ocrx_word' id='word_1_101' title='bbox 713 1401 817 1452; x_wconf 88' lang='lat' dir='ltr'>Kal</span> <span class='ocrx_word' id='word_1_102' title='bbox 840 1401 945 1469; x_wconf 77' lang='grc' dir='ltr'>γὰρ</span> <span class='ocrx_word' id='word_1_103' title='bbox 966 1404 1194 1471; x_wconf 81' lang='grc' dir='ltr'>ἀλλαχοῦ</span> <span class='ocrx_word' id='word_1_104' title='bbox 1212 1404 1374 1472; x_wconf 85' lang='grc' dir='ltr'>λέγει·</span> <span class='ocrx_word' id='word_1_105' title='bbox 1407 1409 1466 1459; x_wconf 89' lang='lat'>&#39;0</span> <span class='ocrx_word' id='word_1_106' title='bbox 1480 1409 1676 1477; x_wconf 76' lang='grc' dir='ltr'>ἄρχων</span> 
     </span>
    </p>
   </div>
   <div class='ocr_carea' id='block_1_14' title="bbox 128 1485 1674 1558">
    <p class='ocr_par' dir='ltr' id='par_1_14' title="bbox 128 1485 1674 1558">
     <span class='ocr_line' id='line_1_14' title="bbox 128 1485 1674 1558; baseline 0.011 -23"><span class='ocrx_word' id='word_1_107' title='bbox 128 1485 241 1536; x_wconf 75' lang='grc' dir='ltr'>τῶν</span> <span class='ocrx_word' id='word_1_108' title='bbox 278 1487 575 1551; x_wconf 80' lang='grc' dir='ltr'>Ἑλλήνων</span> <span class='ocrx_word' id='word_1_109' title='bbox 602 1488 871 1554; x_wconf 82' lang='grc' dir='ltr'>ἐξῆλθεν.</span> <span class='ocrx_word' id='word_1_110' title='bbox 907 1492 1053 1558; x_wconf 78' lang='grc' dir='ltr'>Ἐμοὶ</span> <span class='ocrx_word' id='word_1_111' title='bbox 1080 1493 1224 1545; x_wconf 90' lang='grc' dir='ltr'>δοκεῖ</span> <span class='ocrx_word' id='word_1_112' title='bbox 1244 1490 1392 1558; x_wconf 74' lang='grc' dir='ltr'>οὗτος</span> <span class='ocrx_word' id='word_1_113' title='bbox 1414 1498 1510 1550; x_wconf 83' lang='grc' dir='ltr'>οὐκ</span> <span class='ocrx_word' id='word_1_114' title='bbox 1539 1496 1674 1551; x_wconf 70' lang='grc' dir='ltr'>εἷναι</span> 
     </span>
    </p>
   </div>
   <div class='ocr_carea' id='block_1_15' title="bbox 124 1570 1672 1647">
    <p class='ocr_par' dir='ltr' id='par_1_15' title="bbox 124 1570 1672 1647">
     <span class='ocr_line' id='line_1_15' title="bbox 124 1570 1672 1647; baseline 0.014 -29"><span class='ocrx_word' id='word_1_115' title='bbox 124 1570 230 1619; x_wconf 83' lang='grc' dir='ltr'>τῶν</span> <span class='ocrx_word' id='word_1_116' title='bbox 256 1571 545 1638; x_wconf 73' lang='grc' dir='ltr'>ἀρχόντων,</span> <span class='ocrx_word' id='word_1_117' title='bbox 575 1574 692 1624; x_wconf 79' lang='grc' dir='ltr'>οὐδὲ</span> <span class='ocrx_word' id='word_1_118' title='bbox 725 1575 830 1626; x_wconf 91' lang='grc' dir='ltr'>τῶν</span> <span class='ocrx_word' id='word_1_119' title='bbox 870 1578 1306 1647; x_wconf 80' lang='grc' dir='ltr'>ἐπιτεταγμένων</span> <span class='ocrx_word' id='word_1_120' title='bbox 1337 1582 1505 1646; x_wconf 73' lang='grc' dir='ltr'>ἔθνος.</span> <span class='ocrx_word' id='word_1_121' title='bbox 1539 1586 1672 1640; x_wconf 87' lang='grc' dir='ltr'>ἀλλά</span> 
     </span>
    </p>
   </div>
   <div class='ocr_carea' id='block_1_16' title="bbox 124 1658 1670 1741">
    <p class='ocr_par' dir='ltr' id='par_1_16' title="bbox 124 1658 1670 1741">
     <span class='ocr_line' id='line_1_16' title="bbox 124 1658 1670 1741; baseline 0.013 -33"><span class='ocrx_word' id='word_1_122' title='bbox 124 1658 230 1709; x_wconf 83' lang='grc' dir='ltr'>τῶν</span> <span class='ocrx_word' id='word_1_123' title='bbox 269 1660 377 1710; x_wconf 80' lang='grc' dir='ltr'>ἀνω</span> <span class='ocrx_word' id='word_1_124' title='bbox 398 1660 691 1728; x_wconf 84' lang='grc' dir='ltr'>δυνάμεων.</span> <span class='ocrx_word' id='word_1_125' title='bbox 726 1659 854 1715; x_wconf 77' lang='grc' dir='ltr'>Εἶτα</span> <span class='ocrx_word' id='word_1_126' title='bbox 875 1666 1088 1717; x_wconf 75' lang='grc' dir='ltr'>ἐπειδὰν</span> <span class='ocrx_word' id='word_1_127' title='bbox 1110 1669 1208 1719; x_wconf 79' lang='grc' dir='ltr'>οὐκ</span> <span class='ocrx_word' id='word_1_128' title='bbox 1236 1669 1414 1738; x_wconf 73' lang='grc' dir='ltr'>ἴσχυον</span> <span class='ocrx_word' id='word_1_129' title='bbox 1437 1676 1484 1724; x_wconf 90' lang='grc' dir='ltr'>οί</span> <span class='ocrx_word' id='word_1_130' title='bbox 1507 1675 1670 1741; x_wconf 81' lang='grc' dir='ltr'>ἀγγε-</span> 
     </span>
    </p>
   </div>
   <div class='ocr_carea' id='block_1_17' title="bbox 123 1752 1669 1828">
    <p class='ocr_par' dir='ltr' id='par_1_17' title="bbox 123 1752 1669 1828">
     <span class='ocr_line' id='line_1_17' title="bbox 123 1752 1669 1828; baseline 0.012 -27"><span class='ocrx_word' id='word_1_131' title='bbox 123 1752 203 1802; x_wconf 84' lang='grc' dir='ltr'>λοι</span> <span class='ocrx_word' id='word_1_132' title='bbox 236 1753 379 1804; x_wconf 76' lang='grc' dir='ltr'>ἄλλοι</span> <span class='ocrx_word' id='word_1_133' title='bbox 430 1754 739 1823; x_wconf 80' lang='grc' dir='ltr'>ἀντιστῆναι</span> <span class='ocrx_word' id='word_1_134' title='bbox 770 1756 947 1825; x_wconf 78' lang='grc' dir='ltr'>αὐτῷ,</span> <span class='ocrx_word' id='word_1_135' title='bbox 982 1759 1150 1828; x_wconf 82' lang='grc' dir='ltr'>τούτῳ</span> <span class='ocrx_word' id='word_1_136' title='bbox 1181 1761 1414 1828; x_wconf 90' lang='grc' dir='ltr'>λέγεται.</span> <span class='ocrx_word' id='word_1_137' title='bbox 1455 1766 1669 1819; x_wconf 72' lang='grc' dir='ltr'>Ἀπελύ-</span> 
     </span>
    </p>
   </div>
   <div class='ocr_carea' id='block_1_18' title="bbox 123 1843 1671 1925">
    <p class='ocr_par' dir='ltr' id='par_1_18' title="bbox 123 1843 1671 1925">
     <span class='ocr_line' id='line_1_18' title="bbox 123 1843 1671 1925; baseline 0.014 -34"><span class='ocrx_word' id='word_1_138' title='bbox 123 1843 316 1911; x_wconf 81' lang='grc' dir='ltr'>θησαν,</span> <span class='ocrx_word' id='word_1_139' title='bbox 342 1845 499 1913; x_wconf 78' lang='grc' dir='ltr'>φησί·</span> <span class='ocrx_word' id='word_1_140' title='bbox 524 1847 575 1897; x_wconf 90' lang='grc' dir='ltr'>τί</span> <span class='ocrx_word' id='word_1_141' title='bbox 607 1847 765 1899; x_wconf 86' lang='grc' dir='ltr'>πάλιν</span> <span class='ocrx_word' id='word_1_142' title='bbox 797 1846 1004 1917; x_wconf 79' lang='grc' dir='ltr'>ζητεῖς;</span> <span class='ocrx_word' id='word_1_143' title='bbox 1037 1851 1146 1904; x_wconf 89' lang='lat' dir='ltr'>Kal</span> <span class='ocrx_word' id='word_1_144' title='bbox 1182 1853 1308 1907; x_wconf 79' lang='grc' dir='ltr'>ἰδοὺ</span> <span class='ocrx_word' id='word_1_145' title='bbox 1335 1857 1571 1925; x_wconf 78' lang='grc' dir='ltr'>Μιχαὴλ</span> <span class='ocrx_word' id='word_1_146' title='bbox 1588 1856 1671 1925; x_wconf 80' lang='grc' dir='ltr'>εἷς</span> 
     </span>
    </p>
   </div>
   <div class='ocr_carea' id='block_1_19' title="bbox 120 1935 1665 2019">
    <p class='ocr_par' dir='ltr' id='par_1_19' title="bbox 120 1935 1665 2019">
     <span class='ocr_line' id='line_1_19' title="bbox 120 1935 1665 2019; baseline 0.012 -33"><span class='ocrx_word' id='word_1_147' title='bbox 120 1935 237 1987; x_wconf 77' lang='grc' dir='ltr'>τῶν</span> <span class='ocrx_word' id='word_1_148' title='bbox 259 1938 562 2003; x_wconf 79' lang='grc' dir='ltr'>ἀρχόντων</span> <span class='ocrx_word' id='word_1_149' title='bbox 603 1938 714 1991; x_wconf 83' lang='grc' dir='ltr'>τῶν</span> <span class='ocrx_word' id='word_1_150' title='bbox 739 1940 983 2007; x_wconf 85' lang='grc' dir='ltr'>πρώτων</span> <span class='ocrx_word' id='word_1_151' title='bbox 1016 1940 1163 2013; x_wconf 83' lang='grc' dir='ltr'>ἦλθε</span> <span class='ocrx_word' id='word_1_152' title='bbox 1191 1946 1497 2015; x_wconf 79' lang='grc' dir='ltr'>βοηθῆσαί</span> <span class='ocrx_word' id='word_1_153' title='bbox 1520 1970 1621 2019; x_wconf 79' lang='grc' dir='ltr'>μοι</span> <span class='ocrx_word' id='word_1_154' title='bbox 1655 1970 1665 1983; x_wconf 89' lang='grc'>·</span> 
     </span>
    </p>
   </div>
   <div class='ocr_carea' id='block_1_20' title="bbox 121 2030 1668 2108">
    <p class='ocr_par' dir='ltr' id='par_1_20' title="bbox 121 2030 1668 2108">
     <span class='ocr_line' id='line_1_20' title="bbox 121 2030 1668 2108; baseline 0.012 -29"><span class='ocrx_word' id='word_1_155' title='bbox 121 2031 214 2081; x_wconf 76' lang='grc' dir='ltr'>καί</span> <span class='ocrx_word' id='word_1_156' title='bbox 240 2031 422 2081; x_wconf 81' lang='grc' dir='ltr'>αὑτὸν</span> <span class='ocrx_word' id='word_1_157' title='bbox 437 2030 756 2084; x_wconf 72' lang='grc' dir='ltr'>κατέλιπον</span> <span class='ocrx_word' id='word_1_158' title='bbox 785 2033 912 2085; x_wconf 82' lang='grc' dir='ltr'>ἐκεῖ</span> <span class='ocrx_word' id='word_1_159' title='bbox 930 2037 1078 2102; x_wconf 83' lang='grc' dir='ltr'>μετὰ</span> <span class='ocrx_word' id='word_1_160' title='bbox 1107 2040 1211 2091; x_wconf 86' lang='grc' dir='ltr'>τοῦ</span> <span class='ocrx_word' id='word_1_161' title='bbox 1246 2040 1529 2108; x_wconf 79' lang='grc' dir='ltr'>ἄρχοντος</span> <span class='ocrx_word' id='word_1_162' title='bbox 1553 2046 1668 2106; x_wconf 79' lang='grc' dir='ltr'>βα-</span> 
     </span>
    </p>
   </div>
   <div class='ocr_carea' id='block_1_21' title="bbox 117 2125 1670 2197">
    <p class='ocr_par' dir='ltr' id='par_1_21' title="bbox 117 2125 1670 2197">
     <span class='ocr_line' id='line_1_21' title="bbox 117 2125 1670 2197; baseline 0.011 -24"><span class='ocrx_word' id='word_1_163' title='bbox 117 2125 335 2188; x_wconf 82' lang='grc' dir='ltr'>σιλέως</span> <span class='ocrx_word' id='word_1_164' title='bbox 383 2125 645 2191; x_wconf 85' lang='grc' dir='ltr'>Περσῶν.</span> <span class='ocrx_word' id='word_1_165' title='bbox 696 2129 801 2179; x_wconf 89' lang='lat' dir='ltr'>Kal</span> <span class='ocrx_word' id='word_1_166' title='bbox 851 2125 1038 2197; x_wconf 82' lang='grc' dir='ltr'>ἦλθον</span> <span class='ocrx_word' id='word_1_167' title='bbox 1075 2134 1386 2186; x_wconf 86' lang='grc' dir='ltr'>συνετίσαι</span> <span class='ocrx_word' id='word_1_168' title='bbox 1436 2152 1507 2188; x_wconf 89' lang='grc' dir='ltr'>σε</span> <span class='ocrx_word' id='word_1_169' title='bbox 1554 2137 1670 2190; x_wconf 88' lang='grc' dir='ltr'>ὅσα</span> 
     </span>
    </p>
   </div>
   <div class='ocr_carea' id='block_1_22' title="bbox 116 2218 1666 2299">
    <p class='ocr_par' dir='ltr' id='par_1_22' title="bbox 116 2218 1666 2299">
     <span class='ocr_line' id='line_1_22' title="bbox 116 2218 1666 2299; baseline 0.006 -28"><span class='ocrx_word' id='word_1_170' title='bbox 116 2218 520 2284; x_wconf 71' lang='grc' dir='ltr'>ἀπαντήσεται</span> <span class='ocrx_word' id='word_1_171' title='bbox 538 2218 618 2281; x_wconf 84' lang='grc' dir='ltr'>τῷ</span> <span class='ocrx_word' id='word_1_172' title='bbox 648 2219 773 2284; x_wconf 89' lang='grc' dir='ltr'>λαῷ</span> <span class='ocrx_word' id='word_1_173' title='bbox 809 2237 923 2274; x_wconf 88' lang='grc' dir='ltr'>σου</span> <span class='ocrx_word' id='word_1_174' title='bbox 966 2223 1057 2273; x_wconf 83' lang='grc' dir='ltr'>ἐπ’</span> <span class='ocrx_word' id='word_1_175' title='bbox 1090 2224 1359 2292; x_wconf 81' lang='grc' dir='ltr'>ἐσχάτων</span> <span class='ocrx_word' id='word_1_176' title='bbox 1378 2228 1495 2280; x_wconf 88' lang='grc' dir='ltr'>τῶν</span> <span class='ocrx_word' id='word_1_177' title='bbox 1523 2231 1666 2299; x_wconf 74' lang='grc' dir='ltr'>ἠμε-</span> 
     </span>
    </p>
   </div>
   <div class='ocr_carea' id='block_1_23' title="bbox 109 2311 1667 2383">
    <p class='ocr_par' dir='ltr' id='par_1_23' title="bbox 109 2311 1667 2383">
     <span class='ocr_line' id='line_1_23' title="bbox 109 2311 1667 2383; baseline 0.012 -23"><span class='ocrx_word' id='word_1_178' title='bbox 109 2311 252 2376; x_wconf 74' lang='grc' dir='ltr'>ρῶν,</span> <span class='ocrx_word' id='word_1_179' title='bbox 288 2311 372 2362; x_wconf 81' lang='grc' dir='ltr'>ὅτι</span> <span class='ocrx_word' id='word_1_180' title='bbox 417 2311 544 2363; x_wconf 76' lang='grc' dir='ltr'>ἰδοὺ</span> <span class='ocrx_word' id='word_1_181' title='bbox 578 2313 616 2378; x_wconf 84' lang='grc' dir='ltr'>ή</span> <span class='ocrx_word' id='word_1_182' title='bbox 668 2313 872 2378; x_wconf 82' lang='grc' dir='ltr'>ὅρασις</span> <span class='ocrx_word' id='word_1_183' title='bbox 899 2318 983 2379; x_wconf 84' lang='grc' dir='ltr'>είς</span> <span class='ocrx_word' id='word_1_184' title='bbox 1012 2317 1253 2383; x_wconf 71' lang='grc' dir='ltr'>ἡμέρας.</span> <span class='ocrx_word' id='word_1_185' title='bbox 1307 2322 1457 2383; x_wconf 87' lang='grc' dir='ltr'>Τίνος</span> <span class='ocrx_word' id='word_1_186' title='bbox 1485 2324 1667 2380; x_wconf 71' lang='grc' dir='ltr'>ἕνεκεν</span> 
     </span>
    </p>
   </div>
   <div class='ocr_carea' id='block_1_24' title="bbox 114 2404 1665 2486">
    <p class='ocr_par' dir='ltr' id='par_1_24' title="bbox 114 2404 1665 2486">
     <span class='ocr_line' id='line_1_24' title="bbox 114 2404 1665 2486; baseline 0.01 -32"><span class='ocrx_word' id='word_1_187' title='bbox 114 2404 219 2474; x_wconf 83' lang='grc' dir='ltr'>πρὸ</span> <span class='ocrx_word' id='word_1_188' title='bbox 247 2406 353 2457; x_wconf 88' lang='grc' dir='ltr'>τῶν</span> <span class='ocrx_word' id='word_1_189' title='bbox 387 2405 554 2457; x_wconf 72' lang='grc' dir='ltr'>εἴκοσι</span> <span class='ocrx_word' id='word_1_190' title='bbox 585 2406 801 2475; x_wconf 83' lang='grc' dir='ltr'>ἡμερῶν</span> <span class='ocrx_word' id='word_1_191' title='bbox 837 2409 934 2459; x_wconf 85' lang='grc' dir='ltr'>οὐκ</span> <span class='ocrx_word' id='word_1_192' title='bbox 963 2405 1121 2478; x_wconf 85' lang='grc' dir='ltr'>ἦλθεν</span> <span class='ocrx_word' id='word_1_193' title='bbox 1151 2412 1179 2461; x_wconf 85' lang='grc' dir='ltr'>ὁ</span> <span class='ocrx_word' id='word_1_194' title='bbox 1209 2412 1458 2483; x_wconf 71' lang='grc' dir='ltr'>Μιχαήλς</span> <span class='ocrx_word' id='word_1_195' title='bbox 1508 2416 1665 2486; x_wconf 78' lang='grc' dir='ltr'>Ἐμοὶ</span> 
     </span>
    </p>
   </div>
   <div class='ocr_carea' id='block_1_25' title="bbox 113 2498 1663 2578">
    <p class='ocr_par' dir='ltr' id='par_1_25' title="bbox 113 2498 1663 2578">
     <span class='ocr_line' id='line_1_25' title="bbox 113 2498 1663 2578; baseline 0.008 -29"><span class='ocrx_word' id='word_1_196' title='bbox 113 2499 275 2560; x_wconf 84' lang='grc' dir='ltr'>δοκεῖ,</span> <span class='ocrx_word' id='word_1_197' title='bbox 307 2498 471 2562; x_wconf 79' lang='grc' dir='ltr'>δεῖξαι</span> <span class='ocrx_word' id='word_1_198' title='bbox 506 2499 747 2566; x_wconf 83' lang='grc' dir='ltr'>βούλεται</span> <span class='ocrx_word' id='word_1_199' title='bbox 778 2500 853 2569; x_wconf 84' lang='grc' dir='ltr'>τῷ</span> <span class='ocrx_word' id='word_1_200' title='bbox 884 2504 1154 2572; x_wconf 80' lang='grc' dir='ltr'>προφήτῃ,</span> <span class='ocrx_word' id='word_1_201' title='bbox 1191 2505 1270 2555; x_wconf 86' lang='grc' dir='ltr'>ὄτι</span> <span class='ocrx_word' id='word_1_202' title='bbox 1316 2509 1663 2578; x_wconf 86' lang='grc' dir='ltr'>κεκωλυμένα</span> 
     </span>
    </p>
   </div>
   <div class='ocr_carea' id='block_1_26' title="bbox 112 2593 1659 2672">
    <p class='ocr_par' dir='ltr' id='par_1_26' title="bbox 112 2593 1659 2672">
     <span class='ocr_line' id='line_1_26' title="bbox 112 2593 1659 2672; baseline 0.009 -30"><span class='ocrx_word' id='word_1_203' title='bbox 112 2593 411 2660; x_wconf 78' lang='grc' dir='ltr'>πράγματα</span> <span class='ocrx_word' id='word_1_204' title='bbox 441 2595 580 2645; x_wconf 88' lang='grc' dir='ltr'>αίτεῖ</span> <span class='ocrx_word' id='word_1_205' title='bbox 608 2594 697 2645; x_wconf 76' lang='grc' dir='ltr'>καὶ</span> <span class='ocrx_word' id='word_1_206' title='bbox 719 2596 1002 2664; x_wconf 86' lang='grc' dir='ltr'>παράνομα</span> <span class='ocrx_word' id='word_1_207' title='bbox 1034 2598 1125 2648; x_wconf 77' lang='grc' dir='ltr'>καὶ</span> <span class='ocrx_word' id='word_1_208' title='bbox 1151 2604 1659 2672; x_wconf 82' lang='grc' dir='ltr'>κατηναγκασμένα,</span> 
     </span>
    </p>
   </div>
   <div class='ocr_carea' id='block_1_27' title="bbox 114 2686 1662 2756">
    <p class='ocr_par' dir='ltr' id='par_1_27' title="bbox 114 2686 1662 2756">
     <span class='ocr_line' id='line_1_27' title="bbox 114 2686 1662 2756; baseline 0.009 -20"><span class='ocrx_word' id='word_1_209' title='bbox 114 2687 390 2753; x_wconf 75' lang='grc' dir='ltr'>μονονουχὶ</span> <span class='ocrx_word' id='word_1_210' title='bbox 418 2687 512 2737; x_wconf 74' lang='grc' dir='ltr'>καὶ</span> <span class='ocrx_word' id='word_1_211' title='bbox 539 2688 649 2747; x_wconf 83' lang='grc' dir='ltr'>τοῖς</span> <span class='ocrx_word' id='word_1_212' title='bbox 693 2686 939 2751; x_wconf 83' lang='grc' dir='ltr'>ἀγγέλοις</span> <span class='ocrx_word' id='word_1_213' title='bbox 994 2688 1113 2756; x_wconf 87' lang='grc' dir='ltr'>βίαν</span> <span class='ocrx_word' id='word_1_214' title='bbox 1164 2690 1350 2745; x_wconf 88' lang='grc' dir='ltr'>ποιῶν.</span> <span class='ocrx_word' id='word_1_215' title='bbox 1379 2694 1476 2745; x_wconf 88' lang='grc' dir='ltr'>Διά</span> <span class='ocrx_word' id='word_1_216' title='bbox 1507 2696 1662 2750; x_wconf 76' lang='grc' dir='ltr'>τοῦτο</span> 
     </span>
    </p>
   </div>
   <div class='ocr_carea' id='block_1_28' title="bbox 110 2778 1655 2858">
    <p class='ocr_par' dir='ltr' id='par_1_28' title="bbox 110 2778 1655 2858">
     <span class='ocr_line' id='line_1_28' title="bbox 110 2778 1655 2858; baseline 0.008 -29"><span class='ocrx_word' id='word_1_217' title='bbox 110 2778 229 2830; x_wconf 69' lang='grc' dir='ltr'>οὐδὲ</span> <span class='ocrx_word' id='word_1_218' title='bbox 261 2778 477 2846; x_wconf 78' lang='grc' dir='ltr'>Μιχαὴλ</span> <span class='ocrx_word' id='word_1_219' title='bbox 514 2778 714 2840; x_wconf 77' lang='grc' dir='ltr'>εὐθέως</span> <span class='ocrx_word' id='word_1_220' title='bbox 747 2781 801 2829; x_wconf 91' lang='grc' dir='ltr'>ἐν</span> <span class='ocrx_word' id='word_1_221' title='bbox 831 2780 969 2848; x_wconf 80' lang='grc' dir='ltr'>ἀρχῇ</span> <span class='ocrx_word' id='word_1_222' title='bbox 1009 2780 1209 2849; x_wconf 82' lang='grc' dir='ltr'>βοηθεῖ,</span> <span class='ocrx_word' id='word_1_223' title='bbox 1258 2784 1370 2836; x_wconf 80' lang='grc' dir='ltr'>ἀλλ’</span> <span class='ocrx_word' id='word_1_224' title='bbox 1412 2786 1655 2858; x_wconf 79' lang='grc' dir='ltr'>ὕστερον,</span> 
     </span>
    </p>
   </div>
   <div class='ocr_carea' id='block_1_29' title="bbox 111 2866 1658 2949">
    <p class='ocr_par' dir='ltr' id='par_1_29' title="bbox 111 2866 1658 2949">
     <span class='ocr_line' id='line_1_29' title="bbox 111 2866 1658 2949; baseline 0.008 -28"><span class='ocrx_word' id='word_1_225' title='bbox 111 2871 194 2922; x_wconf 85' lang='grc' dir='ltr'>ἴνα</span> <span class='ocrx_word' id='word_1_226' title='bbox 236 2870 477 2938; x_wconf 88' lang='grc' dir='ltr'>μάθωσιν</span> <span class='ocrx_word' id='word_1_227' title='bbox 514 2872 593 2923; x_wconf 78' lang='grc' dir='ltr'>ὅτι</span> <span class='ocrx_word' id='word_1_228' title='bbox 626 2871 723 2922; x_wconf 82' lang='grc' dir='ltr'>οὐκ</span> <span class='ocrx_word' id='word_1_229' title='bbox 769 2866 907 2939; x_wconf 76' lang='grc' dir='ltr'>ἦσαν</span> <span class='ocrx_word' id='word_1_230' title='bbox 941 2872 1077 2935; x_wconf 80' lang='grc' dir='ltr'>ἄξιοι</span> <span class='ocrx_word' id='word_1_231' title='bbox 1128 2874 1365 2931; x_wconf 76' lang='grc' dir='ltr'>ἀνελθεῖν</span> <span class='ocrx_word' id='word_1_232' title='bbox 1418 2879 1466 2929; x_wconf 88' lang='grc' dir='ltr'>οί</span> <span class='ocrx_word' id='word_1_233' title='bbox 1524 2882 1658 2949; x_wconf 85' lang='grc' dir='ltr'>μετά</span> 
     </span>
    </p>
   </div>
   <div class='ocr_carea' id='block_1_30' title="bbox 108 2964 1658 3041">
    <p class='ocr_par' dir='ltr' id='par_1_30' title="bbox 108 2964 1658 3041">
     <span class='ocr_line' id='line_1_30' title="bbox 108 2964 1658 3041; baseline 0.009 -27"><span class='ocrx_word' id='word_1_234' title='bbox 108 2964 299 3016; x_wconf 86' lang='grc' dir='ltr'>ταῦτα.</span> <span class='ocrx_word' id='word_1_235' title='bbox 338 2964 667 3016; x_wconf 80' lang='grc' dir='ltr'>Ἀδικοῦνται</span> <span class='ocrx_word' id='word_1_236' title='bbox 695 2966 743 3016; x_wconf 87' lang='grc' dir='ltr'>οί</span> <span class='ocrx_word' id='word_1_237' title='bbox 780 2965 1016 3032; x_wconf 78' lang='grc' dir='ltr'>ἄγγελοι.</span> <span class='ocrx_word' id='word_1_238' title='bbox 1058 2970 1165 3021; x_wconf 87' lang='lat' dir='ltr'>Kal</span> <span class='ocrx_word' id='word_1_239' title='bbox 1201 2972 1388 3023; x_wconf 81' lang='grc' dir='ltr'>αὑτὸν</span> <span class='ocrx_word' id='word_1_240' title='bbox 1417 2973 1658 3041; x_wconf 72' lang='grc' dir='ltr'>ἀφῆκαν</span> 
     </span>
    </p>
   </div>
   <div class='ocr_carea' id='block_1_31' title="bbox 106 3056 1656 3133">
    <p class='ocr_par' dir='ltr' id='par_1_31' title="bbox 106 3056 1656 3133">
     <span class='ocr_line' id='line_1_31' title="bbox 106 3056 1656 3133; baseline 0.006 -24"><span class='ocrx_word' id='word_1_241' title='bbox 106 3056 246 3122; x_wconf 77' lang='grc' dir='ltr'>ἐκεῖ,</span> <span class='ocrx_word' id='word_1_242' title='bbox 279 3058 417 3109; x_wconf 83' lang='grc' dir='ltr'>ὥστε</span> <span class='ocrx_word' id='word_1_243' title='bbox 458 3058 491 3128; x_wconf 84' lang='grc' dir='ltr'>ἢ</span> <span class='ocrx_word' id='word_1_244' title='bbox 540 3060 742 3121; x_wconf 88' lang='grc' dir='ltr'>πεῖσαι,</span> <span class='ocrx_word' id='word_1_245' title='bbox 783 3058 815 3127; x_wconf 84' lang='grc' dir='ltr'>ἢ</span> <span class='ocrx_word' id='word_1_246' title='bbox 868 3059 1123 3113; x_wconf 84' lang='grc' dir='ltr'>κωλῦσαι.</span> <span class='ocrx_word' id='word_1_247' title='bbox 1167 3064 1275 3115; x_wconf 88' lang='lat' dir='ltr'>Kal</span> <span class='ocrx_word' id='word_1_248' title='bbox 1309 3066 1392 3126; x_wconf 89' lang='grc' dir='ltr'>τίς</span> <span class='ocrx_word' id='word_1_249' title='bbox 1431 3067 1656 3133; x_wconf 82' lang='grc' dir='ltr'>ἄγγελος</span> 
     </span>
    </p>
   </div>
   <div class='ocr_carea' id='block_1_32' title="bbox 107 3150 1653 3231">
    <p class='ocr_par' dir='ltr' id='par_1_32' title="bbox 107 3150 1653 3231">
     <span class='ocr_line' id='line_1_32' title="bbox 107 3150 1653 3231; baseline 0.01 -32"><span class='ocrx_word' id='word_1_250' title='bbox 107 3150 371 3210; x_wconf 76' lang='grc' dir='ltr'>τοιοῦτος,</span> <span class='ocrx_word' id='word_1_251' title='bbox 416 3150 489 3211; x_wconf 85' lang='grc' dir='ltr'>ὡς</span> <span class='ocrx_word' id='word_1_252' title='bbox 534 3150 768 3214; x_wconf 81' lang='grc' dir='ltr'>ἀκούσας</span> <span class='ocrx_word' id='word_1_253' title='bbox 799 3151 891 3203; x_wconf 89' lang='grc' dir='ltr'>τοῦ</span> <span class='ocrx_word' id='word_1_254' title='bbox 943 3154 1076 3206; x_wconf 88' lang='grc' dir='ltr'>Θεοῦ</span> <span class='ocrx_word' id='word_1_255' title='bbox 1121 3156 1297 3221; x_wconf 85' lang='grc' dir='ltr'>δόντος</span> <span class='ocrx_word' id='word_1_256' title='bbox 1341 3161 1437 3229; x_wconf 84' lang='grc' dir='ltr'>τὴν</span> <span class='ocrx_word' id='word_1_257' title='bbox 1467 3162 1653 3231; x_wconf 81' lang='grc' dir='ltr'>χάριν,</span> 
     </span>
    </p>
   </div>
   <div class='ocr_carea' id='block_1_33' title="bbox 105 3242 1654 3323">
    <p class='ocr_par' dir='ltr' id='par_1_33' title="bbox 105 3242 1654 3323">
     <span class='ocr_line' id='line_1_33' title="bbox 105 3242 1654 3323; baseline 0.01 -30"><span class='ocrx_word' id='word_1_258' title='bbox 105 3242 449 3308; x_wconf 76' lang='grc' dir='ltr'>ἁντιστῆναι;</span> <span class='ocrx_word' id='word_1_259' title='bbox 498 3243 896 3312; x_wconf 86' lang='grc' dir='ltr'>Σωματοποιεῖ,</span> <span class='ocrx_word' id='word_1_260' title='bbox 932 3247 1006 3309; x_wconf 84' lang='grc' dir='ltr'>ὼς</span> <span class='ocrx_word' id='word_1_261' title='bbox 1053 3244 1223 3317; x_wconf 71' lang='grc' dir='ltr'>οἶμαι,</span> <span class='ocrx_word' id='word_1_262' title='bbox 1280 3252 1338 3303; x_wconf 90' lang='grc' dir='ltr'>τὸ</span> <span class='ocrx_word' id='word_1_263' title='bbox 1389 3257 1654 3323; x_wconf 70' lang='grc' dir='ltr'>πρᾶγμα,</span> 
     </span>
    </p>
   </div>
   <div class='ocr_carea' id='block_1_34' title="bbox 106 3334 1656 3411">
    <p class='ocr_par' dir='ltr' id='par_1_34' title="bbox 106 3334 1656 3411">
     <span class='ocr_line' id='line_1_34' title="bbox 106 3334 1656 3411; baseline 0.01 -24"><span class='ocrx_word' id='word_1_264' title='bbox 106 3334 293 3404; x_wconf 79' lang='grc' dir='ltr'>ὥσπερ</span> <span class='ocrx_word' id='word_1_265' title='bbox 322 3337 438 3387; x_wconf 87' lang='grc' dir='ltr'>ἐκεῖ</span> <span class='ocrx_word' id='word_1_266' title='bbox 462 3337 527 3407; x_wconf 68' lang='grc' dir='ltr'>[ί.</span> <span class='ocrx_word' id='word_1_267' title='bbox 570 3336 715 3407; x_wconf 69' lang='grc' dir='ltr'>ἐπεὶ]</span> <span class='ocrx_word' id='word_1_268' title='bbox 763 3337 943 3405; x_wconf 76' lang='grc' dir='ltr'>ἐλεγεο</span> <span class='ocrx_word' id='word_1_269' title='bbox 979 3342 1072 3405; x_wconf 82' lang='grc' dir='ltr'>Τίς</span> <span class='ocrx_word' id='word_1_270' title='bbox 1111 3342 1521 3411; x_wconf 77' lang='grc' dir='ltr'>ἐξελεύσεται,</span> <span class='ocrx_word' id='word_1_271' title='bbox 1558 3349 1656 3402; x_wconf 78' lang='grc' dir='ltr'>καὶ</span> 
     </span>
    </p>
   </div>
   <div class='ocr_carea' id='block_1_35' title="bbox 112 3431 1651 3510">
    <p class='ocr_par' dir='ltr' id='par_1_35' title="bbox 112 3431 1651 3510">
     <span class='ocr_line' id='line_1_35' title="bbox 112 3431 1651 3510; baseline 0.009 -28"><span class='ocrx_word' id='word_1_272' title='bbox 112 3432 408 3495; x_wconf 78' lang='grc' dir='ltr'>ἀπατήσει</span> <span class='ocrx_word' id='word_1_273' title='bbox 430 3448 529 3499; x_wconf 85' lang='grc' dir='ltr'>μοι</span> <span class='ocrx_word' id='word_1_274' title='bbox 560 3431 664 3484; x_wconf 78' lang='grc' dir='ltr'>τὸν</span> <span class='ocrx_word' id='word_1_275' title='bbox 714 3431 922 3499; x_wconf 79' lang='grc' dir='ltr'>Ἀχαάϐ</span> <span class='ocrx_word' id='word_1_276' title='bbox 940 3449 957 3496; x_wconf 89' lang='grc'><strong><em>;</em></strong></span> <span class='ocrx_word' id='word_1_277' title='bbox 982 3434 1088 3485; x_wconf 87' lang='lat' dir='ltr'>Kal</span> <span class='ocrx_word' id='word_1_278' title='bbox 1119 3437 1276 3490; x_wconf 87' lang='grc' dir='ltr'>πάλιν</span> <span class='ocrx_word' id='word_1_279' title='bbox 1303 3453 1316 3467; x_wconf 88' lang='grc'><strong>·</strong></span> <span class='ocrx_word' id='word_1_280' title='bbox 1354 3441 1533 3509; x_wconf 73' lang='grc' dir='ltr'>Ἄφες</span> <span class='ocrx_word' id='word_1_281' title='bbox 1555 3460 1651 3510; x_wconf 85' lang='grc' dir='ltr'>με,</span> 
     </span>
    </p>
   </div>
   <div class='ocr_carea' id='block_1_36' title="bbox 104 3524 1653 3599">
    <p class='ocr_par' dir='ltr' id='par_1_36' title="bbox 104 3524 1653 3599">
     <span class='ocr_line' id='line_1_36' title="bbox 104 3524 1653 3599; baseline 0.009 -23"><span class='ocrx_word' id='word_1_282' title='bbox 104 3524 196 3576; x_wconf 77' lang='grc' dir='ltr'>καί</span> <span class='ocrx_word' id='word_1_283' title='bbox 237 3525 536 3592; x_wconf 72' lang='grc' dir='ltr'>ἐξαλείψω</span> <span class='ocrx_word' id='word_1_284' title='bbox 580 3527 816 3591; x_wconf 83' lang='grc' dir='ltr'>αὐτούς.</span> <span class='ocrx_word' id='word_1_285' title='bbox 872 3529 944 3580; x_wconf 86' lang='grc' dir='ltr'>υὺ</span> <span class='ocrx_word' id='word_1_286' title='bbox 996 3529 1317 3586; x_wconf 83' lang='grc' dir='ltr'>κωλύεταιὸ</span> <span class='ocrx_word' id='word_1_287' title='bbox 1345 3533 1503 3599; x_wconf 82' lang='grc' dir='ltr'>Θεὸς,</span> <span class='ocrx_word' id='word_1_288' title='bbox 1536 3537 1653 3590; x_wconf 82' lang='grc' dir='ltr'>οὐδὲ</span> 
     </span>
    </p>
   </div>
   <div class='ocr_carea' id='block_1_37' title="bbox 104 3618 1647 3698">
    <p class='ocr_par' dir='ltr' id='par_1_37' title="bbox 104 3618 1647 3698">
     <span class='ocr_line' id='line_1_37' title="bbox 104 3618 1647 3698; baseline 0.009 -30"><span class='ocrx_word' id='word_1_289' title='bbox 104 3618 345 3687; x_wconf 84' lang='grc' dir='ltr'>ἀνάγκην</span> <span class='ocrx_word' id='word_1_290' title='bbox 396 3618 626 3687; x_wconf 89' lang='grc' dir='ltr'>πάσχει,</span> <span class='ocrx_word' id='word_1_291' title='bbox 668 3620 1021 3688; x_wconf 78' lang='grc' dir='ltr'>κατεχόμενος</span> <span class='ocrx_word' id='word_1_292' title='bbox 1064 3623 1165 3675; x_wconf 88' lang='grc' dir='ltr'>ὑπὸ</span> <span class='ocrx_word' id='word_1_293' title='bbox 1211 3624 1303 3677; x_wconf 87' lang='grc' dir='ltr'>τοῦ</span> <span class='ocrx_word' id='word_1_294' title='bbox 1350 3632 1647 3698; x_wconf 79' lang='grc' dir='ltr'>προφήτου.</span> 
     </span>
    </p>
   </div>
   <div class='ocr_carea' id='block_1_38' title="bbox 103 3713 1645 3792">
    <p class='ocr_par' dir='ltr' id='par_1_38' title="bbox 103 3713 1645 3792">
     <span class='ocr_line' id='line_1_38' title="bbox 103 3713 1645 3792; baseline 0.008 -29"><span class='ocrx_word' id='word_1_295' title='bbox 103 3713 257 3765; x_wconf 78' lang='grc' dir='ltr'>Οὕτω</span> <span class='ocrx_word' id='word_1_296' title='bbox 304 3713 372 3783; x_wconf 80' lang='grc' dir='ltr'>δὴ</span> <span class='ocrx_word' id='word_1_297' title='bbox 422 3714 516 3765; x_wconf 84' lang='grc' dir='ltr'>καὶ</span> <span class='ocrx_word' id='word_1_298' title='bbox 549 3713 798 3766; x_wconf 89' lang='grc' dir='ltr'>ἐνταῦθα.</span> <span class='ocrx_word' id='word_1_299' title='bbox 847 3716 954 3767; x_wconf 90' lang='lat' dir='ltr'>Kal</span> <span class='ocrx_word' id='word_1_300' title='bbox 1002 3716 1157 3770; x_wconf 86' lang='grc' dir='ltr'>πάλιν</span> <span class='ocrx_word' id='word_1_301' title='bbox 1197 3719 1428 3788; x_wconf 81' lang='grc' dir='ltr'>ἀλλαχοῦ</span> <span class='ocrx_word' id='word_1_302' title='bbox 1472 3740 1601 3792; x_wconf 84' lang='grc' dir='ltr'>φησι</span> <span class='ocrx_word' id='word_1_303' title='bbox 1632 3740 1645 3754; x_wconf 73' lang='grc' dir='ltr'>ο</span> 
     </span>
    </p>
   </div>
   <div class='ocr_carea' id='block_1_39' title="bbox 104 3806 1649 3880">
    <p class='ocr_par' dir='ltr' id='par_1_39' title="bbox 104 3806 1649 3880">
     <span class='ocr_line' id='line_1_39' title="bbox 104 3806 1649 3880; baseline 0.006 -22"><span class='ocrx_word' id='word_1_304' title='bbox 104 3807 283 3873; x_wconf 68' lang='grc' dir='ltr'>Ἄφες</span> <span class='ocrx_word' id='word_1_305' title='bbox 298 3822 399 3874; x_wconf 80' lang='grc' dir='ltr'>με,</span> <span class='ocrx_word' id='word_1_306' title='bbox 436 3806 524 3858; x_wconf 81' lang='grc' dir='ltr'>ὅτι</span> <span class='ocrx_word' id='word_1_307' title='bbox 546 3807 725 3875; x_wconf 82' lang='grc' dir='ltr'>ἀνέϐη</span> <span class='ocrx_word' id='word_1_308' title='bbox 750 3811 782 3861; x_wconf 85' lang='grc' dir='ltr'><em>ὀ</em></span> <span class='ocrx_word' id='word_1_309' title='bbox 807 3808 1029 3876; x_wconf 77' lang='grc' dir='ltr'>ὄρθρος.</span> <span class='ocrx_word' id='word_1_310' title='bbox 1060 3808 1211 3880; x_wconf 71' lang='grc'>[252]</span> <span class='ocrx_word' id='word_1_311' title='bbox 1236 3813 1344 3864; x_wconf 89' lang='lat' dir='ltr'>Kal</span> <span class='ocrx_word' id='word_1_312' title='bbox 1374 3814 1532 3867; x_wconf 88' lang='grc' dir='ltr'>πάλιν</span> <span class='ocrx_word' id='word_1_313' title='bbox 1558 3818 1649 3868; x_wconf 74' lang='grc' dir='ltr'>ἐπὶ</span> 
     </span>
    </p>
   </div>
   <div class='ocr_carea' id='block_1_40' title="bbox 99 3900 1646 3973">
    <p class='ocr_par' dir='ltr' id='par_1_40' title="bbox 99 3900 1646 3973">
     <span class='ocr_line' id='line_1_40' title="bbox 99 3900 1646 3973; baseline 0.008 -22"><span class='ocrx_word' id='word_1_314' title='bbox 99 3901 187 3953; x_wconf 87' lang='grc' dir='ltr'>τοῦ</span> <span class='ocrx_word' id='word_1_315' title='bbox 225 3900 457 3967; x_wconf 76' lang='grc' dir='ltr'>ἀγγέλου</span> <span class='ocrx_word' id='word_1_316' title='bbox 502 3902 595 3953; x_wconf 76' lang='grc' dir='ltr'>καὶ</span> <span class='ocrx_word' id='word_1_317' title='bbox 626 3901 720 3972; x_wconf 85' lang='grc' dir='ltr'>τῆς</span> <span class='ocrx_word' id='word_1_318' title='bbox 760 3902 908 3954; x_wconf 75' lang='grc' dir='ltr'>ὅνου·</span> <span class='ocrx_word' id='word_1_319' title='bbox 955 3906 1024 3955; x_wconf 83' lang='lat' dir='ltr'><strong><em>El</em></strong></span> <span class='ocrx_word' id='word_1_320' title='bbox 1058 3903 1143 3970; x_wconf 81' lang='grc' dir='ltr'>μὴ</span> <span class='ocrx_word' id='word_1_321' title='bbox 1180 3908 1501 3973; x_wconf 77' lang='grc' dir='ltr'>πρόσωπόν</span> <span class='ocrx_word' id='word_1_322' title='bbox 1534 3925 1646 3964; x_wconf 91' lang='grc' dir='ltr'>σου</span> 
     </span>
    </p>
   </div>
   <div class='ocr_carea' id='block_1_41' title="bbox 99 3994 1648 4065">
    <p class='ocr_par' dir='ltr' id='par_1_41' title="bbox 99 3994 1648 4065">
     <span class='ocr_line' id='line_1_41' title="bbox 99 3994 1648 4065; baseline 0.007 -20"><span class='ocrx_word' id='word_1_323' title='bbox 99 3996 333 4057; x_wconf 70' lang='grc' dir='ltr'>ἔλαϐον,</span> <span class='ocrx_word' id='word_1_324' title='bbox 360 3994 537 4062; x_wconf 86' lang='grc' dir='ltr'>φησίν.</span> <span class='ocrx_word' id='word_1_325' title='bbox 568 3994 677 4046; x_wconf 85' lang='grc' dir='ltr'>Οὐκ</span> <span class='ocrx_word' id='word_1_326' title='bbox 703 3995 808 4065; x_wconf 86' lang='grc' dir='ltr'>ἀρα</span> <span class='ocrx_word' id='word_1_327' title='bbox 846 3994 1001 4047; x_wconf 88' lang='grc' dir='ltr'>τοῦτο</span> <span class='ocrx_word' id='word_1_328' title='bbox 1043 3996 1306 4051; x_wconf 85' lang='grc' dir='ltr'>δείκνυσιν</span> <span class='ocrx_word' id='word_1_329' title='bbox 1333 4001 1489 4054; x_wconf 81' lang='grc' dir='ltr'>αὐτὸν</span> <span class='ocrx_word' id='word_1_330' title='bbox 1523 4004 1648 4056; x_wconf 83' lang='grc' dir='ltr'>ἀνθ-</span> 
     </span>
    </p>
   </div>
   <div class='ocr_carea' id='block_1_42' title="bbox 102 4087 1641 4159">
    <p class='ocr_par' dir='ltr' id='par_1_42' title="bbox 102 4087 1641 4159">
     <span class='ocr_line' id='line_1_42' title="bbox 102 4087 1641 4159; baseline 0.008 -22"><span class='ocrx_word' id='word_1_331' title='bbox 102 4090 385 4158; x_wconf 75' lang='grc' dir='ltr'>ιστάμενον</span> <span class='ocrx_word' id='word_1_332' title='bbox 426 4087 504 4157; x_wconf 83' lang='grc' dir='ltr'>τῷ</span> <span class='ocrx_word' id='word_1_333' title='bbox 549 4087 686 4157; x_wconf 79' lang='grc' dir='ltr'>Θεῷ,</span> <span class='ocrx_word' id='word_1_334' title='bbox 724 4089 837 4141; x_wconf 87' lang='grc' dir='ltr'>ἀλλ’</span> <span class='ocrx_word' id='word_1_335' title='bbox 862 4090 919 4141; x_wconf 83' lang='grc' dir='ltr'>ἐν</span> <span class='ocrx_word' id='word_1_336' title='bbox 955 4091 1148 4159; x_wconf 89' lang='grc' dir='ltr'>μόνον,</span> <span class='ocrx_word' id='word_1_337' title='bbox 1196 4092 1276 4145; x_wconf 83' lang='grc' dir='ltr'>ὅτι</span> <span class='ocrx_word' id='word_1_338' title='bbox 1318 4094 1641 4152; x_wconf 87' lang='grc' dir='ltr'>ἀδικοῦνται.</span> 
     </span>
    </p>
   </div>
   <div class='ocr_carea' id='block_1_43' title="bbox 100 4182 1646 4252">
    <p class='ocr_par' dir='ltr' id='par_1_43' title="bbox 100 4182 1646 4252">
     <span class='ocr_line' id='line_1_43' title="bbox 100 4182 1646 4252; baseline 0.007 -19"><span class='ocrx_word' id='word_1_339' title='bbox 100 4182 342 4234; x_wconf 79' lang='grc' dir='ltr'>Τοσαῦτα</span> <span class='ocrx_word' id='word_1_340' title='bbox 374 4182 587 4251; x_wconf 87' lang='grc' dir='ltr'>ίσχυσεν</span> <span class='ocrx_word' id='word_1_341' title='bbox 610 4182 639 4233; x_wconf 79' lang='grc' dir='ltr'>ὁ</span> <span class='ocrx_word' id='word_1_342' title='bbox 666 4182 874 4252; x_wconf 85' lang='grc' dir='ltr'>Δανιήλ.</span> <span class='ocrx_word' id='word_1_343' title='bbox 904 4183 1212 4251; x_wconf 84' lang='grc' dir='ltr'>Κατῆλθον</span> <span class='ocrx_word' id='word_1_344' title='bbox 1228 4190 1539 4244; x_wconf 86' lang='grc' dir='ltr'>συνετίσαι</span> <span class='ocrx_word' id='word_1_345' title='bbox 1573 4204 1646 4244; x_wconf 88' lang='grc' dir='ltr'>σε</span> 
     </span>
    </p>
   </div>
   <div class='ocr_carea' id='block_1_44' title="bbox 99 4275 1646 4351">
    <p class='ocr_par' dir='ltr' id='par_1_44' title="bbox 99 4275 1646 4351">
     <span class='ocr_line' id='line_1_44' title="bbox 99 4275 1646 4351; baseline 0.008 -25"><span class='ocrx_word' id='word_1_346' title='bbox 99 4276 207 4330; x_wconf 76' lang='grc' dir='ltr'>ὅσα</span> <span class='ocrx_word' id='word_1_347' title='bbox 233 4276 640 4341; x_wconf 80' lang='grc' dir='ltr'>ἀπαντήσεται</span> <span class='ocrx_word' id='word_1_348' title='bbox 654 4275 731 4340; x_wconf 85' lang='grc' dir='ltr'>τῷ</span> <span class='ocrx_word' id='word_1_349' title='bbox 755 4275 878 4341; x_wconf 84' lang='grc' dir='ltr'>λαῷ</span> <span class='ocrx_word' id='word_1_350' title='bbox 908 4292 1042 4333; x_wconf 88' lang='grc' dir='ltr'>σου.</span> <span class='ocrx_word' id='word_1_351' title='bbox 1060 4280 1198 4349; x_wconf 83' lang='grc' dir='ltr'>Ὀρα</span> <span class='ocrx_word' id='word_1_352' title='bbox 1227 4282 1342 4346; x_wconf 89' lang='grc' dir='ltr'>πῶς</span> <span class='ocrx_word' id='word_1_353' title='bbox 1357 4284 1646 4351; x_wconf 88' lang='grc' dir='ltr'>ἀναγκαῖον</span> 
     </span>
    </p>
   </div>
   <div class='ocr_carea' id='block_1_45' title="bbox 102 4369 1644 4447">
    <p class='ocr_par' dir='ltr' id='par_1_45' title="bbox 102 4369 1644 4447">
     <span class='ocr_line' id='line_1_45' title="bbox 102 4369 1644 4447; baseline 0.008 -28"><span class='ocrx_word' id='word_1_354' title='bbox 102 4371 325 4439; x_wconf 76' lang='grc' dir='ltr'>πρᾶγμα</span> <span class='ocrx_word' id='word_1_355' title='bbox 378 4370 570 4437; x_wconf 77' lang='grc' dir='ltr'>ἀφεὶς,</span> <span class='ocrx_word' id='word_1_356' title='bbox 621 4369 961 4437; x_wconf 84' lang='grc' dir='ltr'>ἀπολογεῖται</span> <span class='ocrx_word' id='word_1_357' title='bbox 1016 4372 1094 4441; x_wconf 86' lang='grc' dir='ltr'>τῷ</span> <span class='ocrx_word' id='word_1_358' title='bbox 1145 4377 1415 4447; x_wconf 79' lang='grc' dir='ltr'>προφήτῃ.</span> <span class='ocrx_word' id='word_1_359' title='bbox 1478 4379 1644 4432; x_wconf 90' lang='grc' dir='ltr'>Πάλιν</span> 
     </span>
    </p>
   </div>
   <div class='ocr_carea' id='block_1_46' title="bbox 98 4463 1645 4545">
    <p class='ocr_par' dir='ltr' id='par_1_46' title="bbox 98 4463 1645 4545">
     <span class='ocr_line' id='line_1_46' title="bbox 98 4463 1645 4545; baseline 0.01 -32"><span class='ocrx_word' id='word_1_360' title='bbox 98 4463 399 4525; x_wconf 73' lang='grc' dir='ltr'>ἐξίσταται’</span> <span class='ocrx_word' id='word_1_361' title='bbox 438 4464 596 4516; x_wconf 88' lang='grc' dir='ltr'>πάλιν</span> <span class='ocrx_word' id='word_1_362' title='bbox 628 4465 786 4517; x_wconf 86' lang='grc' dir='ltr'>αὐτὸν</span> <span class='ocrx_word' id='word_1_363' title='bbox 825 4466 1088 4535; x_wconf 86' lang='grc' dir='ltr'>ἀνίστησι,</span> <span class='ocrx_word' id='word_1_364' title='bbox 1147 4471 1238 4523; x_wconf 88' lang='grc' dir='ltr'>καί</span> <span class='ocrx_word' id='word_1_365' title='bbox 1295 4488 1456 4542; x_wconf 85' lang='grc' dir='ltr'>φησι·</span> <span class='ocrx_word' id='word_1_366' title='bbox 1508 4476 1645 4545; x_wconf 68' lang='grc' dir='ltr'>Ἐγὼ</span> 
     </span>
    </p>
   </div>
   <div class='ocr_carea' id='block_1_47' title="bbox 98 4558 1643 4636">
    <p class='ocr_par' dir='ltr' id='par_1_47' title="bbox 98 4558 1643 4636">
     <span class='ocr_line' id='line_1_47' title="bbox 98 4558 1643 4636; baseline 0.01 -29"><span class='ocrx_word' id='word_1_367' title='bbox 98 4559 410 4625; x_wconf 70' lang='grc' dir='ltr'>πορεύομαι</span> <span class='ocrx_word' id='word_1_368' title='bbox 459 4558 562 4609; x_wconf 87' lang='grc' dir='ltr'>τοῦ</span> <span class='ocrx_word' id='word_1_369' title='bbox 630 4559 964 4627; x_wconf 81' lang='grc' dir='ltr'>πολεμῆσαι</span> <span class='ocrx_word' id='word_1_370' title='bbox 999 4564 1147 4629; x_wconf 84' lang='grc' dir='ltr'>μετὰ</span> <span class='ocrx_word' id='word_1_371' title='bbox 1200 4565 1305 4618; x_wconf 86' lang='grc' dir='ltr'>τοῦ</span> <span class='ocrx_word' id='word_1_372' title='bbox 1356 4567 1643 4636; x_wconf 77' lang='grc' dir='ltr'>ἄρχοντος</span> 
     </span>
    </p>
   </div>
   <div class='ocr_carea' id='block_1_48' title="bbox 100 4650 1643 4727">
    <p class='ocr_par' dir='ltr' id='par_1_48' title="bbox 100 4650 1643 4727">
     <span class='ocr_line' id='line_1_48' title="bbox 100 4650 1643 4727; baseline 0.008 -24"><span class='ocrx_word' id='word_1_373' title='bbox 100 4651 356 4716; x_wconf 84' lang='grc' dir='ltr'>Περσῶν.</span> <span class='ocrx_word' id='word_1_374' title='bbox 384 4650 491 4703; x_wconf 85' lang='lat' dir='ltr'>Kal</span> <span class='ocrx_word' id='word_1_375' title='bbox 512 4651 623 4717; x_wconf 73' lang='grc' dir='ltr'>ἐγὼ</span> <span class='ocrx_word' id='word_1_376' title='bbox 646 4650 1098 4721; x_wconf 80' lang='grc' dir='ltr'>ἐξεπορευόμην,</span> <span class='ocrx_word' id='word_1_377' title='bbox 1140 4659 1236 4709; x_wconf 78' lang='grc' dir='ltr'>καὶ</span> <span class='ocrx_word' id='word_1_378' title='bbox 1269 4662 1301 4710; x_wconf 84' lang='lat' dir='ltr'>d</span> <span class='ocrx_word' id='word_1_379' title='bbox 1318 4659 1512 4727; x_wconf 77' lang='grc' dir='ltr'>ἄρχων</span> <span class='ocrx_word' id='word_1_380' title='bbox 1528 4664 1643 4715; x_wconf 85' lang='grc' dir='ltr'>τῶν</span> 
     </span>
    </p>
   </div>
   <div class='ocr_carea' id='block_1_49' title="bbox 108 4744 1641 4822">
    <p class='ocr_par' dir='ltr' id='par_1_49' title="bbox 108 4744 1641 4822">
     <span class='ocr_line' id='line_1_49' title="bbox 108 4744 1641 4822; baseline 0.007 -25"><span class='ocrx_word' id='word_1_381' title='bbox 108 4744 413 4809; x_wconf 81' lang='grc' dir='ltr'>Ἐλλήνων</span> <span class='ocrx_word' id='word_1_382' title='bbox 443 4744 676 4811; x_wconf 76' lang='grc' dir='ltr'>ἤρχετο.</span> <span class='ocrx_word' id='word_1_383' title='bbox 720 4747 876 4807; x_wconf 87' lang='grc' dir='ltr'>Ἴσως</span> <span class='ocrx_word' id='word_1_384' title='bbox 909 4748 1023 4809; x_wconf 86' lang='grc' dir='ltr'>ἐνὸς</span> <span class='ocrx_word' id='word_1_385' title='bbox 1072 4750 1179 4800; x_wconf 89' lang='grc' dir='ltr'>τῶν</span> <span class='ocrx_word' id='word_1_386' title='bbox 1223 4752 1641 4822; x_wconf 72' lang='grc' dir='ltr'>ἐναντιουμένων</span> 
     </span>
    </p>
   </div>
   <div class='ocr_carea' id='block_1_50' title="bbox 96 4838 1641 4906">
    <p class='ocr_par' dir='ltr' id='par_1_50' title="bbox 96 4838 1641 4906">
     <span class='ocr_line' id='line_1_50' title="bbox 96 4838 1641 4906; baseline 0.008 -19"><span class='ocrx_word' id='word_1_387' title='bbox 96 4838 179 4887; x_wconf 75' lang='grc' dir='ltr'>ἐπὶ</span> <span class='ocrx_word' id='word_1_388' title='bbox 232 4840 348 4898; x_wconf 83' lang='grc' dir='ltr'>τοῖς</span> <span class='ocrx_word' id='word_1_389' title='bbox 394 4839 711 4906; x_wconf 75' lang='grc' dir='ltr'>ἐσομένοις,</span> <span class='ocrx_word' id='word_1_390' title='bbox 770 4839 909 4891; x_wconf 79' lang='grc' dir='ltr'>ὥστε</span> <span class='ocrx_word' id='word_1_391' title='bbox 963 4844 1072 4903; x_wconf 84' lang='grc' dir='ltr'>τοῖς</span> <span class='ocrx_word' id='word_1_392' title='bbox 1106 4842 1245 4894; x_wconf 88' lang='grc' dir='ltr'>κατά</span> <span class='ocrx_word' id='word_1_393' title='bbox 1307 4845 1641 4900; x_wconf 83' lang='grc' dir='ltr'>Μακεδονίαν</span> 
     </span>
    </p>
   </div>
   <div class='ocr_carea' id='block_1_51' title="bbox 96 4929 1641 5006">
    <p class='ocr_par' dir='ltr' id='par_1_51' title="bbox 96 4929 1641 5006">
     <span class='ocr_line' id='line_1_51' title="bbox 96 4929 1641 5006; baseline 0.006 -25"><span class='ocrx_word' id='word_1_394' title='bbox 96 4931 414 4999; x_wconf 74' lang='grc' dir='ltr'>πολεμῆσαι.</span> <span class='ocrx_word' id='word_1_395' title='bbox 439 4932 545 4983; x_wconf 85' lang='lat' dir='ltr'>Kal</span> <span class='ocrx_word' id='word_1_396' title='bbox 575 4929 727 4985; x_wconf 72' lang='grc' dir='ltr'>οὔπω</span> <span class='ocrx_word' id='word_1_397' title='bbox 745 4933 1007 4987; x_wconf 87' lang='grc' dir='ltr'>πείθεται.</span> <span class='ocrx_word' id='word_1_398' title='bbox 1046 4936 1281 5005; x_wconf 85' lang='grc' dir='ltr'>Πόλεμος</span> <span class='ocrx_word' id='word_1_399' title='bbox 1311 4940 1366 4989; x_wconf 87' lang='grc' dir='ltr'>ἐν</span> <span class='ocrx_word' id='word_1_400' title='bbox 1393 4941 1641 5006; x_wconf 85' lang='grc' dir='ltr'>ἀγγέλοις</span> 
     </span>
    </p>
   </div>
   <div class='ocr_carea' id='block_1_52' title="bbox 94 5024 1641 5102">
    <p class='ocr_par' dir='ltr' id='par_1_52' title="bbox 94 5024 1641 5102">
     <span class='ocr_line' id='line_1_52' title="bbox 94 5024 1641 5102; baseline 0.008 -27"><span class='ocrx_word' id='word_1_401' title='bbox 94 5026 216 5086; x_wconf 73' lang='grc' dir='ltr'>ἐστὶ,</span> <span class='ocrx_word' id='word_1_402' title='bbox 257 5024 405 5092; x_wconf 87' lang='grc' dir='ltr'>μάχη</span> <span class='ocrx_word' id='word_1_403' title='bbox 438 5024 563 5093; x_wconf 72' lang='grc' dir='ltr'>περὶ</span> <span class='ocrx_word' id='word_1_404' title='bbox 598 5024 929 5094; x_wconf 83' lang='grc' dir='ltr'>ἀνθρώπων;</span> <span class='ocrx_word' id='word_1_405' title='bbox 980 5030 1104 5083; x_wconf 76' lang='grc' dir='ltr'>Ναί.</span> <span class='ocrx_word' id='word_1_406' title='bbox 1136 5032 1282 5085; x_wconf 86' lang='grc' dir='ltr'>Πάνυ</span> <span class='ocrx_word' id='word_1_407' title='bbox 1322 5032 1428 5102; x_wconf 82' lang='grc' dir='ltr'>γὰρ</span> <span class='ocrx_word' id='word_1_408' title='bbox 1465 5035 1641 5087; x_wconf 83' lang='grc' dir='ltr'>αὐτῶν</span> 
     </span>
    </p>
   </div>
   <div class='ocr_carea' id='block_1_53' title="bbox 94 5117 1635 5193">
    <p class='ocr_par' dir='ltr' id='par_1_53' title="bbox 94 5117 1635 5193">
     <span class='ocr_line' id='line_1_53' title="bbox 94 5117 1635 5193; baseline 0.01 -26"><span class='ocrx_word' id='word_1_409' title='bbox 94 5119 362 5185; x_wconf 74' lang='grc' dir='ltr'>κήδονται.</span> <span class='ocrx_word' id='word_1_410' title='bbox 410 5117 574 5171; x_wconf 82' lang='grc' dir='ltr'>υῦπω</span> <span class='ocrx_word' id='word_1_411' title='bbox 637 5119 880 5191; x_wconf 86' lang='grc' dir='ltr'>ἐπείσθη.</span> <span class='ocrx_word' id='word_1_412' title='bbox 937 5122 1142 5191; x_wconf 82' lang='grc' dir='ltr'>Ὠσπερ</span> <span class='ocrx_word' id='word_1_413' title='bbox 1196 5125 1260 5178; x_wconf 81' lang='grc' dir='ltr'>ἂν</span> <span class='ocrx_word' id='word_1_414' title='bbox 1316 5129 1456 5180; x_wconf 70' lang='grc' dir='ltr'>εἴποι</span> <span class='ocrx_word' id='word_1_415' title='bbox 1524 5148 1635 5193; x_wconf 89' lang='grc' dir='ltr'>τις·</span> 
     </span>
    </p>
   </div>
   <div class='ocr_carea' id='block_1_54' title="bbox 98 5213 1050 5283">
    <p class='ocr_par' dir='ltr' id='par_1_54' title="bbox 98 5213 1050 5283">
     <span class='ocr_line' id='line_1_54' title="bbox 98 5213 1050 5283; baseline 0.007 -19"><span class='ocrx_word' id='word_1_416' title='bbox 98 5213 629 5283; x_wconf 71' lang='grc' dir='ltr'>Ἀναγκάζομαιτιῖιδε</span> <span class='ocrx_word' id='word_1_417' title='bbox 664 5213 1050 5283; x_wconf 84' lang='grc' dir='ltr'>φιλονεικῆσαι.</span> 
     </span>
    </p>
   </div>
   <div class='ocr_carea' id='block_1_55' title="bbox 643 5336 1014 5391">
    <p class='ocr_par' dir='ltr' id='par_1_55' title="bbox 643 5336 1014 5391">
     <span class='ocr_line' id='line_1_55' title="bbox 643 5336 1014 5391; baseline 0.013 -5"><span class='ocrx_word' id='word_1_418' title='bbox 643 5336 885 5389; x_wconf 81' lang='grc' dir='ltr'>ΚΕΦΑΛ.</span> <span class='ocrx_word' id='word_1_419' title='bbox 912 5338 1014 5391; x_wconf 83' lang='lat' dir='ltr'>IA&#39;.</span> 
     </span>
    </p>
   </div>
   <div class='ocr_carea' id='block_1_56' title="bbox 155 5464 1636 5543">
    <p class='ocr_par' dir='ltr' id='par_1_56' title="bbox 155 5464 1636 5543">
     <span class='ocr_line' id='line_1_56' title="bbox 155 5464 1636 5543; baseline 0.009 -26"><span class='ocrx_word' id='word_1_420' title='bbox 155 5465 260 5517; x_wconf 86' lang='lat' dir='ltr'>Kal</span> <span class='ocrx_word' id='word_1_421' title='bbox 277 5464 514 5534; x_wconf 76' lang='grc' dir='ltr'>ἐγένετο</span> <span class='ocrx_word' id='word_1_422' title='bbox 535 5465 603 5518; x_wconf 86' lang='grc' dir='ltr'>έν</span> <span class='ocrx_word' id='word_1_423' title='bbox 622 5465 737 5519; x_wconf 78' lang='grc' dir='ltr'>ἔτει</span> <span class='ocrx_word' id='word_1_424' title='bbox 759 5467 959 5534; x_wconf 83' lang='grc' dir='ltr'>πρώτῳ</span> <span class='ocrx_word' id='word_1_425' title='bbox 978 5470 1194 5536; x_wconf 75' lang='grc' dir='ltr'>Κύρου,</span> <span class='ocrx_word' id='word_1_426' title='bbox 1207 5470 1320 5540; x_wconf 65' lang='grc' dir='ltr'>ἐγὼ</span> <span class='ocrx_word' id='word_1_427' title='bbox 1340 5474 1524 5543; x_wconf 77' lang='grc' dir='ltr'>ἔστην</span> <span class='ocrx_word' id='word_1_428' title='bbox 1553 5482 1636 5543; x_wconf 80' lang='grc' dir='ltr'>είς</span> 
     </span>
    </p>
   </div>
   <div class='ocr_carea' id='block_1_57' title="bbox 96 5557 1630 5638">
    <p class='ocr_par' dir='ltr' id='par_1_57' title="bbox 96 5557 1630 5638">
     <span class='ocr_line' id='line_1_57' title="bbox 96 5557 1630 5638; baseline 0.009 -27"><span class='ocrx_word' id='word_1_429' title='bbox 96 5557 297 5624; x_wconf 74' lang='grc' dir='ltr'>κράτος·</span> <span class='ocrx_word' id='word_1_430' title='bbox 317 5558 413 5613; x_wconf 75' lang='grc' dir='ltr'>καί</span> <span class='ocrx_word' id='word_1_431' title='bbox 430 5560 629 5625; x_wconf 81' lang='grc' dir='ltr'>ισχύν.</span> <span class='ocrx_word' id='word_1_432' title='bbox 644 5561 746 5614; x_wconf 88' lang='lat' dir='ltr'>Kal</span> <span class='ocrx_word' id='word_1_433' title='bbox 764 5562 878 5616; x_wconf 85' lang='grc' dir='ltr'>νῦν</span> <span class='ocrx_word' id='word_1_434' title='bbox 897 5563 1199 5632; x_wconf 78' lang='grc' dir='ltr'>ἀναγγελῶ</span> <span class='ocrx_word' id='word_1_435' title='bbox 1215 5582 1310 5621; x_wconf 89' lang='grc' dir='ltr'>σοι</span> <span class='ocrx_word' id='word_1_436' title='bbox 1330 5569 1630 5638; x_wconf 79' lang='grc' dir='ltr'>ἀλήθειαν.</span> 
     </span>
    </p>
   </div>
   <div class='ocr_carea' id='block_1_58' title="bbox 1499 331 1961 392">
    <p class='ocr_par' dir='ltr' id='par_1_58' title="bbox 1499 331 1961 392">
     <span class='ocr_line' id='line_1_58' title="bbox 1499 331 1961 392; baseline 0.015 -7"><span class='ocrx_word' id='word_1_437' title='bbox 1499 331 1565 387; x_wconf 74' lang='grc' dir='ltr'>ΙΝ</span> <span class='ocrx_word' id='word_1_438' title='bbox 1601 334 1961 392; x_wconf 78' lang='lat' dir='ltr'>DANIELEM.</span> 
     </span>
    </p>
   </div>
   <div class='ocr_carea' id='block_1_59' title="bbox 3208 368 3315 423">
    <p class='ocr_par' dir='ltr' id='par_1_59' title="bbox 3208 368 3315 423">
     <span class='ocr_line' id='line_1_59' title="bbox 3208 368 3315 423; baseline 0.047 -5"><span class='ocrx_word' id='word_1_439' title='bbox 3208 368 3315 423; x_wconf 78' lang='lat'>244</span> 
     </span>
    </p>
   </div>
   <div class='ocr_carea' id='block_1_60' title="bbox 1788 443 3320 542">
    <p class='ocr_par' dir='ltr' id='par_1_60' title="bbox 1788 443 3320 542">
     <span class='ocr_line' id='line_1_60' title="bbox 1788 443 3320 542; baseline 0.018 -49"><span class='ocrx_word' id='word_1_440' title='bbox 1788 444 1896 494; x_wconf 89' lang='lat' dir='ltr'>Kal</span> <span class='ocrx_word' id='word_1_441' title='bbox 1934 443 2071 511; x_wconf 91' lang='grc' dir='ltr'>τότε,</span> <span class='ocrx_word' id='word_1_442' title='bbox 2120 448 2271 517; x_wconf 75' lang='grc' dir='ltr'>φησὶ,</span> <span class='ocrx_word' id='word_1_443' title='bbox 2303 449 2478 513; x_wconf 84' lang='grc' dir='ltr'>σώσας</span> <span class='ocrx_word' id='word_1_444' title='bbox 2509 453 2617 520; x_wconf 83' lang='grc' dir='ltr'>ἐγώ</span> <span class='ocrx_word' id='word_1_445' title='bbox 2642 455 2773 524; x_wconf 88' lang='grc' dir='ltr'>είμι.</span> <span class='ocrx_word' id='word_1_446' title='bbox 2814 459 2928 512; x_wconf 86' lang='grc' dir='ltr'>Ἵνα</span> <span class='ocrx_word' id='word_1_447' title='bbox 2956 461 3061 533; x_wconf 81' lang='grc' dir='ltr'>γὰρ</span> <span class='ocrx_word' id='word_1_448' title='bbox 3084 465 3157 534; x_wconf 82' lang='grc' dir='ltr'>μὴ</span> <span class='ocrx_word' id='word_1_449' title='bbox 3190 468 3320 542; x_wconf 78' lang='grc' dir='ltr'>λέγῃ</span> 
     </span>
    </p>
   </div>
   <div class='ocr_carea' id='block_1_61' title="bbox 1780 537 3318 634">
    <p class='ocr_par' dir='ltr' id='par_1_61' title="bbox 1780 537 3318 634">
     <span class='ocr_line' id='line_1_61' title="bbox 1780 537 3318 634; baseline 0.019 -46"><span class='ocrx_word' id='word_1_450' title='bbox 1780 553 1893 599; x_wconf 88' lang='grc' dir='ltr'>τις·</span> <span class='ocrx_word' id='word_1_451' title='bbox 1920 538 1986 589; x_wconf 90' lang='grc' dir='ltr'>Τί</span> <span class='ocrx_word' id='word_1_452' title='bbox 2029 537 2119 594; x_wconf 80' lang='grc' dir='ltr'>οὖν</span> <span class='ocrx_word' id='word_1_453' title='bbox 2155 544 2421 614; x_wconf 86' lang='grc' dir='ltr'>πολεμεῖς;</span> <span class='ocrx_word' id='word_1_454' title='bbox 2453 548 2504 598; x_wconf 89' lang='grc' dir='ltr'>τί</span> <span class='ocrx_word' id='word_1_455' title='bbox 2533 544 2644 613; x_wconf 83' lang='grc' dir='ltr'>οὖν,</span> <span class='ocrx_word' id='word_1_456' title='bbox 2682 552 2745 604; x_wconf 87' lang='grc' dir='ltr'>ἂν</span> <span class='ocrx_word' id='word_1_457' title='bbox 2776 554 2848 624; x_wconf 82' lang='grc' dir='ltr'>μὴ</span> <span class='ocrx_word' id='word_1_458' title='bbox 2881 560 3131 628; x_wconf 74' lang='grc' dir='ltr'>νικήσῃςς</span> <span class='ocrx_word' id='word_1_459' title='bbox 3168 537 3318 634; x_wconf 60' lang='grc' dir='ltr'>Οὐχί,</span> 
     </span>
    </p>
   </div>
   <div class='ocr_carea' id='block_1_62' title="bbox 1782 635 3322 719">
    <p class='ocr_par' dir='ltr' id='par_1_62' title="bbox 1782 635 3322 719">
     <span class='ocr_line' id='line_1_62' title="bbox 1782 635 3322 719; baseline 0.019 -35"><span class='ocrx_word' id='word_1_460' title='bbox 1782 635 1931 704; x_wconf 85' lang='grc' dir='ltr'>φησί.</span> <span class='ocrx_word' id='word_1_461' title='bbox 1957 637 2067 691; x_wconf 89' lang='lat' dir='ltr'>Kal</span> <span class='ocrx_word' id='word_1_462' title='bbox 2092 641 2210 693; x_wconf 84' lang='grc' dir='ltr'>τότε</span> <span class='ocrx_word' id='word_1_463' title='bbox 2249 642 2357 709; x_wconf 86' lang='grc' dir='ltr'>ἐγὼ</span> <span class='ocrx_word' id='word_1_464' title='bbox 2380 644 2556 697; x_wconf 78' lang='grc' dir='ltr'>αὐτῶν</span> <span class='ocrx_word' id='word_1_465' title='bbox 2578 649 2862 719; x_wconf 87' lang='grc' dir='ltr'>προέστην.</span> <span class='ocrx_word' id='word_1_466' title='bbox 2913 656 3020 706; x_wconf 88' lang='lat' dir='ltr'>Kal</span> <span class='ocrx_word' id='word_1_467' title='bbox 3052 660 3160 710; x_wconf 85' lang='grc' dir='ltr'>οὐκ</span> <span class='ocrx_word' id='word_1_468' title='bbox 3190 659 3322 712; x_wconf 79' lang='grc' dir='ltr'>ἔστι</span> 
     </span>
    </p>
   </div>
   <div class='ocr_carea' id='block_1_63' title="bbox 1781 733 3321 821">
    <p class='ocr_par' dir='ltr' id='par_1_63' title="bbox 1781 733 3321 821">
     <span class='ocr_line' id='line_1_63' title="bbox 1781 733 3321 821; baseline 0.019 -37"><span class='ocrx_word' id='word_1_469' title='bbox 1781 733 1907 801; x_wconf 79' lang='grc' dir='ltr'>γὰρ,</span> <span class='ocrx_word' id='word_1_470' title='bbox 1940 737 2091 805; x_wconf 77' lang='grc' dir='ltr'>φησὶ,</span> <span class='ocrx_word' id='word_1_471' title='bbox 2123 733 2209 803; x_wconf 78' lang='grc' dir='ltr'>εἶς</span> <span class='ocrx_word' id='word_1_472' title='bbox 2226 741 2615 809; x_wconf 80' lang='grc' dir='ltr'>ἀντεχόμενός</span> <span class='ocrx_word' id='word_1_473' title='bbox 2636 764 2736 812; x_wconf 82' lang='grc' dir='ltr'>μοι</span> <span class='ocrx_word' id='word_1_474' title='bbox 2758 752 2887 816; x_wconf 81' lang='grc' dir='ltr'>περὶ</span> <span class='ocrx_word' id='word_1_475' title='bbox 2925 756 3163 821; x_wconf 82' lang='grc' dir='ltr'>τούτων,</span> <span class='ocrx_word' id='word_1_476' title='bbox 3182 759 3321 811; x_wconf 84' lang='grc' dir='ltr'>ἀλλ’</span> 
     </span>
    </p>
   </div>
   <div class='ocr_carea' id='block_1_64' title="bbox 1778 829 3318 927">
    <p class='ocr_par' dir='ltr' id='par_1_64' title="bbox 1778 829 3318 927">
     <span class='ocr_line' id='line_1_64' title="bbox 1778 829 3318 927; baseline 0.015 -44"><span class='ocrx_word' id='word_1_477' title='bbox 1778 829 1816 896; x_wconf 80' lang='grc' dir='ltr'><em>ἢ</em></span> <span class='ocrx_word' id='word_1_478' title='bbox 1848 833 2087 901; x_wconf 82' lang='grc' dir='ltr'>Μιχαὴλ</span> <span class='ocrx_word' id='word_1_479' title='bbox 2117 838 2149 889; x_wconf 83' lang='grc' dir='ltr'>ό</span> <span class='ocrx_word' id='word_1_480' title='bbox 2181 836 2376 904; x_wconf 75' lang='grc' dir='ltr'>ἄρχων</span> <span class='ocrx_word' id='word_1_481' title='bbox 2405 841 2619 893; x_wconf 83' lang='grc' dir='ltr'>αὐτῶν.</span> <span class='ocrx_word' id='word_1_482' title='bbox 2670 844 2848 897; x_wconf 88' lang='grc' dir='ltr'>Ταῦτα</span> <span class='ocrx_word' id='word_1_483' title='bbox 2880 848 3020 915; x_wconf 83' lang='grc' dir='ltr'>λέγει</span> <span class='ocrx_word' id='word_1_484' title='bbox 3048 852 3130 904; x_wconf 82' lang='grc' dir='ltr'>ἵνα</span> <span class='ocrx_word' id='word_1_485' title='bbox 3156 856 3318 927; x_wconf 73' lang='grc' dir='ltr'>πείσῃ</span> 
     </span>
    </p>
   </div>
   <div class='ocr_carea' id='block_1_65' title="bbox 1776 930 3316 1017">
    <p class='ocr_par' dir='ltr' id='par_1_65' title="bbox 1776 930 3316 1017">
     <span class='ocr_line' id='line_1_65' title="bbox 1776 930 3316 1017; baseline 0.014 -37"><span class='ocrx_word' id='word_1_486' title='bbox 1776 930 1969 997; x_wconf 86' lang='grc' dir='ltr'>αὑτὸν,</span> <span class='ocrx_word' id='word_1_487' title='bbox 2010 932 2089 985; x_wconf 84' lang='grc' dir='ltr'>ὃτι</span> <span class='ocrx_word' id='word_1_488' title='bbox 2121 934 2181 984; x_wconf 85' lang='grc' dir='ltr'>οὐ</span> <span class='ocrx_word' id='word_1_489' title='bbox 2212 935 2463 1005; x_wconf 89' lang='grc' dir='ltr'>πολέμιός</span> <span class='ocrx_word' id='word_1_490' title='bbox 2516 939 2660 993; x_wconf 87' lang='grc' dir='ltr'>ἐστιν</span> <span class='ocrx_word' id='word_1_491' title='bbox 2690 944 2833 1012; x_wconf 87' lang='grc' dir='ltr'>αὑτῴ</span> <span class='ocrx_word' id='word_1_492' title='bbox 2858 948 2947 996; x_wconf 79' lang='grc' dir='ltr'>καὶ</span> <span class='ocrx_word' id='word_1_493' title='bbox 2984 948 3187 1017; x_wconf 84' lang='grc' dir='ltr'>ἐχθρὸς,</span> <span class='ocrx_word' id='word_1_494' title='bbox 3223 955 3316 1002; x_wconf 74' lang='grc' dir='ltr'>καὶ</span> 
     </span>
    </p>
   </div>
   <div class='ocr_carea' id='block_1_66' title="bbox 1776 1028 3315 1116">
    <p class='ocr_par' dir='ltr' id='par_1_66' title="bbox 1776 1028 3315 1116">
     <span class='ocr_line' id='line_1_66' title="bbox 1776 1028 3315 1116; baseline 0.013 -35"><span class='ocrx_word' id='word_1_495' title='bbox 1776 1028 1857 1081; x_wconf 86' lang='grc' dir='ltr'>ὅτι</span> <span class='ocrx_word' id='word_1_496' title='bbox 1890 1033 2184 1101; x_wconf 86' lang='grc' dir='ltr'>πράγματα</span> <span class='ocrx_word' id='word_1_497' title='bbox 2237 1038 2376 1088; x_wconf 84' lang='grc' dir='ltr'>αίτεῖ</span> <span class='ocrx_word' id='word_1_498' title='bbox 2422 1039 2787 1109; x_wconf 81' lang='grc' dir='ltr'>κεκωλυμένα.</span> <span class='ocrx_word' id='word_1_499' title='bbox 2836 1045 2944 1111; x_wconf 82' lang='grc' dir='ltr'>Οὐχ</span> <span class='ocrx_word' id='word_1_500' title='bbox 2989 1046 3068 1096; x_wconf 84' lang='grc' dir='ltr'>ὅτι</span> <span class='ocrx_word' id='word_1_501' title='bbox 3108 1047 3315 1116; x_wconf 83' lang='grc' dir='ltr'>βοηθῶν</span> 
     </span>
    </p>
   </div>
   <div class='ocr_carea' id='block_1_67' title="bbox 1772 1129 3312 1212">
    <p class='ocr_par' dir='ltr' id='par_1_67' title="bbox 1772 1129 3312 1212">
     <span class='ocr_line' id='line_1_67' title="bbox 1772 1129 3312 1212; baseline 0.011 -31"><span class='ocrx_word' id='word_1_502' title='bbox 1772 1129 1956 1181; x_wconf 87' lang='grc' dir='ltr'>δεῖται.</span> <span class='ocrx_word' id='word_1_503' title='bbox 1995 1130 2115 1193; x_wconf 88' lang='grc' dir='ltr'>Πῶς</span> <span class='ocrx_word' id='word_1_504' title='bbox 2146 1132 2290 1202; x_wconf 85' lang='grc' dir='ltr'>γάρ;</span> <span class='ocrx_word' id='word_1_505' title='bbox 2329 1136 2607 1188; x_wconf 86' lang='grc' dir='ltr'>Δείκνυται</span> <span class='ocrx_word' id='word_1_506' title='bbox 2648 1140 2727 1190; x_wconf 82' lang='grc' dir='ltr'>ὅτι</span> <span class='ocrx_word' id='word_1_507' title='bbox 2779 1136 2927 1203; x_wconf 70' lang='grc' dir='ltr'>οὗτος</span> <span class='ocrx_word' id='word_1_508' title='bbox 2969 1144 3065 1195; x_wconf 84' lang='grc' dir='ltr'>οὐκ</span> <span class='ocrx_word' id='word_1_509' title='bbox 3100 1140 3166 1212; x_wconf 78' lang='grc' dir='ltr'>ἦν</span> <span class='ocrx_word' id='word_1_510' title='bbox 3206 1148 3312 1198; x_wconf 87' lang='grc' dir='ltr'>τῶν</span> 
     </span>
    </p>
   </div>
   <div class='ocr_carea' id='block_1_68' title="bbox 1770 1224 3310 1311">
    <p class='ocr_par' dir='ltr' id='par_1_68' title="bbox 1770 1224 3310 1311">
     <span class='ocr_line' id='line_1_68' title="bbox 1770 1224 3310 1311; baseline 0.012 -32"><span class='ocrx_word' id='word_1_511' title='bbox 1770 1226 2057 1294; x_wconf 88' lang='grc' dir='ltr'>ἀρχόντων.</span> <span class='ocrx_word' id='word_1_512' title='bbox 2077 1224 2207 1281; x_wconf 77' lang='grc' dir='ltr'>Εἶτα</span> <span class='ocrx_word' id='word_1_513' title='bbox 2229 1232 2369 1298; x_wconf 89' lang='grc' dir='ltr'>λέγει</span> <span class='ocrx_word' id='word_1_514' title='bbox 2395 1236 2568 1287; x_wconf 90' lang='grc' dir='ltr'>πάντα</span> <span class='ocrx_word' id='word_1_515' title='bbox 2586 1237 2721 1304; x_wconf 82' lang='grc' dir='ltr'>μετὰ</span> <span class='ocrx_word' id='word_1_516' title='bbox 2736 1240 3032 1308; x_wconf 83' lang='grc' dir='ltr'>ἀκριϐείας,</span> <span class='ocrx_word' id='word_1_517' title='bbox 3057 1246 3146 1295; x_wconf 79' lang='grc' dir='ltr'>καὶ</span> <span class='ocrx_word' id='word_1_518' title='bbox 3168 1244 3310 1311; x_wconf 88' lang='grc' dir='ltr'>λέγει</span> 
     </span>
    </p>
   </div>
   <div class='ocr_carea' id='block_1_69' title="bbox 1770 1318 3309 1403">
    <p class='ocr_par' dir='ltr' id='par_1_69' title="bbox 1770 1318 3309 1403">
     <span class='ocr_line' id='line_1_69' title="bbox 1770 1318 3309 1403; baseline 0.015 -32"><span class='ocrx_word' id='word_1_519' title='bbox 1770 1323 1929 1374; x_wconf 88' lang='grc' dir='ltr'>πόθεν</span> <span class='ocrx_word' id='word_1_520' title='bbox 1954 1324 2007 1373; x_wconf 84' lang='lat' dir='ltr'>al</span> <span class='ocrx_word' id='word_1_521' title='bbox 2036 1318 2214 1392; x_wconf 77' lang='grc' dir='ltr'>ἧτται.</span> <span class='ocrx_word' id='word_1_522' title='bbox 2265 1324 2394 1380; x_wconf 83' lang='grc' dir='ltr'>Είτα</span> <span class='ocrx_word' id='word_1_523' title='bbox 2439 1330 2580 1396; x_wconf 80' lang='grc' dir='ltr'>λέγει</span> <span class='ocrx_word' id='word_1_524' title='bbox 2609 1333 2705 1401; x_wconf 84' lang='grc' dir='ltr'>τὴν</span> <span class='ocrx_word' id='word_1_525' title='bbox 2738 1337 3007 1403; x_wconf 84' lang='grc' dir='ltr'>σωτηρίαν</span> <span class='ocrx_word' id='word_1_526' title='bbox 3052 1341 3143 1391; x_wconf 91' lang='grc' dir='ltr'>τοῦ</span> <span class='ocrx_word' id='word_1_527' title='bbox 3181 1341 3309 1394; x_wconf 86' lang='grc' dir='ltr'>λαοῦ</span> 
     </span>
    </p>
   </div>
   <div class='ocr_carea' id='block_1_70' title="bbox 1768 1418 2783 1497">
    <p class='ocr_par' dir='ltr' id='par_1_70' title="bbox 1768 1418 2783 1497">
     <span class='ocr_line' id='line_1_70' title="bbox 1768 1418 2783 1497; baseline 0.012 -28"><span class='ocrx_word' id='word_1_528' title='bbox 1768 1418 1930 1471; x_wconf 82' lang='grc' dir='ltr'>αὑτοῦ</span> <span class='ocrx_word' id='word_1_529' title='bbox 1959 1421 2016 1473; x_wconf 84' lang='grc' dir='ltr'>ἐν</span> <span class='ocrx_word' id='word_1_530' title='bbox 2051 1424 2159 1483; x_wconf 86' lang='grc' dir='ltr'>τοῖς</span> <span class='ocrx_word' id='word_1_531' title='bbox 2190 1422 2312 1492; x_wconf 79' lang='grc' dir='ltr'>ἐξῆς</span> <span class='ocrx_word' id='word_1_532' title='bbox 2351 1427 2443 1478; x_wconf 62' lang='grc' dir='ltr'>καὶ⁵</span> <span class='ocrx_word' id='word_1_533' title='bbox 2467 1428 2524 1478; x_wconf 92' lang='grc' dir='ltr'>τὸ</span> <span class='ocrx_word' id='word_1_534' title='bbox 2550 1429 2783 1497; x_wconf 89' lang='grc' dir='ltr'>δοκιμον.</span> 
     </span>
    </p>
   </div>
   <div class='ocr_carea' id='block_1_71' title="bbox 2360 1588 2755 1647">
    <p class='ocr_par' dir='ltr' id='par_1_71' title="bbox 2360 1588 2755 1647">
     <span class='ocr_line' id='line_1_71' title="bbox 2360 1588 2755 1647; baseline 0.015 -8"><span class='ocrx_word' id='word_1_535' title='bbox 2360 1588 2605 1642; x_wconf 82' lang='grc' dir='ltr'>ΚΕΦΑΛ.</span> <span class='ocrx_word' id='word_1_536' title='bbox 2661 1593 2755 1647; x_wconf 67' lang='lat' dir='ltr'>IB’.</span> 
     </span>
    </p>
   </div>
   <div class='ocr_carea' id='block_1_72' title="bbox 1848 1701 3309 1791">
    <p class='ocr_par' dir='ltr' id='par_1_72' title="bbox 1848 1701 3309 1791">
     <span class='ocr_line' id='line_1_72' title="bbox 1848 1701 3309 1791; baseline 0.016 -39"><span class='ocrx_word' id='word_1_537' title='bbox 1848 1701 1946 1753; x_wconf 84' lang='grc' dir='ltr'>Ἐν</span> <span class='ocrx_word' id='word_1_538' title='bbox 1984 1701 2059 1767; x_wconf 86' lang='grc' dir='ltr'>τῷ</span> <span class='ocrx_word' id='word_1_539' title='bbox 2092 1708 2561 1775; x_wconf 84' lang='grc' dir='ltr'>συντελεσθῆναι</span> <span class='ocrx_word' id='word_1_540' title='bbox 2599 1711 3069 1784; x_wconf 79' lang='grc' dir='ltr'>διασκορπισμὸν</span> <span class='ocrx_word' id='word_1_541' title='bbox 3112 1726 3309 1791; x_wconf 83' lang='grc' dir='ltr'>χειρὸς</span> 
     </span>
    </p>
   </div>
   <div class='ocr_carea' id='block_1_73' title="bbox 1763 1798 3307 1877">
    <p class='ocr_par' dir='ltr' id='par_1_73' title="bbox 1763 1798 3307 1877">
     <span class='ocr_line' id='line_1_73' title="bbox 1763 1798 3307 1877; baseline 0.017 -29"><span class='ocrx_word' id='word_1_542' title='bbox 1763 1798 1912 1850; x_wconf 80' lang='grc' dir='ltr'>λαοῦ</span> <span class='ocrx_word' id='word_1_543' title='bbox 1938 1800 2315 1868; x_wconf 77' lang='grc' dir='ltr'>ἡτιασμένου,</span> <span class='ocrx_word' id='word_1_544' title='bbox 2346 1804 2672 1873; x_wconf 73' lang='grc' dir='ltr'>γνώσονται</span> <span class='ocrx_word' id='word_1_545' title='bbox 2694 1810 2878 1877; x_wconf 73' lang='grc' dir='ltr'>ἅγιον,</span> <span class='ocrx_word' id='word_1_546' title='bbox 2908 1818 3000 1867; x_wconf 78' lang='grc' dir='ltr'>καὶ</span> <span class='ocrx_word' id='word_1_547' title='bbox 3025 1826 3307 1873; x_wconf 64' lang='grc' dir='ltr'>συντελε-</span> 
     </span>
    </p>
   </div>
   <div class='ocr_carea' id='block_1_74' title="bbox 1764 1895 3305 1975">
    <p class='ocr_par' dir='ltr' id='par_1_74' title="bbox 1764 1895 3305 1975">
     <span class='ocr_line' id='line_1_74' title="bbox 1764 1895 3305 1975; baseline 0.015 -30"><span class='ocrx_word' id='word_1_548' title='bbox 1764 1895 2050 1961; x_wconf 86' lang='grc' dir='ltr'>σθήσεται</span> <span class='ocrx_word' id='word_1_549' title='bbox 2074 1897 2257 1950; x_wconf 88' lang='grc' dir='ltr'>ταῦτα</span> <span class='ocrx_word' id='word_1_550' title='bbox 2289 1899 2499 1955; x_wconf 85' lang='grc' dir='ltr'>πάντα.</span> <span class='ocrx_word' id='word_1_551' title='bbox 2527 1904 2635 1955; x_wconf 82' lang='grc' dir='ltr'>Καὶ</span> <span class='ocrx_word' id='word_1_552' title='bbox 2663 1906 2775 1973; x_wconf 70' lang='grc' dir='ltr'>ἐγὼ</span> <span class='ocrx_word' id='word_1_553' title='bbox 2804 1907 3055 1975; x_wconf 83' lang='grc' dir='ltr'>ἤκουσα,</span> <span class='ocrx_word' id='word_1_554' title='bbox 3089 1916 3184 1965; x_wconf 81' lang='grc' dir='ltr'>καί</span> <span class='ocrx_word' id='word_1_555' title='bbox 3233 1920 3305 1969; x_wconf 87' lang='grc' dir='ltr'>οὺ</span> 
     </span>
    </p>
   </div>
   <div class='ocr_carea' id='block_1_75' title="bbox 1762 1990 3305 2075">
    <p class='ocr_par' dir='ltr' id='par_1_75' title="bbox 1762 1990 3305 2075">
     <span class='ocr_line' id='line_1_75' title="bbox 1762 1990 3305 2075; baseline 0.014 -33"><span class='ocrx_word' id='word_1_556' title='bbox 1762 1991 2022 2059; x_wconf 85' lang='grc' dir='ltr'>συνῆκα,</span> <span class='ocrx_word' id='word_1_557' title='bbox 2052 1993 2147 2045; x_wconf 79' lang='grc' dir='ltr'>καί</span> <span class='ocrx_word' id='word_1_558' title='bbox 2175 1990 2365 2048; x_wconf 81' lang='grc' dir='ltr'>εἷπον·</span> <span class='ocrx_word' id='word_1_559' title='bbox 2397 1999 2588 2063; x_wconf 83' lang='grc' dir='ltr'>Κύριε,</span> <span class='ocrx_word' id='word_1_560' title='bbox 2618 2002 2674 2052; x_wconf 86' lang='grc' dir='ltr'>τί</span> <span class='ocrx_word' id='word_1_561' title='bbox 2707 2003 2775 2054; x_wconf 84' lang='grc' dir='ltr'>τὰ</span> <span class='ocrx_word' id='word_1_562' title='bbox 2795 2005 3018 2072; x_wconf 78' lang='grc' dir='ltr'>ἔσχατα</span> <span class='ocrx_word' id='word_1_563' title='bbox 3048 2011 3305 2075; x_wconf 81' lang='grc' dir='ltr'>τούτων;</span> 
     </span>
    </p>
   </div>
   <div class='ocr_carea' id='block_1_76' title="bbox 1760 2084 3304 2173">
    <p class='ocr_par' dir='ltr' id='par_1_76' title="bbox 1760 2084 3304 2173">
     <span class='ocr_line' id='line_1_76' title="bbox 1760 2084 3304 2173; baseline 0.014 -34"><span class='ocrx_word' id='word_1_564' title='bbox 1760 2090 1868 2139; x_wconf 83' lang='grc' dir='ltr'>Καὶ</span> <span class='ocrx_word' id='word_1_565' title='bbox 1885 2084 2014 2142; x_wconf 79' lang='grc' dir='ltr'>εἷπε</span> <span class='ocrx_word' id='word_1_566' title='bbox 2039 2105 2053 2120; x_wconf 89' lang='grc'><strong>·</strong></span> <span class='ocrx_word' id='word_1_567' title='bbox 2078 2090 2277 2158; x_wconf 86' lang='grc' dir='ltr'>Δεῦρο,</span> <span class='ocrx_word' id='word_1_568' title='bbox 2318 2093 2559 2160; x_wconf 79' lang='grc' dir='ltr'>Δανιὴλ,</span> <span class='ocrx_word' id='word_1_569' title='bbox 2590 2096 2677 2148; x_wconf 80' lang='grc' dir='ltr'>ὅτι</span> <span class='ocrx_word' id='word_1_570' title='bbox 2714 2101 2807 2150; x_wconf 83' lang='grc' dir='ltr'>καὶ</span> <span class='ocrx_word' id='word_1_571' title='bbox 2841 2101 3304 2173; x_wconf 69' lang='grc' dir='ltr'>ἐμπεφραγμένοι</span> 
     </span>
    </p>
   </div>
   <div class='ocr_carea' id='block_1_77' title="bbox 1760 2187 3303 2270">
    <p class='ocr_par' dir='ltr' id='par_1_77' title="bbox 1760 2187 3303 2270">
     <span class='ocr_line' id='line_1_77' title="bbox 1760 2187 3303 2270; baseline 0.014 -33"><span class='ocrx_word' id='word_1_572' title='bbox 1760 2188 1813 2238; x_wconf 86' lang='lat' dir='ltr'><strong><em>ol</em></strong></span> <span class='ocrx_word' id='word_1_573' title='bbox 1848 2187 2012 2254; x_wconf 77' lang='grc' dir='ltr'>λόγοι</span> <span class='ocrx_word' id='word_1_574' title='bbox 2061 2187 2169 2253; x_wconf 82' lang='grc' dir='ltr'>ἔως</span> <span class='ocrx_word' id='word_1_575' title='bbox 2214 2190 2415 2256; x_wconf 85' lang='grc' dir='ltr'>καιροῦ</span> <span class='ocrx_word' id='word_1_576' title='bbox 2457 2191 2722 2259; x_wconf 83' lang='grc' dir='ltr'>πέρατος.</span> <span class='ocrx_word' id='word_1_577' title='bbox 2767 2196 2916 2262; x_wconf 82' lang='grc' dir='ltr'>’Ἕως</span> <span class='ocrx_word' id='word_1_578' title='bbox 2955 2200 3303 2270; x_wconf 78' lang='grc' dir='ltr'>έκλεγῶσιν,</span> 
     </span>
    </p>
   </div>
   <div class='ocr_carea' id='block_1_78' title="bbox 1760 2284 3302 2364">
    <p class='ocr_par' dir='ltr' id='par_1_78' title="bbox 1760 2284 3302 2364">
     <span class='ocr_line' id='line_1_78' title="bbox 1760 2284 3302 2364; baseline 0.014 -30"><span class='ocrx_word' id='word_1_579' title='bbox 1760 2284 1853 2334; x_wconf 78' lang='grc' dir='ltr'>καί</span> <span class='ocrx_word' id='word_1_580' title='bbox 1889 2284 2379 2354; x_wconf 83' lang='grc' dir='ltr'>έκλευκανθῶσιν,</span> <span class='ocrx_word' id='word_1_581' title='bbox 2426 2290 2525 2342; x_wconf 81' lang='grc' dir='ltr'>καὶ</span> <span class='ocrx_word' id='word_1_582' title='bbox 2568 2294 2873 2358; x_wconf 62' lang='grc' dir='ltr'>πηρωθῶσι</span> <span class='ocrx_word' id='word_1_583' title='bbox 2922 2303 3155 2364; x_wconf 81' lang='grc' dir='ltr'>πολλοὶ,</span> <span class='ocrx_word' id='word_1_584' title='bbox 3206 2305 3302 2356; x_wconf 77' lang='grc' dir='ltr'>καί</span> 
     </span>
    </p>
   </div>
   <div class='ocr_carea' id='block_1_79' title="bbox 1759 2382 3301 2465">
    <p class='ocr_par' dir='ltr' id='par_1_79' title="bbox 1759 2382 3301 2465">
     <span class='ocr_line' id='line_1_79' title="bbox 1759 2382 3301 2465; baseline 0.012 -31"><span class='ocrx_word' id='word_1_585' title='bbox 1759 2382 2142 2449; x_wconf 80' lang='grc' dir='ltr'>ἀνομήσωσιν</span> <span class='ocrx_word' id='word_1_586' title='bbox 2165 2385 2389 2453; x_wconf 79' lang='grc' dir='ltr'>ἀνομοι,</span> <span class='ocrx_word' id='word_1_587' title='bbox 2444 2388 2542 2439; x_wconf 79' lang='grc' dir='ltr'>καὶ</span> <span class='ocrx_word' id='word_1_588' title='bbox 2588 2392 2659 2442; x_wconf 87' lang='grc' dir='ltr'>οὐ</span> <span class='ocrx_word' id='word_1_589' title='bbox 2722 2393 3033 2457; x_wconf 83' lang='grc' dir='ltr'>συνήσωσι</span> <span class='ocrx_word' id='word_1_590' title='bbox 3083 2400 3301 2465; x_wconf 80' lang='grc' dir='ltr'>πάντες</span> 
     </span>
    </p>
   </div>
   <div class='ocr_carea' id='block_1_80' title="bbox 1757 2481 3296 2554">
    <p class='ocr_par' dir='ltr' id='par_1_80' title="bbox 1757 2481 3296 2554">
     <span class='ocr_line' id='line_1_80' title="bbox 1757 2481 3296 2554; baseline 0.013 -23"><span class='ocrx_word' id='word_1_591' title='bbox 1757 2481 2007 2545; x_wconf 77' lang='grc' dir='ltr'>ἀσεϐεῖς,</span> <span class='ocrx_word' id='word_1_592' title='bbox 2057 2483 2153 2534; x_wconf 79' lang='grc' dir='ltr'>καὶ</span> <span class='ocrx_word' id='word_1_593' title='bbox 2200 2486 2253 2536; x_wconf 81' lang='grc' dir='ltr'>οὶ</span> <span class='ocrx_word' id='word_1_594' title='bbox 2302 2486 2593 2553; x_wconf 84' lang='grc' dir='ltr'>νοήμονες</span> <span class='ocrx_word' id='word_1_595' title='bbox 2625 2490 2994 2554; x_wconf 83' lang='grc' dir='ltr'>συνήσωσιν.</span> <span class='ocrx_word' id='word_1_596' title='bbox 3043 2498 3149 2548; x_wconf 80' lang='lat' dir='ltr'>Kal</span> <span class='ocrx_word' id='word_1_597' title='bbox 3181 2499 3296 2551; x_wconf 83' lang='grc' dir='ltr'>ἀπὸ</span> 
     </span>
    </p>
   </div>
   <div class='ocr_carea' id='block_1_81' title="bbox 1756 2580 3298 2664">
    <p class='ocr_par' dir='ltr' id='par_1_81' title="bbox 1756 2580 3298 2664">
     <span class='ocr_line' id='line_1_81' title="bbox 1756 2580 3298 2664; baseline 0.013 -34"><span class='ocrx_word' id='word_1_598' title='bbox 1756 2580 1960 2645; x_wconf 85' lang='grc' dir='ltr'>καιροῦ</span> <span class='ocrx_word' id='word_1_599' title='bbox 1982 2582 2405 2647; x_wconf 79' lang='grc' dir='ltr'>παραλλάξεως</span> <span class='ocrx_word' id='word_1_600' title='bbox 2424 2586 2528 2637; x_wconf 87' lang='grc' dir='ltr'>τοῦ</span> <span class='ocrx_word' id='word_1_601' title='bbox 2549 2586 2993 2657; x_wconf 83' lang='grc' dir='ltr'>ἐνδελεχισμοῦ.</span> <span class='ocrx_word' id='word_1_602' title='bbox 3011 2596 3106 2645; x_wconf 77' lang='grc' dir='ltr'>καί</span> <span class='ocrx_word' id='word_1_603' title='bbox 3124 2596 3298 2664; x_wconf 82' lang='grc' dir='ltr'>δοθῆ-</span> 
     </span>
    </p>
   </div>
   <div class='ocr_carea' id='block_1_82' title="bbox 1756 2676 3295 2755">
    <p class='ocr_par' dir='ltr' id='par_1_82' title="bbox 1756 2676 3295 2755">
     <span class='ocr_line' id='line_1_82' title="bbox 1756 2676 3295 2755; baseline 0.013 -28"><span class='ocrx_word' id='word_1_604' title='bbox 1756 2691 1853 2729; x_wconf 90' lang='grc' dir='ltr'>ναι</span> <span class='ocrx_word' id='word_1_605' title='bbox 1897 2676 2209 2746; x_wconf 79' lang='grc' dir='ltr'>βδέλυγμα</span> <span class='ocrx_word' id='word_1_606' title='bbox 2248 2680 2611 2748; x_wconf 73' lang='grc' dir='ltr'>ἐρημώσεως,</span> <span class='ocrx_word' id='word_1_607' title='bbox 2642 2686 2844 2753; x_wconf 76' lang='grc' dir='ltr'>ἡμέραι</span> <span class='ocrx_word' id='word_1_608' title='bbox 2880 2691 3062 2755; x_wconf 84' lang='grc' dir='ltr'>χίλιαι</span> <span class='ocrx_word' id='word_1_609' title='bbox 3096 2694 3295 2747; x_wconf 84' lang='grc' dir='ltr'>διακὸ-</span> 
     </span>
    </p>
   </div>
   <div class='ocr_carea' id='block_1_83' title="bbox 1756 2774 3295 2856">
    <p class='ocr_par' dir='ltr' id='par_1_83' title="bbox 1756 2774 3295 2856">
     <span class='ocr_line' id='line_1_83' title="bbox 1756 2774 3295 2856; baseline 0.014 -31"><span class='ocrx_word' id='word_1_610' title='bbox 1756 2786 1882 2827; x_wconf 89' lang='grc' dir='ltr'>σιαι</span> <span class='ocrx_word' id='word_1_611' title='bbox 1936 2774 2355 2842; x_wconf 76' lang='grc' dir='ltr'>ἐννενήκοντα.</span> <span class='ocrx_word' id='word_1_612' title='bbox 2408 2782 2704 2849; x_wconf 81' lang='grc' dir='ltr'>Μακάριος</span> <span class='ocrx_word' id='word_1_613' title='bbox 2758 2789 2789 2839; x_wconf 86' lang='grc' dir='ltr'><em>ὀ</em></span> <span class='ocrx_word' id='word_1_614' title='bbox 2844 2789 3153 2856; x_wconf 77' lang='grc' dir='ltr'>ὑπομένων</span> <span class='ocrx_word' id='word_1_615' title='bbox 3197 2797 3295 2846; x_wconf 71' lang='grc' dir='ltr'>καί</span> 
     </span>
    </p>
   </div>
   <div class='ocr_carea' id='block_1_84' title="bbox 1754 2871 3295 2958">
    <p class='ocr_par' dir='ltr' id='par_1_84' title="bbox 1754 2871 3295 2958">
     <span class='ocr_line' id='line_1_84' title="bbox 1754 2871 3295 2958; baseline 0.015 -37"><span class='ocrx_word' id='word_1_616' title='bbox 1754 2871 1989 2938; x_wconf 74' lang='grc' dir='ltr'>φθάσας</span> <span class='ocrx_word' id='word_1_617' title='bbox 2043 2875 2128 2938; x_wconf 78' lang='grc' dir='ltr'>είς</span> <span class='ocrx_word' id='word_1_618' title='bbox 2191 2876 2411 2943; x_wconf 76' lang='grc' dir='ltr'>ἡμέρας</span> <span class='ocrx_word' id='word_1_619' title='bbox 2489 2883 2684 2946; x_wconf 84' lang='grc' dir='ltr'>χιλίας</span> <span class='ocrx_word' id='word_1_620' title='bbox 2744 2889 3079 2953; x_wconf 83' lang='grc' dir='ltr'>τριακοσίας</span> <span class='ocrx_word' id='word_1_621' title='bbox 3144 2908 3295 2958; x_wconf 86' lang='grc' dir='ltr'>τρια-</span> 
     </span>
    </p>
   </div>
   <div class='ocr_carea' id='block_1_85' title="bbox 1752 2972 3295 3043">
    <p class='ocr_par' dir='ltr' id='par_1_85' title="bbox 1752 2972 3295 3043">
     <span class='ocr_line' id='line_1_85' title="bbox 1752 2972 3295 3043; baseline 0.014 -24"><span class='ocrx_word' id='word_1_622' title='bbox 1752 2972 2133 3026; x_wconf 79' lang='grc' dir='ltr'>κονταπέντε.</span> <span class='ocrx_word' id='word_1_623' title='bbox 2183 2972 2292 3025; x_wconf 85' lang='lat' dir='ltr'>Kal</span> <span class='ocrx_word' id='word_1_624' title='bbox 2335 2974 2415 3027; x_wconf 88' lang='grc' dir='ltr'>σὺ</span> <span class='ocrx_word' id='word_1_625' title='bbox 2459 2976 2653 3043; x_wconf 81' lang='grc' dir='ltr'>δεῦρο,</span> <span class='ocrx_word' id='word_1_626' title='bbox 2689 2982 2783 3033; x_wconf 79' lang='grc' dir='ltr'>καὶ</span> <span class='ocrx_word' id='word_1_627' title='bbox 2814 2985 3122 3039; x_wconf 77' lang='grc' dir='ltr'>ἀναπαύου</span> <span class='ocrx_word' id='word_1_628' title='bbox 3147 3006 3159 3018; x_wconf 90' lang='grc'><strong>·</strong></span> <span class='ocrx_word' id='word_1_629' title='bbox 3208 2989 3295 3042; x_wconf 75' lang='grc' dir='ltr'>ἔτι</span> 
     </span>
    </p>
   </div>
   <div class='ocr_carea' id='block_1_86' title="bbox 1750 3065 3292 3147">
    <p class='ocr_par' dir='ltr' id='par_1_86' title="bbox 1750 3065 3292 3147">
     <span class='ocr_line' id='line_1_86' title="bbox 1750 3065 3292 3147; baseline 0.014 -31"><span class='ocrx_word' id='word_1_630' title='bbox 1750 3065 1860 3135; x_wconf 76' lang='grc' dir='ltr'>γὰρ</span> <span class='ocrx_word' id='word_1_631' title='bbox 1906 3069 2113 3136; x_wconf 70' lang='grc' dir='ltr'>ἡμέραι</span> <span class='ocrx_word' id='word_1_632' title='bbox 2157 3074 2243 3136; x_wconf 83' lang='grc' dir='ltr'>είς</span> <span class='ocrx_word' id='word_1_633' title='bbox 2294 3073 2718 3143; x_wconf 84' lang='grc' dir='ltr'>ἀναπλήρωσιν</span> <span class='ocrx_word' id='word_1_634' title='bbox 2764 3085 3147 3147; x_wconf 81' lang='grc' dir='ltr'>συντελείας·</span> <span class='ocrx_word' id='word_1_635' title='bbox 3196 3089 3292 3139; x_wconf 78' lang='grc' dir='ltr'>καὶ</span> 
     </span>
    </p>
   </div>
   <div class='ocr_carea' id='block_1_87' title="bbox 1751 3166 3294 3250">
    <p class='ocr_par' dir='ltr' id='par_1_87' title="bbox 1751 3166 3294 3250">
     <span class='ocr_line' id='line_1_87' title="bbox 1751 3166 3294 3250; baseline 0.014 -34"><span class='ocrx_word' id='word_1_636' title='bbox 1751 3166 2119 3231; x_wconf 81' lang='grc' dir='ltr'>ἀναπαύσεις</span> <span class='ocrx_word' id='word_1_637' title='bbox 2152 3170 2257 3222; x_wconf 83' lang='grc' dir='ltr'>τὸν</span> <span class='ocrx_word' id='word_1_638' title='bbox 2285 3176 2488 3239; x_wconf 82' lang='grc' dir='ltr'>καιρόν</span> <span class='ocrx_word' id='word_1_639' title='bbox 2516 3190 2628 3229; x_wconf 86' lang='grc' dir='ltr'>σου</span> <span class='ocrx_word' id='word_1_640' title='bbox 2656 3179 2741 3242; x_wconf 85' lang='grc' dir='ltr'>είς</span> <span class='ocrx_word' id='word_1_641' title='bbox 2769 3181 3120 3235; x_wconf 87' lang='grc' dir='ltr'>συντέλειαν</span> <span class='ocrx_word' id='word_1_642' title='bbox 3152 3184 3294 3250; x_wconf 78' lang='grc' dir='ltr'>ἠμε-</span> 
     </span>
    </p>
   </div>
   <div class='ocr_carea' id='block_1_88' title="bbox 1742 3264 3293 3351">
    <p class='ocr_par' dir='ltr' id='par_1_88' title="bbox 1742 3264 3293 3351">
     <span class='ocr_line' id='line_1_88' title="bbox 1742 3264 3293 3351; baseline 0.014 -35"><span class='ocrx_word' id='word_1_643' title='bbox 1742 3264 1885 3331; x_wconf 83' lang='grc' dir='ltr'>ρῶν.</span> <span class='ocrx_word' id='word_1_644' title='bbox 1918 3268 2024 3319; x_wconf 83' lang='lat' dir='ltr'>Kal</span> <span class='ocrx_word' id='word_1_645' title='bbox 2050 3270 2133 3331; x_wconf 86' lang='grc' dir='ltr'>σὺ,</span> <span class='ocrx_word' id='word_1_646' title='bbox 2164 3272 2313 3339; x_wconf 75' lang='grc' dir='ltr'>φησὶ,</span> <span class='ocrx_word' id='word_1_647' title='bbox 2340 3273 2585 3327; x_wconf 83' lang='grc' dir='ltr'>κάθισον·</span> <span class='ocrx_word' id='word_1_648' title='bbox 2624 3279 2760 3345; x_wconf 83' lang='grc' dir='ltr'>μετὰ</span> <span class='ocrx_word' id='word_1_649' title='bbox 2783 3280 2887 3350; x_wconf 84' lang='grc' dir='ltr'>γὰρ</span> <span class='ocrx_word' id='word_1_650' title='bbox 2920 3284 3103 3351; x_wconf 84' lang='grc' dir='ltr'>χρόνον</span> <span class='ocrx_word' id='word_1_651' title='bbox 3128 3286 3293 3337; x_wconf 84' lang='grc' dir='ltr'>πολὺν</span> 
     </span>
    </p>
   </div>
   <div class='ocr_carea' id='block_1_89' title="bbox 1748 3370 3295 3457">
    <p class='ocr_par' dir='ltr' id='par_1_89' title="bbox 1748 3370 3295 3457">
     <span class='ocr_line' id='line_1_89' title="bbox 1748 3370 3295 3457; baseline 0.014 -37"><span class='ocrx_word' id='word_1_652' title='bbox 1748 3370 1920 3422; x_wconf 79' lang='grc' dir='ltr'>ταῦτά</span> <span class='ocrx_word' id='word_1_653' title='bbox 1951 3372 2113 3425; x_wconf 87' lang='grc' dir='ltr'>ἐστιν.</span> <span class='ocrx_word' id='word_1_654' title='bbox 2160 3375 2297 3443; x_wconf 78' lang='grc' dir='ltr'>ΙἈριι</span> <span class='ocrx_word' id='word_1_655' title='bbox 2323 3377 2383 3427; x_wconf 82' lang='grc' dir='ltr'>οὺ</span> <span class='ocrx_word' id='word_1_656' title='bbox 2423 3380 2545 3448; x_wconf 80' lang='grc' dir='ltr'>περὶ</span> <span class='ocrx_word' id='word_1_657' title='bbox 2586 3381 2683 3449; x_wconf 84' lang='grc' dir='ltr'>τῆς</span> <span class='ocrx_word' id='word_1_658' title='bbox 2714 3385 2897 3437; x_wconf 87' lang='grc' dir='ltr'>ἀνόδου</span> <span class='ocrx_word' id='word_1_659' title='bbox 2930 3387 3131 3457; x_wconf 87' lang='grc' dir='ltr'>θρηνεῖ,</span> <span class='ocrx_word' id='word_1_660' title='bbox 3159 3390 3295 3443; x_wconf 67' lang='grc' dir='ltr'>ἀλλὰ,</span> 
     </span>
    </p>
   </div>
   <div class='ocr_carea' id='block_1_90' title="bbox 1750 3469 2909 3543">
    <p class='ocr_par' dir='ltr' id='par_1_90' title="bbox 1750 3469 2909 3543">
     <span class='ocr_line' id='line_1_90' title="bbox 1750 3469 2909 3543; baseline 0.014 -25"><span class='ocrx_word' id='word_1_661' title='bbox 1750 3470 1886 3538; x_wconf 80' lang='grc' dir='ltr'>μετὰ</span> <span class='ocrx_word' id='word_1_662' title='bbox 1922 3469 1981 3521; x_wconf 88' lang='grc' dir='ltr'>τὸ</span> <span class='ocrx_word' id='word_1_663' title='bbox 2013 3471 2250 3524; x_wconf 85' lang='grc' dir='ltr'>ἀνελθεῖν</span> <span class='ocrx_word' id='word_1_664' title='bbox 2278 3476 2401 3543; x_wconf 75' lang='grc' dir='ltr'>περὶ</span> <span class='ocrx_word' id='word_1_665' title='bbox 2428 3476 2533 3528; x_wconf 86' lang='grc' dir='ltr'>τῶν</span> <span class='ocrx_word' id='word_1_666' title='bbox 2569 3480 2909 3535; x_wconf 88' lang='grc' dir='ltr'>ἀνελθόντων.</span> 
     </span>
    </p>
   </div>
   <div class='ocr_carea' id='block_1_91' title="bbox 2240 3585 2787 3657">
    <p class='ocr_par' dir='ltr' id='par_1_91' title="bbox 2240 3585 2787 3657">
     <span class='ocr_line' id='line_1_91' title="bbox 2240 3585 2787 3657; baseline 0.015 -19"><span class='ocrx_word' id='word_1_667' title='bbox 2240 3585 2387 3657; x_wconf 72' lang='lat'>[255]</span> <span class='ocrx_word' id='word_1_668' title='bbox 2417 3589 2661 3643; x_wconf 79' lang='grc' dir='ltr'>ΚΕΦΑΛ.</span> <span class='ocrx_word' id='word_1_669' title='bbox 2692 3594 2787 3647; x_wconf 77' lang='lat' dir='ltr'>II&quot;.</span> 
     </span>
    </p>
   </div>
   <div class='ocr_carea' id='block_1_92' title="bbox 1816 3699 3292 3785">
    <p class='ocr_par' dir='ltr' id='par_1_92' title="bbox 1816 3699 3292 3785">
     <span class='ocr_line' id='line_1_92' title="bbox 1816 3699 3292 3785; baseline 0.013 -34"><span class='ocrx_word' id='word_1_670' title='bbox 1816 3699 1921 3751; x_wconf 89' lang='lat' dir='ltr'>Kal</span> <span class='ocrx_word' id='word_1_671' title='bbox 1972 3702 2004 3753; x_wconf 86' lang='grc' dir='ltr'><em>ὀ</em></span> <span class='ocrx_word' id='word_1_672' title='bbox 2054 3700 2349 3767; x_wconf 81' lang='grc' dir='ltr'>,ϐασιλεὺς</span> <span class='ocrx_word' id='word_1_673' title='bbox 2391 3704 2717 3774; x_wconf 71' lang='grc' dir='ltr'>Ἀστυάγης</span> <span class='ocrx_word' id='word_1_674' title='bbox 2769 3713 3091 3781; x_wconf 80' lang='grc' dir='ltr'>προσετέθη</span> <span class='ocrx_word' id='word_1_675' title='bbox 3143 3719 3292 3785; x_wconf 82' lang='grc' dir='ltr'>πρὸς</span> 
     </span>
    </p>
   </div>
   <div class='ocr_carea' id='block_1_93' title="bbox 1745 3798 3291 3881">
    <p class='ocr_par' dir='ltr' id='par_1_93' title="bbox 1745 3798 3291 3881">
     <span class='ocr_line' id='line_1_93' title="bbox 1745 3798 3291 3881; baseline 0.013 -31"><span class='ocrx_word' id='word_1_676' title='bbox 1745 3798 1883 3862; x_wconf 89' lang='grc' dir='ltr'>τοὺς</span> <span class='ocrx_word' id='word_1_677' title='bbox 1922 3798 2177 3865; x_wconf 83' lang='grc' dir='ltr'>πατέρας</span> <span class='ocrx_word' id='word_1_678' title='bbox 2225 3802 2442 3855; x_wconf 84' lang='grc' dir='ltr'>αὐτοῦ·</span> <span class='ocrx_word' id='word_1_679' title='bbox 2485 3805 2581 3857; x_wconf 77' lang='grc' dir='ltr'>καὶ</span> <span class='ocrx_word' id='word_1_680' title='bbox 2645 3808 2977 3873; x_wconf 76' lang='grc' dir='ltr'>παρέλαϐεν</span> <span class='ocrx_word' id='word_1_681' title='bbox 3015 3814 3206 3881; x_wconf 82' lang='grc' dir='ltr'>Κῦρος</span> <span class='ocrx_word' id='word_1_682' title='bbox 3257 3821 3291 3870; x_wconf 79' lang='lat' dir='ltr'><strong>d</strong></span> 
     </span>
    </p>
   </div>
   <div class='ocr_carea' id='block_1_94' title="bbox 1744 3896 3290 3982">
    <p class='ocr_par' dir='ltr' id='par_1_94' title="bbox 1744 3896 3290 3982">
     <span class='ocr_line' id='line_1_94' title="bbox 1744 3896 3290 3982; baseline 0.013 -34"><span class='ocrx_word' id='word_1_683' title='bbox 1744 3896 1978 3965; x_wconf 85' lang='grc' dir='ltr'>Πέρσης</span> <span class='ocrx_word' id='word_1_684' title='bbox 2028 3898 2140 3966; x_wconf 80' lang='grc' dir='ltr'>τὴν</span> <span class='ocrx_word' id='word_1_685' title='bbox 2180 3901 2502 3962; x_wconf 81' lang='grc' dir='ltr'>,ϐασιλείαν</span> <span class='ocrx_word' id='word_1_686' title='bbox 2549 3908 2751 3961; x_wconf 87' lang='grc' dir='ltr'>αὐτοῦ.</span> <span class='ocrx_word' id='word_1_687' title='bbox 2786 3910 2890 3960; x_wconf 89' lang='lat' dir='ltr'>Kal</span> <span class='ocrx_word' id='word_1_688' title='bbox 2950 3907 3026 3979; x_wconf 82' lang='grc' dir='ltr'>ἦν</span> <span class='ocrx_word' id='word_1_689' title='bbox 3068 3915 3290 3982; x_wconf 78' lang='grc' dir='ltr'>Δανιὴλ</span> 
     </span>
    </p>
   </div>
   <div class='ocr_carea' id='block_1_95' title="bbox 1744 4001 3291 4087">
    <p class='ocr_par' dir='ltr' id='par_1_95' title="bbox 1744 4001 3291 4087">
     <span class='ocr_line' id='line_1_95' title="bbox 1744 4001 3291 4087; baseline 0.014 -37"><span class='ocrx_word' id='word_1_690' title='bbox 1744 4001 2075 4067; x_wconf 79' lang='grc' dir='ltr'>συμϐιώτης</span> <span class='ocrx_word' id='word_1_691' title='bbox 2141 4001 2245 4054; x_wconf 90' lang='grc' dir='ltr'>τοῦ</span> <span class='ocrx_word' id='word_1_692' title='bbox 2286 4004 2582 4071; x_wconf 80' lang='grc' dir='ltr'>βασιλέως</span> <span class='ocrx_word' id='word_1_693' title='bbox 2609 4046 2623 4070; x_wconf 90' lang='grc'>,</span> <span class='ocrx_word' id='word_1_694' title='bbox 2687 4011 2784 4062; x_wconf 83' lang='grc' dir='ltr'>καί</span> <span class='ocrx_word' id='word_1_695' title='bbox 2836 4012 3081 4080; x_wconf 79' lang='grc' dir='ltr'>ἔνδοξος</span> <span class='ocrx_word' id='word_1_696' title='bbox 3142 4020 3291 4087; x_wconf 70' lang='grc' dir='ltr'>ὑπὲρ</span> 
     </span>
    </p>
   </div>
   <div class='ocr_carea' id='block_1_96' title="bbox 1743 4097 3291 4187">
    <p class='ocr_par' dir='ltr' id='par_1_96' title="bbox 1743 4097 3291 4187">
     <span class='ocr_line' id='line_1_96' title="bbox 1743 4097 3291 4187; baseline 0.014 -39"><span class='ocrx_word' id='word_1_697' title='bbox 1743 4097 1970 4161; x_wconf 82' lang='grc' dir='ltr'>πάντας</span> <span class='ocrx_word' id='word_1_698' title='bbox 1989 4099 2126 4165; x_wconf 89' lang='grc' dir='ltr'>τοὺς</span> <span class='ocrx_word' id='word_1_699' title='bbox 2153 4101 2365 4168; x_wconf 70' lang='grc' dir='ltr'>φίλους</span> <span class='ocrx_word' id='word_1_700' title='bbox 2402 4105 2606 4158; x_wconf 87' lang='grc' dir='ltr'>αὐτοῦ.</span> <span class='ocrx_word' id='word_1_701' title='bbox 2636 4106 2715 4159; x_wconf 89' lang='grc' dir='ltr'>Τά</span> <span class='ocrx_word' id='word_1_702' title='bbox 2738 4110 2876 4162; x_wconf 80' lang='grc' dir='ltr'>κατὰ</span> <span class='ocrx_word' id='word_1_703' title='bbox 2900 4112 2989 4163; x_wconf 89' lang='grc' dir='ltr'>τὸν</span> <span class='ocrx_word' id='word_1_704' title='bbox 3024 4114 3127 4185; x_wconf 80' lang='grc' dir='ltr'>Βὴλ</span> <span class='ocrx_word' id='word_1_705' title='bbox 3158 4118 3291 4187; x_wconf 78' lang='grc' dir='ltr'>ἡμῖν</span> 
     </span>
    </p>
   </div>
   <div class='ocr_carea' id='block_1_97' title="bbox 1743 4194 3287 4277">
    <p class='ocr_par' dir='ltr' id='par_1_97' title="bbox 1743 4194 3287 4277">
     <span class='ocr_line' id='line_1_97' title="bbox 1743 4194 3287 4277; baseline 0.014 -32"><span class='ocrx_word' id='word_1_706' title='bbox 1743 4194 2043 4265; x_wconf 77' lang='grc' dir='ltr'>ἀνέγραψεν</span> <span class='ocrx_word' id='word_1_707' title='bbox 2068 4197 2096 4249; x_wconf 83' lang='grc' dir='ltr'>ὁ</span> <span class='ocrx_word' id='word_1_708' title='bbox 2120 4200 2335 4269; x_wconf 79' lang='grc' dir='ltr'>Δανιὴλ.</span> <span class='ocrx_word' id='word_1_709' title='bbox 2374 4203 2497 4270; x_wconf 85' lang='grc' dir='ltr'>Οὐχ</span> <span class='ocrx_word' id='word_1_710' title='bbox 2528 4202 2689 4270; x_wconf 83' lang='grc' dir='ltr'>ὁρᾷς,</span> <span class='ocrx_word' id='word_1_711' title='bbox 2737 4210 2887 4277; x_wconf 81' lang='grc' dir='ltr'>φησὶ,</span> <span class='ocrx_word' id='word_1_712' title='bbox 2920 4214 3078 4263; x_wconf 87' lang='grc' dir='ltr'>πόσα</span> <span class='ocrx_word' id='word_1_713' title='bbox 3101 4214 3287 4267; x_wconf 78' lang='grc' dir='ltr'>ἐσθίει</span> 
     </span>
    </p>
   </div>
   <div class='ocr_carea' id='block_1_98' title="bbox 1743 4293 3289 4377">
    <p class='ocr_par' dir='ltr' id='par_1_98' title="bbox 1743 4293 3289 4377">
     <span class='ocr_line' id='line_1_98' title="bbox 1743 4293 3289 4377; baseline 0.012 -31"><span class='ocrx_word' id='word_1_714' title='bbox 1743 4293 1840 4346; x_wconf 77' lang='grc' dir='ltr'>καί</span> <span class='ocrx_word' id='word_1_715' title='bbox 1872 4296 2068 4357; x_wconf 83' lang='grc' dir='ltr'>πίνει;</span> <span class='ocrx_word' id='word_1_716' title='bbox 2114 4296 2305 4363; x_wconf 64' lang='grc' dir='ltr'>Βαϐαῖ,</span> <span class='ocrx_word' id='word_1_717' title='bbox 2335 4299 2517 4370; x_wconf 77' lang='grc' dir='ltr'>ἡλίκον</span> <span class='ocrx_word' id='word_1_718' title='bbox 2547 4305 2841 4372; x_wconf 85' lang='grc' dir='ltr'>τεκμήριον</span> <span class='ocrx_word' id='word_1_719' title='bbox 2869 4306 3007 4367; x_wconf 84' lang='grc' dir='ltr'>θεοῦ,</span> <span class='ocrx_word' id='word_1_720' title='bbox 3038 4310 3127 4360; x_wconf 74' lang='grc' dir='ltr'>καὶ</span> <span class='ocrx_word' id='word_1_721' title='bbox 3154 4311 3289 4377; x_wconf 85' lang='grc' dir='ltr'>γνὼ-</span> 
     </span>
    </p>
   </div>
   <div class='ocr_carea' id='block_1_99' title="bbox 1745 4387 3283 4475">
    <p class='ocr_par' dir='ltr' id='par_1_99' title="bbox 1745 4387 3283 4475">
     <span class='ocr_line' id='line_1_99' title="bbox 1745 4387 3283 4475; baseline 0.013 -32"><span class='ocrx_word' id='word_1_722' title='bbox 1745 4410 1933 4463; x_wconf 90' lang='grc' dir='ltr'>ρισμα,</span> <span class='ocrx_word' id='word_1_723' title='bbox 1952 4395 2012 4448; x_wconf 89' lang='grc' dir='ltr'>τὸ</span> <span class='ocrx_word' id='word_1_724' title='bbox 2038 4396 2205 4449; x_wconf 83' lang='grc' dir='ltr'>πολλά</span> <span class='ocrx_word' id='word_1_725' title='bbox 2222 4398 2417 4450; x_wconf 88' lang='grc' dir='ltr'>ἐσθίειν</span> <span class='ocrx_word' id='word_1_726' title='bbox 2436 4404 2526 4452; x_wconf 82' lang='grc' dir='ltr'>καὶ</span> <span class='ocrx_word' id='word_1_727' title='bbox 2550 4402 2737 4454; x_wconf 88' lang='grc' dir='ltr'>πίνειν.</span> <span class='ocrx_word' id='word_1_728' title='bbox 2758 4404 2813 4455; x_wconf 92' lang='lat' dir='ltr'><strong>&#39;O</strong></span> <span class='ocrx_word' id='word_1_729' title='bbox 2829 4387 3023 4475; x_wconf 72' lang='grc' dir='ltr'>Δανιὴλ</span> <span class='ocrx_word' id='word_1_730' title='bbox 3051 4411 3145 4460; x_wconf 75' lang='grc' dir='ltr'>οὐκ</span> <span class='ocrx_word' id='word_1_731' title='bbox 3165 4407 3283 4463; x_wconf 85' lang='grc' dir='ltr'>εἷπε</span> 
     </span>
    </p>
   </div>
   <div class='ocr_carea' id='block_1_100' title="bbox 1742 4492 3289 4581">
    <p class='ocr_par' dir='ltr' id='par_1_100' title="bbox 1742 4492 3289 4581">
     <span class='ocr_line' id='line_1_100' title="bbox 1742 4492 3289 4581; baseline 0.011 -38"><span class='ocrx_word' id='word_1_732' title='bbox 1742 4492 1895 4544; x_wconf 89' lang='grc' dir='ltr'>τοῦτο</span> <span class='ocrx_word' id='word_1_733' title='bbox 1922 4504 1949 4533; x_wconf 69' lang='grc' dir='ltr'>α</span> <span class='ocrx_word' id='word_1_734' title='bbox 1974 4509 1988 4524; x_wconf 79' lang='grc'><strong><em>⁸</em></strong></span> <span class='ocrx_word' id='word_1_735' title='bbox 2072 4493 2238 4547; x_wconf 89' lang='grc' dir='ltr'>Τοῦτο</span> <span class='ocrx_word' id='word_1_736' title='bbox 2265 4494 2355 4549; x_wconf 86' lang='grc' dir='ltr'>οῦν</span> <span class='ocrx_word' id='word_1_737' title='bbox 2392 4497 2537 4554; x_wconf 82' lang='grc' dir='ltr'>Θεὸς.</span> <span class='ocrx_word' id='word_1_738' title='bbox 2568 4499 2684 4551; x_wconf 83' lang='grc' dir='ltr'>είπέ</span> <span class='ocrx_word' id='word_1_739' title='bbox 2715 4518 2800 4569; x_wconf 86' lang='grc' dir='ltr'>μοι</span> <span class='ocrx_word' id='word_1_740' title='bbox 2825 4519 2838 4566; x_wconf 90' lang='grc'><strong>;</strong></span> <span class='ocrx_word' id='word_1_741' title='bbox 2930 4505 3154 4576; x_wconf 80' lang='grc' dir='ltr'>ἀσθενὴς</span> <span class='ocrx_word' id='word_1_742' title='bbox 3178 4509 3289 4581; x_wconf 73' lang='grc' dir='ltr'>γὰρ</span> 
     </span>
    </p>
   </div>
   <div class='ocr_carea' id='block_1_101' title="bbox 1739 4584 3285 4672">
    <p class='ocr_par' dir='ltr' id='par_1_101' title="bbox 1739 4584 3285 4672">
     <span class='ocr_line' id='line_1_101' title="bbox 1739 4584 3285 4672; baseline 0.014 -33"><span class='ocrx_word' id='word_1_743' title='bbox 1739 4584 1807 4659; x_wconf 79' lang='grc' dir='ltr'>ἦν</span> <span class='ocrx_word' id='word_1_744' title='bbox 1840 4591 2073 4655; x_wconf 78' lang='grc' dir='ltr'>ἐκεῖνος’</span> <span class='ocrx_word' id='word_1_745' title='bbox 2128 4594 2241 4646; x_wconf 85' lang='grc' dir='ltr'>ἀλλ’</span> <span class='ocrx_word' id='word_1_746' title='bbox 2270 4596 2331 4646; x_wconf 82' lang='grc' dir='ltr'>ἐκ</span> <span class='ocrx_word' id='word_1_747' title='bbox 2365 4596 2671 4663; x_wconf 85' lang='grc' dir='ltr'>περιουσίας</span> <span class='ocrx_word' id='word_1_748' title='bbox 2702 4599 2966 4669; x_wconf 87' lang='grc' dir='ltr'>ἐνίκησεν.</span> <span class='ocrx_word' id='word_1_749' title='bbox 3009 4605 3147 4672; x_wconf 89' lang='grc' dir='ltr'>Ἐγώ</span> <span class='ocrx_word' id='word_1_750' title='bbox 3203 4624 3285 4660; x_wconf 88' lang='grc' dir='ltr'>σοι</span> 
     </span>
    </p>
   </div>
   <div class='ocr_carea' id='block_1_102' title="bbox 1741 4688 3285 4775">
    <p class='ocr_par' dir='ltr' id='par_1_102' title="bbox 1741 4688 3285 4775">
     <span class='ocr_line' id='line_1_102' title="bbox 1741 4688 3285 4775; baseline 0.013 -36"><span class='ocrx_word' id='word_1_751' title='bbox 1741 4688 1829 4739; x_wconf 89' lang='grc' dir='ltr'>τὸν</span> <span class='ocrx_word' id='word_1_752' title='bbox 1861 4689 1989 4741; x_wconf 89' lang='grc' dir='ltr'>Θεὸν</span> <span class='ocrx_word' id='word_1_753' title='bbox 2032 4690 2163 4761; x_wconf 89' lang='grc' dir='ltr'>[τὸν]</span> <span class='ocrx_word' id='word_1_754' title='bbox 2200 4692 2455 4745; x_wconf 87' lang='grc' dir='ltr'>κτίσαντα</span> <span class='ocrx_word' id='word_1_755' title='bbox 2486 4696 2575 4747; x_wconf 91' lang='grc' dir='ltr'>τὸν</span> <span class='ocrx_word' id='word_1_756' title='bbox 2614 4696 2838 4766; x_wconf 78' lang='grc' dir='ltr'>οὐρανὸν</span> <span class='ocrx_word' id='word_1_757' title='bbox 2876 4700 3016 4768; x_wconf 87' lang='grc' dir='ltr'>λέγω</span> <span class='ocrx_word' id='word_1_758' title='bbox 3066 4705 3157 4756; x_wconf 78' lang='grc' dir='ltr'>καὶ</span> <span class='ocrx_word' id='word_1_759' title='bbox 3186 4708 3285 4775; x_wconf 86' lang='grc' dir='ltr'>τὴν</span> 
     </span>
    </p>
   </div>
   <div class='ocr_carea' id='block_1_103' title="bbox 1740 4787 3285 4869">
    <p class='ocr_par' dir='ltr' id='par_1_103' title="bbox 1740 4787 3285 4869">
     <span class='ocr_line' id='line_1_103' title="bbox 1740 4787 3285 4869; baseline 0.012 -32"><span class='ocrx_word' id='word_1_760' title='bbox 1740 4787 1875 4853; x_wconf 74' lang='grc' dir='ltr'>γῆνσ</span> <span class='ocrx_word' id='word_1_761' title='bbox 1910 4791 1971 4841; x_wconf 80' lang='grc' dir='ltr'>σὺ</span> <span class='ocrx_word' id='word_1_762' title='bbox 2001 4790 2055 4840; x_wconf 87' lang='grc' dir='ltr'>δέ</span> <span class='ocrx_word' id='word_1_763' title='bbox 2098 4806 2183 4857; x_wconf 88' lang='grc' dir='ltr'>μοι</span> <span class='ocrx_word' id='word_1_764' title='bbox 2223 4791 2457 4860; x_wconf 84' lang='grc' dir='ltr'>γαστέρα</span> <span class='ocrx_word' id='word_1_765' title='bbox 2514 4797 2841 4865; x_wconf 84' lang='grc' dir='ltr'>μαινομένην</span> <span class='ocrx_word' id='word_1_766' title='bbox 2891 4800 3153 4869; x_wconf 87' lang='grc' dir='ltr'>παράγεις</span> <span class='ocrx_word' id='word_1_767' title='bbox 3206 4806 3285 4865; x_wconf 79' lang='grc' dir='ltr'>είς</span> 
     </span>
    </p>
   </div>
   <div class='ocr_carea' id='block_1_104' title="bbox 1745 4885 3283 4969">
    <p class='ocr_par' dir='ltr' id='par_1_104' title="bbox 1745 4885 3283 4969">
     <span class='ocr_line' id='line_1_104' title="bbox 1745 4885 3283 4969; baseline 0.012 -35"><span class='ocrx_word' id='word_1_768' title='bbox 1745 4885 1902 4953; x_wconf 87' lang='grc' dir='ltr'>μέσον</span> <span class='ocrx_word' id='word_1_769' title='bbox 1927 4903 1940 4950; x_wconf 91' lang='grc'>;</span> <span class='ocrx_word' id='word_1_770' title='bbox 1966 4887 2131 4939; x_wconf 89' lang='grc' dir='ltr'>Τοῦτο</span> <span class='ocrx_word' id='word_1_771' title='bbox 2165 4889 2393 4957; x_wconf 90' lang='grc' dir='ltr'>μάλιστα</span> <span class='ocrx_word' id='word_1_772' title='bbox 2408 4891 2505 4943; x_wconf 76' lang='grc' dir='ltr'>οὐκ</span> <span class='ocrx_word' id='word_1_773' title='bbox 2527 4892 2591 4943; x_wconf 87' lang='grc' dir='ltr'>ἂν</span> <span class='ocrx_word' id='word_1_774' title='bbox 2611 4894 2694 4961; x_wconf 81' lang='grc' dir='ltr'>εῖη</span> <span class='ocrx_word' id='word_1_775' title='bbox 2726 4894 2887 4947; x_wconf 78' lang='grc' dir='ltr'>Θεοῦ’</span> <span class='ocrx_word' id='word_1_776' title='bbox 2922 4897 3050 4960; x_wconf 90' lang='grc' dir='ltr'>Θεὸς</span> <span class='ocrx_word' id='word_1_777' title='bbox 3082 4900 3186 4969; x_wconf 83' lang='grc' dir='ltr'>γὰρ</span> <span class='ocrx_word' id='word_1_778' title='bbox 3221 4902 3283 4952; x_wconf 83' lang='grc' dir='ltr'>οὑ</span> 
     </span>
    </p>
   </div>
   <div class='ocr_carea' id='block_1_105' title="bbox 1744 4984 3281 5066">
    <p class='ocr_par' dir='ltr' id='par_1_105' title="bbox 1744 4984 3281 5066">
     <span class='ocr_line' id='line_1_105' title="bbox 1744 4984 3281 5066; baseline 0.012 -33"><span class='ocrx_word' id='word_1_779' title='bbox 1744 4984 1999 5046; x_wconf 82' lang='grc' dir='ltr'>πεινάσει,</span> <span class='ocrx_word' id='word_1_780' title='bbox 2014 4984 2073 5035; x_wconf 83' lang='grc' dir='ltr'>οὑ</span> <span class='ocrx_word' id='word_1_781' title='bbox 2092 4987 2357 5041; x_wconf 84' lang='grc' dir='ltr'>κοπιάσει.</span> <span class='ocrx_word' id='word_1_782' title='bbox 2376 4989 2511 5040; x_wconf 83' lang='grc' dir='ltr'>Ἀλλ’</span> <span class='ocrx_word' id='word_1_783' title='bbox 2528 4992 2585 5041; x_wconf 84' lang='grc' dir='ltr'>οὐ</span> <span class='ocrx_word' id='word_1_784' title='bbox 2610 4991 2850 5058; x_wconf 81' lang='grc' dir='ltr'>βούλεται</span> <span class='ocrx_word' id='word_1_785' title='bbox 2864 4994 2967 5045; x_wconf 88' lang='grc' dir='ltr'>ἀπὸ</span> <span class='ocrx_word' id='word_1_786' title='bbox 2988 4995 3281 5066; x_wconf 86' lang='grc' dir='ltr'>λογισμῶν,</span> 
     </span>
    </p>
   </div>
   <div class='ocr_carea' id='block_1_106' title="bbox 1740 5084 3282 5165">
    <p class='ocr_par' dir='ltr' id='par_1_106' title="bbox 1740 5084 3282 5165">
     <span class='ocr_line' id='line_1_106' title="bbox 1740 5084 3282 5165; baseline 0.008 -28"><span class='ocrx_word' id='word_1_787' title='bbox 1740 5084 1870 5137; x_wconf 87' lang='grc' dir='ltr'>ἁλλά</span> <span class='ocrx_word' id='word_1_788' title='bbox 1902 5084 2006 5137; x_wconf 86' lang='grc' dir='ltr'>ἀπὸ</span> <span class='ocrx_word' id='word_1_789' title='bbox 2056 5087 2389 5156; x_wconf 86' lang='grc' dir='ltr'>πραγμάτων</span> <span class='ocrx_word' id='word_1_790' title='bbox 2420 5092 2591 5159; x_wconf 80' lang='grc' dir='ltr'>νικᾷν.</span> <span class='ocrx_word' id='word_1_791' title='bbox 2638 5092 2744 5143; x_wconf 89' lang='lat' dir='ltr'>Kal</span> <span class='ocrx_word' id='word_1_792' title='bbox 2783 5094 3047 5163; x_wconf 84' lang='grc' dir='ltr'>τιμωρίαν</span> <span class='ocrx_word' id='word_1_793' title='bbox 3087 5096 3282 5165; x_wconf 80' lang='grc' dir='ltr'>ὥρισεν</span> 
     </span>
    </p>
   </div>
   <div class='ocr_carea' id='block_1_107' title="bbox 1740 5180 3281 5258">
    <p class='ocr_par' dir='ltr' id='par_1_107' title="bbox 1740 5180 3281 5258">
     <span class='ocr_line' id='line_1_107' title="bbox 1740 5180 3281 5258; baseline 0.006 -25"><span class='ocrx_word' id='word_1_794' title='bbox 1740 5180 1896 5241; x_wconf 80' lang='grc' dir='ltr'>αὐτὸς</span> <span class='ocrx_word' id='word_1_795' title='bbox 1921 5182 1948 5232; x_wconf 84' lang='grc' dir='ltr'>ὁ</span> <span class='ocrx_word' id='word_1_796' title='bbox 1977 5180 2240 5248; x_wconf 84' lang='grc' dir='ltr'>βασιλεύς.</span> <span class='ocrx_word' id='word_1_797' title='bbox 2268 5184 2421 5246; x_wconf 82' lang='grc' dir='ltr'>Τίνος</span> <span class='ocrx_word' id='word_1_798' title='bbox 2448 5185 2625 5237; x_wconf 77' lang='grc' dir='ltr'>ἕνεκεν</span> <span class='ocrx_word' id='word_1_799' title='bbox 2651 5188 2770 5257; x_wconf 76' lang='grc' dir='ltr'>οὐχὶ</span> <span class='ocrx_word' id='word_1_800' title='bbox 2795 5189 3071 5258; x_wconf 85' lang='grc' dir='ltr'>παρόντων</span> <span class='ocrx_word' id='word_1_801' title='bbox 3093 5192 3281 5254; x_wconf 73' lang='grc' dir='ltr'>ἐσθίει,</span> 
     </span>
    </p>
   </div>
   <div class='ocr_carea' id='block_1_108' title="bbox 1738 5279 3278 5358">
    <p class='ocr_par' dir='ltr' id='par_1_108' title="bbox 1738 5279 3278 5358">
     <span class='ocr_line' id='line_1_108' title="bbox 1738 5279 3278 5358; baseline 0.007 -28"><span class='ocrx_word' id='word_1_802' title='bbox 1738 5279 1848 5330; x_wconf 77' lang='grc' dir='ltr'>ἀλλ’</span> <span class='ocrx_word' id='word_1_803' title='bbox 1878 5281 1933 5331; x_wconf 92' lang='grc' dir='ltr'>ἐν</span> <span class='ocrx_word' id='word_1_804' title='bbox 1950 5280 2100 5333; x_wconf 84' lang='grc' dir='ltr'>νυκτί</span> <span class='ocrx_word' id='word_1_805' title='bbox 2118 5297 2130 5345; x_wconf 86' lang='grc'><strong>;</strong></span> <span class='ocrx_word' id='word_1_806' title='bbox 2150 5281 2269 5344; x_wconf 87' lang='grc' dir='ltr'>Πῶς</span> <span class='ocrx_word' id='word_1_807' title='bbox 2287 5283 2477 5334; x_wconf 83' lang='grc' dir='ltr'>ἐκεῖνοι</span> <span class='ocrx_word' id='word_1_808' title='bbox 2495 5284 2716 5337; x_wconf 82' lang='grc' dir='ltr'>τοῦτοού</span> <span class='ocrx_word' id='word_1_809' title='bbox 2739 5288 2988 5352; x_wconf 84' lang='grc' dir='ltr'>συνεῖδον,</span> <span class='ocrx_word' id='word_1_810' title='bbox 3011 5290 3089 5341; x_wconf 85' lang='grc' dir='ltr'>ὅτι</span> <span class='ocrx_word' id='word_1_811' title='bbox 3112 5290 3278 5358; x_wconf 70' lang='grc' dir='ltr'>ἥμελο</span> 
     </span>
    </p>
   </div>
   <div class='ocr_carea' id='block_1_109' title="bbox 1802 5582 2792 5643">
    <p class='ocr_par' dir='ltr' id='par_1_109' title="bbox 1802 5582 2792 5643">
     <span class='ocr_line' id='line_1_109' title="bbox 1802 5582 2792 5643; baseline 0.002 -11"><span class='ocrx_word' id='word_1_812' title='bbox 1802 5586 1823 5611; x_wconf 75' lang='grc' dir='ltr'><strong><em>ο</em></strong></span> <span class='ocrx_word' id='word_1_813' title='bbox 1852 5582 2017 5632; x_wconf 79' lang='grc' dir='ltr'>Τοῦτο.</span> <span class='ocrx_word' id='word_1_814' title='bbox 2050 5583 2149 5636; x_wconf 81' lang='lat' dir='ltr'>Vox</span> <span class='ocrx_word' id='word_1_815' title='bbox 2169 5584 2370 5643; x_wconf 77' lang='lat' dir='ltr'>inutilis,</span> <span class='ocrx_word' id='word_1_816' title='bbox 2392 5583 2548 5632; x_wconf 79' lang='lat' dir='ltr'>forsan</span> <span class='ocrx_word' id='word_1_817' title='bbox 2571 5585 2792 5635; x_wconf 77' lang='lat' dir='ltr'>delenda.</span> 
     </span>
    </p>
   </div>
  </div>
