4144 6308
158 360 269 414 245

153 454 336 507 Daniel
367 452 586 506 conviva
616 450 752 520 regis
773 493 786 514 ,
811 460 863 505 et
891 451 1147 521 gloriosus
1173 465 1329 519 super
1355 472 1539 511 omnes
1567 461 1699 511 ami-

151 555 241 594 cos
269 543 405 605 ejus.
446 558 463 591 |
500 541 625 605 Quae
652 542 715 593 ad
749 541 927 595 Delum
970 551 1207 610 spectant
1236 542 1512 614 descripsit
1556 548 1705 601 nobis

154 632 357 685 Daniel.
392 633 443 685 5.
478 630 656 683 Nonne
680 633 831 696 vides,
867 632 1068 699 inquit,
1097 644 1283 700 quanta
1311 636 1531 686 comedat
1554 646 1597 687 et
1626 636 1703 688 bi-

154 718 274 770 bat?
299 720 475 786 Papze,
499 720 647 788 quale
668 727 1027 787 argumentum
1047 735 1107 774 ac
1128 722 1373 775 indicium
1396 723 1698 789 divinitatis,

154 809 317 860 multa
351 807 507 861 edere
538 823 598 861 ac
639 807 852 860 bibere!
892 807 1068 862 Daniel
1100 824 1201 862 non
1236 810 1366 862 dixit
1398 827 1409 861 :
1442 811 1701 877 lloccine,

153 910 333 963 quzeso
354 938 367 961 ,
396 906 477 949 est
507 895 678 949 Deus?
704 894 996 949 imbecillus
1022 898 1161 949 enim
1195 907 1307 950 erat
1349 914 1444 951 rex
1476 916 1487 951 :
1519 899 1611 951 sed
1640 914 1704 953 ex

152 983 439 1036 abundanti
467 984 607 1035 vicit.
641 984 747 1052 Ego
777 984 867 1037 tibi
915 985 1071 1037 Deum
1099 984 1236 1050 dico,
1265 987 1352 1053 qui
1377 988 1571 1040 creavit
1600 1002 1706 1041 eaeo

155 1072 260 1124 lum
289 1081 345 1126 et
367 1081 592 1134 terram;
627 1082 679 1124 tu
708 1086 833 1125 vero
862 1071 987 1124 mihi
1020 1081 1254 1124 ventrem
1285 1074 1491 1126 avidum
1521 1076 1706 1142 produ-

154 1162 229 1214 cis
270 1161 325 1213 in
376 1160 639 1215 medium?
668 1161 776 1213 Hoc
825 1162 1048 1214 maxime
1080 1161 1168 1214 Dei
1196 1176 1314 1215 esse
1361 1178 1461 1217 non
1490 1172 1701 1232 potest:

155 1250 293 1302 Deus
340 1250 592 1319 siquidem
638 1264 741 1303 non
769 1249 983 1315 esuriet,
1016 1266 1119 1303 non
1162 1251 1477 1320 fatigabitur.
1512 1255 1703 1308 Verum

158 1339 449 1391 rationibus
479 1338 793 1391 contendere
835 1354 937 1390 non
964 1339 1072 1391 vult
1096 1381 1109 1404 ,
1141 1341 1229 1392 sed
1256 1342 1409 1396 rebus
1439 1344 1616 1397 vincit.
1644 1345 1707 1398 Et

160 1427 471 1495 supplicium
518 1427 627 1494 ipse
671 1441 762 1480 rex
810 1426 1063 1480 definivit.
1108 1426 1219 1492 Qua
1262 1430 1327 1483 de
1355 1446 1510 1484 causa
1552 1431 1706 1486 Belus

155 1568 269 1603 vero
291 1568 355 1603 ex
383 1554 583 1620 vulgata
602 1558 878 1620 apposuisse
902 1563 1058 1605 notam
1082 1560 1247 1617 capitis
1269 1571 1289 1620 :_
1319 1558 1365 1620 id
1400 1560 1543 1606 etiam
1576 1568 1708 1620 patet

154 1628 216 1663 ex
243 1628 303 1677 eo
320 1617 452 1677 quod
475 1618 612 1677 capiti
638 1617 697 1677 12
716 1617 957 1675 pra:ﬁxum
976 1625 1049 1665 est
1072 1620 1117 1664 in
1133 1630 1242 1665 meo
1258 1618 1447 1677 Codice,
1462 1632 1522 1676 ιβ’.
1543 1617 1605 1675 ut".
1621 1622 1708 1670 hoc

157 1684 245 1731 est,
284 1674 363 1722 121
405 1675 478 1722 Η.
523 1674 781 1723 Secundhm
820 1677 945 1737 quod
981 1685 1189 1724 notatum
1214 1676 1374 1733 velim,
1405 1674 1449 1724 in
1478 1674 1534 1725 ea
1558 1681 1707 1729 videri

154 1747 263 1782 esse
285 1736 530 1782 sententia
553 1744 763 1783 nostrum
785 1736 1025 1791 Joannem,
1049 1742 1103 1782 ut
1147 1738 1389 1784 existimet
1411 1738 1535 1785 hunc
1558 1742 1707 1787 versi-

153 1794 312 1840 culum
337 1795 585 1866 pertinere
611 1796 936 1866 _ad_histo_riam
975 1795 1088 1853 Beli,
1118 1801 1189 1866 et
1214 1798 1282 1866 ‘ad
1316 1797 1433 1866 Cyri.
1458 1805 1670 1865 tempora
1691 1815 1704 1860 ;

153 1853 431 1901 nouantem
455 1853 511 1901 ad
536 1855 773 1901 historiam
812 1861 1047 1910 Susanna,
1084 1863 1133 1902 et
1170 1856 1227 1900 ad
1259 1853 1462 1903 Danielis
1478 1853 1705 1910 juv‘entuL

152 1918 249 1982 t_em
274 1927 287 1959 :
310 1914 447 1982 gtqni
470 1925 610 1982 supra
633 1914 842 1982 't‘om.__2,
870 1921 921 1961 et
944 1914 1135 1961 Humilia
1160 1917 1375 1982 primanin
1400 1914 1625 1982 Psalmum
1648 1920 1708 1968 50

154 1977 279 2042 Tum.
310 1974 362 2042 5,
382 1973 430 2019 in
455 1973 687 2042 contraria
705 1974 817 2042 abit,
840 1985 898 2042 _ac
918 1987 1085 2042 parum
1107 1975 1426 2042 verisimiliter
1445 1979 1606 2042 scribit
1624 1986 1709 2042 Da:-

157 2030 332 2095 nieleui
351 2038 466 2078 tunc
486 2033 709 2095 temloris
730 2030 1058 2095 duodecimum
1078 2034 1230 2080 aetatis
1244 2046 1417 2081 annum
1436 2038 1613 2095 egisse.
1626 2040 1707 2095 qui

157 2052 332 2078 IIICICUI
353 2052 466 2078 tuuc
486 2052 709 2090 ιεωιιυιΊδ
730 2052 1058 2080 υυυυιευιιιιυιυ
1078 2052 1230 2080 ωιιιῐιδ
1244 2052 1417 2081 annum
1436 2052 1613 2095 egisse.
1659 2052 1707 2085 ιιι

154 2096 228 2152 est
252 2091 400 2152 etiam
424 2091 791 2150 Pseudo-lgnatit
811 2104 959 2139 error.
987 2100 1077 2140 Nec
1099 2105 1383 2152 quemquam
1406 2108 1602 2144 movere
1623 2052 1709 2145 de-

153 2148 235 2197 bet
258 2150 365 2199 haec
385 2148 668 2207 diversitas,
685 2152 732 2197 in
754 2163 810 2199 re
834 2152 1075 2213 praecipue
1094 2148 1218 2200 adeo
1236 2148 1461 2202 obscura.

1565 350 1629 405 IN
1669 351 2029 410 DANIELEM.

3257 383 3365 437 246

1812 462 1981 529 palam
2005 472 2056 516 ct
2076 471 2198 517 ante
2220 465 2399 519 oculos
2422 468 2653 522 omnium
2677 485 2779 525 non
2798 474 3041 541 comedit,
3068 478 3158 532 sed
3176 482 3356 534 noctu?

1810 550 2081 613 Quomodo
2104 554 2402 607 sacerdotes
2444 571 2547 608 non
2582 560 2962 625 perspiciebant
3006 577 3063 618 se
3090 580 3184 633 per
3210 580 3352 623 suam

1812 640 2062 693 fallaciam
2090 643 2380 695 convictum
2406 644 2502 696 iri?
2526 646 2743 709 Quando
2767 648 2900 702 Deus
2917 650 3201 721 dispensat,
3224 657 3353 711 nihil

1810 727 2034 781 mireris.
2066 730 2152 783 ει.
2181 730 2247 782 Et
2273 732 2449 783 occidit
2469 733 2600 795 illos,
2634 735 2817 803 inquit.
2845 738 2977 802 Quid
3006 741 3161 809 igitur
3186 743 3355 797 adhuc

1809 815 1874 867 de
1902 816 2164 869 dracone?
2211 817 2437 871 belluam
2484 821 2670 887 aliquis
2718 823 2937 877 adorat?
2976 826 3123 882 Illum
3172 831 3352 886 Daniel

1810 904 2088 960 interfecit.
2120 906 2278 961 Vides
2304 924 2459 976 quam
2501 909 2805 975 dementes,
2852 931 3006 982 quam
3037 918 3205 985 ignavi
3248 923 3353 974 sint

1809 1006 1958 1059 reges
1976 994 2283 1050 Persarum?
2299 998 2385 1053 29.
2416 998 2638 1050 Tradidit
2658 999 2928 1055 Danielem.
2947 1006 3110 1069 Quam
3130 1009 3196 1061 ob
3217 1025 3350 1075 rem,

1810 1091 1927 1149 post
1952 1084 2221 1139 victoriam
2244 1087 2372 1141 adeo
2396 1088 2684 1142 illustrem?
2705 1091 2788 1143 55.
2822 1094 3145 1148 Ambacumm
3165 1106 3349 1163 autent,

1811 1171 2009 1238 inquit,
2044 1177 2307 1241 prandium
2335 1178 2496 1229 attulit
2536 1177 2751 1230 Daniett'.
2803 1179 2969 1233 Cerne
3018 1186 3347 1239 miraculum.

1809 1259 1991 1315 Nonne
2019 1266 2154 1316 enim
2188 1274 2387 1332 poterat
2414 1266 2487 1318 illi
2516 1266 2723 1320 aliunde
2765 1267 2935 1321 afferri
2965 1271 3108 1323 cibus
3128 1311 3141 1334 ,
3182 1289 3335 1341 quam

1811 1367 1839 1404 a
1870 1352 2092 1406 Judaea?
2137 1355 2246 1408 Hoc
2288 1364 2492 1423 gratum
2540 1367 2651 1409 erat
2706 1358 3009 1425 prophetae,
3056 1376 3120 1414 ne
3169 1363 3350 1416 eadem

1812 1442 1998 1495 iterum
2022 1454 2200 1512 ageret
2224 1487 2236 1510 ,
2262 1462 2375 1513 quze
2402 1448 2498 1499 sub
2525 1447 2763 1500 eunucho
2784 1448 2998 1513 fecerat,
3023 1464 3154 1503 neve
3175 1452 3353 1504 existi-

1812 1545 1960 1585 mans
2010 1547 2244 1585 mensam
2296 1535 2542 1601 pollutam
2591 1550 2749 1598 esse,
2802 1537 2989 1590 famem
3037 1539 3351 1594 intenderet.

1813 1618 1961 1673 Unde
1988 1622 2199 1687 agnovit
2227 1622 2630 1674 Ambacumum?
2659 1624 2732 1675 Ex
2777 1623 3029 1677 affinitate
3061 1626 3247 1693 lingua:
3292 1642 3352 1680 ac

1813 1706 1979 1760 vocis.
2008 1707 2233 1761 Futurus
2259 1717 2372 1762 erat
2402 1710 2487 1761 ille
2512 1711 2737 1762 maxime
2762 1712 2997 1763 miraculi
3023 1728 3192 1779 praeco
3218 1716 3351 1781 apud

1812 1811 1902 1850 eos
1944 1798 2030 1865 qui
2078 1799 2126 1849 in
2155 1798 2335 1851 Judcea
2384 1798 2707 1851 habitabant.
2741 1799 2836 1865 Qui
2867 1801 3031 1867 potuit
3068 1802 3223 1857 homo
3251 1819 3351 1857 non

1811 1886 1995 1940 timere
2022 1886 2197 1940 feras?
2224 1886 2319 1939 Hic
2346 1886 2554 1954 quidem
2582 1889 2904 1951 comedebat,
2941 1891 3041 1943 illze
3068 1906 3189 1944 vero
3211 1894 3351 1959 jeju.

1812 1974 2021 2027 nabant.
2054 1975 2216 2038 Esto,
2246 1989 2465 2041 corpore
2494 1976 2591 2027 viri
2615 1976 2740 2041 justi
2784 1977 3164 2030 abstinuerint:
3193 1994 3354 2045 quare

1811 2062 1966 2114 etiam
2013 2062 2344 2115 abstinebant
2389 2063 2547 2115 cibo?
2598 2063 2767 2115 Veluti
2817 2078 2998 2116 camus
3048 2065 3256 2132 quidam
3287 2080 3348 2118 ac

1812 2147 2013 2203 frenum
2043 2150 2156 2203 illas
2191 2151 2508 2203 continebat.

166 2291 3307 2329 m

1202 2633 1301 2692 AD
1351 2635 1555 2695 HOMI
1568 2636 1759 2695 [ΛΑΜ
1807 2637 2296 2709 SEQUENTEM.

152 2873 257 2940 ille,
286 2875 447 2942 cujus
492 2874 885 2936 strenuitatein,
928 2887 1154 2927 acumen
1182 2873 1402 2941 ingenii,
1449 2883 1607 2942 atque
1631 2875 1969 2944 διαλεκτικὴν
1997 2877 2201 2944 experti
2239 2892 2378 2946 saepe
2415 2878 2643 2931 fuerant.
2674 2876 2825 2932 Unde
2860 2878 3071 2932 mireris
3101 2877 3333 2933 Flaviani

150 3008 490 3075 modestiam,
525 3010 796 3078 pietatem,
847 3008 1008 3062 animi
1039 3009 1439 3078 ingenuitatem,
1488 3008 1577 3076 qui
1617 3024 1673 3062 se
1701 3024 1731 3062 a
1771 3011 2078 3080 presbytero
2118 3027 2215 3067 suo
2246 3012 2346 3067 sibi
2376 3013 2589 3067 subdito
2632 3014 2703 3066 ita
2733 3014 2959 3068 libenter
2996 3014 3251 3069 fateretur
3280 3026 3334 3072 et

147 3142 393 3196 doctrina
420 3151 475 3196 et
504 3141 803 3210 eloquentia
834 3154 1092 3209 superari.
1129 3137 1537 3207 Chrysostomus
1568 3153 1716 3201 vero,
1751 3148 1807 3193 ut
1831 3149 1946 3194 erat
1972 3141 2295 3204 moderatus,
2328 3150 2382 3194 et
2408 3155 2436 3194 a
2468 3141 2679 3209 propria
2722 3142 2877 3195 laude
2900 3142 3128 3209 alienus,
3177 3145 3331 3199 initio

149 3276 499 3330 vehementer
521 3274 762 3345 queritur
803 3273 905 3327 sibi
929 3272 1164 3326 delatum
1210 3288 1406 3325 munus
1439 3288 1556 3326 esse
1591 3289 1620 3326 a
1650 3274 1869 3328 doctore
1909 3289 2025 3339 suo,
2054 3275 2144 3343 qui
2171 3290 2296 3329 vere
2326 3276 2446 3329 fons
2472 3275 2727 3329 doctrina:
2766 3286 2927 3339 esset,
2959 3285 3013 3329 et
3040 3278 3178 3332 hanc
3204 3295 3332 3347 pro-

146 3412 381 3465 vinciam
416 3412 579 3481 probe
608 3415 879 3483 suscipere
909 3424 1106 3483 posset.
1141 3414 1342 3468 Deinde
1369 3428 1496 3466 vero
1524 3422 1895 3482 argumentum
1923 3413 2347 3468 adversariorum
2377 3423 2483 3468 tam
2518 3422 2756 3479 strenue,
2789 3423 2895 3468 tam
2920 3415 3062 3470 clare
3094 3416 3329 3485 depellit,

147 3557 202 3600 ut
239 3547 458 3602 nescias
490 3557 663 3601 utram
693 3549 860 3619 magis
893 3550 1123 3613 mireris,
1153 3550 1510 3617 eloquentiam
1535 3564 1598 3601 an
1624 3548 1915 3603 dialecticae
1946 3549 2075 3603 vim.

206 3682 433 3737 Certum
461 3683 620 3753 igitur
664 3694 745 3739 est
775 3686 913 3739 hanc
958 3686 1269 3740 concionem
1301 3685 1597 3744 Antiochiae
1639 3684 1693 3737 in
1722 3700 1909 3755 magna
1936 3686 2181 3748 ecclesia,
2224 3695 2284 3740 ut
2309 3685 2412 3740 fert
2444 3686 2649 3753 titulus,
2685 3698 3053 3755 praesenteque
3080 3688 3331 3741 Flaviano

142 3818 379 3872 habitam
406 3817 591 3878 fuisse.
624 3834 743 3873 cum
766 3820 874 3887 jam
899 3819 1307 3889 Chrysostomus
1338 3821 1393 3872 in
1420 3834 1606 3887 magna
1631 3827 1774 3873 esset
1804 3821 1943 3887 apud
1976 3820 2338 3873 Antiochenos
2364 3820 2772 3874 existimatione.
2800 3822 2933 3874 Hinc
2962 3830 3043 3874 est
3073 3821 3213 3889 quod
3242 3821 3327 3874 illa

141 3953 238 4005 alia
269 3953 495 4007 homilia
527 3953 913 4023 Chrysostomi,
944 3968 1061 4020 quae
1100 3953 1259 4019 hujus
1291 3952 1551 4005 habendae
1581 3951 1792 4005 occasio
1817 3950 1935 4015 fuit,
1978 3952 2235 4018 cujusque
2265 3959 2418 4002 notas
2447 3950 2645 4016 aliquot
2688 3950 2741 4001 in
2792 3951 2891 4004 hac
2917 3952 3329 4020 Chrysostomus

142 4090 380 4155 exhibet,
410 4100 472 4145 ut
498 4106 597 4146 nos
624 4107 784 4161 supra
808 4092 1058 4155 diximus,
1098 4092 1206 4159 jam
1234 4106 1341 4144 non
1371 4100 1673 4159 compareat
1702 4091 1840 4145 inter
1882 4091 1995 4144 illas
2022 4090 2266 4143 homilias
2299 4105 2428 4157 quas
2471 4099 2653 4143 contra
2700 4089 2986 4143 Anommos
3029 4090 3151 4143 Anti
3166 4091 3326 4145 )chi:e

140 4227 506 4296 pronuntiavit
555 4226 962 4295 Chrysostomus
1019 4226 1202 4279 decem
1265 4239 1538 4277 numero:
1584 4239 1819 4291 quasque
1860 4224 2121 4276 edidimus
2180 4222 2352 4288 primo
2408 4220 2608 4285 Tomo,
2671 4221 2865 4274 additis
2930 4223 3207 4276 undecima
3273 4232 3326 4277 et

142 4368 480 4431 duodecima,
510 4381 627 4435 quae
655 4362 1135 4432 Constantinopoli,
1167 4362 1292 4415 item
1325 4370 1507 4415 contra
1531 4360 1837 4425 Anommos,
1881 4360 2075 4413 habitze
2117 4368 2259 4411 sunt.
2303 4358 2407 4411 lllre
2440 4358 2580 4411 enim
2613 4357 2796 4410 decem
2834 4358 3063 4411 homilia:
3090 4375 3152 4412 eo
3183 4374 3325 4413 anno

144 4511 297 4565 dicta:
329 4515 465 4564 sunt
492 4520 597 4576 quo
624 4506 737 4573 ipse
765 4502 1043 4573 presbyter
1074 4500 1245 4554 factus
1272 4507 1371 4561 est,
1398 4508 1451 4551 et
1480 4498 1782 4551 concionari
1811 4496 1990 4563 coepit,
2023 4509 2213 4562 nempe
2248 4510 2387 4548 anno
2410 4493 2531 4554 586,
2573 4501 2625 4544 et
2651 4508 2791 4547 anno
2822 4494 3064 4561 sequenti
3104 4494 3223 4547 587.
3260 4495 3326 4545 At

142 4636 250 4690 haec
274 4637 523 4701 bomilia,
550 4646 605 4691 ut
634 4646 687 4690 et
716 4650 779 4690 ea
824 4649 943 4703 qua:
986 4633 1153 4702 ipsam
1186 4630 1539 4701 praecedebat,
1571 4638 1691 4698 post
1719 4629 1834 4682 illas
1876 4628 2055 4681 habita
2103 4627 2220 4689 fuit,
2257 4641 2377 4679 cum
2407 4639 2471 4677 ex
2520 4623 2738 4676 assiduo
2764 4619 3119 4673 concionandi
3154 4618 3329 4671 officio

141 4783 385 4839 ngnum
430 4768 533 4825 sibi
560 4768 852 4824 Antiochiae
880 4784 1075 4824 nomen
1113 4769 1409 4837 peperisset
1429 4766 1859 4835 Chrysostomus.
1893 4765 1961 4817 De
1987 4778 2126 4817 anno
2156 4772 2334 4815 autem
2354 4760 2488 4813 nihil
2522 4774 2739 4828 prorsus
2765 4759 3041 4811 habemus.

201 4903 706 4975 interpretationem
733 4910 971 4959 nostram
992 4901 1233 4956 Latinam
1256 4903 1321 4957 ad
1346 4902 1505 4957 fidem
1536 4900 1879 4955 Ottoboniani
1910 4898 2226 4968 exemplaris
2256 4896 2537 4950 edidimus.
