4144 6308
862 546 1299 587 Ε
1316 572 1587 582 ———-——-
1612 571 1675 579 —
1685 571 1732 579 -—
2627 539 2747 573 -.l-—I——l
2768 538 2917 575 ...υ-...1.
2928 565 3079 573 -~.—.
3087 540 3507 574 --ι-οαοισ-Ξ-ι.
3516 542 3587 575 -η-
3594 567 3619 575 ο.
3636 542 3759 576 ,1--Ι.
3766 543 3803 575 ‹-.η
3814 544 3893 576 ..α-1ο
3904 570 3913 575 μ
3922 570 3932 575 ‹
3942 545 3983 577 ...Ι
3998 546 4029 573 .

1316 572 1587 582 ———-——-
1612 570 1960 579 —-———-—.—.—

1510 348 1564 405 S.
1600 346 1872 404 JOANNIS
1906 342 2366 403 ClIKYSOSTOMl
2401 344 2715 402 ARCﬂlEP.
2751 344 3275 403 CONSTANTINOP.

3926 372 4035 422 248

1964 564 2747 576 W--u_
2768 566 2894 575 ...ι-α..
2912 564 3619 575 .—-.—._-..-.--_—_—._._-.
3636 564 3751 576 ;-._.’
3736 564 4029 577 ix.'-:.<;;.‘

1784 703 2151 776 SANCTI
2214 698 2599 771 PATRIS
2638 700 3043 770 NOSTRI

1202 903 1292 1038 J
1306 893 1844 1039 ΟΑΝΝ
1858 887 2034 1028 IS
2127 879 2838 1025 CHRYS(

1970 887 2034 1028 3
2127 877 3606 1041 CHRYSOSTOMI,

827 1168 886 1209 IN
932 1165 1146 1209 HAGNA
1192 1158 1503 1211 BCCLESIA,
1547 1152 1677 1196 CUM
1716 1144 1914 1190 PAUCA
1955 1136 2288 1182 PBEFATUS
2330 1133 2514 1176 ESSET
2556 1131 2902 1183 EPISCOPUS,
2946 1130 3011 1171 IN
3055 1130 3239 1173 ILLUD
3281 1132 3635 1178 EVANGELII.
3684 1135 3892 1176 FILIUS
3944 1136 4023 1177 1ζί

1103 1260 1176 1302 88
1216 1255 1349 1299 IPSO
1390 1208 1567 1297 Μιέη.
1603 1244 1811 1298 FACIT,
1853 1238 1974 1282 NISI
2015 1234 2182 1287 QUOD
2222 1231 2481 1276 VIDI!an
2523 1228 2739 1269 PATER!

2067 1234 2182 1277 non
2222 1231 2481 1276 vrnnm'r
2523 1228 2772 1270 ramea
2815 1227 3174 1271 mersurum
3219 1208 3429 1285 (Joan.
3475 1212 3534 1269 5.
3584 1215 3703 1291 19).

2212 1419 2604 1453 W—

892 1585 945 1639 I.
988 1580 1033 1637 ο
1067 1576 1403 1633 violentiam!
1447 1588 1480 1627 ο
1509 1570 1871 1643 tyrannidem!
1915 1567 2111 1620 Doctor
2153 1569 2361 1622 noster,

820 1674 909 1740 qui
934 1686 980 1725 at
1003 1680 1057 1726 te
1082 1684 1178 1722 nos
1219 1664 1459 1733 praefatus
1480 1670 1579 1723 est,
1609 1660 1811 1726 plenam
1838 1671 1955 1710 cum
1986 1653 2198 1705 haberet
2220 1649 2363 1717 phia-

821 1739 959 1822 lam,
988 1758 1203 1811 summis
1250 1762 1446 1808 tantum
1492 1751 1651 1803 labris
1695 1748 1935 1815 poculum
1985 1739 2360 1809 degustandum

824 1848 972 1903 nobis
998 1844 1285 1914 propinavit
1308 1859 1321 1894 :
1352 1841 1403 1894 id
1424 1849 1595 1893 autem
1623 1838 1741 1891 fecit
1767 1851 1868 1888 non
1896 1835 1965 1887 ob
1991 1831 2240 1884 doctrina:
2267 1842 2362 1894 pe—

824 1938 1057 1991 nuriam:
1087 1949 1204 1986 nam
1231 1931 1386 1984 fontis
1408 1930 1568 1982 instar
1586 1926 1840 1979 seatnrire
1862 1924 2027 1984 solet;
2059 1920 2148 1974 sed
2175 1932 2359 1985 quem-

822 2025 1099 2081 admodum
1125 2023 1266 2083 dixi,
1298 2028 1352 2074 ut
1372 2027 1557 2072 vestra:
1580 2014 1808 2069 caritatis
1837 2009 2160 2083 tyrannidem
2192 2006 2359 2074 palam

821 2115 1047 2176 faceret,
1071 2125 1223 2179 quam
1246 2122 1366 2177 erga
1394 2106 1694 2160 tenuitatem
1725 2112 1957 2155 nostram
2002 2096 2251 2150 exhibere
2271 2108 2360 2145 so-

822 2205 971 2257 letis:
999 2217 1056 2254 ea
1083 2201 1147 2253 de
1164 2212 1319 2251 eausa
1348 2197 1452 2248 cito
1482 2192 1638 2246 tacuit
1658 2201 2056 2254 sermonemque
2081 2182 2356 2244 conclusit,

821 2298 874 2342 ut
896 2296 1070 2341 vestro
1092 2285 1351 2339 desiderio
1370 2280 1777 2349 gratificaretur;
1805 2286 1858 2330 et
1883 2275 1973 2328 toti
1999 2271 2246 2327 solvendo
2270 2271 2363 2322 de-

821 2380 928 2432 bito
969 2390 1064 2429 nos
1099 2371 1351 2427 obnoxios
1375 2367 1660 2423 constituit.
1692 2365 1821 2431 Quia
1845 2364 2003 2431 igitur
2031 2369 2082 2413 et
2121 2359 2164 2412 is
2210 2357 2359 2410 nobis

820 2464 1023 2519 dicendi
1050 2464 1164 2516 loco
1191 2459 1348 2515 cessit
1370 2499 1385 2524 ,
1408 2466 1461 2511 et
1500 2469 1595 2508 vos
1621 2462 1800 2507 nostro
1827 2452 1892 2504 ab
1920 2465 2009 2502 ore
2031 2446 2257 2516 pendere
2284 2445 2361 2497 vi-

817 2555 935 2606 deo.
965 2564 1179 2605 necesse
1218 2548 1422 2601 tandem
1460 2553 1540 2598 est
1575 2552 1632 2596 ut
1671 2541 1734 2594 ad
1772 2537 2055 2593 certamina
2086 2548 2179 2587 nos
2204 2547 2361 2586 exua-

820 2655 934 2694 mus
972 2656 985 2692 :
1016 2654 1107 2691 vos
1129 2647 1301 2690 autem
1334 2634 1459 2688 mihi
1489 2646 1640 2700 opem
1683 2630 1833 2689 ferte,
1860 2634 1914 2680 et
1950 2637 2162 2679 manum
2191 2621 2356 2689 porri-

816 2728 922 2794 gite
942 2767 957 2792 ,
999 2725 1241 2794 precibus
1270 2730 1503 2775 nostram
1527 2717 1812 2772 excitantes
1831 2714 2077 2781 linguam,
2106 2719 2159 2762 et
2185 2717 2356 2760 atten-

818 2818 959 2869 tione
979 2815 1135 2868 animi
1164 2812 1363 2865 facilem
1396 2816 1636 2877 parantes
1659 2804 1908 2860 doctrina:
1930 2802 2085 2853 viam.
2114 2796 2358 2865 Quando-

814 2903 1022 2972 quidem
1040 2901 1290 2970 prepheta
1311 2913 1411 2951 non
1428 2894 1785 2949 admirabilem
1805 2890 1961 2944 modo
1975 2886 2352 2949 consiliarium,

814 2992 907 3045 sed
937 2992 1091 3045 etiam
1118 2988 1422 3058 prudentem
1453 2985 1740 3037 auditorem
1764 2981 1991 3049 postulat
2017 2976 2173 3046 (Isai.
2200 2976 2251 3028 5.
2276 2973 2351 3043 5).

814 3080 926 3133 Non
954 3080 1092 3133 enim
1141 3077 1252 3129 leve
1303 3075 1450 3128 nobis
1481 3081 1747 3125 certamen
1779 3069 1933 3121 hodie
1977 3076 2207 3135 paratum
2238 3072 2350 3126 est,

814 3168 905 3222 sed
939 3168 1075 3235 quod
1108 3165 1283 3219 multis
1302 3170 1453 3231 egeat
1476 3159 1745 3229 precibus,
1773 3158 1933 3211 multa
1960 3155 2253 3208 auditorum
2281 3153 2357 3203 vi—

812 3257 1060 3326 gilantia,
1095 3253 1255 3307 nmlta
1297 3249 1653 3305 concionantis
1699 3245 1993 3314 diligentia,
2040 3252 2096 3295 ut
2130 3258 2245 3311 qua:
2270 3240 2354 3293 di-

811 3344 975 3399 cenda
1002 3352 1122 3397 sunt
1142 3349 1447 3395 etaeeurate
1470 3338 1813 3407 proferantur,
1838 3345 1889 3389 et
1912 3343 2021 3387 tuto
2047 3334 2095 3385 in
2122 3330 2355 3384 caritatis

813 3442 1002 3485 vestrm
1017 3431 1205 3483 animis
1230 3430 1545 3481 inserantur.
1577 3424 1741 3492 Cupio
1766 3436 1991 3489 namque
2020 3434 2111 3473 vos
2135 3433 2235 3471 non
2264 3433 2354 3468 au-

812 3521 924 3573 dire
964 3528 1163 3572 tantum
1184 3558 1199 3582 ,
1242 3516 1333 3570 sed
1358 3517 1513 3570 etiam
1541 3512 1768 3575 institui;
1801 3526 1902 3565 non
1928 3510 2129 3563 discere
2164 3506 2317 3560 modo
2336 3546 2348 3557 .

812 3607 903 3660 sed
928 3610 1081 3660 etiam
1110 3605 1334 3668 docere;
1364 3616 1465 3655 non
1496 3601 1730 3667 accipere
1754 3600 1918 3651 solum
1939 3638 1954 3663 ,
1983 3596 2073 3650 sed
2115 3597 2269 3648 etiam
2302 3594 2352 3646 in

811 3698 941 3749 alios
968 3696 1337 3749 transmittere.
1357 3692 1443 3746 Sic
1465 3693 1602 3745 enim
1627 3700 1679 3743 et
1698 3688 2020 3757 splendidius
2042 3686 2189 3739 nobis
2206 3686 2352 3738 thea-

814 3797 948 3838 trum
970 3824 983 3847 ,
1015 3793 1068 3838 et
1108 3784 1274 3852 major
1316 3792 1481 3837 cauus
1518 3780 1645 3845 erit,
1678 3778 1884 3847 quando
1910 3792 2001 3829 vos
2031 3791 2122 3844 per
2150 3790 2209 3827 ea
2238 3789 2353 3842 qua:

814 3874 1080 3926 audieritis
1104 3913 1117 3935 ,
1160 3872 1289 3924 alios
1328 3873 1483 3924 etiam
1524 3869 1775 3922 inducere
1814 3865 2067 3933 poteritis.
2099 3864 2352 3930 inpriore

815 3964 988 4027 itaque
1022 3960 1274 4013 concione
1292 3958 1393 4011 hoc
1420 3958 1559 4009 dicto
1599 3955 1895 4022 evangelico
1924 3955 1974 4006 in
2009 3954 2232 4006 medium
2255 3951 2349 4004 ad-

811 4053 967 4105 ducto
986 4093 1001 4117 ,
1032 4049 1184 4102 Pater
1206 4064 1342 4101 meus
1365 4063 1514 4116 usque
1542 4046 1685 4098 modo
1710 4053 1959 4112 operatur,
1989 4053 2032 4096 et
2059 4058 2145 4109 ego
2175 4058 2351 4108 aperor

816 4137 992 4206 (Joan.
1026 4137 1077 4191 ὅ.
1109 4136 1197 4205 l7)
1221 4175 1234 4199 ,
1265 4150 1384 4188 eum
1432 4134 1552 4185 hinc
1580 4132 1923 4185 ostendissem
1954 4128 2066 4194 ejus
2104 4142 2221 4180 eum
2253 4126 2354 4180 Gc-

812 4229 982 4280 nitore
1028 4226 1373 4292 mqualitatem
1394 4261 1409 4285 ,
1438 4222 1572 4290 quod
1600 4230 1651 4275 et
1680 4234 1835 4287 supra
1876 4219 2105 4273 declarat
2129 4231 2354 4284 evange-

814 4318 931 4371 lista
960 4317 1042 4369 his
1070 4316 1270 4377 verbis,
1304 4313 1573 4379 PrOpterea
1593 4311 1748 4377 magis
1775 4309 2185 4377 persequebantur
2205 4322 2313 4359 eum
2335 4344 2350 4368 ,

812 4421 909 4457 non
934 4404 1093 4457 solum
1113 4404 1227 4472 quia
1254 4403 1464 4455 solvebat
1482 4400 1735 4452 sabbatum
1758 4438 1772 4459 ,
1799 4396 1884 4449 sed
1911 4405 1956 4447 et
1984 4397 2184 4448 Patrem
2211 4409 2353 4447 suum

811 4494 1006 4546 dicebat
1053 4491 1234 4556 Deum,
1265 4490 1500 4557 (aqualem
1523 4504 1575 4541 re
1595 4487 1779 4555 faciem
1815 4485 1921 4537 Deo
1952 4484 2128 4551 (Joan.
2160 4484 2211 4537 5.
2240 4483 2350 4547 l8),

813 4586 881 4637 ita
924 4597 1221 4637 sermonem
1264 4581 1444 4633 clausi.
1498 4578 1660 4631 llodie
1686 4586 1860 4629 autem
1892 4588 2025 4643 opus
2053 4584 2133 4627 est
2157 4588 2217 4626 ea
2256 4572 2354 4625 sol-

810 4689 931 4728 vere
951 4713 965 4737 ,
997 4687 1113 4741 quae
1134 4670 1382 4723 adversus
1414 4668 1527 4720 haec
1553 4666 1804 4734 objiciunt
1830 4663 2081 4716 lueretici.
2109 4662 2353 4726 Quamvis

810 4765 949 4815 enim
981 4763 1115 4814 inter
1140 4762 1337 4811 amicos
1361 4766 1654 4815 certemus,
1693 4761 1833 4806 tanta
1865 4760 2035 4804 tamen
2063 4748 2352 4803 adhibenda

810 4851 1074 4918 diligentia
1106 4856 1220 4911 est,
1250 4856 1305 4900 ut
1332 4845 1556 4913 undique
1578 4859 1605 4895 a
1635 4843 1817 4896 fraude
1846 4851 1950 4894 tuta
1989 4850 2039 4894 et
2074 4841 2258 4893 invicta
2288 4840 2356 4892 sit

810 4941 980 4994 oratio
999 4978 1014 5002 ,
1044 4936 1248 4990 etiamsi
1288 4936 1339 4989 in
1364 4933 1551 4988 mediis
1579 4932 1815 4987 hostibus
1836 4941 2093 4985 versetur.
2122 4930 2186 4984 Ut
2213 4930 2353 4983 enim

810 5038 931 5082 ante
957 5028 1215 5090 dicebam,
1245 5040 1348 5078 non
1376 5024 1557 5077 audire
1579 5033 1773 5076 tantum
1797 5037 1890 5075 vos
1912 5022 2051 5086 volo,
2083 5022 2175 5075 sed
2197 5022 2353 5075 etiam

810 5118 939 5169 alios
968 5116 1255 5168 instituere.
1287 5112 1409 5167 ideo
1450 5112 1672 5166 sollicite
1711 5112 1885 5165 studui
1932 5126 2028 5165 vos
2056 5111 2217 5165 armis
2244 5112 2354 5179 spi-

819 5205 1091 5259 ritualibus
1118 5202 1562 5265 circummunire,
1605 5209 1659 5254 ut
1685 5201 1880 5253 nullum
1924 5200 2214 5253 membrum
2258 5216 2355 5255 nu-

811 5296 938 5348 dum
972 5302 1237 5364 appareat,
1270 5291 1355 5345 vel
1386 5290 1528 5344 letali
1557 5290 1773 5344 vulnere
1797 5290 2138 5343 confodiatur.
2170 5291 2357 5342 Armo-

817 5399 929 5436 rum
956 5384 1147 5451 quippe
1177 5381 1292 5434 loco
1319 5381 1469 5433 nobis
1497 5389 1577 5433 est
1606 5394 1800 5440 sermo,
1829 5379 1915 5446 qui
1940 5388 2146 5431 nostros
2166 5378 2354 5441 munit,

814 5483 865 5527 et
889 5475 1065 5527 hostes
1095 5472 1231 5536 ferit;
1260 5471 1407 5535 ferit,
1439 5472 1649 5538 inquam
1670 5508 1685 5533 ,
1718 5483 1820 5523 non
1847 5479 1902 5522 ut
1927 5469 2157 5537 dejieiat,
2185 5467 2277 5521 sed
2304 5476 2359 5520 ut

814 5565 1051 5631 iacentes
1080 5563 1263 5630 erigat.
1296 5560 1599 5630 Hujusmodi
1637 5561 1776 5613 enim
1816 5574 2001 5627 pugna:
2038 5573 2203 5628 genus
2240 5567 2354 5625 est,

817 5652 956 5722 quod
984 5653 1035 5706 in
1058 5651 1279 5706 Salutem
1304 5659 1483 5705 contra
1515 5650 1851 5719 pugnantium
1887 5659 2138 5719 tropaeum
2167 5648 2353 5716 erigat.

2472 1553 2540 1608 Ut
2573 1554 2727 1620 igitur
2752 1553 2852 1607 hoc
2881 1553 2969 1608 fiat
2985 1592 3000 1619 ,
3025 1563 3223 1610 attento
3248 1555 3429 1613 adeste
3447 1558 3620 1611 animo
3639 1601 3654 1625 ,
3678 1561 3820 1614 omni
3852 1562 4021 1629 ejerta

2467 1642 2702 1694 surculari
2727 1655 2852 1695 cura
2873 1643 3103 1696 animum
3126 1645 3366 1709 excitate,
3391 1656 3541 1699 acute
3560 1657 3865 1701 cernentem
3899 1666 4021 1703 ocu-

2467 1729 2571 1781 lum
2596 1730 2824 1796 prazbete
2851 1730 2999 1783 mihi.
3028 1731 3180 1785 Dives
3203 1748 3267 1786 ne
3293 1735 3528 1787 socordia
3551 1735 3753 1788 difﬂuat
3777 1756 3789 1789 :
3815 1753 4020 1804 pauper

2466 1832 2533 1870 ne
2557 1819 2800 1885 egestatis
2843 1819 2986 1872 curis
3027 1820 3379 1887 opprimatur;
3401 1822 3493 1875 sed
3536 1824 3694 1875 missa
3721 1826 3867 1877 omni
3898 1828 4023 1880 vita:

2465 1906 2845 1973 inaequalitate,
2895 1909 3111 1977 quisque
3152 1924 3211 1963 se
3255 1919 3489 1977 paratum
3534 1912 3823 1967 auditorem
3872 1931 4018 1982 pra:-

2465 1993 2584 2048 beat
2617 2010 2630 2046 :
2662 2009 2829 2063 neque
2866 1995 3005 2048 enim
3048 1998 3189 2063 parvi
3218 2000 3365 2064 pretii
3406 2008 3556 2063 sunt,
3585 2016 3700 2068 qn:e
3729 2018 3869 2055 nunc
3901 2011 4017 2055 tra-

2463 2092 2687 2136 ctantur.
2737 2082 2858 2137 Ideo
2904 2084 3018 2141 haec
3064 2083 3360 2153 frequenter
3401 2102 3589 2140 moueo
3620 2103 3634 2140 :
3666 2091 3784 2142 novi
3811 2093 4016 2159 quippe

2461 2186 2614 2238 quam
2639 2171 2894 2240 profundo
2915 2172 2964 2224 in
2989 2173 3169 2241 pelago
3189 2174 3509 2241 navigemus.
3540 2176 3612 2229 Ne
3636 2178 3865 2231 turberis
3889 2194 4018 2246 pro-

2463 2262 2675 2315 fundum
2724 2263 3201 2332 audiens:Spiritu
3250 2280 3475 2335 namque
3517 2266 3681 2333 duce,
3727 2285 3829 2322 non
3885 2282 4014 2326 sunt

2460 2363 2608 2417 aquae
2634 2350 2842 2418 caligini
2868 2352 3129 2416 obnoxiae,
3158 2354 3252 2407 sed
3278 2354 3529 2409 facillima
3552 2358 3654 2410 erit
3675 2359 3778 2419 via.
3809 2362 3851 2414 si
3878 2376 4001 2414 eam

2461 2438 2842 2500 tantummodo,
2879 2454 3034 2506 quam
3070 2441 3250 2508 jubeo,
3287 2444 3532 2497 teneatis.
3564 2444 3639 2498 Ne
3684 2448 3999 2511 turbcmini,

2458 2540 2631 2593 neque
2652 2527 2987 2580 moveamini.
3007 2527 3135 2591 Quae
3156 2530 3296 2582 enim
3318 2532 3474 2585 hodie
3494 2534 3777 2601 agitantur,
3795 2538 4003 2590 audito-

2461 2626 2571 2666 rem
2597 2614 2745 2667 initio
2766 2616 2998 2679 turbant,
3022 2616 3180 2684 inque
3199 2618 3581 2672 dubitationem
3603 2622 3927 2688 conjiciunt:
3956 2626 4001 2678 si

2458 2715 2584 2753 vero
2613 2701 2769 2754 finem
2793 2713 3085 2769 exspectet,
3111 2705 3197 2757 ubi
3227 2719 3635 2761 consentaneam
3674 2711 4001 2765 solutionem

2457 2788 2671 2854 videbit,
2699 2791 2928 2859 jucunda
2956 2792 3160 2845 fruetur
3194 2796 3591 2862 tranquillitate,
3616 2807 3669 2850 et
3700 2799 3751 2850 in
3781 2811 4001 2866 portum

2457 2879 2614 2932 nullis
2630 2879 2880 2947 agitatum
2899 2879 3147 2934 [luctibus
3162 2882 3396 2936 animum
3415 2888 3677 2953 appellere
3694 2890 3912 2955 poterit.
3933 2889 4003 2943 Ut

2457 2983 2581 3036 ergo
2606 2968 2717 3023 haec
2747 2969 2816 3021 ita
2842 2984 2898 3021 se
2930 2970 3175 3033 habeant,
3212 2986 3278 3023 ne
3314 2974 3622 3038 turbemini,
3659 2992 3724 3028 ne
3753 2992 4002 3029 commo-

2456 3058 2706 3122 veamini,
2748 3058 2839 3111 sed
2872 3074 2989 3110 cum
3030 3059 3174 3111 omni
3222 3061 3472 3126 patientia
3513 3072 3565 3114 et
3597 3066 4001 3131 perseverantia

2456 3146 2594 3198 viam
2616 3146 2915 3212 sequimini,
2954 3161 3111 3213 quam
3143 3147 3286 3198 verbi
3316 3149 3555 3201 doctrina
3575 3153 3825 3203 ostendit.

2526 3237 2865 3288 Anomaeorum
2880 3237 3102 3305 objectio,
3124 3252 3232 3303 qua
3249 3240 3418 3305 fucum
3441 3241 3600 3305 facere
3620 3246 3826 3303 poterat,
3850 3240 4011 3303 refel-

2455 3328 2591 3379 litur.
2610 3357 2677 3365 —
2704 3328 2829 3392 Qua:
2856 3338 2975 3380 sunt
2995 3342 3116 3396 ergo
3141 3343 3255 3395 qure
3281 3328 3430 3380 nobis
3451 3327 3514 3381 ab
3531 3328 3630 3380 illis
3652 3328 4007 3396 objiciuntur?

2458 3416 2605 3469 Nihil
2634 3426 2813 3483 potest,
2854 3417 3109 3483 inquiunt,
3149 3420 3311 3485 facere
3350 3415 3532 3478 Filius,
3565 3416 3660 3468 nisi
3687 3416 3861 3469 viderit
3902 3417 4009 3469 Pa-

2456 3517 2579 3559 trem
2626 3508 2883 3574 facientem
2931 3505 3102 3575 (Joan.
3135 3508 3186 3560 5.
3232 3507 3342 3573 l9).
3387 3508 3541 3572 Atqui
3587 3506 3695 3558 htec
3734 3506 4010 3573 Scriptura

2455 3598 2602 3651 dixit.
2627 3598 2882 3663 Quorsum
2911 3611 3035 3664 ergo
3055 3595 3166 3649 haec
3190 3596 3337 3649 nobis
3358 3595 3638 3662 objiciunt?
3658 3595 3768 3647 Non
3792 3609 3858 3648 eo
3885 3610 4013 3647 seu-

2455 3702 2536 3749 su,
2567 3701 2668 3753 quo
2691 3700 2722 3738 a
2748 3686 3013 3752 Scriptura
3034 3684 3171 3737 dicta
3189 3693 3328 3745 sunt,
3358 3683 3661 3735 afferuntur.
3685 3682 3818 3747 Quid
3856 3682 4007 3739 hinc.

2455 3775 2621 3839 aiunt,
2644 3773 2960 3827 concludere
2986 3773 3200 3825 volunt?
3230 3772 3387 3827 Vides
3411 3772 3670 3839 quomodo
3705 3771 3867 3823 Filius
3894 3772 4010 3832 Dei,

2457 3864 2711 3931 inquiunt.
2744 3863 2881 3915 illam
2905 3862 3215 3931 a‘qnalitatis
3244 3863 3592 3929 suspicionem
3622 3862 3853 3914 auferat?
3875 3863 4011 3929 Quia

2454 3957 2591 4009 enim
2618 3954 2783 4009 Judmi
2809 3954 2859 4008 id
2886 3955 3299 4022 suspicabantur,
3331 3969 3515 4020 nempe
3542 3970 3660 4007 emn
3689 3954 3795 4007 Deo
3820 3969 4011 4022 requa-

2457 4046 2555 4097 lem
2587 4061 2643 4098 se
2670 4046 2859 4107 facere,
2885 4045 3000 4097 ideo
3037 4045 3207 4097 intulit
3237 4045 3315 4097 his
3340 4045 3533 4108 verbis,
3564 4043 3681 4096 Non
3709 4053 3867 4109 potest
3912 4042 4008 4094 Fi-

2458 4133 2552 4185 lius
2581 4150 2609 4184 a
2629 4135 2788 4200 seipso
2811 4137 2973 4201 facere
2995 4134 3161 4201 quidq:
3180 4149 3285 4186 aut.

2524 4220 2576 4273 2.
2617 4220 2748 4273 Num
2779 4220 2969 4273 frustra
3012 4220 3267 4287 dicebam,
3318 4220 3430 4274 lucc
3472 4222 3627 4275 verba
3661 4236 3754 4275 vos
3794 4222 4011 4276 turbare

2458 4324 2629 4376 posse,
2657 4318 2813 4375 atque
2842 4308 2989 4361 initio
3016 4309 3307 4362 auditorem
3338 4311 3655 4377 pereellere?
3689 4310 3881 4363 Verum
3912 4327 4009 4365 ex-

2456 4404 2704 4464 spectate,
2731 4404 2784 4449 et
2807 4396 3045 4449 videbitis
3063 4411 3154 4449 eos
3185 4397 3403 4463 propriis
3428 4397 3695 4451 confectos
3716 4399 3851 4451 telis.
3873 4400 4009 4453 Cum

2458 4486 2636 4552 primis
2660 4486 2797 4537 enim
2826 4485 3204 4537 observandum
3229 4485 3299 4549 id,
3321 4485 3459 4553 quod
3480 4485 3692 4549 dicitur,
3717 4502 3818 4538 non
3842 4487 4011 4542 fuisse

2455 4577 2748 4629 Judzeorum
2793 4574 3140 4640 suspicionem
3166 4592 3177 4626 :
3204 4575 3340 4641 quod
3384 4575 3540 4627 etiam
3584 4576 3636 4627 in
3687 4577 4007 4643 przeeedenti

2456 4666 2803 4735 disputatione
2818 4680 2935 4717 eum
2953 4664 3094 4716 omni
3122 4665 3485 4734 perspicuitate
3508 4666 3869 4729 ostendimus;
3888 4681 4011 4735 quae

2458 4772 2524 4809 ne
2545 4757 2729 4808 iterum
2748 4753 3028 4820 agitentur,
3047 4768 3110 4806 eo
3130 4753 3441 4807 remittimus
3465 4754 3774 4817 auditorem,
3798 4764 3849 4807 et
3866 4756 4010 4824 quod

2459 4861 2594 4900 nunc
2620 4844 2863 4912 objieilur
2880 4844 3084 4896 solvere
3098 4843 3423 4902 conabimur.
3439 4844 3816 4912 ostendereque
3833 4846 4010 4914 ipsum

2460 4950 2561 4988 non
2592 4942 2647 4986 ut
2671 4941 2926 4986 everteret
2954 4946 3132 4985 eorum
3163 4931 3509 4999 suspicionem
3538 4930 3651 4985 haec
3673 4932 3890 4997 dixisse,
3918 4934 4009 4987 sed

2457 5037 2515 5079 ut
2536 5039 2650 5077 eam
2677 5020 3066 5075 accuratissime
3094 5019 3326 5072 firmaret
3356 5034 3418 5072 ae
3446 5020 3717 5083 stabiliret,
3750 5022 4011 5089 uobisque

2459 5120 2820 5181 argumentum
2851 5108 3108 5176 prteberet
3127 5123 3233 5161 sua:
3258 5122 3376 5161 cum
3403 5108 3555 5161 Patre
3584 5110 4010 5178 propinquitatis,

2463 5198 2711 5255 naturalis
2737 5197 3146 5265 eonjunctionis,
3188 5204 3345 5263 atque
3386 5198 3699 5250 concordim.
3748 5198 3817 5251 Ita
3865 5201 4009 5253 enim

2464 5290 2582 5343 huic
2601 5289 2740 5342 dicto
2758 5286 2985 5347 confido,
3010 5294 3067 5338 ut
3094 5285 3183 5338 illo
3209 5287 3435 5340 maxime
3462 5286 3629 5339 dicam
3654 5287 4009 5343 demonstrari

2462 5380 2575 5447 ejus
2599 5392 2716 5430 cum
2748 5376 2900 5429 Patre
2936 5376 3377 5441 eonjunctionem,
3408 5385 3462 5428 et
3485 5377 3789 5432 substantia:
3827 5380 4011 5433 unita-

2465 5476 2587 5519 tem.
2620 5464 2797 5531 Neque
2824 5462 3199 5531 perturbemini
3221 5477 3284 5515 ex
3310 5463 3592 5516 ratiociniis
3617 5463 4009 5523 luereticorum.

2463 5557 2639 5625 Neque
2664 5556 2802 5609 enim
2823 5552 2977 5621 gladii
3008 5553 3058 5605 in
3087 5553 3248 5606 muris
3272 5552 3479 5620 depicti,
3509 5569 3678 5623 neque
3703 5555 3885 5619 hastae.
3920 5574 4011 5611 ne-

2464 5662 2565 5715 que
2591 5644 2784 5713 spicula
2806 5642 2982 5696 hostes
3003 5642 3211 5695 turbare
3239 5650 3469 5709 possent,
3497 5651 3701 5698 torvum
3727 5656 3783 5701 et
3805 5648 4010 5703 terribi—
