4144 6308
701 361 806 414 251

700 468 841 535 ipsos
875 462 1184 532 implicatis,
1228 475 1289 514 ac
1331 461 1660 516 mendacium
1707 463 1938 531 seipsum
1982 462 2248 531 coarguit?

767 555 918 610 Aliud
946 563 1288 624 argumentum
1325 562 1497 604 contra
1542 551 1822 606 Anommos.
1874 552 1985 616 Quo
2024 554 2076 605 in
2119 563 2254 606 statu

698 649 828 701 orbis
849 647 996 716 fuerit
1023 655 1137 698 ante
1166 644 1347 697 Christi
1377 643 1783 696 incarnationem.
1814 673 1884 682 —
1908 643 2043 697 Ecce
2071 658 2251 698 eorum

697 739 852 792 allata
897 735 1342 804 interpretatione,
1386 733 1648 802 quomodo
1676 733 2251 802 demonstravi,ipsam

698 844 726 879 a
757 828 927 895 seipsa
957 826 1157 895 impeti.
1185 823 1286 878 Sed
1314 833 1366 878 et
1393 824 1516 876 illud
1541 823 1706 878 libens
1735 823 1903 878 adhuc
1928 838 2249 892 quarrerem:

697 920 825 986 Quis
872 933 1080 973 carnem
1131 926 1360 970 nostram
1409 917 1708 984 assumpsit,
1757 925 1809 969 et
1857 917 1908 969 in
1948 917 2252 985 virginalem

698 1013 900 1064 vulvam
927 1009 1526 1064 descendit?Paternean
1550 1007 1847 1061 Filius?dic
1874 1007 2020 1060 mihi.
2046 1007 2250 1072 Nonne,

698 1112 755 1155 nt
783 1102 1021 1155 omnibus
1043 1101 1210 1168 palam
1239 1110 1336 1163 est,
1378 1101 1674 1169 unigenitus
1702 1100 1792 1152 Dei
1821 1097 2016 1152 Filius?
2047 1099 2250 1152 Etenim

699 1193 887 1245 Paulus
914 1193 987 1245 sic
1013 1184 1085 1245 ait
1115 1209 1126 1244 :
1162 1210 1180 1242 ‹
1218 1191 1329 1245 Iloc
1361 1197 1548 1244 sentite
1597 1190 1646 1243 in
1689 1189 1868 1249 vobis,
1912 1185 2048 1256 quod
2097 1196 2150 1239 et
2202 1187 2250 1238 in

697 1284 905 1336 Christo
950 1281 1095 1345 Jesu,
1127 1282 1214 1351 qui
1243 1297 1360 1335 cum
1398 1281 1447 1335 in
1479 1281 1640 1334 forma
1670 1280 1759 1332 Dei
1791 1288 1948 1338 esset,
1983 1293 2086 1331 non
2115 1278 2252 1345 rapi-

698 1389 817 1426 nam
843 1374 1124 1427 arbitratus
1143 1382 1222 1426 est
1245 1387 1360 1426 esse
1384 1387 1442 1426 se
1473 1371 1724 1440 :cqualem
1759 1369 1896 1432 Deo;
1943 1368 2032 1422 sed
2055 1377 2250 1421 semet-

698 1465 865 1531 ipsum
892 1464 1175 1517 exinauivit
1199 1462 1415 1516 formam
1446 1463 1581 1517 servi
1606 1460 1866 1529 accipiens
1895 1479 1912 1510 ι
1948 1458 2170 1527 (Philip.
2193 1457 2247 1510 2.

697 1556 870 1625 5-7).
904 1555 986 1618 Ει,
1024 1574 1042 1605 ι
1073 1554 1208 1607 Misit
1228 1555 1366 1607 Deus
1388 1553 1572 1605 Filium
1605 1567 1753 1605 suum
1783 1551 2124 1620 unigenitum,
2175 1548 2252 1602 fa-

695 1655 834 1698 ctum
884 1661 948 1698 ex
992 1643 1227 1706 muliere,
1272 1642 1462 1696 factum
1509 1641 1606 1695 sub
1658 1642 1770 1710 lege
1804 1660 1821 1693 ι
1875 1639 2028 1711 (Gal.
2076 1636 2244 1704 4.4).

695 1735 977 1802 Omnisque
1001 1735 1286 1803 Scriptura,
1317 1743 1425 1787 tum
1450 1742 1600 1787 vetus
1629 1743 1735 1785 tum
1764 1747 1917 1796 nova,
1953 1727 2250 1798 hujusmodi

696 1825 1009 1878 testimoniis
1033 1825 1184 1893 plena
1219 1833 1320 1888 est,
1349 1825 1566 1894 ipsaque
1594 1839 1750 1891 Opera
1779 1824 2027 1885 clamant,
2060 1821 2250 1890 Unige—

696 1917 863 1968 nilum
904 1916 1229 1968 incarnatum
1270 1929 1408 1979 esse,
1462 1929 1565 1967 non
1594 1914 1818 1967 Patrem.
1874 1912 2059 1967 Utrum
2095 1911 2250 1980 igitur

693 2007 878 2070 Filius,
911 2011 1024 2060 viso
1051 2007 1201 2060 Patre
1219 2007 1484 2060 incarnalo
1506 2007 1802 2058 incarnatus
1829 2015 1881 2059 et
1907 2005 2018 2073 ipse
2037 2003 2243 2072 est?(a)

697 2095 717 2168 [
747 2098 923 2167 Neque
949 2099 1086 2152 enim
1119 2099 1416 2151 incarnatus
1444 2097 1665 2168 fuisset],
1706 2097 1806 2150 nisi
1835 2097 2047 2150 vidisset
2079 2097 2247 2165 ipsum

693 2189 1015 2240 incarnatmn
1049 2205 1060 2240 :
1089 2189 1343 2256 siquidem
1367 2185 1481 2239 Non
1510 2196 1713 2256 potesta
1734 2188 1894 2254 seipse
1920 2187 2082 2254 facere
2107 2186 2250 2252 quid-

692 2294 862 2343 quam,
893 2278 990 2330 nisi
1013 2278 1186 2330 viderit
1227 2277 1428 2329 Patrem
1457 2277 1736 2346 facientem.
1783 2275 2123 2342 Quandonnm
2151 2275 2248 2329 hoc

694 2366 902 2419 Patrem
941 2367 1216 2420 facientem
1262 2367 1467 2433 viderit,
1524 2368 1700 2422 dicere
1752 2383 1855 2420 non
1906 2367 2091 2436 possis.
2140 2367 2248 2420 Nec

692 2470 818 2508 vero
865 2466 1013 2524 putes
1057 2470 1271 2524 parvum
1325 2455 1375 2508 id
1429 2470 1564 2520 esse,
1605 2456 1742 2523 quod
1774 2456 1963 2509 factum
1993 2465 2089 2510 est.
2117 2456 2246 2511 Nam

689 2557 844 2615 caput
868 2548 1046 2602 salutis
1075 2558 1264 2601 nostrae
1300 2547 1585 2601 incarnatio
1615 2546 1874 2616 Unigeniti
1905 2556 2003 2612 est,
2036 2556 2088 2601 et
2135 2548 2247 2615 ejus

690 2640 754 2691 ad
786 2655 880 2692 nos
905 2654 1066 2708 usque
1093 2639 1356 2693 demissio.
1402 2643 1692 2708 Antequam
1725 2641 1860 2693 enim
1888 2639 2045 2693 homo
2077 2641 2244 2703 fieret,

691 2732 885 2784 malitia
911 2731 1237 2801 tyrannidem
1262 2731 1556 2797 exercebat,
1595 2740 1648 2784 et
1693 2731 2094 2799 profundissima
2143 2747 2245 2784 nox

691 2823 862 2875 omnia
889 2822 1193 2890 occupabat,
1219 2831 1374 2890 atque
1405 2822 1595 2890 ubique
1638 2836 1742 2875 ara:
1769 2831 1820 2875 et
1861 2823 2050 2890 templa
2084 2821 2248 2875 idolo-

691 2930 828 2979 rum,
857 2913 1026 2975 nidor,
1062 2912 1233 2966 fumus
1262 2923 1315 2966 et
1360 2922 1619 2966 torrentes
1642 2912 1927 2981 sanguinis,
1961 2927 2061 2965 non
2092 2912 2246 2966 modo

690 3004 862 3055 ovium
887 3003 1167 3070 boumque,
1200 3002 1292 3056 sed
1327 3002 1480 3054 etiam
1506 3003 1796 3054 hominum.
1821 3002 1947 3055 Nam
1973 3003 2246 3068 Sacriﬁca-

690 3101 864 3145 reruut
893 3093 1022 3159 ﬁlios
1043 3109 1158 3143 suos
1201 3101 1248 3145 et
1292 3093 1425 3160 ﬁlias
1467 3108 1581 3144 suas
1611 3092 1865 3144 dwmouiis
1909 3093 1925 3159 (
1954 3091 2090 3145 Psal.
2124 3095 2244 3146 105.

688 3182 798 3252 57)
832 3200 843 3234 :
877 3193 924 3236 et
953 3182 1064 3236 haec
1090 3183 1324 3251 populus,
1367 3185 1453 3252 qui
1499 3184 1779 3253 prophetas
1819 3184 2042 3238 habebat
2091 3193 2247 3251 atque

691 3273 877 3341 legem,
910 3273 996 3341 qui
1029 3273 1116 3326 Dei
1148 3273 1260 3325 visu
1301 3272 1588 3337 fruebatur,
1634 3275 1720 3342 qui
1775 3275 1824 3326 in
1867 3283 1942 3326 tot
1984 3275 2245 3328 miraculis

689 3367 968 3419 immtrilus
1016 3374 1144 3418 erat.
1201 3365 1348 3430 Quod
1391 3367 1431 3417 si
1477 3364 1527 3417 hi
1557 3365 1682 3418 tales
1709 3375 1876 3429 erant,
1919 3367 2083 3434 cogita
2118 3382 2247 3434 quo-

689 3459 844 3510 modo
874 3459 1087 3526 reliqua:
1131 3458 1272 3511 orbis
1303 3468 1473 3526 partes
1501 3456 1699 3511 affectae
1727 3457 1939 3522 fuerint,
1989 3472 2015 3508 a
2046 3457 2244 3509 dzemo-

691 3548 843 3600 nibus
867 3549 1157 3614 exagitabo,
1209 3548 1306 3598 sub
1338 3549 1578 3614 nequitia:
1611 3547 1935 3614 tyrannidem
1989 3546 2243 3611 redacto,

689 3640 847 3696 animi
877 3638 1071 3690 morbis
1095 3637 1335 3690 omnibus
1356 3638 1622 3705 subjecttc,
1650 3638 1782 3705 ligna
1814 3639 2063 3702 colentes,
2113 3641 2244 3706 lapi-

689 3728 781 3781 des
810 3729 1108 3789 adorantes,
1135 3737 1357 3791 mootes,
1385 3729 1565 3791 colles,
1599 3729 1780 3792 saltus,
1813 3730 2046 3792 arbores,
2081 3731 2244 3797 lacus,

691 3820 878 3882 fontes,
910 3820 1115 3872 ﬂuvios.
1162 3820 1356 3887 Ecquid
1386 3829 1574 3873 cmtera
1602 3823 2115 3875 commcmoremus?
2164 3823 2244 3876 Ex

693 3908 995 3962 Judarorum
1021 3910 1159 3962 enim
1187 3910 1335 3961 malis
1362 3920 1550 3976 quanta
1569 3921 1744 3964 essent
1776 3912 1994 3964 aliorum
2017 3911 2245 3967 facinora

692 4000 869 4053 videre
898 4012 997 4054 eSt.
1039 4019 1055 4049 ι
1094 4000 1221 4067 Equi
1268 3999 1498 4053 furentes
1544 4001 1594 4052 in
1640 4000 1857 4053 feminas
1881 4012 2048 4067 erant,
2083 4020 2245 4058 unus-

690 4090 906 4159 quisque
924 4091 986 4142 ad
1012 4105 1226 4143 uxorem
1253 4091 1470 4157 proximi
1493 4090 1573 4142 sui
1598 4089 1861 4144 hinniebat
1883 4109 1900 4141 ι
1920 4090 2056 4162 (Jer.
2080 4094 2130 4147 5.
2153 4094 2243 4163 8).

700 4201 716 4230 ι
741 4181 998 4248 Cognovit
1022 4181 1115 4233 bos
1149 4194 1503 4249 possessorem
1534 4196 1704 4244 suum,
1734 4191 1784 4234 et
1811 4183 1986 4236 asinus
2016 4199 2247 4252 prmsepe

692 4272 890 4325 domini
921 4271 1021 4336 sui,
1051 4271 1208 4325 Israel
1231 4280 1402 4324 autem
1432 4288 1514 4326 me
1541 4288 1640 4325 non
1667 4275 1906 4341 cognovit
1942 4293 1958 4323 ι
1988 4273 2145 4344 (Ιδαί.
2193 4278 2243 4329 1.

693 4366 768 4432 5).
793 4383 810 4413 ι
835 4364 1005 4416 Canes
1031 4363 1180 4426 muti,
1203 4362 1290 4430 qui
1313 4377 1413 4416 non
1429 4371 1706 4432 potuerunt
1728 4364 1918 4417 latrare
1940 4381 1957 4414 ι
1983 4363 2129 4434 (lsai.
2155 4365 2243 4419 56.

696 4456 762 4509 10
791 4456 828 4523 ).
857 4475 874 4506 ι
915 4455 1098 4508 Facies
1129 4455 1417 4508 meretricis
1460 4455 1595 4508 facta
1618 4464 1697 4508 est
1725 4455 1836 4519 tibi,
1886 4457 2021 4522 apud
2066 4472 2247 4510 omnes

695 4545 1023 4613 impudenter
1043 4545 1233 4612 agebas
1262 4563 1280 4594 ι
1315 4544 1455 4615 (Jer.
1487 4545 1537 4598 5.
1564 4546 1650 4613 5).
1687 4563 1708 4595 ι
1731 4545 1840 4598 Non
1859 4547 2247 4615 estintelligens

692 4644 777 4686 aut
828 4635 1097 4702 requirens
1143 4634 1301 4687 Deum
1337 4653 1349 4688 ε
1388 4650 1570 4688 omnes
1617 4635 2026 4701 declinaverunt,
2093 4639 2246 4691 simul

695 4727 902 4777 inutiles
931 4725 1048 4778 facti
1079 4735 1200 4779 sunt
1231 4745 1248 4776 ι
1282 4726 1468 4797 (Psal.
1503 4729 1584 4781 15.
1617 4727 1670 4781 2.
1696 4730 1781 4795 5).
1819 4729 2043 4782 Rursum
2067 4729 2199 4782 alius
2231 4749 2245 4786 :

699 4834 717 4864 ί
759 4815 968 4868 Frustra
1001 4817 1321 4884 argentarius
1351 4827 1620 4887 argentum
1647 4818 1837 4872 confiat
1866 4839 1879 4873 :
1921 4821 2130 4872 malitiae
2155 4835 2248 4874 eo-

695 4922 810 4960 rum
869 4923 970 4960 non
1017 4917 1136 4962 sunt
1189 4921 1509 4978 consumpta:
1547 4931 1562 4962 ι
1604 4910 1744 4981 (Jer.
1793 4912 1846 4967 6.
1879 4912 2004 4982 29).
2057 4911 2250 4967 lterum

694 4999 868 5051 alius:
907 5019 920 5046 ι
961 4998 1279 5062 Exsecratio,
1330 5011 1383 5054 et
1426 5002 1774 5067 mendacium,
1832 5012 1886 5056 et
1930 5003 2144 5068 furtum,
2198 5014 2251 5060 et

693 5087 865 5140 credes
886 5128 898 5146 ,
926 5097 978 5140 et
1011 5087 1318 5141 adulterium
1351 5091 1509 5144 effusa
1557 5101 1678 5144 sunt
1724 5107 1883 5160 super
1925 5101 2113 5146 terram
2140 5134 2153 5157 ,
2198 5101 2251 5148 et

693 5176 996 5243 sanguinem
1026 5177 1074 5228 in
1106 5178 1358 5245 sanguine
1396 5181 1614 5233 miscent
1645 5200 1662 5231 ι
1713 5182 1879 5250 (Osee
1917 5184 1967 5236 4.
1991 5183 2080 5251 2).
2115 5183 2252 5236 Rur-

694 5281 808 5316 sum
866 5266 997 5318 alius
1031 5285 1042 5319 :
1079 5268 1172 5322 «Si
1208 5270 1690 5340 nmtabitEtbiops
1745 5273 1928 5340 pellem
1982 5289 2149 5338 suam,
2197 5283 2252 5327 et

697 5356 887 5422 pardus
928 5359 1160 5411 maculas
1190 5375 1330 5425 suas,
1355 5370 1406 5414 et
1429 5363 1649 5429 populus
1680 5365 1760 5416 hic
1791 5366 1981 5432 poterit
2001 5365 2250 5432 judicium

694 5449 882 5514 facere,
899 5451 1269 5505 cumdidicerit
1286 5453 1415 5506 mala
1439 5473 1456 5505 ι
1481 5453 1613 5522 (Jer.
1632 5456 1714 5508 15.
1733 5455 1846 5526 25).
1867 5457 2010 5510 Alius
2030 5458 2211 5509 iterum
2235 5473 2248 5509 :

754 5622 1049 5699 (ru)_t:nclms
1064 5625 1251 5699 inclusa
1277 5640 1339 5675 ex
1362 5632 1635 5691 cenjcclura
1654 5633 1932 5692 adjiciuntur
1951 5649 1962 5686 ;
1982 5635 2056 5683 his
2078 5638 2254 5699 quippe

691 5683 897 5742 tlomptis
922 5701 1009 5731 non
1036 5695 1119 5733 stat
1149 5702 1255 5735 scus
1267 5703 1336 5737 us.

1406 347 1462 401 S.
1495 347 1767 403 JOANNIS
1802 347 2273 405 CHRYSOSTOMI
2301 348 2612 405 ARCHIEP.
2651 347 3175 406 CONSTANTINOP.

3824 369 3941 423 252

2365 477 2383 510 ι
2424 461 2511 513 Va:
2538 460 2684 527 mihi,
2707 476 2739 514 ο
2768 463 2962 528 anima,
3000 462 3118 530 quia
3147 460 3296 530 periit
3325 460 3437 529 pius
3465 459 3532 513 de
3563 467 3723 523 terra,
3747 471 3800 514 et
3829 464 3920 530 qui

2359 560 2501 606 recte
2530 551 2682 606 faciat
2699 553 2748 605 in
2767 552 3062 607 hominibus
3082 567 3184 606 non
3206 563 3285 606 est
3304 571 3315 603 :
3335 566 3517 606 euntes
3539 552 3588 604 in
3605 554 3918 619 sangn'mem

2353 641 2588 710 judicant
2617 661 2635 693 ι
2670 642 2690 712 (
2707 641 2862 695 Mich.
2895 644 2947 696 7.
2976 643 3066 712 2).
3097 643 3234 696 Deus
3260 644 3446 696 iterum
3474 660 3486 695 :
3517 660 3536 694 ι
3571 642 3706 695 0dio
3733 643 3919 702 habm,

2362 734 2528 802 rcpuli
2555 732 2865 789 festivitates
2910 744 3130 798 vestras,
3171 742 3226 788 et
3271 750 3374 788 non
3418 732 3681 788 odorabor
3715 732 3920 786 hostias

2359 823 2410 876 in
2438 825 2781 881 conventibus
2809 826 2994 880 vestris
3023 844 3041 876 ι
3072 825 3259 894 (Amos
3289 825 3341 879 5.
3369 824 3429 877 21
3457 823 3496 892 ).
3527 823 3668 877 Elias
3698 831 3874 876 autem
3904 840 3919 875 :

2364 932 2381 964 ι
2417 915 2610 968 Altaria
2640 925 2723 969 tua
2742 916 3126 979 subverterunt,
3155 925 3206 969 et
3241 915 3520 984 prophetas
3563 922 3679 968 tuos
3701 914 3920 968 occide-

2357 1013 2506 1063 runt;
2539 1012 2589 1055 et
2607 1019 2706 1071 ego
2744 1005 2958 1058 relictus
2979 1019 3093 1058 sum
3119 1005 3279 1067 solus,
3324 1013 3377 1057 et
3417 1012 3658 1072 quazrunt
3684 1003 3919 1056 animam

2357 1107 2524 1143 meam
2562 1111 2580 1143 ι
2617 1095 2703 1159 (5.
2737 1095 2861 1164 Reg.
2893 1095 2977 1150 19.
3015 1094 3136 1166 10).
3188 1095 3411 1148 Rursum
3445 1095 3616 1148 Deus:
3649 1111 3668 1143 ι
3705 1093 3921 1161 Reliqui

2355 1179 2566 1233 domum
2591 1197 2780 1249 meam,
2822 1184 2994 1237 dimisi
3027 1183 3367 1238 hereditatem
3396 1198 3586 1247 meam,
3615 1183 3734 1237 dedi
3779 1182 3919 1237 dile-

2356 1278 2491 1320 ctam
2513 1272 2738 1324 animam
2754 1289 2921 1326 meam
2941 1273 2992 1326 in
3017 1288 3200 1327 manus
3226 1274 3550 1325 inimicorum
3578 1272 3690 1339 ejus
3715 1291 3733 1323 ι
3765 1274 3916 1340 (Jer.

2359 1357 2441 1408 12.
2476 1358 2564 1424 7).
2621 1360 2782 1414 David
2825 1363 3009 1415 iterum
3044 1378 3058 1415 :
3110 1381 3127 1412 ‹
3153 1361 3557 1416 lmmolaverunt
3603 1362 3739 1416 filios
3784 1377 3920 1415 suos

2356 1455 2408 1498 et
2437 1447 2568 1500 tilias
2609 1463 2728 1502 suas
2753 1450 3044 1518 darmoniis,
3070 1461 3120 1504 et
3160 1452 3454 1506 eﬂ‘uderunt
3477 1452 3784 1520 sanguinem
3825 1454 3919 1505 in-

2356 1546 2658 1604 nocentem,
2709 1543 3011 1609 sanguinem
3051 1542 3270 1596 filiorum
3312 1557 3525 1597 suorum
3557 1542 3850 1597 etfiliarum
3885 1563 3913 1595 ο

2356 1626 2530 1694 (Ρεαι.
2557 1628 2676 1682 106.
2704 1631 2790 1682 57.
2810 1631 2875 1683 58
2893 1633 2932 1700 ).

2428 1717 2479 1768 4.
2511 1716 2751 1770 Vidistin‘
2787 1719 2999 1772 malitiae
3029 1721 3394 1790 tyrannidem?
3422 1719 3595 1774 Canes
3624 1719 3832 1775 fuerunt
3859 1733 3922 1776 ct

2355 1809 2494 1876 equi.
2525 1817 2578 1863 et
2597 1811 2756 1862 asinis
2788 1811 3121 1879 stupidiores,
3160 1812 3426 1879 bobusque
3471 1812 3916 1876 insensibiliores,

2355 1895 2409 1949 in
2439 1897 2704 1966 ipsamque
2731 1910 2966 1952 naturam
3007 1901 3345 1954 insanierunt.
3369 1900 3472 1955 Sed
3520 1913 3639 1970 post
3667 1902 3918 1955 incarna-

2357 1987 2550 2040 tionem
2577 1989 2768 2042 Christi
2794 1991 2916 2059 quid
2942 1991 3015 2044 ait
3038 1992 3302 2060 Scriptura
3325 1993 3347 2044 ?
3372 1992 3526 2044 Pater
3546 2003 3733 2058 noster,
3755 1994 3839 2062 qui
3859 2011 3920 2046 es

2353 2078 2404 2130 in
2426 2081 2558 2131 cazlis
2599 2080 2822 2148 (Matth.
2854 2083 2904 2134 6.
2936 2082 3028 2151 9).
3078 2083 3310 2136 Antehac
3347 2083 3551 2136 dicebat
3584 2083 3848 2152 Scriptura
3897 2102 3914 2135 :

2367 2169 2500 2221 Vade
2518 2171 2584 2220 ad
2604 2172 2881 2238 formicam,
2908 2173 3046 2242 piger
3070 2172 3087 2241 (
3112 2171 3262 2224 Prov.
3302 2175 3352 2226 6.
3382 2172 3484 2242 6);
3512 2183 3631 2242 post
3651 2175 3766 2226 habe
3787 2189 3920 2227 vero

2353 2260 2508 2312 etiam
2539 2259 2822 2329 adoptione
2861 2261 3054 2330 dignati
3105 2276 3303 2323 smnus,
3350 2273 3403 2315 et
3447 2263 3576 2315 caelo
3627 2263 3918 2331 adscripti,

2352 2365 2468 2405 cum
2492 2352 2690 2419 angelis
2709 2351 2897 2405 choros
2926 2354 3144 2421 agimus,
3173 2362 3224 2405 ct
3255 2355 3484 2422 ipsorum
3526 2362 3713 2407 cantus
3755 2355 3920 2422 parti-

2351 2442 2494 2510 cipes
2520 2457 2717 2506 sumus,
2741 2457 2801 2496 ac
2831 2458 2948 2497 cum
2981 2443 3299 2511 incorporcis
3323 2445 3667 2512 potestatibus
3696 2459 3922 2498 concer-

2352 2542 2544 2585 tamus.
2572 2533 2768 2587 Sublati
2798 2543 2918 2587 sunt
2951 2536 3132 2598 colles,
3163 2535 3332 2587 diruta
3361 2544 3482 2588 sunt
3513 2537 3729 2603 templa.
3760 2536 3920 2602 Lapis

2353 2635 2470 2675 esse
2495 2621 2625 2690 lapis
2649 2623 2786 2676 visus
2812 2631 2908 2686 est,
2940 2632 2992 2676 et
3021 2624 3215 2692 lignum
3244 2639 3362 2678 esse
3393 2625 3585 2692 lignum
3612 2625 3921 2694 deprehen-

2353 2727 2466 2765 sum
2507 2721 2620 2777 est,
2672 2714 2991 2783 arboresque
3029 2715 3274 2779 arbores;
3326 2716 3493 2769 fontes
3542 2717 3667 2770 item
3719 2717 3914 2771 fontes.

2352 2802 2480 2868 Quia
2512 2806 2648 2857 enim
2698 2804 2788 2858 Sol
2833 2805 3048 2873 justitia:
3093 2807 3259 2861 illuxit
3305 2808 3470 2877 (Mal.
3502 2809 3556 2862 4.
3591 2809 3682 2878 2),
3735 2826 3915 2864 rerum

2350 2894 2578 2948 ostendit
2603 2905 2862 2962 naturam,
2887 2913 3039 2965 quam
3062 2900 3202 2966 prius
3227 2900 3604 2954 obtenebrabat
3628 2917 3732 2954 nox
3760 2917 3915 2956 erro-

2352 2986 2444 3050 ris,
2494 2995 2546 3039 ct
2572 2987 2876 3055 ignorantiae
2905 2989 3156 3056 profunda
3207 2992 3408 3059 caligo,
3454 3008 3571 3060 qua:
3612 3008 3796 3046 eorum
3823 2997 3915 3063 qui

2351 3075 2552 3144 decepti
2582 3087 2734 3130 erant
2784 3078 2964 3131 oculos
2991 3078 3295 3133 oll‘uscabat.
3334 3080 3434 3134 Sed
3466 3089 3745 3149 postquam
3777 3082 3913 3136 den-

2352 3181 2463 3220 sam
2493 3167 2688 3221 erroris
2715 3168 2903 3223 nubem
2950 3169 3088 3224 Solis
3113 3169 3327 3238 justitim
3373 3172 3553 3225 radius
3605 3172 3912 3240 dissipavit,

2351 3259 2541 3326 ubique
2567 3258 2652 3312 lux
2678 3271 2758 3312 est
2781 3260 2987 3324 etdies,
3029 3261 3133 3313 imo
3161 3261 3428 3329 splendida
3466 3263 3778 3332 stabilisque
3825 3265 3913 3317 lux

2353 3349 2659 3401 meridiana.
2707 3349 2882 3402 Persa:
2918 3351 3096 3416 etiam,
3128 3352 3214 3420 qui
3250 3363 3441 3406 matres
3488 3368 3613 3406 suas
3642 3355 3695 3407 in
3721 3370 3916 3408 uxores

2350 3441 2643 3507 ducebant,
2699 3443 3043 3510 virginitatem
3089 3457 3226 3496 nunc
3268 3456 3532 3497 exercent.
3582 3445 3647 3498 Et
3675 3447 3764 3514 qui
3792 3458 3916 3499 ante

2352 3532 2486 3585 filios
2508 3548 2631 3586 suos
2659 3536 2806 3602 quasi
2827 3549 2927 3588 non
2957 3545 3296 3603 agnoscentes
3322 3538 3640 3599 mactabant,
3675 3542 3912 3592 omnium

2351 3624 2752 3676 mansuetissimi
2785 3634 2838 3676 et
2884 3625 3143 3679 mitissimi
3185 3637 3323 3677 sunt.
3358 3627 3484 3695 Lupi
3515 3630 3692 3681 ovium
3749 3631 3916 3683 instar

2352 3713 2608 3765 mansueti
2657 3721 2964 3777 evaserunt;
3011 3714 3115 3767 imo
3164 3715 3319 3767 etiam
3371 3716 3402 3766 ii
3453 3716 3543 3784 qui
3592 3716 3732 3786 lupis
3788 3719 3915 3788 ipsis

2352 3802 2685 3856 humaniores
2715 3813 2881 3858 erant.
2915 3804 3088 3874 Lupus
3115 3807 3252 3859 enim
3294 3815 3531 3861 naturam
3556 3824 3659 3862 non
3685 3811 3911 3879 ignorat,

2351 3893 2441 3946 sed
2464 3894 2696 3960 agnoscit
2725 3893 2886 3947 fetum
2922 3915 2935 3948 :
2969 3895 3208 3950 homines
3229 3907 3398 3950 autem
3437 3901 3596 3952 etiam
3637 3901 3744 3955 illis
3773 3901 3912 3956 fero-

2349 3985 2521 4038 ciores
2547 3994 2714 4037 erant.
2741 3985 2843 4038 Sed
2885 3996 3002 4054 post
3039 3987 3447 4043 incarnationem
3475 3989 3743 4061 Unigeniti
3775 3995 3915 4063 ejus-

2352 4088 2453 4141 que
2482 4074 2942 4141 dispensationem,
2970 4076 3134 4143 ejecta
3177 4077 3400 4144 feritate,
3443 4080 3506 4133 ad
3539 4083 3773 4148 priorem
3825 4101 3911 4139 re-

2353 4163 2488 4214 vcrsi
2518 4164 2988 4217 suntnobilitatem
3015 4181 3029 4229 ;
3058 4165 3166 4220 imo
3212 4168 3276 4220 ad
3324 4170 3614 4237 angelicam
3665 4174 3911 4229 virtutem

2353 4252 2516 4305 evecti
2540 4263 2677 4306 sunt.
2706 4251 2770 4304 Et
2796 4253 3015 4307 antehac
3039 4255 3192 4309 urbes
3222 4257 3429 4324 quidem
3461 4269 3614 4312 erant
3640 4262 3912 4330 impietate

2353 4341 2521 4409 plena:
2572 4360 2584 4394 :
2634 4341 2787 4396 hodie
2828 4353 3000 4397 autem
3028 4345 3182 4398 etiam
3223 4347 3446 4400 solitudo
3473 4349 3910 4419 philosophatur,

2353 4445 2556 4483 necnon
2584 4432 2782 4499 tuguria
2814 4433 3188 4487 monachorum
3217 4435 3265 4488 in
3294 4439 3557 4490 montibus
3585 4448 3640 4492 et
3667 4443 3909 4507 saltibus,

2354 4521 2662 4574 imitantium
2711 4522 2871 4589 ipsam
2911 4524 3214 4591 angelorum
3249 4527 3426 4593 vitam,
3457 4538 3740 4598 postquam
3780 4549 3913 4602 pra:—

2352 4621 2547 4664 scntem
2575 4623 2846 4665 exuerunt.
2876 4613 2939 4665 At
2981 4612 3104 4681 quid
3131 4629 3262 4683 opus
3303 4627 3382 4670 est
3437 4619 3717 4674 verborum
3749 4639 3913 4692 appa-

2353 4711 2490 4766 ratu,
2518 4717 2635 4756 cum
2668 4718 2753 4755 res
2785 4703 2910 4770 ipsa:
2947 4703 3245 4770 loquantur,
3273 4716 3325 4760 et
3353 4708 3462 4761 sole
3490 4709 3686 4764 clarius
3731 4725 3910 4767 osten-

2353 4793 2479 4846 dant
2508 4793 2780 4856 beneficia,
2805 4809 2919 4862 quae
2949 4805 3063 4862 post
3098 4796 3456 4850 admirandum
3503 4799 3648 4853 illum
3704 4815 3758 4857 et
3809 4805 3915 4870 spi-

2354 4883 2593 4936 ritualem
2638 4884 2851 4951 virginis
2900 4895 3104 4952 partum
3131 4927 3145 4948 ,
3199 4903 3260 4940 ac
3307 4898 3423 4956 post
3466 4889 3911 4958 dispensationem

2357 4972 2887 5042 incarnationemque,
2911 4983 3075 5027 totum
3096 4977 3272 5030 orbem
3296 4981 3651 5047 occuparunt?
3672 4987 3912 5039 Attamen

2357 5071 2552 5115 tantum
2585 5070 2791 5130 tamque
2820 5065 3124 5131 prmclarum
3156 5081 3286 5134 opus
3307 5085 3334 5120 a
3362 5069 3533 5137 seipso
3586 5071 3730 5129 facit.
3780 5076 3912 5143 quod

2356 5159 2406 5203 et
2431 5151 2618 5203 clamat
2648 5152 2834 5205 Paulus
2863 5153 3042 5207 dicens
3070 5172 3082 5206 :
3116 5156 3211 5220 Qui
3235 5174 3344 5208 cum
3367 5160 3415 5209 in
3438 5163 3598 5227 {arma
3637 5161 3738 5214 Dei
3772 5175 3912 5228 esset,

2357 5257 2454 5293 non
2492 5243 2719 5309 rapinam
2753 5243 3020 5296 arbitratus
3055 5255 3128 5298 est
3173 5263 3276 5299 esse
3307 5264 3358 5299 se
3395 5251 3633 5316 (aqualem
3679 5252 3803 5317 Dea,
3832 5257 3916 5306 sed

2357 5331 2672 5397 semetipsum
2692 5331 2978 5396 exinanivit,
3006 5333 3220 5401 formam
3249 5339 3376 5388 servi
3401 5340 3648 5408 accipiens
3679 5343 3696 5409 (
3723 5342 3914 5411 Philip.

2357 5419 2406 5471 2.
2438 5420 2489 5471 6.
2520 5419 2607 5485 7).
2634 5418 2817 5485 Audis,
2845 5419 3106 5486 hmreticc,
3133 5423 3268 5491 quod
3287 5426 3512 5500 seipsum
3530 5429 3920 5486 exinaniverit?

2359 5512 2434 5564 Ac
2460 5525 2640 5564 rursus
2663 5511 2780 5564 alibi
2809 5529 2819 5563 :
2868 5530 2886 5562 ι
2924 5513 3069 5568 Sicut
3096 5523 3148 5568 ct
3196 5514 3434 5569 Christus
3487 5517 3676 5574 dilexit
3721 5537 3837 5587 nos,
3869 5536 3919 5578 et

2361 5599 2570 5652 tradidit
2597 5600 2933 5668 semetipsum
2970 5617 3063 5669 pro
3093 5603 3239 5655 nobis
3265 5604 3582 5660 oblationem
3615 5619 3668 5662 et
3695 5610 3915 5666 hostiam

2366 5689 2470 5742 Deo
2496 5689 2544 5742 in
2572 5689 2782 5743 odorem
2813 5689 3080 5744 suavitatis
3117 5710 3134 5742 ι
3171 5691 3387 5763 (Ep/tes.
3419 5695 3472 5749 5.
3499 5695 3592 5767 2).
3623 5699 3724 5765 Qui
3760 5703 3914 5757 etiam
