4144 6308
234 327 350 381 253

232 437 261 473 a
283 428 463 490 seipso
497 421 780 476 cruciﬁxus
803 431 853 476 et
881 438 910 475 a
940 423 1114 492 seipso
1142 422 1437 477 immolatus
1467 432 1547 476 est
1576 439 1587 475 :
1622 438 1807 491 quam-

231 513 418 564 obrem
442 512 551 578 ipse
569 510 775 565 dicebat
805 528 817 563 :
848 529 865 561 t
896 512 1214 565 Potestatem
1248 512 1414 565 habeo
1446 512 1670 579 ponendi
1694 513 1805 565 ani-

229 619 373 657 mam
423 619 617 667 meam,
664 613 716 657 et
761 613 1071 671 potestatem
1115 603 1284 656 habeo
1326 604 1514 656 iterum
1566 603 1803 656 sumrndi

230 707 376 745 eam.
428 693 594 745 Nemo
639 692 774 746 tollit
811 706 926 746 eam
957 708 984 745 a
1025 708 1109 746 me
1143 709 1156 743 ε
1189 707 1286 760 ego
1314 707 1454 761 pono
1480 707 1593 746 eam
1634 708 1661 744 a
1690 709 1804 746 me-

229 781 349 849 ipso
382 800 402 832 ι
453 782 636 851 (Joan.
686 782 772 836 10.
805 782 869 836 18
892 782 931 851 ).
961 782 1094 848 Quid
1122 781 1207 835 hic
1235 782 1387 849 dicis,
1427 782 1690 847 lueretice,
1718 784 1803 852 qui

231 870 333 925 hoc
354 871 551 925 dictum
577 872 943 941 Evangelicum
994 873 1309 941 detorques,
1361 872 1526 926 Filius
1569 890 1599 925 a
1641 875 1804 941 seipso

228 962 359 1014 nihil
388 962 592 1029 potest?
618 962 750 1015 Ecce
780 963 890 1029 ipse
907 962 999 1026 ait,
1031 960 1139 1030 Ego
1164 978 1291 1029 pono
1312 977 1420 1013 eam
1461 978 1492 1012 a
1529 962 1733 1030 meipso,
1759 970 1802 1015 et

228 1068 434 1106 assumo
464 1071 575 1106 eam
604 1072 633 1106 a
654 1055 859 1123 meipso.
903 1052 1083 1122 Neque
1110 1068 1235 1106 vero
1265 1054 1409 1120 parvi
1447 1054 1695 1106 momenti
1722 1063 1803 1109 est

226 1144 331 1199 hoc
375 1145 597 1208 dictum,
634 1146 728 1199 sed
772 1146 1006 1198 maximi.
1061 1145 1135 1198 De
1176 1145 1330 1199 Patre
1372 1160 1579 1213 quoque
1604 1146 1800 1199 dictum

224 1240 325 1298 est,
354 1234 529 1301 ipsum
554 1233 747 1287 habere
772 1241 1081 1301 potestatem
1132 1234 1250 1286 vita:
1283 1242 1334 1285 et
1365 1234 1565 1285 mortis.
1618 1232 1801 1286 Viden’

222 1323 495 1390 quomodo
533 1325 583 1376 in
620 1325 748 1377 retia
777 1323 1193 1390 incidisti?Quid
1226 1324 1363 1377 enim
1386 1324 1451 1376 ad
1480 1324 1578 1378 hoc
1603 1324 1796 1377 dictum

223 1412 616 1479 respondebis?
641 1411 754 1482 Ego
776 1429 907 1480 pano
935 1430 1042 1466 eam
1076 1430 1105 1464 a
1132 1414 1338 1482 meipso,
1370 1422 1415 1466 et
1462 1430 1661 1466 assumo
1689 1430 1796 1465 eam

220 1519 253 1551 a
280 1503 491 1570 meipso.
516 1502 626 1567 Qua
654 1517 780 1571 ergo
808 1503 1011 1557 ratione
1040 1502 1214 1555 dixisti
1241 1502 1407 1570 ipsum
1438 1502 1567 1554 nihil
1627 1504 1796 1556 facere

219 1607 250 1645 a
272 1594 491 1660 seipso?
526 1592 738 1658 Verum,
772 1602 828 1645 ut
855 1592 1129 1656 dicebam,
1173 1593 1217 1645 si
1251 1593 1459 1661 quidem
1486 1592 1551 1645 ad
1584 1593 1795 1646 haereti-

219 1697 312 1736 cos
341 1683 498 1735 nobis
525 1697 700 1737 sermo
726 1691 886 1746 esset,
913 1682 1038 1750 ipsis
1075 1682 1126 1734 in
1150 1684 1416 1750 angustias
1465 1691 1517 1734 et
1566 1683 1615 1733 in
1664 1684 1793 1735 retia

218 1772 503 1840 conjectis,
554 1773 631 1825 sic
684 1772 1009 1836 resiliissem,
1060 1772 1185 1826 satis
1228 1771 1496 1839 splendida
1530 1782 1792 1840 reportata

218 1863 466 1927 victoria,
490 1871 540 1917 et
572 1862 759 1931 insigni
794 1870 972 1916 erecto
1020 1871 1241 1930 tropmo,
1274 1862 1605 1931 maximoque
1633 1864 1792 1917 allato
1822 1908 1829 1919 .

217 1967 406 2007 eorum
450 1953 669 2006 insania:
714 1962 1054 2021 argumento;
1082 1962 1131 2003 at
1161 1952 1277 2020 quia
1305 1968 1406 2004 non
1439 1953 1595 2006 modo
1625 1952 1790 2006 hosti-

220 2042 319 2095 bus
347 2055 409 2093 os
431 2040 711 2094 occludere
737 2042 858 2094 volo
879 2080 894 2105 ,
945 2041 1038 2095 scd
1082 2042 1238 2094 etiam
1269 2055 1377 2107 eos,
1404 2042 1488 2110 qui
1520 2043 1790 2097 nobiscum

218 2144 362 2197 aunt,
392 2132 685 2196 instituere,
717 2133 1053 2200 membraque
1084 2143 1263 2186 nostra
1309 2134 1539 2198 erudire,
1572 2149 1674 2186 non
1707 2134 1790 2188 hic

219 2224 381 2276 finem
415 2223 621 2277 dicendi
654 2224 859 2288 faciam,
893 2224 982 2277 sed
1013 2224 1235 2277 ulterius
1260 2225 1500 2293 progredi
1524 2227 1787 2291 conabor,

219 2313 363 2367 aliud
389 2313 565 2367 denuo
595 2328 726 2383 opus
750 2315 798 2366 in
827 2314 1055 2367 medium
1083 2313 1367 2379 adducens,
1395 2316 1534 2383 quod
1578 2326 1793 2369 contra-

220 2402 515 2456 dicentium
560 2402 935 2471 impudentiam
983 2413 1248 2472 coarguat.
1304 2402 1438 2467 Quid
1484 2404 1623 2457 enim
1673 2405 1789 2457 ait?

210 2492 381 2544 .Pater
401 2492 643 2545 neminem
656 2492 875 2560 judicat,
903 2493 989 2545 sed
1009 2509 1179 2546 onmes
1205 2492 1372 2546 Filius
1396 2493 1571 2563 (Joan.
1595 2495 1647 2547 5.
1668 2495 1784 2563 ἓξ).

287 2585 339 2636 5.
364 2583 524 2635 Aliud
553 2592 730 2633 contra
760 2582 1024 2635 Anomaeos
1052 2590 1435 2649 argumentum.
1463 2580 1654 2634 Christi
1686 2597 1782 2648 po-

218 2682 401 2725 testas.
436 2702 503 2710 —
547 2672 740 2735 Quaero
784 2672 942 2742 igitur
992 2674 1058 2726 ab
1100 2672 1352 2725 haeretico
1383 2689 1393 2722 :
1429 2669 1481 2722 Si
1514 2671 1786 2724 neminem

214 2765 427 2835 jndicat
469 2765 648 2825 Pater,
684 2766 777 2816 sed
806 2762 1220 2831 Filiusjudicat,
1254 2763 1521 2829 quomodo
1548 2762 1791 2830 judicat?

220 2854 277 2905 Si
315 2854 465 2906 enim
504 2869 610 2907 non
639 2860 817 2921 potest
856 2852 1035 2906 facere
1074 2852 1363 2921 quidquam
1391 2868 1420 2903 a
1460 2851 1655 2919 seipso,
1688 2851 1793 2903 nisi

217 2944 421 2996 viderit
461 2942 673 2995 Patrem
708 2942 1016 3003 facientem,
1041 2952 1093 2995 et
1131 2942 1286 2995 Pater
1314 2958 1420 2995 non
1453 2942 1677 3009 judicat,
1701 2940 1796 2993 sed

220 3034 341 3099 ipse
392 3046 581 3084 omnes
629 3032 855 3099 judicat,
906 3032 1175 3099 quomodo
1236 3032 1284 3083 id
1326 3032 1466 3098 quod
1509 3046 1617 3082 non
1664 3028 1796 3082 vidit

220 3124 405 3176 facere
447 3123 661 3191 potest?
706 3122 785 3175 Ne
831 3137 958 3173 vero
1001 3122 1103 3174 hoc
1148 3121 1337 3173 leviter
1372 3126 1792 3187 przelercurras;

220 3229 403 3281 neque
436 3215 581 3266 enim
620 3215 720 3267 hoc
759 3228 983 3281 parvum
1024 3221 1128 3275 est,
1159 3214 1249 3266 scd
1285 3213 1525 3265 maxima:
1559 3209 1791 3265 virtutis.

220 3303 412 3371 Cogita
451 3313 710 3371 quantum
747 3305 815 3357 sit
855 3319 1042 3356 omnes
1081 3305 1169 3373 qui
1208 3305 1273 3356 ab
1308 3303 1512 3356 Adamo
1550 3301 1615 3355 ad
1663 3316 1798 3354 con-

220 3394 642 3447 summationem
688 3411 855 3463 usque
896 3397 1075 3449 saeculi
1110 3395 1359 3457 vixerint,
1404 3392 1655 3463 gentiles,
1697 3391 1795 3446 Ju-

220 3484 393 3547 dzeos,
436 3485 744 3552 hazreticos,
776 3503 965 3541 omnes
991 3489 1248 3554 denique,
1277 3486 1366 3554 qui
1403 3486 1469 3537 ab
1500 3483 1795 3537 orthodoxa

220 3572 333 3624 ﬁde
395 3575 749 3641 aberrarunt,
811 3578 895 3629 illa
946 3578 1033 3632 die
1090 3577 1388 3637 adducere,
1449 3574 1797 3639 omniumque

220 3676 423 3712 arcana
454 3662 508 3713 in
545 3665 780 3717 medium
820 3666 1032 3730 elfcrre,
1082 3675 1246 3735 gesta,
1297 3665 1453 3723 dicta,
1492 3664 1664 3724 dolos,
1708 3661 1791 3711 in-

222 3749 410 3810 sidias,
440 3762 647 3805 secreta
679 3757 905 3821 mentis;
935 3773 1039 3809 non
1068 3756 1289 3824 prolatis
1322 3753 1655 3815 testimoniis,
1680 3766 1790 3803 non

223 3838 658 3905 probationibus,
716 3860 822 3897 non
882 3847 1223 3915 imaginibus,
1272 3859 1381 3897 non
1433 3841 1788 3903 documentis,

222 3942 339 3981 non
363 3930 479 3983 aliis
502 3932 836 3999 httjusmodi;
864 3937 957 3989 sed
980 3937 1193 4004 propria
1213 3935 1289 3988 uti
1311 3942 1573 4004 potestate
1593 3932 1656 3983 ad
1677 3945 1794 3983 om-

221 4032 326 4069 nes
365 4024 748 4089 coarguendos.
784 4025 1038 4078 Attamen
1087 4036 1291 4079 tantum
1326 4036 1539 4091 tamque
1574 4021 1793 4089 praecla-

218 4115 337 4152 rum
367 4114 500 4166 Opus
522 4114 631 4165 ipse
657 4102 902 4164 perliciet,
929 4100 1270 4151 licetPatrctn
1293 4100 1342 4150 id
1365 4110 1484 4152 ante
1508 4099 1784 4153 facientem

222 4205 331 4241 non
362 4189 570 4253 viderit,
599 4204 694 4241 nec
726 4189 870 4241 illum
898 4189 962 4240 sit
990 4190 1219 4241 imitatus
1257 4205 1268 4238 :
1299 4204 1419 4240 nam
1447 4187 1599 4241 Pater
1627 4192 1785 4242 nemi-

220 4294 337 4329 nem
374 4278 594 4345 judicat.
638 4278 769 4330 Vide
818 4292 1025 4344 quoque
1075 4277 1217 4329 illum
1270 4278 1393 4329 alibi
1446 4278 1617 4329 omnia
1667 4295 1785 4332 cum

220 4376 485 4436 potestate
507 4376 831 4434 operantem,
860 4366 910 4417 in
935 4366 1221 4429 miraculis,
1246 4366 1295 4419 in
1322 4367 1545 4421 ferendis
1562 4370 1782 4438 legibus,

220 4456 451 4524 aliisque
476 4455 742 4509 omnibus.
773 4455 901 4507 Cum
936 4455 1073 4508 enim
1098 4456 1424 4510 ascendisset
1452 4459 1501 4510 in
1532 4470 1783 4526 montem,

225 4560 418 4599 novum
449 4553 823 4598 testamentum
863 4544 1079 4596 daturus
1102 4545 1175 4596 ait
1223 4563 1235 4597 :
1285 4563 1302 4594 ι
1364 4546 1613 4611 Audistis,
1666 4548 1787 4615 quia

221 4634 423 4688 dictum
444 4644 527 4687 est
554 4635 781 4701 antiquis
808 4651 818 4685 :
844 4632 957 4686 Non
984 4634 1194 4686 occides
1222 4653 1236 4687 :
1268 4635 1355 4702 qui
1382 4644 1551 4686 autem
1583 4636 1788 4689 occide-

222 4725 314 4787 rit,
347 4736 467 4776 reus
497 4724 596 4775 erit
636 4723 862 4791 judicio;
896 4723 984 4790 qui
1021 4733 1192 4775 autem
1225 4723 1433 4788 dixerit,
1456 4724 1636 4788 Fatue,
1667 4740 1788 4779 reus

222 4818 324 4870 erit
352 4813 609 4882 gehenna:
639 4814 789 4881 ignis.
834 4814 908 4882 (a)
954 4815 1059 4880 Ego
1089 4824 1263 4866 autem
1309 4814 1426 4866 dico
1453 4814 1618 4879 vobis,
1650 4816 1786 4882 quod

223 4904 464 4973 quisquis
502 4903 745 4955 irascitur
769 4902 913 4955 fratri
936 4918 1033 4956 suo
1062 4913 1276 4966 temere,
1312 4918 1432 4956 reus
1456 4904 1783 4970 eritjudicio.

225 4995 462 5049 Audistis
487 4992 608 5061 quia
649 4991 844 5045 dictum
872 5001 971 5055 est,
1006 4991 1221 5045 Oculum
1262 5007 1355 5059 pro
1385 4994 1555 5056 oculo,
1586 5003 1637 5046 et
1657 4993 1787 5046 den-

228 5096 333 5138 tem
369 5098 461 5150 pro
488 5081 646 5134 dente
679 5098 690 5131 :
719 5095 814 5147 ego
857 5090 1029 5132 autem
1072 5080 1189 5133 dico
1221 5082 1385 5145 vobis,
1415 5097 1516 5133 non
1544 5083 1787 5135 resistere

228 5174 392 5235 malo,
412 5169 505 5223 sed
526 5170 571 5223 si
591 5169 706 5237 quis
724 5178 772 5221 te
793 5170 1110 5235 percusserit
1130 5170 1179 5222 in
1212 5171 1475 5223 maxillam
1496 5170 1785 5237 dexteram,

228 5264 408 5333 prmbe
436 5262 510 5315 illi
533 5271 585 5314 et
610 5261 823 5312 alteram
845 5277 861 5308 ι
887 5260 903 5326 (
926 5258 1107 5311 Matth.
1136 5261 1187 5313 5.
1205 5261 1265 5313 21
1282 5299 1293 5311 .
1310 5260 1397 5312 22.
1419 5262 1505 5313 58.
1522 5261 1633 5330 59).
1655 5262 1787 5328 Quid

230 5354 333 5408 hoc
352 5352 462 5405 est?
479 5351 567 5420 qui
587 5349 715 5402 nihil
736 5364 764 5401 a
784 5348 956 5416 seipso
974 5348 1095 5400 facit
1110 5350 1268 5402 etiam
1288 5351 1455 5403 Patris
1474 5360 1661 5405 statuta
1680 5368 1793 5405 cor-

227 5444 375 5511 rigit,
406 5450 459 5494 et
478 5440 650 5507 legem
677 5440 726 5491 in
752 5438 935 5491 melius
959 5437 1233 5505 provehit?
1271 5440 1399 5493 Cum
1427 5449 1601 5494 autem
1632 5441 1749 5494 dico
1769 5482 1782 5504 ,

227 5530 465 5599 corrigit,
498 5543 565 5582 ne
592 5527 953 5596 blasphemum
975 5527 1097 5595 quid
1133 5529 1435 5597 suspiceris,
1463 5531 1609 5599 quasi
1636 5530 1788 5583 Pater

298 5636 374 5697 (ιι)
407 5637 491 5683 Hic
517 5638 682 5683 textus
704 5633 858 5681 deﬁcit
875 5637 919 5683 in
942 5634 1054 5680 Edit.
1082 5633 1266 5681 Benzel.

1176 307 1241 363 IN
1276 308 1498 375 ILLUD,
1539 308 1759 364 FILIUS
1798 309 1893 365 EX
1929 310 2010 367 SE
2044 311 2230 367 NIHIL
2268 314 2487 370 FACI'I‘.

3366 334 3476 391 254

1914 425 2171 479 infirmior
2200 428 2285 480 sit.
2310 429 2559 495 Quamvis
2585 432 2723 485 enim
2768 434 2849 489 lex
2878 436 3047 491 minor
3065 440 3164 505 sit,
3201 438 3250 495 id
3297 452 3468 498 tamen

1911 532 2014 570 non
2047 518 2171 582 Deo,
2204 521 2295 573 sed
2320 523 2691 589 recipientibus
2720 526 2883 596 legem
2907 528 3329 587 adscribendum.
3362 534 3471 587 Imo

1910 607 2067 660 etiam
2106 608 2270 663 Vetus
2318 610 2714 668 Testamentum
2746 616 3006 687 Unigeniti
3038 628 3137 687 est,
3182 630 3235 676 et
3266 624 3468 679 Novum

1910 693 2097 747 Patris.
2130 696 2411 762 Quomodo
2450 701 2625 769 igitur,
2656 720 2855 771 quaeso,
2884 707 3011 761 nihil
3037 724 3067 762 a
3112 710 3288 780 seipso
3317 713 3467 774 facit,

1907 784 1995 850 qui
2019 787 2179 838 veteri
2206 787 2307 856 legi
2328 789 2537 857 adjecit,
2561 794 2648 861 qui
2670 802 2865 849 tantam
2892 796 3103 853 exhibet
3130 806 3471 869 potestatem?

1908 871 2103 926 Verum
2132 876 2253 943 quid
2284 878 2543 935 haareticis
2574 884 2884 942 imbecillius
2907 888 3103 944 fuerit?
3127 891 3293 947 Judari
3320 909 3471 948 nam-

1906 979 2009 1033 que
2036 969 2333 1037 stupebant,
2363 974 2503 1040 quod
2531 974 2642 1029 hinc
2664 975 2877 1033 doceret
2903 994 2995 1036 eos
3042 982 3199 1048 Quasi
3247 994 3467 1054 potesta-

1907 1066 2004 1109 tem
2024 1059 2226 1126 habens,
2257 1074 2303 1115 et
2327 1080 2425 1116 non
2447 1066 2572 1117 sicut
2597 1068 2772 1120 scribta
2795 1078 2843 1122 et
2881 1070 3131 1126 Phariscei
3160 1075 3179 1144 (
3204 1074 3387 1129 Matth.
3416 1078 3466 1132 7.

1906 1144 2006 1215 28)
2038 1147 2239 1203 :Judmi
2270 1162 2581 1220 petestatem
2612 1159 2725 1224 ejus
2765 1160 3139 1229 testificantur;
3189 1166 3241 1218 hi
3287 1169 3469 1221 testiﬁ-

1905 1244 2091 1324 cantur
2115 1238 2281 1305 ipsum
2310 1255 2337 1293 a
2384 1256 2442 1296 se
2479 1245 2609 1299 nihil
2657 1262 2830 1315 posse.
2864 1249 3045 1320 Neque
3086 1254 3329 1311 dixerunt
3358 1259 3464 1324 illi,

1905 1323 2060 1415 Quasi
2104 1337 2416 1395 potestatem
2472 1332 2766 1403 habiturus,
2802 1339 2915 1404 sed,
2973 1342 3130 1405 Quasi
3179 1357 3466 1415 potestatem

1903 1414 2105 1469 habens.
2129 1417 2242 1470 Non
2265 1421 2405 1474 enim
2429 1433 2607 1490 postea
2629 1426 2741 1480 hare
2762 1428 2834 1482 illi
2853 1440 3082 1497 potestas
3102 1414 3340 1502 acCcssit,
3373 1441 3464 1493 scd

1903 1504 2133 1571 perfecta
2172 1511 2399 1575 potentia
2439 1521 2556 1566 erat
2597 1516 2742 1569 nullo
2790 1533 2970 1586 egens.
3001 1521 3352 1586 Quamobrem
3399 1530 3464 1584 de

1901 1609 2062 1662 regno
2093 1597 2441 1666 interrogatus
2482 1602 2689 1658 dicebat
2721 1623 2735 1659 :
2774 1606 2885 1676 Ego
2930 1610 2984 1663 in
3026 1612 3119 1665 hoc
3158 1624 3305 1669 natus
3352 1634 3462 1671 sum

1901 1681 2087 1753 (Joan.
2116 1687 2204 1742 18.
2253 1689 2376 1757 57).
2407 1691 2633 1747 Rursum
2660 1696 2864 1752 oblatus
2888 1707 2969 1753 est
3013 1703 3061 1756 ei
3112 1706 3425 1776 paralyticos
3445 1753 3458 1774 ,

1895 1780 2057 1843 atque
2071 1776 2502 1852 dixit,postquam
2519 1796 2732 1854 peccata
2746 1786 2860 1856 ejus
2872 1799 3177 1846 curaverat:
3204 1793 3270 1847 Ut
3297 1809 3458 1852 autem

1897 1864 2086 1929 sciatis,
2108 1866 2224 1933 quia
2245 1866 2409 1921 Filius
2429 1870 2643 1925 hominis
2685 1874 2828 1928 habet
2849 1889 3137 1944 potestatem
3181 1885 3459 1941 dimittendi

1897 1964 2099 2019 peccata
2126 1956 2178 2008 in
2207 1966 2355 2021 terra,
2389 1961 2458 2011 ait
2496 1961 2574 2013 illi
2613 1978 2632 2015 :
2664 1962 2803 2017 Tolle
2830 1967 3031 2034 lectum,
3068 1981 3113 2024 et
3140 1974 3264 2027 vade
3287 1976 3339 2029 in
3368 1982 3456 2031 do-

1895 2058 2028 2094 mum
2054 2052 2187 2096 tuam
2212 2045 2425 2113 (Matth.
2447 2049 2499 2102 9.
2528 2048 2616 2119 6).
2649 2052 3081 2124 Vulgusdicebat,
3111 2061 3281 2130 ipsum
3306 2070 3453 2133 quasi

1896 2142 2211 2201 potestatem
2255 2138 2533 2193 habentem
2561 2143 2737 2197 omnia
2766 2144 2937 2201 facere
2969 2148 3122 2216 :ipse
3166 2167 3311 2208 vero.
3362 2156 3451 2208 Fi-

1894 2223 2020 2276 lium
2048 2224 2278 2279 hominis
2322 2237 2631 2295 potestatem
2662 2233 2859 2289 habere
2905 2237 3200 2296 dimittendi
3241 2258 3451 2313 peccata

1894 2314 1945 2366 in
1974 2323 2138 2378 terra;
2164 2324 2235 2378 et,
2268 2315 2568 2373 Potestatem
2597 2321 2752 2375 habeo
2773 2329 2988 2392 ponendi
3016 2331 3233 2385 animam
3258 2352 3443 2401 meam,

1893 2413 1935 2455 et
1985 2414 2270 2473 potestatem
2312 2408 2465 2460 habeo
2512 2413 2738 2463 suntendi
2787 2431 2901 2467 eam
2943 2417 3129 2487 (Joan.
3182 2423 3268 2475 10.
3325 2426 3449 2492 18).

1894 2494 2059 2562 Leges
2102 2496 2204 2549 fert
2244 2512 2365 2550 cum
2411 2509 2689 2566 potestate,
2716 2513 2930 2571 peccata
2964 2508 3119 2563 solvit
3146 2526 3263 2566 cum
3300 2524 3448 2583 pote—

1892 2594 2025 2639 State
2044 2625 2057 2645 .
2087 2586 2269 2639 mortis
2297 2596 2351 2640 et
2380 2588 2499 2641 vitae
2540 2600 2851 2657 potestatem
2890 2596 3074 2663 habet,
3104 2610 3156 2654 et
3186 2606 3451 2670 quomodo

1891 2673 2043 2733 dicis,
2064 2676 2231 2742 ipsum
2260 2691 2287 2729 a
2326 2679 2501 2745 seipso
2540 2682 2669 2733 nihil
2713 2677 3041 2741 facere?llac
3070 2690 3283 2746 victoria
3326 2698 3449 2763 quid

1894 2763 2254 2816 manifestius?

1968 2856 2019 2911 6.
2036 2858 2584 2929 Difﬁcultatissolutio.
2603 2864 2783 2915 etdicti
2800 2866 3077 2935 evangelici
3090 2868 3456 2931 explicatio.—

1898 2947 2004 3001 Sed
2033 2950 2076 3001 si
2101 2950 2276 3002 velitis
2304 2951 2575 3020 deinceps,
2609 2952 2676 3006 ab
2706 2954 2975 3007 haereticis
3006 2957 3257 3023 expediti,
3297 2959 3455 3014 dictis

1889 3037 2201 3090 Solutionem
2230 3038 2507 3092 aderamus
2536 3058 2548 3091 :
2583 3043 2909 3110 primumque
2950 3061 3253 3112 monemus,
3298 3050 3441 3116 illud,

1894 3126 2010 3178 Non
2053 3137 2225 3195 potest,
2257 3129 2323 3182 de
2363 3130 2469 3182 Deo
2512 3131 2728 3193 dictum,
2777 3147 2878 3186 non
2922 3134 3312 3203 imbecillitatis,
3353 3141 3446 3194 scd

1889 3219 2133 3284 potentiae
2161 3228 2524 3285 argumentum
2558 3234 2692 3273 esse.
2721 3221 2833 3274 Hoc
2864 3222 2985 3276 licet
3009 3239 3199 3279 novum
3227 3227 3448 3283 fortasse

1888 3304 2144 3367 videatur,
2185 3314 2239 3359 at
2266 3307 2411 3359 vobis
2449 3308 2642 3360 claram
2674 3310 2748 3362 rei
2791 3310 3286 3369 demonstrationem
3316 3317 3448 3370 affe-

1889 3411 2083 3448 remus.
2114 3394 2167 3448 Si
2198 3395 2397 3459 dixero,
2429 3398 2590 3449 Deum
2619 3412 2719 3449 non
2752 3413 2905 3464 posse
2933 3415 3171 3468 peccare,
3211 3419 3313 3457 non
3346 3406 3446 3459 im-

1890 3485 2184 3537 becillitatis
2224 3486 2365 3536 illum
2402 3501 2583 3553 arguo,
2623 3486 2715 3539 sed
2754 3490 3031 3544 maximam
3061 3493 3157 3559 ipsi
3199 3495 3450 3550 testiﬁcor

1889 3585 2222 3642 potestatem.
2246 3576 2300 3631 Si
2327 3577 2529 3642 dixero,
2559 3593 2665 3631 non
2693 3594 2848 3647 posse
2873 3583 3083 3636 mentiri
3117 3585 3300 3651 Deum,
3324 3594 3447 3641 tunc

1890 3666 2114 3734 idipsum
2155 3666 2477 3721 demonstro.
2507 3668 2955 3733 Quemadmodum
2986 3681 3040 3726 et
3082 3674 3270 3728 Paulus
3299 3676 3445 3731 dice-

1892 3757 1977 3809 bat
2008 3773 2021 3814 :
2054 3756 2113 3811 Si
2142 3758 2504 3824 sustinebimus,
2534 3770 2578 3810 et
2605 3762 3048 3829 conregnabimus;
3078 3765 3120 3815 si
3154 3781 3251 3818 non
3287 3767 3447 3820 credi-

1892 3863 2019 3911 mus,
2069 3847 2153 3900 ille
2191 3847 2352 3913 ﬁdelis
2393 3858 2688 3915 permanet:
2719 3865 2834 3902 nam
2875 3868 3055 3919 negare
3095 3856 3310 3921 seipsum
3348 3873 3447 3911 non

1892 3944 2049 4005 potest
2078 3938 2168 4006 (2.
2199 3937 2329 3989 Tim.
2364 3939 2418 3989 ‘2.
2454 3938 2538 3990 12.
2572 3940 2697 4009 13).
2728 3940 2906 3993 Viden‘
2936 3942 3085 4005 illud,
3120 3943 3236 3997 Non
3266 3955 3440 4014 potest,

1892 4027 2133 4093 potentiae
2176 4041 2291 4080 esse
2335 4028 2579 4096 signum?
2631 4028 2826 4096 Ecquid
2855 4031 3039 4099 loquor
3075 4033 3140 4085 de
3182 4034 3329 4087 Deo?
3373 4036 3445 4089 De

1891 4116 2071 4169 sensili
2112 4118 2251 4170 enim
2292 4119 2507 4171 materia
2547 4118 2845 4186 exemplum
2890 4135 3113 4174 sumam.
3151 4121 3205 4176 Si
3240 4123 3441 4189 dixero,

1891 4207 2219 4261 adamantem
2265 4223 2368 4260 non
2411 4223 2563 4276 posse
2598 4210 2790 4277 rumpi,
2832 4226 2895 4263 an
2938 4211 3264 4279 fragilitatem
3306 4217 3441 4281 ejus,

1893 4311 1957 4346 an
1998 4296 2159 4349 robur
2185 4296 2300 4365 ejus
2330 4298 2609 4350 maximum
2658 4298 2992 4366 depraedico?
3019 4300 3146 4354 Cum
3191 4316 3314 4370 ergo
3351 4318 3447 4356 au-

1893 4385 2071 4450 dieris,
2106 4402 2208 4438 non
2251 4401 2411 4453 posse
2438 4387 2597 4440 Deum
2629 4402 2864 4455 peccare,
2897 4405 2993 4443 nec
3020 4406 3174 4459 posse
3213 4394 3442 4459 mentiri,

1892 4490 1991 4527 nec
2018 4489 2171 4542 posse
2198 4476 2458 4543 abnegare
2478 4476 2727 4544 seipsum,
2762 4492 2827 4529 ne
2850 4489 2998 4545 putes
3025 4480 3144 4532 hinc
3170 4481 3444 4536 imbecilli.

1894 4574 2053 4617 tatem
2084 4564 2199 4631 ejus
2229 4565 2520 4631 prmdicari,
2553 4565 2643 4617 sed
2675 4580 2920 4631 perquam
2952 4568 3229 4621 maximam
3258 4579 3441 4638 poten-

1894 4653 2047 4715 tiam;
2093 4652 2211 4719 quia
2239 4652 2351 4719 ejus
2376 4651 2663 4703 substantia
2703 4652 2894 4705 nullam
2932 4655 3213 4723 nequitiam
3253 4658 3444 4712 admit-

1895 4751 2004 4793 tere
2048 4750 2237 4807 potest,
2288 4739 2423 4806 quod
2473 4739 2736 4793 inaccessa
2783 4741 2870 4806 sit,
2911 4758 3058 4809 pura,
3105 4754 3158 4798 et
3198 4760 3441 4813 superna.

1894 4829 2023 4893 Quia
2051 4844 2173 4894 ergo
2204 4829 2302 4880 hoc
2340 4838 2481 4881 recte
2510 4828 2798 4882 discussum
2832 4832 2944 4894 fuit,
2976 4848 3071 4901 age
3106 4835 3169 4887 ad
3204 4840 3439 4904 proposi-

1898 4928 2003 4969 tum
2046 4918 2303 4969 sermonis
2331 4918 2758 4971 exercitationem
2796 4933 3181 4976 convertamus.
3220 4924 3382 4979 Filius
3416 4945 3445 4980 a

1893 5007 2052 5072 seipso
2089 5021 2187 5055 non
2227 5015 2383 5073 potest
2414 5011 2576 5073 facere
2613 5007 2903 5076 quidquam.
2943 5011 3077 5075 Quid
3116 5012 3239 5065 illud
3271 5026 3371 5081 est,
3403 5018 3443 5068 A

1894 5096 2089 5162 seipso?
2117 5095 2227 5148 Hoc
2256 5096 2298 5147 si
2328 5098 2488 5162 probe
2540 5097 2848 5162 didiceritis,
2878 5104 3167 5169 agnoscatis
3214 5105 3326 5173 ejus
3355 5121 3444 5159 ar-

1894 5196 2028 5239 ctam
2056 5201 2173 5238 cum
2200 5186 2446 5240 Genitore
2468 5188 2906 5255 conjunctionem,
2940 5193 3130 5246 nullam
3174 5210 3290 5249 esse
3320 5198 3444 5251 sub—

1894 5277 2097 5328 stantia:
2122 5276 2529 5340 distinctionem,
2557 5278 2893 5348 ejusdemque
2918 5297 3036 5335 eum
3064 5298 3179 5337 esse
3201 5286 3439 5343 substan-

1896 5366 1979 5415 tiae
2021 5364 2169 5431 cujus
2205 5364 2377 5416 Patcr.
2412 5363 2543 5427 Quid
2582 5365 2737 5433 igitur
2771 5368 2895 5420 illud
2934 5379 3033 5435 cst,
3066 5370 3184 5422 Non
3228 5382 3383 5437 potest
3412 5391 3442 5426 a

1893 5454 2087 5519 seipso?
2122 5454 2231 5505 Non
2259 5462 2428 5520 potest
2458 5455 2715 5520 peculiare
2755 5456 2874 5523 quid
2904 5468 3091 5524 praeter
3130 5462 3333 5515 Patrem
3361 5463 3440 5516 fa-

1895 5559 2033 5603 cere,
2067 5560 2167 5596 non
2195 5552 2365 5611 potest
2387 5546 2713 5612 peregrinum
2742 5548 2861 5613 quid
2889 5558 2941 5602 ct
2960 5561 3254 5617 separatum
3286 5570 3312 5604 a
3337 5555 3433 5606 Pa-

1898 5642 1975 5684 tre
2004 5630 2194 5697 facere,
2226 5646 2393 5701 neque
2414 5632 2637 5686 alienum
2667 5633 2789 5705 quid
2816 5636 3007 5704 facere,
3039 5638 3115 5693 vel
3138 5641 3274 5694 aliud
3296 5642 3459 5710 quid~
