4144 6308
699 311 809 366 255

697 413 838 481 piam
867 413 1005 482 quod
1031 426 1136 466 non
1157 412 1308 464 faciat
1343 411 1496 464 l’uler
1521 427 1533 465 :
1562 425 1677 479 quae
1702 409 1842 464 enim
1874 408 1960 463 hic
1987 408 2126 470 facit,
2152 407 2268 460 hmc

696 514 750 558 ιιι
788 504 876 558 ille
915 502 1056 558 facit.
1100 502 1228 556 Illud
1265 502 1439 572 igitur,
1471 503 1514 554 Α
1551 502 1712 571 seipse
1732 517 1830 554 non
1875 509 2031 570 potest
2071 499 2253 567 facere,

696 607 796 647 ucc
823 592 1139 654 libertatem,
1171 606 1267 645 nec
1297 592 1580 660 potentiam
1615 591 1771 654 tollit,
1813 589 1905 643 sed
1926 588 2260 643 concordiam

694 681 1042 746 demonstrat,
1091 695 1430 746 consensum,
1474 691 1528 735 et
1569 690 1768 734 arctam
1811 679 2255 748 conjunctionem,

695 782 879 839 estque
903 769 1112 824 unionis
1133 769 1380 838 perfectae
1408 769 1634 838 signum.
1663 768 1796 821 Cum
1819 769 1959 822 enim
1986 767 2260 822 sabbatum

695 861 943 926 solveret,
984 869 1039 915 et
1067 861 1510 930 prmvaricationis
1536 859 1685 914 illum
1714 868 2044 922 accusarent,
2077 859 2258 913 dicen-

699 963 818 1007 tes:
854 954 966 1008 Alia
998 954 1135 1007 Deus
1183 953 1449 1022 praecepit,
1479 951 1582 1005 alia
1610 959 1664 1004 ιιι
1703 950 1865 1014 facis;
1911 949 2048 1004 hanc
2077 964 2260 1004 eorum

695 1045 1070 1115 impudentiam
1099 1045 1451 1113 comprimens
1500 1042 1589 1097 ille
1635 1043 1709 1095 ait
1741 1060 1753 1094 ε
1781 1042 1894 1096 Non
1924 1041 2063 1096 aliud
2099 1057 2125 1094 a
2152 1057 2257 1107 me,

697 1150 849 1203 quam
877 1133 1016 1204 quod
1058 1149 1086 1186 a
1113 1133 1287 1199 Patre,
1318 1132 1508 1186 facth
1535 1141 1642 1198 est;
1675 1146 1843 1201 neque
1866 1131 1965 1200 ipsi
1989 1146 2105 1185 sum
2129 1146 2260 1186 con-

697 1227 890 1280 trarius
921 1225 1004 1280 vel
1046 1224 1235 1279 hostis.
1261 1223 1414 1291 Quod
1439 1224 1484 1278 si
1511 1238 1618 1278 non
1645 1223 1713 1276 ita
1755 1224 2000 1293 loquutus
2025 1232 2137 1285 est,
2165 1222 2258 1277 sed

699 1317 994 1372 humaniori
1023 1326 1076 1372 et
1099 1317 1344 1371 crassiori
1386 1315 1543 1370 modo
1566 1329 1864 1370 sermonem
1895 1314 2257 1379 adumbravit,

692 1410 889 1477 cogites
907 1423 1027 1462 eum
1047 1422 1166 1462 cum
1187 1405 1384 1461 Iudaeis
1403 1419 1698 1459 sermonem
1722 1404 1985 1469 habuisse,
2004 1404 2092 1473 qni
2112 1403 2258 1456 illum

694 1499 803 1554 Deo
847 1499 1169 1554 contrarium
1220 1511 1340 1552 esse
1382 1496 1652 1565 putabant.
1693 1494 1836 1560 Ideo,
1882 1509 1949 1548 ne
1987 1495 2104 1563 quis
2157 1493 2260 1548 tale

692 1590 960 1660 quidpiam
1009 1588 1383 1658 suspicaretur,
1413 1586 1587 1641 statim
1625 1584 1823 1640 addidit
1852 1602 1864 1638 :
1897 1584 2062 1654 Opera
2106 1584 2255 1647 enim,

691 1696 802 1748 qua:
838 1679 925 1732 ille
950 1678 1087 1745 facit,
1127 1686 1171 1730 et
1197 1675 1363 1729 Filius
1382 1675 1610 1728 similiter
1638 1675 1757 1742 facit
1777 1672 1950 1745 (Joan.
1977 1673 2030 1728 5.
2065 1672 2173 1743 19).
2205 1671 2259 1726 Si

693 1783 824 1824 vero
846 1767 973 1821 nihil
1003 1783 1032 1820 a
1057 1767 1232 1835 seipse
1253 1765 1394 1828 facit,
1423 1763 1686 1834 quomodo
1707 1763 1947 1818 similiter
1968 1761 2127 1816 facit?
2146 1761 2259 1816 Non

691 1857 832 1917 enim
861 1856 1032 1912 facere
1057 1870 1304 1926 magnum
1333 1863 1416 1910 est
1447 1871 1460 1908 :
1491 1853 1618 1907 illud
1647 1853 1786 1907 enim
1817 1852 2041 1922 agebant
2064 1859 2114 1906 et
2134 1865 2263 1919 apo.

692 1950 835 2015 stoli,
881 1958 1117 2003 mortuos
1142 1947 1462 2012 excitabant,
1509 1945 1746 2013 leprosos
1786 1944 2138 2007 mandabant;
2166 1942 2258 1996 sed

692 2055 796 2093 non
821 2039 1064 2092 Similiter
1085 2047 1141 2091 ut
1166 2039 1297 2106 ipse.
1321 2038 1388 2090 At
1415 2035 1680 2104 quomodo
1707 2034 1821 2087 illi?
1850 2033 1985 2099 Quid
2013 2034 2153 2086 nobis
2173 2042 2257 2084 at-

697 2127 916 2191 tenditis,
948 2126 1094 2193 quasi
1119 2127 1321 2194 propria
1363 2124 1542 2176 virtute
1581 2132 1668 2176 aut
1713 2131 1949 2190 jotestate
1997 2122 2260 2189 fecerimus

697 2218 828 2269 hunc
867 2214 1125 2268 ambulare
1150 2212 1282 2283 (Act.
1313 2213 1367 2266 ὅ.
1400 2211 1524 2281 12)?
1565 2211 1838 2276 Quomodo
1863 2219 2034 2264 autem
2072 2209 2262 2263 Jesus?

698 2304 765 2359 Ut
795 2305 961 2357 sciatis
1001 2305 1117 2372 quia
1156 2312 1441 2372 potestatem
1469 2300 1614 2355 habet
1650 2300 1814 2353 Filius
1842 2300 2055 2353 hominis
2094 2300 2262 2351 dimit-

695 2395 832 2450 tendi
867 2403 1066 2463 peccata
1089 2394 1142 2445 in
1184 2404 1314 2445 terra
1363 2391 1550 2462 (Marc.
1587 2392 1642 2446 2.
1679 2392 1760 2445 10.
1793 2391 1918 2442 Luc.
1957 2391 2010 2445 5.
2056 2390 2170 2457 24);
2199 2404 2261 2443 ac

697 2500 906 2540 rursum
927 2484 993 2539 de
1017 2482 1399 2536 resurrectione
1423 2491 1748 2535 mortuorum
1775 2498 1786 2532 :
1816 2480 1958 2534 Sicut
1987 2479 2141 2532 Pater
2160 2497 2262 2533 sus.

695 2574 814 2628 citat
852 2581 1069 2626 mortuos
1088 2613 1102 2635 ,
1133 2581 1180 2624 et
1208 2571 1442 2639 uiviﬁcat,
1466 2573 1536 2622 ita
1557 2579 1602 2623 et
1632 2568 1679 2622 F
1681 2571 1800 2623 ilius
1816 2585 1939 2638 quos
1968 2569 2071 2622 uult
2095 2569 2258 2636 vivifi-

697 2675 777 2718 cat
800 2663 976 2734 (Joan.
1002 2663 1054 2719 5.
1082 2662 1194 2730 2|).
1224 2662 1369 2716 Licet
1401 2661 1528 2714 satis
1557 2659 1742 2714 fuisset
1765 2659 1979 2722 dixisse,
2011 2657 2135 2722 Ita;
2167 2659 2259 2714 sed

693 2770 760 2810 cx
783 2753 1088 2816 abundanti,
1121 2761 1176 2804 ut
1201 2751 1572 2820 impudentiam
1603 2751 1808 2803 illorum
1837 2750 2143 2804 retunderet
2171 2755 2256 2819 qui

693 2843 1053 2898 contradicere
1079 2842 1290 2906 vellent,
1330 2839 1455 2894 illud
1483 2839 1682 2892 addidit
1709 2855 1722 2892 :
1756 2839 1890 2904 Quos
1917 2838 2042 2904 uult,
2073 2853 2260 2908 nempe

694 2948 813 2988 cum
843 2933 984 2984 omni
1017 2932 1268 3001 potentia.
1296 2929 1498 2985 Idcirco
1523 2930 1597 2981 ait
1621 2946 1634 2980 :
1666 2928 1831 2997 Opera
1859 2931 2008 2994 enim,
2037 2945 2148 2997 quae
2173 2927 2260 2981 ille

695 3025 854 3096 facit:
894 3037 996 3076 non
1024 3021 1170 3084 dicit,
1196 3021 1398 3076 Similia
1427 3028 1480 3074 et
1514 3017 1677 3072 Filius
1721 3017 1875 3082 facit;
1920 3017 2032 3083 sed,
2062 3016 2259 3070 Eadem

693 3115 806 3182 ipsa
838 3112 1003 3166 Filius
1028 3111 1168 3179 facit.
1199 3110 1384 3164 Omnia
1404 3111 1532 3163 enim
1564 3125 1650 3177 per
1677 3109 1840 3178 ipsum
1879 3107 2014 3176 facta
2052 3117 2186 3172 sunt,
2214 3117 2260 3159 et

693 3205 800 3259 sine
823 3204 929 3271 ipso
957 3205 1145 3272 factum
1171 3211 1242 3254 est
1260 3201 1385 3254 nihil
1413 3198 1590 3268 (Joan.
1620 3199 1669 3252 1.
1695 3197 1773 3266 5).
1801 3197 1962 3251 Vides
1986 3195 2256 3266 quomodo

695 3309 760 3349 eo
788 3293 1023 3349 intendat
1050 3293 1362 3357 orationem,
1394 3300 1450 3344 ut
1496 3291 1691 3344 indicet
1731 3289 2076 3343 arctissimam
2107 3287 2259 3339 unio-

696 3400 836 3450 nem,
873 3384 1293 3454 conjunctionem
1338 3391 1394 3435 et
1419 3396 1754 3444 consensum,
1795 3394 1898 3432 non
1943 3377 2142 3432 Similia
2181 3377 2263 3430 di-

694 3491 840 3540 cens,
863 3476 976 3539 sed,
1011 3474 1088 3528 Ea
1108 3475 1236 3542 ipsa,
1261 3481 1312 3528 et
1336 3471 1594 3534 Similiter,
1619 3479 1675 3524 ut
1701 3470 1894 3522 Pater?
1924 3467 2122 3521 Idcirco
2143 3481 2261 3521 sese

696 3577 1054 3634 attemperans
1075 3580 1136 3618 ac
1156 3565 1457 3625 demittens,
1478 3562 1583 3616 illic
1605 3561 1760 3615 etiam
1787 3573 1906 3612 cum
1935 3571 2120 3627 magna
2140 3571 2263 3610 cau-

694 3657 798 3712 tela
822 3656 964 3708 dicto
1007 3654 1302 3723 Itujusmodi
1331 3667 1454 3706 usus
1481 3659 1580 3705 est.
1626 3649 1741 3704 Non
1784 3649 1925 3702 enim
1959 3646 2111 3712 dixit,
2151 3645 2260 3700 Nisi

694 3745 958 3816 quidpiam
984 3743 1236 3797 doceatur
1258 3756 1285 3794 a
1315 3741 1488 3805 Patre,
1519 3754 1585 3793 ne
1615 3747 1668 3791 tu
1700 3737 1844 3791 illum
1867 3737 2156 3790 discentem
2184 3734 2263 3788 in-

696 3836 949 3898 duceres;
977 3847 1146 3902 neque
1164 3831 1316 3897 dixit,
1346 3830 1457 3884 Nisi
1479 3827 1881 3898 quidjubeatur,
1910 3839 1978 3878 ne
2007 3825 2056 3877 in
2087 3839 2262 3876 servo-

696 3939 813 3979 rum
853 3923 1036 3979 ordine
1075 3923 1245 3990 ipsum
1275 3934 1391 3975 esse
1419 3917 1801 3987 suspicareris:
1832 3914 1949 3978 sed,
1989 3911 2106 3967 Nisi
2142 3913 2263 3981 quid

695 4014 873 4070 uiderit
903 4013 1106 4066 Patrem
1133 4011 1412 4080 facientem.
1456 4009 1520 4062 Ει
1558 4009 1657 4061 hoc
1686 4007 1843 4060 etiam
1871 4003 1958 4057 illo
1989 4002 2145 4056 modo
2179 4001 2265 4054 di-

695 4117 862 4173 cttun,
895 4119 1134 4174 magnam
1168 4101 1358 4156 indicat
1386 4115 1504 4154 cum
1544 4099 1698 4153 Patre
1733 4095 2178 4166 conjunctionem.
2210 4091 2264 4146 Si

695 4199 839 4253 enim
872 4203 1045 4264 potest
1074 4195 1280 4247 Patrem
1302 4190 1481 4244 videre
1507 4195 1810 4257 operantem
1835 4226 1850 4249 ,
1878 4195 1932 4239 et
1960 4185 2098 4238 scire
2135 4197 2267 4251 quo-

701 4286 858 4340 modo
884 4291 1149 4353 operetur,
1172 4281 1408 4349 ejusdem
1447 4286 1529 4333 est
1567 4277 1895 4330 substantiae.
1923 4273 2076 4342 Sa~pe
2115 4285 2263 4324 nam-

702 4390 805 4446 que
823 4372 1146 4428 ostendimus
1165 4380 1341 4436 antea,
1363 4367 1703 4422 subSIantiam
1723 4365 1813 4418 Dei
1832 4367 2092 4419 neminem
2114 4373 2269 4429 posse

699 4471 941 4518 accurate
964 4461 1163 4527 videre,
1189 4474 1358 4530 neque
1379 4458 1519 4512 clare
1542 4469 1882 4526 cognoscere,
1905 4453 2006 4507 nisi
2027 4449 2266 4519 ejusdem

699 4555 768 4608 sit
794 4561 1015 4610 naturae.
1057 4551 1309 4620 Angelum
1339 4557 1483 4605 certe
1530 4547 1668 4605 nuda
1707 4545 1998 4603 substantia
2039 4555 2269 4613 prasen-

1428 298 1480 352 S.
1519 296 1791 352 JO.\NNlS
1827 293 2290 352 CllRYSOSTOMl
2328 295 2637 352 ABCHIEP.
2677 297 3203 355 CONSTANTINOP.

3831 317 3943 373 256

2376 415 2477 460 tem
2511 405 2687 473 homo,
2730 410 2851 464 licet
2879 425 3062 481 magna
3103 413 3291 467 virtute
3332 422 3570 481 ornatus,
3617 415 3796 470 videre
3827 433 3933 472 non

2369 499 2556 564 potuit,
2605 514 2794 568 nempe
2836 501 3037 554 Daniel.
3083 501 3205 557 Ideo
3246 503 3380 558 hanc
3416 505 3564 574 quasi
3611 506 3930 576 singularem

2366 597 2566 640 natura:
2595 602 2704 643 suae
2745 591 3143 659 praerogativam
3193 591 3464 659 eﬂ‘ercbat,
3510 594 3693 649 dicens
3723 609 3739 652 :
3771 594 3934 649 Deum

2365 691 2508 728 nemo
2543 678 2665 729 vidit
2706 694 2976 747 umquam;
3003 683 3281 750 unigenitus
3319 681 3501 748 Filius,
3529 686 3613 752 qui
3637 694 3709 738 est
3739 686 3793 739 in
3819 688 3934 740 sinu

2370 762 2556 829 Patris,
2585 767 2690 834 ipse
2715 770 2964 822 enarravit
3005 769 3182 838 (Joan.
3208 773 3258 825 1.
3285 771 3392 840 18).
3419 773 3485 826 Ει
3527 789 3736 828 rursum
3765 792 3778 826 :
3813 773 3935 827 Non

2364 855 2497 924 quod
2536 855 2740 912 Patrem
2787 860 2960 912 viderit
2988 862 3265 930 quisquam,
3298 865 3392 915 nisi
3435 864 3478 915 is
3503 865 3587 930 qui
3628 874 3698 918 est
3725 881 3758 916 a
3803 865 3932 931 Deo,

2365 948 2450 1001 ille
2476 948 2594 1001 vidit
2635 949 2836 1003 Patrem
2877 952 3053 1017 (Joan.
3081 952 3132 1006 6.
3162 953 3272 1020 46).
3314 952 3423 1006 Etsi
3468 954 3616 1006 multi
3662 954 3770 1016 alii,
3806 971 3934 1022 pro-

2367 1037 2556 1106 phetrc,
2601 1039 2930 1107 patriarchae,
2965 1041 3090 1108 justi
3119 1050 3172 1094 et
3200 1043 3370 1110 angeli
3415 1042 3641 1096 viderint
3673 1061 3685 1094 :
3713 1045 3810 1097 sed
3870 1045 3936 1097 de

2367 1127 2596 1196 perfecta
2633 1131 2928 1198 cognitione
2956 1132 3199 1200 loquitur.
3233 1131 3309 1186 Ne
3335 1134 3508 1202 itaque
3537 1134 3771 1187 dicamus
3809 1149 3934 1187 eum

2367 1226 2490 1272 tunc
2520 1219 2714 1284 facere,
2745 1237 2862 1275 cum
2894 1223 3034 1276 videt
3068 1239 3186 1277 eum
3234 1241 3248 1276 :
3285 1239 3402 1276 nam
3431 1240 3530 1293 qua
3557 1226 3760 1280 ratione
3805 1225 3933 1278 illud

2365 1318 2645 1376 constaret,
2693 1311 2872 1365 Omnia
2917 1330 3002 1381 per
3026 1315 3190 1382 ipsum
3227 1315 3365 1381 facta
3403 1325 3538 1379 sunt,
3590 1324 3635 1368 et
3667 1317 3775 1368 sine
3823 1317 3934 1384 ipso

2366 1401 2553 1468 factum
2577 1410 2648 1453 est
2677 1401 2805 1454 nihil
2830 1402 3002 1471 (loan.
3033 1405 3083 1456 1.
3107 1402 3203 1469 3)?
3227 1418 3428 1457 necnon
3453 1403 3600 1467 illud,
3633 1403 3801 1473 Opera
3820 1420 3935 1472 qua:

2363 1491 2447 1543 ille
2470 1493 2607 1560 facit,
2639 1492 2744 1544 Iure
2785 1502 2830 1545 et
2877 1492 3042 1545 Filius
3070 1495 3298 1546 similiter
3338 1495 3458 1562 facit
3489 1493 3662 1562 (Joan.
3689 1494 3741 1548 5.
3790 1493 3928 1561 l9)?

2364 1583 2493 1637 Nam
2523 1585 2567 1637 si
2611 1585 2850 1638 similiter
2895 1586 3035 1648 facit,
3075 1585 3358 1655 quomodo,
3404 1602 3522 1639 cum
3555 1587 3698 1652 prius
3742 1586 3937 1638 viderit

2364 1673 2532 1736 illum,
2567 1682 2689 1726 tunc
2720 1673 2878 1727 facit?
2916 1673 3143 1728 Necesse
3167 1674 3310 1728 enim
3353 1673 3454 1728 erit
3489 1688 3553 1727 ex
3591 1673 3692 1726 hoc
3730 1683 3820 1726 tuo
3856 1674 3936 1726 di-

2365 1773 2449 1816 clo
2494 1764 2650 1816 etiam
2697 1764 2904 1819 Patrem
2944 1773 3067 1819 tunc
3118 1765 3322 1834 eperari
3367 1779 3486 1818 cum
3534 1764 3726 1818 viderit
3771 1765 3933 1817 alium

2338 1865 2704 1922 -0perantem;
2747 1855 2795 1909 id
2835 1855 2972 1925 quod
3019 1865 3268 1910 extrema:
3295 1855 3572 1909 dementiae
3613 1854 3937 1923 insaniaeque

2366 1942 2540 1998 fuerit.

2435 2035 2488 2088 7.
2529 2034 2633 2089 Sed
2677 2049 2744 2089 ne
2791 2033 2905 2090 haec
2949 2034 3204 2089 imbecilla
3243 2043 3295 2089 et
3332 2033 3555 2088 absurda
3583 2033 3924 2088 confutantes

2365 2139 2661 2178 sermonem
2694 2124 2899 2192 longius
2925 2125 3298 2193 producamus,
3350 2124 3452 2179 hoc
3476 2124 3730 2177 addemus
3761 2140 3778 2178 :
3809 2124 3932 2193 quia

2363 2228 2479 2266 cum
2507 2213 2700 2266 Judznis
2741 2228 3036 2266 sermonem
3069 2213 3312 2277 habebat,
3353 2215 3439 2281 qui
3481 2213 3625 2266 illum
3665 2213 3777 2267 Deo
3802 2229 3936 2268 con-

2365 2304 2582 2356 trariutu
2623 2303 2905 2368 dicebant,
2952 2314 3004 2356 et
3043 2303 3330 2371 legislatori
3361 2301 3657 2364 inimicum,
3701 2301 3846 2371 quod
3871 2317 3936 2356 ex

2364 2393 2428 2446 iis
2470 2408 2586 2461 qua:
2627 2393 2758 2446 facta
2787 2393 2994 2447 fuerant
3022 2393 3093 2446 illi
3123 2393 3470 2462 colligebant,
3503 2393 3579 2446 sic
3607 2393 3693 2446 ille
3723 2407 3934 2447 sermo.

2365 2497 2482 2536 nem
2538 2481 2846 2536 humaniore
2872 2491 2926 2535 et
2953 2481 3215 2536 crassiore
3242 2482 3396 2537 modo
3423 2483 3773 2546 concinnavit,
3811 2497 3938 2552 pru-

2364 2574 2504 2628 denti
2548 2573 2772 2626 auditori
2814 2573 3134 2641 relinquens,
3168 2574 3234 2627 de
3262 2572 3344 2626 his
3371 2575 3440 2625 ita
3467 2573 3661 2626 sentire
3683 2614 3697 2635 ,
3739 2581 3797 2625 ut
3827 2573 3937 2626 Deo

2364 2675 2774 2720 consentaneum
2803 2676 2933 2729 erat,
2964 2675 3016 2718 ct
3045 2681 3135 2719 eos
3165 2666 3251 2734 qni
3283 2666 3526 2718 crassiori
3574 2664 3731 2718 modo
3775 2664 3934 2718 intel-

2363 2758 2592 2827 ligebaut
2616 2757 2916 2826 corrigens;
2962 2757 3299 2825 quamobrem
3330 2757 3537 2810 diccbat
3568 2773 3582 2811 :
3613 2757 3782 2825 Opera
3802 2756 3935 2809 enim

2361 2863 2470 2916 qua:
2492 2847 2576 2901 ille
2597 2848 2734 2916 facit,
2767 2848 2871 2900 lucc
2904 2857 2948 2900 et
2971 2845 3133 2899 Filius
3157 2845 3381 2900 similiter
3407 2846 3549 2916 facit.
3581 2845 3760 2915 Neque
3790 2847 3934 2900 enim

2363 2947 2653 3008 exspectat,
2686 2938 2853 2992 donec
2881 2938 3065 2991 viderit
3083 2938 3286 2991 Patrem
3315 2938 3610 3001 facientem,
3633 2947 3687 2989 ιιι
3711 2945 3837 2990 tunc
3861 2937 3936 2990 fa-

2363 3031 2486 3093 ciat,
2518 3044 2686 3098 neque
2713 3029 2985 3096 disciplina
3013 3041 3143 3096 opus
3170 3026 3324 3082 habet
3353 3041 3367 3080 :
3397 3026 3490 3079 sed
3513 3025 3654 3079 videt
3676 3024 3791 3093 ejus
3811 3025 3935 3078 sub-

2364 3120 2633 3184 stantiam,
2665 3120 2934 3188 ipsamque
2961 3117 3101 3171 clare
3129 3117 3271 3171 novit
3299 3133 3312 3171 :
3355 3116 3498 3170 Sicut
3520 3115 3660 3169 enim
3696 3115 3831 3167 novit
3859 3131 3936 3169 ms

2365 3212 2538 3276 Pater,
2574 3219 2619 3263 et
2665 3225 2756 3279 ego
2783 3225 2996 3278 agnosco
3025 3207 3232 3260 Patrem
3269 3205 3445 3276 (Joan.
3473 3207 3558 3261 10.
3591 3205 3677 3274 15)
3707 3222 3718 3269 ;
3755 3207 3931 3259 omnia

2363 3309 2538 3354 autem
2569 3309 2815 3366 cperatur
2836 3308 2889 3352 et
2916 3298 3074 3352 efficit
3115 3312 3232 3352 cum
3283 3305 3541 3366 potestate
3583 3297 3682 3366 ipsi
3728 3311 3931 3350 conve-

2365 3388 2549 3454 nienti,
2592 3402 2713 3442 cum
2761 3387 3103 3457 intelligentia
3151 3395 3204 3440 et
3246 3386 3500 3454 sapientia
3545 3386 3716 3453 ipsum
3765 3385 3934 3438 comi-

2366 3487 2536 3544 tante,
2567 3478 2650 3530 cui
2683 3476 2813 3530 nihil
2837 3485 2928 3528 aut
2951 3475 3154 3528 discere
3181 3483 3270 3528 aut
3299 3474 3476 3527 videre
3503 3488 3636 3541 opus
3670 3474 3758 3526 sit.
3789 3473 3933 3538 Quo-

2367 3569 2527 3623 modo
2557 3568 2694 3621 enim
2720 3580 2852 3635 opus
2871 3564 3044 3630 fuerit,
3072 3579 3192 3618 cum
3214 3564 3281 3617 sit
3302 3562 3529 3632 perfecta
3546 3562 3716 3616 Patris
3736 3562 3930 3630 imago,

2365 3669 2419 3713 et
2443 3659 2638 3723 omnia,
2667 3672 2784 3725 qua:
2814 3656 2924 3720 ille,
2953 3655 3195 3710 similiter
3222 3653 3379 3708 faciat
3401 3661 3594 3706 etcum
3624 3651 3813 3706 eadem
3842 3665 3934 3720 po-

2365 3749 2591 3804 testate?
2636 3749 2708 3801 De
2755 3755 3014 3816 potestate
3042 3745 3182 3799 enim
3211 3745 3432 3813 loquens
3470 3744 3583 3796 haec
3606 3741 3881 3811 subjunin
3915 3759 3930 3796 :

2368 3838 2476 3907 Ego
2502 3849 2547 3891 et
2583 3837 2732 3890 Pater
2761 3852 2912 3888 unum
2950 3851 3118 3889 sumus
3158 3833 3335 3903 (Joan.
3367 3832 3454 3887 10.
3479 3833 3592 3902 30).
3625 3833 3748 3886 Haec
3777 3833 3933 3901 igitur

2366 3929 2576 3992 omnia,
2626 3941 2744 3995 qua:
2792 3925 2929 3979 dicta
2983 3933 3142 3990 sunt,
3195 3925 3419 3978 scientes
3453 3933 3505 3977 et
3542 3922 3930 3990 intelligentes,

2367 4031 2670 4072 aversemur
2700 4015 3063 4069 hatreticorum
3085 4023 3272 4078 cmtus,
3304 4021 3563 4081 rectaeque
3588 4012 3709 4069 fidei
3738 4024 3931 4083 perpe-

2369 4120 2460 4163 tuo
2489 4110 2800 4173 hazreamus,
2831 4116 2885 4161 et
2929 4116 3223 4160 accuratam
3255 4119 3537 4174 paremque
3563 4102 3820 4156 doctrina:
3859 4101 3935 4154 vi-

2369 4211 2476 4256 tam
2507 4201 2857 4263 instituamus,
2900 4208 2956 4252 ut
2985 4197 3152 4251 futura
3183 4197 3318 4251 bona
3357 4209 3764 4264 consequamur,
3809 4206 3932 4262 gra-

2369 4292 2438 4347 tia
2469 4301 2522 4346 et
2550 4289 2971 4344 miserationibus
3003 4288 3209 4342 Domini
3239 4287 3400 4340 nostri
3430 4285 3553 4339 Jesu
3586 4283 3806 4347 Christi,
3849 4280 3932 4335 cui

2369 4383 2536 4453 gloria
2563 4390 2614 4436 e:
2640 4380 2938 4448 imperium,
2969 4394 3069 4432 una
3100 4394 3218 4434 cum
3250 4379 3400 4431 Patre
3429 4387 3481 4431 et
3505 4375 3704 4444 Spiritu
3727 4383 3932 4440 sancto,

2372 4488 2513 4530 nunc
2537 4480 2592 4528 et
2619 4486 2849 4543 semper,
2880 4478 2934 4526 et
2963 4471 3013 4524 in
3038 4469 3231 4525 saecula
3259 4467 3589 4522 saeculorum.
3627 4466 3824 4520 Amen.

713 5037 3901 5074 MM

2111 5185 2484 5245 MONITUM

779 5309 1165 5388 lianc_quoqne
1212 5308 1486 5388 homiliant
1521 5312 1662 5364 eruit
1703 5309 2102 5388 latidatissimus
2134 5309 2214 5361 vir
2258 5307 2445 5388 Ericus
2479 5306 2758 5360 Benzelius
2797 5321 2859 5388 ex
2905 5306 3194 5388 godicibus
3230 5309 3536 5388 Anglicanis
3579 5321 3634 5369 et
3678 5314 3908 5388 υρεειῑεθ

707 5379 891 5433 οιίἰίιὶιι
927 5376 1022 5432 Est
1057 5387 1234 5430 autem
1258 5417 1270 5434 .
1307 5379 1447 5445 quod
1494 5389 1702 5445 spectat
1746 5380 1864 5447 ejus
1897 5387 2103 5447 partem
2132 5377 2545 5447 nonminimam
2571 5415 2586 5437 ,
2629 5376 2949 5447 praecedenti
2984 5392 3092 5430 non
3138 5376 3432 5432 dissimilis.
3463 5380 3613 5435 Licet
3656 5376 3802 5436 enim
3840 5385 3907 5439 de

710 5447 1101 5502 Melchisedeco
1124 5487 1137 5506 .
1169 5456 1226 5500 ut
1256 5448 1359 5501 fert
1389 5448 1666 5515 inscriptio
1690 5489 1705 5512 ,
1737 5445 1942 5516 agatur,
1976 5463 2084 5499 non
2127 5446 2554 5516 minimatatnen
2590 5459 2712 5516 pars
2752 5445 3203 5516 homiligcontra
3245 5448 3534 5503 Anommos
3570 5458 3672 5503 est.
3707 5453 3908 5507 Deinde

709 5531 839 5590 vero
870 5525 1056 5590 contra
1094 5512 1906 5590 Melchisedecitas‘disputatur.
1935 5517 2023 5590 qui
2055 5515 2303 5590 dicebant
2333 5514 2777 5590 Melchisedecttm
2801 5512 3078 5590 es_SeE_ili0
3109 5516 3362 5590 ῐηξὶφτθιη
3390 5532 3415 5590 ἱ,
3436 5517 3525 5590 alii
3547 5529 3726 5590 autem
3757 5531 3909 5590 Ρυιίί-

706 5585 840 5654 bant
869 5599 989 5639 esse
1017 5585 1274 5654 Spiritum
1309 5594 1548 5654 saucium
1575 5602 1588 5646 ;
1631 5581 1690 5637 ui
1731 5587 1887 5639 docet
1923 5581 2084 5638 etiam
2106 5582 2448 5654 Epiphanius
2486 5581 2682 5635 llaaresi
2707 5581 2794 5646 46,
2823 5583 2893 5636 al.
2930 5583 3020 5644 55,
3051 5581 3274 5654 quodin
3304 5585 3447 5640 notis
3477 5586 3708 5642 dicimus
3747 5581 3903 5645 infra.

711 5653 851 5712 Cave
871 5651 1233 5726 autem'putes
1253 5656 1390 5712 hanc
1420 5653 1473 5714 in
1500 5653 1948 5710 Mclchisedccum
1973 5651 2243 5708 homiliam
2260 5665 2375 5708 eam
2399 5665 2538 5717 esse,
2563 5665 2721 5722 quam
2745 5659 3129 5708 commemorat
3161 5651 3575 5724 Chrysostomns
3601 5655 3656 5711 in
3679 5659 3906 5716 Homilia
