4140 6314
188 320 297 375 255

175 414 479 483 ἀκριϐείας,
502 415 624 469 τότε
651 418 856 472 εἴσεσθε
879 420 1040 473 αὑτοῦ
1072 423 1170 491 τὴν
1199 426 1394 494 πολλὴν
1433 426 1705 496 ἐγγύτητα
1733 430 1829 497 τὴν

180 498 315 567 πρὸς
338 500 427 552 τὸν
456 505 841 572 γεγεννηκότα,
868 506 925 557 16
950 507 1361 574 ἀπαράλλακτον
1401 512 1498 579 τῆς
1527 512 1729 574 οὐσίας,
1770 515 1830 566 16

176 586 430 656 τοιαύτης
470 588 630 639 αὑτὸν
661 586 797 641 εἶναι
841 591 1044 656 οὐσίας,
1080 596 1195 656 οἵας
1220 597 1309 648 καὶ
1335 600 1361 648 6
1405 600 1611 667 Πατήρ.
1648 599 1710 650 Τί
1741 596 1831 653 οὖν

174 673 294 722 ἐστι
331 685 355 710 ι
386 673 463 735 16,
491 677 572 725 Οὐ
598 673 841 729 δύναται
864 678 963 745 ἀφ’
995 678 1241 743 ἐαυτοῦ;
1273 682 1430 735 Ἵδιόν
1476 702 1526 734 τι
1568 685 1716 753 παρά
1742 686 1827 737 τὸν

176 758 399 827 Πατέρα
453 763 644 821 ποιεῖν,
704 762 762 813 ού
810 762 1027 816 δύναται
1079 764 1223 828 ξένον
1286 768 1378 819 καὶ
1432 771 1829 840 κεχωρισμένον

175 844 329 913 παρὰ
376 845 466 897 τὸν
508 848 721 917 Πατέρα
770 853 957 911 ποιεῖν,
993 852 1117 903 οὐδὲ
1137 853 1560 924 ἠλλοτριωμένον
1596 874 1646 907 τι
1674 859 1830 927 ποιῆ-

175 947 288 994 σαι,
308 933 428 984 ούδέ
446 933 570 987 ἄλλο
585 952 633 986 τι
654 953 726 988 πα
736 938 778 1004 ρ’
796 935 821 988 ὃ
836 940 977 989 ποιεῖ
996 941 1021 991 6
1039 941 1184 1006 Πατὴ
1197 957 1243 1008 ρ’
1268 941 1301 993 ἃ
1323 944 1429 1011 γὰρ
1445 944 1645 999 ἐκεῖνος
1664 948 1825 1009 ποιεῖ,

171 1011 346 1069 ταῦτα
378 1019 470 1072 καὶ
495 1015 645 1083 οὗτος
671 1026 828 1075 ποιεί.
856 1024 924 1075 T6
946 1020 1058 1088 οὖν,
1103 1026 1225 1093 Ἀφ’
1258 1028 1471 1081 ἑαυτοῦ
1489 1032 1559 1082 οὐ
1582 1030 1825 1085 δύναται

174 1104 392 1165 ποιεῖν,
433 1106 530 1157 οὐκ
570 1107 877 1177 ἐλευθερίας
912 1110 1203 1179 ἀναίρεσις,
1229 1114 1343 1164 οὐδὲ
1374 1115 1615 1179 ἐξουσίας
1641 1119 1829 1185 ἀφανι-

177 1191 334 1257 σμδς,
371 1191 485 1242 ἀλλ’
509 1194 753 1260 ὁμονοίας
771 1195 1057 1259 ἀπόδειξις,
1086 1200 1175 1250 καὶ
1200 1204 1508 1269 συμφωνίας
1534 1206 1823 1273 μαρτυρία,

176 1277 269 1327 καὶ
328 1278 589 1347 ἀκριϐοῦς
624 1280 939 1349 ἐγγύτητος,
993 1283 1086 1335 καὶ
1136 1285 1537 1354 ἀπαραλλαξίας
1584 1295 1823 1359 σημεῖον.

188 1360 408 1431 Ἐπειδὴ
437 1364 540 1433 γάρ
568 1364 628 1415 τὸ
654 1365 918 1419 σάϐϐατον
946 1367 1120 1432 ἔλυσε,
1166 1372 1257 1423 καὶ
1298 1376 1638 1443 παρανομίαν
1680 1378 1827 1446 αύτῷ

175 1447 465 1499 ἐνεκάλουν
490 1448 731 1515 λέγοντες
752 1468 763 1479 ·
786 1449 948 1503 Ἀλλα
968 1452 1066 1520 μέν
1084 1456 1109 1507 6
1136 1454 1266 1517 Θεὸς
1296 1458 1570 1521 ἐπέταξεν,
1610 1461 1742 1513 ἄλλα
1769 1464 1825 1514 δέ

178 1534 241 1584 σὺ
277 1535 449 1595 ποιεῖς
477 1549 489 1563 ·
523 1534 721 1604 ταύτην
745 1538 1070 1607 ἐμφράττων
1107 1541 1284 1594 αὐτῶν
1323 1543 1417 1612 τὴν
1444 1545 1824 1615 ἀναισχυντίαν

174 1617 322 1683 λέγει
345 1632 360 1647 “
382 1620 495 1673 Οὐκ
516 1619 663 1673 ἔστιν
688 1622 777 1675 ὑπ’
809 1622 939 1692 ἐμοῦ
962 1623 1087 1676 ἀλλο
1117 1643 1166 1677 τι
1200 1630 1558 1697 γεγενημένον
1590 1634 1736 1702 παρά
1764 1637 1824 1686 16

173 1705 462 1773 γενόμενον
490 1706 594 1759 6116
616 1707 708 1761 τοῦ
740 1709 947 1777 Πατρός
966 1726 978 1741 ·
1010 1711 1126 1764 ούδέ
1148 1713 1382 1776 ἐναντίος
1402 1716 1561 1767 αὑτοῦ
1587 1720 1699 1787 εἰμι
1735 1722 1824 1772 καὶ

175 1789 451 1858 πολέμιος.
485 1791 547 1842 El
574 1791 631 1844 δέ
667 1793 739 1861 μὴ
766 1792 936 1857 οὕτως
976 1790 1147 1861 εἶπεν,
1195 1798 1309 1850 ἀλλ’
1353 1800 1824 1874 ἀνθρωπινώτερον

170 1874 269 1925 καὶ
289 1875 593 1946 παχύτερον
624 1879 711 1930 τὸν
740 1877 891 1947 λόγον
912 1883 1287 1951 ἐσχημάτιζεν,
1314 1887 1562 1956 ἐννόησον
1588 1891 1665 1942 ὅτι
1692 1892 1825 1959 πρὸς

186 1960 473 2023 Ἰουδαίους
512 1962 795 2032 διελέγετο,
840 1968 963 2030 τοὺς
996 1970 1233 2024 ἀντίθεον
1279 1973 1438 2025 αὑτὸν
1487 1976 1820 2044 νομίζοντας.

169 2047 272 2099 Διά
294 2064 376 2099 τοι
412 2048 569 2101 τοῦτο
600 2051 693 2102 καὶ⁹
725 2053 931 2121 ταχέως
970 2057 1260 2126 ἐπήγαγεν,
1307 2060 1389 2113 ἵνα
1431 2062 1614 2129 μηδεὶς
1660 2065 1824 2133 μηδὲν

168 2134 409 2186 τοιοῦτον
431 2135 739 2208 ὑποπτεύσῃ
763 2154 773 2165 ·
799 2138 948 2211 [264]
972 2143 1044 2197 Td
1065 2144 1171 2211 γὰρ
1182 2144 1340 2213 ἔργα,
1355 2145 1391 2198 ᾰ
1409 2147 1634 2212 ἐκεῖνος
1649 2149 1819 2213 ποιεῖ,

168 2220 356 2272 ταῦτα
382 2222 483 2274 καὶ
523 2227 554 2276 ό
588 2225 717 2290 Υἱός
745 2229 955 2293 ὁμοίως
993 2230 1158 2284 ποιεῖ.
1204 2232 1264 2283 El
1293 2232 1348 2283 δὲ
1384 2234 1547 2302 μηδὲν
1573 2238 1663 2303 αφ’
1695 2238 1822 2288 ἐαυ-

165 2305 263 2355 τοῦ
298 2310 462 2369 ποιεῖ,
498 2310 611 2371 πῶς
637 2311 835 2380 ὁμοίως
867 2315 1039 2379 ποιεῖς
1070 2316 1142 2373 Οὐ
1175 2316 1279 2387 γάρ
1305 2317 1362 2371 16
1397 2321 1613 2389 ποιῆσαι
1646 2321 1784 2390 μέγα
1805 2337 1819 2352 °

166 2389 326 2443 τοῦτο
355 2392 465 2461 γάρ
511 2394 603 2446 καὶ
636 2397 681 2447 οί
712 2396 991 2449 ἀπόστολοι
1035 2401 1266 2464 ἐποίουν,
1317 2404 1540 2471 νεκροὺς
1583 2404 1819 2473 ἡγειρον,

166 2475 404 2545 λεπροὺς
429 2480 714 2550 ἐκάθηρον,
745 2482 857 2536 ἀλλ’
900 2485 995 2553 οὐχ
1054 2487 1282 2555 Ὁμοίως
1318 2489 1392 2549 ὼς
1427 2490 1605 2551 αὑτός.
1666 2491 1823 2542 Ἀλλά

167 2563 287 2623 πῶς
315 2567 545 2632 ἐκεῖνοι;
583 2570 641 2620 Τί
674 2568 815 2637 ἡμῖν
843 2572 1183 2639 προσέχετε,
1222 2576 1300 2638 ώς
1336 2576 1451 2641 ἰδίᾳ
1490 2575 1733 2644 δυνάμει
1782 2579 1819 2644 ἢ

162 2649 420 2715 ἐξουσίᾳ
456 2657 808 2720 πεποιηκόσι
839 2657 941 2709 τοῦ
967 2661 1307 2724 περιπατεῖν
1340 2664 1562 2725 αὺτόν;
1604 2664 1724 2725 Πῶς
1765 2664 1821 2719 δὲ

177 2735 417 2803 Ἰησοῦςς
463 2738 597 2790 “Ira
636 2740 849 2808 εἰδῆτε,
882 2742 968 2795 ὅτι
1003 2732 1292 2807 ἐξουσίαῶ
1323 2748 1445 2815 ἔχει
1474 2752 1506 2801 ὀ
1548 2751 1676 2814 Υἱὸς
1714 2751 1822 2805 τοῦ

162 2821 480 2887 ἀνθρώπου
513 2825 744 2891 ἀφιέναι
770 2830 1049 2895 ἁμαρτίας
1077 2832 1172 2884 ἐπὶ
1208 2831 1315 2898 τῆς
1346 2833 1456 2901 γῆς
1476 2850 1488 2863 ·
1529 2837 1620 2888 καὶ
1662 2838 1821 2890 πάλιν

161 2907 258 2957 ἐπὶ
306 2908 406 2976 τῆς
459 2909 567 2960 τῶν
605 2912 812 2981 νεκρῶν
852 2915 1193 2981 ἀναστάσεως
1218 2934 1232 2949 ο
1268 2919 1487 2986 Ὥσπερ
1522 2924 1554 2973 ὁ
1619 2924 1818 2991 Πατὴρ

161 2992 375 3057 ἐγείρει
407 2994 548 3058 τοὺς
579 2999 827 3063 νεκροὺς
860 3001 956 3053 ναὶ
988 3000 1263 3065 ζωοποιεῖ,
1293 3005 1475 3068 οὕτως
1503 3006 1595 3059 καὶ
1628 3011 1659 3059 ό
1693 3008 1821 3072 Υἱὸς

162 3077 270 3141 οὓς
296 3079 457 3132 θέλει
479 3078 756 3139 ζωοποιεῖ.
795 3087 985 3138 Καίτοι
1025 3089 1180 3158 ἤρκει
1210 3090 1290 3150 16,
1330 3089 1512 3152 Οὕτως
1536 3109 1547 3121 ·
1598 3093 1711 3144 ἀλλ’
1757 3097 1818 3146 ἐκ

163 3166 488 3231 περιουσίας
517 3166 610 3235 τὴν
632 3168 1004 3238 ἀναισχυντίαν
1018 3174 1124 3225 τῶν
1142 3175 1457 3242 φιλονεικεῖν
1489 3177 1819 3247 βουλομένων

162 3250 529 3313 ἀναστέλλων,
563 3254 655 3305 καὶ
683 3254 763 3319 16,
794 3256 958 3309 Θέλει
981 3298 994 3321 ,
1037 3260 1341 3331 προσέθηκε
1368 3304 1380 3325 ,
1409 3264 1564 3333 δῆλον
1595 3268 1674 3317 ὅτι
1703 3268 1817 3335 μετ’

162 3335 419 3397 ἐξουσίας
466 3339 696 3408 ἀπάσης.
754 3342 850 3396 Διά
894 3342 1047 3396 τοῦτό
1086 3362 1248 3414 φησι·
1300 3349 1373 3401 Τὰ
1432 3350 1537 3417 γὰρ
1572 3354 1732 3419 ἔργα.
1782 3352 1821 3406 d

161 3419 402 3485 ἐκεῖνος
440 3424 617 3476 ποιεῖ’
667 3427 765 3478 οὐκ
804 3424 941 3492 εἷπε,
996 3431 1217 3485 τοιαῦτα
1273 3436 1360 3486 καὶ
1399 3438 1432 3488 ὁ
1488 3438 1617 3503 Υἱὸς
1646 3439 1817 3503 ποιεῖ,

162 3506 284 3557 ἀλλ’
312 3508 453 3559 αὐτὰ
478 3510 656 3563 ἐκεῖνα
685 3514 717 3565 ὁ
750 3513 877 3580 Υἱὸς
920 3518 1088 3570 ποιεῖ.
1136 3520 1336 3572 Πάντα
1382 3522 1487 3588 γὰρ
1531 3524 1602 3575 δι’
1636 3526 1820 3579 αὑτοῦ

159 3592 425 3659 ἐγένετο,
468 3597 562 3648 καὶ
603 3598 777 3664 χωρὶς
827 3603 1008 3655 αὐτοῦ
1055 3605 1287 3673 ἐγένετο
1334 3609 1475 3661 οὐδὲ
1512 3610 1597 3661 ἓν.
1659 3613 1819 3684 Ὀρᾷς

163 3677 290 3740 πῶς
336 3680 566 3735 συνωθεῖ
607 3683 696 3737 τὸν
740 3683 891 3753 λόγον
932 3690 1011 3751 είς
1052 3691 1250 3760 ἀκριϐῆ
1280 3694 1306 3733 δ
1330 3711 1445 3747 τινα
1472 3697 1693 3767 ἑνότητα
1721 3677 1818 3752 καὶ

163 3764 465 3830 συνάφειαν
494 3768 587 3818 και
613 3768 902 3840 ἐγγύτητα,
928 3775 986 3825 ού
1022 3777 1242 3829 τοιαῦτα
1275 3779 1461 3845 λέγων,
1494 3764 1812 3849 ἀλλ’,Αὺτὰ,

161 3849 280 3911 καὶ,
332 3848 585 3917 Ὁμοίως,
624 3853 812 3921 λέγων,
853 3858 925 3921 ώς
966 3860 1180 3933 Πατήρς
1216 3867 1312 3917 Διά
1342 3866 1402 3936 δὴ
1441 3868 1593 3919 τοῦτο
1633 3873 1723 3923 καὶ
1760 3848 1816 3923 ἐν

160 3937 229 4003 τῇ
290 3938 690 4003 συγκαταϐάσει
738 3944 827 3995 τοῦ
888 3946 1040 4013 λόγου
1098 3951 1444 4020 σχηματίζων
1488 3956 1666 4021 αὑτὸν,
1725 3959 1816 4011 καὶ

163 4021 285 4072 ἐκεῖ
318 4026 457 4112 μετά
509 4027 802 4095 ἀσφαλείας
849 4034 1044 4104 πολλῆς
1097 4038 1361 4107 ἐχρήσατο
1411 4045 1473 4111 τῇ
1508 4045 1680 4112 ῥήσει.
1741 4047 1812 4098 Οὐ

159 4108 274 4200 γὰρ
312 4104 486 4174 εἶπεν,
532 4113 625 4200 ἐάν
674 4119 744 4184 μή
796 4134 845 4169 τι
898 4104 1397 4196 διδάσκηταινπαρά
1562 4104 1809 4200 ’Πατρὸῇ

162 4192 252 4245 ἵνα
324 4197 402 4283 μὴ
485 4199 850 4269 μαθητεύοντα
933 4210 1091 4260 αὐτὸν
1164 4192 1493 4283 είσαγάγῃς·
1540 4218 1655 4268 ούδέ

162 4294 287 4343 πεν,
317 4282 413 4332 ἐὰν
443 4288 514 4355 μή
539 4302 591 4337 τι
617 4288 921 4359 κελεύηται,
948 4295 1030 4346 ἵνα
1055 4297 1131 4367 μὴ
1152 4298 1247 4366 τῆς
1268 4300 1370 4351 τῶν
1394 4282 1589 4354 δούλων
1611 4306 1813 4370 τάξεως

164 4368 518 4458 ὑποπτεύσῃς
544 4390 557 4404 ·
589 4374 742 4440 ἀλλά,
770 4379 867 4430 Ἂν
897 4381 976 4447 μή
999 4398 1052 4435 τι
1079 4384 1282 4454 ,βλέπῃ
1310 4388 1415 4439 τὸν
1443 4393 1669 4458 Πατέρα
1691 4368 1813 4447 ποιξ

163 4453 375 4549 ear-ta.
425 4458 532 4510 Καὶ
563 4461 717 4514 τοῦτο
757 4463 812 4517 δέ
862 4467 992 4521 αὐτὸ
1040 4470 1237 4539 πολλῆς
1274 4473 1407 4541 πρὸς
1456 4476 1544 4527 τὸν
1592 4453 1812 4549 Πατέρα

161 4540 486 4609 ἐγγύτητος,
532 4548 625 4599 καὶ
667 4548 837 4613 οὕτως
875 4555 1176 4624 εἰρημένον.
1218 4560 1278 4610 Εί
1320 4540 1424 4628 γάρ
1463 4562 1679 4617 δύναται
1722 4540 1812 4618 τὸν

223 4638 249 4707 ξ
279 4628 609 4707 quaedam
633 4635 840 4707 deerant
876 4637 926 4686 in
963 4640 1248 4692 Benzellana
1272 4646 1411 4705 edin,
1445 4660 1555 4707 quae
1606 4663 1667 4699 ex
1726 4652 1814 4702 Ot-

164 4689 264 4737 lob.
299 4693 522 4740 restituta
546 4702 678 4743 sunt.

157 4751 609 4871 plglltldiquedam
649 4758 829 4806 desunt
864 4760 912 4809 in
935 4760 1150 4824 Benzel.,
1192 4778 1301 4826 quae
1356 4779 1416 4814 ex
1479 4769 1644 4819 Ottob.
1700 4785 1813 4836 sup-

1134 330 1202 385 lN
1236 331 1458 398 ILLUD,
1501 334 1721 390 FILIUS
1756 336 1846 390 ex
1885 337 1967 392 se
2003 338 2184 394 NIHIL
2233 341 2455 411 FACIT,
2490 315 2641 403 ETC.

3448 348 3561 404 256

1934 432 2149 501 Πατέρα
2178 436 2307 504 όρᾷν
2338 436 2719 506 ἐργαζόμενον,
2761 438 2855 491 καὶ
2889 440 3085 492 ειδέναι
3114 440 3228 502 πῶς
3258 442 3579 513 ἐργάζηται,

1932 519 2025 586 τῆς
2063 519 2230 587 αὐτῆς
2268 521 2414 573 ἐστιν
2439 523 2641 586 οὐσίας.
2676 525 2936 589 Πολλάκις
2982 528 3088 595 γὰρ
3132 528 3222 579 καὶ
3271 529 3579 598 ἔμπροσθεν

1930 604 2304 673 ἀπεδείξαμεν,
2354 607 2433 658 ὅτι
2478 608 2662 661 οὐσίαν
2710 611 2879 673 οὐδεὶς
2932 612 3059 664 ίδεῖν
3110 614 3328 665 δύναται
3368 626 3389 653 ε
3443 618 3580 685 μετὰ

1931 688 2230 769 ἀκριϐείας,
2280 691 2398 743 ούδέ
2447 693 2647 759 γνῶναι
2677 696 2879 761 σαφῶς,
2909 698 3006 749 ἐὰν
3046 698 3118 767 μὴ
3152 699 3248 767 τῆς
3278 699 3447 769 αὐτῆς
3484 701 3578 766 φύ-

1932 786 2067 831 σεως
2182 773 2441 839 Ἀγγελον
2471 776 2601 840 γοῦν
2640 780 2815 846 γυμνῇ
2851 781 2916 847 τῇ
2952 779 3107 847 οὐσίᾳ
3137 767 3575 849 παραγενόμενον

1930 852 2210 921 ἄνθρωπος
2245 857 2370 910 ίδεῖν
2402 860 2500 910 ούκ
2533 861 2765 930 ἠδυνήθη
2788 902 2801 919 ,
2847 862 2938 913 καὶ
2987 863 3157 916 ταῦτα
3197 864 3361 935 πολλῇ
3405 867 3569 936 ἀρετῇ

1928 942 2333 1009 κεκοσμημένος
2362 946 2388 995 6
2415 945 2627 1013 Δανιήλ.
2656 946 2753 997 Διά
2769 946 2830 1015 δὴ
2853 948 3008 998 τοῦτο
3030 948 3104 1007 ὡς
3128 949 3399 1017 ἐξαίρετον
3422 952 3578 1004 τοῦτο

1928 1023 1985 1076 6v
2010 1027 2172 1079 αὐτοῦ
2203 1029 2299 1097 τῆς
2320 1030 2529 1097 φύσεως
2550 1031 2713 1084 ἐτίθει
2733 1032 2903 1099 λέγων
2924 1050 2937 1062 ·
2970 1034 3115 1086 Θεὸν
3133 1034 3329 1101 οὐδεὶς
3360 1035 3579 1103 ἑώρακε

1929 1112 2159 1166 πώποτε
2183 1132 2195 1145 ·
2229 1119 2259 1167 ό
2283 1117 2618 1185 μονογενὴς
2637 1118 2784 1182 Υἱὸς,
2814 1123 2845 1171 ὀ
2867 1116 2951 1170 ὢν
2975 1122 3060 1183 είς
3088 1120 3192 1172 τὸν
3214 1123 3444 1175 κόλπον
3474 1124 3576 1176 τοῦ

1931 1202 2173 1265 Πατρός,
2204 1202 2431 1267 ἐκεῖνος
2450 1203 2806 1271 ἐξηγήσατο.
2842 1206 2950 1257 Καὶ
2981 1205 3141 1258 πάλιν
3161 1224 3172 1236 ·
3202 1210 3324 1275 Οὐχ
3354 1208 3441 1261 ὅτι
3470 1209 3577 1263 τὸν
3630 1229 3633 1231 ί

1927 1285 2155 1352 Πατέρα
2186 1304 2274 1351 τις
2301 1288 2577 1355 ἑώρακεν,
2608 1294 2655 1343 εί
2681 1290 2765 1359 μὴ
2793 1295 2823 1343 ό
2855 1291 2937 1343 ὢν
2959 1293 3116 1359 παρὰ
3143 1294 3246 1346 τοῦ
3272 1295 3437 1353 Θεοῦ.
3473 1297 3577 1349 αὺ-

1927 1371 2027 1434 τὸς
2055 1370 2273 1437 ἑώρακε
2294 1374 2397 1426 τὸν
2423 1374 2672 1443 Πατέρα.
2695 1376 2887 1429 Καίτοι
2918 1377 3100 1430 πολλοὶ
3129 1374 3267 1431 εἶδον
3290 1381 3382 1431 καὶ
3404 1379 3573 1445 ἄλλοι,

1928 1456 2222 1525 προφῆται,
2277 1461 2370 1512 καὶ
2412 1463 2765 1532 πατριάρχαι,
2815 1464 2907 1515 καὶ
2940 1464 3155 1526 δίκαιοι,
3192 1466 3285 1517 καὶ
3318 1465 3570 1533 ἄγγελοι·

1926 1540 2060 1593 ἀλλά
2089 1544 2186 1612 τὴν
2220 1545 2419 1616 ἀκριϐῆ
2452 1546 2595 1614 λέγει
2620 1548 2839 1615 γνῶσιν.
2885 1550 2959 1600 Οὐ
2996 1551 3102 1619 μὴν
3140 1549 3293 1602 τοῦτο
3324 1551 3572 1620 ἐροῦμεν,

1927 1628 2006 1680 ὅτι
2040 1627 2247 1696 βλέπων
2269 1631 2428 1684 αὑτὸν
2460 1632 2579 1684 τότε
2605 1635 2778 1685 ποιεῖ’
2812 1634 2934 1686 ἐπεὶ
2959 1635 3037 1700 τὸ,
3069 1636 3269 1687 Πάντα
3293 1636 3365 1688 δι⁹
3389 1636 3574 1691 αὑτοῦ

1926 1714 2177 1781 ἐγένετο,
2218 1717 2314 1769 καί
2361 1718 2534 1785 χωρὶς
2566 1718 2749 1772 αὑτοῦ
2786 1719 3017 1788 ἐγένετο
3056 1721 3193 1774 οὐδὲ
3221 1721 3308 1784 ἓν,
3358 1722 3475 1785 πῶς
3508 1723 3575 1776 ἂν

1925 1798 2035 1868 ἐχοι
2084 1799 2264 1867 λόγον;
2308 1804 2398 1855 καὶ
2434 1804 2515 1866 16,
2552 1804 2627 1856 Td
2664 1804 2826 1872 ἔργα,
2856 1805 2892 1857 ἃ
2916 1805 3146 1869 ἐκεῖνος
3186 1807 3355 1869 ποιεῖ,
3388 1807 3574 1862 ταῦτα

1924 1884 2022 1937 καὶ
2057 1888 2089 1937 ό
2132 1884 2259 1951 Υίὸς
2288 1888 2497 1954 ὁμοίως
2535 1889 2724 1951 ποιεῒ;
2765 1891 2825 1942 Et
2860 1890 2969 1960 γὰρ
3018 1891 3218 1960 ὁμοίως
3259 1895 3422 1955 ποιεῖ,
3456 1893 3571 1957 πῶς

1927 1970 2134 2039 βλέπων
2169 1971 2329 2025 αὐτὸν
2359 1973 2624 2045 πρότερον
2649 1975 2769 2027 τότε
2799 1979 2940 2028 ποιεῖ
2965 1994 2978 2041 ;
3022 1977 3258 2047 Ἀνάγκη
3286 1980 3393 2050 γὰρ
3421 1979 3572 2032 ἐσται

1924 2056 2066 2109 κατά
2110 2059 2197 2111 16v
2234 2059 2323 2111 σὸν
2354 2058 2530 2126 λόγον,
2576 2060 2670 2112 καὶ
2703 2060 2791 2112 τὸν
2825 2062 3042 2129 Πατέρα
3085 2062 3346 2130 βλέποντα
3385 2064 3571 2134 ἓτερον

1924 2142 2284 2211 ἐργαζόμενον
2331 2143 2501 2207 οὕτως
2531 2148 2736 2198 ποιεῖν’
2781 2146 2916 2216 ὅπερ
2959 2147 3192 2218 ἐσχάτης
3234 2150 3429 2218 μανίας
3476 2150 3573 2202 καὶ

1924 2227 2105 2289 ἀνοίας
2129 2228 2293 2282 ἐστίν.

2006 2312 2143 2364 Ἀλλ’
2172 2313 2255 2365 ἴνα
2288 2312 2361 2384 μὴ
2386 2313 2452 2366 τά
2475 2313 2668 2385 ἀσθενῆ
2696 2315 2862 2369 ταῦτα
2890 2316 3247 2388 διελέγχοντες
3270 2321 3362 2373 καὶ
3376 2322 3567 2385 ἄτοπα,

1926 2396 2250 2467 μηκύνωμεν
2284 2397 2372 2450 τὸν
2402 2398 2577 2467 λόγον,
2614 2401 2787 2453 ἐκεῖνο
2816 2402 3075 2472 ἐροῦμεν·
3111 2405 3188 2456 ὅτι
3228 2406 3411 2475 ἐπειδὴ
3437 2407 3571 2475 πρὸς

1936 2483 2218 2547 Ἰουδαίους
2245 2484 2272 2535 ό
2311 2484 2465 2551 λόγος
2498 2480 2564 2555 ἦν
2598 2487 2766 2555 αὐτῷ,
2801 2490 2923 2550 τοὺς
2952 2490 3194 2543 ἀντίθεον
3233 2492 3393 2543 αὑτὸν
3432 2488 3571 2545 εἷναι

1922 2568 2179 2635 λέγοντας
2208 2570 2302 2623 καὶ
2326 2572 2581 2640 πολέμιον
2609 2571 2684 2640 τῷ
2714 2572 2997 2644 νομοθέτῃ,
3035 2577 3125 2627 καὶ
3152 2577 3257 2629 ἀπὸ
3289 2579 3394 2629 τῶν
3425 2595 3571 2645 γινο-

1925 2656 2100 2723 μένων
2127 2657 2283 2709 τοῦτο
2326 2656 2697 2723 συλλέγοντας,
2735 2659 2822 2711 διὰ
2854 2659 3008 2713 τοῦτο
3033 2660 3181 2732 [265]
3211 2663 3381 2726 οὕτως
3407 2665 3570 2733 ἐσχη-

1926 2743 2119 2811 μάτισε
2158 2744 2247 2795 τὸν
2295 2744 2449 2811 λόγον
2485 2744 2962 2814 ἀνθρωπινώτερον
3001 2748 3093 2798 καὶ
3122 2749 3442 2818 παχύτερον,
3491 2750 3569 2819 τῷ

1925 2826 2124 2895 συνετῷ
2169 2828 2407 2897 ἀκροατῇ
2460 2830 2879 2897 καταλιμπάνων
2914 2831 3107 2883 εἰδέναι
3158 2833 3253 2901 τὴν
3293 2833 3567 2905 θεοπρεπῆ

1921 2911 2145 2976 ἔννοιαν,
2173 2914 2265 2964 καὶ
2291 2914 2415 2975 τοὺς
2436 2912 2737 2984 παχύτερόν
2757 2931 2807 2966 τι
2836 2914 3143 2977 ἐννοοῦντας
3159 2916 3535 2988 διορθούμενος
3552 2938 3566 2951 ·

1919 2993 1999 3046 διδ
2038 2994 2204 3062 ἔφησε
2226 3010 2239 3025 ·
2280 2995 2354 3047 Τὰ
2380 2993 2488 3060 γὰρ
2508 2996 2651 3061 ἔργα
2672 2996 2708 3046 d
2741 2995 2968 3061 ἐκεῖνος
2995 2998 3167 3061 ποιεῖ,
3200 3000 3380 3051 ταῦτα
3410 3001 3507 3052 καὶ
3537 3004 3570 3053 ό

1928 3081 2060 3143 Υἱὸς
2094 3081 2299 3147 ὁμοίως
2329 3080 2499 3133 ποιεῖ.
2549 3081 2620 3133 Ού
2655 3082 2763 3150 γὰρ
2809 3082 2871 3151 δὴ
2916 3084 3169 3151 ἀναμένει
3213 3085 3301 3137 16v
3350 3087 3569 3157 Πατέρα

1925 3162 2050 3214 ίδεῖν
2067 3162 2449 3233 ἐργαζόμενον,
2472 3164 2563 3215 καὶ
2584 3162 2703 3214 τότε
2727 3166 2887 3226 ποιεῖ,
2907 3164 3025 3216 ούδέ
3053 3166 3345 3235 μαθητείας
3365 3167 3533 3219 δεῖται
3549 3182 3565 3197 ·

1920 3241 2035 3294 ἀλλ’
2056 3244 2156 3312 ὁρᾷ
2190 3243 2289 3312 μὲν
2322 3241 2485 3295 αὑτοῦ
2509 3250 2603 3313 την
2636 3242 2840 3306 οὐσίαν,
2867 3244 2959 3295 καὶ
2996 3239 3133 3296 οἶδεν
3162 3246 3328 3315 αὐτὴν
3349 3248 3530 3314 σαφῶς
3549 3264 3564 3280 ·

1919 3324 2191 3391 Καθάπερ
2220 3325 2327 3392 τὰρ
2350 3324 2622 3394 γινώσκει
2641 3342 2736 3393 με,
2773 3327 2956 3396 φησιν,
2988 3331 3020 3380 ὀ
3046 3329 3268 3395 Πατὴρ,
3296 3330 3454 3399 κάγὼ
3482 3348 3569 3397 γι-

1918 3410 2129 3463 νώσκω
2151 3410 2256 3463 τὸν
2277 3410 2504 3477 Πατέρα
2524 3427 2537 3440 ο
2563 3411 2849 3481 ἐργάζεται
2875 3412 2930 3464 δέ
2956 3415 3163 3465 ἅπαντα
3192 3416 3285 3466 καὶ
3305 3415 3366 3484 δη
3377 3431 3566 3484 μιουρ-

1918 3499 2005 3563 γεῖ
2038 3496 2153 3565 μετ’
2198 3495 2443 3561 ἐξουσίας
2489 3496 2585 3565 τῆς
2628 3497 2772 3566 αὐτῷ
2812 3498 3207 3568 προσηκούσης,
3271 3500 3405 3569 μετὰ
3446 3517 3569 3552 συν-

1920 3582 2083 3642 έσεως
2114 3580 2207 3632 καὶ
2226 3581 2413 3649 σοφίας
2441 3581 2539 3649 τῆς
2566 3581 2713 3651 αὐτῷ
2733 3583 3353 3653 συγκεκληρωμένης,οὐ
3380 3585 3569 3653 δεόμε-

1919 3678 2006 3723 νος
2040 3661 2346 3731 μανθάνειν,
2378 3662 2438 3714 ού
2480 3663 2727 3733 δεόμενος
2761 3665 2904 3717 ίδεῖν.
2955 3664 3078 3726 Πῶς
3108 3668 3213 3736 γὰρ
3247 3667 3563 3737 ἀπηκριϐωσ

1922 3750 2055 3817 μένη
2089 3748 2245 3800 είκὼν
2277 3749 2411 3818 πρὸς
2434 3747 2523 3801 16v
2552 3751 2911 3817 γεγεννηκότα
2938 3749 3010 3802 ὢν
3035 3753 3127 3803 καὶ
3157 3752 3356 3820 ὁμοίως
3389 3754 3566 3805 πάντα

1918 3834 2106 3905 ἐκείνῳ
2138 3835 2323 3896 ποιῶν,
2352 3838 2445 3889 καὶ
2476 3836 2609 3904 μετά
2639 3839 2735 3905 τῆς
2765 3837 2932 3904 αὐτῆς
2959 3837 3268 3907 δυνάμεως;
3295 3837 3427 3909 Περὶ
3456 3840 3564 3909 γάρ

1916 3920 2190 3989 δυνάμεως
2238 3921 2613 3990 διαλεγόμενος
2649 3921 2819 3974 ταῦτα
2863 3924 3106 3991 ἐπήγαγε
3148 3923 3354 3990 λέγων’
3418 3924 3563 3992 Ἐγὼ

1918 4006 2015 4059 καί
2042 4009 2073 4059 ό
2098 4006 2299 4072 Πατὴρ
2327 4007 2395 4058 ἓν
2418 4007 2621 4073 ἐσμεν.
2658 4004 2841 4059 Ταῦτα
2876 4004 2967 4058 οὖν
2997 4007 3207 4060 ᾶπαντα
3239 4010 3436 4072 είδότες
3469 4010 3562 4063 καὶ

1917 4092 2371 4157 ἀποσυλλέξαντες
2390 4090 2458 4143 τά
2487 4094 2605 4162 είρη
2616 4092 2770 4160 μένα,
2796 4092 3258 4162 ἀποστρεφώμεθα
3282 4096 3389 4146 τῶν
3413 4097 3563 4165 alpe-

1918 4178 2081 4229 τικῶν
2111 4180 2235 4240 τοὺς
2278 4177 2583 4244 συλλόγους,
2626 4179 2875 4247 ἐχώμεθα
2905 4179 2959 4230 δὲ
2986 4180 3243 4246 διηνεκῶς
3271 4180 3368 4248 τῆς
3397 4183 3561 4251 ὀρθῆς

1917 4262 2171 4323 πίστεως.
2204 4262 2296 4314 καὶ⁵
2330 4261 2444 4330 βίον
2477 4262 2674 4331 ἀκριϐῆ
2712 4264 2802 4313 καὶ
2843 4262 3113 4313 πολιτείαν
3144 4266 3254 4325 τοῖς
3301 4263 3561 4332 δόγμασιν

1916 4345 2035 4412 ῖσην
2086 4343 2511 4412 ἐπιδειξώμεθα,
2570 4344 2654 4394 ἵνα
2698 4342 2805 4393 τῶν
2872 4343 3167 4412 μελλόντων
3214 4344 3560 4414 ἐπιτύχωμεν

1916 4430 2151 4498 ἀγαθῶν,
2187 4430 2366 4499 χάριτι
2399 4430 2493 4481 καὶ
2514 4431 2814 4497 οίκτιρμοῖς
2837 4428 2928 4482 τοῦ
2957 4431 3159 4499 Κυρίου
3192 4430 3346 4498 ἡμῶν
3385 4432 3558 4501 Ἰησοῦ

1912 4517 2169 4587 Χριστοῦ,
2199 4512 2243 4584 ᾧ
2288 4520 2321 4587 ἡ
2348 4516 2493 4582 δόξα,
2522 4521 2615 4570 καὶ
2650 4518 2712 4570 16
2742 4518 2959 4587 κράτος,
2998 4518 3112 4586 ἅμα
3139 4518 3216 4589 τῷ
3255 4522 3427 4591 Πατρὶ
3465 4525 3559 4577 καὶ

1911 4604 1987 4673 τῷ
2020 4604 2159 4672 ἀγίῳ
2208 4604 2505 4673 Πνεύματι,
2553 4603 2645 4657 νῦν
2689 4604 2782 4657 καὶ
2824 4604 2931 4667 ἀεὶ,
2967 4605 3060 4657 καὶ
3094 4608 3172 4668 είς
3207 4609 3333 4671 τοὺς
3358 4609 3558 4675 αίῶνας

1912 4691 2017 4743 τῶν
2054 4690 2282 4744 αἰώνων.
2324 4692 2378 4742 Ἀ
2390 4691 2515 4759 μήν.

1975 4778 1997 4806 ο
2025 4775 2103 4825 Sic
2123 4781 2257 4825 recte
2278 4774 2443 4826 Ottob.
2471 4776 2525 4825 In
2544 4776 2732 4839 Anglic.
2765 4778 2835 4826 ὅτι
2856 4779 3020 4827 οὐσίαν
3053 4782 3155 4828 οἵαν
3202 4783 3315 4831 ἰδεῖν
3364 4782 3419 4832 οὐ
3468 4778 3556 4833 δῦ·

1910 4853 2060 4885 ναται.

275 5022 3452 5096 W

1184 5183 1290 5242 AD
1332 5181 1741 5244 IIOMILIAM
1781 5186 1884 5245 DE
1918 5188 2543 5255 MELCHISEDECO.

263 5297 320 5351 in
352 5297 622 5395 Pselm'um
646 5297 2142 5395 ‘11,“qu:i‘uferﬁafpnoiitinoiies:iufeeluipjeupru‘rsuq
2169 5311 2357 5395 ordine
2388 5312 2530 5367 edita
2560 5315 2677 5370 fuit.
2706 5316 2835 5373 Nam
2863 5330 2921 5376 ut
2948 5323 3018 5379 ibi
3048 5327 3290 5395 pluribus
3322 5346 3466 5388 com-

260 5374 619 5440 mopstralur,
645 5381 707 5420 ea
741 5368 895 5440 eujus
924 5368 995 5440 ibi
1027 5372 1229 5440 mentio
1257 5371 1502 5435 habetur,
1530 5380 1612 5425 est
1642 5374 1867 5440 septima
1902 5368 2088 5430 eontra
2117 5378 2348 5433 Judaeos.

338 5433 455 5497 Quo
488 5442 729 5537 lemuore
761 5435 897 5514 hane
925 5437 1120 5490 dixerit
1155 5433 1570 5537 Chry_sostonig_s
1592 5433 1793 5537 ,qruillo
1829 5460 2115 5522 poesumus
2161 5448 2359 5529 indicio
2387 5455 2620 5520 assequi.
2656 5455 2797 5509 Nihil
2836 5459 2980 5513 enim
3009 5463 3113 5537 _hic
3153 5479 3462 5537 comparet,

382 5517 485 5537 nnn
525 5516 596 5537 nn
626 5518 709 5537 am
768 5518 887 5537 ann:
940 5518 1128 5537 nrnnrn
1169 5523 1434 5537 nnco‘rnno
1545 5524 1629 5537 Iml
1660 5520 1861 5537 I.n-ﬂ--A
1909 5525 2165 5537 .n-,.._n__.._
2220 5519 2429 5537 __-)-.,_u,
2493 5525 2507 5537 ι
2570 5524 2600 5537 ,α
2676 5525 2687 5537 1
2716 5526 2723 5535 ι

264 5518 334 5554 cx
382 5517 486 5568 quo
525 5512 710 5556 nolam
766 5503 890 5556 anni
940 5518 1128 5558 eruere
1169 5503 1457 5574 poséimus.
1503 5503 1864 5579 Similiterque
1907 5513 2168 5568 incertum
2220 5503 3465 5609 νίάειυέλῆὶίὸὲιῖίὲέηέᾞξόόιῖεῖευιὶἱῖῗιῗίρῗῖιί

264 5570 448 5609 hnhiln
494 5570 657 5609 fnnril
690 5588 703 5603 ο
740 5573 960 5609 (Il-odoro
1010 5574 1191 5609 malim
1250 5576 1543 5609 Anlinnhim
1576 5578 1767 5609 tlinum
1826 5584 1944 5609 ηυξ..
1999 5584 2068 5609 :L:
2129 5584 2518 5609 r--_..-_.:____
2558 5591 2657 5609 pd,
2690 5608 2698 5609 ,
2858 5605 2866 5609 _
2992 5599 3005 5609 .

264 5570 450 5651 haliita
494 5570 704 5628 fuerit:
740 5573 962 5628 credere
1010 5570 1194 5629 malini
1243 5576 1543 5633 Antiochiae
1575 5570 1792 5648 dictam;
1824 5584 1948 5651 quia
1999 5584 2070 5638 ibi

264 5638 521 5694 lationes.

2127 5584 2522 5656 frequentiores
2556 5591 2708 5648 fuere
2748 5605 2931 5651 contra
2978 5584 3464 5664 11110156636263
