4140 6314
677 336 787 391 257

686 503 3832 547 ___________________________________________________..

1361 305 1418 360 S.
1453 302 1736 361 JOANNIS
1773 294 2259 358 CHRYSOSTOMI
2313 292 2628 351 ARCIIIEP.
2668 288 3207 350 CONSTANTINOP.

1775 850 2109 965 ΤΟΥ
2213 845 2766 962 ΑΥΤΟΥ

1943 1123 2043 1186 Εἰς
2080 1119 2185 1172 τὸν
2223 1115 2609 1185 Μελχισεδέκ.

2136 1385 2439 1397 ——_

637 1658 703 1704 α’.
757 1650 1136 1719 ’Δποστολικὴν
1167 1651 1292 1719 ὑμῖν
1327 1652 1569 1721 σήμερον.
1611 1650 1868 1721 βουλομαι
1902 1651 2221 1722 παραθεῖναι

565 1741 863 1812 τράπεζαν,
901 1737 994 1790 καὶ
1029 1738 1165 1808 πρὸς
1197 1739 1257 1791 τὸ
1286 1738 1520 1804 πέλαγος
1553 1739 1652 1807 τῆς
1678 1738 1887 1791 Παύλου
1909 1740 2090 1807 φωνῆς
2116 1740 2226 1792 δια-

567 1826 845 1878 τεῖναιτὸν
862 1824 1017 1891 λόγον
1049 1824 1559 1893 παρασκευάζομαι.
1587 1824 1747 1877 Ἀλλά
1763 1826 1814 1877 τί
1834 1825 2023 1891 πάθεος
2056 1825 2228 1877 Ὀκνῶ

568 1914 660 1965 καὶ
686 1911 894 1963 δέδοικα
927 1912 1135 1979 μήποτε
1160 1910 1250 1962 τὸν
1280 1910 1475 1979 λιμένα
1516 1910 1839 1974 ἐξελθόντες,
1872 1912 1968 1964 καὶ
2006 1914 2143 1982 πρὸς
2168 1911 2228 1963 τὸ

570 1993 731 2063 βάθος
762 1994 1199 2061 καταντήσαντες
1218 1991 1325 2043 τῶν
1352 1993 1719 2045 ἀποστολικῶν
1757 1989 1904 2065 [266]
1944 1994 2227 2063 νοημάτων

572 2079 979 2148 ῑλιγγιάσωμεν,
999 2080 1135 2150 ὅπερ
1167 2079 1466 2148 πάσχουσιν
1487 2082 1532 2132 οἰ
1558 2079 1665 2132 τῶν
1701 2080 1998 2153 πλωτήρων
2018 2081 2223 2151 ἀήθεις.

569 2167 678 2219 Καὶ
704 2166 810 2235 γάρ
843 2167 1038 2217 ἐκεῖνοι
1083 2166 1300 2217 ἐπειδὰν
1334 2167 1431 2235 τήν
1459 2168 1559 2235 γῆν
1608 2169 1940 2235 ἀφέντες,,ἐξ
1965 2170 2226 2237 ἐκατέρου

572 2250 769 2319 μέρους
797 2248 894 2315 τῆς
922 2248 1047 2316 νηὸς
1071 2248 1303 2315 πέλαγος
1332 2247 1532 2312 ἴδωσιν,
1565 2250 1657 2301 καὶ
1686 2250 1833 2303 οὑδέν
1857 2251 2040 2321 ἕτερον
2073 2251 2105 2321 ἢ
2134 2250 2230 2303 θά-

568 2335 768 2388 λατταν
799 2335 893 2386 καὶ
918 2334 1164 2405 οὐρανὸν,
1200 2334 1498 2405 σκοτοδινίᾳ
1520 2335 1861 2405 κατέχονται,
1890 2338 1981 2390 καὶ
2002 2336 2227 2406 περιφέφ

575 2419 763 2490 ρεσθαι
808 2421 990 2482 αὑτοῖς
1019 2420 1078 2471 τὸ
1105 2419 1285 2472 πλοῖον
1312 2419 1493 2488 κύκλῳ
1526 2422 1803 2489 νομίζουσι
1850 2421 1984 2491 μετά
2010 2423 2105 2492 τῆς
2134 2420 2229 2473 θα-

568 2507 785 2575 λάττης.
833 2506 971 2559 Ἀλλ’
1013 2506 1071 2558 οὑ
1104 2506 1252 2575 παρὰ
1286 2505 1381 2573 τήν
1425 2506 1583 2572 φύσιν
1623 2508 1719 2575 τῆς
1759 2507 2045 2574 Θαλάττης,
2094 2508 2228 2561 ἀλλά

571 2592 723 2661 παρὰ
754 2592 850 2661 τήν
895 2590 1146 2656 ἀπειρίαν
1186 2591 1291 2642 τῶν
1328 2590 1602 2643 πλούντων
1640 2594 1688 2644 οἱ
1736 2593 1932 2661 ῐλιγγοι
1968 2594 2225 2660 γίνονται.

571 2679 788 2747 Ἐτεροι
818 2672 909 2730 οὖν
944 2688 969 2717 ι
1000 2676 1106 2729 τῶν
1138 2676 1348 2729 ναυτῶν
1377 2680 1601 2745 γυμνοῖς
1627 2681 1736 2742 τοῖς
1781 2678 2024 2749 σώμασιν
2068 2682 2227 2731 ἐκκυ-

570 2763 798 2816 ϐιστῶσι
846 2763 986 2815 κατά
1037 2761 1145 2814 τῶν
1190 2762 1466 2831 κυμάτων,
1518 2765 1611 2815 καὶ
1665 2763 1815 2816 οὐδὲν
1868 2764 2131 2833 πάσχουσί
2176 2782 2227 2817 τι

568 2848 805 2901 τοιοῦτον
829 2865 841 2876 ·
872 2848 1007 2900 ἀλλά
1035 2847 1169 2916 πρὸς
1200 2847 1258 2897 τὸ
1288 2847 1449 2914 βάθος
1478 2849 1811 2910 καταϐάντες
1842 2850 1993 2911 αὑτὸ,
2026 2850 2129 2901 τῶν
2170 2852 2227 2901 ἐν

570 2936 756 3003 ἐδάφει
801 2933 1125 3002 καθημένων
1165 2933 1563 3003 ἀσφαλέστερον
1613 2933 1967 3003 διατρίϐουσι,
2004 2936 2096 2987 καὶ
2150 2934 2226 3003 τῷ

573 3023 820 3091 στόματι,
872 3020 966 3073 κα)⁵
1016 3022 1127 3081 τοῖς
1179 3019 1496 3088 ὀφθαλμοῖς,
1548 3020 1641 3071 καὶ
1672 3021 1835 3073 παντὶ⁵
1888 3020 1963 3090 τῷ
2017 3020 2227 3090 σώματι

569 3108 849 3177 δεχόμενοι
876 3106 973 3175 τὴν
1002 3105 1199 3174 ἀλμην,
1228 3105 1288 3157 οὑ
1323 3104 1781 3174 δυσχεραίνουσιν.
1814 3105 2079 3159 Τοσοῦτόν
2114 3109 2228 3160 ἐστι

575 3193 774 3263 μᾶλλον
810 3193 903 3245 καλ⁸
931 3190 1171 3244 τοιοῦτον
1190 3191 1431 3259 ,ἀπειρία
1455 3190 1620 3242 κακόν
1652 3192 1700 3245 b.
1730 3189 1919 3253 Οῦτως
1967 3190 2101 3261 αῦτη
2136 3192 2229 3245 καὶ

570 3280 677 3332 τῶν
721 3277 967 3346 φοϐερῶν
1006 3279 1364 3346 καταφρονεῖν
1414 3276 1623 3328 πείθει·
1686 3276 1866 3348 ἐκείνη
1914 3278 1970 3330 δὲ
2022 3280 2116 3331 καὶ
2160 3279 2228 3331 τά

570 3365 785 3435 ἀσφαλῆ
840 3364 1167 3417 ὑποπτεύειν
1217 3364 1309 3415 καὶ
1348 3362 1640 3415 δεδοικέναι
1689 3364 2118 3433 παρασκευάζει.
2158 3366 2222 3417 Ol

572 3454 673 3525 μὲν
699 3453 805 3522 γὰρ
834 3451 919 3517 ἐφ’
950 3451 1169 3519 ὑψηλῶν
1187 3452 1297 3503 τῶν
1319 3452 1505 3520 ἰκρίων
1529 3452 1823 3521 καθήμενοι
1851 3454 1948 3521 τῆς
1967 3454 2111 3521 νηὸς,
2134 3456 2227 3506 καὶ

570 3539 705 3607 πρὸς
722 3540 820 3608 τὴν
841 3537 967 3590 θέαν
1000 3537 1131 3603 ἰλιγγ
1149 3536 1322 3599 ιῶσιν,
1351 3538 1397 3588 οἱ
1420 3535 1475 3586 δὲ
1503 3539 1558 3588 ἐν
1587 3538 1769 3605 μέσοις
1790 3538 1849 3590 οὑ
1875 3536 2226 3607 θορυϐοῦνται

567 3629 680 3688 τοῖς
709 3624 965 3693 κύμασιν.
1016 3624 1184 3675 Τοῦτο
1212 3624 1305 3675 καὶ
1336 3624 1427 3675 ἐπὶ
1475 3624 1571 3692 τῆς
1602 3624 1837 3685 διανοίας
1878 3624 2084 3690 γίνεται
2128 3627 2226 3693 τῆς

569 3712 862 3783 ήμετὲρας.
900 3712 1007 3762 Καὶ
1033 3712 1140 3778 γάρ
1174 3712 1264 3761 καὶ
1294 3709 1500 3779 ταύτην
1527 3710 1787 3773 πολλάκις
1819 3709 2224 3780 καταλαμϐάνει

570 3799 789 3869 κύματα
832 3795 1037 3858 παθῶν,
1085 3795 1381 3847 θαλαττίων
1426 3794 1755 3865 ἀγριώτερα,
1787 3790 1897 3848 οἷον
1939 3795 2095 3865 ζάλη,
2128 3796 2224 3848 θυ-

574 3886 671 3955 μὸν
698 3896 719 3923 ο
762 3882 1002 3937 κάτωθεν
1038 3882 1333 3951 στρέφοντα
1369 3882 1467 3950 τὴν
1499 3881 1744 3949 καρδίαν,
1777 3882 2061 3951 πνεύματα
2102 3884 2223 3935 ἐπι-

571 3967 769 4035 θυμίας
822 3967 1082 4033 πονηρᾶς,
1138 3962 1393 4015 ποιοῦντα
1440 3962 1637 4033 πολλὴν
1688 3964 1785 4033 τῆς
1841 3964 2077 4027 διανοίας
2125 3964 2223 4035 τὴν

571 4049 852 4119 σύγχυσιν.
898 4048 1034 4100 Ἀλλ’
1061 4051 1087 4100 6
1114 4048 1207 4117 μὲν
1238 4048 1463 4117 ἄπειρος
1493 4049 1587 4101 καὶ
1619 4049 1968 4118 ἀμελέτητος,
1997 4052 2224 4123 ἀρχομέ-

570 4152 662 4189 νου
686 4134 779 4187 τοῦ
807 4134 1070 4204 χειμῶνος
1094 4134 1191 4203 τῆς
1216 4133 1407 4201 ὀργῆς,
1442 4134 1645 4195 εὑθέως
1674 4136 2001 4206 θορυϐεῖται,
2031 4139 2225 4209 ταράτ-

569 4242 742 4287 τεται,
778 4223 1075 4275 κλονεῖται·
1138 4222 1237 4291 ὁρᾷ
1256 4222 1544 4289 γινομένην
1574 4222 1899 4292 ὑποϐρύχιον
1924 4225 2020 4295 τὴν
2047 4226 2223 4297 ψυχήν

572 4311 675 4366 ὑπὸ
704 4309 810 4363 τῶν
837 4308 1043 4370 παθῶν,
1069 4323 1163 4360 και
1190 4307 1446 4373 ναυάγιον
1479 4307 1849 4376 ὑπομένουσαν
1870 4326 1882 4339 ·
1907 4312 2005 4364 όδέ
2035 4314 2224 4381 ἔμπει-

571 4414 663 4468 ρος
688 4397 778 4450 καὶ
812 4393 1211 4465 μεμελετηκὼς,
1231 4392 1300 4443 τὰ
1317 4392 1538 4444 τοιαῦτα
1561 4394 1622 4460 φέ
1633 4410 1712 4462 ρει
1728 4397 1985 4462 γενναίως
2011 4414 2024 4427 ·
2058 4397 2225 4451 καθά..

569 4502 675 4557 περ
718 4483 1057 4552 κυϐερνήτης
1098 4482 1188 4533 ἐπὶ
1226 4480 1331 4533 τῶν
1372 4482 1591 4543 οἰάκων,
1636 4482 1807 4547 οὑτως
1846 4486 1935 4538 τὸν
1969 4485 2223 4557 λογισμὸν

569 4572 753 4625 ἐπάνω
800 4568 906 4621 τῶν
954 4568 1141 4621 παθῶν
1194 4567 1454 4629 καθίσας,
1510 4566 1570 4621 οὑ
1619 4569 1885 4640 πρότερον
1930 4574 2221 4641 ἀφίσταται

571 4658 747 4711 πάντα
794 4654 982 4715 ποιῶν,
1047 4654 1151 4716 ἕως
1186 4654 1250 4706 ἂν
1293 4653 1591 4725 κατευθύνῃ
1625 4654 1683 4706 τὸ
1718 4657 1921 4724 σκάφος
1956 4660 2089 4728 πρὸς
2134 4666 2223 4713 τὸν

569 4741 739 4795 εὖδιον
762 4741 858 4810 τῆς
885 4739 1199 4809 φιλοσοφίας
1223 4739 1432 4808 λιμένα.
1469 4741 1644 4810 Ὅπερ
1671 4737 1762 4793 οὖν
1793 4744 1883 4795 ἐπὶ
1902 4744 1999 4814 τῆς
2030 4745 2223 4800 θαλάτ-

567 4844 667 4897 της
698 4828 927 4894 γίνεται,
961 4826 1053 4879 καὶ
1085 4827 1178 4877 ἐπὶ
1206 4826 1304 4895 τῆς
1331 4826 1564 4889 διανοίας
1604 4827 1910 4897 συμϐαίνει,
1945 4830 2101 4884 τοῦτο
2132 4833 2223 4885 καὶ

569 4914 625 4965 ἐν
659 4915 724 4981 τῇ
758 4913 1012 4983 ἐξηγήσει
1040 4912 1147 4965 τῶν
1175 4912 1405 4983 Γραφῶν
1428 4915 1759 4983 συμπίπτειν
1788 4916 2020 4986 ἀνάγκη,
2062 4918 2220 4989 θορυ-

570 4999 801 5061 ϐεῖσθαι,
858 5000 1252 5068 ταράττεσθαι·
1290 4999 1510 5052 ἐπειδὰν
1537 5000 1594 5052 δέ
1624 5000 1651 5039 ά
1685 5001 1986 5073 ἐξέλθωμεν
2030 5006 2111 5067 εἰς
2163 5006 2221 5059 τὸ

569 5087 829 5153 πέλαγος·
862 5085 961 5136 οὑκ
991 5086 1175 5155 ἐπειδὴ
1216 5086 1274 5138 τὸ
1312 5086 1543 5153 πέλαγος
1586 5087 1832 5157 φοϐερὸν,
1879 5090 1992 5142 ἀλλ’
2038 5093 2220 5166 ἐπειδὴ

568 5175 727 5244 ήμεῖς
756 5171 804 5223 οἱ
842 5170 1090 5232 πλέοντες
1111 5173 1343 5242 ἄπειροι.
1369 5174 1614 5244 Ὂτιγάρ
1638 5174 2035 5237 ἐστιν,εῦκολον
2064 5179 2219 5247 φύσει

632 5257 986 5334 {961115660
1005 5257 1545 5334 Idpjccipiendqmwt
1584 5265 1868 5334 .sexqengines
1920 5264 2040 5334 plibi
2094 5270 2220 5327 apud

568 5319 960 5382 Clqrxgoslomum
981 5319 1059 5364 οὖν
1085 5325 1136 5364 el
1155 5319 1266 5382 γοῦν
1285 5333 1396 5367 nam
1420 5323 1496 5368 vel
1519 5319 1641 5368 enim
1663 5324 1951 5382 significant.

633 5380 659 5419 b
686 5379 1050 5442 H.ec_clausuta
1075 5388 1147 5442 εει
1204 5380 1327 5442 haud
1367 5382 1514 5429 dubie
1568 5379 1729 5431 θεῖοι-ό
1754 5385 1972 5433 [ηρωίπο
2022 5388 2208 5442 mutila.

569 5442 642 5506 Po
668 5446 689 5487 ι
708 5440 826 5506 ιιιυά
850 5441 979 5506 e_n_im
1000 5438 1211 5506 τοιοῦτον
1229 5440 1416 5506 ἀπειρία
1473 5442 1634 5503 κακόν,
1692 5443 1951 5506 legebatur
1998 5439 2212 5499 τοιοῦτον

569 5500 784 5563 ἐμπειρία
806 5501 968 5563 καλόν,
992 5501 1066 5563 ve}
1091 5500 1206 5559 quid
1238 5500 1415 5563 simile.

634 5564 655 5592 ε
680 5561 961 5621 [θεεοόυηι
984 5561 1176 5608 videtur
1194 5562 1345 5623 ἡμῶν,
1380 5563 1519 5621 ῡυμὸν
1543 5570 1703 5612 autem
1755 5566 1835 5614 hic
1889 5568 2024 5616 nullo
2073 5573 2215 5623 modo

566 5630 702 5692 εισι-ο
726 5620 915 5692 ρρίεεις
946 5628 1105 5681 possel
1129 5623 1273 5692 quam
1298 5620 1495 5692 ίὶξτιειςςο
1516 5625 1614 5687 legi
1638 5626 1735 5673 οἱον
1757 5628 1869 5686 ζάλη
1892 5629 2055 5691 θυμοῦ.

627 5681 655 5722 (Ι
677 5679 738 5729 Δέ
761 5679 839 5730 hic
862 5679 1238 5744 cxﬁungoudum
1267 5683 1472 5730 videtur.

2331 1652 2485 1721 λόγον
2514 1654 2661 1720 ὄντα,
2693 1657 2945 1711 δύσκολον
2985 1659 3237 1727 γενέσθαι
3280 1662 3429 1732 παρὰ
3467 1661 3566 1732 τὴν
3595 1663 3856 1735 ἀπειρίαν
3888 1662 4008 1719 τῶν

2330 1741 2655 1807 ἀκουόντων,
2688 1744 2897 1797 Παῦλον
2919 1746 3045 1817 ὑμῖν
3062 1748 3485 1819 παραστήσομαι
3509 1750 3781 1821 μάρτυρα.
3804 1750 4004 1804 Εἰπὼν

2328 1833 2455 1902 γάρ,
2487 1834 2566 1885 ὄτι
2611 1836 2639 1887 6
2670 1835 2900 1905 Χριστὸς
2934 1836 3151 1902 ἐγένετο
3187 1838 3477 1907 ἀρχιερεὺς
3511 1837 3651 1891 κατὰ
3688 1837 3789 1907 τήν
3843 1838 4008 1904 τάξιν

2328 1916 2683 1986 Μελχισεδὲκ,
2726 1920 2818 1972 καὶ
2867 1919 3044 1990 ζητῶν
3070 1920 3151 1984 τίς
3197 1923 3343 1974 ἐστιν
3376 1916 3530 1984 οὗτος
3574 1924 3601 1975 6
3631 1922 4005 1993 Μελχισεδὲκ,

2329 2005 2605 2074 ἐπήγαγεν
2629 2023 2641 2035 ·
2669 2007 2805 2073 Περί
2828 2002 2898 2061 οὗ
2929 2006 3122 2073 πολὺς
3137 2007 3281 2075 ἡμῖν
3302 2010 3334 2061 ό
3359 2009 3542 2076 λόγος
3569 2009 3665 2062 καί
3692 2009 4008 2079 δυσερμή-

2328 2108 2559 2157 νευτος.
2596 2092 2659 2144 Τί
2680 2093 2877 2156 λέγεις,
2912 2089 3185 2159 ῶΠαῦλε;
3214 2094 3654 2164 Δυσερμήνευτός
3685 2113 3769 2148 σοι
3803 2097 3886 2167 τῷ
3908 2097 4009 2167 τὴν

2330 2178 2701 2246 πνευματικὴν
2742 2178 2915 2247 ἔχοντι
2933 2180 3121 2247 σοφίαν
3141 2178 3249 2248 ςτῷ
3270 2178 3337 2231 τά
3356 2180 3641 2250 ἀπόρρητα
3657 2180 3968 2234 ἀκούσαντι
3988 2204 4005 2246 ς

2326 2262 2403 2332 τῷ
2432 2264 2564 2334 πρὸς
2593 2264 2771 2333 τρίτον
2813 2267 3112 2333 ἀρπαγέντι
3134 2265 3386 2336 οὑρανόν;
3423 2264 3483 2318 Εἰ
3510 2266 3590 2318 σο)⁵
3618 2265 4010 2337 δυσερμήνευ-

2327 2366 2439 2413 τος,
2483 2351 2587 2402 τίνι
2616 2352 2985 2421 καταληπτὸς;
3032 2353 3184 2422 Ἐμοὶ
3216 2352 3667 2422 δυσερμήνευτος,
3700 2355 3901 2422 φησὶν,
3943 2354 4009 2407 οὑ

2330 2437 2483 2509 παρά
2511 2439 2607 2508 τὴν
2630 2439 2834 2491 οἰκείαν
2865 2456 2964 2508 μου
2998 2438 3302 2503 ἀσθένειαν,
3340 2436 3476 2491 ἀλλά
3499 2438 3648 2510 παρά
3672 2439 3772 2508 τὴν
3803 2439 4012 2494 δυσκο-

2327 2524 2443 2579 λίαν
2491 2525 2598 2577 τῶν
2647 2526 2972 2578 ἀκουόντων.
3019 2525 3201 2579 Εἰπὼν
3250 2523 3417 2593 γοῦν,
3467 2525 4008 2595 Δυσερμήνευτος,

2329 2610 2624 2678 ἐπήγαγεν·
2653 2608 2883 2675 Ἐπειδὴ
2904 2610 3114 2677 νωθροί
3129 2610 3406 2679 γεγόνατε
3425 2609 3554 2675 ταῖς
3577 2609 3806 2675 ἀκοαῖς.
3835 2612 4011 2683 Ὁρᾷς

2327 2696 2408 2747 ὅτι
2432 2698 2529 2764 οὑχ
2554 2699 2585 2765 ή
2620 2696 2779 2762 φύσις
2806 2696 2897 2749 τοῦ
2926 2696 3107 2763 λόγου,
3134 2696 3247 2750 ἀλλ’
3270 2699 3301 2767 ή
3321 2698 3544 2768 ἀπειρία
3558 2696 3664 2750 τῶν
3683 2697 4011 2750 ἀκουόντων

2328 2781 2583 2834 δύσκολον
2613 2781 2673 2833 τὸ
2705 2783 2764 2834 οὑ
2804 2780 2951 2852 [267]
2987 2782 3244 2836 δύσκολον
3282 2783 3609 2853 πεποίηκενς
3638 2782 3710 2835 Οὑ
3747 2783 3922 2851 μόνον
3948 2783 4010 2836 δὲ

2328 2867 2602 2927 δύσκολον,
2635 2867 2771 2919 ἀλλά
2810 2868 2901 2919 καὶ
2950 2868 3116 2921 πολὺν
3151 2872 3294 2922 ποιεῖ
3334 2869 3493 2922 αὑτὸν
3529 2868 3735 2938 βραχὺν
3778 2869 3812 2939 ή
3857 2869 4010 2941 αὑτὴ

2329 2952 2491 3005 αἰτία.
2526 2951 2615 3003 Διὺ
2638 2952 2757 3003 οὑδέ
2787 2953 3217 3022 δυσερμήνευτον
3250 2954 3449 3024 ἔφησεν
3475 2949 3611 3007 εἶναι
3652 2953 3836 3023 μόνον,
3862 2955 4009 3010 ἀλλά

2329 3040 2421 3091 καὶ
2443 3038 2629 3102 πολὺν,
2656 3038 2749 3089 καὶ
2775 3038 2866 3090 τοῦ
2894 3040 3102 3107 μήκους
3126 3041 3325 3111 καὶτῆς
3349 3040 3633 3104 δυσκολίας
3652 3040 3878 3105 ἀναθεὶς
3902 3042 4010 3111 τὴν

2329 3124 2506 3178 αἰτίαν
2530 3126 2595 3194 τῇ
2630 3124 2929 3194 νωθρότητι
2972 3125 3071 3193 τῆς
3100 3126 3287 3196 ἀκοῆς.
3322 3127 3588 3198 Καθάπερ
3619 3127 3727 3196 γὰρ
3760 3128 3857 3180 ἐπὶ
3890 3128 4009 3181 τῶν

2328 3210 2756 3282 ἀρρωστούντων
2785 3212 2883 3263 οὑκ
2912 3212 3205 3278 ἀναγκαῖον
3230 3212 3491 3282 σύντομον
3518 3214 3610 3266 καὶ
3639 3212 4010 3283 ἐσχεδιασμέ-

2327 3314 2423 3364 νην
2465 3297 2787 3366 παραθεῖναι
2836 3298 3135 3368 τράπεζαν,
3180 3299 3315 3352 ἀλλά
3345 3299 3424 3351 δεῖ
3457 3300 3884 3370 παρασκευάσαι
3935 3299 4009 3353 τὰ

2329 3384 2470 3436 σιτία
2499 3383 2747 3452 διάφορα,
2781 3385 2866 3437 ἴνα
2898 3385 2962 3437 ἂν
2998 3385 3156 3437 τοῦτο
3186 3388 3213 3438 6
3260 3386 3479 3456 κάμνων
3518 3387 3589 3457 μή
3636 3385 3904 3456 βουληθῇ,
3939 3385 4007 3439 τί)

2326 3470 2510 3536 ἓτερον
2538 3469 2696 3539 λάϐῃ,
2727 3473 2745 3491 ⁶
2769 3471 2987 3521 κάκεῖνο
3017 3472 3322 3539 προσίεται,
3358 3471 3419 3524 τὴ
3457 3470 3585 3524 ἀλλο
3608 3470 3856 3540 δέξηται,
3895 3470 4009 3526 κᾶν

2324 3554 2478 3607 τοῦτο
2506 3554 2919 3624 διακρούσηται,
2947 3555 3176 3627 θατέρου
3210 3556 3555 3627 ἐπιλάϐηται,
3587 3558 3681 3610 καὶ
3708 3560 3777 3628 τῇ
3811 3573 4012 3611 ποικι-

2325 3640 2413 3710 λίᾳ.
2449 3639 2546 3710 τὴν
2577 3639 2862 3693 δυσκολίαν
2894 3644 3223 3711 νικήσωμεν,
3262 3643 3354 3695 καὶ
3402 3642 3477 3712 τῷ
3513 3642 3840 3713 πολυτρόπῳ
3893 3644 4005 3715 τῆς

2326 3726 2599 3796 τραπέζης
2633 3726 2692 3779 τὸ
2738 3726 3065 3796 δυσάρεστον
3114 3728 3537 3799 θεραπεύσωμεν
3580 3729 3679 3797 τῆς
3722 3728 4006 3799 γνώμης·

2325 3811 2466 3863 οὑτω
2490 3811 2749 3874 πολλάκις
2768 3813 2859 3865 καὶ
2889 3814 2982 3865 ἐπὶ
3013 3814 3330 3885 ἀκροάσεως
3355 3815 3436 3868 δεῖ
3456 3818 3647 3875 ποιεῖν,
3679 3816 3811 3869 ὅταν
3833 3814 4011 3869 ἀσθε-

2327 3900 2432 3958 νεῖς
2481 3892 2648 3967 ὦμεν,
2700 3899 2794 3951 καὶ
2840 3899 3006 3952 πολὺν
3048 3902 3465 3969 παρασκευάσαι
3511 3900 3614 3972 χρὴ
3661 3900 3842 3968 λόγον,
3906 3902 4005 3955 καὶ

2326 3983 2572 4047 ποικίλας
2620 3984 2928 4054 παραϐολὰς
2986 3986 3079 4038 καὶ
3112 3987 3525 4058 παραδείγματα
3573 3988 3786 4056 ἔχοντα,
3821 4005 4010 4042 κατα-

2327 4070 2526 4133 σκευὰς
2564 4073 2656 4123 καὶ
2688 4072 2985 4140 περιόδους,
3019 4074 3111 4125 καὶ
3139 4074 3297 4143 ἕτερα
3328 4073 3498 4127 πολλὰ
3523 4073 3767 4135 τοιαῦτα,
3812 4073 3906 4127 ἵνα
3940 4076 4012 4128 ἐκ

2327 4157 2544 4210 πάντων
2569 4157 2729 4227 ῥᾳδία
2746 4158 2971 4227 γένηται
3003 4160 3033 4228 ή
3043 4161 3130 4228 μίν
3153 4160 3259 4213 τῶν
3284 4161 3668 4231 συμφερόντων
3688 4162 3721 4229 ή
3755 4160 4007 4231 αἵρεσις.

2326 4243 2471 4314 Πλὴν
2502 4243 2613 4296 ἀλλ’
2645 4245 2692 4295 εἰ
2721 4244 2812 4295 καὶ
2845 4245 3009 4307 πολὺς
3032 4246 3060 4296 6
3092 4245 3246 4313 λόγος
3276 4247 3369 4299 καὶ
3398 4246 3854 4315 δυσερμήνευτος,
3898 4247 4011 4299 οὑκ

2324 4330 2692 4398 ἀπεστέρησεν
2734 4330 2927 4391 αὑτοὺς
2967 4330 3066 4398 τῆς
3104 4330 3447 4394 διδασκαλίας
3488 4330 3578 4383 τοῦ
3620 4328 4005 4399 Μελχισεδὲκ·

2322 4415 2383 4468 τὸ
2412 4416 2505 4484 μὲν
2534 4417 2727 4476 εἰπεῖν,
2766 4416 2966 4478 Πολὺς
2994 4416 3091 4468 καί
3129 4416 3631 4485 δυσερμήνευτος,
3673 4416 4010 4488 ἀναστήσας

2324 4500 2501 4554 αὑτῶν
2526 4500 2621 4568 τὴν
2654 4500 2910 4568 σπουδὴν.
2946 4501 3033 4552 ἵνα
3063 4501 3136 4570 μή
3166 4501 3526 4573 ῥᾳθυμότεροι
3570 4502 3830 4569 γίνωνται
3864 4504 4009 4574 περὶ

2323 4588 2421 4657 τήν
2454 4587 2718 4656 ἀκρόασιν
2740 4602 2751 4615 ·
2784 4585 2841 4637 τὸ
2868 4586 2923 4637 δὲ
2959 4588 3261 4657 παρασχεῖν
3293 4586 3390 4656 τήν
3424 4585 3722 4657 τράπεζαν,
3759 4589 4009 4659 χαρισά-

2326 4689 2485 4742 μενος
2516 4671 2692 4723 αὑτῶν
2720 4672 2819 4739 τὴν
2854 4670 3168 4741 ἐπιθυμίαν.

2398 4757 2461 4827 β’.
2482 4757 2523 4807 Τ
2528 4756 2651 4808 οῦτο
2674 4755 2736 4824 δὴ
2758 4755 3024 4824 καίήμεῖς
3046 4756 3377 4826 ποιήσωμεν.
3397 4755 3460 4808 Εἰ
3478 4754 3569 4808 κα)⁸
3591 4753 3721 4825 πρὸς
3737 4754 3802 4808 τὸ
3824 4755 4011 4811 πέλα-

2322 4859 2415 4910 γος
2446 4843 2538 4894 καὶ
2570 4841 2729 4911 βάθος
2764 4841 2869 4893 τῶν
2904 4840 3188 4908 νοημάτων
3222 4840 3611 4911 ἀδυνατοῦμεν,
3638 4842 4007 4915 κατατολμή-

2326 4941 2505 4993 σωμεν
2554 4925 2649 4992 τῆς
2694 4922 2983 4991 θαλάττης,
3013 4922 3071 4973 οὑ
3114 4921 3253 4975 κατὰ
3285 4923 3383 4992 τὴν
3431 4922 3702 4993 ήμετέραν
3731 4921 4004 4992 δύναμιν,

2323 5008 2455 5061 ἀλλά
2480 5009 2619 5061 κατά
2651 5007 2747 5075 τὴν
2776 5006 2979 5058 ἄνωθεν
3001 5006 3283 5076 διδομένην
3312 5008 3444 5078 ήμῖν
3466 5008 3622 5081 χάριν
3645 5024 3657 5037 ·
3684 5006 3743 5059 οὑ
3778 5006 3871 5061 διά
3895 5007 4005 5079 τὴν

2323 5094 2590 5164 ἡμετέραν
2604 5092 2934 5163 παρρησίαν,
2953 5092 3088 5145 ἀλλά
3103 5091 3189 5145 διὰ
3212 5091 3307 5163 τήν
3337 5092 3489 5162 ὑμῶν
3516 5091 3783 5161 ὠφέλειαν
3814 5108 4005 5146 κατα-

2321 5183 2676 5251 τολμήσωμεν
2707 5179 2806 5248 τῆς
2840 5180 3128 5249 θαλάττης,
3157 5180 3251 5233 καὶ
3272 5182 3326 5232 ἐν
3344 5179 3512 5249 τούτῳ
3543 5177 3752 5233 Παῦλον
3780 5178 4005 5249 μιμού-

2325 5285 2493 5339 μενοι.
2527 5268 2647 5319 ’Ότι
2680 5266 2786 5335 γὰρ
2826 5268 2925 5318 οὑκ
2948 5267 3322 5338 ἀπεστέρησεν
3356 5266 3552 5329 αὑτοὶ-ς
3580 5263 3672 5317 τοῦ
3706 5263 4000 5332 λόγου.τοῦ

2322 5353 2448 5422 περὶ
2491 5352 2579 5404 τὸν
2612 5351 2960 5421 Μελχισεδὲκ,
3010 5352 3237 5405 ἄκουσον
3266 5350 3374 5404 τῶν
3420 5350 3562 5421 ἑξῆς.
3601 5348 3784 5403 Εἰπὼν
3821 5351 4000 5419 γοῦν,

2319 5439 2457 5505 Περί
2476 5434 2547 5493 οὗ
2566 5438 2757 5502 πολὺς
2776 5440 2810 5490 δ
2828 5440 3009 5505 λόγος
3030 5438 3123 5491 καί
3147 5438 3647 5506 δυσερμήνευτος,
3675 5438 3996 5508 ἐπήγαγεν·

2323 5521 2507 5589 Οὗτος
2550 5525 2658 5593 γὰρ
2698 5527 2729 5577 ό
2766 5523 3135 5591 Μελχισεδὲκ
3228 5523 3526 5589 ,ϐασιλεὺς
3556 5522 3989 5592 δικαιοσύνης,

2316 5608 2516 5663 ἔπειτα
2545 5607 2613 5660 δὲ
2649 5608 2747 5660 καί
2775 5608 3073 5673 ,βασιλεὺς
3110 5607 3339 5676 Σαλήμ,
3371 5607 3403 5659 ὅ
3442 5607 3632 5669 ἐστιν,
3671 5605 3995 5676 βασιλεὺς

2384 5694 2402 5716 ’
2428 5694 2541 5745 Hac
2561 5692 2729 5743 vilium
2754 5708 2808 5742 ac
2834 5694 3181 5758 repetilioucm
3204 5693 3456 5756 quamdam
3471 5704 3574 5748 pm
3606 5703 3660 5741 sc
3690 5690 3878 5741 ferum.
