4144 6308
125 384 154 436 2

161 385 193 437 5

201 387 232 440 7

1403 350 1489 404 DE
1535 345 2072 403 MELCHISEDECO.

3241 352 3272 405 2

3280 353 3312 407 5

3318 352 3350 408 8

1535 529 3325 558 _________________________________.._.

1099 832 1714 947 EJUSDEM
1798 823 2397 938 HOMlLlA

1458 1084 1543 1141 Dc
1587 1077 2048 1142 Mclchisedcco.

1633 1301 1860 1316 α--ο

180 1599 531 1668 LScripturte
546 1618 707 1654 δικ-νίζ’
723 1603 1005 1670 difﬁcuffas
1025 1612 1072 1655 ct
1096 1604 1396 1656 obscuritas.
1410 1600 1694 1669 —-Aposto-

131 1694 284 1746 licam
307 1695 467 1748 hodie
485 1695 636 1747 vobis
666 1711 902 1748 mensam
924 1711 1193 1763 apponere
1211 1696 1351 1757 volo,
1391 1703 1443 1746 et
1459 1693 1522 1744 ad
1551 1691 1694 1760 pela-

130 1801 222 1852 gus
237 1786 386 1839 vocis
403 1786 544 1838 illius
561 1787 618 1837 D.
638 1783 782 1837 Pauli
797 1801 1098 1838 sermonem
1115 1785 1408 1838 extendere
1424 1798 1570 1851 paro.
1590 1779 1693 1833 Sed

134 1873 250 1938 quid
282 1870 507 1923 faciam?
537 1869 721 1922 lltereo
746 1869 1007 1935 timeoque
1031 1882 1094 1918 ne
1120 1881 1148 1917 a
1180 1876 1327 1930 portu
1355 1865 1617 1916 solventes
1644 1874 1692 1914 et

135 1961 194 2012 ad
219 1960 537 2028 profundum
563 1959 970 2026 apostolicarum
1001 1957 1378 2009 sententiarum
1408 1954 1690 2021 progressi,

134 2051 350 2117 caligine
375 2050 739 2116 corripiantur,
768 2058 824 2100 ut
852 2047 983 2099 solet
1009 2045 1248 2097 accidere
1279 2056 1548 2095 vectormn
1600 2044 1694 2094 im-

140 2140 488 2206 peritioribus.
517 2139 592 2192 llli
625 2152 847 2204 namque
871 2147 1139 2203 postquam
1169 2133 1345 2186 relicta
1373 2133 1692 2193 continente,

133 2230 196 2281 ab
240 2240 461 2295 utraque
508 2228 652 2280 navis
700 2237 844 2293 parte
895 2228 1105 2292 pelagus
1147 2223 1408 2283 viderint,
1462 2221 1695 2287 nihilque

135 2319 268 2371 aliud
292 2334 447 2386 quam
482 2325 693 2386 pontum
722 2325 773 2368 et
799 2315 1002 2378 czelum,
1036 2314 1286 2380 vertigine
1311 2312 1685 2378 corripiuntur,

136 2423 192 2462 ac
219 2410 396 2461 navim
439 2422 555 2460 cum
603 2405 728 2458 mari
776 2406 825 2457 in
872 2403 1051 2456 orbem
1101 2403 1230 2454 verti
1276 2411 1473 2467 putant.
1505 2400 1694 2451 Verum

137 2516 235 2553 non
269 2515 333 2552 ex
368 2498 526 2550 maris
553 2507 736 2550 natura
760 2536 772 2558 ,
826 2494 916 2546 sed
958 2509 1017 2546 ex
1052 2492 1404 2560 navigantium
1440 2490 1697 2557 imperitia

138 2589 420 2655 vertigines
465 2589 721 2638 oriuntur.
775 2585 875 2637 Alii
908 2584 1045 2635 enim
1078 2590 1277 2642 natiue,
1324 2581 1475 2632 nudis
1509 2594 1694 2647 corpo-

136 2679 278 2729 rlhus
317 2690 437 2728 sese
482 2675 778 2743 praecipites
814 2672 941 2725 dant
971 2673 1019 2723 in
1065 2670 1250 2733 undas,
1295 2683 1391 2721 nec
1417 2669 1696 2736 quidquam

140 2763 438 2831 hujusmodi
487 2763 750 2829 patiuntur
800 2777 812 2810 :
859 2759 951 2812 sed
995 2769 1267 2826 postquam
1297 2759 1347 2811 in
1377 2759 1548 2825 ipsum
1579 2772 1698 2825 pro-

136 2857 351 2909 fundum
399 2856 739 2916 devenerunt,
789 2850 1024 2904 securius
1069 2849 1284 2916 degunt,
1332 2863 1484 2915 quam
1535 2849 1567 2899 ii
1613 2848 1698 2914 qui

136 2949 182 3000 in
216 2947 332 3014 ipso
360 2946 473 2998 solo
501 2944 701 3006 sedent,
745 2941 1164 3008 salsuginemque
1199 2953 1310 2994 ore.
1345 2938 1529 2998 oculis,
1567 2946 1698 2988 toto~

137 3053 234 3105 que
264 3050 489 3102 corpore
515 3034 853 3099 exerpientes,
887 3031 936 3082 id
972 3045 1069 3083 non
1099 3043 1235 3096 aegre
1263 3027 1451 3080 ferunt.
1479 3027 1698 3079 Tantum

140 3127 346 3192 taleque
383 3135 462 3176 est
507 3123 779 3191 imperitia:
819 3123 1051 3182 malum;
1096 3129 1291 3172 tantum
1337 3119 1563 3170 vicissim
1609 3134 1700 3185 pe-

139 3217 266 3270 ritia:
299 3217 517 3269 bonum.
573 3215 690 3266 llaec
714 3213 961 3265 terribilia
991 3225 1210 3279 qumque
1238 3209 1559 3276 parvifacere
1584 3224 1704 3261 sua-

139 3308 253 3368 det;
307 3307 394 3359 illa
441 3321 588 3369 vero,
626 3306 781 3357 etiam
827 3319 907 3366 ea,
956 3319 1071 3370 quae
1123 3310 1230 3354 tuta
1272 3311 1411 3356 sunt.
1458 3310 1698 3366 suspecta

141 3397 330 3449 habere
364 3404 415 3447 et
446 3393 744 3448 formidare.
778 3392 876 3443 Alii
900 3393 1034 3443 enim
1067 3391 1116 3443 in
1149 3391 1273 3456 ipsis
1305 3387 1532 3456 prataltis
1555 3389 1704 3440 tabu-

144 3489 256 3541 latis
286 3487 436 3538 navis
467 3485 706 3536 sedentes
733 3483 951 3549 caligine
982 3481 1354 3547 corripiuntur,
1389 3479 1474 3530 alii
1508 3479 1557 3530 in
1591 3493 1702 3529 me-

141 3577 236 3628 diis
281 3575 443 3628 etiam
503 3573 746 3626 fluetibus
801 3587 904 3623 non
969 3571 1354 3638 perturbantur.
1422 3569 1529 3621 lloe
1581 3569 1703 3621 item

144 3667 299 3718 menti
351 3673 545 3716 nostra:
594 3662 802 3715 accidit.
868 3661 994 3713 Nam
1047 3660 1185 3712 illam
1235 3673 1374 3725 satpe
1424 3658 1702 3710 affectuum

141 3756 327 3806 fluctus
355 3753 624 3812 invadunt,
673 3752 798 3818 ipsis
841 3751 1053 3802 marinis
1081 3750 1322 3802 fluctibus
1352 3749 1707 3801 vehementio-

145 3861 244 3907 res,
289 3844 404 3909 qui,
449 3841 774 3909 tempestatis
802 3841 985 3902 instar,
1034 3840 1260 3892 animum
1302 3839 1604 3906 deprimunt
1647 3852 1706 3891 ac

144 3937 391 3987 deorsum
433 3932 661 3992 trahunt,
692 3931 904 3998 spiritus
932 3931 1185 3983 malarum
1211 3930 1572 3997 cupiditatum,
1620 3928 1707 3998 qui

146 4038 386 4089 magnam
438 4021 628 4074 animis
673 4021 1114 4088 perturbationem
1163 4021 1411 4073 inferunt.
1463 4019 1565 4073 Sed
1619 4020 1704 4087 qui

147 4115 421 4182 imperitus
471 4113 857 4178 imparatusque
905 4119 1006 4169 est,
1057 4110 1337 4177 incipiente
1380 4109 1469 4162 ire
1509 4118 1708 4177 tempe.

146 4215 304 4266 state,
340 4203 516 4255 statim
552 4200 902 4268 perturbatur,
934 4199 1248 4263 concutitur,
1280 4201 1520 4266 agitatur.
1552 4199 1707 4253 Videt

146 4296 372 4346 animam
420 4291 694 4343 affectibus
743 4289 1000 4356 demergi,
1052 4297 1103 4340 et
1133 4287 1456 4355 naufragium
1485 4288 1622 4356 pati;
1653 4297 1706 4341 at

147 4385 226 4450 qui
260 4389 477 4451 paratus
508 4380 893 4446 meditatusque
923 4387 1022 4442 est,
1057 4377 1168 4430 haec
1199 4389 1411 4430 strenue
1438 4379 1659 4431 sustinet
1689 4394 1702 4441 ;

149 4482 412 4538 tamquam
461 4467 735 4520 nauclerus
782 4466 846 4517 ad
894 4465 1303 4533 gubernaculum
1349 4465 1567 4528 sedens,
1632 4467 1706 4518 sic

149 4570 378 4613 mentem
433 4572 586 4625 supra
630 4567 803 4607 motus
851 4555 1008 4606 animi
1054 4556 1396 4617 constituens,
1438 4571 1537 4607 non
1565 4555 1707 4622 prius

149 4643 339 4695 desinit
366 4641 540 4692 omnia
571 4638 764 4701 moliri,
796 4636 966 4690 donec
993 4636 1238 4704 scapham
1281 4637 1346 4689 ad
1376 4640 1707 4705 tranquillum

149 4730 492 4800 philosophia:
526 4737 727 4795 portum
756 4726 1050 4779 deduxerit.
1099 4727 1227 4778 lllnd
1276 4727 1448 4793 itaque
1486 4727 1622 4794 quod
1660 4729 1708 4780 in

150 4823 272 4874 mari
301 4821 517 4880 accidit,
546 4827 598 4872 et
626 4817 764 4886 quod
795 4818 970 4868 animo
996 4817 1268 4885 contingit,
1302 4819 1457 4870 etiam
1490 4819 1538 4869 in
1571 4819 1708 4871 Scri-

149 4922 417 4978 pturarum
451 4908 774 4976 expositione
802 4905 1037 4958 accidere
1071 4922 1283 4960 necesse
1318 4919 1416 4970 est,
1441 4916 1497 4958 ut
1525 4922 1710 4974 nempe

148 5016 574 5054 commoveamur
599 5011 648 5053 et
678 5005 1039 5067 perturbcmur
1068 5006 1276 5072 quando
1305 5007 1353 5057 in
1384 5007 1543 5060 altum
1567 5007 1710 5058 veni-

149 5105 288 5151 mus;
349 5106 451 5141 non
479 5090 616 5156 quod
641 5090 1021 5144 formidandum
1051 5095 1114 5144 sit
1145 5095 1388 5160 pelagus,
1435 5096 1525 5150 sed
1573 5096 1707 5163 quod

149 5196 254 5242 nos,
289 5180 380 5249 qui
411 5181 731 5246 navigamus,
765 5182 988 5249 impertti
1020 5186 1202 5234 simus.
1245 5185 1391 5250 Quod
1435 5187 1572 5238 enim
1625 5202 1710 5238 ac-

149 5270 317 5322 cidere
347 5269 532 5336 possit,
561 5279 615 5320 ut
638 5283 811 5322 sermo
836 5281 1015 5323 natura
1049 5288 1138 5324 sua
1170 5272 1352 5328 facilis.
1391 5275 1708 5327 audientium

152 5359 404 5427 imperitia
434 5357 662 5411 difﬁcilis
701 5360 906 5423 evadat,
943 5361 1157 5414 Paulum
1193 5365 1339 5415 vobis
1373 5375 1555 5416 testem
1584 5369 1681 5415 all‘e

152 5464 276 5500 ram.
311 5448 445 5501 Cum
490 5447 707 5501 dixisset
747 5453 884 5501 enim
917 5451 1185 5502 Christum
1221 5452 1378 5504 fuisse
1415 5455 1708 5520 pontificem

151 5538 437 5589 secundum
463 5537 698 5588 ordinem
730 5537 1092 5601 Melchisedee,
1128 5550 1179 5592 et
1202 5541 1534 5609 disquireret,
1569 5544 1681 5609 quis

152 5640 264 5677 nam
293 5635 440 5679 esset
466 5625 552 5677 ille
587 5624 952 5692 Melchisedec,
1004 5629 1177 5680 intulit
1230 5647 1240 5680 :
1292 5629 1366 5680 De
1389 5647 1482 5697 quo
1507 5631 1710 5700 grandis

153 5716 284 5768 nobis
343 5724 416 5769 est
465 5729 625 5768 sermo
666 5724 708 5768 et
755 5717 1002 5785 explicant
1045 5719 1256 5788 diﬁcilis
1299 5715 1477 5788 (Hebr.
1509 5721 1561 5775 5.
1599 5723 1706 5790 ll).

1797 1593 1930 1656 Quid
1980 1593 2140 1656 dicis,
2187 1596 2388 1650 Paule?
2436 1599 2514 1649 An
2559 1601 2821 1667 explicatu
2862 1601 3089 1655 difficilis
3122 1604 3240 1671 tibi,
3272 1607 3356 1674 qui

1796 1683 2048 1747 Spirituali
2079 1685 2328 1753 sapientia
2353 1689 2601 1756 prceditus
2634 1691 2725 1742 es?
2746 1692 2833 1758 qui
2866 1707 3050 1745 arcana
3078 1694 3360 1748 audivisti?

1796 1773 1882 1839 qni
1926 1773 1987 1824 ad
2036 1775 2244 1827 tertium
2286 1778 2469 1828 ca‘lum
2521 1787 2696 1844 raptus
2740 1780 2838 1833 es?
2876 1780 2926 1834 Si
2973 1783 3060 1834 tibi
3102 1784 3360 1850 explicatu

1798 1862 2045 1926 difficilis,
2097 1867 2178 1916 cui
2229 1868 2714 1934 Comprehensibilis
2762 1871 2902 1924 erit?
2951 1872 3072 1924 Mihi
3101 1874 3361 1940 explicalu

1797 1953 2038 2016 difficilis,
2091 1955 2271 2023 inquit,
2305 1967 2400 2020 est,
2451 1973 2550 2009 non
2596 1959 2663 2011 ob
2704 1975 2866 2012 meam
2915 1962 3360 2025 imbecillitatem,

1798 2042 1888 2093 sed
1939 2043 2005 2093 ob
2058 2043 2369 2111 imperitiam
2420 2047 2736 2101 auditorum.
2790 2052 2916 2102 Cum
2960 2067 3083 2120 ergo
3107 2053 3360 2116 dixisset,

1800 2130 2068 2198 Explicalu
2122 2135 2352 2201 difﬁcilis,
2404 2137 2671 2204 suhjunxit
2723 2155 2734 2192 :
2797 2138 3042 2201 Quoniam
3099 2141 3365 2194 imbecilles

1801 2221 1919 2288 facti
1942 2223 2055 2272 estis
2086 2222 2150 2272 ad
2176 2224 2498 2276 audiendum.
2557 2226 2738 2279 Viden‘
2772 2244 2871 2280 non
2902 2239 3137 2281 naturam
3166 2246 3366 2284 sermo-

1801 2312 1900 2369 nis,
1951 2311 2039 2363 sed
2074 2311 2396 2364 audientimn
2442 2315 2750 2382 imperitiam
2781 2332 2888 2369 rem
2919 2334 3032 2386 qure
3062 2335 3152 2386 per
3178 2335 3233 2372 se
3263 2320 3364 2374 dif-

1802 2397 1950 2450 ficilis
1991 2417 2090 2451 non
2136 2412 2268 2464 erat,
2315 2403 2580 2456 difficilem
2613 2406 2937 2461 reddidisse?
2985 2409 3174 2462 Eadem
3206 2426 3365 2478 porro

1799 2503 1953 2540 causa
2003 2505 2104 2540 non
2157 2491 2419 2543 difficilem
2471 2495 2662 2555 modo,
2698 2497 2785 2548 sed
2817 2497 2972 2548 etiam
3013 2514 3152 2562 eum,
3189 2499 3362 2552 brevis

1800 2591 1916 2628 eum
1948 2579 2032 2641 sit,
2078 2580 2285 2646 longum
2329 2581 2521 2633 reddit.
2574 2582 2902 2650 Quapropter
2952 2603 3052 2638 non
3104 2588 3366 2656 explicatu

1801 2665 2062 2720 difficilem
2098 2669 2252 2721 modo
2279 2670 2425 2734 dixit,
2460 2670 2551 2723 sed
2581 2674 2734 2724 etiam
2766 2675 3036 2741 grandem.
3070 2687 3120 2729 et
3144 2677 3370 2746 longitu-

1802 2757 1938 2808 dinis
1975 2767 2024 2810 et
2053 2757 2368 2812 difficultatis
2399 2775 2609 2813 causam
2641 2762 2910 2827 adjicieus,
2955 2765 3154 2818 aurium
3202 2767 3368 2821 imbe-

1802 2846 2091 2899 cillitatem.
2137 2847 2586 2913 Quemadmodum
2634 2852 2773 2904 enim
2814 2855 3022 2921 (egrotis
3067 2871 3169 2908 non
3210 2871 3372 2925 appo-

1804 2935 1971 2987 nenda
2012 2946 2091 2988 est
2141 2952 2317 2989 mensa
2357 2938 2504 2991 facile
2548 2942 2812 3008 parabilis,
2862 2943 2951 2995 sed
2991 2945 3148 2996 variis
3176 2945 3368 2999 referta

1803 3025 1950 3086 cibis,
1985 3035 2038 3076 ut
2070 3025 2112 3076 si
2141 3041 2279 3094 aeger
2308 3028 2443 3080 hunc
2469 3039 2717 3097 respuat,
2750 3031 2972 3084 alterum
3004 3035 3225 3101 accipiat
3250 3075 3264 3098 ,
3317 3045 3371 3089 et

1804 3115 1844 3165 si
1875 3114 1972 3166 hoc
2003 3131 2104 3166 non
2133 3115 2390 3181 admittat,
2422 3118 2558 3168 aliud
2590 3128 2792 3181 sumat,
2843 3121 2885 3172 si
2938 3121 3075 3175 hunc
3113 3125 3366 3191 repellat,

1804 3204 2024 3257 alterum
2064 3205 2276 3272 deligat,
2315 3217 2370 3258 ut
2394 3208 2645 3260 varietate
2673 3208 3036 3266 difﬁcultatem
3067 3212 3367 3278 vincamus,

1806 3307 1865 3344 ac
1909 3293 2212 3346 diversitate
2262 3294 2564 3364 lautitiaque
2603 3312 2797 3350 mensa:
2824 3300 2982 3352 animi
3014 3300 3222 3356 fastidio
3251 3320 3366 3358 me-

1807 3383 2021 3434 deamur
2069 3401 2080 3434 :
2129 3385 2197 3435 ita
2239 3399 2376 3452 smpe
2418 3387 2467 3437 in
2514 3389 2766 3440 concione
2803 3388 3117 3451 faciendum,
3150 3394 3360 3459 quando

1809 3473 2093 3526 imbecilles
2123 3489 2322 3538 sumus,
2356 3475 2508 3543 longa
2539 3478 2847 3544 apponenda
2880 3489 2957 3532 est
2983 3482 3180 3540 oratio,
3212 3484 3370 3536 variis

1807 3563 2232 3615 similitudinibus
2263 3574 2314 3616 et
2341 3567 2597 3633 exemplis
2630 3569 2899 3631 instructa,
2940 3579 3189 3637 apparatu
3213 3572 3369 3625 etiam

1807 3666 1868 3704 ac
1909 3653 2154 3718 periodis,
2185 3653 2404 3721 aliisque
2432 3656 2708 3720 similibus,
2758 3667 2812 3709 ut
2837 3674 2899 3711 ex
2926 3661 3167 3715 omnibus
3207 3663 3370 3716 facilis

1807 3741 1958 3793 nobis
1986 3742 2053 3794 sit
2081 3743 2344 3796 utiliorum
2373 3744 2628 3799 delectus.
2679 3746 2870 3799 Verum
2915 3749 3117 3804 etiamsi
3159 3752 3371 3819 grandis

1810 3844 1984 3882 sermo
2013 3839 2157 3884 esset
2184 3833 2550 3902 explicatuque
2577 3835 2833 3899 difﬁcilis,
2864 3854 2964 3890 non
2996 3848 3166 3893 tamen
3195 3841 3370 3909 priva-

1810 3920 1882 3972 vit
1909 3935 1998 3974 eos
2027 3921 2262 3975 doctrina
2291 3923 2356 3977 de
2384 3923 2762 3979 Melchisedeco
2809 3945 2823 3980 :
2870 3943 2987 3980 cum
3025 3930 3164 3983 enim
3205 3932 3367 3996 dicit,

1812 4011 2030 4065 Grandis
2057 4023 2099 4065 et
2130 4016 2378 4082 explicata
2409 4016 2639 4084 difﬁcilis,
2691 4031 2871 4070 eorum
2901 4019 3129 4074 studium
3155 4024 3369 4086 excitat,

1811 4118 1876 4156 ne
1903 4104 1964 4156 ad
1996 4105 2312 4158 audiendum
2337 4109 2604 4175 segniores
2629 4108 2734 4160 sint
2760 4126 2772 4160 :
2797 4123 2913 4162 cum
2942 4119 3116 4163 autem
3135 4127 3368 4167 mensam

1811 4195 2045 4263 apponit,
2073 4211 2256 4249 eorum
2287 4197 2546 4250 desiderio
2575 4199 2914 4266 gratificatur.

1878 4286 1931 4336 2.
1967 4285 2074 4339 lloc
2112 4295 2164 4339 et
2201 4301 2294 4339 nos
2331 4287 2597 4340 faciamus.
2651 4287 2870 4341 Etiamsi
2922 4289 2988 4342 ad
3055 4291 3269 4360 pelagus
3317 4302 3370 4346 et

1810 4373 2126 4441 profundum
2174 4378 2548 4429 sententiarum
2599 4378 2893 4445 pertingere
2932 4393 3034 4431 non
3071 4382 3362 4448 possimus,

1810 4478 1907 4516 nos
1959 4463 2281 4518 confidenter
2327 4466 2454 4517 mari
2511 4467 2934 4531 committamus,
3001 4484 3106 4521 non
3175 4472 3368 4526 nostris

1811 4552 1923 4604 freti
1970 4553 2198 4617 viribus,
2258 4553 2347 4606 sed
2391 4557 2554 4622 gratia
2606 4555 2752 4608 nobis
2794 4571 3017 4624 superne
3056 4559 3174 4611 data
3215 4578 3228 4612 :
3263 4577 3367 4615 non

1815 4644 1998 4696 fiducia
2047 4654 2242 4708 nostra,
2286 4644 2377 4695 sed
2425 4644 2492 4696 ob
2542 4645 2818 4697 utilitatem
2862 4657 3086 4700 vestram
3116 4651 3244 4701 mari
3276 4666 3372 4704 nos

1811 4736 2218 4793 committamus,
2270 4732 2367 4786 hac
2412 4733 2460 4785 in
2512 4749 2569 4786 re
2615 4735 2829 4788 Paulum
2883 4737 3165 4792 imitantes.
3221 4741 3371 4804 Quod

1811 4827 1949 4878 enim
1993 4841 2092 4878 non
2124 4825 2400 4892 privaverit
2425 4841 2514 4879 eos
2543 4842 2784 4880 sermone
2833 4828 2896 4880 de
2941 4830 3320 4884 lllelchisedeco
3347 4871 3364 4897 ,

1811 4917 1929 4969 audi
1979 4916 2263 4983 sequentia.
2316 4915 2448 4969 Cum
2493 4931 2616 4983 ergo
2661 4917 2914 4980 dixisset,
2945 4937 2961 4968 ι
2991 4920 3060 4972 De
3089 4936 3190 4987 quo
3221 4921 3372 4976 nobis

1810 5005 2019 5072 grandis
2040 5015 2118 5056 est
2139 5020 2334 5068 sermo,
2351 5015 2399 5056 et
2421 5005 2680 5072 explieatu
2700 5005 2922 5058 difficilis
2945 5026 2962 5057 ι
2985 5007 3164 5079 (Hebr.
3186 5010 3234 5063 5.
3261 5011 3368 5080 ll),

1812 5095 2075 5158 subjunxit
2128 5110 2139 5143 :
2192 5111 2210 5143 ι
2241 5093 2332 5144 llic
2379 5093 2515 5145 enim
2559 5093 2934 5158 Melchisedec,
2989 5111 3077 5149 rex
3125 5098 3360 5165 justitim,

1815 5183 2042 5246 itemque
2073 5197 2161 5232 rex
2200 5181 2393 5244 Salem,
2418 5181 2466 5232 id
2494 5190 2574 5234 est
2604 5197 2691 5233 rex
2725 5183 2885 5249 pacis,
2919 5184 3031 5237 sine
3057 5195 3224 5251 patre,
3256 5188 3372 5241 sine

1815 5283 1998 5332 matre,
2031 5273 2141 5323 sine
2163 5273 2483 5340 genealogia,
2515 5288 2685 5339 neque
2717 5273 2916 5326 initium
2947 5275 3172 5340 dierum,
3201 5291 3370 5345 neque

1816 5367 1967 5415 finem
2017 5365 2134 5414 vitae
2181 5365 2396 5424 habens,
2442 5364 2756 5415 assimilatus
2781 5375 2955 5417 autem
2993 5365 3142 5428 Filio,
3193 5379 3373 5421 manet

1816 5453 2056 5504 «aeertlos
2083 5451 2132 5503 in
2156 5463 2458 5518 perpetuum
2494 5470 2510 5502 ι
2545 5451 2722 5518 (Hebr.
2749 5453 2799 5505 7.
2833 5455 2969 5521 1-4).
2999 5454 3182 5508 Nonne
3210 5469 3370 5508 aures

1816 5553 2014 5592 vestras
2059 5540 2230 5602 feriit,
2277 5541 2400 5593 dum
2433 5541 2496 5594 de
2528 5541 2739 5596 homine
2786 5544 3003 5612 loquens
3046 5545 3193 5609 dixit,
3247 5545 3371 5600 Sine

1815 5640 1968 5698 patre,
1999 5631 2103 5681 sine
2142 5639 2316 5693 matre,
2360 5631 2466 5682 sine
2501 5632 2826 5700 genealogia?
2877 5633 3072 5702 Ecquid
3113 5634 3253 5696 dico,
3302 5634 3369 5689 de

1815 5720 2067 5774 homine?
2098 5720 2223 5774 Nam
2250 5723 2291 5775 si
2315 5721 2379 5776 de
2415 5720 2544 5775 Filio
2593 5720 2876 5792 diceretur,
2927 5740 3099 5778 annon
3129 5738 3365 5792 magnam
