4144 6308
723 330 834 385 259

722 425 1371 496 rnoremtquzcstionem?
1417 423 1547 477 Nam
1590 421 1634 475 si
1664 421 1778 475 sine
1810 425 1980 487 patre,
2026 413 2290 484 quomodo

721 519 927 574 Filius?
970 518 1024 573 Si
1059 518 1174 572 sine
1203 527 1392 581 matre,
1433 512 1698 583 quomodo
1746 507 2098 578 Uuigenitus?
2130 504 2293 558 Filius

724 611 864 663 enim
910 618 1111 676 patrem
1157 606 1347 660 habeat
1394 612 1622 673 oportet,
1667 600 1797 653 alias
1837 612 1966 652 vero
2010 595 2147 649 ﬁlius
2188 608 2292 646 non

723 700 897 752 fuerit.
921 695 1025 752 Sed
1070 698 1183 750 sine
1226 705 1372 764 patre
1418 703 1471 747 et
1511 693 1626 746 sine
1661 699 1830 744 matre
1854 697 1936 743 est
1961 687 2126 740 Filius
2157 685 2288 745 Dei;

723 790 838 841 sine
868 799 1039 855 patre,
1068 785 1354 840 secundum
1382 783 1661 846 infernam,
1706 781 1819 834 sine
1858 786 2046 841 matre,
2096 790 2289 830 secun-

721 878 848 930 dum
873 891 1158 944 supernam
1195 875 1610 945 generationem.
1657 870 1787 924 Nam
1837 883 2005 937 neque
2051 867 2101 920 in
2153 875 2290 918 terra

722 977 924 1037 patrem
954 967 1152 1030 habuit.
1201 981 1370 1035 neque
1398 967 1448 1019 in
1477 965 1619 1018 caelis
1657 971 1900 1015 matrem.
1949 959 2071 1013 Sine
2115 972 2294 1027 genea-

724 1060 879 1128 logia.
927 1059 1156 1113 Audiant
1185 1058 1238 1122 ii,
1282 1057 1370 1125 qui
1422 1053 1766 1109 substantiam
1811 1051 1927 1119 ejus
1963 1047 2167 1102 curiose
2200 1060 2291 1100 ex-

722 1149 951 1217 plorant.
982 1149 1140 1217 Atqui
1182 1145 1330 1210 illud,
1365 1145 1488 1200 Sine
1520 1141 1829 1214 genealogia,
1862 1147 2046 1208 putant
2074 1136 2288 1207 quidam

721 1238 786 1291 de
816 1251 1042 1306 superna
1070 1237 1184 1303 ejus
1211 1235 1546 1303 generatione
1570 1232 1765 1285 dictum
1796 1246 1942 1284 esse.

792 1326 976 1381 Contra
1005 1327 1286 1380 Anomaeos.
1319 1323 1545 1377 Christus
1569 1321 1814 1390 quomodo
1848 1321 1952 1374 sine
1980 1317 2288 1388 genealogia.

718 1449 791 1463 οοσ-
820 1419 1062 1473 llazretici
1102 1431 1258 1486 porro
1296 1431 1466 1484 neque
1510 1415 1608 1468 hoc
1653 1413 1869 1476 volunt;
1901 1427 2020 1465 nam
2056 1421 2108 1464 et
2149 1410 2290 1462 illam

723 1508 932 1562 curiose
958 1507 1228 1575 inquirunt
1250 1520 1312 1559 ac
1349 1513 1678 1569 scrutantur;
1715 1501 2096 1556 moderatiores
2118 1509 2290 1553 autem

721 1614 789 1652 ex
823 1597 958 1661 illis,
988 1597 1073 1650 illa
1100 1610 1352 1650 concessa
1376 1639 1390 1660 ,
1419 1594 1485 1648 de
1511 1594 1608 1647 hac
1636 1601 1843 1647 terrena
1874 1591 1972 1643 dici
2012 1598 2195 1658 putant
2227 1590 2291 1641 il-

721 1687 832 1753 lud,
864 1686 988 1739 Sine
1009 1686 1318 1756 genealogia.
1344 1684 1694 1738 Ostendamus
1714 1696 1838 1750 ergo
1863 1680 1928 1734 de
1955 1690 2178 1747 utraque
2202 1694 2294 1746 ge-

721 1777 993 1830 neratione
1025 1776 1122 1828 hoc
1154 1774 1351 1828 dixisse
1378 1774 1616 1836 Paulum,
1647 1771 1713 1824 de
1737 1784 1959 1838 superna
1988 1783 2174 1836 nempe
2199 1805 2215 1831 ,
2241 1776 2294 1820 ct

720 1867 787 1920 de
816 1875 1046 1920 terrena.
1073 1864 1202 1918 Nam
1231 1871 1285 1917 et
1314 1863 1400 1917 illa
1431 1861 1701 1916 tremenda
1734 1869 1830 1927 ,et
1867 1859 1979 1913 haec
2009 1857 2290 1910 admodum

719 1972 910 2011 arcana
959 1965 1061 2010 est.
1088 1955 1417 2023 Quapropter
1456 1953 1614 2007 Isaias
1639 1953 1712 2006 ait
1737 1972 1750 2004 :
1782 1951 2158 2006 Cenerationem
2186 1951 2294 2012 eius

721 2048 830 2114 quis
857 2046 1106 2098 enarrabit
1132 2043 1283 2112 (lsai.
1317 2043 1402 2097 55.
1439 2041 1538 2112 8)?
1566 2042 1787 2104 Verum,
1821 2041 2025 2108 inquies
2048 2081 2064 2107 ,
2091 2039 2156 2094 de
2185 2054 2292 2092 οω-

721 2136 839 2190 lesti
871 2135 956 2188 illa
984 2135 1090 2203 agit
1118 2133 1388 2203 propheta.
1420 2131 1552 2199 Quid
1579 2147 1702 2200 ergo
1745 2131 1981 2184 dicemus
2002 2130 2066 2183 de
2093 2129 2252 2182 Paulo
2272 2169 2292 2195 ,

720 2228 809 2295 qni
854 2237 1126 2295 postquam
1167 2225 1296 2278 duas
1341 2223 1708 2294 generationes
1750 2228 2295 2283 commemoraverat,

721 2318 847 2372 illud
876 2316 1144 2385 subjunxit
1166 2334 1178 2369 :
1204 2315 1328 2370 Sine
1347 2314 1676 2385 genealogia?
1701 2312 1770 2368 Ut
1799 2327 1900 2366 non
1927 2312 2082 2365 modo
2107 2325 2293 2364 secun-

721 2406 847 2461 dum
877 2406 1019 2460 illam
1062 2404 1456 2473 generationem
1480 2442 1494 2468 ,
1527 2417 1627 2472 qua
1657 2403 1772 2455 sine
1812 2409 1981 2454 matre
2020 2409 2132 2454 erat
2155 2439 2169 2460 ,
2198 2399 2299 2454 sed

723 2498 881 2552 etiam
903 2496 1190 2550 secundum
1221 2495 1357 2548 hanc
1387 2503 1648 2548 terrenam
1669 2532 1683 2558 ,
1707 2508 1806 2562 qua
1832 2494 1945 2546 sine
1968 2503 2115 2561 patre
2139 2499 2290 2555 erat,

721 2588 865 2641 illum
896 2588 1010 2640 sine
1035 2585 1340 2655 genealogia
1365 2599 1482 2638 esse
1510 2583 1758 2638 crederes
1784 2600 1795 2634 :
1822 2582 1939 2637 ideo
1964 2597 2084 2635 cum
2111 2582 2292 2635 ambas

721 2677 1020 2746 posuisset,
1049 2685 1172 2729 tunc
1215 2676 1380 2740 dixit,
1409 2673 1532 2728 Sine
1577 2674 1887 2743 genealogia-
1929 2672 2135 2726 Etenim
2181 2672 2293 2725 ιιωο

723 2776 930 2821 terrena
969 2765 1514 2833 incomprehensibilis
1540 2773 1657 2827 est,
1682 2773 1738 2816 nt
1765 2763 2026 2817 caelestem
2058 2763 2197 2814 illam
2227 2776 2292 2814 ne

721 2858 936 2928 quidem
969 2856 1227 2924 inSpicere
1252 2854 1559 2908 audeamus.
1589 2851 1719 2906 Nam
1749 2853 1792 2905 si
1823 2851 2080 2905 vestibula
2111 2850 2290 2917 templi

722 2949 792 3002 ita
823 2946 1092 3001 tremenda
1115 2955 1167 3000 et
1191 2947 1457 2999 inaccessa
1483 2951 1649 3006 erant,
1672 2942 1736 2995 ad
1763 2941 1919 3010 adyta
1947 2941 2064 3010 quis
2091 2940 2292 3009 ingredi

719 3053 882 3092 ausus
907 3037 1083 3092 esset?
1109 3036 1258 3102 Quod
1286 3051 1313 3087 a
1349 3036 1502 3088 Patre
1526 3035 1735 3104 genitus
1763 3033 1830 3087 sit
1858 3034 1998 3097 novi,
2027 3033 2292 3102 quomodo

721 3137 895 3181 autem
928 3127 1125 3180 nescio.
1157 3125 1305 3193 Quod
1332 3139 1361 3178 a
1387 3125 1589 3194 virgine
1613 3133 1767 3178 natus
1795 3124 1862 3177 sit
1889 3123 2044 3185 novi,
2078 3123 2291 3176 modum

721 3229 895 3272 autem
925 3234 1093 3288 neque
1120 3218 1205 3272 hic
1232 3222 1402 3285 capio.
1424 3216 1654 3286 Utraque
1672 3216 1944 3284 generatio
1968 3215 2023 3269 in
2049 3215 2293 3270 confesso

720 3317 820 3367 est,
847 3316 900 3360 et
922 3306 1191 3375 utriusque
1219 3304 1405 3358 modus
1432 3313 1649 3358 tacetur.
1680 3304 1747 3356 Et
1769 3305 1903 3356 sicut
1931 3304 2015 3356 hic
2035 3304 2101 3356 de
2131 3304 2294 3371 virgi-

720 3411 808 3459 ne,
828 3397 1075 3465 ignorans
1098 3395 1360 3464 quomodo
1386 3410 1452 3449 ex
1472 3394 1672 3463 virgine
1701 3403 1854 3449 natus
1874 3393 1962 3458 sit,
1985 3393 2153 3461 ipsum
2175 3406 2292 3448 esse

721 3497 898 3541 natum
931 3487 1185 3542 conﬁteor
1209 3529 1222 3552 ,
1253 3502 1425 3555 neque
1468 3501 1578 3540 rem
1626 3485 1750 3538 tollo
1795 3494 2008 3553 propter
2046 3485 2291 3553 ignoran-

722 3581 846 3632 tiam
872 3599 884 3632 :
913 3580 981 3632 ita
1011 3589 1065 3633 et
1095 3588 1149 3631 tu
1177 3577 1258 3631 fac
1284 3578 1349 3631 de
1378 3578 1551 3637 Patre,
1573 3577 1672 3630 etsi
1701 3592 1803 3628 non
1836 3574 2045 3628 noveris
2071 3588 2292 3642 quomo-

719 3669 788 3721 do
814 3670 1018 3738 genitus
1044 3669 1111 3721 sit
1138 3669 1203 3721 ab
1229 3681 1292 3720 eo
1315 3666 1497 3728 Filius,
1522 3665 1776 3719 conlitere
1804 3674 1994 3718 tamen.
2025 3664 2079 3718 Si
2102 3664 2295 3717 dixerit

724 3758 816 3810 tibi
849 3757 1147 3820 hrereticus,
1175 3755 1452 3823 Quomodo
1477 3755 1685 3824 genitus
1711 3762 1790 3808 est
1818 3769 1883 3806 ex
1905 3753 2059 3806 Patre
2085 3753 2292 3807 Filius?

723 3849 838 3917 ejus
869 3850 1057 3902 fastum
1086 3849 1139 3900 in
1167 3855 1360 3901 terram
1385 3845 1622 3914 deprime
1646 3885 1665 3908 ,
1691 3852 1744 3898 et
1769 3844 1854 3897 dic
1882 3845 1954 3897 illi
1980 3863 1992 3897 :
2024 3843 2293 3898 Descende

722 3940 791 3995 de
834 3939 977 3994 ClBllS
997 3980 1011 4003 ,
1041 3949 1094 3993 et
1122 3938 1342 3992 ostende
1381 3936 1643 4003 quomodo
1685 3945 1834 3989 natus
1877 3950 1941 3990 ex
1973 3934 2173 4004 virgine
2197 3977 2211 4000 ,
2240 3943 2296 3990 et

724 4039 848 4083 tunc
885 4029 951 4082 ad
993 4027 1076 4081 illa
1103 4027 1328 4095 respice.
1363 4026 1546 4080 Detine
1586 4025 1754 4094 ipsum
1778 4065 1794 4087 ,
1825 4035 1878 4079 et
1905 4024 2162 4078 conclude
2184 4065 2200 4090 ,
2227 4040 2294 4079 ne

722 4112 866 4173 sinas
900 4119 1121 4182 resilire,
1147 4127 1201 4172 et
1227 4119 1280 4170 in
1312 4115 1666 4186 labyrinthum
1693 4116 2088 4170 ratiociniorum
2117 4131 2295 4186 regre-

722 4208 811 4271 di,
839 4208 931 4261 sed
960 4207 1138 4262 detine
1174 4215 1228 4261 et
1255 4205 1450 4260 suﬂ'oca
1475 4246 1490 4269 ,
1522 4220 1627 4259 non
1655 4219 1811 4258 manu
1835 4245 1850 4269 ,
1881 4205 1976 4259 sed
2014 4207 2192 4261 verbo.
2220 4206 2296 4261 Ne

723 4299 820 4353 des
866 4298 935 4352 illi
973 4297 1276 4351 dilationem
1321 4304 1377 4350 ut
1413 4295 1628 4365 effugiat
1667 4310 1771 4363 quo
1814 4295 1956 4349 velit.
1989 4294 2121 4348 Hinc
2153 4296 2292 4348 enim

727 4387 1006 4441 tumultum
1035 4387 1264 4440 excitant
1285 4387 1420 4441 inter
1437 4385 1830 4454 disputandum,
1857 4386 1978 4454 quia
2007 4400 2102 4438 nos
2122 4387 2294 4453 sequi-

722 4491 841 4531 mur
867 4479 982 4531 tllos
1002 4517 1016 4542 ,
1047 4493 1218 4547 neque
1247 4476 1553 4532 abducimus
1575 4491 1667 4530 eos
1694 4475 1793 4530 sub
1820 4477 1964 4545 leges
2004 4477 2295 4530 divinarum

727 4561 1140 4629 Scripturarum.
1163 4561 1366 4616 Murum
1395 4563 1493 4631 ipsi
1514 4561 1744 4632 undique
1769 4562 2128 4631 circumpone,
2153 4562 2298 4615 testi-

726 4653 899 4707 monia
920 4652 1398 4720 Scripturarum,ac
1418 4669 1484 4707 ne
1503 4653 1707 4707 hiscere
1725 4653 1932 4722 quidem
1958 4653 2294 4722 poterit.Dic,

724 4741 988 4813 quomodo
1026 4749 1176 4794 natus
1203 4751 1284 4796 est
1312 4758 1377 4796 ex
1406 4744 1605 4814 virgine
1625 4744 1647 4796 ?
1667 4741 1782 4797 Non
1806 4743 2024 4812 gradum
2066 4757 2255 4797 revoco
2278 4783 2293 4807 ,

727 4849 830 4886 non
853 4831 1060 4886 recedo.
1086 4831 1275 4886 Verum
1294 4846 1396 4886 non
1418 4833 1605 4903 poterit
1625 4834 1775 4890 nobis
1796 4833 2005 4888 modum
2026 4849 2296 4900 enarrare,

727 4927 825 4979 etsi
847 4926 1142 4980 sexcenties
1167 4924 1218 4978 id
1242 4924 1537 4979 contendat.
1569 4925 1703 4980 Cum
1726 4927 1867 4981 enim
1895 4927 2031 4980 Deus
2059 4925 2299 4981 occluse-

728 5015 816 5073 rit.
837 5015 953 5084 quis
972 5023 1154 5084 postea
1176 5015 1411 5084 aperiat?
1432 5014 1555 5068 llam
1577 5015 1687 5069 sola
1717 5025 1937 5083 possunt
1954 5015 2054 5071 ﬁde
2077 5016 2293 5086 percipi.

729 5105 782 5159 Si
818 5120 970 5173 porro
995 5119 1242 5173 nequeas,
1265 5104 1356 5159 sed
1377 5104 1644 5159 ratiocinia
1664 5119 1889 5174 quaeras,
1912 5105 1963 5158 id
1990 5105 2080 5159 tibi
2102 5105 2295 5170 dicam,

729 5196 866 5266 quod
897 5195 1138 5248 Christus
1167 5193 1454 5249 Nicodcmo
1475 5215 1486 5248 :
1510 5195 1569 5250 Si
1593 5204 1786 5248 terrena
1809 5195 1915 5247 dixi
1942 5195 2094 5259 vobis,
2122 5207 2169 5250 et
2199 5213 2298 5250 non

728 5287 928 5340 creditis
954 5326 968 5350 ,
999 5285 1246 5354 quomodo
1286 5285 1329 5336 si
1356 5285 1528 5338 dixero
1555 5285 1774 5339 cwlestia
1800 5285 2006 5337 credetis
2033 5283 2210 5353 (Joan.
2239 5287 2292 5340 3.

732 5377 858 5446 12)?
887 5378 958 5429 De
998 5386 1114 5429 ortu
1144 5391 1207 5429 ex
1237 5375 1436 5444 virgine
1476 5375 1625 5442 dixi,
1654 5385 1707 5430 et
1737 5391 1843 5430 non
1885 5376 2132 5445 intelligis
2153 5418 2167 5441 ,
2198 5392 2299 5436 nec

728 5467 935 5522 hiscere
959 5467 1122 5520 audes
1146 5507 1160 5533 ,
1192 5476 1244 5521 et
1272 5476 1444 5521 tamen
1476 5480 1754 5535 supernam
1783 5467 2172 5537 generationem
2203 5483 2298 5523 cu-

733 5562 874 5612 riose
913 5557 1178 5628 exploras.
1208 5559 1378 5628 Atque
1414 5558 1612 5612 utinam
1647 5559 1833 5612 caalum
1864 5567 2098 5625 tantum;
2127 5559 2218 5614 sed
2246 5570 2300 5614 tu

731 5644 892 5703 etiam
918 5649 1165 5705 canorum
1197 5647 1476 5704 Dominum
1505 5647 1709 5704 curiose
1743 5634 1968 5704 rimaris.
2009 5651 2070 5707 Si
2108 5661 2302 5706 terrena

1167 307 1222 362 S.
1264 303 1452 359 JOAN.
1493 299 1863 356 CllltYSOST.
1906 296 2217 353 ABCHIEP.
2258 291 2788 350 CONSTANTINOP.
2827 292 2912 345 DE
2951 292 3484 352 )lliliClllSEDl-JCO.

3855 320 3972 371 2(ῑο

2402 411 2512 466 dixi
2535 412 2703 477 vobis,
2729 422 2775 465 et
2804 429 2901 465 non
2926 414 3144 466 creditis.
3171 413 3282 466 Non
3321 413 3451 467 dixit
3474 455 3489 479 ,
3520 413 3633 468 Non
3674 430 3960 483 persuade.

2398 501 2560 566 mini,
2591 502 2681 556 sed
2707 541 2724 567 ,
2755 501 2876 555 Non
2904 502 3128 568 creditis;
3149 503 3431 557 ostendens
3457 503 3608 558 nobis
3631 542 3646 568 ,
3678 504 3720 556 si
3750 513 3965 558 terrena

2398 592 2500 646 ﬁde
2542 609 2674 662 Opus
2701 593 2966 657 habeant,
2991 595 3155 648 multo
3203 594 3368 663 magis
3404 595 3653 648 cmlestia.
3698 595 3808 649 Etsi
3838 604 3966 651 tunc

2395 683 2681 738 Nicodemo
2709 684 2775 738 de
2803 694 2953 753 partu
2982 684 3284 752 loqueretur
3314 685 3467 753 longe
3500 685 3740 749 minore;
3768 685 3835 740 de
3864 686 3964 740 ba-

2396 774 2639 840 ptismate
2679 787 2908 842 namque
2952 787 3126 827 sermo
3170 781 3313 836 erat,
3361 783 3416 828 et
3453 772 3521 827 de
3563 776 3965 842 regeneratione

2395 862 2649 930 spirituali
2676 881 2687 916 :
2714 863 2805 916 sed
2838 863 3010 931 palam
3037 873 3118 916 est
3142 878 3201 917 ea
3242 865 3399 917 etiam
3442 865 3544 917 ﬁde
3577 879 3694 918 esse
3722 879 3968 933 compre-

2397 951 2690 1006 hensibilia.
2720 951 2941 1005 Terrena
2966 963 3139 1007 autem
3172 954 3258 1009 illa
3286 957 3518 1020 vocavit,
3550 957 3652 1008 non
3678 956 3818 1024 quod
3850 966 3965 1010 ter-

2395 1057 2521 1096 rena
2550 1058 2674 1097 vere
2699 1043 2800 1096 sint
2821 1084 2836 1108 ,
2865 1043 2956 1097 sed
2996 1044 3132 1111 quod
3165 1045 3215 1097 in
3249 1053 3386 1098 terra
3414 1053 3877 1111 consummentur,
3913 1055 3970 1098 et

2395 1133 2788 1200 comparatione
2816 1133 2954 1186 illius
2980 1133 3274 1198 ineﬁ‘abilis,
3297 1143 3352 1187 et
3378 1150 3591 1189 omnem
3617 1144 3844 1190 mentem
3868 1151 3967 1190 su-

2395 1223 2626 1290 perantis
2652 1223 3007 1291 generationis
3030 1263 3044 1286 ,
3079 1225 3192 1277 haae
3219 1225 3325 1277 sint
3354 1233 3580 1279 terrena.
3615 1224 3669 1280 Si
3698 1241 3824 1296 ergo
3853 1243 3965 1280 non

2396 1320 2569 1381 potest
2595 1313 2810 1382 intelligi
2835 1353 2850 1376 ,
2877 1327 2981 1382 quo
3008 1321 3159 1382 pacto
3189 1329 3254 1368 ex
3277 1317 3424 1382 aquis
3449 1330 3839 1384 regenercmur,
3869 1317 3966 1370 sed

2396 1403 2504 1455 sola
2535 1402 2634 1456 ﬁde
2661 1403 2710 1456 id
2735 1403 3003 1471 percipere
3027 1412 3286 1471 oporteat,
3319 1419 3488 1472 neque
3514 1404 3727 1458 modum
3753 1408 3968 1460 curiose

2397 1493 2670 1560 explorare
2694 1510 2707 1546 :
2732 1502 2940 1562 quantae
2971 1493 3187 1547 insaniae
3217 1493 3373 1548 fuerit
3400 1495 3465 1548 de
3491 1510 3718 1562 superna
3742 1511 3970 1566 genera-

2398 1583 2538 1635 tione
2560 1583 2810 1651 unigeniti
2827 1583 2943 1636 Filii
2968 1581 3191 1636 humana
3210 1585 3478 1638 ratiocinia
3500 1601 3733 1652 movere,
3748 1599 3801 1642 et
3821 1588 3965 1642 modi

2396 1674 2752 1742 generationis
2769 1675 2998 1727 rationes
3018 1676 3298 1742 expetere?
3319 1675 3591 1742 Quomodo
3612 1678 3724 1731 sine
3749 1689 3896 1746 patre
3915 1690 3972 1732 ct

2397 1767 2512 1818 sine
2542 1774 2706 1818 matre
2735 1765 2824 1817 Dei
2854 1764 3036 1829 Filius,
3056 1772 3109 1818 et
3133 1766 3394 1835 quomodo
3414 1767 3526 1822 sine
3547 1767 3852 1838 genealogis
3872 1768 3964 1831 sit,

2396 1858 2524 1911 satis
2550 1856 2969 1912 demonStratum
2997 1866 3097 1911 est.

2466 1948 2516 2001 3.
2551 1946 2653 2003 Sed
2696 1949 2942 2017 quoniam
2989 1947 3137 2002 multi
3189 1963 3294 2002 non
3342 1948 3692 2018 intelligentes
3737 1965 3852 2019 qua:
3897 1951 3967 2006 de

2397 2035 2776 2092 Melchiscdcco
2797 2040 2988 2106 scripta
3019 2047 3158 2100 sunt,
3184 2039 3353 2106 ipsum
3379 2040 3533 2091 etiam
3565 2038 3776 2092 Christo
3800 2039 3969 2108 majo-

2395 2144 2507 2182 rem
2537 2142 2653 2183 esse
2681 2129 2944 2191 dixerunt,
2975 2127 3322 2197 hmresimque
3347 2130 3757 2192 constituerunt,
3787 2139 3840 2183 et
3864 2145 3974 2183 vo—

2396 2227 2582 2272 cantur
2620 2218 3054 2272 Melchisedecitm
3085 2217 3160 2289 (a)
3185 2259 3199 2284 ,
3232 2220 3488 2288 nobisque
3515 2220 3881 2286 contendunt,
3914 2231 3971 2275 et

2399 2319 2666 2379 pugnant,
2701 2311 2870 2378 ipsum
2913 2325 3031 2364 esse
3073 2308 3282 2366 Christo
3319 2311 3570 2378 majorem
3595 2353 3610 2376 ,
3635 2312 3763 2366 illud
3797 2312 3982 2366 addu-

2396 2410 2576 2456 centes
2596 2443 2609 2463 ,
2642 2401 2716 2454 Tu
2747 2420 2797 2456 es
2820 2402 3050 2455 sacerdos
3086 2403 3139 2455 in
3175 2412 3411 2455 aeternum
3444 2404 3715 2458 secundum
3739 2406 3972 2459 ordinem

2397 2491 2731 2546 Melchisedec
2776 2494 2794 2562 (
2818 2493 2961 2547 Psat.
2991 2494 3111 2549 109.
3141 2495 3196 2563 4)
3232 2514 3244 2548 :
3286 2494 3387 2550 illis
3430 2511 3638 2564 quoque
3685 2511 3972 2553 occurrere

2397 2593 2626 2650 Oportet.
2660 2583 2847 2636 Dicunt
2871 2585 3010 2637 enim
3041 2599 3053 2635 :
3077 2583 3354 2650 Quomodo
3382 2600 3485 2638 non
3516 2584 3670 2640 fuerit
3699 2587 3784 2639 ille
3807 2586 3965 2645 Chri-

2395 2681 2478 2726 sto
2522 2673 2730 2740 major,
2759 2673 3048 2727 secundum
3097 2673 3249 2742 cujus
3294 2675 3572 2744 imaginem
3621 2686 3676 2729 et
3722 2676 3968 2731 ordinem

2394 2761 2633 2816 Christus
2654 2763 3003 2819 sacerdotium
3021 2766 3266 2819 exercet?
3284 2765 3392 2820 Nos
3407 2781 3532 2836 ergo
3553 2767 3770 2821 dicimus
3791 2767 3967 2834 ipsum

2397 2853 2662 2906 hominem
2709 2868 2865 2918 esse,
2901 2856 3118 2922 perinde
3162 2866 3322 2925 atque
3361 2873 3458 2912 nos
3497 2859 3821 2926 passionibus
3862 2859 3980 2912 ob-

2397 2943 2609 2996 noxium
2632 2984 2646 3004 ,
2677 2959 2773 2997 nec
2801 2945 3055 3012 majorem
3084 2945 3291 3001 Christo
3312 2988 3326 3012 ,
3363 2949 3467 3002 imo
3506 2964 3603 3002 nec
3627 2949 3824 3004 Joanne
3864 2951 3973 3005 Ba-

2397 3034 2586 3103 ptista:
2615 3035 2786 3105 Major
2812 3038 2952 3090 enim
2993 3038 3081 3090 illo
3105 3078 3119 3103 ,
3153 3038 3318 3106 inquit
3354 3037 3595 3093 Christus
3620 3080 3635 3104 ,
3667 3040 3795 3092 inter
3818 3050 3971 3094 notos

2398 3126 2664 3178 mulierum
2703 3142 2804 3178 non
2843 3127 3059 3179 surrexit
3099 3127 3305 3197 (Matth.
3339 3129 3568 3199 “.11).
3611 3130 3714 3184 Alii
3755 3145 3969 3186 rursum

2396 3230 2548 3270 erran
2560 3225 2636 3269 tes
2662 3216 2842 3270 dicunt
2871 3217 3039 3284 ipsum
3065 3233 3181 3271 esse
3207 3218 3458 3286 Spiritum
3482 3231 3719 3274 sanctum
3747 3221 3839 3291 (b);
3870 3222 3970 3276 sed

2396 3302 2498 3357 hoc
2543 3319 2646 3356 non
2687 3305 2913 3358 dicimus
2958 3320 3074 3358 nos.
3112 3305 3242 3361 Nam
3285 3323 3402 3375 qua:
3446 3309 3734 3364 necessitas
3775 3309 3972 3366 fuisset

2396 3392 2624 3448 Verbum
2657 3393 2749 3447 Dei
2789 3395 3048 3448 incarnari
3074 3434 3088 3460 ,
3121 3395 3162 3450 si
3187 3396 3294 3463 jam
3333 3398 3459 3450 olim
3498 3398 3723 3467 Spiritus
3749 3409 3975 3455 sanctus

2397 3483 2554 3538 homo
2583 3484 2751 3537 factus
2781 3483 3006 3537 fuisset?
3033 3485 3162 3549 Quia
3209 3501 3335 3540 vero
3378 3501 3476 3541 nec
3520 3488 3688 3557 major
3711 3489 3926 3544 Christo
3949 3532 3970 3555 ,

2399 3590 2495 3629 nec
2517 3576 2741 3644 Spiritus
2769 3586 2984 3631 sanctus
3013 3588 3093 3630 est
3116 3619 3132 3643 ,
3160 3578 3336 3632 dicant
3364 3580 3525 3633 nobis.
3543 3581 3622 3634 illi
3641 3623 3656 3646 ,
3686 3581 3831 3650 cujus
3859 3583 3970 3638 loci

2398 3667 2570 3736 ipsum
2611 3683 2729 3722 esse
2775 3676 3041 3723 statuant:
3071 3685 3135 3723 an
3167 3670 3434 3726 czelestis?
3462 3688 3528 3725 an
3569 3674 3873 3727 terrestris?
3898 3691 3974 3731 an

2396 3758 2769 3812 subterranei?
2797 3757 2852 3812 Si
2881 3773 3006 3827 ergo
3028 3759 3207 3814 dicant
3233 3760 3669 3816 Melchisedecum
3700 3764 3780 3818 vel
3800 3778 3830 3818 e
3857 3779 3976 3819 cae-

2400 3847 2610 3903 lestium
2656 3863 2914 3915 numero,
2947 3851 3029 3904 vel
3074 3851 3207 3905 alius
3245 3853 3620 3922 cujuscumque
3663 3855 3760 3909 loci
3804 3869 3927 3911 esse
3953 3899 3974 3922 ,

2397 3937 2614 3991 audiant
2651 3937 2796 3992 illum
2839 3954 2976 4007 genu
3016 3939 3228 3995 ﬂectere
3263 3941 3474 3995 Christo
3497 3983 3512 4006 ,
3535 3943 3623 4010 qui
3663 3943 3974 4000 incarnatus

2397 4037 2480 4082 est
2505 4044 2571 4083 ex
2613 4029 2832 4098 Deipara
2873 4029 3052 4084 Maria.
3081 4031 3167 4085 Ait
3193 4032 3331 4087 enim
3348 4033 3624 4101 Apostolus
3644 4052 3658 4086 :
3682 4033 3708 4086 1
3717 4035 3794 4101 psi
3817 4050 3976 4088 omne

2398 4135 2525 4188 genu
2555 4121 2796 4188 ﬂectetur,
2811 4129 2915 4174 etc.
2943 4119 3198 4192 (PJn'tipp.
3224 4122 3278 4175 2.
3304 4122 3420 4191 l0).
3438 4124 3492 4178 Si
3523 4137 3679 4177 omne
3708 4138 3840 4191 genu
3873 4123 3978 4178 lle-

2398 4213 2577 4276 ctitur,
2612 4227 2740 4267 sane
2767 4211 3117 4268 Melchisedec
3145 4213 3353 4267 Christo
3383 4215 3555 4267 minor
3576 4213 3750 4278 fuerit,
3776 4212 3979 4269 adorat

2399 4303 2537 4354 enim
2569 4301 2858 4355 Christum.
2886 4302 2940 4356 Si
2970 4302 3204 4356 infelices
3233 4302 3307 4355 illi
3335 4316 3398 4356 ac
3425 4303 3601 4357 miseri
3637 4318 3698 4357 ea
3725 4318 3840 4371 quae
3876 4319 3980 4358 se-

2399 4398 2629 4456 quuntur
2649 4390 3010 4456 considerent;
3031 4405 3152 4444 nam
3179 4390 3462 4460 subjungit,
3488 4391 3802 4445 Assimilatus
3827 4390 3981 4448 Filio

2399 4481 2493 4535 Dei
2519 4480 2696 4550 (Hebr.
2720 4483 2770 4534 7.
2797 4483 2853 4550 3)
2877 4500 2889 4533 :
2915 4481 2983 4535 ita
3011 4482 3404 4550 intelligendum
3427 4490 3526 4547 est,
3557 4483 3724 4550 ipsum
3750 4497 3981 4552 nempe,

2398 4572 2619 4641 perinde
2645 4582 2802 4640 atque
2832 4586 2946 4637 nos,
2966 4571 3031 4625 ad
3062 4573 3341 4642 imaginem
3369 4581 3421 4626 et
3444 4572 3841 4626 similitudinem
3875 4573 3980 4628 Dei

2399 4661 2594 4716 factum
2624 4663 2803 4716 fuisse.
2830 4661 2997 4716 Judaei
3041 4677 3199 4731 porro
3223 4663 3403 4716 dicunt
3438 4664 3607 4732 ipsum
3635 4677 3700 4715 ex
3742 4664 3982 4716 fornica—

2401 4753 2546 4808 tione
2574 4747 2752 4808 natum
2783 4769 2901 4808 esse
2941 4754 3012 4825 (ε)
3039 4795 3058 4821 ,
3085 4754 3306 4823 ideoque
3335 4755 3449 4809 sine
3471 4755 3769 4824 genealogia
3800 4769 3920 4809 esse
3960 4773 3978 4820 ;

2401 4845 2591 4914 quibus
2616 4860 2713 4898 nos
2740 4845 2976 4899 dicemus
2999 4885 3013 4908 ,
3044 4845 3181 4913 quod
3218 4845 3313 4914 ipsi
3345 4860 3620 4915 perperam
3663 4847 3976 4915 loquantur.

2403 4936 2609 4991 Etenim
2632 4936 2948 4998 Salomonis,
2976 4936 3065 5005 qui
3091 4951 3160 4989 ex
3189 4936 3426 4991 adultera
3457 4937 3595 4992 Uria:
3623 4953 3786 4990 uxore
3811 4949 3981 4991 natus

2466 5048 2539 5109 (a)
2572 5053 2646 5109 De,
2662 5045 3074 5109 Melchisedecitis,
3099 5058 3222 5106 quos
3236 5055 3569 5109 Μιλχισιδυιιανοῦς
3592 5055 3732 5096 vocat
3770 5046 3982 5108 Epipha-

2402 5107 2529 5166 nius,
2575 5108 2684 5158 vide
2724 5108 2862 5170 apud,
2893 5107 3046 5168 ipsum
3079 5109 3263 5170 ticeresi
3306 5107 3384 5164 35,
3416 5109 3481 5157 al.
3633 5123 3681 5170 p.
3847 5109 3982 5170 edit...

2403 5179 2585 5226 l‘etav.1
2610 5181 2717 5230 qua:
2740 5169 2932 5216 omnino
2948 5181 3054 5214 cum
3079 5168 3157 5216 his
3175 5177 3430 5217 consonant
3449 5184 3461 5227 ;
3478 5171 3540 5219 de
3565 5168 3647 5218 illo
3662 5171 3803 5217 etiam
3815 5168 3982 5216 Theo-

2402 5232 2617 5304 dot'ettis,
2656 5232 2873 5278 Itazretic.
2906 5230 3066 5276 Fabul.
3108 5230 3140 5277 L
3175 5231 3247 5286 tt,
3286 5244 3328 5277 c.
3353 5232 3409 5289 6,.
3434 5239 3564 5280 Joan.
3610 5239 3815 5277 Damasc.
3865 5235 3984 5279 Ha>

2405 5293 2654 5414 “illibata
2677 5350 2869 5398 dicebat
2902 5351 3295 5414 Melchisedecum
3341 5365 3453 5402 esse
3490 5352 3707 5414 Spiritum
3753 5358 3985 5402 sanctum

2407 5412 2724 5470 erat'Hierax,
2753 5417 2882 5460 teste
2905 5413 3156 5474 Epiphanio
3190 5414 3241 5461 in
3277 5421 3398 5462 uter.
3434 5412 3984 5462 Metonistxlecianorum

2406 5489 2454 5538 μ
2471 5475 2707 5598 ὥῖὸιιοᾴ
2721 5545 2833 5598 mox
2857 5533 3046 5598 dicitur,
3081 5547 3259 5598 nempe
3275 5534 3498 5598 γλυάωοξ
3507 5533 3692 5583 dixisse
3715 5533 3992 5598 Melchise—

2408 5592 2579 5646 decum
2599 5608 2662 5643 ex
2686 5593 2999 5660 fornicatione
3035 5592 3384 5660 natum'l'uisse,
3418 5592 3574 5660 refert
3594 5597 3739 5646 etiam
3771 5596 3989 5660 rpij‘ha.

2413 5662 2520 5709 nius
2542 5660 2588 5708 in
2614 5655 2790 5705 ttrcresi
2813 5655 3341 5706 Melchisedecianorum
3357 5671 3404 5719 ς».
3432 5657 3534 5704 475.
