4140 6314
141 369 249 423 259

139 472 403 538 εἰρήνης,
453 473 728 542 ἀπάτωρ,
772 477 1039 546 ἀμήτωρ,
1098 478 1587 547 ἀγενεαλόγητος,
1631 478 1782 548 μήτε

136 553 248 619 dp)!
260 552 333 629 θζτῖ
360 555 596 629 ’λέξερῶξθ
617 560 790 629 ἔχων.
816 560 966 626 μήτε
987 561 1160 623 τέλος
1199 559 1365 627 ζωῆς,
1409 561 1782 629 ἀφωμοιωμέ-

135 639 241 685 γος
271 622 338 674 δὲ
367 624 446 688 τῷ
475 622 590 689 Υιῴ
615 622 718 679 τοῦ
754 622 921 693 Θέοῦ,
957 630 1124 696 μένει
1145 622 1361 696 νιερεὺξ
1384 622 1469 696 εἰς
1497 622 1561 682 τό
1588 622 1783 694 δινηῗνε-

138 708 256 770 κές.
286 704 410 775 Ἆρ’
436 712 496 761 οὐ
529 713 813 776 κατέξανεν
839 716 989 784 ὑμῶν
1004 716 1100 778 τὰς
1129 716 1317 778 ἀκοὰς,
1345 717 1470 785 περὶ
1499 715 1781 787 ἀνθρώπου

137 792 515 863 διαλεγόμενος
544 801 633 850 καὶ
655 800 844 866 λέγων,
890 801 1160 868 Ἀπάτωρ,
1185 802 1440 870 ἀμήτωρ,
1465 805 1784 870 ἀγενεαλό-

135 897 347 945 γητος
386 884 492 934 Καὶ
519 885 570 936 τί
594 885 735 952 λέγω
775 887 903 956 περὶ
944 888 1261 956 ἁνθρώπου;
1291 891 1352 940 Εἰ
1395 890 1502 958 γάρ
1537 890 1660 957 περί
1692 889 1784 941 τοῦ

141 965 264 1017 Υἰοῦ
294 969 506 1035 λέγοιτο
539 972 716 1034 τοῦτο,
762 975 860 1026 οὐκ
884 975 948 1026 ἂν
979 975 1172 1044 πολλὴν
1214 976 1304 1027 καὶ
1328 975 1496 1038 οὕτως
1533 976 1783 1045 παράσχῃ

140 1053 392 1121 ζήτησινς
427 1059 486 1110 Εἰ
513 1060 616 1129 γὰρ
637 1061 880 1128 ἀπάτωρ,
905 1062 1020 1124 πῶς
1049 1064 1202 1126 Υἰός;
1237 1064 1369 1116 Εἰδέ
1393 1066 1641 1134 ἀμήτωρ,
1671 1066 1784 1127 πῶς

138 1139 478 1209 Μονογενήςς
521 1146 578 1195 '0
602 1146 706 1216 γὰρ
735 1147 844 1210 υίὸς
882 1148 1082 1216 ὀφείλει
1106 1150 1317 1220 πατέρα
1347 1151 1508 1219 ἔχειν,
1540 1152 1660 1202 ἐπεὶ¹
1689 1152 1784 1203 οὐκ

141 1226 198 1274 ἂν
224 1227 310 1294 εἴη
342 1229 478 1292 υἰός.
529 1232 684 1284 Ἀλλά
723 1235 815 1285 καὶ
844 1235 1070 1304 ἀπάτωρ
1101 1237 1244 1287 ἐστὶν
1274 1239 1300 1288 ό
1344 1237 1468 1298 Υἱὸς
1507 1237 1599 1288 τοῦ
1629 1236 1780 1301 Θεοῦ,

139 1312 220 1362 καὶ
259 1315 493 1384 ἀμήτωρ
515 1333 527 1346 ο
569 1319 795 1388 ἀπάτωρ
821 1320 918 1387 τὴν
956 1321 1106 1372 κάτω
1131 1322 1400 1391 γέννησιν,
1434 1324 1661 1392 ἀμήτωρ
1689 1322 1785 1392 τήν

138 1399 261 1452 ἄνω.
294 1401 432 1454 οὔτε
461 1404 568 1474 γὰρ
595 1407 684 1457 ἐπὶ
714 1406 816 1472 γῆς
842 1407 996 1474 ἔσχεν
1033 1409 1258 1478 πατέρα,
1291 1410 1412 1462 οὗτε
1446 1413 1501 1461 ἐν
1542 1411 1784 1478 οὐρανοῖς

131 1486 367 1555 μητέρα.
417 1490 931 1560 Ἀγενεαλόγητος.
978 1494 1342 1548 Ἀκουέτωσαν
1374 1499 1420 1548 οἰ
1463 1497 1560 1566 τὴν
1600 1498 1784 1549 οὐσίαν

137 1571 298 1624 αὑτοῦ
335 1574 928 1645 πολυπραγμονοῦντες.
965 1581 1154 1634 Καίτοι
1185 1583 1326 1644 τινὲς
1371 1582 1679 1652 νομίζουσιν
1703 1586 1783 1636 ὅτε

136 1657 192 1708 :6
229 1659 711 1730 Ἀτενεαλόγητος
742 1665 915 1728 τοῦτο,
946 1668 1185 1736 περὶτῆς
1222 1668 1334 1720 ἀνω
1367 1670 1669 1738 γεννήσεως
1707 1669 1784 1720 εῖ-

139 1761 314 1813 ρηται.

201 1833 260 1882 Ol
299 1833 399 1901 μὲν
427 1835 534 1906 γάρ
566 1837 830 1906 αῖρετικοὶ
858 1837 981 1891 οὔτε
1014 1839 1169 1892 τοῦτο
1203 1839 1517 1909 βούλονται·
1553 1842 1650 1895 καὶ
1678 1841 1783 1912 γὰρ

137 1915 222 1966 καὶ
260 1919 479 1988 ἐκείνην
523 1922 1034 1994 πολυπραγμονοῦσι
1079 1927 1171 1978 καὶ
1202 1928 1654 1997 περιεργάζονται
1684 1946 1694 1956 ·
1735 1929 1783 1979 οἰ

136 2000 186 2050 δὲ
205 2004 595 2073 ἐπιεικέστεροι
623 2009 824 2061 τούτων
852 2011 1065 2077 ἐκείνην
1098 2013 1195 2080 μὲν
1217 2014 1625 2083 παραχωροῦσι,
1657 2013 1783 2080 περὶ

135 2086 183 2138 δὲ
203 2089 407 2156 ταύτης
439 2093 586 2143 κάτω
632 2095 938 2162 νομίζουσιν
966 2098 1210 2165 εἰρῆσθαι
1240 2100 1315 2160 :6,
1363 2101 1780 2167 Ἀγενεαλόγη-

135 2190 248 2237 τος.
289 2177 564 2246 Δείξωμεν
605 2176 696 2230 οὖν
743 2181 822 2232 ὃτι
873 2183 996 2250 περὶ
1026 2183 1290 2253 ἑκατέρας
1339 2187 1436 2252 τῆς
1481 2186 1782 2251 γεννήσεως

134 2263 282 2315 τοῦτο
334 2265 545 2327 Παῦλος
591 2264 731 2328 εἷπε,
779 2270 872 2320 καὶ
903 2271 1029 2339 περὶ
1063 2271 1161 2338 τῆς
1192 2270 1339 2341 [968]
1364 2275 1493 2334 ἄνω,
1532 2274 1623 2324 καὶ
1657 2275 1782 2343 περὶ

133 2349 225 2416 τῆς
255 2352 427 2404 κάτω.
469 2355 574 2404 Καὶ
605 2355 709 2423 γάρ
759 2356 983 2421 κάκείνη
1027 2358 1247 2426 φρικτή,
1283 2361 1373 2412 καὶ
1404 2359 1538 2429 αῦτη
1588 2377 1779 2429 μυστι-

134 2436 366 2506 κωτάτη.
401 2438 502 2489 Διά
521 2441 678 2492 τοῦτο
703 2442 796 2492 καὶ
827 2441 1056 2504 Ἡσαΐας
1081 2444 1242 2512 φησίν
1261 2459 1276 2474 ⁸
1314 2445 1430 2510 Τὴν
1447 2446 1659 2512 γενεὰν
1677 2447 1781 2498 αὺ-

133 2522 231 2574 τοῦ
260 2525 354 2588 τίς
386 2523 764 2593 διηγήσεταιξ
801 2527 960 2580 Ἀλλά
987 2530 1114 2599 περὶ
1145 2530 1379 2599 ἐκείνης,
1415 2533 1598 2600 φησιν,
1629 2528 1780 2584 εἶπεν

131 2607 222 2676 τῆς
251 2609 382 2662 ἀνω.
421 2612 484 2664 Τί
518 2608 609 2664 οῦν
638 2613 866 2682 ἐροῦμεν
902 2614 978 2684 τῷ
1010 2615 1204 2685 Παύλῳ
1238 2617 1547 2687 ἀμφοτέρας
1577 2619 1778 2670 εἰπόντι

132 2693 219 2754 τὰς
239 2697 546 2764 γεννήσεις,
569 2701 657 2750 καὶ
673 2700 790 2752 τότε
805 2702 1130 2768 ἐπαγαγόντι
1151 2703 1230 2764 :6,
1257 2703 1304 2755 Ἀ
1315 2705 1740 2771 γενεαλόγητος
1762 2723 1775 2770 ;

134 2779 242 2832 Ἵνα
273 2783 350 2850 μὴ
389 2783 545 2850 μόνον
578 2786 694 2836 κατ’
726 2787 936 2854 ἐκείνην
961 2787 1056 2856 τὴν
1084 2789 1353 2857 γέννησιν,
1391 2790 1512 2840 καθ’
1539 2793 1603 2858 ἢν
1632 2793 1777 2859 ἀμή-

131 2881 235 2933 τωρ
257 2869 428 2932 ἐστὶν,
453 2869 590 2920 ἀλλά
617 2872 709 2923 καὶ
737 2872 874 2924 κατά
903 2872 1124 2942 ταύτην,
1149 2874 1268 2925 καθ’
1290 2874 1356 2942 ἢν
1386 2877 1612 2944 ἀπάτωρ
1642 2879 1775 2939 ἐστὶ,

130 2955 222 3023 τὴν
275 2957 429 3008 κάτω
473 2957 632 3024 λέγω,
669 2959 1092 3030 ἀγενεαλόγητον
1143 2957 1280 3013 εἶναι
1316 2964 1643 3034 πιστεύσῃςο
1693 2963 1778 3016 διὰ

130 3042 276 3094 τοῦτο
309 3045 591 3115 ἀμφότερα
615 3045 746 3108 θεὶς,
775 3047 891 3098 τότε
918 3042 1091 3110 εἶπεν,
1132 3047 1634 3117 Ἁγενεαλόγητος.
1670 3051 1778 3102 Καὶ

131 3128 229 3196 γὰρ
259 3131 357 3181 καὶ
402 3130 594 3201 αῦτηή
644 3132 792 3184 κάτω
825 3134 1224 3203 ἀκατάληπτος,
1278 3136 1362 3189 ἵνα
1402 3136 1536 3206 πρὸς
1567 3137 1778 3204 ἐκείνην

135 3217 256 3285 μηδέ
285 3219 608 3287 παρακόψαι
650 3219 1025 3290 τολμήσωμεν.
1066 3222 1128 3275 Ei
1153 3222 1260 3292 γὰρ
1291 3223 1360 3275 τά
1394 3223 1656 3292 προαύλια
1683 3223 1776 3275 τοῦ

131 3304 246 3355 ναοῦ
269 3305 416 3356 οῦτω
439 3305 640 3373 φοϐερά
673 3308 761 3358 καὶ
794 3307 1077 3375 ἀπρόσιτα,
1112 3309 1245 3377 πρὸς
1274 3309 1341 3360 τά
1371 3310 1534 3361 ἄδυτα
1561 3311 1642 3371 τίς
1669 3312 1778 3360 εἰσι

132 3390 291 3441 ελθείν
357 3393 732 3461 ἐπιχειρήσεις
777 3394 893 3444 ’Ὁτι
937 3394 1196 3464 ἐγεννήθη
1241 3396 1390 3463 παρὰ
1429 3395 1521 3446 τοῦ
1571 3394 1778 3464 Πατρὸς

131 3471 251 3536 οἶδα,
281 3478 344 3528 :6
361 3478 418 3528 δὲ
451 3477 585 3540 πῶς,
613 3479 710 3529 οὐκ
731 3474 862 3530 οἶδα.
884 3479 1003 3531 Ὅτι
1027 3480 1219 3549 ἐτέχθη
1249 3481 1350 3532 ὑπὸ
1373 3479 1471 3548 τῆς
1497 3480 1776 3550 Παρθένου

132 3563 452 3632 ἐπίσταμαι,
493 3564 584 3616 τὸν
623 3563 678 3616 δέ
719 3564 915 3633 τρόπον
949 3565 1065 3617 οὑδέ
1097 3566 1328 3619 ἐνταῦθα
1357 3565 1775 3634 καταλαμϐάνω.

142 3649 402 3718 Ἐκατέρα
439 3651 603 3719 γάρὴ
637 3651 884 3718 γέννησις
926 3651 1288 3721 ὡμολόγηται,
1322 3653 1414 3704 καὶ
1450 3654 1712 3721 ἑκατέρας
1749 3654 1777 3704 6

131 3736 312 3804 :9630;
345 3735 648 3806 σεσίγηται.
680 3738 787 3788 Καὶ
818 3739 951 3806 ὅπερ
976 3738 1204 3790 ἐνταῦθα
1232 3739 1321 3790 ἐπὶ
1352 3739 1448 3806 τ’ής
1479 3739 1772 3808 Παρθένου,

134 3824 222 3874 οὒκ
251 3824 411 3886 εἰδὼς
450 3824 563 3886 πῶς
592 3826 654 3874 ἐκ
683 3823 780 3890 τῆς
815 3824 1086 3892 παρθένου
1116 3825 1400 3892 ἐγεννήθη,
1429 3825 1672 3892 όμὸλογῶ
1696 3827 1775 3878 ὅτι

133 3910 402 3978 ἐγεννήθη,
437 3910 530 3960 καὶ
558 3909 656 3959 οὐκ
686 3908 892 3978 ἀναιρῶ
933 3909 993 3960 τὸ
1027 3910 1256 3977 πρᾶγμα
1284 3909 1370 3961 διὰ
1398 3909 1494 3978 τὴν
1526 3910 1773 3976 ἄγνοιαν·

133 3995 260 4047 οὕτω
299 3995 395 4047 καὶ
436 3996 498 4047 σὺ
532 3995 754 4063 ποίησον
782 3996 872 4047 ἐπὶ
903 3994 995 4048 τοῦ
1035 3997 1264 4064 [Ιατρὸς,
1305 3997 1353 4046 εἰ
1386 3998 1478 4047 καὶ
1502 3997 1599 4048 οὐκ
1631 3993 1776 4062 οἶδας

135 4082 237 4142 πῶς
263 4081 554 4152 ἐγεννήθη,
590 4081 936 4152 ὁμολόγησον.
973 4083 1090 4135 Κᾶν
1124 4084 1250 4154 εἴπῃ
1278 4100 1357 4135 σοι
1396 4083 1423 4134 6
1467 4085 1737 4153 αἰρετικός
1759 4103 1772 4118 ο

133 4164 244 4227 Πῶς
267 4169 533 4238 ἐγεννήθη
566 4169 628 4220 ἐκ
657 4168 749 4220 τοῦ
772 4169 978 4238 Πατρὸς
1004 4172 1031 4221 6
1058 4169 1183 4231 Υἱός
1209 4187 1221 4232 ;
1245 4171 1594 4224 κατάσπασον
1613 4173 1774 4226 αὑτοῦ

134 4257 184 4306 τδ
207 4255 474 4326 φρύαγμα
493 4258 572 4318 εἰς
599 4256 698 4325 τὴν
720 4260 840 4326 γῆν,
871 4259 962 4309 καὶ
985 4257 1103 4310 εἰπέ
1127 4257 1264 4327 πρὸς
1289 4258 1474 4309 αὐτόν·
1497 4260 1776 4330 Κατάὸηθι

139 4343 191 4391 ἐκ
212 4341 319 4394 τῶν
346 4341 613 4411 οὐρανῶν,
643 4343 736 4392 καὶ
751 4342 916 4407 δεῖξον
944 4342 1057 4404 πῶς
1083 4343 1342 4412 ἐγεννήθη
1366 4344 1428 4394 ἐκ
1448 4347 1543 4414 τῆς
1563 4347 1772 4416 Παρθέ-

137 4443 232 4490 νου,
266 4429 362 4480 καὶ
391 4429 514 4480 τότε
552 4429 731 4480 ἐκεῖνα
760 4431 878 4498 ὅρα.
923 4431 1173 4499 Κάτασχε
1207 4430 1367 4482 αὑτὸν
1400 4431 1492 4483 καὶ
1523 4433 1776 4504 περίστηο

138 4531 232 4577 σον,
267 4517 342 4586 μὴ
368 4517 515 4584 ἀφῇς
546 4517 910 4586 ἀποπηδῆσαι,
943 4517 1073 4586 μηδὲ
1101 4518 1445 4588 ἀναχωρῆσαι
1476 4519 1658 4581 εἰςτὸν
1685 4520 1775 4574 λα-

137 4602 372 4672 δύρινθον
420 4604 530 4656 τῶν
561 4603 851 4672 λογισμῶν,
887 4604 1018 4657 ἀλλά
1047 4605 1284 4674 κάτασχε
1332 4606 1424 4658 καὶ
1458 4606 1772 4673 ἀπόπνιξον,

141 4690 201 4758 μὴ
233 4693 294 4759 τῇ
325 4689 495 4759 χειρὶ,
533 4689 666 4741 ἀλλά
695 4690 773 4758 τῷ
812 4692 1034 4759 ῥήματι.
1065 4692 1155 4762 Μὴ
1190 4691 1364 4762 δώσῃς
1393 4693 1538 4762 αὑτῷ
1566 4693 1775 4747 διαστο-

136 4773 238 4844 λὴν,
289 4778 385 4828 καὶ
416 4777 651 4845 διαφύγῃ
683 4776 756 4838 ὡς
801 4776 1065 4844 βούλεται.
1116 4777 1352 4829 Ἐκεῖθεν
1392 4781 1498 4848 γὰρ
1551 4779 1775 4850 θόρυὸον

138 4862 414 4929 ἐμποιοῦσι
450 4866 559 4925 τοῖς
588 4863 1006 4931 διαλεγομένοις,
1031 4864 1212 4933 ἐπειδὴ
1242 4867 1399 4934 ἡμεῖς
1432 4867 1610 4928 αὐτοῖς
1648 4869 1777 4920 άκο-

137 4947 445 5016 λουθοῦμεν,
489 4949 582 5001 καὶ
629 4949 727 4999 οὐκ
778 4951 1057 5018 άπάγομεν
1105 4951 1209 5001 ὑπὸ
1245 4951 1370 5012 τοὺς
1419 4953 1614 5020 νόμους
1666 4953 1775 5007 τῶν

140 5033 279 5087 θείων
311 5035 567 5106 Γραφῶν.
619 5035 844 5103 Περίθες
876 5035 1051 5086 τοίνυν
1098 5034 1244 5104 αὐτῷ
1287 5037 1544 5090 πάντοθεν
1581 5039 1776 5109 τειχίον

139 5121 222 5181 τὰς
253 5123 358 5173 ἀπὸ
392 5121 502 5172 τῶν
532 5121 754 5190 Γραφῶν
791 5120 1110 5191 μαρτυριις,
1147 5122 1237 5172 καὶ
1269 5123 1388 5173 οὺδέ
1421 5125 1577 5191 χᾶναι
1614 5127 1774 5196 δυνή-

143 5222 293 5262 σεται.
319 5208 478 5269 Εἰπὲ,
511 5207 629 5268 Πῶς
658 5207 918 5276 ἐγεννήθη
951 5211 1013 5259 ἐκ
1043 5208 1138 5276 τῆς
1187 5209 1460 5278 Παρθένου
1487 5229 1498 5275 ;
1530 5213 1642 5264 Οὐκ
1675 5215 1778 5282 ἀφ-

145 5291 349 5362 ίσταμαί
389 5309 506 5351 σου,
536 5293 652 5344 οὺδέ
688 5293 970 5362 ἀναχωρῶ.
1022 5293 1159 5345 Ἀλλ’
1184 5296 1282 5346 οὐκ
1310 5297 1374 5347 ἂν
1402 5295 1511 5365 ἔχοι
1538 5300 1627 5352 τὸν
1655 5302 1778 5370 τρό-

143 5394 227 5430 πον
246 5383 374 5448 ήμῖν
399 5381 593 5440 εἰπεῖν,
619 5381 721 5432 κᾶν
755 5381 919 5449 μυρία
951 5380 1244 5449 φιλονεικῇ.
1279 5384 1444 5434 Ὅταν
1472 5385 1576 5454 γὰρ
1601 5388 1626 5438 6
1647 5387 1777 5449 Θεὸς

143 5466 451 5536 ἀποκλείσῃ,
469 5467 551 5527 τίς
575 5464 759 5535 ἀνοίξῃ
784 5466 964 5516 λοιπόν
982 5483 994 5529 ;
1015 5467 1165 5535 Μόνη
1265 5467 1443 5519 πίστει
1469 5469 1535 5519 τά
1557 5471 1777 5523 τοιαῦτα

147 5553 463 5621 παράδεκίια.
499 5553 556 5602 Εἰ
597 5551 652 5601 δέ
683 5553 780 5602 οὐκ
814 5551 874 5603 ἂν
896 5552 1056 5619 ἔχοις,
1100 5553 1232 5604 ἀλλὰ
1264 5558 1554 5622 λογισμους
1590 5559 1778 5627 ἐπιζη-

144 5644 254 5700 τεῖς.
283 5640 394 5708 ἐρῶ
426 5639 559 5707 πρὸς
589 5637 666 5698 σέ,
698 5636 726 5687 ὃ
757 5639 887 5706 πρὸς
922 5639 1224 5708 Νικόδημον
1258 5642 1285 5691 6
1314 5641 1544 5708 Χριστός
1578 5659 1738 5710 φησιν
1761 5664 1774 5676 ·

145 5726 197 5776 Εἰ
235 5727 301 5779 τὰ
345 5724 575 5794 ἐπίγεια
616 5721 787 5777 εἷπον
814 5725 970 5793 ὑμῖν,
1009 5727 1104 5780 καί
1145 5729 1214 5780 οὐ
1256 5729 1582 5794 πιστεύετε,
1631 5729 1773 5798 πῶς,

1518 366 1600 420 DE
1628 366 2170 426 MEIJCHISEDECO.

3416 388 3527 442 260

1884 479 1997 532 ἐὰν
2024 481 2095 534 τὰ
2113 479 2434 548 ἐπουράνια
2463 482 2625 548 εἴπω,
2649 485 2990 548 πιστεύετε;
3013 483 3148 556 Περὶ
3174 485 3270 555 τῆς
3300 486 3362 538 ἐκ
3378 487 3527 555 Παρ-

1891 566 2043 620 θένου
2073 568 2373 634 γεννήσεως
2391 565 2564 630 εἷπον,
2583 571 2676 622 καὶ
2699 571 2798 622 οὑκ
2814 567 2975 634 οἶδας,
2997 571 3113 624 οὐδὲ
3133 573 3288 640 χᾶναι
3304 572 3529 646 τολμᾷς,

1886 654 1981 705 καὶ
2007 653 2104 722 τὴν
2128 655 2376 723 οὐράνιον
2400 655 2762 727 περιεργάζῃ;
2796 658 2904 708 Καὶ
2924 657 3033 708 εἴθε
3066 658 3165 727 μὲν
3189 658 3277 710 τὸν
3304 658 3528 727 οὐρανὸν

1888 739 2065 806 μόνον,
2099 737 2234 789 ἁλλά
2271 739 2362 791 καὶ
2395 740 2484 791 τὸν
2510 741 2783 810 Δεσπότην
2815 741 2922 792 τῶν
2965 742 3205 810 οὐρανῶν
3249 742 3528 811 πολυπρα-

1884 825 2120 891 γμονεῖς,
2157 825 2224 873 Εἰ
2253 824 2320 876 τὰ
2346 825 2572 891 ἐπίγεια
2598 821 2769 878 εἷπον
2799 826 2958 893 ὑμῖν,
2980 827 3076 879 καὶ
3099 831 3168 879 οὺ
3196 830 3522 882 πιστεύετε.

1885 908 1998 962 Οὐκ
2036 904 2206 973 εἶπεν,
2238 911 2298 961 οὐ
2347 910 2617 975 πείθεσθε,
2663 912 2776 964 ἀλλ’
2815 914 2896 966 Οὐ
2939 916 3280 966 πιστεύετε·
3315 915 3526 975 δεικνὺς

1883 995 2034 1062 ἡμῖν,
2067 994 2144 1044 ὃτι
2171 997 2218 1045 εἰ
2250 996 2340 1046 καὶ
2369 995 2436 1046 τά
2461 996 2675 1062 ἐπίγεια
2707 998 2938 1061 πίστεως
2965 999 3152 1060 δεῖται,
3184 999 3357 1068 πολλῷ
3391 1000 3528 1068 μᾶλ-

1886 1078 1970 1129 λον
1998 1079 2063 1130 τὰ
2085 1081 2324 1148 οὐράνια.
2359 1083 2548 1135 Καίτοι
2580 1083 2699 1135 τότε
2728 1083 2804 1152 τῷ
2839 1086 3131 1154 Νικοδήμῳ
3159 1086 3285 1155 περί
3310 1085 3527 1138 τοκετοῦ

1884 1164 2149 1230 διελέγετο
2177 1167 2306 1219 πολὺ
2336 1167 2616 1230 ἐλάττονος
2635 1182 2648 1196 ⁸
2678 1170 2803 1238 περὶ
2841 1170 2931 1222 τοῦ
2960 1170 3332 1239 βαπτίσματος
3369 1171 3474 1240 γάρ
3502 1174 3530 1224 6

1885 1249 2038 1316 λόγος
2063 1247 2149 1318 ἦν,
2173 1253 2262 1304 καὶ
2291 1255 2384 1322 τῆς
2412 1255 2818 1324 ἀναγεννήσεως
2843 1256 2940 1322 τῆς
2961 1257 3330 1325 πνευματικῆς
3351 1274 3362 1285 ’
3396 1257 3529 1308 ἀλλὰ

1885 1336 2038 1405 δῆλον
2076 1337 2155 1388 ὅτι
2186 1339 2473 1391 καὶταῦτα
2519 1339 2694 1392 πίστει
2735 1341 2849 1391 ἐστὶ
2881 1341 3220 1410 καταληπτά.
3283 1341 3527 1407 Ἐπίγεια

1881 1422 1941 1473 δέ
1977 1422 2115 1474 αὺτά
2141 1425 2415 1488 ἐκάλεσεν,
2446 1426 2543 1477 οὐκ
2576 1425 2759 1487 ἐπειδὴ
2789 1427 3001 1492 ἐπίγειά
3027 1429 3196 1488 ἐστιν,
3228 1427 3342 1480 ἀλλ’
3379 1427 3525 1499 [9.69]

1885 1509 2070 1578 ἐπειδὴ
2095 1511 2152 1562 ἐν
2174 1513 2236 1579 τῇ
2270 1515 2336 1580 γῇ
2367 1511 2725 1576 τελεῖται,καὶ
2757 1515 2820 1582 τῇ
2854 1515 3134 1583 συγκρίσει
3161 1516 3255 1583 τῆς
3278 1516 3386 1568 ἀνω
3409 1535 3530 1582 γεν-

1884 1597 2093 1664 νήσεως
2121 1597 2216 1663 τῆς
2247 1599 2554 1669 ἀπορρήτου
2591 1601 2681 1651 καὶ
2706 1600 2880 1652 πάντα
2913 1600 3342 1670 ὑπερδαινούσης
3384 1603 3526 1665 νοῦν,

1885 1682 2101 1747 ἐπίγεια
2143 1683 2314 1734 ταῦτά
2352 1685 2515 1736 ἐστιν.
2554 1686 2615 1736 Εἰ
2646 1686 2822 1737 τοίνυν
2852 1685 2968 1747 πῶς
3001 1686 3416 1755 ἀναγεννώμεθα
3467 1691 3531 1740 ἐκ

1883 1767 1989 1818 τῶν
2016 1767 2218 1820 ὑδάτων
2248 1769 2307 1821 οὖ
2335 1769 2556 1821 δυνατὸν
2583 1771 2796 1832 εἰδέναι,
2826 1771 2959 1823 ἀλλὰ
2993 1772 3170 1824 πίστει
3197 1773 3328 1843 μόνῃ
3359 1790 3531 1842 παρα-

1882 1853 2130 1922 δέχεσθαι
2162 1856 2264 1926 χρὴ
2295 1858 2353 1909 τὸ
2370 1860 2667 1927 γινόμενον,
2693 1861 2786 1912 καὶ
2807 1860 2895 1911 τὸν
2926 1862 3122 1929 τρόπον
3149 1860 3221 1932 μὴ
3244 1863 3533 1932 περιεργά·

1885 1939 2100 2001 ζεσθαι·
2139 1944 2310 2011 πόσης
2345 1944 2409 1997 ἀν
2462 1945 2546 2014 εἴη
2587 1947 2779 2014 μανίας
2813 1947 2903 1997 ἐπὶ
2941 1948 3039 2016 τῆς
3087 1945 3197 1999 ἄνω
3233 1951 3532 2018 γεννήσεως

1882 2026 1974 2078 τοῦ
2010 2027 2324 2094 μονογενοῦς
2355 2029 2482 2081 Υἰοῦ
2517 2030 2803 2100 λογισμοὺς
2830 2033 3194 2100 ἀνθρωπίνους
3223 2037 3408 2097 κινεῖν,
3439 2036 3532 2086 καὶ

1883 2112 2081 2180 τρόπου
2118 2115 2420 2182 γεννήσεως
2455 2115 2680 2178 εὐθύνας
2715 2120 2993 2179 ἀπαιτεῖν;
3030 2119 3151 2181 Πῶς
3183 2120 3407 2189 ἀπάτωρ
3437 2121 3530 2173 καὶ

1883 2198 2112 2266 ἀμήτωρ
2140 2201 2167 2250 6
2197 2201 2322 2262 Υἱὸς
2343 2201 2434 2253 τοῦ
2461 2202 2615 2268 Θεοῦ,
2648 2204 2844 2266 ἱκανῶς
2870 2205 3258 2267 ἀποδέδεικται,
3291 2206 3382 2259 καὶ
3413 2206 3529 2271 πῶς

1883 2283 2324 2354 ἀγενεαλόγητος.
3373 2333 3400 2339 _
3429 2332 3450 2340 -

1950 2376 2020 2437 γ’.
2073 2371 2211 2423 Ἀλλ’
2244 2375 2426 2445 ἐπειδὴ
2463 2375 2645 2427 πολλοὶ
2686 2375 2759 2446 μὴ
2786 2379 3070 2446 νοήσαντες
3117 2378 3183 2431 τὰ
3207 2380 3329 2448 περὶ
3361 2378 3524 2431 αὑτοῦ

1882 2459 2259 2527 γεγραμμένα,
2289 2462 2380 2512 καὶ
2408 2461 2621 2527 μείζονα
2647 2462 2738 2513 τοῦ
2766 2464 2995 2533 Χριστοῦ
3017 2465 3174 2516 αὑτὸν
3205 2461 3338 2516 εἶναι
3369 2467 3520 2534 εἰρήο

1883 2560 2028 2606 κασι,
2068 2546 2158 2597 καὶ
2199 2549 2589 2616 συνεστήσαντο
2621 2549 2829 2610 ἐαυτοῖς
2860 2551 3088 2618 αἵρεσιν,
3141 2551 3234 2602 καὶ
3282 2551 3527 2616 λέγονται

1880 2629 2341 2697 Μελχισεδεκιταὶ,
2375 2635 2468 2685 καὶ
2501 2634 2886 2700 φιλονεικοῦσιν
2909 2639 3059 2702 ἡμῖν,
3082 2635 3247 2697 δεῖξαι
3273 2635 3528 2704 βουλόμε·

1879 2733 1981 2778 νοι,
2015 2719 2094 2768 ὅτι
2128 2719 2325 2785 μείζων
2354 2722 2470 2770 ἐστὶ
2504 2719 2595 2771 τοῦ
2627 2720 2883 2787 Χριστοῦ,
2930 2721 3284 2791 προφέροντες
3315 2723 3392 2784 :6,
3442 2723 3526 2775 Σὺ

1879 2802 2068 2867 ἱερεὺς
2094 2805 2178 2865 είς
2196 2803 2300 2854 τόν
2327 2803 2509 2856 αἰῶνα
2531 2806 2676 2856 κατὰ
2698 2804 2810 2870 τὴν
2837 2805 3006 2868 τάξιν
3035 2806 3401 2873 Μελχισεδέκ
3423 2808 3528 2859 ’δεῖ

1881 2888 1974 2940 καὶ
2003 2888 2137 2954 πρὸς
2165 2888 2358 2952 αὖτοὺς
2381 2890 2710 2958 ἀπαντῆσαι.
2741 2892 2876 2943 Φασὶ
2904 2891 3010 2964 γάρ
3030 2909 3041 2919 ·
3076 2890 3194 2955 Πῶς
3223 2893 3322 2943 οὑκ
3351 2894 3413 2944 ἂν
3441 2893 3525 2962 εἰή

1879 2975 2112 3045 Χριστοῦ
2143 2977 2362 3045 μείζων,
2382 2973 2441 3029 οὗ
2466 2977 2604 3030 κατά
2632 2976 2727 3047 τὴν
2758 2978 2938 3030 εἰκόνα
2964 2978 3056 3030 καὶ
3079 2978 3174 3049 τὴν
3198 2979 3348 3044 τάξιν
3382 2982 3421 3031 ἰε
3434 2997 3528 3048 ρα-

1877 3060 2022 3112 τεῦει
2061 3062 2333 3130 Χριστόςς
2375 3064 2561 3132 Ἡμεῖς
2610 3060 2700 3116 οὖν
2745 3064 2969 3133 λέγομεν
3044 3065 3201 3116 αὑτὸν
3249 3066 3528 3134 ἄνθρωπον

1877 3149 2180 3218 ὁμοιοπαθῆ
2197 3151 2344 3218 ήμῖν,
2374 3151 2466 3202 καὶ
2493 3149 2613 3202 οὔτε
2638 3150 2855 3220 μείζονα
2875 3151 2967 3204 τοῦ
2987 3151 3244 3224 Χριστοῦ,
3269 3154 3382 3206 ἀλλ’
3405 3153 3526 3206 οὔτε

1889 3234 2132 3287 Ἰωάννου
2169 3234 2261 3286 τοῦ
2297 3235 2599 3289 Βαπτιστοῦ
2623 3254 2636 3268 °
2675 3237 2892 3297 Μείζων
2935 3239 3041 3306 γὰρ
3071 3239 3277 3299 αὐτοῦ,
3312 3242 3471 3308 φησὶν
3499 3244 3528 3294 6

1878 3321 2129 3389 Χριστὸς,
2157 3322 2224 3372 ἐν
2240 3323 2544 3389 γεννητοῖς
2579 3324 2873 3391 γυναικῶν
2902 3327 3010 3377 οὐκ
3033 3326 3355 3394 ἐγήγερται.
3405 3327 3526 3378 Ἀλ-

1877 3396 1957 3448 λοι
1985 3398 2040 3449 δέ
2065 3398 2223 3450 πάλιν
2248 3400 2605 3470 πλανηθέντες
2626 3402 2872 3469 λέγουσιν
2891 3405 3051 3456 αὐτὸν
3071 3401 3282 3458 εἶναιτὸ
3306 3407 3526 3475 Πνεῦμα

1875 3483 1936 3534 :6
1963 3483 2115 3550 ἅγιον
2141 3501 2154 3514 ·
2185 3485 2298 3536 ἀλλ’
2321 3487 2478 3554 ἡμεῖς
2519 3487 2636 3538 οὐδὲ
2667 3489 2821 3540 τοῦτό
2839 3507 3034 3558 φαμεν.
3090 3490 3240 3541 Ἐπεὶ
3269 3491 3350 3552 τίς
3375 3494 3527 3560 χρεία

1875 3573 1964 3624 τὸν
1992 3573 2162 3639 Λόγον
2190 3573 2282 3625 τοῦ
2309 3573 2441 3625 Θεοῦ
2471 3575 2904 3645 ἐνανθρωπῆσαι,
2934 3577 3030 3646 ήδη
3048 3577 3213 3629 πάλαι
3241 3578 3331 3629 τοῦ
3355 3580 3523 3631 Uva-.3-

1879 3679 2044 3733 ματος
2061 3661 2348 3730 ἀνθρώπου
2377 3663 2875 3728 γεγονότος;”υτιδὲ
2893 3665 2989 3715 οὐκ
3015 3665 3158 3717 ἐστιν
3182 3665 3380 3734 μείζων
3403 3669 3528 3736 Χρι-

1878 3748 2025 3810 στοῦ,
2049 3747 2170 3799 οὔτε
2193 3749 2246 3802 δέ
2274 3749 2432 3800 πάλιν
2453 3747 2513 3799 :6
2543 3748 2764 3816 Πνεῦμα
2784 3749 2844 3800 :6
2867 3750 3041 3814 ἅγιον,
3064 3751 3366 3804 εἰπάτωσαν
3399 3756 3527 3821 ἡμῖν

1877 3836 2090 3895 ἐκεῖνοι,
2140 3833 2289 3884 ποίου
2321 3833 2518 3902 χωρίου
2551 3828 2687 3886 εἶναι
2721 3833 2880 3884 αὑτὸν
2913 3834 3184 3902 λέγουσιν·
3234 3833 3340 3906 ἆρα
3370 3842 3529 3908 οὐρα-

1877 3921 1989 3972 νίου
2013 3936 2025 3983 ;
2045 3915 2150 3988 ἆρα
2179 3921 2416 3986 ἐπιγείου
2439 3919 2502 3988 ;ἢ
2526 3919 2894 3988 καταχθονίου;
2916 3921 3041 3973 Ἐάν
3061 3917 3152 3974 οῦν
3175 3924 3420 3987 εἴπωσιν,
3447 3929 3526 3979 ὅτι

1877 4008 1981 4060 τῶν
2005 4006 2266 4076 οὐρανίων
2290 4009 2434 4059 ἐστὶν
2472 4008 2499 4058 6
2526 4006 2874 4076 Μελχισεδὲκ,
2896 4007 2927 4076 ἢ
2951 4007 3107 4060 ἄλλου
3132 4010 3274 4072 τινὸς
3300 4014 3523 4082 χωρίου,

1882 4095 2356 4148 ἅκουσάτωσανὸτι
2389 4095 2478 4146 καὶ
2506 4094 2665 4156 αὐτὸς
2686 4095 2814 4161 γόνυ
2836 4095 3074 4163 κάμπτει
3095 4096 3170 4166 τῷ
3197 4098 3413 4168 Χριστῷ
3451 4099 3526 4169 τῷ

1879 4181 2208 4250 σαρκωθέντι
2233 4182 2295 4232 ἐκ
2332 4181 2430 4249 τῆς
2469 4179 2716 4232 θεοτόκου
2740 4181 2980 4250 Μαρίας.
3010 4183 3170 4250 Λέγει
3193 4185 3297 4254 γὰρ
3327 4186 3524 4238 ὸἊπό..

1881 4269 2082 4332 στολος,
2107 4269 2184 4319 ὅτι
2210 4266 2374 4330 Αὐτῷ
2389 4266 2611 4333 κάμψει
2638 4265 2760 4320 πᾶν
2782 4270 2948 4335 γόνυ,
2972 4269 3062 4320 καὶ
3087 4268 3154 4320 τὰ
3181 4270 3325 4338 ἐξῆς.
3351 4272 3412 4323 Εἰ
3434 4269 3525 4325 οὖν

1876 4353 1982 4403 πᾶν
2004 4351 2130 4418 γόνυ
2153 4352 2408 4418 κάμπτει,
2433 4351 2459 4401 6
2479 4348 2802 4417 Μελχισεδὲκ
2823 4350 3056 4403 ἐλάττων
3080 4351 3144 4404 ἂν
3163 4352 3248 4421 εἴη
3277 4353 3367 4404 τοῦ
3394 4355 3525 4422 Χρι-

1877 4436 2001 4490 στοῦ
2022 4456 2032 4468 ·
2055 4438 2346 4508 προσκυνεῖ
2369 4435 2473 4505 γὰρ
2494 4435 2568 4503 τῷ
2587 4437 3038 4505 προσκυνουμένῳ
3061 4437 3298 4508 Χριστῷ.
3317 4439 3376 4490 Εἰ
3394 4439 3446 4489 δὲ
3472 4441 3521 4491 οἰ

1874 4524 2043 4577 ἄθλιοι
2075 4523 2166 4576 καὶ
2187 4523 2428 4584 τάλανες,
2453 4521 2545 4573 καὶ
2573 4521 2631 4572 :6
2665 4521 2788 4590 ἐξῆς
2817 4523 3103 4591 εἰρημένον
3137 4524 3480 4591 σκοπήσωσιν
3507 4543 3520 4555 ·

1875 4607 2122 4676 ἐπιφέρει
2153 4604 2259 4674 γάρ
2297 4604 2486 4671 λέγων,
2527 4603 2970 4671 ’Δφωμοιωμένος
2998 4601 3076 4672 τῷ
3102 4602 3214 4672 Υίῷ
3241 4603 3334 4656 τοῦ
3365 4605 3520 4656 Θεοῦο

1874 4694 2014 4748 οὕτω
2051 4694 2131 4746 δεῖ
2158 4695 2310 4754 νοεῖν,
2357 4691 2434 4744 ὅτι
2464 4689 2648 4758 ὥσπερ
2682 4688 2775 4741 καὶ
2814 4691 2977 4757 ἡμεῖς
3021 4691 3140 4742 κατ’
3169 4690 3350 4742 εἰκόνα
3389 4691 3522 4743 Θεοῦ

1874 4784 2172 4850 γεγόναμεν
2206 4781 2296 4831 καὶ
2329 4777 2607 4847 ὁμοίωσιν,
2640 4773 2780 4827 οὕτω
2807 4775 2898 4826 καὶ
2930 4776 3108 4838 αὑτός.
3146 4777 3381 4829 Ἰουδαῖοι
3424 4779 3524 4846 μὲν

1875 4871 1978 4940 γὰρ
2026 4867 2184 4920 αὐτὸν
2227 4865 2472 4933 λέγουσιν
2511 4866 2574 4914 ἐκ
2616 4863 2867 4932 πορνείας
2914 4863 3255 4934 γεννηθέντα,
3297 4866 3390 4917 καὶ
3434 4865 3523 4917 διὰ

1874 4956 2027 5009 τοῦτο
2055 4952 2476 5021 ἀγενεαλόγητον
2508 4949 2754 5015 γενέσθαι
2780 4967 2792 4979 ·
2826 4949 2960 5018 πρὸς
3006 4948 3098 5012 οὓς
3141 4951 3389 5020 ἐροῦμεν,
3441 4954 3522 5004 δτι

1864 5039 2068 5103 Κακῶς
2091 5056 2246 5107 φατε.
2287 5037 2396 5088 Καὶ
2436 5037 2539 5104 γάρ
2571 5035 2662 5086 καὶ
2692 5035 2937 5103 Σολομὼν
2971 5037 3032 5086 ἐκ
3061 5036 3160 5105 τῆς
3199 5037 3289 5088 τοῦ
3327 5040 3521 5109 Οὐρίου

1875 5126 2149 5197 γεννηθείς
2172 5121 2423 5191 γυναικὸς
2449 5121 2747 5190 μοιχαλίδος
2770 5120 3182 5188 γενεαλογεῖται.
3217 5124 3353 5176 Ἀλλ’
3375 5128 3522 5181 ἐπει-

1875 5215 1935 5283 δὴ
1970 5215 1997 5265 6
2020 5210 2347 5278 Μελχισεδὲκ
2383 5208 2548 5269 τύπος
2577 5203 2644 5276 ἦν
2668 5207 2759 5258 τοῦ
2781 5207 3010 5276 Κυρίου,
3043 5210 3135 5260 καὶ
3162 5211 3341 5263 εἰκόνα
3363 5213 3522 5284 ἔφερε

1874 5302 1966 5352 τοῦ
2020 5297 2276 5366 Χριστοῦ,
2325 5295 2501 5356 καθὼς
2547 5295 2638 5344 καὶ
2683 5295 2880 5355 Ἰωνᾶς,
2923 5293 3008 5346 διὰ
3059 5295 3212 5348 τοῦτο
3263 5297 3294 5366 ἡ
3334 5299 3521 5370 Γραφὴ

1880 5385 2172 5454 παρέλιπεν
2223 5381 2383 5432 αὐτοῦ
2429 5381 2517 5431 τὸν
2560 5379 2786 5448 πατέρα,
2823 5379 2907 5429 ἵνα
2939 5379 2994 5430 ἐν
3021 5380 3232 5450 ἐκείνῳ,
3277 5384 3522 5455 καθάπερ

1877 5474 1931 5522 ἐν
1973 5471 2139 5522 εἰκόνι
2177 5468 2266 5519 τὸν
2297 5467 2505 5534 άληθῶς
2535 5467 2778 5532 ἀπάτορα
2821 5467 2910 5516 καὶ
2943 5467 3364 5536 ἀγενεαλόγητον
3394 5472 3524 5538 Χρι-

1881 5558 1998 5608 στὸν
2027 5554 2483 5625 ἐνοπτρισώμεθα.
2532 5551 2884 5617 ’Λντιλέγουσι
2924 5551 2980 5602 δέ
3015 5554 3104 5604 καὶ
3134 5554 3288 5605 τοῦτο
3322 5557 3448 5623 ἡμῖν
3475 5558 3523 5609 οἰ

1878 5641 2320 5710 Μελχισεδεκιταὶ
2353 5640 2617 5704 λέγοντες·
2650 5638 2711 5688 Τί
2741 5634 2830 5690 οὖν
2851 5639 3000 5690 ἐστιν
3027 5638 3054 5689 ὃ
3081 5639 3226 5706 λέγει
3252 5641 3388 5709 πρὸς
3425 5643 3524 5695 αὑ-

1880 5732 1969 5782 τὸν
1997 5733 2024 5780 6
2051 5729 2253 5797 Πατήρ⁸
2287 5725 2438 5798 [ἐῖΟῙ
2470 5725 2550 5778 Σὺ
2579 5724 2765 5788 ἱερεὺς
2789 5726 2870 5788 εἰς
2903 5724 3006 5776 τὸν
3030 5724 3210 5777 αἰῶνα
3239 5727 3381 5780 κατὰ
3414 5729 3528 5784 τὴν
