4144 6308
612 371 718 426 261
1093 413 1098 419 ί
1379 347 1435 402 s.
1477 344 1758 402 JO.\NNlS
1795 341 2279 400 cnnvsosrosn
2317 339 2633 392 AltClllEP.
2675 335 3215 392 CONStANTINOP.
3884 355 4013 413 262

601 469 774 532 τάξιν
821 463 1224 533 Μελχισεδέκ;
1269 462 1409 532 Πρὸς
1457 460 1549 522 οὓς
1602 461 1849 528 λέγομεν.
1909 460 1986 509 ὅτι
2023 451 2173 516 οὗτος
2226 457 2253 506 ὁ
2353 454 2440 505 τὸν
2467 452 2723 520 μέλλοντα
2748 450 3032 517 γεννᾶσθαι
3057 452 3118 501 ὲκ
3147 449 3242 516 τῆς
3266 447 3527 516 παρθένου
3554 446 3767 514 Μαρίας
3797 446 4004 516 Ἰησοῦν

603 553 933 621 Μελχισεδὲκ
983 551 1120 620 ἀνὴρ
1175 549 1376 608 δίκαιος
1435 548 1640 614 γέγονε,
1689 547 1780 596 καὶ
1820 543 2028 610 ἀληθῶς
2072 543 2251 592 εἰκόνα
2352 539 2442 588 τὸν
2471 537 2717 603 Χριστὸν.
2749 536 2836 586 τὸν
2872 535 2996 586 re»,
3026 535 3126 621 τοῦς
3155 535 3306 621 Θεοῦ.
3351 533 3442 602 βοᾷ
3481 535 3572 584 καὶ
3605 533 3768 621 λέᾃγ-ει·
3802 534 3876 621 Σὺ
3914 536 3999 621 le-

802 638 892 689 τοῦ
934 618 1188 704 Χρισέοῦ.
1222 633 1542 702 Προφητικῷ
1575 632 1748 682 τοίνυν
1784 631 2047 696 πνεύματι
2080 627 2253 680 κινού·
2347 622 3055 689 ρεὺςεὶςτὸναιῶνακατὰ
3075 619 3184 685 τὴν
3203 618 4003 685 τάξινΜε.1χίσεδὲκ·οὐκατὰ.

609 704 782 791 μενος,
817 722 912 790 τὴν
941 721 1231 790 μέλλουσαν
1265 719 1574 787 προσφορὰν
1605 718 1741 786 ὑπὲρ
1773 717 1877 766 τῶν
1903 717 2065 767 ἐθνῶν
2091 731 2254 783 προσ-
2355 709 2451 776 τὴν
2507 707 2729 774 Ἀαρὼν,
2768 706 2860 758 τοῦ
2908 708 2965 759 ὲν
3010 707 3225 775 μόσχοις
3273 708 3362 757 καὶ
3404 707 3594 773 ἄρνασι
3629 704 3998 773 λατρεύοντος·

605 806 920 875 κομίζεσθαι
960 806 1173 874 νοήσας.
1211 803 1358 872 ἄρτῳ
1402 804 1492 853 καὶ
1534 803 1658 870 οἴνῳ
1701 801 1788 850 τὸν
1821 799 1950 850 Θεὸν
1980 799 2249 867 ἐγέραιρε,
2355 795 2506 857 ἀλλὰ,
2544 796 2624 848 Σὺ
2659 797 2848 862 Ιερεὺς
2878 798 2963 859 εὶς
2994 796 3100 847 τὸν
3125 795 3306 846 αἰῶνα
3334 795 3474 846 κατὰ
3507 793 3617 860 τὴν
3649 794 3813 855 τάξιν
3840 797 4008 846 Μελ-

610 891 935 960 μιμούμενος
965 889 1054 941 τὸν
1095 889 1348 957 μέλλοντα
1382 888 1629 955 Χριστόν.
1678 885 1890 954 Ἐπειδὴ
1915 881 2007 936 οὖν
2049 885 2079 952 ἠ
2126 885 2250 934 Ἰου-
2357 882 2617 951 χισεδέκ.
2651 884 2795 950 ἄρτῳ
2827 883 2916 934 καὶ
2944 882 3067 949 οϊνῳ
3096 882 3190 948 τὴν
3216 881 3322 931 τῶν
3350 879 3812 948 προσκομιζὸντων
3839 897 4011 946 προσ-

605 959 764 1028 δαῖων
800 977 1083 1044 συναγωγὴ
1119 977 1173 1025 ὲν
1199 974 1346 1038 τάξει
1373 974 1463 1025 τοῦ
1506 971 1711 1041 Ἀαρὼν
1742 971 1924 1022 Θυσίαν
1951 971 2250 1038 προσέφερε
2358 969 2528 1038 φορὰν
2562 969 2637 1028 εἰς
2657 969 2713 1020 τὸ
2737 968 2976 1036 διηνεκὲς
3001 967 3302 1035 προσάγων.
3332 968 3405 1015 Δι’
3438 959 3495 1015 οὗ
3523 965 3597 1032 τῷ
3625 966 3789 1034 "arpi.
3874 967 4012 1028 δόξα

608 1062 685 1130 τῷ
718 1063 854 1130 Θεῷ,
885 1063 981 1113 οὐκ
1018 1063 1178 1130 ἄρτον
1205 1062 1295 1112 καὶ
1320 1056 1478 1119 οἶνον,
1505 1059 1636 1110 ἀλλὰ
1661 1058 1889 1127 μόσχους
1917 1058 2007 1108 καὶ
2029 1057 2248 1124 ἁμνοὺς,
2360 1056 2453 1107 σὺν
2499 1053 2574 1122 τῷ
2609 1055 2853 1122 παναγίῳ
2889 1053 3180 1119 Πνεύματι,
3223 1052 3316 1103 νῦν
3361 1053 3449 1102 καὶ
3489 1052 3592 1110 ἀεὶ,
3639 1052 3730 1102 καὶ
3773 1053 3846 1111 εἰς
3877 1053 4016 1114 τοὶς

607 1148 699 1199 καὶ
743 1146 953 1208 θυσίαις
998 1147 1062 1198 δι’
1100 1147 1324 1214 αἵματος
1361 1144 1573 1208 ἐδόξαζε
1607 1145 1695 1196 τὸν
1721 1143 1872 1206 Θεὸν,
1909 1143 1937 1192 ὁ
1961 1142 2090 1204 Θεὸς
2118 1141 2252 1211 πρὸς
2358 1139 2557 1203 αἰῶνας
2593 1139 2698 1192 τῶν
2735 1139 2965 1194 αἰώνων.
3008 1139 3197 1194 ’Λμήκη

2120 2183 2496 2243 MONITUM

775 2409 885 2465 Hac
915 2407 1150 2474 homilia,
1183 2408 1442 2464 hactenus
1469 2405 1667 2479 ignota,
1701 2407 1900 2462 nullam
1933 2411 1984 2462 in
2019 2419 2127 2464 toto
2156 2412 2516 2480 Chrysostomi
2560 2428 2782 2480 operum
2814 2415 3040 2467 decursu
3078 2418 3496 2482 prrestantiorem
3539 2435 3656 2474 esse
3691 2437 3921 2490 compc‘

704 2528 901 2594 rimus;
935 2528 1046 2583 sive
1085 2527 1400 2597 elegantiam
1429 2535 1754 2595 spectemus,
1785 2526 1900 2580 sive
1938 2542 2136 2580 nervos
2165 2538 2219 2580 et
2247 2527 2402 2589 sales,
2435 2528 2547 2580 sive
2579 2527 2678 2580 alia
2714 2542 2894 2579 rerum
2924 2528 3264 2593 documenta,
3304 2547 3422 2599 qua:
3467 2534 3533 2587 ad
3573 2551 3750 2590 mores
3779 2554 3918 2606 per-

702 2648 896 2710 tinent,
932 2645 996 2698 ad
1025 2645 1441 2699 consuetudines
1462 2646 1871 2707 ecclesiasticas,
1905 2644 2278 2712 praecipueque
2335 2645 2398 2697 ad
2455 2645 2754 2701 historiam.
2792 2645 3007 2698 Annum
3049 2645 3189 2699 enim
3246 2647 3446 2702 indicat.
3487 2649 3918 2721 Chrysostomns

703 2763 900 2817 habitae
937 2759 1234 2825 concionis,
1259 2759 1648 2812 hebdomadam
1673 2759 1824 2820 item,
1851 2773 2030 2810 rerum
2062 2768 2328 2827 gestarum
2361 2758 2530 2810 vicem
2563 2767 2617 2811 et
2642 2758 2781 2823 dies;
2824 2759 2895 2811 ita
2939 2768 2998 2812 ut
3045 2775 3148 2813 non
3198 2775 3360 2829 parva
3406 2763 3530 2819 hinc
3567 2781 3786 2824 eruatur
3838 2775 3916 2825 ad

701 2873 866 2928 vitam
898 2872 1068 2925 sancti
1097 2871 1330 2925 doctoris
1358 2871 1614 2924 accessio.
1644 2871 1777 2924 Rem
1807 2870 1879 2922 uti
1913 2879 2060 2940 gesta
2093 2879 2176 2923 est
2207 2869 2293 2922 hic
2315 2870 2504 2922 ordine
2536 2869 2842 2924 referimus.

770 2989 924 3038 Anno
953 2985 1072 3046 399,
1105 2991 1384 3051 postquam
1408 2999 1569 3035 tntum
1597 2983 1705 3051 jam
1729 2998 1926 3034 annum
1951 2983 2004 3034 in
2021 2983 2330 3051 episcopatu
2354 2983 2941 3053 Constantinopolitano
2967 3001 3214 3041 emensus
3245 2999 3357 3042 erat
3381 2991 3808 3060 Chrysostomus,
3849 3007 3919 3048 nt

706 3098 822 3168 ipse
844 3097 918 3151 ait
942 3098 1100 3161 infra,
1134 3099 1226 3148 καὶ
1251 3098 1357 3165 γὰρ
1399 3096 1637 3148 ἐνιαυτὸν
1668 3095 1772 3163 ἔχω
1801 3093 1984 3146 λοιπὸν
2013 3096 2111 3163 τῆς
2145 3096 2342 3158 πόλεως

2277 3113 2347 3158 ως
2375 3095 2569 3156 ἐπιϐὰς
2601 3095 2699 3163 τῆς
2726 3097 3011 3164 ὑμετέρας,
3066 3098 3339 3153 ordinatus
3367 3117 3558 3170 nempe
3593 3117 3733 3155 anno
3776 3105 3913 3162 598,

700 3221 881 3281 atque,
918 3222 975 3264 ut
996 3211 1070 3264 ait
1100 3210 1366 3274 Socrates,
1393 3212 1460 3264 26
1489 3211 1786 3276 Februarii,
1829 3212 1958 3265 feria
1986 3220 2173 3275 quarta
2217 3211 2564 3265 hebdomadze
2598 3222 2815 3277 sanctre,
2868 3231 2986 3284 qua:
3012 3215 3141 3268 feria
3173 3231 3312 3268 anno
3341 3217 3442 3270 399
3477 3217 3746 3270 incidebat
3778 3217 3832 3269 in
3875 3220 3912 3270 6

700 3329 920 3399 Aprilis,
960 3339 1065 3384 tam
1099 3332 1286 3400 ingens
1317 3330 1494 3399 pluvia
1519 3330 1738 3394 decidit,
1772 3339 1830 3382 ut
1855 3340 2031 3383 metus
2065 3341 2224 3395 esset,
2256 3347 2322 3384 ne
2343 3332 2452 3400 agri
2487 3333 2918 3397 devastarentur,
2949 3348 3255 3400 messesque
3281 3348 3466 3387 omnes
3505 3334 3556 3386 in
3604 3333 3907 3402 perniciem

700 3457 936 3504 ruerent.
965 3448 1101 3502 llinc
1130 3464 1334 3516 preces,
1365 3449 1783 3516 supplicationes
1807 3457 1858 3500 et
1891 3447 2167 3508 λιτανεῖαι,
2197 3463 2290 3501 seu
2327 3450 2674 3515 processiones
2695 3489 2708 3513 ,
2743 3449 2996 3517 episcopo
3026 3449 3160 3502 duce
3189 3458 3242 3502 et
3271 3459 3382 3502 toto
3409 3460 3759 3502 concurrente
3797 3466 3911 3517 pn-

702 3567 829 3637 pulo
861 3565 924 3620 ad
967 3565 1258 3619 Ecclesiam
1314 3565 1677 3633 apostolorum
1721 3563 2186 3630 ConstantinOpoli
2235 3564 2655 3617 celeberrimam.
2708 3564 3093 3634 Deprecatores
3141 3565 3365 3617 adhibiti
3417 3574 3539 3617 sunt
3586 3565 3789 3625 Petrus,
3846 3575 3910 3618 ct

708 3683 969 3744 Andreas,
1002 3683 1090 3748 qui
1125 3680 1428 3751 Byzantina:
1459 3679 1708 3735 Ecclesiae
1737 3678 1987 3733 fundator
2027 3677 2346 3742 habebatur,
2391 3677 2585 3732 Paulus
2615 3678 2740 3732 item
2774 3687 2827 3731 et
2856 3673 3170 3731 Timotheus
3198 3679 3260 3731 ad
3317 3677 3624 3745 placandam
3657 3675 3913 3730 Numinis

699 3796 832 3850 iram
864 3795 1097 3848 invocati
1132 3804 1274 3848 sunt.
1325 3793 1450 3847 l’ost
1490 3795 1604 3846 ham
1654 3794 1822 3845 imbre
1861 3801 2126 3854 cessante,
2173 3792 2399 3845 necdum
2429 3792 2634 3845 sublata
2667 3791 2972 3854 formidine,
3008 3792 3228 3856 trajecto
3277 3789 3502 3843 navibus
3532 3788 3785 3856 Bosporo,
3834 3788 3912 3840 ad

701 3907 995 3959 Ecclesiam
1029 3907 1129 3957 SS.
1163 3906 1303 3959 Petri
1338 3916 1391 3958 et
1418 3905 1585 3967 Pauli,
1619 3907 1670 3958 in
1717 3907 1958 3974 opposita
2010 3906 2173 3958 maris
2202 3921 2292 3958 ora
2323 3906 2502 3969 sitam,
2535 3921 2654 3959 cum
2680 3907 2930 3974 episcopo
2959 3914 3103 3958 totus
3136 3915 3306 3959 cmtus
3351 3905 3601 3958 occurrit.
3628 3904 3738 3956 Hoc
3773 3918 3911 3972 per-

700 4015 871 4070 functi
925 4016 1166 4084 periculo
1219 4015 1795 4083 Constantinopolitani
1854 4015 2112 4084 plerique,
2175 4031 2278 4068 una
2335 4030 2336 4038 ‘

2273 4036 2278 4068 ι
2335 4024 2540 4069 tantum
2604 4016 2920 4086 interposita
2981 4016 3097 4080 die,
3164 4017 3290 4084 μιᾶς
3356 4016 3552 4085 μεταξὺ
3605 4017 3909 4086 γενομένης

698 4130 930 4202 ἡμέρας,
967 4146 1085 4199 qua:
1109 4131 1222 4183 dies
1249 4138 1364 4183 erat
1395 4129 1526 4183 feria
1562 4128 1600 4181 V
1647 4130 1699 4181 in
1734 4130 1896 4183 Coena
1929 4128 2158 4192 Domini,
2196 4144 2314 4181 cum
2348 4129 2401 4181 in
2450 4127 2740 4184 Parasceve
2788 4130 2896 4184 ludi
2941 4139 3216 4198 equestres
3250 4133 3593 4200 agitarentur,
3644 4133 3907 4185 transacti

698 4249 924 4321 periculi
955 4248 1317 4310 immemores,
1362 4248 1496 4300 nihil
1550 4257 1802 4300 curantes
1851 4247 1990 4300 diem
2017 4247 2158 4298 illaut
2185 4261 2411 4308 sacram,
2459 4247 2511 4298 in
2555 4262 2660 4314 qua
2705 4261 2802 4314 pro
2849 4247 2994 4300 orbis
3031 4247 3200 4301 salute
3225 4247 3470 4301 Christus
3516 4247 3658 4300 cruci
3707 4247 3905 4303 affixus

699 4355 821 4421 fuit,
864 4357 929 4411 ad
975 4358 1076 4411 hoc
1109 4360 1470 4428 spectaculum
1504 4369 1870 4423 accnrrerunt,
1915 4367 2187 4427 totamque
2233 4359 2421 4412 urbem
2469 4359 2754 4412 inconditis
2785 4360 3106 4412 clamoribus
3151 4362 3508 4428 repleverunt,
3550 4333 3764 4415 interim
3803 4363 3902 4414 in-

701 4473 1032 4542 gemiscente
1061 4473 1310 4542 domique
1333 4473 1552 4526 sedente
1575 4472 1978 4541 Chrysostomo.
2009 4472 2193 4539 Neque
2221 4468 2348 4524 satis
2374 4471 2610 4523 habuere
2653 4469 2744 4530 illi,
2783 4470 2923 4539 quod
2966 4471 3105 4524 diem
3144 4481 3382 4526 sanctam
3411 4473 3730 4528 Parasceves
3772 4490 3907 4542 pro-

695 4589 835 4644 fanis
864 4591 1180 4657 spectaculis
1215 4590 1692 4652 dehonestassent;
1728 4588 1812 4641 die
1836 4590 1992 4642 etiam
2032 4589 2365 4656 insequente,
2419 4602 2537 4655 qua:
2567 4597 2680 4640 erat
2712 4585 3005 4640 Sabbatum
3040 4597 3303 4651 sanctum,
3335 4589 3399 4642 ad
3429 4591 3711 4646 theatrales
3742 4593 3906 4650 ludos

697 4719 755 4758 se
787 4704 1150 4772 contulerunt,
1201 4704 1291 4758 ubi
1316 4703 1617 4758 meretricia
1652 4712 1805 4756 erant
1848 4703 2168 4771 spectacula,
2194 4718 2310 4771 quae
2340 4701 2646 4771 singulatim
2685 4709 2739 4754 et
2772 4701 2980 4772 egregie
3007 4703 3243 4773 depingit
3271 4705 3699 4775 Chrysostomus,
3728 4706 3900 4774 inque

695 4818 1132 4891 praevaricatores
1186 4815 1492 4885 huiusmodi
1544 4816 1774 4884 graviter
1820 4814 2112 4877 invehitur,
2169 4815 2490 4883 domumque
2525 4813 2578 4866 in
2611 4812 2728 4866 illos
2775 4815 3345 4871 excommunicationis
3387 4819 3710 4872 sententiam
3763 4835 3901 4887 pro-

696 4938 924 4991 nuntiat.

769 5051 865 5105 llie
895 5049 1241 5119 quaerendum
1266 5048 1522 5104 incumbit
1552 5064 1618 5102 an
1646 5063 1770 5101 vere
1799 5058 1854 5101 et
1886 5063 1948 5101 cx
1986 5048 2167 5101 animo
2201 5049 2522 5102 sententiam
2578 5049 2716 5102 illam
2769 5050 3053 5119 protulerit
3103 5049 3534 5119 Chrysostomus,
3577 5067 3641 5102 an
3668 5051 3904 5103 commi-

697 5165 874 5218 mntis
911 5162 1056 5234 [27f]
1091 5164 1261 5216 solum
1303 5179 1473 5215 more.
1519 5163 1573 5214 Si
1609 5163 1768 5216 verba
1803 5171 2032 5230 spectes,
2064 5161 2548 5216 excommamicatio
2590 5161 2673 5214 illa
2701 5177 2757 5215 re
2801 5177 2863 5215 ac
2906 5176 3030 5216 vere
3069 5161 3284 5214 inducta
3314 5161 3573 5214 videatur.
3606 5161 3905 5229 Postquam

701 5279 840 5331 cnim
860 5277 1083 5344 dixerat,
1126 5278 1232 5346 Age
1261 5279 1533 5332 sectionem
1580 5278 1882 5348 inferamus,
1917 5288 2043 5345 etc.,
2076 5281 2168 5344 ait,
2203 5278 2337 5331 ὲκδα

2271 5278 2653 5333 ϐαλλέσϐωσαν
2686 5283 2860 5334 τοίνυν
2908 5282 2956 5332 oi
2992 5279 3238 5346 τοιοῦτοι,
3289 5280 3582 5347 Ejiciantur
3623 5297 3742 5350 ergo
3797 5284 3905 5334 Im-
