4144 6308
188 391 283 446 261
1073 380 1347 439 ΕΟΝΤΠΕ
1384 372 1607 435 LUDDS
1642 371 1732 427 ΕΤ

1866 368 2193 424 ΕΑΤΒΑι-
2213 370 2538 431 MONITUM.

190 506 298 559 est,
329 490 634 563 genealogia
670 498 841 543 tamen
870 485 1098 541 ducitur.
1131 482 1238 539 Sed
1264 482 1512 552 quoniam
1544 476 1761 533 Melchi-

191 586 339 641 sedcc
363 595 520 655 typus
538 591 650 637 erat
672 580 897 644 Domini,
931 588 983 633 et
1011 578 1292 646 imaginem
1322 573 1523 628 ferebat
1543 568 1760 633 Christi,

192 672 631 741 quemadmodum
657 680 710 725 et
740 669 900 724 Jonas
924 706 939 734 ,
970 667 1087 721 ideo
1123 665 1391 733 Scriptura
1420 663 1532 729 ejus
1559 669 1763 729 patrem

192 765 368 827 tacuit,
399 771 456 816 ut
485 764 535 816 in
562 762 672 828 illo,
704 771 968 830 tamquam
998 758 1053 812 in
1082 757 1327 825 imagine,
1357 754 1646 817 Christum,
1674 748 1761 819 qui

191 870 307 909 rere
350 856 471 910 sine
512 862 657 923 patre
700 862 752 907 ct
797 851 911 905 sine
955 849 1261 920 genealogia
1301 854 1415 908 est,
1441 846 1759 897 intueamur.

192 944 294 997 lloc
326 944 488 998 etiam
521 943 671 996 nobis
697 940 951 1009 objiciunt
992 935 1428 993 Melchisedecitse
1452 951 1462 986 :
1487 932 1621 998 Quid
1661 929 1762 984 sibi

190 1035 292 1088 vult
337 1049 469 1103 ergo
515 1034 563 1087 id
599 1031 734 1102 quod
775 1031 901 1085 dicit
928 1030 976 1085 ei
1024 1030 1198 1091 Pater,
1245 1026 1318 1080 Tu
1361 1043 1411 1080 es
1438 1024 1667 1079 sacerdos
1709 1023 1762 1074 in

191 1138 429 1177 (uernum
457 1124 726 1177 secundum
758 1122 982 1176 ordinem
1013 1119 1341 1172 Melcltisedec
1370 1116 1484 1186 (Ps.
1521 1114 1638 1169 109.
1664 1112 1761 1181 4)?

192 1216 387 1280 Qnibns
436 1213 854 1282 respondemus,
899 1208 1339 1263 Melchisedecum
1390 1205 1555 1258 virum
1600 1202 1760 1255 fuisse

191 1305 379 1373 justum
405 1344 419 1366 ,
451 1313 503 1356 et
533 1316 655 1357 vere
684 1300 960 1371 imaginem
1000 1299 1180 1352 tulisse
1221 1297 1434 1349 Christi.
1469 1296 1557 1347 llle
1584 1294 1761 1360 itaque

195 1394 500 1463 prophetico
544 1394 727 1461 spiritu
769 1400 944 1444 motus
971 1432 984 1456 ,
1013 1388 1239 1441 futuram
1289 1386 1609 1438 oblationem
1666 1395 1761 1450 pro

194 1485 433 1553 gentibus
462 1482 835 1553 proferendam
866 1480 1182 1548 intelligens,
1220 1493 1349 1547 pane
1373 1486 1423 1531 et
1450 1478 1571 1529 vino
1598 1477 1759 1528 Deum

3319 372 3431 427 262

1866 474 2164 531 Judteorum
2196 492 2459 548 synagoga
2493 487 2781 533 secundum
2808 493 3047 535 ormnem
3090 480 3312 535 Aaronis
3342 482 3435 535 ho-

1867 566 2020 621 stiam
2049 566 2301 621 offerebat
2328 568 2456 635 Deo,
2478 584 2580 622 non
2612 584 2798 637 panem
2825 580 2877 624 et
2899 571 3100 635 vinum,
3120 571 3213 627 sed
3240 572 3435 628 vitulos

1867 666 1921 710 et
1951 672 2113 724 agnos
2133 697 2146 717 ,
2180 666 2233 711 et
2278 659 2508 714 eruentis
2550 661 2820 715 sacrificiis
2848 662 3069 731 gloriam
3104 664 3212 718 Deo
3239 667 3440 718 refere-

1866 750 1972 814 bat,
2004 751 2139 804 Deus
2166 748 2231 803 ad
2257 764 2375 803 cum
2392 752 2476 819 qui
2500 766 2565 805 ex
2586 753 2788 821 virgine
2811 752 2968 806 Maria
2988 755 3280 809 nasciturus
3299 764 3434 818 erat,

1866 839 2047 895 Jesum
2078 840 2341 894 Christum
2374 840 2562 894 Filium
2606 844 2697 896 Dei
2719 884 2732 907 ,
2760 843 2952 897 clamat
2980 854 3033 897 et
3074 845 3200 899 dicit
3233 865 3245 899 :
3281 844 3355 897 Tu
3387 862 3438 897 es

1865 934 2095 986 sacerdos
2140 932 2192 985 in
2233 942 2474 986 internum
2515 936 2784 987 secundum
2819 937 3042 989 ordinem
3077 936 3435 1000 Melchisedec;

1866 1038 1973 1078 non
1998 1022 2287 1078 secundum
2332 1024 2571 1079 ordinem
2617 1026 2859 1089 Aaronis,
2896 1028 2979 1095 qui
3009 1028 3185 1081 vitulis
3208 1035 3259 1081 et
3289 1027 3439 1097 agnis

1867 1116 1975 1170 Deo
1999 1114 2196 1169 cultum
2225 1113 2486 1168 referebat
2512 1132 2525 1179 ;
2559 1116 2671 1177 sed,
2704 1115 2777 1167 Tu
2799 1133 2847 1167 es
2877 1117 3107 1169 sacerdos
3126 1118 3175 1169 in
3196 1126 3437 1169 wternum

1864 1205 2134 1260 secundum
2161 1206 2383 1259 ordinem
2415 1205 2743 1259 Melc/zisedec
2768 1248 2781 1271 ,
2812 1222 2945 1275 pane
2976 1216 3027 1261 et
3057 1209 3177 1261 vino
3216 1208 3440 1261 afferen-

1866 1298 1993 1352 tium
2024 1313 2207 1353 eorum
2231 1304 2479 1367 perpetua
2511 1313 2726 1351 munera
2753 1298 2859 1350 Deo
2883 1297 3129 1352 offerens.
3154 1298 3255 1352 Per
3282 1312 3439 1366 quem

1866 1390 2008 1445 Patri
2035 1392 2198 1459 gloria
2222 1406 2340 1444 cum
2366 1392 2698 1443 sanctissimo
2727 1390 2942 1457 Spiritu,
2972 1408 3109 1444 nunc
3129 1402 3181 1445 et
3205 1406 3436 1460 semper,

1865 1490 1917 1535 et
1948 1482 1997 1534 in
2029 1482 2218 1535 saecula
2250 1480 2583 1534 saeculorum.
2611 1483 2800 1533 Amen.

196 1573 367 1638 euluit,
405 1571 677 1629 Christum
707 1582 984 1627 venturum
1022 1572 1274 1624 imitatus.
1305 1569 1563 1637 Quoniam
1604 1567 1761 1637 igitur

1253 2165 1359 2221 AD
1418 2163 1819 2222 HOMILIAM
1866 2160 2359 2235 SEQUENTEM.

193 2395 424 2463 jusmodi
446 2395 709 2457 homines;
752 2401 808 2446 ut
836 2399 1015 2446 autem
1059 2391 1316 2459 probetur
1354 2390 1528 2458 ipsum
1558 2405 1622 2443 ex
1662 2387 1843 2443 animo
1876 2396 1929 2442 et
1975 2388 2182 2441 sincere
2214 2386 2326 2439 haec
2351 2386 2597 2451 edixisse,
2628 2388 2812 2456 paucis
2857 2388 3147 2455 interjectis
3177 2388 3254 2441 sic
3290 2389 3362 2442 ait
3394 2403 3408 2439 :

200 2507 255 2563 Si
300 2528 422 2563 vero
474 2510 840 2579 per/corruistis
895 2509 1027 2560 hanc
1084 2507 1351 2559 audientes
1396 2506 1706 2558 sententiam
1762 2504 1928 2575 (video
1975 2519 2196 2573 namque
2261 2520 2433 2557 omnes
2485 2504 2867 2574 ingemiscentes
2918 2516 2964 2558 ct
3019 2505 3403 2574 compunctos),

201 2632 533 2697 resipiscam,
586 2638 634 2681 et
685 2628 937 2681 sententia
987 2626 1156 2680 soluta
1212 2636 1304 2689 est,
1350 2624 1760 2693 μεταϐαλλέσθω

1866 2641 1887 2686 ι,
1930 2623 2021 2675 καὶ
2057 2623 2267 2675 λέλυται
2297 2623 2363 2674 τὰ
2395 2624 2491 2692 τῆς
2540 2625 2879 2685 ἀποτάσεως.
2919 2624 3048 2688 Quae
3089 2624 3251 2677 verba
3285 2638 3414 2676 sen-

200 2742 425 2797 tentiam
450 2754 576 2793 vere
607 2742 868 2808 prolatam
899 2752 1009 2805 prae
1040 2751 1096 2789 se
1131 2734 1271 2787 ferre
1297 2734 1566 2786 videntur.
1612 2732 1680 2784 At
1739 2740 1867 2800 puto
1900 2732 2012 2785 haec
2062 2740 2269 2785 tantum
2298 2734 2656 2786 comminandi
2686 2734 2866 2787 animo
2895 2736 2961 2788 ab
3004 2735 3242 2789 antistite
3272 2736 3413 2789 dicta

203 2853 391 2919 fuisse,
425 2868 529 2907 nec
554 2853 657 2907 nisi
702 2867 883 2921 parem
928 2852 979 2903 in
1011 2850 1217 2919 culpam
1254 2850 1432 2902 denuo
1460 2848 1636 2915 lapsos
1668 2860 1779 2911 eos,
1832 2845 1922 2914 qui
1959 2846 2024 2899 ad
2060 2846 2362 2902 Spectacula
2398 2857 2762 2911 accnrrerant,
2797 2849 3403 2902 excommunicationem

203 2968 385 3021 subire
416 2968 672 3021 voluisse.

270 3079 430 3132 Aliud
467 3079 850 3148 explorandum
890 3078 1228 3148 proponitur,
1280 3092 1384 3146 quo
1414 3091 1608 3143 nempe
1645 3076 1730 3129 die
1778 3075 1924 3129 hanc
1977 3074 2294 3129 concionem
2327 3076 2576 3129 habuerit
2625 3076 3034 3144 Chrysostomus
3071 3095 3083 3128 :
3135 3092 3220 3130 res
3266 3079 3410 3131 enim

203 3190 519 3244 dillicultate
549 3206 655 3245 non
713 3205 903 3245 vacare
934 3190 1158 3244 videtur.
1208 3190 1267 3243 In
1308 3191 1408 3242 hac
1438 3189 1696 3242 concione
1723 3203 1760 3243 e:

1866 3188 1986 3254 ait,
2040 3186 2141 3257 πρὸ
2189 3186 2354 3256 τριῶν
2407 3188 2624 3258 ἡμερῶν
2672 3191 2961 3259 ὲπομὸρία,
2995 3199 3115 3243 ante
3153 3201 3253 3243 tres
3292 3192 3400 3245 dies

199 3301 368 3353 imber
397 3302 601 3370 ingens.
643 3300 815 3355 imber
838 3308 1016 3354 autem
1048 3300 1134 3354 ille
1158 3299 1355 3355 decidit
1404 3299 1537 3353 feria
1585 3307 1772 3367 quarta
1806 3296 2166 3352 ilebdomadis
2215 3308 2432 3364 sanctae,
2491 3300 2679 3367 quinta
2730 3302 2861 3353 feria
2906 3302 2957 3353 in
2996 3301 3158 3355 Coena
3204 3303 3413 3357 Domini

202 3415 335 3469 nihil
388 3424 721 3469 memoratur
784 3413 1061 3479 incidisse,
1090 3414 1144 3467 in
1172 3414 1466 3469 Parasceve
1506 3415 1615 3468 ludi
1652 3423 1931 3484 equestres
1982 3415 2182 3468 multos
2229 3422 2562 3481 averterunt,
2610 3414 2841 3469 Sabbato
2884 3417 3041 3469 iidem
3083 3419 3413 3472 theatrorum

204 3527 518 3595 spectacula
548 3526 816 3580 adierunt.
851 3525 986 3581 Hinc
1006 3542 1132 3581 vero
1155 3530 1306 3597 sequi
1336 3530 1549 3584 videtur
1571 3531 1711 3583 hanc
1734 3528 2016 3583 Homiliam
2044 3530 2159 3597 ipso
2179 3528 2264 3582 die
2295 3537 2480 3582 sancto
2516 3528 2734 3581 Pascha:
2766 3530 2998 3581 habitam
3026 3528 3223 3593 fuisse;
3274 3529 3415 3584 inter

202 3656 360 3709 quem
395 3651 452 3694 et
482 3639 665 3693 feriam
691 3649 934 3708 quartam
962 3643 1359 3709 praecedentem
1384 3652 1525 3695 retro
1554 3643 1908 3707 numerando,
1960 3651 2068 3696 tres
2097 3642 2502 3695 intercedebant
2542 3643 2654 3696 dies
2682 3644 2823 3711 pleni
2861 3653 2915 3697 et
2954 3646 3163 3716 integri,
3209 3647 3383 3701 Sabba

203 3762 336 3818 tum,
364 3753 668 3808 Parasccve
698 3763 751 3807 et
778 3755 908 3808 feria
943 3756 1146 3823 quinta.
1175 3756 1277 3811 Sed
1318 3757 1360 3810 si
1394 3758 1477 3810 die
1504 3758 1719 3811 Paschae
1744 3758 1921 3811 habita
1948 3758 2133 3812 concio
2162 3757 2282 3823 fuit,
2326 3762 2454 3812 cur‘
2497 3774 2563 3812 ne
2613 3760 2835 3812 verbum
2870 3762 3083 3829 quidem
3128 3763 3193 3815 de
3233 3777 3415 3815 resur-

202 3872 449 3925 rectione
485 3870 689 3922 Domini
725 3869 779 3923 in
828 3878 935 3924 tota
973 3869 1187 3923 homilia
1224 3872 1485 3925 habetur?
1529 3873 1659 3925 Nam
1702 3871 1803 3925 etsi
1846 3872 1949 3926 dici
1984 3872 2213 3926 fortasse
2261 3872 2429 3941 possit
2472 3871 2911 3942 Chrysostomum
2960 3876 3045 3927 illa
3082 3876 3184 3937 die,
3237 3885 3293 3927 ut
3332 3876 3413 3927 in-

202 3985 579 4055 dignationem
608 4000 755 4038 suam
787 3985 839 4038 in
868 4000 977 4045 eos.
1010 3985 1100 4053 qui
1132 3985 1340 4039 theatra
1387 3986 1574 4039 diebus
1602 3985 1800 4039 sanctis
1829 3985 2090 4050 adierant,
2134 3994 2468 4047 exoneraret,
2506 3986 2819 4038 concionem
2856 3988 3122 4050 habuisse,
3174 3990 3413 4058 nihilque

200 4101 343 4155 aliud
386 4100 676 4170 cogitasse,
709 4116 774 4153 an
807 4100 984 4154 decuit
1015 4100 1068 4153 in
1098 4100 1184 4153 die
1239 4108 1424 4153 sancto
1467 4102 1684 4153 Pascha:
1726 4101 1864 4153 nihil
1913 4100 2133 4153 omnino
2168 4100 2233 4152 de
2288 4108 2432 4153 tanta
2481 4100 2810 4166 celebritate,
2854 4116 2920 4154 ne
2951 4102 3172 4169 carptim
3223 4103 3411 4157 saltem

198 4216 379 4287 loqui?
416 4215 476 4270 Si
510 4230 635 4269 vero
666 4216 720 4268 in
760 4226 1071 4284 sequentem
1104 4216 1244 4269 diem
1278 4215 1559 4268 IIomiliam
1612 4216 1904 4279 mittamus,
1949 4216 2048 4268 alia
2079 4223 2328 4285 exsurget
2374 4215 2657 4270 difﬁcultas
2691 4234 2701 4268 :
2736 4230 2845 4269 non
2896 4216 3037 4269 enim
3068 4225 3176 4269 tres
3204 4227 3408 4269 tantum

199 4336 334 4400 dies,
370 4334 471 4389 sed
516 4346 741 4403 quatuor
771 4334 912 4403 pleni
939 4342 989 4386 et
1022 4333 1235 4402 integri,
1271 4333 1638 4397 intercedent;
1694 4349 1878 4388 verum
1925 4334 2151 4388 fortasse
2191 4334 2603 4404 Chrysostomus
2631 4345 2737 4388 tres
2757 4335 2948 4388 dixerit
2986 4335 3100 4387 dies
3130 4350 3236 4387 non
3280 4351 3410 4402 sup-

200 4450 464 4519 putando,
524 4450 616 4503 sed
644 4450 857 4503 circiter
890 4458 1095 4517 tempus
1126 4449 1466 4517 assignando,
1516 4448 1658 4517 quod
1692 4449 1832 4519 apud
1864 4449 2036 4518 ipsum
2078 4464 2185 4503 non
2226 4450 2497 4506 insolitum
2533 4461 2631 4503 est.
2668 4448 2818 4513 Rem,
2860 4448 3093 4515 alioquin
3137 4464 3242 4501 non
3279 4450 3409 4502 tanti

200 4563 491 4624 momenti,
522 4560 736 4615 dubiam
775 4559 1140 4627 relinquimus.

271 4763 274 4766 ’
311 4775 328 4807 ‹
355 4760 497 4809 Hanc
521 4756 857 4806 diﬁlcultatem
900 4756 1043 4804 facile
1086 4754 1322 4815 expedire
1348 4752 1485 4813 licet,
1524 4754 1665 4801 modo
1704 4760 1849 4804 antea
1873 4762 2059 4805 certum
2085 4755 2165 4813 sit,
2194 4757 2317 4803 hanc
2352 4755 2599 4804 homiliam
2645 4756 2855 4804 habitam
2883 4772 2993 4805 esse
3021 4759 3097 4805 die
3138 4759 3405 4807 Paschalis.

200 4843 280 4896 Uti
316 4849 455 4894 enim
486 4846 858 4903 Chrysostomus
895 4844 1151 4904 presbyter
1178 4840 1431 4890 multoties
1458 4850 1564 4901 post
1589 4840 1870 4902 episcopum
1916 4847 1967 4889 et
2005 4843 2122 4889 alios
2146 4841 2319 4888 eodem
2340 4843 2419 4889 die
2451 4856 2505 4889 ac
2530 4842 2756 4889 continuo
2778 4841 2825 4888 in
2854 4842 3062 4889 ecclesia
3100 4842 3267 4889 habuit
3291 4856 3409 4889 con-

197 4934 407 4988 cionem,
436 4928 488 4975 id
510 4926 639 4985 quod
666 4938 724 4974 ex
752 4930 857 4986 ejus
890 4924 1197 4974 sermonibus
1223 4930 1422 4985 apparet
1446 4938 1456 4970 :
1483 4925 1549 4970 ita
1580 4924 1669 4970 hoc
1693 4921 1840 4970 etiam
1864 4924 1945 4971 die
1966 4925 2093 4971 alius
2112 4932 2221 4983 post
2248 4937 2359 4970 cum
2384 4921 2683 4984 episcopum,
2705 4928 2807 4972 sive
2836 4927 3109 4985 presbyter,
3140 4928 3239 4972 sive
3264 4926 3407 4983 al'us,

197 5014 471 5063 orationem
515 5012 577 5059 de
619 5008 800 5057 Pascha
824 5007 1005 5055 habere
1030 5009 1208 5067 potuit,
1240 5013 1491 5067 postquam
1530 5009 1634 5065 ipse
1660 5003 1873 5064 graviter
1896 5010 2063 5052 contra
2106 5006 2377 5065 spectacula
2405 5011 2455 5051 et
2494 5006 2681 5052 theatra
2711 5007 3017 5065 disputasset.
3059 5006 3224 5053 Habeo
3250 5006 3298 5053 in
3323 5008 3411 5055 has

196 5106 251 5143 re
278 5091 687 5144 consentientem
718 5092 873 5150 ipsum
898 5085 1336 5135 lilontel'aiconium.
1364 5084 1487 5132 Vide
1515 5090 1626 5132 tom.
1656 5085 1711 5140 ν,
1740 5099 1785 5145 p.
1816 5084 1918 5143 118,
1946 5083 2082 5131 not.b
2115 5120 2126 5131 .
2157 5099 2173 5130 ›
2204 5084 2316 5132 Ilaec
2351 5085 2431 5133 Ch.
2462 5086 2538 5133 li‘r.
2575 5087 2782 5133 Matthaei
2821 5090 2864 5133 in
2893 5088 3014 5134 libro
3048 5087 3128 5147 qui
3155 5093 3409 5150 inscriptus

197 5182 302 5224 est:
330 5178 385 5224 Ι.
414 5169 745 5238 Chrysostomi
770 5166 993 5221 Homilia:
1013 5168 1093 5231 IV,
1118 5170 1212 5219 vol.
1240 5170 1284 5230 2,
1311 5181 1355 5231 p.
1382 5169 1457 5229 77,
1490 5167 1703 5227 Miscme,
1740 5167 1870 5214 1792.
1901 5165 2085 5225 Quibus
2106 5167 2227 5215 adde
2252 5168 2413 5216 Illontf.
2450 5170 2586 5217 Praef.
2617 5168 2731 5218 tomi
2755 5171 2914 5231 hujus,
2943 5170 3056 5231 δη,
3083 5174 3403 5232 eamdemque

196 5269 309 5313 tom.
342 5259 452 5322 Xli,
478 5274 530 5322 p.
553 5258 663 5307 52L
