4140 6314
491 373 601 427 265

483 478 573 529 καὶ
615 472 719 542 πρὸ
755 471 863 523 τῶν
891 466 1178 536 ὀφθαλμῶν
1205 465 1310 517 τῶν
1333 463 1608 533 ὑμετέρων
1637 460 1862 512 τιθέναι.
1895 458 2013 518 Πῶς
2043 456 2133 506 δυ-

484 572 752 644 νησόμεθα
771 571 860 622 τὸν
883 569 1011 621 Θεὸν
1036 565 1218 618 λοιπὸν
1245 563 1370 614 ἵλεω
1398 561 1649 629 ποιῆσαι;
1678 557 1794 618 πῶς
1817 553 2140 617 καταλλάξαι

481 672 859 743 ὀργιζόμενον;
909 665 1020 736 Πρὸ
1067 662 1230 733 τριῶν
1280 657 1497 731 ἡμερῶν
1546 655 1816 725 ἐπομϐρία
1867 651 1960 704 καὶ
1992 651 2143 712 ὑετὸς

486 773 890 842 κατερρήγνυτο
925 767 1098 819 πάντα
1125 761 1473 833 παρασύρων,
1506 758 1597 811 ἀπ’
1626 754 1788 809 αὑτοῦ
1815 754 1906 807 τοῦ
1944 753 2141 822 στόμα-

485 892 573 936 τος
595 885 645 932 α,
680 871 751 932 ὡς
789 869 982 929 εἰπεῖν,
1018 865 1114 933 τὴν
1149 863 1424 932 τράπεζαν
1458 861 1564 911 τῶν
1602 857 1849 927 γηπόνων
1890 851 2144 923 ἀφαρπά-

487 973 613 1036 ζων,
639 968 874 1037 στάχυας
900 963 1181 1032 κομῶντας
1213 959 1565 1019 κατακλίνων,
1598 955 1664 1007 τά
1683 954 1816 1006 ἀλλα
1841 951 2052 1004 ἅπαντα
2077 950 2140 1016 τῇ

489 1069 767 1138 πλεονεξίᾳ
800 1069 896 1134 τῆς
938 1065 1106 1133 ὑγρᾶς
1146 1061 1472 1128 κατασήπων
1510 1056 1713 1116 οὐσίας·
1751 1053 2011 1104 λιτανεῖαι
2053 1048 2147 1100 καὶ¹

491 1171 781 1240 ίκετηρίαι,
803 1167 897 1219 καὶ
933 1166 1079 1216 πᾶσα
1109 1161 1260 1230 ήμῶν
1291 1162 1323 1229 ή
1361 1159 1510 1216 πόλις
1538 1157 1722 1224 ὥσπερ
1743 1153 2036 1223 χείμαρρος
2059 1153 2149 1202 ἐπὶ

490 1273 614 1332 τοὺς
661 1268 858 1328 τόπους
910 1263 1017 1315 τῶν
1072 1259 1378 1313 ἀποστόλων
1431 1256 1637 1325 ἔτρεχε,
1674 1254 1766 1305 καὶ
1822 1253 2149 1320 συνηγόρους

493 1367 862 1437 ἐλαμϐάνομεν
896 1363 986 1415 τὸν
1034 1362 1185 1428 ἀγιον
1228 1360 1429 1428 Πέτρον
1468 1357 1560 1410 καὶ
1594 1356 1682 1407 τὸν
1725 1355 1988 1424 μακάριον
2031 1354 2150 1404 Ἀν-

493 1470 675 1539 δρέαν,
706 1467 801 1534 τὴν
827 1464 1089 1534 ξυνωρίδα
1120 1462 1226 1513 τῶν
1249 1459 1558 1512 ἀποστόλων
1588 1457 1638 1518 ι),
1673 1455 1882 1508 Παῦλον
1929 1455 2021 1505 καὶ
2062 1454 2152 1504 Τι-

499 1567 707 1638 μόθεον.
747 1565 880 1616 Μετ’
907 1563 1107 1620 ἐκεῖνα,
1136 1561 1232 1627 τῆς
1278 1559 1446 1628 ὀργῆς
1487 1555 1756 1625 λυθείσης,
1786 1555 1878 1606 καὶ
1923 1553 2152 1618 πέλαγος

498 1663 850 1733 περάσαντες,
892 1659 983 1711 καὶ
1021 1657 1278 1725 κυμάτων
1318 1651 1841 1720 κατατολμήσαντες,
1883 1650 1974 1700 ἐπὶ
2031 1649 2154 1708 τοὺς

498 1760 823 1832 κορυφαίους
852 1758 1162 1826 ἐτρέχομεν,
1194 1753 1283 1804 τὸν
1311 1751 1513 1820 Πέτρον
1541 1749 1638 1818 τὴν
1677 1747 1910 1817 κρηπῖδα
1942 1746 2035 1814 τῆς
2068 1743 2156 1794 πί-

501 1877 689 1923 στεως,
721 1859 810 1911 τὸν
849 1856 1055 1910 Παῦλον
1097 1854 1156 1907 τὸ
1205 1852 1394 1914 σκεῦος
1433 1851 1532 1920 τῆς
1571 1849 1815 1918 ἐκλογῆς,
1853 1847 2156 1916 πανήγυριν

499 1959 868 2019 ἐπιτελοῦντες
920 1955 1310 2023 πνευματικὴν,
1351 1952 1444 2004 καὶ
1498 1962 1519 1988 ο
1569 1951 1693 2010 τοὺς
1743 1947 1935 2008 ἄθλους
1979 1944 2157 1998 αὐτῶν

500 2057 981 2130 ἀνακηρύττοντες,
1023 2055 1090 2105 τὰ
1131 2052 1365 2124 τρόπαια
1409 2050 1502 2103 καὶ
1545 2049 1642 2110 τάς
1691 2048 1843 2109 νίκας
1883 2045 1978 2107 τὰς
2021 2042 2159 2095 κατά

500 2163 606 2216 τῶν
666 2157 953 2227 δαιμόνων.
1005 2154 1115 2206 Καὶ
1171 2151 1292 2204 οὔτε.
1334 2150 1411 2220 τῷ
1451 2149 1598 2218 φόϐῳ
1642 2148 1748 2200 τῶν
1794 2145 2087 2214 γινομένων
2131 2141 2158 2179 ἀ

503 2257 960 2324 καταπλαγέντες,
986 2253 1108 2305 οὔτε
1131 2254 1207 2322 τῷ
1239 2249 1576 2320 μεγέθειτῶν
1594 2244 2027 2316 κατορθωμάτων
2053 2242 2160 2294 τῶν

502 2356 870 2414 ἀποστολικῶν
905 2365 928 2393 ο
963 2351 1360 2414 παιδευθέντες,
1398 2348 1588 2418 ἀθρόον
1619 2346 1760 2399 οὕτω
1799 2346 1926 2414 μιᾶς
1960 2341 2160 2412 μεταξὺ

504 2457 797 2526 γενομένης
824 2452 1054 2522 ἡμέρας,
1085 2451 1309 2518 σκιρτᾷς
1327 2449 1419 2500 καὶ
1447 2447 1592 2517 βοᾷς,
1623 2447 1721 2514 τὴν
1754 2443 1949 2497 ἐαυτοῦ
1987 2442 2162 2511 ψυχὴν

504 2553 844 2627 αἰχμάλωτον
871 2551 972 2602 ὑπὸ
1003 2549 1110 2600 τῶν
1151 2547 1335 2600 παθῶν
1378 2565 1451 2598 πα
1463 2547 1832 2615 ρασυρομένην
1859 2541 2121 2612 περιορῶν
2146 2556 2159 2604 ;

506 2656 568 2707 El.
621 2652 677 2703 δέ
727 2648 944 2702 ἐϐούλου
995 2644 1191 2714 δρόμον
1239 2643 1446 2709 ἀλόγων
1485 2643 1635 2710 όρᾷν,
1675 2642 1814 2701 τίνος
1852 2641 2033 2692 ’ένεκεν
2066 2639 2165 2690 οὐκ

505 2749 728 2814 ἕζευξας
759 2747 826 2798 τὰ
853 2745 1020 2810 ἄλογα
1049 2744 1105 2794 ἐν
1131 2741 1212 2793 σοὶ
1235 2739 1401 2808 πάθη,
1428 2738 1594 2807 θυμὸν
1620 2737 1710 2790 καὶ
1730 2736 2040 2805 ἐπιθυμίαν,
2073 2735 2166 2786 καὶ

506 2847 782 2916 ἐπέθηκας
809 2844 990 2903 αὐτοῖς
1013 2839 1104 2892 τὸν
1124 2840 1223 2908 τῆς
1254 2837 1566 2906 φιλοσοφίας
1597 2836 1776 2902 ζυγὸν,
1811 2836 1901 2886 τὸν
1935 2833 2168 2903 χρηστὸν

509 2947 604 2999 καὶ
638 2943 858 3012 κοῦφον,
889 2938 982 2991 καὶ
1015 2937 1318 3004 ἐπέστησας
1355 2935 1536 2994 αὐτοῖς
1563 2931 1819 3000 λογισμὸν
1856 2931 2032 2999 όρθὸν,
2077 2929 2168 2982 καὶ

509 3046 646 3116 πρὸς
672 3043 733 3094 τὸ
759 3038 1005 3110 βραϐεῖον
1028 3036 1233 3106 ήλασας
1262 3034 1358 3102 τῆς
1387 3033 1497 3086 ἄνω
1527 3032 1789 3100 κλήσεως,
1816 3031 1914 3081 οῦκ
1937 3030 2042 3081 ἀπὸ
2079 3027 2172 3097 μύ-

511 3164 636 3209 σους
661 3145 740 3206 εἰς
768 3142 957 3212 μύσος,
978 3137 1091 3191 ἀλλ’
1118 3136 1224 3189 ἀπὸ
1251 3135 1353 3203 γῆς
1380 3137 1456 3196 είς
1485 3135 1709 3201 οὐρανὸν
1731 3133 1970 3201 τρέχων;
2004 3131 2172 3183 Τοῦτο

510 3247 618 3317 γὰρ
654 3244 754 3313 τῆς
800 3235 1157 3308 ἱπποδρομίας
1198 3233 1258 3285 τό
1310 3228 1447 3292 εἶδος
1493 3231 1626 3298 μετά
1670 3230 1765 3297 τῆς
1816 3229 2007 3298 ἡδονῆς
2057 3230 2174 3281 πολ-

510 3347 607 3414 λὴν
657 3342 767 3411 εχει
811 3337 910 3407 τὴν
949 3334 1231 3403 ὠφέλειαν.
1286 3330 1422 3381 Ἀλλ’
1469 3330 1625 3395 ἀφεὶς
1683 3332 1749 3380 τα
1801 3328 1940 3381 κατά
1983 3329 2173 3381 σαυτὸν

513 3436 698 3498 ἁπλῶς
740 3435 832 3487 καὶ
865 3431 941 3492 ὡς
975 3429 1136 3496 ἔτυχε
1169 3424 1448 3498 φέρεσθαι,
1489 3424 1625 3494 ὑπὲρ
1659 3423 1754 3491 τῆς
1787 3423 1987 3492 ἐτέρων
2020 3424 2174 3493 νίκης

513 3539 707 3594 ἐκάθου
729 3537 746 3574 ί
760 3580 772 3603 ,
796 3533 1007 3604 ἡμέραν
1040 3527 1306 3596 τοσαύτην
1333 3526 1454 3594 εικῆ
1478 3525 1570 3577 καὶ
1594 3524 1769 3593 μάτην
1791 3523 1884 3576 καὶ
1908 3523 1998 3575 ἐπὶ
2024 3522 2175 3592 κακῷ

515 3635 788 3696 δαπανῶν.

586 3733 654 3802 β’.
680 3725 830 3800 [274]
845 3723 923 3776 ἾΙ
945 3723 1044 3774 οὐκ
1065 3719 1220 3772 οἶσθα
1239 3721 1320 3772 ὅτι
1344 3719 1590 3789 καθάπερ
1611 3722 1768 3788 ἡμεῖς
1792 3720 2049 3790 ἀργύριον
2068 3723 2177 3783 τοῖς

515 3833 749 3891 οἰκέταις
785 3827 897 3887 τοῖς
942 3821 1226 3892 ἡμετέροις
1267 3818 1676 3887 ἐγχειρίζοντες,
1713 3818 1943 3880 εὐθύνας
1983 3821 2177 3882 αὐτοὺς

515 3932 610 3985 καὶ
642 3928 800 3997 μέχρι
831 3923 948 3984 ἐνὸς
978 3919 1312 3986 ἀπαιτοῦμεν
1345 3916 1552 3968 ὀϐολοῦ·
1580 3916 1722 3969 οὕτω
1751 3918 1842 3970 καὶ
1869 3921 1896 3971 ό
1919 3918 2049 3982 Θεὸς
2070 3921 2178 3974 τῶν

517 4025 738 4097 ήμερῶν
767 4022 863 4090 τῆς
898 4018 1043 4086 ζωῆς
1079 4016 1178 4084 τῆς
1203 4013 1475 4083 ἡμετέρας
1513 4015 1800 4082 ἀπαιτήσει
1829 4015 1984 4084 λόγον
2010 4019 2176 4088 ἡμᾶς,

518 4130 634 4191 πῶς
660 4127 895 4193 ἑκάστην
923 4121 1136 4191 ἡμέραν
1159 4119 1604 4188 ἐδαπανήσαμεν;
1636 4119 1699 4170 Τί
1726 4115 1818 4173 οῦν
1843 4123 2073 4191 ἐροῦμεν
2089 4141 2102 4188 ;
2127 4123 2179 4175 τί

517 4228 571 4280 δὲ
613 4219 1086 4291 ἀπολογησόμεθα,
1131 4219 1255 4270 ὅταν
1295 4217 1392 4284 τῆς
1433 4216 1646 4286 ἡμέρας
1689 4217 1901 4287 ἐκείνης
1942 4221 2180 4275 ἀπαιτῶ-

523 4331 661 4402 μεθα
697 4327 950 4388 εύθύνας;
979 4323 1165 4383 ’Ἥλιος
1195 4319 1432 4373 ἀνέτειλε
1473 4319 1561 4370 διὰ
1611 4321 1689 4384 σέ,
1728 4321 1820 4372 καὶ
1853 4321 2046 4394 σελήνη
2081 4327 2179 4395 τὴν

521 4434 689 4485 νύκτα
736 4428 986 4496 ἐφώτισε,
1028 4425 1123 4476 καὶ
1160 4422 1399 4484 ποικίλος
1426 4421 1668 4492 ἀστέρων
1692 4422 1968 4492 ἀνέλαμψε
2001 4425 2176 4493 χορός·

522 4539 786 4588 ἔπνευσαν
837 4529 1025 4596 ἄνεμοι
1067 4526 1152 4578 διά
1201 4526 1279 4590 σέ,
1322 4525 1551 4594 ἔδραμον
1596 4525 1846 4593 ποταμοί’
1894 4525 2182 4594 σπέρματα

525 4640 856 4704 ἐϐλάστησαν
885 4633 970 4684 διὰ
994 4631 1072 4693 σέ,
1106 4631 1197 4681 καὶ
1221 4629 1361 4696 φυτά
1398 4627 1640 4696 ἀνεδόθη,
1669 4630 1762 4680 καὶ
1787 4628 1884 4697 τῆς
1909 4629 2121 4696 φύσεως
2154 4631 2182 4681 ό

523 4746 720 4814 δρόμος
739 4741 833 4809 τὴν
865 4736 1068 4790 οἰκείαν
1089 4733 1320 4801 ἐτήρησε
1345 4731 1514 4795 τάξιν,
1545 4732 1637 4784 καὶ
1661 4731 1840 4800 ἡμέρα
1861 4733 2030 4802 ἐφάνη
2091 4735 2183 4784 καὶ

592 5024 616 5052 ⁸
639 5021 915 5070 Secundum
945 5020 1070 5069 istud
1090 5019 1442 5081 proverbium:
1478 5019 1631 5068 πολλὰ
1697 5020 1864 5078 μεταξὺ
1923 5023 2051 5069 πέλει
2107 5026 2184 5069 κύ.

527 5087 655 5136 λικος
677 5085 756 5130 καὶ
779 5085 954 5142 χείλεος
977 5083 1140 5142 ἄκρου.

590 5143 615 5179 ιι
642 5136 846 5202 Ξυνωρίς
870 5149 1001 5188 nom
1023 5136 1176 5202 primo
1201 5153 1415 5199 currum,
1435 5153 1510 5188 cui
1553 5136 1710 5201 juncti
1763 5145 1871 5187 sunt
1923 5139 2018 5188 duo
2042 5139 2185 5202 equi;

527 5204 743 5251 secundo
767 5200 855 5267 pqr
879 5200 1116 5267 equorum
1130 5200 1330 5251 invicem
1367 5200 1674 5265 jurtctofttrit;
1735 5203 1881 5248 tertio
1945 5200 2187 5263 quodlibet

527 5278 635 5326 pur,
664 5261 901 5324 quodlibet
920 5261 1214 5322 'wnjugium.

591 5329 612 5352 π
644 5324 730 5370 Καί
757 5325 938 5368 rectius
957 5321 1170 5368 abesset.

605 5346 612 5352 ’
644 5341 730 5368 nou.
758 5341 938 5368 Γευιιιιδ
957 5341 1170 5368 δυυδδυι.

590 5385 615 5422 ιι
644 5386 740 5430 lmo
759 5384 1033 5442 γενομένων.
1070 5381 1307 5442 lntelligit
1359 5383 1490 5429 enim
1533 5379 1898 5429 inundationem
1943 5382 2186 5441 imbrium,

528 5459 636 5504 quire
661 5446 756 5499 jam
779 5448 1071 5504 cessaverat.

597 5511 615 5532 θ
647 5505 1000 5563 Κατορθὼματα
1021 5502 1314 5548 ἀποστολικά
1369 5516 1497 5563 nunc
1526 5503 1743 5563 appellat
1801 5502 2059 5560 auxilium,
2116 5504 2186 5550 lu-

531 5574 629 5612 tum
656 5566 714 5611 ab
735 5561 984 5623 apostOIis,
1012 5567 1119 5621 post
1139 5561 1524 5621 supplicationes
1551 5561 1788 5621 publicas.

597 5625 613 5662 ί
657 5621 870 5670 Ἐκάθου.
921 5622 1106 5684 Supple
1143 5624 1321 5680 θεατής,
1386 5625 1462 5670 γει
1511 5623 1688 5678 κριτής,
1746 5621 1837 5670 nisi
1885 5624 2185 5672 substituere

529 5687 667 5734 maiis
687 5684 880 5740 ἐκήδου.

1325 352 1380 402 S.
1425 346 1707 403 JOANNIS
1745 340 2230 398 CllRYbOSTOMI
2272 341 2586 397 ARCHIEP.
2629 339 3168 396 CONSTANTINOP.

3783 340 3894 397 266

2247 457 2337 522 νὺξ
2360 456 2599 527 παρῆλθε
2619 460 2664 496 ε·
2697 456 2978 510 καὶταῦτα
3004 457 3176 510 πάντα
3206 454 3390 520 γέγονε
3410 451 3497 504 διά
3520 450 3601 502 σέ·
3629 450 3692 502 σὺ
3715 449 3772 502 δέ
3791 448 3897 500 τῶν

2244 560 2553 628 κτισμάτων
2589 578 2668 611 σοι
2698 559 3146 628 διακονουμένων,
3179 557 3268 608 τοῦ
3303 554 3546 608 διαϐόλου
3580 553 3677 621 τὴν
3714 550 3898 604 ἐπιθυ-

2247 659 2375 728 μίαν
2404 659 2658 728 πληροῖς;
2691 660 2798 712 Καὶ
2826 658 3074 710 τοσοῦτον
3097 657 3246 726 παρά
3271 655 3361 708 τοῦ
3388 653 3519 707 Θεοῦ
3557 651 3899 722 μισθωσάμε-

2245 777 2332 822 νος
2374 755 2536 823 οἷκον,
2568 759 2656 811 τὸν
2689 758 2892 827 κόσμον
2932 757 3070 824 λέγω
3109 756 3314 817 τοῦτον,
3352 755 3449 806 οὐκ
3487 752 3772 812 ἀπέδωκας
3814 750 3902 800 τὸν

2251 859 2455 929 μισθόν.
2490 859 2592 912 Καὶ
2623 860 2719 912 οὐκ
2765 860 2963 928 ῆρκεσε
3001 861 3066 926 τῇ
3103 856 3340 926 προτέρα
3389 853 3589 924 ἡμέρα,
3638 852 3773 905 ἀλλά
3809 851 3903 904 καὶ

2245 960 2341 1029 τήν
2374 961 2648 1030 δευτέραν,
2681 961 2767 1011 ὅτε
2803 958 3111 1011 ἀναπαῦσαι
3139 957 3327 1027 μικρὸν
3353 956 3516 1025 ἐχρῆν
3544 954 3650 1006 ἀπὸ
3685 954 3781 1022 τῆς
3816 954 3907 1018 ἐγ-

2248 1059 2534 1127 γινομένης
2587 1058 2800 1120 κακίας,
2843 1058 2934 1110 ἐπὶ
2982 1057 3181 1127 θέατρα
3233 1056 3391 1108 πάλιν
3442 1054 3741 1113 ἀνέϐαινες,
3800 1053 3906 1104 ἀπὸ

2250 1159 2453 1212 καπνοῦ
2489 1160 2567 1219 είς
2589 1157 2696 1225 πῦρ
2719 1158 2948 1227 τρέχων,
2977 1159 3054 1218 είς
3077 1157 3258 1225 ἕτερον
3286 1154 3554 1225 βάραθρον
3576 1152 3760 1214 καθεὶς
3783 1154 3908 1203 ἐαυ-

2250 1261 2338 1312 τὸν
2368 1259 2758 1329 χαλεπώτερον.
2793 1261 3048 1329 Γέροντες
3081 1257 3267 1319 πολιὰς
3295 1257 3645 1326 κατῄσχυνον,
3676 1257 3768 1307 καὶ
3799 1255 3906 1306 νέοι

2251 1358 2346 1427 τὴν
2401 1359 2626 1428 νεότητα
2671 1357 3124 1427 κατεκρήμνιζον,
3173 1357 3267 1408 καὶ
3306 1355 3540 1424 πατέρες
3580 1354 3773 1415 παῖδας
3820 1354 3913 1405 ἀν-

2250 1459 2401 1526 ῆγον,
2435 1459 2497 1508 ἐκ
2530 1457 2825 1527 προοιμίων
2855 1457 2953 1525 τὴν
2983 1455 3344 1526 ἀπειρόκακον
3368 1452 3582 1523 ἡλικίαν
3614 1454 3692 1515 εἰς
3715 1452 3783 1504 τά
3813 1452 3913 1520 τῆς

2253 1557 2515 1626 πονηρίας
2539 1555 2921 1625 ἐμϐιϐάζοντες
2947 1555 3214 1625 βάραθρα,
3240 1554 3379 1606 ὥστε
3408 1553 3507 1605 οὑκ
3535 1555 3598 1608 ἀν
3617 1570 3700 1616 τις
3734 1553 3915 1623 ἀμάρ-

2253 1671 2334 1706 τοι
2387 1654 2763 1715 παιδοκτόνους
2817 1654 2938 1706 ἀντὶ
2986 1653 3238 1722 πατέρων
3287 1652 3412 1713 τοὺς
3459 1651 3726 1712 τοιούτους
3776 1651 3916 1702 ἀπο-

2255 1752 2455 1816 καλῶν,
2511 1753 2603 1804 καὶ
2657 1756 2723 1822 τῇ
2768 1754 2794 1791 h
2842 1751 3010 1821 κακίᾳ
3062 1752 3160 1821 τὴν
3205 1750 3380 1821 ψυχὴν
3428 1749 3759 1810 ἀπολλύντας
3808 1749 3920 1799 τῶν

2255 1859 2570 1928 τεχθέντων.
2637 1857 2744 1909 Καὶ
2794 1857 2920 1908 ποία
2981 1855 3182 1917 κακία;
3247 1854 3398 1923 φησί.
3439 1852 3536 1905 Διά
3595 1853 3701 1921 γὰρ
3761 1851 3922 1905 τοῦτο

2256 1959 2546 2027 ὀδυνῶμαι,
2588 1960 2668 2010 ὅτι
2707 1960 2800 2010 καὶ
2827 1958 3015 2020 νοσῶν,
3048 1958 3146 2008 οὐκ
3176 1951 3322 2016 οἶδας
3355 1956 3434 2006 ὅτι
3467 1957 3661 2015 νοσεῖς,
3698 1955 3786 2006 ἵνα
3827 1955 3924 2006 καὶ⁵

2256 2059 2346 2110 τὸν
2376 2057 2553 2127 ίατρὸν
2588 2055 2941 2126 ἐπιζητήσῃς.
2975 2056 3233 2123 Μοιχείας
3257 2053 3443 2121 ἐγένου
3472 2052 3922 2122 πεπληρωμένος,

2257 2156 2350 2209 καὶ
2397 2157 2637 2225 ἐρωτᾷς,
2675 2155 2801 2207 ποία
2847 2155 3040 2218 κακία;
3069 2150 3103 2223 ῆ
3134 2153 3231 2205 οὐκ
3271 2153 3505 2222 ἤκουσας
3549 2153 3643 2205 τοῦ
3686 2150 3924 2221 Χριστοῦ

2259 2259 2523 2324 λέγοντος·
2565 2258 2626 2309 '0
2657 2257 2958 2325 ἐμϐλέψας
2990 2256 3224 2325 γυναικὶ
3259 2255 3407 2322 πρὸς
3437 2255 3501 2309 τὸ
3535 2253 3927 2322 ἐπιθυμῆσαι,

2260 2355 2376 2423 ἤδη
2402 2356 2756 2422 ἐμοίχευσεν
2776 2356 3008 2419 αὐτήν;
3032 2355 3096 2405 Τί
3121 2349 3212 2406 οὗν
3235 2354 3330 2406 ἐὰν
3363 2352 3435 2422 μὴ
3472 2351 3744 2421 ἐμϐλέψω,
3771 2352 3926 2420 φησὶ,

2263 2456 2396 2524 πρὸς
2443 2453 2500 2504 τὸ
2547 2452 2921 2521 ἐπιθυμῆσαι;
2965 2453 3072 2505 Καὶ
3102 2453 3216 2512 πῶς
3259 2452 3464 2522 δυνήσῃ
3505 2467 3572 2519 με
3607 2453 3824 2511 πεῖσαι;
3867 2449 3931 2499 Ὀ

2260 2555 2366 2624 γὰρ
2407 2553 2499 2605 τοῦ
2533 2553 2807 2621 θεωρῆσαι
2851 2553 2923 2622 μή
2958 2550 3193 2620 κρατῶν,
3228 2550 3361 2602 ἀλλά
3392 2549 3659 2618 τοσαύτην
3689 2549 3931 2616 σπουδὴν

2264 2653 2401 2722 ὑπὲρ
2434 2651 2525 2704 τοῦ
2560 2651 2800 2704 τοιούτου
2848 2660 2863 2686 ι
2901 2649 3199 2718 τιθέμενος,
3236 2649 3351 2712 πῶς
3382 2650 3516 2718 μετά
3553 2648 3612 2701 τὸ
3655 2647 3933 2718 θεωρῆσαι

2263 2751 2465 2822 δυνήσῃ
2497 2750 2673 2819 μένειν
2701 2749 3068 2820 ἀκηλίδωτος;
3107 2748 3197 2818 Μή
3223 2748 3330 2817 γάρ
3362 2748 3503 2809 λίθος
3531 2765 3610 2800 σοι
3641 2747 3701 2798 τὸ
3733 2745 3932 2815 σῶμα;

2269 2849 2342 2917 μὴ
2368 2848 2473 2915 γάρ
2505 2846 2752 2915 σίδηρος;
2789 2845 2971 2914 Σάρκα
2999 2845 3325 2912 περίκεισαι,
3358 2845 3533 2913 σάρκα
3562 2844 3934 2912 ἀνθρωπίνην,

2266 2945 2386 3011 ἣτις
2423 2944 2612 3014 χόρτου
2644 2941 3020 3012 χαλεπώτερον
3054 2942 3066 2991 J'
3115 2942 3218 2994 ὑπὸ
3246 2942 3344 3011 τῆς
3378 2941 3665 3011 ἐπιθυμίας
3695 2941 3935 2995 ἀνάπτε-

2270 3060 2376 3096 ται.

2342 3148 2451 3200 Καὶ
2490 3147 2542 3198 τί
2580 3146 2723 3212 λέγω
2765 3145 2826 3198 τὸ
2869 3145 3124 3216 θέατρον;
3170 3148 3256 3200 Ἑν
3297 3148 3470 3217 ἀγορᾷ
3527 3145 3784 3208 πολλάκις
3841 3146 3942 3198 ἐὰν

2274 3247 2670 3315 ἀπαντήσωμεν
2699 3247 2935 3312 γυναικὶ,
2958 3244 3350 3316 θορυϐούμεθα’
3385 3246 3450 3297 σὺ
3479 3244 3538 3295 δὲ
3568 3244 3678 3296 ἀνω
3701 3243 3941 3312 καθήμε-

2275 3361 2384 3406 νος,
2409 3345 2538 3395 ὅπου
2567 3344 2802 3411 τοσαύτη
2840 3344 2974 3413 πρὸς
3000 3343 3382 3412 ἀσχημοσύνην
3409 3343 3767 3414 παράκλησις,
3799 3343 3945 3414 δρῶν

2275 3445 2504 3508 γυναῖκα
2555 3443 2757 3512 πόρνην
2799 3444 2978 3512 γυμνῇ
3024 3445 3089 3512 τῇ
3144 3443 3351 3511 κεφαλῇ
3403 3442 3541 3511 μετά
3595 3442 3794 3510 πολλῆς
3841 3441 3945 3510 τῆς

2277 3542 2654 3610 ἀναισχυντίας
2696 3541 2986 3605 εἰσιοῦσαν,
3024 3543 3199 3611 χρυσᾶ
3233 3539 3698 3610 περιϐεϐλημένην
3730 3541 3941 3609 ἱμάτια,

2279 3640 2731 3711 μαλακιζομένην,
2759 3640 3135 3710 θρυπτομένην
3158 3641 3208 3704 ι,
3244 3641 3462 3711 ᾅσματα
3498 3640 3726 3710 ᾅδουσαν
3757 3658 3947 3710 πορνι-

2275 3740 2368 3804 κά,
2401 3739 2889 3809 κατακεκλασμένα
2921 3740 3079 3809 μέλη,
3105 3741 3302 3810 αίσχρά
3339 3741 3669 3811 προϊεμένην
3699 3742 3946 3811 ῥήματα,

2277 3841 2686 3910 ἀσχημονοῦσαν
2716 3840 2958 3903 τοιαῦτα,
2986 3841 3127 3910 άπερ
3156 3843 3183 3893 ό
3219 3841 3496 3911 θεωρήσας
3529 3841 3595 3893 ἂν
3625 3844 3705 3903 εἰς
3739 3841 3949 3893 ἔννοιαν

2276 3939 2466 4010 λάϐῃς,
2507 3940 2656 3993 κάτω
2687 3939 2932 4002 κύπτεις⁶
2965 3941 3166 4008 τολμᾷς
3196 3940 3367 3991 εἰπεῖν
3388 3941 3461 4002 ὼς
3487 3940 3638 3992 οὐδὲν
3673 3940 3890 4010 πάσχῃς
3926 3938 3947 3978 ι

2278 4039 2643 4110 ἀνθρώπινον;
2676 4038 2767 4108 Μὴ
2799 4037 2907 4108 γάρ
2936 4038 3080 4100 λίθος
3108 4055 3190 4090 σοι
3228 4038 3286 4090 τὸ
3315 4037 3504 4107 σῶμα;
3540 4039 3613 4108 μὴ
3641 4039 3749 4108 γὰρ
3792 4039 3949 4108 σίδη-

2281 4162 2404 4216 ρος;
2443 4145 2517 4196 Οὐ
2543 4144 2650 4214 γὰρ
2681 4143 3086 4213 παραιτήσομαι
3137 4141 3296 4196 πάλιν
3340 4141 3410 4194 τὰ
3441 4141 3581 4194 αὐτὰ
3623 4143 3813 4195 εἰπεῖν.
3853 4142 3950 4211 Μὴ

2279 4250 2387 4318 γὰρ
2421 4249 2524 4301 τῶν
2551 4247 2802 4317 μεγάλων
2833 4247 2928 4298 καὶ
2958 4247 3218 4313 γενναίων
3251 4245 3457 4315 ἀνδρῶν
3483 4244 3725 4307 ἐκείνων,
3753 4244 3804 4296 οἶ
3836 4245 3952 4297 ἀπὸ

2279 4351 2438 4419 ψιλῆς
2466 4350 2638 4415 ὅψεως
2663 4348 3094 4418 κατηνέχθησαν,
3131 4346 3278 4417 [275]
3311 4347 3735 4416 φιλοσοφώτερος
3766 4349 3829 4399 σὺ
3860 4343 3948 4412 εἷς

2281 4451 2394 4502 Οῦκ
2427 4451 2661 4518 ἤκουσας
2694 4450 2743 4500 τί
2771 4466 2931 4517 φησιν
2956 4449 2983 4499 ό
3011 4447 3276 4517 Σολομῶν·
3308 4449 3702 4515 Περιπατήσει
3723 4467 3812 4513 τις
3852 4449 3950 4502 ἐπ’

2282 4551 2589 4618 ἀνθράκων
2626 4552 2843 4620 πυρὸς,
2892 4552 3032 4616 τοὺς
3078 4551 3145 4604 δέ
3194 4551 3383 4616 πόδας
3429 4553 3499 4606 οὐ
3544 4554 3954 4618 κατακαύσει;

2295 4653 2601 4719 Ἆποδήσει
2639 4671 2726 4719 τις
2753 4655 2870 4722 πῦρ
2904 4656 2972 4707 ἐν
3003 4656 3226 4720 κόλπῳ,
3254 4655 3325 4708 τὰ
3349 4654 3417 4707 δὲ
3442 4656 3635 4723 ἱμάτια
3664 4660 3731 4710 οὐ
3764 4673 3954 4710 κατα-

2285 4756 2528 4820 καύσει;
2561 4756 2756 4821 Οὕτως
2780 4760 2812 4809 ό
2838 4756 3040 4809 εἰσιὼν
3065 4761 3153 4821 εις
3182 4756 3432 4824 γυναῖκα
3460 4758 3780 4826 ἀλλοτρίαν
3801 4768 3864 4812 ⁵⁸.
3891 4762 3955 4814 El

2286 4859 2392 4928 γὰρ
2433 4859 2527 4912 καὶ
2563 4859 2636 4928 μὴ
2683 4859 3022 4928 συνεπλάκης
3065 4863 3128 4928 τῇ
3174 4859 3381 4930 πόρνῃ,
3417 4861 3551 4914 ἀλλά
3580 4865 3643 4929 τῇ
3688 4861 3956 4932 ἐπιθυμία

2353 5145 2668 5212 {imperent
2707 5146 2787 5192 hic
2827 5159 2923 5212 non
2970 5153 3048 5195 est
3093 5148 3408 5209 perlransire,
3462 5151 3548 5198 sed
3573 5146 3785 5209 prodire.
3858 5149 3958 5200 1.0-

2289 5205 2455 5264 quitur
2479 5205 2608 5264 enim
2641 5205 2702 5251 de
2727 5209 2996 5255 creatione.

2348 5263 2378 5301 λλ
2403 5263 2784 5325 Μειίίιη,τοὺςτῇ.

2356 5326 2371 5396 ξ
2400 5326 2647 5396 intelligo,
2670 5329 2957 5396 πράγματος,
2984 5329 3031 5376 id
3059 5337 3134 5396 εει
3155 5329 3239 5396 τοῦ
3267 5333 3517 5396 θεωρῆσαι.

2358 5387 2655 5455 i_SenIenti_a
2703 5391 2916 5455 postulat
2962 5397 3015 5437 ut
3045 5387 3372 5455 eoxoMnepm}
3408 5387 3624 5452 legatur,
3689 5395 3794 5449 aut,
3820 5397 3956 5451 quod

2291 5447 2567 5510 leniugest,
2593 5447 2645 5510 οὐ
2672 5453 2777 5505 post
2802 5451 2972 5510 χόρτου
2999 5452 3217 5497 addatur.

2325 5511 2380 5612 )5
2433 5507 2689 5564 HosyClL:
2766 5507 3046 5569 Ε)ρ·ύπτεται”
3119 5512 3457 5570 μαλακίζεται,
3513 5515 3679 5572 τρυφᾷ,
3730 5521 3958 5575 στρηνιᾷ,

2343 5583 2476 5612 καται.

2293 5583 2476 5614 κλαται.

2363 5628 2378 5664 ι
2409 5623 2587 5690 Malim,
2611 5627 2823 5690 πάσχεις·
2845 5642 2935 5676 nec
2958 5631 3085 5677 enim
3111 5643 3232 5690 Opus
3254 5636 3328 5678 est
3351 5630 3666 5689 coniunctivo.

2361 5697 2398 5719 '“
2419 5689 2760 5747 Septuaginta:
2782 5691 2894 5751 πρὸς
2913 5692 3107 5750 γυναῖκα
3144 5689 3394 5752 ῦπανδρον,
3434 5691 3560 5752 quod
3583 5693 3758 5739 eodem
3799 5693 3955 5745 redit.
