4144 6308
725 347 836 406 267

728 467 902 508 ramus
923 495 937 521 ,
984 457 1344 524 perturbamur
1372 476 1385 512 :
1416 470 1471 514 tu
1513 477 1637 516 vero
1674 477 1897 531 superne
1927 464 2145 528 sedens,
2175 462 2259 516 ubi

728 554 925 600 tantum
963 550 1125 603 estad
1151 552 1512 620 turpitudinem
1544 555 1950 618 incitamentum,
1984 553 2129 608 vides
2150 569 2261 607 mu-

731 635 906 690 lierem
927 637 999 708 (a)
1029 639 1166 692 nudo
1185 641 1353 708 capite
1376 655 1492 694 cum
1522 643 1835 710 impudentia
1864 658 2045 711 magna
2066 645 2261 696 intran-

730 733 830 778 tem
858 767 872 791 ,
903 727 1074 781 aureis
1126 729 1356 782 indutam
1398 731 1737 790 vestimentis,
1768 730 1989 785 delicato
2017 731 2261 798 mollique

728 826 871 884 gestu
900 819 1363 882 utentem,cantica
1395 820 1679 872 meretricia
1720 829 2011 883 canentem,
2033 819 2257 872 carmina

739 907 954 972 lubrica,
984 907 1149 974 turpia
1194 907 1350 960 verba
1395 907 1763 975 proferentetn,
1797 919 2002 976 tamque
2045 908 2260 973 turpiter

728 1005 1000 1064 agentem,
1045 1011 1198 1063 quam
1242 1004 1296 1048 tu
1343 1006 1489 1064 potes
1515 997 1602 1064 qui
1646 996 1787 1049 vides
1814 997 1862 1048 iu
1894 1003 2066 1049 mente
2090 996 2263 1048 conci-

731 1098 874 1150 pere,
908 1093 961 1136 tu
1003 1090 1054 1136 te
1085 1083 1298 1136 iuclinas
1328 1093 1384 1136 ιιι
1428 1083 1673 1149 respicias
1695 1123 1709 1146 ,
1739 1092 1790 1136 et
1830 1083 1989 1135 audes
2014 1082 2185 1134 dicere
2214 1091 2260 1133 te

729 1171 857 1224 nihil
889 1171 1165 1224 humanum
1191 1172 1335 1238 pati?
1364 1171 1493 1224 Num
1532 1187 1722 1239 corpus
1764 1179 1906 1225 tuum
1934 1171 2059 1238 lapis
2079 1210 2094 1235 ,
2140 1186 2258 1222 num

727 1261 920 1315 ferrum
941 1262 1060 1316 est?
1101 1261 1279 1328 Neque
1319 1262 1456 1312 enim
1486 1261 1666 1313 eadem
1712 1271 1947 1328 repetere
1989 1260 2255 1329 gravabor.

729 1349 985 1416 Numquid
1017 1357 1068 1401 tu
1108 1349 1304 1415 majore
1332 1347 1652 1414 philosophia
1682 1348 1960 1400 instructus
1989 1361 2045 1400 es
2071 1386 2084 1410 ,
2107 1361 2258 1413 quam

728 1439 897 1507 magni
923 1438 996 1491 illi
1024 1451 1086 1490 ac
1111 1439 1307 1490 strenui
1331 1438 1444 1497 viri,
1467 1437 1549 1504 qui
1575 1451 1664 1504 per
1685 1437 1972 1502 simplicem
1996 1446 2258 1502 aspectum

728 1529 974 1595 prostrati
997 1527 1157 1580 sunt?
1194 1530 1375 1579 Annon
1399 1525 1584 1577 audisti
1615 1525 1942 1579 Salomonem
1969 1525 2218 1577 dicentem
2245 1539 2259 1576 :

732 1616 1030 1668 Ambulabit
1066 1617 1176 1682 quis
1209 1631 1360 1680 super
1401 1616 1648 1666 carbones
1689 1614 1853 1682 ignis,
1892 1622 1940 1665 et
1974 1612 2122 1680 pedes
2161 1626 2260 1662 non

728 1706 1026 1759 cumburet?
1056 1704 1258 1774 Ligabit
1290 1707 1403 1774 quis
1435 1706 1600 1774 ignem
1632 1705 1685 1756 in
1720 1704 1858 1766 sinu,
1890 1712 1937 1754 et
1965 1703 2263 1754 vestimenta

729 1813 831 1849 non
865 1795 1135 1850 intendet?
1170 1794 1256 1848 Sic
1295 1796 1382 1863 qui
1418 1793 1703 1863 ingreditur
1736 1794 1802 1846 ad
1837 1795 2101 1844 mulierem
2139 1789 2265 1841 alie-

727 1901 850 1938 nam
884 1883 1062 1955 (Prov.
1087 1885 1142 1938 6.
1176 1885 1266 1939 28.
1293 1884 1379 1938 27.
1414 1893 1462 1937 et
1492 1883 1599 1952 29).
1635 1883 1746 1937 Etsi
1772 1883 1911 1937 enim
1936 1896 2057 1934 cum
2088 1893 2263 1934 mere-

731 1971 860 2024 trice
894 1983 996 2023 non
1027 1968 1248 2027 coivisti,
1280 1977 1327 2019 at
1353 1967 1772 2034 concupiscentia
1799 1981 1916 2018 cum
1942 1967 2020 2018 iiia
2049 1967 2262 2033 copula-

729 2069 812 2113 tus
839 2073 896 2112 es
916 2099 930 2123 ,
957 2067 1006 2110 et
1034 2058 1206 2110 animo
1227 2063 1490 2124 peceatum
1517 2054 1841 2123 perpetrasti.
1861 2053 2038 2122 Neque
2065 2063 2261 2106 tantum

735 2149 824 2201 illo
850 2157 1113 2214 tempore,
1137 2160 1315 2198 verum
1343 2144 1498 2198 etiam
1541 2144 1711 2196 soluto
1740 2142 1966 2205 theatro,
1994 2151 2263 2209 postquam

733 2237 816 2288 illa
845 2234 1100 2296 discessit,
1133 2233 1245 2298 ejus
1286 2233 1454 2297 imago
1483 2233 1533 2283 in
1577 2239 1760 2284 mente:
1778 2239 1863 2282 tua
1906 2229 2113 2292 insidet,
2148 2244 2262 2281 rer-

737 2327 818 2386 ha,
853 2323 1076 2384 habitus,
1105 2328 1368 2388 aSpectus,
1396 2320 1628 2371 incessus
1649 2357 1664 2380 ,
1695 2316 1947 2383 elegantia
1977 2315 2070 2382 (ὁ),
2098 2330 2264 2367 mem-

735 2415 822 2465 bra
846 2411 1137 2464 meretricia
1177 2407 1254 2476 (c)
1283 2423 1296 2467 ;
1329 2421 1390 2458 ac
1410 2403 1670 2458 sexcentis
1707 2402 1934 2470 acceptis
1959 2401 2263 2454 vulneribus

731 2498 974 2553 discedis.
1007 2500 1190 2550 Annon
1223 2493 1339 2546 inde
1359 2493 1630 2545 domorum
1665 2488 2065 2544 subversiones?
2091 2502 2262 2540 annon

734 2588 853 2641 inde
882 2583 1212 2639 continentia:
1237 2579 1529 2649 pernicies?
1552 2591 1722 2630 annon
1750 2577 1869 2629 inde
1892 2573 2265 2629 eonnubiorum

737 2674 950 2729 divortia
976 2673 996 2724 ?
1028 2686 1197 2723 annon
1227 2668 1347 2721 inde
1373 2667 1488 2719 lites
1513 2674 1567 2719 et
1583 2665 1750 2732 jurgia
1771 2664 1793 2716 ?
1813 2678 1983 2716 annon
2011 2661 2131 2716 inde
2158 2675 2269 2714 mo—

742 2764 894 2816 lestia:
921 2769 974 2815 et
1017 2758 1164 2811 tardia
1214 2757 1350 2809 nulla
1376 2756 1578 2807 ratione
1617 2752 1789 2805 fulta?
1823 2751 2100 2819 Postquam
2127 2750 2264 2803 enim

737 2856 817 2911 illa
841 2853 1069 2920 repletus
1094 2846 1292 2901 rediisti
1321 2844 1572 2912 captivus,
1602 2842 1692 2895 tibi
1719 2855 1848 2894 uxor
1867 2839 2191 2908 injucundior
2215 2847 2268 2891 et

734 2940 1017 2997 deformior
1041 2936 1262 2995 videtur,
1302 2941 1354 2986 et
1379 2931 1529 2985 liberi
1563 2929 1985 2998 importuniores,
2015 2935 2066 2980 et
2091 2924 2266 2978 famuli

716 3029 961 3091 .onerosi,
988 3026 1172 3078 domus
1191 3023 1396 3074 fastidio
1422 3029 1520 3081 est,
1547 3019 1812 3084 solitaque
1840 3031 1976 3069 cura:
1998 3019 2061 3067 ad
2085 3015 2266 3066 dome-

733 3121 861 3173 stica
904 3112 1300 3178 necessariaque
1343 3106 1545 3176 negotia
1593 3103 1815 3173 gerenda
1864 3101 2098 3154 molesta:
2142 3116 2155 3150 :
2207 3112 2267 3152 ac

739 3204 968 3276 quisquis
1001 3201 1200 3254 accedit
1227 3197 1373 3252 oneri
1406 3195 1495 3248 tibi
1523 3201 1674 3261 atque
1717 3192 2041 3257 importunus
2065 3195 2162 3240 est.

800 3297 855 3350 3.
881 3295 931 3346 In
962 3306 1116 3345 causa
1145 3298 1318 3342 autem
1348 3284 1470 3339 illud
1504 3291 1602 3347 est,
1622 3280 1757 3349 quod
1783 3293 1884 3333 non
1904 3278 2044 3331 solus
2059 3275 2268 3329 domum

737 3384 920 3440 redeas
944 3421 959 3444 ,
988 3379 1077 3434 scd
1121 3375 1446 3430 meretricem
1479 3380 1644 3424 tecum
1695 3368 1853 3420 ducas
1895 3383 1906 3417 :
1939 3379 2040 3418 non
2065 3363 2230 3431 palam
2250 3401 2264 3426 ,

737 3490 836 3531 non
877 3479 1095 3541 aperte;
1127 3468 1176 3519 id
1224 3465 1361 3534 quod
1409 3475 1534 3514 sane
1581 3457 1899 3511 tolerabilius
1941 3463 2114 3515 esset;
2149 3467 2268 3504 nam

734 3578 862 3616 uxor
891 3561 1026 3614 illam
1047 3558 1149 3611 cito
1165 3553 1448 3622 depelleret
1474 3567 1485 3602 :
1517 3547 1607 3602 sed
1631 3547 1680 3599 in
1707 3546 1897 3607 animo,
1925 3544 1974 3594 in
1997 3541 2267 3595 conscien—

731 3655 800 3706 tia
820 3649 1149 3709 insidentem,
1176 3653 1228 3698 et
1253 3631 1620 3708 Babylonicam
1646 3635 1905 3687 flammam
1935 3632 2070 3683 intus
2089 3645 2270 3683 accen-

731 3740 975 3800 dentcm;
1016 3736 1120 3788 imo
1160 3732 1451 3800 graviorem
1481 3743 1492 3777 :
1527 3740 1627 3777 non
1663 3723 1803 3776 enim
1831 3730 2012 3788 stnpa,
2043 3718 2268 3785 naphtha

730 3840 781 3882 et
807 3828 913 3897 pix,
943 3824 1033 3877 sed
1063 3835 1178 3889 qua:
1206 3831 1362 3885 supra
1389 3813 1633 3874 diximus,
1658 3824 1774 3865 esca
1806 3808 1944 3861 illius
1972 3807 2104 3876 ignis
2125 3814 2265 3868 sunt,

730 3926 784 3970 ct
809 3893 981 3968 omnia
1007 3923 1096 3963 sus
1125 3908 1292 3975 deque
1317 3909 1545 3957 vertunt.
1569 3904 1642 3952 Ac
1667 3895 2099 3966 quemadmodum
2131 3893 2162 3946 ii
2184 3894 2266 3961 qui

731 4006 860 4060 febri
887 4003 1144 4065 laborant,
1171 3997 1268 4051 etsi
1291 3995 1484 4048 nullam
1508 4005 1596 4044 eos
1617 3989 1701 4058 qui
1729 3989 1827 4041 sibi
1853 3987 2153 4040 ministrant
2171 3984 2271 4036 cri-

732 4092 960 4150 minandi
1001 4102 1210 4144 causam
1259 4085 1519 4145 babcant,
1551 4080 1617 4133 ob
1657 4075 1821 4130 morbi
1849 4076 1952 4127 vim
1992 4074 2270 4141 importuni

733 4182 976 4236 omnibus
1003 4184 1124 4229 sunt
1149 4216 1161 4235 ,
1191 4172 1434 4225 alimenta
1457 4166 1738 4234 repellunt,
1765 4163 1995 4216 medicos
2027 4160 2160 4214 male
2181 4174 2268 4212 ac-

734 4271 934 4341 cipiunt
962 4265 1063 4336 (d),
1096 4259 1429 4314 familiaribus
1471 4257 1797 4315 irascuntur,
1840 4258 2017 4304 contra
2053 4247 2271 4300 famulos

733 4339 878 4418 rabie
908 4359 1178 4412 feruntur:
1209 4349 1284 4404 sic
1312 4346 1399 4416 qui
1440 4345 1538 4399 hoc
1580 4341 1723 4410 gravi
1765 4339 1948 4392 morbo
1985 4343 2224 4390 tenentur
2251 4372 2268 4396 ,

732 4445 955 4515 inquieti
978 4455 1120 4503 sunt,
1157 4439 1519 4507 indignantur,
1550 4444 1761 4497 semper
1787 4428 1926 4480 illam
1962 4439 2071 4494 prae
2099 4420 2268 4475 oculis

734 4514 1009 4592 habentes.
1052 4529 1094 4582 Ο
1135 4543 1220 4581 res
1262 4522 1683 4593 indignissimasl
1725 4517 1924 4583 Lupus,
1965 4514 2068 4576 leo,
2116 4519 2271 4563 cate-

735 4639 914 4693 rmque
957 4622 1082 4675 ferae
1126 4616 1328 4685 sagittis
1371 4611 1623 4680 impetitae
1671 4606 1880 4675 fugiunt
1927 4609 2267 4654 venatorem:

738 4719 899 4770 homo
919 4720 1093 4764 autem
1117 4705 1323 4758 ratione
1345 4699 1619 4770 praeditus,
1653 4694 1979 4753 vulneratus,
2016 4702 2131 4740 eam
2156 4701 2273 4753 qua:

739 4806 910 4871 ipsum
936 4793 1229 4851 vulneravit
1247 4789 1502 4856 sequitur,
1527 4786 1597 4836 ita
1619 4792 1679 4835 ut
1707 4781 1860 4847 longe
1881 4775 2090 4871 gravius
2115 4773 2275 4871 telum

741 4862 983 4957 excipiat,
1014 4894 1066 4937 ct
1088 4883 1139 4934 in
1163 4881 1380 4934 vulnere
1410 4875 1509 4930 sibi
1536 4874 1767 4942 placeat;
1789 4866 1928 4934 quod
1944 4873 2024 4957 est
2042 4862 2276 4957 omnium

743 4948 1161 5033 acerbissimum,
1187 4967 1538 5031 morbumque
1563 4956 1908 5012 insanabilem
1940 4949 2117 5004 efﬁcit.
2147 4948 2276 5000 Nam

797 5130 872 5187 ta)
907 5126 959 5172 In
980 5118 1156 5176 Graeco,
1180 5129 1321 5177 my,
1342 5115 1430 5160 hoc
1453 5117 1544 5165 est,
1571 5102 1874 5153 meretricem.
1897 5099 1976 5165 Sic
2014 5095 2274 5166 theatrales

1076 5180 1105 5187 --
1142 5186 1147 5187 γ
1181 5175 1224 5187 η·
1380 5177 1531 5187 nu---
1570 5173 1669 5187 ειη..
1716 5162 1843 5187 ..υΑη
1867 5163 2015 5187 ρηηυο
2039 5169 2049 5180 .
2074 5157 2118 5187 ,τι
2145 5169 2270 5187 οηηη

738 5157 1550 5249 regitiaéifip‘é'iiii‘(inigenium:
1570 5173 1694 5220 Mox,
1716 5162 1843 5209 nudo
1865 5157 2049 5219 capite;
2074 5157 2120 5204 id
2145 5157 2271 5203 enim

736 5237 843 5297 oliui
868 5237 1137 5292 indecorum
1153 5237 1432 5284 habebatur.
1621 5296 1625 5297 γ
1915 5272 2107 5297 Auum“.

799 5276 1388 5366 ratiraeesi'aszn
1410 5276 2153 5366 δέτςετκιεξιυείιῃιίξςηςξεειέιυεαι

799 5307 848 5366 (b
897 5307 948 5352 in
969 5308 1142 5353 Bucco,
1166 5308 1186 5345 ὀ
1208 5307 1350 5356 ῥυθμὸς,
1365 5307 1388 5349 ἠ
1410 5307 1593 5347 διάκρισις.
1615 5307 1874 5351 ζιιυιιιυιιω,
1907 5307 2051 5346 etcum

737 5307 1296 5426 rltythntusintelligatur
1318 5353 1379 5426 de
1404 5354 1562 5426 cantu.
1586 5338 2056 5426 sqvendensa'ltnattpﬂi

1411 5394 1587 5468 Imma,
1618 5403 1732 5449 licet
1767 5400 1908 5445 etiam
1950 5394 2271 5452 interpretari,

739 5484 1446 5606 "ﬁgiiiﬂﬁﬂimmn,
1472 5537 1578 5588 qua:
1623 5533 1718 5570 vox
1759 5516 1932 5566 melius
1967 5511 2270 5565 redderetur,

741 5595 973 5662 accusant,
992 5595 1352 5662 reprehendunt.

1383 352 1436 406 S.
1476 351 1745 408 JOANNIS
1781 353 2237 412 CHRYSOSTOMI
2275 355 2583 412 ARClllEP.
2621 357 3136 417 CONSTANTINOP.

3799 363 3912 418 268

2373 468 2460 536 qui
2489 467 2638 521 ulcus
2657 483 2757 521 non
2788 469 2896 522 odit
2919 510 2933 534 ,
2959 485 3126 536 neque
3148 469 3212 522 ab
3235 483 3298 523 eo
3329 467 3530 522 liberari
3560 469 3705 534 cupit
3724 508 3737 529 ,
3768 480 3903 532 quu-

2366 556 2520 609 modo
2556 557 2808 611 medicum
2837 557 3077 626 quzcrat?
3114 557 3231 612 Ideo
3268 558 3445 611 dolore
3488 555 3687 608 afficior
3720 593 3737 620 ,
3785 555 3906 607 ideo

2366 644 2649 697 discrucior
2668 685 2681 706 ,
2713 646 2831 712 quia
2862 653 3000 699 tanta
3037 654 3244 713 accepta
3275 647 3500 713 pernicie
3527 645 3654 698 inde
3677 644 3908 698 discedi-

2369 734 2432 784 tis
2455 771 2467 794 ,
2499 743 2550 784 et
2573 741 2782 798 propter
2806 734 3040 800 exiguam
3068 734 3379 800 voluptatem
3411 741 3722 802 perpetuum
3754 730 3909 784 fertis

2366 819 2618 872 dolorem.
2651 820 2854 872 Etenim
2893 831 3012 873 ante
3056 822 3342 889 gehennam
3385 829 3437 873 et
3463 821 3778 890 supplicium
3821 819 3909 871 hic

2367 913 2624 959 extremas
2660 922 2687 958 a
2713 907 2855 960 vobis
2883 922 3060 973 pinnas
3085 909 3380 975 exposcitis.
3409 910 3595 960 Annon
3642 908 3746 960 hoc
3767 947 3784 971 ,
3819 907 3908 959 die

2368 993 2514 1056 mihi,
2544 1005 2832 1046 extremum
2862 995 3167 1062 supplicium
3195 1006 3291 1059 est,
3327 997 3478 1048 talem
3518 995 3909 1065 concupiscen-

2371 1083 2492 1134 tiam
2516 1083 2674 1147 alere,
2705 1095 2951 1151 perpetuo
2974 1085 3050 1136 uri
3075 1124 3088 1147 ,
3117 1093 3169 1137 et
3199 1085 3459 1138 fornacem
3496 1085 3708 1138 absurdi
3751 1099 3904 1136 amo-

2367 1171 2438 1224 ris
2467 1170 2659 1237 ubique
2701 1171 3036 1224 circumferre
3055 1211 3068 1232 ,
3099 1186 3296 1225 necnon
3322 1173 3658 1226 conscientia:
3689 1187 3911 1225 accusa-

2367 1258 2602 1312 tionem?
2654 1259 2922 1324 Quomodo
2961 1259 3023 1313 ad
3073 1259 3245 1312 limina
3299 1260 3382 1312 illa
3435 1274 3579 1314 sacra
3644 1259 3910 1313 accedes?

2367 1347 2625 1413 quomodo
2653 1355 2829 1415 tanges
2871 1348 3129 1401 cmlestem
3177 1352 3448 1401 mensam?
3474 1346 3763 1412 Quomodo‘
3796 1362 3911 1399 ser-

2369 1449 2549 1488 mones
2575 1434 2640 1488 de
2668 1435 2983 1488 continentia
3027 1437 3294 1489 auditurus
3318 1451 3393 1498 es,
3423 1437 3688 1488 ulceribus
3718 1437 3911 1502 plenus

2369 1525 2625 1592 tantisque
2653 1524 2970 1588 vulneribus,
2992 1527 3324 1590 animumque
3350 1525 3544 1578 habens
3568 1525 3691 1577 huic
3717 1525 3910 1578 morbo

2367 1611 2717 1666 servientem?
2737 1611 2930 1680 Ecquid
2956 1626 3085 1678 epus
3110 1621 3187 1664 est
3212 1612 3307 1664 alia
3340 1612 3554 1664 dicere?
3585 1611 3666 1664 Ex
3698 1611 3764 1663 iis
3789 1625 3910 1677 qua:

2368 1717 2504 1756 nunc
2530 1701 2665 1770 apud
2707 1717 2801 1756 nos
2831 1711 3049 1771 aguntur
3085 1701 3204 1754 licet
3243 1701 3399 1753 animi
3437 1699 3672 1752 dolorem
3702 1699 3912 1766 perspi-

2367 1807 2504 1847 cere.
2533 1791 2645 1846 Jam
2675 1791 2813 1845 enim
2834 1790 2980 1844 video
3000 1788 3271 1858 quosdam,
3291 1789 3378 1855 qui
3405 1787 3524 1839 dum
3554 1785 3667 1839 hare
3697 1787 3908 1853 loquor,

2368 1880 2563 1934 frontes
2593 1881 2686 1934 sibi
2715 1880 3024 1947 percutiunt,
3052 1879 3367 1946 multamque
3394 1877 3537 1930 vobis
3559 1877 3784 1944 gratiam
3817 1875 3912 1926 ha-

2368 1970 2485 2031 beo,
2516 1968 2650 2036 quod
2673 1968 2892 2035 populus
2919 1967 3030 2020 sitis
3054 1967 3500 2020 commiseratione
3526 1965 3733 2032 plenus.
3775 1964 3911 2016 Puto

2368 2067 2540 2113 autem
2565 2058 2757 2110 multos
2785 2057 3004 2110 fortasse
3033 2070 3209 2110 eorum
3241 2055 3327 2122 qui
3358 2054 3484 2107 nihil
3530 2060 3826 2120 peccarunl
3856 2052 3907 2104 id

2367 2161 2538 2216 agere,
2558 2147 2792 2200 dolentes
2819 2145 2883 2199 de
2903 2143 3115 2198 fratrum
3149 2144 3462 2197 vulneribus.
3496 2142 3781 2208 PrOpterea
3810 2141 3910 2192 do-

2369 2239 2450 2293 leo
2475 2247 2527 2290 et
2551 2238 2857 2299 discrucior,
2889 2235 3024 2303 quod
3067 2235 3216 2288 talem
3267 2247 3471 2300 gregem
3501 2230 3740 2284 diabolus
3789 2245 3912 2296 pes-

2370 2328 2593 2382 snmdet.
2645 2326 2831 2385 Verum
2860 2325 2900 2376 si
2930 2323 3210 2381 volueritis,
3241 2323 3345 2373 cito
3386 2320 3459 2371 illi
3499 2322 3793 2385 ingressum
3819 2319 3916 2367 ob-

2370 2423 2645 2468 struemus.
2671 2410 2941 2478 Quomodo
2964 2421 3015 2464 et
3038 2425 3135 2478 qua
3162 2409 3396 2460 ratione?
3424 2406 3478 2460 Si
3502 2407 3740 2460 infirmos
3775 2405 3915 2458 bona

2372 2501 2665 2556 valetudine
2690 2515 2806 2554 esse
2833 2499 3134 2552 videamus:
3166 2499 3207 2551 si
3246 2498 3498 2550 doctrina:
3539 2496 3668 2548 retia
3700 2509 3916 2562 expan-

2371 2590 2552 2643 dentes
2599 2589 2972 2641 circumeamus
3015 2586 3283 2652 quaesitum
3311 2597 3403 2636 eos
3442 2584 3533 2649 qui
3557 2597 3585 2632 a
3616 2580 3745 2634 feris
3771 2581 3917 2648 capti

2371 2688 2510 2741 sunt,
2542 2686 2593 2730 et
2614 2691 2673 2729 ex
2706 2675 2826 2743 ipsis
2855 2674 3021 2727 leonis
3042 2672 3272 2725 faucibus
3296 2685 3389 2725 eos
3414 2669 3802 2723 abstrahamus.
3840 2669 3918 2722 Ne

2372 2765 2497 2818 mihi
2518 2764 2661 2817 dicas
2690 2780 2701 2814 :
2745 2762 2902 2816 Pauci
2951 2769 3071 2815 sunt
3120 2761 3153 2812 ii
3195 2761 3280 2827 qui
3310 2774 3338 2811 a
3372 2771 3532 2826 grege
3558 2765 3682 2809 sunt
3716 2759 3914 2810 avulsi.

2374 2855 2587 2908 Etiamsi
2613 2853 2790 2905 decem
2821 2859 3015 2904 tantum
3045 2847 3265 2910 fuerint,
3291 2861 3392 2899 non
3425 2858 3639 2913 parvum
3673 2845 3798 2896 hinc
3824 2844 3922 2896 de-

2374 2942 2670 2994 trimentum
2705 2956 2716 2991 :
2748 2937 2952 2990 etiamsi
3002 2937 3247 3003 quinque,
3298 2933 3380 2987 vel
3428 2932 3565 2995 duo,
3614 2934 3699 2986 vel
3755 2949 3916 2985 ttnus.

2372 3026 2798 3095 Quandoquidem
2823 3027 2978 3079 etiam
3009 3031 3182 3090 pastor
3211 3022 3295 3074 ille
3314 3060 3328 3084 ,
3363 3020 3478 3072 ideo
3515 3020 3718 3072 relictis
3747 3034 3920 3071 nona-

2372 3119 2512 3186 ginta
2534 3129 2718 3168 novem
2739 3112 2942 3175 ovibus,
2964 3111 3028 3163 ad
3054 3125 3203 3162 unam
3230 3109 3477 3171 cucurrit,
3509 3122 3606 3160 nec
3635 3107 3791 3164 rediit
3817 3106 3922 3159 do-

2374 3221 2469 3260 nec
2497 3206 2632 3259 illam
2661 3202 2964 3264 reduceret,
2996 3207 3048 3253 et
3077 3196 3451 3252 claudicantem
3483 3205 3698 3248 centum
3729 3195 3918 3247 ovium

2376 3307 2645 3348 numerum
2667 3330 2680 3354 ,
2713 3303 2807 3358 per
2853 3286 3227 3340 restitutionem
3277 3285 3390 3351 ejus
3411 3322 3425 3346 ,
3453 3297 3570 3350 qua:
3600 3294 3882 3337 erraverat
3906 3325 3922 3348 ,

2373 3379 2656 3449 complevit
2682 3378 2699 3445 (
2731 3376 2909 3428 Matth.
2950 3374 3032 3428 18.
3065 3372 3130 3426 12
3161 3372 3197 3440 ).
3231 3371 3306 3425 Ne
3331 3371 3492 3435 dicas,
3523 3385 3684 3423 unum
3716 3381 3925 3424 tantum

2375 3485 2490 3525 esse
2523 3487 2549 3520 εκ
2575 3468 2668 3522 sed
2692 3466 2857 3534 cogita
2878 3503 2891 3526 ,
2919 3477 3037 3517 esse
3062 3462 3309 3525 animam,
3352 3468 3568 3527 propter
3597 3475 3760 3526 quam
3791 3461 3925 3514 visi-

2375 3561 2496 3613 bilia
2528 3558 2698 3611 omnia
2746 3555 2878 3607 facta
2924 3561 3076 3615 sunt;
3107 3559 3318 3618 propter
3338 3563 3491 3616 quam
3520 3548 3686 3616 leges,
3717 3549 3930 3616 suppli.

2373 3651 2473 3715 cia,
2497 3656 2685 3701 statuta
2713 3651 3057 3708 sexcentaque
3086 3638 3327 3692 miracula
3351 3645 3567 3704 patrata,
3589 3636 3931 3705 diversmque

2375 3739 2464 3792 Dei
2487 3734 2851 3805 operationes;
2894 3738 3104 3798 propter
3146 3739 3299 3793 quam
3351 3738 3449 3777 nec
3488 3721 3775 3790 Unigenito
3814 3735 3928 3777 ‘suo

2375 3827 2629 3898 pepercit.
2659 3823 2836 3890 Cogita
2864 3828 3111 3888 quantum
3161 3829 3256 3881 pro
3287 3827 3389 3866 uno
3417 3812 3485 3864 sit
3512 3811 3745 3879 pretium
3774 3811 3928 3864 solu-

2377 3928 2502 3981 tum,
2526 3929 2587 3968 ac
2615 3927 2678 3967 ne
2705 3906 3047 3981 parvipendas
3082 3906 3194 3971 ejus
3219 3903 3435 3955 salutem
3462 3939 3476 3964 ,
3514 3898 3605 3952 sed
3637 3899 3929 3953 discedens

2375 4005 2525 4059 nobis
2563 4001 2721 4055 reduc
2746 3997 2909 4060 illum,
2942 3992 3102 4046 suade
3129 3989 3202 4044 illi
3244 4003 3310 4042 ne
3339 3987 3390 4040 in
3420 3985 3562 4053 paria
3595 3985 3844 4050 incidat,
3872 3995 3927 4040 e:

2373 4093 2715 4150 sufficientem
2740 4087 2989 4140 habemus
3016 4079 3388 4135 defensionem.
3421 4074 3512 4128 Sin
3541 4087 3642 4128 nec
3667 4087 3772 4127 nos
3795 4089 3926 4127 con-

2375 4181 2630 4240 sulentes,
2672 4189 2767 4228 nec
2791 4187 2884 4224 vos
2931 4169 3198 4222 hortantes
3224 4163 3376 4228 ferat,
3415 4169 3676 4230 potestate
3704 4160 3924 4214 demum

2376 4279 2489 4322 utar
2510 4281 2568 4320 ea
2592 4305 2606 4326 ,
2634 4276 2784 4330 quam
2819 4259 2956 4312 Deus
2985 4254 3134 4308 nobis
3167 4251 3312 4306 dedit
3340 4264 3443 4304 non
3483 4247 3549 4301 ad
3595 4246 3924 4302 dostruuioo

2376 4370 2518 4421 nem,
2547 4352 2636 4406 sed
2657 4349 2718 4404 ad
2748 4343 3162 4400 aedificationem.

2443 4420 2648 4496 Lildeo
2697 4433 2963 4504 prmdico,
3009 4436 3064 4482 et
3105 4424 3376 4495 perspicua
3426 4435 3556 4476 voce
3592 4420 3814 4474 clamo:
3869 4421 3926 4475 Si

2375 4532 2489 4601 quis
2517 4535 2632 4597 post
2679 4524 2812 4576 hanc
2847 4515 3260 4572 cobet-tationem
3291 4519 3446 4601 atque
3484 4508 3826 4601 doctrinam,
3859 4507 3926 4560 ad

2377 4596 2603 4688 iniquam
2633 4614 2954 4667 theatrorum
3001 4601 3285 4672 perniciem
3333 4597 3605 4659 defecerit,
3634 4611 3745 4648 non
3775 4596 3926 4648 illum

2378 4683 2508 4766 intra
2555 4708 2666 4758 lucc
2709 4707 2854 4768 septa
2894 4696 2968 4765 (a)
2998 4691 3241 4758 recipiam
3269 4727 3281 4751 ,
3313 4701 3418 4739 non
3448 4683 3837 4737 administrabo
3880 4685 3929 4738 ei

2376 4793 2640 4867 mysteria,
2666 4803 2768 4842 non
2799 4782 3090 4852 permittam
3118 4785 3172 4829 ut
3193 4787 3390 4828 sacram
3414 4784 3649 4867 mensam
3677 4771 3927 4837 attingat;

2376 4857 2466 4942 sed
2495 4872 2927 4950 quemadmodum
2955 4875 3188 4936 pastores
3216 4874 3339 4916 oves
3364 4859 3540 4912 scabie
3571 4857 3756 4926 plenas
3779 4872 3810 4909 a
3839 4873 3928 4910 sa-

2377 4977 2457 5030 nis
2495 4947 2818 5036 scquestrant
2844 4999 2860 5024 ,
2888 4973 2953 5012 ne
2991 4953 3194 5008 caeteris
3218 4949 3454 5003 morbum
3484 4947 3887 5000 communicent
3916 4963 3927 4997 :

2378 5067 2444 5117 ita
2471 5069 2523 5113 et
2546 5070 2642 5123 ego
2672 5051 2872 5104 faciam.
2907 5044 3033 5098 Nam
3051 5041 3092 5094 si
3111 5037 3370 5108 quondam
3393 5036 3638 5103 leprosus
3656 5043 3810 5087 extra
3840 5049 3930 5086 ca-

2377 5161 2482 5206 stra
2507 5146 2686 5199 sedere
2722 5137 3027 5207 jubebatur,
3060 5140 3213 5197 atque
3239 5126 3441 5180 etiamsi
3469 5139 3558 5177 rex
3589 5134 3737 5177 esset
3756 5163 3774 5187 ,
3804 5138 3928 5176 cum

2377 5237 2666 5294 diademate
2684 5226 2984 5297 ejiciebatur
3006 5237 3020 5284 ;
3046 5219 3209 5272 multo
3236 5215 3398 5282 magis
3423 5226 3518 5266 nos
3542 5226 3664 5266 eum
3690 5212 3784 5279 qui
3814 5213 3934 5264 ani-

2439 5389 2510 5444 (α)
2543 5389 2635 5428 "oc
2657 5376 2766 5444 ςιιιίε1
2790 5375 2868 5427 sit
2892 5373 2995 5444 ipse
3018 5364 3365 5444 τῐξίὶξὲἱξιῖἲῖῗίί.
3382 5359 3651 5444 ⁵]Ηὲῗέἐὶἕὲ
3677 5359 3812 5444 θῗῗῗ
3834 5359 3919 5444 ,ξξε

2377 5419 2773 5494 cuiii’in'EEciEii
2792 5419 3012 5490 sciit-um.
3038 5425 3113 5475 Vel
3135 5419 3373 5494 “bi-9P“?-
3401 5419 3810 5494 $919833)?!
3824 5431 3928 5494 9"”

2377 5487 2606 5554 intrabant
2618 5487 2774 5546 sacrae
2797 5487 2944 5541 omne:
2961 5498 3128 5537 causa:
3153 5487 3371 5545 mysteria
3392 5491 3519 5528 enim
3540 5489 3726 5525 sacram
3742 5488 3930 5526 cernam

2380 5561 2600 5624 appellat.
