4140 6314
223 369 331 423 267

226 473 527 538 συνεγένου,
551 476 641 529 καὶ
668 475 732 543 τῇ
754 478 938 544 γνώμῃ
951 490 1045 540 την
1067 472 1331 542 ἁμαρτίαν
1346 473 1597 541 εἰργάσω.
1618 470 1722 523 Καὶ
1737 469 1853 522 ούδέ

225 567 363 620 κατά
402 568 494 620 τὸν
529 570 715 639 καιρὸν
758 570 956 621 ἐκεῖνον
996 568 1170 636 μόνον,
1218 568 1349 619 ἀλλά
1390 568 1480 620 καὶ
1513 566 1605 617 τοῦ
1634 565 1853 631 θεάτρου

226 659 491 723 λυθέντος.
524 661 855 729 ἀπελθούσης
886 661 1070 727 αὐτῆς,
1099 660 1157 710 τὸ
1189 658 1397 710 εἴδωλον
1428 658 1631 724 ἐκείνης
1666 656 1857 707 ἐναπό-

231 754 400 806 κειταί
431 771 523 806 σου
548 758 610 823 τῇ
638 755 797 823 ψυχῇ,
830 754 896 805 τά
928 755 1159 823 ῥήματα,
1199 752 1263 804 τὰ
1305 754 1570 823 σχήματα,
1599 750 1663 802 τὰ
1697 749 1854 818 βλέμ-

232 863 392 916 ματα,
424 848 457 915 ή
493 848 712 916 βάδισις,
755 850 782 899 6
824 846 1049 915 ρυθμὺς,
1097 848 1128 913 ή
1162 845 1421 913 διάκρισις
1456 857 1503 909 α,
1536 846 1601 897 τά
1632 842 1761 910 μέλη
1789 842 1856 893 τὰ

228 940 475 1008 πορνικά,
517 939 609 991 καὶ
654 939 813 1007 μυρία
859 939 1140 1007 τραύματα
1175 936 1349 989 λαϐὼν
1389 937 1700 1004 ἀναχωρεῖς.
1744 935 1857 987 Ούκ

226 1035 471 1087 ἐντεῦθεν
513 1036 671 1087 οίκων
711 1033 1037 1102 άνατροπαί;
1084 1033 1183 1085 ούκ
1224 1032 1465 1084 ἐντεῦθεν
1513 1030 1857 1101 σωφροσύνης

225 1128 502 1191 ἀπώλειας
534 1129 629 1179 ούκ
662 1126 904 1178 ἐντεῦθεν
932 1128 1118 1193 γάμων
1157 1125 1465 1194 διαιρέσεις;
1495 1125 1590 1176 ούκ
1618 1123 1857 1176 ἐντεῦθεν

226 1220 448 1288 πόλεμοι
466 1220 555 1271 καὶ
573 1221 737 1288 μάχαι
752 1235 765 1282 ;
781 1220 876 1270 οὐκ
893 1217 1134 1269 ἐντεῦθεν
1150 1217 1323 1286 άηδίαι
1336 1216 1487 1283 λόγον
1501 1216 1597 1267 οὑκ
1612 1215 1822 1283 ἔχουσαι
1840 1232 1854 1278 ;

239 1315 483 1367 Ἐπειδὰν
520 1316 623 1385 γὰρ
668 1313 992 1382 ἐμπλησθεὶς
1029 1311 1228 1381 ταύτης
1256 1312 1284 1350 δ
1328 1310 1547 1380 ἀνέλθῃς
1578 1310 1858 1377 γενόμενος

226 1409 583 1476 αἰχμάλωτος,
616 1409 758 1475 καὶή
784 1407 914 1476 γυνή
948 1421 1039 1457 σου
1068 1403 1360 1472 ἀηδεστέρα
1385 1404 1647 1470 φαίνεται,
1679 1403 1768 1458 καὶ
1791 1402 1857 1454 τὰ

236 1502 412 1553 παιδία
437 1500 817 1570 φορτικώτερα,
847 1499 938 1554 καὶ
958 1502 1005 1551 of.
1024 1499 1223 1550 οἰκέται
1248 1496 1517 1565 ἐπαχθεῖς,
1549 1496 1640 1548 καὶ
1663 1498 1696 1564 ή
1718 1496 1858 1549 οἰκία

236 1595 473 1665 περιττὴ,
500 1596 592 1646 καὶ
617 1595 672 1645 αἱ
695 1592 935 1659 συνήθεις
957 1590 1225 1660 φροντίδες
1247 1590 1476 1657 ἐνοχλεῖν
1496 1588 1704 1641 δοκοῦσι
1726 1588 1858 1657 πρὸς

229 1691 320 1760 τήν
354 1689 660 1757 οἰκονομίαν
699 1686 804 1739 τῶν
848 1686 1067 1739 δεόντων
1111 1685 1462 1756 πραγμάτων,
1506 1684 1600 1737 καὶ
1635 1683 1857 1745 ἕκαστος

229 1785 464 1855 προσιὼν
491 1784 739 1853 φορτικὸς
766 1783 857 1834 καὶ
887 1782 1141 1851 ἐπαχθής.

293 1887 361 1946 τ.
384 1879 458 1930 Τὸ
492 1878 546 1929 δὲ
576 1876 762 1941 αἴτιον,
783 1876 880 1927 οὐκ
901 1876 1098 1944 ἀνέρχη
1129 1876 1283 1943 μόνος
1307 1876 1384 1936 είς
1402 1874 1497 1944 τὴν
1515 1874 1706 1936 οίκίαν,
1727 1873 1858 1925 ἀλλά

228 1972 319 2042 τὴν
347 1972 551 2041 πόρνην
574 1969 709 2037 ἔχων
737 1968 869 2037 μετὰ
896 1967 1139 2030 σεαυτοῦ,
1164 1968 1223 2019 ού
1252 1967 1496 2037 φανερῶς
1524 1966 1616 2018 καὶ
1637 1966 1805 2034 δήλως
1829 1976 1851 2004 ο

231 2065 495 2119 ἀνιοῦσαν·
529 2065 662 2133 ὅπερ
683 2059 749 2131 ἦν
780 2061 1115 2129 κουφότερον·
1150 2059 1353 2129 ταχέως
1387 2059 1491 2130 γὰρ
1520 2060 1583 2112 ἂν
1605 2059 1856 2128 ἐξήλασεν

231 2160 259 2227 ή
291 2160 447 2226 γυνή·
478 2157 610 2209 ἀλλά
632 2160 696 2225 τῇ
728 2155 932 2227 γνώμῃ,
956 2156 1048 2206 καὶ
1078 2152 1153 2222 τῷ
1182 2153 1436 2206 συνειδότι
1461 2152 1855 2221 ἐγκαθημένην,

230 2253 316 2301 καὶ
343 2250 678 2302 άνάπτουσαν
710 2248 852 2300 ἔνδον
891 2248 986 2317 τὴν
1018 2246 1354 2299 Βαϐυλωνίαν
1386 2246 1628 2314 κάμινον,
1664 2246 1857 2314 μᾶλλον

230 2345 279 2395 δὲ
303 2344 478 2411 πολλῷ
511 2342 901 2411 χαλεπωτέραν·
932 2340 991 2392 ού
1020 2339 1125 2410 γὰρ
1156 2339 1414 2393 στυππίον
1446 2340 1537 2392 καὶ
1566 2339 1738 2407 νάφθα
1766 2341 1858 2391 καὶ

232 2438 411 2499 πίσσα,
440 2436 572 2488 ἀλλὰ
599 2436 664 2487 τά
693 2436 948 2503 εἰρημένα
986 2434 1013 2472 ἀ
1038 2435 1205 2503 τροφὴ
1239 2432 1315 2502 τῷ
1346 2435 1476 2502 πυρὶ
1511 2433 1729 2499 γίνεται,
1766 2433 1857 2484 καὶ

229 2530 399 2582 πάντα
446 2529 555 2582 άνω
602 2528 694 2579 καὶ
731 2528 894 2579 κάτω.
939 2526 1044 2578 Καὶ
1093 2526 1339 2596 καθάπερ
1387 2528 1435 2577 oi
1490 2526 1856 2595 πυρέττοντες,

228 2624 374 2675 οὐδὲν
402 2623 613 2690 ἔχοντες
640 2620 882 2687 ἐγκαλεῖν
915 2621 1021 2681 τοῖς
1050 2619 1493 2687 διακονουμένοις,
1524 2618 1608 2669 διὰ
1640 2618 1735 2685 τὴν
1764 2618 1853 2669 τοῦ

226 2717 523 2784 νοσήματος
578 2713 770 2764 κακίαν
816 2712 1123 2779 δυσάρεστοι
1165 2711 1297 2780 πρὸς
1330 2711 1526 2773 πάντας
1557 2711 1676 2771 εἰσὶ,
1718 2712 1854 2763 σιτία

226 2807 652 2875 διακρουόμενοι,
683 2805 772 2858 καὶ
817 2804 1027 2874 ἰατροὺς
1076 2804 1405 2868 κακίζοντες,
1440 2804 1532 2857 καὶ
1568 2805 1698 2873 πρὸς
1734 2807 1854 2869 τοὺς

225 2902 451 2962 οἰκείους
480 2898 922 2966 ἀγανακτοῦντες,
946 2898 1035 2949 καὶ
1056 2898 1193 2950 κατὰ
1214 2897 1318 2950 τῶν
1343 2897 1718 2951 διακονούντων
1744 2897 1856 2950 λυτ-

225 2996 438 3055 τῶντες·
468 2993 607 3045 οῦτω
633 2993 695 3061 δὴ
734 2992 824 3043 καὶ
864 2993 910 3042 οἱ
950 2992 1044 3059 τὴν
1084 2990 1317 3060 χαλεπὴν
1360 2992 1507 3043 νόσον
1544 2992 1739 3059 ταύτην
1771 3009 1852 3043 νο-

225 3086 461 3146 σοῦντες,
516 3083 773 3136 ἀλλοιοῦσι
805 3094 861 3145 θ,
904 3083 1322 3151 δυσχεραίνουσι,
1373 3084 1597 3135 πάντοτε
1645 3084 1852 3152 ἐκείνην

225 3180 526 3248 βλέποντες.
578 3179 639 3228 Ὢ
692 3176 933 3246 χαλεπῶν
990 3177 1334 3246 πραγμάτων.
1387 3178 1558 3239 Λύκος
1614 3179 1710 3245 μὲν
1761 3179 1852 3230 καὶ

222 3273 374 3335 λέων,
413 3273 503 3325 καὶ
533 3273 599 3323 τά
628 3270 784 3322 λοιπὰ
816 3270 975 3338 θηρία
1000 3270 1320 3337 τοξευόμενα
1350 3270 1533 3338 φεύγει
1568 3273 1654 3322 τὸν
1686 3290 1851 3341 κυνη-

221 3370 403 3435 γέτην·
439 3366 716 3434 ἄνθρωπος
748 3366 801 3417 δὲ
847 3365 873 3415 6
922 3363 1235 3430 λογιώτατος
1274 3366 1515 3435 τρωθεὶς,
1552 3367 1853 3435 περιδιὼκει

218 3462 313 3531 τὴν
340 3460 646 3530 τρώσασαν,
674 3458 809 3509 ὥστε
861 3457 1037 3526 πολλῴ
1072 3458 1438 3529 χαλεπώτερον
1470 3459 1616 3527 βέλος
1653 3460 1851 3525 λαϐεῖν,

219 3557 310 3606 καὶ
334 3552 688 3620 ἐνηδυπαθεῖν
724 3549 798 3618 τῷ
819 3549 1103 3618 τραύματι·
1130 3550 1262 3619 ὅπερ
1292 3550 1353 3620 δὴ
1384 3550 1594 3603 πάντων
1621 3555 1732 3604 ἐστὶ
1762 3570 1852 3604 πι-

219 3646 500 3714 κρότατον,
534 3644 625 3695 καὶ
648 3642 743 3711 τὴν
781 3643 929 3695 νόσον
967 3642 1177 3695 ἀνίατον
1209 3642 1507 3711 ἐργάζεται.
1563 3646 1617 3695 '0
1647 3644 1749 3713 γάρ
1780 3647 1850 3713 μὴ

221 3739 393 3807 μισῶν
429 3737 488 3788 τὸ
515 3736 685 3797 ἕλκος,
718 3735 846 3802 μηδέ
877 3735 1247 3804 ἀπαλλαγῆναι
1274 3736 1607 3805 βουλόμενος,
1644 3737 1758 3799 πῶς
1789 3740 1852 3790 ἂν

217 3830 564 3899 ἐπιζητήσειε
590 3829 677 3880 τὸν
707 3829 881 3897 ἰατρόν
903 3845 916 3890 ;
939 3828 1036 3879 Διά
1066 3828 1234 3880 ταῦτα
1264 3829 1527 3897 ὀδυνῶμαι
1556 3830 1645 3881 καὶ
1673 3830 1851 3882 διακό-

215 3942 445 3992 πτομαι,
479 3924 558 3976 ὅτι
592 3922 852 3990 τοσαύτην
882 3922 1054 3991 λύμην
1090 3921 1465 3990 λαμϐάνοντες,
1493 3924 1694 3976 ἐκεῖθεν
1728 3942 1852 3975 κατη-

215 4020 465 4088 έρχεσθε,
493 4020 583 4071 καὶ
623 4020 707 4070 διά
740 4019 933 4087 μικρὰν
956 4017 1143 4087 ἡδονὴν
1168 4018 1378 4086 διηνεκῆ
1404 4019 1501 4087 τὴν
1524 4018 1708 4085 ὀδύνην
1732 4020 1853 4070 ὑπο-

218 4113 431 4179 μένετε.
454 4113 563 4164 Καὶ
584 4112 688 4181 γὰρ
711 4112 802 4163 καὶ
827 4111 928 4180 πρὸ
954 4110 1052 4178 τῆς
1074 4112 1288 4180 γεέννης
1311 4113 1402 4164 καὶ
1420 4112 1515 4180 τῆς
1536 4113 1801 4173 κολάσεως
1830 4113 1847 4149 ῐ

214 4201 450 4253 ἐνταῦθα
482 4200 577 4269 τὴν
607 4201 831 4268 ἐσχάτην
871 4201 1085 4261 ἐαυτοὺς
1126 4201 1397 4252 ἀπαιτεῖτε
1446 4201 1616 4269 δίκην.
1645 4204 1713 4252 Ἢ
1755 4203 1851 4253 οὐκ

213 4293 448 4361 ἐσχάτης
468 4293 749 4361 τιμωρίας,
772 4292 887 4343 είπέ
915 4309 1021 4360 μοι,
1045 4292 1329 4361 ἐπιθυμίαν
1351 4295 1596 4363 τοιαύτην
1615 4295 1849 4364 τρέφειν,

214 4391 303 4440 καὶ
335 4389 600 4459 διηνεκῶς
633 4386 1021 4455 ἐμπίπρασθαι,
1050 4387 1141 4439 καὶ
1175 4388 1395 4455 κάμινον
1423 4388 1617 4457 ἔρωτος
1651 4390 1849 4443 ἀτόπου

213 4482 488 4549 πανταχοῦ
521 4482 850 4550 περιφέρειν,
892 4482 982 4532 καὶ
1026 4482 1318 4544 συνειδότος
1348 4485 1701 4552 κατηγορίαν;
1730 4487 1849 4548 Πῶς

212 4577 313 4644 γὰρ
348 4576 589 4644 ἐπιϐήσῃ
635 4575 741 4624 τῶν
778 4572 1058 4641 προθύρων
1092 4574 1309 4625 ἐκείνων
1350 4575 1456 4625 τῶν
1488 4576 1675 4645 ίερῶνς
1700 4578 1844 4648 [276]

212 4673 321 4731 πῶς
368 4671 482 4737 ἅψῃ
511 4669 607 4735 τῆς
634 4666 877 4735 οὐρανίου
932 4666 1205 4734 τραπέζης
1238 4668 1294 4732 ⁸;
1336 4668 1451 4728 πῶς
1504 4669 1559 4719 δέ
1601 4671 1847 4735 άκούσεις

210 4764 293 4815 τὸν
324 4763 458 4831 περὶ
476 4758 821 4830 σωφροσύνης
852 4758 1028 4825 λόγον,
1066 4758 1236 4811 ἐλκῶν
1274 4759 1455 4828 γέμων
1484 4762 1574 4812 καὶ
1600 4766 1844 4832 τραυμά-

257 4890 281 4958 ,⁸
320 4892 471 4938 Forte
515 4888 592 4936 hic
614 4887 946 4948 inlelligiturﬁ
1000 4888 1224 4950 διάκρισις
1265 4891 1357 4935 τῶν
1406 4891 1628 4951 φθόγγων,
1672 4890 1844 4944 άίδίὶη-

208 4957 294 4999 am
314 4963 501 4998 vacum.

266 5010 291 5049 b
320 5010 554 5068 inlellige
576 5004 989 5068 exsuperioribus,
1012 5013 1103 5068 ri;
1115 5006 1298 5068 πόρνης.

267 5074 289 5099 ε
316 5067 606 5116 ιὶστίυσὴοο
629 5067 902 5115 adserbium
925 5067 1146 5112 occurrit.

242 5128 288 5199 ,ἆ
319 5130 561 5201 Iuleliigit
585 5127 739 5201 ea,d‘e
758 5124 927 5186 quibus
966 5128 1106 5184 paulo
1132 5131 1247 5175 ante
1286 5128 1475 5177 dixerat
1510 5131 1601 5177 ετὰ
1642 5133 1838 5194 ῥήματα,

624 5189 816 5319 gguite
835 5250 954 5319 sapt.
978 5243 1102 5313 Ergdo
1143 5244 1335 5319 ἀλύουσι
1378 5248 1571 5316 legerit,
1594 5311 1605 5319 _
1624 5251 1758 5319 qnnd_
1789 5255 1840 5297 et

206 5307 320 5354 mihi
350 5307 608 5366 probatur,
654 5306 700 5352 id
734 5310 829 5361 est,
884 5306 1162 5361 ἀστατοῦσι,
1204 5306 1527 5368 δυσφοροῦσιν,
1562 5306 1835 5369 άγὼνιῶσι,

206 5364 317 5413 Nam
352 5364 577 5411 ἀλλοιοῦν
600 5378 692 5411 non
716 5366 892 5411 dicitur
916 5363 1233 5413 ἀμεταϐάτως.

246 5382 317 5413 am
352 5373 577 5411 ἁλλοιουν
600 5378 692 5411 non
716 5373 892 5411 dicitur
916 5373 1233 5421 άμεταόατως.

260 5426 488 5531 Ῑϐαῖοτιε
515 5426 696 5480 καὶτῆς
739 5425 834 5472 ἐκεῖ
854 5423 1105 5476 κολάσεως.
1147 5422 1249 5471 Mox
1291 5426 1418 5473 enim
1462 5428 1718 5489 opponiiur
1774 5430 1837 5475 εν-

246 5503 283 5530 ιυ
348 5520 359 5529 .

204 5500 359 5530 nunc.

262 5546 285 5582 ε
314 5545 546 5603 Oetaea
571 5554 706 5603 caepa
739 5543 974 5602 loquitur;
1010 5543 1425 5603 νούράνιοςβιιίρῐη
1470 5546 1592 5594 dixit
1634 5545 1834 5593 fortasse

208 5612 262 5653 ει
282 5604 340 5652 Jo
381 5602 433 5661 6,
459 5602 516 5651 51
544 5622 555 5649 :
578 5603 607 5650 6
630 5601 851 5659 ἄρτος-ἑὸ
878 5604 929 5649 ἐκ
950 5602 1033 5649 τοῦ
1069 5601 1261 5663 ούρανοῦ
1283 5606 1499 5659 καταϐάς.

1391 359 1521 414 (ΣοΝ
1536 357 1661 412 I‘RA
1702 351 1930 410 LL'DOS
1958 352 2044 407 ET
2076 354 2414 408 THEATRA.

3449 370 3561 426 268

1955 482 2059 517 των
2094 467 2378 531 τοσούτων,
2408 467 2498 519 καὶ
2515 466 2609 533 τὴν
2633 466 2861 519 διάνοιαν
2884 465 3014 534 ἔχων
3029 464 3103 534 τῷ
3129 464 3283 517 πάθει
3305 465 3570 521 δουλεύου-

1955 578 2079 625 σαν;
2110 562 2216 615 Καὶ
2258 562 2309 613 τί
2364 563 2443 613 δεῖ
2492 562 2557 615 τὰ
2593 562 2722 616 ἄλλα
2765 562 2970 628 λέγειν;
3016 560 3144 612 ’Λπό
3172 560 3276 614 τῶν
3318 561 3410 614 νῦν
3443 564 3571 633 παρ’

1952 656 2106 724 ήμῶν
2137 657 2163 694 h
2196 656 2488 724 γινομένων
2516 655 2686 716 ἔξεστι
2717 655 2811 723 τῆς
2830 654 3061 715 διανοίας
3091 654 3212 706 ίδεῖν
3243 655 3340 721 τὴν
3364 654 3569 723 ὀδύνην.

1952 750 2063 803 Νῦν
2114 750 2240 816 γοῦν
2277 748 2384 817 ὁρῶ
2418 748 2611 817 μεταξὺ
2646 748 2749 799 τῶν
2793 748 2961 813 λόγων
3002 747 3199 799 τούτων
3250 748 3314 798 τά
3355 748 3572 816 μέτωπα

1953 844 2265 905 τύπτοντας,
2285 843 2376 894 καὶ
2402 842 2595 911 πολλὴν
2613 843 2735 910 ύμῖν
2761 841 2864 909 ἔχω
2892 842 3065 909 χάριν,
3100 842 3179 893 ὄτι
3218 842 3381 911 δῆμος
3409 842 3575 905 οὕτως

1957 939 2074 991 ἐστέ
2100 937 2477 1005 εῦσπλαγχνος.
2513 936 2663 1004 Τάχα
2691 934 2746 987 δέ
2777 931 2927 1003 οἶμαι
2967 937 2981 973 ί
3041 935 3259 996 πολλοὺς
3284 936 3387 987 τῶν
3417 936 3574 1005 μηδὲν

1956 1032 2339 1101 ἡμαρτηκότων
2365 1030 2531 1082 ταῦτα
2557 1032 2743 1091 ποιεῖν,
2762 1028 3054 1095 ἀλγοῦντας
3072 1028 3206 1096 ὑπὲρ
3226 1028 3330 1080 τῶν
3361 1029 3573 1095 ἀδελφι-

1956 1130 2063 1180 κῶν
2099 1128 2437 1195 τραυμάτων.
2468 1126 2564 1178 Διὰ
2600 1126 2752 1177 τοῦτο
2777 1125 3035 1193 ὀδυνῶμαι
3060 1126 3148 1176 καὶ
3182 1125 3461 1192 κόπτομαι,
3493 1126 3573 1176 ὅτι

1954 1223 2202 1289 τοιαύτην
2234 1223 2427 1291 ἀγέλην
2454 1225 2480 1275 ό
2502 1223 2738 1284 διάϐολος
2776 1222 3103 1291 λυμαίνεται.
3153 1222 3286 1273 Ἀλλ’
3310 1227 3355 1273 εί
3392 1215 3575 1289 βουληὲ

1958 1318 2149 1387 θείητε,
2179 1318 2381 1385 ταχέως
2417 1316 2575 1369 αὑτοῦ
2629 1315 2725 1383 τήν
2770 1316 2964 1368 εἴσοδον
3008 1314 3401 1384 άποφράξομεν.
3453 1313 3572 1376 Πῶς

1957 1415 2047 1467 καὶ
2064 1415 2163 1464 τίνι
2195 1414 2371 1480 τρόπῳ
2394 1429 2407 1475 ;
2444 1415 2503 1465 El
2528 1413 2649 1473 τοὺς
2676 1412 2956 1473 νοσοῦντας
3006 1412 3331 1478 ὑγιαίνοντας
3355 1410 3570 1477 ἴδοιμεν·

1958 1509 2003 1559 ει
2032 1507 2097 1558 τὰ
2124 1506 2307 1557 δίκτυα
2345 1507 2438 1574 τῆς
2469 1504 2803 1566 διδασκαλίας
2842 1502 3180 1564 ἀπλώσαντες
3209 1502 3571 1571 περιέλθοιμεν

1956 1599 2077 1659 τοὺς
2101 1597 2456 1666 θηριαλώτους
2489 1596 2789 1666 ζητοῦντες,
2818 1597 2909 1647 καὶ
2944 1596 3000 1660 ἐξ
3039 1596 3203 1664 αὐτῆς
3238 1594 3328 1647 τοῦ
3368 1595 3574 1656 λέοντος

1955 1692 2051 1760 τῆς
2085 1694 2356 1760 φάρυγγος
2390 1692 2581 1755 αὐτοὺς
2611 1691 3022 1759 ἐξαρπάσοιμεν.
3049 1690 3137 1758 Μὴ
3158 1690 3261 1758 γάρ
3291 1708 3376 1758 μοι
3427 1689 3568 1757 λέγε·

1962 1782 2913 1851 Ὀλίγοιείσὶνοίάποϐουκολισθέντες.
2946 1783 3059 1836 Κᾶν
3087 1783 3215 1835 δέκα
3242 1785 3392 1851 μόνον
3419 1778 3568 1843 ὦσιν,

1954 1878 2050 1946 οὐχ
2086 1880 2118 1946 ή
2148 1878 2377 1947 τυχοῦσα
2404 1879 2588 1947 ζημία·
2608 1878 2709 1930 κᾶν
2736 1877 2912 1940 πέντε,
2939 1876 3036 1928 κᾶν
3052 1876 3160 1937 δύο,
3193 1876 3292 1928 κᾶν
3313 1872 3406 1937 εἷς.
3425 1877 3574 1928 Ἐπεὶ

1956 1972 2096 2023 καὶὸ
2130 1970 2325 2040 ποιμήν
2372 1974 2569 2033 ἐκεῖνος
2623 1971 2690 2022 τὰ
2732 1973 3043 2039 ἐνενήκοντα
3099 1972 3249 2024 ἐννέα
3294 1971 3379 2022 διὰ
3418 1968 3573 2022 τοῦτο

1955 2067 2261 2121 καταλιπὼν
2282 2068 2541 2137 πρόϐατα,
2577 2070 2666 2120 ἐπὶ
2697 2068 2756 2119 τὸ
2776 2069 2832 2120 ἓν
2862 2069 3066 2139 ἔτρεχε,
3100 2070 3190 2121 καὶ
3214 2069 3311 2121 ούκ
3338 2067 3572 2136 ἐπανῆλ-

1956 2165 2044 2216 θεν
2075 2164 2176 2225 ἓως
2209 2163 2363 2215 πάλιν
2408 2164 2536 2214 αύτὸ
2579 2164 2907 2230 ἐπανήγαγε,
2961 2164 3053 2215 καὶ
3097 2163 3186 2216 τὸν
3234 2163 3337 2213 τῶν
3385 2163 3571 2215 ἑκατὸν

1955 2258 2179 2327 ἀριθμὸν
2212 2257 2509 2325 χωλεύοντα
2544 2256 2612 2309 δι’
2648 2258 2853 2309 ἐκείνου
2888 2258 2982 2326 τὴν
3024 2258 3447 2309 ἀποκατάστασιν
3477 2258 3569 2308 τοῦ

1958 2350 2310 2421 πλανηθέντος
2357 2351 2650 2418 ἐπλήρωσε.
2707 2351 2795 2417 Μὴ
2833 2350 2971 2415 λέγε,
3003 2351 3079 2401 ὅτι
3117 2345 3195 2410 εἷς
3242 2352 3403 2401 ἐστιν·
3458 2349 3570 2401 ἀλλ’

1956 2447 2217 2513 ἐννόησον,
2250 2446 2325 2496 ὅτι
2350 2445 2487 2510 ψυχή
2511 2444 2641 2503 ἐστι,
2674 2442 2739 2493 δι’
2769 2443 2832 2511 ἢν
2866 2442 2929 2494 τά
2958 2444 3202 2511 ὁρώμενα
3230 2444 3400 2495 πάντα
3426 2444 3572 2510 γέγο-

1956 2554 2059 2588 νεν·
2097 2538 2246 2604 δι’ῆν
2296 2537 2464 2603 νόμοι,
2496 2537 2587 2586 καὶ
2628 2536 2898 2604 τιμωρίαι,
2946 2537 3038 2587 καὶ
3089 2537 3350 2598 κολάσεις,
3385 2538 3475 2588 καὶ
3505 2537 3570 2589 τά

1958 2629 2123 2697 μυρία
2153 2628 2419 2695 θαύματα,
2445 2630 2535 2678 καὶ
2564 2629 2616 2678 αί
2648 2628 2876 2679 ποικίλαι
2908 2629 2996 2679 τοῦ
3025 2629 3153 2680 Θεοῦ
3186 2632 3569 2698 πραγματεῖαι·

1951 2722 2019 2775 δι’
2040 2721 2105 2791 ἣν
2133 2722 2249 2774 οὐδὲ
2279 2722 2367 2774 τοῦ
2407 2722 2735 2787 Μονογενοῦς
2769 2722 3033 2788 ἐφείσατο.
3081 2723 3352 2790 Ἐννόησον
3375 2724 3469 2791 ὅση
3496 2739 3574 2775 τι-

1955 2816 2028 2889 μή
2056 2816 2443 2886 καταϐέϐληται
2470 2817 2561 2868 καὶ
2600 2816 2733 2886 ὑπὲρ
2758 2816 2846 2867 τοῦ
2877 2816 3011 2877 ἐνὸς,
3040 2816 3220 2885 καὶμὴ
3251 2817 3572 2885 καταφρόνει

1951 2912 2046 2978 τῆς
2079 2911 2343 2979 σωτηρίας
2378 2910 2557 2971 αὑτοῦ,
2586 2910 2695 2960 ἀλλ’
2724 2909 2963 2961 ἀπελθὼν
2990 2912 3114 2977 ήμῖν
3134 2911 3459 2976 ἐπανάγαγε,
3482 2910 3571 2962 καὶ

1952 3006 2132 3054 πεῖσον
2162 3002 2349 3069 μηκέτι
2372 3004 2479 3063 τοῖς
2496 3003 2670 3062 αὐτοῖς
2703 3004 3026 3069 περιπεσεῖν,
3051 3002 3138 3053 καὶ
3165 3001 3429 3070 ἀρκοῦσαν
3455 3004 3571 3070 ἕχο-

1956 3114 2051 3164 μεν
2077 3095 2380 3162 ἀπολογίαν.
2422 3096 2483 3147 Ei
2532 3094 2583 3146 δὲ
2616 3094 2688 3163 μὴ
2717 3094 2968 3163 ἀνέχοιτο,
3012 3094 3143 3163 μηδέ
3162 3095 3312 3163 ἡμῶν
3338 3096 3570 3164 συμϐου-

1951 3188 2223 3249 λευόντων,
2257 3188 2385 3257 μηδὲ
2424 3187 2572 3255 ὑμῶν
2605 3186 3019 3255 παραινούντων,
3053 3189 3116 3255 τῇ
3144 3186 3354 3256 ἐξουσίᾳ
3373 3189 3569 3257 χρήσο-

1955 3298 2049 3351 μαι
2074 3282 2272 3343 λοιπὸν,
2381 3283 2407 3333 6
2431 3280 2559 3342 Θεὸς
2588 3282 2717 3348 ἡμῖν
2761 3280 2953 3332 ἔδωκεν
2986 3280 3080 3332 ούκ
3124 3281 3201 3342 είς
3237 3280 3567 3349 καθαίρεσιν,

1951 3376 2062 3429 ἀλλ’
2095 3379 2171 3436 είς
2200 3375 2497 3443 οἰκοδομήν.

2018 3470 2077 3520 δ’.
2103 3468 2196 3521 Διά
2218 3468 2271 3519 δέ
2290 3468 2440 3520 τοῦτο
2459 3468 2717 3537 προλέγω,
2743 3469 2832 3519 καὶ
2854 3470 3071 3537 λαμπρᾷ
3097 3469 3200 3537 βοῶ
3220 3472 3280 3537 τῇ
3307 3473 3471 3539 φωνῇ,
3489 3472 3570 3522 ὃτι

1951 3570 2002 3620 εἴ
2025 3585 2105 3629 τις
2134 3569 2267 3635 μετὰ
2288 3568 2382 3635 τὴν
2413 3567 2717 3635 παραίνεσιν
2739 3567 2934 3634 ταύτην
2978 3568 3066 3619 καὶ
3095 3566 3430 3619 διδασκαλίαν
3482 3569 3572 3620 ἐπὶ

1949 3660 2045 3729 τὴν
2064 3660 2369 3728 παράνομον
2402 3659 2504 3711 τῶν
2551 3659 2785 3727 θεάτρων
2839 3660 3221 3727 αὐτομολήσειε
3277 3659 3467 3729 λύμην,
3510 3661 3569 3711 ού

1949 3755 2163 3823 δέξομαι
2186 3754 2340 3805 αὑτὸν
2370 3753 2495 3805 εἵσω
2525 3754 2739 3804 τουτωνὶ
2772 3752 2877 3803 τῶν
2912 3752 3222 3820 περιϐόλων,
3245 3754 3303 3804 ού
3338 3752 3570 3821 μεταδώο

1952 3866 2026 3900 σω
2046 3848 2366 3915 μυστηρίων,
2396 3847 2492 3899 ούκ
2520 3848 2707 3912 ἀφήσω
2730 3846 2825 3912 τῆς
2843 3846 2988 3914 ἱερᾶς
3020 3846 3250 3913 ἅψασθαι
3281 3847 3567 3916 τραπέζης·

1948 3941 2059 3991 ἀλλ’
2098 3939 2280 4009 ῶσπερ
2310 3942 2355 3990 οἱ
2396 3939 2643 4006 ποιμένες
2677 3940 2743 3990 τά
2776 3938 2958 4008 ψώρας
2988 3939 3406 4009 ἐμπεπλησμένα
3451 3943 3573 4011 πρό-

1950 4035 2085 4085 ϐατα
2112 4033 2217 4084 τῶν
2249 4034 2587 4099 ὑγιαινόντων
2617 4034 2979 4103 ἀπείργουσιν,
3022 4034 3155 4085 ὥστε
3205 4036 3275 4103 μὴ
3320 4037 3571 4102 μεταδοῦ-

1949 4144 2033 4177 ναι
2056 4129 2165 4187 τοῖς
2194 4126 2392 4187 λοιποῖς
2424 4128 2517 4193 τῆς
2550 4127 2721 4177 νόσου·
2768 4125 2904 4177 οὕτω
2958 4127 3019 4195 δὴ
3060 4127 3354 4194 ἐργάσομαι
3394 4127 3566 4193 κάγώ.

1949 4222 2010 4273 Et
2040 4221 2143 4288 γάρ
2170 4221 2227 4271 τὸ
2260 4220 2479 4272 παλαιὸν
2524 4220 2550 4269 6
2582 4220 2773 4287 λεπρὸς
2831 4219 2931 4280 ἔξω
2959 4220 3054 4285 τῆς
3092 4220 3431 4288 παρεμϐολῆς
3457 4223 3570 4273 ὲκε-

1950 4315 2131 4365 λεύετο
2157 4313 2402 4381 καθῆναι,
2440 4313 2540 4364 κᾶν
2577 4312 2820 4376 βασιλεὺς
2850 4308 2935 4378 ἦν,
2968 4311 3274 4375 ἐξεϐάλλετο
3304 4316 3436 4382 μετὰ
3473 4316 3566 4368 τοῦ

1947 4409 2285 4477 διαδήματος,
2308 4405 2480 4471 πολλῷ
2501 4404 2692 4471 μᾶλλον
2712 4406 2865 4471 ἡμεῖς
2890 4405 2975 4456 τὸν
3002 4408 3096 4474 τὴν
3123 4406 3294 4475 ψυχὴν
3321 4409 3567 4481 λεπροῦνι

1945 4522 2012 4556 τα
2045 4504 2058 4551 i
2102 4502 2296 4568 ταύτης
2323 4497 2646 4564 ἐκϐαλοῦμεν
2671 4499 2763 4566 τῆς
2802 4500 2947 4567 ἱερᾶς
2980 4502 3565 4575 παρεμβολῆςονοσπερ

1945 4599 2049 4665 γὰρ
2086 4596 2180 4663 τὴν
2221 4592 2389 4660 ἀρχὴν
2440 4590 2749 4659 παραινέσει
2800 4594 2892 4643 καὶ
2947 4596 3179 4665 συμϐολῇ
3232 4600 3563 4670 ἐχρησάμην,

1942 4693 2080 4744 οὕτω
2108 4689 2198 4741 καὶ
2232 4686 2323 4738 νῦν
2365 4684 2497 4752 μετὰ
2546 4686 2805 4755 τοσαύτην
2842 4689 3153 4757 παραίνεσιν
3201 4695 3292 4744 καὶ
3319 4693 3564 4745 διδασκα-

1942 4786 2059 4836 λίαν
2108 4782 2314 4847 ἀνάγκη
2364 4779 2541 4829 λοιπδν
2596 4780 2685 4830 καὶ
2725 4781 2890 4850 τομὴν
2939 4784 3247 4851 ἐπαγαγεῖν.
3308 4789 3413 4839 Καὶ
3456 4788 3563 4857 γάρ

1942 4877 2176 4931 ἐνιαυτὸν
2221 4875 2324 4943 ἔχω
2364 4874 2543 4925 λοιπὸν
2575 4875 2668 4943 τῆς
2700 4875 2901 4939 πόλεως
2933 4879 3121 4941 ἐπιϐάς
3151 4880 3246 4947 τῆς
3277 4882 3560 4950 ὑμετέρας,

1940 4974 2030 5025 καὶ
2066 4972 2124 5023 ού
2160 4970 2389 5022 διέλιπον
2423 4968 2671 5029 πολλάκις
2698 4971 2786 5021 καὶ
2816 4973 3045 5041 συνεχῶς
3070 4974 3235 5027 ταῦτα
3271 4977 3395 5040 ύμῖν
3427 4995 3561 5046 παρα

1940 5067 2119 5120 αινῶν.
2148 5064 2292 5135 [277]
2334 5064 2478 5115 Ἐπεὶ
2513 5059 2602 5113 οὖν
2642 5065 2991 5133 ἐναπέμεινάν
3026 5086 3163 5130 τινες
3194 5073 3257 5138 τῇ
3294 5072 3555 5136 σηπεδόνι,

1998 5191 2213 5254 ζιῐῗοτίθ,
2271 5191 2384 5254 παρ’.
2419 5190 2563 5245 ὑμῶν.
2630 5189 2889 5254 Autiilores
2950 5196 3075 5240 enim
3115 5194 3559 5254 fronlesrmanibus

1936 5252 2227 5322 pulsabant".
2262 5251 2386 5320 quod
2415 5256 2489 5296 est
2550 5251 2918 5309 paenitentium;
2984 5262 3081 5313 aut,
3105 5256 3212 5314 παρ’
3244 5253 3369 5313 ἡμῖν,
3416 5260 3559 5306 nimi-

1935 5311 2108 5358 i‘umin
2132 5311 2351 5358 ecclesia.
3069 5311 3074 5313 -
3176 5311 3183 5314 -
3281 5311 3287 5313 -

1936 5430 1945 5431 7
2000 5371 2215 5429 ίΤάχα,
2258 5370 2320 5431 ita
2383 5368 2882 5431 poll_ocatum,r!ocum
2948 5371 3127 5419 habere
3187 5374 3368 5431 nequit.
3413 5376 3559 5426 Forte

1934 5426 2193 5493 legendum
2212 5426 2426 5493 thIg-E‘e
2440 5426 2587 5493 οἶμαι,
2613 5430 2807 5493 exciu<o
2831 5434 3045 5493 proximo
3067 5431 3227 5478 ταῦτα.

2002 5487 2015 5537 1
2046 5489 2187 5551 A_pu«i_
2244 5487 2367 5551 LXX
2403 5487 2643 5551 reperitur
2676 5487 2890 5551 Λλεπρᾷῳ
2938 5497 2987 5536 et
3011 5492 3208 5551 λεπρόω.
3257 5493 3560 5543 Ιηιτηηςίιίνθ

1936 5556 2013 5617 est
2056 5546 2349 5617 Είχοτίηιλξ,
2395 5548 2512 5617 χεὶρὶ
2542 5546 3108 5617 ’λεπρῶσαίιΊῚ-ςιηςίιίνέ
3158 5552 3302 5602 habet
3356 5557 3555 5617 (ξι-θεοῖ.

1946 5608 2050 5656 Naz.
2074 5622 2118 5667 p.
2148 5608 2223 5654 171
2257 5627 2267 5653 :
2295 5607 2425 5660 οὗτος
2440 5606 2516 5651 καὶ
2540 5608 2730 5667 Μαοιαμ
2752 5609 2997 5670 ἐλέτιρωσε.
