4140 6314
624 353 736 410 269

613 456 743 524 φέρε
766 453 943 507 λοιπὸν
970 455 1064 521 τὴν
1083 452 1248 521 τομὴν
1270 451 1644 518 ἐπαγάγωμεν.
1676 449 1737 499 Εἰ
1769 447 1873 516 γὰρ
1897 446 1969 516 μὴ
1995 445 2226 513 σιδήριον

613 541 739 609 ἔχω,
766 539 876 591 ἀλλ’
903 539 1008 607 ἔχω
1037 537 1191 603 λόγον
1221 535 1435 603 σιδήρου
1461 533 1779 602 τομώτερον·
1817 533 1864 581 εί
1897 530 1988 581 καὶ
2012 530 2082 597 μὴ
2120 527 2229 595 πῦρ

615 626 880 693 βαστάζω,
911 624 1021 675 ἀλλ’
1049 622 1162 673 ἐστι
1219 638 1305 689 μοι
1359 617 1666 671 διδασκαλία
1714 615 1881 683 πυρὸς
1912 613 2227 682 θερμοτέρα,

612 711 958 778 εὐτονώτερον
983 707 1243 777 δυναμένη
1273 707 1460 759 καίειν.

679 796 767 863 Μὴ
806 791 897 846 οῦν
935 793 1254 861 καταφρόνει
1300 794 1394 854 τῆς
1436 787 1752 854 ἀποφάσεως
1804 784 1899 852 τῆς
1940 779 2224 851 ἡμετέρας.

611 880 671 931 Εἰ
693 880 798 947 γάρ
825 877 1052 938 εὐτελεῖς
1088 879 1242 945 ἡμεῖς
1279 875 1370 926 καὶ
1416 872 1612 939 σφόδρα
1642 868 1909 936 οίκτροὶιι,
1941 865 2049 916 ἀλλ’
2086 865 2229 930 ὅμως

613 962 1034 1031 ἐνεχειρίσθημεν
1062 961 1214 1024 ἀξίαν
1254 958 1399 1026 παρά
1427 956 1523 1024 τῆς
1562 952 1654 1005 τοῦ
1700 951 1830 1004 Θεοῦ
1872 951 2086 1019 χάριτος
2133 948 2228 1014 τὴν

611 1049 906 1115 δυναμένην
928 1045 1094 1097 ταῦτα
1120 1042 1456 1114 ἐργάξεσθαι.
1498 1037 1958 1091 Ἐκϐαλλέσθωσαν
1991 1035 2160 1086 τοίνυν
2181 1034 2228 1082 οῖ

611 1129 854 1188 τοιοῦτοι,
877 1130 960 1180 ῖνα
984 1128 1110 1178 οἵτε
1149 1127 1470 1192 ὑγιαίνοντες
1499 1125 1625 1192 ἡμῖν
1654 1121 1994 1188 ὑγιεινότεροι
2035 1117 2230 1183 γένωνο

609 1229 717 1275 ται,
735 1213 848 1263 οἵτε
865 1212 1132 1271 νοσοῦντες
1152 1210 1546 1276 ἀνακτήσωνται
1568 1206 1783 1265 ἑαυτοὺς
1803 1207 1864 1255 ἐκ
1880 1204 1972 1270 τῆς
1994 1200 2230 1270 χαλεπῆς

611 1297 933 1367 ἀρρωστίας.
965 1295 1024 1346 Εἰ
1053 1294 1105 1345 δὲ
1133 1293 1382 1361 ἐφρίξατε
1414 1290 1613 1357 ταύτην
1631 1287 1948 1346 ἀκούσαντες
1975 1285 2068 1352 τὴν
2101 1283 2231 1367 ἀπό-

613 1366 771 1448 φασιν
801 1381 914 1446 (καὶ
941 1379 1044 1446 γὰρ
1059 1376 1166 1445 ὁρῶ
1193 1376 1395 1436 πάντας
1415 1372 1797 1440 στυγνάζοντας
1828 1369 1920 1420 καὶ
1955 1366 2230 1418 συνεσταλ-

617 1465 805 1533 μένους
839 1463 1038 1527 ὄντας),
1087 1457 1614 1529 μεταϐαλλέσθωσαν,
1660 1459 1752 1509 καὶ
1792 1455 2000 1505 λέλυται
2032 1452 2099 1502 τά
2137 1451 2232 1517 τῆς

611 1548 949 1614 ἀποφάσεως.
983 1547 1186 1612 ’Ὥσπερ
1215 1545 1317 1611 γὰρ
1335 1544 1571 1608 ἐξουσίαν
1588 1541 1844 1606 ἐλάϐομεν
1871 1539 2043 1606 δῆσαι,
2063 1535 2230 1594 οὕτως

613 1635 705 1686 καὶ
738 1632 910 1692 λῦσαι,
936 1633 1026 1682 καὶ
1055 1631 1210 1682 πάλιν
1245 1631 1533 1696 ἐπαγαγεῖν
1581 1628 1629 1680 δ.
1674 1625 1744 1678 Οὐ
1786 1624 1891 1691 γὰρ
1920 1623 2040 1682 τοὺς
2081 1616 2231 1670 ἀδελ-

613 1719 744 1785 φοὺς
781 1716 932 1786 ήμῶν
965 1715 1230 1781 ἀποκόψαι
1280 1711 1589 1782 βουλόμεθα,
1635 1709 1764 1761 ἀλλά
1798 1708 1856 1758 τὺ
1894 1705 2087 1765 ὄνειδος
2133 1702 2229 1768 τῆς

626 1801 941 1870 Ἐκκλησίας
973 1798 1424 1866 ἀποκρούσασθαι.
1452 1795 1564 1847 Νῦν
1607 1795 1701 1861 μὲν
1733 1792 1838 1860 γάρ
1867 1791 1957 1842 καὶ
1980 1787 2230 1854 Ἕλληνες

612 1888 766 1958 ἡμῶν
817 1883 1284 1950 καταγελάσονται,
1350 1882 1440 1932 καὶ
1503 1878 1736 1931 Ἰουδαῖοι
1786 1873 2226 1940 κωμῳδήσουσιν,

611 1953 734 2023 ὅταν
754 1968 1150 2038 ἁμαρτάνοντας
1185 1966 1400 2026 ἐαυτοῦς
1430 1963 1596 2022 οὕτως
1631 1958 1982 2028 περιορῶμεν.
2023 1955 2150 2004 Τότε
2177 1953 2229 2003 δὲ

613 2057 706 2106 καὶ
737 2057 930 2106 ἐκεῖνοι
962 2051 1157 2120 σφόδρα
1187 2051 1328 2118 ἡμᾶς
1362 2049 1715 2105 ἐπαινέσουσι,
1759 2045 1848 2094 καὶ
1874 2041 2230 2109 θαυμάσονται

613 2140 710 2208 τὴν
759 2137 1096 2204 Ἐκκλησίαν,
1131 2136 1236 2188 τῶν
1283 2138 1410 2203 παρ’
1459 2136 1584 2202 ἡμῖν
1632 2130 1954 2189 αἰδεσθέντες
1985 2127 2158 2192 νόμων
2182 2135 2226 2174 θ.

612 2223 814 2292 Μηδεὶς
842 2223 1015 2274 τοίνυν
1068 2220 1172 2271 τῶν
1207 2219 1560 2286 ἐπιμενόντων
1602 2219 1666 2283 τῇ
1711 2217 1842 2281 αὐτῇ
1889 2210 2106 2279 πορνείᾳ.
2136 2208 2232 2276 τῆς

613 2307 901 2375 ἐκκλησίας
929 2305 1262 2365 ἐπιϐαινέτω,
1281 2303 1412 2355 ἀλλά
1436 2303 1526 2354 καὶ
1545 2302 1633 2368 ἀφ’
1651 2301 1679 2351 ὐ
1688 2299 1800 2368 μῶν
1820 2298 1846 2336 ά
1880 2292 2230 2362 ἐπιτιμάσθω,

613 2393 708 2443 καὶ
744 2391 918 2452 κοινὸς
964 2389 1100 2441 ἔστω
1157 2387 1422 2456 πολέμιος.
1473 2388 1542 2440 El
1596 2403 1682 2449 τις
1723 2383 1850 2453 γάρ,
1902 2383 2081 2449 φησιν,
2121 2380 2232 2443 οὐχ

614 2477 925 2541 ὑπακούσῃ
945 2485 967 2513 ε
990 2473 1066 2537 τῷ
1085 2475 1238 2540 λόγῳ
1254 2472 1417 2538 ἡμῶν
1433 2471 1528 2523 διὰ
1545 2470 1651 2534 τῆς
1668 2466 2006 2532 ἐπιστολῆς,
2023 2465 2234 2516 τοῦτον

611 2561 988 2628 σημειοῦσθε,
1017 2559 1110 2612 καὶ
1131 2560 1212 2626 μὴ
1241 2557 1752 2624 συναναμίγνυσθε
1788 2550 1962 2614 αὐτῷ.
1992 2549 2155 2600 Τοῦτο
2176 2547 2232 2598 δὲ

615 2645 890 2713 ποιήσατε·
919 2645 1051 2711 μήτε
1086 2643 1239 2708 λόγου
1272 2641 1537 2709 μετάδοτε,
1571 2640 1699 2706 μήτε
1716 2639 1789 2696 εἰς
1805 2636 1974 2686 οὶκίαν
1991 2630 2227 2699 δέξησθε,

617 2729 752 2797 μήτε
776 2727 1044 2796 τραπέζης
1067 2726 1440 2793 κοινωνήσητε,
1476 2724 1605 2789 μήτε
1633 2720 1852 2779 εἰσόδου,
1879 2720 2010 2785 μήτε
2035 2716 2232 2782 ἐξόδου,

617 2813 751 2880 μήτε
783 2813 1001 2880 ἀγορᾶς·
1053 2811 1144 2861 καὶ
1177 2807 1314 2860 οὑτω
1355 2807 1544 2876 ῥαδίως
1585 2806 1773 2864 αὐτοὺς
1803 2800 2228 2870 ἀνακτησόμεθα.

613 2896 723 2946 Καὶ
743 2895 986 2962 καθάπερ
1032 2895 1079 2945 oi
1108 2892 1328 2962 κυνηγοὶ
1365 2891 1430 2941 τὰ
1457 2889 1728 2942 δυσάλωτα
1766 2887 1870 2939 τῶν
1914 2886 2108 2954 Θηρίων
2134 2884 2231 2936 οὐκ

617 2980 677 3043 ἐξ
706 2980 819 3041 ἐνὸς
863 2981 1074 3048 μέρους,
1104 2978 1236 3030 ἀλλά
1268 2975 1518 3030 πάντοθεν
1563 2975 1880 3033 ἐλαύνοντες,
1913 2974 1989 3033 εἱς
2020 2971 2116 3039 τὴν
2142 2985 2233 3020 σα-

617 3066 784 3131 γήνην
817 3062 1183 3129 ἐμϐάλλουσιν·
1223 3061 1360 3114 οὓτω
1383 3062 1444 3130 δὴ
1484 3062 1572 3112 καὶ
1617 3061 1769 3126 ἡμεῖς
1813 3057 1934 3117 τοὺς
1974 3055 2234 3124 ἐκθηριω-

619 3147 803 3206 θέντας
849 3146 1236 3212 συνελάσωμεν,
1265 3145 1354 3195 καὶ
1371 3145 1569 3210 ταχέως
1609 3144 1683 3202 είς
1704 3141 1769 3192 τά
1795 3141 1978 3191 δίκτυα
2008 3140 2100 3204 τῆς
2132 3155 2234 3188 σω-

617 3232 804 3300 τηρίας
848 3230 1199 3298 ἐμϐαλοῦμεν,
1230 3231 1382 3298 ἡμεῖς
1409 3227 1664 3288 ἐντεῦθεν,
1694 3228 1845 3293 ὑμεῖς
1884 3224 2104 3275 ἐκεῖθεν.
2139 3224 2235 3272 ”ἰν’

619 3312 708 3368 οὖν
750 3314 904 3366 τοῦτο
940 3316 1177 3383 γένηται,
1217 3315 1306 3364 καὶ
1345 3315 1494 3381 ὑμεῖς
1541 3314 1665 3380 ἡμῖν
1717 3314 2232 3374 συναγανακτὴσατε,

679 3485 706 3516 ⁸
737 3485 843 3532 Duo
881 3485 983 3531 hac
1023 3483 1250 3530 vocabula
1287 3483 1470 3537 εὐτελής
1531 3488 1584 3528 et
1643 3479 1821 3540 οἰκτρὸς
1887 3473 2238 3540 recentioribus

621 3542 917 3602 temporibus
981 3541 1071 3590 sibi
1113 3543 1409 3588 vindicarunt
1439 3536 1706 3602 '_r_nonac‘hi,
1749 3536 1913 3602 iisque
1952 3541 2152 3602 utuntur
2194 3536 2238 3579 in

622 3595 855 3650 indicibus
885 3605 1167 3662 scriptorum
1207 3613 1414 3648 suorum.
1463 3598 1720 3658 Reperitur
1783 3595 1936 3662 etiam
1980 3595 2236 3662 ἐλάχιστος,

684 3663 892 3720 bilialim
925 3651 1002 3709 hic
1045 3661 1227 3720 ἐπάγειν
1260 3662 1478 3717 accipere
1537 3651 1585 3704 in
1642 3668 1786 3702 sensu
1852 3651 2114 3700 reducendi
2177 3651 2238 3696 ad

622 3719 896 3770 Ecclesium.

682 3783 706 3812 ⁸
734 3769 966 3829 Atat-lceat
1007 3777 1274 3827 accusativo
1313 3778 1546 3838 jungitur.
1599 3772 1918 3823 Scribendum
1980 3782 2096 3830 ergo
2138 3769 2244 3822 τοῦς

621 3856 804 3899 νομούς.

685 3903 712 3939 σί
736 3899 901 3955 Forte,
925 3899 999 3958 ὑφ’
1022 3899 1166 3958 ὑμῶν.

690 3976 712 4000 c
737 3958 865 4018 Lege
890 3956 996 4006 cum
1025 3956 1146 4006 Bibl.
1170 3956 1407 4004 ὑπακούει.

1366 339 1421 393 S.
1461 337 1738 394 .‘UANNlS
1773 331 2246 391 CIIRYSOSTOMI
2271 329 2577 384 ARCHIEP.
2603 328 3127 386 CONSTANTINOP.

3836 355 3946 408 270

2329 442 2521 510 μᾶλλον
2549 443 2602 493 δέ
2634 443 2768 508 ὑπὲρ
2797 441 2902 492 τῶν
2929 441 3020 492 τοῦ
3063 439 3194 492 Θεοῦ
3227 441 3400 508 νόμων
3422 441 3709 509 ἀλγήσατε,
3733 443 3826 494 καὶ
3849 460 3938 510 μι-

2325 526 2450 592 κρὸν
2479 530 2498 566 ι
2538 526 2910 594 ἀποστράφητε
2934 523 3147 584 τούτους
3179 523 3245 575 τά
3281 524 3499 576 τοιαῦτα
3529 524 3809 587 νοσοῦντας
3846 527 3939 577 καὶ

2325 610 2759 678 παρανομοῦντας
2775 609 2878 661 τῶν
2894 609 3150 674 ἀδελφῶν,
3173 608 3257 659 ἵνα
3278 608 3531 676 διηνεκῶς
3551 609 3742 670 αὐτοὺς
3759 610 3936 677 ἔχητε.

2328 700 2455 750 Οὐδὲ
2475 700 2580 765 γάρ
2609 699 2668 748 τὸ
2695 698 2846 765 τυχὸν
2875 698 2998 764 ὑμῖν
3030 699 3140 747 ἐστι
3173 696 3359 765 κρίμα,
3389 697 3436 746 εί
3469 696 3721 764 παρίδητε
3745 697 3937 748 τοσαύ-

2324 799 2421 849 την
2447 781 2729 840 ἀπώλειαν,
2755 781 2885 833 ἀλλά
2934 781 3187 849 μεγίστην
3229 781 3372 841 ἐξετε
3406 779 3684 848 τιμωρίαν.
3717 781 3776 830 Ei
3832 781 3938 848 γάρ

2325 868 2380 916 ἐν
2406 869 2519 927 ταῖς
2557 866 2660 916 τῶν
2688 865 2980 933 ἀνθρώπων
3003 864 3192 925 οίκίαις
3229 863 3292 914 ἂν
3322 864 3429 931 ἀλῴ
3471 881 3550 924 τις
3575 865 3678 915 τῶν
3720 866 3940 914 οἰκετῶν

2325 950 2574 1018 ἀργύριον
2612 951 2644 1019 ἦ
2680 950 2891 1018 χρυσίον
2939 948 3276 1017 ὑφελόμενος,
3324 949 3420 999 οὐκ
3457 948 3613 1009 αὐτὸς
3661 948 3939 1010 κολάζεται

2329 1037 2481 1103 μόνον
2509 1035 2733 1097 ὁάλοῦς,
2768 1037 2901 1088 ἀλλά
2954 1037 3044 1088 καὶ
3082 1037 3130 1086 oi
3167 1037 3460 1094 συνειδότες
3493 1036 3584 1086 καὶ
3627 1037 3698 1104 μὴ
3748 1053 3939 1102 καταγ-

2325 1122 2614 1186 γείλαντες,
2647 1121 2816 1189 πολλῷ
2831 1121 3024 1188 μᾶλλον
3053 1122 3140 1171 ἐπὶ
3173 1120 3268 1186 τῆς
3303 1120 3635 1188 Ἐκκλησίας.
3662 1122 3804 1190 Ἐρεῖ
3836 1123 3939 1190 γάρ

2328 1223 2406 1256 σοι
2436 1206 2725 1274 τηνικαῦτα
2746 1208 2930 1268 όΘεός·
2957 1205 3119 1274 Ὁρῶν
3146 1205 3250 1256 ἀπὸ
3277 1206 3366 1256 τοῦ
3385 1205 3528 1256 οῖκου
3562 1206 3650 1256 τοῦ
3686 1204 3815 1274 ἐμοῦ
3845 1210 3939 1260 οὐκ

2326 1289 2600 1358 ἀργύριον,
2628 1289 2743 1340 οὐδὲ
2771 1288 3000 1356 χρυσοῦν
3039 1289 3225 1351 σκεῦος
3252 1290 3471 1350 κλαπὲν,
3501 1290 3630 1342 ἀλλά
3665 1293 3938 1359 σωφροσύ-

2325 1393 2420 1441 νην
2454 1375 2785 1441 συληθεῖσαν,
2818 1375 2908 1424 καὶ
2958 1375 3045 1424 τὸν
3074 1375 3299 1426 λαϐόντα
3355 1377 3412 1427 τὸ
3465 1378 3618 1444 σῶμα
3648 1380 3707 1430 τὸ
3741 1382 3937 1448 τίμιον,

2326 1458 2418 1508 καὶ
2461 1458 2706 1524 τοιαύτης
2738 1457 3064 1525 μετασχόντα
3097 1458 3301 1520 θυσίας,
3331 1460 3622 1513 ἀπελθόντα
3661 1464 3737 1523 εἰς
3767 1473 3826 1515 τό
3849 1463 3939 1514 τοῦ

2326 1541 2560 1593 διαϐόλου
2596 1541 2784 1608 χωρίον
2813 1543 2855 1603 ε,
2889 1543 2978 1594 καὶ
3005 1541 3224 1593 τοιαῦτα
3275 1547 3743 1612 παρανομήσαντα,
3771 1547 3884 1608 πῶς
3911 1549 3936 1588 1·

2326 1627 2572 1694 ἐσίγησας
2593 1641 2606 1687 ;
2628 1625 2740 1685 πῶς
2766 1626 3025 1692 ἤνεγκας
3052 1626 3163 1686 πῶς
3186 1626 3282 1676 οὐκ
3319 1628 3646 1695 ἀπήγγειλας
3679 1629 3753 1697 τῷ
3777 1633 3939 1699 ἱερεῖς

2328 1712 2417 1762 καὶ
2431 1711 2487 1760 οὐ
2516 1710 2612 1771 τὰς
2637 1709 2892 1776 τυχούσας
2922 1711 3258 1779 ἀπαιτηθήσῃ
3289 1711 3527 1772 εὐθύνας.
3560 1713 3657 1764 Διά
3682 1732 3762 1765 τοι
3792 1717 3942 1767 τοῦτο

2327 1796 2417 1845 καὶ
2444 1792 2569 1860 ἐγὼ,
2602 1794 2769 1846 καίτοι
2799 1809 2860 1859 γε
2890 1793 3091 1860 μέλλων
3121 1793 3322 1853 λυπεῖν,
3349 1796 3553 1857 οὐδενὸς
3569 1798 3815 1865 φείσομαι
3839 1800 3942 1849 τῶν

2329 1878 2477 1949 [278]
2496 1877 2916 1946 ἐπαχθεστέρων.
2953 1877 3132 1944 Πολλῷ
3169 1879 3274 1946 γὰρ
3302 1879 3503 1945 βέλτιον
3530 1882 3756 1934 ἐνταῦθα
3781 1884 3944 1951 λυπη-

2328 1965 2510 2025 θέντας
2532 1966 2676 2032 ήμᾶς
2717 1964 2731 2002 ί
2773 1962 3039 2024 ἐξελέσθαι
3063 1965 3158 2031 τῆς
3195 1964 3483 2034 μελλούσης
3508 1967 3754 2034 κρίσεως,
3792 1970 3942 2037 ἢρή-

2332 2065 2457 2116 μασι
2483 2047 2972 2116 χαρισάμενοῆιεθ’
3000 2048 3148 2115 ὑμῶν
3177 2048 3494 2117 κολασθῆναι
3523 2053 3655 2101 τότε.
3686 2054 3817 2104 Οὐδὲ
3841 2056 3943 2123 γὰρ

2329 2135 2560 2200 ἀσφαλὲς
2592 2137 2735 2202 ἡμῖν.
2773 2135 2889 2184 οὐδέ
2917 2134 3209 2196 ἀκίνδυνον,
3253 2138 3373 2202 σιγῇ
3400 2135 3467 2185 τὰ
3496 2136 3712 2188 τοιαῦτα
3741 2139 3920 2204 (ospva

2340 2220 2517 2288 ’Υμῶν
2571 2223 2672 2289 γὰρ
2703 2221 2924 2279 ’ἕκαστος
2972 2219 3106 2280 ὑπὲρ
3148 2219 3336 2270 ἐαυτοῦ
3383 2220 3537 2271 δώσει
3563 2222 3658 2281 τὰς
3698 2222 3940 2283 εὐθύνας·

2329 2305 2436 2371 ἐγὼ
2466 2306 2518 2356 δὲ
2539 2305 2636 2372 τῆς
2662 2306 2907 2356 ἀπάντων
2951 2303 3215 2370 σωτηρίας
3252 2304 3557 2365 ὑπεύθυνος.
3593 2307 3686 2357 Διά
3705 2307 3768 2374 δὴ
3793 2308 3947 2358 τοῦτο

2328 2391 2387 2442 οὐ
2410 2390 2676 2456 παύσομαι
2707 2390 2876 2442 πάντα
2903 2389 3064 2440 ποιῶν
3103 2389 3193 2440 καὶ
3229 2387 3414 2454 λέγων,
3446 2391 3546 2440 κᾶν
3576 2392 3807 2459 λυπῆσαι
3832 2392 3942 2459 δέῃ,

2329 2475 2429 2526 κᾶν
2487 2473 2691 2540 ἐπαχθῆ
2745 2472 2994 2539 φανῆναι,
3036 2471 3138 2524 κᾶν
3176 2473 3442 2540 φορτικὸν,
3495 2460 3944 2542 ῶστεδυνηθῆναι

2329 2558 2669 2626 παραστῆναι
2705 2556 2778 2623 τῷ
2813 2557 3012 2624 βήματι
3059 2557 3244 2622 ἐκείνῳ
3291 2557 3364 2624 τῷ
3419 2557 3645 2626 φοϐερῷ,
3695 2561 3766 2627 μὴ
3813 2560 3946 2626 ἔχων

2331 2643 2514 2694 σπῖλον
2547 2642 2576 2708 ἢ
2605 2641 2807 2709 ῥυτίδα,
2839 2642 2872 2708 ῆ
2900 2658 2951 2692 τι
2987 2642 3093 2692 τῶν
3127 2641 3393 2692 τοιούτων.
3428 2642 3631 2692 Γένοιτο
3669 2643 3722 2692 δὲ
3764 2643 3946 2708 εὐχαῖς

2327 2727 2433 2776 τῶν
2451 2726 2611 2790 ἁγίων
2628 2725 2746 2786 τούς
2766 2741 2822 2776 τε
2837 2724 3220 2792 διαφθαρέντας
3239 2724 3333 2791 ἤδη
3357 2725 3557 2790 ταχέως
3578 2725 3882 2776 ἐπανελθεῖν
3901 2726 3913 2774 i
3931 2765 3944 2788 ,

2326 2809 2450 2872 τούς
2479 2827 2537 2861 τε
2569 2810 2847 2876 μείναντας
2876 2809 3072 2869 ἀσινεῖς
3103 2809 3188 2859 ἐπὶ
3232 2809 3407 2875 μεῖζον
3433 2809 3693 2875 προκόψαι
3725 2813 3946 2877 κοσμιό-

2328 2910 2485 2963 τητος
2527 2895 2617 2944 καὶ
2659 2893 3020 2962 σωφροσύνης·
3067 2894 3149 2944 ἵνα
3194 2894 3284 2943 καὶ
3337 2893 3488 2959 ὑμεῖς
3537 2894 3808 2957 σῴζοισθε,
3859 2899 3948 2948 καὶ

2330 2979 2489 3047 ἡμεῖς
2522 2977 2949 3046 εὐφραινώμεθα,
2971 2977 3062 3027 καὶ
3091 2979 3116 3028 ό
3140 2977 3266 3037 Θεὸς
3296 2977 3574 3046 δοξάζηται
3600 2979 3692 3028 νῦν
3727 2981 3819 3032 καὶ
3845 2982 3948 3042 ἀεὶ,

2332 3066 2424 3116 καὶ
2462 3067 2539 3125 είς
2567 3065 2686 3125 τούς
2725 3063 3099 3131 ἀτελευτήτους
3127 3064 3320 3123 αἰῶνας
3348 3063 3451 3114 τῶν
3494 3064 3716 3115 αἰώνων.
3761 3065 3949 3132 Ἀμήν.

2401 3226 2421 3264 ί
2447 3227 2525 3273 Sic
2545 3227 2711 3273 codex.
2739 3226 2833 3272 Sed
2858 3227 3048 3272 mallem
3076 3261 3088 3280 ,
3123 3285 3127 3286 ν
3151 3228 3228 3286 καὶ
3247 3227 3365 3271 κατὰ
3400 3227 3558 3286 μικρὸν
3610 3227 3949 3286 ἀποστρέψετε.

2399 3290 2424 3349 β
2453 3287 2641 3349 ςὶι-ευηι
2665 3291 2714 3349 et
2736 3285 2970 3349 theatrum
2994 3284 3241 3349 intelligit.

2399 3345 2427 3383 h
2445 3345 2762 3398 Constructio,
2790 3345 2925 3402 ὁρῶν,
2949 3345 3072 3399 πῶςὶ

2407 3407 2422 3442 ί
2449 3405 2562 3451 Hec
2583 3416 2675 3448 non
2697 3411 2807 3449 sunt
2821 3399 2956 3448 sana.
2985 3402 3070 3449 His
3112 3408 3269 3448 tamen
3292 3399 3463 3449 nititur
3485 3400 3630 3453 lectio
3692 3401 3952 3449 λυπεῖσθαι.

2341 3466 2411 3513 Ita
2437 3476 2549 3509 vero
2575 3463 2800 3514 ἐξελέσθαι
2824 3474 2915 3506 non
2960 3462 3120 3514 habet,
3171 3473 3267 3519 quo
3308 3461 3558 3506 referatur.
3616 3460 3769 3507 Malim
3816 3473 3953 3519 ergo,

2342 3526 2617 3579 λυπηθέντας
2637 3523 2755 3578 ὑμᾶς
2789 3521 3032 3572 ἐξελέσθαι.
3071 3521 3292 3566 Ceterum
3344 3520 3662 3577 a-qualitalem
3707 3521 3953 3567 membro-

2344 3597 2448 3631 rum
2497 3581 2716 3640 neglexit
2775 3582 2822 3624 in
2882 3583 3146 3640 oppositis,
3213 3581 3577 3640 λυπηθένταςθι
3617 3580 3947 3640 χαρισάμενον.

2345 3643 2683 3749 Λξςιὲιθαιιιαιθπι
2731 3645 2986 3696 servasset,
3031 3643 3071 3687 si
3115 3639 3334 3695 dixisset,
3393 3639 3661 3692 λυπήσαπα
3729 3641 3852 3698 ὑμᾶς
3888 3639 3960 3690 ἐε-

2348 3720 2367 3749 ε
2400 3720 2419 3749 ε
2479 3717 2542 3746 αι.

2348 3705 2542 3750 ελέσθαι.

2414 3762 2426 3809 i
2461 3762 2560 3808 Hoc
2583 3769 2674 3801 non
2696 3761 2827 3802 recte
2855 3758 3079 3803 convenit
3102 3757 3168 3816 τῷ
3194 3815 3197 3816 ν
3227 3756 3562 3816 διαφθαρέντας.
3627 3755 3852 3816 Proprie,
3917 3761 3960 3804 ot

2349 3817 2742 3872 ἀποπλανηθέντες
2780 3816 3120 3875 ἐπανέρχονται.
3148 3815 3329 3875 ίῖτετιο
3372 3826 3490 3873 ergo
3543 3817 3803 3875 legendum
3849 3828 3963 3862 esse

2350 3880 2700 3942 ἀποφθαρέντας.
2766 3873 2984 3942 ’Νεεμξὶιζ
3025 3873 3308 3936 ἀποφθάρηθί
3385 3887 3498 3932 μου·
3525 3873 3810 3934 ἀπαλλάγηθί
3853 3891 3962 3934 μου.

2353 3943 2412 3990 Et
2437 3935 2708 4002 ε’φθέίρεπναι⁸
2731 3935 2972 3982 πλανᾶται.

724 4429 1012 4455 ----,,,
964 4442 1006 4454 ,,
1016 4425 1214 4454 ο--ι--κ
1195 4422 1765 4451 _____________—-————————
1587 4409 3873 4445 Μ

2097 4645 2464 4707 MONITUM

793 4862 942 4912 Hanc
976 4855 1266 4918 bomiliam,
1307 4853 1486 4907 Roma:
1520 4866 1586 4905 ex
1618 4849 1751 4904 Cod.
1797 4849 2050 4903 Vaticano
2074 4847 2174 4901 559
2202 4862 2231 4900 a
2259 4861 2344 4899 me
2373 4846 2713 4914 cxscriptam,
2746 4857 2926 4896 veram
2961 4852 3016 4896 et
3044 4843 3406 4898 authenticam
3437 4859 3555 4898 esse
3596 4857 3756 4896 nemo
3790 4858 3901 4895 non

727 4969 1001 5030 fatebitur,
1034 4967 1136 5020 nisi
1163 4967 1229 5020 sit
1251 4967 1303 5019 in
1329 4959 1692 5034 Chrysostomi
1723 4959 1935 5027 scriptis
1966 4959 2178 5025 hospes.
2213 4956 2412 5010 Omnes
2431 4956 2572 5010 enim
2596 4955 2737 5024 styli,
2765 4954 3014 5008 dictionis
3040 4955 3468 5023 inventionisque
3503 4963 3639 5008 nota:
3666 4969 3902 5007 concur-

730 5091 874 5146 runt,
901 5080 1044 5133 nulla
1073 5077 1424 5132 desideratur.
1453 5076 1624 5144 Ipsam
1651 5087 1776 5126 vero
1797 5070 1984 5124 habuit
2010 5084 2129 5122 cum
2161 5083 2257 5137 per
2281 5069 2475 5122 multos
2510 5068 2624 5122 dies
2653 5068 2865 5132 absens,
2899 5068 3310 5137 inﬁrmitathue
3333 5070 3581 5123 detentus
3604 5069 3814 5133 fuisset,
3841 5085 3906 5121 ac

731 5213 842 5268 prae
879 5213 1056 5252 amore
1096 5195 1273 5265 populi
1318 5193 1554 5247 nondum
1596 5189 1781 5260 positis
1824 5186 1995 5242 morbi
2032 5185 2268 5254 reliquiis
2312 5186 2377 5239 ad
2415 5186 2692 5240 ecclesiam
2741 5184 3151 5239 concionaturus
3191 5184 3470 5239 advolavit.
3514 5183 3569 5236 Id
3603 5183 3742 5250 quod
3790 5183 3908 5252 ipse
