4144 6308
279 341 387 395 269

288 459 368 496 ma
399 447 640 513 leprosos
670 456 750 500 est
791 463 854 500 ex
903 448 983 500 his
1024 448 1185 499 sacris
1215 448 1402 499 castris
1430 447 1825 500 climinabimus.

285 534 352 588 Ut
383 536 522 588 enim
561 536 729 602 primo
765 537 1130 589 cohortatione
1180 545 1229 589 ct
1279 537 1499 589 consilio
1530 551 1652 589 usus
1682 550 1826 588 sum:

281 625 356 678 sic
385 635 439 678 et
465 641 605 678 nunc
631 635 750 695 post
776 635 967 679 tantam
1008 626 1431 679 adhortationem
1464 635 1515 679 et
1542 625 1830 678 doctrinam

287 726 502 765 necesse
531 723 612 766 est
653 715 861 766 demum
917 714 1198 766 sectionem
1242 714 1396 766 etiam
1442 713 1690 780 infligere.
1747 713 1834 764 Et-

284 801 423 853 enim
457 816 626 854 annus
669 803 872 854 tandem
923 812 1004 856 est
1049 803 1254 869 elapsus
1292 802 1369 870 (a)
1412 816 1473 854 ex
1528 815 1631 869 quo
1661 802 1711 854 in
1743 815 1831 853 ve-

284 897 445 941 stram
494 890 753 943 civitatem
807 891 1054 944 advectus
1098 905 1249 952 sum,
1305 905 1475 958 neque
1503 890 1701 943 cessavi
1740 891 1835 943 hac

286 974 355 1027 de
382 989 442 1027 re
483 990 577 1028 vos
608 976 905 1045 frequenter
943 977 1228 1031 cohortari.
1264 976 1393 1043 Quia
1432 978 1588 1046 igitur
1625 977 1832 1045 quidam

293 1061 344 1113 in
376 1063 475 1115 hac
517 1064 660 1116 sanie
711 1073 1128 1131 permanserunt,
1159 1079 1254 1133 age
1300 1064 1507 1118 demum
1549 1066 1831 1119 sectionem

287 1151 592 1206 inferamus.
626 1152 737 1205 Etsi
779 1155 920 1207 enim
952 1154 1146 1208 ferrum
1188 1169 1292 1207 non
1337 1155 1575 1216 habeam,
1607 1163 1660 1207 at
1714 1170 1831 1208 ver-

289 1240 417 1293 bum
446 1241 613 1295 habeo
643 1241 780 1295 ferro
813 1243 1012 1296 acutius
1057 1244 1128 1312 (b)
1155 1259 1166 1294 :
1199 1244 1298 1297 etsi
1340 1244 1511 1312 ignem
1540 1259 1643 1296 non
1674 1243 1833 1296 feram

290 1331 383 1395 (c),
415 1339 467 1382 at
507 1331 741 1384 doctrina
778 1330 925 1386 adest
953 1333 1076 1385 mihi
1125 1326 1243 1401 igne
1270 1334 1580 1397 ferventior,
1608 1349 1722 1401 qum
1747 1348 1810 1386 ve

289 1414 589 1470 henncntius
613 1433 763 1471 urere
792 1420 974 1486 possit.

361 1501 895 1558 Excommunicationis
918 1508 1155 1559 sententia
1181 1509 1232 1560 in
1260 1509 1372 1561 illos
1412 1510 1496 1577 qui
1529 1511 1832 1563 theatrorum

288 1591 572 1656 spectacula
600 1592 767 1644 diebus
795 1596 976 1647 sanctis
1005 1595 1324 1647 adierunt.—
1348 1597 1421 1650 Ne
1445 1613 1660 1666 spernas
1682 1600 1835 1667 igitur

288 1679 603 1730 sententiam
629 1690 876 1733 nostram.
910 1681 1155 1747 Quamvis
1197 1686 1336 1738 enim
1382 1686 1510 1740 viles
1556 1687 1833 1740 admodum

288 1780 350 1818 ac
392 1767 713 1821 miserabiles
733 1771 913 1835 simus,
955 1782 1184 1827 attamen
1219 1790 1246 1826 a
1278 1775 1450 1828 divina
1482 1779 1644 1845 gratia
1672 1778 1837 1846 digni-

289 1864 449 1908 tatem
469 1857 781 1924 accepimus,
812 1877 909 1926 qua
938 1864 1196 1929 possimus
1223 1864 1334 1916 lucc
1362 1865 1588 1919 efficere.
1623 1867 1837 1933 Ejieian-

291 1953 376 1994 tur
406 1957 531 2010 ergo
551 1944 846 2012 hujusmodi
865 1948 1119 2015 homines,
1142 1953 1361 2020 utetqui
1391 1954 1499 2007 sani
1529 1965 1649 2008 sunt
1672 1956 1839 2008 valen-

289 2031 452 2083 tiores
476 2033 731 2096 evadant;
763 2046 814 2088 et
839 2039 924 2105 qui
957 2041 1138 2092 morbo
1162 2040 1418 2108 laborant,
1456 2059 1484 2096 a
1515 2046 1656 2111 gravi
1683 2047 1834 2114 mgri-

291 2119 469 2172 tudine
497 2121 561 2173 ad
604 2124 875 2177 sanitatem
907 2141 1021 2179 sese
1066 2142 1311 2182 revocare
1355 2131 1571 2196 possint.
1619 2133 1672 2187 Si
1716 2149 1838 2187 vero

293 2208 669 2272 perhorruistis
690 2211 820 2264 hanc
848 2213 1115 2268 audientes
1141 2219 1449 2271 sententiam
1477 2221 1495 2288 (
1516 2221 1664 2274 video
1696 2237 1838 2274 nam-

289 2311 392 2360 que
413 2311 598 2351 omnes
617 2299 1015 2367 iugemiscentes
1039 2314 1090 2356 et
1110 2310 1489 2378 compunctos),
1510 2313 1835 2378 resipiscam,

290 2394 344 2437 et
372 2388 628 2438 sententia
657 2389 822 2441 soluta
851 2401 946 2443 est.
966 2392 1414 2456 Quemadmodum
1435 2399 1570 2451 enim
1596 2402 1836 2469 alligandi

291 2481 603 2538 potestatem
643 2477 972 2543 accepimus,
1027 2481 1101 2532 sic
1153 2492 1205 2534 et
1246 2484 1510 2548 solvendi,
1557 2503 1617 2540 ac
1661 2505 1838 2543 rursus

291 2560 605 2613 sententiam
634 2561 852 2617 ferendi.
878 2564 991 2641 Non
1020 2568 1157 2621 enim
1181 2569 1367 2624 fratres
1390 2585 1596 2628 nostros
1626 2577 1833 2631 abscin-

289 2649 417 2702 dere
462 2651 702 2704 volumus
726 2695 739 2716 ,
771 2655 860 2707 sed
893 2671 942 2723 οι
965 2659 1227 2724 probrium
1269 2662 1518 2718 Ecclesiae
1548 2667 1834 2735 depellere.

292 2735 437 2789 Nune
458 2740 648 2806 quippe
678 2756 773 2793 nos
801 2751 853 2795 et
881 2745 1101 2811 gentiles
1127 2747 1438 2815 irridebunt,
1470 2762 1521 2806 et
1547 2754 1708 2809 Judrei
1732 2767 1837 2812 tra-

293 2823 733 2892 ducent,quando
769 2845 862 2882 nos
907 2831 1046 2898 ipsos
1093 2846 1370 2900 peccantes
1405 2839 1474 2892 ita
1503 2841 1833 2910 despicimus.

294 2913 440 2966 Tunc
468 2923 640 2967 autem
668 2927 720 2970 et
746 2918 820 2970 illi
844 2919 1120 2975 admodum
1151 2939 1246 2977 nos
1273 2926 1572 2994 laudabunt,
1601 2940 1652 2984 et
1682 2935 1838 2987 mira-

291 2999 488 3054 buntur
516 3002 819 3070 Ecclesiam,
853 3006 991 3076 leges
1017 3021 1220 3065 nostras
1237 3017 1464 3070 reveriti.
1485 3018 1646 3075 Nemo
1667 3022 1837 3090 itaque

290 3101 357 3138 ex
387 3089 469 3153 iis,
494 3091 578 3157 qui
604 3091 653 3143 in
673 3092 852 3146 eadem
884 3101 1562 3169 permanentfornicatione,
1593 3110 1640 3160 in
1672 3089 1836 3163 eccle-

291 3174 422 3226 siam
449 3178 639 3237 veniat.
676 3180 765 3233 sed
793 3191 845 3234 et
873 3198 901 3235 a
933 3186 1077 3240 vobis
1113 3191 1439 3260 corripiatur,
1471 3204 1521 3248 et
1547 3201 1836 3253 communis

290 3262 361 3356 sit
391 3263 572 3318 hostis.
602 3268 662 3320 Si
682 3271 788 3335 quis
809 3288 907 3324 non
928 3275 1085 3327 obedit
1114 3279 1253 3331 verba
1273 3291 1436 3335 nostra
1457 3302 1540 3352 per
1556 3289 1830 3356 epistolam,

291 3353 423 3406 hunc
444 3367 626 3422 notate,
659 3371 702 3412 et
726 3377 785 3414 ne
809 3366 1221 3421 commisceamini
1240 3387 1350 3423 cum
1373 3374 1458 3426 illo
1481 3375 1552 3444 (2.
1577 3375 1748 3432 Thess.
1778 3353 1830 3436 ὄλ

289 3441 748 3538 t4)._lloeautem
777 3450 929 3505 facite
962 3470 974 3504 :
1027 3469 1218 3523 neque-
1244 3441 1629 3529 colloquamini,
1667 3483 1834 3538 neque

285 3531 430 3584 dumi
463 3537 720 3630 recipiatis
741 3578 754 3600 ,
799 3555 966 3608 neque
995 3559 1189 3599 mensa:
1217 3553 1493 3618 participes
1529 3531 1830 3626 admittatis,

282 3631 456 3684 neque
479 3628 740 3687 ingressus
763 3628 840 3679 vel
871 3644 1132 3695 egressus,
1162 3650 1328 3702 neque
1350 3639 1399 3689 in
1437 3640 1549 3694 foro
1592 3659 1706 3697 cum
1736 3649 1834 3702 illis

278 3709 594 3762 versemini:
615 3721 667 3764 et
693 3715 768 3769 sic
785 3717 930 3772 facile
952 3720 1068 3774 illos
1097 3728 1534 3793 recuperabimus.
1557 3735 1630 3787 Ae
1648 3753 1828 3803 quem-

819 3851 1244 3929 Airetnepiseopatum
1263 3862 1829 3929 _Consl_antiuopolitanurn

548 3909 702 3983 ιιὲυιξιι
720 3903 970 3983 ἓιιιξφῗόφδξ
995 3903 1173 3983 prensis
1199 3903 1830 3983 Februariildievgtiri‘ff.tallf

271 3962 497 4030 δυῖἶὲιῗξ
520 3960 557 4030 l'.
578 3964 624 4017 δ’
645 3976 693 4030 £—
710 3965 764 4030 _'3-
790 3960 1170 4030 Montefulcou.m
1199 3960 1214 3964 -
1232 3960 1304 3968 η’
1321 3960 1390 3970 ““”
1405 3960 1436 3972 ’³
1460 3960 1538 3975 ““’
1576 3960 1652 3988 ⁴“υ’

338 4015 416 4136 (δὲ
449 4015 780 4095 ῩθΓΜ-(ίίῖίιῖθ
807 4015 1132 4089 “navigii-Hk
1158 4041 1312 4087 ll'CSSll.
1330 4044 1455 4089 enim
1480 4049 1619 4094 lleltr.
1647 4051 1690 4096 4.
1725 4053 1793 4099 l9.

339 4076 390 4132 (ε
448 4085 551 4125 ham
575 4083 765 4136 medtct.
790 4094 887 4136 aut.
926 4098 975 4136 ut
1018 4105 1103 4136 nes
1141 4049 1373 4136 Lumime
1431 4106 1636 4136 ..t.;........;
1685 4089 1790 4136 κυεῖ.

264 4076 422 4183 “£3.
448 4085 551 4125 Nam
575 4083 765 4142 medici,
790 4094 887 4146 aut,
926 4076 988 4137 ut?
1018 4105 1103 4141 uos

1374 331 1638 386 CONTRA
1678 329 1888 385 LUDOS
1926 329 2009 384 ET
2048 328 2382 383 TIIEATRA.

3379 329 3490 384 270

1936 446 2212 498 admodum
2243 454 2515 498 venatores
2541 444 2678 496 feras
2705 451 2856 508 captu
2885 439 3125 493 difficiles
3155 451 3257 490 non
3289 449 3353 488 ex
3385 448 3487 486 una

1939 545 2103 601 parte,
2133 536 2224 587 sed
2253 534 2476 600 undique
2501 535 2751 600 pellentes
2771 574 2784 592 ,
2819 533 2868 583 in
2918 531 3045 582 retia
3070 527 3354 594 conjiciunt
3378 539 3390 575 :
3419 522 3484 574 ita

1937 642 1989 677 et
2015 642 2107 678 nos
2134 640 2244 690 eos,
2273 625 2358 692 qui
2386 624 2617 676 moribus
2642 623 2838 676 efferati
2873 631 3012 683 sunt,
3063 636 3161 670 una
3214 616 3483 685 pellamus,

1938 727 1984 767 et
2017 717 2120 767 cito
2147 716 2195 767 in
2237 715 2419 767 salutis
2438 714 2567 767 retia
2593 713 2950 778 conjiciemus,
2983 723 3078 762 nos
3103 723 3166 762 ex
3190 720 3289 758 una
3319 711 3482 772 parte,

1940 816 2030 854 vos
2057 818 2118 855 ex
2140 801 2254 854 alia.
2283 800 2349 855 Ut
2378 801 2533 867 igitur
2557 799 2680 853 illud
2711 799 2933 862 eveniat,
2959 812 3049 848 vos
3076 809 3280 863 quoque
3303 791 3481 845 nobis-

1938 905 2056 943 eum
2103 889 2439 957 indignemini
2475 907 2487 942 :
2517 889 2620 941 imo
2649 888 2820 955 potius
2870 901 2963 953 pro
3008 886 3098 938 Dei
3147 883 3346 952 legibus
3393 879 3486 932 do-

1938 981 2060 1041 lete,
2100 987 2152 1032 et
2188 979 2436 1046 paulatim
2467 977 2716 1029 avertctis
2758 989 2849 1027 eos
2878 990 2940 1027 ex
2971 973 3236 1034 fratribus,
3265 970 3351 1037 qui
3387 968 3487 1020 hoc

1939 1065 2120 1119 morbo
2165 1065 2402 1118 laborant
2447 1073 2497 1117 et
2551 1065 2600 1115 in
2651 1064 2749 1116 hoc
2793 1069 3058 1130 peceatum
3116 1060 3380 1120 incidunt,
3433 1064 3488 1108 ut

1942 1163 2188 1222 perpetuo
2227 1154 2343 1206 illos
2371 1152 2636 1206 vobiscum
2669 1152 2910 1204 servetis.
2940 1149 3117 1217 Neque
3145 1148 3284 1200 enim
3322 1159 3486 1213 parvo

1939 1243 2153 1295 crimine
2188 1242 2264 1295 rei
2303 1241 2468 1298 eritis.
2501 1241 2542 1293 si
2576 1249 2766 1292 tantam
2799 1239 3076 1307 perniciem
3124 1234 3482 1304 neglexeritis,

1939 1337 2030 1390 sed
2053 1351 2238 1405 magno
2266 1336 2519 1403 supplicio
2549 1334 2692 1387 eritis
2719 1333 2948 1384 obnoxii.
2981 1330 3108 1383 Nam
3153 1328 3194 1380 si
3227 1328 3277 1380 in
3321 1326 3488 1379 homi-

1941 1440 2061 1476 num
2087 1425 2305 1486 aedibus,
2335 1438 2452 1476 eum
2479 1423 2593 1490 quis
2619 1437 2682 1474 ex
2733 1421 2935 1473 famulis
2964 1428 3237 1488 argentum
3265 1417 3347 1469 vel
3390 1430 3481 1466 au-

1939 1531 2052 1569 rum
2085 1514 2282 1568 furatus
2310 1513 2732 1582 deprehenditur,
2766 1527 2866 1564 non
2891 1512 2998 1579 ipse
3025 1512 3166 1563 solus
3185 1509 3271 1577 qui
3299 1507 3486 1573 depre-

1941 1606 2132 1659 hensus
2152 1614 2252 1670 est,
2274 1603 2364 1657 sed
2389 1605 2542 1657 etiam
2571 1603 2782 1666 conscii,
2805 1611 2857 1654 et
2881 1603 2968 1668 qui
2995 1616 3095 1652 non
3127 1597 3486 1657 revelaverint,

1941 1711 2092 1765 paena
2147 1695 2478 1762 plectuntur,
2527 1693 2690 1745 multo
2737 1692 2900 1760 magis
2951 1692 3001 1743 in
3051 1690 3301 1742 Ecclesia.
3341 1687 3487 1738 Tunc

1941 1787 2078 1840 enim
2101 1784 2236 1838 dicet
2268 1784 2356 1836 tibi
2388 1783 2522 1835 Deus
2556 1798 2566 1831 :
2599 1781 2725 1834 Cum
2751 1779 2955 1833 videres
2978 1795 3038 1831 ex
3064 1778 3219 1832 domo
3249 1790 3360 1828 mea
3385 1791 3485 1827 non

1940 1883 2243 1942 argenteum
2268 1872 2350 1924 vel
2378 1886 2590 1924 aureum
2618 1885 2706 1922 vas
2733 1867 2870 1922 furto
2897 1867 3080 1935 abripi,
3103 1865 3192 1918 sed
3217 1865 3487 1918 continen-

1944 1966 2065 2016 tiam
2107 1962 2332 2026 auferri;
2379 1975 2601 2027 eumque
2630 1961 2714 2028 qui
2738 1959 3021 2026 pretiosum
3049 1970 3236 2022 corpus
3267 1953 3451 2020 accipit
3473 1993 3486 2009 ,

1941 2064 1993 2106 et
2017 2053 2310 2121 hujusmodi
2342 2051 2578 2105 sacrificii
2604 2051 2860 2118 particeps
2890 2058 2987 2115 est,
3028 2049 3076 2100 in
3098 2047 3287 2101 diaboli
3318 2047 3487 2100 locum

1942 2141 2106 2206 abire,
2149 2142 2275 2194 etin
2304 2149 2499 2193 tantum
2531 2149 2797 2206 peccatum
2830 2139 3088 2202 incidere,
3139 2153 3232 2190 cur
3273 2136 3483 2202 siluisti,

1941 2249 2032 2286 cur
2053 2233 2102 2287 id
2130 2233 2311 2298 tulisti,
2337 2247 2429 2286 cur
2454 2250 2559 2286 non
2580 2234 2892 2286 annuutiasti
2921 2232 3198 2296 sacerdoti,
3226 2246 3293 2285 ne
3320 2247 3489 2301 preme

1944 2323 2037 2375 abs
2066 2335 2115 2376 te
2139 2330 2499 2390 repeterentur
2527 2339 2629 2374 non
2659 2323 2828 2375 leves?
2869 2322 2987 2374 ldeo
3007 2333 3057 2374 et
3084 2337 3179 2389 ego
3208 2321 3407 2375 etiamsi
3440 2321 3488 2374 id

1944 2411 2069 2463 mihi
2099 2411 2264 2464 dolori
2289 2411 2522 2462 futurum
2553 2413 2618 2462 sit
2647 2413 2744 2477 (a),
2781 2424 2844 2463 ne
2873 2426 2899 2462 a
2927 2413 3252 2478 gravioribus
3281 2411 3488 2479 quidem

1943 2501 2226 2554 inferendis
2265 2501 2434 2568 ptenis
2459 2501 2751 2555 abstinebo.
2780 2500 2953 2568 Longe
2975 2501 3161 2552 melius
3191 2502 3381 2570 quippe
3410 2507 3488 2553 est

1944 2607 2042 2644 nos
2086 2592 2170 2645 hic
2215 2606 2444 2644 mmrore
2486 2591 2732 2655 affectos,
2768 2609 2796 2642 a
2847 2591 3020 2644 futuro
3064 2592 3228 2658 abripi
3269 2592 3485 2660 judicio,

1943 2696 2096 2749 quam
2123 2682 2400 2734 verborum
2426 2683 2590 2750 gratia
2621 2681 2932 2748 lenitateqne
2961 2695 3081 2734 usos
3106 2720 3119 2745 ,
3145 2681 3284 2734 hunc
3313 2681 3487 2734 vobis-

1943 2785 2059 2826 cum
2088 2785 2271 2839 pmnas
2301 2771 2464 2825 luere.
2495 2770 2672 2838 Neque
2709 2771 2845 2822 enim
2877 2779 3043 2823 tutum
3083 2770 3228 2824 vobis
3258 2771 3338 2822 vel
3377 2770 3488 2823 sine

1943 2865 2175 2933 periculo
2229 2871 2352 2927 est,
2398 2878 2482 2917 res
2529 2860 2822 2930 hujustnodi
2864 2862 3070 2915 silentio
3119 2871 3310 2929 tegere.
3359 2859 3488 2913 Nam

1942 2955 2162 3021 quisque
2184 2963 2412 3007 vestrum
2457 2966 2549 3018 pro
2571 2965 2627 3003 se
2660 2965 2839 3017 ptenas
2864 2950 3042 3001 dabit:
3085 2965 3181 3018 ego
3209 2965 3333 3001 vero
3371 2963 3484 3000 om-

1943 3045 2084 3097 nium
2130 3043 2283 3096 saluti
2333 3057 2446 3096 sum
2475 3041 2748 3095 obnoxius.
2777 3040 3126 3106 Quamobrem
3176 3054 3278 3091 non
3329 3039 3484 3091 finem

1941 3134 2127 3188 faciam
2179 3134 2352 3186 omnia
2401 3132 2586 3200 agendi
2615 3141 2667 3184 et
2711 3131 2937 3194 dicendi,
2983 3129 3186 3183 etiamsi
3223 3144 3313 3180 vos
3353 3143 3483 3182 ll'lCC-

1941 3240 2062 3281 rore
2086 3225 2295 3280 afficere
2320 3232 2573 3292 Oporteat,
2597 3225 2796 3281 etiamsi
2825 3224 3072 3277 molestus
3092 3223 3268 3276 videar
3284 3230 3334 3276 et
3359 3237 3486 3276 one«

1941 3328 2111 3380 rosus,
2151 3324 2208 3366 ut
2245 3313 2438 3380 possim
2467 3313 2670 3365 adstare
2694 3322 2813 3365 ante
2857 3312 3078 3365 tribunal
3115 3311 3238 3364 illud
3268 3310 3484 3363 horren-

1939 3404 2063 3458 dum
2087 3444 2103 3469 ,
2152 3405 2347 3457 nullam
2388 3402 2584 3456 habens
2621 3404 2874 3456 maculam
2905 3411 2994 3456 aut
3023 3401 3194 3454 labent
3234 3400 3316 3452 vel
3361 3399 3484 3467 quid

1942 3493 2256 3562 bujusmodi.
2303 3492 2511 3546 Utinam
2541 3502 2734 3555 autem,
2785 3492 3027 3559 precibus
3067 3497 3387 3550 sanctorum,
3449 3489 3483 3539 ii

1939 3584 2024 3650 qui
2052 3582 2282 3649 corrupti
2333 3590 2454 3633 sunt
2481 3580 2632 3632 citius
2662 3586 3022 3640 revertantur;
3055 3578 3123 3629 illi
3149 3591 3273 3630 vero
3302 3575 3387 3643 qui
3419 3576 3484 3627 il-

1939 3673 2049 3726 laesi
2072 3683 2393 3735 manserunt,
2413 3671 2462 3723 in
2486 3671 2736 3737 majorem
2757 3679 2996 3722 ornatum
3011 3666 3484 3734 continentiamque

1941 3762 2212 3830 proficiant
2245 3769 2406 3814 :utct
2448 3774 2540 3812 vos
2569 3759 2788 3811 salutem
2829 3755 3252 3824 consequamini,
3298 3764 3350 3805 et
3389 3767 3485 3804 nos

1939 3854 2191 3914 laetemur,
2225 3860 2277 3903 et
2306 3851 2440 3901 Dens
2470 3849 2630 3915 gloria
2658 3847 2912 3897 afficiatur
2945 3859 3082 3897 nunc
3109 3853 3162 3896 et
3187 3857 3412 3910 semper.
3433 3851 3483 3894 et

1935 3944 1986 3994 in
2013 3941 2212 3992 infinita
2245 3937 2430 3992 saecula
2459 3935 2785 3988 saeculorum.
2821 3936 3006 3986 Amen.

1996 4112 2066 4172 (a)
2098 4111 2153 4159 In
2175 4118 2350 4167 Graeco,
2393 4124 2508 4158 καίτοι
2545 4120 2743 4172 τιιιιίλλιηνΔ
2765 4119 2896 4172 rma,
2917 4121 3038 4172 quas
3057 4118 3202 4172 voces
3238 4105 3306 4152 sic
3341 4114 3481 4163 Opor—

1935 4165 2104 4220 tuiSs'et
2128 4165 2452 4232 interpretari,
2477 4165 2685 4230 authuris
2709 4167 2917 4215 dolorem
2937 4165 3028 4214 Sim
3048 4165 3284 4215 illaturus.

1767 4423 3316 4446 mw

1343 4653 1449 4709 AD
1480 4652 1887 4712 HOMILIAM
1926 4655 2416 4724 SEQUEN'I‘EM.

279 4846 465 4910 initio,
502 4850 837 4919 niaximequc
871 4852 922 4903 in
959 4854 1060 4904 fine
1096 4851 1330 4907 homiliae
1355 4853 1444 4906 ait.
1479 4855 1612 4908 Cum
1640 4868 1818 4909 autem
1845 4869 1984 4922 saepe
2008 4858 2207 4913 morbis
2236 4859 2461 4913 afflictus
2492 4861 2669 4929 fuerit,
2705 4880 2812 4918 non
2840 4866 2907 4918 ita
2944 4867 3097 4921 facile
3129 4882 3228 4933 est,
3261 4872 3312 4924 in
3338 4877 3474 4941 quod

279 4968 506 5024 tempus
537 4957 650 5011 haec
689 4961 924 5013 incidant
966 4965 1403 5030 deprehendere,
1450 4982 1622 5033 neque
1659 4967 1836 5021 dicere
1879 4970 2120 5024 valemus
2159 4971 2526 5025 Antiochiaenc
2565 4988 2630 5025 an
2658 4973 3118 5047 Constantinopoli
3156 4982 3268 5036 haec
3299 4984 3472 5037 habita

271 5070 480 5127 concio
513 5071 690 5126 fuerit.
719 5072 1017 5129 Antiochiae
1062 5087 1235 5130 tamen
1270 5079 1463 5133 dictam
1497 5082 1720 5135 suadere
1766 5082 1975 5136 videtur
2003 5083 2178 5152 ipsum
2208 5085 2527 5153 principium
2560 5085 2790 5143 homilia:
2812 5129 2824 5150 ,
2864 5091 2948 5144 ubi
2982 5107 3036 5145 se
3065 5093 3131 5145 ad
3175 5094 3481 5154 docendum

266 5180 596 5251 imperitum
631 5180 910 5250 profitetur
933 5184 1354 5253 Chrysoslomus.
