4144 6308
720 358 825 412 271

1472 333 1529 388 S.
1568 328 1841 387 JOANNIS
1874 317 2345 383 CHRYSOSTOMI
2378 315 2690 373 ARCHIEP.
2730 318 3249 378 CONSTANTINOP.

3829 344 3937 397 272

713 456 3914 496 _______________,_____._.__________..________________.__

2068 544 2525 616 HOMILIA

719 736 780 779 IN
833 726 1254 779 Αροδτοιιαωί
1294 719 1533 766 ΒΙΟἹὋΠ
1591 721 1607 759 ἒ

1652 716 1772 759 HOC
1815 712 2027 757 AUTBI
2071 706 2349 762 δεποτις,
2394 707 2561 759 QUOD
2614 709 3064 754 IN'NOVISSIMIS
3108 711 3328 754 DIEBUS
3370 712 3578 754 BRUNT
3628 709 3922 753 TEIIPORA

1976 825 2206 869 unum
2248 802 2331 884 (2.
2364 807 2520 867 Tim.
2565 808 2623 868 3.
2670 811 2753 888 1).

2102 965 2531 1002 αππ-στπητι

798 1114 825 1166 1
838 1153 850 1164 .
869 1111 1062 1166 Caritas
1081 1101 1418 1175 Chrysostotni
1437 1113 1552 1167 ergo
1572 1092 1861 1163 discipulos.
1884 1087 2030 1141 Fidei
2057 1085 2188 1175 oculi

725 1202 889 1255 vident
916 1213 1026 1256 astte
1048 1172 1269 1250 Christus
1295 1188 1464 1261 agebat
1486 1202 1504 1250 ;
1528 1183 1698 1237 Judazi
1724 1186 1983 1249 prtesentes
2006 1191 2105 1229 non
2140 1172 2270 1225 uide-

732 1290 867 1341 bant.
894 1285 1145 1341 Abraham
1172 1280 1286 1348 ﬁdei
1305 1277 1459 1332 oculis
1486 1273 1607 1326 vidit
1632 1269 1936 1322 nasciturum
1948 1262 2273 1316 ἡαπ-ατη.-

732 1375 972 1429 lnﬁrmus
1007 1369 1214 1441 quidem
1242 1381 1357 1421 sum
1388 1362 1493 1431 (a)
1530 1370 1583 1414 et
1610 1370 1838 1427 egenus,
1890 1360 2059 1441 atque
2086 1348 2151 1402 ad
2181 1348 2275 1402 do-

729 1460 955 1515 cendum
982 1437 1253 1525 imperitus
1278 1469 1290 1502 :
1316 1450 1404 1505 sed
1429 1463 1547 1502 cum
1574 1453 1802 1500 vestrum
1828 1448 2021 1495 ctutum
2046 1437 2271 1498 intueor,

733 1523 1388 1605 inﬁrmitatis—obliviscor,
1410 1541 1766 1608 paupertatem
1804 1530 2007 1599 ignoro,
2058 1523 2272 1593 imperi-

739 1642 864 1693 tiam
915 1652 1019 1690 non
1076 1632 1408 1687 novi:tanta
1458 1638 1645 1693 nempe
1687 1630 1768 1676 est
1818 1616 2047 1675 caritatis
2085 1621 2274 1668 vestrae

728 1726 985 1796 tyrannis.
1011 1722 1335 1790 Quapropter
1360 1713 1584 1771 alacrius
1602 1725 1757 1781 quam
1783 1708 1840 1772 ii,
1879 1707 1978 1796 qui
2010 1701 2273 1759 facultati-

734 1817 834 1869 bus
857 1811 1140 1875 abundant,
1184 1805 1430 1877 egestatis
1451 1816 1580 1856 mete
1609 1812 1840 1853 mensam
1866 1795 2014 1849 vobis
2043 1805 2269 1862 appono.

733 1900 1171 1974 Ilagnanimitatis
1194 1912 1351 1967 porro
1377 1894 1530 1963 hujus
1554 1906 1648 1949 vos
1676 1898 1915 1943 auctores
1954 1885 2082 1939 mihi
2122 1886 2268 1947 estis,

730 1972 855 2049 dum
885 1995 1058 2062 lapsos
1085 1989 1302 2058 erigitis,
1324 1985 1441 2053 quia
1467 1983 1532 2036 ad
1572 1977 1885 2035 audiendum
1916 1973 2064 2041 proni
2111 1972 2237 2025 estis
2257 2010 2272 2036 ,

731 2097 888 2155 atque
914 2086 979 2137 ab
1007 2097 1099 2136 ore
1120 2088 1298 2134 nostro
1319 2074 1571 2145 pendetis.
1593 2072 1679 2125 Sic
1694 2079 1745 2123 et
1772 2067 1895 2135 pulli
1918 2063 2272 2124 hirundinum,

731 2150 849 2231 eum
876 2171 1054 2225 vident
1078 2167 1405 2221 advolantem
1434 2168 1675 2222 matrem,
1703 2172 1736 2211 e
1762 2155 1883 2208 nido
1910 2167 2027 2207 sese
2048 2150 2274 2206 ederen-

734 2270 814 2315 tcs
838 2271 891 2314 et
911 2273 1132 2329 pronum
1157 2254 1502 2309 obtendentes
1529 2248 1741 2311 collum,
1770 2246 1840 2298 ita
1867 2244 2038 2297 cibum
2078 2241 2143 2294 ab
2189 2240 2275 2295 illa

737 2348 1020 2417 accipiunt.
1051 2344 1247 2399 Eodem
1268 2339 1424 2395 modo
1451 2348 1505 2392 et
1533 2350 1625 2389 vos
1649 2348 1766 2387 cum
1794 2331 1987 2400 ingenti
2014 2329 2276 2382 alacritate

734 2439 1132 2492 concionantem
1188 2435 1486 2493 intuentes,
1527 2442 1592 2481 ex
1628 2425 1801 2492 lingua
1846 2436 1962 2475 mea
1992 2418 2274 2487 profectam

735 2526 1025 2581 doctrinam
1069 2521 1327 2589 excipitis,
1373 2527 1423 2572 et
1449 2524 1723 2583 antequam
1759 2512 1918 2564 verba
1938 2524 2002 2562 ex
2028 2522 2119 2561 ore
2145 2507 2277 2559 exsi-

746 2614 891 2676 liant,
921 2627 981 2666 ea
1021 2610 1194 2664 studio
1219 2621 1406 2675 magno
1436 2603 1609 2657 omnia
1644 2598 1902 2668 abripitis.
1926 2597 2053 2662 Quis
2096 2609 2199 2647 non
2224 2602 2277 2647 et

732 2716 827 2755 vos
856 2710 908 2754 et
930 2716 1024 2753 uos
1048 2714 1204 2766 super
1228 2697 1309 2750 his
1338 2696 1517 2747 beatos
1546 2689 1812 2759 przedicet,
1840 2686 1957 2754 quia
1984 2696 2171 2750 nempe
2196 2682 2275 2734 lo-

734 2792 943 2860 quimur
967 2788 1045 2839 Ad
1059 2802 1202 2837 aures
1215 2783 1519 2835 audientium
1547 2778 1726 2844 (Eccli.
1763 2776 1849 2828 25.
1882 2772 2005 2841 12)?
2032 2770 2277 2823 Commu-

734 2858 816 2930 nis
846 2876 1009 2936 labor,
1057 2869 1346 2925 communis
1373 2875 1427 2921 et
1462 2878 1686 2925 corona;
1738 2874 2017 2917 commune
2049 2858 2271 2919 lucrum,

734 2964 1027 3021 communis
1072 2962 1227 3016 etiam
1274 2968 1326 3013 et
1369 2970 1590 3010 merces.
1635 2952 1755 3006 ideo
1798 2951 2037 3004 Christus
2095 2949 2275 3002 beatos

738 3053 1037 3126 prmdicavit
1052 3050 1333 3120 discipulos
1348 3048 1558 3101 dicens:
1591 3044 1749 3096 Vestri
1764 3051 1925 3096 autem
1959 3039 2086 3091 beati
2120 3038 2271 3101 oculi,

733 3147 851 3213 quia
892 3143 1075 3207 uident,
1107 3150 1153 3195 et
1173 3155 1316 3191 aures
1338 3146 1508 3192 uestra
1527 3176 1542 3200 ,
1570 3134 1686 3201 quia
1712 3131 1920 3183 audiunt
1958 3127 2164 3197 (Matth.
2186 3127 2271 3179 15.

737 3235 859 3304 16).
882 3233 1159 3288 Concedite
1183 3230 1309 3285 mihi
1336 3237 1393 3282 ut
1413 3228 1493 3280 his
1513 3228 1667 3281 etiam
1694 3223 1864 3277 verbis
1894 3235 1988 3274 vos
2020 3219 2272 3286 alloquar,

735 3320 1151 3392 quandoquidem
1193 3327 1385 3372 tantam
1428 3314 1685 3370 exhibetis
1723 3310 2079 3364 alacritatem:
2115 3304 2275 3358 Vestri

735 3421 898 3463 autem
918 3410 1041 3462 beati
1057 3408 1206 3471 oculi,
1237 3406 1350 3475 quia
1373 3405 1553 3465 vident,
1577 3412 1622 3455 et
1651 3414 1793 3452 aures
1822 3408 2010 3462 vestris,
2032 3397 2146 3465 quia
2177 3411 2275 3446 au-

735 3500 895 3551 diunt.
926 3498 1118 3551 Verum
1146 3496 1283 3564 quod
1322 3507 1473 3547 aures
1492 3490 1701 3559 quidem
1732 3498 1917 3543 vestra:
1940 3486 2150 3539 audiant
2181 3500 2274 3551 pa-

738 3589 841 3641 lam
863 3597 978 3640 est:
1010 3585 1147 3652 quod
1186 3584 1320 3638 oculi
1350 3597 1473 3636 vero
1496 3579 1652 3633 vestri
1677 3578 1905 3641 videant,
1943 3576 2077 3629 sicut
2114 3574 2273 3627 disci-

733 3678 839 3745 puli
869 3687 990 3729 tunc
1011 3674 1273 3737 videbant,
1293 3672 1343 3725 id
1371 3672 1729 3724 demonstrare
1756 3669 2002 3728 conabor,
2026 3674 2081 3719 ut
2112 3665 2273 3718 beati-

733 3766 859 3818 tudo
894 3773 1062 3817 vestra
1089 3776 1190 3815 non
1237 3759 1467 3822 dimidia,
1512 3757 1605 3810 sed
1649 3757 1862 3809 omnino
1909 3754 2133 3821 perfecta
2182 3754 2267 3804 sit.

731 3853 866 3918 Quid
892 3866 1016 3919 ergo
1034 3859 1155 3903 tunc
1176 3848 1419 3902 videbant
1447 3844 1709 3912 discipuli?
1723 3843 1952 3896 Mortuos
1972 3842 2265 3906 suscitatus,

731 3954 898 3993 cmcos
929 3941 1092 3991 visum
1123 3937 1449 4003 recipientes,
1482 3933 1715 4000 leprosos
1745 3929 2049 3992 mundatos,
2090 3928 2269 3995 pulsos

730 4032 1016 4090 daemonas,
1045 4026 1257 4080 claudos
1298 4023 1641 4085 ambulantes,
1672 4029 1868 4072 naturae
1896 4020 2077 4071 vitium
2114 4032 2269 4072 omne

728 4125 1041 4171 correctum.
1066 4114 1187 4167 llzec
1207 4121 1255 4165 ct
1274 4126 1408 4163 nunc
1434 4124 1526 4162 vos
1553 4109 1756 4169 videtis,
1781 4109 1984 4161 etiamsi
2014 4124 2116 4160 non
2156 4123 2265 4163 cor-

729 4204 887 4272 poris,
936 4202 1027 4255 sed
1059 4200 1175 4253 ﬁdei
1202 4200 1385 4253 oculis.
1414 4194 1715 4265 l-lujusmodi
1748 4209 1968 4261 namque
1988 4205 2109 4248 sunt
2146 4196 2264 4249 ﬁdei

727 4291 907 4345 oculi:
950 4304 1065 4357 quin
1091 4303 1193 4343 non
1226 4294 1479 4354 apparent
1527 4285 1731 4348 vident,
1775 4292 1828 4337 et
1869 4298 1986 4350 qua:
2031 4284 2263 4337 nondum

728 4379 860 4432 iacta
899 4387 1019 4431 sunt
1047 4378 1353 4444 intelligunt.
1394 4373 1665 4428 Undenam
1720 4371 1819 4425 hoc
1858 4372 2260 4437 demonstratur,

726 4480 913 4533 nempe
942 4465 1095 4518 ﬁdem
1125 4479 1241 4517 esse
1265 4472 1528 4530 aspectum
1559 4469 1612 4514 et
1650 4468 2009 4527 argumentum
2042 4473 2141 4512 non
2171 4474 2262 4527 ap-

728 4555 1059 4624 parentium?
1079 4554 1212 4606 Audi
1240 4552 1455 4606 Paulum
1486 4549 1741 4603 dicentem
1774 4566 1786 4601 :
1814 4549 1905 4600 Est
1943 4558 2103 4600 autem
2138 4550 2261 4615 ﬁdes

722 4643 1078 4713 sperandamm
1096 4642 1368 4694 substantia
1403 4655 1584 4703 rerum,
1607 4646 1945 4706 argumentum
1980 4652 2077 4689 non
2115 4652 2264 4703 appa-

719 4735 929 4787 rentium
957 4732 1134 4803 (Hebr.
1150 4733 1234 4784 11.
1251 4732 1272 4783 1
1288 4733 1322 4798 ).
1345 4731 1406 4783 Et
1427 4729 1563 4796 quod
1582 4728 1815 4780 mirabile
1830 4736 1929 4791 est,
1957 4726 2007 4778 hi
2028 4726 2261 4779 carnales

719 4824 856 4878 oculi
884 4838 997 4889 quae
1021 4821 1118 4874 sub
1141 4828 1404 4887 aspectum
1430 4818 1622 4871 cadunt
1640 4855 1653 4875 .
1698 4815 1897 4880 vident,
1929 4829 2047 4883 quae
2088 4822 2258 4867 autem

720 4916 817 4970 sub
832 4921 1095 4981 aspectum
1126 4924 1230 4965 non
1256 4908 1464 4973 cadunt,
1496 4922 1599 4960 non
1629 4906 1841 4958 vident:
1871 4915 1924 4957 at
1965 4903 2082 4957 ﬁdei
2123 4902 2261 4956 oculi

723 5003 932 5057 omnino
946 5008 1146 5063 contra,
1165 5012 1279 5064 qua:
1300 4996 1394 5049 sub
1420 5003 1683 5063 aspectum
1700 4991 1911 5056 cadunt,
1935 5006 2037 5043 non
2060 4990 2255 5053 vident,

714 5107 839 5162 quas
883 5104 1008 5142 vero
1036 5087 1137 5142 sub
1170 5094 1436 5152 aspectum
1489 5098 1592 5135 non
1646 5081 1856 5143 cadunt,
1883 5078 2078 5131 vident.
2110 5077 2257 5142 Quod

711 5192 891 5237 autem
931 5193 1047 5248 qua:
1074 5175 1314 5231 videntur
1358 5187 1460 5225 non
1493 5171 1721 5235 videant,
1769 5179 1823 5223 et
1874 5182 1989 5236 quae
2040 5180 2145 5221 non
2179 5166 2256 5218 vi-

709 5269 905 5324 dentur
944 5267 1171 5324 videant,
1226 5261 1416 5317 Paulus
1461 5259 1749 5313 declaravit
1776 5258 1856 5311 bis
1883 5255 2054 5310 verbis
2085 5273 2098 5307 :
2127 5254 2255 5307 Nam

724 5359 1113 5413 Momentaneum
1132 5364 1176 5409 et
1196 5353 1296 5407 leve
1319 5349 1644 5402 tribulationis
1669 5363 1822 5412 supra
1847 5346 2048 5398 modum
2066 5345 2116 5395 in
2139 5342 2225 5396 sub
2242 5368 2257 5381 -

718 5449 925 5515 [imitate
950 5455 1185 5499 (sternunt
1221 5440 1391 5510 gloria:
1415 5437 1604 5506 pondus
1626 5443 1855 5502 operatur
1881 5433 1932 5484 in
1956 5432 2131 5492 nobis;
2156 5445 2254 5482 non

773 5559 788 5615 ί
801 5553 847 5617 α)
878 5553 1235 5616 Chrysostomus
1260 5547 1526 5597 inﬁrmitate
1548 5544 1755 5605 corporis
1779 5542 2038 5590 laborabat.

2376 1089 2797 1142 considerantibus
2825 1091 2962 1143 nobis
2985 1106 3095 1158 qua:
3121 1090 3364 1155 videntur,
3391 1092 3477 1145 sed
3496 1108 3605 1161 qua:
3634 1109 3733 1146 non
3758 1095 3902 1146 uiden

2374 1183 2456 1228 tur
2480 1176 2535 1245 (2
2562 1176 2677 1229 Cor.
2700 1179 2751 1230 4.
2785 1176 2893 1244 17).
2927 1177 2993 1230 Et
3015 1179 3277 1246 quomodo
3305 1179 3559 1247 quispiam
3587 1194 3647 1233 ea
3675 1195 3794 1253 qum
3822 1194 3922 1233 non

2377 1266 2618 1319 videnlur
2636 1266 2860 1320 viderit?
2883 1269 2997 1331 Quo
3017 1267 3121 1321 alio
3144 1268 3319 1331 modo,
3343 1269 3440 1321 nisi
3471 1268 3588 1323 ﬁdei
3618 1270 3818 1324 oculis?
3838 1270 3926 1324 Sic

2376 1364 2431 1410 et
2453 1357 2575 1410 alibi
2602 1358 2668 1410 ait
2694 1374 2705 1408 :
2741 1356 2869 1409 Fide
2889 1358 3207 1426 intelligimus
3219 1367 3389 1426 aptata
3408 1375 3515 1411 esse
3537 1358 3720 1412 secula
3742 1358 3921 1427 (Hebr.

2378 1446 2464 1499 11.
2486 1446 2560 1515 5).
2589 1445 2859 1510 Quomodo
2879 1447 2901 1498 7
2930 1460 3032 1499 non
3059 1446 3196 1500 enim
3217 1447 3469 1505 videmus.
3493 1448 3557 1502 Ut
3583 1465 3643 1503 ea:
3665 1448 3925 1501 invisibili-

2377 1534 2468 1587 bus
2489 1534 2696 1587 visibilia
2716 1536 2905 1601 ﬁerent.
2926 1535 3093 1589 Vultis
3108 1536 3245 1589 aliud
3263 1538 3521 1606 proferam
3547 1539 3921 1603 testimonium,

2378 1624 2515 1693 quod
2545 1623 2663 1678 ﬁdei
2691 1624 2825 1678 oculi
2852 1639 2913 1677 ea
2948 1626 3152 1679 videant
3191 1643 3307 1695 qua:
3333 1643 3435 1680 non
3462 1629 3738 1683 videntur?
3766 1630 3924 1685 Gala-

2380 1713 2445 1766 tis
2470 1713 2748 1781 aliquando
2772 1713 3007 1768 scribens
3054 1714 3243 1769 Paulus
3268 1717 3473 1771 dicebat
3503 1734 3516 1769 :
3548 1718 3676 1772 Ante
3718 1735 3926 1787 quorum

2378 1802 2545 1854 oculos
2573 1800 2719 1855 Iesus
2743 1800 2964 1855 Christus
2991 1804 3307 1873 prwscriptus
3325 1816 3395 1859 est
3422 1806 3473 1859 in
3497 1807 3629 1859 vobis
3658 1808 3927 1874 crucifixus

2380 1889 2516 1963 (Gal.
2547 1893 2595 1944 δ.
2628 1893 2700 1961 1).

2446 1980 2500 2033 2.
2528 1980 2661 2046 Quid
2688 1980 2835 2044 dicis,
2860 1996 2892 2033 o
2916 1981 3066 2035 beate
3090 1982 3285 2037 Paule?
3312 1984 3361 2036 in
3391 1982 3659 2039 Galatiane
3683 1983 3927 2039 viderunt

2379 2086 2497 2124 eum
2528 2070 2727 2126 Galatae
2748 2072 3095 2125 cruciﬁxum?
3126 2088 3297 2125 nonne
3322 2074 3629 2128 conﬁtemur
3656 2088 3843 2128 omnes
3873 2074 3926 2126 iu

2381 2161 2651 2214 Palmstiua
2702 2162 2752 2212 in
2780 2160 2949 2214 media
2978 2161 3157 2215 Judma
3187 2162 3449 2217 Christum
3495 2177 3612 2218 esse
3664 2164 3925 2232 passum?

2379 2250 2649 2317 Quomodo
2678 2265 2801 2319 ergo
2849 2251 3017 2319 ipsum
3059 2250 3256 2304 Galatae
3295 2251 3607 2306 cruciﬁxum
3636 2253 3923 2307 viderunt?

2381 2340 2560 2401 Fidei,
2589 2355 2693 2393 non
2745 2341 2951 2400 carnis,
2992 2339 3175 2393 oculis.
3226 2340 3465 2393 Vidistin’
3488 2341 3751 2409 quomodo
3798 2341 3918 2395 ﬁdei

2379 2432 2516 2484 oculi
2556 2446 2616 2484 ea
2664 2446 2779 2499 quze
2824 2446 2926 2483 non
2971 2440 3222 2499 apparent
3249 2431 3499 2483 videant?
3526 2432 3567 2483 A
3611 2439 3756 2483 tanto
3783 2432 3926 2485 enim

2380 2522 2649 2575 intervallo
2707 2531 2760 2574 et
2787 2531 2904 2590 post
2932 2530 3132 2574 tantum
3156 2528 3357 2588 tempus
3384 2520 3644 2573 Christum
3674 2520 3918 2574 viderunt

2380 2614 2708 2666 cruciﬁxum.
2730 2613 2815 2665 Sic
2840 2621 2891 2665 et
2919 2626 3010 2665 vos
3039 2609 3225 2664 videtis
3270 2618 3502 2663 mortuos
3541 2618 3880 2677 resurgentes
3906 2625 3920 2660 :

2379 2705 2455 2756 sic
2482 2702 2637 2756 hodie
2671 2703 2883 2756 cernitis
2917 2703 3179 2769 leprosum
3219 2699 3523 2754 mundatum
3554 2719 3568 2753 :
3604 2701 3681 2753 sic
3716 2700 3920 2769 paraly.

2379 2796 2537 2847 ticum
2565 2794 2764 2847 vidistis
2808 2800 3036 2846 erectum
3062 2831 3077 2855 ,
3106 2800 3159 2845 et
3187 2792 3350 2859 magis
3378 2790 3580 2844 vidistis
3604 2831 3618 2854 ,
3643 2806 3799 2859 quam
3827 2790 3919 2844 ειυς

2378 2883 2496 2946 drei,
2528 2882 2613 2951 qui
2634 2891 2755 2935 tunc
2773 2880 3007 2935 aderant.
3039 2879 3117 2933 Illi
3139 2893 3361 2947 namque
3387 2886 3668 2947 praesentes
3699 2893 3800 2931 non
3832 2877 3923 2932 ade

2378 2974 2569 3027 misere
2616 2969 2953 3033 miraculum,
2992 2984 3085 3023 vos
3127 2977 3299 3022 autem
3348 2968 3593 3021 absentes
3640 2966 3795 3020 ﬁdem
3825 2967 3923 3019 ad-

2379 3062 2613 3115 misistis.
2656 3060 2831 3128 ltaque
2868 3060 2985 3127 jure
3027 3058 3132 3112 dixi
3172 3055 3518 3118 vobis,Beati
3554 3058 3700 3109 vestri
3744 3056 3877 3109 oculi
3906 3097 3922 3121 ,

2378 3153 2492 3220 quia
2535 3150 2697 3205 vident
2719 3149 2923 3221 (Matth.
2958 3151 3038 3204 15.
3068 3146 3171 3219 16).
3207 3147 3357 3213 Quod
3391 3147 3432 3199 si
3483 3146 3692 3201 aliunde
3715 3162 3925 3214 quoque

2378 3242 2582 3295 discere
2611 3240 2836 3293 volucris
2856 3279 2871 3302 ,
2903 3239 3023 3292 ﬁdei
3067 3237 3249 3290 oculos
3277 3252 3359 3300 ea,
3386 3251 3501 3303 quae
3524 3251 3629 3287 non
3657 3235 3922 3299 videntur,

2378 3332 2552 3385 videre
2574 3371 2588 3395 ,
2610 3340 2665 3384 et
2693 3346 2750 3383 ea
2779 3371 2792 3392 ,
2823 3344 2939 3398 qua:
2978 3328 3236 3389 videntur,
3279 3335 3678 3393 prtetcrcurrere
3712 3342 3725 3376 :
3754 3338 3925 3390 neque

2377 3422 2513 3475 enim
2555 3420 2657 3473 alio
2695 3417 2849 3472 tnodo
2882 3416 3104 3471 viderint
3128 3430 3185 3468 ea
3208 3454 3223 3478 ,
3254 3429 3369 3480 quae
3398 3428 3502 3466 non
3531 3412 3790 3476 videntur,
3822 3412 3923 3464 nisi

2375 3526 2531 3579 supra
2570 3510 2705 3563 dicta
2734 3510 3067 3578 despexerint
3093 3523 3106 3558 :
3130 3505 3249 3558 audi
3280 3504 3493 3557 Paulum
3518 3503 3585 3557 de
3621 3502 3926 3555 Ahrahamo

2376 3601 2718 3655 disserentem
2739 3640 2753 3664 ,
2782 3597 2919 3666 quod
2954 3611 3140 3663 nempe
3185 3594 3303 3647 ﬁdei
3344 3592 3509 3647 oculis
3537 3592 3728 3646 viderit
3754 3593 3925 3645 ﬁlium

2375 3707 2528 3746 suum
2558 3690 2698 3743 Isaac
2743 3688 3057 3742 nasciturum
3083 3726 3096 3747 ,
3135 3695 3186 3738 et
3211 3685 3286 3736 sic
3322 3683 3580 3750 acceperit
3616 3681 3923 3749 promissio-

2375 3797 2515 3835 nem.
2566 3779 2698 3845 Quid
2730 3779 2866 3831 euim
2897 3777 3007 3828 ait?
3035 3774 3100 3827 Et
3137 3790 3232 3826 non
3268 3773 3549 3840 inﬁrmatus
3586 3778 3655 3823 est
3676 3770 3796 3836 ﬁde,
3831 3785 3921 3821 nec

2373 3871 2693 3925 consideravit
2717 3884 2893 3936 corpus
2912 3882 3055 3919 suum
3080 3873 3356 3917 emortuum
3385 3862 3554 3930 (Rom.
3586 3861 3639 3914 4.
3671 3860 3780 3928 19).
3810 3858 3923 3911 Ma-

2372 3976 2472 4031 gna
2507 3960 2584 4013 vis
2625 3958 2766 4011 ﬁdei.
2812 3954 3257 4020 Quemadmodum
3286 3952 3425 4005 enim
3465 3949 3794 4017 Cogitationes
3821 3948 3918 3998 ho-

2372 4055 2559 4106 minum
2609 4050 2792 4102 timida:
2840 4055 2952 4100 sunt
2981 4055 3026 4097 et
3062 4045 3276 4111 inﬁrma
3318 4041 3467 4114 (Sap.
3499 4041 3551 4095 9.
3582 4040 3669 4108 il)
3692 4056 3707 4101 ;
3732 4040 3810 4092 sic
3856 4037 3921 4089 ﬁ-

2371 4143 2464 4197 des
2509 4142 2657 4195 l‘ortis
2703 4148 2991 4208 potensque
3044 4145 3139 4188 est.
3194 4133 3311 4187 Non
3357 4131 3681 4185 consideravit
3732 4145 3919 4195 corpus

2370 4248 2510 4285 suum
2547 4238 2839 4282 emortuum.
2872 4224 3051 4280 Videu'
3072 4220 3331 4290 quomodo
3357 4218 3577 4271 visibllia
3623 4216 3916 4269 dimiserit?

2368 4317 2628 4387 quomodo
2680 4329 2782 4368 non
2840 4311 3125 4378 respexerit
3172 4311 3221 4361 in
3279 4304 3641 4360 senectutem?
3691 4303 3921 4359 Etiamsi

2370 4409 2481 4460 inec
2520 4421 2626 4475 pra:
2653 4404 2818 4457 oculis
2861 4409 2991 4464 erat,
3026 4397 3117 4452 sed
3166 4396 3284 4450 ﬁdei
3325 4395 3489 4448 oculis
3514 4392 3753 4457 videbat,
3806 4404 3916 4445 non

2366 4500 2530 4554 oculis
2580 4495 2834 4564 corporis.
2876 4492 2997 4547 ldeo
3027 4504 3133 4542 non
3170 4485 3400 4554 respexit
3440 4482 3505 4536 ad
3542 4489 3868 4536 senectutem
3892 4522 3912 4543 ,

2367 4605 2533 4659 neque
2562 4587 2638 4640 Ad
2669 4593 2939 4640 emortuam
2978 4580 3167 4632 vulvam
3197 4576 3368 4631 Sarra:
3392 4574 3562 4645 (Rom.
3592 4573 3645 4624 4.
3670 4570 3781 4639 19).
3817 4571 3917 4625 Hie

2366 4680 2690 4734 sterilitatem
2725 4672 2875 4727 nobis
2894 4668 3207 4724 subiudicat.
3239 4664 3435 4731 Duplex
3461 4662 3600 4715 enim
3631 4660 3912 4713 inﬁrmitas

2364 4778 2475 4823 erat
2494 4785 2505 4831 ;
2525 4767 2622 4817 alia
2652 4780 2679 4816 a
2702 4768 2989 4820 senectute,
3014 4758 3112 4808 alia
3140 4756 3201 4806 ab
3232 4750 3532 4805 inﬁrmitate
3554 4756 3776 4802 natura}.
3799 4747 3910 4801 Ne-

2363 4875 2465 4928 que
2492 4857 2630 4909 enim
2677 4861 2873 4905 tantum
2924 4860 3112 4913 corpus
3161 4844 3227 4896 ob
3253 4850 3458 4894 aetatem
3501 4838 3567 4892 ad
3620 4838 3908 4891 liberorum

2361 4924 2773 5014 procreationem
2810 4938 3040 5003 ineptum
3081 4941 3227 4994 erat,
3255 4929 3347 4982 sed
3374 4928 3527 4981 vulva
3556 4940 3764 4993 quoque
3793 4924 3911 4993 ejus

2362 5046 2415 5091 et
2440 5044 2636 5089 natura:
2665 5030 2872 5083 ofﬁcina
2896 5033 3007 5078 erat
3032 5028 3268 5075 emortua
3290 5058 3305 5083 ,
3332 5017 3490 5071 etiam
3509 5024 3630 5069 ante
3656 5023 3907 5069 senectu-

2364 5138 2466 5181 tem
2492 5164 2505 5187 ,
2538 5135 2723 5187 nempe
2764 5117 2831 5170 ob
2861 5112 3208 5168 sterilitatem.
3234 5107 3413 5160 Viden‘
3440 5113 3635 5173 quanta
3684 5104 3907 5171 impedi-

2362 5214 2570 5270 menta?
2616 5211 2866 5264 Senectus
2912 5202 3044 5265 viri,
3093 5208 3333 5256 senectus
3386 5197 3564 5251 uxoris
3608 5194 3906 5248 :sterilitas

2360 5307 2525 5375 major
2552 5304 2704 5361 obex,
2736 5311 2888 5366 quam
2915 5299 3158 5347 senectus
3181 5307 3193 5341 :
3216 5303 3332 5342 nam
3363 5286 3488 5340 illud
3508 5293 3589 5339 est
3615 5285 3906 5337 maximum

2361 5396 2427 5449 ad
2448 5372 2733 5447 liberorum
2765 5382 3178 5454 procreationem
3205 5375 3651 5446 impedimentum.
3682 5372 3905 5425 Verum-

2363 5496 2535 5539 tamen
2565 5479 2676 5534 hwc
2694 5473 2864 5531 omnia
2898 5467 3283 5540 praetercurrit,
3320 5470 3477 5529 atque
3496 5458 3665 5515 oculis
3692 5458 3818 5514 ﬁdei
3845 5456 3900 5512 in
