4140 6314
148 348 245 404 271

786 331 855 390 IN
885 329 1113 394 ILLUD.
1147 326 1281 383 [10C
1331 324 1619 381 SCITOTE
1649 324 1837 392 QUOD
1874 324 1943 379 IN
1979 321 2371 380 NOVISSIIIIS
2400 320 2667 387 DIEBUS,
2710 320 2856 377 ETC.

3414 334 3524 387 272

2858 572 3428 586 -*———-—-———-——-—.

1662 815 2053 900 OMIAIA

145 1113 237 1180 είς
288 1112 352 1167 τὸ
403 1108 812 1167 ἀπωτολικύν
839 1105 1029 1174 ῥητὸν
1086 1104 1149 1157 τὸ
1182 1101 1382 1171 λόγον’
1446 1097 1613 1153 Τοῦτο
1644 1097 1698 1151 δὲ
1756 1098 2069 1217 γὶνώσικετε,
2126 1098 2206 1152 ὅτι
2250 1101 2309 1152 ὲν
2357 1098 2612 1167 έσχάταις
2656 1096 2888 1168 ἡμέραις
2937 1096 3143 1150 ἔσονται
3207 1098 3383 1166 καιροὶ
3435 1116 3527 1169 χα-

1814 1184 1912 1217 επο
1939 1203 1953 1216 .

1814 1184 1953 1219 εποι.

214 1597 281 1645 α’.
321 1587 575 1658 ’Δσθενής
624 1586 720 1657 μέν
750 1588 863 1653 ειμι
890 1583 982 1636 καὶ
1014 1582 1243 1651 πτωχὸς,
1276 1582 1368 1634 καὶ
1394 1579 1781 1634 διδασκαλικῶν

154 1674 366 1743 ἄπειρος
406 1674 594 1739 λόγων·
646 1670 757 1722 ἀλλ’
790 1670 915 1721 ὅταν
948 1668 1039 1719 ῐδω
1086 1668 1174 1718 τὸν
1209 1666 1466 1737 ὑμέτερον
1508 1664 1780 1732 σύλλογον,

158 1758 565 1823 ἐπιλανθάνομαι
598 1756 694 1825 τῆς
719 1754 1015 1814 ἀσθενείας,
1041 1750 1216 1817 ἀγνοῶ
1248 1752 1345 1818 τὴν
1380 1749 1662 1818 πτωχείαν,
1684 1750 1783 1801 οὐκ

157 1838 261 1893 οῐδα
283 1843 378 1910 τὴν
408 1838 678 1908 ἀπειρίαν·
715 1837 936 1903 τοιαύτη
954 1834 1059 1904 γάρ
1087 1835 1185 1904 τῆς
1210 1834 1475 1903 ὑμετέρας
1505 1834 1719 1901 ἀγάπης
1746 1835 1779 1908 ἡ

157 1927 419 1996 τυραννίς.
441 1926 531 1977 Διὸ
557 1924 648 1975 καὶ
672 1922 777 1974 τῶν
801 1924 856 1974 έν
876 1921 1102 1989 εὐπορία
1138 1918 1484 1972 καθεστώτων
1515 1918 1783 1989 προθυμό-

157 2028 300 2080 τερον
341 2012 470 2078 ὑμῖν
510 2008 605 2077 τὴν
645 2010 741 2077 τῆς
795 2005 1059 2074 πτωχείας
1113 2003 1447 2073 παρατίθημι
1487 2004 1779 2073 τράπεζαν.

158 2096 360 2164 Ταύτης
392 2096 450 2147 δὲ
478 2096 631 2163 ὑμεῖς
654 2093 812 2147 αῖτιοι
838 2091 935 2159 τῆς
967 2090 1378 2160 μεγαλοψυχίας,
1407 2092 1472 2158 τῇ
1509 2090 1782 2160 προθυμίᾳ

159 2182 247 2249 τῆς
280 2182 594 2252 ἀκροάσεως
623 2182 745 2239 τοὺς
778 2176 1225 2236 ἀναπεπτωκότας
1253 2175 1623 2245 διεγείροντες,
1646 2176 1782 2245 πρὸς

157 2269 247 2338 τὴν
283 2269 543 2337 ἀκρόασιν
575 2265 876 2335 κεχηνότες,
916 2262 1007 2315 καὶ
1040 2262 1139 2330 τῆς
1187 2261 1279 2312 τοῦ
1313 2261 1555 2327 λέγοντος
1587 2261 1780 2329 έκκρε-

161 2354 383 2421 μάμενοι
409 2350 668 2419 γλώττης.
701 2348 854 2401 Οὑτω
874 2348 965 2399 καὶ
994 2347 1198 2397 νεοσσοὶ
1234 2345 1530 2415 χελιδόνων,
1570 2345 1782 2399 ἐπειδὰν

160 2437 299 2490 ίδωσι
330 2436 774 2506 προσιπταμένην
822 2434 917 2501 τὴν
952 2431 1181 2501 μητέρα,
1221 2431 1317 2498 τῆς
1354 2429 1543 2491 καλιᾶς
1576 2429 1779 2497 προκύ-

158 2522 345 2587 ψαντες
386 2521 628 2580 καὶτοὺς
679 2519 904 2586 αὐχένας
951 2519 1263 2583 ποιήσαντες
1290 2516 1593 2584 ὲκκρεμεῖς,
1643 2514 1782 2566 οὕτω

158 2607 391 2675 δέχονται
412 2606 511 2674 τὴν
538 2603 664 2672 παρ’
691 2603 896 2670 ἐκείνης
923 2602 1143 2669 τροφήν.
1176 2598 1330 2650 Οὑτω
1351 2600 1441 2650 καὶ
1461 2599 1614 2666 ὑμεῖς
1648 2598 1781 2666 μετά

158 2698 347 2766 πολλῆς
381 2696 480 2763 τῆς
505 2692 802 2763 προθυμίας
823 2691 953 2759 πρὸς
984 2690 1072 2741 τὸν
1103 2688 1319 2754 λέγοντα
1360 2687 1660 2754 βλέποντες,
1695 2685 1779 2737 δέ-

157 2783 306 2849 χεσθε
334 2783 433 2850 τὴν
459 2780 563 2832 ἀπὸ
591 2775 737 2847 [279]
763 2776 858 2844 τῆς
880 2773 1117 2842 γλώττης
1150 2770 1506 2840 κομιζομένην
1528 2770 1651 2839 ὑμῖν
1672 2770 1782 2823 διά-

158 2866 311 2928 λεξιν,
337 2866 433 2917 καὶ
477 2865 605 2932 πρὶν
634 2862 667 2932 ἦ
702 2861 768 2912 τὰ
800 2861 1013 2928 ῥήματα
1055 2857 1353 2923 ἐκπηδῆσαι
1399 2854 1491 2907 τοῦ
1524 2854 1783 2923 στόματος

158 2950 325 3019 ήμῶν,
352 2952 596 3019 ἥρπασεν
628 2947 661 3015 ή
689 2944 892 2997 διάνοια
918 2944 985 2995 τὰ
1016 2941 1295 3010 ὶεγόμενα.
1331 2939 1423 3001 Τίς
1456 2934 1547 2992 οὖν
1585 2940 1682 2990 οὐκ
1719 2937 1783 2992 ἂν

159 3037 245 3087 καὶ
271 3035 415 3102 ὑμᾶς
446 3032 539 3086 καὶ
571 3032 713 3100 ἡμᾶς
762 3030 853 3081 ἐπὶ
890 3027 1093 3087 τούτοις
1152 3024 1516 3094 μακαρίσειεν,
1544 3024 1785 3089 ὃτιλέγο-

162 3137 253 3189 μεν
284 3122 383 3183 Eu;
415 3113 531 3170 ὦτα
551 3115 919 3183 ᾀκουόντων;
948 3110 1136 3171 Κοινδς
1158 3112 1184 3161 ό
1218 3110 1389 3171 πόνος,
1419 3108 1590 3168 κοινὸς
1634 3108 1725 3158 καὶ
1757 3110 1784 3160 ό

158 3206 433 3273 στέφανοςο
463 3199 707 3254 κοινὺντὸ
723 3198 928 3267 κέρδος,
947 3196 1119 3256 κοινὸς
1149 3194 1239 3245 καὶ
1258 3194 1286 3245 ὁ
1315 3192 1517 3261 μισθός.
1541 3192 1637 3243 Διά
1665 3191 1784 3244 τοῦ-

158 3306 214 3341 το
236 3290 368 3342 καὶὸ
393 3286 617 3356 Χριστὸς
649 3282 943 3352 έμακάρισε
972 3280 1094 3341 τοὺς
1133 3278 1373 3347 μαθητὰς
1401 3277 1588 3343 λέγων·
1606 3276 1784 3356 Ὑμῶν

159 3373 221 3424 δὲ
233 3355 506 3440 μακάριοι
535 3373 586 3423 οἱ
613 3366 917 3435 ὀφθαλμοὶ,
947 3365 1032 3416 ὅτι
1068 3364 1388 3427 βλέπουσι,
1437 3361 1531 3412 καὶ
1560 3361 1630 3413 τὰ
1669 3355 1785 3412 ὦτα

158 3456 339 3523 ὑμῶν,
371 3456 460 3507 ὅτι
508 3455 811 3507 ἀκούουσι.
854 3450 979 3501 Δότε
1010 3466 1095 3517 μοι
1134 3447 1300 3499 ταῦτα
1323 3446 1389 3497 τὰ
1426 3447 1635 3514 ῥήματα
1693 3446 1785 3496 καὶ

161 3540 288 3607 πρὸς
321 3541 464 3607 ὑμᾶς
504 3539 693 3597 εἰπεῖν,
722 3534 905 3602 ἐπειδὴ
955 3534 1046 3585 καὶ
1091 3532 1186 3600 τὴν
1232 3530 1394 3599 αὐτὴν
1422 3529 1783 3581 έπιδείκνυσθε

161 3626 479 3694 προθυμίαν·
520 3621 709 3689 ’Υμῶν
735 3620 800 3672 δὲ
836 3618 1104 3687 μακάριοι
1132 3620 1185 3669 οί
1210 3615 1512 3682 ὀφθαλμοὶ,
1540 3613 1783 3676 ὅτιβλέ-

161 3725 355 3772 πουσι,
411 3708 507 3760 καὶ
552 3708 623 3759 τὰ
668 3702 785 3758 ὦτα
824 3704 1006 3771 ὑμῶν,
1043 3702 1126 3755 ὅτι
1172 3701 1511 3753 ἀκούουσιν.
1543 3699 1673 3749 Ἀλλ’
1705 3699 1783 3750 ὃτι

164 3795 258 3861 μὲν
291 3793 443 3862 ὑμῶν
470 3792 537 3843 τὰ
562 3786 669 3843 ὦτα
704 3790 907 3853 ἀκούει,
938 3788 1110 3857 δῆλοψ
1134 3788 1213 3838 ὅτι
1236 3785 1292 3837 δὲ
1329 3785 1419 3837 καὶ
1446 3784 1492 3835 οἱ
1526 3782 1784 3850 ὀφθαλμοὶ

164 3881 430 3945 βλέπουσι,
483 3876 727 3945 καθάπερ
776 3874 993 3925 ἔϐλεπον
1041 3872 1091 3923 οί
1150 3869 1383 3939 μαθηταὶ
1432 3869 1583 3931 τότε,
1633 3868 1785 3919 τοῦτο

162 3965 428 4028 ἀποδεῖξαι
455 3961 799 4030 πειράσομαι,
830 3958 914 4010 ῖνα
948 3956 1019 4026 μὴ
1042 3955 1100 4018 ἐξ
1121 3956 1388 4024 ἡμισείας,
1423 3953 1531 4005 ἀλλ’
1562 3952 1783 4021 ὁλόκλη-

165 4067 245 4118 ρος
270 4048 421 4117 ὑμῶν
452 4050 481 4099 ό
524 4044 863 4115 μακαρισμὸς
990 4043 1053 4093 Τί
1082 4038 1171 4093 οὖν
1210 4040 1431 4091 έόλεπον
1457 4039 1575 4089 τότε
1606 4039 1653 4089 οί
1689 4055 1786 4105 μα-

164 4135 343 4202 θηταῖς
378 4132 622 4198 Νεκροὺς
661 4129 1072 4197 ἀνισταμένους,
1102 4126 1330 4193 τυφλοὺς
1371 4123 1784 4186 ἀναδλέποντας,

162 4218 382 4287 λεπροὺς
411 4216 851 4285 καθαιρομένους,
880 4212 1129 4281 δαίμονας
1157 4210 1556 4277 ἐλαυνομένους,
1586 4207 1787 4277 χωλοὺς

167 4304 490 4369 βαδίζοντας,
516 4300 656 4353 ἆπαν
686 4300 893 4369 φύσεως
923 4296 1217 4366 ἁμάρτημα
1246 4293 1633 4362 διορθούμενον.
1650 4291 1788 4344 Ταῦ-

164 4403 224 4437 τα
251 4387 473 4455 βλέπετε
503 4386 594 4438 καὶ
619 4385 769 4453 ὑμεῖς
803 4382 915 4445 νῦν,
948 4383 993 4433 εί
1026 4383 1119 4433 καὶ
1152 4380 1224 4449 μὴ
1253 4382 1363 4440 τοῖς
1394 4377 1483 4431 τοῦ
1520 4377 1784 4447 σώματος,

166 4472 292 4524 ἀλλά
320 4474 435 4533 τοῖς
470 4472 567 4538 τῆς
592 4469 819 4530 πίστεως
848 4466 1155 4534 ὀφθαλμοῖς.
1187 4463 1435 4515 Τοιαῦται
1465 4465 1571 4534 γὰρ
1611 4463 1665 4515 αί
1689 4464 1786 4531 τῆς

165 4559 384 4619 πίστεως
407 4556 577 4623 δψειςο
617 4554 683 4606 τά
719 4554 792 4623 μὴ
815 4552 1103 4620 φαινόμενα
1126 4550 1392 4619 βλέπουσι,
1427 4549 1515 4600 καὶ
1539 4548 1605 4599 τά
1633 4548 1790 4617 μηδέ-

167 4659 244 4695 πω
283 4641 591 4710 πραχθέντα
634 4638 965 4691 κατανοοῦσι.
1008 4636 1174 4689 Πόθεν
1198 4635 1353 4685 τοῦτο
1378 4634 1551 4702 δῆλον,
1574 4634 1652 4684 ὅτι
1696 4633 1787 4684 πί-

169 4742 273 4785 στις
289 4726 407 4792 δψις
426 4724 544 4776 ἐστὶ
570 4722 675 4773 τῶν
697 4722 771 4791 μὴ
792 4722 1125 4791 βλεπομένων
1154 4721 1243 4771 καὶ
1268 4720 1479 4786 ἐλεγχος
1499 4735 1513 4782 ;
1531 4719 1789 4769 Ἀκουσον

165 4810 251 4860 τοῦ
283 4810 492 4863 Παύλου
533 4808 793 4874 λέγοντοςο
827 4809 997 4859 Ἔστι
1049 4805 1116 4857 δὲ
1164 4807 1361 4869 πίστις
1402 4803 1790 4870 ἐλπιζομένων

169 4898 492 4959 ὑπόστασις
548 4890 912 4959 πραγμάτων,
966 4891 1211 4958 ἐλεγχος
1267 4892 1336 4942 οὐ
1380 4889 1784 4956 βλεπομένων.

167 4980 345 5031 Καὶτὺ
375 4978 440 5047 δὴ
488 4976 811 5045 θαυμαστὸν,
856 4968 998 5027 οὗτοι
1032 4976 1126 5044 μὲν
1154 4979 1202 5027 οί
1232 4976 1328 5042 τῆς
1353 4974 1549 5043 σαρκὸς
1591 4974 1786 5042 ὀφθαλ-

176 5065 264 5130 μοὶ
286 5064 353 5115 τά
381 5063 479 5131 μὲν
525 5060 767 5130 ὁρώμενα
813 5059 1081 5129 βλέπουσι,
1127 5061 1193 5112 τά
1229 5061 1285 5112 δὲ
1339 5060 1413 5127 μὴ
1434 5059 1679 5129 ὁρώμενα
1728 5062 1786 5112 οὑ

169 5146 464 5213 βλέπουσιν·
493 5148 540 5197 οί
567 5146 621 5197 δὲ
650 5146 744 5213 τῆς
778 5144 1001 5204 πίστεως
1019 5142 1280 5211 ὀφθαλμοὶ
1303 5143 1604 5195 τούναντίον
1625 5144 1785 5206 ἀπαν,

167 5232 229 5284 τά
254 5231 351 5300 μὲν
377 5230 627 5301 ὁρώμενα
676 5231 735 5282 οὑ
780 5229 1051 5298 βλέπουσι,
1096 5228 1164 5279 τά
1196 5228 1250 5279 δὲ
1284 5228 1356 5298 μὴ
1395 5228 1642 5299 ὁρώμενα
1672 5228 1790 5296 βλέ-

168 5333 338 5367 πουσι.
361 5318 470 5367 Καὶ
502 5318 578 5368 ὅτι
625 5316 692 5367 τά
728 5314 1023 5383 Βλεπόμενα
1072 5314 1131 5363 ού
1165 5313 1434 5380 βλέπουσι,
1484 5316 1575 5365 καὶ
1600 5313 1667 5366 τά
1716 5316 1787 5383 μὴ

169 5398 465 5468 βλεπόμενα
498 5400 795 5468 βλέπουσιν,
833 5401 861 5451 ό
893 5397 1098 5458 Παῦλος
1129 5398 1387 5464 ἐδήλωσεν
1408 5398 1573 5451 είπὼν
1599 5399 1786 5461 οὑτωςη

172 5485 237 5537 Τὸ
262 5486 367 5555 γὰρ
406 5488 733 5552 παραυτίκα
758 5485 1017 5553 ἐλαφρὸν
1042 5483 1149 5550 τῆς
1177 5485 1431 5549 θλίψεως
1464 5487 1589 5537 καθ’
1614 5488 1790 5551 ὑπερ·-

167 5570 350 5639 Mirr
396 5574 477 5636 είς
529 5572 861 5641 ὑπερϐολὴν
912 5571 1143 5626 αἰώνιον
1181 5567 1367 5637 βάρος
1420 5570 1599 5636 δόξης
1650 5570 1791 5638 ἡμῖν

1883 1578 2306 1648 κατεργάζεται,
2324 1578 2408 1646 μὴ
2455 1579 2842 1631 σκοπούντων
2874 1582 3041 1649 ἡμῶν
3069 1582 3138 1634 τὰ
3155 1583 3522 1651 βλεπόμενα,

1880 1666 2040 1720 ἀλλὰ
2066 1668 2137 1719 τὰ
2161 1665 2245 1734 μὴ
2291 1666 2651 1731 βλεπόμενα.
2684 1665 2790 1716 Καὶ
2836 1665 2949 1728 πῶς
2977 1668 3040 1719 ἄν
3073 1683 3151 1728 τις
3207 1669 3305 1721 ῖδοι
3348 1668 3414 1720 τά
3446 1670 3521 1739 μὴ

1882 1751 2215 1821 βλεπόμενα;
2246 1751 2366 1809 Πῶς
2394 1748 2582 1809 ἄλλως,
2616 1749 2727 1801 ἀλλ’
2750 1750 2780 1817 ἢ
2808 1753 2916 1811 τοῖς
2944 1753 3038 1818 τῆς
3062 1752 3293 1813 πίστ-ως
3322 1752 3519 1817 ὀφθαλ-

1883 1840 2031 1906 μοῖς;
2066 1836 2218 1888 Οὕτω
2246 1836 2337 1888 καὶ¹
2370 1832 2601 1903 ἀλλαχοῦ
2637 1852 2785 1904 φησι·
2809 1835 3014 1887 Πίστει
3035 1836 3290 1904 νοοῦμεν
3313 1854 3518 1905 κατηρ-

1879 1920 2073 1974 τίσθαι
2107 1918 2247 1983 τοὺς
2267 1919 2499 1982 αιῶνας.
2534 1917 2688 1981 Πῶς;
2727 1918 2790 1969 οὐ
2825 1917 2929 1988 γὰρ
2968 1918 3193 1987 εἴδομεν.
3221 1920 3320 1984 Εἰς
3339 1921 3402 1972 τὸ
3431 1922 3517 1988 μὴ

1879 2004 1946 2057 ἐκ
1973 2002 2339 2071 φαινομένων
2366 2004 2435 2054 τὰ
2451 2002 2795 2069 ,βλεπόμενα
2844 2004 3170 2069 γεγονέναι,
3204 2004 3358 2071 φησί.
3389 2004 3521 2057 Βού-

1880 2088 2033 2141 λεσθε
2058 2088 2148 2141 καὶ
2185 2087 2371 2156 ἑτέραν
2405 2088 2635 2156 παράγω
2660 2088 2980 2156 μαρτυρίαν,
3004 2089 3084 2138 ὅτι
3106 2088 3173 2141 τά
3214 2090 3287 2157 μὴ
3322 2088 3516 2157 βλεπό-

1884 2190 2018 2242 μενα
2081 2172 2365 2242 βλέπουσιν
2409 2172 2459 2223 οί
2505 2172 2600 2241 τῆς
2650 2172 2882 2233 πίστεως
2932 2173 3224 2241 όφθαλμοί;
3258 2175 3519 2237 Γαλάταις

1881 2259 2009 2311 ποτὲ
2035 2258 2299 2328 γράφωνδ
2329 2257 2534 2320 Παῦλος
2564 2258 2761 2325 έλεγεψ
2785 2254 2881 2321 ΟῘς
2897 2259 3020 2311 κατ’
3044 2261 3383 2328 ὀφθαλμοὺς
3416 2263 3519 2329 Ἰη-

1880 2343 2028 2406 σοῦς
2049 2341 2293 2408 Χριστὸς
2317 2341 2647 2410 προεγράφη
2670 2343 2738 2394 ἐν
2760 2343 2897 2410 ὑμῖν
2914 2345 3373 2412 ἐσταυρωμένος.

1954 2428 2016 2496 β’.
2046 2428 2107 2479 Τί
2133 2427 2324 2493 λέγεις,
2354 2424 2397 2480 ὢ
2424 2428 2653 2496 μακάριε
2675 2428 2881 2491 ﬂatile;
2915 2430 2971 2479 έν
2999 2430 3227 2499 Γαλατία
3256 2431 3515 2501 σταυροῦ-

1882 2530 2041 2582 μενον
2076 2513 2235 2563 αὑτὸν
2270 2509 2404 2563 εἶδον
2446 2512 2713 2576 Γαλάταις
2752 2512 2869 2580 οὐχὶ
2904 2514 3099 2575 πάντες
3133 2516 3513 2584 ὁμολογοῦμεν,

1878 2600 1956 2650 ὅτι
1989 2600 2044 2649 έν
2076 2596 2399 2665 Παλαιστίνῃ
2448 2597 2503 2647 ὲν
2537 2596 2674 2665 μέσῃ
2710 2597 2931 2667 Ἰουδαίᾳ
2960 2599 3019 2650 τὸ
3063 2600 3229 2662 πάθος
3273 2602 3513 2666 ὲγένετος

1879 2682 2000 2743 Πῶς
2029 2677 2119 2733 οὖν
2152 2678 2306 2733 αὑτὸν
2343 2676 2478 2732 εἶδον
2529 2680 2917 2750 σταυρούμενον
2958 2684 3217 2743 Γαλάταις
3262 2684 3383 2748 Τοῖς
3418 2687 3517 2755 τῆς

1883 2769 2112 2828 πίστεως
2148 2766 2456 2835 ὀφθαλμοῖς,
2489 2765 2547 2817 ού
2595 2770 2701 2827 τοῖς
2733 2766 2831 2834 τῆς
2874 2770 3088 2837 σαρκός.
3141 2766 3289 2833 Εἶδες
3318 2771 3432 2833 πῶς
3463 2772 3515 2824 οί

1882 2855 1979 2921 τῆς
2033 2852 2265 2912 πίστεως
2311 2850 2572 2919 ὀφθαλμοὶ
2616 2851 2684 2902 τὰ
2732 2852 2805 2921 μὴ
2854 2854 3149 2922 φαινόμενα
3197 2856 3512 2923 βλέπουσιν;

1895 2941 2024 2995 Ἀπὸ
2069 2940 2319 2993 τοσούτου
2376 2940 2503 3007 γοῦν
2549 2940 2909 3010 διαστήματος
2959 2943 3049 2994 καὶ
3088 2944 3223 3011 μετὰ
3267 2944 3517 2997 τοσοῦτον

1882 3027 2067 3096 χρόνον
2092 3026 2179 3077 τὸν
2204 3025 2433 3094 Χριστὸν
2467 3020 2602 3077 εἶδον
2630 3024 3038 3095 σταυρούμενον.
3057 3028 3208 3079 Οὕτω
3240 3028 3331 3081 καὶ
3361 3028 3514 3097 ὑμεῖς

1884 3110 2104 3179 βλέπετε
2166 3110 2286 3170 τοὺς
2334 3110 2555 3179 νεκροὺς
2617 3110 3023 3179 ἀνισταμένους’
3083 3112 3218 3163 οὕτω
3281 3114 3514 3182 σήμερον

1882 3195 2045 3246 εῖδετε
2113 3193 2203 3246 τὸν
2254 3194 2447 3263 λεπρδν
2518 3193 2930 3263 καθαιρόμενον·
2989 3194 3156 3257 οὕτως
3204 3196 3369 3248 εἴδετε
3425 3198 3513 3251 τὸν

1883 3279 2315 3349 παραλελυμένον
2355 3278 2673 3341 ἀναστάντα,
2703 3278 2849 3349 [280]
2886 3280 2977 3330 καὶ¹
3027 3281 3219 3348 μᾶλλον
3253 3281 3513 3335 Ἰουδαίων

1889 3364 1988 3414 τῶν
2036 3364 2312 3434 παρόντων
2358 3363 2543 3415 εῖδετε.
2585 3364 2806 3415 Ἐκεῖνοι
2857 3364 2952 3431 μὲν
2990 3365 3093 3432 γὰρ
3143 3366 3403 3433 παρόντες
3449 3369 3511 3419 οὑ

1885 3449 2237 3518 παρεδέξαντο
2269 3450 2329 3499 τὸ
2362 3448 2561 3515 θαῦμα,
2590 3449 2742 3516 ὑμεῖς
2788 3448 2841 3499 δὲ
2888 3449 3111 3510 ἀπόντες
3152 3451 3510 3519 παρεδέξασθε

1884 3552 1978 3603 την
2004 3535 2199 3585 πίστιν.
2233 3534 2390 3584 Ὥστε
2416 3533 2633 3593 δικαίως
2679 3530 2824 3585 εἷπον
2856 3534 2987 3602 πρὸς
3017 3536 3175 3601 ὑμᾶς,
3203 3535 3283 3585 ὅτι
3317 3538 3513 3588 Μακά-

1876 3637 1993 3685 plot
2025 3618 2164 3686 ὑμῖν
2191 3622 2242 3671 oi
2275 3619 2581 3686 ὀφθαλμοί,
2612 3620 2697 3670 ὅτι
2717 3619 3074 3681 βλέπουσιν.
3112 3620 3170 3671 Εί
3203 3621 3258 3672 δὲ
3285 3621 3375 3672 καὶ
3400 3621 3508 3673 ἑτέ-

1888 3704 2055 3771 ρωθεν
2089 3702 2265 3772 βούλει
2310 3702 2494 3771 μαθεῖν
2538 3704 2618 3754 ὅτι
2660 3702 2724 3754 τὰ
2765 3702 2837 3771 μὴ
2883 3703 3180 3772 βλεπόμενα
3230 3705 3513 3773 βλέπουσιν

1884 3791 1929 3839 οἱ
1967 3789 2062 3856 τῆς
2089 3788 2319 3848 πίστεως
2343 3787 2621 3854 ὀφθαλμοὶ,
2648 3788 2715 3838 τά
2744 3787 2796 3838 δὲ
2824 3787 3121 3855 βλεπόμενα
3148 3790 3511 3858 παρατρέχου-

1887 3889 1968 3923 σιν
1988 3886 2001 3899 ⁶
2036 3872 2153 3925 οὑδὲ
2182 3874 2288 3942 γάρ
2319 3873 2384 3924 ἂν
2410 3872 2577 3934 ἄλλως
2609 3873 2762 3924 ἴδοιεν
2793 3871 2859 3923 τὰ
2890 3872 2963 3941 μὴ
3006 3873 3319 3941 βλεπόμενα,
3353 3876 3400 3924 εί
3436 3875 3510 3944 μὴ

1886 3960 2347 4028 καταφρονήσαιεν
2392 3957 2497 4008 τῶν
2540 3956 2867 4026 εἰρημένωνο
2921 3959 3144 4010 ἄκουσον
3176 3958 3266 4010 τοῦ
3302 3959 3510 4011 Παύλου

1885 4044 2009 4112 περὶ
2044 4044 2135 4095 τοῦ
2168 4044 2413 4115 Ἀϐραὰμ
2447 4043 2840 4111 διαλεγομένου,
2871 4045 2947 4096 ὃτι
2990 4048 3097 4107 τοῖς
3144 4046 3239 4113 τῆς
3285 4047 3512 4108 πίστεως

1884 4128 2173 4197 όιρθαλμοῖς
2202 4123 2302 4180 εἶδε
2335 4129 2422 4180 τὸν
2449 4130 2560 4183 υἱὸν
2581 4130 2887 4200 τικτόμενον
2907 4130 2993 4182 τὸν
3028 4131 3227 4192 Ἰσαὰκ,
3252 4131 3341 4182 καὶ
3373 4130 3513 4183 οὕτω

1886 4213 2199 4276 κατεδέξατο
2250 4213 2344 4283 τὴν
2396 4214 2734 4280 ἐπαγγελίαν.
2801 4216 2863 4266 Τί
2901 4216 3005 4284 γάρ
3056 4231 3213 4283 φησι;
3260 4216 3366 4269 Καὶ
3424 4214 3509 4281 μὴ

1885 4298 2224 4363 ἀσθενήσας
2252 4297 2324 4365 τῇ
2346 4300 2559 4361 πίστει,
2582 4301 2653 4352 οὐ
2676 4303 2995 4366 κατενόησε
3022 4302 3083 4351 τὸ
3111 4299 3321 4352 ἑαυτοῦ
3345 4298 3513 4367 σῶμα

1886 4383 2337 4450 νενεκρωμένον.
2362 4383 2581 4453 Μεγάλη
2610 4384 2706 4452 τῆς
2732 4384 2960 4446 πίστεως
2988 4384 3280 4453 ήδύναμις.
3307 4385 3514 4452 ’Ὠσπερ

1888 4468 1991 4534 γὰρ
2017 4466 2288 4534 λογισμοί
2334 4467 2650 4533 ἀνθρώπων
2680 4468 2859 4520 δειλοί
2892 4470 2990 4521 καὶ
3040 4469 3329 4534 ἀσθενεῖς,
3374 4469 3514 4521 οὕτω

1889 4552 2065 4612 πίστις
2100 4551 2290 4619 ίσχυρά
2331 4552 2422 4602 καὶ
2468 4551 2684 4621 δυνατή.
2719 4554 2799 4605 Οὐ
2828 4554 3154 4621 κατενόησε
3190 4554 3255 4605 τὸ
3299 4554 3512 4605 ἑαυτοῦ

1888 4636 2054 4703 σῶμα
2085 4637 2537 4702 νενεκρωμένον.
2579 4637 2735 4706 Ὁρᾷς
2783 4639 2897 4697 πῶς
2936 4639 3108 4705 ἀφῆκε
3134 4638 3198 4689 τά
3233 4637 3515 4706 ὁρώμενα;

1888 4722 2000 4782 πῶς
2028 4723 2124 4773 οὐκ
2156 4717 2290 4772 εἶδεν
2318 4723 2390 4783 είς
2436 4721 2494 4772 τὸ
2529 4721 2733 4790 γῆρας;
2791 4726 2974 4775 Καίτοι
3006 4740 3063 4788 γε
3100 4723 3226 4774 αὐτὸ
3268 4724 3371 4791 πρὸ
3406 4724 3514 4775 τῶν

1890 4806 2178 4874 ὀφθαλμῶν
2213 4806 2415 4857 ἔκειτο·
2472 4806 2602 4858 ἀλλά
2650 4810 2758 4868 τοῖς
2808 4807 2902 4874 τῆς
2939 4808 3167 4869 πίστεως
3224 4808 3513 4876 ὀφθαλμοῖς

1888 4893 2052 4962 ἑώρα,
2087 4894 2145 4945 οὑ
2176 4897 2284 4955 τοῖς
2312 4894 2401 4946 τοῦ
2432 4893 2693 4964 σώματος.
2724 4895 2811 4946 Διὸ
2840 4898 2936 4947 οὐκ
2964 4892 3067 4947 εἶδε
3094 4898 3153 4948 τὸ
3184 4899 3373 4967 γῆρας,
3397 4899 3514 4951 οὐδὲ

1888 4978 1982 5045 τὴν
2025 4979 2285 5046 νέκρωσιν
2330 4979 2570 5049 Σάρρας·
2632 4980 2690 5031 οὑ
2738 4981 3023 5048 κατενόησε
3067 4981 3183 5047 Τὴν
3225 4982 3516 5050 νέκρωσιν

1888 5063 1995 5127 τῆς
2042 5064 2269 5131 μήτρας
2317 5064 2563 5131 Σάρρας.
2616 5066 2724 5133 Τὴν
2773 5067 3048 5134 στείρωσιν
3102 5071 3230 5138 ἡμῖν
3288 5071 3517 5123 ἐνταῦθα

1889 5149 2199 5203 αἰνίττεται.
2245 5149 2410 5219 Διπλῆ
2445 5150 2549 5220 γάρ
2590 5151 2621 5220 ή
2666 5151 2909 5203 ἀσθένεια
2939 5148 3025 5223 ἦν,
3069 5155 3099 5224 ή
3150 5154 3247 5223 μὲν
3276 5156 3380 5207 ἀπὸ
3421 5156 3517 5224 τῆς

1890 5233 2119 5301 ⁴ήλικίας,
2163 5234 2195 5303 ἠ
2237 5234 2294 5287 δὲ
2330 5234 2437 5287 ἀπὸ
2477 5236 2573 5303 τῆς
2613 5236 2891 5301 ἀσθενείας
2924 5240 3149 5305 φύσεως.
3196 5243 3268 5292 Ού
3311 5241 3414 5310 γὰρ
3456 5241 3518 5293 τὸ

1892 5316 2047 5384 σῶμα
2081 5317 2235 5385 μόνον
2263 5318 2350 5370 διά
2386 5318 2481 5388 τὴν
2523 5319 2733 5387 ἠλικίαν
2774 5322 3039 5392 ἄχρηστον
3065 5320 3129 5392 ἦν
3166 5325 3297 5393 πρὸς
3336 5326 3518 5377 παιδοο

1889 5402 2092 5467 γονίαν,
2114 5402 2249 5456 ἀλλά
2271 5403 2363 5455 καὶ
2404 5404 2537 5473 αὑτὴ
2577 5406 2608 5474 ὴ
2655 5406 2832 5476 μήτρα
2877 5409 3187 5478 νενέκρωτο,
3224 5411 3313 5461 καὶ
3337 5410 3395 5462 τὸ
3421 5412 3518 5478 τῆς

1892 5488 2103 5553 φύσεως
2143 5490 2518 5560 ἐργαστήριον,
2556 5492 2647 5543 καὶ
2684 5493 2787 5562 πρὸ
2816 5494 2907 5546 τοῦ
2940 5496 3120 5563 γήρως
3152 5497 3419 5566 ἄχρηστον
3448 5492 3521 5566 ἦν

1890 5572 1977 5625 διὰ
2004 5572 2099 5639 τὴν
2132 5574 2430 5641 στείρωσιν.
2463 5571 2612 5639 Εἶδες
2639 5579 2735 5630 ὅσα
2759 5578 3085 5649 κωλύματα,
3120 5581 3192 5634 Τὸ
3225 5584 3393 5650 γῆρας
3424 5581 3519 5635 τοῦ
