4144 6308
150 350 264 403 273

154 460 340 513 caelum
372 478 531 531 usque
555 466 812 525 surrexit,
838 480 1075 531 magnum
1099 464 1294 515 habens
1319 463 1690 530 promissorum

156 559 545 616 argumentum,
569 553 680 618 ejus
707 567 893 620 nempe
919 553 1004 620 qui
1036 552 1343 617 promiserat
1366 558 1695 617 potestatem.

177 638 279 691 deo
304 637 370 691 In
396 642 712 706 promissione
738 641 835 694 Dei
871 658 968 693 non
991 642 1241 693 ‘luesitavit
1286 641 1550 707 diﬁ'identia
1572 679 1584 702 ,
1614 640 1699 691 sed

162 728 463 793 :onfortatus
485 737 556 779 est
582 729 680 793 [ide
704 727 872 796 (Ilom.
898 729 947 780 1.
980 727 1090 794 20).
1126 727 1329 779 Etenim
1364 742 1456 780 ceu
1484 727 1698 779 baculus

157 813 370 878 quidam
392 814 571 867 ﬁrmus
598 826 837 884 tutusque
857 825 1035 882 portus
1060 816 1190 867 ﬁdes
1218 825 1313 878 est,
1343 831 1458 882 qua:
1487 831 1514 867 a
1546 816 1700 869 ratio-

158 904 416 957 ciniorum
442 905 847 968 erroreliberat,
877 906 1209 972 animumque
1243 906 1295 957 in
1330 906 1701 971 tranquillitate

160 1007 348 1059 magna
380 994 661 1046 constituit.
700 993 857 1045 Vestri
885 1005 1048 1045 autem
1071 995 1193 1045 beati
1214 994 1343 1046 oculi
1367 1034 1379 1055 ,
1410 996 1524 1061 quia
1543 996 1702 1044 vident

162 1078 376 1146 (Matth.
409 1081 492 1133 15.
521 1081 609 1147 l6)
630 1098 642 1141 ;
664 1097 782 1133 nam
809 1081 909 1134 hoc
933 1082 1125 1134 dictum
1159 1082 1330 1134 denuo
1363 1082 1701 1148 repetendum

163 1179 262 1221 est.
290 1170 448 1236 Atqui
486 1170 641 1222 etiam
680 1170 846 1222 Judaei
888 1180 1008 1223 tunc
1046 1170 1229 1223 eadem
1277 1170 1386 1237 ipsa
1436 1170 1697 1221 videbant.

163 1254 358 1309 Verum
389 1270 490 1309 non
518 1256 615 1309 hoc
634 1266 901 1310 externqu
924 1257 1126 1310 videndi
1151 1273 1313 1325 genus
1340 1258 1546 1310 beatum
1570 1272 1701 1324 pra).

165 1344 303 1397 dicat
332 1361 347 1400 ς
372 1346 469 1397 hoc
506 1346 694 1413 quippe
719 1361 810 1413 per
848 1346 1073 1413 seipsum
1104 1347 1351 1398 miracula
1397 1360 1497 1397 non
1528 1346 1699 1408 videt,

166 1430 255 1483 sed
285 1432 545 1485 internum
570 1434 837 1500 conspicit.
869 1433 947 1485 Illi
970 1448 1164 1486 caecum
1187 1435 1430 1487 videbant
1449 1435 1706 1487 dicebant-

169 1534 288 1586 que,
322 1520 418 1572 Hic
446 1532 534 1587 est,
563 1538 659 1575 non
681 1532 747 1574 est
770 1524 868 1586 hic;
896 1538 1117 1575 vocemus
1147 1525 1252 1591 ejus
1280 1534 1501 1591 parentes
1527 1524 1700 1591 (Jorm.

170 1608 221 1661 9.
252 1610 305 1662 8.
336 1610 387 1661 9.
424 1611 531 1678 l8).
562 1613 723 1663 Audis
747 1612 1106 1679 ambigentes?
1134 1613 1301 1665 viden'
1332 1628 1433 1665 non
1462 1613 1702 1667 sufﬁcere

171 1700 407 1764 corporis
452 1708 714 1765 aspectum
778 1699 841 1752 ad
890 1700 1125 1751 miraculi
1175 1702 1561 1767 spectaculum?
1609 1702 1702 1764 Qui

171 1796 453 1840 praesentes
482 1796 531 1840 et
553 1797 845 1854 spectantes
868 1799 1014 1842 erant
1043 1788 1282 1842 dicebant
1311 1806 1324 1842 :
1354 1788 1451 1840 Hic
1479 1798 1584 1851 est,
1609 1806 1707 1840 non

170 1883 239 1926 est
263 1874 379 1937 hic;
406 1889 500 1928 nos
525 1890 648 1928 vero
675 1877 765 1944 qui
799 1885 1082 1943 praesentes
1114 1892 1213 1931 non
1253 1892 1432 1930 sumus
1455 1919 1467 1939 ,
1501 1894 1602 1930 non
1630 1878 1706 1931 di-

172 1965 358 2027 cimus,
394 1964 487 2016 llt'c
512 1973 600 2030 est,
628 1976 812 2019 nonest
838 1968 937 2031 hic;
963 1968 1075 2031 sed,
1109 1966 1227 2035 Ipse
1250 1978 1338 2021 est.
1369 1969 1598 2022 Didicisti
1629 1971 1707 2021 ni—

172 2051 241 2104 hil
269 2054 557 2108 absentiam
587 2071 793 2121 nocere,
821 2071 936 2109 cum
986 2058 1100 2109 ﬁdei
1139 2059 1326 2111 adsunt
1353 2059 1517 2119 oculi;
1549 2060 1706 2110 nihil-

172 2155 272 2208 que
321 2142 553 2196 utilitatis
581 2160 641 2197 ex
699 2145 971 2211 praesentia
1014 2146 1249 2213 percipi,
1283 2161 1397 2199 cum
1426 2148 1539 2199 ﬁdei
1571 2148 1705 2199 oeuli

172 2244 274 2283 non
300 2230 525 2285 adsunt?
552 2232 684 2298 Quid
727 2235 864 2287 enim
908 2235 1010 2288 illis
1051 2236 1243 2302 profuit
1290 2237 1507 2290 videre?
1547 2237 1703 2289 Nihil.

173 2316 275 2369 Nos
302 2320 439 2371 enim
470 2321 660 2375 clarius
685 2337 837 2389 quam
867 2322 939 2374 illi
970 2322 1225 2378 videmus.
1255 2325 1506 2388 Quoniam
1552 2326 1707 2392 igitur

173 2407 305 2459 oculi
334 2409 491 2461 vestri
514 2409 686 2462 vident
709 2426 771 2463 eo
789 2411 1014 2473 videndi,
1046 2421 1096 2463 et
1116 2427 1265 2465 aures
1283 2423 1469 2465 vestra:
1493 2413 1708 2465 audiunt

175 2507 237 2545 eo
259 2494 502 2548 audiendi
530 2511 719 2564 genere
744 2536 758 2560 ,
790 2498 926 2565 quod
956 2498 1188 2551 Christus
1214 2498 1416 2551 beatum
1463 2500 1706 2566 prardica-

172 2582 277 2647 vit,
329 2584 546 2651 agedqu
578 2586 721 2638 vobis
767 2586 1044 2653 Scriptura:
1093 2602 1323 2654 gemmas
1366 2602 1703 2654 apponamus.

174 2671 619 2736 Quemadmodum
644 2674 781 2727 enim
831 2674 1022 2727 Judaeis
1063 2677 1375 2742 qumstiones
1410 2693 1512 2728 non
1553 2678 1708 2729 solvit

172 2760 428 2823 Christus,
461 2761 564 2815 imo
587 2764 727 2814 auxit
754 2763 1121 2817 obscuritatem
1146 2803 1160 2828 ,
1189 2766 1309 2832 quia
1341 2781 1440 2816 non
1470 2766 1707 2818 attende-

173 2847 293 2901 bant
325 2866 337 2899 :
365 2849 441 2902 sic
468 2859 519 2902 et
542 2849 688 2903 vobis
712 2891 725 2913 ,
757 2852 876 2919 quia
900 2860 1098 2905 attento
1124 2855 1246 2905 estis
1273 2854 1446 2905 animo
1465 2895 1479 2918 ,
1508 2838 1706 2906 occulta

176 2936 229 2988 in
276 2939 511 2992 medium
547 2942 808 2995 adducere
854 2958 947 3011 par
980 2955 1079 2997 est.
1122 2945 1329 2999 Etenim
1372 2962 1710 3004 accesserunt

176 3026 438 3095 discipuli,
463 3039 515 3081 et
537 3031 864 3085 mirabantur
879 3034 1144 3087 dicentes:
1166 3034 1270 3087 Cur
1292 3038 1344 3088 in
1362 3040 1618 3104 parabolis
1637 3043 1708 3093 eis

176 3109 391 3177 loqueris
424 3114 624 3179 (Matth.
656 3116 738 3169 15.
776 3118 859 3169 10.
901 3128 945 3170 et
979 3120 1098 3180 l5)?
1136 3118 1226 3174 llle
1254 3138 1380 3177 vero
1416 3128 1703 3194 respondit,

178 3196 304 3259 Quia
323 3199 537 3250 videntes
557 3216 652 3252 non
677 3203 854 3253 vident.
881 3203 1009 3268 Quia
1035 3204 1189 3271 igitur
1216 3220 1307 3258 vos
1336 3221 1436 3259 non
1474 3208 1709 3261 videntes

177 3286 384 3352 videtis,
412 3303 505 3355 par
527 3298 606 3343 est
634 3290 779 3343 vobis
807 3294 919 3345 siue
946 3293 1186 3360 parabola
1208 3295 1379 3362 loqui;
1407 3304 1457 3348 et
1476 3299 1591 3364 quia
1611 3299 1710 3347 Au-

176 3374 356 3427 dientes
377 3391 475 3427 non
517 3377 741 3429 audiunt.
791 3379 863 3447 (a)
889 3380 1017 3445 Quia
1047 3381 1197 3449 igitur
1221 3398 1312 3435 vos
1335 3384 1420 3451 qui
1463 3393 1581 3437 tunc
1607 3401 1710 3437 non

176 3460 461 3525 audivistis,
492 3478 627 3516 nunc
650 3479 750 3517 non
781 3467 950 3519 minus
978 3468 1163 3521 auditis
1187 3510 1201 3533 ,
1232 3485 1385 3537 quam
1415 3480 1533 3524 tunc
1559 3472 1709 3524 audi-

177 3548 400 3614 visselis,
420 3562 818 3606 consentaneum
839 3550 1020 3608 estvos
1042 3573 1143 3608 non
1170 3558 1265 3610 hac
1286 3559 1488 3625 privare
1510 3574 1710 3613 mensa.

180 3634 381 3690 Etenim
409 3637 647 3693 Christus
682 3641 778 3695 hos
803 3656 906 3695 non
953 3645 1123 3698 minus
1152 3646 1334 3700 beatos
1375 3649 1709 3713 praedicavit,

178 3741 327 3793 quam
355 3728 475 3781 illos
506 3746 518 3781 :
553 3729 728 3783 Vidisti
765 3747 1018 3801 namque,
1068 3735 1168 3800 ait,
1201 3746 1243 3788 et
1272 3738 1561 3802 credidisti;
1588 3741 1713 3792 beati

180 3817 256 3882 qui
304 3833 406 3870 non
448 3819 673 3872 viderunt
696 3860 711 3885 ,
753 3830 799 3873 et
827 3824 1136 3875 crediderunt
1174 3824 1345 3894 (Joan.
1378 3828 1467 3881 20.
1499 3828 1608 3899 ευ).
1639 3830 1713 3883 Ne

180 3903 330 3971 igitur
358 3906 478 3961 ideo
500 3921 685 3976 segnes
711 3910 775 3963 ad
804 3911 1044 3965 virtutem
1075 3922 1259 3979 estote,
1292 3917 1428 3983 quod
1457 3918 1555 3971 illis
1585 3930 1714 3971 tem-

182 3993 388 4055 poribus
419 4009 521 4048 non
569 3995 766 4051 fueritis
789 4039 803 4061 ,
834 4000 926 4053 sed
953 4000 1049 4053 hoc
1096 4013 1328 4070 tempore
1357 4005 1555 4057 vivatis.
1584 4006 1713 4060 Nam

180 4078 219 4129 si
260 4080 520 4147 volueris,
549 4083 679 4136 nihil
717 4085 837 4139 hinc
876 4087 1172 4142 detrimenti
1217 4092 1503 4159 percipies;
1536 4109 1716 4161 quem-

182 4167 455 4222 admodum
487 4173 632 4226 multi
662 4188 858 4237 eorum,
884 4179 970 4244 qui
997 4187 1117 4232 tunc
1144 4179 1370 4247 fuerunt,
1391 4184 1509 4251 quia
1536 4185 1716 4240 nolue-

182 4266 313 4320 runt,
337 4258 465 4311 nihil
494 4261 615 4313 hinc
640 4263 874 4317 utilitatis
899 4280 1198 4335 percepere.

245 4347 295 4398 5.
337 4348 615 4417 Scriptura:
640 4353 817 4406 divinte
842 4356 1013 4408 virtus.
1047 4356 1238 4411 Paulus
1267 4376 1365 4413 non
1391 4363 1455 4415 de
1489 4366 1718 4432 praesenti

184 4432 352 4497 solum,
382 4437 469 4486 sed
495 4439 637 4489 etiam
679 4442 739 4492 de
766 4444 929 4509 futuro
968 4462 1113 4512 grege
1143 4449 1405 4505 sollicitus.
1433 4452 1716 4520 Apostolica

184 4521 359 4587 scripta
386 4526 563 4576 muenia
584 4525 936 4582 Ecclesiarum.
960 4534 1188 4599 Apostoli
1214 4538 1273 4588 de
1303 4542 1479 4604 futuris
1492 4542 1714 4595 solliciti.

186 4604 354 4663 Petrus
406 4614 739 4680 apostolorum
799 4619 1085 4685 corypltteus
1114 4660 1127 4683 ,
1184 4633 1275 4675 etc.
1330 4624 1473 4678 Orbis
1538 4632 1717 4695 praefe-

187 4706 313 4763 ctus,
342 4710 438 4752 etc.
470 4730 537 4739 —
558 4702 809 4769 Quidnam
852 4707 1005 4775 igitur
1043 4708 1197 4763 hodie
1236 4712 1422 4765 lectum
1462 4718 1577 4767 est?
1607 4716 1718 4769 Hoc

186 4796 337 4840 autem
365 4790 536 4842 scitote
555 4829 568 4853 ,
590 4794 720 4858 quod
756 4794 806 4845 in
835 4796 1105 4849 novissimis
1126 4798 1292 4851 diebus
1328 4812 1469 4853 erunt
1498 4813 1716 4872 tempora

184 4880 342 4943 gravia
376 4878 463 4949 (2.
497 4880 628 4934 Tim.
654 4883 704 4935 5.
735 4885 809 4950 1).
835 4885 1109 4941 Timotheo
1136 4904 1342 4942 rursum
1374 4894 1551 4946 scribit
1578 4894 1712 4947 Pau-

186 4968 276 5022 lus.
304 4970 581 5025 Terribilis
617 4975 979 5040 comminatio;
1008 4979 1099 5031 sed
1143 4981 1369 5034 animum
1410 4984 1665 5050 erigamus
1699 5001 1711 5036 :

186 5055 288 5112 haec
336 5062 529 5129 quippe
591 5070 823 5131 tempora
873 5066 1023 5119 nobis
1074 5069 1362 5124 subindicat
1408 5072 1669 5140 Scriptura
1698 5115 1712 5139 ,

185 5161 375 5203 necnon
404 5160 519 5217 post
546 5149 714 5204 futura
735 5192 751 5216 ,
783 5153 1040 5223 etiamque
1067 5171 1125 5210 ea
1170 5174 1285 5226 qua:
1310 5164 1715 5216 consummatio-

186 5251 293 5292 nem
321 5249 579 5309 spectant.
608 5241 717 5294 Hoc
757 5252 920 5296 autem
962 5246 1130 5299 scitote
1151 5288 1165 5312 ,
1195 5251 1327 5317 quod
1353 5252 1402 5304 in
1447 5255 1717 5307 novissimis

188 5328 345 5385 diebus
372 5341 519 5385 erunt
542 5342 761 5401 tempora
790 5337 977 5403 gravia.
1006 5336 1169 5391 Breve
1196 5340 1390 5394 dictum
1412 5384 1426 5408 ,
1455 5352 1508 5398 et
1535 5360 1716 5413 magna

188 5416 357 5472 virtus.
406 5420 854 5486 Quemadmodum
898 5426 1035 5477 enim
1075 5438 1304 5483 aromata
1334 5446 1437 5486 non
1473 5435 1617 5501 copia
1666 5442 1719 5488 et

241 5591 309 5652 (a)
338 5601 415 5644 lue
440 5600 606 5645 textus
625 5595 832 5648 deﬁcere
855 5599 1052 5648 videtur.

688 354 751 407 1N
791 354 1006 420 ILLUD,
1049 354 1175 408 HOC
1211 352 1486 408 SCITOTE
1526 350 1704 417 QUOD
1742 349 1804 402 IN
1842 350 2209 406 NOVISSIMIS
2248 353 2500 419 DIEBUS,
2545 356 2693 408 ETC.

3222 373 3329 429 274

1801 459 1956 524 mole,
1985 461 2077 513 sed
2103 470 2283 514 natura
2309 463 2636 527 fragrantiam
2667 464 2902 517 emittunt
2933 482 2946 518 :
2976 470 3050 519 sic
3076 476 3126 519 ct
3150 466 3336 519 divina:

1798 547 2079 616 Scripturae
2126 564 2225 603 non
2279 551 2607 605 multitudine
2660 554 2971 615 verborum,
3023 556 3112 608 sed
3185 557 3333 607 insita

1800 638 1987 691 virtute
2008 678 2022 703 ,
2053 647 2209 690 totam
2258 640 2409 691 nobis
2447 640 2677 706 przebent
2709 643 2998 694 utilitatem.
3027 642 3111 694 Sic
3138 646 3332 695 incensx

1802 738 1978 778 natura
2008 742 2101 793 per
2125 728 2347 794 seipsam
2378 744 2587 781 suavem
2609 731 2793 781 emittit
2823 731 3064 793 odorem;
3089 733 3132 784 si
3162 742 3333 782 autem

1803 815 2002 881 injicias
2047 817 2097 867 in
2146 818 2353 883 ignem,
2389 829 2510 870 tunc
2538 818 2889 871 omnimodam
2934 836 3078 873 suam
3132 821 3336 873 exhibet

1800 906 2135 971 voluptatem.
2190 905 2261 957 lta
2292 907 2446 958 etiam
2472 907 2646 958 divina
2691 909 2957 974 Scriptura
2985 925 3075 975 per
3112 912 3336 978 seipsam

1801 992 2104 1044 suavissima
2131 1002 2227 1054 est;
2254 1008 2371 1045 cum
2398 1003 2569 1046 autem
2599 995 2820 1046 animam
2855 1009 3082 1049 nostram
3118 1012 3312 1062 occupa

1802 1081 2026 1143 vcrit,ac
2053 1082 2094 1133 si
2116 1082 2167 1133 in
2194 1081 2506 1134 thuribulum
2533 1083 2785 1145 inciderit,
2808 1094 2963 1135 totam
2990 1085 3196 1136 domum
3223 1100 3340 1135 sna-

1802 1167 1850 1218 vi
1889 1167 2065 1233 implet
2092 1167 2270 1220 odore.
2299 1167 2409 1218 Iloc
2438 1178 2598 1220 autent
2620 1172 2821 1230 scitote,
2862 1170 2996 1234 quod
3032 1169 3082 1219 in
3124 1169 3336 1219 novissi-

1806 1257 1901 1306 mis
1940 1252 2112 1305 diebus
2151 1266 2299 1306 erant
2326 1266 2545 1323 tempora
2588 1258 2733 1309 dura.
2781 1258 2853 1310 De
2899 1259 3341 1310 consummatione

1806 1342 2046 1409 loquitur.
2072 1344 2202 1408 Quid
2230 1344 2326 1396 hoc
2354 1345 2417 1396 ad
2442 1355 2509 1409 le,
2540 1347 2688 1399 beate
2718 1347 2907 1399 Paule?
2928 1348 3046 1413 quid
3074 1348 3134 1399 ad
3168 1347 3342 1399 Timo—

1806 1433 2017 1485 themn?
2050 1434 2168 1501 quid
2196 1435 2258 1485 ad
2290 1435 2401 1485 illos
2428 1437 2512 1501 qui
2538 1444 2656 1486 tunc
2678 1435 2988 1488 audiebant?
3014 1435 3161 1489 Brevi
3192 1446 3337 1504 post-

1804 1536 1863 1575 ea
1914 1530 2144 1589 tempore
2185 1524 2417 1575 morituri
2445 1533 2625 1587 erant,
2652 1540 2680 1575 a
2710 1523 2892 1577 futuris
2936 1526 3033 1578 illis
3077 1527 3340 1578 calamita-

1807 1609 1942 1661 tibus
1992 1618 2098 1661 eta
2133 1613 2303 1677 pravis
2349 1611 2643 1664 hominibus
2691 1613 2960 1679 eripiendi.
3002 1613 3189 1666 Verum
3239 1630 3339 1665 non

1808 1699 2082 1764 praesentia
2128 1710 2325 1752 tantum
2350 1702 2570 1767 respicio
2593 1742 2606 1765 ,
2641 1702 2820 1767 inquit,
2846 1703 2934 1754 sed
2960 1701 3127 1753 futura
3157 1704 3338 1767 praevi-

1807 1786 1924 1839 deo.
1952 1786 2063 1839 Non
2093 1804 2321 1853 praesens
2348 1798 2541 1839 tantum
2569 1804 2692 1855 grex
2729 1788 2853 1840 mihi
2883 1790 3213 1841 sollicitudini
3240 1799 3338 1853 est,

1807 1874 1897 1927 sed
1945 1875 2097 1927 etiam
2128 1890 2218 1941 pro
2248 1875 2418 1927 futuro
2460 1891 2614 1944 grege
2640 1892 2800 1944 angor
2840 1887 2892 1929 et
2922 1878 3096 1929 timeo.
3125 1876 3230 1929 Nos
3256 1878 3337 1929 vix

1808 1962 1869 2015 iis
1895 1963 1979 2029 qui
2011 1962 2275 2014 nobiscum
2324 1972 2595 2014 versantur
2624 1963 2914 2016 hominibus
2958 1963 3298 2031 prospicimus
3325 2002 3337 2024 ,

1808 2050 1891 2102 ille
1922 2065 2043 2102 vero
2066 2066 2156 2117 pro
2186 2052 2245 2102 iis
2268 2052 2352 2118 qui
2383 2052 2610 2103 nondum
2641 2053 2744 2103 nati
2780 2063 2903 2105 sunt
2930 2092 2939 2107 .
2970 2052 3179 2104 multam
3211 2053 3342 2116 gerit

1808 2139 2222 2191 sollicitudinem.
2254 2141 2337 2192 Sic
2362 2150 2413 2192 et
2439 2149 2613 2207 pastor
2638 2140 2862 2207 Optimus
2883 2156 2982 2192 non
3011 2156 3124 2191 cum
3148 2142 3335 2191 viderit

1809 2225 1955 2292 lupos
1982 2226 2237 2278 irruentes
2264 2228 2313 2278 in
2336 2242 2562 2295 gregem,
2582 2227 2687 2294 jam
2715 2242 2871 2294 prope
2894 2242 3015 2280 oves
3040 2230 3337 2289 accessisse,

1808 2321 1929 2365 tunc
1952 2314 2000 2365 id
2028 2314 2259 2379 prmdieit
2288 2324 2504 2377 tantum,
2534 2315 2623 2367 sed
2650 2317 2801 2365 etiam
2830 2315 3005 2380 procul
3033 2314 3198 2365 adhuc
3229 2330 3342 2365 ver-

1807 2409 1979 2452 santes
2022 2400 2229 2453 indicat.
2264 2400 2335 2452 lta
2362 2415 2565 2468 quoque
2591 2401 2778 2452 Paulus
2804 2442 2819 2465 ,
2847 2401 2979 2453 sicut
3007 2410 3178 2467 pastor
3200 2402 3338 2467 opti-

1807 2487 1939 2551 mus,
1969 2488 2020 2540 in
2045 2488 2250 2541 excelso
2279 2488 2393 2540 loco
2420 2529 2433 2551 ,
2465 2489 2514 2541 in
2556 2489 2840 2555 prophetiae
2883 2504 3069 2555 nempe
3093 2489 3342 2557 dignitate

1810 2575 1998 2628 sedens
2022 2616 2036 2640 ,
2086 2591 2146 2628 ac
2173 2576 2489 2643 propheticis
2514 2577 2677 2628 oculis
2704 2591 2904 2628 sursum
2936 2578 3130 2643 positus
3194 2578 3341 2628 inva-

1810 2677 1959 2715 suras
1988 2663 2121 2715 feras
2167 2661 2459 2728 praevidens
2478 2702 2493 2723 ,
2525 2661 2639 2715 illas
2668 2664 2717 2713 in
2764 2663 2871 2729 ipsa
2897 2663 3341 2715 consummatione

1810 2752 1858 2803 in
1883 2766 2089 2819 gregem
2117 2752 2359 2817 impetum
2383 2750 2608 2804 facturas
2634 2761 2684 2804 et
2717 2752 2983 2804 invasuras
3009 2767 3124 2805 esse
3155 2751 3343 2817 praedi-

1813 2841 1881 2892 cit
1912 2850 1962 2892 et
2003 2840 2371 2907 praesigniﬁcat
2392 2878 2408 2903 ,
2436 2848 2491 2891 ut
2520 2854 2610 2891 eos
2638 2841 2827 2903 etiam,
2858 2841 2943 2906 qui
2984 2840 3207 2892 nondum
3241 2842 3343 2892 nati

1810 2937 1989 2989 erant,
2013 2927 2075 2978 ad
2100 2927 2407 2993 vigilandum
2462 2926 2727 2978 induceret
2752 2966 2765 2988 ,
2795 2934 2845 2978 et
2887 2927 3151 2993 prophetia
3182 2936 3342 2979 totum

1809 3017 2035 3069 muniret
2082 3030 2309 3084 gregem.
2361 3016 2561 3067 Etenim
2608 3024 2752 3082 pater
2796 3014 2951 3081 prolis
3002 3030 3216 3079 amans,
3258 3017 3341 3083 qui

1811 3104 1948 3157 mdes
1996 3104 2315 3168 exmdilicat,
2350 3120 2487 3171 stupe
2533 3105 2648 3156 ﬁliis
2678 3104 2783 3155 suis
2826 3104 2941 3156 illas
2973 3104 3267 3172 splendidas
3294 3114 3342 3157 et

1810 3191 2007 3258 amplas
2054 3192 2339 3254 construit,
2387 3206 2489 3243 non
2535 3192 2686 3243 modo
2735 3201 2789 3242 ut
2830 3191 2930 3243 illis
2973 3200 3170 3244 tantum
3195 3192 3346 3243 utiles

1811 3280 2198 3349 commoquue
2239 3282 2376 3341 sint,
2406 3283 2495 3334 sed
2523 3284 2677 3334 etiam
2723 3283 2993 3349 nepotibus
3028 3291 3077 3334 et
3106 3282 3345 3349 posteris.

1814 3370 1885 3422 lta
1916 3385 2116 3438 quoque
2164 3386 2253 3425 rex
2284 3372 2574 3424 adamatam
2615 3372 2791 3424 urbem
2842 3372 3097 3424 moenibus
3123 3373 3345 3423 circum-

1814 3459 2013 3519 munit,
2054 3459 2218 3526 iisque
2264 3459 2425 3510 ﬁrmis
2467 3460 2726 3525 tutisque,
2770 3475 2881 3526 quae
2919 3475 3019 3512 non
3069 3469 3218 3513 aetate
3258 3475 3348 3513 sua

1814 3546 1990 3610 modo,
2020 3547 2109 3601 sed
2131 3548 2285 3600 etiam
2310 3548 2743 3615 subsequentibus
2785 3557 2836 3600 et
2860 3548 3078 3615 posteris
3112 3547 3349 3601 omnibus

1816 3636 1919 3689 sint
1970 3637 2237 3699 tutamini,
2269 3650 2364 3688 nec
2411 3637 2661 3689 adversus
2688 3636 2948 3689 machinas
2979 3646 3173 3689 tantum
3218 3636 3352 3687 illius

1818 3725 2083 3792 temporis,
2114 3723 2206 3777 sed
2231 3724 2481 3777 adversus
2509 3724 2704 3776 futuras
2729 3726 3021 3777 invasiones
3045 3733 3097 3775 et
3125 3722 3350 3776 obsidio-

1818 3827 1911 3864 nes
1936 3821 2072 3866 stare
2121 3813 2336 3879 possint.
2374 3813 2458 3865 Sic
2506 3814 2660 3865 etiam
2703 3812 2890 3863 Paulus
2920 3810 3059 3863 fecit.
3095 3811 3348 3875 Quoniam

1815 3902 2091 3968 apostolica
2119 3901 2307 3967 scripta
2337 3901 2525 3953 mmnia
2556 3908 2673 3951 sunt
2695 3899 3065 3960 Eeclesiarum,
3089 3914 3189 3951 non
3217 3914 3351 3965 pra:-

1817 4000 1989 4044 sentes
2019 3999 2212 4042 tantum
2238 4031 2252 4054 ,
2284 3989 2375 4043 sed
2422 3990 2575 4042 etiam
2623 3999 2858 4055 posteros
2902 4004 2994 4055 per
3034 3989 3117 4041 illa
3167 3990 3351 4041 munit.

1818 4079 1987 4147 Atque
2010 4078 2075 4130 ita
2105 4078 2306 4129 ﬁrmum
2330 4085 2381 4129 et
2407 4075 2769 4129 inconcussum
2812 4085 3013 4141 septum
3062 4075 3353 4142 hujusmodi

1818 4168 2136 4229 construxit,
2183 4175 2235 4218 et
2281 4181 2396 4218 cum
2430 4174 2569 4217 tanta
2610 4164 2809 4218 cautela
2841 4164 2928 4215 illo
2967 4171 3127 4214 totum
3174 4164 3352 4215 orbem

1819 4254 2266 4317 circummunivit,
2299 4263 2351 4305 ut
2376 4268 2467 4306 eos
2496 4252 2580 4320 qui
2606 4260 2709 4303 tum
2739 4250 3015 4313 vivebant,
3046 4259 3096 4302 et
3124 4251 3209 4317 qui
3241 4251 3354 4303 illos

1819 4360 2069 4414 excepere
2089 4385 2103 4408 ,
2127 4353 2180 4397 et
2202 4360 2290 4397 eos
2319 4345 2403 4411 qui
2433 4354 2565 4393 nunc
2590 4349 2707 4392 sunt
2731 4379 2743 4401 ,
2767 4348 2819 4392 et
2842 4349 3076 4406 posteros
3105 4355 3265 4411 usque
3290 4341 3353 4392 ad

1819 4436 2013 4490 Christi
2041 4436 2317 4487 adventum
2347 4440 2523 4482 contra
2546 4443 2753 4481 omnem
2782 4428 3106 4481 inimicorum
3135 4428 3356 4480 obsidio~

1822 4539 1938 4577 nem
1968 4533 2101 4576 tutos
2134 4526 2422 4574 conservet.
2453 4517 2606 4571 Tales
2650 4526 2770 4570 sunt
2812 4528 3107 4571 sanctorum
3132 4520 3355 4572 animm:

1822 4612 2034 4664 fratrum
2062 4616 2297 4660 amantes
2321 4647 2335 4671 ,
2367 4606 2433 4659 de
2472 4606 2573 4657 illis
2594 4606 2827 4658 sollicita:
2845 4646 2859 4671 ,
2885 4621 3060 4659 amore
3090 4616 3356 4674 paternam

1822 4706 2126 4766 superantes
2179 4696 2625 4758 benevolentiam,
2659 4703 2712 4748 et
2753 4694 3087 4749 dilectionem
3138 4698 3357 4749 materni

1820 4796 1998 4855 partus
2033 4804 2045 4837 :
2077 4784 2162 4837 hic
2196 4799 2416 4852 namque
2446 4782 2669 4851 Spiritus
2695 4791 2747 4835 et
2773 4783 2955 4836 divinae
2983 4784 3160 4849 gratire
3186 4795 3285 4837 est.
3336 4786 3339 4791 ’

1890 4877 1939 4927 4.
1976 4874 2139 4926 Vultis
2170 4882 2225 4926 ut
2250 4872 2457 4926 aliunde
2485 4873 2641 4926 etiam
2664 4872 2809 4925 vobis
2834 4872 3207 4935 demonstrem,
3242 4887 3360 4925 san-

1821 4964 1933 5020 cios
1981 4981 2081 5017 non
2110 4979 2225 5032 qua:
2269 4964 2332 5016 ad
2364 4978 2510 5016 suum
2550 4972 2752 5028 tempus
2790 4970 3026 5028 spectant
3074 4962 3357 5038 soluincu-

1820 5071 1972 5118 rare,
2002 5068 2173 5120 neque
2220 5068 2312 5120 pro
2365 5051 2704 5119 praesentibus
2751 5050 2918 5101 solum
2966 5058 3233 5111 metuere,
3268 5047 3356 5099 sed

1820 5146 1974 5197 etiam
2002 5157 2096 5210 pro
2123 5142 2185 5195 iis
2206 5142 2290 5209 qui
2320 5150 2494 5207 postea
2521 5138 2675 5191 futuri
2703 5137 2857 5191 sunt?
2887 5138 3249 5197 Accesserunt,
3283 5135 3357 5185 in-

1821 5236 1951 5304 quit,
1982 5234 2047 5287 ad
2086 5248 2205 5286 eum
2235 5234 2286 5284 in
2316 5240 2494 5283 monte
2532 5229 2799 5283 sedentem
2832 5229 3087 5293 discipuli,
3122 5226 3357 5276 homines

1823 5324 2192 5393 propemodum
2213 5336 2383 5384 senes,
2414 5322 2500 5389 qui
2524 5329 2638 5389 post
2667 5320 2925 5373 modicum
2952 5328 3150 5383 tempus
3171 5329 3231 5366 ex
3261 5314 3359 5367 hac

1824 5420 1926 5469 vita
1954 5414 2232 5468 discessuri
2259 5421 2425 5465 erant.
2458 5410 2591 5477 Quid
2620 5426 2743 5478 ergo
2769 5408 3035 5477 qumrunt?
3058 5406 3122 5458 de
3144 5419 3244 5471 quo
3268 5418 3361 5455 an-

1824 5507 2046 5574 guntur?
2084 5506 2209 5573 quid
2252 5504 2469 5559 timent?
2497 5504 2682 5572 quibus
2729 5502 2794 5555 de
2839 5499 3006 5554 causis
3060 5496 3359 5563 magistrum

1827 5594 2237 5661 percontantur?
2281 5608 2401 5645 num
2431 5592 2494 5645 de
2515 5591 2667 5645 rebus
2694 5632 2705 5653 ,
2737 5604 2849 5657 qua:
2887 5586 3011 5654 ipsis
3038 5580 3350 5637 viventibus.
