4144 6308
800 332 912 389 275

788 445 878 491 aut
904 435 1039 490 circa
1073 433 1155 487 itta
1186 440 1416 500 tempore
1444 440 1706 485 eventura:
1748 429 1937 485 erant?
1961 428 2192 483 Minime.
2223 424 2326 479 Sed

783 529 856 582 iis
901 524 1261 593 prmtermissis
1306 523 1545 576 omnibus
1583 522 1705 589 quid
1738 520 1946 575 dicunt?
1968 520 2111 583 Quod
2134 521 2329 589 signum

786 618 1023 668 mlventus
1049 616 1152 679 tui,
1183 624 1229 667 et
1252 613 1685 667 consummationis
1708 612 1874 667 muli
1898 611 2105 681 (Matth.
2135 609 2223 664 ει.
2253 608 2333 679 3)?

786 704 971 758 Videu'
998 704 1115 757 illos
1142 704 1299 759 etiam
1327 702 1393 761 de
1418 703 1865 759 consummatione
1906 702 2080 755 saeculi
2106 705 2330 754 interro-

785 809 909 861 gare
932 834 947 858 ,
979 804 1033 848 et
1076 794 1143 847 de
1172 793 1357 847 futuris
1400 793 1698 847 hominibus
1738 807 1858 847 esse
1907 792 2192 845 sollicitos?
2217 789 2330 845 Non

785 885 924 937 enim
966 898 1057 937 sua
1084 883 1263 938 vident
1285 883 1505 950 apostoli
1531 924 1545 945 ,
1572 883 1663 936 sed
1692 898 1808 951 quae
1832 883 2051 936 aliorum
2082 891 2203 934 sunt
2222 922 2235 942 ,
2280 891 2332 933 et

786 974 943 1028 simul
975 988 1156 1027 omnes
1184 984 1236 1027 et
1262 974 1479 1027 seorsim
1515 973 1725 1042 singuli.
1756 972 1940 1027 Petrus
1986 973 2157 1040 itaque
2184 970 2329 1024 chori

788 1065 928 1116 illius
975 1064 1320 1134 coryphaeus,
1369 1079 1429 1118 os
1466 1064 1819 1131 aposwlorum
1866 1064 2134 1125 omnium,
2178 1072 2332 1131 caput

787 1154 923 1206 illius
967 1154 1172 1206 familia;
1194 1193 1209 1218 ,
1241 1154 1381 1207 orbis
1412 1154 1566 1207 totius
1597 1153 1871 1221 praefectus
1894 1196 1908 1218 ,
1942 1155 2328 1208 fundamentum

792 1242 1059 1308 Ecclesia),
1090 1242 1279 1296 ardens
1314 1243 1501 1297 Christi
1529 1255 1753 1307 amator;
1778 1259 1896 1296 nam
1925 1245 2023 1307 Ait,
2055 1243 2223 1305 Patre,
2253 1244 2330 1296 di-

792 1332 902 1398 ligis
924 1347 1000 1382 me
1028 1331 1138 1396 plus
1160 1332 1233 1383 his
1260 1332 1433 1399 (Joan.
1464 1330 1551 1384 21.
1578 1333 1695 1398 15).
1728 1332 1847 1385 Ideo
1874 1332 1985 1399 ejus
2010 1332 2186 1386 laudes
2213 1348 2331 1399 pro-

793 1419 925 1485 fero,
961 1428 1020 1472 ut
1047 1419 1258 1472 discetis
1299 1435 1414 1473 eum
1447 1435 1568 1473 vere
1591 1420 1854 1473 Christum
1880 1420 2124 1475 dilexisse
2149 1439 2161 1474 :
2185 1432 2330 1479 certe

787 1508 901 1575 ejus
946 1524 1066 1576 erga
1097 1509 1372 1562 Dominum
1417 1512 1610 1564 amoris
1654 1521 2014 1579 argumentum
2047 1512 2328 1569 maximum

787 1608 901 1651 erat
945 1598 1241 1651 sollicitudo
1274 1599 1580 1653 famulorum
1609 1601 1740 1668 ejus.
1773 1600 1885 1654 Non
1920 1616 2015 1670 ego
2041 1601 2151 1655 haec
2174 1601 2327 1666 dico,

785 1687 877 1740 sed
908 1688 1018 1755 ipse
1034 1689 1255 1742 dilectus
1288 1690 1539 1743 Dominus
1568 1709 1583 1744 :
1614 1692 1673 1745 Si
1696 1709 1834 1744 antas
1860 1710 1951 1756 me,
1980 1695 2163 1761 inquit,
2187 1710 2331 1762 pasce

786 1793 896 1834 oves
923 1794 1073 1830 nicas.
1112 1778 1385 1833 Videamus
1412 1796 1533 1848 ergo
1578 1797 1698 1833 mnu
1729 1798 1850 1835 vere
1892 1785 2113 1849 pastoris
2143 1784 2329 1851 praele-

783 1876 988 1922 cutram
1036 1867 1303 1932 obtineat,
1337 1883 1459 1921 num
1506 1884 1631 1923 vere
1661 1885 1785 1924 oves
1811 1872 2022 1939 diligat,
2057 1888 2177 1925 num
2208 1888 2328 1926 vere

783 1957 953 2024 gregis
970 1972 1149 2010 amans
1161 1959 1245 2019 sit,
1268 1968 1321 2011 ut
1335 1958 1595 2013 discamus
1612 1975 1727 2011 eum
1746 1960 1899 2013 etiam
1921 1971 2180 2029 pastorem
2200 1963 2329 2019 dile-

791 2044 966 2099 xisse:
1001 2044 1123 2097 illud
1152 2047 1290 2099 enim
1325 2047 1477 2115 hujus
1498 2062 1615 2101 esse
1652 2060 2012 2117 argumentum
2056 2051 2205 2104 dixit.
2234 2053 2329 2106 llic

783 2132 1169 2201 itaque-Petrus
1195 2176 1209 2200 ,
1239 2146 1509 2206 postquam
1549 2140 1721 2192 omnia
1756 2154 1849 2194 sua
1890 2141 2183 2209 abiecerat,
2219 2152 2330 2199 rete

782 2236 972 2292 nempe
999 2233 1050 2277 et
1070 2240 1408 2295 quaecumque
1430 2228 1478 2280 in
1504 2230 1737 2282 navicula
1759 2240 1927 2295 erant,
1952 2233 2144 2286 relictis
2176 2231 2324 2298 mari,

784 2320 898 2365 arte
926 2322 977 2365 et
997 2312 1169 2366 domo.
1192 2315 1267 2367 ΝΘ
1289 2330 1443 2383 porro
1465 2318 1812 2381 attendamus,
1833 2319 1943 2375 hmc
1969 2335 2125 2388 pauca
2148 2320 2325 2387 fuisse,

783 2401 875 2454 sed
904 2401 1015 2457 hmc
1039 2404 1211 2456 omnia
1247 2404 1377 2459 bona
1415 2420 1506 2460 sua
1535 2408 1816 2474 exstitisse,
1844 2409 2057 2477 ejusque
2085 2409 2327 2465 alacrita-

783 2497 886 2545 tem
918 2490 1204 2545 laudemus.
1225 2491 1351 2547 Nam
1375 2509 1434 2548 ea
1465 2510 1581 2562 qua:
1601 2496 1733 2550 duos
1753 2497 1995 2550 denarios
2011 2499 2324 2567 conjecerat,

782 2594 886 2632 non
924 2595 1159 2647 magnam
1193 2586 1527 2650 pecuniarum
1577 2587 1768 2641 molem
1809 2588 2083 2656 deposuit,
2113 2591 2203 2644 sed
2247 2592 2325 2644 in-

780 2676 963 2732 gentes
989 2669 1146 2721 studii
1177 2674 1254 2723 sui
1280 2672 1486 2725 divitias
1524 2675 1751 2728 ostendit
1772 2716 1785 2739 ,
1811 2678 2245 2745 quemadmodum
2272 2690 2327 2735 et

784 2752 867 2807 hic
891 2755 939 2806 in
967 2769 1149 2824 magna
1180 2768 1482 2825 paupertate
1511 2760 1772 2829 ingentem
1811 2766 2092 2819 alacritatis
2120 2769 2323 2834 copiam

780 2842 1019 2910 prmbuit.
1050 2845 1195 2911 Quod
1223 2848 1360 2900 enim
1384 2849 1531 2903 alteri
1563 2862 1711 2904 erant
1732 2854 1945 2921 prtedia,
1975 2858 2133 2921 servi,
2162 2856 2321 2923 aedes,

780 2950 981 2999 aurum,
1003 2936 1101 2991 hoc
1131 2938 1202 2990 illi
1243 2949 1393 2993 erant
1421 2942 1582 3007 retia,
1615 2958 1758 2997 mare
1779 2986 1794 3009 ,
1827 2960 1913 2999 ars
1932 2987 1945 3009 ,
1974 2948 2226 3001 navicula.
2251 2948 2326 3003 Ne

781 3024 956 3092 itaque
986 3025 1084 3079 hoc
1120 3027 1450 3085 attendamus
1472 3072 1486 3095 ,
1519 3045 1583 3083 an
1622 3046 1785 3100 pauca
1811 3035 2108 3102 reliquerit,
2142 3039 2231 3091 sed
2259 3054 2323 3092 an

783 3115 958 3166 omnia
980 3116 1268 3183 reliquerit.
1294 3118 1420 3171 Nam
1454 3121 1502 3173 id
1531 3123 1666 3189 quod
1708 3125 1961 3192 qumritur
1990 3136 2098 3191 est,
2128 3145 2229 3184 non
2257 3145 2322 3183 an

780 3216 965 3270 magna
995 3218 1058 3256 an
1087 3219 1242 3271 parva
1269 3206 1584 3274 deponeret,
1615 3212 1705 3264 sed
1752 3229 1817 3265 an
1847 3216 1977 3267 nihil
2025 3217 2199 3271 minus
2246 3220 2325 3272 in-

783 3289 961 3353 ferret.
994 3310 1145 3361 quam
1176 3296 1368 3350 inferre
1398 3310 1592 3368 posset.
1621 3302 1879 3358 Omnibus
1903 3305 2075 3375 itaque
2098 3308 2317 3375 relictis,

782 3384 966 3448 patria,
992 3384 1168 3448 domo,
1196 3388 1376 3441 amicis
1401 3428 1413 3451 ,
1442 3393 1704 3458 cognatis,
1739 3394 1843 3446 imo
1867 3395 1976 3461 ipsa
1997 3400 2275 3452 securitate
2306 3414 2319 3451 :

781 3488 899 3524 nam
930 3473 1025 3527 hoc
1052 3476 1206 3528 modo
1226 3479 1470 3546 popuhnn
1492 3481 1763 3535 Judaicum
1790 3484 1885 3538 sibi
1914 3486 2177 3538 inimicum
2199 3488 2321 3539 red-

782 3561 909 3613 didit
934 3579 946 3611 :
979 3561 1097 3613 lam
1119 3566 1248 3616 enim
1266 3605 1284 3627 ,
1310 3567 1477 3633 inquit
1502 3609 1517 3631 ,
1548 3573 1945 3637 conspirauerunt
1970 3572 2138 3623 λιιάωί
2156 3614 2170 3637 ,
2198 3583 2249 3624 ut
2279 3574 2323 3625 si

779 3650 888 3717 quis
917 3665 1024 3701 eum
1057 3655 1373 3718 conﬁteretur
1401 3672 1503 3709 esse
1539 3658 1785 3711 Christum
1809 3698 1822 3722 ,
1848 3669 1986 3712 extra
2020 3677 2322 3731 synagogam

782 3741 919 3806 ﬁeret
948 3740 1123 3810 (Joan.
1154 3745 1204 3800 9.
1237 3744 1304 3797 22
1322 3746 1361 3813 ).
1412 3746 1561 3802 Unde
1590 3750 1754 3816 palam
1787 3753 1873 3810 lit.
1906 3765 2024 3804 eum
2051 3766 2147 3805 nec
2170 3752 2321 3806 dubi-

782 3841 921 3885 tasse
945 3871 959 3895 ,
994 3849 1089 3888 nec
1122 3834 1352 3889 timuisse
1398 3838 1535 3890 circa
1572 3854 1786 3906 regnum
1821 3842 2066 3893 cmlorum
2095 3858 2107 3905 ;
2138 3843 2227 3895 sed
2254 3844 2321 3898 de

781 3922 871 3973 illo
892 3923 1169 3976 admodum
1198 3939 1500 3991 persuasum
1530 3925 1709 3987 fuisse.
1734 3938 1891 3997 atque
1921 3945 1981 3982 ex
2006 3930 2115 3998 ipsa
2146 3947 2317 3984 rerum

781 4010 1230 4064 demonstratione
1256 4053 1269 4074 ,
1298 4012 1403 4066 imo
1443 4025 1563 4066 ante
1601 4030 1774 4067 rerum
1820 4017 2319 4073 demonstrationem

780 4115 843 4152 ex
864 4099 1146 4152 Salvatoris
1172 4114 1297 4154 voce
1324 4101 1610 4157 credidisse
1633 4140 1647 4164 ,
1681 4110 1737 4155 'se
1767 4105 1937 4170 ipsum
1960 4110 2174 4163 omnino
2203 4125 2321 4178 pos-

783 4201 1051 4241 sessorum
1094 4203 1230 4243 esse.
1283 4187 1410 4243 Cum
1440 4190 1657 4244 dixisset
1682 4193 1819 4244 enim
1844 4234 1857 4254 ,
1888 4194 1994 4245 Nos
2038 4200 2319 4264 reliquimus

782 4279 965 4341 omnia,
1011 4289 1055 4331 et
1081 4282 1270 4348 sequuti
1294 4296 1460 4333 sumus
1486 4290 1547 4343 te,
1571 4281 1688 4349 quid
1714 4284 1802 4334 erit
1847 4284 2028 4336 nobis?
2058 4287 2322 4353 respondit

781 4367 857 4418 eis
883 4366 1121 4421 Christus
1150 4384 1163 4419 :
1200 4368 1441 4422 Sedebitis
1474 4386 1621 4439 super
1646 4372 1900 4423 duodecim
1929 4375 2150 4436 thronos,
2187 4377 2320 4442 judi-

780 4464 946 4505 cuntes
984 4456 1239 4508 duodecim
1277 4457 1430 4510 tribus
1456 4457 1836 4527 Israrl(Matth.
1867 4462 2046 4515 19.27.
2067 4463 2175 4533 28).
2202 4465 2321 4518 llznc

785 4554 941 4604 porro
968 4544 1196 4606 praemitti
1216 4584 1229 4606 ,
1260 4556 1316 4598 ut
1342 4562 1459 4599 cum
1502 4548 1668 4615 ipsum
1698 4563 1792 4615 pro
1819 4552 2085 4604 conservis
2110 4555 2318 4605 anxium

783 4630 1065 4683 ostendero
1088 4671 1101 4695 ,
1126 4646 1194 4684 ne
1234 4634 1378 4687 dicas
1405 4636 1576 4702 ipsum
1618 4638 1719 4690 sibi
1755 4638 2010 4693 timuisse.
2049 4642 2319 4705 Quomodo

784 4722 923 4773 enim
962 4721 1255 4785 timuisset,
1286 4733 1559 4790 postquam
1589 4729 1631 4778 is
1670 4727 1759 4794 qui
1786 4728 1951 4795 ipsum
1978 4740 2321 4783 coronaturns

783 4822 925 4874 erat,
955 4814 1264 4865 sententiam
1304 4814 1497 4866 tulerat
1534 4816 1603 4867 de
1646 4831 1839 4871 corona
1885 4828 1939 4872 et
1977 4819 2041 4874 de
2094 4823 2321 4889 prazmiis

782 4902 881 4969 ipsi
914 4902 1245 4955 conferendis
1268 4905 1291 4954 τ
1318 4903 1411 4955 llic
1443 4903 1617 4971 itaque
1645 4904 1825 4957 Petrus
1844 4947 1857 4968 ,
1884 4912 1972 4974 qni
1998 4907 2170 4963 omnia
2201 4914 2319 4963 reli-

784 4998 987 5055 querat,
1023 4991 1108 5057 qui
1133 4991 1429 5047 conﬁdebat
1452 4993 1516 5047 de
1544 5009 1702 5064 regno
1730 4996 1973 5049 caelorum
1997 5039 2010 5060 ,
2042 5001 2320 5054 accedente

787 5080 1067 5147 aliquando
1107 5082 1267 5137 divite
1294 5086 1519 5152 quodam
1542 5127 1555 5148 ,
1589 5102 1648 5139 ac
1672 5087 1877 5140 dicente
1930 5088 2025 5156 ipsi
2070 5089 2279 5143 Christo
2303 5130 2318 5156 ,

788 5171 921 5237 Quid
958 5175 1138 5239 [astam
1183 5183 1237 5225 ut
1282 5186 1429 5228 vitam
1470 5188 1701 5231 (sternam
1753 5180 2012 5233 hereditate
2055 5197 2323 5250 consequar

784 5261 993 5329 (Matth.
1027 5262 1110 5315 19.
1145 5262 1274 5330 16ὶῖ
1302 5279 1416 5317 cum
1440 5269 1795 5332 respondisset
1821 5271 1867 5322 ei
1892 5269 2146 5327 Christus.
2170 5271 2228 5325 Si
2249 5278 2320 5326 vis

784 5355 1027 5419 perlectus
1052 5370 1170 5419 esse,
1193 5356 1333 5420 vade,
1366 5361 1516 5410 vende
1539 5360 1703 5411 omnia
1731 5377 1839 5423 qua:
1863 5362 2027 5427 habes,
2051 5372 2093 5415 et
2122 5363 2187 5415 da
2207 5381 2321 5420 oau-

787 5444 998 5508 veribus,
1030 5454 1073 5496 et
1099 5450 1224 5509 veni,
1250 5462 1447 5511 sequere
1474 5463 1549 5499 me
1576 5448 1729 5515 (Ibid.
1762 5468 1807 5503 υ.
1832 5451 1945 5519 21);
1973 5453 2159 5508 deinde
2196 5454 2279 5507 ubi
2299 5492 2316 5518 ,

788 5532 877 5586 illo
928 5535 1134 5590 tristitia
1184 5538 1409 5601 aﬂ'ecto,
1456 5538 1691 5593 Christus
1746 5541 2015 5610 discipulis
2074 5544 2315 5610 dixerat,

797 5621 964 5680 Videte
1007 5644 1152 5696 quam
1191 5631 1385 5699 diﬁicile
1422 5632 1591 5685 divites
1632 5631 1972 5701 ingrediantur
2013 5638 2063 5687 in
2112 5651 2314 5703 regnum

1482 320 1539 375 S.
1577 319 1846 376 JOANNIS
1881 313 2345 372 CIIRYSOSTOMI
2383 317 2692 377 ARClilEP.
2720 325 3235 389 CONSTANTINOP.

3886 362 3992 416 276

2433 430 2665 485 caelorum
2687 450 2704 486 :
2724 452 2888 504 anten,
2911 457 3052 496 amen
3082 445 3192 497 dico
3218 449 3348 503 vobis
3375 489 3389 512 ,
3421 455 3618 521 [acilius
3643 468 3715 510 est
3740 468 3982 514 cautelam

2436 538 2521 589 per
2568 526 2790 592 foramen
2835 545 2952 584 acus
3000 536 3222 603 ingredi,
3260 556 3406 607 quam
3442 546 3638 599 divitem
3683 551 3734 601 in
3778 569 3982 619 regnum

2435 611 2529 664 Dei
2571 614 2777 683 (blatta.
2819 621 2905 675 19.
2952 622 3043 689 24)
3075 642 3088 677 :
3116 626 3299 683 Petrus
3350 633 3603 690 bonorum
3650 611 3979 707 possessione

2435 719 2658 770 vacuus,
2690 710 2775 777 qui
2804 710 2870 765 de
2913 728 3072 781 regno
3116 720 3436 787 conﬁdebat,
3466 728 3551 793 qui
3588 729 3655 782 de
3692 746 3784 784 sua
3815 735 3979 788 salute

2435 808 2537 847 non
2599 798 2844 863 timebat;
2902 804 3096 857 certior
3164 806 3329 864 laetus
3378 812 3443 866 de
3483 815 3684 872 honore
3727 821 3826 873 sibi
3876 823 3978 876 illic

2436 884 2705 973 reposito,
2763 886 2843 941 his
2889 892 3079 947 auditis
3124 894 3361 963 dicebat,
3423 902 3544 967 Quis
3592 910 3768 973 poterit
3814 913 3979 965 salvus

2432 985 2538 1023 esse
2564 971 2721 1038 (Ibid.
2750 992 2797 1027 v.
2831 976 2920 1046 ‘25)
2946 980 3121 1045 iQuid
3154 983 3304 1039 times
3327 1027 3340 1049 ,
3373 1004 3406 1041 ο
3448 971 3599 1047 beate
3626 995 3817 1050 Petre?
3857 1000 3976 1067 quid

2435 1064 2819 1134 vererislquid
2862 1072 3121 1139 trepidas?
3164 1074 3345 1131 Omnia
3385 1081 3655 1150 abjecisti,
3692 1064 3975 1143 omniavdi-

2433 1151 2617 1205 misisti
2644 1170 2657 1216 ;
2686 1155 2751 1209 de
2778 1156 3024 1213 divitibus
3050 1172 3130 1214 est
3158 1179 3355 1233 sermo,
3382 1171 3522 1238 quod
3551 1172 3741 1229 dicitur
3770 1177 3976 1233 illorum

2433 1248 2515 1292 est
2554 1245 2817 1297 accusatio
2847 1262 2864 1299 :
2889 1257 2941 1300 tu
2969 1265 3093 1305 vero
3123 1252 3171 1305 in
3200 1269 3507 1325 paupertate
3535 1271 3588 1316 et
3620 1265 3793 1333 inopia
3822 1270 3976 1323 vitam

2432 1328 2561 1396 agis.
2599 1329 2806 1395 Verum,
2842 1335 3004 1404 inquit
3031 1340 3115 1393 ille
3138 1380 3152 1401 ,
3177 1358 3279 1397 non
3309 1361 3366 1400 ea
3399 1364 3515 1417 qua:
3545 1353 3611 1404 ad
3635 1328 3725 1408 me
3740 1369 3979 1422 spectant

2433 1417 2663 1476 attendo.
2692 1421 2782 1473 sed
2812 1425 3033 1480 aliorum
3071 1431 3343 1488 utilitatem
3389 1453 3585 1505 quaero.
3621 1444 3745 1497 Ideo
3774 1417 3841 1502 de
3870 1453 3978 1504 suis

2435 1505 2593 1560 rebus
2646 1509 2831 1565 liducia
2873 1516 3090 1582 plenus,
3117 1520 3184 1575 de
3211 1524 3430 1580 aliorum
3476 1534 3640 1588 salute
3677 1539 3978 1596 sciscitabao

2436 1604 2536 1660 tur,
2563 1597 2760 1666 dicens,
2779 1603 2901 1667 Quis
2924 1617 3081 1675 potest
3103 1612 3266 1666 salvus
3287 1632 3387 1669 esse
3402 1620 3427 1671 ?

2503 1686 2555 1740 5.
2588 1687 2775 1743 Paulus
2802 1695 2863 1745 de
2888 1707 3192 1761 posterorum
3219 1706 3474 1759 animabus
3511 1713 3767 1768 sollicitus.
3792 1747 3863 1757 —
3886 1720 3971 1773 Vi-

2431 1778 2609 1833 distiu‘
2639 1786 2989 1851 apostolorum
3038 1793 3435 1851 sollicitudinem
3460 1802 3483 1851 ?
3512 1808 3773 1870 quomodo
3818 1828 3976 1865 unum

2432 1869 2539 1925 sint
2576 1877 2808 1941 corpus?
2836 1877 3062 1933 vidistin‘
3103 1897 3205 1949 quo
3236 1898 3385 1951 pacto
3425 1900 3476 1942 et
3508 1869 3599 1959 pro
3630 1900 3977 1960 praesentibus

2432 1968 2483 2011 et
2509 1974 2602 2028 pro
2627 1962 2810 2017 futuris
2835 1965 3041 2021 timeret
3068 1971 3289 2025 Petrus?
3313 1974 3397 2028 Sic
3421 1979 3575 2031 etiam
3605 1982 3812 2038 Paulus.
3841 1987 3985 2052 Qua-.

2434 2058 2645 2116 propter
2673 2051 2877 2106 dicebat
2909 2072 2922 2107 :
2960 2055 3181 2124 Scitote,
3231 2066 3363 2129 quod
3399 2067 3450 2117 iu
3491 2072 3763 2124 novissimis
3807 2051 3978 2133 diebus

2430 2148 2572 2234 erant
2611 2150 2832 2234 tempora
2858 2148 3027 2214 gravia
3054 2149 3141 2217 (2.
3166 2150 3295 2205 Tim.
3322 2157 3371 2210 5.
3404 2158 3485 2226 1).
3530 2159 3753 2230 ldipsum
3786 2169 3893 2234 agit
3926 2180 3977 2223 et

2431 2226 2573 2281 alibi.
2602 2232 2822 2294 Quando
2851 2238 2990 2289 enim
3022 2254 3086 2294 ex
3117 2242 3236 2294 Asia
3264 2244 3587 2303 discessurus
3606 2226 3739 2315 erat,
3774 2226 3845 2307 etv
3870 2257 3977 2310 Ro-

2430 2332 2568 2369 mam
2596 2319 2972 2390 depoitandus,
3005 2328 3227 2398 indeque
3254 2332 3305 2384 in
3332 2337 3523 2389 coelum
3552 2342 3973 2398 transferendus:

2431 2418 2573 2459 mors
2602 2409 2793 2477 quippe
2822 2422 3117 2468 sanctorum
3148 2433 3288 2474 mors
3312 2438 3413 2475 non
3440 2434 3551 2489 est,
3584 2429 3673 2481 sed
3703 2433 3977 2486 translatio

2428 2507 2457 2544 a
2488 2503 2631 2549 terra
2653 2496 2703 2550 in
2733 2500 2915 2553 calum
2940 2543 2954 2567 ,
2989 2518 3018 2556 a
3048 2505 3393 2563 deterioribus
3422 2512 3486 2565 ad
3515 2516 3755 2578 meliora.
3790 2533 3817 2570 a
3846 2536 3976 2573 con-

2428 2587 2593 2639 servis
2618 2588 2681 2640 ad
2714 2590 3018 2656 Dominum,
3057 2597 3121 2648 ab
3152 2598 3445 2656 hominibus
3473 2604 3537 2657 ad
3576 2608 3785 2672 angelos
3815 2629 3829 2660 :
3856 2613 3974 2676 quia

2432 2672 2587 2741 igitur
2610 2675 2845 2732 abiturus
2869 2694 2982 2735 erat
3007 2684 3070 2735 ad
3096 2687 3323 2740 omnium
3352 2690 3623 2745 Dominum
3648 2695 3833 2757 Deum,
3862 2713 3973 2750 om.

2429 2763 2510 2814 nia
2536 2778 2651 2830 qua:
2676 2765 2738 2817 ad
2764 2767 2932 2835 ipsum
2969 2774 3292 2836 pertinebant
3330 2778 3488 2843 probe
3510 2781 3848 2849 dispensavit.
3880 2786 3975 2839 ει.

2427 2851 2563 2904 enim
2596 2866 2789 2919 quanto
2824 2865 3058 2925 tempore
3084 2876 3199 2914 cum
3230 2865 3495 2931 discipulis
3528 2871 3651 2935 fuit,
3683 2889 3799 2926 cum
3829 2877 3977 2931 omni
4004 2930 4005 2933 η

2426 2939 2692 3010 diligentia
2721 2944 3011 3001 doctrinam
3045 2950 3167 3017 ipsis
3199 2953 3496 3021 impertivit,
3529 2974 3589 3013 ac
3612 2960 3743 3013 dixit
3780 2980 3792 3014 :
3820 2946 4007 3017 quu-’3

2426 3030 2519 3085 dus
2547 3049 2656 3086 sum
2684 3050 2714 3085 a
2742 3038 2979 3104 sanguine
3022 3042 3236 3093 omnium
3270 3045 3287 3112 (
3304 3046 3411 3097 Act.
3442 3048 3529 3100 20.
3556 3049 3691 3118 26);
3736 3052 3976 3122 nihilque

2428 3126 2767 3190 praetermisi,
2797 3127 2978 3195 inquit,
3019 3146 3196 3184 eorum
3236 3150 3350 3201 quae
3385 3137 3448 3189 ad
3488 3139 3703 3194 salutem
3744 3143 3972 3197 admini-

2425 3213 2637 3266 stranda
2676 3226 2843 3268 erant.
2892 3217 3023 3284 Quid
3068 3220 3264 3288 igitur?
3310 3234 3579 3293 postquam
3622 3242 3712 3281 sua
3760 3231 3810 3283 in
3862 3242 3974 3287 tuto

2426 3303 2803 3368 collocaverat,
2847 3322 2963 3360 cum
3008 3314 3239 3364 accusari
3283 3328 3314 3367 a
3353 3315 3575 3371 Domino
3619 3334 3720 3371 non
3767 3333 3969 3389 posset,

2425 3391 2559 3445 circa
2603 3406 2661 3445 ea
2703 3408 2818 3459 qua:
2860 3396 2924 3447 ad
2968 3397 3083 3448 vitae
3113 3412 3218 3452 suze
3263 3410 3463 3471 tempus
3506 3408 3871 3473 pertinebant,
3905 3430 3971 3466 an

2427 3479 2653 3546 neglexit
2675 3482 2883 3535 animas
2909 3492 3023 3548 post
3050 3485 3284 3542 futuras?
3310 3489 3643 3561 Nequaquam
3670 3514 3683 3549 :
3706 3498 3797 3552 sed
3821 3502 3973 3567 quasi

2425 3565 2489 3618 de
2521 3566 2621 3617 illis
2648 3568 2801 3620 etiam
2831 3572 3083 3625 rationem
3115 3574 3360 3643 daturus,
3386 3594 3460 3633 sne
3491 3592 3544 3635 et
3572 3583 3656 3635 illa
3680 3600 3800 3639 cum
3825 3565 3973 3642 onmi

2424 3658 2751 3710 accnratione
2778 3659 2910 3713 dixit
2932 3662 3027 3726 eis,
3056 3674 3109 3717 et
3139 3665 3269 3729 hmc,
3297 3684 3412 3735 qua:
3436 3685 3539 3736 jam
3571 3674 3824 3741 legemus,
3852 3691 3974 3730 ver-

2423 3744 2485 3797 ba
2513 3760 2525 3795 :
2549 3745 2814 3812 Attendite,
2845 3750 3027 3817 inquit,
3059 3752 3190 3807 vobis
3216 3756 3333 3823 ipsis
3352 3768 3397 3810 et
3422 3763 3644 3813 universo
3664 3767 3803 3830 gregi
3830 3767 3969 3831 (Act.

2422 3832 2507 3885 ‘20.
2537 3832 2662 3905 28).
2695 3834 2933 3892 Vidistin'
2971 3852 3216 3907 quantum
3260 3845 3465 3899 illorum
3495 3849 3643 3903 soliic
3667 3850 3846 3905 tudine
3872 3856 3972 3908 dc-

2424 3924 2625 3977 viuetus
2654 3929 2835 3981 esset?
2879 3928 3006 3984 Nam
3050 3933 3235 3999 singuli
3276 3946 3507 3990 nostrum
3547 3956 3662 4008 qua:
3707 3956 3799 3995 sua
3847 3955 3973 3998 sunt

2424 4026 2633 4081 curant,
2667 4018 2755 4071 ille
2781 4034 2903 4073 vero
2931 4023 3237 4089 praepositus
3278 4041 3394 4091 qua:
3435 4027 3497 4079 ad
3543 4042 3723 4081 omnes
3763 4042 3972 4097 specta-

2426 4102 2567 4156 bant.
2616 4106 2960 4170 Quamobrem
3005 4110 3070 4163 de
3112 4110 3412 4164 doetoribus
3458 4116 3527 4165 ait
3565 4132 3575 4164 :
3622 4114 3720 4178 Qui
3761 4120 3973 4185 vigilant

2423 4208 2569 4259 super
2592 4196 2781 4246 animus
2811 4207 2991 4248 vestras
3011 4236 3025 4259 ,
3070 4215 3208 4258 quasi
3236 4201 3470 4253 rationem
3497 4205 3739 4256 reddituri
3770 4208 3966 4274 (Hebr.

2424 4282 2508 4333 15.
2544 4282 2663 4341 17).
2701 4282 3044 4338 Formidabtle
3071 4300 3250 4339 revera
3281 4288 3523 4343 iudicium
3545 4330 3557 4349 .
3589 4306 3705 4345 cum
3738 4309 3836 4361 pro
3865 4307 3970 4351 tam

2425 4369 2615 4435 ingenti
2641 4372 2829 4436 pepulo
2857 4374 3083 4425 rationes
3109 4385 3231 4427 sunt
3258 4376 3534 4431 reddenda:
3564 4395 3577 4431 .‘
3606 4381 3718 4445 sed,
3746 4392 3798 4435 ut
3826 4384 3971 4438 dice-

2424 4460 2541 4512 bam
2562 4500 2573 4521 ,
2608 4462 2731 4527 ipsis
2754 4463 2933 4514 accitis
2959 4465 3030 4515 ait
3057 4480 3070 4514 :
3094 4465 3339 4519 Attendite
3362 4469 3494 4521 vobis
3522 4471 3640 4537 ipsis
3668 4482 3712 4524 et
3739 4477 3977 4529 universo

2422 4550 2575 4618 gregi,
2617 4552 2667 4601 in
2708 4567 2801 4619 quo
2840 4568 2922 4604 vos
2963 4553 3180 4613 Spiritus
3219 4567 3418 4609 sanctus
3455 4564 3619 4623 posuit
3656 4574 3886 4627 pastores
3924 4578 3973 4620 et

2424 4640 2677 4704 episcopos
2701 4640 2831 4705 (Act.
2856 4639 2942 4693 90.
2966 4640 3076 4707 28).
3118 4642 3247 4706 Quid
3290 4643 3476 4698 factum
3502 4652 3624 4701 est?
3663 4665 3757 4704 cur
3788 4653 3973 4707 horta-

2423 4729 2536 4780 ris?
2576 4746 2642 4781 an
2680 4730 2800 4796 quid
2843 4747 2996 4797 grave
3026 4734 3319 4799 pra-vides?
3347 4751 3410 4788 an
3455 4739 3577 4806 quid
3606 4744 3795 4796 durum
3840 4760 3970 4813 pro-

2424 4818 2578 4885 Spicis
2599 4820 2621 4870 ?
2644 4834 2708 4871 an
2739 4820 2872 4887 quod
2912 4822 3192 4879 periculum
3223 4823 3476 4890 imminet,
3507 4844 3574 4881 an
3601 4846 3718 4898 qua:
3745 4835 3968 4886 calami-

2427 4917 2526 4969 tas,
2555 4924 2617 4961 an
2660 4908 2896 4962 bellum?
2942 4908 3049 4972 Dic,
3094 4927 3308 4971 quaeso:
3344 4930 3460 4967 nam
3500 4917 3653 4971 altior
3685 4921 3838 4973 nobis
3865 4936 3966 4976 es:

2425 5014 2521 5052 nec
2545 5000 2816 5060 prmsentia
2838 4998 2995 5053 modo
3014 5001 3175 5062 vides,
3201 5004 3290 5057 sed
3316 5005 3469 5058 etiam
3492 5007 3658 5061 futura
3681 5013 3961 5076 prmvides.

2426 5088 2521 5144 Dic
2544 5085 2695 5154 igitur
2717 5106 2811 5143 cur
2831 5090 2942 5143 hazc
2966 5093 3236 5161 prmcipias
3261 5104 3311 5148 et
3338 5095 3580 5151 horteris.
3608 5099 3747 5163 Scio,
3774 5104 3965 5171 inquit,

2423 5191 2551 5250 quod
2578 5191 2685 5246 post
2720 5182 3059 5235 discessionem
3096 5201 3254 5237 meum
3282 5188 3530 5239 intrabunt
3558 5204 3607 5239 tn
3630 5204 3830 5256 gregem
3858 5196 3965 5260 lupi

2422 5288 2591 5339 graves
2620 5270 2774 5338 (Ibid.
2802 5287 2849 5323 v.
2872 5270 2980 5330 29).
3015 5272 3191 5325 Viden‘
3216 5274 3353 5340 quod
3379 5274 3610 5328 dicebam
3629 5316 3644 5339 ,
3694 5282 3971 5344 quomodo

2422 5377 2526 5415 non
2555 5364 2619 5414 de
2646 5361 2710 5415 iis
2734 5361 2902 5415 selum
2933 5364 3021 5430 qui
3049 5380 3144 5417 suo
3171 5375 3403 5432 tempore
3429 5375 3578 5422 erant
3603 5372 3793 5425 anxius
3820 5382 3969 5427 esset

2421 5462 2475 5505 et
2521 5452 2741 5511 timeret,
2783 5452 2873 5504 sed
2904 5455 3059 5505 etiam
3107 5454 3173 5508 de
3216 5455 3277 5507 llS
3306 5456 3389 5522 qui
3420 5462 3536 5517 post
3578 5453 3961 5515 discessionem

2422 5542 2579 5607 ipsius
2610 5540 2765 5593 futuri
2793 5552 2958 5594 erant.
3002 5540 3261 5595 Intrabunt
3288 5545 3418 5595 enim
3446 5545 3583 5609 lupi,
3611 5544 3820 5613 inquit;
3863 5565 3961 5603 nc-

2424 5646 2522 5700 que
2563 5630 2899 5698 simpliciter,
2937 5631 3104 5701 Lupi,
3131 5632 3222 5687 sed
3251 5633 3404 5687 etiam
3444 5630 3572 5701 Lupi
3610 5649 3819 5705 graves,
3858 5653 3972 5695 non
