4140 6314
146 388 249 443 275

155 503 244 554 καί
271 499 376 566 τῆς
396 502 746 565 συντελείας
768 500 869 553 τοῦ
889 501 1132 565 αίῶνος;
1159 498 1308 563 Εἶδες
1330 503 1604 563 κάκείνους
1624 500 1760 569 ὑπὲρ

155 586 245 655 τῆς
274 584 577 645 συντελείας
612 584 704 636 τοῦ
752 584 940 642 αἰῶνος
968 586 1299 654 ἐρωτῶντας,
1348 587 1438 637 καὶ
1479 587 1616 654 ὑπὲρ
1658 585 1763 635 τῶν

159 670 417 737 ἐσομένων
459 668 755 738 ἀνθρώπων
792 668 1193 737 φροντίζονταςς
1228 671 1301 723 Οὐ
1339 670 1442 738 γὰρ
1478 670 1543 721 τά
1564 668 1764 720 ἐαυτῶν

158 753 343 823 ὁρῶσιν
370 755 419 804 οῖ
446 752 743 815 ἀπόστολοι,
777 752 907 804 ἀλλά
939 753 1004 805 τά
1033 754 1138 805 τῶν
1160 753 1327 806 ἀλλων
1355 754 1611 822 καὶκοινῇ
1635 753 1765 804 πάν-

157 857 240 903 τις
276 841 368 892 καὶ⁵
419 840 521 909 ἰδίᾳ
564 840 804 901 ἓκαστος.
856 840 912 891 '0
952 836 1041 891 οὖν
1087 840 1284 908 Πέτρος
1312 841 1340 891 6
1365 843 1643 908 κορυφαῖος
1673 838 1763 889 τοῦ

160 924 333 995 χοροῦ,
354 925 417 976 τὸ
440 926 607 993 στόμα
633 925 738 975 τῶν
767 923 1069 976 ἀποστόλων
1098 926 1364 988 ἀπάντων,
1390 925 1421 993 η
1446 926 1648 993 κεφαλὴ
1671 925 1766 991 τῆς

162 1010 376 1080 φατρίας
408 1011 636 1075 ἐκείνης,
664 1012 692 1061 6
717 1010 813 1076 τῆς
846 1010 1156 1077 οἰκουμένης
1193 1011 1403 1076 ἀπάσης
1445 1010 1762 1077 προστάτης,

159 1097 187 1144 ὀ
217 1094 456 1161 θεμέλιος
490 1093 586 1160 τῆς
620 1092 953 1157 Ἐκκλησίας,
977 1094 1003 1143 ό
1027 1092 1221 1160 θερμὸς
1245 1090 1469 1158 ἐραστὴς
1502 1091 1593 1142 τοῦ
1636 1091 1757 1155 Χρι-

164 1179 312 1230 στοῦ·
355 1177 553 1242 Πέτρε,
592 1176 715 1243 γὰρ,
750 1178 900 1243 φησὶ,
933 1176 1119 1243 φιλεῖς
1153 1191 1228 1241 με
1273 1174 1476 1226 πλεῖον
1514 1174 1766 1233 τούτων;

162 1264 249 1314 Διά
270 1261 425 1313 τοῦτο
444 1260 584 1325 λέγω
606 1260 673 1310 τὰ
696 1256 957 1326 ἐγκώμια,
990 1260 1072 1310 ἵνα
1106 1258 1305 1326 μάθητε
1334 1259 1411 1309 ὅτι
1448 1261 1608 1317 ὅντως
1630 1257 1768 1322 φιλεῖ

159 1346 242 1396 τὸν
270 1346 527 1413 Χριστόν
558 1342 649 1394 τοῦ
692 1345 797 1411 γάρ
828 1346 905 1402 είς
942 1342 1031 1393 τὸν
1062 1342 1328 1409 Δεσπότην
1360 1342 1571 1411 φίλτρου
1607 1343 1638 1409 ὴ
1669 1356 1767 1407 κη-

158 1428 369 1495 δεμονία
398 1428 505 1478 τῶν
531 1426 722 1478 δούλων
748 1425 1036 1493 τεκμήριόν
1074 1426 1186 1477 ἐστι
1229 1426 1493 1493 μέγιστον.
1534 1425 1640 1477 Καὶ
1671 1424 1767 1475 οὐκ

160 1512 262 1575 ἐγὼ
297 1510 468 1562 ταῦτα
516 1509 673 1575 λέγω,
720 1507 832 1559 ἀλλ’
868 1507 1022 1568 αὐτὸς
1063 1508 1090 1558 ό
1123 1506 1431 1575 φιλούμενος
1464 1507 1730 1574 Δεσπότης
1754 1523 1766 1534 ·

158 1595 223 1647 El
252 1594 445 1659 φιλεῖς
485 1608 577 1659 με,
605 1591 753 1659 φησὶ,
788 1591 1055 1658 ποίμαινε
1094 1592 1163 1643 τὰ
1188 1591 1441 1658 πρόσατά
1465 1608 1600 1658 μου.
1626 1590 1770 1641 Ἰδωο

163 1693 253 1747 μεν
284 1674 375 1729 οὖν
419 1678 583 1738 ὅντως
630 1678 677 1727 εί
718 1676 964 1744 ποιμένος
1010 1674 1156 1746 [285]
1190 1676 1296 1743 ἐχει
1336 1674 1677 1744 προστασίαν,
1722 1675 1768 1725 εί

158 1762 315 1821 ὅντως
347 1760 684 1829 κηδεμονίαν,
712 1762 757 1812 εί
785 1760 946 1821 ὅντως
976 1762 1117 1826 φιλεῖ
1151 1760 1217 1812 τά
1250 1759 1505 1828 πρόϐατα,
1534 1760 1579 1809 εἰ
1609 1758 1768 1819 ὅντως

160 1842 507 1909 φιλόστοργός
540 1843 653 1893 ἐστι
682 1841 806 1910 περὶ
831 1842 926 1908 τὴν
954 1840 1201 1908 ποίμνην,
1250 1840 1334 1891 ἵνα
1379 1838 1769 1907 καταμάθωμεν

158 1928 231 1978 ὅτι
268 1928 363 1979 καὶ⁵
393 1927 484 1978 τὸν
514 1928 741 1994 ποιμένα
773 1926 945 1992 φιλεῖο
980 1924 1135 1977 τοῦτο
1169 1923 1275 1991 7&9
1311 1920 1511 1975 ἐκείνου
1554 1924 1772 1991 σημεῖον

158 2010 350 2080 Ιφησεν
383 2005 540 2062 εἶναι.
564 2000 726 2069 Οὗτος
762 2009 933 2061 τοίνυν
957 2010 985 2061 ὀ
1020 2009 1219 2078 Πέτρος
1248 2009 1457 2061 ᾶπαντα
1490 2007 1645 2077 ῥίψας
1673 2008 1771 2059 ὅσα

159 2092 283 2162 εἶχε,
312 2094 373 2145 τὸ
397 2094 627 2156 δίκτυον,
659 2093 725 2145 τά
758 2093 813 2145 έν
837 2092 911 2162 τῷ
944 2092 1108 2162 πλοίῳ
1139 2094 1329 2156 πάντα,
1374 2094 1466 2145 καὶ
1496 2093 1649 2161 ἀφεὶς
1674 2092 1769 2161 τὴν

158 2179 437 2241 θάλατταν,
464 2178 559 2247 τὴν
584 2176 790 2247 τέχνην,
829 2178 924 2245 τὴν
948 2177 1135 2229 οίκίαν.
1163 2176 1251 2246 Μὴ
1266 2178 1371 2246 7&9
1394 2175 1456 2247 δὴ
1477 2177 1628 2229 τοῦτο
1654 2175 1769 2227 [δω-

162 2279 273 2329 μεν,
303 2264 386 2314 ὃτι
418 2261 570 2328 ὀλίγα
596 2261 787 2325 ταῦτα,
821 2260 930 2312 ἀλλ’
956 2261 1035 2312 ὅτι
1064 2261 1234 2313 πάντα
1267 2261 1331 2311 τά
1373 2260 1497 2313 ὄντα
1517 2279 1529 2295 ο
1562 2261 1653 2312 καὶ
1675 2258 1770 2327 τὴν

158 2346 460 2412 προθυμίαν
493 2345 872 2411 ἐπαινέσωμεν.
895 2344 999 2395 Καὶ
1017 2343 1121 2411 γὰρ
1141 2345 1172 2411 ἡ
1198 2344 1263 2395 τὰ
1285 2343 1375 2397 δύο
1404 2343 1771 2396 καταϐαλοῦσα

158 2430 380 2497 δηνάρια
430 2432 488 2479 οὐ
536 2429 695 2481 πολὺν
740 2429 895 2493 δγκον
962 2428 1222 2496 κατέθηκε
1276 2428 1584 2497 χρημάτων,
1639 2426 1770 2479 ἀλλὰ

159 2516 316 2565 πολὺν
362 2513 586 2564 πλοῦτον
618 2513 920 2577 ἐπεδείξατο
969 2514 1350 2582 προαιρέσεως,
1397 2512 1640 2578 καθάπερ
1680 2512 1770 2563 καὶ

157 2588 304 2658 οὗτος
354 2600 411 2649 ἐν
453 2596 615 2663 πολλῇ
680 2596 837 2664 πενίᾳ
885 2595 1119 2664 μεγάλην
1160 2595 1411 2664 εὐπορίαν
1475 2595 1770 2664 προθυμίας

158 2682 472 2747 παρέσχετο.
520 2680 690 2749 Ὅπερ
722 2678 827 2747 γὰρ
879 2677 1044 2748 ἐτέρῳ
1087 2680 1276 2747 χωρία,
1322 2677 1413 2730 καὶ
1452 2678 1767 2746 ἀνδράποδα,

158 2765 246 2815 καὶ
274 2765 561 2831 οἰκήματα,
616 2765 704 2813 καὶ
753 2762 984 2830 χρυσίον,
1013 2762 1170 2813 τοῦτο
1215 2764 1400 2830 ἐκείνῳ
1443 2762 1501 2813 τὸ
1543 2762 1767 2821 δίκτυον,

158 2849 247 2898 καὶ
275 2849 308 2915 η
338 2848 589 2905 θάλαττα,
624 2848 715 2897 καὶ
751 2848 781 2913 ἡ
826 2846 1005 2912 τέχνη,
1037 2847 1126 2896 καὶ
1157 2846 1215 2895 τὸ
1248 2846 1443 2895 πλοῖον.
1494 2843 1576 2911 Μὴ
1601 2844 1771 2894 τοίνυν

157 2928 310 2980 τοῦτο
334 2928 548 2995 ἴδωμεν,
572 2929 619 2977 εί
648 2926 799 2991 ὀλίγα
823 2925 1047 2992 ἀφῆκεν,
1070 2925 1178 2977 ἀλλ’
1206 2926 1252 2977 εί
1282 2924 1354 2993 μὴ
1383 2926 1551 2977 πάντα
1578 2926 1768 2993 ἀφῆκε.

159 3013 323 3064 Τοῦτο
352 3012 456 3081 γάρ
489 3012 599 3063 ἐστι
618 3012 678 3063 τὸ
702 3010 1038 3078 ζητούμενον.
1068 3012 1163 3063 οὐκ
1184 3009 1332 3077 ὀλίγα
1360 3010 1392 3080 ἢ
1422 3011 1583 3061 πολλά
1610 3027 1767 3061 κατα·

158 3097 345 3157 θεῖναι,
382 3095 513 3147 ἀλλὰ
556 3095 714 3163 μηδὲν
758 3096 956 3147 ἐλάττω
1001 3097 1096 3164 τῆς
1143 3096 1342 3157 οίκείας
1372 3095 1640 3162 δυνάμεως
1660 3096 1770 3145 είσ-

158 3182 412 3245 ενεγκεῖν.
438 3180 617 3232 Πάντα
642 3180 815 3230 τοίνυν
843 3180 1016 3246 ἀφεὶς,
1047 3180 1137 3231 καὶ
1173 3178 1419 3248 πατρίδα,
1447 3178 1537 3229 καὶ
1577 3177 1767 3238 οίκίαν,

159 3267 249 3316 καὶ
291 3264 492 3329 φίλους,
527 3265 619 3315 καὶ
661 3266 949 3330 συγγενεῖς,
989 3263 1082 3315 καὶ
1121 3262 1285 3331 αὐτὴν
1319 3264 1413 3331 τὴν
1454 3262 1767 3329 ἀσφάλειαν·

159 3349 248 3399 καὶ
301 3346 408 3414 7&9
444 3347 533 3398 τὸν
583 3346 747 3414 δῆμον
796 3346 885 3397 τὸν
928 3346 1205 3397 Ἰουδαϊκὸν
1259 3346 1429 3413 ἐαυτῷ
1480 3345 1649 3413 τούτῳ
1696 3345 1773 3414 τῷ

158 3430 339 3500 τρόπῳ
361 3430 762 3497 ἐξεπολέμησενο
789 3429 924 3494 Ἤδη
954 3430 1077 3496 γὰρ,
1119 3430 1265 3497 φησὶ,
1297 3429 1610 3482 συνέθεντο
1643 3430 1773 3481 Ἰου-

157 3515 329 3578 δαῖοι,
359 3514 465 3566 ἐάν
512 3530 599 3576 τις
644 3512 979 3579 ὁμολογήσῃ
1008 3512 1187 3565 αὐτὸν
1221 3512 1487 3578 Χριστὸν.
1518 3513 1773 3564 ἀποσυν-

158 3600 381 3666 άγωγος
402 3596 653 3665 γένηται.
673 3597 828 3648 Ὅθεν
854 3596 1024 3664 δῆλον,
1049 3598 1127 3648 ὃτι
1153 3597 1249 3648 οὐκ
1276 3596 1627 3664 ἀμφέϐαλλεν,
1659 3598 1773 3649 οὐδέ

159 3682 410 3734 ἐδεδοίκει
441 3682 564 3749 περὶ
584 3683 680 3749 τῆς
707 3680 973 3747 βασιλείας
1005 3680 1111 3731 τῶν
1142 3678 1395 3749 οὐρανῶν,
1418 3679 1551 3731 ἀλλά
1576 3681 1772 3747 σφόδρα

158 3767 461 3827 ἐπέπειστο,
508 3765 600 3817 καὶ
627 3766 720 3817 ἀπ’
746 3765 912 3831 αὐτῆς
946 3764 1041 3833 τῆς
1072 3764 1177 3816 τῶν
1208 3765 1534 3831 πραγμάτων
1566 3765 1775 3815 ἀποδεί-

160 3851 311 3915 ξεως,
350 3851 443 3901 καὶ
471 3850 573 3919 πρὸ
600 3848 694 3917 τῆς
718 3848 823 3900 τῶν
850 3848 1176 3916 πραγμάτων
1202 3846 1516 3911 ἀποδείξεως
1548 3847 1650 3899 ἀπὸ
1676 3849 1771 3914 τῆς

156 3935 247 3986 τοῦ
295 3932 543 4001 Σωτῆρος
588 3935 781 3998 φωνῆς,
813 3932 889 3983 ὅτι
928 3931 1311 3999 κληρονομήσει
1349 3931 1558 3991 πάντως
1589 3931 1767 3999 αὐτην.

158 4018 338 4071 Εἰπὼν
362 4017 485 4085 7&9.
513 4017 593 4068 ὅτι
623 4015 813 4082 Ἡμεῖς
838 4015 1143 4081 ἀφήκαμεν
1169 4014 1377 4074 πάντα,
1402 4014 1496 4065 καί
1524 4015 1774 4079 ἠκολου-

159 4100 427 4168 θήσαμέν
448 4113 566 4162 σοι,
604 4100 660 4150 τί
696 4097 837 4166 ἡμῖν
860 4097 1057 4158 ἐσται;
1096 4097 1359 4166 ἀπεκρίθη
1389 4098 1567 4158 αὐτοῖς
1592 4100 1620 4148 6
1646 4100 1775 4166 Χρι-

161 4186 301 4246 στὸς.
329 4185 411 4235 ὅτι
440 4181 784 4248 Καθήσεσθε
808 4181 904 4233 ἐπὶ
934 4179 1155 4232 δώδεκα
1185 4182 1446 4247 θρόνους,
1475 4182 1773 4247 κρίνοντες

158 4268 260 4331 τὰς
324 4266 548 4318 δώδεκα
610 4262 803 4331 φυλὰς
849 4263 953 4315 τοῦ
1008 4262 1257 4328 Ἰσραήλ.
1312 4262 1489 4315 Ταῦτα
1544 4264 1597 4315 δὲ
1647 4280 1775 4316 κατ·

160 4350 448 4410 εσκεύασα,
479 4348 564 4399 ῖνα
605 4348 729 4399 ὅταν
773 4346 925 4409 δείξω
965 4346 1121 4397 αὐτὸν
1161 4347 1468 4411 ἀγωνιῶντα
1498 4348 1633 4415 ὑπὲρ
1668 4349 1773 4399 τῶν

164 4433 476 4495 συνδούλων,
527 4432 601 4500 μὴ
634 4431 788 4499 εἴπῃς
816 4430 894 4481 ὅτι
927 4430 1062 4499 ὐπέρ
1102 4430 1288 4481 ἐαυτοῦ
1332 4430 1601 4483 ἐδεδοίκει.
1653 4431 1773 4493 Πῶς

161 4516 263 4584 7&9
290 4516 355 4569 ἂν
380 4516 599 4578 ἔδεισεν,
638 4511 797 4564 αὐτοῦ
841 4512 930 4564 τοῦ
986 4512 1255 4580 μέλλοντος
1292 4514 1448 4564 αὐτὸν
1488 4514 1773 4579 στεφανοῦν

162 4600 571 4668 ἀποφηναμένου
602 4598 736 4665 ὑπὲρ
778 4596 870 4648 τοῦ
920 4597 1175 4663 στεφάνου
1215 4600 1306 4648 καὶ
1344 4598 1450 4649 τῶν
1482 4598 1770 4666 βραδείωνς

164 4681 320 4746 Οὗτος
342 4684 519 4736 τοίνυν
545 4684 573 4734 ὀ
611 4681 827 4748 Πέτρος,
864 4684 891 4731 6
924 4682 1096 4732 πάντα
1128 4682 1300 4747 ἀφεὶς,
1328 4684 1356 4732 ὀ
1390 4681 1602 4751 θαρρῶν
1640 4685 1773 4753 ὑπὲρ

163 4773 253 4837 τῆς
278 4766 545 4837 βασιλείας
570 4766 672 4816 τῶν
700 4765 957 4832 οὐρανῶν,
982 4764 1351 4832 προσελθόντος
1376 4768 1499 4817 ποτὲ
1527 4767 1772 4819 πλουσίου

164 4854 317 4915 τινὸς,
352 4853 444 4904 καὶ
474 4849 709 4911 εἰπόντος
740 4848 816 4917 τῷ
847 4849 1075 4917 Χριστῷ,
1105 4850 1161 4900 Τί
1186 4848 1410 4913 ποιήσω
1443 4851 1539 4902 ἵνα
1567 4855 1773 4918 κληρο-

164 4938 399 5005 νομήσω
432 4935 582 5002 ζωὴν
623 4932 885 4995 αίώνιον;
918 4932 1009 4983 καὶ
1050 4930 1139 4982 τοῦ
1177 4932 1403 5001 Χριστοῦ
1444 4935 1573 5003 πρὸς
1621 4937 1773 4986 αὐτὸν

168 5029 615 5099 ἀποκριναμένου,
661 5029 729 5079 El
764 5026 950 5088 θέλεις
977 5024 1193 5088 τέλειος
1221 5020 1387 5087 εἶναι,
1419 5025 1622 5092 ὕπαγε,
1657 5026 1773 5077 πώ-

165 5126 357 5189 λησόν
394 5137 511 5174 σου
556 5121 627 5171 τὰ
662 5117 1014 5185 ὑπάρχοντα,
1067 5116 1160 5168 καί
1206 5116 1307 5180 δὸς
1358 5118 1623 5184 πτωχοῖς,
1679 5122 1771 5173 καί

166 5216 335 5281 δεῦρο
392 5215 700 5269 ἀκολούθει
739 5227 864 5280 μοι·
918 5207 1033 5263 εἶτα
1080 5212 1209 5281 πρὸς
1255 5213 1406 5264 τοῦτο
1457 5213 1773 5282 λυπηθέντος

166 5310 503 5372 ἐκείνου,,καὶ
530 5307 765 5373 λέγοντος
784 5308 894 5367 τοῖς
921 5306 1182 5374 μαθηταῖς
1209 5305 1300 5357 τοῦ
1322 5306 1773 5374 Χριστοῦ,’ορᾶτε

166 5400 287 5466 πῶς
326 5400 625 5464 δυσκόλως
650 5400 1006 5467 εἰσέρχονται
1036 5402 1088 5451 οί
1124 5400 1398 5451 πλούσιοι
1430 5402 1513 5463 είς
1542 5399 1651 5464 τὴν
1664 5401 1774 5461 ,ϐα-

164 5496 394 5546 σιλείαν
429 5493 544 5545 τῶν
580 5492 873 5559 οὐρανῶν·
917 5491 1093 5558 ἀμὴν,
1120 5491 1277 5557 ἀμὴν
1306 5491 1457 5557 λέγω
1488 5490 1642 5558 ὑμῖν,
1687 5492 1771 5543 ὅτι

167 5590 556 5657 εὐκοπώτερόν
582 5589 709 5644 ἐστι
736 5586 999 5657 κάμηλον
1015 5587 1109 5640 διὰ
1132 5587 1501 5655 τρυπήματος
1522 5587 1766 5654 ῥαφίδος

840 386 903 440 ΙΝ
943 386 1164 452 ιιιυι),
1205 387 1336 444 HOC
1374 387 1655 443 SCl'l'OTE
1693 384 1875 452 QUOD
1910 383 1973 437 IN
2007 381 2385 438 NOVISSIMIS
2423 382 2685 448 DIEBUS,
2727 384 2873 440 ETC.

3366 420 3477 478 276

1863 497 2170 559 εἰσελθεῖν,
2207 499 2245 564 ἢ
2290 498 2580 550 πλούσιον
2601 500 2684 562 εις
2707 497 2818 563 τὴν
2835 499 3154 560 βασιλείαν
3177 501 3279 553 τοῦ
3303 506 3445 559 Θεοῦ
3464 523 3478 538 ⁸

1862 583 1890 632 6
1913 582 2131 650 Πέτρος,
2155 584 2182 633 ὀ
2204 582 2478 649 ἀκτήμων,
2508 582 2535 631 ὀ
2571 581 2782 650 θαρρῶν
2814 582 2949 650 ὑπὲρ
2976 585 3074 651 τῆς
3114 584 3401 652 βασιλείας,
3453 591 3483 643 6

1863 665 1996 733 ὐπέρ
2033 666 2130 733 τῆς
2157 665 2343 717 ἑαυτοῦ
2370 666 2442 733 μὴ
2470 664 2715 726 δεδοικὼς
2753 666 3036 734 σωτηρίας,
3067 670 3094 718 6
3126 674 3481 739 πεπεισμένος

1865 750 2046 815 σαφῶς
2074 750 2197 818 περὶ
2222 749 2319 815 τῆς
2351 750 2466 800 ἐκεῖ
2486 748 2629 816 αὐτῷ
2648 750 3006 818 ἀποκειμένης
3035 752 3213 819 τιμῆς,
3250 755 3481 818 ἀκούσας

1863 834 2030 885 ταῦτα
2073 834 2241 899 ἐλεγε-
2293 834 2384 897 Τίς
2420 833 2659 885 δύναται
2699 833 2991 899 σωθῆναι;
3024 836 3087 885 Τί
3134 835 3392 899 δέδοικας,
3436 834 3480 890 ὦ

1868 919 2096 985 μακάριε
2127 917 2333 985 Πέτρε;
2370 916 2419 967 τί
2460 918 2722 984 ἀγωνιᾷς;
2762 918 2812 967 τί
2845 919 3091 986 τρέμειςς
3133 921 3310 972 Πάντα
3336 922 3480 991 EA)“-

1863 999 1986 1066 ψας,
2018 1000 2191 1052 πάντα
2239 999 2483 1066 ἀφῆκας⁹
2539 998 2799 1066 περὶτῶν
2839 1001 3198 1054 πλουτούντων
3241 1005 3268 1054 ὀ
3305 1004 3476 1070 λόγος.

1864 1081 2079 1133 ἐκείνων
2128 1082 2418 1149 κατηγορία
2462 1081 2520 1132 τὸ
2551 1081 2862 1149 λεγόμενονο
2909 1086 2969 1134 σὺ
3006 1086 3059 1136 δὲ
3096 1088 3152 1138 ἐν
3191 1088 3346 1155 πενίᾳ
3389 1085 3480 1139 καὶ

1868 1166 2212 1234 ἀκτημοσύνῃ
2242 1166 2495 1226 διατελεῖς
2524 1166 2648 1228 ζῶν.
2682 1167 2814 1217 Ἀλλ’
2843 1169 2901 1219 οὐ
2930 1169 2989 1219 τὸ
3015 1171 3245 1236 ἐμαυτοῦ
3276 1174 3478 1233 σκοπῶ,

1868 1250 2048 1317 φησὶν,
2078 1249 2208 1301 ἀλλά
2235 1252 2323 1300 καὶ
2367 1249 2426 1299 τὸ
2456 1250 2652 1318 ἐτέρων
2692 1251 2966 1318 συμφέρον
3006 1253 3166 1321 ζητῶ.
3208 1256 3303 1306 Διά
3330 1258 3482 1307 τοῦτο

1870 1334 2005 1401 ὑπὲρ
2049 1334 2153 1383 τῶν
2198 1333 2314 1385 καθ’
2356 1332 2539 1383 ἐαυτὸν
2582 1332 2810 1402 θαρῤῶν,
2854 1335 2988 1403 ὑπὲρ
3027 1338 3131 1387 τῶν
3175 1338 3345 1389 ἄλλων
3388 1339 3483 1406 τὴν

1867 1414 2012 1485 [284]
2037 1416 2221 1467 πεῦσιν
2243 1417 2551 1484 προσήγαγε
2590 1415 2775 1482 λέγων,
2809 1418 2899 1480 Τίς
2920 1418 3161 1470 δύναται
3194 1421 3482 1484 σωθῆναι;

1935 1498 1994 1549 ε’.
2015 1493 2163 1558 Εἶδες
2178 1498 2280 1548 τῶν
2306 1499 2607 1551 ἀποστόλων
2632 1501 2725 1568 τὴν
2747 1501 3089 1569 κηδεμονίαν;
3114 1504 3226 1563 πῶς
3246 1505 3301 1554 ἐν
3329 1504 3484 1572 σῶμά

1867 1583 2031 1643 είσιν;
2065 1577 2199 1641 εἶδες
2229 1582 2340 1641 πῶς
2368 1583 2460 1633 καὶ
2490 1583 2623 1651 ὑπὲρ
2648 1585 2752 1636 τῶν
2779 1587 3052 1653 παρόντων
3095 1589 3183 1638 καί
3213 1589 3346 1657 ὑπὲρ
3376 1590 3481 1640 τῶν

1871 1665 2162 1733 μελλόντων
2185 1665 2427 1716 ἐδεδοίκει
2450 1670 2477 1717 6
2508 1668 2732 1734 Πέτρος;
2766 1668 2915 1720 Οὐτω
2942 1671 3030 1721 καὶ
3076 1674 3102 1721 ὁ
3143 1672 3363 1733 Παῦλος.
3394 1675 3482 1725 Διὸ

1869 1751 2035 1817 ἐλεγε·
2083 1750 2426 1811 Γινώσκετε,
2466 1751 2553 1803 ὅτι
2592 1754 2659 1803 έν
2688 1753 2965 1820 ἐσχάταις
2992 1756 3229 1822 ἡμέραις
3267 1760 3479 1825 ἐνστή-

1867 1850 2071 1887 σονται
2109 1836 2294 1900 καιροί
2334 1837 2601 1900 χαλεποί.
2648 1840 2753 1888 Καὶ
2800 1839 3026 1907 ἀλλαχοῦ
3070 1841 3124 1892 δὲ
3162 1841 3314 1892 τοῦτο
3343 1846 3483 1894 ποιεῖ

1867 1919 2041 1971 πάλιν.
2073 1918 2282 1987 Ἐπειδὴ
2300 1921 2405 1987 γὰρ
2422 1920 2604 1987 ἐμελλε
2624 1920 2801 1972 λοιπὸν
2822 1922 3141 1988 ἀφίστασθαι
3167 1925 3263 1991 τῆς
3279 1926 3477 1988 Ἀσίας,

1866 2004 1957 2053 καὶ
1989 2005 2078 2056 ἐπὶ
2105 2004 2201 2071 τὴν
2232 2003 2441 2071 Ῥώμην
2475 2003 2715 2069 ἄγεσθαι,
2742 2006 2833 2057 καὶ
2870 2007 3072 2059 ἐκεῖθεν
3096 2010 3183 2060 ἐπὶ
3210 2010 3298 2062 τὸν
3320 2011 3479 2079 οὐρα-

1866 2086 1952 2137 νὸν
1987 2086 2277 2154 ἀποδημεῖν
2297 2101 2309 2114 ⁸
2345 2089 2372 2138 ὀ
2416 2086 2635 2149 θάνατος
2663 2088 2767 2157 7&9
2791 2089 2895 2140 τῶν
2928 2090 3091 2156 ἀγίων
3110 2092 3207 2143 οὐκ
3246 2092 3355 2144 ἐστι
3389 2095 3479 2145 θά-

1868 2186 2037 2231 νατος,
2076 2170 2205 2221 ἀλλά
2248 2172 2567 2237 μετάστασις
2591 2174 2695 2223 ἀπὸ
2722 2175 2818 2241 γῆς
2847 2176 2926 2236 είς
2957 2176 3197 2244 οὐρανὸν,
3231 2178 3337 2229 ἀπὸ
3372 2180 3479 2231 τῶν

1867 2253 2153 2307 ἐλαττόνων
2183 2254 2259 2315 είς
2297 2255 2365 2306 τά
2403 2255 2605 2323 βελτίω,
2650 2258 2755 2309 ἀπὸ
2799 2258 2901 2309 τῶν
2936 2260 3223 2311 συνδούλων
3266 2263 3355 2313 ἐπὶ
3390 2264 3479 2313 τὸν

1866 2339 2153 2406 Δεσπότην,
2178 2339 2282 2390 ἀπὸ
2307 2340 2413 2392 τῶν
2437 2340 2728 2409 ἀνθρώπων
2745 2344 2874 2410 πρὸς
2892 2345 3014 2405 τοὺς
3039 2346 3293 2411 ἀγγέλους
3314 2362 3326 2375 ο
3361 2348 3479 2399 ἐπεὶ

1867 2420 1959 2475 οὖν
1986 2423 2203 2492 ἔμελλεν
2246 2427 2458 2478 ἀπιέναι
2501 2427 2635 2496 πρὸς
2661 2428 2751 2480 τὸν
2787 2429 2893 2481 τῶν
2928 2431 3173 2483 ἁπάντων
3210 2434 3479 2502 Δεσπότην

1867 2507 2013 2571 Θεὸν,
2050 2511 2139 2559 καὶ
2168 2510 2235 2559 τά
2262 2510 2378 2561 καθ’
2406 2511 2588 2561 ἑαυτὸν
2615 2513 2785 2562 πάντα
2819 2514 2992 2573 καλῶς
3015 2515 3339 2585 ᾡκονόμησε.
3373 2520 3478 2571 Καὶ

1866 2590 1971 2659 γὰρ
2006 2591 2090 2641 τὸν
2116 2592 2318 2659 χρόνον,
2365 2593 2421 2644 δν
2461 2595 2619 2661 συνῆν
2654 2597 2762 2655 τοῖς
2804 2595 3082 2664 μαθηταῖς,
3128 2599 3261 2664 μετά
3305 2601 3479 2669 πάσης

1865 2675 2142 2743 ἀκριϐείας
2176 2676 2269 2742 τὴν
2305 2677 2638 2727 διδασκαλίαν
2663 2679 2840 2737 αὐτοῖς
2878 2680 3155 2747 παρέθετο,
3187 2681 3277 2733 καὶ
3307 2683 3475 2749 λέγει’

1867 2758 2130 2822 Καθαρὸς
2159 2759 2269 2823 ἐγὼ
2312 2759 2425 2809 ἀπὸ
2473 2758 2576 2811 τοῦ
2612 2760 2851 2825 αἵματος
2902 2762 3154 2825 πάντων,
3200 2767 3288 2817 καὶ
3332 2768 3479 2820 οὐδὲν

1869 2839 2123 2900 ἐνέλιπον,
2159 2840 2308 2906 φησὶ,
2338 2841 2442 2892 τῶν
2471 2841 2782 2906 ὀφειλόντων
2816 2847 3171 2916 είσενεχθῆναι
3209 2850 3337 2917 πρὸς
3378 2868 3481 2902 σω·

1866 2923 2076 2992 τηρίαν.
2118 2925 2181 2974 Τί
2231 2920 2349 2985 οὐνς
2396 2926 2576 2995 ἐπειδὴ
2620 2929 2686 2977 τά
2746 2928 2862 2979 καθ’
2909 2931 3091 2984 ἑαυτὸν
3135 2934 3477 3000 ἠσφαλίσατο,

1869 3008 2049 3077 ἐπειδὴ
2078 3008 2410 3074 ἐγκαλεῖσθαι
2432 3011 2528 3062 οὐκ
2563 3011 2787 3078 ἤμελλεν
2814 3013 2917 3064 ἀπὸ
2941 3014 3029 3065 τοῦ
3057 3019 3317 3069 Δεσπότου
3346 3022 3481 3090 ὑπὲρ

1869 3093 1972 3144 τῶν
2006 3094 2119 3145 κατ’
2152 3094 2310 3145 αὐτὸν
2355 3095 2576 3162 χρόνων,
2600 3090 2704 3162 ἆρα
2736 3096 2970 3165 ἠμέλησε
3006 3099 3110 3151 τῶν
3147 3102 3278 3168 μετὰ
3314 3104 3480 3157 ταῦτα

1867 3177 2083 3245 ψυχῶν;
2111 3179 2365 3245 Οὐδαμῶς
2390 3196 2401 3207 ·
2438 3179 2547 3231 ἀλλ’
2572 3178 2751 3249 ὥσπερ
2780 3181 2981 3247 μέλλων
3010 3185 3099 3234 καὶ
3139 3186 3354 3239 ἐκείνων
3391 3189 3480 3239 εὐ-

1870 3262 2029 3324 θύνας
2058 3265 2293 3330 ὐπέχειν,
2318 3263 2483 3325 οὕτως
2508 3267 2729 3318 κάκεῖνα
2769 3269 2903 3334 μετά
2933 3270 3105 3336 πάσης
3132 3272 3306 3333 αὐτοῖς
3337 3273 3480 3341 λέγει

1867 3350 1963 3414 τῆς
1997 3347 2292 3415 ἀκριϐείας.
2325 3349 2415 3399 καὶ
2436 3349 2570 3398 αὐτᾶ
2604 3348 2637 3399 ἀ
2668 3351 2823 3399 πάλιν
2861 3352 3248 3421 ἀναγνώσωμεν
3285 3357 3348 3407 τά
3382 3360 3477 3425 ρή-

1873 3446 2031 3499 ματα·
2062 3431 2403 3496 Προσέχετε,
2439 3432 2619 3499 φησὶν,
2652 3432 2879 3496 ἑαυτοῖς
2922 3435 3015 3485 καί
3049 3439 3220 3489 παντί
3249 3439 3325 3501 τῷ
3354 3458 3480 3494 ποι-

1865 3514 2031 3580 μνίῳ.
2067 3510 2211 3574 Εἶδες
2261 3514 2373 3575 πῶς
2409 3509 2475 3581 ἦν
2514 3514 2879 3582 συνδεδεμένος
2916 3517 3088 3568 αὐτῶν
3119 3522 3181 3588 τῇ
3214 3524 3479 3588 φροντίδις

1882 3598 2061 3664 Ἠμῶν
2098 3598 2193 3665 μὲν
2231 3599 2335 3667 γάρ
2373 3599 2594 3659 ἕκαστος
2617 3599 2680 3650 τά
2720 3601 2837 3651 καθ’
2861 3602 3043 3653 ἐαυτὸν
3074 3607 3322 3673 μεριμνᾷ,
3361 3607 3388 3655 ὀ
3425 3608 3480 3657 δὲ

1872 3682 2141 3751 προεστὼς
2172 3683 2239 3733 τά
2281 3684 2511 3734 πάντων.
2553 3683 2641 3734 Διό
2680 3701 2807 3752 φησι
2835 3685 2957 3754 περὶ
2997 3687 3099 3738 τῶν
3130 3688 3479 3741 διδασκάλων·

1873 3767 2095 3828 Οίτινες
2136 3766 2538 3833 ἀγρυπνοῦσιν
2580 3766 2726 3834 ὑπὲρ
2780 3767 2894 3820 τῶν
2937 3771 3145 3837 ψυχῶν
3180 3772 3356 3839 ὑμῶν,
3404 3775 3482 3838 ὡς

1871 3852 2052 3917 λόγον
2084 3850 2511 3914 ἀποδώσοντες.
2554 3851 2779 3920 Φοδερὸν
2814 3852 2974 3915 ὅντως
3014 3855 3070 3906 τὸ
3100 3858 3425 3926 κρυπτήριον
3452 3872 3479 3898 ι

1872 3934 2009 4002 ὑπὲρ
2031 3934 2278 3984 τοσούτου
2318 3933 2485 4001 δήμου
2523 3934 2615 3996 τάς
2648 3935 2865 3997 εὐθύνας
2904 3938 3143 4006 ὐπέχεινο
3190 3940 3320 4002 ἀλλ’,
3349 3943 3482 4011 ὅπερ

1873 4018 2073 4083 ελεγον,
2107 4017 2334 4076 καλέσας
2360 4016 2549 4083 αὐτούς
2580 4033 2739 4085 φησι·
2771 4021 3095 4087 Προσέχετε
3119 4025 3345 4088 ἑαυτοῖς
3382 4029 3476 4078 καί

1872 4102 2042 4153 παντί
2080 4100 2155 4163 τῷ
2189 4101 2454 4166 ποιμνίῳ,
2488 4102 2555 4152 ἐν
2580 4095 2627 4163 ᾧ
2655 4102 2807 4169 ὑμᾶς
2846 4105 3006 4156 ἔθετο
3044 4105 3106 4156 τὸ
3145 4109 3379 4175 Πνεῦμα
3418 4110 3485 4161 τὸ

1873 4184 2037 4250 ἅγιον
2076 4184 2353 4248 ποιμένας
2395 4182 2491 4233 καί
2524 4181 2901 4248 ἐπισκόπους.
2941 4187 3003 4237 Τί
3039 4188 3282 4255 γέγονεν;
3342 4192 3482 4254 τίνος

1873 4270 2050 4320 ἐνεκεν
2080 4268 2385 4334 παραινεῖς;
2420 4268 2490 4333 μή
2518 4283 2567 4317 τι
2595 4270 2823 4336 προορᾷς
2850 4269 3045 4332 δεινόνς
3079 4274 3148 4339 μή
3180 4291 3229 4323 τι
3261 4276 3480 4341 προδλέ-

1873 4369 1992 4413 πεις
2016 4351 2269 4418 χαλεπόν;
2304 4350 2375 4419 μή
2409 4366 2487 4411 τις
2512 4350 2765 4416 κίνδυνος,
2797 4355 2864 4421 μή
2895 4371 2975 4415 τις
3008 4356 3270 4423 συμφορὰ,
3299 4362 3368 4427 μή
3399 4378 3482 4421 τις

1874 4436 2102 4502 πόλεμος
2123 4450 2135 4497 ;
2171 4434 2300 4485 Είπέ
2322 4448 2336 4464 ⁸
2368 4433 2456 4485 καὶ
2473 4435 2578 4502 γάρ
2606 4434 2919 4503 ὑψηλότερος
2942 4439 3092 4507 ἡμῶν
3118 4440 3365 4507 ἕστηκας
3389 4444 3483 4496 καὶ

1871 4520 1930 4570 οὐ
1956 4520 2021 4569 τά
2041 4520 2276 4586 παρόντα
2302 4517 2509 4585 βλέπεις
2535 4518 2707 4584 μόνον,
2730 4519 2858 4570 ἁλλά
2888 4522 2976 4572 καὶ
2993 4522 3059 4572 τὰ
3082 4522 3336 4590 μέλλοντα
3356 4542 3486 4593 προσ

1872 4606 2018 4673 ορᾷς.
2044 4605 2173 4657 Είπὲ
2202 4604 2371 4654 τοίνυν
2402 4604 2540 4664 τίνος
2575 4602 2753 4655 ἕνεκεν
2782 4607 3171 4673 παραγγέλλεις
3197 4608 3364 4661 ταῦτα
3391 4614 3486 4663 καὶ

1874 4691 2167 4756 παραινεῖς.
2200 4684 2361 4749 Οἶδα,
2393 4688 2571 4755 φησὶν,
2596 4687 2681 4737 ὅτι
2694 4690 2839 4754 μετά
2862 4689 2972 4755 τὴν
2996 4691 3197 4757 ἄφιξίν
3220 4710 3336 4759 μου
3362 4698 3483 4747 εισ-

1872 4774 2212 4825 ελεύσονται
2242 4772 2413 4823 λύκοι
2436 4770 2639 4837 βαρεῖς
2663 4774 2747 4834 είς
2773 4772 2837 4823 τὸ
2860 4775 3144 4841 ποίμνιον.
3181 4774 3326 4839 Εἶδες
3349 4780 3486 4848 ὅπερ

1872 4857 2071 4921 ἐλεγον,
2093 4857 2203 4916 πῶς
2223 4857 2317 4923 οὐχ
2337 4856 2472 4924 ὑπὲρ
2489 4855 2594 4905 τῶν
2619 4857 2737 4907 καθ’
2754 4857 2938 4909 ἐαυτὸν
2953 4860 3150 4927 χρόνων
3168 4863 3369 4931 ἀγωνιᾷ
3389 4867 3481 4917 καὶ

1872 4945 2069 4995 δέδοικε
2095 4944 2266 5011 μόνον,
2288 4944 2417 4993 ἀλλά
2443 4943 2534 4994 καὶ
2553 4943 2686 5013 ὑπὲρ
2704 4944 2807 4995 τῶν
2831 4946 2963 5012 μετὰ
2987 4946 3081 5014 τὴν
3100 4948 3277 5015 ἄφιξιν
3296 4951 3481 5015 αὐτοῦς

1874 5029 2327 5081 Είσελεύσονται
2355 5028 2460 5094 γὰρ
2484 5028 2671 5089 λύκοι,
2701 5029 2845 5096 φησί·
2873 5030 2964 5081 καὶ
2978 5034 3072 5099 οὐχ
3096 5033 3294 5095 ἁπλῶς,
3312 5034 3479 5101 λύκοι,

1873 5113 2022 5173 ἀλλὰ,
2055 5112 2229 5163 Λύκοι
2245 5110 2468 5175 βαρεῖς,
2499 5110 2583 5177 μὴ
2602 5112 2925 5179 φειδόμενοι
2953 5115 3056 5166 τοῦ
3082 5119 3371 5183 ποιμνίου.
3397 5122 3485 5171 Δι-

1873 5196 2033 5257 πλοῦς
2071 5197 2098 5245 ὀ
2146 5195 2394 5260 πόλεμος’
2424 5194 2651 5246 ἀπουσία
2682 5196 2908 5259 Παύλου,
2946 5200 3035 5249 καὶ
3056 5198 3233 5265 ἔφοδος
3262 5203 3367 5253 τῶν
3391 5204 3484 5255 λύ-

1872 5296 1997 5331 κωψ
2018 5278 2134 5329 οὐδὲ
2154 5280 2179 5328 ὁ
2196 5277 2499 5339 διδάσκαλος
2518 5279 2788 5347 πάρεστιν,
2807 5283 2894 5332 καὶ
2908 5282 2954 5332 οί
2975 5282 3364 5353 διαφθείροντες
3376 5290 3485 5339 ἐπι-

1872 5365 2152 5415 κείσονται.
2175 5363 2279 5412 Καὶ
2316 5364 2499 5413 σκόπει
2537 5364 2860 5431 κακουργίαν
2888 5366 3105 5435 θηρίων,
3130 5371 3221 5420 καὶ
3240 5371 3484 5441 πονηρῶν

1935 5598 1959 5625 ⁸
1982 5597 2060 5645 Sic
2082 5610 2165 5646 ms.
2190 5596 2285 5644 Sed
2301 5597 2429 5645 haud
2450 5596 2593 5645 dubie
2633 5598 2891 5659 legendum
2913 5601 3159 5662 κριτήριον.
