4140 6314
636 341 747 396 277

633 449 927 520 ἀνθρώπων
959 452 1194 503 ἐπίνοιαν
1214 469 1228 483 ι
1266 453 1362 522 τὴν
1387 455 1646 507 ἀπουσίαν
1677 457 2119 524 παρετηρήσαντο
2162 453 2255 507 τοῦ

629 533 960 597 διδασκάλου,
995 537 1086 587 καὶ
1130 537 1247 588 τότε
1301 538 1548 590 ἐπέθεντο
1595 536 1672 607 τῷ
1718 542 1964 609 ποιμνίῳ.
2022 540 2087 591 Τί
2132 535 2257 604 οὗν;

634 620 1090 690 ἀπροστατεύτους
1121 625 1263 691 ἡμᾶς
1292 625 1402 692 ἐᾷς,
1432 625 1524 677 καὶ
1549 625 1826 695 προλέγεις
1870 627 1937 678 τὰ
1981 625 2125 679 δεινὰ
2164 626 2261 693 μό-

635 721 742 766 νον,
771 707 1019 774 οὐδεμίαν
1059 707 1113 759 δέ
1162 711 1387 771 ἐπινοεῖς
1417 711 1793 779 παραμυθίαν;
1839 712 1995 763 Ἀλλὰ
2023 711 2086 764 ἂν
2117 709 2262 780 [285]

637 790 791 842 τοῦτο
813 793 986 860 ποιῇς,
1017 793 1211 860 μᾶλλον
1242 793 1423 857 αὔξεις
1447 794 1542 864 τὴν
1560 795 1773 860 δειλίαν,
1802 799 1895 849 καὶ
1915 794 2264 854 καταϐάλλεις

637 874 704 926 τὰ
750 878 1085 944 φρονήματα,
1131 879 1222 930 καὶ
1265 879 1470 942 ἐκλύεις
1510 880 1576 932 τὰ
1617 881 1798 950 νεῦρα,
1833 880 2122 948 παραλύεις
2167 879 2264 940 τὰς

637 961 821 1026 χεῖρας
871 958 973 1010 τῶν
1017 962 1332 1017 ἀκουόντων.
1361 965 1458 1016 Διά
1483 981 1563 1016 τοι
1594 965 1748 1017 τοῦτο
1785 965 2040 1033 πρότερον
2072 963 2262 1025 αὐτοὺς

636 1040 730 1092 τοῦ
758 1043 1061 1111 Πνεύματος
1092 1046 1416 1116 ἀνέμνησεν
1455 1050 1548 1100 Ἐν
1571 1043 1617 1113 ᾧ
1644 1049 1790 1116 ὑμᾶς
1821 1050 1882 1100 τὸ
1920 1050 2158 1115 Πνεῦμα
2199 1049 2262 1101 τὸ

635 1125 802 1192 ἅγιον
847 1129 1008 1179 ἔθετο
1049 1131 1328 1197 ποιμένας
1360 1132 1455 1184 καί
1501 1134 1882 1198 ἐπισκόπους.
1913 1133 2030 1185 Κᾶν
2062 1133 2266 1194 Παῦλος

636 1209 790 1276 ἀπίῃ,
836 1213 1014 1277 φησὶν,
1047 1213 1156 1263 ἀλλ’
1186 1215 1214 1264 6
1259 1215 1603 1286 Παράκλητος
1649 1219 1924 1284 πάρεστιν.
1962 1213 2108 1278 Εἶδες
2151 1216 2266 1277 πῶς

638 1293 942 1360 ἐπτέρωσεν
966 1297 1138 1347 αὐτῶν
1163 1299 1257 1364 τὴν
1285 1297 1476 1367 ψυχὴν,
1505 1302 1810 1368 ἀναμνήσας
1839 1300 1928 1352 τοῦ
1952 1300 2264 1353 διδασκάλου

637 1375 729 1427 τοῦ
779 1377 940 1435 θείου.
977 1379 1042 1429 δι’
1069 1379 1126 1428 ὃν
1172 1382 1262 1432 καὶ
1306 1383 1462 1442 αὐτὸς
1510 1383 1696 1450 παρὼν
1746 1384 1930 1451 ίσχυες
1979 1384 2131 1446 Τίνος
2175 1380 2267 1435 οὖν

639 1460 818 1511 ἕνεκεν
850 1463 928 1522 είς
955 1462 1112 1528 φόϐον
1139 1465 1413 1529 ἐνέϐαλεν;
1447 1468 1557 1518 Ἵνα
1585 1467 1784 1538 ἐκϐάλῃ
1815 1468 1970 1520 πάλιν
1989 1468 2083 1537 τὴν
2106 1468 2269 1538 ρᾳθυ-

643 1544 790 1610 μίαν.
810 1546 1066 1616 Ἐκάτερα
1101 1549 1206 1618 γὰρ
1237 1549 1316 1600 δεῖ
1347 1553 1514 1602 ποιεῖν
1544 1551 1632 1602 τὸν
1660 1552 2099 1621 συμϐουλεύοντα,
2133 1553 2268 1621 μήτε

640 1628 850 1693 ἀφιέναι
879 1630 1094 1699 θαρρεῖν
1131 1634 1220 1684 τὸν
1249 1635 1530 1697 ἀκούοντα,
1557 1636 1640 1688 ἵνα
1672 1637 1745 1705 μὴ
1789 1637 2148 1706 ρᾳθυμὸτερος
2180 1637 2270 1702 γέ-

639 1727 793 1780 νηται
815 1729 827 1742 °
861 1717 994 1783 μήτε
1035 1716 1214 1781 φοϐεῖν
1241 1718 1395 1770 πάλιν
1426 1720 1602 1788 μόνον,
1637 1722 1720 1772 ἵνα
1751 1722 1821 1789 μὴ
1853 1723 1930 1783 είς
1955 1721 2151 1773 δειλίαν
2174 1723 2270 1788 ἐμ-

641 1796 798 1866 πέσῃ.
820 1798 1152 1866 ’Λναμνήσας
1182 1801 1279 1869 μὲν
1309 1797 1400 1856 οὖν
1423 1803 1515 1855 τοῦ
1548 1805 1874 1872 Πνεῦματος,
1918 1805 2131 1868 ἐξέϐαλε
2175 1805 2270 1873 τὴν

643 1880 867 1933 δειλίαν’
898 1884 1063 1936 εἰπὼν
1108 1885 1164 1936 δὲ
1206 1887 1329 1949 τοὺς
1361 1887 1573 1952 λύκους,
1604 1889 1818 1952 ἐξέϐαλε
1857 1891 1952 1960 τὴν
1984 1890 2270 1960 ῥαθυμίαν.

643 1966 824 2018 Λύκοι
874 1968 1101 2034 βαρεῖς,
1125 1969 1210 2038 μὴ
1259 1973 1588 2040 φειδόμενοι
1619 1975 1722 2028 τοῦ
1752 1976 2041 2042 ποιμνίου.
2090 1980 2274 2043 Προσ-

643 2051 808 2118 έχετε
846 2053 1095 2120 ἑαυτοῖς.
1129 2057 1318 2112 Οὐδὲν
1358 2059 1818 2128 ὑπεστειλάμην,
1848 2061 2010 2130 φησί’
2064 2079 2273 2132 μνημο-

644 2140 824 2191 νεύετέ
851 2158 970 2208 μου.
987 2143 1182 2195 Ἱκανὸν
1205 2144 1313 2212 γὰρ
1339 2147 1503 2207 ὅντως
1531 2148 1610 2208 είς
1633 2147 1693 2198 τὸ
1737 2147 1952 2216 θαρρεῖν
1978 2147 2037 2199 τὺ
2068 2149 2270 2217 μεμνῆ-

647 2222 766 2274 σθαι
799 2225 1030 2280 Παύλου.
1065 2229 1173 2296 Ούχ
1202 2229 1382 2292 ἁπλῶς
1417 2231 1473 2283 δὲ
1498 2230 1641 2295 λέγει
1663 2232 1761 2301 τὴν
1790 2233 2002 2300 μνήμην
2029 2233 2126 2302 τὴν
2150 2235 2275 2285 ἐαυ-

645 2304 762 2365 τοῦ,
791 2307 924 2360 ἀλλὰ
951 2309 1047 2376 τὴν
1075 2314 1288 2380 μνήμην
1309 2315 1416 2365 τῶν
1447 2315 2019 2383 κατορθωμάτων.’¹οτι
2052 2318 2156 2384 γὰρ
2179 2319 2274 2387 οὐχ

644 2390 829 2452 ἁπλῶς
855 2391 998 2458 λέγει
1019 2393 1114 2458 τὴν
1144 2397 1357 2464 μνήμην
1381 2397 1476 2465 τὴν
1502 2398 1682 2459 αὑτοῦ,
1707 2399 1818 2450 ἀλλ’
1841 2400 1922 2451 ἵνα
1948 2402 2273 2469 μεμνημένοι

648 2474 976 2544 ζηλὼσωσιν,
1011 2477 1290 2530 ἀκούσοντι
1337 2482 1638 2548 ἐπήγαγενο
1691 2483 2095 2548 Μνημονεύετέ
2142 2501 2272 2550 μου,

649 2559 737 2611 ὅτι
766 2561 1020 2625 τριετίαν
1055 2564 1242 2615 νύκτα
1281 2565 1376 2616 καί
1419 2566 1644 2633 ἡμέραν
1689 2569 1760 2620 οὐ
1804 2567 2101 2621 διέλειπον
2131 2571 2276 2638 μετὰ

647 2642 918 2710 δακρύων
946 2645 1044 2697 καί
1079 2645 1195 2698 τῶν
1219 2647 1486 2715 ὀδυρμῶν
1525 2651 1768 2703 ἐκείνων
1806 2651 2098 2715 ἁπάντων,
2141 2671 2278 2706 νου-

649 2727 832 2781 θετῶν
869 2729 975 2782 ἕνα
1005 2730 1262 2783 ἕκαστον
1303 2733 1484 2800 ὑμῶν.
1513 2735 1621 2803 Οὐχ
1653 2735 1834 2798 ἁπλῶς
1859 2739 1998 2804 ὑμᾶς
2024 2736 2274 2807 βούλομαι

651 2816 955 2882 μεμνῆσθαί
985 2833 1106 2884 μου,
1137 2817 1269 2869 ἀλλὰ
1295 2819 1387 2870 καὶ
1409 2818 1500 2870 τοῦ
1531 2821 1717 2888 χρόνου
1745 2821 1836 2872 καὶ
1861 2824 1958 2890 τῆς
1980 2823 2274 2888 νουθεσίας,

649 2901 742 2950 καὶ
782 2900 878 2966 τῆς
925 2901 1155 2968 σπουδῆς
1185 2904 1274 2953 καὶ
1315 2902 1421 2955 τῶν
1453 2903 1714 2972 δακρύων.
1765 2905 1991 2957 καὶτῶν
2035 2906 2278 2976 ὀδυρμῶν

648 2982 866 3033 ἐκείνων
900 2985 1165 3037 ἁπάντων.
1198 2988 1455 3059 Καθάπερ
1496 2991 1600 3059 γὰρ
1632 2992 1722 3042 ἐπὶ
1747 2991 1854 3043 τῶν
1895 2993 2203 3060 καμνόντων
2228 2994 2277 3044 οἱ

650 3067 1029 3136 προσήκοντες,
1053 3070 1264 3123 ἐπειδὰν
1293 3073 1512 3136 πολλοὺς
1534 3076 1623 3126 καὶ
1650 3076 1891 3144 μακροὺς
1908 3077 2279 3138 ἀποτείναντες

648 3150 832 3217 λόγους
879 3152 951 3221 μὴ
994 3155 1249 3207 πεισθῶσι
1295 3156 1361 3208 τὰ
1409 3157 1514 3209 τῶν
1561 3158 1976 3228 ἀρρωστούντων
2023 3160 2277 3231 προέσθαι

650 3237 792 3288 σιτία
824 3238 914 3289 καὶ
937 3238 1216 3307 φάρμακα.
1242 3240 1577 3309 δακρύουσιν,
1596 3242 1732 3295 ὥστε
1756 3245 1951 3306 αὐτοὺς
1973 3244 2276 3314 ἐπικάμψαι

651 3319 877 3388 μᾶλλον
928 3321 1066 3374 οὕτω
1111 3324 1204 3375 καὶ
1245 3325 1447 3387 Παῦλος
1490 3329 1581 3378 ἐπὶ
1621 3328 1728 3379 τῶν
1776 3328 2026 3397 μαθητῶν
2069 3330 2238 3380 ἐποίει
2260 3346 2275 3359 ⁸

648 3403 805 3471 ἡνίκα
849 3405 914 3457 ἂν
942 3403 1076 3458 εἶδεν
1103 3408 1420 3462 ἀσθενοῦντα
1465 3412 1553 3463 τὸν
1600 3412 1751 3478 λόγον
1791 3413 1886 3481 τῆς
1917 3413 2273 3477 διδασκαλίας,

648 3487 743 3555 τὴν
771 3487 1057 3556 θεραπείαν
1083 3492 1179 3562 τὴν
1209 3495 1315 3546 ἀπὸ
1341 3495 1444 3547 τῶν
1475 3497 1720 3565 δακρύων
1747 3497 2012 3564 εἰσέφερε.

716 3629 895 3690 ς¹.Τίς
929 3629 983 3682 δὲ
1006 3631 1104 3683 ούκ
1135 3631 1200 3684 ἂν
1230 3633 1423 3702 ᾐδέσθη
1446 3635 1647 3689 Παῦλον
1671 3636 1965 3707 δακρύοντα
1985 3641 2076 3692 καὶ
2097 3641 2277 3708 ὀδυρό-

650 3729 806 3780 μενον
840 3713 999 3782 ὁρῶν,
1023 3717 1070 3767 εί
1094 3718 1183 3768 καὶ
1213 3719 1318 3769 τῶν
1341 3719 1498 3771 λίθων
1532 3721 1970 3792 ἀναισθητότερος
1999 3719 2097 3793 ἦνς
2129 3723 2278 3788 Εἶδες

647 3796 764 3858 πῶς
789 3799 946 3851 κάκεῖ
975 3804 1196 3870 προεῖπε
1241 3803 1306 3854 τὰ
1351 3804 1635 3871 μέλλοντα;
1676 3807 1780 3857 Καὶ
1808 3808 2036 3860 ἐνταῦθα
2061 3810 2121 3861 τὸ
2151 3812 2280 3864 αὐτὸ

646 3882 805 3934 τοῦτο
837 3887 977 3935 ποιεῖ
1004 3885 1198 3950 λέγων’
1235 3888 1409 3940 Τοῦτο
1445 3889 1510 3940 δὲ
1533 3891 1863 3957 γινώσκετε,
1896 3893 1982 3946 ὅτι
2009 3894 2078 3946 ἐν
2099 3896 2279 3963 ἐσχά-

645 3982 773 4031 ταις
812 3967 1050 4034 ᾐμέραις
1089 3970 1479 4036 ἐνστήσονται
1515 3976 1701 4040 καιροὶ
1739 3979 2005 4041 χαλεποί.
2041 3980 2192 4040 Τίνος
2221 3981 2277 4032 δὲ

646 4052 828 4105 ἕνεκεν
847 4055 1089 4123 Τιμοθέῳ
1120 4054 1281 4122 λέγει,
1315 4057 1403 4108 καὶ
1428 4057 1485 4107 ού
1498 4054 1660 4121 λέγει·
1695 4059 1963 4113 ’ἰδέτωσαν
1989 4062 2045 4113 δὲ
2068 4064 2114 4114 οἱ
2145 4066 2279 4132 μετὰ

646 4137 814 4189 ταῦτα
847 4139 1123 4206 μέλλοντες
1153 4140 1411 4207 γίνεσθαι,
1442 4143 1520 4192 ὅτι
1558 4144 1896 4211 ἐνστήσονται
1930 4147 2106 4216 καιροὶ
2133 4147 2280 4215 χαλε-

648 4223 737 4274 ποί
761 4239 775 4284 ;
817 4223 972 4275 nam
1001 4225 1226 4290 γίνωσκε
1262 4228 1344 4286 σὺ,
1387 4227 1470 4278 Eua
1505 4227 1674 4297 μάθῃς
1719 4231 1797 4280 ὅτι
1841 4231 1931 4283 καὶ
1969 4233 1997 4283 6
2039 4234 2280 4302 μαθητὴς

647 4307 842 4374 ὁμοίως
869 4309 945 4377 τῷ
972 4309 1269 4377 διδασκάλῳ
1295 4309 1399 4361 τῶν
1431 4313 1694 4381 ἐσομένων
1742 4315 1977 4381 κήδεται.
2013 4317 2142 4369 Οὐδὲ
2171 4318 2277 4388 γὰρ

647 4392 696 4442 εί
723 4391 796 4460 μὴ
823 4392 1056 4460 ἐκήδετο,
1089 4394 1478 4463 παραπλησίως
1522 4397 1710 4466 ἐκείνῳ
1756 4398 1851 4467 τὴν
1896 4402 2144 4468 φροντίδα
2191 4405 2276 4454 ἐν·

649 4475 838 4544 έθηκεν
863 4477 943 4528 ἄν.
974 4476 1124 4529 Οῦτω
1153 4481 1246 4530 καὶ
1275 4479 1303 4529 ὁ
1324 4479 1552 4548 Χριστὸς
1572 4485 1714 4534 ποιεῖ
1735 4498 1749 4513 ⁸
1775 4484 1958 4552 ἐπειδὴ
1982 4484 2088 4554 γάρ
2111 4503 2276 4554 προσ-

647 4559 805 4627 ῆλθον
836 4563 882 4612 οί
918 4562 1169 4630 μαθηταὶ,
1193 4563 1259 4615 τὰ
1290 4565 1412 4632 περὶ
1434 4566 1529 4634 τῆς
1555 4566 1853 4629 συντελείας
1884 4569 2070 4636 μαθεῖν
2097 4571 2275 4624 θέλον-

648 4663 755 4707 τες,
791 4647 919 4716 φησὶ
946 4647 1079 4716 πρὸς
1104 4649 1292 4711 αὐτούς
1316 4668 1327 4679 ·
1356 4651 1694 4715 Μελλήσετε
1732 4652 1800 4706 δὲ
1838 4655 2074 4708 ἀκούειν
2098 4659 2274 4710 πολέ-

644 4748 812 4797 μους.
849 4733 954 4784 Kal
1007 4735 1112 4801 μὴν
1157 4736 1254 4786 οὐκ
1302 4737 1492 4788 ἐκεῖνοι
1545 4737 1761 4804 ἔμελλον
1809 4739 2144 4792 ἀκούειν.“Εν
2170 4744 2275 4812 γάρ

650 4817 762 4867 ἐστι
810 4816 869 4868 τὸ
915 4815 1068 4885 σῶμα
1101 4819 1208 4869 τῶν
1239 4820 1457 4872 πιστῶν.
1497 4822 1604 4874 Καὶ
1633 4823 1878 4891 καθάπερ
1905 4826 1954 4877 οἱ
1979 4825 2097 4877 τότε
2127 4827 2273 4890 ὄντες

651 4902 776 4969 περὶ
822 4901 928 4953 τῶν
976 4902 1208 4972 ὑστέρων
1240 4904 1538 4969 ἀκούουσιν,
1569 4905 1708 4959 οὕτω
1730 4907 1791 4976 δὴ
1836 4910 1925 4961 καὶ
1955 4911 2110 4978 ἡμεῖς
2151 4913 2274 4981 περὶ

649 4985 755 5036 τῶν
775 4987 892 5039 τότε
916 4988 1211 5056 γενομένων
1239 4991 1731 5057 μανθάνομεν.¹Ὀπε
1740 5011 1769 5062 ρ
1797 4994 1903 5062 γὰρ
1930 4992 2096 5057 εἷπον,
2124 4996 2275 5064 σῶμα

649 5067 707 5119 ἐν
733 5069 895 5134 ἐσμεν
928 5073 1080 5138 ἡμεῖς
1109 5072 1360 5132 κάκεῖνοι,
1397 5074 1528 5140 μετά
1569 5076 1844 5146 ἀκριϐείας
1885 5076 2127 5146 ἀλλήλοις
2154 5096 2274 5132 συν-

649 5152 936 5220 δεδεμένοι,
967 5155 1014 5205 εί
1052 5156 1143 5204 καὶ
1170 5155 1264 5210 τὴν
1290 5158 1519 5226 ἐσχάτην
1549 5159 1653 5209 τῶν
1688 5159 1859 5226 μελῶν
1885 5161 2145 5229 ἐπέχομεν
2181 5164 2273 5215 τά-

653 5235 731 5296 ξιν
751 5251 764 5263 °
797 5235 888 5286 καλ⁵
914 5239 973 5287 τδ
1006 5236 1158 5305 σῶμα
1187 5238 1341 5291 τοῦτο
1363 5241 1422 5290 οὐ
1447 5241 1642 5308 χρόνος
1675 5242 1950 5310 διίστησιν,
1986 5245 2045 5295 οὐ
2075 5245 2235 5307 τόπος
2255 5265 2268 5276 ο

653 5317 997 5386 συνδεδέμεθα
1029 5319 1133 5388 γάρ
1161 5321 1421 5390 ἀλλήλοις,
1456 5324 1516 5374 οῦ
1554 5324 1752 5393 νεύρων
1797 5327 2119 5394 περιϐολαῖς.
2160 5329 2270 5381 ἀλλ’

650 5401 864 5470 ἀγάπης
913 5400 1058 5472 [386]
1107 5404 1318 5472 δεσμοῖς
1365 5405 1804 5475 περιϐεϐλημένοι
1857 5410 2128 5463 πάντοθεν.
2179 5413 2272 5464 Διά

650 5484 803 5536 τοῦτο
826 5487 916 5536 καὶ
943 5485 1162 5548 ἐκείνοις
1191 5489 1312 5557 περὶ
1353 5490 1506 5557 ἡμῶν
1535 5490 1847 5557 διαλέγεται,
1885 5492 1975 5544 καὶ
2017 5497 2173 5561 ἡμεῖς
2207 5497 2273 5548 τά

650 5568 866 5619 ἐκείνων
892 5571 1404 5638 ἀκούσωμεν.”Λξιον
1429 5575 1483 5626 δὲ
1503 5573 1722 5643 ζητῆσαι
1751 5578 1979 5642 κάκεῖνο,
2011 5579 2060 5630 τί
2077 5579 2267 5646 δήποτε

1373 340 1426 395 S.
1466 341 1744 395 JOANNIS
1780 341 2254 398 CllltYSOSTOMI
2291 343 2600 400 ARCIHEP.
2637 346 3168 403 CONSTANTINOP.

3889 347 4005 401 278

2361 458 2628 526 πανταχοῦ
2649 460 2714 512 τὰ
2745 459 3035 529 σκυθρωπὰ
3055 458 3187 526 πρὸς
3207 455 3273 508 τὰ
3296 455 3420 522 τέλη
3435 452 3530 520 τῆς
3551 451 3823 522 παρούσης
3845 447 3991 517 ζωῆς

2360 543 2691 610 συνωθῆσθαί
2740 561 2888 612 φησι.
2924 545 3030 596 Kal
3057 542 3164 610 γὰρ
3194 537 3421 608 ἀλλαχοῦ
3457 537 3634 604 λέγει’
3682 537 3782 588 Ἔν
3808 532 3992 600 ἐσχά-

2359 644 2484 690 ταις
2511 628 2752 694 ἠμέραις
2780 626 3225 691 ἀποστήσονταί
3253 640 3407 686 τινες
3433 621 3542 689 τῆς
3570 621 3819 683 πίστεως
3836 634 3850 646 ·
3895 617 3992 668 καὶ

2359 711 2585 762 ἐνταῦθα
2626 713 2782 786 πάλιν
2837 711 2978 778 λέγει
3003 727 3017 740 ο
3057 712 3150 762 Ἐν
3181 707 3461 775 ἐσχάταις
3501 704 3741 773 ἡμέραις
3779 702 3992 764 ἐνστή-

2360 812 2568 848 σονται
2627 797 2815 864 καιροί
2875 797 3142 862 χαλεποί.
3198 793 3306 846 Καὶ
3361 791 3389 842 6
3444 790 3672 861 Χριστὸς
3732 788 3994 855 σύμφωνα

2359 880 2563 942 τούτοις
2594 880 2987 950 προαναφωνῶν
3013 879 3188 946 ἔλεγεν
3205 895 3218 909 ο
3249 875 3372 928 Ἐπὶ
3391 875 3496 944 γὰρ
3516 875 3624 941 τῆς
3645 872 3996 935 συντελείας

2356 963 2686 1031 μελλήσετε
2723 965 2962 1017 ἀκούειν
2997 962 3289 1027 πολέμους
3334 959 3430 1010 καὶ
3477 957 3656 1020 ἀκοὰς
3698 955 3994 1021 πολέμων,

2362 1049 2457 1100 καὶ
2481 1049 2690 1114 λιμοὺς
2715 1049 2810 1101 καὶ
2836 1049 3098 1115 λοιμούς.
3130 1045 3280 1106 Τίνος
3309 1042 3400 1095 οὖν
3429 1043 3608 1094 ἐνεκεν
3637 1044 3691 1094 ἐν
3719 1043 3783 1111 τῇ
3815 1055 3999 1091 συντε-

2363 1132 2477 1200 λείᾳ
2505 1133 2562 1184 τὸ
2594 1133 2816 1200 μέγεθος
2846 1133 2988 1200 καὶὴ
3021 1131 3230 1191 σύνοδος
3249 1130 3354 1180 τῶν
3381 1127 3699 1197 συμφορῶν;
3725 1125 3875 1186 Τινὲς
3896 1124 3999 1193 μέν

2365 1232 2540 1282 φασιν,
2568 1217 2647 1267 ὅτι
2697 1218 2970 1283 κάμνουσα
3003 1217 3034 1283 ἡ
3075 1214 3246 1276 κτίσις
3289 1215 3378 1265 καὶ
3405 1211 3718 1272 ἀσθενοῦσα,
3751 1209 4000 1278 καθάπερ

2369 1301 2523 1368 σῶμα
2567 1301 2867 1369 γεγηρακὸς
2911 1299 3073 1351 πολλὰ
3117 1301 3406 1350 ἐπισπᾶται
3436 1297 3502 1346 τὰ
3535 1297 3823 1362 νοσήματα,
3857 1293 4002 1344 οὕτω

2363 1386 2454 1435 καὶ
2511 1384 2644 1454 αὐτὴ
2694 1385 2918 1454 γηρῶσα
2969 1383 3162 1445 πολλὰς
3213 1384 3506 1434 ἐπισπᾶται
3553 1381 3649 1442 τὰς
3697 1377 3998 1446 συμφοράς.

2379 1467 2533 1520 Ἀλλὰ
2557 1468 2617 1519 τὸ
2649 1468 2745 1536 μὲν
2783 1469 2935 1536 σῶμα
2978 1467 3118 1519 κατὰ
3157 1467 3363 1533 φύσεως
3394 1465 3667 1518 ἀσθένειαν
3715 1465 3806 1514 καὶ
3838 1463 4004 1529 νόμον

2366 1551 2457 1602 ἐπὶ
2483 1552 2542 1604 τὸ
2573 1553 2745 1622 γῆρας
2773 1553 2984 1620 ἔρχεται
3011 1568 3025 1582 ο
3059 1552 3106 1602 οί
3135 1551 3191 1602 δὲ
3223 1551 3398 1618 λοιμοὶ
3444 1552 3533 1602 καὶ
3566 1550 3612 1601 οί
3643 1548 3865 1614 πόλεμοι
3910 1546 4008 1597 καὶ

2365 1637 2414 1687 οἱ
2441 1635 2649 1703 σεισμοὶ
2675 1635 2734 1686 οὐ
2760 1635 2844 1687 διὰ
2871 1635 2930 1686 τὸ
2961 1635 3128 1704 γῆρας
3159 1635 3254 1702 τῆς
3280 1633 3504 1696 κτίσεως
3546 1635 3697 1685 είσιν.
3724 1631 3856 1684 Οὐδὲ
3894 1630 4008 1698 γὰρ

2367 1719 2546 1789 ἐπειδὴ
2581 1719 2650 1771 τὰ
2686 1719 2952 1788 κτίσματα
2988 1720 3156 1772 ταῦτα
3191 1721 3336 1788 γηρᾷ
3359 1759 3373 1782 ,
3423 1718 3510 1771 διὰ
3545 1718 3701 1769 τοῦτο
3735 1716 3804 1768 τὰ
3839 1716 4006 1785 νοσή-

2371 1822 2512 1873 ματα
2535 1804 2704 1857 ταῦτα
2723 1820 2736 1834 ·
2769 1805 2935 1873 Λιμοί
2962 1807 3088 1874 γὰρ,
3119 1804 3214 1857 καί
3241 1803 3452 1871 λοιμοὶ,
3479 1801 3573 1855 καί
3604 1800 3837 1870 σεισμοὶ
3857 1802 4012 1852 κατὰ

2367 1890 2613 1953 τόπους·
2668 1889 2779 1942 ἀλλ’
2826 1889 3006 1958 ἐπειδὴ
3048 1889 3156 1940 τῶν
3197 1886 3493 1956 ἀνθρώπων
3549 1887 3582 1954 ἡ
3644 1883 3830 1954 γνώμη
3889 1883 4014 1936 δια-

2371 1975 2679 2044 φθείρεσθαι
2719 1973 2926 2043 μέλλει·
2961 1973 3237 2043 άμαρτιῶν
3272 1973 3378 2038 γάρ
3411 1973 3554 2023 ἐστιν
3591 1969 3800 2022 ἅπαντα
3837 1968 4014 2020 ταῦτα

2371 2059 2729 2128 κολαστήρια.
2782 2058 2874 2111 καὶ
2927 2059 3241 2127 νοσημάτων
3309 2055 3654 2126 ἀνθρωπίνων
3721 2053 4010 2123 φάρμακα.

2371 2146 2477 2198 Kal
2509 2145 2614 2214 γὰρ
2657 2144 2727 2197 τὰ
2769 2144 3046 2213 νοσήματα
3073 2144 3141 2194 τὰ
3173 2142 3480 2211 ἀνθρώπινα
3505 2141 3622 2192 τότε
3661 2139 4012 2190 ἐπιτείνεται.

2371 2232 2478 2283 Καὶ
2523 2231 2661 2292 τίνος
2705 2229 2887 2282 ἕνεκεν
2918 2228 3036 2280 τότε
3075 2227 3424 2290 ἐπιτείνεται;
3451 2227 3630 2296 φησίν.
3646 2226 3797 2293 Ἐμοὶ
3838 2224 4012 2285 δοκεῖ,

2370 2317 2450 2368 ὅτι
2478 2315 2659 2384 ἐπειδὴ
2685 2315 2914 2384 χρονίζει
2941 2314 2998 2366 τὸ
3029 2313 3387 2382 δικαστήριον,
3413 2312 3504 2364 καὶ
3536 2311 3809 2378 μέλλουσιν
3839 2309 3894 2360 al
3915 2311 4014 2360 εῦ-

2372 2396 2543 2458 θῦναι,
2595 2397 2686 2448 καὶ
2727 2395 2874 2446 οὔπω
2915 2394 3280 2464 παραγέγονεν
3327 2394 3355 2444 6
3395 2392 3602 2461 κριτὴς,
3655 2389 4018 2460 ρᾳθυμότεροι

2372 2480 2605 2544 γίνονται
2633 2481 2681 2528 οί
2712 2478 2988 2544 μέλλοντες
3021 2478 3175 2544 λόγον
3198 2475 3614 2544 ὑπέχειν.⁶’οπερ
3638 2469 3730 2526 οὖν
3761 2474 3852 2525 καὶ
3879 2474 4020 2541 περὶ

2371 2561 2464 2613 τοῦ
2487 2560 2719 2630 πονηροῦ
2747 2562 2951 2612 οἰκέτου
2981 2561 3140 2630 φησὶν
3169 2563 3197 2612 6
3223 2560 3468 2628 Χριστὸς,
3495 2559 3574 2610 ὅτι
3596 2558 3798 2610 ἐκεῖθεν
3819 2557 4019 2623 γέγονε

2376 2645 2753 2714 ρᾳθυμότερος.
2783 2645 3029 2713 Χρονίζει
3055 2646 3162 2716 γὰρ
3193 2648 3220 2698 6
3252 2644 3450 2713 Κύριός
3485 2659 3606 2713 μου,
3635 2643 3791 2710 φησὶν
3817 2643 3845 2692 6
3866 2643 4020 2694 οἰκέ-

2373 2747 2490 2798 της,
2524 2730 2616 2780 καὶ
2641 2729 2727 2781 διὰ
2768 2727 2922 2781 τοῦτο
2949 2730 3072 2792 τοὺς
3104 2729 3412 2790 συνδούλους
3437 2728 3650 2789 ἔτυπτε,
3681 2727 3773 2778 καὶ
3804 2726 3899 2795 τὴν
3925 2727 4019 2779 δε-

2376 2813 2632 2884 σποτικὴν
2659 2814 2994 2885 διετάραττεν
3031 2814 3232 2866 οὐσίαν.
3263 2812 3358 2864 Διά
3385 2813 3538 2864 τοῦτο
3576 2812 3668 2864 καὶ
3709 2812 3736 2862 6
3778 2811 4021 2880 Χριστὸς

2375 2901 2484 2960 τοῖς
2533 2899 2795 2966 μαθηταῖς
2845 2898 3147 2950 συνελθοῦσι
3179 2899 3270 2950 καὶ
3304 2895 3639 2965 βουλομένοις
3672 2895 3860 2964 μαθεῖν
3912 2895 4021 2963 τὴν

2375 2982 2582 3050 ἡμέραν
2614 2983 2711 3052 τῆς
2740 2983 3060 3045 συντελείας,
3095 2983 3192 3034 οὐκ
3230 2982 3399 3048 ἔλεγε,
3429 2984 3493 3049 τῇ
3524 2981 3713 3050 ἀδηλίᾳ
3744 2980 3848 3032 τῶν
3879 2981 4019 3046 μελ-

2375 3066 2569 3118 λόντων
2605 3067 2922 3133 ἐναγωνίους
2953 3069 3096 3136 ἡμᾶς
3127 3067 3291 3118 ποιῶν
3333 3064 3607 3134 διηνεκῶς,
3655 3065 3738 3117 ῖνα
3787 3063 4022 3127 ἕκαστος

2377 3152 2462 3203 ἀεὶ
2512 3151 2817 3220 προσδοκῶν
2857 3153 2916 3205 τὸ
2963 3153 3170 3222 μέλλον,
3203 3154 3294 3206 καὶ
3339 3154 3396 3204 ἐν
3437 3152 3643 3204 ἐλπίσιν
3676 3151 3750 3204 ὣν
3786 3153 3883 3219 τῆς
3919 3152 4020 3204 τοῦ

2377 3237 2609 3308 Χριστοῦ
2630 3238 2949 3306 παρουσίας,
2977 3234 3449 3308 σπουδαιότερος
3473 3237 3568 3290 Διὰ
3585 3236 3742 3290 τοῦτο
3764 3239 4026 3304 παραινεῖ

2375 3343 2456 3388 τις
2501 3327 2697 3392 λέγων’
2753 3324 2848 3394 Μὴ
2893 3325 3230 3380 ἀναϐάλλου
3271 3323 3620 3389 ἐπιπρέψαι
3649 3322 3747 3374 ἐπὶ
3773 3323 4021 3386 Κύριον,

2373 3409 2526 3478 μηδὲ
2553 3409 2806 3479 ἀνάμενε
2827 3410 3051 3478 ἡμέραν
3069 3410 3137 3472 ἐξ
3161 3408 3399 3476 ἡμέρας.
3423 3408 3651 3475 μήποτε
3671 3407 3750 3470 ὡς
3767 3405 4025 3470 μέλλεις

2376 3493 2899 3562 ἐκτριὸᾔς.”Αδηλός
2931 3497 3076 3546 ἐστιν
3105 3494 3137 3560 ἡ
3167 3491 3408 3560 τελευτὴ,
3451 3489 3601 3559 φησὶ,
3628 3491 3722 3542 καὶ
3747 3489 3834 3541 διὰ
3858 3488 4027 3541 τοῦτο

2377 3577 2587 3646 ἄδηλος,
2627 3579 2714 3630 ἵνα
2754 3581 2840 3630 ἀεὶ
2883 3575 3201 3644 σπουδάζεις.
3233 3574 3329 3626 Διὰ
3363 3573 3518 3626 τοῦτο
3560 3574 3635 3635 ὡς
3679 3574 3918 3640 κλέπτης
3961 3575 4025 3625 ἐν

2377 3663 2549 3723 νυκτὶ,
2579 3662 2748 3724 οὕτως
2791 3661 2824 3730 ἡ
2866 3660 3043 3730 ἡμέρα
3071 3660 3268 3730 Κυρίου
3305 3660 3546 3728 ἔρχεται·
3575 3658 3670 3726 οὐχ
3702 3659 3788 3710 ῖνα
3820 3658 4023 3728 κλέψῃ,

2377 3747 2490 3799 ἀλλ’
2510 3748 2596 3798 ἵνα
2627 3747 2771 3815 ἡμᾶς
2790 3745 3214 3813 ἀσφαλεστέρους
3233 3744 3447 3812 ποιήσῃ.
3465 3743 3521 3794 '0
3541 3742 3649 3809 γὰρ
3667 3742 3756 3794 τὸν
3777 3741 4025 3810 κλέπτην

2377 3831 2637 3900 προορῶν,
2661 3831 2718 3880 ἐν
2746 3827 3016 3899 ἀγρυπνίᾳ
3041 3827 3232 3893 διάγει,
3259 3827 3352 3878 καὶ
3377 3826 3564 3895 λύχνον
3593 3824 3735 3892 tua;
3765 3825 3856 3877 διὰ
3887 3842 4030 3877 παν-

2377 3915 2467 3976 τὸς
2497 3916 2811 3984 ἐγρήγορεν.
2833 3912 3017 3970 οὕτως
3039 3907 3130 3981 ῼῦν
3155 3911 3248 3962 καὶ
3276 3912 3430 3978 ὑμεῖς
3456 3911 3685 3978 ἅψαντες
3706 3909 3765 3962 τὸ
3785 3910 3902 3976 φῶς
3921 3912 4029 3978 τῆς

2378 4000 2606 4060 πίστεως
2650 3999 2742 4050 καὶ
2785 3997 2882 4066 τῆς
2927 3995 3088 4064 ὀρθῆς
3123 3994 3417 4056 πολιτείας,
3461 3995 3683 4063 φαιδρὰς
3725 3993 3875 4062 ἑχετε
3923 3995 4029 4058 τὰς

2378 4083 2656 4152 λαμπάδας
2677 4084 2733 4133 ἐν
2751 4080 3020 4148 ἀγρυπνία⁵
3046 4080 3294 4146 διηνεκεῖ.
3315 4079 3525 4148 Ἐπειδὴ
3550 4079 3655 4147 γὰρ
3676 4079 3774 4129 οῦκ
3795 4078 4024 4144 οἴδαμεν

2380 4169 2506 4220 πότε
2554 4167 2583 4218 6
2627 4165 2852 4234 νυμφίος
2905 4163 3138 4232 ἔρχεται,
3171 4163 3250 4214 δεῖ
3295 4163 3832 4231 παρεσκευασμένους
3875 4157 4024 4215 εἶναι

2378 4253 2464 4305 διὰ
2495 4250 2706 4311 παντὸς.
2739 4250 2802 4300 ἶν’
2829 4249 2952 4300 ὅταν
2977 4247 3123 4317 ἔλθῃ,
3156 4247 3417 4315 νήφοντας
3445 4246 3595 4316 εὕρῃ.

2447 4399 2511 4460 ζ’.
2529 4396 2851 4463 Ἐϐουλόμην
2870 4395 3102 4445 ἐκτεῖναι
3115 4391 3202 4444 τὸν
3215 4391 3366 4457 λόγον
3385 4409 3397 4421 ο
3415 4390 3546 4442 ἀλλὰ
3565 4390 3656 4442 καὶ
3676 4389 3845 4442 ταῦτα
3862 4391 4022 4458 μόλις

2376 4483 2580 4550 ἀφῆκεν
2602 4481 2771 4532 εἰπεῖν
2791 4481 2823 4546 ἡ
2844 4477 2935 4529 τοῦ
2959 4476 3204 4545 σώματος
3228 4475 3494 4535 ἀσθένεια,
3519 4474 3583 4525 δι’
3602 4475 3667 4542 ῆν
3690 4475 3780 4525 τὸν
3806 4477 4024 4543 μακρὸν.

2376 4565 2558 4618 τοῦτον
2590 4564 2739 4632 ὑμῶν
2769 4562 3093 4629 διεσπάσθην
3125 4561 3328 4628 χρόνον.
3360 4558 3580 4626 Μακρὸς
3609 4559 3713 4627 γὰρ
3755 4558 3783 4608 6
3827 4560 4024 4628 χρόνος

2375 4651 2516 4719 ἐμοὶ,
2547 4651 2606 4702 οὐ
2634 4649 2711 4717 τῷ
2742 4645 2956 4717 ἀριθμῷ
2985 4645 3091 4697 τῶν
3123 4643 3362 4713 ἡμερῶν,
3394 4641 3526 4695 ἀλλά
3565 4642 3642 4711 τῷ
3693 4643 3873 4711 μέτρῳ
3923 4647 4029 4697 καὶ

2374 4738 2438 4804 τῇ
2465 4734 2696 4788 διαθέσει
2729 4733 2824 4801 τῆς
2861 4730 3054 4799 ψυχῆς.
3087 4731 3208 4790 Τοῖς
3239 4728 3343 4796 γὰρ
3370 4726 3579 4794 φιλοῦσι
3620 4728 3710 4778 καὶ
3744 4727 3772 4777 6
3804 4727 4028 4798 βραχὺς

2376 4821 2560 4891 χρόνος
2601 4817 2694 4870 τοῦ
2737 4814 3012 4885 χωρισμοῦ
3041 4814 3201 4873 πολὺς
3248 4812 3338 4865 καὶ
3389 4813 3588 4878 ἇφατος
3619 4811 3878 4878 φαίνεται.
3918 4816 4028 4869 Διὰ

2375 4900 2530 4953 τοῦτο
2563 4899 2656 4951 καὶ
2703 4897 2731 4948 6
2776 4894 2982 4956 Παῦλος
3018 4893 3165 4964 1287]
3194 4893 3381 4962 μικρὸν
3411 4892 3648 4954 ἀποστὰς
3688 4892 4026 4946 Θεσσαλονι-

2377 4985 2532 5043 κέων,
2561 4983 2739 5048 ἔλεγεν
2759 4995 2772 5008 ·
2815 4979 3020 5046 Ἡμεῖς,
3051 4978 3318 5044 ἀδελφοὶ,
3345 4977 3883 5043 ἀπορφανισθέντες
3909 4979 4027 5047 ἀφ’

2375 5068 2539 5137 ὑμῶν
2570 5068 2714 5134 πρὸς
2744 5066 2949 5130 καιρὸν
2975 5063 3147 5128 ὥρας,
3189 5061 3496 5128 προσώπῳ,
3523 5063 3593 5114 οὺ
3633 5060 3856 5127 καρδίᾳ,
3903 5079 4024 5115 πε-

2365 5153 2726 5221 ρισσοτέρως
2745 5148 3202 5215 ἐσπουδάσαμεν
3225 5145 3290 5198 τὸ
3316 5148 3631 5213 πρόσωπον
3655 5145 3818 5214 ὑμῶν
3837 5146 4020 5202 ἰδεῖν.

2374 5239 2436 5290 Εί
2481 5237 2534 5289 δὲ
2585 5236 2788 5298 Παῦλος
2815 5239 2844 5287 6
2868 5235 3079 5286 πάντων
3109 5232 3337 5302 μάλιστα
3368 5232 3665 5299 φιλοσοφεῖν
3700 5231 3874 5292 εἰδὼς,
3913 5233 4025 5287 οὐκ

2374 5325 2597 5393 ἧνεγκεν
2626 5323 2756 5390 πρὸς
2789 5321 2972 5391 καιρὸν
2993 5318 3158 5390 ὥρας,
3195 5319 3307 5380 πῶς
3331 5320 3483 5387 ἡμεῖς
3507 5317 3764 5378 τοσαύτας
3789 5319 4024 5387 οἴσομεν

2375 5409 2614 5477 ἡμέραςς
2667 5405 2802 5457 Ἀλλ’
2824 5407 3022 5465 ἐκεῖνος
3053 5405 3148 5472 μέν
3193 5403 3383 5472 μηκέτι
3426 5403 3644 5468 στέγων,
3679 5402 3749 5454 τὰ
3779 5403 4019 5470 λείψανα

2373 5495 2469 5561 τῆς
2493 5491 2796 5561 ἀρρωστίας
2823 5489 2978 5558 ἔχων,
3003 5489 3229 5558 ἔδραμον
3252 5489 3382 5557 πρὸς
3404 5488 3563 5556 ὑμᾶς,
3594 5488 3845 5556 μέγιστον
3867 5490 4021 5559 φάρ-

2378 5595 2543 5647 μακον
2573 5577 2866 5647 ἡγούμενος
2910 5574 3183 5644 ἐπιθήσειν
3226 5577 3322 5643 τῆς
3362 5571 3627 5642 ὑμετέρας
3653 5574 3868 5642 ἀγάπης
3912 5578 4016 5644 την
