4144 6308
182 360 305 415 277

166 474 441 528 parcentes
487 466 645 535 gregi.
693 464 889 534 Duplex
936 465 1131 519 bellum
1175 482 1188 519 :
1236 465 1381 517 Pauli
1430 464 1663 517 absentia
1694 473 1746 516 et

176 555 415 608 incursio
442 555 687 624 luporum
720 572 732 608 :
762 554 947 609 doctor
971 568 1074 609 non
1102 554 1304 618 aderit,
1332 564 1384 608 et
1410 563 1747 621 corruptores

172 647 551 701 imminebunt.
588 649 664 702 Ae
692 649 955 717 perpende
994 648 1224 702 ferarum
1257 648 1535 713 vafritiem,
1568 656 1621 700 ct
1649 647 1747 699 im-

174 738 470 803 proborum
512 737 785 792 hominum
811 740 1135 793 versutiam:
1180 738 1468 791 absentiam
1515 738 1745 791 doctoris

172 826 546 887 observarunt,
576 836 628 880 et
657 837 777 881 tunc
800 842 1010 895 gregem
1039 826 1364 880 invaserunt.
1393 825 1524 892 Quid
1554 824 1744 892 igitur?

174 928 277 967 nos
310 915 425 969 sine
456 915 587 969 duce
613 924 665 969 et
695 917 983 984 patrocinio
1009 916 1230 979 deseris,
1265 924 1569 981 tantumque
1607 914 1746 967 cala-

173 1004 391 1056 mitates
438 1004 699 1070 prtedicis,
745 1019 913 1072 neque
946 1006 1099 1057 ullam
1145 1004 1408 1072 excogitas
1432 1003 1745 1056 consolatio-

172 1093 341 1143 nem?
374 1092 564 1145 \'erum
594 1092 638 1145 si
664 1094 764 1145 hoc
790 1092 968 1155 facias,
994 1093 1236 1145 timorem
1262 1107 1438 1160 auges,
1466 1099 1517 1143 et
1541 1092 1742 1143 animos

170 1183 390 1251 dejieis,
442 1198 633 1236 nervos
676 1184 936 1248 dissolvis,
986 1194 1141 1252 atque
1188 1199 1372 1236 manus
1401 1182 1739 1236 audientium.

174 1269 307 1324 ldeo
361 1270 512 1334 prius
558 1270 662 1323 illis
706 1268 967 1337 Spiritum
1014 1272 1457 1323 commemoravit
1495 1289 1505 1321 :
1556 1270 1619 1323 In
1646 1288 1742 1339 quo

174 1374 264 1412 vos
295 1358 524 1426 Spiritus
551 1370 751 1412 sanctus
798 1362 961 1428 posuit
988 1372 1211 1429 pastores
1250 1374 1294 1414 et
1325 1363 1579 1429 episwpos
1605 1362 1735 1426 (Act.

171 1451 267 1503 20.
298 1449 412 1519 28).
446 1450 665 1503 Etiamsi
696 1451 887 1504 Paulus
914 1452 1098 1514 abeat,
1133 1452 1327 1519 inquit,
1354 1460 1406 1503 at
1440 1451 1741 1505 Paracletus

176 1540 351 1594 adest.
388 1541 572 1594 Viden‘
599 1542 861 1610 quomodo
899 1557 1079 1595 eorum
1111 1543 1279 1594 erexit
1303 1542 1531 1593 animum
1554 1581 1567 1601 ,
1605 1541 1741 1593 divi-

175 1644 303 1681 num
336 1642 758 1682 commemorans
781 1630 1074 1692 doctorem,
1105 1630 1253 1697 cujus
1274 1644 1372 1698 ope
1402 1639 1453 1681 et
1484 1630 1593 1695 ipse
1619 1628 1738 1680 dum

174 1733 417 1784 praesens
437 1729 575 1771 esset
603 1718 850 1771 valebat?
872 1719 974 1771 Cur
1006 1733 1132 1786 ergo
1164 1719 1403 1771 timorem
1432 1717 1648 1785 injecit?
1678 1717 1742 1770 Ut

172 1807 434 1859 desidiam
483 1807 792 1860 elitninaret.
828 1807 1118 1875 Utrumque
1142 1807 1279 1861 enim
1314 1818 1562 1875 prarstare
1586 1806 1742 1858 debet

172 1897 222 1947 is
248 1897 335 1963 qui
366 1896 457 1947 dat
482 1896 787 1951 consilium:
811 1912 906 1950 nec
934 1897 1238 1964 permittere
1268 1907 1320 1948 ιιι
1348 1895 1553 1948 auditor
1579 1894 1739 1946 eonfi-

173 1985 288 2049 dat,
313 1999 383 2039 ne
411 1986 624 2054 segnior
651 1986 868 2050 evadat;
898 2001 1065 2054 neque
1087 1986 1491 2054 perterrefacere
1519 1993 1735 2047 tantum,

170 2091 245 2131 ne
291 2079 344 2129 in
391 2077 609 2129 nimium
654 2086 849 2130 metum
898 2077 1109 2131 incidat.
1159 2075 1287 2129 Cum
1327 2091 1454 2145 ergo
1486 2075 1739 2143 Spiritum

171 2168 616 2221 commemoravit
641 2208 654 2231 ,
691 2168 941 2222 timorem
966 2166 1157 2237 ejeeit;
1186 2184 1308 2222 eum
1330 2168 1487 2234 lupos
1512 2167 1736 2229 addidit,

175 2260 456 2327 sogniliem
489 2258 707 2326 depulit.
741 2258 867 2327 Lupi
910 2275 1112 2327 graves,
1158 2276 1255 2312 non
1287 2269 1539 2326 parcentes
1581 2258 1737 2327 gregi.

176 2348 435 2401 Attendite
462 2348 614 2401 vobis.
649 2347 794 2400 Nihil
821 2349 1060 2410 subtraxi.
1093 2349 1257 2415 inquit
1287 2367 1298 2401 :
1324 2364 1579 2402 memores
1602 2358 1741 2403 csto-

179 2446 231 2490 te
264 2438 389 2491 mei.
435 2436 639 2491 Sufficit
667 2439 807 2491 enim
833 2437 977 2490 Pauli
1013 2439 1262 2490 memoria
1289 2438 1351 2489 ad
1386 2437 1623 2491 fiduciam
1656 2439 1738 2490 in-

172 2527 427 2579 ciendam.
461 2526 575 2579 Non
606 2526 911 2579 memoriam
940 2527 1018 2579 sui
1050 2528 1211 2594 tangit
1239 2527 1430 2591 solum,
1463 2527 1554 2580 sed
1579 2529 1736 2580 etiam

175 2616 493 2668 memoriam
521 2625 808 2683 gestorum.
831 2616 979 2682 Quod
1004 2617 1141 2669 enim
1167 2632 1269 2670 non
1298 2618 1604 2685 simpliciter
1631 2633 1740 2670 me-

177 2704 403 2756 moriam
438 2706 515 2755 sui
550 2705 813 2771 postulet:
858 2704 950 2758 sed
979 2715 1034 2757 ut
1073 2706 1331 2758 recordati
1374 2706 1519 2771 ejus,
1569 2706 1739 2773 ipsum

177 2790 500 2849 minitentur,
551 2788 803 2840 audituro
850 2788 1022 2841 cuivis
1067 2790 1285 2860 subjicit
1328 2810 1338 2842 :
1388 2792 1739 2847 Recordamini

171 2879 268 2928 mei
293 2918 308 2941 ,
344 2881 578 2945 quoniam
623 2896 710 2947 per
739 2882 1001 2933 triennium
1046 2892 1188 2934 nocte
1227 2891 1270 2934 et
1313 2882 1393 2934 die
1420 2900 1518 2935 non
1555 2884 1739 2935 cessavi

170 2983 286 3017 rum
316 2967 555 3036 lacrgmis
580 2979 624 3021 et
649 2969 907 3038 gemitibus
933 2970 1033 3022 illis
1058 2971 1281 3022 omnibus
1330 2987 1533 3023 monens
1558 2987 1737 3023 unum-

168 3072 415 3124 quemque
441 3067 649 3109 restrum
682 3057 812 3127 (.-lct.
841 3057 926 3111 20.
954 3058 1062 3125 '51).
1092 3058 1202 3110 Non
1230 3059 1398 3111 solum
1428 3061 1531 3112 mei
1555 3074 1733 3113 recor-

166 3146 284 3198 duri
320 3160 415 3198 vos
448 3147 641 3213 cupio;
682 3146 773 3200 sed
816 3148 974 3201 etiam
1018 3149 1296 3215 temporis,
1341 3148 1731 3213 admonitionis,

166 3250 352 3299 curm,
403 3234 752 3303 lacrymarutn
801 3246 853 3287 et
902 3237 1189 3304 gemituum
1229 3237 1435 3288 illorum
1477 3237 1731 3289 omnium.

167 3323 631 3388 Quemadmodum
656 3324 795 3378 enim
822 3332 1135 3392 aegrotorum
1165 3325 1388 3392 cognati,
1413 3341 1531 3378 cum
1558 3326 1737 3379 vident

168 3414 289 3465 illos
320 3412 477 3465 dictis
523 3413 629 3465 suis
672 3412 954 3481 multisque
1002 3414 1213 3465 monitis
1259 3428 1358 3464 non
1408 3415 1595 3466 cedere
1637 3430 1735 3469 nec

164 3503 453 3556 admittere
482 3503 727 3557 alimenta
758 3514 811 3556 et
852 3503 1129 3570 pltarmaca
1176 3506 1329 3573 mgris
1356 3507 1729 3573 competentia,

165 3594 551 3662 lacrymantur,
594 3603 648 3646 ut
679 3594 797 3647 illos
839 3594 1044 3649 facilius
1072 3594 1283 3649 ﬂectant
1314 3614 1325 3649 :
1357 3598 1432 3650 sic
1462 3606 1512 3650 et
1542 3598 1732 3652 Paulus

161 3697 291 3751 erga
342 3681 623 3750 discipulos
672 3697 728 3736 se
770 3683 1017 3752 gerebat;
1063 3695 1180 3737 etim
1229 3685 1437 3739 videbat
1480 3687 1731 3740 doctrina:

162 3784 470 3825 sermonem
494 3771 556 3824 ad
586 3771 908 3827 suadendum
937 3773 1198 3827 infirmum
1219 3789 1358 3839 esse,
1383 3776 1728 3844 laerymarum

160 3859 430 3913 medelam
462 3860 758 3915 inducebat.

231 3950 287 4003 6.
333 3950 461 4014 Quis
490 3959 663 4005 autem
692 3966 794 4006 non
827 3952 1085 4006 reveritus
1113 3963 1285 4018 esset,
1316 3954 1531 4007 Paulum
1562 3955 1728 4025 lacry-

160 4049 396 4093 mantem
426 4053 648 4093 cernens
678 4055 739 4094 ae
775 4050 1073 4110 gementem
1093 4084 1106 4107 ,
1138 4044 1339 4097 etiamsi
1368 4059 1523 4096 sensu
1563 4047 1727 4114 magis

160 4127 456 4182 destitutus
484 4128 703 4194 fuisset,
734 4146 888 4199 quam
920 4131 1154 4198 lapides?
1199 4132 1437 4185 Vidistin’
1464 4135 1727 4199 quomodo

158 4220 323 4275 etiam
357 4219 464 4272 illic
492 4218 664 4272 futura
693 4220 1030 4287 prtedixerit?
1063 4220 1155 4273 llic
1186 4222 1341 4273 etiam
1371 4222 1594 4288 idipsum
1622 4223 1728 4290 agit

157 4313 346 4367 dicens
380 4328 393 4361 :
425 4309 537 4362 Hoc
562 4319 726 4362 autem
756 4312 943 4375 scitote,
977 4312 1212 4379 quoniam
1238 4312 1290 4363 in
1318 4312 1597 4364 novissimis
1617 4314 1723 4364 die-

156 4405 247 4457 bus
278 4410 428 4456 erunt
456 4411 677 4469 tempora
705 4402 876 4471 gravia
904 4402 978 4471 (2.
1009 4402 1135 4453 Tim.
1162 4402 1212 4455 5.
1239 4400 1313 4472 l).
1342 4400 1447 4454 Cur
1472 4412 1642 4456 autem
1674 4403 1721 4456 id

156 4492 443 4547 Timotheo
468 4492 580 4555 ait,
630 4507 726 4546 nec
755 4492 880 4546 dicit
913 4511 926 4545 :
957 4493 1137 4546 Sciant
1184 4493 1216 4545 ii
1264 4492 1352 4560 qui
1400 4500 1517 4560 post
1563 4494 1720 4547 futuri

154 4592 299 4645 sunt,
350 4583 461 4635 fore
502 4588 738 4649 tempora
783 4580 1003 4650 gravia?
1046 4582 1135 4636 sed
1156 4582 1303 4637 Scito
1337 4589 1423 4646 tu,
1466 4590 1521 4634 ut
1550 4583 1721 4637 discas

155 4672 473 4741 discipulum
505 4671 719 4739 perinde
758 4680 913 4739 atque
957 4672 1260 4740 magistrum
1301 4672 1387 4724 illa
1418 4672 1572 4724 etiam
1605 4689 1721 4740 qua:

156 4764 332 4818 futura
363 4772 484 4818 sunt
509 4779 713 4817 curare.
741 4762 796 4817 Si
827 4764 966 4816 enim
995 4778 1097 4815 non
1126 4774 1381 4828 curasset,
1409 4781 1511 4817 non
1541 4781 1717 4832 parem

156 4854 222 4905 illi
255 4852 669 4907 sollicitudinem
702 4853 1053 4921 Imposuisset.
1096 4854 1169 4907 Ita
1200 4853 1319 4907 fecit
1358 4865 1406 4907 et
1438 4855 1675 4909 Christus
1704 4873 1715 4907 :

154 4942 272 5009 quia
305 4942 447 4995 enim
480 4948 812 4994 accesserant
841 4940 1101 5008 discipuli,
1130 4942 1266 5009 quod
1294 4942 1490 4996 vellent
1517 4958 1574 4995 ea
1600 4960 1717 5011 qua:

154 5033 215 5085 ad
245 5032 763 5086 consummationem
799 5032 1105 5098 spectabant
1147 5032 1386 5087 ediscere
1409 5075 1424 5098 ,
1471 5035 1542 5086 ait
1572 5035 1673 5087 illis
1704 5053 1714 5087 :

155 5121 392 5173 Audituri
436 5119 550 5172 estis
579 5120 752 5187 praelia
784 5119 1011 5190 (Matth.
1046 5120 1135 5174 24.
1164 5120 1196 5173 6
1220 5120 1258 5189 ).
1292 5122 1447 5189 Atqui
1494 5137 1595 5174 non
1640 5124 1712 5175 illi

151 5210 380 5262 audituri
425 5217 595 5262 erant.
632 5207 1053 5277 Unumnamqne
1100 5218 1181 5262 est
1222 5225 1414 5279 corpus
1462 5212 1712 5264 ﬁdelium.

152 5300 225 5352 Ac
250 5296 701 5366 quemadmodum
743 5297 776 5349 ii
814 5297 900 5364 qui
931 5306 1051 5351 tunc
1089 5307 1271 5361 erant,
1313 5299 1379 5351 de
1408 5300 1713 5367 postfuturis

152 5388 460 5449 audiebant,
484 5388 558 5439 sic
581 5396 632 5440 et
664 5400 759 5439 nos
787 5386 851 5440 de
880 5387 983 5440 illis
1007 5388 1093 5455 qui
1118 5399 1241 5442 tune
1271 5388 1414 5443 fuere
1440 5390 1707 5444 discimus.

152 5478 217 5533 Ut
241 5479 387 5533 enim
416 5476 561 5542 dixi,
606 5492 766 5530 unum
797 5492 989 5546 corpus
1032 5492 1150 5531 cum
1195 5479 1295 5532 illis
1325 5494 1534 5542 sumus,
1569 5490 1711 5534 arcte

150 5578 334 5621 mutuo
358 5568 648 5635 conjuncti,
673 5569 874 5622 etiamsi
902 5578 1186 5622 extremam
1215 5571 1567 5623 membrorum
1593 5586 1709 5638 par-

151 5667 249 5712 tem
280 5670 602 5726 occupamus
632 5676 643 5710 :
677 5671 966 5729 corpusque
991 5658 1091 5713 hoc
1120 5673 1215 5713 nec
1244 5668 1447 5728 tempus
1474 5669 1704 5729 separat,

780 347 845 401 ΙΝ
882 347 1102 413 ILLUD,
1144 346 1273 403 llOC
1312 344 1589 400 SCITOTE
1626 344 1805 411 QUOD
1846 346 1907 399 IN
1946 346 2312 409 NOVISSIMIS
2350 356 2612 423 DIEBUS,
2654 363 2801 417 ETC.

3296 387 3405 442 278

1858 478 1953 518 nec
1982 465 2125 519 locus
2160 484 2173 519 :
2208 478 2391 523 mutuo
2418 473 2556 525 enim
2587 476 2811 545 colligati
2841 492 3021 533 sumus
3041 522 3054 545 ,
3089 496 3190 536 non
3219 499 3409 541 nervo-

1852 570 1965 607 rum
1994 558 2297 612 circuitihus
2322 601 2334 620 ,
2378 563 2468 614 sed
2503 565 2734 619 caritatis
2772 569 2992 623 vinculis
3023 571 3251 639 undique
3279 590 3410 629 eon-

1849 644 2039 697 stricti.
2072 647 2192 699 ldeo
2221 657 2272 701 ct
2312 649 2425 703 illos
2457 653 2593 704 circa
2622 669 2719 707 nos
2746 657 3057 725 alloquitur,
3088 671 3137 713 et
3168 676 3264 717 nos
3292 680 3409 731 qua:

1849 730 1911 783 ad
1954 732 2070 786 illos
2115 747 2353 802 spectant
2399 740 2691 795 audiamus.
2744 743 2929 811 Opera:
2972 749 3197 815 pretium
3231 730 3321 803 est,
3355 764 3408 807 et

1849 820 1971 872 illttd
2019 839 2291 890 quaerere,
2320 842 2412 879 cur
2455 830 2643 897 ubique
2694 833 2857 885 tristia
2904 851 3085 889 versus
3129 840 3405 906 prresentis

1848 909 1967 962 vita:
2018 912 2172 966 finem
2220 931 2495 969 accessura
2539 920 2696 972 dicat.
2749 923 2952 975 Etenim
2994 926 3114 978 alibi
3143 927 3269 981 dicit
3302 946 3312 980 :
3345 929 3407 983 In

1847 1003 2124 1054 novissimis
2151 1006 2320 1058 diebus
2343 1008 2592 1061 discedent
2618 1012 2818 1079 quidam
2845 1031 2873 1064 a
2897 1015 2995 1080 [ide
3019 1017 3090 1084 (Ι.
3107 1016 3238 1069 Tim.
3256 1020 3405 1087 4.1);

1846 1096 1899 1140 et
1928 1090 2009 1141 hic
2038 1106 2242 1144 rursum
2274 1096 2346 1144 ait
2380 1113 2392 1146 :
2420 1094 2484 1147 In
2514 1099 2796 1151 novissimis
2821 1100 2991 1153 diebus
3020 1114 3163 1155 erunt
3188 1114 3411 1173 tempora

1846 1180 2014 1244 gravia
2047 1178 2136 1246 (2.
2167 1180 2292 1232 Tim.
2325 1183 2375 1234 5.
2407 1185 2429 1235 1
2459 1190 2495 1251 ).
2531 1185 2767 1240 Christus
2809 1204 3015 1257 quoque
3059 1192 3139 1244 his
3181 1209 3409 1250 consona

1851 1271 2205 1333 prmnuntians
2235 1273 2407 1325 aiebat
2438 1293 2449 1327 :
2480 1275 2608 1327 Nam
2641 1277 2704 1329 In
2743 1283 3165 1335 consummatione
3188 1286 3411 1338 audituri

1846 1358 1959 1409 estis
1987 1360 2163 1425 pratia
2192 1370 2235 1411 et
2266 1363 2525 1428 opiniones
2556 1368 2841 1432 prwliorum
2865 1410 2877 1432 ,
2912 1379 2955 1421 et
2987 1374 3143 1439 {ames
3180 1383 3222 1424 et
3254 1385 3411 1441 pestes

1847 1445 2066 1508 (Matth.
2092 1448 2181 1502 2i.
2206 1450 2257 1501 6.
2284 1450 2365 1519 7).
2400 1453 2504 1505 Cur
2535 1471 2658 1522 ergo
2690 1456 2739 1508 in
2776 1463 3225 1515 consummatione
3258 1474 3330 1516 tot
3360 1473 3413 1517 et

1848 1541 2005 1587 tanta:
2030 1536 2184 1588 simul
2210 1540 2574 1594 calamitates?
2603 1544 2823 1606 Quidam
2854 1548 3049 1613 dicunt,
3079 1549 3409 1605 fatiscentem

1845 1634 1896 1677 et
1925 1625 2275 1680 infirmantem
2310 1640 2569 1696 naturam,
2595 1634 2728 1687 sicut
2754 1650 2945 1705 e0rpus
2968 1639 3229 1705 quoddam
3262 1644 3410 1695 senio

1848 1713 2143 1769 confectum
2175 1718 2369 1773 multos
2395 1722 2611 1774 attrahit
2641 1726 2871 1787 morbos,
2905 1728 2979 1779 sic
3006 1743 3120 1780 eam
3148 1745 3404 1784 consene-

1845 1814 2077 1858 scentem
2105 1808 2296 1860 multas
2321 1810 2586 1865 attrahere
2610 1813 2951 1868 calamitates.
2982 1818 3049 1869 At
3076 1833 3264 1886 corpus
3292 1821 3407 1888 qui.

1844 1892 1963 1946 dem
2004 1894 2071 1947 ob
2113 1898 2347 1963 corporis
2392 1899 2748 1955 infirmitatem
2794 1904 3081 1957 secundum
3131 1907 3295 1972 legem
3340 1909 3408 1962 ad

1790 1990 1794 1994 “
1844 1984 2047 2037 senium
2092 1987 2279 2039 venit:
2313 1989 2628 2056 pestilentiae
2672 2001 2880 2055 autem,
2936 1994 3105 2058 bella,
3153 2006 3206 2049 et
3254 2007 3408 2051 terra:

1845 2083 2017 2127 motus
2038 2117 2053 2139 ,
2096 2091 2198 2129 non
2230 2078 2296 2131 ob
2325 2088 2525 2132 natura:
2555 2091 2876 2137 senectutem
2922 2085 3182 2139 accidunt.
3227 2087 3410 2156 Neque

1843 2164 1980 2217 enim
2012 2165 2129 2218 ideo
2167 2168 2409 2222 accidunt
2441 2169 2493 2221 hi
2528 2172 2727 2237 morbi,
2759 2173 2897 2240 quod
2942 2186 3194 2228 creatura:
3223 2192 3407 2229 conse-

1842 2264 2060 2307 nescant
2092 2273 2104 2310 :
2139 2255 2320 2311 Fames
2362 2275 2585 2329 nempe,
2630 2263 2943 2330 pestilentia),
2984 2273 3029 2316 et
3070 2274 3212 2317 teme
3248 2277 3407 2319 motus

1845 2360 1932 2411 per
1955 2345 2063 2397 loca
2089 2363 2106 2398 :
2134 2349 2223 2400 sed
2269 2350 2387 2417 quia
2430 2351 2698 2404 hominum
2739 2354 2944 2407 animos
2973 2357 3233 2423 corrumpi
3266 2358 3405 2410 futu-

1844 2448 1958 2487 rum
1986 2444 2069 2488 est
2101 2455 2113 2489 :
2152 2438 2263 2492 hcec
2301 2441 2492 2508 quippe
2531 2443 2705 2495 omnia
2748 2453 2870 2496 sunt
2898 2445 3120 2499 ultiones
3159 2456 3403 2514 peccato-

1842 2539 1977 2587 rum,
2011 2538 2063 2579 et
2090 2530 2483 2596 mgritudinihus
2528 2532 2769 2587 humanis
2800 2536 3050 2588 remedia.
3096 2536 3224 2589 Nam
3255 2539 3405 2606 a'gri-

1845 2612 2050 2667 tudines
2094 2616 2334 2670 humana:
2378 2630 2501 2672 tunc
2542 2632 2815 2689 augentur.
2862 2624 2929 2675 Et
2967 2639 3127 2690 quare
3160 2634 3279 2677 tunc
3308 2641 3403 2678 au-

1841 2706 2073 2771 gentur?
2104 2707 2323 2772 inquies.
2355 2710 2632 2775 Quoniam,
2666 2722 2715 2765 ut
2747 2713 2873 2766 mihi
2904 2714 3125 2778 videtur,
3150 2716 3400 2783 judicium

1841 2800 1893 2843 et
1922 2807 2089 2858 paenae
2120 2795 2168 2845 itt
2207 2795 2509 2850 diuturnum
2557 2808 2761 2867 tempus
2803 2801 3149 2868 differuntur,
3181 2820 3240 2857 ac
3268 2822 3401 2858 non-

1840 2879 1964 2933 dum
2009 2883 2221 2936 advenit
2270 2884 2468 2947 Judex,
2522 2889 2607 2955 qui
2656 2891 2911 2942 rationem
2960 2892 3208 2946 reddituri
3259 2906 3397 2959 sunt,

1838 2970 2108 3037 segniores
2141 2974 2385 3026 evadunt.
2421 2975 2473 3027 ιι]
2506 2977 2645 3043 quod
2678 2981 2834 3031 etiam
2872 2980 3116 3034 Christus
3145 2983 3209 3035 de
3250 2999 3397 3036 servo

1842 3074 2065 3126 nequam
2096 3061 2243 3127 dicit,
2278 3065 2444 3130 ipsum
2480 3066 2595 3119 ideo
2627 3070 3058 3136 negligentiorem
3090 3072 3263 3124 fuisse.
3298 3075 3402 3125 Mo-

1840 3164 1925 3200 ras
1958 3150 2119 3203 trahit
2147 3152 2389 3205 dominus
2420 3171 2587 3220 meus,
2622 3157 2787 3225 inquit
2816 3159 2901 3211 ille
2930 3175 3113 3215 servus
3138 3203 3151 3224 ,
3182 3161 3403 3230 illquuc

1841 3252 2128 3292 conservos
2156 3242 2495 3309 verberabat,
2542 3256 2593 3298 et
2625 3247 2813 3300 heriles
2843 3249 3117 3304 facultates
3156 3266 3401 3319 pessumo

1838 3328 2011 3381 dabat.
2064 3328 2259 3384 Idcirco
2304 3333 2541 3387 Christus
2588 3338 2954 3391 accedentibus
2999 3341 3294 3409 discipulis,
3346 3356 3397 3395 et

1837 3421 2191 3483 quaerentibus
2222 3422 2457 3477 ediscere
2489 3426 2623 3479 diem
2656 3432 3155 3493 consummationis,
3191 3448 3293 3484 non
3322 3434 3400 3485 in—

1836 3506 2062 3575 dicavit,
2097 3523 2151 3563 ut
2179 3511 2470 3566 futurorum
2513 3517 2739 3569 incertos
2768 3535 2863 3574 nos
2890 3521 3100 3573 assidue
3132 3522 3180 3573 in
3213 3524 3399 3577 timore

1836 3608 2029 3660 servet,
2061 3609 2111 3651 et
2138 3602 2327 3667 singuli
2357 3618 2566 3671 semper
2594 3606 2821 3659 futurum
2851 3620 3242 3676 exspectantes,
3267 3621 3318 3664 et
3347 3614 3395 3663 itt

1835 3700 1927 3751 spe
1953 3686 2149 3740 Christi
2178 3689 2435 3743 adventus
2462 3704 2731 3748 versantes
2753 3737 2766 3760 ,
2800 3697 3156 3764 diligentiores
3198 3710 3394 3753 essent.

1834 3776 1957 3829 Ideo
2002 3778 2248 3834 admonet
2286 3783 2545 3851 quisliiam
2586 3786 2767 3839 dicens
2800 3804 2812 3838 :
2845 3787 2926 3840 Nc
2951 3788 3154 3852 differas
3181 3790 3398 3843 converti

1833 3868 1899 3917 ad
1920 3866 2208 3930 Dominum,
2250 3888 2404 3939 neque
2430 3885 2676 3941 exspectes
2722 3877 2782 3927 de
2809 3877 2887 3928 die
2915 3878 2964 3928 in
2993 3878 3119 3928 diem
3140 3919 3153 3940 ,
3184 3895 3244 3929 ne
3269 3882 3396 3947 forte

1834 3958 1953 4009 dum
1984 3960 2179 4022 tardas,
2211 3966 2483 4015 cantet-aris
2514 3962 2710 4031 (Eccli.
2741 3966 2791 4017 5.
2822 3965 2873 4018 8.
2900 3966 2985 4032 0).
3021 3966 3219 4018 Incerta
3253 3983 3394 4021 mors

1831 4057 1929 4111 est,
1967 4050 2153 4116 inquit,
2185 4062 2238 4104 et
2280 4053 2395 4104 ideo
2439 4054 2664 4119 incerta,
2701 4062 2757 4106 ut
2782 4071 2989 4122 semper
3018 4058 3269 4111 sollicitus
3298 4061 3389 4111 sis.

1831 4137 2159 4205 Quapropter
2185 4139 2318 4190 sicut
2360 4139 2441 4191 fur
2467 4149 2655 4203 noctu,
2691 4143 2765 4193 sic
2804 4143 2916 4195 dies
2949 4145 3147 4197 Domini
3178 4149 3388 4200 veniet:

1833 4239 1934 4277 non
1965 4236 2020 4277 ut
2051 4226 2273 4290 furctur,
2303 4228 2392 4280 sed
2421 4238 2476 4281 ut
2504 4244 2598 4282 nos
2623 4231 2881 4283 cautiores
2908 4232 3109 4285 reddat.
3143 4233 3269 4286 Nam
3301 4237 3391 4303 qui

1829 4323 2104 4367 venturum
2137 4314 2302 4369 furem
2330 4317 2598 4386 praevidet,
2631 4321 2679 4371 in
2710 4320 2897 4387 vigiliis
2927 4323 3051 4389 agit,
3080 4333 3133 4375 et
3170 4338 3389 4378 accensa

1828 4403 2036 4457 lucerna
2067 4419 2274 4471 semper
2294 4407 2490 4475 vigilat.
2520 4407 2605 4461 Sic
2633 4417 2682 4461 et
2708 4424 2799 4461 vos
2828 4410 2998 4479 itaque
3020 4426 3237 4464 accensa
3268 4414 3388 4467 fidei

1827 4500 1880 4543 et
1904 4493 2028 4544 recti
2051 4493 2168 4546 vita:
2199 4495 2415 4548 instituti
2450 4496 2564 4547 luce
2586 4538 2600 4558 ,
2629 4496 2925 4562 splendidas
2949 4500 3189 4553 habetote
3220 4502 3389 4555 lucer-

1827 4595 1951 4642 nas,
1985 4582 2036 4635 in
2068 4584 2293 4636 assiduis
2325 4585 2529 4651 vigiliis.
2564 4584 2691 4650 Quia
2724 4590 2861 4639 enim
2906 4590 3171 4641 nescimus
3217 4608 3383 4658 quan-

1825 4671 2014 4725 donam
2060 4690 2287 4741 sponsus
2334 4685 2584 4728 venturus
2631 4678 2733 4737 sit,
2780 4693 2987 4743 semper
3021 4690 3225 4746 paratos
3269 4698 3384 4737 esse

1825 4771 2051 4829 Oportet,
2084 4773 2140 4816 ut
2167 4778 2286 4815 cum
2313 4766 2531 4828 venerit,
2566 4781 2659 4819 nos
2690 4767 2963 4833 vigilantes
2994 4769 3239 4821 inveniat.

1894 4852 1943 4903 7.
1982 4851 2360 4921 C/trysostomus
2389 4855 2674 4920 inﬁrmitate
2713 4856 2931 4921 corporis
2972 4858 3195 4924 exposita
3224 4860 3373 4924 ﬁnem

1822 4942 2036 4993 orationi
2084 4944 2312 5010 imponit.
2356 4973 2424 4981 —
2466 4944 2621 4997 Plura
2664 4944 2841 4998 dicere
2883 4945 3069 4998 vellem
3103 4948 3231 4999 :sed
3273 4949 3382 5001 ha-c

1823 5033 2055 5101 proferre
2084 5034 2359 5089 infirmitas
2391 5036 2624 5103 corporis
2650 5036 2732 5087 vix
2768 5037 3021 5102 permisit,
3051 5053 3148 5105 qua
3180 5054 3205 5089 a
3236 5039 3381 5092 vobis

1822 5121 1976 5190 longo
2022 5134 2255 5189 tempore
2300 5126 2508 5178 avulsus
2549 5140 2684 5177 sum.
2738 5125 2970 5191 Longum
3016 5126 3138 5177 mihi
3178 5138 3381 5194 tempus

1820 5210 1935 5275 fuit,
1967 5229 2067 5265 non
2116 5229 2333 5267 numero
2378 5214 2602 5279 dierum,
2626 5214 2714 5266 sed
2761 5214 3046 5267 secundum
3079 5230 3376 5269 mensuram

1818 5300 2031 5354 affectus
2062 5304 2240 5355 animi.
2286 5305 2594 5356 Amantibus
2616 5306 2752 5356 cnim
2774 5343 2787 5365 ,
2816 5306 2910 5355 etsi
2941 5305 3100 5357 breve
3128 5303 3394 5357 absenti

1821 5397 2043 5457 tempus,
2070 5392 2285 5444 multum
2322 5402 2492 5443 tamen
2526 5392 2811 5459 ingensque
2829 5393 3051 5445 videtur.
3090 5393 3211 5445 ideo
3242 5394 3348 5444 l'att
3371 5421 3396 5429 -

1818 5478 1895 5530 lus
1921 5495 2039 5531 cum
2066 5496 2090 5531 a
2124 5480 2678 5533 Thessalonicensihus
2693 5481 2897 5534 modico
2921 5490 3154 5549 tempore
3182 5476 3384 5531 abfuis-

1818 5578 1915 5631 set,
1940 5570 2180 5623 dicebat:
2217 5590 2233 5621 ‹
2260 5571 2385 5635 Nos,
2419 5572 2633 5635 fratres,
2667 5575 2851 5641 privati
2893 5573 3039 5625 vobis
3069 5572 3132 5622 ad
3168 5581 3376 5635 tempus

1820 5660 1979 5718 bene.
2020 5660 2183 5724 vultu,
2233 5677 2335 5715 non
2384 5663 2559 5724 corde,
2613 5664 2959 5715 abundantius
3014 5659 3376 5712 festinavimtts
