4144 6308
776 348 886 401 279

777 460 965 513 faciem
993 463 1224 511 vestram
1251 453 1449 509 videre.
1476 471 1495 505 ι
1538 453 1592 508 Si
1619 453 1811 508 Paulus
1838 451 1927 521 qui
1960 451 2196 502 omnium
2223 461 2340 501 ma-

776 549 917 602 xime
948 543 1307 616 philosophari
1328 542 1546 609 sciebat,
1568 556 1634 597 ne
1655 543 1720 595 ad
1740 552 1948 610 tempus
1963 540 2172 610 quidem
2196 539 2342 593 hora:

778 639 913 701 tulit,
945 635 1211 706 quomodo
1238 648 1336 688 nos
1363 641 1437 687 tot
1464 632 1652 686 diebus
1676 629 2097 686 sustinebimus?
2126 628 2229 684 Sed
2252 627 2343 683 ille

776 727 987 796 quidem
1018 725 1094 794 (a)
1119 722 1210 798 [ne
1240 723 1310 779 ad
1344 724 1527 778 horam
1558 721 1771 792 quidem
1800 722 1951 787 tulit;
1980 734 2079 790 ego
2106 732 2231 774 vero
2265 725 2343 771 tot

776 818 980 870 dierum
1028 811 1346 886 absentiam]
1371 828 1477 868 non
1504 813 1640 867 ultra
1669 813 1864 878 ferens,
1890 809 2225 865 manentibus
2249 807 2343 861 ad-

777 906 877 958 huc
924 904 1095 959 morbi
1145 904 1401 973 reliquiis,
1430 903 1496 957 ad
1524 917 1619 958 vos
1655 901 1886 967 cucurri,
1912 900 2199 955 maximum
2250 911 2344 953 me

837 1118 908 1179 (a)
940 1125 1052 1175 Qua
1071 1118 1260 1166 uncinis
1279 1117 1563 1168 clauduntur
1582 1114 1922 1167 desiderantur
1942 1115 1993 1167 ω
2012 1119 2178 1167 ceco
2200 1119 2252 1166 et
2276 1126 2341 1165 ex

771 1180 1051 1240 conjectura
1069 1180 1245 1241 scripta
1267 1182 1395 1228 sunt.

1474 338 1531 394 3.
1567 333 1838 393 ιοΑΝΝιε
1873 329 2342 388 CHRYSOSTOHI
2378 330 2690 387 ARCHIEP.
2726 329 3256 389 CDNSTANTINOP.

3902 360 4012 415 280

2448 454 2641 514 putans
2671 443 2963 500 remedium
2994 444 3277 509 adhibere,
3314 440 3551 500 caritatis
3578 450 3767 499 vestrm
3795 457 3988 499 censor

2448 541 2600 595 tium.
2646 537 2701 593 Id
2727 537 2871 593 enim
2895 536 3025 592 mihi
3049 536 3160 607 ipsa
3187 535 3514 591 medicorum
3539 550 3699 605 opera
3729 536 3940 600 utilius,
3963 542 4014 588 et

2448 629 2592 683 omni
2622 627 2765 698 quod
2788 626 2911 683 inde
2934 627 3163 683 mutuari
3209 626 3409 698 possim
3452 625 3641 680 solatio
3683 624 4013 679 commodius

2450 728 2552 783 est,
2582 727 2754 773 vestra
2783 717 2989 772 scilicet
3014 716 3114 771 frui
3148 717 3404 779 caritate;
3435 730 3535 784 qua
3572 716 3773 768 utinam
3817 714 4010 767 diutius

2447 808 2677 877 gaudere
2705 808 2861 862 liceat
2882 846 2898 871 ,
2926 808 3169 875 precibus
3197 812 3252 860 et
3284 804 3752 859 intercessionibus
3780 803 4012 857 omnium

2453 906 2781 961 sanctorum,
2825 895 2891 948 ad
2916 896 3137 963 gloriam
3167 894 3374 948 Domini
3421 893 3587 947 nostri
3628 891 3754 946 Iesu
3796 890 4011 953 Christi,

2449 1000 2544 1057 per
2562 1001 2721 1056 quem
2742 995 2797 1040 et
2816 1000 2935 1039 cum
2962 999 3066 1055 quo
3090 984 3229 1038 Patri
3250 984 3436 1051 gloria,
3468 984 3636 1035 honor
3655 1022 3669 1043 ,
3698 981 3981 1049 imperium
4000 1020 4012 1044 ,

2450 1092 2552 1131 una
2571 1090 2692 1130 cum
2719 1083 2901 1129 sancto
2927 1074 3147 1142 Spiritu,
3182 1088 3321 1127 nunc
3344 1082 3399 1127 et
3419 1080 3716 1140 setnper,et
3741 1073 3793 1125 in
3820 1070 4013 1123 saecula

2450 1165 2784 1222 saculorum.
2813 1168 3001 1219 Amen.

812 1294 3972 1339 Mm

2180 1534 2558 1596 MONITUM

855 1747 937 1802 Ad
982 1747 1122 1801 hanc
1178 1747 1451 1803 homiliam
1484 1745 1601 1800 haec
1650 1753 1802 1800 notat
1854 1745 2106 1815 Savilius,
2137 1763 2192 1817 p.
2232 1716 2379 1800 sisi

2416 1761 2434 1795 ‹
2467 1742 2695 1797 Homilia
2731 1754 2814 1798 est
2844 1743 3081 1799 melioris
3126 1753 3268 1799 notae
3304 1754 3357 1799 et
3387 1745 3771 1816 Chrysostomo
3804 1745 3987 1814 digna,

782 1890 1034 1962 quamvis
1061 1891 1114 1945 in
1142 1889 1395 1961 Catalogo
1422 1890 1731 1961 Augustano
1758 1889 1977 1944 minime
2000 1888 2318 1959 reperiatur.
2357 1883 2751 1953 Descripsitnus
2775 1897 2891 1937 eam
2922 1898 2988 1938 ex
3027 1882 3229 1953 optimo
3278 1883 3640 1953 Manuscripto
3670 1884 3726 1937 in
3773 1882 3981 1938 Biblio-

787 2030 945 2085 theca
966 2030 1275 2101 Augustana
1312 2049 1325 2085 :
1366 2047 1542 2101 neque
1570 2031 1717 2087 aliud
1762 2039 2023 2101 praeterea
2068 2028 2387 2099 suppetebat
2432 2024 2719 2094 exemplar.
2753 2023 2921 2080 Porro
2961 2024 3093 2079 illud
3137 2024 3465 2079 monendum
3502 2023 3774 2087 duximus,
3826 2022 3994 2076 multa

789 2159 1014 2229 reperiri
1039 2161 1094 2215 in
1128 2160 1356 2217 llomilia
1381 2171 1567 2218 octava
1603 2161 1659 2217 in
1690 2162 1917 2233 primam
1944 2162 2008 2217 ad
2039 2160 2549 2216 Thessalonicenses
2582 2157 2763 2214 aflinia
2796 2158 2881 2221 iis,
2916 2175 3035 2229 qua;
3076 2161 3178 2215 hac
3212 2160 3264 2213 in
3294 2160 3534 2214 oratione
3561 2156 3851 2220 habentur,
3886 2165 3993 2211 tam

808 2371 915 2384 δ·-
932 2377 2030 2390 "U—-_-—m—u-_
2062 2379 2309 2388 ~——-—

2418 2377 2992 2387 M

1944 2533 2764 2621 CHRYSOSTOMI

1015 2701 1099 2746 ΒΕ
1143 2705 1462 2750 PERFECTA
1506 2705 1837 2764 CARITATR,
1872 2709 1953 2751 υιι
1996 2708 2293 2754 HERCEDB
2335 2711 2592 2755 οιιειιυιί
2620 2712 2739 2756 Ριιο
2782 2713 3023 2756 MERITO
3064 2714 3447 2771 TRIBUENDA,
3493 2715 3703 2769 DEQUE

2037 2809 2521 2855 conpuncrtoan
2566 2786 2675 2874 (a).

2005 2949 2551 2987 W

812 3092 865 3146 1.
903 3090 1072 3145 Omne
1118 3103 1251 3159 opus
1297 3088 1491 3143 bonum
1522 3089 1754 3144 caritatis
1796 3087 1995 3144 fructus
2032 3100 2113 3145 est
2142 3107 2154 3143 :
2184 3091 2304 3147 ideo

744 3181 907 3235 multa
936 3182 1075 3235 circa
1106 3179 1249 3234 illam
1285 3179 1423 3234 dicta
1463 3178 1925 3245 circumferuntur,
1966 3179 2176 3235 Christo
2224 3181 2308 3235 di-

740 3282 894 3328 cente
935 3270 1047 3326 :In
1087 3272 1179 3325 hoc
1213 3281 1507 3341 cognoscent
1551 3288 1739 3337 omnes,
1767 3273 1884 3340 quia
1926 3272 2161 3339 discipuli
2211 3273 2307 3325 mei

739 3364 885 3427 estis,
909 3364 952 3416 si
975 3363 1288 3416 dilectionem
1336 3362 1603 3416 habueritis
1643 3363 1711 3415 ad
1747 3363 1953 3415 invicem
1991 3361 2170 3434 (Joan.
2214 3364 2301 3418 i5.

738 3452 831 3520 55)
854 3468 868 3517 ;
902 3452 1065 3505 Paulo
1091 3460 1266 3506 autem
1292 3452 1554 3505 clamante
1576 3467 1590 3503 :
1616 3450 1820 3505 Nemini
1838 3452 2108 3520 quidquam
2124 3453 2305 3506 debea-

738 3544 820 3604 tis,
855 3543 951 3595 nisi
976 3552 1025 3594 ut
1054 3543 1261 3596 invicem
1290 3543 1510 3612 diligatis
1535 3541 1707 3614 (Rom.
1740 3544 1824 3597 15.
1858 3541 1934 3615 8).
1969 3542 2099 3596 Illud
2126 3551 2303 3597 autem

739 3647 843 3686 non
876 3632 989 3685 sine
1008 3646 1163 3686 causa
1195 3632 1346 3697 dixit,
1365 3632 1457 3687 sed
1482 3641 1539 3687 ut
1560 3643 1797 3686 mutuum
1812 3648 1928 3688 esse
1950 3632 2181 3687 debitum
2204 3632 2303 3686 do-

737 3730 900 3775 ceret.
929 3720 1377 3786 Quemadmodum
1404 3722 1544 3777 enim
1557 3723 1764 3791 corpori
1778 3722 2083 3776 alimentum
2096 3736 2305 3790 semper

737 3812 1014 3878 debemus,
1046 3813 1249 3882 ipsique
1275 3813 1461 3868 damus
1490 3814 1603 3883 (per
1621 3823 1783 3869 totam
1805 3816 1999 3885 quippe
2018 3816 2177 3869 vitam
2203 3816 2304 3870 hoc

737 3902 971 3957 debitum
1022 3903 1385 3974 extenditur):
1416 3905 1492 3959 sic
1536 3905 1675 3959 circa
1724 3906 1995 3960 caritatem
2040 3906 2304 3975 agendum

738 3994 935 4047 docet:
964 3993 1070 4049 imo
1108 3994 1263 4063 longe
1314 3994 1502 4062 majori
1553 3995 1748 4061 studio,
1778 4010 1843 4049 eo
1883 3995 2022 4063 quod
2050 3995 2114 4049 ad
2142 3998 2299 4049 vitam

737 4086 963 4140 deducat
1011 4093 1285 4150 sternam,
1316 4099 1380 4139 ac
1420 4098 1540 4140 cum
1581 4086 1683 4139 illis
1723 4086 1811 4154 qui
1839 4100 1901 4140 ea
1931 4086 2132 4154 praediti
2179 4095 2302 4141 sunt

736 4190 950 4244 semper
972 4184 1199 4228 maneat.
1229 4174 1360 4227 Nam
1386 4174 1615 4240 Manent,
1643 4175 1829 4245 inquit,
1862 4176 1957 4228 tria
1980 4177 2086 4229 hac
2106 4215 2122 4241 ,
2154 4177 2300 4244 ﬁdes,

737 4284 871 4336 spes,
902 4266 1118 4328 caritas;
1143 4268 1307 4333 major
1355 4273 1521 4317 autem
1563 4266 1742 4318 horum
1774 4274 1844 4319 est
1871 4267 2053 4319 caritas
2082 4265 2157 4338 (1.
2183 4265 2300 4321 Cor.

738 4360 825 4413 15.
860 4356 969 4426 15).
1000 4356 1117 4411 Non
1139 4356 1313 4410 verbis
1332 4364 1506 4410 autem
1530 4354 1708 4419 modo,
1746 4354 1838 4409 sed
1867 4356 2025 4409 etiam
2058 4356 2303 4423 Operibus

738 4448 883 4503 illam
933 4447 1202 4501 discimus.
1255 4447 1331 4500 Ac
1376 4446 1546 4515 primo
1574 4445 1782 4513 quidem
1812 4459 1907 4514 per
1936 4444 2148 4498 modum
2186 4459 2292 4513 quo

738 4554 836 4594 nos
864 4538 1130 4608 propagati
1151 4551 1352 4591 sumus.
1376 4537 1504 4592 Cum
1524 4538 1663 4590 enim
1686 4537 1825 4592 Deus
1842 4551 2005 4590 unum
2023 4535 2302 4591 eﬂ‘ormas-

738 4638 818 4683 set
845 4629 1135 4692 hominem,
1178 4642 1243 4681 ex
1288 4627 1379 4679 illo
1423 4627 1581 4694 jussit
1624 4641 1810 4681 omnes
1837 4626 1985 4689 oriri,
2011 4635 2070 4679 ut
2117 4640 2305 4679 omnes

740 4730 922 4773 mutuo
950 4720 1098 4788 quasi
1120 4734 1281 4772 unum
1302 4732 1420 4772 esse
1447 4726 1767 4786 reputemus,
1786 4726 1840 4772 et
1869 4717 1919 4771 in
1946 4718 2163 4771 caritate
2184 4732 2301 4772 mu-

741 4822 829 4865 tua
845 4811 1039 4879 degere
1060 4809 1381 4864 studeamus.
1408 4808 1606 4863 Deinde
1626 4824 1720 4879 per
1732 4809 2048 4864 commercia
2070 4814 2302 4863 mutuam

737 4902 1078 4957 dilectionem
1096 4900 1364 4967 sapienter
1387 4900 1623 4953 curavit:
1652 4914 1753 4968 quo
1780 4910 1954 4955 autem
1982 4899 2140 4955 modo
2156 4899 2299 4953 audi.

739 4996 870 5049 Cum
906 4992 1086 5047 multis
1104 4992 1287 5045 orbem
1316 4991 1603 5058 compleret
1646 4991 1819 5055 bonis,
1847 4992 2059 5047 cuilibet
2100 4993 2301 5062 regioni

740 5086 1004 5154 propriam
1036 5084 1295 5137 fructuum
1338 5082 1566 5151 speciem
1611 5082 1827 5152 largitus
1863 5093 1963 5148 est,
1990 5092 2044 5137 ut
2088 5094 2305 5152 propter

742 5190 870 5229 usus
896 5174 1263 5227 necessitatem
1290 5187 1386 5226 nos
1408 5183 1587 5226 mutuo
1612 5172 1886 5238 adeuntes,
1909 5183 1961 5226 et
1985 5188 2102 5242 quae
2119 5188 2306 5241 super-

740 5278 970 5318 vacanea
998 5273 1118 5315 sunt
1146 5263 1388 5331 utrinque
1429 5261 1695 5315 tradentes
1716 5302 1732 5328 ,
1758 5276 1821 5315 ac
1847 5277 1963 5331 quae
1992 5262 2182 5317 desunt
2208 5276 2303 5314 no-

742 5355 823 5409 bis
842 5352 1505 5420 accipientes,congeneres
1522 5359 1731 5404 nostros
1747 5350 2045 5419 diligamus.
2070 5350 2298 5419 ldipsum

742 5444 901 5497 etiam
931 5442 983 5494 in
1011 5440 1229 5509 singulis
1254 5438 1377 5493 fecit
1406 5439 1718 5497 hominibus.
1742 5438 1859 5495 Non
1883 5441 2021 5495 enim
2043 5441 2304 5497 concessit

803 5638 877 5699 (a)
911 5636 1087 5687 Collata
1111 5649 1217 5685 cum
1238 5635 1412 5686 Codice
1435 5634 1710 5687 Colbertino
1732 5636 1842 5687 070.

2555 2950 2717 2987 mn

2419 3100 2475 3144 ut
2504 3105 2688 3146 omnes
2717 3091 2891 3145 omnia
2925 3091 3119 3145 scirent
3141 3132 3154 3156 ,
3183 3090 3275 3145 sed
3307 3091 3427 3145 huic
3456 3091 3601 3146 dedit
3629 3093 3982 3159 medicinam,

2411 3182 2485 3235 illi
2516 3182 2751 3237 fabrilem
2780 3193 2970 3249 artem,
3006 3183 3095 3236 alii
3123 3184 3277 3236 aliam
3298 3224 3314 3249 ,
3347 3194 3403 3237 ut
3430 3187 3622 3239 mutuis
3651 3198 3870 3257 egentes
3895 3189 3984 3244 of-

2414 3271 2565 3337 ficiis,
2599 3286 2695 3325 nos
2727 3281 2908 3325 mutuo
2942 3272 3241 3341 diligamus.
3283 3272 3339 3326 lu
3370 3274 3730 3342 spiritualibus
3768 3292 3985 3347 quoque

2410 3361 2635 3429 idipsum
2665 3362 2845 3415 videre
2874 3372 2973 3426 est,
3004 3371 3061 3415 ut
3102 3363 3175 3415 ait
3200 3363 3391 3417 Paulus
3420 3380 3433 3417 :
3468 3383 3486 3415 ε
3509 3365 3611 3418 Alii
3637 3367 3852 3434 quidem
3882 3369 3983 3421 da-

2410 3460 2494 3504 tur
2520 3468 2695 3507 sermo
2724 3454 2993 3522 sapientiae
3011 3493 3027 3519 ,
3054 3453 3141 3506 alii
3167 3469 3344 3507 sermo
3389 3455 3619 3508 scicntia:
3640 3494 3655 3520 ,
3683 3458 3772 3510 alii
3801 3467 3982 3512 autent

2412 3543 2710 3612 prophetia,
2740 3546 2826 3598 alii
2856 3544 3022 3613 gratia
3050 3545 3378 3598 curationum
3400 3586 3414 3609 ,
3443 3545 3527 3598 alii
3555 3561 3749 3615 genera
3777 3547 3984 3616 lingua-

2408 3650 2547 3701 rum,
2572 3636 2657 3689 alii
2676 3636 3041 3705 interpretatio
3064 3650 3367 3689 sermonum
3402 3653 3421 3687 ›
3449 3636 3523 3705 (l.
3545 3635 3659 3689 Cor.
3683 3637 3769 3691 12,
3789 3638 3844 3691 8.
3866 3639 3978 3708 10).

2408 3726 2604 3782 Verum
2656 3728 2787 3781 nihil
2836 3742 2993 3797 supra
3046 3728 3316 3781 caritatem

2408 3819 2652 3872 omnibus
2674 3819 2783 3885 ipse
2811 3816 3042 3885 prmiert,
3074 3816 3156 3870 his
3180 3816 3356 3871 verbis
3388 3832 3402 3868 :
3437 3834 3455 3867 ι
3493 3815 3548 3870 Si
3590 3817 3780 3885 linguis
3808 3816 3984 3871 homi~

3379 3744 3391 3780 :
3441 3728 3786 3796 quamobrem
3832 3730 3981 3782 illam

2410 3923 2534 3961 num
2575 3908 2760 3975 loquar
2794 3915 2845 3961 et
2873 3907 3198 3975 angelorum,
3230 3906 3502 3959 caritatem
3538 3917 3711 3961 autem
3735 3923 3840 3960 non
3884 3906 3982 3961 ha-

2408 3997 2582 4061 beam,
2612 3997 2775 4051 factus
2803 4012 2918 4050 sum
2944 3998 3085 4049 velut
3104 4013 3176 4051 ars
3202 4012 3414 4063 sonans,
3432 4007 3521 4050 aut
3544 3998 3841 4066 cymbalum
3874 3999 3980 4052 tin-

2410 4087 2561 4141 niens
2592 4104 2604 4138 :
2638 4096 2691 4140 et
2722 4088 2764 4139 si
2803 4086 3033 4139 habuero
3062 4086 3413 4154 prophetiam,
3470 4087 3740 4155 sciamque
3783 4101 3979 4141 arcana

2409 4176 2606 4238 omnia,
2629 4185 2682 4228 et
2710 4176 2752 4229 si
2783 4175 3013 4229 habuero
3043 4174 3220 4238 fidem,
3239 4176 3312 4228 ita
3342 4182 3397 4228 ut
3417 4184 3620 4229 montes
3639 4174 3975 4242 transferam,

2408 4268 2679 4320 caritatem
2708 4276 2881 4320 autem
2909 4280 3011 4319 non
3042 4264 3295 4331 habuero,
3317 4266 3445 4319 nihil
3467 4281 3612 4319 sum»
3641 4267 3712 4335 (1.
3740 4266 3859 4321 Cor.
3889 4269 3977 4322 13.

2408 4359 2461 4412 1.
2491 4357 2577 4429 3).
2608 4356 2789 4425 Neque
2834 4356 2919 4409 hic
2956 4357 3099 4411 stetit
3124 4396 3138 4421 ,
3162 4357 3269 4409 imo
3293 4356 3449 4410 etiam
3480 4365 3701 4409 mortem
3751 4372 3849 4426 pro
3893 4359 3975 4426 pia

2408 4447 2664 4516 religione
2693 4446 2820 4500 nihil
2846 4446 2976 4500 lucri
3007 4446 3200 4499 habere
3231 4447 3565 4515 pronuntiat,
3597 4447 3696 4501 nisi
3725 4446 3863 4501 adsit
3889 4463 3981 4501 ca-

2408 4541 2554 4593 ritas.
2586 4538 2764 4606 Neque
2785 4539 2898 4591 sine
2924 4551 3080 4592 causa
3111 4537 3225 4591 hac
3249 4537 3316 4592 de
3338 4537 3555 4593 caritate
3576 4537 3709 4591 dixit
3734 4554 3747 4589 :
3775 4539 3980 4592 sciebat

2408 4629 2571 4693 enim,
2600 4628 2755 4697 plane
2774 4628 2988 4693 sciebat,
3020 4637 3203 4697 utpote
3245 4637 3626 4697 praceptorum
3655 4628 3749 4682 Dei
3782 4628 3978 4694 cultor,

2409 4717 2509 4771 hac
2538 4716 2717 4770 firmas
2758 4717 2965 4771 radices
3017 4725 3267 4785 ponente,
3295 4718 3529 4770 omnium
3575 4717 3839 4772 bonorum
3871 4717 3981 4772 fru-

2408 4817 2523 4862 ctus
2543 4810 2730 4863 emitti.
2756 4808 2881 4861 lllud
2904 4808 3065 4871 enim,
3092 4807 3210 4861 Non
3240 4808 3587 4870 machaberis,
3613 4825 3714 4861 non
3740 4810 3938 4863 occides
3960 4851 3975 4872 ,

2409 4916 2509 4951 non
2534 4899 2799 4969 furaberis,
2832 4915 2930 4951 non
2957 4898 3141 4968 falsum
3165 4898 3495 4950 testimonium
3516 4896 3647 4950 dices
3668 4896 3862 4966 (Exod.
3885 4898 3973 4951 20.

2412 4990 2620 5058 15-16),
2677 4997 2731 5043 et
2758 4988 2927 5057 siqua
2971 4989 3069 5041 alia
3102 4996 3380 5055 praecepta,
3408 4988 3459 5041 in
3492 4989 3590 5042 hoc
3630 5004 3755 5051 uno,
3798 5004 3892 5043 ceu
3925 4990 3974 5042 in

2411 5081 2582 5149 capite
2606 5078 3148 5147 comprehenduntur,
3178 5077 3364 5146 Diliges
3388 5079 3671 5145 proximum
3690 5088 3833 5130 tuum
3853 5079 3976 5131 sicut

2411 5174 2619 5240 teipsum
2649 5172 2791 5239 (Leu.
2817 5171 2903 5225 19.
2931 5170 3013 5223 18.
3039 5168 3153 5222 Gal.
3186 5170 3238 5224 5.
3264 5169 3370 5240 11).
3392 5168 3590 5237 Ecquid
3614 5183 3747 5236 opus
3767 5179 3851 5223 est
3866 5169 3977 5222 haec

2412 5279 2570 5332 parva
2618 5262 2825 5327 dicere,
2858 5275 3149 5330 magnaque
3181 5259 3393 5314 tacere?
3422 5259 3645 5329 Propter
3698 5262 3973 5314 caritatem

2412 5355 2477 5409 ad
2523 5369 2620 5408 nos
2662 5352 2935 5407 descendit
2982 5352 3205 5406 dilectus
3233 5351 3324 5405 Dei
3357 5350 3538 5415 Filius,
3578 5350 3667 5419 qui
3699 5351 3973 5405 nobiscum

2414 5446 2715 5503 hominibus
2761 5452 2997 5498 versatus
3043 5450 3127 5497 est
3150 5451 3204 5497 et
3234 5438 3502 5505 habitavit,
3528 5448 3582 5493 ut
3606 5440 3976 5509 multiplicium

2413 5539 2629 5593 deorum
2657 5550 2842 5591 errore
2869 5534 3095 5600 sublato,
3120 5546 3346 5601 veraque
3370 5531 3673 5585 annuntiata
3700 5531 3973 5600 religione,

2417 5637 2651 5682 mutuam
2678 5627 2950 5682 caritatem
3001 5624 3239 5681 homines
3273 5622 3503 5688 doceret,
3531 5620 3975 5691 quemadmodum
