4140 6314
213 399 328 454 279

217 502 525 573 συντυχίαν.
541 505 693 575 Ἐμοὶ
722 505 826 576 γάρ
853 507 945 558 καὶ
977 507 1173 577 ἰατρῶν
1204 507 1397 578 χειρῶν
1425 507 1847 579 χρησιμώτερον,

1453 396 1540 452 DE
1577 393 1927 451 PERFECTA
1964 393 2329 450 CARITATE.

1952 505 2107 568 δόξαν
2131 506 2222 559 τοῦ
2252 506 2447 576 Κυρίου
2474 506 2628 576 ἡμῶν
2667 505 2837 576 Ἰησοῦ
2862 505 3115 576 Χριστοῦ,
3143 505 3207 557 δι’
3234 495 3294 557 οὗ
3330 501 3423 556 καὶ
3465 500 3585 572 μεθ’

3479 400 3592 458 280

213 590 310 642 καὶ
353 591 534 659 πάσης
564 591 663 660 τῆς
688 590 890 643 ἐκεῖθεν
934 592 1278 661 παραμυθίας
1318 593 1760 662 λυσιτελέστερον,
1789 593 1850 643 τὸ
1953 585 2012 643 οὗ
2045 590 2120 660 τῷ
2148 591 2321 662 Πατρὶ
2347 592 2491 657 δόξα,
2535 591 2688 661 τιμὴ,
2735 590 2948 661 κράτος,
2978 591 3094 659 ἅμα
3135 588 3212 659 τῷ
3251 588 3386 657 ἁγίῳ
3412 585 3584 639 Πνεύ-

213 674 312 744 τῆς
342 676 614 746 ὑμετέρας
640 675 926 730 ἀπολαύειν
953 677 1170 745 ἀγάπης
1192 693 1206 707 ⁸
1235 672 1302 747 ἧς
1345 678 1549 745 γένοιτο
1592 677 1848 747 διηνεκῶς
1958 693 2084 746 ματι
2108 714 2122 740 ,
2162 676 2256 730 νῦν
2293 678 2386 730 καὶ
2422 677 2506 731 ἀεὶ
2531 715 2547 741 ,
2585 677 2678 729 καὶ
2711 678 2791 739 εἰς
2824 677 2950 740 τοὺς
2987 677 3183 739 αἰῶνας
3220 674 3321 727 τῶν
3356 672 3582 730 αἰώνων.

214 759 502 831 ἑντρυφᾷν,
533 762 718 830 εὐχαῖς
746 763 840 817 καὶ
867 761 1177 834 πρεσϐείαις
1201 762 1414 816 πάντων
1437 763 1542 816 τῶν
1566 763 1749 830 ἀγίων,
1771 762 1850 823 εἰς

1966 760 2152 830 ⁹Δμήν.

308 1369 3469 1409 W

1069 1535 1177 1593 AD
1230 1533 1640 1594 HOMILIAM
1693 1534 1788 1592 DE
1847 1533 2253 1595 PEBFECTA
2306 1531 2726 1594 CARITATE.

308 1746 484 1802 verbis
507 1758 670 1815 quam
697 1757 879 1798 sensu.
907 1742 1093 1812 Neque
1118 1748 1299 1796 tamen
1343 1739 1660 1812 ἀπάνθισμα
1688 1753 1806 1795 esse
1852 1747 2005 1809 puto,
2049 1720 2144 1795 sed
2170 1740 2420 1798 eumdem
2447 1741 2515 1798 de
2537 1742 2724 1799 iisdem
2747 1741 2910 1797 rebus
2931 1739 3123 1796 eodem
3161 1754 3301 1810 pene
3332 1746 3494 1794 modo

302 1887 536 1942 diversis
565 1880 901 1950 temporibus
946 1878 1165 1933 dixisse.
1206 1895 1225 1929 ι
1275 1875 1458 1932 Savilii
1481 1877 1548 1932 de
1575 1876 1675 1931 hac
1726 1876 1946 1932 bomilia
1990 1876 2312 1932 sententiam
2360 1877 2592 1934 libenter
2619 1879 2932 1948 amplector.
2963 1876 3060 1932 Est
3088 1876 3232 1931 enim
3256 1876 3491 1948 Chrysm

308 2031 484 2076 atomo
519 2021 699 2093 digna,
744 2021 812 2077 ad
848 2035 1026 2076 mores
1055 2019 1415 2076 instituendos
1445 2021 1665 2091 optima,
1697 2029 1748 2074 et
1775 2019 1943 2074 sancti
1967 2018 2203 2074 doctoris
2245 2019 2439 2087 stylum
2479 2019 2637 2089 sapit.
2673 2017 2940 2073 Ceterum
2985 2015 3121 2070 nihil
3159 2016 3335 2082 on‘ert,
3388 2030 3496 2086 quo

307 2159 583 2231 possimus
607 2160 974 2216 internoscere
1002 2160 1372 2215 Antiochiame
1394 2174 1463 2214 an
1491 2158 1952 2228 Constantinopoli
1976 2158 2158 2214 habita
2192 2159 2371 2214 fuerit.

1481 2459 2285 2550 ΧΡΥΣΟΣΤΟΜΟΥ

515 2642 646 2710 Περί
681 2643 913 2708 τελείας
943 2641 1192 2712 ἀγάπης,
1217 2646 1313 2698 καί
1339 2646 1448 2715 τῆς
1473 2648 1595 2700 κατ’
1621 2646 1798 2711 ἀξίαν
1817 2645 1935 2700 τῶν
1959 2645 2144 2714 ἔργων
2172 2644 2642 2708 ἀνταποδόσεως,
2676 2643 2771 2696 καί
2800 2643 2930 2711 περὶ
2957 2644 3347 2710 κατανύξεως.

303 3021 374 3076 α’.
405 3022 558 3073 Πᾶσα
583 3018 778 3088 πρᾶξις
808 3017 981 3088 ἀγαθὴ
1009 3020 1213 3089 καρπὸς
1242 3020 1456 3090 ἀγάπης
1504 3021 1646 3073 ἐστί’
1675 3020 1752 3074 διὸ
1781 3021 1872 3072 καί

235 3107 402 3169 πῖλὺς
421 3106 546 3173 περὶ
566 3105 730 3172 αὐτῆς
751 3105 778 3156 ό
798 3103 967 3169 λόγος,
988 3104 1080 3156 τοῦ
1104 3105 1197 3173 μὲν
1221 3105 1450 3176 Χριστοῦ
1479 3105 1736 3172 λέγοντος·
1781 3107 1875 3157 Ἐν

237 3193 426 3253 τούτῳ
448 3191 772 3257 γνώσονται
795 3187 1030 3252 πάντες,
1053 3189 1140 3240 ὅτι
1167 3189 1293 3254 ἐμοὶ
1311 3191 1562 3256 μαθηταί
1587 3191 1742 3250 ἐστε,
1769 3190 1874 3243 ἐὰν

239 3273 503 3343 ἀγαπᾶτε
538 3273 875 3337 ἀλλήλους·
906 3271 998 3324 τοῦ
1038 3273 1093 3325 δὲ
1130 3274 1334 3326 Παύλου
1361 3274 1615 3342 βοῶντος·
1655 3274 1874 3340 Μηδενί

236 3357 430 3424 μηδὲν
467 3357 750 3423 ὀφείλετε,
782 3357 832 3407 εἰ
877 3355 960 3422 μὴ
1011 3356 1074 3408 τὸ
1124 3356 1356 3423 ἀγαπᾷν
1402 3357 1726 3422 ἀλλήλους.
1764 3359 1872 3427 Οὐχ

240 3441 427 3502 ἀπλῶς
468 3435 637 3503 εἶπεν,
677 3438 787 3491 ἀλλ’
814 3440 888 3501 ὼς
918 3440 1220 3507 ὀφείλοντας
1259 3442 1513 3512 ἀλλήλοις.
1533 3443 1618 3503 Ὠς
1660 3444 1763 3512 γάρ
1797 3442 1873 3512 τῷ

242 3527 456 3595 σώματι
485 3525 584 3593 τὴν
617 3523 815 3593 τροφὴν
843 3524 926 3576 ἀεὶ
960 3525 1055 3592 μὲν
1081 3525 1358 3595 ὀφείλομεν
1386 3527 1546 3595 αὐτῷ,
1590 3527 1674 3578 ἀεὶ
1724 3527 1868 3599 [288]

239 3608 300 3660 δὲ
328 3609 641 3677 ἀποδίδομεν
669 3608 836 3678 (πάσῃ
866 3608 970 3677 γὰρ
991 3609 1143 3677 ήμῶν
1168 3613 1231 3678 τῇ
1263 3612 1372 3679 ζωῇ
1399 3611 1458 3663 τὸ
1493 3612 1722 3664 τοιοῦτον
1753 3629 1874 3664 συν-

241 3693 541 3745 ικτείνεται
583 3694 798 3761 χρὲος)·
833 3693 971 3745 οὕτω
1000 3695 1091 3745 καὶ
1131 3695 1220 3746 ἐπὶ
1259 3698 1354 3764 τῆς
1383 3696 1597 3765 ἀγάπης
1638 3697 1871 3750 διδάσκει

242 3780 420 3830 ποιεῖν
440 3795 454 3807 ο
490 3777 682 3844 μᾶλλον
703 3778 759 3829 δὲ
785 3780 874 3829 καὶ
903 3777 1076 3848 πολλῷ
1103 3778 1280 3840 πλέον,
1307 3780 1414 3848 ὅσῳ
1440 3781 1530 3832 καὶ
1570 3781 1701 3849 πρὸς
1741 3781 1870 3833 αἰώ-

240 3879 359 3913 νιον
390 3863 568 3931 ὁδηγεῖ
592 3861 751 3931 ζωὴν,
774 3863 864 3915 καί¹
894 3866 1304 3932 ωμπαραμένει
1328 3868 1436 3928 τοῖς
1456 3866 1661 3936 ἔχουσιν
1683 3869 1870 3937 αὑτήν.

238 3947 422 4000 Μένει
457 3947 578 4015 γὰρ,
617 3946 764 4014 φησὶ.
795 3946 865 3999 τὰ
894 3948 1022 4013 τρία
1051 3948 1248 4012 ταῦτα,
1280 3951 1495 4012 πίστις,
1525 3951 1715 4016 ἐλπὶς,
1739 3950 1873 4019 ἀγά-

238 4047 330 4096 πη
351 4048 365 4062 ο
385 4030 592 4098 μείζων
617 4030 682 4082 δὲ
710 4031 928 4083 τούτων
955 4033 992 4098 ἠ
1027 4031 1240 4100 ἀγάπη.
1278 4031 1350 4084 Οὐ
1385 4034 1542 4101 μόνον
1568 4033 1622 4086 δὲ
1651 4035 1736 4087 διὰ
1773 4039 1871 4106 ρη-

242 4116 449 4183 μάτων,
481 4115 610 4167 ἀλλά
653 4117 742 4167 καὶ
770 4115 853 4168 διὰ
885 4116 1216 4183 πραγμάτων
1254 4114 1609 4186 διδασκόμεθα
1647 4118 1866 4186 ταύτην.

243 4199 360 4250 Καὶ
403 4199 613 4268 πρῶτον
659 4200 754 4265 μὲν
790 4199 874 4250 διὰ
903 4199 994 4250 τοῦ
1033 4198 1228 4266 τρόπου
1272 4200 1366 4268 τῆς
1402 4201 1666 4270 ἡμετέρας
1710 4220 1870 4254 κατα-

240 4284 602 4352 σκευῆς.Ἕνα
643 4283 749 4352 γὰρ
797 4283 1000 4344 πλάσας
1044 4285 1071 4335 ὁ
1120 4283 1250 4346 Θεδς
1292 4285 1586 4355 ἄνθρωπον,
1617 4288 1673 4351 ἐξ
1710 4289 1866 4344 αὑτοῦ

241 4370 450 4429 πάντας
495 4366 787 4436 προσέταξε
834 4367 1099 4434 γενέσθαι,
1144 4369 1226 4422 ῐνα
1269 4371 1462 4434 πάντες
1503 4372 1756 4442 ἀλλήλους
1797 4375 1868 4438 ὠς

236 4455 339 4505 ἱνα
374 4453 730 4521 νομίζωμεν,
767 4453 856 4504 καὶ
895 4453 951 4504 ὲν
983 4452 1165 4524 ἀγάπῃ
1207 4457 1338 4524 πρὸς
1379 4456 1629 4526 ἀλλήλους
1673 4458 1870 4526 διάγειν

239 4537 880 4605 σπουδάζωμεν.Ἔπειτα
906 4538 997 4589 καὶ⁵
1023 4538 1108 4590 διὰ
1144 4540 1240 4607 τῆς
1277 4540 1381 4592 τῶν
1422 4543 1869 4612 συναλλαγμάτων

235 4621 518 4689 ἐπιμιξίας
562 4620 736 4688 σοφῶς
767 4623 896 4689 ἡμῖν
926 4622 984 4673 τὸ
1013 4623 1324 4690 φιλάλληλον
1360 4628 1834 4697 ἐπραγματεύσατο
1853 4647 1865 4660 ·

236 4707 340 4758 καὶ
364 4706 501 4769 πῶς,
523 4705 699 4758 ἄκουε.
729 4705 938 4757 Πολλῶν
961 4706 1167 4776 πλήσας
1185 4708 1279 4777 τὴν
1299 4711 1614 4781 οἰκουμένην
1635 4714 1867 4779 ἀγαθῶν,

237 4793 442 4844 ἔδωκεν
488 4792 684 4859 ἑκάστῃ
726 4790 877 4860 χώρᾳ
919 4791 1077 4844 πάλιν
1124 4793 1418 4857 ἰδιάζουσαν
1473 4797 1870 4867 ἐπιτηδειότητα

238 4874 490 4944 καρπῶν,
515 4874 598 4925 ἵνα
625 4873 710 4925 διὰ
732 4875 790 4926 τὸ
818 4876 914 4944 τῆς
939 4875 1122 4946 χρείας
1143 4877 1432 4944 ἀναγκαῖον
1462 4882 1595 4948 πρὸς
1619 4880 1872 4951 ἀλλήλους

238 4960 568 5028 βαδίζοντες,
604 4959 696 5010 καὶ
742 4959 848 5011 τῶν
891 4961 1305 5029 περιττευόντων
1354 4963 1734 5030 μεταδιδόντες,
1781 4968 1871 5018 καὶ

234 5045 352 5096 τῶν
400 5043 686 5095 λειπόντων
729 5045 856 5111 ἡμῖν
910 5044 1414 5113 ἀντιλαμϐάνοντες,
1464 5048 1759 5117 ἀγαπῶμεν
1814 5051 1871 5103 τὸ

233 5129 528 5198 ὁμόφυλον.
568 5127 733 5179 Τοῦτο
759 5127 850 5179 καὶ
879 5130 960 5194 ἐφ’
988 5131 1212 5183 ἑκάστου
1249 5132 1536 5199 πεποίηκεν
1565 5133 1865 5203 ἀνθρώπου.

235 5216 317 5266 Οὐ
346 5215 452 5282 γάρ
479 5213 652 5266 πάντα
683 5213 841 5265 πᾶῖιν
870 5211 1065 5266 ἔδωκεν
1087 5214 1297 5278 εἰδέναι,
1327 5215 1456 5268 ἀλλά
1484 5216 1558 5284 τῷ
1586 5218 1680 5286 μὲν
1707 5220 1872 5288 ἰατρι-

236 5300 365 5369 κὴν,
391 5298 468 5367 τῷ
499 5298 554 5350 δὲ
584 5296 912 5365 τεκτονικὴν,
943 5297 1034 5350 καὶ
1073 5297 1213 5366 ἄλλω
1237 5299 1416 5370 ἀλλην,
1462 5301 1544 5353 ἵνα
1588 5303 1872 5371 χρῄζοντες

274 5515 333 5589 ,⁸
355 5516 489 5593 εειδ-
531 5515 1055 5593 ἀὲλιθλοξς,.,γ9ξὲςειξξῖτ
1097 5515 1274 5593 Ρξυιο.
1300 5523 1425 5593 ne“.
1446 5519 1580 5568 εοιδ-
1617 5521 1868 5593 ,ἐτιμιείεκς

547 5576 657 5636 ἡμῖν
692 5576 1060 5634 πραγματεύεται
1098 5576 1153 5620 τὸ
1213 5576 1505 5636 mumm-
1551 5576 1737 5627 πολλῶν
1781 5582 1867 5640 γὰρ

608 5728 870 5791 ΡΔτιιοι.
915 5733 1026 5792 Gn.
1071 5733 1216 5792 LVI.

1885 2849 1954 2860 ..-

1974 3019 2229 3088 ἀλλήλων,
2263 3020 2559 3088 ἀγαπῶμεν
2589 3020 2864 3088 ἀλλήλους.
2899 3022 3004 3073 Καὶ
3053 3024 3109 3074 ὲν
3151 3025 3263 3085 τοῖς
3308 3041 3598 3095 πνευματι-

1972 3108 2084 3165 κοῖς
2112 3103 2166 3155 δὲ
2204 3103 2358 3156 πάλιν
2388 3104 2448 3155 τὸ
2482 3103 2610 3155 αὐτὸ
2637 3106 2910 3172 γινόμενον
2941 3107 3034 3158 ῖδοι
3058 3124 3140 3169 τις
3166 3107 3251 3168 ἀν,
3284 3109 3357 3172 ῶς
3384 3128 3542 3179 φησιν
3567 3113 3597 3163 δ

1972 3187 2198 3251 Παῦλος,
2231 3189 2310 3240 ὃτι
2347 3185 2429 3252 Τῷ
2454 3188 2566 3255 μὲν
2590 3187 2813 3242 δίδοται
2838 3190 3016 3257 λόγος
3044 3191 3276 3258 σοφίας,
3296 3193 3374 3256 τῷ
3403 3194 3470 3246 δὲ
3492 3197 3598 3248 λό-

1972 3291 2074 3343 γος
2116 3273 2404 3341 γνώσεως,
2445 3274 2606 3336 ἄλλῳ
2648 3273 2715 3326 δὲ
2756 3277 3095 3343 προφητεία,
3129 3277 3293 3342 ἄλλῳ
3325 3279 3391 3332 δὲ
3431 3283 3595 3348 χαρι-

1972 3371 2165 3424 σματα
2196 3357 2468 3425 ἰαμάτων,
2514 3357 2678 3422 ἄλλῳ
2713 3358 2779 3410 δὲ
2819 3359 2960 3427 γένη
3000 3363 3310 3428 γλωσσῶν,
3331 3364 3495 3428 ἄλλῳ
3528 3365 3597 3418 δὲ

1971 3440 2243 3508 ἑρμηνεία
2274 3442 2579 3512 γλωσσῶν.
2598 3442 2733 3494 Ἀλλ’
2760 3444 2909 3496 οὐδὲν
2933 3445 3031 3513 τῆς
3057 3448 3272 3517 ἀγάπης
3297 3449 3558 3518 ἀνώτερον
3577 3467 3592 3481 ο

1970 3525 2046 3578 διὸ
2084 3527 2171 3578 καὶ
2209 3529 2418 3580 πάντων
2453 3528 2615 3596 αὐτὴν
2653 3528 2968 3598 προέθηκεν,
3012 3531 3180 3593 οῦτως
3214 3533 3411 3585 εἰπών’
3459 3534 3599 3587 Ἐὰν

1971 3607 2037 3661 δὲ
2059 3610 2183 3674 ταῖς
2207 3609 2508 3677 γλώσσαις
2533 3610 2649 3663 τῶν
2673 3612 2991 3679 ἀνθρώπων
3019 3614 3184 3667 λαλῶ
3222 3617 3317 3672 καί
3356 3617 3473 3670 τῶν
3493 3618 3596 3688 ἀγ-

1970 3691 2180 3759 γέλων.
2210 3694 2447 3761 ἀγάπην
2472 3695 2540 3746 δὲ
2563 3695 2647 3762 μὴ
2677 3695 2813 3763 ἔχω,
2847 3696 3061 3764 γέγονα
3099 3701 3323 3768 χαλκὸς
3345 3703 3507 3769 ἠχῶν
3512 3743 3526 3766 ν
3554 3706 3593 3772 ἧ

1970 3779 2274 3844 κύμϐαλον
2315 3776 2625 3837 ἀλαλάζον
2673 3780 2768 3832 καί
2805 3780 2912 3834 ἐὰν
2943 3782 3056 3850 ἔχω
3089 3789 3464 3852 προφητείαν,
3498 3791 3595 3841 καί

1967 3859 2100 3913 εἰδῶ
2124 3861 2193 3914 τὰ
2216 3861 2514 3928 μυστήρια
2544 3861 2755 3922 πάντα.
2787 3865 2882 3916 καί
2912 3866 3018 3917 ἐὰν
3046 3868 3160 3934 ἔχω
3185 3871 3407 3932 πίστιν,
3440 3871 3594 3924 ὥστε

1971 3945 2074 4011 ὅρη
2094 3946 2485 4013 μεθιστάνειν,
2509 3946 2746 4013 ἀγάπην
2771 3945 2840 3998 δὲ
2853 3948 2938 4015 μὴ
2961 3949 3094 4016 ἔχω,
3128 3952 3305 4006 οὐδέν
3324 3957 3454 4022 εἰμι.
3487 3958 3592 4009 Καὶ

1970 4029 2086 4080 οὐδὲ
2114 4030 2270 4098 μέχρι
2302 4029 2503 4081 τούτων
2544 4029 2690 4098 ἔστη,
2737 4031 2869 4083 ἀλλά
2897 4033 2988 4085 καὶ
3019 4034 3109 4087 τὸν
3150 4036 3286 4107 ὑπὲρ
3321 4039 3591 4103 εὐσεϐείας

1971 4111 2192 4164 θάνατον
2232 4113 2380 4166 οὐδὲν
2409 4114 2547 4183 ἔχειν
2575 4116 2924 4182 ἀποφαίνεται
2954 4119 3156 4188 κέρδος,
3186 4123 3259 4191 μὴ
3291 4124 3592 4195 προσούσης

1973 4196 2203 4264 ἀγάπης.
2240 4197 2312 4248 Ού
2346 4198 2516 4266 μάτην
2545 4199 2600 4250 δὲ
2623 4198 2852 4252 τοσαῦτα
2875 4203 3000 4269 περὶ
3026 4203 3188 4271 αὐτῆς
3223 4205 3455 4275 εἴρηκεν·
3475 4208 3592 4276 ᾔδει

1969 4282 2094 4349 γὰρ,
2127 4281 2242 4350 ᾔδει
2271 4281 2472 4348 σαφῶς,
2519 4282 2610 4335 ἆτε
2660 4284 2895 4353 γεωργὸς
2936 4285 3040 4337 τῶν
3076 4287 3296 4340 ἐντολῶν
3323 4290 3411 4342 τοῦ
3436 4292 3590 4357 Θεοῦ,

1968 4367 2066 4428 ὅτι,
2096 4364 2293 4436 ταύτης
2321 4367 2683 4436 ὲρῤιζωμένης
2710 4368 2978 4436 ἀσφαλῶς,
2999 4371 3148 4423 ὁτῶν
3185 4372 3398 4439 ἀγαθῶν
3424 4376 3594 4431 ἀπάν-

1968 4467 2072 4502 των
2111 4450 2386 4518 βλαστάνει
2437 4451 2659 4520 καρπός.
2709 4453 2780 4504 Τὸ
2810 4453 2915 4524 γὰρ
2939 4491 2954 4515 ,
3004 4457 3084 4508 Οὐ
3122 4459 3478 4525 μοιχεύσεις,
3518 4464 3590 4515 οὐ

1968 4538 2296 4602 φονεύσεις,
2327 4535 2396 4586 οὐ
2434 4535 2708 4601 κλέψεις,
2753 4539 2823 4590 οὐ
2863 4538 3469 4609 ψευδομαρτυρήσεις,
3499 4547 3592 4598 καὶ

1969 4618 2020 4668 εἴ
2046 4635 2126 4678 τις
2148 4617 2302 4686 ἑτέρα
2329 4617 2531 4686 ἐντολὴ,
2551 4620 2605 4670 ὲν
2630 4620 2799 4689 τούτῳ
2820 4621 2894 4690 τῷ
2912 4622 3051 4692 λόγῳ
3078 4625 3586 4694 ἀνακεφαλαιοῦται,

1969 4703 2025 4753 ἐν
2060 4701 2153 4770 τῷ,
2195 4701 2533 4768 Ἀγαπήσεις
2579 4703 2684 4755 τὸν
2727 4707 2986 4771 πλησίον
3029 4722 3143 4761 σου
3190 4711 3270 4776 ὡς
3313 4714 3586 4766 σεαυτόν.

1968 4785 2076 4836 Καὶ
2105 4784 2153 4835 τί
2191 4784 2293 4855 χρὴ
2326 4784 2392 4836 τά
2446 4786 2612 4855 μικρά
2651 4786 2845 4852 λέγειν,
2877 4788 2942 4842 τὰ
2991 4792 3198 4858 μεγάλα
3243 4794 3586 4858 σιωπῶνταςς

1969 4870 2044 4922 Δι’
2089 4870 2303 4937 ἀγάπην
2341 4870 2570 4938 κατῆλθε
2622 4873 2753 4938 πρὸς
2790 4875 2934 4941 ήμᾶς
2984 4877 3012 4926 ό
3048 4878 3320 4946 ἀγαπητὸς
3345 4879 3468 4941 Υἱὸς
3492 4881 3587 4933 τοῦ

1968 4953 2120 5017 Θεοῦ,
2179 4955 2269 5007 καὶ
2315 4955 2609 5022 όμόσκηνος
2654 4958 2747 5009 καὶ
2796 4958 3090 5026 ὁμοδίαιτος
3140 4964 3248 5023 τοῖς
3292 4963 3589 5032 ἀνθρώποις

1969 5040 2205 5105 γέγονεν,
2235 5039 2320 5090 ἵνα
2339 5038 2433 5107 τὴν
2468 5039 2718 5092 πολύθεον
2751 5041 3045 5103 καταλύσας
3082 5044 3283 5113 πλάνην
3303 5085 3317 5107 ,
3364 5047 3456 5100 καί¹
3493 5050 3588 5118 τὴν

1970 5124 2139 5192 ἀληθῆ
2191 5125 2543 5190 καταγγείλας
2593 5125 2942 5190 θεογνωσίαν,
3007 5127 3104 5195 τὴν
3154 5129 3286 5198 πρὸς
3335 5131 3588 5200 ἀλλήλους

1971 5210 2181 5276 ἀγάπην
2207 5209 2384 5278 διδάξῃ
2415 5211 2538 5269 τοὺς
2567 5208 2899 5278 ἀνθρώπους,
2939 5210 3117 5272 καθὼς
3163 5213 3408 5283 Ἰωάννης
3451 5233 3587 5285 μαρ-

1968 5295 2117 5360 τυρεῖ
2157 5292 2325 5359 λέγων
2347 5309 2360 5321 ·
2387 5294 2573 5353 Οὕτως
2604 5292 2913 5359 ἠγάπησεν
2947 5297 2979 5346 ό
3010 5295 3149 5360 Θεὸς
3191 5298 3295 5348 τὸν
3343 5302 3586 5366 κόσμον,

1970 5376 2056 5428 ὅτι
2083 5377 2187 5428 τὸν
2226 5377 2356 5430 Flor
2385 5377 2565 5429 αὑτοῦ
2596 5376 2700 5427 τὸν
2737 5377 3029 5445 μονογενῆ
3062 5379 3311 5442 ἔδωκεν,
3343 5382 3441 5434 ἵνα
3472 5383 3586 5447 πᾶς

1971 5464 2002 5513 ό
2029 5461 2319 5513 πιστεύων
2349 5464 2432 5523 εἰς
2462 5461 2642 5513 αὐτὸν
2672 5462 2755 5528 μὴ
2797 5463 3106 5528 ἀπόληται,
3146 5465 3278 5515 ἀλλ’
3304 5465 3410 5532 ἔχῃ
3440 5467 3589 5534 ζωὴν

1970 5544 2219 5597 αἰώνιον.
2263 5547 2392 5597 Ὑπὸ
2437 5546 2633 5614 ταύτης
2681 5547 3020 5615 ἐπικαιόμενος
3057 5551 3085 5599 ό
3126 5548 3327 5612 Παῦλος
3371 5551 3464 5620 τὴν
3496 5555 3586 5605 ού-

1975 5630 2150 5698 ράνιον
2178 5629 2352 5697 ἀφῆκε
2379 5629 2577 5698 φωνὴν,
2612 5629 2707 5695 Τίς
2734 5627 2885 5698 ἡμᾶς
2906 5631 3139 5697 χωρίσει
3169 5632 3283 5686 ἀπὸ
3319 5632 3427 5699 τῆς
3443 5636 3584 5708 ἀνά,

3044 5739 3113 5797 18
