4140 6314
602 402 706 455 281

594 513 708 564 unc
746 498 846 552 τοῦ
879 497 1169 567 Χριστοῦ;
1200 499 1385 568 λέγων’
1410 502 1631 567 θλίψις,
1665 501 1700 567 ἢ
1738 499 1884 571 [289]
1918 511 2207 562 στενοχωο

590 583 704 647 pla,
746 583 783 650 ἢ
830 584 1096 652 διωγμὸς,
1126 585 1163 652 ἢ
1200 585 1388 652 λιμὸς,
1421 586 1459 651 ἣ
1499 589 1807 652 γυμνότης,
1839 586 1876 651 ἢ
1915 583 2206 645 κίνδυνος,

591 666 630 733 ἢ
655 667 939 735 μάχαιρα;
967 671 1392 738 Καταφρονήσας
1418 672 1473 722 δὲ
1509 670 1708 722 τούτων
1731 670 1803 732 ὡς
1831 669 2077 730 εὐτελῶν,
2120 668 2211 719 καὶ

591 751 658 804 τά
687 752 860 820 πολλῷ
883 752 1079 805 τούτων
1109 753 1323 822 μείζονα
1351 754 1572 806 τέθεικε·
1618 756 1746 823 φησὶ
1772 754 1895 823 γὰρ,
1935 754 2059 806 Ὀτι
2079 754 2212 806 οὔτε

593 835 858 901 θάνατος,
890 839 1029 890 οὔτε
1054 837 1182 904 ζωὴ,
1213 840 1347 891 οὔτε
1377 839 1684 899 ἐνεστῶτα,
1725 840 1857 890 οὔτε
1880 839 2209 906 μέλλοντα,

592 923 726 973 οὔτε
749 923 972 989 ὕψωμα,
999 925 1132 977 οὔτε
1147 924 1350 988 βάθος,
1375 926 1510 977 οὔτε
1535 943 1620 988 τις
1637 929 1828 989 κτίσις
1845 927 2010 992 ἑτέρα
2031 926 2212 990 δυνήν

593 1020 753 1058 σεται
786 1006 938 1072 ἡμᾶς
972 1010 1211 1075 χωρίσαι
1251 1009 1364 1060 ἀπὸ
1398 1008 1502 1073 τῆς
1533 1009 1761 1075 ἀγάπης
1789 1011 1890 1062 τοῦ
1926 1009 2068 1062 Θεοῦ
2107 1010 2213 1076 τῆς

592 1090 660 1139 ἐν
686 1090 908 1154 Χριστῷ
960 1091 1155 1156 Ἰησοῦ
1198 1091 1274 1154 τῷ
1317 1094 1507 1158 Κυρίῳ
1535 1093 1714 1158 ἡμῶν.
1763 1092 2032 1145 Ἐντεῦθεν
2065 1094 2212 1146 οὐδὲν

592 1173 810 1239 ἠδύνατο
831 1186 856 1213 ι
890 1175 1111 1244 χωρίσαι
1138 1176 1227 1227 τὸν
1261 1177 1519 1244 μακάριον
1539 1179 1736 1228 ἐκεῖνον
1768 1177 1867 1227 ὐπὸ
1883 1178 1978 1244 τῆς
2001 1178 2214 1248 ἀγάπης

591 1259 1046 1326 πυρπολούμενον,
1077 1262 1174 1312 οὐκ
1199 1262 1440 1331 οὐρανὸς,
1465 1263 1522 1312 οὐ
1562 1263 1652 1330 γῆ,
1682 1264 1740 1313 οὐ
1765 1262 2022 1326 θάλασσα,
2051 1265 2108 1314 οὐ
2149 1265 2214 1315 τά

591 1343 648 1393 ἐν
673 1345 781 1404 τοῖς
808 1344 1047 1413 οὐρανοῖς
1075 1345 1332 1413 βασίλεια,
1371 1345 1429 1396 οὐ
1482 1345 1549 1396 τὰ
1590 1349 1645 1396 ἐν
1695 1347 1817 1415 ᾅδου
1853 1347 2175 1416 κολαστήρια
2197 1365 2209 1378 ·

592 1427 804 1478 πάντων
834 1429 938 1496 γὰρ
969 1430 1249 1498 ὑπερεώρα
1278 1431 1362 1480 διὰ
1385 1429 1472 1480 16v
1499 1432 1745 1498 Χριστόν.
1795 1434 1856 1484 Εἰ
1888 1433 1942 1484 δέ
1976 1433 2067 1485 καὶ
2092 1435 2214 1495 τοὺς

589 1509 774 1572 ἄλλους
801 1511 1142 1580 ἐξετάσωμεν
1160 1514 1362 1579 ἁγίους,
1381 1515 1582 1577 πάντας
1603 1517 1896 1586 εὑρήσομεν
1917 1519 1981 1569 δι’
2000 1519 2214 1586 ἀγάπην

591 1595 854 1664 εὐαρεστή
864 1613 1076 1658 σαντας.

660 1679 727 1747 β’.
747 1680 808 1731 Ἥ
829 1681 1012 1749 ἀγάπη
1033 1682 1263 1735 δείκνυσί
1291 1701 1371 1736 σοι
1397 1687 1486 1737 16v
1515 1687 1734 1755 πλησίον
1759 1689 1831 1749 ώς
1861 1689 2098 1750 σεαυτὸν,
2126 1691 2216 1740 καὶ

590 1763 795 1832 χαίρειν
833 1780 889 1815 σε
913 1764 1146 1817 διδάσκει
1190 1769 1278 1818 ἐπὶ
1306 1772 1415 1830 τοῖς
1443 1771 1646 1821 ἐκείνου
1680 1771 1876 1836 καλοῖς,
1913 1772 2094 1842 ὥσπερ
2125 1775 2216 1825 ἐπὶ

588 1849 697 1908 τοῖς
728 1850 855 1910 σοῖς,
891 1849 984 1900 καὶ
1017 1851 1198 1919 φέρειν
1221 1855 1382 1906 αὐτοῦ
1417 1856 1482 1906 τά
1514 1855 1880 1924 ἐλαττώματα,
1917 1858 2100 1927 ὥσπερ
2124 1861 2214 1910 καὶ

589 1932 657 1984 τά
695 1933 779 1984 σά.
825 1934 884 1985 Ἦ
916 1935 1096 2004 ἀγάπη
1141 1937 1196 1988 ἓν
1229 1939 1382 2006 σῶμα
1422 1942 1543 2002 τοὺς
1567 1942 1787 2003 πολλοὺς
1832 1944 2212 2010 ἀπεργάζεται,

591 2017 682 2068 καὶ
710 2018 1020 2088 Πνεύματος
1052 2023 1203 2088 ἁγίου
1243 2025 1419 2092 δοχεϊα
1461 2027 1554 2088 τάς
1601 2027 1795 2078 τούτων
1831 2031 2215 2091 κατασκευάζει

590 2097 781 2166 ψυχάς·
812 2100 870 2151 οὐ
897 2101 1002 2170 γὰρ
1030 2102 1369 2172 διῃρημένοις
1399 2107 1652 2175 ἀλλήλων,
1676 2110 1967 2176 ήνωμένοις
1997 2110 2052 2162 δὲ
2078 2113 2214 2163 κατά

587 2183 761 2252 ψυχὴν
783 2184 842 2236 16
861 2186 954 2254 τῆς
979 2188 1194 2257 εἰρήνης
1219 2191 1652 2242 ἐπαναπαύσεται
1685 2193 1918 2262 Πνεῦμα.
1948 2195 2010 2245 Ἡ
2033 2195 2214 2264 ἀγάπη

591 2269 746 2319 κοινά
782 2272 924 2321 ποιεῖ
955 2273 1085 2323 πᾶσι
1117 2273 1183 2324 τὰ
1215 2275 1436 2327 ἑκάστου
1470 2277 1788 2345 ὑπάρχοντα,
1835 2277 2012 2340 καθώς
2056 2297 2216 2349 φησιν

593 2354 624 2418 ὴ
660 2351 835 2419 βίϐλος
867 2353 972 2406 τῶν
997 2356 1268 2425 ῐῐράξεων·
1303 2359 1408 2412 Τοῦ
1445 2361 1512 2412 δὲ
1541 2361 1804 2426 πλήθους
1840 2362 1955 2416 τῶν
1981 2379 2216 2417 πιστευ-

591 2436 824 2489 σάντων
847 2435 923 2507 ἦν
948 2441 984 2506 ἠ
1015 2443 1220 2508 καρδία
1262 2444 1355 2496 καὶ
1385 2448 1420 2512 ἠ
1454 2447 1619 2513 ψυχὴ
1641 2448 1764 2514 μίαο
1810 2449 1906 2501 καὶ
1935 2451 2132 2514 οὐδείς
2163 2467 2216 2502 τι

590 2518 706 2573 τῶν
730 2525 1111 2588 ὑπαρχόντων
1149 2527 1302 2590 αὐτῷ
1333 2530 1537 2595 ἔλεγεν
1587 2531 1739 2583 ίδιον
1771 2528 1940 2595 εἶναι,
1972 2535 2106 2585 ἀλλ’
2143 2530 2218 2600 ἦν

588 2606 794 2669 αὐτοῖς
817 2608 1045 2661 ἅπαντα
1074 2611 1258 2663 κοινά·
1286 2613 1379 2664 καὶ
1407 2613 1688 2667 διεδίδοτο
1726 2616 1972 2679 ἑκάστῳ,
2019 2621 2216 2671 καθότι

589 2689 666 2741 ἀν
689 2707 774 2755 τις
800 2695 1003 2759 χρείαν
1030 2691 1168 2761 εἶχε.
1199 2698 1353 2748 Ποῖον
1381 2699 1518 2750 οῦτω
1544 2703 1714 2769 τεῖχος
1743 2703 1994 2770 ἀρραγὲς,
2049 2706 2216 2773 ἁρμο-

591 2775 678 2842 νίᾳ.
715 2776 872 2831 λίθων
906 2779 1209 2847 εὐμεγεθῶν
1250 2783 1633 2852 ὠχυρωμένον,
1675 2788 1974 2857 ἀπόρθητον
2014 2789 2215 2855 γίνεται

588 2861 703 2921 ταῖς
733 2860 837 2912 τῶν
884 2863 1085 2931 ἐχθρῶν
1117 2865 1338 2932 ἐφόδοις,
1373 2867 1446 2929 ὼς
1477 2869 1535 2920 τὸ
1565 2871 1808 2940 σύστημα
1833 2872 1940 2924 τῶν
1964 2873 2216 2940 ἀλλήλους

590 2943 940 3010 ἀγαπώντων,
990 2949 1080 3000 καὶ
1125 2951 1180 3001 ἐν
1218 2951 1553 3022 ὁμοφροσύνῃ
1583 2958 2074 3025 περιεσφιγμένωνς
2111 2961 2216 3010 Καὶ

591 3029 755 3092 αὐτὰς
782 3032 873 3084 τοῦ
907 3033 1143 3086 διαϐόλου
1172 3037 1468 3104 προσϐολὰς
1487 3039 1512 3076 b
1540 3041 1910 3109 ἀποκρούεται’
1948 3044 2038 3094 καὶ
2074 3045 2217 3112 μάλα

591 3115 828 3177 εἰκότως.
853 3121 911 3170 Ol
939 3119 1044 3188 γάρ
1072 3123 1183 3188 μετ’
1211 3122 1450 3190 ἀλλήλων
1488 3125 1603 3175 κατ’
1644 3127 1848 3178 ἐκείνου
1874 3131 2215 3197 παρατασσό-

593 3217 758 3268 μενοι,
777 3203 868 3253 καὶ
894 3203 964 3271 μὴ
984 3209 1096 3273 μετ’
1120 3206 1320 3257 ἐκείνου
1346 3209 1460 3258 κατ’
1477 3209 1711 3277 ἀλλήλων
1733 3213 1997 3280 ἱστάμενοι
2017 3224 2063 3277 ε,
2087 3217 2217 3284 ἀήτ-

589 3303 734 3351 τητοι
764 3287 994 3353 γίνονται
1017 3291 1126 3351 τοῖς
1147 3290 1309 3342 αὐτοῦ
1351 3296 1719 3362 μηχανήμασι,
1765 3296 1831 3347 τὰ
1868 3297 2087 3366 λαμπρὰ
2119 3299 2216 3364 τῆς

589 3369 803 3438 ἀγάπης
835 3371 1130 3439 ἐγείροντες
1151 3374 1404 3442 τρόπαια.
1441 3378 1547 3428 Καὶ
1579 3378 1820 3447 καθάπερ
1844 3381 1897 3430 αἱ
1923 3381 2019 3448 τῆς
2053 3381 2217 3450 λύρας

588 3457 789 3524 νευραὶ,
825 3457 1012 3508 πολλαὶ
1049 3458 1145 3526 μὲν
1185 3455 1372 3524 οὖσαι,
1415 3463 1492 3522 είς
1539 3463 1663 3530 μίαν
1700 3463 1756 3515 δέ
1796 3464 2041 3517 νεύουσαι
2077 3484 2214 3534 συμ-

590 3541 811 3606 φωνίαν,
849 3542 1201 3612 τερπνότατόν
1243 3561 1292 3597 τι
1336 3545 1491 3614 μέλος
1516 3546 1733 3615 ὴχοῦσιν
1758 3566 1770 3578 ·
1808 3548 1975 3611 οὕτως
2001 3551 2047 3602 οί
2086 3552 2217 3621 πρὸς

593 3625 720 3692 μίαν
752 3629 1175 3696 συγκεκραμένοι
1197 3629 1435 3699 γνώμην,
1481 3631 1672 3700 εὐηχον
1705 3635 2088 3702 ἀνακρούονται
2122 3639 2217 3707 τῆς

589 3711 804 3780 ἀγάπης
836 3711 924 3764 16v
954 3713 1203 3780 φθόγγον.
1249 3715 1344 3766 Διά
1385 3715 1538 3767 τοῦτο
1579 3718 1923 3783 συμϐουλεύει
1951 3723 1978 3772 6
2013 3722 2218 3786 Παῦλος

589 3797 650 3848 16
683 3797 809 3848 αὐτδ
859 3801 1100 3866 φρονεῖν,
1146 3799 1238 3852 καὶ
1279 3800 1471 3867 λέγειν,
1523 3803 1615 3854 καὶ
1665 3802 1921 3870 ἀλλήλους
1971 3806 2217 3873 ἡγεῖσθαι

591 3882 943 3953 ὑπερέχοντας
973 3883 1193 3946 ἑαυτῶν,
1229 3884 1366 3936 ὥστε
1402 3885 1475 3954 μὴ
1501 3890 1566 3955 τῇ
1611 3885 1885 3956 φιλοτιμία
1915 3888 2217 3944 διαλύεσθαι

589 3968 686 4038 τὴν
717 3969 950 4037 ἀγάπην,
989 3968 1120 4020 ἀλλά
1147 3969 1243 4038 τὴν
1273 3971 1432 4039 τιμὴν
1470 3971 2046 4041 ἀντιπαραχωροῦντας
2073 3975 2099 4014 ἀ
2129 3976 2219 4027 ἀλ-

591 4053 787 4121 λήλοις,
833 4054 889 4104 ἐν
921 4053 1134 4122 ὁμονοίᾳ
1167 4053 1389 4120 διάγειν.
1431 4056 1536 4107 Καὶ
1566 4056 1723 4108 πάλιν
1769 4058 1931 4125 φησί·
1959 4061 2038 4111 Δι’
2080 4061 2218 4129 ἁγα-

592 4149 702 4201 πης
737 4136 1047 4189 δουλεύετε
1085 4138 1387 4202 ἀλλήλοις.
1433 4138 1494 4189 '0
1526 4139 1632 4206 γὰρ
1674 4139 1788 4204 πᾶς
1824 4143 2002 4209 νόμος
2035 4144 2102 4195 ἐν
2129 4145 2217 4198 ἐνὶ

589 4221 745 4287 λόγῳ
793 4221 1151 4287 πληροῦται,
1195 4223 1263 4274 ἐν
1303 4222 1399 4286 τῷ,
1443 4223 1796 4290 Ἀγαπήσεις
1822 4227 1925 4276 τὸν
1956 4229 2219 4293 πλησίον

591 4320 705 4357 σου
733 4306 810 4368 ὠς
839 4308 1110 4359 σεαυτόν.
1152 4305 1209 4358 '0
1256 4307 1480 4372 ἀγαπῶν
1514 4309 1612 4358 οὐκ
1645 4309 1943 4361 ἐπιτάττειν
1977 4311 2218 4379 βούλεται

596 4391 768 4456 μόνον,
788 4389 919 4440 ἀλλά
948 4391 1039 4441 καὶ
1054 4391 1448 4444 ἐπιτάττεσθαι⁸
1474 4393 1564 4444 καὶ
1593 4393 1767 4462 χαίρει
1795 4394 1991 4462 μᾶλλον
2011 4398 2220 4449 ἐπιτατ-

590 4476 827 4542 τόμενος,
857 4475 996 4544 ἥπερ
1025 4476 1336 4528 ἐπιτάττων.
1381 4477 1436 4528 ’0
1467 4478 1688 4543 ἀγαπῶν
1730 4479 2042 4548 χαρίζεσθαι
2095 4481 2217 4548 βού-

589 4560 736 4611 λεται
765 4560 978 4627 μᾶλλον,
1015 4561 1046 4629 ἢ
1077 4561 1232 4630 χάριν
1262 4561 1552 4630 λαμϐάνειν
1573 4581 1586 4593 ·
1621 4563 1761 4616 θέλει
1808 4566 1913 4635 γὰρ
1943 4567 2218 4635 ὀφειλέτην

591 4644 728 4712 ἔχειν
750 4645 839 4696 τὸν
869 4645 1033 4712 φίλον,
1059 4647 1200 4714 ἥπερ
1225 4646 1381 4710 αὐτὸς
1402 4647 1632 4715 ὀφείλειν
1660 4651 1866 4720 ἐκείνῳ.
1904 4654 1961 4703 '0
1989 4653 2215 4717 ἀγαπῶν

592 4730 680 4780 καὶ
707 4729 948 4796 βούλεται
980 4729 1290 4798 χαρίζεσθαι
1320 4732 1395 4800 τῷ
1431 4733 1789 4803 ἀγαπωμένῳ,
1828 4737 1916 4787 καὶ
1947 4737 2005 4787 οὐ
2041 4737 2214 4804 βούλεο

590 4831 676 4866 ται
701 4815 872 4867 δοκεῖν
909 4814 1254 4884 χαρίζεσθαι,
1307 4818 1398 4868 καὶ
1435 4818 1617 4885 ἀρχειν
1667 4822 1826 4882 αὐτὸς
1873 4822 2214 4891 εὐεργεσίας,

591 4900 682 4951 καὶ
716 4900 786 4966 μὴ
819 4900 988 4953 δοκεῖν
1031 4900 1215 4970 ἄρχειν
1255 4901 1585 4971 εὐεργεσίας.
1632 4905 1778 4972 Τάχα
1806 4907 1945 4968 τινὲς
1972 4908 2218 4973 ἀγνοοῦσι

588 4983 648 5033 τὸ
679 4982 878 5048 λεχθέν·
903 4983 1095 5037 οὐκοῦν
1119 4985 1183 5036 δι’
1220 4985 1604 5054 ὐποδείγματος
1637 4988 1764 5040 αὐτὸ
1796 4992 2002 5058 ποιήσω
2032 4993 2214 5059 σαφές.

593 5069 848 5136 Ἐμελλεν
870 5070 896 5119 ὁ
927 5069 1293 5138 φιλάνθρωπος
1325 5070 1474 5140 [9.90]
1498 5073 1766 5140 Δεσπότης
1791 5073 1879 5124 τὸν
1909 5076 2031 5126 Υἱὺν
2060 5077 2217 5129 αὐτοῦ

590 5151 901 5220 χαρίζεσθαι
935 5153 1071 5222 ὑπὲρ
1102 5155 1284 5222 ἡμῶνο
1334 5157 1447 5208 ἀλλ’
1482 5158 1565 5208 ἵνα
1604 5157 1676 5226 μὴ
1719 5155 1841 5228 δόξῃ
1883 5158 2216 5229 χαρίζεσθαι,

651 5359 676 5434 ξ
704 5360 841 5434 Eolllb.
866 5363 1014 5434 ἡμῶν..
1042 5363 1145 5430 Καὶ
1162 5363 1527 5434 οξῖιόὲλιιῇδύνατο.

652 5415 680 5454 1³
703 5420 834 5483 ςοῑῒ).
863 5415 943 5483 τάς
960 5424 1046 5483 γὰρ
1069 5421 1150 5483 τοῦ
1176 5415 1392 5483 διαϐόλου
1413 5425 1580 5483 προσϐ.

592 5539 603 5550 ο
653 5483 673 5508 ’³
704 5479 832 5586 lla-6,
847 5482 951 5585 11ἒιαὶ
1057 5482 1153 5542 μετ’
1177 5482 1352 5528 ἐκείνου
1375 5479 1478 5528 κατ’
1501 5483 1713 5539 ἀλλήλων
1743 5483 2000 5545 ῑστάμενοι,
2041 5485 2220 5534 desunt

589 5554 636 5587 ιη
664 5551 750 5585 ΠΗ.
811 5551 840 5585 Ο
899 5575 907 5584 .

651 5598 780 5666 4le
814 5598 943 5666 C9:b.
966 5597 1134 5666 ‘Savil.
1157 5613 1299 5666 ’γετό
1336 5601 1744 5664 παραχωροῦντας.
1793 5601 1913 5652 Infra
1946 5605 2212 5666 legendum

591 5665 706 5721 pulo
734 5658 818 5706 οὐκ
847 5658 1104 5706 ἐπιτάττειν
1123 5660 1176 5706 οὐ
1203 5658 1432 5720 βούλεταί.

1359 389 1414 444 S.
1450 386 1722 442 JOANNIS
1757 377 2231 440 CHRYSOSTOMI
2269 375 2581 432 ARCIIIEP.
2622 375 3162 434 CONSTANTINOP.

3839 379 3944 430 282

2319 493 2429 543 ἀλλ’
2460 493 2674 563 ὀφειλὴν
2709 493 3030 553 ἀποδιδόναι,
3066 491 3357 560 προσέταξε
3389 491 3464 559 τῷ
3494 487 3738 559 Ἀϐραὰμ
3764 486 3938 538 δοῦναι

2316 577 2403 628 τὸν
2437 579 2546 628 υίὸν
2577 579 2756 639 αὐτοῦ,
2785 579 2870 628 ἵνα
2898 576 3051 628 τοῦτο
3075 577 3164 627 καὶ
3187 577 3344 636 αὐτὸς
3368 574 3551 634 ποιῶν,
3592 574 3664 641 μὴ
3688 572 3759 632 ὡς
3784 571 3938 641 χάριν

2315 665 2505 726 διδους,
2528 666 2638 717 ἀλλ’
2665 668 2739 727 ὡς
2788 666 2942 733 χρέος
2988 664 3262 724 ἀποδιδοὺς
3315 661 3504 730 εὐρεθῇ
3538 661 3621 711 διὰ
3654 659 3740 709 τὸν
3776 659 3940 726 ὑπερ-

2318 749 2572 804 ϐάλλοντα
2599 750 2820 804 πλοῦτον
2845 751 2940 817 τῆς
2975 749 3134 800 αὐτοῦ
3165 748 3508 814 ἀγαθότητος.
3539 741 3665 795 Οἶδα
3692 745 3770 794 ὅτι
3798 743 3938 806 ξένον

2319 835 2560 899 φαίνεται
2589 838 2696 896 τοῖς
2727 835 2934 896 πολλοῖς
2967 834 3026 885 16
3052 832 3254 900 λεχθέν.
3285 833 3356 882 T6
3393 831 3446 881 δὲ
3474 832 3643 881 αῖτιον
3663 869 3676 890 ,
3704 830 3782 880 ὄτι
3821 827 3941 896 περὶ

2320 921 2633 989 πράγματος
2669 920 2978 988 διαλέγομαι
3005 920 3093 970 16v
3121 919 3340 986 οὐρανὸν
3366 915 3634 975 οἰκοῦντος
3670 915 3778 965 νῦν.
3819 914 3940 964 Ὠσ-

2319 1020 2421 1074 περ
2453 1006 2560 1072 γάρ
2600 1007 2646 1056 εί
2679 1005 2858 1070 ἔλεγον
2889 1005 3011 1072 περί
3049 1021 3187 1063 τινος
3230 1002 3394 1069 φυτοῦ
3429 1003 3482 1051 ἐν
3519 1000 3672 1068 Ἰνδίᾳ
3703 999 3940 1065 τικτομέ-

2320 1109 2427 1148 νου,
2459 1092 2548 1142 καὶ
2588 1084 2647 1142 οῦ
2695 1092 2877 1160 μηδεὶς
2917 1093 3106 1158 πεῖραν
3153 1090 3375 1148 ἐλαϐεν,
3426 1087 3521 1137 οὐκ
3571 1087 3634 1136 ἂν
3684 1085 3890 1151 ἴσχυσεν
3917 1083 3942 1132 ὁ

2319 1175 2469 1241 λόγος
2493 1177 2855 1243 παραστῆσαι,
2892 1175 2991 1227 κᾶν
3023 1174 3187 1243 μυρία
3228 1174 3350 1244 περὶ
3379 1172 3536 1224 αὐτοῦ
3577 1171 3772 1235 ἐλεγονσ
3807 1169 3944 1219 οῦτω

2320 1263 2411 1312 καὶ
2443 1260 2533 1312 νῦν
2559 1263 2655 1312 ὃσα
2679 1260 2742 1312 ἂν
2765 1262 2920 1322 εἴπω,
2954 1261 3125 1328 μάτην
3159 1257 3284 1326 ἐρᾶν
3318 1258 3377 1309 οὐ
3407 1257 3510 1324 γὰρ
3542 1254 3770 1306 συνιοῦσι
3807 1269 3942 1313 τινες

2319 1346 2384 1398 τὰ
2405 1345 2683 1414 λεγόμενα.
2729 1344 2814 1397 Ἐν
2833 1345 3042 1414 οὐρανῷ
3063 1345 3189 1410 γὰρ,
3217 1342 3289 1405 ὼς
3318 1343 3450 1410 ἔφην
3468 1380 3482 1402 ,
3511 1340 3662 1391 τοῦτο
3688 1336 3946 1403 πεφύτευ-

2320 1447 2404 1482 ται
2440 1431 2497 1482 τδ
2527 1433 2706 1498 φυτόν.
2744 1431 2878 1482 ’Λλλ“
2919 1430 3011 1482 ἐὰν
3052 1430 3316 1497 θέλωμεν,
3364 1428 3455 1478 καὶ
3499 1425 3622 1492 παρ’
3658 1426 3786 1492 ἡμῖν
3819 1420 3944 1474 αὐτὸ

2322 1515 2639 1584 φυτευθῆναι
2662 1516 2897 1569 δυνατόν.
2929 1515 3024 1566 Διὰ
3063 1513 3216 1564 τοῦτο
3260 1514 3365 1581 γὰρ
3405 1511 3748 1578 ἐδιδάχθημεν
3777 1509 3944 1574 λέγειν

2322 1601 2452 1671 πρὸς
2496 1603 2583 1654 τὸν
2631 1604 2686 1652 ἐν
2718 1601 2960 1669 οὐρανοῖς
3009 1599 3222 1668 Πατέρα
3243 1615 3255 1627 ο
3294 1595 3604 1662 Γενηθήτω
3632 1595 3694 1646 τὸ
3727 1591 3948 1660 θέλημά

2322 1701 2436 1738 σου
2465 1687 2532 1738 ἐν
2555 1685 2782 1753 οὐρανῷ
2811 1685 2905 1737 καὶ
2936 1685 3030 1736 ἐπὶ
3061 1684 3165 1751 τῆς
3190 1683 3320 1751 γῆς.

2388 1780 2454 1840 γ’.
2496 1773 2582 1841 Μὴ
2615 1773 2788 1824 τοίνυν
2819 1773 3071 1824 ἀδύνατον
3110 1767 3246 1822 εἶναι
3276 1769 3580 1838 νομίσωμεν
3612 1767 3671 1820 τὸ
3714 1766 3946 1818 τοιοῦτον

2320 1860 2516 1925 ἀγαθὸν
2557 1858 2869 1928 κτήσασθαι.
2910 1858 3138 1909 Δυνατδν
3178 1857 3304 1925 γὰρ,
3332 1856 3496 1916 ὅντως
3533 1853 3770 1917 δυνατὸν,
3803 1853 3853 1904 εί
3884 1869 3943 1918 γε

2324 1944 2614 2013 βουλόμεθα
2661 1946 2877 2014 νήφειν·
2909 1943 2969 1996 οὐ
3004 1943 3154 1995 τοῦτο
3183 1943 3236 1994 δέ
3265 1943 3435 2010 μόνον,
3476 1941 3606 1993 ἀλλὰ
3654 1941 3742 1993 καὶ
3776 1943 3948 1991 πᾶσαν

2322 2031 2653 2100 κατορθῶσαι
2708 2030 2804 2099 τὴν
2858 2031 3074 2099 ἀρετήν.
3137 2027 3467 2096 Δύτεξουσίῳ
3498 2027 3604 2096 γάρ
3643 2026 3950 2094 προαιρέσει

2322 2115 2721 2185 κυϐερνώμεθα,
2754 2117 2845 2167 καὶ
2876 2117 2971 2184 οὐχ
2999 2115 3330 2184 εἱμαρμένης
3360 2114 3587 2183 ἀνάγκῃ,
3619 2113 3754 2164 κατά
3782 2128 3948 2173 τινας,

2323 2201 2668 2269 ὑποκείμεθα,
2705 2204 2759 2252 ἐν
2789 2201 2863 2269 τῷ
2897 2201 3064 2252 θέλειν
3106 2201 3195 2252 καὶ
3229 2200 3301 2269 μὴ
3335 2200 3502 2250 θέλειν
3531 2197 3824 2268 ὁριζόμενοι
3862 2201 3954 2248 καὶ

2322 2286 2388 2337 τὰ
2418 2286 2553 2338 καλά
2587 2287 2793 2339 κεῖσθαι
2827 2288 2918 2338 καὶ
2951 2290 3018 2339 τά
3043 2287 3202 2338 κακά.
3255 2285 3352 2336 Διὰ
3402 2285 3554 2335 τοῦτο
3603 2284 3704 2350 γὰρ
3751 2284 3777 2333 ὁ
3823 2283 3952 2342 Θεος

2323 2372 2413 2421 καὶ
2445 2370 2710 2438 βασιλείαν
2739 2373 3018 2440 ὑπέσχετο,
3057 2372 3148 2422 καὶ
3195 2370 3458 2438 τιμωρίαν
3488 2369 3794 2437 ἠπείλησεν.
3839 2369 3951 2418 Οὐκ

2323 2455 2386 2506 ἂν
2412 2457 2465 2508 δὲ
2498 2460 2606 2516 τοῖς
2633 2458 2838 2525 ἀνάγκῃ
2862 2456 3158 2524 δεδεμένοις
3190 2455 3356 2517 οῦτως
3408 2455 3623 2523 ἐποίησε
3647 2471 3659 2483 ·
3703 2453 3805 2504 τῶν
3845 2454 3951 2522 γάρ

2324 2540 2426 2590 ἀπὸ
2456 2539 2672 2607 γνώμης
2700 2539 2990 2608 γινομένων
3039 2539 3296 2600 ἀντίδοσίς
3325 2541 3467 2590 ἐστιν
3509 2537 3789 2606 ἑκατέρων.
3840 2537 3952 2587 Οὐκ

2325 2625 2388 2675 ἂν
2414 2625 2603 2693 νόμους
2632 2625 2841 2693 έθηκεν,
2865 2626 2962 2677 οὐκ
2985 2627 3049 2678 ἂν
3075 2626 3416 2692 παραινέσεις
3442 2623 3652 2683 ἔδωκεν,
3676 2625 3719 2673 εί
3741 2622 3952 2688 δεσμοῖς

2323 2710 2650 2777 εἱμαρμένης
2678 2710 3063 2780 κεκρατημένοι
3095 2706 3254 2779 ἦμεν.
3301 2709 3435 2760 Ἀλλ’
3474 2709 3654 2776 ἐπειδὴ
3687 2705 3952 2773 ἐλεύθεροί

2324 2796 2504 2862 ἐσμεν,
2531 2797 2620 2847 καί
2651 2796 2746 2864 τῆς
2778 2796 2910 2857 ιδίας
2937 2795 3298 2864 προαιρέσεως
3343 2793 3536 2861 κύριοι,
3573 2795 3664 2842 καὶ
3706 2791 3807 2842 ἀπὸ
3857 2791 3954 2858 μὲν

2326 2880 2587 2947 ῥᾳθυμίας
2614 2882 2866 2949 γινόμεθα
2895 2882 3099 2948 φαῦλοι,
3131 2881 3234 2932 ἀπὸ
3263 2881 3317 2932 δέ
3351 2879 3575 2947 σπουδῆς
3600 2878 3834 2947 χρηστοὶ,
3870 2877 3955 2929 διὰ

2323 2964 2477 3016 τοῦτο
2501 2963 2669 3018 ταῦτα
2699 2967 3058 3018 κατεσκεύασε
3104 2967 3172 3018 τά
3215 2967 3509 3035 φάρμακα,
3550 2964 3626 3032 τῷ
3669 2963 3811 3031 φόϐῳ
3857 2967 3954 3031 τῆς

2325 3050 2591 3113 κολάσεως
2631 3053 2721 3102 καὶ
2749 3055 2812 3120 τῇ
2857 3052 3142 3121 προσδοκίᾳ
3168 3052 3263 3120 τῆς
3292 3050 3562 3119 βασιλείας
3587 3049 3955 3120 διορθούμενος

2323 3137 2486 3203 ἡμᾶς,
2523 3135 2614 3187 καὶ
2647 3136 2947 3204 φιλοσοφεῖν
2987 3137 3264 3192 παιδεύων.
3291 3139 3401 3190 Οὐκ
3432 3139 3494 3188 ἐκ
3524 3135 3720 3188 τούτων
3755 3135 3808 3186 δέ
3859 3135 3954 3202 μόο

2323 3239 2429 3283 νον,
2483 3222 2615 3274 ἀλλά
2660 3224 2751 3274 καὶ
2799 3222 2857 3286 ἐξ
2899 3217 2971 3276 ὧν
3003 3225 3157 3293 ἡμεῖς
3183 3225 3332 3275 αὐτοὶ
3365 3223 3640 3292 ποιοῦμεν,
3687 3221 3840 3290 δῆλον
3875 3223 3955 3273 ὅτι

2324 3305 2444 3358 οὔτε
2471 3309 2790 3378 εἱμαρμένη,
2821 3309 2941 3361 οὔτε
2974 3311 3129 3378 τύχη,
3172 3309 3292 3362 οὐτε
3331 3310 3571 3376 γένεσις,
3608 3308 3726 3360 οὐτε
3763 3307 3957 3377 δρόμος

2324 3393 2563 3463 ἀστέρων
2603 3395 2668 3445 τὰ
2701 3396 2819 3446 καθ’
2850 3397 2994 3462 ἡμᾶς
3022 3395 3228 3448 διοικεῖ.
3268 3397 3329 3447 Εί
3369 3396 3475 3463 γὰρ
3506 3395 3707 3446 ἐκεῖθεν
3727 3396 3958 3462 ἤρτηται

2323 3479 2389 3530 τά
2425 3481 2676 3549 γινόμενα
2725 3481 2915 3544 πάντα,
2964 3482 3054 3532 καὶ
3097 3482 3155 3532 οὐ
3200 3482 3297 3549 τῆς
3330 3481 3694 3550 προαιρέσεως
3732 3479 3837 3530 τῶν
3868 3481 3959 3530 ἀν-

2326 3564 2572 3632 θρώπων,
2595 3567 2734 3627 τίνος
2764 3567 2947 3618 ἕνεκεν
2979 3569 3255 3634 μαστιγοῖς
3277 3567 3364 3618 τὸν
3388 3566 3599 3633 οἰκέτην
3631 3565 3954 3630 κεκλοφότας

2324 3651 2464 3711 τίνος
2497 3651 2676 3702 ἕνεκεν
2712 3651 3079 3720 μοιχευθεῖσαν
3107 3650 3203 3720 τὴν
3228 3653 3455 3718 γυναῖκα
3496 3651 3576 3712 είς
3612 3651 3958 3719 δικαστήριον

2325 3733 2534 3798 ἐλκεις;
2568 3735 2706 3798 τίνος
2735 3735 2916 3788 ἐνεκεν
2955 3736 3177 3805 αἰσχύνῃ
3207 3737 3453 3806 πράττων
3489 3736 3554 3787 τά
3578 3737 3783 3798 ἄτοπα;
3814 3735 3958 3794 τίνος

2325 3819 2504 3871 ’ἐνεκεν
2535 3821 2652 3872 οὐδὲ
2677 3821 2742 3873 τά
2783 3823 2995 3890 ῥήματα
3027 3821 3209 3888 φέρεις
3241 3821 3620 3890 ὀνειδιζόμενος
3640 3861 3656 3885 ,
3707 3821 3819 3872 ἀλλ’
3867 3823 3958 3872 ἐάν

2324 3905 2405 3964 τίς
2441 3920 2496 3954 σε
2521 3904 2718 3974 καλέσῃ
2747 3905 3000 3974 μοιχὸν,ἢ
3033 3906 3243 3972 πόρνον,
3279 3907 3310 3973 ἢ
3344 3906 3601 3974 μέθυσον,
3638 3907 3670 3974 ἡ
3703 3923 3754 3956 τι
3785 3903 3959 3956 τοιοῦ-

2324 4006 2432 4051 τον,
2467 3988 2618 4059 ὓϐριν
2649 3991 2708 4042 τὸ
2740 3993 2962 4059 πρᾶγμα
2993 3991 3211 4053 καλεῖς;
3243 3991 3303 4042 Εἰ
3333 3991 3434 4059 γὰρ
3468 3990 3540 4059 μὴ
3573 3992 3669 4058 τῆς
3697 3993 3791 4058 σῆς
3823 3989 3962 4056 γνώ-

2328 4091 2430 4144 μης
2455 4075 2514 4126 τὸ
2548 4075 2888 4144 ἁμαρτάνειν,
2935 4074 3058 4128 οὐτε
3100 4077 3346 4144 ἔγκλημα
3393 4077 3451 4126 16
3493 4075 3788 4142 γινόμενον,
3837 4075 3960 4125 οὔτε

2326 4159 2476 4230 ὖϐρις
2509 4161 2566 4212 16
2607 4160 2912 4230 λεγόμενον.
2959 4161 3069 4214 Νῦν
3116 4161 3169 4214 δέ
3215 4163 3304 4213 καὶ
3335 4162 3398 4212 δι’
3431 4154 3504 4212 ὧν
3552 4162 3660 4220 τοῖς
3715 4159 3962 4228 ἁμαρτά-

2326 4264 2500 4298 νουσιν
2539 4248 2597 4298 οὐ
2648 4247 3051 4313 συγγινώσκεις,
3095 4247 3186 4298 καὶ
3221 4247 3284 4296 δι’
3327 4239 3400 4298 ὧν
3433 4246 3588 4305 αὐτὸς
3631 4245 3858 4314 αἰσχύνῃ
3895 4247 3960 4296 τά

2327 4331 2468 4382 κακά
2496 4331 2766 4398 πράττων,
2808 4332 2899 4382 καὶ
2928 4332 3203 4384 λανθάνειν
3249 4331 3593 4392 σπουδάζεις,
3629 4332 3719 4382 καὶ
3764 4330 3832 4380 δι’
3888 4324 3960 4382 ὦν

2325 4417 2447 4476 τοὺς
2490 4416 2655 4467 ταῦτά
2704 4432 2781 4467 σοι
2837 4416 3198 4485 προφέροντας
3248 4415 3500 4484 ὑϐριστάς
3551 4415 3821 4482 νομίζεις,
3879 4416 3962 4467 διὰ

2327 4500 2535 4550 πάντων
2561 4501 2853 4567 ὁμολογεῖς,
2895 4502 2975 4552 ὅτι
3004 4501 3101 4552 οὐκ
3130 4500 3341 4570 ἀνάγκῃ
3369 4500 3568 4551 δέδεται
3597 4501 3661 4552 τὰ
3693 4501 3958 4570 ἡμέτερα,

2327 4583 2454 4635 ἀ)λά
2476 4585 2836 4654 προαιρέσεως
2855 4585 3130 4654 ἐλευθερίᾳ
3150 4586 3447 4652 τετίμηται.
3465 4585 3586 4646 Τοῖς
3601 4585 3727 4652 γοῦν
3748 4587 3959 4653 ἀνάγκη

2327 4671 2701 4738 κατεχομένοις
2725 4671 3108 4738 συγγινώσκειν
3147 4672 3381 4739 οἴδαμεν.
3430 4672 3547 4723 Κᾶν
3581 4671 3680 4722 ὑπὸ
3711 4671 3961 4738 δαίμονός

2325 4771 2404 4816 τις
2433 4757 2766 4825 ὀχλούμενος,
2791 4758 2822 4827 ἢ
2854 4758 2940 4809 τὸν
2966 4758 3163 4825 χιτῶνα
3203 4759 3459 4827 διαρρήξῃ
3489 4759 3575 4809 τὸν
3611 4758 3896 4826 ἡμέτερον.
3929 4757 3960 4822 ἢ

2326 4841 2533 4909 πληγὰς
2571 4843 2852 4913 ἐπενέγκῃ,
2899 4843 2958 4892 οὐ
2997 4844 3152 4910 μόνον
3183 4843 3239 4892 οὐ
3272 4842 3564 4909 κολάζομεν
3594 4844 3770 4900 αὐτὸν,
3827 4841 3964 4892 ἀλλὰ

2327 4923 2472 4992 [2911
2505 4927 2595 4978 καὶ
2625 4926 2872 4992 ἐλεοῦμεν
2902 4928 2993 4977 καὶ
3031 4926 3482 4994 συγγινώσκομεν.
3520 4928 3582 4978 Τί
3608 4927 3838 4996 δήποτε;
3883 4929 3962 4977 ὅτι

2326 5012 2474 5080 οὐχη
2503 5013 2597 5078 τῆς
2636 5013 2994 5080 προαιρέσεως
3029 5013 3323 5080 ἐλευθερία,
3366 5014 3478 5064 ἀλλ’
3508 5016 3538 5082 ἡ
3578 5014 3668 5065 τοῦ
3706 5013 3958 5080 δαίμονος

2329 5095 2417 5165 βία
2450 5099 2616 5149 ταῦτα
2649 5097 2953 5165 εἰργάσατο.
2979 5099 3137 5148 Ὥστε
3171 5100 3216 5149 εί
3239 5100 3328 5150 καὶ
3351 5099 3416 5150 τά
3446 5099 3576 5152 ἄλλα
3597 5101 3966 5166 ἁμαρτήματα

2328 5182 2430 5232 ἀπὸ
2463 5183 2560 5249 τῆς
2609 5183 2846 5248 ἀνάγκης
2881 5183 2975 5250 τῆς
3027 5183 3162 5235 κατὰ
3206 5183 3302 5251 τὴν
3345 5185 3674 5253 εἱμαρμένην
3716 5184 3964 5248 ἐγίνετο,

2329 5269 2660 5335 συνέγνωμεν
2682 5266 2764 5318 ἄν’
2789 5268 2967 5336 ἐπειδὴ
2989 5269 3041 5319 δὲ
3065 5270 3218 5336 ἴσμεν
3238 5278 3282 5332 ⁸,
3306 5271 3384 5320 ὅτι
3410 5270 3507 5320 οὐκ
3535 5269 3675 5318 ἐστιν
3697 5268 3964 5336 ἀνάγκης,

2326 5352 2409 5403 διὰ
2445 5351 2595 5404 τοῦτο
2635 5352 2692 5402 οὐ
2745 5353 3211 5421 συγγινώσκομεν,
3259 5353 3380 5405 οὐτε
3416 5353 3662 5403 δεσπόται
3704 5354 3964 5416 οἰκέταις,

2325 5437 2443 5490 οὐτε
2481 5438 2663 5505 ἄνδρες
2702 5439 2938 5504 γυναιξὶν
2966 5479 2980 5503 ,
3035 5439 3155 5490 οὐτε
3212 5442 3464 5506 γυναῖκες
3513 5438 3789 5507 ἀνδράσιν,
3844 5439 3966 5492 οὔτε

2393 5668 2414 5693 ε
2443 5663 2570 5721 Ιίεεε,
2600 5663 2756 5719 ἐπειδή
2781 5665 2828 5711 δὲ
2851 5664 3002 5724 ἴσμεν,
3029 5665 3205 5713 desunt
3227 5677 3273 5711 ιιι
3295 5663 3426 5713 Colb.
