4144 6308
687 336 796 390 283

688 437 944 506 principes
989 436 1226 502 subditis,
1275 435 1365 489 sed
1395 449 1541 489 acres
1570 436 1825 489 scelerum
1866 435 2216 501 exploratores

690 527 986 595 ultoresque
1036 540 1231 589 sumus,
1300 525 1365 579 ad
1421 524 1694 579 tribunalia
1747 524 1998 584 sistimus,
2058 523 2218 590 plagis

688 616 1006 681 Subjicimus,
1034 614 1448 683 correptionibus
1476 615 1687 678 utimur,
1714 612 1947 680 nihilque
1974 626 2077 665 non
2107 612 2217 679 agi-

687 719 821 765 mus,
854 713 909 755 ιιι
938 704 1054 757 illos
1090 718 1117 755 a
1162 703 1311 756 malis
1356 704 1655 770 eripiamus.
1692 701 1837 753 Filiis
1862 714 1986 753 vero
2028 698 2219 752 nostris

689 793 995 860 pmdagogos
1031 792 1231 854 damus,
1271 792 1487 859 illosque
1534 790 1597 843 ad
1644 790 1918 857 magistros
1947 788 2217 848 mittimus,

687 880 853 931 mittas
878 880 1212 941 intentamus,
1244 879 1457 932 verbera
1488 878 1785 945 inﬂigimus,
1830 876 2095 942 multaque
2123 875 2219 926 alia

687 967 1011 1027 adhibemus.
1039 976 1092 1019 ut
1123 968 1265 1033 prohi
1293 967 1528 1018 evadant.
1561 964 1693 1031 Quid
1720 980 1844 1032 ergo
1867 977 1998 1030 opus
2025 961 2221 1015 labori-

690 1057 786 1108 bus
850 1056 1191 1109 sudorihusve
1218 1054 1281 1107 ad
1308 1056 1547 1107 virtutem
1588 1053 1976 1108 exercendam?
2005 1051 2132 1105 Nam
2179 1051 2223 1102 si

692 1142 794 1195 fato
827 1144 1162 1196 constitutum
1191 1144 1276 1205 sit,
1322 1142 1511 1195 bonum
1540 1142 1651 1195 fore
1674 1142 2001 1210 quempiam;
2047 1142 2091 1196 is
2116 1142 2225 1194 sive

692 1233 911 1283 dormiat
940 1240 1029 1283 aut
1054 1240 1236 1283 stertat
1262 1230 1429 1283 bonus
1453 1230 1551 1283 erit
1580 1246 1593 1282 :
1625 1231 1730 1281 imo
1750 1230 1920 1297 potius
1942 1229 2110 1282 bonus
2141 1228 2225 1280 ille

692 1323 953 1375 vocandus
980 1337 1082 1374 non
1123 1330 1222 1384 est,
1249 1322 1334 1388 qui
1376 1336 1441 1373 ex
1472 1322 1781 1374 necessitate
1810 1320 1928 1371 talis
1972 1320 2058 1371 sit.
2089 1317 2224 1383 Quid

692 1426 822 1478 opus
842 1410 1107 1464 laboribus
1135 1409 1471 1463 sudoribusve
1495 1408 1558 1461 ad
1586 1408 1863 1476 nequitiam
1892 1405 2227 1475 fugiendam?

694 1499 821 1553 Nam
862 1500 904 1551 si
933 1498 1039 1551 fato
1062 1499 1402 1551 constitutum
1431 1498 1518 1561 sit,
1548 1498 1737 1549 malum
1765 1498 1873 1551 fore
1894 1497 2224 1564 quempiam;

694 1590 738 1641 is
781 1588 981 1641 etiamsi
1034 1595 1305 1640 sescentas
1349 1586 1529 1639 subeat
1565 1586 1815 1649 miserias,
1862 1585 2030 1637 malus
2058 1594 2227 1637 tamen

694 1680 825 1731 erit:
856 1679 961 1731 imo
988 1691 1091 1730 non
1118 1677 1309 1728 malum
1336 1690 1452 1729 eum
1483 1690 1573 1743 par
1597 1684 1675 1729 est
1704 1690 1910 1738 vocare,
1934 1675 2019 1739 qui
2049 1688 2229 1728 neces-

696 1767 847 1819 sitate
888 1765 951 1816 ad
997 1763 1044 1816 id
1092 1763 1402 1829 impellatur.
1452 1762 1518 1817 Ut
1562 1763 1698 1816 enim
1738 1762 2131 1825 dmmoniacnm,
2186 1764 2228 1815 si

697 1854 1037 1906 contumelias
1068 1855 1313 1919 proferat,
1345 1852 1387 1905 si
1418 1853 1670 1918 percutiat
1699 1851 1817 1920 (hoc
1856 1853 1995 1904 enim
2026 1866 2229 1904 rursum

700 1952 815 1995 utor
835 1942 1117 2011 exemplo),
1154 1956 1255 1993 non
1281 1942 1706 1993 contumeliosum
1735 1941 2056 2007 appellamus
2086 1958 2096 1992 :
2129 1954 2232 1992 non

700 2035 793 2100 ipsi
825 2034 1013 2100 quippe
1041 2031 1403 2084 contumeliam
1440 2031 1801 2090 adscribimus,
1848 2030 1938 2083 sed
1982 2030 2234 2083 daemonis

702 2124 994 2177 necessitati
1027 2138 1038 2171 :
1066 2121 1139 2173 sic
1166 2133 1260 2172 nec
1289 2120 1601 2187 improbum,
1631 2120 1672 2171 si
1713 2120 1817 2171 fato
1846 2120 1909 2171 ad
1952 2119 2233 2187 nequitiam

705 2213 1014 2280 imponatur,
1056 2224 1297 2264 \ocemus
1342 2208 1661 2276 improbum;
1707 2217 1761 2259 ut
1807 2223 1972 2276 neque
2020 2208 2235 2275 probum

703 2303 1022 2372 appellemus
1042 2299 1276 2368 probum.
1304 2298 1501 2349 Etenim
1520 2298 1560 2350 si
1587 2300 1683 2351 hoc
1704 2299 2040 2355 concedatur.
2063 2299 2235 2350 omnia

706 2402 881 2444 nostra
913 2403 1115 2457 pessum
1155 2388 1334 2448 ibunt;
1378 2385 1513 2437 nulla
1546 2387 1644 2438 erit
1680 2387 1865 2448 virtus,
1893 2388 2031 2439 nulla
2062 2386 2239 2455 nequi-

706 2480 795 2539 tia,
843 2494 944 2530 non
998 2485 1159 2536 artes,
1208 2491 1307 2527 non
1349 2475 1506 2541 leges.
1558 2475 1786 2542 nihilque
1824 2475 2096 2543 ejusmodi.
2137 2468 2241 2528 Cur

710 2582 865 2635 porro
894 2576 1085 2619 tantam
1112 2581 1287 2619 curam
1310 2567 1488 2635 aegroti
1515 2564 1840 2626 adhibemus,
1874 2564 2118 2629 pecunias
2144 2578 2238 2616 ex-

710 2656 1004 2723 pendimus,
1051 2654 1280 2707 medicus
1326 2655 1659 2711 accersitnus,
1704 2653 1977 2719 pharmaca
2025 2651 2243 2718 apponi-

710 2758 845 2808 mus,
874 2744 1039 2795 ventri
1068 2742 1433 2796 abstinentiam
1474 2742 1769 2803 indicimus,
1808 2739 2243 2807 concupiscentiae

709 2834 911 2887 frenum
943 2830 1236 2898 injicimus?
1257 2830 1385 2883 Nam
1412 2831 1451 2881 si
1483 2845 1546 2883 ex
1578 2830 1681 2882 fato
1713 2829 1937 2896 pendent
1972 2829 2167 2881 sanitas
2191 2835 2245 2881 et

710 2922 944 2981 morbus,
973 2920 1247 2987 super-llum
1273 2928 1392 2973 sunt
1414 2921 1746 2988 pecuniarum
1773 2933 2035 2987 expenstc,
2063 2932 2247 2986 super-

710 3011 844 3063 lluus
872 3009 1191 3063 medicorum
1226 3023 1368 3071 usus,
1401 3022 1782 3075 supervacanea
1830 3006 2047 3059 infirmis
2087 3020 2243 3059 accu-

712 3109 821 3152 rata
868 3099 953 3152 illa
993 3099 1092 3152 cibi
1136 3100 1377 3151 tenuitas.
1405 3097 1550 3150 Nunc
1593 3106 1765 3150 autem
1811 3106 1862 3149 et
1889 3111 1951 3148 ex
1986 3096 2064 3148 his
2092 3103 2146 3148 et
2182 3109 2245 3148 ex

711 3188 827 3240 aliis
850 3186 1195 3248 ostendimus,
1242 3185 1369 3237 nihil
1410 3200 1589 3239 eorum
1619 3199 1733 3237 esse
1778 3184 2114 3251 superllumn.
2145 3183 2247 3235 Ve-

713 3291 829 3328 rum
859 3274 1083 3328 facessat
1112 3274 1196 3327 illa
1228 3274 1316 3326 fati
1347 3272 1518 3327 fabula
1549 3290 1560 3325 :
1595 3288 1712 3326 nam
1741 3288 1855 3340 qua:
1899 3273 1960 3324 ad
2009 3286 2103 3324 nos
2133 3287 2251 3338 pcr-

716 3366 902 3429 tinent,
933 3364 1058 3416 nulli
1102 3363 1447 3431 subjiciuntur
1485 3363 1804 3424 necessitati,
1850 3361 1941 3413 sed
1968 3362 2162 3423 omnia,
2195 3369 2251 3413 ιιι

715 3454 843 3519 dixi,
869 3454 1068 3506 arbitrii
1095 3454 1333 3506 libertate
1358 3452 1545 3505 donata
1574 3462 1712 3504 sunt.

784 3546 837 3597 4.
880 3544 1088 3597 Moralt's
1128 3543 1421 3596 exhortatio.
1462 3541 1714 3593 Iudicium
1756 3539 1848 3592 Dei
1884 3556 2029 3608 quam
2072 3540 2250 3590 timen-

719 3634 855 3684 dum.
883 3631 1097 3685 —Ha:c
1141 3645 1257 3683 cum
1302 3630 1543 3689 sciamus,
1589 3628 1780 3690 dilecti,
1829 3628 1933 3679 imo
1974 3626 2053 3680 his
2103 3627 2255 3695 longe

722 3723 869 3790 plura
897 3720 1076 3789 (multa
1106 3718 1242 3773 enim
1286 3717 1386 3769 alia
1433 3716 1532 3769 dici
1574 3726 1801 3783 possent,
1845 3714 1934 3767 sed
1964 3714 2076 3767 haec
2103 3722 2255 3767 erunt

720 3807 1118 3877 sapientioribus
1151 3805 1315 3873 satis),
1344 3803 1599 3872 fugiamus
1639 3803 1940 3868 nequitiam,
1982 3803 2257 3870 diligamus

721 3899 985 3959 virtutem,
1019 3906 1074 3949 ut
1101 3911 1163 3949 ex
1193 3895 1345 3949 rebus
1385 3893 1511 3962 ipsis
1554 3893 1905 3954 ostendamus,
1952 3906 2047 3945 nos
2094 3892 2256 3946 libero

721 3985 793 4036 uti
820 3984 883 4037 ad
919 3999 976 4037 ea
1006 3998 1119 4051 quae
1148 3983 1353 4050 placent
1391 3978 1623 4045 arbitrio,
1657 3996 1721 4033 ne
1766 3979 2143 4034 confundamur
2167 3982 2257 4035 illo

724 4072 826 4134 die,
855 4087 958 4140 quo
986 4071 1303 4139 singulorum
1326 4085 1480 4138 opera
1508 4070 1890 4123 revelabuntur.
1923 4069 2101 4123 Omnes
2130 4073 2258 4123 enim

724 4177 812 4214 nos
864 4160 1169 4229 manifestari
1206 4168 1395 4225 oportet
1435 4167 1548 4211 ante
1583 4158 1796 4210 tribunal
1836 4157 2037 4220 Christi,
2087 4170 2142 4212 ut
2188 4161 2259 4211 ait

724 4251 933 4314 Paulus,
956 4259 1005 4301 ut
1023 4249 1200 4315 referat
1220 4249 1564 4315 unusquisque,
1589 4256 1732 4315 prout
1752 4248 1919 4313 gessit,
1941 4247 2040 4299 sive
2060 4247 2256 4310 bonum,

725 4342 824 4393 sive
862 4341 1043 4392 malum
1071 4338 1145 4410 (2.
1196 4338 1309 4393 Cor.
1341 4340 1393 4392 5.
1440 4339 1546 4406 10).
1588 4338 1853 4400 Tribunal,
1894 4353 2089 4407 quasso,
2137 4339 2259 4391 illud

729 4431 996 4485 nobiscum
1034 4439 1354 4497 reputemus,
1396 4430 1541 4497 quasi
1580 4430 1683 4496 jam
1730 4429 1956 4493 adesset,
1993 4428 2260 4495 Judexque

725 4520 948 4582 sederet,
976 4528 1028 4571 et
1054 4518 1225 4571 omnia
1251 4517 1621 4578 revelarentur,
1655 4517 1705 4569 in
1736 4517 2066 4586 mediumque
2091 4518 2259 4570 addu-

726 4616 987 4663 cerentur.
1020 4606 1130 4660 Non
1173 4608 1333 4661 modo
1371 4607 1507 4660 enim
1540 4621 1634 4660 nos
1677 4606 1883 4660 adstare
1910 4617 2135 4675 oportet,
2166 4607 2259 4660 sed

725 4699 880 4751 etiam
911 4696 1245 4750 manifestari.
1271 4696 1454 4747 Annon
1477 4694 1819 4749 erubescitis?
1845 4709 2015 4747 annon
2048 4694 2263 4762 perhor-

726 4787 965 4841 rescitis?
996 4800 1167 4838 annon
1198 4800 1337 4853 saepe
1363 4786 1493 4838 mori
1518 4786 1683 4853 potius
1703 4796 1960 4853 Optamus,
1991 4801 2143 4854 quam
2175 4802 2264 4840 oc-

725 4877 919 4931 cultum
970 4875 1137 4927 scelus
1180 4874 1562 4928 venerabiiibus
1608 4875 1785 4927 amicis
1827 4876 2017 4927 nostris
2057 4874 2261 4943 detegi?

725 4968 839 5032 Quo
868 4974 986 5018 tunc
1030 4978 1182 5018 sensu
1215 4964 1520 5030 alliciemur,
1562 4979 1678 5017 cum
1706 4974 1915 5031 peccata
1958 4974 2133 5018 nostra
2168 4982 2259 5020 co-

727 5070 836 5107 ram
887 5053 1362 5120 omnibusangelis
1409 5052 1807 5119 hominibusque
1858 5053 2165 5119 detegentur
2210 5064 2263 5109 et

726 5157 846 5199 ante
875 5146 1052 5199 oculos
1087 5143 1369 5197 sistentur?
1398 5146 1618 5214 Arguam
1661 5154 1725 5209 te,
1757 5144 1941 5211 inquit,
1976 5154 2019 5197 et
2049 5154 2261 5198 statuant

726 5244 897 5287 rontra
931 5235 1103 5300 {aciem
1132 5242 1268 5284 tuam
1307 5244 1502 5301 peccata
1536 5243 1620 5285 tua
1646 5231 1811 5299 (Psal.
1855 5234 1941 5286 49.
1973 5232 2084 5301 2|).
2113 5234 2261 5299 Quod

724 5325 769 5377 si
807 5339 863 5377 re
892 5323 1120 5376 nondum
1148 5332 1422 5390 praesente,
1455 5324 1546 5376 sed
1590 5332 1785 5375 tantum
1826 5323 2111 5390 supposita,
2145 5338 2257 5377 ser-

728 5427 985 5482 moneque
1025 5413 1305 5479 descripta,
1354 5414 1672 5465 conscientia
1717 5421 1933 5481 urgente
1970 5412 2258 5478 obruimur,

729 5502 847 5571 quid
888 5502 1136 5555 faciemus
1179 5516 1294 5554 cum
1327 5510 1528 5568 tempus
1574 5500 1760 5565 aderit,
1793 5516 1909 5552 cum
1957 5508 2093 5553 totus
2122 5500 2263 5554 orbis

731 5604 959 5659 prmsens
996 5590 1115 5652 crit,
1141 5602 1257 5641 cum
1285 5588 1449 5657 angeli
1480 5596 1533 5641 et
1570 5586 1889 5652 archangeli,
1918 5602 2035 5639 cum
2068 5591 2257 5656 princi-

1424 327 1480 382 S.
1517 324 1782 379 JOANNlS
1817 319 2275 379 CllRYSOSTOMl
2314 318 2621 376 ARCIIIEP.
2662 320 3179 377 CONSTANTINOP.

3760 339 3871 393 284

2328 438 2477 495 palus
2520 438 2571 483 et
2605 440 2908 498 potestates,
2955 448 3071 486 cum
3102 436 3237 489 tuba:
3279 434 3573 502 frrqiientes
3602 433 3863 501 clangent,

2324 534 2441 573 cum
2460 521 2582 587 justi
2611 523 2876 589 rapientur
2902 524 2953 576 in
2980 525 3229 591 nubibus,
3258 535 3308 579 et
3335 526 3515 591 ingens
3542 525 3643 576 erit
3672 539 3861 592 pecca-

2326 620 2492 664 torum
2525 612 2674 665 llctus
2696 613 2717 664 ?
2743 613 2870 679 Quis
2900 622 3019 667 tunc
3056 625 3222 669 terror
3264 614 3622 682 apprehendet
3663 628 3757 667 eos
3781 614 3870 681 qui

2326 700 2378 752 in
2410 710 2545 753 terra
2584 702 2897 755 manebunt?
2943 702 3071 756 Nam
3122 702 3268 769 Una,
3317 704 3501 771 inquit,
3536 703 3783 770 rapietur,
3823 713 3871 753 et

2327 806 2423 841 una
2460 791 2759 859 relinquetur
2785 807 2803 844 :
2827 808 2953 844 unus
2990 803 3284 857 assumetur,
3327 803 3372 846 et
3398 808 3527 844 unus
3567 792 3874 859 relinquetur

2327 879 2535 945 (Matth.
2577 879 2664 932 24.
2690 880 2797 947 40).
2825 880 2938 945 Quo
2966 889 3118 933 erunt
3144 881 3217 933 illi
3248 881 3441 941 animo,
3485 879 3694 947 quando
3720 878 3871 931 vide-

2327 969 2452 1019 bunt
2481 968 2597 1020 illos
2640 983 2826 1035 magno
2862 983 2978 1021 cum
3020 968 3216 1022 honore
3244 967 3458 1031 assumi,
3491 982 3549 1022 se
3586 982 3717 1021 vero
3751 982 3870 1020 cum

2327 1054 2485 1106 multa
2511 1055 2826 1121 turpitudine
2850 1055 3106 1123 relinqui?
3131 1055 3240 1108 Non
3266 1063 3452 1123 potest,
3477 1069 3604 1119 non,
3634 1056 3870 1122 inquam,

2331 1151 2521 1208 potest,
2554 1142 2751 1195 credite
2780 1142 2925 1204 mihi,
2967 1143 3127 1196 verbo
3155 1144 3405 1196 declarari
3442 1142 3639 1195 doloris
3664 1143 3871 1211 magni-

2331 1230 2471 1283 tudo.
2502 1230 2714 1284 Vidistis
2744 1246 2882 1298 saepe
2910 1247 2999 1285 eos
3029 1233 3114 1300 qui
3145 1233 3209 1285 ad
3247 1243 3469 1285 mortem
3499 1231 3874 1285 adducuntur?

2329 1318 2443 1383 Quo
2465 1319 2582 1371 illos
2605 1319 2779 1373 animo
2807 1321 2997 1388 putatis
3018 1335 3132 1373 esse
3159 1320 3278 1372 dum
3302 1320 3363 1372 ad
3388 1321 3577 1373 ostium
3608 1321 3874 1388 pergunt?

2329 1408 2459 1475 Quid
2488 1425 2587 1462 non
2617 1424 2789 1477 agere,
2833 1410 2953 1477 quid
2996 1426 3095 1463 non
3125 1411 3225 1478 pati
3256 1419 3514 1478 Optarent,
3560 1420 3617 1462 ut
3658 1427 3689 1464 a
3731 1421 3873 1464 tanta

2330 1498 2551 1566 caligine
2585 1500 2942 1567 eriperentur?
2981 1500 3161 1552 Audivi
3198 1514 3293 1568 ego
3333 1500 3523 1553 multos
3548 1515 3730 1553 eorum
3761 1501 3873 1567 qui,

2332 1598 2602 1655 postquam
2648 1587 2852 1640 abducti
2902 1587 3124 1649 fuerant,
3169 1587 3542 1655 lmperatorum
3592 1589 3872 1641 clementia

2333 1678 2580 1741 revocati,
2613 1678 2847 1731 dicerent
2885 1693 2940 1732 se
2979 1680 3151 1731 animo
3190 1680 3255 1730 ita
3286 1678 3609 1746 perturbato,
3643 1678 3713 1730 ita
3755 1692 3879 1744 per-

2333 1767 2478 1819 culso
2518 1766 2695 1833 fuisse,
2724 1775 2779 1820 ut
2819 1782 2987 1833 neque
3026 1768 3264 1820 homines
3288 1768 3431 1834 quasi
3463 1767 3701 1821 homines
3731 1763 3879 1820 vide-

2336 1865 2473 1910 rent.
2520 1856 2707 1909 Verum
2738 1856 2857 1924 quid
2885 1856 2949 1909 de
2981 1856 3216 1909 abductis
3244 1856 3464 1923 loquor?
3490 1855 3878 1910 Circumstabat

2337 1947 2610 2001 multitudo
2655 1948 2920 2000 hominum
2968 1962 3185 2015 quorum
3231 1961 3413 2015 magna
3455 1960 3577 2015 pars
3622 1947 3882 1999 abductos

2338 2050 2440 2089 non
2466 2045 2697 2089 noverat.
2726 2036 2907 2104 Siquis
2934 2036 3252 2105 singulorum
3292 2037 3494 2088 animos
3522 2035 3869 2102 explorasset,

2340 2128 2533 2181 nullum
2562 2128 2840 2195 rcperisset
2871 2137 2971 2179 tam
3015 2128 3313 2189 immanem,
3346 2135 3449 2178 tam
3479 2126 3727 2189 ferocem,
3772 2134 3880 2178 tam

2340 2225 2601 2268 strenuum
2615 2216 2697 2283 qui
2721 2231 2821 2283 prce
2838 2224 3035 2269 terrore
3050 2225 3101 2268 et
3117 2230 3326 2283 angore,
3344 2230 3444 2268 non
3463 2215 3689 2267 demisso
3704 2215 3884 2267 animo

2340 2314 2495 2356 esset.
2518 2303 2667 2369 Quod
2701 2304 2743 2356 si
2764 2303 2885 2355 dum
2909 2304 3017 2367 alii,
3042 2302 3165 2370 ipsis
3185 2303 3322 2355 nullo
3340 2302 3739 2356 necessitudinis
3767 2302 3885 2354 viu-

2341 2392 2461 2445 culo
2509 2393 2693 2458 juncti,
2755 2400 2922 2444 morte
2975 2392 3329 2455 mulctantur,
3383 2392 3451 2443 ita
3499 2390 3669 2444 affecti
3724 2401 3882 2453 sunt;

2341 2480 2546 2548 quando
2568 2494 2663 2532 nos
2684 2481 2730 2532 in
2754 2480 2984 2546 graviora
3012 2479 3315 2542 incidemus,
3342 2494 3445 2547 quo
3467 2478 3662 2531 erimus
3682 2480 3882 2539 animo,

2344 2584 2371 2620 a
2398 2568 2585 2637 gaudio
2608 2569 2696 2620 illo
2723 2568 2968 2621 ineffabili
2990 2568 3161 2635 ejecd,
3190 2575 3243 2620 et
3264 2568 3314 2620 in
3336 2568 3710 2635 sempiternum
3739 2567 3885 2620 missi

2346 2656 2687 2722 supplicium?
2716 2656 2919 2707 Etenim
2967 2655 3169 2708 etiamsi
3199 2655 3338 2707 nulla
3378 2663 3518 2709 esset
3555 2660 3820 2723 gelienna,
3853 2669 3883 2705 a

2348 2753 2492 2797 tanto
2525 2744 2802 2811 splendore
2829 2743 2966 2811 ejici,
2999 2752 3047 2796 et
3076 2744 3186 2796 sine
3217 2743 3413 2796 honore
3438 2743 3887 2810 recedere,quan-

2350 2842 2455 2884 tum
2485 2839 2623 2884 esset
2644 2832 2980 2899 supplicium!
3010 2831 3135 2883 Nam
3160 2833 3200 2884 si
3231 2831 3485 2899 hodieque
3512 2832 3888 2899 Imperatorem

2350 2921 2728 2991 ingredientem
2758 2921 2903 2973 multi
2930 2930 3221 2983 cernentes,
3249 2936 3502 2988 suamque
3529 2929 3892 2988 paupertatem

2348 3010 2758 3075 considerantes,
2792 3025 2894 3063 non
2937 3018 3128 3062 tantam
3162 3011 3448 3078 percipiunt
3471 3024 3533 3063 ex
3564 3008 3663 3062 hoc
3687 3019 3893 3077 specta-

2349 3099 2467 3153 culo
2512 3099 2849 3167 voluptatem,
2893 3110 3141 3166 quantum
3181 3112 3458 3151 mcerorem
3510 3114 3571 3151 ex
3619 3112 3705 3162 eo,
3754 3097 3892 3166 quod

2352 3187 2542 3239 nullius
2576 3186 2759 3239 horum
2799 3186 2903 3239 sint
2941 3196 3213 3240 consortes
3242 3187 3521 3250 bonorum,
3551 3201 3722 3252 neque
3758 3187 3895 3238 inter

2353 3276 2569 3327 clientes
2617 3275 2917 3342 imperantis
2946 3284 3410 3337 connutnerentur,
3438 3274 3558 3340 quid
3600 3283 3725 3327 tunc
3754 3275 3897 3326 erit?

2354 3363 2483 3416 Num
2516 3378 2727 3430 parvum
2771 3378 2889 3417 esse
2921 3365 3113 3430 putatis
3148 3364 3458 3431 supplicium
3499 3363 3548 3415 in
3587 3363 3753 3415 choro
3805 3365 3899 3415 illo

2357 3468 2459 3505 non
2489 3454 2791 3506 acccnseri?
2822 3454 3060 3507 ineffabili
3090 3454 3251 3522 gloria
3294 3468 3393 3507 non
3424 3452 3669 3521 dignari?
3716 3453 3783 3505 ab
3810 3454 3900 3504 illo

2358 3554 2494 3595 coetu
2534 3552 2585 3596 et
2612 3542 3043 3595 iuenarrabilibus
3073 3542 3221 3595 bonis
3260 3541 3437 3611 procul
3458 3542 3650 3608 abjici?
3673 3542 3744 3595 At
3780 3556 3899 3593 cum

2358 3643 2547 3700 prmter
2577 3634 2686 3686 haec
2710 3642 2862 3686 erunt
2894 3632 3143 3697 tenebric,
3188 3633 3378 3685 stridor
3407 3631 3662 3697 dentium,
3693 3632 3899 3684 vincula

2360 3724 2675 3787 insolubilia,
2708 3723 2900 3776 vermis
2939 3723 3025 3791 qui
3070 3738 3174 3775 non
3220 3722 3460 3788 moritur,
3512 3722 3643 3790 ignis
3673 3723 3763 3790 qui
3797 3737 3901 3775 non

2361 3814 2725 3878 exstinguitur,
2770 3813 2926 3864 animi
2979 3826 3190 3877 mceror,
3232 3813 3467 3879 angustia
3502 3852 3517 3876 ,
3573 3812 3764 3879 lingua:
3808 3812 3904 3864 ad-

2362 3910 2581 3967 ustzn,ut
2604 3902 2685 3953 illa
2714 3900 2904 3964 divitis,
2929 3916 3043 3953 cum
3072 3901 3406 3968 plorabimus,
3429 3909 3481 3953 et
3502 3915 3657 3953 nemo
3685 3902 3787 3954 erit
3816 3901 3903 3967 qui

2363 3990 2555 4052 audiat,
2587 4004 2702 4043 cum
2749 3990 3155 4058 ingemisccmus
3197 4000 3249 4043 et
3289 3988 3570 4044 fremcmus
3610 4005 3674 4043 ex
3704 3990 3906 4042 dolori-

2366 4079 2478 4141 bus,
2504 4088 2557 4132 et
2582 4094 2735 4133 nemo
2755 4077 3007 4143 attendet,
3033 4079 3259 4148 undique
3286 4078 3646 4145 reapiciemns,
3674 4085 3728 4129 et
3754 4090 3907 4130 nemo

2364 4166 2530 4220 aderit
2555 4168 2642 4234 qui
2674 4167 2975 4220 consoletur
3005 4182 3017 4219 :
3051 4182 3154 4235 quo
3184 4168 3236 4219 in
3266 4167 3451 4219 ordine
3478 4165 3769 4218 locabimus
3793 4180 3907 4228 eos,

2364 4256 2451 4322 qui
2483 4256 2534 4307 in
2576 4254 2871 4321 Imjusmodi
2909 4264 3046 4307 statu
3093 4253 3403 4307 versantur?
3449 4252 3572 4320 quid
3604 4251 3909 4321 hujusmodi

2365 4344 2637 4396 animabus
2658 4343 3041 4396 miserabilius?

2435 4434 2486 4487 5.
2527 4434 2579 4486 Si
2620 4447 2771 4499 porro
2806 4434 2858 4485 in
2899 4446 3134 4485 carceres
3184 4432 3436 4500 ingressi,
3468 4431 3590 4484 dum
3641 4426 3910 4499 squalidos

2367 4523 2482 4575 illos
2522 4521 2753 4573 videmus
2775 4559 2788 4584 ,
2816 4520 2903 4587 qui
2949 4519 3145 4572 catenis
3194 4518 3374 4573 ferreis
3402 4518 3559 4571 vincti
3589 4528 3743 4580 sunt,
3780 4520 3909 4572 alios

2367 4624 2490 4663 vero
2515 4610 2564 4661 in
2595 4608 2822 4662 tenebris
2848 4606 3152 4669 conclusos,
3184 4606 3485 4674 frangimur,
3517 4605 3875 4659 horrescimus
3894 4646 3907 4669 ,

2368 4697 2598 4765 nihilque
2621 4712 2725 4749 non
2756 4695 2955 4763 agimus
2983 4709 3046 4747 ne
3086 4695 3137 4747 in
3164 4704 3356 4746 tantam
3387 4694 3736 4747 calamitatem
3781 4695 3909 4745 inci-

2368 4784 2580 4838 damus:
2605 4799 2721 4836 cum
2751 4782 3069 4836 abducemur
3090 4783 3241 4834 vincti
3271 4782 3319 4834 in
3344 4782 3599 4848 gehennzc
3627 4790 3909 4844 tormenta,

2369 4888 2471 4941 quo
2514 4873 2710 4927 erimus
2763 4871 2979 4923 animo?
3007 4870 3129 4938 quid
3184 4869 3463 4922 faciemus?
3507 4868 3621 4923 Non
3668 4871 3810 4924 enim
3850 4884 3909 4921 ex

2370 4962 2511 5015 ferro
2549 4976 2671 5015 cusa
2712 4968 2833 5012 sunt
2878 4959 2960 5011 illa
2988 4960 3213 5021 vincula,
3236 4959 3326 5011 sed
3356 4974 3419 5014 ex
3453 4959 3589 5027 igne,
3614 4958 3703 5026 qui
3752 4973 3906 5010 num-

2369 5066 2521 5118 quam
2547 5048 2923 5115 exstinguitur,
2963 5062 3058 5099 nec
3096 5048 3318 5115 aequales
3359 5048 3508 5099 nobis
3532 5058 3654 5100 sunt
3682 5048 3793 5110 illi,
3823 5045 3906 5113 qui

2371 5138 2518 5192 nobis
2536 5134 3070 5203 praeﬁciuntur,quos
3099 5150 3236 5201 saepe
3269 5134 3569 5188 demulcere
3604 5136 3779 5199 liceat,
3818 5132 3907 5186 sed

2370 5227 2539 5294 angeli
2572 5222 2829 5277 terribiles
2857 5231 2910 5276 et
2954 5222 3387 5276 immisericordes
3410 5264 3425 5289 ,
3466 5237 3597 5291 quos
3636 5238 3703 5276 ne
3746 5223 3910 5290 respi-

2370 5330 2488 5369 cere
2531 5314 2735 5382 quidem
2784 5311 3058 5377 possimus.
3098 5312 3287 5380 quique
3333 5312 3401 5366 ob
3443 5311 3813 5365 contumeliam
3859 5312 3906 5363 in

2372 5405 2646 5458 Dominum
2677 5400 3315 5467 irrogatam,vehementer
3332 5402 3567 5454 smviunt.
3598 5400 3709 5453 Non
3736 5400 3907 5454 videre

2370 5504 2471 5555 est,
2502 5506 2557 5545 ut
2596 5492 2697 5551 hic,
2725 5490 2852 5541 alios
2880 5499 3112 5557 argento,
3154 5490 3282 5542 alios
3308 5490 3443 5550 cibo,
3474 5489 3605 5541 alios
3650 5489 3866 5541 suadela
3887 5527 3903 5551 ,

2375 5588 2468 5639 sibi
2501 5581 2904 5636 consolationem
2953 5595 3134 5647 parare
3155 5619 3170 5645 ,
3201 5579 3291 5634 sed
3339 5579 3511 5632 omnia
3549 5581 3616 5633 ibi
3645 5580 3797 5633 venia
3822 5593 3905 5633 ca-
