4140 6314
269 390 378 445 283

273 492 497 562 πατέρες
531 495 733 557 παισὶν,
771 494 891 546 οὔτε
919 495 1218 551 διδάσκαλοι
1246 495 1529 565 μαθηταῖς,
1561 495 1682 548 οὔτε
1707 495 1899 564 ἄρχον-

268 593 354 640 τις
376 579 714 648 ἀρχομένοις,
737 579 868 633 ἀλλά
887 582 1067 650 πικροὶ
1081 581 1186 634 τῶν
1200 582 1605 652 τετολμημένων
1624 581 1902 644 ἐξετασταὶ

266 662 360 715 καὶ
382 665 611 732 τιμωροὶ
639 666 910 734 γινόμεθα,
946 667 1037 719 καὶ
1060 667 1377 738 δικαστήρια
1399 667 1897 736 καταλαμϐάνομεν,

266 748 361 801 καὶ
406 749 638 816 πληγαῖς
681 752 1065 822 ὑποϐάλλομεν,
1101 753 1190 805 καὶ
1231 754 1571 823 ἐπιτιμήσεσι
1624 753 1896 822 χρώμεθα,

265 833 360 885 καὶ
395 834 574 886 πάντα
609 835 946 906 πράττομεν,
983 838 1126 900 ὅπως
1151 837 1540 906 ἀπαλλάξωμεν
1577 839 1768 899 αὐτοὺς
1792 838 1899 890 τῶν

266 918 468 972 κακῶν.
495 921 619 983 Τοῖς
650 921 706 973 δὲ
743 923 897 974 παισὶ
941 925 1051 983 τοῖς
1081 925 1364 994 ἡμετέροις
1407 926 1500 976 καὶ
1527 924 1898 992 παιδαγωγοὺς

264 1004 594 1074 ἐφιστῶμεν,
625 1007 718 1058 καὶ
748 1010 825 1069 είς
855 1008 1197 1070 διδασκάλους
1226 1010 1530 1079 πέμπομεν,
1558 1011 1649 1062 καὶ
1677 1010 1900 1073 ἀπειλάς

263 1090 645 1159 προστίθεμεν,
672 1093 765 1144 καὶ
787 1092 1052 1162 μάστιγας
1070 1094 1394 1164 ἐπιτίθεμεν,
1433 1096 1522 1148 καὶ
1549 1096 1714 1148 πολλά
1740 1097 1898 1166 ἕτερα

262 1174 588 1243 βοηθήματα
627 1179 986 1246 προσάγομεν,
1025 1179 1110 1232 ἵνα
1152 1180 1304 1233 καλοὶ
1354 1181 1632 1250 γένωνται.
1686 1183 1780 1244 Τίς
1807 1180 1898 1236 οῦν

261 1259 421 1328 χρεία
457 1259 631 1312 πόνων
667 1262 760 1313 καὶ
789 1262 1018 1331 ίδρώτων
1057 1264 1191 1335 πρὸς
1233 1265 1292 1318 τὸ
1327 1267 1619 1336 κατορθοῦν
1659 1269 1895 1338 ἀρετήνς

261 1343 328 1394 El
361 1343 472 1409 γὰρ
503 1344 758 1414 εἵμαρται
803 1362 906 1399 τινι
950 1348 1197 1414 γενέσθαι
1244 1350 1422 1412 καλὸν,
1454 1351 1546 1403 καὶ
1573 1351 1842 1404 καθεύδων
1869 1355 1899 1406 δ

259 1427 504 1489 τοιοῦτος
531 1429 622 1480 καὶ
653 1430 860 1499 ρέγχων
889 1430 1038 1486 ἔσται
1063 1433 1243 1496 καλόςο
1279 1436 1473 1504 μᾶλλον
1503 1435 1558 1488 δὲ
1586 1437 1706 1488 οὐδὲ
1736 1436 1896 1489 καλὸν

259 1511 353 1563 τον
383 1512 621 1565 τοιοῦτον
671 1512 813 1566 ἐστιν
854 1516 1054 1578 είπεῖν,
1098 1518 1188 1569 τὸν
1216 1519 1272 1583 ἐξ
1301 1520 1542 1588 ἀνάγκης
1570 1521 1726 1574 τοῦτο
1752 1523 1896 1588 γινό-

265 1612 447 1664 μενον.
484 1598 580 1660 Τίς
603 1598 757 1668 χρεία
801 1600 974 1653 πόνων
1011 1602 1103 1653 καὶ
1129 1602 1361 1672 ἱδρώτων
1402 1605 1538 1673 πρὸς
1577 1604 1636 1658 τὸ
1678 1607 1896 1674 φεύγειν

260 1679 488 1747 κακίανς
520 1684 582 1735 El
601 1685 705 1751 γάρ
719 1685 969 1755 εἴμαρταί
991 1703 1094 1739 τινι
1112 1690 1356 1755 γενέσθαι
1388 1692 1571 1755 κακὸν,
1605 1692 1706 1745 κᾶν
1733 1691 1897 1761 μυρία

258 1767 611 1835 ταλαιπωρῇ,
662 1770 824 1832 κακὸς
875 1770 1024 1824 ἐσται
1050 1788 1063 1802 ·
1121 1772 1316 1842 μᾶλλον
1351 1775 1407 1826 δὲ
1452 1776 1569 1829 οὐδὲ
1601 1775 1765 1830 κακὸν
1805 1777 1896 1830 τὸν

261 1851 501 1903 τοιοῦτον
546 1851 691 1906 ἐστιν
744 1856 946 1918 εἰπεῖν,
997 1858 1088 1910 τὸν
1141 1858 1229 1910 ὑπ’
1277 1860 1516 1931 ἀνάγκης
1563 1862 1695 1933 πρὸς
1741 1862 1894 1915 τοῦτο

259 1937 587 2021 ὠθούμενον.
625 1940 832 2012 Ὠσπερ
863 1942 971 2012 γὰρ
1012 1948 1101 1996 τὸν
1129 1945 1493 2015 δαιμονῶντα,
1525 1949 1625 2003 κᾶν
1663 1950 1892 2021 λοιδορῇ,

261 2019 362 2072 κᾶν
381 2021 561 2092 τύπτῃ
580 2023 760 2092 (πάλιν
789 2028 894 2096 γὰρ
915 2027 990 2097 τῷ
1005 2029 1149 2100 αὐτῷ
1169 2032 1437 2102 κέχρημαι
1458 2019 1892 2105 παραδείγματι).

259 2107 321 2160 ού
354 2110 728 2178 προσεροῦμεν
758 2113 1031 2184 ὑϐριστήν·
1061 2117 1118 2168 οὐ
1149 2118 1255 2188 γάρ
1284 2120 1427 2190 αὐτῷ
1457 2121 1774 2189 λογιζόμεθα
1799 2125 1894 2192 τὴν

259 2194 547 2265 λοιδορίαν.
587 2196 718 2248 ἀλλά
746 2202 811 2267 τῇ
840 2200 1048 2270 ἀνάγκῃ
1085 2202 1176 2254 τοῦ
1218 2203 1480 2274 δαίμονος·
1512 2205 1651 2259 οὕτω
1686 2208 1893 2261 καὶτὸν

259 2280 449 2342 κακὸν,
483 2283 531 2332 εί
563 2281 664 2333 ύπδ
693 2283 790 2350 τῆς
821 2285 1153 2356 εἱμαρμένης
1186 2288 1402 2342 ὠθεῖται
1442 2292 1575 2360 πρὸς
1603 2292 1776 2355 τοῦτο,
1819 2293 1893 2364 μὴ

258 2364 514 2434 καλῶμεν
549 2365 707 2418 αὑτὸν
755 2369 950 2430 κακὸν,
982 2370 1164 2441 ὥσπερ
1210 2375 1329 2427 ούδέ
1370 2375 1458 2427 τὸν
1506 2377 1663 2428 καλὸν
1712 2377 1890 2431 καλόν.

260 2448 370 2499 Καὶ
393 2450 500 2518 γὰρ
538 2451 586 2501 εί
609 2451 764 2502 τοῦτο
789 2451 961 2522 δοθείη
986 2494 999 2516 ,
1056 2457 1229 2509 πάντα
1262 2460 1652 2528 συγχυθήσεται
1686 2462 1752 2513 τὰ
1776 2461 1893 2514 καθ’

268 2534 430 2600 ἡμᾶς,
462 2536 556 2586 καὶ
589 2534 710 2587 οὔτε
740 2538 902 2606 ἀρετὴ
933 2539 1080 2592 ἔσται
1123 2558 1202 2606 τι,
1233 2542 1354 2596 οὔτε
1396 2547 1577 2606 κακία,
1602 2547 1659 2597 οὺ
1691 2548 1888 2615 τέχναι,

260 2617 319 2668 ού
348 2618 524 2686 νόμοι,
559 2619 658 2671 οὐκ
685 2621 809 2672 ἀλλο
852 2623 956 2674 τῶν
983 2625 1228 2678 τοιούτων
1260 2629 1425 2683 ούδέν.
1464 2631 1616 2690 Τίνος
1640 2631 1692 2682 δὲ
1717 2633 1892 2683 ἕνεκεν

261 2702 498 2772 σπουδὴν
531 2704 726 2774 πολλὴν
752 2708 1042 2776 ποιούμεθα
1079 2710 1369 2775 νοσοῦντες,
1399 2715 1490 2765 καὶ
1519 2717 1764 2785 χρήματα
1805 2717 1893 2768 δα-

258 2788 543 2856 πανῶμεν,
577 2791 669 2841 καὶ
715 2792 925 2861 ἰατροὺς
963 2795 1247 2866 καλοῦμεν,
1297 2800 1387 2851 καὶ
1427 2808 1685 2869 φάρμακα
1725 2802 1892 2853 ἐπιτίο

258 2872 445 2941 θεμεν,
467 2874 562 2926 καὶ
579 2877 806 2946 γαστρὸς
826 2880 1135 2949 κατέχομεν,
1153 2884 1245 2935 καὶ
1266 2885 1551 2953 ἐπιθυμίαν
1568 2886 1858 2955 κολάζομεν
1874 2905 1888 2952 ;

259 2958 324 3011 Εἰ
349 2958 458 3028 γὰρ
486 2960 584 3028 τῆς
621 2962 954 3032 εἱμαρμένης
981 2967 1203 3036 ἢρτηται
1237 2971 1329 3020 καὶ
1376 2971 1551 3036 ὑγίεια
1581 2973 1670 3024 καὶ
1710 2974 1888 3036 νόσος,

257 3044 490 3112 περιττά
543 3043 650 3097 τῶν
695 3047 985 3116 χρημάτων
1027 3051 1094 3102 τά
1138 3052 1492 3122 ἀναλώματα,
1534 3057 1756 3126 περιττὴ
1785 3059 1892 3109 τῶν

260 3128 460 3196 ἰατρῶν
495 3131 527 3198 ἠ
568 3130 796 3194 εἴσοδος,
839 3136 1058 3201 περιττὴ
1089 3137 1184 3206 τῆς
1215 3137 1321 3188 τῶν
1361 3141 1650 3192 νοσούντων
1689 3142 1890 3212 διαίτης

257 3214 292 3272 ἡ
327 3213 600 3282 ἀκρίϐεια.
632 3214 742 3267 Νῦν
763 3215 818 3268 δὲ
852 3219 986 3285 μετά
1024 3219 1126 3272 τῶν
1155 3220 1324 3273 ἀλλων
1354 3224 1445 3275 καὶ
1480 3227 1541 3276 ἐκ
1567 3225 1767 3277 τούτων
1798 3227 1891 3296 δη·-

255 3298 477 3384 λοῦμεν.
509 3299 591 3352 δτι
623 3301 771 3354 οὐδὲν
817 3302 991 3356 αὐτῶν
1029 3307 1273 3375 περιττόν
1322 3311 1486 3364 ἐστιν.
1525 3310 1659 3364 Ἀλλ’
1691 3316 1889 3384 οἴχεται

141 3431 151 3439 ,
259 3383 359 3451 μὲν
397 3383 548 3452 δτῆς
596 3387 925 3469 είμαρμένης
965 3389 1147 3458 μῦθοςο
1185 3392 1404 3463 οὐδεμιᾷ
1440 3394 1546 3465 γὰρ
1583 3397 1790 3469 ἀνάγκη
1824 3405 1890 3456 τὰ

254 3469 380 3558 καθ’
414 3471 564 3539 ἡμᾶς
591 3465 886 3524 ὑπόκειται·
927 3476 1099 3528 πάντα
1131 3476 1205 3541 δὲ,
1235 3477 1414 3541 καθὼς
1440 3479 1593 3551 ἔφην,
1617 3465 1891 3558 ἐλευθερίᾳ.

254 3555 546 3624 τετίμηται
574 3558 961 3627 προαιρέσεως.

323 3700 385 3751 δ’.
410 3699 574 3752 Ταῦτ’
602 3697 693 3754 οὖν
709 3703 922 3766 εἰδότες,
949 3706 1236 3773 ἀγαπητοὶ,
1258 3709 1350 3760 καὶ
1375 3709 1439 3761 τά
1455 3711 1653 3763 τούτων
1673 3714 1891 3766 πλείονα

257 3778 452 3847 (πολλά
499 3782 608 3850 γὰρ
652 3783 762 3834 ἐστι
800 3785 891 3835 καὶ
932 3785 1062 3838 ἄλλα
1098 3789 1222 3856 περὶ
1261 3789 1462 3842 τούτων
1508 3793 1713 3855 εἰπεῖν,
1758 3794 1890 3847 ἀλλά

253 3868 367 3928 τοῖς
429 3866 806 3936 συνετωτέροις
856 3869 1014 3939 ἀρκεῖ
1065 3872 1290 3942 ταῦτα),
1340 3876 1593 3946 φύγωμεν
1655 3880 1887 3943 κακίαν,

254 3949 508 4019 ἑλώμεθα
552 3951 780 4021 ἀρετὴν,
817 3953 900 4006 ῖνα
947 3954 1202 4026 δείξωμεν
1251 3959 1335 4011 διά
1379 3961 1484 4013 τῶν
1521 3965 1887 4033 πραγμάτων,

253 4038 336 4088 ὅτι
368 4035 711 4098 αὐτεξούσιον
735 4037 928 4106 ἔχομεν
952 4042 1084 4110 πρὸς
1114 4043 1182 4094 τὰ
1223 4043 1475 4098 δοκοῦντα
1514 4049 1611 4116 τὴν
1647 4049 1886 4120 γνώμην,

255 4120 340 4173 ἵνα
385 4122 463 4190 μὴ
511 4121 984 4191 καταισχυνθῶμεν
1030 4126 1086 4178 ἐν
1120 4130 1185 4196 τῇ
1223 4129 1402 4198 ἡμέρα
1440 4133 1536 4198 τῆς
1575 4133 1679 4184 τῶν
1715 4133 1888 4202 ἔργων

251 4205 666 4272 ἀποκαλύψεως.
705 4206 847 4270 Τοὺς
882 4209 989 4276 γὰρ
1033 4222 1254 4274 πάντας
1298 4211 1453 4280 ἡμᾶς
1488 4217 1889 4285 φανερωθῆναι

251 4289 348 4342 δεῖ
367 4289 710 4356 ἔμπροσθεν
737 4291 838 4342 τοῦ
859 4290 1126 4359 βήματος
1150 4294 1253 4346 τοῦ
1285 4297 1552 4361 Χριστοῦ,
1578 4298 1756 4359 καθώς
1790 4317 1890 4367 φη-

255 4391 338 4427 σιν
369 4378 398 4428 ὁ
441 4374 671 4438 Παῦλος,
718 4377 817 4427 ἵνα
851 4378 1160 4444 κομίσηται
1199 4379 1449 4444 ἕκαστος
1484 4384 1629 4447 πρὸς
1674 4383 1711 4436 ἂ
1742 4383 1884 4455 [292]

252 4463 541 4530 ἔπραξεν,
593 4464 712 4516 alte
736 4465 976 4532 ἀγαθὸν,
1009 4468 1128 4520 εἴτε
1167 4472 1370 4522 κακόν.
1402 4471 1681 4540 Δάϐωμεν,
1712 4491 1886 4543 παραο

251 4550 427 4607 καλῶ.
469 4549 610 4602 κατά
651 4549 771 4602 νοῦν
800 4545 971 4602 ἐκεῖνο
1011 4552 1071 4603 τὸ
1108 4553 1481 4623 δικαστήριον,
1525 4560 1616 4610 καὶ
1663 4561 1888 4627 νομίσως

253 4648 354 4694 μεν
385 4632 518 4682 αὐτὸ
549 4635 792 4699 παρεῖναι
818 4632 910 4685 νῦν
930 4672 946 4695 ,
972 4633 1063 4684 καὶ
1093 4634 1182 4686 τὸν
1212 4637 1398 4704 κριτὴν
1426 4638 1737 4699 καθέζεσθαι
1761 4679 1774 4704 ,
1799 4644 1889 4694 καὶ

249 4715 324 4767 τὰ
362 4716 543 4768 πάντα
573 4717 1049 4780 ἀνακαλύπτεσθαι,
1092 4720 1182 4770 καὶ
1217 4722 1296 4780 είς
1340 4721 1498 4788 μέσον
1538 4723 1778 4788 ἄγεσθαι.
1815 4729 1888 4780 υύ

249 4801 363 4869 γὰρ
388 4800 574 4861 ἁπλῶς
597 4803 929 4870 παραστῆναι
947 4803 1043 4867 δεῖ,
1067 4804 1199 4856 ἀλλά
1221 4806 1311 4856 καὶ
1335 4807 1704 4876 φανερωθῆναι
1727 4813 1887 4880 ἡμᾶς.

251 4882 402 4956 *Δρα
429 4887 528 4937 οὐκ
555 4886 936 4956 ἡρυθριάσατε;
973 4885 1078 4958 ἀρα
1107 4891 1206 4942 οὐκ
1236 4890 1515 4959 ἐφρίξατε;
1555 4889 1659 4960 ἀρα
1683 4897 1776 4964 οὑχ
1804 4900 1888 4949 αί-

251 4970 496 5041 ρούμεθα
537 4971 788 5034 πολλάκις
828 4974 1142 5038 ἀποθανεῖν,
1195 4975 1226 5043 ἢ
1267 4976 1355 5027 ἐπὶ
1402 4978 1566 5042 φίλων
1609 4980 1888 5050 αἰδεσίμων

247 5059 500 5123 πταῖσμα
523 5055 757 5124 κρυπτὸν
785 5057 815 5123 ἡ
825 5057 936 5123 μῶν
963 5059 1360 5128 φανερωθῆναι;
1387 5061 1506 5123 Πῶς
1527 5058 1616 5113 οὖν
1641 5065 1757 5115 τότε
1778 5065 1888 5116 δια-

247 5139 566 5207 κεισόμεθα,
599 5140 686 5190 ἐπὶ
718 5140 926 5191 πάντων
953 5142 1191 5208 ἀγγέλων
1226 5146 1318 5195 καί
1353 5147 1560 5198 πάντων
1595 5148 1888 5217 ἀνθρώπων

248 5225 672 5294 φανερουμένων
709 5224 812 5275 τῶν
854 5225 1129 5293 ἡμετέρων
1175 5228 1600 5298 ἁμαρτημάτων,
1651 5235 1740 5284 καὶ
1787 5237 1889 5304 πρὸ

243 5307 364 5361 τῶν
417 5307 703 5376 ὀφθαλμῶν
755 5308 906 5376 ἡμῶν
961 5309 1286 5377 ίσταμένων;
1348 5314 1601 5381 Ἐλέγξω
1642 5334 1713 5368 σε
1752 5320 1886 5386 γὰρ,

248 5394 426 5462 φησι,
493 5393 589 5445 καὶ
645 5393 1004 5460 παραστήσω
1070 5395 1217 5447 κατὰ
1263 5399 1577 5462 πρόσωπόν
1625 5417 1737 5454 σου
1788 5406 1890 5468 τὰς

247 5479 540 5545 ἀχωρτιάς
580 5494 715 5530 σου.
759 5478 819 5528 El
856 5478 910 5529 δὲ
942 5477 1102 5545 μήπω
1123 5477 1214 5529 τοῦ
1247 5482 1559 5549 πράγματος
1603 5486 1886 5552 παρόντος,

249 5565 389 5616 ἀλλά
438 5564 554 5614 καθ’
591 5563 838 5615 ὑπόθεσιν
877 5563 1141 5623 δοθέντος,
1187 5565 1276 5615 καὶ
1313 5566 1449 5634 λόγῳ
1490 5569 1887 5638 διαγραφέντος,

251 5649 602 5719 ἀπολλύμεθα
648 5649 753 5701 ὑπὸ
798 5650 887 5700 τοῦ
947 5648 1268 5711 συνειδότος,
1321 5652 1370 5700 τί
1417 5656 1705 5722 ποιήσομεν
1762 5657 1884 5709 ὅταν

1483 381 1566 437 DE
1607 377 1962 434 PERFECTA
2000 379 2360 435 CARITATE.

3523 399 3633 455 284

2002 494 2394 564 παραγένηται,
2457 495 2580 547 ὅταν
2635 496 2666 562 ἡ
2729 494 3012 563 οἰκουμένη
3070 497 3216 547 πᾶσα
3279 499 3452 566 παρῇ,
3508 505 3634 550 οταν

1997 580 2211 647 ἄγγελοι
2267 582 2359 632 καὶ
2422 581 2769 650 ἀρχάγγελοι,
2827 582 2952 634 ὃταν
3006 581 3164 650 ἀρχαὶ
3218 583 3308 634 καὶ
3366 581 3630 645 ἐξουσίαι,

1995 665 2119 718 ὅταν
2159 665 2447 733 σάλπιγγες
2485 667 2683 734 ἠχῶσιν
2711 669 2765 718 αἱ
2803 670 3032 735 συνεχεῖς
3075 668 3166 719 καὶ
3204 667 3505 736 ἐπάλληλοι,
3540 676 3633 720 καὶ

1997 751 2213 820 ἁρπαγὴ
2245 750 2350 802 τῶν
2373 751 2588 802 δικαίων
2619 753 2708 802 ἐπὶ
2737 752 2988 818 νεφελῶν,
3015 752 3105 804 καὶ
3136 751 3296 813 πολὺς
3318 752 3420 802 τῶν
3454 754 3630 820 ἡμαρ-

1993 838 2231 904 τηκότων
2253 838 2281 888 ὁ
2307 835 2604 906 κλαυθμός;
2632 838 2783 898 Ποῖος
2807 838 2911 904 ἄρα
2939 837 3096 903 φόϐος
3124 837 3231 900 ἕξει
3255 837 3370 888 τότε
3394 837 3516 896 τοὺς
3540 837 3630 888 ἐπὶ

1995 922 2092 990 τῆς
2124 923 2223 990 γῆς
2254 922 2644 990 ἀπομένοντας;
2675 923 2791 974 Μία
2813 925 2939 991 γὰρ,
2966 924 3144 991 φησὶν,
3178 919 3504 988 ἁρπάζεται,
3533 920 3628 974 και

1989 1008 2095 1074 μία
2120 1007 2347 1074 ἀφίεται
2371 1023 2384 1036 ·
2414 1006 2510 1058 καὶ
2538 1001 2624 1070 εἷς
2653 1009 3190 1076 παραλαμϐάνεται,
3218 1008 3312 1059 καὶ
3339 1004 3424 1072 εἷς
3452 1025 3628 1061 κατα-

1993 1090 2360 1158 λιμπάνεται.
2390 1093 2484 1154 Τίς
2517 1092 2664 1144 ἔσται
2697 1094 2728 1161 ή
2756 1092 2898 1162 ψυχὴ
2927 1093 3166 1155 ἐκείνων,
3209 1094 3334 1145 ὅταν
3376 1094 3499 1155 τοὺς
3531 1095 3628 1162 μὲν

1992 1176 2185 1245 δρῶσιν
2227 1177 2597 1246 ἀπαγομένους
2644 1178 2778 1245 μετά
2815 1181 2974 1246 τιμῆς
3016 1177 3268 1246 μεγάλης,
3315 1179 3533 1239 ἑαυτοὺς
3571 1178 3627 1230 δέ

1993 1261 2312 1330 ἀφιεμένους
2337 1262 2472 1330 μετὰ
2494 1263 2688 1331 πολλῆς
2714 1261 3004 1331 αἰσχύνηςς
3039 1263 3148 1314 Οὐκ
3177 1262 3338 1325 ἐστιν,
3372 1264 3469 1314 ούκ
3492 1262 3623 1324 ἐστι,

1993 1345 2331 1409 πιστεύσατε,
2352 1349 2692 1416 παραστῆσαι
2715 1345 2854 1412 λόγῳ
2870 1346 2929 1398 τὸ
2948 1346 3129 1409 πάθος.
3150 1347 3324 1399 Είδετέ
3354 1364 3477 1399 ποτε
3503 1350 3628 1408 τοὺς

1990 1431 2360 1500 ἀπαγομένους
2401 1433 2492 1483 ἐπὶ
2528 1431 2783 1494 θάνατον;
2819 1432 2981 1485 Ποίαν
3019 1432 3193 1493 αὐτοῖς
3221 1432 3459 1501 νομίζετε
3490 1428 3625 1484 εἶναι

1990 1515 2086 1582 τὴν
2114 1514 2284 1584 ψυχὴν
2314 1516 2408 1584 τὴν
2443 1516 2599 1586 μέχρι
2639 1517 2731 1584 τῆς
2771 1516 2938 1585 πύλης
2965 1516 3079 1568 ὁδὸν
3108 1516 3402 1584 βαδίζουσις
3437 1517 3500 1568 Τί
3527 1517 3626 1569 οὐκ

1991 1597 2057 1648 ἂν
2091 1598 2292 1650 εἴλοντο
2321 1600 2411 1651 καὶ
2447 1602 2668 1668 ποιῆσαι
2706 1600 2797 1650 καλ⁸
2833 1599 3040 1661 παθεῖν,
3079 1599 3214 1651 ὥστε
3257 1599 3624 1666 ἀπαλλαγῆναι

1988 1681 2088 1751 τῆς
2114 1682 2307 1750 ἀχλύος
2337 1685 2573 1752 ἐκείνης;
2603 1684 2742 1750 Ἐγὼ
2770 1685 2972 1735 πολλῶν
3003 1685 3206 1754 ιἤκουσα
3232 1684 3487 1751 λεγόντων
3518 1683 3624 1736 τῶν

1990 1768 2362 1838 φιλανθρωπίᾳ
2395 1767 2638 1838 βασιλικῇ
2681 1771 2813 1838 μετά
2842 1770 2935 1838 τὴν
2961 1771 3255 1838 ἀπαγωγὴν
3284 1771 3362 1831 είς
3391 1769 3627 1821 τούπίσω

1989 1852 2408 1921 ἀνακληθέντων,
2450 1854 2528 1905 ὅτι
2560 1854 2676 1905 οὐδὲ
2713 1854 3020 1923 ἀνθρώπους
3056 1855 3236 1923 ἑώρων
3269 1856 3390 1915 τοὺς
3420 1853 3622 1924 ἀνθρώ-

1990 1952 2150 1998 πους,
2196 1937 2623 2006 τεθορυϐημένης
2666 1939 2763 2006 τῆς
2806 1939 2981 2008 ψυχῆς
3022 1940 3112 1991 καὶ
3156 1939 3619 2008 ἐκπεπληγμένης.

1988 2023 2094 2074 Καὶ
2121 2022 2171 2074 τί
2195 2022 2334 2089 λέγω
2371 2024 2494 2092 περὶ
2534 2024 2637 2075 τῶν
2669 2025 3050 2094 άπαγομένωνς
3083 2026 3268 2094 Ὄχλο;
3300 2025 3620 2094 περιέστηκε

1987 2111 2127 2171 τότε,
2173 2110 2220 2159 οἱ
2263 2108 2474 2169 πλείους
2515 2110 2610 2160 οὐκ
2653 2110 2847 2172 εἰδότες
2887 2111 3096 2172 αὐτούς.
3147 2111 3212 2162 Εἴ
3241 2128 3322 2172 τις
3358 2112 3472 2172 ἐνὸς
3503 2110 3620 2163 τότε

1988 2193 2215 2245 ἑκάστου
2244 2194 2340 2262 τὴν
2370 2193 2543 2262 ψυχὴν
2581 2196 3021 2264 περιεσκόπησεν,
3056 2196 3224 2256 οὐδεὶς
3254 2194 3419 2257 οὕτως
3452 2195 3617 2262 ώμδς,

1985 2277 2154 2340 οὐδεὶς
2180 2293 2201 2315 ι
2234 2277 2374 2330 οὕτω
2405 2279 2624 2344 θρασὺς,
2652 2279 2818 2341 οὐδεὶς
2845 2279 2982 2332 οὕτω
3004 2283 3255 2346 γενναῖος,
3285 2281 3341 2332 ὃν
3374 2282 3432 2332 ού
3458 2297 3621 2332 κατα-

1987 2366 2328 2415 πεπτωκυῖαν
2358 2363 2521 2433 αὐτὴν
2546 2365 2732 2434 ἔχοντα
2756 2363 2901 2434 εὖροι
2930 2367 3021 2417 καὶ
3047 2366 3372 2434 παρειμένην
3403 2365 3504 2417 ὑπὸ
3525 2365 3619 2417 τοῦ

1988 2448 2147 2515 φόϐου
2183 2450 2273 2501 καὶ
2302 2449 2398 2517 τῆς
2437 2449 2687 2517 ἀθυμίας.
2730 2451 2791 2502 El
2821 2450 2877 2502 δέ
2909 2451 3105 2520 ἐτέρων
3141 2451 3535 2521 ἀναιρουμένων
3567 2454 3617 2505 οι

1989 2534 2152 2602 μηδὲν
2183 2535 2362 2595 αὐτοῖς
2390 2533 2762 2596 κοινωνοῦντες
2787 2533 2925 2585 οῦτω
2948 2534 3285 2595 διατίθενται,
3307 2536 3429 2587 ὅταν
3460 2538 3617 2605 ἡμεῖς

1985 2617 2133 2669 αὐτοὶ
2163 2621 2268 2680 τοῖς
2301 2617 2501 2686 μείζοσι
2527 2618 2919 2687 περιπέσωμεν,
2953 2618 3088 2679 τίνες
3113 2620 3218 2686 ἄρα
3246 2619 3493 2687 ἐσόμεθα,
3519 2622 3618 2690 τῆς

1989 2703 2084 2770 μὲν
2113 2703 2346 2771 ἀρρήτου
2380 2704 2547 2773 χαρᾶς
2575 2703 2782 2772 ἐκείνης
2809 2703 3265 2771 ἀποπεμπόμενοι,
3295 2705 3372 2765 είς
3398 2706 3616 2758 αἰωνίαν

1984 2787 2037 2838 δὲ
2085 2789 2346 2856 τιμωρίαν
2394 2788 2906 2858 παραπεμπόμενοι;
2941 2789 3003 2841 Et
3035 2788 3140 2858 γὰρ
3181 2789 3271 2840 καὶ
3312 2789 3497 2856 γέεννα
3542 2793 3615 2861 μὴ

1983 2867 2070 2940 ἦν,
2095 2873 2154 2924 τὸ
2179 2874 2240 2925 ἐκ
2262 2873 2520 2940 τοσαύτης
2547 2873 2916 2942 λαμπρότητος
2949 2874 3277 2942 ἀπωσθῆναι,
3309 2876 3398 2927 καὶ
3427 2876 3616 2945 ἄτιμον

1983 2957 2347 3025 ἀναχωρῆσαι,
2393 2957 2529 3025 πόση
2565 2957 2810 3021 κόλασις;
2851 2959 2956 3009 Καὶ
2991 2958 3096 3025 γὰρ
3135 2960 3180 3010 εί
3217 2959 3330 3019 νῦν,
3361 2959 3617 3028 βασιλέως

1984 3041 2724 3111 εἰσελαύνοντος,θεωροῦντες
2751 3043 2947 3102 πολλοὶ,
2974 3045 3064 3096 καὶ
3085 3045 3179 3114 τὴν
3207 3044 3406 3096 ἑαυτῶν
3432 3047 3615 3098 πενίαν

1984 3126 2299 3192 ἐννοοῦντες,
2318 3128 2375 3179 ού
2395 3127 2653 3194 τοσαύτην
2671 3128 2773 3179 ἀπὸ
2787 3128 2884 3198 τῆς
2901 3130 3022 3191 θέας
3038 3131 3390 3200 λαμϐάνουσιν
3407 3132 3613 3200 ἡδονὴν,

1984 3207 2114 3276 ὅσην
2153 3209 2259 3261 ἀπὸ
2295 3209 2385 3260 τοῦ
2424 3210 2642 3278 μηδενὸς
2676 3211 2916 3278 μετέχειν
2946 3212 3050 3264 τῶν
3095 3214 3220 3282 περὶ
3249 3213 3338 3265 τὸν
3378 3213 3613 3282 βασιλέα,

1989 3294 2120 3363 μηδὲ
2150 3295 2310 3361 ἐγγὺς
2339 3292 2470 3346 εἶναι
2502 3295 2594 3347 τοῦ
2627 3296 2965 3365 κρατοῦντος,
3005 3296 3236 3366 ἀθυμίαν
3271 3299 3614 3367 ὑπομένουσι,

1982 3379 2036 3430 τί
2061 3379 2178 3430 τότε
2207 3378 2388 3437 Eant:
2421 3381 2488 3431 "H
2525 3383 2722 3449 μικρὰν
2753 3377 2884 3434 εἶναι
2918 3382 3158 3450 νομίζετε
3196 3383 3410 3436 κόλασιν
3449 3384 3506 3436 τὸ
3541 3384 3614 3454 μὴ

1983 3463 2397 3518 κατατάττεσθαι
2430 3467 2484 3520 ἐν
2518 3465 2702 3535 ἐκείνῳ
2729 3466 2804 3533 τῷ
2830 3466 3004 3534 χορῴ;
3041 3466 3097 3517 τὸ
3136 3466 3209 3536 μὴ
3239 3466 3614 3532 καταξιοῦσθαι

1981 3549 2078 3616 τῆς
2097 3548 2400 3617 ἀπορρήτου
2417 3549 2595 3618 δόξης;
2614 3549 2671 3600 τὸ
2687 3549 2780 3617 τῆς
2799 3552 3144 3619 πανηγύρεως
3163 3552 3371 3621 ἐκείνης
3398 3555 3487 3604 καὶ
3508 3553 3613 3606 τῶν

1983 3633 2269 3699 ἀφράστων
2299 3633 2512 3698 ἀγαθῶν
2541 3634 2724 3703 πόρρω
2752 3651 2849 3686 που
2886 3637 2976 3687 καὶ
3013 3637 3222 3705 μακράν
3252 3638 3610 3708 ἀπερρῖφθαι;

1987 3717 2148 3770 Ὅταν
2175 3717 2228 3769 δὲ
2255 3719 2346 3770 καὶ
2379 3719 2561 3778 σκότος
2585 3715 2639 3791 ᾖ,
2669 3720 2758 3772 καὶ
2786 3718 3020 3790 βρυγμὸς
3047 3723 3283 3784 ὀδόντων,
3323 3725 3414 3775 καὶ
3443 3726 3612 3793 δεσμά

1984 3802 2132 3874 [295]
2165 3803 2354 3868 ἄλυτα,
2397 3806 2488 3856 καὶ
2530 3805 2736 3874 σκώληξ
2774 3807 3145 3874 ἀτελεύτητος,
3179 3809 3270 3860 καὶ
3311 3809 3416 3879 πῦρ
3456 3811 3612 3861 ἀσεε-

1985 3905 2123 3953 στον,
2154 3890 2246 3941 καὶ
2277 3889 2449 3957 θλίψις
2477 3890 2567 3942 καὶ
2600 3892 2935 3960 στενοχωρία,
2961 3894 3049 3943 καὶ
3079 3892 3310 3956 γλῶσσαι
3334 3893 3612 3962 τηγανιςόο

1986 3993 2161 4046 μεναι,
2199 3977 2441 4045 καθάπερ
2474 3979 2505 4046 ἡ
2537 3976 2628 4028 τοῦ
2659 3977 2924 4039 πλουσίου,
2961 3979 3053 4030 καὶ
3089 3977 3490 4047 όλοφυρώμεθα,
3522 3983 3610 4032 καὶ

1986 4061 2167 4128 μηδεὶς
2206 4061 2393 4131 ἀκούῃ,
2442 4063 2529 4115 καὶ
2571 4062 2852 4130 στένωμεν.
2904 4064 2996 4113 καὶ
3039 4062 3318 4132 βρύχωμεν
3365 4065 3465 4115 ὑπό
3505 4066 3611 4116 τῶν

1983 4145 2303 4211 ἀλγηδόνων,
2343 4147 2432 4197 καὶ
2467 4146 2649 4214 μηδεὶς
2678 4148 2930 4217 προσέχῃ,
2978 4155 3069 4199 καὶ
3111 4148 3388 4217 πανταχοῦ,
3409 4150 3612 4217 βλέπω-

1988 4245 2103 4296 μεν,
2131 4231 2220 4280 καὶ
2253 4231 2492 4299 μηδαμοῦ
2528 4232 2708 4300 μηδεὶς
2734 4235 2761 4283 ό
2791 4233 3259 4302 παραμυθούμενος
3343 4250 3356 4261 ·
3389 4234 3487 4285 ποῦ
3520 4236 3612 4286 τά-

1985 4312 2142 4378 ξομεν
2181 4317 2301 4376 τοὺς
2343 4317 2397 4366 ἐν
2438 4315 2638 4377 τούτοις
2663 4317 2846 4380 huc;
2881 4318 3009 4369 τίδὲ
3044 4318 3259 4369 ἐκείνων
3294 4317 3610 4386 ἀθλιώτερον

1982 4399 2086 4450 τῶν
2111 4399 2318 4467 ψυχῶν;
2347 4401 2397 4451 τί
2428 4400 2481 4452 δὲ
2511 4401 2887 4470 ἐλεεινότερον;

2052 4490 2114 4537 ε’.
2135 4486 2189 4534 Εἰ
2203 4486 2256 4536 δὲ
2274 4487 2348 4546 εἰς
2363 4486 2718 4554 δεσμωτήριον
2732 4488 2998 4550 εἰσιόντες,
3013 4490 3240 4550 καὶτοὺς
3259 4491 3352 4556 μὲν
3370 4494 3616 4562 αύχμωνα

1983 4586 2079 4631 τας
2107 4569 2351 4639 ὁρῶντες,
2383 4572 2504 4630 τοὺς
2537 4569 2590 4620 δὲ
2631 4570 2866 4638 σιδηραῖς
2895 4571 3108 4622 ἁλύσεσι
3134 4573 3455 4642 δεδεμένους,
3487 4581 3608 4641 τοὺς

1983 4655 2037 4706 δὲ
2065 4655 2236 4722 σκότῳ
2267 4655 2826 4722 κατακεκλεισμένα-υς,
2856 4656 3266 4726 κατακλώμεθα,
3300 4662 3605 4729 φρίττομεν,

1984 4741 2154 4793 πάντα
2203 4741 2503 4808 πράττομεν
2542 4741 2677 4808 ὑπὲρ
2722 4740 2811 4791 τοῦ
2845 4743 2921 4810 μὴ
2963 4743 3216 4810 ἐμπεσεῖν
3249 4746 3325 4805 εἰς
3361 4747 3607 4814 τοιαύτην

1983 4825 2220 4891 ἀνάγκην
2253 4824 2342 4874 καὶ
2377 4822 2546 4890 θλίψιν
2571 4841 2582 4854 ·
2615 4825 2738 4875 ὅταν
2769 4825 3099 4894 άπαγώμεθα
3140 4831 3216 4889 εἰς
3259 4830 3393 4880 αὐτὰ
3420 4831 3484 4881 τὰ
3513 4833 3608 4898 τῆς

1982 4909 2198 4975 γεέννης
2247 4909 2627 4976 βασανιστήρια
2667 4910 2948 4977 δεδεμένοι,
2993 4913 3125 4974 τίνες
3163 4913 3417 4980 ὲσόμεθα;
3459 4915 3510 4966 τί
3551 4916 3605 4968 δὲ

1983 4993 2282 5062 πράξομενς
2315 4994 2384 5045 Ού
2413 4994 2517 5064 γὰρ
2542 4998 2602 5045 ἐκ
2632 4997 2839 5064 σιδήρου
2868 4996 2933 5046 τά
2956 4997 3124 5063 δεσμά
3151 4999 3345 5060 ἐκεῖνα,
3369 5000 3479 5052 ἀλλ’
3503 5002 3607 5054 ἀπὸ

1983 5081 2146 5146 πυρός
2170 5081 2301 5129 εἰσιν
2325 5081 2570 5130 οὐδέποτε
2599 5080 2966 5148 σϐεννυμένου,
2996 5082 3110 5133 οὐδὲ
3136 5083 3378 5151 ὁμότιμοί
3397 5103 3532 5147 τινες
3558 5090 3604 5139 οί

1983 5163 2274 5229 ἐφεστῶτες
2291 5165 2436 5230 ἡμῖν,
2460 5163 2550 5224 οὒς
2568 5164 2656 5214 καὶ
2673 5165 3068 5232 ἐκμειλίξασθαι
3097 5169 3346 5230 πολλάκις
3373 5171 3467 5230 ἔνι,
3491 5173 3603 5223 ἀλλ’

1982 5247 2193 5312 ἄγγελοι
2240 5248 2452 5316 φοϐεροὶ
2493 5251 2582 5299 καὶ
2625 5251 2977 5316 ἀσυμπαθεῖς,
3027 5246 3103 5313 οἷς
3145 5253 3259 5304 οὐδὲ
3297 5255 3605 5322 ἀντιϐλέψαι

1982 5332 2215 5391 δυνατὸν,
2253 5332 2487 5401 σφοδρῶς
2521 5333 2654 5400 ὑπὲρ
2690 5327 2761 5383 ὧν
2791 5335 2875 5384 τὸν
2908 5337 3175 5404 Δεσπότην
3203 5336 3492 5404 ὑϐρίσαμεν
3515 5341 3606 5408 ὁρ-

1983 5418 2268 5486 γιζὸμενοι.
2307 5419 2416 5469 Οὐκ
2445 5417 2573 5479 ἔστι,
2609 5418 2849 5488 καθάπερ
2881 5421 3126 5481 ἐνταῦθα,
3157 5424 3276 5482 τοὺς
3312 5423 3408 5489 μὲν
3435 5423 3606 5493 ἀρὫί·

2048 5607 2070 5632 ⁸
2096 5607 2176 5653 Sic
2209 5607 2416 5657 ColberI.
2465 5607 2514 5654 In
2557 5607 2698 5656 Savil.
2726 5619 2886 5658 autem
2926 5613 3087 5658 οὐδένα
3111 5612 3254 5664 οὕτως
3289 5613 3432 5667 ὠμὸν,
3476 5612 3628 5663 οὐδέν.

1989 5681 2060 5720 να,
2087 5677 2201 5723 (‘10.,
2225 5669 2288 5714 ila
2311 5675 2358 5714 ul
2384 5671 2622 5715 sententia
2647 5671 2926 5731 imperfecta
2948 5684 2999 5715 es
3029 5679 3093 5716 cl.
