4138 6306
309 338 423 393 285

313 457 453 501 rent.
499 448 712 501 Etiamsi
744 447 851 501 Noe
886 447 1082 509 fuerit,
1132 447 1212 501 vel
1240 446 1367 509 Job,
1402 445 1479 499 vel
1523 445 1739 507 Daniel,
1770 444 1858 511 qul

310 550 440 589 suos
481 535 708 589 viderint
763 537 1019 604 supplicio
1070 536 1320 600 atl‘ectos,
1366 550 1468 588 non
1521 535 1713 589 audent
1762 536 1861 587 illis

304 623 542 689 adstare,
573 631 625 676 et
664 638 874 676 manum
918 624 1204 692 porrigere.
1248 624 1457 677 Natura:
1483 623 1675 691 quippe
1717 638 1862 674 com-

305 711 705 765 miserationem
730 722 852 765 tunc
873 713 1065 766 auferri
1096 713 1365 779 contingit.
1396 711 1526 777 Quia
1550 712 1687 765 enim
1715 726 1862 778 repe-

305 800 516 851 riuntur
555 800 681 866 justi
742 808 1072 867 peccatorum
1127 800 1353 852 ﬁliorum
1413 809 1622 866 patres,
1673 799 1863 866 ﬁliique

307 889 461 957 probi
489 900 761 957 parentum
791 890 1150 957 improborum
1181 891 1309 957 (non
1338 890 1477 942 enim
1522 899 1739 950 naturae,
1769 888 1861 941 sed

306 979 512 1032 arbitrii
541 980 676 1032 mala
714 979 892 1048 sunt),
924 990 981 1031 ut
1009 980 1079 1032 illi
1124 994 1304 1047 puram
1335 979 1557 1032 habeant
1594 978 1822 1030 lmtitiam
1844 1017 1858 1039 ,

305 1083 411 1121 nec
458 1070 829 1122 misericordia:
876 1070 922 1120 vi
971 1069 1420 1137 frangantur,qui
1475 1069 1576 1121 illis
1624 1068 1863 1121 fruuntur

309 1155 464 1209 bonis
486 1197 502 1221 ,
536 1156 675 1209 illam
722 1166 845 1210 tunc
887 1157 1149 1227 exstingui
1192 1158 1479 1226 contingit,
1509 1156 1709 1225 ipsique
1743 1170 1859 1209 cum

308 1243 536 1298 Domino
560 1256 741 1300 contra
773 1248 987 1316 propria
1034 1248 1231 1300 viscera
1275 1246 1624 1314 indignantur.
1658 1246 1859 1299 Etenim

308 1332 355 1385 si
389 1348 689 1397 nunc,cum
722 1334 896 1387 vident
944 1336 1153 1403 quidam
1205 1335 1337 1388 ﬁlios
1378 1350 1503 1389 suos
1552 1336 1819 1402 improbos
1843 1374 1857 1399 ,

309 1422 456 1488 ipsos
492 1422 810 1475 exheredant
853 1433 905 1476 et
946 1437 973 1475 a
1014 1424 1205 1476 familia
1258 1439 1351 1477 sua
1407 1424 1756 1485 abscindunt,
1810 1423 1861 1477 id

309 1512 477 1565 inulto
497 1513 657 1579 magis
688 1513 737 1565 in
761 1513 956 1579 judicio
980 1514 1205 1566 eveniet.
1232 1513 1394 1566 Nemo
1416 1514 1587 1581 igitur,
1611 1515 1695 1582 qui
1728 1514 1861 1566 bona

309 1615 419 1651 non
444 1610 713 1669 operetur,
745 1601 939 1668 aliquid
970 1602 1091 1654 boni
1128 1610 1322 1668 speret,
1351 1602 1555 1655 etiamsi
1587 1610 1859 1655 sexcentos

307 1687 479 1755 justos
504 1690 859 1756 progenitores
882 1690 1069 1744 habeat
1098 1707 1109 1742 :
1144 1689 1488 1759 Unusquisque
1513 1692 1642 1743 enim
1665 1696 1857 1759 referet,

308 1776 496 1843 inquit,
527 1791 637 1841 qua:
660 1792 746 1845 per
769 1793 948 1844 corpus
972 1787 1085 1831 sunt
1117 1816 1131 1843 ,
1156 1792 1299 1846 prout
1326 1780 1492 1847 gessit,
1524 1780 1623 1831 sive
1654 1781 1858 1845 bonum,

306 1867 413 1918 sive
440 1868 626 1918 malum
652 1867 725 1936 (2.
760 1866 873 1921 Cor.
902 1870 953 1922 5.
991 1870 1098 1937 10).
1124 1870 1441 1933 Audiamus,
1472 1884 1668 1938 quaeso,
1694 1880 1746 1924 et
1774 1886 1860 1925 re-

307 1956 643 2023 sipiscamus.
694 1957 746 2011 Si
792 1974 964 2026 prava:
1011 1961 1444 2028 concupiscentia:
1491 1962 1609 2029 igne
1656 1962 1859 2027 ardens,

304 2044 481 2111 cogita
507 2044 641 2098 illius
667 2046 906 2113 supplicii
926 2048 1116 2115 ignem,
1140 2056 1193 2101 et
1218 2048 1300 2102 hic
1326 2048 1458 2117 ignis
1480 2052 1859 2117 exstinguetur.

307 2132 364 2185 Si
401 2133 627 2186 volueris
653 2136 776 2203 quid
800 2135 1052 2189 absonum
1084 2138 1245 2206 loqui,
1273 2146 1441 2191 tecum
1465 2148 1645 2208 reputa
1673 2140 1863 2193 strido-

306 2237 424 2275 rem
472 2222 703 2275 dentium
723 2264 736 2287 ,
767 2233 819 2276 et
848 2232 1017 2279 uictus
1058 2226 1147 2278 tibi
1184 2227 1315 2280 freni
1344 2228 1460 2280 loco
1489 2229 1613 2282 erit.
1648 2226 1700 2279 Si
1730 2229 1861 2282 alie-

307 2325 437 2362 num
468 2325 655 2378 rapere
680 2313 929 2377 volueris,
955 2313 1073 2367 audi
1104 2313 1338 2368 iudicem
1369 2315 1630 2370 dicentem
1656 2334 1668 2367 :
1692 2316 1863 2385 Ligate

307 2416 490 2452 manus
520 2411 565 2451 et
596 2403 741 2468 pedes
770 2404 897 2471 ejus,
930 2412 977 2455 et
1004 2404 1230 2471 projicite
1253 2420 1363 2457 eum
1404 2406 1454 2457 in
1482 2407 1701 2458 tenebras
1726 2416 1862 2458 exte-

306 2488 467 2541 riores
498 2488 703 2555 (Matth.
735 2490 821 2542 22.
848 2490 958 2557 15),
984 2502 1037 2545 et
1075 2492 1207 2545 hanc
1244 2493 1455 2560 abjicies
1489 2497 1861 2562 concupiscen-

307 2578 459 2630 tiam.
503 2578 557 2631 Si
593 2580 817 2633 crudelis
846 2591 898 2635 et
945 2583 1318 2637 immisericors
1365 2584 1521 2637 fueris
1544 2626 1558 2648 ,
1589 2585 1863 2639 recordare

308 2668 574 2735 virginum
624 2668 828 2721 illarum
850 2710 865 2733 ,
893 2687 1008 2738 qua:
1027 2713 1041 2737 ,
1067 2673 1337 2727 exstinctis
1366 2674 1687 2741 lampadibus
1734 2677 1860 2739 suis,

306 2772 433 2809 eum
463 2773 568 2810 non
594 2758 850 2814 haberent
870 2762 1066 2826 oleum,
1094 2778 1160 2816 ex
1191 2765 1366 2831 sponsi
1390 2764 1614 2817 thalamo
1640 2766 1864 2819 exclusae

307 2856 437 2900 sunt
465 2846 675 2917 (Matth.
702 2848 792 2917 25)
816 2891 831 2914 ,
860 2865 919 2903 ac
947 2851 1048 2904 cito
1076 2853 1329 2922 benignus
1355 2854 1565 2907 evades.
1604 2855 1656 2909 Si
1690 2855 1861 2909 ebrie-

308 2938 407 2991 tati
434 2947 488 2991 et
509 2940 974 2994 comessationibus
1004 2956 1216 3009 Operam
1243 2942 1370 2997 dare
1397 2944 1596 3012 cupias,
1628 2945 1747 2997 audi
1774 2944 1855 2997 di-

304 3027 474 3081 vitem
525 3027 787 3081 dicentem
808 3068 824 3092 ,
852 3028 995 3081 Mitte
1032 3029 1281 3083 Lazarum
1310 3031 1459 3098 (Luc.
1503 3032 1588 3084 t6.
1628 3029 1719 3098 24)
1740 3071 1753 3095 ,
1778 3032 1862 3098 qui

305 3128 522 3169 Summo
562 3115 725 3185 digito
775 3115 1050 3185 refrigeret
1100 3118 1337 3172 adustam
1382 3121 1647 3189 linguam,
1698 3135 1863 3189 neque

305 3212 549 3273 optatum
578 3216 929 3274 consequutus
950 3216 1047 3271 est,
1074 3217 1127 3263 et
1154 3209 1327 3262 statim
1359 3209 1424 3261 ab
1448 3209 1546 3263 hoc
1565 3208 1863 3276 cupiditatis

304 3294 500 3348 morbo
526 3294 798 3348 averteris.
817 3294 1018 3349 Cretera
1039 3311 1245 3365 quoque
1270 3300 1443 3350 omnia
1468 3300 1672 3353 virtutis
1691 3298 1860 3353 ofﬁcia

311 3386 398 3439 sic
426 3386 729 3453 exsequeris
762 3403 775 3438 :
808 3386 932 3440 nihil
962 3387 1099 3440 enim
1127 3403 1404 3442 onerosum
1432 3388 1568 3441 Deus
1596 3391 1859 3457 praecepit.

307 3476 466 3532 Unde
512 3478 665 3546 igitur
719 3487 975 3547 praecepta
1022 3493 1241 3532 onerosa
1292 3493 1410 3533 esse
1460 3480 1742 3533 videntur?
1791 3480 1863 3533 Ex

307 3566 535 3635 segnitie
556 3576 755 3619 nostra.
776 3566 1223 3632 Quemadmodum
1252 3570 1389 3622 enim
1418 3569 1461 3620 si
1491 3568 1721 3622 studiose
1742 3569 1862 3622 dili-

304 3663 600 3722 genterque
642 3669 884 3723 agamus,
911 3672 1026 3723 qua:
1064 3656 1307 3710 videntur
1346 3671 1463 3710 esse
1501 3658 1696 3725 gravia,
1731 3658 1862 3711 levia

306 3740 591 3810 faciliaque
632 3752 820 3796 erunt:
851 3744 959 3805 sic,
990 3744 1033 3797 si
1086 3745 1313 3812 segniter
1340 3760 1583 3812 agamus,
1617 3745 1862 3799 tolerabi-

305 3832 446 3885 liora
470 3846 677 3900 quoque
716 3831 947 3885 difficilia
990 3832 1139 3885 nobis
1169 3832 1502 3886 videbuntur.
1534 3834 1660 3898 Quae
1688 3834 1860 3887 omnia

305 3920 586 3975 nobiscum
608 3928 929 3988 reputantes,
962 3936 1027 3975 ne
1053 3922 1233 3975 beatos
1263 3922 1380 3975 illos
1410 3922 1751 3989 prmdicemus
1774 3925 1861 3991 qui

306 4009 455 4061 lauta
484 4008 725 4061 fruuntur
754 4022 952 4071 mensa,
975 4010 1066 4062 sed
1112 4010 1320 4061 illorum
1353 4010 1505 4063 tinem
1547 4012 1857 4079 cogitemus.

303 4097 445 4151 Nam
472 4096 554 4149 hic
576 4105 777 4150 stercus
797 4107 848 4150 et
871 4097 1147 4165 pinguedo,
1181 4097 1288 4150 illic
1314 4100 1504 4150 vermis
1526 4107 1579 4150 et
1610 4098 1761 4165 ignis.
1787 4098 1861 4153 Ne

304 4195 570 4255 raptores,
592 4186 684 4241 sed
705 4202 886 4241 eorum
908 4187 1062 4241 ﬁnem
1094 4187 1362 4242 nobiscum
1391 4197 1709 4257 reputemus.
1731 4190 1858 4243 Nam

302 4277 399 4331 hic
445 4277 825 4332 sollicitudines
854 4286 907 4332 et
942 4278 1166 4340 labores,
1197 4279 1301 4333 illic
1322 4279 1523 4331 vincula
1566 4280 1859 4335 insolubilia

302 4374 368 4420 et
392 4366 623 4420 tenebrae
649 4367 955 4420 exteriores.
978 4366 1053 4420 Ne
1080 4367 1257 4435 gloria:
1289 4366 1531 4420 humanm
1559 4378 1817 4423 amatores
1841 4385 1856 4434 ;

302 4454 402 4509 sed
432 4454 546 4524 quis
574 4455 641 4508 sit
666 4469 846 4509 eorum
872 4456 1059 4520 exitus,
1074 4456 1485 4509 consideremus.
1511 4455 1603 4509 Hic
1628 4458 1857 4511 servitus

301 4556 365 4600 et
395 4545 559 4613 fucus,
591 4545 696 4599 illic
724 4545 968 4599 damnum
993 4546 1211 4599 multum
1240 4554 1293 4599 et
1324 4546 1617 4599 combustio
1638 4556 1853 4601 :eterna.

300 4634 367 4689 Si
398 4635 468 4687 ita
496 4634 631 4702 apud
675 4649 772 4687 nos
808 4634 1213 4697 ratiocinemur,
1240 4644 1396 4703 atque
1442 4634 1552 4689 haec
1576 4646 1628 4689 et
1667 4636 1857 4691 similia

304 4724 488 4791 pravis
505 4724 699 4777 nostris
720 4723 1161 4792 concupiscentiis
1177 4722 1385 4777 assidue
1410 4725 1730 4789 occinamus,
1753 4726 1857 4781 cito

305 4811 595 4880 nequitiam
618 4812 922 4881 etl'ugiemus
955 4821 1007 4867 et
1030 4813 1273 4865 virtutem
1309 4826 1679 4882 exsequemur,
1715 4830 1853 4882 prae-

304 4901 536 4955 sentium
566 4913 796 4953 amorem
823 4900 1229 4969 exstinguemus,
1261 4907 1314 4953 et
1354 4899 1643 4953 futurorum
1672 4916 1857 4956 accen-

303 4988 515 5043 demus.
536 4986 671 5054 Quid
699 4986 837 5041 enim
868 4987 1125 5041 ﬁrmitatis
1151 4986 1347 5042 habent
1379 4990 1653 5055 praesentia
1676 5029 1692 5053 ,
1732 4990 1853 5059 quid

305 5092 420 5132 tam
452 5078 736 5141 insolitum,
759 5075 881 5144 quid
904 5085 1006 5129 tam
1035 5077 1348 5145 stupendum
1370 5118 1383 5143 ,
1414 5087 1470 5132 ut
1495 5092 1703 5133 onmem
1733 5096 1855 5149 erga

306 5170 401 5223 illa
431 5181 609 5222 curam
645 5165 1009 5220 insumamus?
1034 5167 1222 5219 Annon
1251 5166 1434 5220 eadem
1466 5168 1575 5237 ipsa
1605 5180 1856 5237 perpetuo

305 5256 551 5311 videmus
576 5254 723 5324 quasi
755 5254 807 5308 in
846 5252 1097 5308 circulum
1147 5256 1473 5310 recurrentia
1496 5294 1511 5319 ,
1540 5264 1594 5310 ut
1630 5256 1767 5311 diem
1803 5268 1857 5311 et

304 5356 541 5408 noctem,
570 5353 777 5399 noctem
799 5351 851 5399 et
877 5342 1039 5407 diem,
1063 5342 1291 5399 hiemem
1315 5352 1369 5399 et
1396 5352 1633 5399 aestatem
1657 5386 1673 5410 ,
1695 5357 1853 5400 aesta-

305 5448 417 5492 tem
444 5442 499 5490 et
536 5434 782 5497 hiemem,
806 5440 861 5488 et
892 5432 1019 5486 nihil
1048 5432 1302 5487 ulterius?
1342 5434 1705 5489 Accendamus
1730 5449 1855 5505 ergo

291 5531 604 5581 futurorum
634 5523 949 5580 desiderium
979 5526 1255 5581 bonorum.
1287 5526 1469 5596 Magna
1494 5526 1686 5596 quippe
1703 5526 1857 5596 justis

304 5616 547 5689 reposita
584 5622 665 5673 est
704 5615 888 5686 gloria,
911 5626 961 5673 ct
1004 5630 1159 5687 quam
1189 5615 1363 5672 verbis
1408 5615 1701 5685 exprimere
1748 5631 1853 5674 non

1490 334 1575 387 DE
1615 331 1965 388 PERFECTA
2003 332 2358 388 CARITATE.

3393 343 3503 399 286

1970 457 2265 511 possumus.
2292 443 2420 497 Nam
2456 458 2674 512 corpora
2709 464 2822 513 μυδι
2859 450 3291 503 ισδυτι-εριίοηοιιι
3341 454 3484 505 incur

1966 533 2227 600 ruptibilia
2267 533 2612 601 accipientes,
2641 534 2823 601 gloriae
2868 536 3115 604 regnique
3144 539 3335 592 Christi
3376 554 3503 595 eon-

1964 631 2133 674 SONCS
2149 628 2323 673 erunt.

2033 710 2083 762 ϐ.
2110 708 2419 762 Resurrectin
2448 715 2615 780 futura
2641 722 2879 780 quantum
2901 715 3352 771 bonum.Futumm
3382 722 3505 773 inter

1965 808 2009 849 et
2035 808 2319 865 praesentem
2360 802 2508 852 vitam
2552 803 2830 855 discrimen.
2862 834 2932 843 —
2962 806 3069 859 Hoc
3110 822 3232 861 vero
3257 819 3502 877 quantmn

1964 886 2051 951 sit,
2096 886 2215 940 hinc
2260 888 2648 957 intelligemus;
2701 893 2805 945 imo
2846 894 3016 960 potius
3059 911 3335 965 numquam
3367 902 3505 953 claro

1965 974 2343 1043 intelligemus;
2373 989 2424 1030 ut
2452 988 2623 1033 autem
2647 983 2888 1050 exemplo
2910 998 2971 1036 ex
2996 986 3142 1037 honis
3164 989 3506 1053 praesentibus

1964 1076 2254 1135 assumpto,
2286 1084 2496 1135 parvam
2533 1072 2809 1139 quamdam
2856 1074 2967 1141 ejus
3006 1078 3240 1129 notitiam
3282 1080 3505 1146 attinga—

1966 1169 2100 1219 mus,
2130 1171 2225 1224 pro
2268 1158 2404 1211 virili
2455 1176 2567 1213 mea
2612 1161 2661 1214 id
2708 1163 2846 1230 quod
2887 1164 3079 1218 dictant
3123 1176 3203 1220 est
3245 1167 3508 1222 declarare

1964 1243 2176 1296 curabo.
2219 1244 2309 1298 Dic
2337 1246 2484 1309 mihi,
2514 1249 2555 1301 si
2587 1250 2702 1317 quis
2735 1250 2826 1303 tibi
2855 1252 2965 1303 scni
2992 1260 3044 1304 et
3084 1254 3131 1305 in
3169 1256 3381 1321 penuria
3415 1256 3508 1309 de-

1964 1334 2103 1400 genti
2149 1336 2487 1400 polliceretur
2540 1339 2591 1391 id
2647 1341 2999 1406 praestiturum
3051 1357 3143 1407 se,
3194 1354 3249 1397 ut
3295 1357 3507 1413 repente

1962 1420 2171 1487 juvenis
2197 1438 2362 1488 esses,
2392 1435 2445 1478 et
2475 1428 2522 1479 in
2555 1427 2724 1494 ipsum
2746 1429 2914 1482 anatis
2944 1429 3125 1483 ﬂorent
3156 1432 3502 1497 reducereris,

1967 1510 2236 1579 formaque
2271 1529 2332 1565 ac
2364 1515 2553 1568 robore
2579 1518 2816 1584 corporis
2844 1522 3045 1573 cunctis
3076 1533 3349 1587 prazstares
3368 1562 3383 1586 ,
3412 1523 3506 1576 da-

1966 1608 2243 1670 turumque
2280 1604 2369 1656 tibi
2405 1605 2560 1657 totius
2590 1606 2733 1659 orbis
2781 1623 3015 1674 regnum,
3044 1610 3202 1677 idque
3253 1612 3319 1664 ad
3364 1612 3508 1668 mille

1965 1705 2152 1756 annos,
2201 1708 2451 1757 regnum,
2502 1695 2742 1761 inquam,
2794 1698 2847 1749 itt
2916 1699 3318 1766 profundissima
3379 1718 3505 1770 pace

1967 1782 2389 1849 transigendum,
2419 1783 2541 1851 quid
2589 1799 2683 1851 pro
2728 1786 2817 1838 tali
2871 1789 3202 1855 assequendo
3251 1794 3509 1858 promisso

1966 1887 2069 1925 non
2104 1872 2305 1939 facere,
2337 1875 2457 1941 qttid
2481 1890 2583 1928 non
2607 1877 2709 1944 pati
2740 1877 2943 1930 velles?
2971 1879 3046 1930 En
3079 1880 3249 1947 igitur,
3276 1881 3509 1937 Christus

1966 1974 2069 2013 non
2109 1960 2241 2022 hinc,
2266 1962 2357 2014 sed
2393 1962 2475 2015 his
2497 1963 2650 2031 longe
2681 1964 2876 2031 tnajora
2904 1966 3193 2032 pollicetur.
3227 1968 3338 2021 Non
3369 1970 3507 2023 enim

1965 2061 2156 2120 quanta
2188 2062 2509 2105 senectutem
2541 2054 2677 2107 inter
2703 2063 2755 2107 ct
2787 2055 3109 2121 juventutem
3130 2096 3145 2121 ,
3174 2066 3310 2109 tanta
3342 2059 3509 2113 solum

1966 2147 2049 2192 est
2078 2140 2212 2193 inter
2234 2141 2620 2208 corruptionem
2643 2149 2697 2194 et
2727 2142 3169 2210 incorruptionem
3197 2144 3507 2211 differentia;

1965 2241 2135 2295 neque
2175 2238 2426 2295 quantum
2473 2237 2553 2282 est
2599 2229 2733 2282 inter
2784 2245 2998 2296 regnum
3048 2240 3102 2285 et
3152 2242 3508 2300 paupertatem

1965 2316 2267 2383 discrimen,
2291 2326 2488 2371 tantum
2513 2319 2668 2371 etiam
2694 2328 2773 2372 est
2799 2320 2934 2373 inter
2960 2319 3176 2388 gloriam
3200 2332 3509 2390 prmsentctn

1965 2415 2018 2460 et
2046 2406 2265 2459 futuram
2297 2423 2308 2458 :
2336 2408 2427 2461 sed
2454 2417 2705 2475 quantum
2748 2410 2883 2462 inter
2914 2411 3114 2463 somnia
3142 2421 3194 2464 et
3220 2414 3295 2466 rei
3324 2416 3512 2468 verita-

1966 2503 2092 2547 tem.
2118 2494 2225 2548 lmo
2252 2509 2375 2548 vero
2420 2496 2649 2549 nondum
2676 2497 2938 2565 quidpiam
2960 2498 3065 2551 dixi
3092 2516 3105 2551 :
3128 2501 3298 2555 nullus
3323 2503 3513 2571 quippe.

1966 2598 2141 2637 sermo
2172 2592 2341 2649 potest
2383 2584 2731 2639 ditierentiam
2767 2586 2904 2639 illam
2946 2589 3256 2655 exprimere,
3287 2606 3404 2658 quae
3433 2600 3513 2645 est

1967 2670 2103 2724 inter
2140 2670 2311 2724 futura
2350 2682 2403 2725 et
2438 2675 2734 2741 prmsentia.
2772 2674 2825 2727 Si
2868 2675 3000 2729 ratio
3042 2685 3213 2730 autem
3264 2677 3513 2732 habeatur

1967 2760 2241 2827 temporis,
2280 2759 2422 2813 nulla
2451 2762 2666 2814 omnino
2722 2769 2896 2829 potest
2941 2765 3157 2832 cogitari
3202 2765 3509 2821 diﬂ'ercntia.

1966 2848 2238 2913 Quomodo
2275 2850 2414 2901 enim
2453 2850 2692 2903 conferre
2747 2850 2863 2918 quis
2908 2861 3078 2918 potest
3128 2855 3509 2921 praesentibus,

1966 2938 2123 2991 vitam
2168 2939 2361 2991 nullum
2400 2940 2680 2992 terminum
2724 2939 3059 2994 habituram?
3087 2942 3142 2996 In
3181 2957 3309 3011 pace
3335 2954 3509 2997 autem

1966 3035 2167 3079 tantum
2190 3036 2271 3079 est
2313 3026 2617 3089 discrimen,
2644 3037 2893 3095 quantum
2934 3030 3069 3083 inter
3099 3046 3279 3099 pacem
3309 3042 3361 3086 et
3402 3034 3512 3087 bel-

1966 3114 2105 3181 lum,
2157 3116 2294 3169 inter
2329 3118 2715 3186 corruptionem
2759 3133 2885 3172 vero
2939 3129 2992 3172 et
3044 3121 3507 3191 incorruptionem,

1966 3212 2217 3273 quantum
2259 3206 2396 3258 inter
2432 3207 2625 3259 luteum
2677 3207 2897 3260 frustum
2929 3217 2983 3262 et
3020 3223 3275 3276 gemmam
3308 3227 3508 3281 puram.

1965 3294 2073 3347 lmo
2098 3310 2221 3348 vero
2250 3296 2422 3363 potius
2447 3296 2697 3364 quidquid
2725 3298 2885 3361 dicas,
2912 3297 3040 3350 nihil
3070 3299 3335 3354 declarare
3363 3311 3510 3368 pote-

1965 3384 2057 3438 ris.
2090 3384 2334 3449 Quamvis
2382 3386 2521 3439 enim
2571 3400 2849 3453 corporum
2898 3386 3170 3440 beatorum
3220 3390 3509 3457 pulchritu-

1965 3472 2138 3525 dinem
2194 3473 2340 3525 radio
2391 3474 2524 3525 lucis
2578 3474 2887 3538 conteram,
2944 3477 3180 3542 quamvis
3232 3480 3513 3547 conspicuo

1966 3557 2177 3626 fulguri,
2222 3559 2349 3611 nihil
2394 3560 2483 3612 illo
2522 3560 2798 3626 splendore
2842 3560 3054 3629 dignum
3081 3562 3270 3619 dicam.
3304 3565 3403 3620 Pro
3430 3567 3511 3622 his

1965 3657 2108 3701 certe
2134 3658 2261 3716 quot
2290 3663 2391 3701 non
2431 3651 2699 3716 pecunias,
2731 3658 2860 3717 quot
2894 3665 2999 3704 non
3028 3665 3247 3721 corpora
3295 3656 3510 3724 profun-

1965 3738 2092 3793 dere
2114 3753 2208 3807 par
2234 3739 2413 3792 esset?
2443 3741 2547 3793 imo
2568 3748 2696 3808 quot
2740 3754 2842 3792 non
2888 3741 3127 3796 animas?
3150 3743 3295 3798 Nunc
3327 3761 3504 3813 porro,

1965 3830 2009 3883 si
2035 3830 2149 3896 quis
2177 3837 2227 3883 te
2268 3830 2321 3881 in
2349 3830 2545 3897 regiam
2590 3828 2967 3889 introduceret,
3001 3832 3347 3901 omnibusque
3377 3851 3511 3901 prte-

1965 3920 2200 3973 sentihus
2229 3919 2278 3971 id
2309 3927 2519 3971 curaret
2546 3927 2599 3970 ut
2630 3918 2919 3985 Imperator
2949 3928 2999 3972 te
3025 3920 3394 3989 alloqueretur,
3428 3934 3507 3980 te-

1963 4022 2067 4076 que
2097 4017 2149 4061 et
2195 4020 2390 4060 mensae
2415 4014 2468 4060 et
2504 4005 2692 4060 mdium
2743 4019 3042 4060 consortem
3091 4009 3419 4079 admitteret,
3457 4025 3510 4069 tu

1964 4098 2198 4151 omnium
2228 4096 2583 4149 beatissimum
2611 4110 2729 4149 esse
2774 4097 3140 4164 pronuntiares
3166 4116 3179 4151 :
3208 4108 3262 4151 at
3289 4116 3407 4155 cum
3454 4104 3505 4157 in

1963 4186 2147 4239 ea-lunt
2177 4185 2250 4239 sis
2280 4199 2615 4249 ascensurus,
2649 4195 2702 4238 et
2731 4199 2849 4237 eum
2878 4185 2992 4253 ipso
3021 4188 3382 4244 universorum
3407 4194 3505 4246 IIII-

1963 4284 2207 4342 peratore
2227 4282 2551 4337 versaturus,
2574 4288 2693 4326 cum
2719 4274 2918 4342 angelis
2938 4274 3165 4328 vicissim
3195 4279 3479 4337 micaturus
3494 4319 3508 4340 ν

1963 4374 2017 4419 et
2046 4365 2312 4417 inaccessa
2346 4363 2434 4415 illa
2462 4362 2626 4431 gloria
2659 4362 2919 4415 fruiturus
2940 4404 2954 4428 ,
2982 4364 3203 4434 ambigis
3246 4383 3368 4422 num
3415 4386 3507 4440 pe-

1962 4453 2144 4506 cunias
2166 4450 2483 4520 profundere
2517 4459 2788 4519 oporteat,
2825 4466 2944 4504 cum
2991 4466 3086 4521 par
3114 4464 3272 4521 esset,
3300 4457 3503 4513 etiamsi

1963 4541 2125 4594 vitam
2178 4541 2421 4593 emittere
2468 4554 2599 4608 Opus
2648 4549 2825 4602 esset,
2854 4542 3145 4607 exsultare,
3185 4546 3414 4612 gaudere
3452 4560 3504 4603 et

1962 4647 2071 4702 pra:
2097 4630 2364 4699 voluptate
2390 4629 2501 4682 alas
2527 4629 2830 4683 assumere?
2862 4632 2929 4682 At
2960 4640 3103 4694 tu,ut
3142 4635 3501 4701 praefecturam

1962 4719 2294 4789 adipiscaris,
2327 4732 2443 4786 qute
2474 4716 2571 4771 tibi
2604 4717 2858 4771 furtorum
2900 4720 3203 4776 occasiones
3229 4726 3501 4793 praebeat;

1962 4825 2067 4865 non
2089 4810 2228 4863 enim
2257 4807 2307 4862 id
2334 4808 2538 4861 lucrum
2560 4808 2789 4863 vocarim
2811 4827 2822 4861 :
2854 4818 2906 4863 et
2928 4809 3199 4866 facultates
3221 4816 3495 4881 expendis,

1960 4896 2025 4950 ab
2054 4896 2272 4965 aliisque
2300 4897 2573 4963 mutuaris,
2605 4912 2666 4951 ac
2689 4898 2731 4951 si
2763 4906 3002 4965 oporteat
3025 4900 3181 4953 etiam
3209 4916 3425 4959 uxorem
3450 4919 3500 4961 et

1961 4988 2156 5041 liberos
2182 4987 2384 5057 pignori
2414 4987 2539 5041 dare
2587 5002 2692 5040 non
2735 4988 2953 5051 vereris,
2985 5002 3148 5058 regno
3180 5002 3353 5047 autem
3383 5010 3499 5049 cae—

1959 5077 2129 5131 lorum
2151 5077 2242 5131 tibi
2265 5078 2551 5146 proposito,
2573 5076 2895 5145 imperioque
2919 5081 3239 5134 successoris
3265 5096 3497 5150 experte,

1960 5166 2134 5235 segnis
2161 5180 2248 5229 es,
2279 5166 2491 5234 refugis,
2516 5173 2568 5218 et
2615 5165 2849 5233 pecuniis
2896 5164 3064 5219 inliias
3084 5166 3108 5218 ?
3132 5182 3229 5221 nec
3271 5170 3493 5237 cogitas,

1959 5257 2003 5311 si
2058 5256 2171 5310 caeli
2222 5264 2398 5324 partes
2452 5256 2583 5320 illas,
2623 5269 2752 5323 quas
2793 5256 3096 5323 conspicere
3144 5258 3395 5323 valemus,
3432 5261 3498 5313 ita

1959 5343 2210 5413 pulchrae,
2257 5344 2328 5398 ita
2371 5343 2613 5412 jucunda:
2662 5351 2803 5409 sunt,
2836 5356 3042 5412 quantae
3071 5354 3219 5397 erunt
3251 5346 3368 5400 alia:
3416 5347 3497 5401 his

1960 5436 2282 5503 superiores,
2306 5443 2556 5504 quantum
2586 5435 2768 5487 ctelum
2795 5436 2905 5489 caeli
2930 5436 2952 5487 ?

2034 5521 2393 5593 Imperatorem
2444 5523 2605 5577 cultus
2642 5540 2753 5577 cum
2781 5525 2962 5578 Christi
2999 5531 3257 5578 novissimo
3281 5528 3497 5579 adventu

1962 5626 2296 5684 comparatus.
2323 5644 2387 5655 —
2414 5616 2516 5670 Sed
2546 5616 2666 5684 quia
2692 5614 2955 5683 corporeis
2983 5614 3145 5669 oculis
3186 5615 3295 5669 haec
3318 5615 3498 5669 videre
