4138 6306
672 288 784 344 287

666 408 768 443 non
825 387 966 449 licet,
1022 394 1198 439 mente
1252 380 1518 444 ascende,
1565 390 1618 433 et
1667 392 1826 446 supra
1884 379 1984 430 hoc
2028 375 2214 428 malum

666 491 834 542 stans,
862 477 1065 545 respice
1092 477 1143 527 in
1170 473 1294 526 illud
1321 473 1564 539 superius
1587 469 1799 531 caelum,
1830 469 1883 522 in
1902 472 2216 525 immensam

662 566 1010 628 altitudinem,
1040 565 1091 617 in
1120 563 1289 615 lucem
1320 562 1658 623 inaccessam,
1682 560 1734 612 in
1774 558 2073 625 angelorum
2122 571 2217 625 po-

674 658 841 727 pulos,
869 655 919 707 in
947 651 1378 720 archangelorum
1408 648 1619 702 ordines
1638 689 1653 711 ,
1698 655 1751 700 et
1782 646 1832 699 in
1875 647 2005 698 alias
2045 646 2217 697 incor-

671 760 857 815 poreas
894 745 1113 797 virtutes
1147 759 1159 794 :
1191 755 1253 794 ac
1294 754 1473 794 rursus
1505 739 1624 791 hinc
1664 736 1990 791 descendens
2040 734 2218 801 imagi-

672 849 787 887 nem
843 834 985 885 illam
1033 838 1263 884 nostram
1314 838 1571 882 terrenam
1618 827 1832 893 accipe,
1872 838 1933 877 ac
1982 822 2219 877 describe

669 924 799 976 mihi
844 924 927 975 illa
970 935 1087 989 quas
1131 927 1393 973 terrenum
1449 917 1815 985 Imperatorem
1861 914 2215 975 circumstant,

670 1021 791 1079 puta
819 1012 959 1064 viros
984 1023 1115 1062 auro
1136 1008 1411 1061 decoratos
1430 1047 1444 1068 ,
1467 1007 1647 1073 jngum
1688 1004 1920 1057 albarum
1964 1004 2219 1055 mularum

669 1115 799 1153 auro
827 1108 1148 1159 ornatarum,
1179 1111 1392 1151 currum
1435 1094 1619 1161 lapillis
1644 1099 2058 1160 coagmentatum
2083 1130 2099 1155 ,
2145 1090 2219 1141 la-

671 1188 843 1240 minas
873 1187 924 1239 in
954 1185 1043 1238 illo
1072 1184 1289 1238 mobiles
1331 1193 1383 1236 et
1410 1183 1626 1251 agitatas
1645 1224 1658 1243 ,
1692 1181 1949 1234 dracones
1979 1180 2030 1231 in
2058 1180 2217 1232 vesti-

668 1277 863 1329 mentis
908 1274 1090 1328 sericis
1137 1273 1407 1341 depictos,
1456 1272 1663 1338 aspidcs
1713 1271 1888 1324 aureis
1940 1271 2218 1323 instructas

670 1366 835 1419 oculis
860 1406 873 1428 ,
906 1378 1070 1433 equos
1098 1379 1229 1418 auro
1253 1374 1469 1419 ornatos
1493 1405 1507 1428 ,
1541 1362 1684 1415 frena
1711 1377 1888 1415 aurea.
1922 1362 1989 1414 At
2013 1360 2218 1427 quando

672 1455 1043 1521 Imperatorem
1070 1452 1327 1514 videmus,
1359 1452 1488 1504 nihil
1511 1466 1690 1503 eorum
1718 1451 1850 1503 ultra
1875 1448 2214 1517 respicimus:

669 1542 759 1597 ille
787 1542 979 1610 quippe
1004 1543 1149 1595 solus
1175 1556 1268 1594 nos
1296 1542 1345 1593 in
1372 1554 1428 1594 se
1456 1541 1747 1599 convertit;
1794 1553 1982 1607 nempe
2027 1553 2217 1605 purpu-

671 1645 763 1685 rea
802 1632 1130 1693 vestimenta,
1161 1628 1397 1681 diadema
1421 1669 1434 1690 ,
1468 1628 1614 1691 sella,
1641 1626 1817 1689 fibula,
1842 1625 2022 1689 calcei,
2049 1629 2218 1678 vultus

671 1720 941 1787 splendor.
974 1719 1065 1773 llis
1103 1719 1345 1772 omnibus
1386 1718 1539 1772 simul
1565 1726 1806 1771 accurate
1836 1716 2123 1784 perpensis,
2153 1714 2218 1767 ab

670 1808 754 1866 his
782 1823 988 1861 rursum
1017 1808 1380 1876 cogitationem
1428 1805 1652 1859 transfer
1675 1805 1740 1858 ad
1770 1819 2015 1872 superna,
2047 1804 2215 1857 diem-

670 1911 772 1966 que
817 1897 1099 1950 terribilem
1143 1896 1350 1965 cogita,
1394 1911 1493 1964 qua
1532 1895 1769 1949 Christus
1797 1895 2056 1948 adveniet.
2104 1893 2217 1946 Non

671 1987 811 2040 enim
839 1986 1020 2055 jugum
1051 1986 1305 2039 mularum
1351 1994 1472 2038 tunc
1501 1986 1729 2049 videbis,
1778 1999 1881 2037 non
1909 1997 2093 2037 currus
2120 1997 2215 2035 au-

669 2090 824 2142 reos,
854 2089 957 2127 non
996 2073 1253 2127 dracones
1292 2083 1347 2127 et
1386 2073 1595 2141 aspides
1614 2113 1629 2137 ,
1660 2072 1750 2125 sed
1780 2071 1916 2140 quod
1944 2071 2217 2124 horrorem

669 2164 905 2227 incutiat,
926 2172 976 2215 et
996 2171 1194 2215 tantum
1215 2172 1480 2229 stuperem
1510 2162 1723 2229 injiciat,
1751 2170 1810 2213 ut
1833 2160 2069 2213 caelestes
2091 2160 2216 2226 ipsa:

669 2252 888 2306 virtutes
912 2258 1053 2303 stent
1076 2252 1311 2305 attonita:
1336 2266 1350 2302 :
1377 2265 1493 2302 nam
1524 2249 1733 2301 Virtutes
1754 2250 2007 2309 cavlorum,
2031 2248 2216 2314 inquit,

672 2340 1100 2393 commovebuntur
1135 2339 1359 2409 (llattlt.
1388 2340 1477 2393 24.
1504 2340 1573 2393 29
1594 2340 1636 2406 ).
1667 2340 1813 2392 Tunc
1839 2339 2025 2392 caelum
2054 2347 2216 2391 totum

670 2430 963 2499 aperietur,
989 2428 1273 2483 descendet
1300 2444 1424 2483 vero
1453 2430 1749 2498 unigenitus
1780 2428 1872 2482 Dei
1898 2428 2081 2489 Filius,
2113 2442 2216 2479 non

670 2517 870 2585 viginti,
916 2531 1020 2575 non
1050 2525 1261 2572 centum
1310 2518 1621 2573 satellitibus
1646 2517 1889 2585 stipatus,
1923 2516 2016 2570 sed
2046 2516 2216 2569 mille-

671 2604 755 2658 nis
795 2614 849 2657 et
884 2604 1060 2659 decies
1102 2605 1287 2658 millies
1316 2606 1539 2658 millenis
1565 2605 1765 2672 angelis
1792 2613 1845 2657 et
1871 2603 2217 2671 archangelis,

672 2693 948 2760 omniaque
967 2702 1120 2745 erunt
1142 2695 1324 2746 timore
1341 2702 1393 2746 et
1412 2704 1610 2747 terrore
1632 2695 1804 2761 plena,
1822 2693 2039 2746 discissa
2062 2703 2217 2755 terra,

672 2782 1018 2848 omnibusque
1040 2780 1338 2835 hominibus
1355 2782 1421 2835 ab
1438 2783 1603 2841 Adam
1626 2796 1788 2849 usque
1807 2781 1872 2833 ad
1898 2783 2039 2834 illam
2058 2782 2217 2846 diem,

671 2886 740 2937 ex
769 2880 909 2924 terra
934 2870 1266 2937 surgentibus
1294 2878 1347 2923 et
1373 2871 1622 2938 abreptis,
1655 2872 1768 2939 ipso
1792 2886 1910 2924 cum
1941 2880 2079 2923 tanta
2104 2872 2219 2940 glo-

676 2958 754 3013 ria
785 2958 1051 3027 fulgente,
1076 2969 1135 3011 ut
1161 2960 1288 3012 solis
1312 2968 1365 3011 et
1390 2959 1524 3011 luna:
1556 2969 1713 3011 totam
1740 2961 1907 3013 lucem
1936 2960 2217 3021 occultent,

673 3049 835 3102 radiis
864 3049 965 3101 illis
988 3048 1151 3115 ipsam
1179 3050 1564 3115 superantibus.
1593 3048 1715 3114 Sed,
1744 3050 1844 3103 heu
1871 3065 1975 3114 me,
1997 3060 2222 3117 quantus

673 3144 857 3205 stupor
886 3138 1002 3201 ille,
1028 3151 1146 3189 cum
1178 3138 1296 3189 talia
1326 3148 1686 3205 exspectantes
1715 3140 1847 3193 bona
1879 3141 2223 3207 praesentibus

676 3226 937 3279 inhiamus
956 3264 971 3290 ,
1019 3240 1116 3279 nec
1144 3227 1435 3295 cogitamus
1464 3228 1653 3281 diaboli
1684 3228 1941 3282 vafritiem
1963 3270 1976 3291 ,
2004 3231 2091 3295 qui
2132 3244 2225 3297 per

677 3329 763 3379 res
790 3314 901 3367 illas
934 3312 1147 3382 exiguas
1173 3315 1375 3382 magnis
1403 3330 1499 3367 nos
1525 3317 1692 3383 privat
1716 3316 1885 3381 bonis,
1922 3317 2009 3369 dat
2036 3318 2222 3382 lutum,

676 3412 734 3455 ut
759 3402 982 3469 abripiat
1007 3402 1214 3465 caelum,
1244 3403 1477 3456 umbram
1505 3403 1737 3470 exhibet,
1765 3413 1823 3458 ut
1844 3405 2070 3472 expellat
2090 3407 2223 3458 veri-

676 3501 858 3555 tatem,
888 3501 1041 3559 atque
1067 3493 1118 3544 in
1139 3492 1355 3545 somniis
1374 3507 1561 3545 vanam
1583 3493 1811 3547 ostendit
1835 3508 2077 3562 pompam
2102 3495 2225 3561 (hoc

675 3582 815 3636 enim
860 3589 981 3634 sunt
1008 3590 1295 3648 praesentes
1328 3581 1557 3649 divitim)
1580 3624 1593 3643 ,
1623 3592 1705 3645 ut,
1746 3583 2057 3637 adveniente
2088 3584 2221 3650 luce,

676 3686 774 3725 nos
816 3670 1047 3724 omnium
1079 3671 1435 3738 pauperrimus
1464 3670 1726 3723 exhibeat.
1767 3670 1894 3735 Qum
1931 3686 2047 3723 cum
2090 3673 2223 3724 scia-

679 3776 795 3814 mus
816 3801 829 3824 ,
862 3759 1039 3813 dilecti
1063 3800 1078 3823 ,
1106 3759 1218 3826 ejus
1244 3759 1419 3811 dolum
1450 3758 1707 3827 fugiamus
1730 3800 1746 3825 ,
1778 3760 1827 3811 id
1856 3761 2019 3813 vitare
2070 3775 2224 3813 cure-

680 3865 818 3912 mus,
852 3863 916 3902 ne
945 3862 1061 3901 cum
1094 3848 1182 3900 illo
1208 3847 1550 3911 damnemur,
1580 3862 1645 3900 ne
1675 3848 1823 3901 nobis
1846 3848 2013 3902 Jndex
2045 3848 2181 3901 dicat
2210 3868 2224 3901 :

678 3939 927 3991 Discedite
951 3954 981 3988 a
1006 3953 1113 3999 me,
1143 3938 1427 4001 maledicti,
1460 3939 1512 3990 in
1539 3938 1699 4005 ignem
1726 3947 1964 3990 aeternum
1994 3949 2224 4007 paratum

677 4028 874 4080 diabolo
899 4035 945 4079 et
971 4027 1164 4095 angelis
1192 4028 1297 4094 ejus
1328 4026 1537 4093 (Matth.
1566 4026 1654 4079 25.
1765 4028 1805 4097 ).

746 4118 799 4169 7.
839 4117 906 4169 At
934 4116 1190 4183 benignus
1214 4124 1293 4166 est
1324 4116 1489 4178 Deus;
1524 4114 1574 4166 id
1605 4129 1707 4167 non
1738 4117 1973 4179 accidet,
2000 4118 2223 4184 inquies.

677 4206 885 4271 Ergone
916 4209 1105 4256 frustra
1136 4205 1384 4270 scriptum
1414 4203 1534 4256 est?
1564 4204 1898 4273 Nequaquam
1918 4245 1931 4268 ,
1960 4206 2101 4269 aies;
2132 4206 2223 4260 sed

677 4294 742 4348 ad
771 4293 1228 4346 comminationem
1254 4294 1444 4357 solum,
1475 4303 1533 4347 ut
1570 4296 1959 4363 resipiscamus.
1990 4297 2043 4351 Si
2073 4298 2227 4365 igitur

676 4399 780 4442 non
802 4385 1186 4451 resipiscamus,
1213 4384 1305 4437 sed
1326 4385 1549 4452 improbi
1577 4400 1899 4451 maneamus,
1928 4404 2121 4452 nonne,
2144 4389 2228 4442 (lic

677 4473 825 4535 mihi,
843 4473 1148 4539 supplicium
1172 4472 1379 4527 inferet?
1405 4474 1539 4542 Ergo
1568 4489 1736 4543 neque
1765 4476 1913 4529 bonis
1933 4480 2224 4531 mercedem

678 4561 970 4613 retribuet?
1021 4560 1314 4625 Retribuat,
1345 4563 1546 4629 inquies
1574 4579 1588 4616 :
1619 4564 1668 4616 id
1698 4565 1834 4617 enim
1857 4566 2025 4633 ipsum
2051 4567 2221 4632 decet,

677 4650 833 4702 etiam
860 4662 1015 4715 supra
1040 4649 1279 4701 meritum
1302 4651 1551 4704 benecia
1592 4652 1848 4707 conferre.
1889 4654 2012 4706 Haec
2054 4655 2227 4723 itaque

677 4755 798 4793 vera
828 4748 968 4801 sunt,
997 4748 1048 4792 et
1065 4754 1277 4806 prorsus
1304 4741 1542 4793 evenient
1573 4760 1585 4793 :
1616 4758 1730 4810 quas
1750 4752 1922 4797 autem
1945 4745 2008 4796 ad
2025 4747 2224 4813 suppli-

679 4831 756 4882 cia
781 4830 1020 4891 attinent,
1045 4831 1400 4896 nequaquam?
1427 4830 1468 4885 0
1491 4831 1700 4883 multam
1723 4833 1911 4887 diaboli
1934 4833 2219 4888 vafritiem!

732 4918 1064 4970 inhumanam
1079 4919 1193 4984 ejus
1214 4918 1618 4973 humanitatem!
1652 4921 1814 4989 Ipsius
1843 4924 1979 4976 enim
2009 4934 2089 4977 est
2114 4925 2225 4978 haec

680 5008 941 5077 cogitatio,
968 5017 1025 5060 ut
1048 5009 1265 5077 gratiam
1315 5008 1550 5063 conferat
1590 5010 1823 5064 inutilem
1874 5021 1927 5065 et
1956 5015 2224 5080 segniores

677 5098 879 5152 reddat.
908 5097 1035 5163 Quia
1060 5097 1208 5150 nevit
1232 5099 1393 5160 enim,
1421 5101 1657 5168 supplicii
1680 5110 1895 5162 metum,
1936 5116 2029 5154 ceu
2056 5104 2222 5170 quod-

677 5187 797 5239 dam
824 5188 1049 5251 frenum,
1084 5186 1131 5239 id
1157 5196 1402 5255 prazstare
1439 5198 1497 5241 ut
1519 5191 1704 5243 animis
1732 5203 1981 5259 angamur
2009 5200 2065 5245 et
2087 5206 2113 5243 a
2142 5194 2219 5244 vi-

679 5275 765 5325 tiis
808 5275 1148 5338 retrahamur,
1181 5275 1309 5327 nihil
1351 5290 1451 5328 non
1489 5278 1594 5343 agit
1634 5287 1685 5331 et
1723 5279 1963 5340 molitur,
2008 5287 2063 5331 ut
2098 5280 2218 5333 illud

683 5363 931 5415 radicitus
954 5364 1158 5428 erellat,
1188 5379 1292 5433 quo
1317 5364 1524 5417 demum
1563 5366 1676 5419 sine
1704 5368 1891 5420 timore
1920 5382 2010 5433 per
2039 5371 2217 5435 praeci-

680 5451 801 5515 pitia
845 5450 1093 5503 feramur.
1136 5452 1407 5515 Quomodo
1439 5453 1593 5520 igitur
1628 5454 1771 5506 illum
1812 5456 2215 5522 superabitnus?

681 5540 1024 5609 Quacumque
1052 5557 1114 5595 ex
1161 5543 1440 5611 Scripturis
1470 5541 1781 5612 proferimus
1808 5544 1985 5599 dicent
2024 5547 2082 5605 ii.
2124 5551 2210 5615 qui

1396 271 1451 326 S.
1492 267 1760 325 JOANNIS
1783 265 2247 321 CIIRYSOSTOMI
2286 265 2593 323 ARCUIEP.
2634 271 3156 334 CONSTANTINOP.

3774 304 3903 359 288

2331 378 2712 445 contradicunt,
2744 384 3163 439 comminationis
3189 401 3343 439 causa
3380 390 3571 457 scripta
3597 406 3735 446 esse.
3773 393 3893 448 Ve

2326 478 2441 516 rum
2470 464 2519 518 id
2539 466 2604 519 de
2633 467 2817 522 futuris
2848 471 2979 525 forte
2998 473 3173 528 dicere
3202 478 3421 543 possint,
3452 480 3549 532 etsi
3593 480 3892 536 admodum

2324 553 2515 619 impie;
2543 555 2608 609 de
2636 561 2912 623 praeteritis
2938 577 3083 626 vero,
3112 563 3279 631 deque
3310 566 3372 618 iis
3412 583 3528 635 quae
3566 569 3675 635 jam
3700 571 3890 624 conti-

2323 654 2637 710 gerunt,non
2666 647 2810 700 item.
2836 648 3215 719 lnterrogemus
3242 655 3394 722 igitur
3408 670 3498 709 eos
3532 674 3545 708 :
3574 660 3893 715 Audistiano

2323 731 2388 784 de
2415 733 2627 798 diluvio,
2659 736 2830 803 deque
2858 740 3083 805 pernicie
3108 741 3194 793 illa
3223 744 3541 797 universali?
3569 762 3688 799 num
3711 750 3888 802 etiam

2323 820 2448 873 illud
2474 824 2892 880 comminationis
2914 842 3066 881 causa
3090 829 3284 883 dictum
3307 831 3511 885 fuerat?
3539 850 3708 889 annon
3736 853 3847 891 con
3865 870 3888 878 -

2325 910 2457 977 tigit,
2488 921 2541 964 et
2569 912 2619 964 in
2650 914 2843 967 exitum
2868 915 3145 971 deductum
3176 920 3295 973 est?
3320 935 3496 975 nonne
3524 923 3574 976 id
3592 925 3891 979 testifican-

2325 1008 2410 1052 tur
2432 1002 2693 1056 Armenia:
2736 1014 2960 1069 montes,
2992 1006 3077 1061 ubi
3124 1023 3243 1062 arca
3274 1012 3551 1064 consedit?
3579 1027 3746 1067 annon
3779 1029 3890 1069 re-

2324 1087 2494 1156 liquis:
2546 1091 2660 1157 ejus
2707 1092 2811 1145 illic
2872 1093 3121 1150 hactenus
3180 1103 3457 1152 servantur
3511 1101 3574 1152 ad
3636 1111 3889 1155 nostram

2322 1176 2727 1232 admonitionem
2756 1181 3097 1249 (a)?Similia
3142 1193 3267 1238 tunc
3309 1187 3461 1239 multi
3506 1187 3763 1251 dicebant,
3805 1205 3891 1244 ac

2324 1283 2416 1335 per
2436 1278 2643 1321 centum
2698 1285 2865 1325 annos
2915 1271 3039 1326 dum
3085 1290 3203 1328 arca
3257 1286 3681 1341 construeretur,
3729 1280 3891 1346 ligna

2322 1365 2639 1424 aptarentur,
2669 1360 2941 1430 justusque
2960 1363 3224 1428 clamaret,
3256 1382 3409 1420 nemo
3432 1377 3544 1421 erat
3568 1370 3651 1436 qui
3680 1369 3888 1423 crede-

2322 1454 2403 1498 ret
2435 1462 2449 1497 :
2479 1448 2567 1500 sed
2596 1450 2714 1517 quia
2746 1465 2847 1503 non
2889 1453 3222 1507 crediderunt
3259 1458 3646 1512 comminationi
3672 1459 3890 1512 verbo-

2322 1549 2458 1599 rum,
2491 1535 2740 1591 ultionem
2774 1550 2991 1606 repente
3019 1556 3081 1595 ac
3109 1544 3280 1611 reipsa
3307 1546 3597 1599 subierunt.
3622 1547 3776 1616 Atqui
3797 1548 3885 1610 is,

2320 1622 2408 1688 qni
2440 1632 2635 1677 tantum
2662 1626 2785 1693 ipsis
2806 1629 3112 1696 supplicium
3142 1632 3333 1698 intulit,
3357 1647 3531 1687 annon
3560 1635 3720 1688 multo
3749 1650 3890 1687 ma-

2317 1711 2402 1778 jus
2454 1713 2604 1767 nobis
2635 1713 2859 1769 inferet?
2883 1731 2984 1769 non
3012 1719 3152 1772 enim
3182 1722 3379 1773 minora
3413 1734 3535 1775 sunt
3570 1723 3679 1775 haec
3714 1724 3891 1778 malis

2322 1798 2461 1853 illius
2489 1802 2752 1869 temporis.
2774 1803 2919 1857 Tunc
2941 1806 3131 1859 illicitis
3155 1809 3379 1862 coitibus
3398 1824 3610 1877 operam
3640 1811 3844 1865 dabant
3867 1830 3886 1864 :

2322 1904 2441 1943 nam
2473 1889 2690 1959 lngressi
2716 1905 2850 1961 sunt,
2882 1897 3064 1964 inquit,
3109 1900 3204 1965 filii
3247 1900 3339 1953 Dei
3365 1902 3432 1955 ad
3456 1902 3591 1968 lias
3616 1905 3894 1957 hominum

2322 1977 2468 2045 (Gen.
2497 1979 2546 2033 6.
2576 1980 2629 2048 2)
2660 1999 2672 2032 :
2698 1998 2837 2037 nunc
2879 1995 3051 2039 autem
3100 1988 3299 2041 nullum
3342 2001 3424 2043 est
3470 2005 3635 2059 genus
3662 1995 3890 2059 peccati

2321 2067 2457 2135 quod
2485 2078 2626 2123 retro
2648 2073 2987 2141 relinquatur.

2392 2157 2714 2211 Maledictum
2766 2160 3098 2217 Sodomorum
3150 2183 3247 2219 non
3286 2171 3521 2235 temporis
3568 2171 3725 2236 spatio
3780 2172 3892 2223 de

2323 2246 2491 2303 letum.
2652 2248 2879 2315 Verum,
2907 2254 2950 2304 si
2991 2254 3191 2321 placet,
3236 2255 3299 2308 ad
3343 2257 3443 2309 alia
3498 2259 3730 2325 supplicii
3779 2274 3893 2327 ge-

2322 2351 2445 2388 nera
2475 2352 2769 2391 sermonem
2798 2353 3189 2409 convertamus,
3226 2354 3283 2397 ut
3311 2362 3374 2399 ex
3403 2348 3677 2414 prmteritis
3702 2348 3897 2404 fututa

2321 2424 2617 2478 credantur.
2675 2427 2806 2480 Num
2858 2430 2975 2496 quis
3023 2441 3248 2485 vestrum
3299 2449 3545 2502 umquam
3600 2436 3648 2488 in
3702 2436 3893 2489 Palae-

2322 2512 2507 2565 stinam
2550 2516 2905 2583 peregrinatus
2948 2519 3063 2572 est?
3091 2520 3214 2572 Mihi
3254 2523 3462 2588 quidem
3512 2524 3736 2577 videtur.
3775 2525 3894 2578 Vos

2322 2615 2447 2668 ergo
2488 2602 2742 2657 dictorum
2787 2607 2991 2659 veritati
3031 2610 3379 2663 testimonium
3427 2610 3579 2663 ferte.
3623 2611 3750 2664 Nam
3802 2614 3888 2663 nlo

2324 2698 2401 2740 tra
2432 2691 2741 2745 Ascalonem
2767 2702 2820 2746 et.
2858 2694 3045 2747 Gazam
3090 2697 3153 2750 ad
3194 2699 3359 2765 ipsum
3409 2710 3726 2767 postremum
3760 2701 3886 2754 Jor-

2322 2776 2472 2831 danis
2516 2780 2653 2833 uvii
2686 2785 2961 2836 terminum
3008 2795 3119 2838 erat
3154 2788 3394 2855 qua-dam
3420 2791 3566 2857 regio
3594 2806 3781 2858 magna
3829 2802 3888 2845 et

2324 2867 2659 2934 feracissima,
2685 2887 2801 2939 qua:
2842 2887 2961 2927 cum
3000 2876 3239 2943 paradiso
3278 2878 3369 2931 Dei
3399 2888 3707 2933 concertare
3760 2894 3891 2948 pos-

2323 2966 2404 3009 set
2437 2972 2449 3006 :
2479 2972 2597 3009 nam
2650 2957 2801 3023 Vidit,
2834 2962 3018 3029 inquit,
3050 2962 3143 3015 Lot
3183 2981 3376 3017 omnem
3414 2968 3667 3035 regionem
3696 2968 3892 3021 circum

2324 3047 2613 3111 Iordanem,
2655 3066 2765 3115 quae
2806 3051 3105 3119 irrigubatur
3127 3056 3267 3123 quasi
3296 3056 3562 3123 paradisus
3589 3055 3685 3109 Dei
3714 3060 3731 3125 (
3755 3055 3891 3110 Gen.

2327 3138 2412 3189 i5.
2448 3138 2556 3204 lO).
2590 3139 2775 3191 Verum
2820 3141 2933 3194 hcce
2977 3157 3115 3196 nunc
3156 3152 3237 3197 est
3279 3145 3514 3198 omnium
3543 3146 3894 3199 deserturum

2325 3224 2698 3279 desertissima.
2730 3228 2878 3281 Stant
2904 3231 3041 3282 enim
3062 3231 3298 3295 arbores,
3322 3242 3374 3285 et
3404 3234 3628 3288 fructum
3660 3234 3891 3298 habent,

2327 3321 2381 3365 at
2418 3312 2616 3394 fructus
2658 3315 2745 3368 ille
2788 3316 2878 3368 irae
2922 3316 3110 3370 divina:
3158 3320 3535 3373 monimentum
3588 3330 3691 3374 ett.
3736 3322 3894 3377 Stant

2326 3402 2679 3470 malogranata
2710 3404 2980 3471 splendida
3013 3406 3143 3460 facie
3171 3422 3316 3475 spem
3359 3410 3551 3462 bonam
3590 3412 3894 3479 ignoranti-

2328 3491 2425 3543 bus
2477 3490 2796 3557 prtebentia,
2836 3492 3074 3547 manibus
3100 3504 3273 3549 autem
3314 3507 3529 3564 accepta
3579 3508 3635 3551 et
3682 3498 3853 3552 fracta
3878 3542 3891 3562 ,

2327 3577 2552 3634 fructum
2582 3579 2795 3647 quidem
2819 3582 3046 3646 nullum,
3094 3584 3185 3636 sed
3235 3584 3501 3652 pulverem
3544 3588 3895 3656 cineremque

2328 3669 2547 3721 multum
2575 3671 2712 3722 intus
2743 3672 2966 3737 positum
2992 3672 3258 3726 exhibent.
3288 3675 3428 3728 Talis
3452 3686 3532 3728 est
3559 3686 3725 3742 terra,
3761 3680 3897 3733 tales

2330 3756 2547 3822 lapides,
2578 3757 2692 3809 talis
2718 3758 2828 3824 ipse
2857 3774 2965 3810 aer.
2996 3760 3182 3812 Omnia
3204 3762 3411 3814 incensa
3435 3774 3559 3815 sunt
3593 3805 3605 3825 ,
3633 3768 3819 3818 omnia
3842 3769 3895 3819 in

2329 3844 2558 3897 cinerem
2585 3844 2816 3908 redacta,
2846 3855 3192 3915 praeterquam
3222 3849 3313 3900 ira:
3348 3852 3699 3915 monimenta,
3730 3853 3894 3906 futuri

2332 3933 2572 3999 supplicii
2594 3932 2803 3987 indicia.
2833 3933 2964 3987 Num
2991 3943 3043 3987 et
3073 3936 3185 3989 haac
3202 3945 3324 3989 sunt
3352 3938 3635 3991 verborum
3660 3944 3894 3994 commi-

2330 4020 2607 4077 nationes?
2635 4036 2761 4076 num
2790 4031 2843 4075 et
2871 4021 2983 4076 hare
3010 4036 3310 4078 sermonum
3343 4028 3638 4094 strepitus?
3674 4028 3733 4083 Si
3777 4033 3895 4098 quis

2330 4128 2434 4165 non
2456 4113 2623 4167 credit
2639 4112 2913 4180 gehennai,
2941 4113 3221 4169 Sodomam
3264 4117 3497 4183 cogitet,
3530 4118 3893 4175 Gomorrbam

2331 4216 2507 4254 secum
2552 4210 2787 4268 reputet,
2838 4202 3144 4269 supplicium
3190 4204 3428 4258 videlicet
3466 4206 3576 4272 jam
3617 4221 3894 4277 sumptum

2331 4299 2382 4341 et
2408 4289 2657 4340 hactenus
2683 4302 2917 4340 manens.
2953 4287 3003 4340 Id
3032 4289 3169 4355 quod
3204 4290 3377 4343 divina
3418 4292 3696 4360 Scriptura
3735 4313 3895 4350 enar-

2331 4393 2451 4430 rans
2473 4377 2537 4430 de
2557 4378 2804 4445 sapientia
2834 4378 2909 4430 sic
2936 4378 3165 4445 loquitur
3193 4398 3205 4431 :
3242 4380 3363 4434 licet:
3378 4385 3596 4450 justmn,
3635 4394 3895 4452 per-eunti.

2330 4468 2419 4519 bus
2444 4467 2627 4533 impiis,
2665 4466 2884 4519 liberavit
2921 4469 3186 4535 fugientem
3215 4470 3593 4526 descendentem
3628 4476 3805 4544 ignem
3845 4482 3892 4531 in

2332 4555 2645 4623 Pentapolim
2674 4555 2824 4623 (Sap.
2857 4556 2937 4609 10.
2968 4558 3017 4609 6.
3045 4559 3121 4625 7).
3151 4559 3270 4612 llaec
3297 4561 3456 4614 etiam
3486 4579 3628 4617 nunc
3662 4565 3729 4620 lu
3759 4571 3895 4623 testi-

2329 4646 2543 4697 monium
2569 4644 2793 4711 nequitia:
2814 4646 3062 4713 [umigans
3080 4658 3175 4699 stat
3195 4648 3384 4700 deserta
3410 4660 3542 4703 terra
3560 4693 3573 4715 ,
3609 4664 3657 4705 et
3699 4657 3893 4711 incerto

2328 4742 2541 4800 tempore
2566 4738 2753 4800 fructus
2778 4735 3006 4785 arborum
3033 4738 3225 4789 emittit.
3252 4737 3478 4793 Necesse
3519 4752 3700 4796 autem
3735 4760 3819 4799 est
3844 4759 3892 4800 et

2328 4844 2537 4882 causam
2568 4831 2743 4883 dicere
2768 4830 2834 4883 ob
2866 4846 3019 4897 quam
3054 4832 3175 4884 talia
3216 4834 3351 4899 passi
3386 4844 3530 4888 sunt.
3562 4837 3747 4892 Unum
3778 4851 3892 4894 erat

2327 4932 2506 4972 eorum
2530 4920 2715 4977 scelus,
2729 4931 2887 4985 grave
2898 4918 3102 4984 quidem
3130 4930 3183 4972 et
3213 4923 3627 4989 exsecrandum;
3653 4937 3892 4982 attamen

2327 5023 2508 5060 unum.
2535 5007 2721 5060 Insano
2744 5008 2793 5057 in
2835 5020 3024 5072 pueros
3067 5022 3245 5061 amore
3287 5009 3626 5077 ferebantur,
3662 5015 3892 5085 ideoque

2328 5097 2476 5163 ignea
2531 5094 2711 5165 pluvia
2748 5095 3002 5147 combusti
3040 5105 3197 5148 sunt:
3232 5113 3370 5152 nunc
3414 5111 3589 5154 autem
3630 5116 3888 5160 sexcenta

2326 5200 2465 5252 parta
2492 5196 2544 5238 et
2567 5185 2807 5252 graviora
2839 5194 3222 5251 perpetrantur,
3255 5202 3426 5255 neque
3452 5191 3556 5244 tale
3577 5192 3884 5252 incendium

2326 5281 2636 5327 immittitur.
2668 5272 2876 5336 Quare?
2899 5272 3027 5338 Quia
3064 5274 3197 5327 alius
3240 5277 3373 5343 ignis
3402 5291 3740 5347 prmparatus
3768 5296 3883 5350 est,

2324 5378 2601 5430 numquam
2631 5362 3053 5429 cxstinguendus.
3079 5364 3350 5428 Quomodo
3378 5368 3518 5420 enim
3544 5371 3635 5436 qui
3659 5386 3758 5439 pro
3780 5389 3882 5426 uno

2974 5500 3189 5554 tempore
3214 5494 3532 5559 Chrysostomi
3558 5498 3608 5547 in
3634 5503 3880 5552 montibus
