4140 6314
187 326 296 384 287

166 428 368 493 ἀκτῖνος
411 432 520 501 γάρ
562 435 708 503 ἡμᾶς
751 436 1061 507 ἐπιστρέφει
1093 440 1277 509 μόνος,
1320 445 1513 498 καὶτὰ
1560 449 1808 516 πορφυρᾶ

194 524 373 594 βάτια,
400 528 493 580 καὶ
518 530 579 582 τὸ
606 530 855 600 διάδημα,
888 534 977 586 καὶ
1015 537 1045 604 ή
1087 537 1340 607 καθέδρα,
1384 543 1475 593 καὶ
1520 542 1553 609 ἡ
1585 544 1802 612 περόνη,

170 620 263 670 καὶ
300 619 366 673 τά
400 622 731 693 ὑποδήματα,
760 628 906 697 καὶὴ
939 629 1034 697 τῆς
1067 630 1241 699 ὅψεως
1275 633 1589 702 λαμπηδὼν.
1626 638 1807 691 Ταῦτα

169 708 260 767 οὖν
300 716 512 770 ἅπαντα
544 722 855 788 συναγαγὼν
900 725 1155 794 ἀκριϐῶς,
1205 728 1309 779 ἀπὸ
1336 730 1534 784 τούτων
1584 734 1809 799 μετάθες

170 808 331 862 πάλιν
361 811 451 863 ἐπὶ
484 813 550 865 τὰ
576 814 683 867 ἀνω
717 816 803 868 τὸν
831 817 1102 887 λογισμὸν,
1139 823 1231 873 καὶ
1260 821 1356 891 τὴν
1386 824 1594 893 ἡμέραν
1628 827 1808 896 ἐννόη-

172 918 263 955 σον
302 904 398 973 τὴν
444 907 691 977 φοϐεράν,
734 911 853 963 καθ’
896 912 962 981 ἡν
1000 916 1026 965 6
1060 916 1285 984 Χριστὸς
1317 922 1692 988 παραγίνεται.
1727 924 1798 975 Οὒ

167 997 277 1066 γὰρ
320 998 509 1067 ζεῦγος
550 1005 782 1073 ἡμιόνων
818 1008 933 1076 ὄψει
969 1011 1108 1074 τότε,
1155 1014 1271 1066 οὐδὲ
1310 1017 1556 1085 ὀχήματα
1597 1021 1804 1087 χρυσᾶ,

166 1090 286 1143 οὶδὲ
324 1093 615 1162 δράκοντας
647 1100 738 1151 κα)⁸
769 1101 1012 1165 ἀσπίδας.
1043 1106 1153 1157 ἀλλ’
1180 1107 1208 1158 6
1251 1109 1445 1180 πολλῆς
1484 1112 1641 1180 γέμει
1684 1115 1807 1183 φρί-

167 1200 291 1253 κης,
328 1189 419 1239 καὶ
446 1190 705 1259 τοσαύτην
730 1195 942 1262 ὲμποιεῖ
975 1198 1072 1266 τὴν
1098 1199 1368 1262 ἔκστασιν,
1412 1205 1487 1267 ώς
1519 1207 1611 1258 καὶ
1643 1207 1807 1268 αὑτάς

170 1280 504 1351 ικπλαγῆναι
530 1284 627 1347 τὰς
664 1288 940 1356 οὐρανίους
977 1293 1255 1362 δυνάμεις·
1288 1301 1355 1350 Αἱ
1390 1300 1495 1367 γάρ
1531 1300 1807 1369 δυνάμεις

169 1371 289 1424 τῶν
315 1376 600 1441 οὐρανῶν,
630 1382 778 1449 φησὶ,
800 1388 1295 1451 σαλευθήσονται.
1332 1389 1480 1461 [296]
1508 1396 1637 1447 Τότε
1672 1396 1808 1449 ἀνοί-

169 1478 329 1529 τεται
364 1470 461 1534 μὲν
500 1470 639 1533 ἄπας
663 1474 691 1525 6
717 1476 966 1543 οὐρανὸς,
1008 1480 1213 1533 κάτεισι
1247 1483 1300 1535 δὲ
1328 1487 1355 1536 6
1389 1488 1674 1558 μονογενὴς
1713 1490 1803 1543 τοῦ

169 1557 303 1610 θεοῦ
346 1562 493 1625 Υἱὸς,
519 1565 616 1617 οὐκ
657 1569 845 1632 είκοσι,
875 1571 991 1623 οὐδὲ
1020 1574 1208 1625 ἑκατὸν
1237 1557 1665 1647 δορυφορούντων
1706 1582 1805 1634 αὑ-

167 1650 276 1714 τὸν,
320 1655 453 1707 ἀλλά
480 1658 724 1725 χιλιάδων
758 1664 847 1715 καὶ
882 1666 1151 1734 μυριάδων
1178 1668 1416 1735 ἀγγέλων
1452 1688 1511 1723 τε
1549 1674 1638 1725 καὶ
1670 1676 1805 1743 ἀρχ-

167 1749 453 1812 αγγέλων,
496 1753 583 1803 καὶ
628 1754 800 1808 πάντα
844 1757 993 1811 ἔσται
1046 1760 1206 1826 φόϐου
1248 1765 1338 1815 καὶ
1373 1766 1568 1834 τρόμου
1604 1767 1798 1836 μεστά,

165 1840 263 1908 τῆς
296 1842 399 1909 γῆς
425 1844 919 1922 ἀναρρηγνυμένης,
960 1855 1053 1906 καὶ
1098 1856 1204 1907 τῶν
1246 1859 1460 1912 πώποτε
1504 1862 1803 1931 γενομένων

165 1932 489 2001 ἀνθρώπων,
532 1940 588 2004 ἐξ
635 1933 695 1993 οὗ
727 1943 943 2012 γέγονεν
984 1950 1011 2001 6
1050 1952 1215 2020 Ἀδὰμ
1261 1954 1419 2023 μέχρι
1464 1958 1560 2026 τῆς
1595 1958 1804 2028 ἡμέρας

165 2027 403 2096 ἐκείνης.
432 2032 536 2086 ἀπὸ
572 2036 673 2105 γῆς
698 2039 1082 2110 ἀνισταμένων,
1129 2049 1221 2099 καὶ
1257 2050 1666 2119 ἁρπαζομένων,
1708 2056 1804 2106 αὑ-

164 2120 255 2173 τοῦ
303 2125 442 2190 μετά
486 2130 746 2201 τοσαύτης
783 2138 1095 2207 φαινομένου
1128 2141 1311 2209 δόξης,
1356 2145 1493 2198 ὥστε
1531 2148 1619 2199 τὸν
1659 2148 1805 2221 ἡλιον

168 2218 258 2269 καὶ
285 2218 387 2288 τὴν
429 2222 653 2296 σελήνην
687 2230 827 2284 ἀπαν
860 2234 1058 2304 κρύψαι
1105 2238 1163 2289 τὸ
1202 2241 1333 2306 φῶς,
1376 2242 1477 2294 ὑπὸ
1506 2244 1604 2311 τῆς
1636 2218 1805 2312 αύγῆς

166 2309 380 2381 ἐκείνης
404 2315 897 2392 ύπερλαμπόμενον.
936 2327 1093 2393 Ἀλλ’,
1136 2330 1277 2399 οἴμοι
1313 2335 1409 2402 τῆς
1440 2309 1633 2404 πολλῆς
1663 2309 1806 2390 ἀναι-

169 2404 413 2473 σθησίας,
441 2411 540 2473 δτι,
567 2414 812 2471 τοιούτων
838 2423 1289 2493 προσδοκωμένων
1310 2429 1545 2493 ἀγαθῶν,
1572 2430 1649 2482 ἔτι
1673 2431 1805 2499 πρὸς

169 2498 233 2551 τά
271 2505 514 2572 παρόντα
550 2513 870 2580 κεχήναμεν.
918 2518 1008 2568 καὶ
1045 2520 1141 2570 οὐκ
1179 2522 1455 2589 ἐννοοῦμεν
1498 2523 1590 2575 τοῦ
1630 2498 1806 2577 διαϐό-

188 2610 257 2646 .ου
283 2597 379 2664 τὴν
408 2604 753 2671 κακουργίαν,
778 2605 835 2670 ὃς
861 2607 946 2661 διά
970 2612 1076 2662 τῶν
1109 2614 1315 2683 μικρῶν
1338 2616 1401 2667 τὰ
1433 2618 1637 2686 μεγάλα
1665 2621 1809 2689 ἡμᾶς

173 2688 499 2756 ἀφαιρεῖται,
532 2695 624 2747 καὶ
648 2696 826 2750 δίδωσι
855 2700 1038 2770 πηλὸν,
1067 2704 1151 2757 ἵνα
1192 2707 1406 2776 ἁρπάσῃ
1440 2688 1693 2777 οὐρανὸν,
1714 2712 1807 2763 καὶ

168 2780 403 2835 δείκνυσι
438 2801 611 2849 σκιάν,
653 2790 737 2843 ίνα
782 2792 979 2864 ἐκϐάλῃ
1010 2800 1105 2865 τῆς
1141 2798 1417 2868 ἀληθείας,
1458 2802 1549 2854 καὶ
1578 2804 1634 2855 ὲν
1673 2804 1807 2856 όνεί-

172 2889 284 2939 ροις
327 2880 583 2944 φαντάζει
616 2882 802 2951 (τοῦτο
833 2886 939 2957 γὰρ
966 2890 993 2940 6
1024 2890 1209 2954 παρὼν
1244 2893 1514 2965 πλοῦτος),
1547 2896 1633 2961 ἵν’,
1666 2898 1805 2966 ἠμέ-⁹

172 2983 272 3037 ρας
317 2974 629 3043 γενομένης,
668 2974 814 3049 δείξῃ
852 2980 1062 3033 πάντων
1101 2988 1465 3056 πενεστέρους.
1494 2989 1667 3059 Ἀπερ
1704 3008 1806 3059 μα-

169 3060 369 3125 θόντες,
402 3065 690 3136 ἀγαπητοὶ,
721 3070 973 3140 φύγωμεν
1001 3075 1089 3127 τὸν
1118 3077 1318 3129 ἐκείνου
1347 3079 1511 3143 δόλον,
1551 3082 1805 3150 φύγωμεν

165 3155 266 3221 τὴν
317 3159 434 3224 μετ’
469 3160 672 3214 ἐκείνου
700 3164 1034 3235 κατάκρισιν,
1068 3168 1154 3221 ἵνα
1198 3171 1269 3240 μὴ
1318 3173 1410 3225 καὶ
1443 3174 1575 3241 πρὸς
1600 3177 1747 3244 ἡμᾶς
1776 3177 1805 3228 6

207 3248 360 3318 ριτὴς
402 3252 526 3324 εῐπῃ
546 3268 558 3281 ·
599 3257 923 3321 Πορεύεσθε
958 3260 1057 3314 ἀπ’
1093 3262 1257 3329 ἐμοῦ,
1298 3268 1351 3317 οί
1388 3269 1801 3335 κατηραμένοι,

185 3343 253 3407 τις
282 3344 346 3397 τὸ
383 3345 501 3413 πῦρ
530 3348 595 3400 τὸ
626 3349 860 3406 αἰώνιον
887 3355 953 3409 τὸ
982 3357 1416 3427 ἡτοιμασμένον
1450 3361 1529 3425 τῷ
1557 3362 1809 3431 διαϐόλῳ

166 3435 267 3489 καί
302 3438 424 3504 τοῖς
449 3441 718 3510 ἀγγέλοις
746 3447 945 3501 αὐτοῦ.

233 3532 300 3591 ζ’.
340 3532 498 3586 Ἀλλά
529 3538 897 3607 φιλάνθρωπός
924 3543 1068 3596 ἐστιν
1089 3546 1116 3597 6
1151 3546 1279 3610 Θεός
1298 3565 1309 3576 ·
1340 3550 1436 3602 οὐκ
1460 3551 1607 3604 ἔσται
1628 3552 1798 3615 τοῦτο,

166 3624 349 3692 φησίν.
377 3626 581 3679 Οὐκοῦν
610 3630 725 3699 είκῆ
753 3632 1085 3702 γέγραπται;
1120 3638 1269 3706 Οὐχὶ,
1304 3642 1484 3708 φησὶν.
1513 3644 1644 3697 ἀλλά
1670 3645 1801 3713 πρὸς

168 3715 399 3787 ἀπειλὴν
434 3719 607 3787 μόνον,
653 3723 736 3775 ίνα
770 3727 1147 3798 σωφρονῶμεν.
1174 3732 1268 3784 Ἂν
1299 3730 1388 3785 οὖν
1424 3736 1495 3805 μὴ
1527 3737 1804 3805 σωφρονῶ-

170 3824 294 3877 μεν,
322 3810 457 3864 ἀλλά
486 3813 727 3882 μένωμεν
756 3820 931 3882 κακοὶ,
955 3823 1052 3874 οὐκ
1080 3824 1264 3888 ἑπάξει
1293 3826 1386 3896 τὴν
1414 3830 1657 3895 κόλασιν;
1685 3832 1804 3884 εἰπέ

169 3918 282 3970 μοι.
310 3905 517 3957 Οὐκοῦν
551 3907 668 3961 οὐδὲ
703 3914 814 3974 τοῖς
854 3914 1073 3981 ἀγαθοῖς
1118 3917 1377 3972 ἀποδώσει
1411 3922 1507 3984 τὰς
1544 3924 1801 3993 ἀμοιϐάς;

165 3994 296 4057 Ναὶ,
325 3999 493 4065 φησί·
525 3999 679 4054 τοῦτο
709 4002 815 4072 γὰρ
848 4007 1052 4075 πρέπον
1082 4010 1225 4079 αὐτῷ
1253 4013 1344 4063 καὶ
1372 4014 1508 4083 ὑπὲρ
1532 4017 1626 4087 τὴν
1652 4016 1804 4080 ἀξίαν

168 4088 495 4156 εὐεργετεῖν.
524 4092 683 4147 Ὥστε
725 4096 903 4149 ἐκεῖνα
944 4099 1117 4169 ἀληθῆ
1149 4102 1241 4155 καὶ
1286 4106 1495 4169 πάντως
1535 4108 1702 4171 ἔσται,
1736 4111 1804 4162 τά

163 4180 219 4232 δὲ
246 4182 353 4233 τῶν
382 4183 649 4237 κολάσεων
686 4187 743 4239 οὺ
778 4190 1020 4257 πάντως;
1051 4194 1113 4245 Ὢ
1139 4194 1236 4263 τῆς
1266 4197 1460 4267 πολλῆς
1497 4199 1588 4251 τοῦ
1632 4200 1804 4253 διαϐό-

166 4270 257 4323 λου
284 4275 657 4342 κακοτεχνίας,
683 4277 727 4329 ὣ
763 4279 859 4348 τῆς
888 4282 1243 4352 ἀπανθρώπου
1270 4287 1466 4357 ταύτης
1505 4290 1802 4361 φιλανθρω-

166 4365 315 4427 πίας.
355 4368 589 4422 Ἐκείνου
621 4371 724 4441 γάρ
750 4372 891 4425 ἐστιν
918 4370 1065 4437 οὗτος
1091 4380 1117 4428 6
1143 4377 1395 4447 λογισμὸς
1424 4382 1577 4450 χάριν
1617 4384 1805 4452 ἀνόνη-

163 4475 255 4511 τον
285 4462 631 4532 χαριζόμενος
666 4467 757 4518 καὶ
800 4469 1070 4537 ῥᾳθύμους
1108 4474 1289 4527 ποιῶν.
1330 4476 1545 4544 Ἐπειδὴ
1586 4478 1691 4548 γάρ
1729 4474 1805 4531 οἷ-

162 4553 271 4615 δεν,
297 4554 378 4605 δτι
404 4555 498 4623 τῆς
524 4555 787 4621 κολάσεως
812 4560 839 4610 6
870 4562 1047 4628 φόϐος,
1073 4564 1313 4636 καθάπερ
1344 4585 1423 4629 τις
1448 4571 1675 4637 χαλινὸς,
1707 4573 1803 4641 τὴν

171 4648 443 4716 ἡμετέραν
494 4651 645 4718 ἄγχει
700 4652 889 4723 ψυχὴν,
937 4657 1027 4707 καὶ
1073 4658 1180 4709 τῶν
1237 4662 1417 4713 κακῶν
1463 4665 1799 4729 ἀναστέλλει,

170 4742 349 4795 πάντα
391 4747 533 4796 ποιεῖ
560 4748 650 4798 καὶ
697 4752 1150 4819 πραγματεύεται,
1183 4753 1317 4806 ὥστε
1353 4758 1637 4827 πρόρριζον
1676 4761 1803 4814 ἀνα-

164 4837 371 4889 σπάσαι
402 4838 602 4902 τοῦτον,
629 4841 711 4892 ἵνα
749 4842 927 4895 λοιπὸν
962 4846 1126 4909 ἀδεῶς
1159 4850 1295 4900 κατά
1325 4853 1578 4919 κρημνῶν
1624 4856 1798 4923 φερώ-

168 4921 326 4988 μεθα.
358 4922 479 4984 Πῶς
507 4920 597 4976 οὖν
629 4926 787 4978 αὑτοῦ
830 4930 1267 4999 περιγενώμεθα;
1298 4935 1433 4988 Ὅσα
1464 4937 1526 4988 ἂν
1564 4940 1802 5009 εἴπωμεν

162 5014 271 5066 ἀπὺ
296 5016 406 5067 τῶν
447 5016 690 5087 Γραφῶν,
724 5019 935 5089 ἐροῦσιν
964 5024 1011 5073 οἱ
1054 5026 1435 5092 ἀντιλέγοντες,
1467 5031 1547 5082 ὅτι
1580 5033 1803 5104 ἀπειλῆς

167 5108 351 5161 ἓνεκεν
381 5110 700 5180 γέγραπται.
729 5114 883 5167 Ἀλλά
913 5118 1037 5185 περὶ
1065 5118 1159 5186 μὲν
1181 5121 1284 5173 τῶν
1312 5124 1603 5191 μελλόντων
1632 5128 1801 5196 ἔχοιεν

167 5201 232 5253 ἀν
270 5202 427 5255 τοῦτο
456 5204 649 5272 λέγειν,
690 5208 737 5258 εί
770 5209 862 5261 καὶ
890 5209 1004 5261 λίαν
1033 5213 1268 5276 ἀσεϐῶς·
1304 5219 1428 5287 περὶ¹
1467 5219 1522 5271 δὲ
1560 5220 1665 5273 τῶν
1710 5224 1800 5275 ὲκ-

167 5293 477 5363 ϐεϐηκότων
518 5299 616 5351 οὐκ
662 5300 771 5363 ἔτι,
823 5303 915 5355 καὶ
961 5304 1110 5367 τέλος
1159 5309 1480 5379 ἐσχηκότων.
1525 5313 1801 5383 Ἐρώμεθα

167 5390 346 5442 τοίνυν
368 5392 558 5455 αὐτούς
580 5396 897 5451 ’Ἠκούσατε
916 5400 1034 5467 περὶ
1058 5400 1148 5451 τοῦ
1184 5406 1554 5475 κατακλυσμοῦ
1588 5410 1679 5461 καὶ
1704 5410 1801 5477 τῆς

168 5488 535 5558 πανωλεθρίας
574 5489 810 5560 ὲκείνης;
861 5494 932 5562 μὴ
977 5498 1191 5549 κάκεῖνο
1228 5500 1448 5571 ἀπειλῆς
1500 5506 1677 5556 ἕνεκεν
1725 5506 1801 5555 εί-

170 5601 335 5655 ρητο;
368 5586 483 5656 οὐχ).
529 5586 738 5657 γέγονε,
784 5590 883 5641 καὶ
907 5592 985 5653 εἰς
1032 5591 1185 5660 ἔργον
1216 5594 1410 5662 ὲξέ6η;
1450 5600 1565 5668 οὐχὶ
1604 5603 1693 5653 καὶ
1735 5602 1799 5654 τά

1438 331 1525 386 DE
1567 332 1918 391 PERFECTA
1956 336 2316 399 CARITATE.

3428 373 3537 431 288

1909 450 2007 523 ὅρη
2039 462 2298 529 μαρτυρεῖ
2341 464 2437 531 τῆς
2475 464 2791 536 Ἀρμενίας,
2837 468 3021 537 ἕνθαὴ
3063 471 3287 533 κιϐωτὸς
3323 472 3544 542 ίδρύθης

1907 552 2025 621 οὐχὶ
2054 552 2147 605 καὶ
2185 555 2251 609 τά
2287 554 2506 625 λείψανα
2534 560 2702 626 αὐτῆς
2726 562 2828 623 ἓως
2855 564 2947 615 νῦν
2991 565 3104 615 ἐκεῖ
3146 563 3370 628 σώζεται
3410 566 3543 635 πρὸς

1908 647 2174 717 ἡμετέραν
2204 651 2531 722 ὑπόμνησινς
2566 656 2799 710 Τοιαῦτα
2830 659 2921 711 καὶ
2957 659 3074 711 τότε
3116 660 3297 713 πολλοὶ
3337 663 3537 731 ελεγον.

1909 739 2001 793 καὶ
2038 743 2093 795 ὲν
2138 744 2326 797 ἑκατὸν
2370 746 2510 800 ἔτεσι
2560 749 2659 816 τῆς
2692 751 2917 804 κιϐωτοῦ
2952 757 3399 825 τεκταινομένης,
3445 761 3540 814 καὶ

1906 831 2010 887 τῶν
2038 834 2204 898 ξύλων
2238 842 2841 909 κατασκευαζομένων,
2874 848 2963 898 καὶ
2991 849 3083 899 τοῦ
3123 850 3328 903 δικαίου
3378 850 3538 920 βοῶν-

1905 942 2013 989 τος,
2055 930 2227 994 οὐδεὶς
2259 934 2287 984 6
2319 936 2583 988 πιστεύων
2610 933 2705 1006 ἦν·
2740 940 2852 991 ἀλλ’
2879 943 3059 1013 ἐπειδὴ
3085 946 3183 996 οὐκ
3221 945 3537 1001 ἐπίστευσαν

1906 1014 1970 1080 τῇ
2002 1012 2086 1065 διά
2127 1015 2232 1066 τῶν
2262 1018 2515 1086 ῥημάτων
2554 1022 2779 1093 ἀπειλῇ,
2818 1026 2913 1095 τὴν
2940 1028 3025 1079 διὰ
3052 1012 3159 1080 τῶν
3202 1032 3538 1099 πραγμάτων

1907 1105 2210 1176 ὑπέστησαν
2238 1114 2500 1181 τιμωρίαν
2532 1114 2739 1184 ἀθρόον.
2788 1115 2916 1171 Εἶτα
2954 1123 2980 1172 6
3023 1123 3273 1190 τοιαύτην
3315 1123 3533 1176 κόλασιν

1907 1199 2055 1271 [297]
2080 1203 2367 1271 ἐπαγαγὼν
2389 1208 2629 1274 ἐκείνοις,
2654 1212 2714 1263 οὗ
2745 1213 2917 1281 πολλῷ
2948 1216 3139 1283 μᾶλλον
3164 1217 3347 1280 ἐπάξει
3374 1218 3532 1285 ήμῖνς
3597 1216 3599 1218 ’

1904 1295 1965 1347 οὐ
2003 1297 2107 1366 γὰρ
2136 1297 2387 1353 ἐλάττονα
2420 1302 2525 1354 τῶν
2549 1304 2665 1356 τότε
2689 1307 2869 1359 κακῶν
2894 1307 2960 1359 τὰ
2989 1307 3081 1358 νῦν
3107 1310 3377 1377 γινόμενα.
3403 1309 3533 1362 Τότε

1909 1389 2004 1456 μὲν
2032 1389 2139 1458 γάρ
2170 1391 2440 1459 ἐπιμιξίας
2480 1394 2691 1447 ἐποίουν
2727 1397 3026 1467 ἀθέσμους·
3066 1399 3366 1466 Είσῆ.ῖθον
3404 1404 3533 1473 γὰρ.

1906 1486 2085 1553 φησὶν,
2113 1489 2167 1539 οί
2192 1488 2305 1540 vlo!
2340 1489 2443 1541 τοῦ
2474 1490 2617 1543 Θεοῦ
2644 1492 2788 1558 πρὸς
2817 1494 2920 1558 τὰς
2951 1494 3269 1562 θυγατέρας
3293 1495 3409 1549 τῶν
3435 1500 3534 1551 ἀνα

1904 1580 2173 1647 θρώπωνθ
2204 1582 2297 1636 νῦν
2321 1582 2376 1636 δὲ
2406 1584 2503 1637 οὐκ
2540 1585 2683 1639 ἔστιν
2711 1582 2843 1650 εῐδος
2885 1590 3153 1659 ἁμαρτίας
3182 1592 3475 1663 ἄπρακτον,
3508 1591 3535 1645 δ

1904 1679 2377 1748 καταλιμπάνεται.

1983 1831 2138 1896 Ἀλλ’,
2167 1836 2213 1887 εί
2244 1835 2403 1899 δοκεῖ,
2437 1838 2528 1889 καὶ
2561 1838 2645 1904 ἐφ’
2680 1838 2841 1909 ἕτερα
2872 1840 3138 1904 κολάσεως
3166 1842 3275 1911 είδη
3315 1841 3405 1893 τὸν
3447 1841 3532 1892 λό-

1900 1944 1994 1996 γον
2030 1930 2335 1999 ἀγάγωμεν,
2361 1932 2446 1984 ῖνα
2482 1934 2545 1984 ὲκ
2574 1934 2679 1987 τῶν
2714 1934 3012 2002 γενομένων
3052 1938 3143 1988 καὶ
3179 1935 3246 1988 τὰ
3278 1936 3531 2003 μέλλοντα

1901 2026 2176 2096 πιστευθῇ.
2211 2028 2541 2097 Ἐπεδήμησέ
2586 2046 2667 2092 τις
2709 2030 2859 2101 ὑμῶν
2900 2035 2962 2102 τῇ
2999 2034 3320 2103 Παλαιστίνῃ
3364 2032 3528 2094 ποτέ;

1904 2120 2111 2186 Ἔγωγε
2147 2116 2316 2189 οἶμαι.
2357 2121 2558 2175 Οὐκοῦν
2596 2123 2751 2192 ὑμεῖς
2785 2127 3158 2194 μαρτυρήσατε
3199 2128 3261 2195 τῇ
3308 2123 3532 2195 ἀληθείᾳ

1899 2213 2007 2266 τῶν
2046 2213 2361 2281 λεγομένων.
2399 2216 2725 2277 Ἀσκάλωνος
2766 2217 2872 2285 γάρ
2914 2219 3005 2269 καὶ
3052 2219 3225 2286 Γάζης
3264 2218 3529 2288 ἀνώτερον

1900 2307 1978 2367 είς
2010 2306 2138 2357 αὐτὸ
2177 2304 2267 2357 τοῦ
2304 2306 2564 2375 Ἰορδάνου
2597 2309 2837 2375 ποταμοῦ
2872 2311 2931 2361 :6
2971 2311 3118 2369 τέλος
3160 2307 3227 2379 ἦν
3267 2329 3350 2374 τις
3383 2312 3532 2383 χώρα

1900 2399 2061 2466 πολλή
2090 2414 2145 2451 τε
2175 2401 2263 2451 καὶ
2289 2398 2530 2469 εὔφορος,
2562 2403 2652 2454 καὶ
2679 2403 2753 2470 τῷ
2779 2404 3081 2472 παραδείσῳ
3106 2404 3199 2457 τοῦ
3225 2405 3357 2458 Θεοῦ
3383 2406 3534 2476 ἀμιλ-

1898 2490 2136 2562 ὶιωμένη·
2164 2490 2298 2547 Εἷδε
2333 2494 2459 2564 γάρ,
2486 2496 2634 2563 φησὶ,
2667 2496 2791 2549 Λὼτ
2831 2496 3034 2552 πᾶσαν
3064 2498 3175 2563 τὴν
3208 2500 3532 2568 περίχωρον

1898 2588 2001 2640 σοῦ
2030 2588 2336 2654 Ἰορδάνου.
2377 2588 2470 2641 καί
2502 2586 2579 2657 ἦν
2618 2589 2959 2658 ποτιζομένῃ
2999 2591 3077 2655 ὡς
3111 2595 3142 2644 ὀ
3179 2592 3533 2659 παράδεισος

1899 2684 2000 2736 τοῦ
2039 2684 2201 2736 Θεοῦ.
2239 2684 2396 2737 Ἀλλά
2442 2684 2533 2738 νῦν
2577 2684 2712 2753 αῦτη
2748 2688 2928 2738 πασῶν
2962 2687 3068 2738 τῶν
3122 2689 3341 2758 ἐρήμων
3386 2691 3533 2742 ἐστὶν

1899 2776 2216 2845 ὲρημοτέρα.
2240 2776 2472 2845 Ἕστηκε
2518 2778 2611 2845 μὲν
2645 2776 2749 2847 γάρ
2774 2778 2985 2849 δένδρα,
3028 2782 3119 2833 καὶ
3158 2781 3366 2851 καρπὸν
3396 2782 3529 2851 εχει,

1898 2871 1926 2921 6
1948 2871 2001 2922 δὲ
2029 2869 2236 2938 καρπὸς
2256 2870 2351 2939 τῆς
2377 2870 2466 2923 τοῦ
2491 2870 2619 2923 Θεοῦ
2648 2872 2812 2942 ὀργῆς
2833 2876 2977 2927 ἐστιν
3003 2875 3313 2944 ὑπόμνημα,
3344 2877 3530 2945 Ἐστή-

1899 2980 2023 3016 κασι
2054 2963 2159 3032 γὰρ
2211 2964 2349 3032 ῥοιαὶ
2393 2963 2645 3033 λαμπράν
2676 2966 2772 3033 μὲν
2806 2965 3017 3034 ἔχουσαι
3049 2970 3145 3033 τὴν
3195 2972 3526 3036 ἐπιφάνειαν,

1898 3058 1991 3109 καὶ
2021 3056 2254 3126 χρηστὰς
2280 3057 2603 3125 παρέχουσαι
2634 3061 2745 3119 τοῖς
2779 3059 3055 3125 ἀγνοοῦσιν
3091 3062 3325 3124 ἐλπίδας,
3360 3066 3438 3126 είς
3474 3064 3531 3118 δὲ

1898 3153 2080 3219 χεῖρας
2123 3150 2402 3219 ληφθεῖσαι
2437 3153 2527 3203 καὶ
2574 3151 3007 3219 διακλασθεῖσαι,
3055 3158 3262 3225 καρπον
3306 3157 3402 3225 μὶν
3438 3159 3533 3211 οὐ-

1897 3245 2037 3308 δένα,
2078 3246 2220 3299 κόνιν
2266 3246 2319 3298 δὲ
2359 3246 2449 3298 καὶ
2478 3247 2681 3315 τέφραν
2723 3247 3111 3302 ἐπιδείκνυνται
3156 3250 3351 3321 πολλὴν
3387 3250 3533 3308 {vaca

1898 3339 2273 3408 ἀποκειμένην.
2314 3339 2543 3407 Τοιαύτη
2578 3342 2690 3394 ἐστὶ
2730 3343 2823 3395 καὶ
2868 3345 2900 3411 ἡ
2938 3344 3039 3410 γῆ,
3087 3346 3310 3396 τοιοῦτοι
3349 3347 3438 3399 καὶ
3482 3351 3531 3402 οί

1896 3433 2055 3493 λίθοι,
2090 3434 2319 3497 τοιοῦτος
2352 3436 2443 3487 καὶ
2482 3437 2508 3488 6
2555 3436 2660 3504 ἀὴρ
2694 3438 2869 3497 αὐτός.
2906 3438 3087 3489 Πάντα
3125 3438 3527 3506 ἐμπέπρησται,

1898 3529 2069 3581 πάντα
2095 3529 2438 3597 τετέφρωται,
2468 3530 2564 3596 τῆς
2594 3528 2961 3597 προλαϐούσης
2984 3530 3147 3599 ὀργῆς
3176 3531 3532 3599 ὑπομνήματα

1897 3621 2048 3683 ὄντα,
2090 3622 2185 3689 τῆς
2222 3621 2511 3689 μελλούσης
2542 3621 2809 3684 κολάσεως
2858 3622 3273 3691 προμηνύματα.
3305 3624 3394 3693 Μὴ
3437 3625 3531 3680 καὶ

1896 3715 2062 3767 ταῦτα
2086 3715 2298 3766 ἀπειλαὶ
2330 3716 2610 3783 ρημάτων;
2643 3716 2714 3785 μὴ
2746 3715 2837 3768 καὶ
2864 3716 3032 3768 ταῦτα
3054 3715 3211 3783 ψόφοι
3247 3718 3528 3786 ρημάτωνς

1896 3809 1962 3861 Εί
1981 3825 2063 3869 τις
2095 3809 2309 3860 ἀπιστεῖ
2339 3811 2402 3878 τῇ
2438 3809 2644 3879 γεέννῃ,
2670 3808 2736 3861 τὰ
2764 3810 2968 3877 Σόδομα
3000 3809 3309 3875 λογιζέσθω,
3347 3812 3412 3863 τά
3438 3812 3531 3865 Γό-

1900 3904 2073 3971 μορῤα
2105 3901 2368 3965 ἐννοείτω,
2398 3902 2494 3969 τὴν
2520 3901 2781 3971 τιμωρίαν
2808 3902 2898 3969 τὴν
2926 3902 3020 3970 ἤδη
3048 3902 3410 3971 γεγενημένην
3437 3902 3530 3956 καὶ

1901 3996 2059 4064 μέχρι
2093 3993 2183 4045 νῦν
2228 3994 2506 4062 μένουσαν.
2550 3993 2721 4062 Ὅπερ
2752 3995 2842 4045 καὶ
2875 3996 2907 4062 ἡ
2952 3994 3069 4045 θεία
3098 3996 3282 4063 Γραφὴ
3316 3996 3530 4064 διηγου-

1902 4088 2032 4157 μένη
2062 4089 2184 4158 περὶ
2222 4089 2319 4153 τῆς
2351 4089 2536 4155 σοφίας
2570 4088 2729 4158 φησίν
2746 4085 2770 4118 ”
2806 4088 2961 4154 Αὕτη
2999 4089 3246 4151 δίκαιον,
3280 4089 3531 4151 ἐξαπολ-

1896 4183 2167 4250 λυμένων
2214 4179 2471 4244 ἀσεϐῶν,
2519 4182 2807 4249 ἐρρύσατο
2855 4183 3117 4251 φυγόντα
3175 4182 3531 4236 καταθάσιον

1898 4269 2014 4343 πῦρ
2047 4278 2483 4341 Πενταπόλεως.
2523 4276 2669 4344 Αὕτη
2707 4276 2800 4329 καὶ
2837 4276 2930 4329 νῦν
2970 4278 3045 4330 ἔτι
3084 4280 3162 4339 είς
3203 4279 3530 4344 Μαρτύριον

1896 4369 2007 4437 τῆς
2050 4372 2332 4438 πονηρίας
2373 4370 2755 4439 καπνιζομένη
2800 4374 3129 4437 καθέστηκε
3168 4372 3399 4438 χέρσος,
3432 4374 3526 4425 καί

1897 4466 2173 4518 ἀτελέσιν
2199 4464 2373 4532 ὥραις
2418 4465 2872 4533 καρποφοροῦσα
2903 4468 2972 4517 τὰ
3004 4466 3176 4532 φυτά.
3218 4467 3530 4531 Ἀναγκαῖον

1897 4560 1951 4611 δὲ
1988 4560 2079 4611 καὶ
2114 4559 2211 4629 τὴν
2238 4559 2410 4612 αἰτίαν
2438 4560 2626 4618 εἰπεῖν,
2658 4560 2723 4611 δι’
2748 4559 2813 4627 ἢν
2844 4559 3013 4611 ταῦτα
3058 4559 3400 4611 πεπόνθασιν.
3436 4562 3529 4613 Ἕν

1896 4651 1961 4724 ἦν
1987 4654 2043 4707 :6
2066 4658 2305 4723 πταῖσμα
2332 4654 2526 4717 αὐτῶν,
2555 4654 2783 4721 χαλεπὸν
2813 4655 2908 4721 μὲν
2948 4655 3038 4705 καὶ
3062 4653 3328 4722 ἐπάρατον
3350 4671 3363 4685 ο
3395 4656 3529 4723 πλὴν

1897 4750 1972 4801 ἐν.
2018 4748 2204 4801 Παισὶν
2228 4748 2254 4787 b
2294 4747 2659 4815 ὲπεμαίνοντο,
2696 4747 2787 4799 καὶ
2828 4748 2913 4799 διὰ
2957 4746 3107 4797 τοῦτο
3157 4748 3364 4817 πυρίνῳ
3399 4764 3526 4799 κατ-

1898 4841 2201 4908 εκαύθησαν
2230 4838 2392 4907 ὑετῷ’
2425 4838 2517 4890 νῦν
2541 4839 2596 4891 δὲ
2638 4840 2800 4907 μυρία
2832 4840 2922 4890 καὶ
2951 4840 3036 4890 ῐσα
3064 4841 3153 4891 καὶ
3178 4838 3531 4908 χαλεπώτερα.

1898 4937 2129 5002 γίνεται,
2187 4933 2278 4984 καὶ
2328 4932 2559 4991 τοιοῦτος
2618 4932 2939 5000 ἐμπρησμὸς
2990 4931 3049 4983 ού
3104 4932 3327 4998 γίνεται.
3375 4932 3527 4995 Τίνος

1896 5030 2107 5091 ἓνεκεν;
2139 5024 2259 5079 Ὅτι
2293 5025 2400 5093 πῦρ
2438 5024 2618 5096 ἓτερον
2652 5025 2987 5093 ἡτοίμασται,
3031 5024 3287 5093 μηδέποτε
3317 5026 3523 5079 σϐεννύο

1901 5140 2074 5192 μενον.
2131 5120 2253 5182 Πῶς
2288 5120 2395 5189 γὰρ
2424 5122 2451 5171 6
2491 5119 2627 5188 ὑπὲρ
2671 5119 2784 5182 ἐνὸς
2834 5121 3219 5189 ἁμαρτήματος
3266 5122 3525 5189 τοσαύτην

1897 5215 2060 5285 ὀργὴν
2090 5212 2395 5280 ἐπαγαγὼν,
2427 5212 2517 5262 καὶ
2550 5212 2683 5279 μήτε
2719 5211 2811 5263 τοῦ
2849 5212 3093 5281 Ἀϐραάμ
3124 5215 3219 5280 τὴν
3253 5215 3525 5282 ἱκετηρίαν

1898 5304 2208 5374 δεξάμενος,
2247 5304 2381 5373 μήτε
2426 5300 2513 5353 τὸν
2548 5299 2747 5353 ἔνοικον
2800 5302 3131 5369 δυσωπηθεὶς
3162 5304 3300 5366 Λὼτ,
3346 5304 3525 5356 τοσού-

1962 5548 2777 5620 ῗΕριδ-ιτῷνέύλων.ὒφεινριιέγωγο
2944 5608 2957 5620 .
3133 5609 3141 5618 .

1964 5611 1989 5649 ι)
2017 5609 2096 5658 Sic
2116 5614 2247 5657 recte
2270 5608 2402 5660 COlb.
2432 5608 2481 5656 lu
2502 5609 2645 5657 Savil.
2671 5609 2912 5671 ἐπάρατον·
2939 5608 2984 5655 ἐν
3006 5609 3180 5659 παισίν,
