4140 6314
628 341 740 395 289

621 453 723 486 των
757 437 935 487 κακῶν
969 434 1262 502 γινομένων
1294 433 1530 500 φείσεται
1556 437 1744 504 ήμῶν;
1780 439 1891 489 Ούκ
1923 438 2034 491 ἔστι
2064 439 2254 503 ταῦτα,

619 529 714 578 ούκ
749 527 913 578 ἐστιν.

693 610 760 675 η’.
797 608 952 659 Ἀλλά
981 609 1052 677 μὴ
1080 610 1233 676 μέχρι
1267 608 1464 659 τούτων
1487 608 1695 674 στῶμεν
1716 624 1729 637 ο
1763 608 1912 676 φέρε,
1936 609 2148 679 ἐτέρους
2182 625 2259 670 εις

629 693 788 760 μέσον
834 694 1124 762 ἀγάγωμεν
1166 692 1513 754 κολασθέντας
1539 731 1550 752 ,
1586 694 1672 745 ἵνα
1709 693 1793 744 διὰ
1834 693 2083 745 πλειόνων
2128 696 2262 744 ἀπο-

624 776 838 839 δείξεων
899 778 1136 845 πιστωθῇ
1195 777 1261 828 τὰ
1325 777 1601 843 λεγόμενα.
1659 776 1758 827 Τὸν
1813 777 2006 846 Φαραὼ
2064 778 2260 838 πάντες

625 858 841 909 ἀκούετε
874 859 961 909 τὸν
997 858 1213 925 βασιλέα
1245 857 1347 908 τῶν
1376 857 1682 923 Αἰγυπτίων
1702 874 1712 886 ’
1744 857 1933 908 ούκοῦν
1963 859 2142 909 οἴδατε
2169 857 2261 909 καὶ

634 943 730 1009 τὴν
771 943 942 1009 δίκην,
991 943 1054 1009 ἢν
1086 942 1297 1002 ἔδωκεν,
1341 942 1484 1000 ὅπως
1527 942 1619 992 σὺν
1667 940 1870 1010 ἅρμασι
1904 943 1995 994 καὶ
2041 943 2257 1005 ἵπποις,

639 1027 774 1093 μετά
815 1027 906 1077 τοῦ
953 1027 1303 1094 στρατοπέδου
1349 1026 1542 1087 παντὸς
1597 1027 1673 1084 είς
1705 1025 1765 1076 τὸ
1820 1025 2096 1094 ἐρυθραῖον
2136 1043 2262 1077 κατ-

630 1110 917 1179 εποντίσθη
972 1111 1217 1175 πέλαγος.
1257 1111 1369 1161 Ἰνα
1400 1111 1453 1161 δὲ
1496 1109 1585 1160 καὶ
1615 1108 1712 1169 τάς
1753 1109 2010 1160 Ἰουδαίων
2061 1109 2260 1178 μάθητε

623 1194 888 1258 κολάσεις,
926 1193 1084 1245 ἄκουε
1114 1192 1320 1244 Παύλου
1367 1193 1606 1258 λέγοντος
1628 1206 1641 1219 ⁸
1677 1191 1838 1256 Μηδὲ
1875 1193 2250 1257 πορνεύωμεν

625 1279 813 1342 καθώς
858 1295 1012 1342 τινες
1057 1276 1250 1330 αὐτῶν
1290 1279 1676 1342 ἐπόρνευσαν,
1713 1277 1809 1327 καὶ
1855 1275 2075 1328 ἔπεσον
2108 1275 2256 1345 [298]

623 1363 691 1413 ἐν
709 1362 813 1429 μιᾷ
843 1363 1028 1428 ἡμέρᾳ
1057 1362 1243 1414 εἴκοσι
1277 1361 1426 1426 τρεῖς
1466 1359 1753 1427 χιλιάδεςο
1782 1359 1934 1426 μηδὲ
1982 1359 2259 1427 γογγύζωο

625 1464 754 1512 μεν,
791 1446 976 1508 καθώς
1017 1462 1173 1508 τινες
1210 1445 1402 1496 αὐτῶν
1429 1446 1781 1512 ἐγόγγυσαν,
1822 1446 1915 1496 καί
1959 1445 2264 1498 ἀπώλοντο

625 1533 741 1584 ὑπὸ
781 1533 883 1583 τοῦ
917 1531 1266 1596 ὀλοθρευτοῦ
1288 1547 1300 1559 ο
1331 1529 1483 1596 μηδὲ
1515 1528 1864 1596 πειράζωμεν
1900 1530 2004 1581 τὸν
2033 1531 2264 1595 Κύριον,

626 1615 812 1679 καθώς
858 1632 1012 1678 τινες
1057 1615 1251 1666 αὐτῶν
1283 1615 1620 1679 ἐπείρασαν,
1654 1614 1749 1664 καὶ
1778 1614 1894 1665 ὑπὸ
1936 1612 2051 1665 τῶν
2079 1612 2267 1680 ὄφεων

627 1701 948 1754 ἀπώλοντο.
984 1701 1042 1752 Εἰ
1069 1700 1124 1751 δὲ
1163 1700 1392 1750 κάκεῖνοι
1421 1697 1638 1749 τοιαῦτα
1671 1697 1989 1748 πεπόνθασιν
2034 1698 2168 1765 ὑπὲρ
2193 1692 2266 1748 ὧν

626 1787 884 1855 ἥμαρτον,
913 1785 962 1836 τί
987 1798 1009 1824 υ
1039 1786 1099 1836 ού
1133 1783 1422 1851 πεισόμεθα
1449 1785 1642 1850 ήμεῖς;
1677 1781 1832 1832 Ἀλλά
1864 1780 1955 1832 νῦν
1983 1781 2130 1833 οὐδὲν
2160 1798 2262 1833 πα-

628 1871 859 1938 σχόμεθα
879 1871 1064 1930 δεινὸν,
1092 1869 1183 1919 καὶ
1205 1867 1289 1920 διὰ
1311 1866 1462 1918 τοῦτο
1493 1867 1719 1935 μάλιστα
1737 1866 2020 1918 δεδοικέναι
2040 1868 2164 1935 χρή.
2193 1867 2266 1918 Ού

626 1958 732 2024 γὰρ
760 1959 850 2008 ἐπὶ
880 1954 955 2023 τῷ
991 1955 1063 2023 μὴ
1097 1953 1274 2005 δοῦναι
1305 1953 1476 2020 δίκην,
1506 1951 1614 2002 ἀλλ’
1640 1952 1729 2002 ἐπὶ
1754 1950 1828 2018 τῷ
1857 1951 2068 2020 χείρονα
2089 1949 2267 2003 δοῦναι

627 2041 954 2108 τηρούμεθα,
990 2042 1034 2090 εἰ
1075 2040 1145 2107 μὴ
1180 2037 1620 2106 μεταϐαλοίμεθα.
1663 2038 1883 2088 Ἐκεῖνοι
1913 2038 2008 2104 μὲν
2041 2039 2147 2105 γὰρ
2170 2037 2268 2088 οὐκ

627 2126 843 2195 ᾔδεισαν
876 2125 972 2193 τὴν
1009 2125 1246 2189 γέενναν,
1277 2123 1369 2173 καὶ
1401 2125 1515 2182 ταῖς
1555 2121 1784 2173 ἐνταῦθα
1829 2121 2164 2190 παρεδίδοντο
2190 2138 2269 2171 τι-

632 2210 887 2279 μωρίαιςο
925 2211 1079 2276 ἡμεῖς
1115 2209 1169 2258 δὲ
1199 2208 1296 2258 ὅσα
1329 2206 1392 2258 ἂν
1426 2207 1773 2275 ἀμάρτωμεν,
1802 2208 1901 2257 κᾶν
1935 2207 2094 2275 μηδὲν
2127 2208 2271 2259 ἀνια-

633 2296 721 2362 ρὸν
747 2297 801 2345 ἐν
827 2294 902 2361 τῷ
933 2296 1158 2361 παρόντι
1191 2293 1287 2360 βίῳ
1319 2292 1591 2359 πάθωμεν,
1631 2293 1686 2342 ἐν
1713 2290 1788 2359 τῷ
1825 2291 2065 2358 μέλλοντι
2096 2293 2268 2344 πάντα

629 2379 940 2447 πεισόμεθα.
986 2379 1104 2439 Πῶς
1138 2379 1240 2447 γὰρ
1287 2377 1350 2428 ἂν
1391 2376 1499 2444 έχοι
1544 2375 1717 2441 λόγον,
1763 2376 1999 2436 ἐκείνους
2034 2376 2129 2442 μὲν
2171 2393 2269 2443 νη-

629 2465 1009 2532 πιωδεστέρους
1043 2463 1196 2524 ὄντας
1249 2461 1466 2513 τοιαῦτα
1502 2459 1846 2519 πεπονθέναι,
1891 2460 2035 2527 ἡμᾶς
2079 2459 2133 2510 δὲ
2183 2477 2265 2510 τε·

629 2548 905 2616 λειοτέρων
935 2546 1334 2605 ἀπολαύσαντας
1367 2543 1715 2612 μαθημάτων,
1761 2543 1850 2594 καὶ
1887 2543 2016 2594 πολὺ
2059 2543 2269 2611 χείρονα

631 2633 914 2693 πταίοντας
955 2631 1194 2696 ἐκείνων,
1225 2630 1499 2694 διαφυγεῖν
1536 2627 1632 2688 τὰς
1664 2626 1964 2696 τιμωρία;;
2007 2627 2263 2678 Βούλεσθε

632 2719 722 2769 καλ
750 2717 844 2777 τὰς
877 2715 1063 2777 λοιπὰς
1099 2714 1275 2766 αὐτῶν
1313 2712 1534 2764 ἀκούσαι
1570 2711 1867 2780 συμφορὰς.
1904 2712 2030 2771 ὅσας
2069 2710 2264 2762 ἔπαθον

632 2803 687 2852 ἐν
719 2800 1038 2868 Παλαιστίνῃ
1069 2799 1170 2849 ὑπὸ
1197 2797 1543 2848 Βαϐυλωνίων
1580 2797 1674 2847 καὶ
1709 2796 2002 2864 Ἀσσυρίων
2032 2795 2122 2845 καὶ
2151 2797 2266 2847 Μα-

634 2885 882 2949 κεδόνων;
919 2886 1070 2944 ὅσους
1106 2882 1395 2950 ὑπέμειναν
1435 2880 1639 2948 λιμοὺς,
1686 2879 1918 2947 λοιμοὺς,
1977 2880 2266 2947 πολέμους,

633 2970 998 3038 αἰχμαλωσίας
1028 2968 1117 3020 ἐπὶ
1155 2968 1308 3018 Τίτου
1347 2965 1438 3017 καὶ
1473 2964 1909 3028 Οὐεσπασιανού;
1945 2965 2053 3032 Τὴν
2093 2965 2270 3033 Ἰωσή·

635 3072 734 3106 που
775 3054 947 3122 βίϐλον
989 3053 1280 3120 ἀνάγνωτε,
1308 3053 1370 3120 ἢν
1405 3051 1605 3119 ἔγραψε
1640 3050 1764 3118 περὶ
1796 3049 1893 3116 τῆς
1923 3049 2027 3103 τῶν
2059 3050 2270 3118 Ἱεροσο-

635 3140 815 3207 λύμων
865 3137 1137 3199 ἁλώσεως,
1185 3136 1276 3188 καὶ
1311 3134 1608 3204 μαθήσεσθε
1657 3132 1756 3202 τὴν
1808 3133 2006 3200 πικρὰν
2057 3133 2268 3201 ἐκείνην

634 3223 955 3292 τραγῳδίαν.
999 3222 1150 3274 Μετὰ
1181 3221 1285 3289 γὰρ
1308 3220 1410 3272 τῶν
1439 3219 1606 3272 ἄλλων
1656 3217 1860 3281 δεινῶν,
1897 3221 1973 3279 εἰς
2007 3217 2267 3287 τοσαύτην

637 3309 793 3378 λιμοῦ
835 3307 1149 3377 περιέπεσον
1180 3303 1496 3372 ὑπερϐολὴν,
1519 3305 1591 3365 ὡς
1625 3305 1714 3355 καὶ
1741 3303 1839 3365 τὰς
1865 3302 2037 3365 ζώνας
2070 3304 2265 3366 αὐτῶν,

639 3395 728 3446 καὶ
754 3393 820 3445 τὰ
854 3393 1186 3460 ὑποδήματα,
1213 3390 1304 3442 καὶ
1335 3389 1399 3440 τα
1435 3387 1630 3440 τούτων
1658 3388 1850 3439 ἐσθίειν
1882 3387 2267 3456 βδελυρῶτερα.

641 3479 820 3530 Πάντα
873 3478 975 3544 γὰρ
1012 3475 1100 3525 ὑπ’
1138 3473 1349 3534 ὀδόντας
1392 3469 1523 3541 ἦγεν
1567 3475 1599 3540 ή
1648 3471 1888 3539 ἀνάγκη,
1942 3471 2116 3533 καθώς
2167 3472 2265 3522 πού

641 3579 801 3634 φησιν
841 3563 869 3612 ὁ
903 3559 1209 3630 προλεχθεὶς
1256 3557 1611 3626 συγγραφεύς.
1649 3556 1756 3607 Καὶ
1801 3555 1917 3607 οὐδὲ
1951 3556 2106 3624 μέχρι
2143 3555 2267 3607 τού-

641 3665 747 3700 των
785 3647 1031 3715 ἔστησαν,
1059 3645 1190 3697 ἀλλά
1215 3645 1306 3696 και
1340 3645 1445 3694 τῶν
1479 3643 1617 3694 ἰδίων
1647 3642 2010 3705 ἀπεγεύσαντο
2039 3642 2259 3692 τέκνων.

645 3733 767 3792 Πῶς
807 3727 918 3792 οὖν,
947 3731 1162 3781 ἐκείνων
1201 3727 1446 3788 τοιαύτας
1490 3727 1789 3778 δεδωκότων
1822 3726 1990 3787 δίκας,
2034 3728 2192 3794 ἡμεῖς
2224 3728 2272 3778 οἰ

643 3818 710 3869 τὰ
754 3817 966 3884 χείοονα
999 3814 1197 3867 τούτων
1238 3813 1558 3881 πράττοντες
1596 3808 2028 3878 διαφευξώμεθα;
2073 3811 2134 3862 El
2167 3809 2274 3879 γὰρ

712 3927 739 3958 ⁸
765 3926 910 3978 Savil.
935 3927 1151 3988 quaedam
1171 3926 1346 3985 omisit,
1368 3935 1477 3985 qua
1499 3924 1822 3972 restituuntur
1839 3932 1904 3969 ex
1926 3918 2136 3970 Colbert.

1414 329 1467 383 S.
1504 327 1783 384 JOANNIS
1819 329 2285 388 CHRYSOSTOMI
2325 333 2636 389 ARCHIEP.
2678 335 3207 390 (ZONSTANTINOP.

3894 341 4007 394 290

2362 450 2553 500 ἐκεῖνοι
2597 450 2957 516 ἐκολάσθησαν
2989 448 3125 508 τότε,
3169 445 3254 497 διὰ
3286 444 3336 495 τί
3378 445 3535 511 ἡμεῖς
3574 443 3633 492 ού
3665 440 3995 506 κολαζόμεθα

2359 531 2483 596 νῧν;
2517 534 2646 600 Οὐχὶ
2678 535 2768 584 καὶ
2798 531 2977 599 τυφλῷ
3003 531 3174 598 δῆλον,
3200 530 3278 580 δτι
3304 528 3389 578 διὰ
3424 529 3483 578 τὸ
3518 525 3829 577 ἀποκεῖσθαι
3861 525 3993 590 ἡμῖν

2361 617 2416 666 ἐν
2442 617 2516 684 τῷ
2545 617 2781 683 μέλλοντι
2811 616 2903 684 τὴν
2930 615 3160 675 κόλασιν,
3193 612 3367 672 καθὼς
3395 612 3526 678 ἔφην
3558 609 3835 670 πολλάκις
3873 608 3996 674 Χρὴ

2361 701 2414 752 δὲ
2442 701 2741 768 λογίζεσθαι
2781 701 2913 770 πρὸς
2941 698 3146 758 τούτοις
3178 697 3268 748 καὶ
3304 696 3370 746 τὰ
3398 694 3490 746 νῦν
3520 697 3575 746 ὲν
3607 693 3680 761 τῷ
3721 693 3814 759 βίῳ
3853 691 3995 756 γινό-

2365 798 2516 848 μενα,
2564 782 2653 832 καὶ
2695 782 2791 832 οὐκ
2823 779 3185 846 ἀπιστήσομεν
3219 779 3283 845 τῇ
3314 776 3520 842 γεέννῃ.
3562 773 3621 824 Εἰ
3655 774 3757 840 γὰρ
3787 772 3994 830 δίκαιός

2362 866 2503 918 ἔστιν
2537 866 2564 916 ό
2586 866 2714 926 Θεὸς
2743 865 2834 915 καὶ
2861 860 3368 930 ἀπροσωπόληπτος.
3403 858 3587 926 ῶσπερ
3618 853 3706 909 οὖν
3736 857 3824 907 καὶ
3856 855 3992 914 ἐστι,

2361 952 2500 1013 τίνος
2552 951 2730 1002 ἕνεκεν
2762 951 2809 1000 οἰ
2853 950 2946 1017 μὲν
2983 947 3210 999 διδόασιν
3254 943 3483 997 ἐνταῦθα
3540 944 3708 1008 φόνων
3745 942 3916 1001 δίκας,
3949 941 3995 989 οί

2362 1036 2417 1087 δὲ
2453 1037 2512 1087 οὐ
2545 1035 2808 1095 διδόασιν;
2854 1035 2900 1084 οἰ
2949 1031 3045 1101 μὲν
3078 1030 3181 1081 τῶν
3219 1027 3415 1097 μοιχῶν
3461 1027 3831 1095 τιμωροῦνται,
3861 1027 3913 1074 οἱ
3943 1023 3998 1073 δέ

2361 1120 2674 1172 τελευτῶσιν
2719 1117 3084 1186 ἀτιμώρητοι;
3132 1115 3282 1165 πόσοι
3334 1111 3674 1179 τυμϐωρύχοι
3712 1110 3994 1176 διέφυγονς

2364 1206 2514 1256 πόσοι
2547 1203 2767 1275 λῃσταί;
2808 1203 2960 1253 πόσοι
3007 1198 3349 1261 πλεονέκται;
3397 1197 3547 1248 πόσοι
3595 1196 3864 1264 ἆρπαγες;
3901 1193 3998 1242 “Av

2361 1286 2453 1342 οὖν
2485 1290 2670 1355 γέεννα
2711 1288 2781 1355 μὴ
2813 1283 2878 1357 ᾖ,
2905 1285 3004 1336 ποῦ
3037 1284 3300 1352 τιμωρίαν
3337 1280 3620 1347 ὑφέξουσιν
3649 1297 3661 1344 ;
3692 1275 3832 1346 *Αρα
3873 1277 3998 1328 πεί-

2364 1374 2524 1440 θομεν
2556 1373 2675 1433 τοὺς
2711 1371 3100 1435 ἀντιλέγοντας,
3125 1369 3204 1418 ὅτι
3233 1367 3330 1416 οὐκ
3358 1364 3470 1415 ἐστι
3507 1362 3668 1432 μῦθος
3692 1365 3718 1413 ό
3752 1361 3872 1429 περὶ
3905 1361 4002 1412 αύ-

2363 1463 2458 1527 τῆς
2491 1459 2673 1524 λόγος;
2719 1455 2870 1508 Οὕτω
2899 1456 3002 1523 γάρ
3036 1454 3177 1504 ἐστιν
3208 1451 3428 1519 ἀληθὴς,
3462 1451 3540 1501 ὅτι
3578 1450 3672 1516 ούχ
3703 1450 3855 1516 ἡμεῖς
3906 1449 4002 1514 μό-

2365 1565 2472 1610 νον,
2500 1546 2631 1598 ἀλλὰ
2657 1546 2746 1596 καὶ
2776 1543 2994 1610 ποιηταὶ
3021 1541 3110 1592 καὶ
3149 1539 3420 1606 φιλόσοφοι
3460 1537 3550 1588 καὶ
3577 1536 3837 1601 λογοποιοὶ
3868 1533 4002 1602 περὶ

2365 1633 2459 1702 τῆς
2489 1632 2774 1699 μελλούσης
2807 1627 3202 1686 ἀνταποδόσεως
3235 1623 3642 1691 ἐφιλοσόφησαν,
3672 1623 3760 1672 καὶ
3785 1622 3839 1670 ἐν
3864 1619 3998 1688 ᾅδου

2360 1717 2670 1779 κολάζεσθαι
2699 1717 2820 1776 τοὺς
2858 1713 3120 1782 πονηροὺς
3155 1711 3455 1778 εἰρήκασιν.
3492 1709 3552 1759 Εἰ
3581 1708 3685 1773 γὰρ
3726 1723 3813 1757 και
3857 1705 4001 1772 μετά

2359 1803 2627 1871 ἀληθείας,
2671 1802 2744 1862 ὡς
2775 1800 2883 1868 ἔχει
2929 1798 3117 1858 ταῦτα,
3165 1798 3334 1847 εἰπεῖν
3372 1795 3470 1845 ούκ
3505 1792 3854 1860 ἠδυνήθησαν,
3896 1790 3994 1841 an

2359 1888 2462 1939 ἀπὸ
2488 1885 2756 1953 λογισμῶν
2791 1881 3092 1951 κινηθέντες
3117 1881 3205 1931 καὶ
3235 1878 3700 1948 παρακουσμάτων
3727 1877 3830 1927 τῶν
3863 1878 4002 1944 παρ’

2359 1974 2505 2041 ἡμῖν,
2535 1971 2643 2023 ἀλλ’
2674 1972 2816 2038 ὅμως
2848 1967 3026 2018 εἰκόνα
3063 1965 3181 2016 τινὰ
3212 1963 3441 2032 κρίσεως
3470 1962 3672 2014 ἔλαϐον.
3707 1963 4003 2022 Κωκυτους

2359 2058 2463 2126 γάρ
2509 2054 2633 2122 φασί
2688 2069 2835 2114 τινας
2875 2051 2967 2102 καὶ
3019 2047 3510 2117 Πυριφλεγέθοντας
3547 2046 3848 2114 ποταμοὺς,
3907 2047 4005 2096 καὶ

2361 2143 2554 2209 Στυγὸς
2580 2141 2739 2208 ὕδωρ,
2765 2139 2855 2190 καὶ
2882 2139 3156 2206 Τάρταρον
3184 2131 3429 2188 τοσοῦτον
3453 2133 3717 2202 ἀπέχοντα
3743 2133 3838 2198 τῆς
3867 2133 4000 2199 γῆς,

2359 2229 2480 2280 ὅσον
2527 2227 2661 2292 α’ύτη
2693 2223 2785 2274 τοῦ
2826 2221 3070 2289 ούρανοῦ,
3106 2222 3196 2272 καὶ
3228 2219 3450 2281 πολλοὺς
3482 2219 3693 2288 ἐτέρους
3725 2217 4002 2278 κολάσεως

2361 2314 2616 2381 τρόπους·
2656 2309 2747 2360 καὶ
2789 2307 2933 2377 [299]
2971 2307 3127 2358 πάλιν
3162 2305 3402 2356 Ἠλύσιον
3456 2305 3650 2366 πεδίον,
3691 2303 3780 2355 καὶ
3821 2305 4005 2370 μακά-

2364 2413 2466 2465 ρων
2496 2397 2706 2464 νήσους,
2747 2396 2837 2444 καὶ
2871 2393 3131 2460 λειμῶνας
3174 2391 3429 2452 εὐανθεῖς,
3473 2391 3560 2442 καὶ
3611 2389 3828 2440 εύωδίαν
3872 2390 4006 2440 πολ-

2359 2480 2474 2548 λὴν,
2517 2482 2607 2532 καὶ
2634 2478 2804 2548 αὔραν
2857 2478 3073 2545 λεπτὴν,
3103 2479 3192 2528 καὶ
3221 2479 3410 2545 χοροὺς
3443 2477 3556 2528 ἐκεῖ
3595 2475 3969 2544 διατρίϐοντας
3991 2514 4004 2534 ,

2361 2569 2451 2616 καὶ
2479 2564 2670 2632 λευκὴν
2699 2562 3180 2632 περιϐεϐλημένους
3207 2561 3414 2630 στολὴν,
3440 2565 3528 2614 καὶ
3559 2561 3773 2630 ᾄδοντας
3797 2560 4006 2627 ὕμνους

2357 2652 2525 2714 τινὰς,
2557 2652 2649 2703 καὶ
2676 2650 2807 2712 ὅλως
2836 2649 2926 2701 καὶ
2965 2649 3186 2714 ἀγαθοῖς
3221 2649 3312 2700 καὶ
3359 2650 3606 2716 πονηροῖς
3639 2646 4007 2712 ἀποκειμένην

2359 2737 2619 2788 ἀντίδοσιν
2656 2733 2790 2802 μετά
2834 2733 2928 2802 τὴν
2975 2732 3218 2784 ἐντεῦθεν
3270 2733 3460 2795 ἔξοδον.
3508 2731 3595 2799 Μὴ
3645 2731 3818 2781 τοίνυν
3865 2730 4005 2780 ἀπι-

2362 2821 2568 2887 στῶμεν
2612 2823 2676 2885 τῇ
2744 2819 2966 2885 γεέννῃ,
3024 2819 3107 2867 ἵνα
3166 2816 3239 2884 μὴ
3301 2817 3621 2883 ἐμπέσωμεν
3671 2816 3747 2875 εἰς
3797 2814 4004 2882 αὐτήν·

2363 2907 2391 2955 ό
2422 2905 2526 2972 γὰρ
2563 2902 2818 2964 ἀπιστῶν,
2868 2901 3225 2970 ῥαθυμότερος
3278 2901 3516 2964 γίνεται·
3550 2903 3576 2949 ό
3618 2898 3670 2950 δὲ
3721 2897 4006 2967 ῥᾳθυμῶν,

2364 2991 2442 3050 εἰς
2474 2987 2638 3056 αὐτὴν
2672 2986 3022 3040 ἀπελεύσεται
3072 2985 3283 3046 πάντως
3306 3001 3318 3014 ·
3365 2984 3497 3036 ἀλλὰ
3532 2984 3622 3036 καὶ
3663 2984 4010 3050 πιστεύωμεν

2362 3073 2742 3133 ἀνενδοιάστως
2765 3110 2778 3134 ,
2828 3071 2919 3123 καὶ
2956 3068 3324 3137 διαλεγώμεθα
3357 3070 3482 3138 περί
3530 3069 3694 3136 αὐτῆς
3728 3067 3970 3135 συνεχῶς
3993 3109 4007 3130 ,

2363 3158 2456 3209 καὶ
2493 3158 2551 3209 ού
2596 3157 2796 3224 ταχέως
2839 3153 3282 3224 ἁμαρτησόμεθα.
3319 3153 3434 3204 Τῶν
3481 3153 3587 3220 γὰρ
3630 3151 3885 3203 τοιούτων
3923 3151 4011 3202 λόο

2364 3260 2471 3309 γων
2512 3243 2545 3310 ή
2591 3243 2812 3310 μνήμη,
2866 3239 3112 3304 καθάπερ
3149 3255 3199 3289 τι
3233 3237 3514 3307 φάρμακον
3566 3236 3772 3306 πικρὸν,
3824 3237 4012 3287 πᾶσαν

2366 3326 2560 3379 κακίαν
2608 3324 2913 3392 ἀποσμῆξαι
2960 3324 3272 3391 δυνήσεται,
3313 3323 3595 3382 διαπαντὸς
3628 3322 3780 3389 ἡμῶν
3829 3321 4011 3381 ἐνιζά-

2365 3427 2526 3462 νουσα
2563 3411 2628 3476 τῇ
2673 3409 2832 3476 ψυχῇ.
2875 3407 3218 3476 Χρησώμεθα
3254 3408 3424 3458 τοίνυν
3465 3405 3627 3473 αὐτῷ,
3672 3406 3756 3456 ἵνα
3802 3406 4012 3472 καθαρ-

2367 3494 2546 3556 θέντες
2594 3494 2798 3556 καλῶς,
2839 3492 3154 3560 ἀξιωθῶμεν
3202 3492 3327 3543 ἰδεῖν
3371 3492 3460 3542 τόν
3493 3491 3640 3550 Θεὸν,
3682 3489 3754 3550 ὼς
3799 3490 4004 3556 ἀνθρώ-

2367 3597 2485 3635 ποις
2533 3579 2657 3630 ἰδεῖν
2706 3577 2943 3640 δυνατὸν,
2994 3575 3224 3628 καὶτῶν
3278 3575 3569 3643 μελλόντων
3613 3574 4011 3640 ἀπολαύσωμεν

2365 3663 2600 3730 ἀγαθῶν,
2645 3663 2821 3731 χάριτι
2867 3662 2957 3713 καὶ
3004 3660 3376 3729 φιλανθρωπίᾳ
3425 3658 3517 3710 τοῦ
3581 3658 3782 3726 Κυρίου
3849 3660 4013 3725 ἡμῶν

2379 3749 2548 3818 Ἰησοῦ
2576 3748 2824 3817 Χριστοῦ.
2857 3747 3010 3816 Αὑτῷ
3043 3750 3074 3816 ή
3108 3745 3233 3810 δόξα
3263 3749 3340 3808 εἰς
3363 3745 3487 3807 τοὺς
3515 3745 3712 3805 αἰῶνας
3746 3743 3851 3796 τῶν
3879 3744 4015 3795 αἰώ-

2370 3851 2492 3887 νων.
2528 3834 2717 3901 Ἀμήν.

2138 4858 2510 4919 ΜΟΝΙἸὌΜ

794 5099 1163 5154 Antiochirene
1209 5113 1276 5153 an
1326 5099 1784 5170 Constantinopoli
1837 5103 1973 5158 hanc
2023 5103 2297 5158 homiliam
2336 5103 2583 5160 habuerit
2605 5103 3041 5177 Chrysostomus,
3090 5106 3235 5161 nulla
3279 5121 3560 5178 possumus
3591 5105 3910 5176 conjectura

730 5237 961 5306 assequi.
992 5236 1120 5290 Eam
1144 5249 1304 5305 porro
1324 5235 1458 5289 dixit
1504 5236 1570 5289 ad
1605 5249 1792 5290 recens
1829 5235 2124 5306 baptizatos
2165 5247 2217 5293 et
2256 5239 2613 5306 illuminatos;
2670 5240 2852 5309 quales
2884 5251 3010 5297 sunt
3033 5243 3194 5298 etiam
3239 5244 3359 5299 dua:
3391 5243 3718 5306 cateeheses,
3775 5261 3920 5314 quas

730 5374 896 5429 'l‘omo
921 5372 1156 5429 secundo
1184 5371 1444 5426 dedimus.
1473 5370 1758 5440 Sperabam
1785 5379 1962 5425 autem
1987 5389 2072 5428 me
2097 5372 2237 5427 illam
2265 5373 2448 5429 Graece
2475 5389 2630 5443 posse
2671 5375 2902 5430 nancisci
2935 5385 3118 5442 totam,
3165 5378 3376 5446 quando
3411 5379 3464 5432 in
3493 5378 3731 5446 catalogo
3775 5394 3920 5448 quo-

730 5507 850 5559 dam
883 5504 1390 5575 Manuseriptorum,
1421 5505 1488 5559 ab
1518 5505 1842 5575 amplissimo
1862 5507 2275 5579 doctissimoque
2306 5511 2421 5566 viro
2448 5509 2638 5566 Joanni
2669 5509 2882 5566 Pottero
2929 5513 3060 5567 mihi
3097 5513 3428 5575 transmisso,
3456 5513 3570 5581 ejus
3601 5511 3819 5567 titulum
3856 5529 3914 5572 ct

731 5637 942 5693 initium
973 5636 1155 5694 Graece
1183 5635 1309 5693 vidi.
1366 5633 1601 5709 Rogatus
1629 5644 1806 5694 autem
1846 5653 1876 5691 a
1905 5651 1988 5692 me
2019 5647 2180 5695 totam
2211 5640 2439 5710 Opellam
2471 5640 2653 5698 Graece
2688 5640 3006 5712 descriptam
3036 5641 3290 5706 mitteret,
3334 5625 3492 5712 opera
3519 5640 3605 5697 illc
3644 5655 3774 5696 usus
3811 5643 3922 5699 vir:
