4138 6306
195 364 311 417 289

190 494 413 556 peccato
443 492 638 538 tantam
666 481 796 533 iram
819 476 1013 541 intulit,
1051 488 1220 544 neque
1249 469 1533 526 Abrahami
1556 465 1757 535 suppli-

189 576 464 628 cationem
493 571 742 639 suscepit,
771 583 942 635 neque
964 566 1340 619 inhabitantem
1372 562 1561 614 Lotum
1605 573 1756 611 reve-

224 666 330 717 itus
356 670 457 724 est,
488 668 563 713 tot
590 658 832 712 admissis
861 654 1200 716 facinoribus,
1223 650 1375 705 nobis
1405 648 1621 719 parcet?
1642 646 1757 701 Non

189 752 272 808 ita
286 752 407 810 erit,
435 765 539 802 non
568 748 636 801 ita
664 754 825 801 certe.

268 840 323 893 8.
370 837 664 890 Peccatores
688 833 957 904 aliquando
985 833 1035 883 in
1064 832 1156 883 hac
1182 830 1278 881 vita
1300 829 1421 881 dant
1440 842 1629 897 poenas.
1661 825 1759 892 Qui

196 928 251 979 in
283 928 381 979 hac
408 926 508 977 vita
528 940 618 993 pro
639 924 866 976 admissis
895 921 1107 990 peccatis
1142 920 1263 971 nihil
1294 919 1567 986 patiuntur,
1599 916 1650 966 in
1679 918 1760 983 fu-

198 1026 369 1068 turam
400 1014 637 1082 puniendi
660 1022 991 1065 reservantur.
1013 1040 1082 1050 —
1106 1008 1295 1062 Verum
1327 1022 1393 1061 ne
1429 1007 1512 1059 hic
1542 1005 1756 1074 gradum

197 1105 477 1168 sistamus,
508 1102 600 1155 sed
630 1116 744 1169 age,
777 1099 907 1153 alios
936 1099 987 1151 in
1016 1096 1244 1152 medium
1281 1094 1602 1148 adducamus
1630 1107 1754 1159 sup-

197 1193 364 1261 plicio
389 1191 626 1253 affectos,
651 1198 706 1242 ut
733 1188 965 1257 pluribus
1000 1182 1530 1240 demonstrationibus
1553 1195 1613 1234 ea
1643 1194 1757 1248 qua:

195 1282 433 1334 diximus
481 1279 874 1333 confirmentur.
908 1276 984 1330 De
1029 1274 1299 1327 Pharaone
1330 1285 1514 1326 omnes
1542 1268 1758 1323 audistis

196 1371 571 1441 Egyptiorum
594 1383 747 1437 rege:
780 1366 946 1420 nostis
961 1375 1103 1420 certe
1123 1378 1252 1433 quas
1277 1362 1364 1416 ille
1394 1361 1537 1415 dedit
1554 1373 1752 1428 punias,

198 1459 473 1528 quomodo
518 1474 633 1512 cum
676 1457 915 1511 curribus
958 1466 1012 1510 et
1060 1456 1227 1524 equis,
1274 1453 1519 1520 omnique
1565 1450 1758 1519 pariter

198 1549 438 1603 exercitu
472 1548 522 1599 in
554 1546 789 1600 Rubrum
825 1559 971 1599 mare
1021 1543 1291 1598 demersus
1339 1542 1425 1596 sit.
1477 1540 1545 1595 Ut
1581 1546 1755 1593 autem

196 1639 505 1693 Judzeoruin
543 1652 750 1705 quoque
796 1635 1047 1703 supplicia
1088 1632 1335 1698 diseatis,
1382 1630 1505 1685 audi
1538 1630 1754 1684 Paulum

196 1729 465 1782 dicentem
500 1745 511 1779 :
550 1744 568 1777 ι
601 1726 782 1795 Neque
812 1726 1144 1787 fornicemur,
1174 1724 1308 1777 sicut
1336 1721 1544 1791 quidam
1574 1735 1754 1775 eorum

194 1818 441 1871 fornicati
472 1826 611 1879 sunt,
645 1825 694 1870 et
717 1816 983 1885 perierunt
1008 1829 1107 1868 una
1133 1813 1219 1867 die
1238 1812 1413 1882 viginti
1442 1812 1535 1865 tria
1554 1810 1750 1863 millia:

196 1922 373 1976 neque
400 1920 803 1970 murmuremus,
839 1914 893 1958 ut
927 1903 1137 1972 quidam
1174 1917 1355 1957 eorum
1398 1915 1757 1955 murmurave—

194 2009 342 2062 runt,
372 2005 425 2050 et
448 1997 713 2066 perierunt
732 1994 800 2049 ab
826 1994 1269 2049 exterminatore:
1297 2006 1466 2060 neque
1494 2001 1754 2045 tentemus

196 2089 503 2151 Dominum,
530 2096 586 2140 ut
620 2086 830 2155 quidam
872 2099 1051 2139 eorum
1091 2090 1447 2146 tentaverunt,
1491 2090 1543 2135 et
1579 2096 1609 2134 a
1638 2096 1754 2135 ser-

194 2178 444 2247 pentibus
473 2177 743 2245 perierunt
774 2193 793 2226 ›
836 2175 920 2245 (1.
949 2173 1063 2227 Cor.
1093 2173 1178 2228 10.
1208 2172 1264 2225 8.
1301 2170 1388 2227 i0.
1422 2170 1511 2239 9).
1541 2169 1689 2237 Quod
1708 2172 1751 2224 si

191 2279 250 2321 et
280 2268 355 2320 illi
383 2267 501 2319 talia
530 2280 625 2336 pro
648 2265 872 2334 peccatis
900 2264 1036 2333 passi
1058 2271 1198 2325 sunt,
1219 2262 1343 2331 quid
1370 2276 1471 2316 non
1496 2261 1753 2329 patiemur

193 2357 331 2411 nos?
362 2359 424 2409 At
455 2370 593 2409 nunc
620 2355 747 2409 nihil
773 2369 928 2424 grave
956 2356 1180 2422 patimur
1214 2392 1229 2416 ,
1276 2350 1498 2418 ideoque
1528 2350 1753 2405 maxime

194 2448 385 2499 timere
410 2452 638 2513 oportet.
670 2443 782 2498 Non
824 2443 963 2497 enim
1002 2451 1059 2494 ut
1085 2455 1189 2494 non
1225 2453 1405 2508 pinnas
1432 2438 1614 2491 demus
1650 2452 1756 2491 ser-

191 2548 413 2597 vamur;
468 2533 559 2586 sed
588 2541 644 2586 ut
670 2532 932 2601 graviores
957 2530 1140 2584 demus
1163 2569 1178 2595 ,
1224 2529 1323 2582 nisi
1363 2536 1750 2581 convertamur.

191 2625 276 2679 Illi
306 2624 448 2678 enim
490 2639 593 2676 non
638 2633 891 2677 noverant
926 2622 1244 2691 gehennam,
1273 2630 1325 2675 et
1354 2620 1621 2688 suppliciis
1668 2618 1754 2673 hic

195 2714 379 2767 traditi
406 2722 527 2767 sunt
556 2730 568 2766 :
592 2727 688 2767 nos
715 2721 886 2766 autem
909 2712 1344 2781 quandocumque
1373 2724 1678 2779 peccamus,
1705 2709 1752 2762 si

191 2805 327 2858 nihil
358 2805 410 2858 in
434 2806 677 2873 przesenti
708 2806 811 2857 vita
842 2818 1003 2873 grave
1029 2804 1291 2871 patiamur
1310 2841 1324 2865 ,
1356 2801 1407 2856 in
1436 2799 1610 2855 futuro
1637 2814 1753 2853 om-

190 2898 282 2951 nia
329 2896 698 2963 perpetieinur.
757 2894 940 2948 Nonne
983 2908 1101 2948 cum
1142 2893 1347 2947 ratione
1388 2898 1659 2961 pugnaret,
1706 2890 1751 2945 si

193 2984 326 3048 illis,
359 2982 445 3052 qui
470 2984 707 3036 rudiores
734 2992 788 3037 et
818 2983 1165 3052 imperitiores
1196 2991 1367 3045 erant,
1417 2982 1537 3033 talia
1560 2980 1748 3049 passis,

195 3088 297 3127 nos
323 3074 409 3141 qui
446 3071 847 3141 perfectioribus
897 3072 1117 3125 fruimur
1157 3071 1467 3138 disciplinis,
1505 3081 1558 3123 et
1598 3071 1751 3137 longe

193 3163 460 3233 graviora,
487 3177 641 3230 quam
666 3162 756 3225 illi,
789 3170 1149 3230 perpetramus
1168 3202 1181 3223 ,
1210 3161 1523 3229 supplicium
1560 3159 1754 3227 effuge.

193 3255 411 3310 remus?
435 3253 605 3307 Vultis
632 3254 855 3320 reliquas
881 3253 1037 3305 etiam
1078 3251 1287 3305 illorum
1328 3250 1510 3303 audire
1534 3249 1751 3303 calami-

196 3356 356 3409 tates,
400 3358 529 3413 quas
581 3345 718 3411 passi
763 3352 885 3397 sunt
933 3343 984 3397 in
1036 3342 1309 3395 Palaestina
1352 3356 1383 3394 a
1430 3340 1751 3411 Babyloniis,

195 3434 432 3504 Assyriis
471 3440 525 3488 et
567 3428 975 3487 Macedonibus?
1021 3432 1227 3500 quoties
1275 3430 1487 3492 famem,
1528 3438 1749 3498 pestem,

195 3523 338 3578 bella
363 3522 501 3590 passi
523 3529 663 3586 sunt,
690 3530 743 3575 et
759 3522 1088 3589 captivitates
1113 3520 1210 3574 sub
1250 3518 1369 3573 Tito
1394 3528 1444 3573 et
1476 3518 1755 3587 Vespasia-

198 3610 304 3665 no?
328 3607 544 3678 Josephi
568 3609 755 3663 librum
792 3608 947 3677 legite
968 3648 984 3673 ,
1014 3623 1170 3677 quem
1196 3607 1263 3662 de
1300 3606 1751 3675 Jerosolymorum

199 3698 408 3758 excidio
431 3699 656 3767 scripsit,
684 3707 736 3752 et
762 3697 1001 3751 acerbam
1034 3698 1173 3751 illam
1196 3695 1498 3766 tragmdiam
1517 3695 1749 3749 discetis.

198 3789 333 3848 ϐω
362 3787 475 3841 aliis
502 3788 693 3856 quippe
722 3787 1107 3841 calamitatibus
1147 3786 1198 3839 in
1228 3794 1425 3839 tantam
1451 3784 1640 3839 famem
1667 3784 1751 3836 in-

196 3876 460 3941 ciderunt,
492 3885 548 3930 nt
578 3876 778 3930 balteos
806 3877 961 3930 etiam
1008 3888 1151 3938 suos,
1180 3882 1233 3928 et
1256 3874 1462 3929 calceos
1501 3874 1748 3938 ederent,

196 3967 369 4035 iisque
417 3965 573 4019 etiam
621 3964 948 4020 borribiliora
982 3982 996 4019 :
1025 3966 1197 4018 omnia
1256 3964 1449 4033 quippe
1508 3964 1752 4018 dentibus

197 4055 473 4125 subigebat
517 4056 803 4109 necessitas
826 4094 842 4121 ,
876 4064 933 4110 ut
972 4055 1252 4123 praedictus
1288 4056 1513 4122 scriptor
1556 4053 1647 4106 ait.
1676 4055 1752 4107 Ae

199 4159 373 4214 neque
397 4145 453 4198 in
474 4143 557 4198 bis
580 4153 857 4209 steterunt,
881 4146 1004 4213 quin
1028 4146 1186 4201 etiam
1217 4147 1459 4213 proprios
1491 4144 1629 4199 filios
1654 4143 1750 4197 de-

199 4243 493 4306 gustamnt.
539 4234 815 4302 Quomodo
863 4250 1009 4306 ergo,
1060 4250 1177 4289 cum
1224 4235 1298 4289 illi
1335 4235 1463 4290 tales
1512 4234 1751 4289 dederint

1354 357 1438 412 DE
1477 352 1833 409 PERFECTA
1871 350 2229 408 CARITATE.

3300 381 3409 435 290

1864 478 2070 533 pmnas,
2102 480 2215 530 nos,
2261 467 2347 534 qui
2382 469 2616 535 graviora
2655 469 2734 522 his
2764 480 3146 538 perpetramus,
3193 474 3412 536 effugia-

1862 552 2015 606 mus?
2039 551 2167 605 Nam
2194 554 2237 606 si
2266 562 2390 607 tunc
2419 556 2489 608 illi
2523 556 2658 623 plexi
2696 567 2846 620 sunt,
2900 574 2995 611 cur
3035 574 3129 612 nos
3152 563 3259 629 jam
3308 578 3409 615 non

1862 642 2178 709 plectimur?
2207 645 2396 698 Annon
2431 647 2511 700 vel
2541 662 2680 701 caeco
2711 649 3041 703 manifestum
3072 661 3152 704 est
3189 651 3305 706 ideo
3331 655 3408 707 sic

1862 734 1964 801 agi,
1989 741 2045 785 ut
2073 748 2212 801 saepe
2236 734 2365 800 dixi,
2392 736 2529 803 quod
2560 736 2709 791 nobis
2730 738 3040 805 supplicium
3087 740 3137 792 in
3179 740 3409 795 futurum

1860 823 2197 877 reservetur?
2220 824 2298 877 Ad
2344 826 2455 879 lucc
2478 841 2601 879 vero
2628 828 3001 881 consideranda
3043 839 3164 883 sunt
3194 846 3254 885 ea

1860 927 2001 966 nunc
2030 914 2080 966 in
2108 913 2207 966 hoe
2236 916 2431 970 mundo
2451 926 2704 985 geruntur
2727 959 2741 983 ,
2769 929 2820 972 et
2839 921 3090 989 gehenme
3121 921 3271 975 fidem
3300 940 3402 977 non

1861 1003 2185 1070 negabimns.
2215 1004 2341 1057 Nam
2366 1006 2407 1059 si
2431 1006 2601 1074 justus
2627 1017 2708 1061 est
2736 1008 2893 1073 Deus,
2918 1024 3013 1063 nec
3042 1024 3291 1077 personas
3320 1027 3408 1065 ac-

1860 1090 2005 1158 cipit,
2032 1102 2085 1143 ut
2109 1102 2253 1147 certe
2283 1108 2461 1147 verum
2504 1104 2603 1161 est,
2648 1110 2743 1148 cur
2785 1096 2868 1149 hic
2915 1098 3000 1150 alii
3029 1099 3247 1151 caedium
3279 1097 3405 1152 dant

1861 1194 2064 1247 pinnas,
2087 1182 2172 1234 alii
2201 1198 2304 1235 non
2325 1184 2491 1237 dant?
2516 1200 2609 1238 cur
2630 1204 2691 1240 ex
2721 1189 2939 1241 macilis
2964 1190 3052 1243 alii
3080 1191 3365 1258 puniuntur
3385 1233 3400 1257 ,

1858 1269 1947 1321 alii
1979 1285 2078 1323 non
2113 1272 2247 1339 plexi
2280 1274 2602 1327 moriuntur?
2626 1285 2752 1344 quot
2796 1276 3153 1345 sepulcrorum
3188 1278 3406 1334 effosso-

1858 1372 1944 1411 res
1969 1373 2176 1427 pinnam
2221 1362 2636 1432 vitarunthuot
2677 1366 2843 1420 furesl
2903 1376 3027 1435 quot
3070 1370 3245 1423 avari!
3277 1382 3404 1438 quot

1858 1458 2095 1517 raptores
2121 1450 2132 1501 !
2156 1450 2207 1505 Si
2235 1466 2359 1520 ergo
2386 1454 2621 1520 gehenna
2655 1470 2755 1506 non
2781 1466 2937 1519 esset,
2968 1458 3175 1509 ubinam
3200 1459 3270 1509 Illi
3295 1476 3403 1526 pa:-

1859 1554 1979 1592 nam
2012 1539 2249 1598 dabunt!
2294 1540 2425 1595 Num
2478 1544 2951 1598 contradicentibus
3009 1548 3399 1613 persuademus,

1858 1646 1973 1698 quas
2020 1630 2086 1684 de
2114 1631 2199 1684 illa
2254 1642 2536 1686 narrantur
2562 1648 2663 1686 non
2709 1650 2825 1688 esse
2869 1636 3134 1690 fabulam?
3162 1637 3233 1691 Ita
3265 1641 3402 1693 enim

1858 1736 1977 1774 vera
2006 1730 2150 1785 sunt,
2176 1732 2230 1775 ut
2259 1738 2359 1775 non
2395 1738 2489 1776 nos
2519 1733 2735 1790 tantum,
2760 1724 2849 1778 sed
2880 1726 3034 1779 etiam
3067 1739 3253 1794 poetze,
3286 1730 3401 1797 phi-

1858 1811 2061 1881 losophi
2091 1821 2145 1867 et
2172 1812 2459 1867 fabularum
2485 1816 2766 1883 scriptores
2795 1816 2859 1869 de
2886 1815 3053 1870 futura
3088 1834 3179 1885 pro
3217 1822 3403 1872 merito

1856 1912 1997 1955 sorte
2027 1902 2374 1970 philosophati
2410 1905 2515 1956 sint
2549 1944 2563 1967 ,
2596 1914 2647 1957 et
2678 1905 2940 1972 improbos
2972 1905 3021 1958 in
3053 1906 3255 1960 inferno
3284 1922 3403 1961 cru-

1856 1992 1980 2044 ciari
2011 1992 2263 2046 dixerint.
2284 1993 2411 2047 Nam
2438 1996 2640 2048 etiamsi
2672 1995 2783 2049 hinc
2799 2011 2920 2049 vere
2937 2007 2991 2048 ut
3010 2006 3129 2049 sunt
3154 2013 3398 2054 enarrare

1857 2097 1958 2135 non
1988 2092 2280 2150 potuerunt,
2312 2092 2488 2152 utpote
2512 2084 2598 2153 qui
2621 2099 2685 2138 ex
2709 2085 2977 2139 ratiocinio
3005 2094 3201 2139 tantum
3233 2102 3405 2156 exque

1856 2181 2032 2226 nostra
2060 2173 2295 2228 doctrina
2324 2175 2460 2228 male
2499 2183 2710 2243 accepta
2757 2174 2821 2227 ad
2852 2175 2903 2228 id
2929 2177 3147 2243 permoti
3174 2176 3398 2243 fuerint,

1855 2273 2084 2317 attamen
2108 2264 2177 2317 illi
2202 2265 2475 2333 imaginem
2488 2265 2763 2335 quamdam
2785 2265 2967 2334 judicii
2988 2266 3160 2335 adepti
3174 2269 3398 2324 fuerant.

1856 2352 2077 2423 Cocytos
2106 2353 2245 2406 enim
2265 2363 2589 2417 memorant,
2634 2352 3153 2425 Pyriphlegethontas
3179 2356 3361 2410 fluvios
3380 2399 3398 2424 ,

1856 2451 1905 2495 et
1925 2440 2099 2512 Stygis
2125 2456 2331 2511 aquam,
2362 2451 2416 2497 et
2442 2442 2714 2497 Tartarum
2747 2452 2944 2497 tantum
2969 2459 2999 2497 a
3022 2452 3157 2498 terra
3188 2444 3392 2501 distan-

1857 2542 1981 2599 tem,
2009 2542 2260 2603 quantum
2288 2533 2396 2601 ipsa
2422 2549 2449 2585 a
2472 2533 2619 2599 cado,
2650 2533 2840 2587 multos
2869 2549 3071 2604 quoque
3097 2534 3228 2589 alios
3247 2535 3402 2589 ultio-

1856 2625 1937 2678 nis
1961 2622 2143 2677 modos
2174 2642 2188 2677 :
2218 2638 2530 2694 rursumque
2552 2624 2785 2693 Elysium
2804 2639 3066 2693 campum,
3090 2632 3144 2679 et
3167 2624 3400 2679 fortuna-

1857 2721 2027 2765 torum
2072 2712 2288 2778 insulas,
2341 2721 2484 2781 prata
2528 2711 2732 2777 florida,
2788 2712 3119 2779 fragrantiam
3161 2714 3398 2776 multam,

1855 2815 2037 2854 auram
2062 2810 2267 2855 tenuem
2295 2810 2347 2854 et
2372 2800 2563 2855 choros
2584 2801 2689 2855 illic
2715 2809 3004 2867 versantes,
3047 2801 3168 2856 albo
3190 2802 3401 2859 indutos

1854 2891 2069 2957 amictu,
2117 2891 2365 2961 quasdam
2394 2890 2722 2945 modulantes
2746 2891 3059 2957 cantilenas,
3105 2891 3157 2945 in
3193 2907 3393 2946 summa

1855 2982 2010 3038 bonis
2036 2992 2091 3038 et
2114 2983 2265 3038 malis
2291 2992 2406 3051 post
2442 2982 2642 3036 exitum
2667 2996 2731 3035 ex
2763 2982 2858 3033 hac
2885 2982 2988 3033 vita
3019 2989 3250 3048 paratam
3288 2996 3400 3035 sor-

1856 3081 1960 3126 tem
1986 3073 2342 3141 promeritam.
2374 3070 2450 3125 Ne
2470 3071 2644 3140 itaque
2661 3069 2912 3140 gehennae
2946 3069 3097 3124 fidem
3130 3085 3398 3140 negemus,

1856 3180 1924 3219 ne
1951 3163 2003 3218 in
2031 3164 2171 3218 illam
2212 3162 2500 3217 incidamus
2522 3178 2538 3217 ;
2564 3176 2681 3214 nam
2708 3160 2793 3229 qui
2824 3176 2927 3213 non
2952 3161 3146 3225 credit,
3192 3162 3400 3230 segnior

1855 3254 2085 3309 efficitur
2109 3269 2125 3318 ;
2159 3254 2246 3323 qui
2274 3251 2447 3321 segnis
2467 3258 2567 3313 est,
2598 3250 2649 3303 in
2676 3248 2815 3303 illam
2859 3248 3038 3319 procul
3077 3248 3235 3303 dubio
3263 3250 3355 3306 ibit
3383 3268 3397 3303 :

1859 3348 1962 3397 imo
1987 3342 2264 3397 credamus
2294 3341 2407 3394 sine
2436 3338 2761 3392 dubitatione
2786 3378 2803 3405 ,
2845 3337 3013 3407 deque
3044 3337 3129 3391 illa
3160 3336 3400 3408 frequen-

1856 3442 1940 3487 ter
1962 3431 2340 3500 colloquamur,
2385 3436 2440 3484 et
2482 3443 2586 3482 non
2620 3427 2769 3480 facile
2820 3425 3167 3495 peeeabimus.
3211 3426 3400 3494 llujus-

1856 3522 1996 3576 modi
2022 3536 2245 3589 namque
2264 3533 2563 3574 sermonum
2592 3514 3040 3579 commemoratio,
3076 3514 3221 3583 quasi
3251 3528 3400 3568 acer-

1856 3613 1977 3666 bum
2006 3610 2265 3679 quoddam
2290 3606 2599 3670 remedium,
2629 3605 2916 3675 nequitiam
2945 3616 3155 3657 omnem
3192 3604 3399 3657 abster-

1856 3717 1977 3771 gere
2002 3699 2212 3769 poterit,
2242 3699 2286 3753 si
2314 3697 2506 3751 nostris
2531 3704 2787 3767 perpetuo
2813 3692 3004 3747 animis
3024 3691 3266 3746 insideat.
3290 3691 3401 3747 Hoc

1857 3793 2031 3860 itaque
2072 3788 2306 3843 remedio
2337 3797 2563 3852 utamur,
2618 3794 2675 3839 ut
2717 3783 2878 3855 probe
2917 3782 3219 3852 expurgati,
3261 3782 3401 3851 digni

1856 3882 2021 3936 simus
2040 3880 2126 3949 qui
2172 3879 2335 3932 Deum
2364 3876 2635 3931 videamus
2655 3914 2671 3938 ,
2701 3884 2758 3929 ut
2798 3874 2865 3926 ab
2912 3874 3211 3927 hominibus
3238 3872 3400 3924 videri

1856 3978 2046 4045 potest,
2073 3976 2129 4022 et
2151 3966 2338 4021 futuris
2361 3964 2596 4018 fruamur
2627 3961 2797 4025 bonis,
2816 3960 2981 4031 gratia
3009 3968 3062 4015 et
3085 3959 3403 4029 benignitate

1856 4056 2063 4112 Domini
2091 4055 2255 4110 nostri
2282 4054 2408 4109 Jesu
2436 4050 2647 4107 Christi.
2674 4048 2777 4121 Ipsi
2800 4048 2967 4121 gloria
2995 4047 3048 4102 in
3077 4049 3267 4103 stecula
3296 4063 3396 4103 stc-

1854 4146 2114 4203 culorum.
2142 4144 2329 4198 Amen.

198 4534 3383 4607 Μ

829 4887 935 4948 AD
981 4878 1389 4944 HOMILIAM
1431 4875 1511 4936 1N
1562 4869 1853 4939 JOSEPH
1905 4868 2006 4928 ET
2066 4866 2173 4926 DE
2219 4859 2775 4921 CONTINENTIA.

208 5143 354 5200 docti
381 5150 436 5195 et
457 5133 693 5193 accurati
726 5129 921 5199 Joseph
954 5123 1271 5188 Boevvlesii,
1300 5112 1847 5191 protobibliotbeearii
1872 5108 2141 5164 Bodleiani
2162 5146 2177 5173 ,
2208 5121 2325 5175 quae
2368 5104 2684 5175 paucissima
2715 5100 2767 5153 in
2802 5096 3162 5165 Manuscripto
3193 5110 3379 5164 super-

208 5290 368 5337 erant
398 5277 627 5334 exscribi
661 5274 899 5343 mihique
932 5264 1219 5325 transmitti
1247 5259 1469 5318 curavit.
1499 5256 1699 5312 Caetera
1736 5252 1879 5306 enim
1916 5248 2109 5303 avulsis
2152 5247 2290 5303 foliis
2324 5244 2617 5315 perierunt,
2654 5248 2712 5293 ut
2739 5237 2945 5293 monuit
2979 5236 3093 5303 ipse
3135 5232 3388 5288 laudatus

212 5418 299 5472 vir
333 5410 699 5467 Boevvlesius.

290 5541 666 5617 lnterpretatio
690 5539 895 5605 Latina,
921 5533 1022 5591 etsi
1050 5540 1222 5596 vetus,
1260 5537 1340 5583 sat
1364 5528 1499 5582 bene
1526 5518 1840 5577 concinnata
1866 5522 1965 5567 est.

1683 5699 1952 5720 ._-—
