4138 6306
768 342 874 398 291

1483 336 1538 394 S.
1574 336 1841 393 JOANNIS
1873 336 2337 397 CHRYSOSTOHI
2374 342 2681 401 ARCHIEP.
2721 349 3240 412 (ΞΟΧΞΤΑΝΤΞΝΟΡ.

3874 374 3987 429 292

767 478 3947 515 *διψῇ-*Μῄο-

1644 592 2127 664 EJUSDEM
2182 596 2319 665 DE
2371 599 3071 675 CONTINENTIA
3086 653 3110 676 .

835 751 861 779 ι
903 740 1014 792 'Asl.
1052 740 1150 809 μὲν
1195 743 1318 812 ιμοὶ
1356 743 1503 799 δοκεῖ

764 829 1177 899 χρησιμώτατος
1229 829 1365 886 εἶναι
1410 835 1501 887 καὶ

767 919 989 985 πρέπων
1061 923 1171 983 τοῖς
1220 922 1312 974 τοῦ
1370 925 1503 995 Χρι-

772 1008 897 1059 στοῦ
946 1009 1147 1073 δούλοις
1172 1011 1200 1063 ὁ
1234 1014 1362 1080 περὶ
1401 1030 1504 1067 σω-

770 1100 1039 1170 φροσύνης
1054 1104 1205 1169 λόγος
1233 1120 1247 1135 ο
1272 1106 1503 1174 μάλιστα

771 1188 829 1239 δὲ
862 1189 954 1242 νῦν
999 1192 1055 1243 ιν
1100 1193 1275 1263 καιρῷ
1318 1194 1502 1251 τοῦτον

776 1278 1111 1349 ποιησόμεθα
1159 1283 1291 1351 πρὸς
1339 1284 1499 1354 ὑμᾶς,

769 1372 857 1424 ὅτε
902 1374 991 1425 τὸν
1016 1375 1244 1445 Χριστὸν
1286 1379 1503 1435 ἐνδυσά-

773 1478 919 1530 μενοι
966 1466 1060 1533 τῆς
1103 1467 1421 1537 Ἐκκλησίας
1454 1476 1502 1525 oi

768 1554 954 1616 παῖδες
974 1595 988 1617 ,
1022 1559 1365 1628 σωφροσύνην
1398 1564 1502 1629 μά-

768 1645 921 1699 λιστα
949 1649 1239 1717 κεκτῆσθαι
1262 1653 1365 1722 πρὸ
1393 1656 1501 1708 τῶν

767 1741 939 1795 ἄλλων
1002 1743 1300 1809 ὀφείλουσιν
1366 1749 1501 1815 ἀγα-

768 1832 896 1886 οῶν.
941 1835 1090 1886 Ἐπεὶ
1122 1837 1214 1889 καὶ
1252 1838 1396 1901 ὅστις
1426 1836 1501 1891 εἴ-

768 1920 855 1972 δεν
884 1922 1116 1991 ἀθλητὰς
1136 1966 1150 1990 ,
1187 1926 1493 1995 Ὀλυμπίοις

772 2014 1118 2081 νομισθέντας
1218 2021 1317 2087 πρέ
1328 2038 1388 2071 πε
1400 2038 1445 2072 ιν
1481 2062 1496 2083 ,

771 2099 1157 2170 ἀλειψαμένους
1180 2106 1271 2157 ἐπὶ
1291 2108 1349 2159 τὸ
1376 2112 1499 2163 στά-

769 2186 879 2239 διον
907 2192 1324 2258 καταϐαίνοντας
1341 2239 1354 2260 ,
1383 2195 1498 2251 εἶτα

767 2278 893 2345 περὶ
954 2280 1341 2351 παλαισμάτων
1411 2291 1501 2342 καὶ

767 2370 1056 2438 καρτερίας
1084 2373 1174 2425 καὶ
1204 2375 1354 2443 νίκης
1398 2379 1501 2431 διε-

770 2455 930 2526 λέχθη
978 2460 1110 2529 πρὸς
1157 2464 1383 2528 αὐτοὺς,
1440 2468 1499 2520 ὲν

767 2547 940 2616 καιρῷ
959 2550 1111 2602 τοῦτο
1146 2559 1500 2625 πεποιηκέναι

770 2638 992 2703 δικαίως
1019 2642 1081 2695 ἂν
1107 2646 1252 2713 παρὰ
1288 2648 1495 2701 πάντων

768 2729 1055 2798 νομίζοιτο.
1109 2736 1214 2787 Καὶ
1280 2737 1343 2807 δὴ
1403 2741 1495 2793 καὶ

765 2820 924 2885 ἡμεῖς
945 2823 1240 2891 ἑωρακότες
1264 2830 1384 2892 τοὺς
1407 2833 1497 2885 τοῦ

773 2907 921 2980 [500]
952 2914 1196 2984 Σωτῆρος
1222 2918 1453 2990 ἀθλητὰς
1477 2962 1491 2986 ,

768 2997 991 3066 δύναμιν
1039 3002 1295 3070 λαϐόντας
1352 3014 1499 3081 παρά

765 3087 858 3141 τοῦ
905 3090 1216 3161 Πνεύματος
1250 3097 1336 3151 διὰ
1391 3102 1498 3155 τῶν

766 3175 922 3229 θείων
944 3185 1267 3253 μυστηρίων,
1284 3189 1497 3255 εἰκότως

764 3266 832 3319 ἂν
863 3268 1000 3339 ὑπὲρ
1023 3276 1366 3345 σωφροσύνης
1386 3280 1499 3332 δια-

762 3359 1055 3428 λεχθέντες,
1082 3365 1170 3415 ὲπὶ
1200 3368 1286 3419 τὸν
1316 3370 1497 3436 ἀγῶνα

762 3446 852 3499 τὸν
900 3454 1258 3520 πνευματικὸν
1318 3475 1496 3527 παρα-

768 3538 1091 3608 πέμψωμεν.
1140 3544 1225 3595 Ἐν
1258 3546 1356 3615 μὲν
1404 3544 1493 3603 οὖν

764 3630 875 3690 τοῖς
903 3630 1145 3700 ἀνθρωπί
1216 3674 1230 3688 .
1260 3676 1275 3691 .

1635 746 1764 801 Mihi
1811 748 2032 817 quidem
2084 764 2299 821 semper

1568 836 1887 892 utilissimus
1934 840 2182 904 videtur,
2246 851 2303 897 et

1567 926 1765 983 Christi
1786 931 1954 984 servis
1977 932 2172 1001 dignus
2189 947 2305 987 ser-

1570 1034 1659 1073 mo
1686 1020 1753 1075 de
1780 1023 2112 1076 continentia
2144 1041 2157 1076 :
2187 1041 2303 1080 ma-

1571 1109 1710 1164 xime
1726 1120 1903 1165 autem
1923 1121 2166 1182 tempore
2178 1116 2299 1180 hoc,

1571 1200 1785 1267 quando
1826 1201 2104 1256 Christum
2131 1193 2304 1258 induti

1570 1290 1722 1357 pueri
1755 1288 2009 1346 Ecclesiae
2051 1309 2164 1361 pra:
2184 1295 2305 1350 aliis

1570 1378 1726 1433 bonis
1761 1382 2149 1437 continentiam
2177 1400 2304 1453 pos-

1570 1473 1747 1526 sidere
1801 1476 2031 1529 maxime
2081 1476 2302 1533 debent.

1569 1567 1737 1623 Nemo
1764 1569 1961 1639 injuste
1998 1572 2081 1625 vel
2108 1572 2303 1627 intem-

1568 1661 1775 1726 pestive
1808 1660 1874 1713 de
1896 1660 2218 1717 fortitudine
2244 1669 2300 1716 et

1569 1753 1862 1806 certamine
1887 1753 2084 1807 factum
2110 1754 2305 1809 dixerit

1569 1856 1871 1896 sermonem
1895 1883 1909 1907 ,
1943 1859 2065 1897 cum
2093 1844 2306 1899 athleta:

1563 1931 1713 1998 juxta
1788 1930 2090 2001 Olympicas
2160 1933 2303 2002 leges

1568 2030 1909 2074 exercentur.
1936 2022 2118 2090 Itaque
2136 2031 2191 2076 et
2208 2039 2305 2077 nos

1569 2123 1714 2163 nunc
1726 2111 2156 2166 athletasChristi
2171 2128 2305 2181 quos

1572 2200 1817 2253 videmus
1847 2202 2118 2270 accepisse
2136 2203 2306 2255 virtu-

1575 2297 1680 2343 tem
1698 2304 1725 2342 a
1744 2289 1944 2357 Spiritu
1983 2301 2203 2359 propter
2222 2292 2307 2344 di-

1574 2378 1697 2433 vina
1719 2389 2075 2441 sacramenta,
2096 2379 2161 2432 ad
2179 2394 2298 2449 ago-

1574 2485 1693 2522 nem
1713 2470 2047 2536 spiritualem
2067 2470 2303 2535 missuri,

1572 2558 1767 2610 merito
1779 2557 1844 2611 de
1858 2560 2185 2611 continentia
2199 2559 2281 2613 dis

1572 2645 1819 2699 serimus.
1904 2645 1961 2698 in
2018 2646 2306 2701 mundanis

1572 2734 1715 2787 enim
1759 2734 2142 2789 certaminibus
2186 2744 2305 2804 post

1570 2824 1850 2877 victoriam
1915 2839 2168 2888 corona;
2248 2826 2304 2879 in

1568 2913 1765 2968 Christi
1854 2922 2029 2965 autem
2119 2913 2306 2968 stadiis

1569 3011 1690 3055 ante
1746 3001 2021 3054 victoriam
2074 3017 2301 3057 coronae.

1568 3090 1741 3156 Quare
1791 3100 1967 3146 autem
2021 3103 2303 3148 coronatos

1570 3184 1623 3235 in
1701 3196 1925 3251 agonem
1985 3183 2148 3237 mittit
2206 3198 2303 3237 nos

1567 3272 1837 3327 Christus?
1867 3274 1935 3329 Ut
1972 3284 2171 3327 metum
2218 3275 2303 3327 in-

1569 3367 1735 3420 cutiat
1781 3368 2099 3421 adversariis
2113 3408 2127 3430 ,
2178 3384 2303 3422 sen-

1567 3468 1763 3523 susque
1812 3463 2023 3510 nostros
2074 3458 2242 3527 erigat
2284 3475 2300 3513 :

1568 3555 1627 3600 ut
1679 3547 1742 3600 ad
1796 3548 2053 3601 honorem
2107 3565 2135 3601 a
2193 3550 2301 3604 Deo

1564 3635 1720 3689 nobis
1747 3635 1927 3688 datutn
1962 3646 2263 3703 spectantes
2279 3678 2295 3701 ,

763 3710 893 3763 nihil
955 3710 1217 3777 indignum
1262 3709 1478 3761 Domino
1536 3709 1620 3760 vel
1666 3710 1973 3775 loquamur,
2016 3712 2096 3761 vel
2143 3712 2298 3761 faeta-

763 3812 899 3851 mus.
958 3796 1086 3850 Nam
1127 3796 1169 3849 si
1219 3812 1309 3851 rex
1339 3796 1523 3865 aliquis
1552 3810 1776 3864 purpura
1804 3796 2020 3847 amictus
2044 3836 2057 3858 ,
2090 3810 2306 3849 corona.

760 3902 862 3957 que
896 3897 1050 3955 caput
1094 3895 1337 3948 ornatus,
1370 3895 1423 3939 et
1475 3886 1642 3939 victus
1669 3892 1865 3937 natura:
1912 3883 2296 3944 affectionibus.

762 3976 1025 4043 indignum
1053 3975 1293 4043 quiddam
1313 3974 1450 4043 regia
1481 3974 1752 4042 majestate
1782 3972 1981 4037 fecerit,
2012 3988 2131 4026 mox
2163 3983 2219 4025 ut
2246 3973 2296 4027 in

762 4066 955 4133 regiam
996 4066 1179 4116 stolam
1225 4064 1505 4130 aspexerit,
1558 4062 1803 4118 emendat
1851 4077 1941 4123 se,
1988 4076 2302 4131 operamque

759 4153 849 4207 dat
876 4168 939 4205 ne
967 4153 1181 4219 posthac
1222 4167 1250 4203 a
1288 4151 1437 4204 fu-dis
1475 4153 1712 4203 vim-ator
1740 4152 2127 4219 cupiditatibus.
2157 4152 2220 4205 Et
2244 4163 2301 4205 ιιι

758 4258 961 4309 quoque
1006 4241 1214 4294 indutus
1244 4242 1505 4294 Christum
1530 4280 1544 4303 ,
1578 4242 1733 4293 vitata
1780 4242 1913 4308 turpi
1946 4242 2133 4294 animm
2170 4256 2300 4298 con-

757 4331 1073 4397 cupiscentia
1100 4370 1112 4390 ,
1142 4330 1204 4381 ad
1235 4330 1460 4381 divinant
1507 4328 1681 4381 statim
1708 4330 1891 4381 stolam
1924 4330 2147 4395 respice,
2180 4344 2292 4381 mea

758 4420 957 4486 liorquc
986 4418 1156 4469 statim
1187 4418 1311 4481 eris,
1341 4432 1506 4485 neque
1528 4417 1734 4485 tualigui
1763 4418 1960 4470 artibus
1989 4416 2292 4471 omanderis.

755 4507 912 4575 Igitur
956 4506 1227 4574 pulchrum
1257 4505 1462 4573 quidem
1509 4508 1880 4560 continentiam
1926 4507 2295 4560 commendare

753 4595 1012 4659 laudibus,
1039 4593 1298 4661 pulchrius
1318 4602 1491 4645 autem
1524 4594 1814 4661 possidere.
1842 4594 1907 4645 Et
1933 4608 2060 4647 sane
2081 4608 2183 4647 neu
2208 4610 2297 4662 pa-

754 4700 869 4738 rum
899 4684 963 4737 ad
1004 4684 1374 4737 continentiam
1419 4686 1697 4737 incitantur
1716 4724 1731 4747 ,
1758 4685 1845 4753 qui
1884 4686 2101 4737 multum
2130 4684 2197 4739 de
2228 4698 2290 4737 ea

754 4772 1033 4840 loquuntur
1058 4782 1109 4823 et
1132 4772 1363 4824 audiunt.
1390 4774 1555 4839 Atque
1570 4788 1683 4824 eam
1702 4773 1769 4824 ob
1794 4788 1902 4825 rem
1930 4774 2145 4825 virtutes
2171 4787 2294 4825 san-

753 4873 954 4918 ctorum
1005 4861 1261 4914 celebrati
1316 4860 1475 4913 sacris
1517 4861 1795 4927 Scriptnris
1821 4862 1985 4914 voluit
2031 4861 2189 4923 Deus,
2242 4872 2296 4913 ut

754 4964 937 5001 omnes
989 4948 1227 5001 homines
1261 4946 1313 4997 itt
1350 4947 1558 4999 illorum
1607 4949 1873 5001 trahantur
1919 4950 2291 5010 imitationem,

754 5040 1069 5105 vestigiaque
1096 5037 1296 5088 illorum
1329 5037 1603 5104 diligenter
1622 5038 1884 5104 sequendo
1907 5041 2137 5105 persuasi
2163 5054 2291 5092 con-

760 5128 1030 5181 tiucutiam
1070 5136 1269 5193 parent.
1302 5127 1504 5180 Etenim
1535 5126 1577 5178 si
1614 5127 1663 5177 in
1705 5126 1960 5194 gymnicis
1986 5129 2291 5180 certamini-

756 5220 851 5271 hus
882 5217 1144 5285 plerique,
1174 5216 1295 5267 visis
1318 5216 1527 5267 athletis
1552 5216 1843 5272 coronatis.
1871 5216 2107 5280 accensi,
2137 5217 2292 5269 etiam

753 5310 847 5374 ipsi
876 5324 932 5360 se
962 5314 1253 5369 exuerunt,
1284 5315 1337 5357 et
1362 5306 1551 5358 multos
1583 5306 1803 5357 sudores
1841 5306 2145 5373 laboresque
2175 5321 2293 5373 per-

754 5402 1001 5460 tulerunt,
1038 5406 1090 5447 ut
1121 5396 1277 5447 ramis
1311 5395 1387 5447 vel
1417 5396 1545 5446 oleae
1584 5396 1659 5446 vel
1709 5394 1836 5447 lauri
1868 5405 2241 5448 coronarentur
2275 5415 2287 5448 :

752 5498 938 5553 quanta
969 5501 1090 5553 ergo
1122 5500 1214 5537 nos
1251 5488 1492 5537 convenit
1527 5484 1795 5536 alacritate
1841 5498 1933 5549 pro
1977 5485 2291 5537 continentia

752 5578 967 5629 sudoros
993 5576 1143 5635 l‘urre,
1169 5575 1373 5642 quando
1393 5574 1520 5626 alios
1543 5588 1571 5625 a
1600 5573 1705 5626 Deo
1735 5584 2010 5627 coronatos
2032 5575 2286 5637 videmus,

752 5677 805 5717 ut
858 5664 1148 5716 ca-lestihus
1212 5662 1544 5715 redimiamnr
1598 5664 1843 5727 coronis,
1902 5674 2111 5732 propter
2158 5667 2289 5719 bona

752 5753 1096 5819 salutaritquc
1125 5750 1392 5805 facinora?
1420 5750 1690 5817 Quomodo
1722 5766 1822 5805 non
1852 5768 2008 5819 grave
2030 5762 2080 5807 et
2123 5753 2281 5806 multa

2409 755 2485 811 ira
2541 754 2788 824 dignum,
2838 754 2882 808 si
2941 755 3161 808 athletas
3210 754 3417 809 allectet
3473 756 3653 811 folium
3701 759 3833 812 lauri
3880 761 3961 813 vel

2408 845 2581 909 olivae,
2609 852 2663 899 et
2694 844 2857 914 gloria
2906 845 3216 899 transitoria:
3258 846 3409 915 hujus
3458 851 3579 902 vita:
3607 867 3620 901 :
3659 867 3755 905 nos
3782 862 3961 906 autem

2410 933 2538 987 nihil
2567 944 2810 988 moveant
2835 932 3025 989 Christi
3047 950 3280 999 munera,
3313 946 3369 990 ut
3391 951 3597 993 omnem
3642 941 3957 1009 voluptatem

2402 1034 2763 1087 amoveamus,
2811 1030 2864 1075 et
2907 1024 3145 1077 timorem
3202 1024 3290 1076 Dei
3335 1027 3669 1092 pmieramus
3710 1034 3960 1099 concupi-

2408 1110 2664 1164 scentiis?
2690 1111 2856 1166 Porro
2878 1125 2983 1166 n0n
3005 1112 3055 1164 in
3082 1114 3204 1166 solis
3231 1116 3523 1171 hominibus
3548 1119 3784 1175 videmus
3808 1122 3956 1175 simi-

2410 1198 2537 1253 lium
2565 1200 2929 1265 imitationem,
2956 1202 3047 1254 sed
3068 1210 3121 1254 et
3166 1202 3216 1255 in
3248 1203 3431 1258 brutis.
3462 1206 3591 1259 Nam
3619 1218 3672 1261 et
3698 1211 3957 1265 columba:

2408 1301 2571 1356 sa-pe,
2625 1287 2733 1343 visa
2759 1304 2857 1343 una
2893 1291 3151 1354 avolante,
3177 1292 3354 1346 statim
3398 1305 3684 1360 sequuntur
3719 1313 3905 1355 omnes
3940 1320 3953 1353 :

2408 1389 2461 1434 et
2501 1379 2671 1447 pullus
2697 1394 3005 1447 generosus,
3038 1381 3090 1433 in
3112 1396 3360 1450 equorum
3405 1396 3642 1441 armento
3669 1390 3918 1446 exsiliens
3939 1433 3955 1454 ,

2408 1483 2587 1523 secum
2612 1470 2747 1539 rapit
2773 1484 2930 1524 omne
2949 1480 3263 1525 armentum.
3296 1474 3360 1527 Et
3393 1475 3530 1528 inter
3556 1492 3667 1538 vos,
3701 1488 3757 1531 ut
3786 1480 3838 1533 in
3868 1496 3957 1533 ar-

2407 1567 2584 1610 mento
2610 1556 2821 1621 Christi,
2862 1558 3031 1613 bonus
3066 1568 3147 1613 est
3176 1562 3344 1629 pullus
3383 1563 3576 1633 Joseph
3616 1568 3960 1621 continentis-

2406 1648 2591 1711 simus,
2616 1647 2913 1700 czelestibus
2941 1650 3371 1704 exsultationibus
3406 1654 3469 1705 ad
3498 1654 3580 1707 sui
3610 1655 3955 1712 imitationem

2407 1749 2503 1789 nos
2524 1749 2806 1789 conservos
2829 1751 3041 1791 vocans.
3064 1737 3323 1792 Saltemus
3347 1741 3498 1808 igitur
3525 1756 3641 1795 cum
3678 1744 3817 1798 bono
3858 1749 3925 1799 ad
3941 1779 3956 1789 -

2406 1825 2667 1879 olescente
2690 1825 3009 1892 spiritualem
3031 1828 3273 1881 choream
3293 1869 3309 1893 ,
3336 1830 3600 1885 laudantes
3643 1835 3805 1901 ipsius
3830 1851 3958 1890 con-

2409 1912 2675 1966 tinentiam
2697 1953 2711 1975 ,
2744 1929 2845 1966 non
2890 1916 3060 1967 verbis
3088 1916 3254 1970 solum
3280 1958 3297 1983 ,
3329 1920 3419 1973 sed
3445 1930 3494 1974 et
3536 1937 3751 1990 operum
3779 1926 3955 1979 imita-

2409 2002 2568 2056 tione.
2602 2001 2690 2054 llle
2720 2002 2892 2070 igitur,
2924 2004 3009 2057 ille
3033 2014 3145 2058 erat
3169 2005 3386 2075 diligens
3403 2020 3456 2063 et
3478 2022 3754 2079 perpetuus
3779 2017 3954 2066 enuti—

2403 2089 2594 2142 nentia:
2613 2099 2789 2145 custos
2812 2132 2826 2156 ,
2853 2106 2970 2148 cum
2997 2104 3174 2162 posset
3200 2096 3393 2166 regina:
3417 2098 3511 2167 ipsi
3534 2101 3795 2168 imperare
3818 2113 3870 2157 et
3901 2107 3953 2159 in

2397 2176 2599 2233 deliciis
2648 2188 2804 2251 atque
2846 2182 2969 2237 luxu
3007 2183 3217 2239 divitem
3275 2196 3328 2240 et
3376 2190 3718 2258 voluptarium
3764 2209 3946 2262 agere.

2399 2265 2765 2322 Verumtamen
2804 2273 3038 2339 quamvis
3088 2275 3263 2328 talium
3307 2285 3356 2329 et
3388 2287 3645 2333 tantorum
3695 2282 3946 2339 dominus

2400 2352 2627 2421 futurus,
2656 2372 2772 2410 cum
2798 2362 3078 2427 cogitasset
3099 2362 3237 2430 quod
3274 2364 3466 2419 divitiae
3508 2368 3715 2435 quidem
3759 2379 3815 2423 et
3839 2387 3939 2439 po-

2396 2444 2553 2497 tentia
2581 2459 2643 2499 ac
2666 2447 2829 2514 gloria
2858 2463 2975 2503 cum
3005 2453 3243 2517 prazseuti
3273 2454 3379 2506 vita
3408 2465 3691 2522 transeant,
3724 2470 3777 2512 et
3808 2472 3944 2514 tem-

2395 2538 2648 2603 poralium
2694 2539 2891 2591 lucrum
2939 2540 3207 2595 dumtaxat
3249 2542 3508 2608 habeant,
3554 2548 3717 2600 solius
3763 2560 3943 2604 autem

2396 2627 2601 2681 virtutis
2639 2629 2809 2682 nullus
2852 2632 2918 2683 sit
2948 2632 3101 2696 linis,
3149 2632 3266 2687 ideo
3305 2635 3651 2702 voluptatibus
3701 2639 3943 2694 timorem

2391 2716 2585 2773 Christi
2613 2759 2627 2783 ,
2657 2727 2714 2772 ut
2740 2719 2943 2774 frenum
2968 2711 3251 2789 quoddam,
3280 2724 3477 2791 injecit.
3529 2726 3740 2780 Divitias
3762 2738 3942 2784 autem

2394 2815 2447 2857 et
2483 2805 2718 2871 delicias,
2746 2822 2807 2861 ac
2854 2810 3225 2877 promissiones
3266 2811 3490 2864 domina:
3534 2813 3731 2869 derisit.
3775 2817 3938 2870 misc-

2392 2894 2521 2946 riam
2551 2894 2602 2946 in
2628 2909 2839 2949 carcere
2858 2898 3141 2951 dulciorem
3164 2914 3383 2953 censens
3424 2903 3689 2969 prmelaris
3714 2902 3938 2956 domici-

2391 2983 2491 3045 liis,
2522 2986 2724 3038 tametsi
2756 2985 2835 3039 his
2862 2988 2948 3055 qui
2975 2990 3293 3043 excellenter
3319 2990 3529 3045 formosi
3559 3003 3698 3058 sunt,
3728 2994 3941 3050 difﬁcile

2389 3080 2469 3125 est
2494 3072 2752 3140 imperare
2780 3075 3049 3141 voluptati.
3080 3077 3174 3133 llic
3209 3088 3380 3132 autem
3428 3088 3624 3133 tantum
3669 3082 3943 3149 specimen

2390 3160 2619 3215 exhibuit
2655 3164 3008 3228 cootinentiar,
3038 3176 3090 3217 ut
3112 3167 3488 3233 pulchritudine
3510 3170 3693 3221 anima:
3713 3170 3939 3236 pulchri-

2389 3250 2619 3305 tudinem
2658 3254 2897 3321 corporis
2927 3258 3228 3317 occultaret,
3273 3257 3435 3309 stellae
3465 3258 3669 3311 cuidam
3704 3260 3936 3323 pulchra:

2391 3336 2713 3393 formositate
2740 3342 2993 3407 corporis.
3021 3345 3217 3411 angelis
3241 3354 3415 3397 autem
3447 3356 3718 3399 venustate
3744 3350 3939 3402 anian

2392 3425 2760 3480 conferendas.
2789 3427 2894 3481 Nos
2940 3437 3112 3482 autem
3146 3429 3297 3483 decet
3319 3431 3560 3484 admirari
3585 3472 3600 3496 ,
3633 3448 3735 3486 non
3763 3434 3938 3489 solum

2384 3517 2737 3573 adolescentis
2774 3518 3145 3571 continentiam
3172 3560 3185 3583 ,
3214 3520 3303 3572 sed
3330 3530 3380 3573 et
3410 3522 3629 3588 pericula
3653 3562 3667 3585 ,
3697 3538 3814 3589 qua:
3841 3540 3938 3590 pro

2390 3606 2475 3658 illa
2523 3607 2804 3672 sustinuit,
2833 3608 2921 3675 qui
2950 3618 3114 3661 morte
3155 3610 3361 3677 gravius
3386 3624 3447 3662 ac
3474 3611 3749 3663 terribilius
3794 3612 3936 3679 judi-

2385 3694 2521 3748 cavit
2549 3696 2750 3748 servire
2786 3696 3155 3763 voluptatibus.
3194 3697 3544 3751 Admirabitur
3588 3710 3793 3763 autem,
3839 3703 3934 3770 qui

2387 3785 2628 3838 virtutem
2679 3787 2841 3854 ipsius
2891 3786 3164 3854 diligenter
3207 3789 3545 3856 cognoverit,
3594 3799 3643 3842 et
3691 3800 3932 3857 tempore

2390 3875 2695 3940 expenderit
2726 3876 2778 3928 in
2805 3876 2995 3939 quibus
3032 3877 3254 3929 animant
3296 3892 3475 3945 puram
3520 3881 3765 3932 servavit.
3796 3879 3933 3935 Nam

2390 3964 2687 4031 priusquam
2742 3965 2791 4016 in
2839 3975 2974 4018 terra
3000 3975 3053 4018 et
3104 3966 3350 4019 Dominus
3376 3976 3429 4020 et
3470 3967 3652 4035 Opifex
3701 3968 3933 4022 universi

2387 4055 2643 4121 apparuit,
2690 4053 2977 4107 libertatem
3003 4054 3280 4107 custodivit
3307 4056 3514 4108 mentis.
3568 4055 3621 4106 In
3648 4054 3806 4107 domo
3829 4056 3932 4108 im-

2387 4146 2589 4213 piorum
2637 4145 2994 4209 educabatur,
3044 4146 3235 4198 multos
3289 4144 3509 4197 habebat
3554 4144 3619 4196 ad
3669 4145 3933 4199 deteriora

2385 4233 2741 4297 adhortantes,
2788 4236 2998 4288 carebat
3040 4235 3373 4287 continentia:
3414 4235 3678 4301 magistro.
3731 4234 3930 4290 Omnes

2386 4323 2637 4389 voluptati
2667 4324 2983 4387 serviebant,
3014 4326 3183 4377 ventri
3215 4324 3568 4391 indulgebant,
3599 4325 3725 4377 nihil
3765 4327 3929 4392 pium,

2388 4408 2514 4461 nihil
2540 4420 2777 4463 sanctum
2803 4412 3091 4465 faciebant:
3118 4420 3345 4463 attamen
3371 4412 3419 4463 in
3441 4421 3698 4465 tantorum
3723 4414 3932 4467 talium-

2387 4513 2489 4567 que
2517 4500 2789 4565 impiorum
2815 4516 3027 4565 corona,
3064 4501 3240 4554 videns
3262 4501 3525 4555 dominam
3568 4503 3929 4570 intemperan-

2389 4596 2492 4639 tem
2516 4586 2689 4653 jacere
2707 4626 2721 4651 ,
2750 4589 3029 4640 carlestium
3062 4589 3421 4642 thesaurorum
3459 4590 3694 4657 proditor
3723 4607 3823 4644 non
3849 4601 3933 4645 est

2388 4674 2573 4739 factus,
2610 4675 2701 4727 sed
2747 4675 2969 4742 Spiritus
3013 4677 3264 4745 templum
3308 4678 3716 4744 indeprtedahile
3757 4690 3934 4731 custo-

2388 4768 2534 4831 divit,
2564 4768 2759 4821 malens
2789 4769 2953 4831 mori,
2985 4784 3138 4833 quam
3166 4770 3364 4821 servire
3407 4769 3782 4835 voluptatibus.
3817 4768 3932 4822 Non

2388 4858 2622 4911 audierat
2650 4858 2863 4911 Paulum
2902 4858 3159 4912 dicentem
3184 4898 3197 4917 ,
3239 4873 3455 4925 corpora
3484 4869 3660 4912 nostra
3702 4860 3933 4913 membra

2386 4947 2578 4999 Christi
2632 4962 2752 5001 esse
2804 4947 2891 5013 (l.
2924 4946 3038 4999 Cor.
3065 4948 3115 4999 6.
3142 4945 3246 5016 15)
3276 4964 3288 4998 :
3318 4956 3367 5000 et
3404 4948 3703 5015 priusquam
3732 4948 3934 5001 audiret

2391 5051 2567 5089 vocem
2596 5037 2843 5097 divinam,
2872 5052 2971 5087 non
3002 5038 3170 5088 minor
3190 5039 3427 5106 apparuit
3451 5039 3511 5090 iis
3533 5040 3618 5105 qui
3638 5038 3933 5090 ca-lestibus

2391 5127 2822 5193 promissiouihus
2854 5127 3090 5179 honorati
3113 5137 3251 5188 sunt,
3272 5128 3466 5180 docens
3492 5143 3584 5180 uos
3613 5128 3661 5179 in
3690 5128 3937 5182 Ecelcsiis

2391 5230 2544 5281 quam
2576 5224 2813 5282 oporteat
2844 5229 2940 5268 nos
2968 5227 3169 5269 certare
3190 5257 3204 5279 ,
3236 5227 3288 5270 et
3334 5217 3692 5282 incorruptam
3722 5231 3933 5269 servare

2391 5304 2637 5355 animam.
2666 5303 2792 5355 Nam
2834 5305 2875 5356 si
2902 5320 3023 5371 ego,
3056 5305 3233 5359 dicere
3259 5314 3431 5373 potest
3454 5304 3671 5370 .loseph,
3705 5305 3789 5371 qui
3816 5315 3935 5357 ante

2393 5404 2567 5446 natum
2599 5394 2858 5445 Christum
2897 5394 2983 5457 fui,
3013 5410 3109 5447 nec
3142 5394 3311 5446 audivi
3352 5393 3611 5445 excelsum
3642 5393 3933 5459 apestolum

2394 5485 2606 5537 Paulum
2622 5483 2945 5546 clamantem,
2969 5499 3182 5551 cei-pora
3210 5493 3380 5534 nostra
3402 5482 3635 5534 membra
3659 5496 3774 5533 esse
3796 5479 3937 5533 Chri-

2394 5574 2456 5625 διε
2479 5613 2491 5636 ν
2526 5572 2693 5638 putavi
2731 5572 2819 5625 Dci
2850 5588 3029 5624 servos
3067 5574 3251 5625 decere
3296 5582 3347 5621 ιιι
3379 5570 3635 5635 imperent
3666 5571 3932 5636 voluptati,

2394 5679 2488 5717 nec
2508 5663 2867 5715 inventussnm
2889 5664 3215 5715 continentia:
3232 5661 3495 5723 decoctor,
3516 5661 3749 5727 quamvis
3775 5662 3936 5713 multa

2395 5750 2617 5819 pericula
2643 5761 2817 5819 parata
2848 5750 3078 5805 viderem
3111 5767 3120 5803 :
3152 5758 3397 5818 quantum
3425 5763 3516 5803 vos
3545 5750 3787 5805 convenit
3811 5764 3934 5804 cum
