4138 6306
179 380 296 437 293

172 487 361 542 timore
389 496 442 541 et
466 496 693 543 tremore
718 489 890 543 vivere
915 488 965 542 in
988 489 1301 545 continentia
1327 531 1341 556 ,
1372 498 1429 545 ut
1454 505 1520 545 ne
1544 504 1705 560 appa-

170 579 329 633 reatis
346 579 538 649 indigni
554 579 771 642 honore,
794 588 845 633 et
862 595 925 633 ne
947 582 1176 635 membra
1193 581 1383 636 Christi
1400 581 1526 636 fiant
1544 597 1711 637 mem-

172 667 261 719 bra
285 669 467 721 scorti!
498 668 604 721 Hoc
632 669 843 722 verbum
867 677 1038 737 potest
1059 685 1265 724 omnem
1289 671 1513 724 animam
1543 674 1713 726 conti-

171 756 346 807 nentia
380 755 599 817 munire,
636 756 731 809 hoc
751 758 962 809 verbum
992 757 1235 812 ardentes
1266 760 1712 827 concupiscentias

172 843 320 895 facile
343 843 631 911 restinguit.
668 844 846 912 Neque
872 845 1037 898 imber
1065 846 1115 899 in
1143 847 1310 914 ignem
1333 849 1523 902 cadens
1548 850 1616 902 ita
1642 848 1714 901 fa-

172 932 272 985 cile
288 932 551 985 flammam
569 933 829 1000 deprimit,
848 944 902 987 ut
920 935 1083 987 malas
1111 939 1556 1003 concupiscentias
1578 954 1713 991 mar-

172 1033 387 1072 cescere
407 1018 529 1071 facit
554 1034 728 1071 sermo
752 1020 838 1073 ille
877 1021 927 1072 in
954 1022 1175 1073 animam
1196 1023 1472 1076 admissus.
1493 1025 1712 1079 Eosdem

173 1120 445 1161 sermones
475 1107 621 1161 nobis
647 1108 783 1176 loqui
816 1120 867 1161 et
895 1124 1110 1177 magnus
1125 1111 1222 1165 Job
1252 1121 1455 1179 potest,
1497 1113 1583 1179 qui
1612 1130 1713 1165 non

172 1196 341 1248 solum
371 1196 594 1265 diligens
622 1198 953 1251 continentia:
1004 1198 1097 1252 fuit
1146 1202 1475 1264 exet-vitatur,
1523 1203 1613 1255 sed
1664 1211 1712 1257 et

175 1284 342 1354 legem
371 1285 533 1337 oculis
558 1286 664 1338 suis
695 1287 863 1355 posuit
888 1328 900 1349 ,
935 1303 999 1340 ne
1026 1288 1075 1340 in
1120 1288 1330 1355 virginis
1361 1290 1596 1341 viderent
1636 1288 1711 1340 fa-

172 1374 328 1436 ciem,
360 1388 425 1425 ne
442 1373 573 1428 forte
591 1386 816 1428 mentem
842 1376 975 1428 illius
994 1376 1245 1429 irradians
1264 1384 1471 1443 raperet
1492 1376 1712 1444 pulchri~

177 1461 306 1513 tudo
357 1460 489 1524 (Job
519 1463 603 1516 51.
633 1461 693 1531 1)
722 1481 734 1515 :
761 1464 997 1531 quamvis
1023 1464 1136 1531 quis
1166 1479 1265 1517 non
1294 1464 1637 1518 admiraretur
1660 1468 1715 1513 et

178 1539 606 1604 obstupesceret,
637 1541 819 1595 videns
850 1554 1008 1591 virum
1042 1540 1175 1589 hunc
1202 1552 1319 1589 cum
1358 1536 1563 1589 diabolo
1590 1536 1709 1603 qui-

177 1626 297 1680 dem
325 1627 541 1679 viriliter
567 1637 785 1690 certare,
813 1637 866 1680 et
887 1640 1067 1677 omnes
1089 1625 1291 1693 maligni
1320 1623 1585 1677 machinas
1606 1624 1713 1677 vin-

175 1730 320 1779 cere,
355 1717 563 1783 virginis
601 1723 770 1768 autem
803 1715 983 1768 faciem
1027 1715 1201 1780 fugere
1227 1753 1241 1776 ,
1299 1724 1348 1765 et
1394 1727 1420 1763 a
1473 1712 1711 1765 formosae

176 1806 368 1872 puellae
394 1815 604 1871 aspectu
636 1805 814 1858 oculos
843 1803 1169 1856 subducere?
1200 1801 1468 1854 Diabolum
1504 1800 1711 1868 quidem

177 1892 363 1945 videns
398 1894 724 1947 accedentem
756 1908 859 1946 non
906 1893 1068 1960 fugit,
1111 1892 1202 1945 sed
1249 1894 1435 1945 mansit
1472 1893 1602 1945 sicut
1631 1892 1713 1945 leo

174 1982 378 2033 viribus
405 1982 569 2036 fidens
598 2000 610 2035 :
641 1983 836 2050 virgine
862 1994 1035 2035 autem
1062 1983 1167 2035 visa
1200 1998 1302 2034 non
1330 1983 1470 2035 stetit
1494 2021 1510 2045 ,
1544 1996 1711 2050 neque

175 2074 414 2117 moratus
440 2065 489 2117 in
522 2064 812 2117 contuenda
862 2065 1265 2132 pulchritudine,
1300 2064 1389 2117 sed
1417 2065 1592 2115 statim
1622 2076 1711 2118 se-

175 2153 359 2205 cessit.
400 2153 657 2206 Censebat
687 2153 925 2205 nimirum
959 2153 1008 2205 in
1036 2153 1215 2219 pra-lio
1242 2164 1417 2205 contra
1448 2152 1711 2205 daunoncs

178 2240 316 2292 virili
342 2249 393 2292 et
431 2240 612 2293 audaci
637 2242 808 2293 animo
855 2257 982 2309 opus
1030 2242 1122 2293 :in
1163 2241 1493 2294 continentia:
1534 2249 1708 2292 autem

177 2329 560 2395 prmparatiOne
602 2329 864 2381 victoriam
919 2330 1151 2392 concedi,
1201 2345 1302 2382 non
1350 2344 1413 2383 ex
1460 2328 1709 2397 virginum

174 2419 553 2473 consuetudine
574 2458 589 2483 ,
616 2419 707 2473 sed
748 2434 977 2473 secessu.
1018 2419 1257 2487 Quisquis
1283 2419 1435 2487 igitur
1462 2418 1713 2483 promittit

177 2508 552 2574 virginitatem,
568 2509 781 2576 accipiat
805 2509 1015 2572 consilia
1034 2507 1459 2561 continentissimi
1481 2507 1709 2560 omnium

175 2594 467 2657 hominum,
495 2595 581 2660 qui
609 2605 662 2648 et
688 2598 796 2663 ipse
820 2606 939 2649 ante
964 2596 1224 2649 Christum
1256 2597 1573 2647 iuearuatum
1606 2604 1707 2647 tam

173 2683 397 2751 diligens
416 2685 744 2737 continentia:
766 2684 859 2737 fuit
882 2697 1076 2738 custos.
1095 2684 1270 2752 Neque
1290 2687 1425 2736 enim
1446 2685 1709 2752 negligen-

176 2781 258 2823 ter
280 2772 593 2825 audieudum
614 2810 629 2831 ,
660 2774 795 2841 quod
822 2784 942 2828 ante
963 2774 1221 2827 Christum
1263 2775 1583 2827 incarnatum
1611 2789 1706 2841 ap-

177 2861 447 2926 paruerint
470 2862 592 2928 justi
615 2869 809 2914 tantum
831 2862 1157 2914 continenti:e
1184 2862 1444 2929 specimen
1462 2861 1711 2914 exhiben-

176 2958 275 3001 tes.
310 2948 421 3001 Non
470 2951 607 3002 enim
653 2960 764 3003 erat
808 2950 942 3017 quod
973 2958 1109 3002 tanta
1137 2950 1183 3002 vi
1211 2949 1273 3002 ad
1304 2949 1543 3002 virtutem
1571 2949 1707 3001 illam

174 3046 407 3104 urgeret,
432 3053 596 3105 neque
617 3038 895 3105 virginibus
920 3040 1117 3091 crimen
1143 3049 1253 3091 erat
1279 3039 1511 3104 neglecta
1538 3038 1706 3089 couti-

173 3126 369 3177 nentize
400 3127 673 3192 possessio.
704 3127 973 3191 Quomodo
1011 3137 1180 3179 autem
1229 3126 1358 3178 hoc?
1386 3126 1513 3191 Quia
1559 3124 1711 3191 hujus

174 3226 353 3265 causa
372 3212 535 3279 gratia
558 3212 693 3266 Deus
719 3215 973 3275 excelsus,
998 3216 1359 3266 universorum
1384 3211 1587 3280 Opifex,
1612 3227 1709 3264 no-

171 3308 340 3352 stram
372 3303 573 3368 accepit
602 3300 817 3353 formam
842 3344 855 3366 ,
892 3312 947 3354 ut
988 3302 1285 3369 angelorum
1316 3301 1708 3354 sanctimoniam

170 3403 242 3440 ex
262 3390 392 3441 ezelo
407 3389 697 3443 deduceret.
721 3390 934 3456 Quando
954 3392 1106 3459 igitur
1127 3391 1362 3442 homines
1374 3400 1492 3458 post
1510 3399 1706 3442 tantum

171 3475 433 3532 honorem
473 3480 817 3547 voluptatibus
852 3495 908 3534 se
938 3482 1263 3548 mancipant,
1289 3480 1387 3533 dici
1415 3480 1591 3547 nequit
1632 3490 1706 3532 te-

170 3567 433 3618 meritatis
482 3569 781 3635 magnitudo
809 3610 824 3633 ,
867 3584 966 3637 qua
995 3569 1225 3622 membra
1256 3569 1447 3623 Christi
1477 3568 1706 3622 membra

169 3656 463 3709 meretricis
486 3654 752 3721 facientes,
778 3659 977 3711 Domini
1004 3658 1409 3711 misericordiam
1455 3656 1702 3715 afficiunt.

186 3778 1499 3809 ΕΜ

1284 370 1370 428 DE
1405 369 1909 430 CONSOLATIONE
1944 370 2206 428 HORTIS.

3241 398 3349 454 294

1828 489 1879 533 et
1904 489 2147 549 quantum
2178 481 2228 534 in
2260 481 2335 536 eis
2360 492 2460 545 est.
2488 498 2669 537 vanam
2709 484 2951 540 reddunt.
2981 485 3216 542 Andiunt
3242 492 3351 539 (ειυς

1828 580 2026 630 mones,
2052 577 2108 623 et
2132 569 2331 633 timent,
2358 570 2477 637 quia
2506 572 2641 624 Deus
2664 587 2764 624 non
2792 574 3031 629 connivet
3057 582 3115 628 ut
3138 575 3357 643 conjun-

1826 666 2012 721 gantur
2053 656 2169 719 sibi,
2225 670 2322 711 nos
2372 667 2543 711 autem
2591 659 2687 712 sibi
2734 660 2997 729 adjuugat.
3047 661 3114 715 Et
3162 662 3357 716 audent

1827 744 2050 799 fidelium
2076 746 2281 813 quidam
2310 747 2614 801 abscindere
2637 764 2694 803 se
2714 765 2742 801 a
2782 750 3009 818 Christo,
3040 759 3095 807 at
3134 753 3354 821 jungere

1826 833 2223 887 meretricibus?
2250 833 2363 887 Non
2381 843 2572 886 tantum
2595 842 2675 887 est
2691 837 2878 889 malum
2895 853 2924 890 e
2943 840 3071 891 caelo
3102 840 3150 892 in
3181 841 3343 893 lutum

1823 919 2027 985 indere,
2053 929 2297 987 quantum
2341 923 2529 975 malum
2562 923 2715 977 fuerit
2744 926 3028 980 membrum
3054 927 3243 981 Christi
3272 928 3351 981 fa-

1824 1016 1962 1059 ctum
2002 1022 2029 1059 a
2060 1006 2235 1059 divino
2263 1008 2460 1062 honore
2486 1010 2749 1071 excidere,
2798 1023 2851 1066 et
2898 1014 3186 1068 membrum
3242 1017 3351 1073 llcri

1826 1096 2003 1148 scorti.
2031 1095 2246 1159 Quando
2272 1096 2426 1162 igitur
2457 1099 2870 1165 concupiscentia
2901 1102 3030 1155 mala
3074 1102 3359 1157 inflammat

1823 1186 2085 1245 animam,
2122 1184 2294 1235 statim
2335 1184 2607 1239 recordare
2656 1186 2883 1249 Christi,
2934 1190 3099 1256 cogita
3153 1190 3358 1243 adstare

1826 1269 1914 1321 tibi
1939 1270 2149 1323 Paulum
2178 1271 2564 1335 adhortantem,
2582 1287 2643 1325 ac
2668 1274 2925 1328 dicentem
2953 1294 2966 1329 :
2990 1276 3205 1329 Nescitis
3224 1279 3357 1342 quod

1822 1373 2030 1425 corpora
2054 1369 2211 1411 vestra
2252 1360 2464 1412 membra
2505 1371 2617 1414 sunt
2658 1360 2874 1416 Christi?
2918 1363 3100 1417 Geram
3144 1367 3359 1417 membra

1822 1445 2021 1506 Christi,
2051 1447 2264 1515 faciasne
2293 1448 2504 1500 membra
2532 1451 2768 1518 uorti“.
2790 1450 2904 1505 Cor.
2932 1452 2984 1503 6.
3017 1451 3136 1521 15)?
3163 1454 3214 1507 Si
3245 1453 3360 1506 illo-

1822 1546 1937 1585 rum
1982 1534 2257 1587 verborum
2300 1535 2460 1589 fueris
2514 1538 2834 1603 recordatus,
2865 1543 3036 1593 statim
3078 1540 3355 1608 fugientem

1821 1622 2015 1675 vhlcbis
2047 1625 2376 1691 voluptatem.
2415 1624 2542 1678 Nam
2575 1626 2616 1679 si
2662 1629 2873 1681 ancillas
2899 1628 3105 1682 domina
3135 1639 3275 1682 casta
3306 1639 3358 1683 ct

1825 1710 2003 1776 pudiea
2035 1712 2334 1779 turpitudini
2360 1713 2558 1767 deditas
2582 1715 2753 1768 statim
2783 1716 2895 1769 solo
2914 1727 3123 1784 aspectu
3145 1718 3357 1786 pudicas

1822 1799 1945 1851 facit
1974 1814 1985 1849 :
2012 1800 2132 1866 quid
2162 1800 2366 1862 mirum,
2400 1802 2439 1853 si
2494 1801 2785 1855 titillantem
2816 1804 3132 1870 voluptatem
3164 1804 3355 1859 Christi

1821 1887 2069 1940 memoria
2110 1888 2282 1939 statim
2332 1888 2505 1956 sopit?
2548 1889 2764 1957 Semper
2804 1906 3012 1945 crucem
3054 1892 3185 1945 habe
3236 1902 3357 1946 ante

1820 1974 1999 2026 oculos
2044 1985 2158 2027 tuos
2199 1975 2505 2040 radiantem,
2548 1986 2600 2029 et
2624 1993 2782 2045 purus
2825 1993 2852 2029 a
2906 1981 3129 2045 peccatis
3168 1994 3261 2048 per
3302 1979 3355 2033 id

1822 2064 2067 2129 temporis
2090 2063 2273 2117 abibis.
2296 2064 2420 2117 Nam
2444 2066 2576 2118 sicut
2594 2067 2833 2119 columna
2868 2068 3037 2132 nubis,
3069 2068 3228 2135 figura
3257 2082 3351 2120 no-

1821 2162 1943 2204 stne
1970 2152 2158 2215 crucis,
2192 2154 2523 2207 Hebraeorum
2547 2155 2925 2209 multitudinem
2950 2158 3267 2225 protegebat,
3289 2174 3353 2212 ne

1822 2240 1944 2307 quid
1970 2242 2088 2295 mali
2112 2242 2177 2295 ab
2205 2243 2461 2313 Egyptiis
2489 2254 2753 2312 pateretur
2777 2245 2965 2314 (Exod.
2998 2248 3081 2300 15.
3111 2248 3173 2300 21
3199 2249 3255 2317 );
3283 2249 3351 2300 ita

1819 2342 1944 2381 crux
1967 2339 2086 2382 ante
2111 2332 2289 2384 oculos
2314 2333 2418 2384 visa
2440 2348 2644 2384 onmem
2670 2334 2841 2386 statim
2874 2334 3035 2402 abigit
3055 2336 3239 2388 malam
3270 2351 3354 2390 vo-

1823 2416 2087 2483 luptatem.
2119 2418 2239 2473 Haec
2281 2421 2417 2472 enim
2454 2422 2595 2474 salus
2630 2430 2711 2475 est
2759 2423 2964 2479 animm.
2998 2423 3352 2494 fiedarumquo

1817 2506 2348 2574 concupiscentiarutn
2373 2510 2579 2563 salubre
2604 2513 2911 2565 antidotum.
2961 2514 3163 2566 Etenim
3192 2515 3339 2569 infir-

1818 2594 2021 2647 mitates
2069 2596 2302 2663 corporis
2340 2597 2659 2651 medicorum
2688 2611 2828 2653 artes
2872 2612 3086 2662 sanant,
3115 2605 3339 2657 animam

1814 2693 1984 2736 autem
2013 2694 2257 2752 aegrotant
2278 2696 2460 2739 curant
2484 2690 2656 2740 statim
2676 2689 2877 2758 eloquia
2903 2691 3112 2745 Christi.
3148 2696 3342 2762 Eapro—

1815 2776 1928 2836 pter
1954 2779 2008 2823 et
2032 2785 2123 2823 cos
2155 2772 2240 2840 qui
2275 2782 2577 2838 peccaruut,
2624 2785 2674 2829 et
2710 2777 2876 2830 adhuc
2901 2781 3071 2831 carnis
3097 2784 3335 2834 serviunt

1814 2862 2183 2928 voluptatibus,
2210 2878 2418 2917 oramus
2457 2873 2509 2918 et
2538 2881 2826 2932 precamur,
2877 2879 2931 2920 ut
2958 2870 3259 2925 excitentur
3284 2886 3346 2925 ac

1814 2950 2137 3017 resipiscam,
2178 2968 2242 3005 ne
2283 2954 2492 3005 omnino
2532 2955 2598 3007 ab
2638 2956 2995 3010 affectionibus
3036 2962 3342 3025 vincantur,

1814 3052 1943 3093 neve
1971 3040 2163 3107 impetu
2223 3041 2469 3103 ferantur,
2499 3059 2630 3096 neve
2668 3045 2716 3095 in
2764 3060 2991 3098 amaram
3044 3051 3342 3103 servitutem

1812 3135 2072 3195 spontese
2102 3128 2395 3195 subjiciaut,
2433 3128 2523 3183 sed
2555 3146 2611 3184 se
2640 3131 2690 3183 in
2724 3134 2835 3185 acie
2856 3145 3139 3202 Opponaut,
3185 3148 3237 3190 et
3277 3141 3344 3191 ti-

1814 3229 1957 3269 more
1978 3214 2169 3270 Cbristi
2190 3227 2413 3270 mentem
2430 3218 2787 3283 corroborent,
2819 3236 2878 3273 ac
2906 3222 3113 3289 ejiciant
3137 3240 3197 3279 ex
3223 3240 3346 3279 arce

1810 3318 2019 3372 gravem
2049 3304 2310 3358 dominam
2341 3323 2353 3358 :
2388 3314 2440 3358 ut
2476 3305 2674 3373 abjecla
2702 3310 2840 3361 omni
2875 3312 3073 3364 macula
3096 3353 3109 3376 ,
3139 3323 3188 3365 et
3218 3329 3343 3382 pce-

1811 3394 2037 3446 cantium
2065 3393 2209 3449 turba
2236 3435 2251 3459 ,
2281 3411 2397 3450 cum
2424 3406 2602 3450 saneta
2628 3407 2679 3450 et
2713 3398 3007 3466 incorrupta
3032 3402 3199 3454 anima
3228 3418 3346 3471 pos.

1811 3486 1973 3536 simus
2018 3484 2265 3539 accedere
2292 3483 2357 3537 ad
2386 3484 2556 3538 divina
2598 3496 2652 3540 et
2694 3489 2977 3543 reverenda
3015 3502 3340 3547 sacramenta

1810 3572 1977 3638 magni
2004 3572 2091 3624 Dei
2109 3580 2161 3623 et
2180 3571 2460 3625 Salvatoris
2476 3573 2597 3627 Jesu
2621 3573 2809 3630 Christi
2842 3581 2956 3632 :cui
2985 3580 3144 3648 gloria
3176 3594 3228 3636 et
3247 3585 3343 3635 itii-

1813 3660 2010 3726 perium
2040 3660 2090 3711 in
2115 3661 2301 3713 saecula
2321 3662 2645 3715 sarculorum.
2682 3666 2867 3718 Amen.

2618 3779 2773 3791 .—

966 3873 1331 3934 MONITUM
1379 3873 1455 3930 IN
1502 3869 1934 3943 SEQUENTIA
1966 3868 2127 3929 DUO
2181 3866 2593 3929 OPUSCULA.

263 3977 390 4034 llaec
421 3981 669 4049 opuscula
699 3980 815 4049 duo
848 3978 897 4031 in
941 3973 1121 4030 latina
1157 3973 1628 4049 interpretatione,
1664 3988 1782 4040 quae
1803 3972 1935 4049 _sola
1986 3967 2637 4049 superest.‘im'eptioncm
2682 3973 2864 4049 tamen
2884 3970 2959 4049 Aet
2989 3958 3360 4049 “tiltiﬂll—flﬂsliill‘t

183 4034 551 4119 Chrysostomi
576 4066 683 4115 pra:
707 4064 762 4101 se
796 4047 993 4106 ferunt,
1026 4034 1351 4111 omninoque
1368 4043 1524 4110 digna
1558 4034 1741 4119 sane-to
1786 4041 2001 4119 doctore
2019 4034 2163 4090 sunt.
2206 4036 2419 4119 Aliquid
2446 4045 2621 4113 tamen
2646 4034 2963 4119 suspicionis
2986 4034 3363 4119 suceprrittea

184 4096 1014 4179 ﬁSﬁ’ﬁéEb‘iiiiaé'bi'riiii."§.}b
1041 4114 1127 4165 hic
1153 4096 1482 4177 com'parenut,
1534 4111 1602 4179 ab
1632 4111 1746 4175 ipso
1778 4108 1979 4179 Joanne
2003 4116 2185 4179 nostro
2227 4096 2367 4179 edita
2399 4103 2579 4164 fuisse,
2605 4103 2696 4155 sed
2728 4096 3053 4179 amquopiam
3079 4096 3205 4179 ali0._
3236 4178 3241 4179 γ
3272 4098 3365 4176 {lui

190 4168 450 4240 Efdr’ns
468 4168 588 4251 ejus
618 4184 745 4237 locis
768 4168 880 4236 haec
925 4168 994 4235 ita
1042 4168 1507 4251 consarcinaverit.
1534 4168 1672 4251 Utut:
1690 4191 1775 4229 res
1801 4187 1900 4238 est,
1931 4176 2041 4228 hrec
2078 4176 2233 4241 digna
2264 4174 2578 4251 _plane__sunt
2602 4186 2719 4239 qua:
2749 4168 3107 4251 (Συγγερῇρωί
3128 4168 3366 4251 _ttotltine

186 4233 959 4323 ﬁﬁbiiééiiidif'pi-éﬁnij[ianus
974 4233 1160 4303 autem
1191 4248 1616 4323 Admonitionem
1651 4233 2221 4323 frajrnm'nostrornm
2264 4233 2747 4323 Benedictinornm,
2782 4233 3367 4323 quiliditiolnent‘p-pe-

188 4304 319 4376 ait}
352 4304 459 4374 divi
476 4304 758 4389 augustini
807 4328 1143 4382 curaverunt,
1176 4327 1229 4371 et
1258 4326 1409 4369 sexto
1435 4308 1600 4368 Τοωο
1632 4330 1684 4382 p.
1714 4312 1817 4368 259
1846 4323 1900 4366 et
1935 4327 2080 4380 seqq.
2126 4312 2238 4365 hac
2261 4310 2513 4378 epuscula
2542 4304 2845 4370 ediderunt,
2880 4313 3039 4372 atque
3068 4304 3170 4357 hoc
3196 4305 3369 4359 Moni-

192 4397 832 4511 ιυῗιέιτὲἔιῗιῗέἓῖἓξοῆεε
860 4457 943 4510 isti
976 4457 1081 4510 duo
1112 4456 1163 4507 in
1198 4464 1377 4508 vetere
1404 4451 1712 4505 Corbeiensi
1746 4450 1942 4504 Codice
1962 4459 2085 4502 ante
2108 4448 2267 4507 mille.
2293 4456 2350 4499 ut
2375 4447 2604 4508 videtur,
2639 4458 2809 4497 annos
2836 4440 3123 4509 descripto,
3153 4441 3362 4510 primus

190 4527 408 4596 quidem
454 4527 613 4579 hocce
637 4525 796 4596 titulo
842 4535 1165 4596 paenulatus
1204 4542 1214 4575 :
1250 4523 1441 4596 _Incipit
1483 4536 1651 4596 sermo
1680 4520 1846 4596 sancti
1870 4519 2097 4596 Joannis
2132 4519 2191 4596 de
2220 4515 2575 4596 Consolatione
2625 4512 2821 4596 mortis.
2874 4511 3163 4596 Secundus
3187 4518 3367 4596 autem

196 4578 374 4664 primo
402 4578 555 4664 quam
584 4594 821 4664 proxime
843 4578 1177 4664 Iconjuuctus
1217 4578 1416 4664 absque
1459 4590 1632 4649 titulo,
1677 4587 1915 4664 nihilque
1958 4587 2098 4638 aliud
2127 4587 2186 4664 _in
2218 4583 2555 4664 flne‘habens
2593 4580 2727 4664 nisi,
2762 4578 3088 4664 [indicit
3117 4578 3366 4664 licitum-le:

193 4645 385 4717 Ztione.
409 4645 668 4715 Caeterum
699 4663 833 4713 alter
868 4645 976 4713 iste.
995 4676 1169 4713 sermo
1203 4645 1355 4712 tertia
1381 4665 1552 4726 parte,
1581 4645 1682 4722 qua
1714 4656 1766 4707 in
1796 4645 1922 4728 ante
1953 4655 2171 4728 _exeusis
2203 4652 2436 4708 carebat.
2487 4649 2693 4728 auctior
2736 4645 2881 4701 nunc
2922 4648 3151 4728 primum
3179 4645 3367 4728 prodit

280 4714 497 4783 laudato
537 4729 842 4783 Corheiensi
884 4729 1169 4795 exemplari
1208 4746 1221 4780 :
1254 4714 1421 4793 eaqu'e
1462 4714 1612 4795 pars.
1633 4723 2123 4795 τεςεψίιυιθιίοηεη]
2159 4735 2489 4795 Commmini
2523 4718 2573 4770 ίιι
2617 4716 2790 4795 ντίηιρ
2814 4714 3059 4795 “mlo”
3088 4714 3225 4769 dicm
3251 4714 3366 4765 me"

191 4781 624 4862 adiféominéi,
646 4781 709 4850 Set
751 4798 865 4852 aliis
899 4812 1005 4849 non
1038 4781 1255 4850 incertis
1276 4781 1611 4864 argumentis
1654 4792 1717 4864 ad
1746 4781 1846 4864 hoc
1891 4789 2207 4864 opusculum
2237 4781 2502 4864 pertinere
2529 4781 3169 4864 cog'noscitur.'§oanneiii
3203 4795 3367 4864 porro

190 4852 303 4922 non
329 4852 494 4919 alium
532 4852 687 4933 quam
709 4864 1146 4933 Chrysostomum
1182 4865 1233 4917 in
1267 4852 1444 4933 fronte
1463 4860 1725 4933 sermonis
1749 4859 1902 4933 primi
1932 4852 2263 4933 designatum
2314 4852 2615 4933 opinamur.
2648 4852 2845 4933 Confer
2891 4852 3171 4933 llolniliarn
3202 4852 3371 4933 ipsius

196 4917 257 4988 Lt'i
292 4917 424 4987 in
473 4917 594 4987 σοὶ.
636 4933 722 4991 ts.
759 4917 1135 4987 iet'liomiliam
1178 4934 1200 4985 l
1242 4933 1295 4985 in
1340 4932 1374 4984 ε
1407 4929 1556 4991 Cor.,
1600 4936 1654 4981 et
1682 4917 1830 4982 no'mi

1732 4917 1960 4982 o'miliam
2000 4917 2077 4978 iii"
2098 4927 2151 4979 in
2179 4917 2659 4989 Joan.,llomiliam
2704 4922 2934 4987 denique
2963 4919 2992 4968 7
3021 4920 3084 4971 ad
3118 4917 3366 4986 populum

193 5003 609 5061 Antiochenum,
645 5010 748 5054 etc.
791 5031 807 5051 .

1046 5195 1180 5263 DE
1233 5189 2017 5263 CONSOLATIONE
2066 5186 2488 5257 MOBTIS.

1486 5318 1745 5380 SERMO
1786 5316 2087 5377 PRIMUS.

266 5428 319 5481 1.
378 5426 611 5480 Praebete
664 5424 946 5485 silentium,
989 5422 1207 5487 fratres,
1254 5438 1317 5476 ne
1369 5435 1461 5474 vos
1503 5427 1729 5474 transeat
1833 5431 1949 5470 cum
1984 5417 2136 5469 fuerit
2176 5414 2358 5468 oculus
2382 5412 2563 5468 dolore
2590 5414 2845 5469 turbatus.
2876 5414 3196 5485 Quicumque
3240 5429 3364 5483 ergo

192 5532 372 5573 sermo
400 5518 538 5571 utilis
565 5524 617 5569 et
636 5517 686 5569 in
708 5524 944 5584 tempore
966 5515 1306 5568 necessarius.
1337 5515 1465 5568 Nam
1494 5524 1615 5567 tunc
1642 5514 1723 5567 vel
1831 5526 1934 5565 non
1965 5510 2120 5565 habet
2149 5511 2285 5564 hunc
2313 5510 2567 5575 dolorem,
2600 5527 2703 5565 non
2744 5513 3029 5577 obstrepat,
3058 5514 3149 5567 sed
3194 5516 3365 5579 potius

190 5608 420 5665 maxime
465 5621 597 5674 opus
637 5616 718 5661 est
755 5607 1027 5670 medicina,
1057 5605 1261 5674 quando
1285 5606 1457 5673 gravis
1491 5604 1730 5658 nascitur
1834 5603 2043 5664 audiat,
2075 5603 2194 5670 quia
2235 5615 2337 5655 non
2368 5602 2583 5669 impedit
2630 5619 2813 5657 sanum
2862 5605 2999 5659 scire
3052 5606 3363 5659 medicinam

186 5695 447 5768 aegritudo
470 5712 482 5746 :
505 5705 557 5748 et
579 5705 699 5750 tunc
717 5697 940 5751 sollicite
960 5695 1231 5764 collyrium
1254 5694 1603 5748 adhibendum
1624 5700 1723 5759 est,
1838 5706 1954 5760 quae
1978 5692 2158 5759 prosit.
2186 5691 2286 5758 Qui
2311 5705 2434 5745 vero
2452 5704 2549 5762 per
2569 5690 2705 5747 hunc
2723 5706 2902 5748 casum
2932 5690 3186 5746 turbatth
3214 5693 3366 5747 habet
