  <div class='ocr_page' id='page_1' title='image "/cluster/home/n/w/nwhite01/storage/ocr_20150623/56/pst.000005712557/297.png"; bbox 0 0 4138 6306; ppageno 0'>
   <div class='ocr_carea' id='block_1_1' title="bbox 748 352 857 406">
    <p class='ocr_par' dir='ltr' id='par_1_1' title="bbox 748 352 857 406">
     <span class='ocr_line' id='line_1_1' title="bbox 748 352 857 406; baseline 0.018 -2"><span class='ocrx_word' id='word_1_1' title='bbox 748 352 857 406; x_wconf 85' lang='grc'><strong>295</strong></span> 
     </span>
    </p>
   </div>
   <div class='ocr_carea' id='block_1_2' title="bbox 751 441 2290 510">
    <p class='ocr_par' dir='ltr' id='par_1_2' title="bbox 751 441 2290 510">
     <span class='ocr_line' id='line_1_2' title="bbox 751 441 2290 510; baseline -0.005 -11"><span class='ocrx_word' id='word_1_2' title='bbox 751 444 959 499; x_wconf 88' lang='lat' dir='ltr'><strong>oculum</strong></span> <span class='ocrx_word' id='word_1_3' title='bbox 992 445 1202 510; x_wconf 88' lang='lat' dir='ltr'><strong>mentis,</strong></span> <span class='ocrx_word' id='word_1_4' title='bbox 1235 449 1288 497; x_wconf 91' lang='lat' dir='ltr'><strong>et</strong></span> <span class='ocrx_word' id='word_1_5' title='bbox 1311 441 1578 497; x_wconf 84' lang='lat' dir='ltr'><strong>doloribus</strong></span> <span class='ocrx_word' id='word_1_6' title='bbox 1603 441 1884 506; x_wconf 76' lang='lat' dir='ltr'><strong>cruciatur,</strong></span> <span class='ocrx_word' id='word_1_7' title='bbox 1915 441 2076 509; x_wconf 89' lang='lat' dir='ltr'><strong>magis</strong></span> <span class='ocrx_word' id='word_1_8' title='bbox 2120 441 2290 493; x_wconf 88' lang='lat' dir='ltr'><strong>inten-</strong></span> 
     </span>
    </p>
   </div>
   <div class='ocr_carea' id='block_1_3' title="bbox 755 527 2289 600">
    <p class='ocr_par' dir='ltr' id='par_1_3' title="bbox 755 527 2289 600">
     <span class='ocr_line' id='line_1_3' title="bbox 755 527 2289 600; baseline -0.005 -12"><span class='ocrx_word' id='word_1_9' title='bbox 755 546 835 588; x_wconf 89' lang='lat' dir='ltr'><strong>tus</strong></span> <span class='ocrx_word' id='word_1_10' title='bbox 869 533 937 586; x_wconf 90' lang='lat' dir='ltr'><strong>sit</strong></span> <span class='ocrx_word' id='word_1_11' title='bbox 977 541 1035 586; x_wconf 93' lang='lat' dir='ltr'><strong>ut</strong></span> <span class='ocrx_word' id='word_1_12' title='bbox 1075 533 1272 600; x_wconf 88' lang='lat' dir='ltr'><strong>aperiat</strong></span> <span class='ocrx_word' id='word_1_13' title='bbox 1298 532 1504 584; x_wconf 92' lang='lat' dir='ltr'><strong>oculum</strong></span> <span class='ocrx_word' id='word_1_14' title='bbox 1547 529 1610 583; x_wconf 90' lang='lat' dir='ltr'><strong>ad</strong></span> <span class='ocrx_word' id='word_1_15' title='bbox 1640 529 2024 596; x_wconf 87' lang='lat' dir='ltr'><strong>suscipiendum</strong></span> <span class='ocrx_word' id='word_1_16' title='bbox 2050 527 2289 582; x_wconf 89' lang='lat' dir='ltr'><strong>salutaris</strong></span> 
     </span>
    </p>
   </div>
   <div class='ocr_carea' id='block_1_4' title="bbox 755 618 2286 690">
    <p class='ocr_par' dir='ltr' id='par_1_4' title="bbox 755 618 2286 690">
     <span class='ocr_line' id='line_1_4' title="bbox 755 618 2286 690; baseline -0.002 -17"><span class='ocrx_word' id='word_1_17' title='bbox 755 622 895 674; x_wconf 84' lang='lat' dir='ltr'><strong>verbi</strong></span> <span class='ocrx_word' id='word_1_18' title='bbox 941 622 1212 690; x_wconf 87' lang='lat' dir='ltr'><strong>collyrium</strong></span> <span class='ocrx_word' id='word_1_19' title='bbox 1237 660 1253 685; x_wconf 97' lang='lat'><strong>,</strong></span> <span class='ocrx_word' id='word_1_20' title='bbox 1283 635 1385 688; x_wconf 86' lang='lat' dir='ltr'><strong>quo</strong></span> <span class='ocrx_word' id='word_1_21' title='bbox 1411 633 1511 672; x_wconf 91' lang='lat' dir='ltr'><strong>non</strong></span> <span class='ocrx_word' id='word_1_22' title='bbox 1540 618 1706 671; x_wconf 92' lang='lat' dir='ltr'><strong>solum</strong></span> <span class='ocrx_word' id='word_1_23' title='bbox 1739 618 2165 680; x_wconf 80' lang='lat' dir='ltr'><strong>consolationem,</strong></span> <span class='ocrx_word' id='word_1_24' title='bbox 2193 618 2286 671; x_wconf 83' lang='lat' dir='ltr'><strong>sed</strong></span> 
     </span>
    </p>
   </div>
   <div class='ocr_carea' id='block_1_5' title="bbox 751 707 2283 775">
    <p class='ocr_par' dir='ltr' id='par_1_5' title="bbox 751 707 2283 775">
     <span class='ocr_line' id='line_1_5' title="bbox 751 707 2283 775; baseline -0.005 -10"><span class='ocrx_word' id='word_1_25' title='bbox 751 712 908 765; x_wconf 88' lang='lat' dir='ltr'><strong>etiam</strong></span> <span class='ocrx_word' id='word_1_26' title='bbox 946 711 1235 765; x_wconf 86' lang='lat' dir='ltr'><strong>remedium</strong></span> <span class='ocrx_word' id='word_1_27' title='bbox 1282 717 1646 775; x_wconf 75' lang='lat' dir='ltr'><strong>consequatur.</strong></span> <span class='ocrx_word' id='word_1_28' title='bbox 1694 707 1902 760; x_wconf 90' lang='lat' dir='ltr'><strong>Certum</strong></span> <span class='ocrx_word' id='word_1_29' title='bbox 1949 716 2028 760; x_wconf 90' lang='lat' dir='ltr'><strong>est</strong></span> <span class='ocrx_word' id='word_1_30' title='bbox 2072 715 2283 764; x_wconf 87' lang='lat' dir='ltr'><strong>autem.</strong></span> 
     </span>
    </p>
   </div>
   <div class='ocr_carea' id='block_1_6' title="bbox 751 794 2285 867">
    <p class='ocr_par' dir='ltr' id='par_1_6' title="bbox 751 794 2285 867">
     <span class='ocr_line' id='line_1_6' title="bbox 751 794 2285 867; baseline -0.003 -15"><span class='ocrx_word' id='word_1_31' title='bbox 751 801 868 867; x_wconf 87' lang='lat' dir='ltr'><strong>quia</strong></span> <span class='ocrx_word' id='word_1_32' title='bbox 893 801 937 852; x_wconf 89' lang='lat' dir='ltr'><strong>is</strong></span> <span class='ocrx_word' id='word_1_33' title='bbox 966 801 1052 867; x_wconf 93' lang='lat' dir='ltr'><strong>qui</strong></span> <span class='ocrx_word' id='word_1_34' title='bbox 1082 799 1223 851; x_wconf 87' lang='lat' dir='ltr'><strong>dolet</strong></span> <span class='ocrx_word' id='word_1_35' title='bbox 1268 798 1494 860; x_wconf 91' lang='lat' dir='ltr'><strong>oculum,</strong></span> <span class='ocrx_word' id='word_1_36' title='bbox 1535 796 1578 848; x_wconf 96' lang='lat' dir='ltr'><strong>si</strong></span> <span class='ocrx_word' id='word_1_37' title='bbox 1604 810 1720 848; x_wconf 89' lang='lat' dir='ltr'><strong>eum</strong></span> <span class='ocrx_word' id='word_1_38' title='bbox 1751 794 1950 847; x_wconf 86' lang='lat' dir='ltr'><strong>medico</strong></span> <span class='ocrx_word' id='word_1_39' title='bbox 1999 794 2285 848; x_wconf 90' lang='lat' dir='ltr'><strong>infundenti</strong></span> 
     </span>
    </p>
   </div>
   <div class='ocr_carea' id='block_1_7' title="bbox 750 882 2286 957">
    <p class='ocr_par' dir='ltr' id='par_1_7' title="bbox 750 882 2286 957">
     <span class='ocr_line' id='line_1_7' title="bbox 750 882 2286 957; baseline -0.003 -18"><span class='ocrx_word' id='word_1_40' title='bbox 750 887 1018 957; x_wconf 81' lang='lat' dir='ltr'><strong>collyrium</strong></span> <span class='ocrx_word' id='word_1_41' title='bbox 1066 885 1270 954; x_wconf 88' lang='lat' dir='ltr'><strong>aperire</strong></span> <span class='ocrx_word' id='word_1_42' title='bbox 1315 884 1575 946; x_wconf 90' lang='lat' dir='ltr'><strong>noluerit,</strong></span> <span class='ocrx_word' id='word_1_43' title='bbox 1625 883 1893 951; x_wconf 86' lang='lat' dir='ltr'><strong>collyrium</strong></span> <span class='ocrx_word' id='word_1_44' title='bbox 1923 882 2130 950; x_wconf 85' lang='lat' dir='ltr'><strong>quidem</strong></span> <span class='ocrx_word' id='word_1_45' title='bbox 2159 882 2286 935; x_wconf 89' lang='lat' dir='ltr'><strong>foris</strong></span> 
     </span>
    </p>
   </div>
   <div class='ocr_carea' id='block_1_8' title="bbox 751 973 2285 1044">
    <p class='ocr_par' dir='ltr' id='par_1_8' title="bbox 751 973 2285 1044">
     <span class='ocr_line' id='line_1_8' title="bbox 751 973 2285 1044; baseline -0.003 -14"><span class='ocrx_word' id='word_1_46' title='bbox 751 986 899 1030; x_wconf 72' lang='lat' dir='ltr'><strong>extra</strong></span> <span class='ocrx_word' id='word_1_47' title='bbox 926 976 1169 1044; x_wconf 89' lang='lat' dir='ltr'><strong>pupillam</strong></span> <span class='ocrx_word' id='word_1_48' title='bbox 1197 974 1446 1038; x_wconf 89' lang='lat' dir='ltr'><strong>funditur,</strong></span> <span class='ocrx_word' id='word_1_49' title='bbox 1486 973 1668 1026; x_wconf 89' lang='lat' dir='ltr'><strong>oculus</strong></span> <span class='ocrx_word' id='word_1_50' title='bbox 1707 988 1831 1025; x_wconf 91' lang='lat' dir='ltr'><strong>vero</strong></span> <span class='ocrx_word' id='word_1_51' title='bbox 1860 981 2094 1027; x_wconf 85' lang='lat' dir='ltr'><strong>remanet</strong></span> <span class='ocrx_word' id='word_1_52' title='bbox 2117 973 2167 1026; x_wconf 93' lang='lat' dir='ltr'><strong>in</strong></span> <span class='ocrx_word' id='word_1_53' title='bbox 2187 974 2285 1026; x_wconf 86' lang='lat' dir='ltr'><strong>do-</strong></span> 
     </span>
    </p>
   </div>
   <div class='ocr_carea' id='block_1_9' title="bbox 752 1063 2283 1130">
    <p class='ocr_par' dir='ltr' id='par_1_9' title="bbox 752 1063 2283 1130">
     <span class='ocr_line' id='line_1_9' title="bbox 752 1063 2283 1130; baseline -0.001 -12"><span class='ocrx_word' id='word_1_54' title='bbox 752 1067 864 1120; x_wconf 87' lang='lat' dir='ltr'><strong>lore</strong></span> <span class='ocrx_word' id='word_1_55' title='bbox 891 1082 909 1118; x_wconf 86' lang='lat'><strong>:</strong></span> <span class='ocrx_word' id='word_1_56' title='bbox 934 1067 1009 1118; x_wconf 87' lang='lat' dir='ltr'><strong>sic</strong></span> <span class='ocrx_word' id='word_1_57' title='bbox 1031 1073 1086 1118; x_wconf 88' lang='lat' dir='ltr'><strong>et</strong></span> <span class='ocrx_word' id='word_1_58' title='bbox 1110 1078 1256 1118; x_wconf 89' lang='lat' dir='ltr'><strong>mens</strong></span> <span class='ocrx_word' id='word_1_59' title='bbox 1281 1063 1523 1128; x_wconf 86' lang='lat' dir='ltr'><strong>dolentis,</strong></span> <span class='ocrx_word' id='word_1_60' title='bbox 1557 1063 1603 1116; x_wconf 91' lang='lat' dir='ltr'><strong>si</strong></span> <span class='ocrx_word' id='word_1_61' title='bbox 1633 1071 1844 1130; x_wconf 85' lang='lat' dir='ltr'><strong>propter</strong></span> <span class='ocrx_word' id='word_1_62' title='bbox 1873 1063 2083 1115; x_wconf 88' lang='lat' dir='ltr'><strong>nimiam</strong></span> <span class='ocrx_word' id='word_1_63' title='bbox 2113 1064 2283 1116; x_wconf 83' lang='lat' dir='ltr'><strong>tristi-</strong></span> 
     </span>
    </p>
   </div>
   <div class='ocr_carea' id='block_1_10' title="bbox 747 1150 2284 1217">
    <p class='ocr_par' dir='ltr' id='par_1_10' title="bbox 747 1150 2284 1217">
     <span class='ocr_line' id='line_1_10' title="bbox 747 1150 2284 1217; baseline -0.001 -12"><span class='ocrx_word' id='word_1_64' title='bbox 747 1154 873 1205; x_wconf 84' lang='lat' dir='ltr'><strong>tiam</strong></span> <span class='ocrx_word' id='word_1_65' title='bbox 896 1153 1055 1206; x_wconf 86' lang='lat' dir='ltr'><strong>verbo</strong></span> <span class='ocrx_word' id='word_1_66' title='bbox 1085 1166 1143 1206; x_wconf 88' lang='lat' dir='ltr'><strong>se</strong></span> <span class='ocrx_word' id='word_1_67' title='bbox 1165 1150 1429 1215; x_wconf 88' lang='lat' dir='ltr'><strong>clauserit,</strong></span> <span class='ocrx_word' id='word_1_68' title='bbox 1467 1166 1567 1203; x_wconf 92' lang='lat' dir='ltr'><strong>non</strong></span> <span class='ocrx_word' id='word_1_69' title='bbox 1602 1157 1808 1217; x_wconf 89' lang='lat' dir='ltr'><strong>recepta</strong></span> <span class='ocrx_word' id='word_1_70' title='bbox 1840 1150 2032 1204; x_wconf 85' lang='lat' dir='ltr'><strong>salubri</strong></span> <span class='ocrx_word' id='word_1_71' title='bbox 2055 1151 2284 1204; x_wconf 88' lang='lat' dir='ltr'><strong>admoni-</strong></span> 
     </span>
    </p>
   </div>
   <div class='ocr_carea' id='block_1_11' title="bbox 745 1236 2281 1307">
    <p class='ocr_par' dir='ltr' id='par_1_11' title="bbox 745 1236 2281 1307">
     <span class='ocr_line' id='line_1_11' title="bbox 745 1236 2281 1307; baseline -0.002 -14"><span class='ocrx_word' id='word_1_72' title='bbox 745 1242 908 1303; x_wconf 82' lang='lat' dir='ltr'><strong>tione,</strong></span> <span class='ocrx_word' id='word_1_73' title='bbox 935 1239 1142 1306; x_wconf 88' lang='lat' dir='ltr'><strong>incipiet</strong></span> <span class='ocrx_word' id='word_1_74' title='bbox 1171 1239 1285 1307; x_wconf 84' lang='lat' dir='ltr'><strong>plus</strong></span> <span class='ocrx_word' id='word_1_75' title='bbox 1321 1237 1518 1302; x_wconf 88' lang='lat' dir='ltr'><strong>dolere,</strong></span> <span class='ocrx_word' id='word_1_76' title='bbox 1545 1246 1598 1292; x_wconf 88' lang='lat' dir='ltr'><strong>et</strong></span> <span class='ocrx_word' id='word_1_77' title='bbox 1617 1237 1826 1290; x_wconf 82' lang='lat' dir='ltr'><strong>forsitan</strong></span> <span class='ocrx_word' id='word_1_78' title='bbox 1852 1237 1955 1304; x_wconf 92' lang='lat' dir='ltr'><strong>pati</strong></span> <span class='ocrx_word' id='word_1_79' title='bbox 1985 1236 2110 1290; x_wconf 88' lang='lat' dir='ltr'><strong>illud</strong></span> <span class='ocrx_word' id='word_1_80' title='bbox 2147 1238 2281 1304; x_wconf 90' lang='lat' dir='ltr'><strong>quod</strong></span> 
     </span>
    </p>
   </div>
   <div class='ocr_carea' id='block_1_12' title="bbox 751 1327 2283 1398">
    <p class='ocr_par' dir='ltr' id='par_1_12' title="bbox 751 1327 2283 1398">
     <span class='ocr_line' id='line_1_12' title="bbox 751 1327 2283 1398; baseline -0.003 -12"><span class='ocrx_word' id='word_1_81' title='bbox 751 1331 806 1385; x_wconf 86' lang='lat' dir='ltr'><strong>in</strong></span> <span class='ocrx_word' id='word_1_82' title='bbox 835 1330 1101 1398; x_wconf 83' lang='lat' dir='ltr'><strong>Scriptura</strong></span> <span class='ocrx_word' id='word_1_83' title='bbox 1129 1329 1426 1382; x_wconf 88' lang='lat' dir='ltr'><strong>continetur</strong></span> <span class='ocrx_word' id='word_1_84' title='bbox 1453 1367 1467 1392; x_wconf 93' lang='lat'><strong>,</strong></span> <span class='ocrx_word' id='word_1_85' title='bbox 1504 1327 1639 1393; x_wconf 82' lang='lat' dir='ltr'><strong>Quia</strong></span> <span class='ocrx_word' id='word_1_86' title='bbox 1660 1328 1856 1381; x_wconf 78' lang='lat' dir='ltr'><strong>tristitia</strong></span> <span class='ocrx_word' id='word_1_87' title='bbox 1889 1328 2056 1379; x_wconf 83' lang='lat' dir='ltr'><strong>mundi</strong></span> <span class='ocrx_word' id='word_1_88' title='bbox 2080 1338 2283 1381; x_wconf 86' lang='lat' dir='ltr'><strong>mortem</strong></span> 
     </span>
    </p>
   </div>
   <div class='ocr_carea' id='block_1_13' title="bbox 743 1417 2281 1490">
    <p class='ocr_par' dir='ltr' id='par_1_13' title="bbox 743 1417 2281 1490">
     <span class='ocr_line' id='line_1_13' title="bbox 743 1417 2281 1490; baseline -0.002 -16"><span class='ocrx_word' id='word_1_89' title='bbox 743 1430 980 1490; x_wconf 85' lang='lat' dir='ltr'><strong>operatur</strong></span> <span class='ocrx_word' id='word_1_90' title='bbox 1005 1418 1091 1489; x_wconf 57' lang='grc' dir='ltr'><strong>(ἢ.</strong></span> <span class='ocrx_word' id='word_1_91' title='bbox 1122 1417 1237 1472; x_wconf 88' lang='lat' dir='ltr'><strong>Cor.</strong></span> <span class='ocrx_word' id='word_1_92' title='bbox 1264 1419 1316 1472; x_wconf 87' lang='lat'><strong>7.</strong></span> <span class='ocrx_word' id='word_1_93' title='bbox 1370 1417 1496 1489; x_wconf 84' lang='grc'><strong>10).</strong></span> <span class='ocrx_word' id='word_1_94' title='bbox 1549 1418 1739 1472; x_wconf 81' lang='lat' dir='ltr'><strong>Beatus</strong></span> <span class='ocrx_word' id='word_1_95' title='bbox 1765 1417 1954 1472; x_wconf 85' lang='lat' dir='ltr'><strong>Paulus</strong></span> <span class='ocrx_word' id='word_1_96' title='bbox 1997 1418 2281 1485; x_wconf 88' lang='lat' dir='ltr'><strong>apostolus,</strong></span> 
     </span>
    </p>
   </div>
   <div class='ocr_carea' id='block_1_14' title="bbox 751 1505 2284 1572">
    <p class='ocr_par' dir='ltr' id='par_1_14' title="bbox 751 1505 2284 1572">
     <span class='ocr_line' id='line_1_14' title="bbox 751 1505 2284 1572; baseline -0.003 -10"><span class='ocrx_word' id='word_1_97' title='bbox 751 1510 978 1564; x_wconf 84' lang='lat' dir='ltr'><strong>fidelium</strong></span> <span class='ocrx_word' id='word_1_98' title='bbox 1007 1509 1190 1562; x_wconf 89' lang='lat' dir='ltr'><strong>doctor</strong></span> <span class='ocrx_word' id='word_1_99' title='bbox 1215 1547 1230 1572; x_wconf 95' lang='lat'><strong>,</strong></span> <span class='ocrx_word' id='word_1_100' title='bbox 1273 1506 1506 1560; x_wconf 89' lang='lat' dir='ltr'><strong>medicus</strong></span> <span class='ocrx_word' id='word_1_101' title='bbox 1547 1506 1809 1570; x_wconf 88' lang='lat' dir='ltr'><strong>salutaris,</strong></span> <span class='ocrx_word' id='word_1_102' title='bbox 1835 1505 1966 1559; x_wconf 86' lang='lat' dir='ltr'><strong>duas</strong></span> <span class='ocrx_word' id='word_1_103' title='bbox 1990 1520 2105 1560; x_wconf 85' lang='lat' dir='ltr'><strong>csse</strong></span> <span class='ocrx_word' id='word_1_104' title='bbox 2157 1505 2284 1558; x_wconf 83' lang='lat' dir='ltr'><strong>dixit</strong></span> 
     </span>
    </p>
   </div>
   <div class='ocr_carea' id='block_1_15' title="bbox 745 1592 2280 1657">
    <p class='ocr_par' dir='ltr' id='par_1_15' title="bbox 745 1592 2280 1657">
     <span class='ocr_line' id='line_1_15' title="bbox 745 1592 2280 1657; baseline -0.002 -8"><span class='ocrx_word' id='word_1_105' title='bbox 745 1597 987 1650; x_wconf 85' lang='lat' dir='ltr'><strong>trlstitias</strong></span> <span class='ocrx_word' id='word_1_106' title='bbox 1020 1616 1033 1649; x_wconf 86' lang='lat'><strong>:</strong></span> <span class='ocrx_word' id='word_1_107' title='bbox 1082 1609 1237 1648; x_wconf 89' lang='lat' dir='ltr'><strong>unam</strong></span> <span class='ocrx_word' id='word_1_108' title='bbox 1277 1594 1487 1657; x_wconf 85' lang='lat' dir='ltr'><strong>bonam,</strong></span> <span class='ocrx_word' id='word_1_109' title='bbox 1543 1603 1594 1645; x_wconf 92' lang='lat' dir='ltr'><strong>et</strong></span> <span class='ocrx_word' id='word_1_110' title='bbox 1615 1593 1830 1645; x_wconf 87' lang='lat' dir='ltr'><strong>alteram</strong></span> <span class='ocrx_word' id='word_1_111' title='bbox 1859 1592 2086 1657; x_wconf 90' lang='lat' dir='ltr'><strong>malam;</strong></span> <span class='ocrx_word' id='word_1_112' title='bbox 2125 1607 2280 1646; x_wconf 89' lang='lat' dir='ltr'><strong>unam</strong></span> 
     </span>
    </p>
   </div>
   <div class='ocr_carea' id='block_1_16' title="bbox 747 1683 2280 1751">
    <p class='ocr_par' dir='ltr' id='par_1_16' title="bbox 747 1683 2280 1751">
     <span class='ocr_line' id='line_1_16' title="bbox 747 1683 2280 1751; baseline -0.003 -11"><span class='ocrx_word' id='word_1_113' title='bbox 747 1688 945 1750; x_wconf 90' lang='lat' dir='ltr'><strong>utilem,</strong></span> <span class='ocrx_word' id='word_1_114' title='bbox 968 1695 1020 1739; x_wconf 91' lang='lat' dir='ltr'><strong>et</strong></span> <span class='ocrx_word' id='word_1_115' title='bbox 1039 1686 1256 1738; x_wconf 81' lang='lat' dir='ltr'><strong>alteram</strong></span> <span class='ocrx_word' id='word_1_116' title='bbox 1284 1684 1548 1746; x_wconf 88' lang='lat' dir='ltr'><strong>inutilem;</strong></span> <span class='ocrx_word' id='word_1_117' title='bbox 1583 1699 1737 1736; x_wconf 91' lang='lat' dir='ltr'><strong>unam</strong></span> <span class='ocrx_word' id='word_1_118' title='bbox 1765 1698 1880 1751; x_wconf 68' lang='lat' dir='ltr'><strong>quae</strong></span> <span class='ocrx_word' id='word_1_119' title='bbox 1908 1684 2092 1749; x_wconf 88' lang='lat' dir='ltr'><strong>salvat,</strong></span> <span class='ocrx_word' id='word_1_120' title='bbox 2121 1693 2174 1737; x_wconf 89' lang='lat' dir='ltr'><strong>et</strong></span> <span class='ocrx_word' id='word_1_121' title='bbox 2199 1683 2280 1736; x_wconf 84' lang='lat' dir='ltr'><strong>al-</strong></span> 
     </span>
    </p>
   </div>
   <div class='ocr_carea' id='block_1_17' title="bbox 754 1771 2281 1842">
    <p class='ocr_par' dir='ltr' id='par_1_17' title="bbox 754 1771 2281 1842">
     <span class='ocr_line' id='line_1_17' title="bbox 754 1771 2281 1842; baseline -0.001 -13"><span class='ocrx_word' id='word_1_122' title='bbox 754 1784 921 1830; x_wconf 79' lang='lat' dir='ltr'><strong>teram</strong></span> <span class='ocrx_word' id='word_1_123' title='bbox 957 1789 1073 1842; x_wconf 69' lang='lat' dir='ltr'><strong>quae</strong></span> <span class='ocrx_word' id='word_1_124' title='bbox 1115 1773 1303 1841; x_wconf 88' lang='lat' dir='ltr'><strong>perdit.</strong></span> <span class='ocrx_word' id='word_1_125' title='bbox 1332 1772 1396 1825; x_wconf 85' lang='lat' dir='ltr'><strong>Et</strong></span> <span class='ocrx_word' id='word_1_126' title='bbox 1421 1786 1486 1824; x_wconf 92' lang='lat' dir='ltr'><strong>ne</strong></span> <span class='ocrx_word' id='word_1_127' title='bbox 1521 1771 1732 1824; x_wconf 89' lang='lat' dir='ltr'><strong>dubium</strong></span> <span class='ocrx_word' id='word_1_128' title='bbox 1772 1771 1924 1824; x_wconf 89' lang='lat' dir='ltr'><strong>alicui</strong></span> <span class='ocrx_word' id='word_1_129' title='bbox 1961 1771 2196 1826; x_wconf 90' lang='lat' dir='ltr'><strong>videatur</strong></span> <span class='ocrx_word' id='word_1_130' title='bbox 2229 1772 2281 1828; x_wconf 88' lang='lat' dir='ltr'><strong>id</strong></span> 
     </span>
    </p>
   </div>
   <div class='ocr_carea' id='block_1_18' title="bbox 749 1861 2281 1934">
    <p class='ocr_par' dir='ltr' id='par_1_18' title="bbox 749 1861 2281 1934">
     <span class='ocr_line' id='line_1_18' title="bbox 749 1861 2281 1934; baseline -0.002 -17"><span class='ocrx_word' id='word_1_131' title='bbox 749 1865 887 1934; x_wconf 90' lang='lat' dir='ltr'><strong>quod</strong></span> <span class='ocrx_word' id='word_1_132' title='bbox 915 1865 1050 1926; x_wconf 86' lang='lat' dir='ltr'><strong>dico,</strong></span> <span class='ocrx_word' id='word_1_133' title='bbox 1095 1863 1204 1931; x_wconf 89' lang='lat' dir='ltr'><strong>ipsa</strong></span> <span class='ocrx_word' id='word_1_134' title='bbox 1238 1862 1351 1929; x_wconf 88' lang='lat' dir='ltr'><strong>ejus</strong></span> <span class='ocrx_word' id='word_1_135' title='bbox 1376 1861 1532 1915; x_wconf 89' lang='lat' dir='ltr'><strong>verba</strong></span> <span class='ocrx_word' id='word_1_136' title='bbox 1570 1861 1822 1914; x_wconf 86' lang='lat' dir='ltr'><strong>recitabo.</strong></span> <span class='ocrx_word' id='word_1_137' title='bbox 1856 1861 1941 1913; x_wconf 84' lang='lat' dir='ltr'><strong>Ait</strong></span> <span class='ocrx_word' id='word_1_138' title='bbox 1968 1862 2129 1925; x_wconf 91' lang='lat' dir='ltr'><strong>enim,</strong></span> <span class='ocrx_word' id='word_1_139' title='bbox 2157 1861 2281 1925; x_wconf 68' lang='lat' dir='ltr'><strong>Quae</strong></span> 
     </span>
    </p>
   </div>
   <div class='ocr_carea' id='block_1_19' title="bbox 741 1949 2280 2018">
    <p class='ocr_par' dir='ltr' id='par_1_19' title="bbox 741 1949 2280 2018">
     <span class='ocr_line' id='line_1_19' title="bbox 741 1949 2280 2018; baseline -0.003 -11"><span class='ocrx_word' id='word_1_140' title='bbox 741 1954 1014 2007; x_wconf 84' lang='lat' dir='ltr'><strong>secundum</strong></span> <span class='ocrx_word' id='word_1_141' title='bbox 1033 1951 1190 2004; x_wconf 87' lang='lat' dir='ltr'><strong>Deum</strong></span> <span class='ocrx_word' id='word_1_142' title='bbox 1206 1960 1274 2004; x_wconf 87' lang='lat' dir='ltr'><strong>est</strong></span> <span class='ocrx_word' id='word_1_143' title='bbox 1304 1951 1518 2013; x_wconf 76' lang='lat' dir='ltr'><strong>tristitia,</strong></span> <span class='ocrx_word' id='word_1_144' title='bbox 1540 1949 1870 2018; x_wconf 77' lang='lat' dir='ltr'><strong>panitentiam</strong></span> <span class='ocrx_word' id='word_1_145' title='bbox 1897 1950 1946 2001; x_wconf 88' lang='lat' dir='ltr'><strong>in</strong></span> <span class='ocrx_word' id='word_1_146' title='bbox 1963 1951 2168 2003; x_wconf 78' lang='lat' dir='ltr'><strong>salutem</strong></span> <span class='ocrx_word' id='word_1_147' title='bbox 2186 1960 2280 2003; x_wconf 88' lang='lat' dir='ltr'><strong>sta-</strong></span> 
     </span>
    </p>
   </div>
   <div class='ocr_carea' id='block_1_20' title="bbox 737 2039 2273 2110">
    <p class='ocr_par' dir='ltr' id='par_1_20' title="bbox 737 2039 2273 2110">
     <span class='ocr_line' id='line_1_20' title="bbox 737 2039 2273 2110; baseline 0.001 -16"><span class='ocrx_word' id='word_1_148' title='bbox 737 2043 884 2096; x_wconf 82' lang='lat' dir='ltr'><strong>bilem</strong></span> <span class='ocrx_word' id='word_1_149' title='bbox 911 2052 1142 2110; x_wconf 82' lang='lat' dir='ltr'><strong>operatur</strong></span> <span class='ocrx_word' id='word_1_150' title='bbox 1193 2039 1374 2110; x_wconf 84' lang='lat' dir='ltr'><strong>(fbid.)</strong></span> <span class='ocrx_word' id='word_1_151' title='bbox 1422 2039 1574 2092; x_wconf 78' lang='lat' dir='ltr'><strong>:ha:c</strong></span> <span class='ocrx_word' id='word_1_152' title='bbox 1617 2048 1697 2093; x_wconf 90' lang='lat' dir='ltr'><strong>est</strong></span> <span class='ocrx_word' id='word_1_153' title='bbox 1742 2040 1827 2092; x_wconf 81' lang='lat' dir='ltr'><strong>illa</strong></span> <span class='ocrx_word' id='word_1_154' title='bbox 1871 2040 2006 2093; x_wconf 91' lang='lat' dir='ltr'><strong>bona</strong></span> <span class='ocrx_word' id='word_1_155' title='bbox 2051 2042 2273 2095; x_wconf 83' lang='lat' dir='ltr'><strong>tristitia.</strong></span> 
     </span>
    </p>
   </div>
   <div class='ocr_carea' id='block_1_21' title="bbox 740 2127 2277 2199">
    <p class='ocr_par' dir='ltr' id='par_1_21' title="bbox 740 2127 2277 2199">
     <span class='ocr_line' id='line_1_21' title="bbox 740 2127 2277 2199; baseline 0 -15"><span class='ocrx_word' id='word_1_156' title='bbox 740 2132 983 2199; x_wconf 87' lang='lat' dir='ltr'><strong>Sequitur</strong></span> <span class='ocrx_word' id='word_1_157' title='bbox 1019 2129 1204 2183; x_wconf 87' lang='lat' dir='ltr'><strong>deinde</strong></span> <span class='ocrx_word' id='word_1_158' title='bbox 1233 2146 1245 2181; x_wconf 88' lang='lat'>:</span> <span class='ocrx_word' id='word_1_159' title='bbox 1279 2127 1413 2181; x_wconf 86' lang='lat' dir='ltr'><strong>Nam</strong></span> <span class='ocrx_word' id='word_1_160' title='bbox 1465 2131 1633 2182; x_wconf 70' lang='lat' dir='ltr'><strong>saeculi</strong></span> <span class='ocrx_word' id='word_1_161' title='bbox 1663 2130 1810 2196; x_wconf 87' lang='lat' dir='ltr'><strong>hujus</strong></span> <span class='ocrx_word' id='word_1_162' title='bbox 1837 2129 2033 2182; x_wconf 81' lang='lat' dir='ltr'><strong>tristitia</strong></span> <span class='ocrx_word' id='word_1_163' title='bbox 2073 2142 2277 2184; x_wconf 85' lang='lat' dir='ltr'><strong>mortem</strong></span> 
     </span>
    </p>
   </div>
   <div class='ocr_carea' id='block_1_22' title="bbox 737 2217 1529 2284">
    <p class='ocr_par' dir='ltr' id='par_1_22' title="bbox 737 2217 1529 2284">
     <span class='ocr_line' id='line_1_22' title="bbox 737 2217 1529 2284; baseline -0.001 -13"><span class='ocrx_word' id='word_1_164' title='bbox 737 2228 973 2284; x_wconf 83' lang='lat' dir='ltr'><strong>operatur</strong></span> <span class='ocrx_word' id='word_1_165' title='bbox 994 2233 1012 2270; x_wconf 90' lang='lat'><strong><em>:</em></strong></span> <span class='ocrx_word' id='word_1_166' title='bbox 1032 2217 1142 2270; x_wconf 67' lang='lat' dir='ltr'><strong>haec</strong></span> <span class='ocrx_word' id='word_1_167' title='bbox 1169 2225 1249 2269; x_wconf 92' lang='lat' dir='ltr'><strong>est</strong></span> <span class='ocrx_word' id='word_1_168' title='bbox 1270 2217 1350 2268; x_wconf 89' lang='lat' dir='ltr'><strong>illa</strong></span> <span class='ocrx_word' id='word_1_169' title='bbox 1379 2217 1529 2270; x_wconf 87' lang='lat' dir='ltr'><strong>mala.</strong></span> 
     </span>
    </p>
   </div>
   <div class='ocr_carea' id='block_1_23' title="bbox 814 2303 2271 2372">
    <p class='ocr_par' dir='ltr' id='par_1_23' title="bbox 814 2303 2271 2372">
     <span class='ocr_line' id='line_1_23' title="bbox 814 2303 2271 2372; baseline -0.001 -13"><span class='ocrx_word' id='word_1_170' title='bbox 814 2307 869 2359; x_wconf 70' lang='grc'><strong>2.</strong></span> <span class='ocrx_word' id='word_1_171' title='bbox 903 2305 1087 2358; x_wconf 85' lang='lat' dir='ltr'><strong>Luctus</strong></span> <span class='ocrx_word' id='word_1_172' title='bbox 1113 2321 1180 2357; x_wconf 86' lang='lat' dir='ltr'><strong>an</strong></span> <span class='ocrx_word' id='word_1_173' title='bbox 1213 2306 1385 2372; x_wconf 85' lang='lat' dir='ltr'><strong>prosit,</strong></span> <span class='ocrx_word' id='word_1_174' title='bbox 1410 2320 1574 2357; x_wconf 83' lang='lat' dir='ltr'><strong>necne.</strong></span> <span class='ocrx_word' id='word_1_175' title='bbox 1603 2305 1878 2357; x_wconf 84' lang='lat' dir='ltr'><strong>Videamus</strong></span> <span class='ocrx_word' id='word_1_176' title='bbox 1901 2319 2046 2372; x_wconf 86' lang='lat' dir='ltr'><strong>ergo,</strong></span> <span class='ocrx_word' id='word_1_177' title='bbox 2067 2303 2271 2369; x_wconf 83' lang='lat' dir='ltr'><strong>fratres,</strong></span> 
     </span>
    </p>
   </div>
   <div class='ocr_carea' id='block_1_24' title="bbox 742 2394 2274 2464">
    <p class='ocr_par' dir='ltr' id='par_1_24' title="bbox 742 2394 2274 2464">
     <span class='ocr_line' id='line_1_24' title="bbox 742 2394 2274 2464; baseline -0.003 -13"><span class='ocrx_word' id='word_1_178' title='bbox 742 2399 841 2452; x_wconf 86' lang='lat' dir='ltr'><strong>ista</strong></span> <span class='ocrx_word' id='word_1_179' title='bbox 867 2396 1068 2451; x_wconf 84' lang='lat' dir='ltr'><strong>tristitia</strong></span> <span class='ocrx_word' id='word_1_180' title='bbox 1092 2409 1208 2464; x_wconf 61' lang='lat' dir='ltr'><strong>quas</strong></span> <span class='ocrx_word' id='word_1_181' title='bbox 1235 2408 1375 2447; x_wconf 88' lang='lat' dir='ltr'><strong>nunc</strong></span> <span class='ocrx_word' id='word_1_182' title='bbox 1396 2400 1478 2447; x_wconf 88' lang='lat' dir='ltr'><strong>est</strong></span> <span class='ocrx_word' id='word_1_183' title='bbox 1499 2394 1549 2446; x_wconf 91' lang='lat' dir='ltr'><strong>in</strong></span> <span class='ocrx_word' id='word_1_184' title='bbox 1578 2394 1834 2456; x_wconf 90' lang='lat' dir='ltr'><strong>manibus,</strong></span> <span class='ocrx_word' id='word_1_185' title='bbox 1857 2408 1972 2462; x_wconf 73' lang='lat' dir='ltr'><strong>qua:</strong></span> <span class='ocrx_word' id='word_1_186' title='bbox 2007 2407 2141 2447; x_wconf 94' lang='lat' dir='ltr'><strong>nunc</strong></span> <span class='ocrx_word' id='word_1_187' title='bbox 2163 2395 2274 2463; x_wconf 89' lang='lat' dir='ltr'><strong>agi-</strong></span> 
     </span>
    </p>
   </div>
   <div class='ocr_carea' id='block_1_25' title="bbox 737 2469 2270 2553">
    <p class='ocr_par' dir='ltr' id='par_1_25' title="bbox 737 2469 2270 2553">
     <span class='ocr_line' id='line_1_25' title="bbox 737 2469 2270 2553; baseline -0.001 -15"><span class='ocrx_word' id='word_1_188' title='bbox 737 2493 824 2539; x_wconf 90' lang='lat' dir='ltr'><strong>tur</strong></span> <span class='ocrx_word' id='word_1_189' title='bbox 848 2484 899 2538; x_wconf 90' lang='lat' dir='ltr'><strong>in</strong></span> <span class='ocrx_word' id='word_1_190' title='bbox 927 2492 1151 2553; x_wconf 89' lang='lat' dir='ltr'><strong>pectore,</strong></span> <span class='ocrx_word' id='word_1_191' title='bbox 1184 2469 1256 2537; x_wconf 85' lang='lat' dir='ltr'><strong>et</strong></span> <span class='ocrx_word' id='word_1_192' title='bbox 1281 2482 1484 2536; x_wconf 90' lang='lat' dir='ltr'><strong>auditur</strong></span> <span class='ocrx_word' id='word_1_193' title='bbox 1503 2496 1631 2536; x_wconf 91' lang='lat' dir='ltr'><strong>vocc</strong></span> <span class='ocrx_word' id='word_1_194' title='bbox 1651 2523 1664 2544; x_wconf 94' lang='lat'><strong>,</strong></span> <span class='ocrx_word' id='word_1_195' title='bbox 1698 2482 1836 2535; x_wconf 89' lang='lat' dir='ltr'><strong>utilis</strong></span> <span class='ocrx_word' id='word_1_196' title='bbox 1859 2481 1928 2535; x_wconf 90' lang='lat' dir='ltr'><strong>sit</strong></span> <span class='ocrx_word' id='word_1_197' title='bbox 1964 2497 2029 2536; x_wconf 87' lang='lat' dir='ltr'><strong>an</strong></span> <span class='ocrx_word' id='word_1_198' title='bbox 2057 2483 2270 2549; x_wconf 86' lang='lat' dir='ltr'><strong>inutilis,</strong></span> 
     </span>
    </p>
   </div>
   <div class='ocr_carea' id='block_1_26' title="bbox 739 2570 2266 2644">
    <p class='ocr_par' dir='ltr' id='par_1_26' title="bbox 739 2570 2266 2644">
     <span class='ocr_line' id='line_1_26' title="bbox 739 2570 2266 2644; baseline -0.003 -15"><span class='ocrx_word' id='word_1_199' title='bbox 739 2574 986 2644; x_wconf 87' lang='lat' dir='ltr'><strong>prodesse</strong></span> <span class='ocrx_word' id='word_1_200' title='bbox 1011 2573 1178 2627; x_wconf 80' lang='lat' dir='ltr'><strong>valeat</strong></span> <span class='ocrx_word' id='word_1_201' title='bbox 1196 2587 1261 2625; x_wconf 88' lang='lat' dir='ltr'><strong>an</strong></span> <span class='ocrx_word' id='word_1_202' title='bbox 1285 2585 1495 2625; x_wconf 88' lang='lat' dir='ltr'><strong>nocere.</strong></span> <span class='ocrx_word' id='word_1_203' title='bbox 1516 2570 1792 2624; x_wconf 87' lang='lat' dir='ltr'><strong>Jacetecce</strong></span> <span class='ocrx_word' id='word_1_204' title='bbox 1811 2583 1998 2638; x_wconf 90' lang='lat' dir='ltr'><strong>corpus</strong></span> <span class='ocrx_word' id='word_1_205' title='bbox 2015 2571 2266 2636; x_wconf 81' lang='lat' dir='ltr'><strong>exanime,</strong></span> 
     </span>
    </p>
   </div>
   <div class='ocr_carea' id='block_1_27' title="bbox 737 2659 2274 2731">
    <p class='ocr_par' dir='ltr' id='par_1_27' title="bbox 737 2659 2274 2731">
     <span class='ocr_line' id='line_1_27' title="bbox 737 2659 2274 2731; baseline -0.003 -15"><span class='ocrx_word' id='word_1_206' title='bbox 737 2665 874 2731; x_wconf 87' lang='lat' dir='ltr'><strong>jacet</strong></span> <span class='ocrx_word' id='word_1_207' title='bbox 902 2665 953 2716; x_wconf 91' lang='lat' dir='ltr'><strong>in</strong></span> <span class='ocrx_word' id='word_1_208' title='bbox 990 2663 1162 2716; x_wconf 89' lang='lat' dir='ltr'><strong>tabula</strong></span> <span class='ocrx_word' id='word_1_209' title='bbox 1198 2660 1356 2713; x_wconf 92' lang='lat' dir='ltr'><strong>homo</strong></span> <span class='ocrx_word' id='word_1_210' title='bbox 1402 2660 1516 2714; x_wconf 88' lang='lat' dir='ltr'><strong>sine</strong></span> <span class='ocrx_word' id='word_1_211' title='bbox 1557 2659 1767 2712; x_wconf 87' lang='lat' dir='ltr'><strong>homine</strong></span> <span class='ocrx_word' id='word_1_212' title='bbox 1796 2699 1809 2720; x_wconf 92' lang='lat'><strong>,</strong></span> <span class='ocrx_word' id='word_1_213' title='bbox 1844 2659 2073 2712; x_wconf 90' lang='lat' dir='ltr'><strong>membra</strong></span> <span class='ocrx_word' id='word_1_214' title='bbox 2099 2660 2274 2727; x_wconf 89' lang='lat' dir='ltr'><strong>utique</strong></span> 
     </span>
    </p>
   </div>
   <div class='ocr_carea' id='block_1_28' title="bbox 738 2750 2274 2820">
    <p class='ocr_par' dir='ltr' id='par_1_28' title="bbox 738 2750 2274 2820">
     <span class='ocr_line' id='line_1_28' title="bbox 738 2750 2274 2820; baseline -0.004 -14"><span class='ocrx_word' id='word_1_215' title='bbox 738 2755 852 2806; x_wconf 88' lang='lat' dir='ltr'><strong>sine</strong></span> <span class='ocrx_word' id='word_1_216' title='bbox 890 2753 1112 2820; x_wconf 83' lang='lat' dir='ltr'><strong>spiritu;</strong></span> <span class='ocrx_word' id='word_1_217' title='bbox 1142 2751 1394 2804; x_wconf 87' lang='lat' dir='ltr'><strong>clamatur</strong></span> <span class='ocrx_word' id='word_1_218' title='bbox 1417 2790 1432 2814; x_wconf 91' lang='lat'><strong>,</strong></span> <span class='ocrx_word' id='word_1_219' title='bbox 1478 2764 1576 2803; x_wconf 92' lang='lat' dir='ltr'><strong>nec</strong></span> <span class='ocrx_word' id='word_1_220' title='bbox 1606 2750 1917 2816; x_wconf 82' lang='lat' dir='ltr'><strong>respondet;</strong></span> <span class='ocrx_word' id='word_1_221' title='bbox 1950 2757 2160 2801; x_wconf 87' lang='lat' dir='ltr'><strong>vocatur</strong></span> <span class='ocrx_word' id='word_1_222' title='bbox 2183 2787 2198 2813; x_wconf 92' lang='lat'><strong>,</strong></span> <span class='ocrx_word' id='word_1_223' title='bbox 2221 2758 2274 2802; x_wconf 92' lang='lat' dir='ltr'><strong>et</strong></span> 
     </span>
    </p>
   </div>
   <div class='ocr_carea' id='block_1_29' title="bbox 743 2837 2274 2907">
    <p class='ocr_par' dir='ltr' id='par_1_29' title="bbox 743 2837 2274 2907">
     <span class='ocr_line' id='line_1_29' title="bbox 743 2837 2274 2907; baseline -0.004 -13"><span class='ocrx_word' id='word_1_224' title='bbox 743 2857 849 2895; x_wconf 86' lang='lat' dir='ltr'><strong>non</strong></span> <span class='ocrx_word' id='word_1_225' title='bbox 872 2840 1050 2905; x_wconf 84' lang='lat' dir='ltr'><strong>audit;</strong></span> <span class='ocrx_word' id='word_1_226' title='bbox 1079 2840 1218 2907; x_wconf 89' lang='lat' dir='ltr'><strong>jacet</strong></span> <span class='ocrx_word' id='word_1_227' title='bbox 1266 2839 1419 2891; x_wconf 86' lang='lat' dir='ltr'><strong>facies</strong></span> <span class='ocrx_word' id='word_1_228' title='bbox 1448 2838 1655 2905; x_wconf 90' lang='lat' dir='ltr'><strong>pallida,</strong></span> <span class='ocrx_word' id='word_1_229' title='bbox 1707 2837 1870 2888; x_wconf 88' lang='lat' dir='ltr'><strong>forma</strong></span> <span class='ocrx_word' id='word_1_230' title='bbox 1913 2844 2129 2899; x_wconf 88' lang='lat' dir='ltr'><strong>mutata,</strong></span> <span class='ocrx_word' id='word_1_231' title='bbox 2181 2852 2274 2904; x_wconf 92' lang='lat' dir='ltr'><strong>per</strong></span> 
     </span>
    </p>
   </div>
   <div class='ocr_carea' id='block_1_30' title="bbox 739 2927 2269 3000">
    <p class='ocr_par' dir='ltr' id='par_1_30' title="bbox 739 2927 2269 3000">
     <span class='ocr_line' id='line_1_30' title="bbox 739 2927 2269 3000; baseline -0.002 -16"><span class='ocrx_word' id='word_1_232' title='bbox 739 2946 894 3000; x_wconf 87' lang='lat' dir='ltr'><strong>quam</strong></span> <span class='ocrx_word' id='word_1_233' title='bbox 921 2946 1059 2984; x_wconf 90' lang='lat' dir='ltr'><strong>mors</strong></span> <span class='ocrx_word' id='word_1_234' title='bbox 1086 2931 1196 2999; x_wconf 91' lang='lat' dir='ltr'><strong>ipsa</strong></span> <span class='ocrx_word' id='word_1_235' title='bbox 1223 2929 1453 2983; x_wconf 88' lang='lat' dir='ltr'><strong>cernitur</strong></span> <span class='ocrx_word' id='word_1_236' title='bbox 1472 2929 1580 2998; x_wconf 89' lang='lat' dir='ltr'><strong>(a);</strong></span> <span class='ocrx_word' id='word_1_237' title='bbox 1606 2929 1858 2996; x_wconf 79' lang='lat' dir='ltr'><strong>cogitatur</strong></span> <span class='ocrx_word' id='word_1_238' title='bbox 1883 2937 2132 2996; x_wconf 70' lang='lat' dir='ltr'><strong>prmterca</strong></span> <span class='ocrx_word' id='word_1_239' title='bbox 2156 2927 2269 2995; x_wconf 89' lang='lat' dir='ltr'><strong>ejus</strong></span> 
     </span>
    </p>
   </div>
   <div class='ocr_carea' id='block_1_31' title="bbox 739 3018 2270 3089">
    <p class='ocr_par' dir='ltr' id='par_1_31' title="bbox 739 3018 2270 3089">
     <span class='ocr_line' id='line_1_31' title="bbox 739 3018 2270 3089; baseline -0.002 -16"><span class='ocrx_word' id='word_1_240' title='bbox 739 3027 1048 3089; x_wconf 88' lang='lat' dir='ltr'><strong>perpetuum</strong></span> <span class='ocrx_word' id='word_1_241' title='bbox 1095 3019 1355 3072; x_wconf 88' lang='lat' dir='ltr'><strong>silentium</strong></span> <span class='ocrx_word' id='word_1_242' title='bbox 1384 3057 1397 3080; x_wconf 91' lang='lat'><strong>,</strong></span> <span class='ocrx_word' id='word_1_243' title='bbox 1429 3018 1685 3085; x_wconf 75' lang='lat' dir='ltr'><strong>cogitatur</strong></span> <span class='ocrx_word' id='word_1_244' title='bbox 1711 3018 2003 3080; x_wconf 88' lang='lat' dir='ltr'><strong>delectatio,</strong></span> <span class='ocrx_word' id='word_1_245' title='bbox 2034 3026 2124 3070; x_wconf 92' lang='lat' dir='ltr'><strong>aut</strong></span> <span class='ocrx_word' id='word_1_246' title='bbox 2156 3034 2270 3086; x_wconf 73' lang='lat' dir='ltr'><strong>qum</strong></span> 
     </span>
    </p>
   </div>
   <div class='ocr_carea' id='block_1_32' title="bbox 741 3105 2266 3172">
    <p class='ocr_par' dir='ltr' id='par_1_32' title="bbox 741 3105 2266 3172">
     <span class='ocr_line' id='line_1_32' title="bbox 741 3105 2266 3172; baseline -0.002 -13"><span class='ocrx_word' id='word_1_247' title='bbox 741 3107 853 3170; x_wconf 90' lang='lat' dir='ltr'><strong>fuit,</strong></span> <span class='ocrx_word' id='word_1_248' title='bbox 881 3116 968 3158; x_wconf 88' lang='lat' dir='ltr'><strong>aut</strong></span> <span class='ocrx_word' id='word_1_249' title='bbox 999 3121 1116 3172; x_wconf 65' lang='lat' dir='ltr'><strong>quae</strong></span> <span class='ocrx_word' id='word_1_250' title='bbox 1147 3105 1313 3158; x_wconf 90' lang='lat' dir='ltr'><strong>futura</strong></span> <span class='ocrx_word' id='word_1_251' title='bbox 1337 3116 1451 3157; x_wconf 90' lang='lat' dir='ltr'><strong>erat</strong></span> <span class='ocrx_word' id='word_1_252' title='bbox 1473 3105 1695 3167; x_wconf 87' lang='lat' dir='ltr'><strong>utilitas;</strong></span> <span class='ocrx_word' id='word_1_253' title='bbox 1723 3105 2012 3172; x_wconf 82' lang='lat' dir='ltr'><strong>cogitantur</strong></span> <span class='ocrx_word' id='word_1_254' title='bbox 2037 3105 2266 3158; x_wconf 78' lang='lat' dir='ltr'><strong>necessi-</strong></span> 
     </span>
    </p>
   </div>
   <div class='ocr_carea' id='block_1_33' title="bbox 740 3194 2268 3262">
    <p class='ocr_par' dir='ltr' id='par_1_33' title="bbox 740 3194 2268 3262">
     <span class='ocr_line' id='line_1_33' title="bbox 740 3194 2268 3262; baseline -0.001 -13"><span class='ocrx_word' id='word_1_255' title='bbox 740 3205 894 3260; x_wconf 87' lang='lat' dir='ltr'><strong>tates,</strong></span> <span class='ocrx_word' id='word_1_256' title='bbox 931 3195 1150 3248; x_wconf 90' lang='lat' dir='ltr'><strong>veniunt</strong></span> <span class='ocrx_word' id='word_1_257' title='bbox 1200 3194 1251 3246; x_wconf 93' lang='lat' dir='ltr'><strong>in</strong></span> <span class='ocrx_word' id='word_1_258' title='bbox 1296 3203 1522 3246; x_wconf 90' lang='lat' dir='ltr'><strong>mentem</strong></span> <span class='ocrx_word' id='word_1_259' title='bbox 1567 3194 1724 3247; x_wconf 88' lang='lat' dir='ltr'><strong>verba</strong></span> <span class='ocrx_word' id='word_1_260' title='bbox 1752 3195 2046 3246; x_wconf 85' lang='lat' dir='ltr'><strong>dulcissima</strong></span> <span class='ocrx_word' id='word_1_261' title='bbox 2072 3234 2087 3257; x_wconf 92' lang='lat'><strong>,</strong></span> <span class='ocrx_word' id='word_1_262' title='bbox 2118 3196 2268 3262; x_wconf 87' lang='lat' dir='ltr'><strong>longa</strong></span> 
     </span>
    </p>
   </div>
   <div class='ocr_carea' id='block_1_34' title="bbox 738 3281 2270 3351">
    <p class='ocr_par' dir='ltr' id='par_1_34' title="bbox 738 3281 2270 3351">
     <span class='ocr_line' id='line_1_34' title="bbox 738 3281 2270 3351; baseline -0.002 -12"><span class='ocrx_word' id='word_1_263' title='bbox 738 3285 1064 3340; x_wconf 83' lang='lat' dir='ltr'><strong>consuetudo</strong></span> <span class='ocrx_word' id='word_1_264' title='bbox 1103 3283 1401 3351; x_wconf 90' lang='lat' dir='ltr'><strong>requiritur.</strong></span> <span class='ocrx_word' id='word_1_265' title='bbox 1463 3281 1584 3334; x_wconf 73' lang='lat' dir='ltr'><strong>Harc</strong></span> <span class='ocrx_word' id='word_1_266' title='bbox 1631 3291 1751 3334; x_wconf 90' lang='lat' dir='ltr'><strong>sunt</strong></span> <span class='ocrx_word' id='word_1_267' title='bbox 1791 3282 1903 3334; x_wconf 87' lang='lat' dir='ltr'><strong>sine</strong></span> <span class='ocrx_word' id='word_1_268' title='bbox 1943 3281 2102 3334; x_wconf 88' lang='lat' dir='ltr'><strong>dubio</strong></span> <span class='ocrx_word' id='word_1_269' title='bbox 2155 3298 2270 3350; x_wconf 75' lang='lat' dir='ltr'><strong>qua:</strong></span> 
     </span>
    </p>
   </div>
   <div class='ocr_carea' id='block_1_35' title="bbox 736 3369 2266 3442">
    <p class='ocr_par' dir='ltr' id='par_1_35' title="bbox 736 3369 2266 3442">
     <span class='ocr_line' id='line_1_35' title="bbox 736 3369 2266 3442; baseline -0.004 -14"><span class='ocrx_word' id='word_1_270' title='bbox 736 3382 945 3430; x_wconf 89' lang='lat' dir='ltr'><strong>movent</strong></span> <span class='ocrx_word' id='word_1_271' title='bbox 985 3375 1258 3442; x_wconf 86' lang='lat' dir='ltr'><strong>lacrymas,</strong></span> <span class='ocrx_word' id='word_1_272' title='bbox 1307 3372 1522 3424; x_wconf 87' lang='lat' dir='ltr'><strong>incitant</strong></span> <span class='ocrx_word' id='word_1_273' title='bbox 1549 3369 1830 3434; x_wconf 89' lang='lat' dir='ltr'><strong>ululatum,</strong></span> <span class='ocrx_word' id='word_1_274' title='bbox 1865 3379 1916 3422; x_wconf 91' lang='lat' dir='ltr'><strong>et</strong></span> <span class='ocrx_word' id='word_1_275' title='bbox 1944 3379 2106 3422; x_wconf 90' lang='lat' dir='ltr'><strong>totum</strong></span> <span class='ocrx_word' id='word_1_276' title='bbox 2149 3369 2266 3422; x_wconf 86' lang='lat' dir='ltr'><strong>ani-</strong></span> 
     </span>
    </p>
   </div>
   <div class='ocr_carea' id='block_1_36' title="bbox 734 3458 2270 3531">
    <p class='ocr_par' dir='ltr' id='par_1_36' title="bbox 734 3458 2270 3531">
     <span class='ocr_line' id='line_1_36' title="bbox 734 3458 2270 3531; baseline -0.003 -13"><span class='ocrx_word' id='word_1_277' title='bbox 734 3481 872 3518; x_wconf 90' lang='lat' dir='ltr'><strong>mum</strong></span> <span class='ocrx_word' id='word_1_278' title='bbox 903 3464 953 3517; x_wconf 91' lang='lat' dir='ltr'><strong>in</strong></span> <span class='ocrx_word' id='word_1_279' title='bbox 969 3463 1289 3531; x_wconf 83' lang='lat' dir='ltr'><strong>profundam</strong></span> <span class='ocrx_word' id='word_1_280' title='bbox 1301 3459 1569 3516; x_wconf 85' lang='lat' dir='ltr'><strong>tristitiam</strong></span> <span class='ocrx_word' id='word_1_281' title='bbox 1587 3460 1910 3527; x_wconf 77' lang='lat' dir='ltr'><strong>demergunt.</strong></span> <span class='ocrx_word' id='word_1_282' title='bbox 1941 3459 2133 3513; x_wconf 89' lang='lat' dir='ltr'><strong>Contra</strong></span> <span class='ocrx_word' id='word_1_283' title='bbox 2161 3458 2270 3514; x_wconf 69' lang='lat' dir='ltr'><strong>iure</strong></span> 
     </span>
    </p>
   </div>
   <div class='ocr_carea' id='block_1_37' title="bbox 732 3549 2268 3619">
    <p class='ocr_par' dir='ltr' id='par_1_37' title="bbox 732 3549 2268 3619">
     <span class='ocr_line' id='line_1_37' title="bbox 732 3549 2268 3619; baseline -0.003 -12"><span class='ocrx_word' id='word_1_284' title='bbox 732 3564 837 3608; x_wconf 91' lang='lat' dir='ltr'><strong>tam</strong></span> <span class='ocrx_word' id='word_1_285' title='bbox 863 3554 1058 3618; x_wconf 90' lang='lat' dir='ltr'><strong>valida,</strong></span> <span class='ocrx_word' id='word_1_286' title='bbox 1090 3563 1191 3605; x_wconf 88' lang='lat' dir='ltr'><strong>tam</strong></span> <span class='ocrx_word' id='word_1_287' title='bbox 1227 3549 1380 3604; x_wconf 85' lang='lat' dir='ltr'><strong>fortia</strong></span> <span class='ocrx_word' id='word_1_288' title='bbox 1428 3551 1623 3604; x_wconf 91' lang='lat' dir='ltr'><strong>doloris</strong></span> <span class='ocrx_word' id='word_1_289' title='bbox 1648 3565 1790 3603; x_wconf 89' lang='lat' dir='ltr'><strong>arma</strong></span> <span class='ocrx_word' id='word_1_290' title='bbox 1833 3550 1956 3602; x_wconf 91' lang='lat' dir='ltr'><strong>illud</strong></span> <span class='ocrx_word' id='word_1_291' title='bbox 1987 3551 2153 3617; x_wconf 88' lang='lat' dir='ltr'><strong>primo</strong></span> <span class='ocrx_word' id='word_1_292' title='bbox 2195 3549 2268 3619; x_wconf 92' lang='lat' dir='ltr'><strong>(b)</strong></span> 
     </span>
    </p>
   </div>
   <div class='ocr_carea' id='block_1_38' title="bbox 735 3639 2270 3710">
    <p class='ocr_par' dir='ltr' id='par_1_38' title="bbox 735 3639 2270 3710">
     <span class='ocr_line' id='line_1_38' title="bbox 735 3639 2270 3710; baseline -0.003 -13"><span class='ocrx_word' id='word_1_293' title='bbox 735 3645 965 3697; x_wconf 92' lang='lat' dir='ltr'><strong>omnium</strong></span> <span class='ocrx_word' id='word_1_294' title='bbox 1017 3641 1381 3710; x_wconf 89' lang='lat' dir='ltr'><strong>opponendum</strong></span> <span class='ocrx_word' id='word_1_295' title='bbox 1404 3648 1501 3703; x_wconf 90' lang='lat' dir='ltr'><strong>est,</strong></span> <span class='ocrx_word' id='word_1_296' title='bbox 1527 3641 1642 3706; x_wconf 89' lang='lat' dir='ltr'><strong>quia</strong></span> <span class='ocrx_word' id='word_1_297' title='bbox 1671 3654 1823 3693; x_wconf 90' lang='lat' dir='ltr'><strong>omne</strong></span> <span class='ocrx_word' id='word_1_298' title='bbox 1841 3679 1855 3704; x_wconf 90' lang='lat'><strong>,</strong></span> <span class='ocrx_word' id='word_1_299' title='bbox 1882 3639 2017 3707; x_wconf 90' lang='lat' dir='ltr'><strong>quod</strong></span> <span class='ocrx_word' id='word_1_300' title='bbox 2045 3641 2270 3693; x_wconf 88' lang='lat' dir='ltr'><strong>nascitur</strong></span> 
     </span>
    </p>
   </div>
   <div class='ocr_carea' id='block_1_39' title="bbox 733 3729 2268 3797">
    <p class='ocr_par' dir='ltr' id='par_1_39' title="bbox 733 3729 2268 3797">
     <span class='ocr_line' id='line_1_39' title="bbox 733 3729 2268 3797; baseline -0.003 -10"><span class='ocrx_word' id='word_1_301' title='bbox 733 3733 784 3787; x_wconf 90' lang='lat' dir='ltr'><strong>in</strong></span> <span class='ocrx_word' id='word_1_302' title='bbox 816 3734 914 3786; x_wconf 84' lang='lat' dir='ltr'><strong>hoc</strong></span> <span class='ocrx_word' id='word_1_303' title='bbox 939 3731 1150 3797; x_wconf 91' lang='lat' dir='ltr'><strong>mundo,</strong></span> <span class='ocrx_word' id='word_1_304' title='bbox 1169 3745 1380 3785; x_wconf 88' lang='lat' dir='ltr'><strong>necesse</strong></span> <span class='ocrx_word' id='word_1_305' title='bbox 1395 3739 1475 3783; x_wconf 88' lang='lat' dir='ltr'><strong>est</strong></span> <span class='ocrx_word' id='word_1_306' title='bbox 1499 3729 1649 3782; x_wconf 91' lang='lat' dir='ltr'><strong>mori.</strong></span> <span class='ocrx_word' id='word_1_307' title='bbox 1677 3729 1798 3782; x_wconf 66' lang='lat' dir='ltr'><strong>Haec</strong></span> <span class='ocrx_word' id='word_1_308' title='bbox 1815 3731 2043 3782; x_wconf 89' lang='lat' dir='ltr'><strong>estenim</strong></span> <span class='ocrx_word' id='word_1_309' title='bbox 2070 3731 2149 3783; x_wconf 78' lang='lat' dir='ltr'><strong>lex</strong></span> <span class='ocrx_word' id='word_1_310' title='bbox 2182 3731 2268 3783; x_wconf 85' lang='lat' dir='ltr'><strong>Dei</strong></span> 
     </span>
    </p>
   </div>
   <div class='ocr_carea' id='block_1_40' title="bbox 729 3817 2270 3886">
    <p class='ocr_par' dir='ltr' id='par_1_40' title="bbox 729 3817 2270 3886">
     <span class='ocr_line' id='line_1_40' title="bbox 729 3817 2270 3886; baseline -0.002 -12"><span class='ocrx_word' id='word_1_311' title='bbox 729 3829 782 3874; x_wconf 87' lang='lat' dir='ltr'><strong>et</strong></span> <span class='ocrx_word' id='word_1_312' title='bbox 805 3821 1056 3874; x_wconf 89' lang='lat' dir='ltr'><strong>sententia</strong></span> <span class='ocrx_word' id='word_1_313' title='bbox 1081 3819 1432 3885; x_wconf 87' lang='lat' dir='ltr'><strong>immutabilis,</strong></span> <span class='ocrx_word' id='word_1_314' title='bbox 1455 3833 1606 3886; x_wconf 91' lang='lat' dir='ltr'><strong>quam</strong></span> <span class='ocrx_word' id='word_1_315' title='bbox 1632 3827 1746 3885; x_wconf 87' lang='lat' dir='ltr'><strong>post</strong></span> <span class='ocrx_word' id='word_1_316' title='bbox 1765 3817 2005 3870; x_wconf 90' lang='lat' dir='ltr'><strong>delictum</strong></span> <span class='ocrx_word' id='word_1_317' title='bbox 2034 3819 2270 3885; x_wconf 80' lang='lat' dir='ltr'><strong>princeps</strong></span> 
     </span>
    </p>
   </div>
   <div class='ocr_carea' id='block_1_41' title="bbox 729 3906 2269 3983">
    <p class='ocr_par' dir='ltr' id='par_1_41' title="bbox 729 3906 2269 3983">
     <span class='ocr_line' id='line_1_41' title="bbox 729 3906 2269 3983; baseline -0.004 -15"><span class='ocrx_word' id='word_1_318' title='bbox 729 3914 936 3983; x_wconf 75' lang='lat' dir='ltr'><strong>generis</strong></span> <span class='ocrx_word' id='word_1_319' title='bbox 990 3913 1196 3967; x_wconf 85' lang='lat' dir='ltr'><strong>humani</strong></span> <span class='ocrx_word' id='word_1_320' title='bbox 1242 3911 1476 3977; x_wconf 90' lang='lat' dir='ltr'><strong>accepit,</strong></span> <span class='ocrx_word' id='word_1_321' title='bbox 1523 3908 1725 3962; x_wconf 88' lang='lat' dir='ltr'><strong>dicente</strong></span> <span class='ocrx_word' id='word_1_322' title='bbox 1757 3908 1861 3961; x_wconf 92' lang='lat' dir='ltr'><strong>Deo</strong></span> <span class='ocrx_word' id='word_1_323' title='bbox 1894 3948 1906 3969; x_wconf 95' lang='lat'><strong>,</strong></span> <span class='ocrx_word' id='word_1_324' title='bbox 1935 3906 2090 3958; x_wconf 85' lang='lat' dir='ltr'><strong>Terra</strong></span> <span class='ocrx_word' id='word_1_325' title='bbox 2116 3924 2183 3970; x_wconf 87' lang='lat' dir='ltr'><strong>es,</strong></span> <span class='ocrx_word' id='word_1_326' title='bbox 2224 3919 2269 3962; x_wconf 87' lang='lat' dir='ltr'><strong>et</strong></span> 
     </span>
    </p>
   </div>
   <div class='ocr_carea' id='block_1_42' title="bbox 727 3997 2266 4070">
    <p class='ocr_par' dir='ltr' id='par_1_42' title="bbox 727 3997 2266 4070">
     <span class='ocr_line' id='line_1_42' title="bbox 727 3997 2266 4070; baseline -0.005 -15"><span class='ocrx_word' id='word_1_327' title='bbox 727 4004 778 4055; x_wconf 88' lang='lat' dir='ltr'><strong>iu</strong></span> <span class='ocrx_word' id='word_1_328' title='bbox 817 4012 1000 4055; x_wconf 86' lang='lat' dir='ltr'><strong>terram</strong></span> <span class='ocrx_word' id='word_1_329' title='bbox 1024 4002 1113 4053; x_wconf 86' lang='lat' dir='ltr'><strong>ibis</strong></span> <span class='ocrx_word' id='word_1_330' title='bbox 1139 4000 1289 4070; x_wconf 82' lang='lat' dir='ltr'><strong>(Gen.</strong></span> <span class='ocrx_word' id='word_1_331' title='bbox 1336 3999 1388 4052; x_wconf 77' lang='grc'><strong>5.</strong></span> <span class='ocrx_word' id='word_1_332' title='bbox 1421 3998 1542 4067; x_wconf 88' lang='grc'><strong>19).</strong></span> <span class='ocrx_word' id='word_1_333' title='bbox 1581 3997 1708 4063; x_wconf 86' lang='lat' dir='ltr'><strong>Quid</strong></span> <span class='ocrx_word' id='word_1_334' title='bbox 1735 4011 1857 4065; x_wconf 89' lang='lat' dir='ltr'><strong>ergo</strong></span> <span class='ocrx_word' id='word_1_335' title='bbox 1879 3997 1993 4049; x_wconf 91' lang='lat' dir='ltr'><strong>novi</strong></span> <span class='ocrx_word' id='word_1_336' title='bbox 2021 3999 2266 4064; x_wconf 79' lang='lat' dir='ltr'><strong>contigit,</strong></span> 
     </span>
    </p>
   </div>
   <div class='ocr_carea' id='block_1_43' title="bbox 727 4086 2265 4152">
    <p class='ocr_par' dir='ltr' id='par_1_43' title="bbox 727 4086 2265 4152">
     <span class='ocr_line' id='line_1_43' title="bbox 727 4086 2265 4152; baseline -0.003 -9"><span class='ocrx_word' id='word_1_337' title='bbox 727 4091 769 4143; x_wconf 88' lang='lat' dir='ltr'><strong>si</strong></span> <span class='ocrx_word' id='word_1_338' title='bbox 797 4092 952 4142; x_wconf 89' lang='lat' dir='ltr'><strong>homo</strong></span> <span class='ocrx_word' id='word_1_339' title='bbox 980 4088 1042 4141; x_wconf 90' lang='lat' dir='ltr'><strong>ad</strong></span> <span class='ocrx_word' id='word_1_340' title='bbox 1069 4088 1174 4145; x_wconf 89' lang='lat' dir='ltr'><strong>hoc</strong></span> <span class='ocrx_word' id='word_1_341' title='bbox 1201 4095 1349 4139; x_wconf 90' lang='lat' dir='ltr'><strong>natus</strong></span> <span class='ocrx_word' id='word_1_342' title='bbox 1378 4086 1562 4138; x_wconf 73' lang='lat' dir='ltr'><strong>divina:</strong></span> <span class='ocrx_word' id='word_1_343' title='bbox 1593 4086 1689 4152; x_wconf 87' lang='lat' dir='ltr'><strong>legi</strong></span> <span class='ocrx_word' id='word_1_344' title='bbox 1721 4099 1780 4137; x_wconf 93' lang='lat' dir='ltr'><strong>ac</strong></span> <span class='ocrx_word' id='word_1_345' title='bbox 1810 4086 2078 4138; x_wconf 77' lang='lat' dir='ltr'><strong>sententia:</strong></span> <span class='ocrx_word' id='word_1_346' title='bbox 2112 4087 2265 4139; x_wconf 87' lang='lat' dir='ltr'><strong>satis-</strong></span> 
     </span>
    </p>
   </div>
   <div class='ocr_carea' id='block_1_44' title="bbox 730 4172 2268 4242">
    <p class='ocr_par' dir='ltr' id='par_1_44' title="bbox 730 4172 2268 4242">
     <span class='ocr_line' id='line_1_44' title="bbox 730 4172 2268 4242; baseline -0.004 -10"><span class='ocrx_word' id='word_1_347' title='bbox 730 4175 1024 4242; x_wconf 86' lang='lat' dir='ltr'><strong>fecit?quid</strong></span> <span class='ocrx_word' id='word_1_348' title='bbox 1055 4174 1173 4226; x_wconf 92' lang='lat' dir='ltr'><strong>novi</strong></span> <span class='ocrx_word' id='word_1_349' title='bbox 1201 4174 1407 4234; x_wconf 87' lang='lat' dir='ltr'><strong>accidit,</strong></span> <span class='ocrx_word' id='word_1_350' title='bbox 1427 4174 1470 4225; x_wconf 90' lang='lat' dir='ltr'><strong>si</strong></span> <span class='ocrx_word' id='word_1_351' title='bbox 1490 4188 1550 4226; x_wconf 81' lang='lat' dir='ltr'><strong>ex</strong></span> <span class='ocrx_word' id='word_1_352' title='bbox 1577 4172 1874 4225; x_wconf 85' lang='lat' dir='ltr'><strong>mortalibus</strong></span> <span class='ocrx_word' id='word_1_353' title='bbox 1905 4183 2051 4223; x_wconf 87' lang='lat' dir='ltr'><strong>natus</strong></span> <span class='ocrx_word' id='word_1_354' title='bbox 2073 4181 2268 4227; x_wconf 66' lang='lat' dir='ltr'><strong>naturae</strong></span> 
     </span>
    </p>
   </div>
   <div class='ocr_carea' id='block_1_45' title="bbox 732 4262 2264 4334">
    <p class='ocr_par' dir='ltr' id='par_1_45' title="bbox 732 4262 2264 4334">
     <span class='ocr_line' id='line_1_45' title="bbox 732 4262 2264 4334; baseline -0.003 -14"><span class='ocrx_word' id='word_1_355' title='bbox 732 4266 975 4334; x_wconf 69' lang='lat' dir='ltr'><strong>proprire,</strong></span> <span class='ocrx_word' id='word_1_356' title='bbox 1001 4267 1118 4333; x_wconf 88' lang='lat' dir='ltr'><strong>quia</strong></span> <span class='ocrx_word' id='word_1_357' title='bbox 1149 4279 1246 4318; x_wconf 92' lang='lat' dir='ltr'><strong>nec</strong></span> <span class='ocrx_word' id='word_1_358' title='bbox 1277 4271 1477 4332; x_wconf 87' lang='lat' dir='ltr'><strong>poterat</strong></span> <span class='ocrx_word' id='word_1_359' title='bbox 1498 4277 1746 4317; x_wconf 78' lang='lat' dir='ltr'><strong>excusare</strong></span> <span class='ocrx_word' id='word_1_360' title='bbox 1769 4302 1782 4324; x_wconf 89' lang='lat'><strong>,</strong></span> <span class='ocrx_word' id='word_1_361' title='bbox 1819 4262 2124 4329; x_wconf 81' lang='lat' dir='ltr'><strong>respondit?</strong></span> <span class='ocrx_word' id='word_1_362' title='bbox 2155 4262 2264 4316; x_wconf 84' lang='lat' dir='ltr'><strong>Non</strong></span> 
     </span>
    </p>
   </div>
   <div class='ocr_carea' id='block_1_46' title="bbox 733 4350 2265 4422">
    <p class='ocr_par' dir='ltr' id='par_1_46' title="bbox 733 4350 2265 4422">
     <span class='ocr_line' id='line_1_46' title="bbox 733 4350 2265 4422; baseline -0.004 -14"><span class='ocrx_word' id='word_1_363' title='bbox 733 4363 814 4408; x_wconf 87' lang='lat' dir='ltr'><strong>est</strong></span> <span class='ocrx_word' id='word_1_364' title='bbox 841 4354 1136 4407; x_wconf 90' lang='lat' dir='ltr'><strong>inusitatum</strong></span> <span class='ocrx_word' id='word_1_365' title='bbox 1167 4354 1302 4422; x_wconf 91' lang='lat' dir='ltr'><strong>quod</strong></span> <span class='ocrx_word' id='word_1_366' title='bbox 1323 4354 1586 4421; x_wconf 87' lang='lat' dir='ltr'><strong>antiquum</strong></span> <span class='ocrx_word' id='word_1_367' title='bbox 1616 4361 1723 4414; x_wconf 89' lang='lat' dir='ltr'><strong>est,</strong></span> <span class='ocrx_word' id='word_1_368' title='bbox 1757 4365 1857 4404; x_wconf 90' lang='lat' dir='ltr'><strong>non</strong></span> <span class='ocrx_word' id='word_1_369' title='bbox 1875 4359 1950 4403; x_wconf 90' lang='lat' dir='ltr'><strong>est</strong></span> <span class='ocrx_word' id='word_1_370' title='bbox 1981 4350 2265 4402; x_wconf 89' lang='lat' dir='ltr'><strong>inauditum</strong></span> 
     </span>
    </p>
   </div>
   <div class='ocr_carea' id='block_1_47' title="bbox 729 4437 2266 4509">
    <p class='ocr_par' dir='ltr' id='par_1_47' title="bbox 729 4437 2266 4509">
     <span class='ocr_line' id='line_1_47' title="bbox 729 4437 2266 4509; baseline -0.004 -15"><span class='ocrx_word' id='word_1_371' title='bbox 729 4441 866 4509; x_wconf 85' lang='lat' dir='ltr'><strong>quod</strong></span> <span class='ocrx_word' id='word_1_372' title='bbox 901 4442 1263 4509; x_wconf 88' lang='lat' dir='ltr'><strong>quotidianum</strong></span> <span class='ocrx_word' id='word_1_373' title='bbox 1285 4452 1387 4506; x_wconf 87' lang='lat' dir='ltr'><strong>est,</strong></span> <span class='ocrx_word' id='word_1_374' title='bbox 1423 4455 1523 4493; x_wconf 92' lang='lat' dir='ltr'><strong>non</strong></span> <span class='ocrx_word' id='word_1_375' title='bbox 1549 4451 1626 4493; x_wconf 91' lang='lat' dir='ltr'><strong>est</strong></span> <span class='ocrx_word' id='word_1_376' title='bbox 1653 4438 1913 4507; x_wconf 90' lang='lat' dir='ltr'><strong>proprium</strong></span> <span class='ocrx_word' id='word_1_377' title='bbox 1956 4437 2092 4505; x_wconf 87' lang='lat' dir='ltr'><strong>quod</strong></span> <span class='ocrx_word' id='word_1_378' title='bbox 2120 4451 2266 4490; x_wconf 91' lang='lat' dir='ltr'><strong>com-</strong></span> 
     </span>
    </p>
   </div>
   <div class='ocr_carea' id='block_1_48' title="bbox 732 4527 2267 4597">
    <p class='ocr_par' dir='ltr' id='par_1_48' title="bbox 732 4527 2267 4597">
     <span class='ocr_line' id='line_1_48' title="bbox 732 4527 2267 4597; baseline -0.001 -14"><span class='ocrx_word' id='word_1_379' title='bbox 732 4545 889 4584; x_wconf 89' lang='lat' dir='ltr'><strong>mune</strong></span> <span class='ocrx_word' id='word_1_380' title='bbox 932 4539 1029 4583; x_wconf 88' lang='lat' dir='ltr'><strong>est.</strong></span> <span class='ocrx_word' id='word_1_381' title='bbox 1082 4529 1135 4584; x_wconf 89' lang='lat' dir='ltr'><strong>Si</strong></span> <span class='ocrx_word' id='word_1_382' title='bbox 1189 4542 1312 4582; x_wconf 88' lang='lat' dir='ltr'><strong>avos</strong></span> <span class='ocrx_word' id='word_1_383' title='bbox 1355 4539 1405 4583; x_wconf 91' lang='lat' dir='ltr'><strong>et</strong></span> <span class='ocrx_word' id='word_1_384' title='bbox 1459 4543 1676 4597; x_wconf 80' lang='lat' dir='ltr'><strong>proavos</strong></span> <span class='ocrx_word' id='word_1_385' title='bbox 1722 4529 1956 4582; x_wconf 86' lang='lat' dir='ltr'><strong>novimus</strong></span> <span class='ocrx_word' id='word_1_386' title='bbox 1996 4543 2087 4596; x_wconf 92' lang='lat' dir='ltr'><strong>per</strong></span> <span class='ocrx_word' id='word_1_387' title='bbox 2135 4527 2267 4581; x_wconf 89' lang='lat' dir='ltr'><strong>hanc</strong></span> 
     </span>
    </p>
   </div>
   <div class='ocr_carea' id='block_1_49' title="bbox 734 4616 2265 4685">
    <p class='ocr_par' dir='ltr' id='par_1_49' title="bbox 734 4616 2265 4685">
     <span class='ocr_line' id='line_1_49' title="bbox 734 4616 2265 4685; baseline -0.001 -15"><span class='ocrx_word' id='word_1_388' title='bbox 734 4620 868 4671; x_wconf 90' lang='lat' dir='ltr'><strong>viam</strong></span> <span class='ocrx_word' id='word_1_389' title='bbox 892 4619 1073 4672; x_wconf 90' lang='lat' dir='ltr'><strong>mortis</strong></span> <span class='ocrx_word' id='word_1_390' title='bbox 1099 4619 1356 4685; x_wconf 83' lang='lat' dir='ltr'><strong>profectos</strong></span> <span class='ocrx_word' id='word_1_391' title='bbox 1386 4659 1400 4682; x_wconf 96' lang='lat'><strong>,</strong></span> <span class='ocrx_word' id='word_1_392' title='bbox 1435 4619 1478 4670; x_wconf 91' lang='lat' dir='ltr'><strong>si</strong></span> <span class='ocrx_word' id='word_1_393' title='bbox 1510 4620 1648 4685; x_wconf 84' lang='lat' dir='ltr'><strong>ipsos</strong></span> <span class='ocrx_word' id='word_1_394' title='bbox 1694 4617 1916 4685; x_wconf 90' lang='lat' dir='ltr'><strong>denique</strong></span> <span class='ocrx_word' id='word_1_395' title='bbox 1945 4616 2265 4685; x_wconf 88' lang='lat' dir='ltr'><strong>patriarchas</strong></span> 
     </span>
    </p>
   </div>
   <div class='ocr_carea' id='block_1_50' title="bbox 725 4706 2266 4776">
    <p class='ocr_par' dir='ltr' id='par_1_50' title="bbox 725 4706 2266 4776">
     <span class='ocr_line' id='line_1_50' title="bbox 725 4706 2266 4776; baseline -0.002 -13"><span class='ocrx_word' id='word_1_396' title='bbox 725 4717 781 4763; x_wconf 86' lang='lat' dir='ltr'><strong>ct</strong></span> <span class='ocrx_word' id='word_1_397' title='bbox 832 4707 1106 4776; x_wconf 66' lang='lat' dir='ltr'><strong>protibetas</strong></span> <span class='ocrx_word' id='word_1_398' title='bbox 1131 4708 1195 4761; x_wconf 90' lang='lat' dir='ltr'><strong>ab</strong></span> <span class='ocrx_word' id='word_1_399' title='bbox 1222 4708 1385 4760; x_wconf 78' lang='lat' dir='ltr'><strong>Adam</strong></span> <span class='ocrx_word' id='word_1_400' title='bbox 1426 4707 1742 4775; x_wconf 84' lang='lat' dir='ltr'><strong>protoplasto</strong></span> <span class='ocrx_word' id='word_1_401' title='bbox 1781 4721 1882 4760; x_wconf 92' lang='lat' dir='ltr'><strong>non</strong></span> <span class='ocrx_word' id='word_1_402' title='bbox 1925 4706 2037 4759; x_wconf 89' lang='lat' dir='ltr'><strong>sine</strong></span> <span class='ocrx_word' id='word_1_403' title='bbox 2079 4720 2266 4760; x_wconf 86' lang='lat' dir='ltr'><strong>occasu</strong></span> 
     </span>
    </p>
   </div>
   <div class='ocr_carea' id='block_1_51' title="bbox 729 4794 2263 4864">
    <p class='ocr_par' dir='ltr' id='par_1_51' title="bbox 729 4794 2263 4864">
     <span class='ocr_line' id='line_1_51' title="bbox 729 4794 2263 4864; baseline 0.001 -16"><span class='ocrx_word' id='word_1_404' title='bbox 729 4796 1018 4850; x_wconf 87' lang='lat' dir='ltr'><strong>audivimus</strong></span> <span class='ocrx_word' id='word_1_405' title='bbox 1047 4797 1294 4864; x_wconf 89' lang='lat' dir='ltr'><strong>migrasse</strong></span> <span class='ocrx_word' id='word_1_406' title='bbox 1315 4797 1379 4848; x_wconf 91' lang='lat' dir='ltr'><strong>dc</strong></span> <span class='ocrx_word' id='word_1_407' title='bbox 1405 4796 1612 4857; x_wconf 70' lang='lat' dir='ltr'><strong>satculo,</strong></span> <span class='ocrx_word' id='word_1_408' title='bbox 1643 4796 1905 4848; x_wconf 89' lang='lat' dir='ltr'><strong>elcvcmus</strong></span> <span class='ocrx_word' id='word_1_409' title='bbox 1930 4795 2158 4847; x_wconf 90' lang='lat' dir='ltr'><strong>animum</strong></span> <span class='ocrx_word' id='word_1_410' title='bbox 2196 4794 2263 4849; x_wconf 86' lang='lat' dir='ltr'><strong>de</strong></span> 
     </span>
    </p>
   </div>
   <div class='ocr_carea' id='block_1_52' title="bbox 731 4884 2257 4954">
    <p class='ocr_par' dir='ltr' id='par_1_52' title="bbox 731 4884 2257 4954">
     <span class='ocr_line' id='line_1_52' title="bbox 731 4884 2257 4954; baseline -0.001 -15"><span class='ocrx_word' id='word_1_411' title='bbox 731 4885 988 4954; x_wconf 87' lang='lat' dir='ltr'><strong>profundo</strong></span> <span class='ocrx_word' id='word_1_412' title='bbox 1018 4886 1238 4939; x_wconf 75' lang='lat' dir='ltr'><strong>tristitia:</strong></span> <span class='ocrx_word' id='word_1_413' title='bbox 1265 4904 1277 4939; x_wconf 90' lang='lat'>:</span> <span class='ocrx_word' id='word_1_414' title='bbox 1310 4885 1426 4952; x_wconf 85' lang='lat' dir='ltr'><strong>quia</strong></span> <span class='ocrx_word' id='word_1_415' title='bbox 1448 4885 1583 4951; x_wconf 84' lang='lat' dir='ltr'><strong>quod</strong></span> <span class='ocrx_word' id='word_1_416' title='bbox 1626 4884 1865 4949; x_wconf 86' lang='lat' dir='ltr'><strong>debebat,</strong></span> <span class='ocrx_word' id='word_1_417' title='bbox 1893 4885 1992 4937; x_wconf 91' lang='lat' dir='ltr'><strong>hoc</strong></span> <span class='ocrx_word' id='word_1_418' title='bbox 2016 4884 2257 4937; x_wconf 90' lang='lat' dir='ltr'><strong>reddidit.</strong></span> 
     </span>
    </p>
   </div>
   <div class='ocr_carea' id='block_1_53' title="bbox 729 4971 2259 5040">
    <p class='ocr_par' dir='ltr' id='par_1_53' title="bbox 729 4971 2259 5040">
     <span class='ocr_line' id='line_1_53' title="bbox 729 4971 2259 5040; baseline -0.001 -14"><span class='ocrx_word' id='word_1_419' title='bbox 729 4974 793 5026; x_wconf 84' lang='lat' dir='ltr'><strong>Et</strong></span> <span class='ocrx_word' id='word_1_420' title='bbox 820 4973 995 5040; x_wconf 86' lang='lat' dir='ltr'><strong>utique</strong></span> <span class='ocrx_word' id='word_1_421' title='bbox 1019 4972 1244 5026; x_wconf 89' lang='lat' dir='ltr'><strong>debitum</strong></span> <span class='ocrx_word' id='word_1_422' title='bbox 1265 4988 1379 5025; x_wconf 89' lang='lat' dir='ltr'><strong>cum</strong></span> <span class='ocrx_word' id='word_1_423' title='bbox 1403 4971 1658 5034; x_wconf 90' lang='lat' dir='ltr'><strong>redditur,</strong></span> <span class='ocrx_word' id='word_1_424' title='bbox 1681 4987 1833 5038; x_wconf 88' lang='lat' dir='ltr'><strong>quam</strong></span> <span class='ocrx_word' id='word_1_425' title='bbox 1858 4980 2028 5038; x_wconf 86' lang='lat' dir='ltr'><strong>potest</strong></span> <span class='ocrx_word' id='word_1_426' title='bbox 2069 4973 2259 5025; x_wconf 89' lang='lat' dir='ltr'><strong>habere</strong></span> 
     </span>
    </p>
   </div>
   <div class='ocr_carea' id='block_1_54' title="bbox 727 5057 2264 5128">
    <p class='ocr_par' dir='ltr' id='par_1_54' title="bbox 727 5057 2264 5128">
     <span class='ocr_line' id='line_1_54' title="bbox 727 5057 2264 5128; baseline -0.001 -15"><span class='ocrx_word' id='word_1_427' title='bbox 727 5061 988 5114; x_wconf 87' lang='lat' dir='ltr'><strong>tristitiam</strong></span> <span class='ocrx_word' id='word_1_428' title='bbox 1014 5059 1036 5111; x_wconf 75' lang='grc' dir='ltr'><strong><em>τ</em></strong></span> <span class='ocrx_word' id='word_1_429' title='bbox 1081 5058 1192 5128; x_wconf 58' lang='grc' dir='ltr'><strong>ιτΙοο</strong></span> <span class='ocrx_word' id='word_1_430' title='bbox 1215 5069 1297 5113; x_wconf 88' lang='lat' dir='ltr'><strong>est</strong></span> <span class='ocrx_word' id='word_1_431' title='bbox 1331 5073 1450 5111; x_wconf 90' lang='lat' dir='ltr'><strong>vere</strong></span> <span class='ocrx_word' id='word_1_432' title='bbox 1474 5057 1702 5110; x_wconf 91' lang='lat' dir='ltr'><strong>debitum</strong></span> <span class='ocrx_word' id='word_1_433' title='bbox 1722 5098 1735 5120; x_wconf 94' lang='lat'><strong>,</strong></span> <span class='ocrx_word' id='word_1_434' title='bbox 1764 5057 1898 5125; x_wconf 87' lang='lat' dir='ltr'><strong>quod</strong></span> <span class='ocrx_word' id='word_1_435' title='bbox 1929 5059 2064 5110; x_wconf 89' lang='lat' dir='ltr'><strong>nulla</strong></span> <span class='ocrx_word' id='word_1_436' title='bbox 2093 5069 2264 5126; x_wconf 91' lang='lat' dir='ltr'><strong>potest</strong></span> 
     </span>
    </p>
   </div>
   <div class='ocr_carea' id='block_1_55' title="bbox 727 5146 2262 5220">
    <p class='ocr_par' dir='ltr' id='par_1_55' title="bbox 727 5146 2262 5220">
     <span class='ocr_line' id='line_1_55' title="bbox 727 5146 2262 5220; baseline -0.002 -15"><span class='ocrx_word' id='word_1_437' title='bbox 727 5152 944 5220; x_wconf 88' lang='lat' dir='ltr'><strong>pecunia</strong></span> <span class='ocrx_word' id='word_1_438' title='bbox 975 5151 1198 5204; x_wconf 86' lang='lat' dir='ltr'><strong>redimi:</strong></span> <span class='ocrx_word' id='word_1_439' title='bbox 1239 5150 1338 5202; x_wconf 91' lang='lat' dir='ltr'><strong>hoc</strong></span> <span class='ocrx_word' id='word_1_440' title='bbox 1365 5157 1443 5202; x_wconf 89' lang='lat' dir='ltr'><strong>est</strong></span> <span class='ocrx_word' id='word_1_441' title='bbox 1468 5148 1735 5211; x_wconf 91' lang='lat' dir='ltr'><strong>debitum,</strong></span> <span class='ocrx_word' id='word_1_442' title='bbox 1793 5146 1928 5215; x_wconf 89' lang='lat' dir='ltr'><strong>quod</strong></span> <span class='ocrx_word' id='word_1_443' title='bbox 1960 5162 2054 5200; x_wconf 89' lang='lat' dir='ltr'><strong>nec</strong></span> <span class='ocrx_word' id='word_1_444' title='bbox 2098 5149 2262 5202; x_wconf 88' lang='lat' dir='ltr'><strong>virtus</strong></span> 
     </span>
    </p>
   </div>
   <div class='ocr_carea' id='block_1_56' title="bbox 728 5237 2262 5307">
    <p class='ocr_par' dir='ltr' id='par_1_56' title="bbox 728 5237 2262 5307">
     <span class='ocr_line' id='line_1_56' title="bbox 728 5237 2262 5307; baseline -0.001 -14"><span class='ocrx_word' id='word_1_445' title='bbox 728 5248 956 5305; x_wconf 74' lang='lat' dir='ltr'><strong>excusat,</strong></span> <span class='ocrx_word' id='word_1_446' title='bbox 988 5255 1088 5292; x_wconf 88' lang='lat' dir='ltr'><strong>nec</strong></span> <span class='ocrx_word' id='word_1_447' title='bbox 1114 5239 1384 5307; x_wconf 86' lang='lat' dir='ltr'><strong>sapientia,</strong></span> <span class='ocrx_word' id='word_1_448' title='bbox 1403 5252 1497 5290; x_wconf 91' lang='lat' dir='ltr'><strong>nec</strong></span> <span class='ocrx_word' id='word_1_449' title='bbox 1526 5246 1771 5304; x_wconf 84' lang='lat' dir='ltr'><strong>potestas,</strong></span> <span class='ocrx_word' id='word_1_450' title='bbox 1798 5251 1892 5289; x_wconf 90' lang='lat' dir='ltr'><strong>nec</strong></span> <span class='ocrx_word' id='word_1_451' title='bbox 1919 5237 2011 5303; x_wconf 89' lang='lat' dir='ltr'><strong>ipsi</strong></span> <span class='ocrx_word' id='word_1_452' title='bbox 2042 5237 2262 5305; x_wconf 86' lang='lat' dir='ltr'><strong>denique</strong></span> 
     </span>
    </p>
   </div>
   <div class='ocr_carea' id='block_1_57' title="bbox 721 5326 2262 5398">
    <p class='ocr_par' dir='ltr' id='par_1_57' title="bbox 721 5326 2262 5398">
     <span class='ocr_line' id='line_1_57' title="bbox 721 5326 2262 5398; baseline -0.002 -15"><span class='ocrx_word' id='word_1_453' title='bbox 721 5342 873 5398; x_wconf 89' lang='lat' dir='ltr'><strong>rcges</strong></span> <span class='ocrx_word' id='word_1_454' title='bbox 925 5337 1174 5394; x_wconf 87' lang='lat' dir='ltr'><strong>poterunt</strong></span> <span class='ocrx_word' id='word_1_455' title='bbox 1215 5327 1499 5381; x_wconf 81' lang='lat' dir='ltr'><strong>declinare.</strong></span> <span class='ocrx_word' id='word_1_456' title='bbox 1556 5327 1715 5380; x_wconf 81' lang='lat' dir='ltr'><strong>Plane</strong></span> <span class='ocrx_word' id='word_1_457' title='bbox 1766 5326 2004 5379; x_wconf 88' lang='lat' dir='ltr'><strong>hortarer</strong></span> <span class='ocrx_word' id='word_1_458' title='bbox 2059 5341 2154 5395; x_wconf 87' lang='lat' dir='ltr'><strong>cgo</strong></span> <span class='ocrx_word' id='word_1_459' title='bbox 2205 5335 2262 5380; x_wconf 91' lang='lat' dir='ltr'><strong>ut</strong></span> 
     </span>
    </p>
   </div>
   <div class='ocr_carea' id='block_1_58' title="bbox 782 5438 2135 5560">
    <p class='ocr_par' dir='ltr' id='par_1_58' title="bbox 782 5438 2135 5560">
     <span class='ocr_line' id='line_1_58' title="bbox 782 5438 2135 5506; baseline -0.001 -19"><span class='ocrx_word' id='word_1_460' title='bbox 782 5441 830 5501; x_wconf 86' lang='grc' dir='ltr'><strong>(α</strong></span> <span class='ocrx_word' id='word_1_461' title='bbox 885 5446 1017 5500; x_wconf 86' lang='lat' dir='ltr'><strong>Post,</strong></span> <span class='ocrx_word' id='word_1_462' title='bbox 1036 5449 1258 5500; x_wconf 69' lang='lat' dir='ltr'><strong>cernitur,</strong></span> <span class='ocrx_word' id='word_1_463' title='bbox 1277 5440 1463 5501; x_wconf 87' lang='lat' dir='ltr'><strong>quidam</strong></span> <span class='ocrx_word' id='word_1_464' title='bbox 1485 5439 1600 5486; x_wconf 83' lang='lat' dir='ltr'><strong>Editi</strong></span> <span class='ocrx_word' id='word_1_465' title='bbox 1621 5439 1810 5493; x_wconf 89' lang='lat' dir='ltr'><strong>addunt,</strong></span> <span class='ocrx_word' id='word_1_466' title='bbox 1836 5445 1879 5486; x_wconf 88' lang='lat' dir='ltr'><strong>et</strong></span> <span class='ocrx_word' id='word_1_467' title='bbox 1902 5438 2135 5506; x_wconf 67' lang='lat' dir='ltr'><strong>horretur.</strong></span> 
     </span>
     <span class='ocr_line' id='line_1_59' title="bbox 782 5442 2135 5560; baseline -0.001 -13"><span class='ocrx_word' id='word_1_468' title='bbox 782 5442 853 5560; x_wconf 65' lang='grc' dir='ltr'><strong>(ῡῖ</strong></span> <span class='ocrx_word' id='word_1_469' title='bbox 880 5500 996 5554; x_wconf 66' lang='lat' dir='ltr'><strong>mliti</strong></span> <span class='ocrx_word' id='word_1_470' title='bbox 1023 5503 1218 5560; x_wconf 74' lang='lat' dir='ltr'><strong>quinm,</strong></span> <span class='ocrx_word' id='word_1_471' title='bbox 1240 5508 1361 5560; x_wconf 83' lang='lat' dir='ltr'><strong>post.</strong></span> <span class='ocrx_word' id='word_1_472' title='bbox 1389 5498 1562 5560; x_wconf 80' lang='lat' dir='ltr'><strong>doloris</strong></span> <span class='ocrx_word' id='word_1_473' title='bbox 1584 5511 1732 5551; x_wconf 83' lang='lat' dir='ltr'><strong>arma,</strong></span> <span class='ocrx_word' id='word_1_474' title='bbox 1776 5499 1950 5554; x_wconf 85' lang='lat' dir='ltr'><strong>ferunt,</strong></span> <span class='ocrx_word' id='word_1_475' title='bbox 1975 5503 2135 5558; x_wconf 72' lang='lat' dir='ltr'><strong>spiritu</strong></span> 
     </span>
    </p>
   </div>
   <div class='ocr_carea' id='block_1_59' title="bbox 800 5497 2261 5568">
    <p class='ocr_par' dir='ltr' id='par_1_59' title="bbox 800 5497 2261 5568">
     <span class='ocr_line' id='line_1_60' title="bbox 800 5497 2261 5568; baseline 0.001 -21"><span class='ocrx_word' id='word_1_476' title='bbox 800 5497 847 5560; x_wconf 88' lang='lat' dir='ltr'><strong>b)</strong></span> <span class='ocrx_word' id='word_1_477' title='bbox 880 5497 1218 5568; x_wconf 44' lang='lat' dir='ltr'><strong>Faliti&#39;quiam,</strong></span> <span class='ocrx_word' id='word_1_478' title='bbox 1389 5498 1562 5568; x_wconf 68' lang='lat' dir='ltr'><strong>doloris</strong></span> <span class='ocrx_word' id='word_1_479' title='bbox 1584 5511 1732 5551; x_wconf 83' lang='lat' dir='ltr'><strong>arma,</strong></span> <span class='ocrx_word' id='word_1_480' title='bbox 1766 5499 1950 5568; x_wconf 85' lang='lat' dir='ltr'><strong>ferunt,</strong></span> <span class='ocrx_word' id='word_1_481' title='bbox 1975 5497 2261 5558; x_wconf 79' lang='lat' dir='ltr'><strong>spiritalibus</strong></span> 
     </span>
    </p>
   </div>
   <div class='ocr_carea' id='block_1_60' title="bbox 720 5558 1821 5625">
    <p class='ocr_par' dir='ltr' id='par_1_60' title="bbox 720 5558 1821 5625">
     <span class='ocr_line' id='line_1_61' title="bbox 720 5558 1821 5625; baseline -0.004 -15"><span class='ocrx_word' id='word_1_482' title='bbox 720 5558 938 5610; x_wconf 76' lang='lat' dir='ltr'><strong>debemus</strong></span> <span class='ocrx_word' id='word_1_483' title='bbox 951 5558 1142 5613; x_wconf 79' lang='lat' dir='ltr'><strong>arniart&#39;</strong></span> <span class='ocrx_word' id='word_1_484' title='bbox 1157 5558 1404 5625; x_wconf 63' lang='lat' dir='ltr'><strong>pftétidiis.</strong></span> <span class='ocrx_word' id='word_1_485' title='bbox 1435 5558 1553 5607; x_wconf 83' lang='lat' dir='ltr'><strong>Illud</strong></span> <span class='ocrx_word' id='word_1_486' title='bbox 1577 5571 1702 5617; x_wconf 77' lang='lat' dir='ltr'><strong>ergo,</strong></span> <span class='ocrx_word' id='word_1_487' title='bbox 1731 5567 1821 5606; x_wconf 87' lang='lat' dir='ltr'><strong>etc.</strong></span> 
     </span>
    </p>
   </div>
   <div class='ocr_carea' id='block_1_61' title="bbox 1443 327 3194 390">
    <p class='ocr_par' dir='ltr' id='par_1_61' title="bbox 1443 327 3194 390">
     <span class='ocr_line' id='line_1_62' title="bbox 1443 327 3194 390; baseline -0.003 0"><span class='ocrx_word' id='word_1_488' title='bbox 1443 335 1499 390; x_wconf 92' lang='lat' dir='ltr'><strong>S.</strong></span> <span class='ocrx_word' id='word_1_489' title='bbox 1537 333 1806 389; x_wconf 73' lang='lat' dir='ltr'><strong>JOANNIS</strong></span> <span class='ocrx_word' id='word_1_490' title='bbox 1839 327 2298 387; x_wconf 74' lang='lat' dir='ltr'><strong>CHRYSOSTOMI</strong></span> <span class='ocrx_word' id='word_1_491' title='bbox 2333 327 2640 385; x_wconf 80' lang='lat' dir='ltr'><strong>ARCHIEP.</strong></span> <span class='ocrx_word' id='word_1_492' title='bbox 2680 330 3194 386; x_wconf 81' lang='lat' dir='ltr'><strong>CONSTANTINOP.</strong></span> 
     </span>
    </p>
   </div>
   <div class='ocr_carea' id='block_1_62' title="bbox 3859 349 3991 400">
    <p class='ocr_par' dir='ltr' id='par_1_62' title="bbox 3859 349 3991 400">
     <span class='ocr_line' id='line_1_63' title="bbox 3859 349 3991 400; baseline 0.015 -2"><span class='ocrx_word' id='word_1_493' title='bbox 3859 349 3991 400; x_wconf 79' lang='lat'><strong>296</strong></span> 
     </span>
    </p>
   </div>
   <div class='ocr_carea' id='block_1_63' title="bbox 2385 439 3972 512">
    <p class='ocr_par' dir='ltr' id='par_1_63' title="bbox 2385 439 3972 512">
     <span class='ocr_line' id='line_1_64' title="bbox 2385 439 3972 512; baseline 0.004 -22"><span class='ocrx_word' id='word_1_494' title='bbox 2385 450 2604 504; x_wconf 86' lang='lat' dir='ltr'><strong>augeres</strong></span> <span class='ocrx_word' id='word_1_495' title='bbox 2627 439 2887 492; x_wconf 89' lang='lat' dir='ltr'><strong>tristitiam</strong></span> <span class='ocrx_word' id='word_1_496' title='bbox 2917 481 2931 504; x_wconf 92' lang='lat'><strong>,</strong></span> <span class='ocrx_word' id='word_1_497' title='bbox 2960 441 3004 492; x_wconf 92' lang='lat' dir='ltr'><strong>si</strong></span> <span class='ocrx_word' id='word_1_498' title='bbox 3032 440 3216 494; x_wconf 88' lang='lat' dir='ltr'><strong>fuisset</strong></span> <span class='ocrx_word' id='word_1_499' title='bbox 3244 441 3359 494; x_wconf 89' lang='lat' dir='ltr'><strong>talis</strong></span> <span class='ocrx_word' id='word_1_500' title='bbox 3388 456 3490 504; x_wconf 87' lang='lat' dir='ltr'><strong>res,</strong></span> <span class='ocrx_word' id='word_1_501' title='bbox 3522 457 3641 511; x_wconf 75' lang='lat' dir='ltr'><strong>qum</strong></span> <span class='ocrx_word' id='word_1_502' title='bbox 3662 457 3791 498; x_wconf 87' lang='lat' dir='ltr'><strong>cum</strong></span> <span class='ocrx_word' id='word_1_503' title='bbox 3828 459 3972 512; x_wconf 81' lang='lat' dir='ltr'><strong>pos-</strong></span> 
     </span>
    </p>
   </div>
   <div class='ocr_carea' id='block_1_64' title="bbox 2388 528 3970 600">
    <p class='ocr_par' dir='ltr' id='par_1_64' title="bbox 2388 528 3970 600">
     <span class='ocr_line' id='line_1_65' title="bbox 2388 528 3970 600; baseline 0.004 -22"><span class='ocrx_word' id='word_1_504' title='bbox 2388 535 2468 579; x_wconf 89' lang='lat' dir='ltr'><strong>set</strong></span> <span class='ocrx_word' id='word_1_505' title='bbox 2497 535 2583 580; x_wconf 90' lang='lat' dir='ltr'><strong>tua</strong></span> <span class='ocrx_word' id='word_1_506' title='bbox 2607 528 2891 581; x_wconf 87' lang='lat' dir='ltr'><strong>substantia</strong></span> <span class='ocrx_word' id='word_1_507' title='bbox 2919 529 3124 592; x_wconf 88' lang='lat' dir='ltr'><strong>redimi,</strong></span> <span class='ocrx_word' id='word_1_508' title='bbox 3143 529 3225 582; x_wconf 88' lang='lat' dir='ltr'><strong>vel</strong></span> <span class='ocrx_word' id='word_1_509' title='bbox 3251 530 3466 595; x_wconf 63' lang='lat' dir='ltr'><strong>differri,</strong></span> <span class='ocrx_word' id='word_1_510' title='bbox 3489 533 3820 600; x_wconf 78' lang='lat' dir='ltr'><strong>negligentia</strong></span> <span class='ocrx_word' id='word_1_511' title='bbox 3855 547 3932 584; x_wconf 87' lang='lat' dir='ltr'><strong>au</strong></span> <span class='ocrx_word' id='word_1_512' title='bbox 3948 541 3970 584; x_wconf 88' lang='lat' dir='ltr'><strong>t</strong></span> 
     </span>
    </p>
   </div>
   <div class='ocr_carea' id='block_1_65' title="bbox 2389 615 3966 681">
    <p class='ocr_par' dir='ltr' id='par_1_65' title="bbox 2389 615 3966 681">
     <span class='ocr_line' id='line_1_66' title="bbox 2389 615 3966 681; baseline 0.004 -17"><span class='ocrx_word' id='word_1_513' title='bbox 2389 615 2638 679; x_wconf 88' lang='lat' dir='ltr'><strong>parcitate</strong></span> <span class='ocrx_word' id='word_1_514' title='bbox 2659 616 3000 681; x_wconf 84' lang='lat' dir='ltr'><strong>provenisset.</strong></span> <span class='ocrx_word' id='word_1_515' title='bbox 3025 616 3153 668; x_wconf 90' lang='lat' dir='ltr'><strong>Cum</strong></span> <span class='ocrx_word' id='word_1_516' title='bbox 3172 631 3297 670; x_wconf 86' lang='lat' dir='ltr'><strong>vero</strong></span> <span class='ocrx_word' id='word_1_517' title='bbox 3319 617 3410 670; x_wconf 89' lang='lat' dir='ltr'><strong>Dei</strong></span> <span class='ocrx_word' id='word_1_518' title='bbox 3431 618 3699 672; x_wconf 88' lang='lat' dir='ltr'><strong>decretum</strong></span> <span class='ocrx_word' id='word_1_519' title='bbox 3720 620 3966 673; x_wconf 83' lang='lat' dir='ltr'><strong>ﬁrmum</strong></span> 
     </span>
    </p>
   </div>
   <div class='ocr_carea' id='block_1_66' title="bbox 2387 700 3970 766">
    <p class='ocr_par' dir='ltr' id='par_1_66' title="bbox 2387 700 3970 766">
     <span class='ocr_line' id='line_1_67' title="bbox 2387 700 3970 766; baseline 0.006 -16"><span class='ocrx_word' id='word_1_520' title='bbox 2387 700 2456 752; x_wconf 89' lang='lat' dir='ltr'><strong>sit</strong></span> <span class='ocrx_word' id='word_1_521' title='bbox 2505 710 2557 754; x_wconf 89' lang='lat' dir='ltr'><strong>et</strong></span> <span class='ocrx_word' id='word_1_522' title='bbox 2608 701 2971 766; x_wconf 87' lang='lat' dir='ltr'><strong>immutabile,</strong></span> <span class='ocrx_word' id='word_1_523' title='bbox 3028 701 3217 755; x_wconf 90' lang='lat' dir='ltr'><strong>frustra</strong></span> <span class='ocrx_word' id='word_1_524' title='bbox 3269 703 3527 766; x_wconf 89' lang='lat' dir='ltr'><strong>dolemus,</strong></span> <span class='ocrx_word' id='word_1_525' title='bbox 3575 713 3628 759; x_wconf 91' lang='lat' dir='ltr'><strong>et</strong></span> <span class='ocrx_word' id='word_1_526' title='bbox 3669 707 3735 760; x_wconf 89' lang='lat' dir='ltr'><strong>de</strong></span> <span class='ocrx_word' id='word_1_527' title='bbox 3780 707 3970 760; x_wconf 83' lang='lat' dir='ltr'><strong>nobis</strong></span> 
     </span>
    </p>
   </div>
   <div class='ocr_carea' id='block_1_67' title="bbox 2387 791 3966 860">
    <p class='ocr_par' dir='ltr' id='par_1_67' title="bbox 2387 791 3966 860">
     <span class='ocr_line' id='line_1_68' title="bbox 2387 791 3966 860; baseline 0.004 -18"><span class='ocrx_word' id='word_1_528' title='bbox 2387 791 2665 857; x_wconf 71' lang='lat' dir='ltr'><strong>quaerimus</strong></span> <span class='ocrx_word' id='word_1_529' title='bbox 2692 805 2852 858; x_wconf 90' lang='lat' dir='ltr'><strong>quare</strong></span> <span class='ocrx_word' id='word_1_530' title='bbox 2880 792 2947 844; x_wconf 89' lang='lat' dir='ltr'><strong>sit</strong></span> <span class='ocrx_word' id='word_1_531' title='bbox 2972 801 3226 855; x_wconf 92' lang='lat' dir='ltr'><strong>mortuus,</strong></span> <span class='ocrx_word' id='word_1_532' title='bbox 3256 805 3374 845; x_wconf 92' lang='lat' dir='ltr'><strong>cum</strong></span> <span class='ocrx_word' id='word_1_533' title='bbox 3417 795 3665 860; x_wconf 87' lang='lat' dir='ltr'><strong>scriptum</strong></span> <span class='ocrx_word' id='word_1_534' title='bbox 3693 795 3784 857; x_wconf 88' lang='lat' dir='ltr'><strong>sit,</strong></span> <span class='ocrx_word' id='word_1_535' title='bbox 3828 795 3966 848; x_wconf 85' lang='lat' dir='ltr'><strong>Do-</strong></span> 
     </span>
    </p>
   </div>
   <div class='ocr_carea' id='block_1_68' title="bbox 2388 877 3969 952">
    <p class='ocr_par' dir='ltr' id='par_1_68' title="bbox 2388 877 3969 952">
     <span class='ocr_line' id='line_1_69' title="bbox 2388 877 3969 952; baseline 0.007 -25"><span class='ocrx_word' id='word_1_536' title='bbox 2388 878 2508 929; x_wconf 84' lang='lat' dir='ltr'><strong>mini</strong></span> <span class='ocrx_word' id='word_1_537' title='bbox 2552 877 2644 931; x_wconf 86' lang='lat' dir='ltr'><strong>Dei</strong></span> <span class='ocrx_word' id='word_1_538' title='bbox 2668 889 2784 931; x_wconf 89' lang='lat' dir='ltr'><strong>sunt</strong></span> <span class='ocrx_word' id='word_1_539' title='bbox 2812 880 2968 932; x_wconf 71' lang='lat' dir='ltr'><strong>exitus</strong></span> <span class='ocrx_word' id='word_1_540' title='bbox 3015 882 3185 933; x_wconf 89' lang='lat' dir='ltr'><strong>mortis</strong></span> <span class='ocrx_word' id='word_1_541' title='bbox 3211 879 3378 948; x_wconf 84' lang='lat' dir='ltr'><strong>(Psal.</strong></span> <span class='ocrx_word' id='word_1_542' title='bbox 3402 881 3487 934; x_wconf 89' lang='lat'><strong>67.</strong></span> <span class='ocrx_word' id='word_1_543' title='bbox 3517 883 3578 936; x_wconf 78' lang='grc'><strong>21</strong></span> <span class='ocrx_word' id='word_1_544' title='bbox 3608 884 3644 950; x_wconf 94' lang='grc'><strong>).</strong></span> <span class='ocrx_word' id='word_1_545' title='bbox 3677 883 3783 936; x_wconf 88' lang='lat' dir='ltr'><strong>Ista</strong></span> <span class='ocrx_word' id='word_1_546' title='bbox 3811 900 3969 952; x_wconf 79' lang='lat' dir='ltr'><strong>ergo</strong></span> 
     </span>
    </p>
   </div>
   <div class='ocr_carea' id='block_1_69' title="bbox 2387 966 3966 1038">
    <p class='ocr_par' dir='ltr' id='par_1_69' title="bbox 2387 966 3966 1038">
     <span class='ocr_line' id='line_1_70' title="bbox 2387 966 3966 1038; baseline 0.006 -20"><span class='ocrx_word' id='word_1_547' title='bbox 2387 969 2677 1019; x_wconf 87' lang='lat' dir='ltr'><strong>communis</strong></span> <span class='ocrx_word' id='word_1_548' title='bbox 2705 966 2823 1019; x_wconf 70' lang='lat' dir='ltr'><strong>vitae</strong></span> <span class='ocrx_word' id='word_1_549' title='bbox 2877 968 3106 1021; x_wconf 89' lang='lat' dir='ltr'><strong>conditio</strong></span> <span class='ocrx_word' id='word_1_550' title='bbox 3133 969 3175 1021; x_wconf 91' lang='lat' dir='ltr'><strong>si</strong></span> <span class='ocrx_word' id='word_1_551' title='bbox 3217 970 3494 1037; x_wconf 86' lang='lat' dir='ltr'><strong>recipiatur</strong></span> <span class='ocrx_word' id='word_1_552' title='bbox 3519 972 3568 1022; x_wconf 92' lang='lat' dir='ltr'><strong>in</strong></span> <span class='ocrx_word' id='word_1_553' title='bbox 3616 975 3826 1038; x_wconf 90' lang='lat' dir='ltr'><strong>animo,</strong></span> <span class='ocrx_word' id='word_1_554' title='bbox 3867 976 3966 1028; x_wconf 88' lang='lat' dir='ltr'><strong>in-</strong></span> 
     </span>
    </p>
   </div>
   <div class='ocr_carea' id='block_1_70' title="bbox 2387 1053 3969 1126">
    <p class='ocr_par' dir='ltr' id='par_1_70' title="bbox 2387 1053 3969 1126">
     <span class='ocr_line' id='line_1_71' title="bbox 2387 1053 3969 1126; baseline 0.006 -20"><span class='ocrx_word' id='word_1_555' title='bbox 2387 1053 2542 1122; x_wconf 91' lang='lat' dir='ltr'><strong>cipiet</strong></span> <span class='ocrx_word' id='word_1_556' title='bbox 2579 1063 2819 1122; x_wconf 86' lang='lat' dir='ltr'><strong>gravatus</strong></span> <span class='ocrx_word' id='word_1_557' title='bbox 2857 1055 3030 1109; x_wconf 90' lang='lat' dir='ltr'><strong>cordis</strong></span> <span class='ocrx_word' id='word_1_558' title='bbox 3058 1056 3258 1121; x_wconf 88' lang='lat' dir='ltr'><strong>oculus,</strong></span> <span class='ocrx_word' id='word_1_559' title='bbox 3283 1059 3428 1123; x_wconf 87' lang='lat' dir='ltr'><strong>quasi</strong></span> <span class='ocrx_word' id='word_1_560' title='bbox 3471 1058 3632 1126; x_wconf 89' lang='lat' dir='ltr'><strong>prima</strong></span> <span class='ocrx_word' id='word_1_561' title='bbox 3664 1061 3969 1116; x_wconf 74' lang='lat' dir='ltr'><strong>infusione</strong></span> 
     </span>
    </p>
   </div>
   <div class='ocr_carea' id='block_1_71' title="bbox 2385 1143 2624 1196">
    <p class='ocr_par' dir='ltr' id='par_1_71' title="bbox 2385 1143 2624 1196">
     <span class='ocr_line' id='line_1_72' title="bbox 2385 1143 2624 1196; baseline 0.008 -2"><span class='ocrx_word' id='word_1_562' title='bbox 2385 1143 2624 1196; x_wconf 87' lang='lat' dir='ltr'><strong>relevari&#39;.</strong></span> 
     </span>
    </p>
   </div>
   <div class='ocr_carea' id='block_1_72' title="bbox 2452 1230 3970 1306">
    <p class='ocr_par' dir='ltr' id='par_1_72' title="bbox 2452 1230 3970 1306">
     <span class='ocr_line' id='line_1_73' title="bbox 2452 1230 3970 1306; baseline 0.006 -23"><span class='ocrx_word' id='word_1_563' title='bbox 2452 1231 2505 1283; x_wconf 77' lang='lat'><strong>3.</strong></span> <span class='ocrx_word' id='word_1_564' title='bbox 2529 1230 2710 1283; x_wconf 84' lang='lat' dir='ltr'><strong>Luctus</strong></span> <span class='ocrx_word' id='word_1_565' title='bbox 2750 1232 2930 1285; x_wconf 81' lang='lat' dir='ltr'><strong>nimius</strong></span> <span class='ocrx_word' id='word_1_566' title='bbox 2969 1249 3000 1284; x_wconf 92' lang='lat' dir='ltr'><strong>a</strong></span> <span class='ocrx_word' id='word_1_567' title='bbox 3036 1234 3226 1286; x_wconf 84' lang='lat' dir='ltr'><strong>ratione</strong></span> <span class='ocrx_word' id='word_1_568' title='bbox 3251 1235 3439 1288; x_wconf 83' lang='lat' dir='ltr'><strong>alienus</strong></span> <span class='ocrx_word' id='word_1_569' title='bbox 3463 1236 3699 1306; x_wconf 80' lang='lat' dir='ltr'><strong>etiamque</strong></span> <span class='ocrx_word' id='word_1_570' title='bbox 3722 1240 3970 1305; x_wconf 72' lang='lat' dir='ltr'><strong>pericu—</strong></span> 
     </span>
    </p>
   </div>
   <div class='ocr_carea' id='block_1_73' title="bbox 2385 1319 3971 1383">
    <p class='ocr_par' dir='ltr' id='par_1_73' title="bbox 2385 1319 3971 1383">
     <span class='ocr_line' id='line_1_74' title="bbox 2385 1319 3971 1383; baseline 0.008 -13"><span class='ocrx_word' id='word_1_571' title='bbox 2385 1319 2537 1371; x_wconf 90' lang='lat' dir='ltr'><strong>losus.</strong></span> <span class='ocrx_word' id='word_1_572' title='bbox 2565 1348 2633 1358; x_wconf 96' lang='lat'><strong>—</strong></span> <span class='ocrx_word' id='word_1_573' title='bbox 2658 1319 2760 1372; x_wconf 89' lang='lat' dir='ltr'><strong>Sed</strong></span> <span class='ocrx_word' id='word_1_574' title='bbox 2805 1320 2953 1383; x_wconf 85' lang='lat' dir='ltr'><strong>dicis,</strong></span> <span class='ocrx_word' id='word_1_575' title='bbox 2981 1322 3088 1375; x_wconf 89' lang='lat' dir='ltr'><strong>scio</strong></span> <span class='ocrx_word' id='word_1_576' title='bbox 3129 1336 3454 1376; x_wconf 89' lang='lat' dir='ltr'><strong>communem</strong></span> <span class='ocrx_word' id='word_1_577' title='bbox 3497 1339 3612 1380; x_wconf 91' lang='lat' dir='ltr'><strong>esse</strong></span> <span class='ocrx_word' id='word_1_578' title='bbox 3647 1326 3790 1380; x_wconf 90' lang='lat' dir='ltr'><strong>hunc</strong></span> <span class='ocrx_word' id='word_1_579' title='bbox 3852 1343 3971 1381; x_wconf 80' lang='lat' dir='ltr'><strong>ca-</strong></span> 
     </span>
    </p>
   </div>
   <div class='ocr_carea' id='block_1_74' title="bbox 2386 1407 3967 1479">
    <p class='ocr_par' dir='ltr' id='par_1_74' title="bbox 2386 1407 3967 1479">
     <span class='ocr_line' id='line_1_75' title="bbox 2386 1407 3967 1479; baseline 0.006 -21"><span class='ocrx_word' id='word_1_580' title='bbox 2386 1420 2528 1470; x_wconf 89' lang='lat' dir='ltr'><strong>sum;</strong></span> <span class='ocrx_word' id='word_1_581' title='bbox 2559 1409 2669 1459; x_wconf 92' lang='lat' dir='ltr'><strong>scio</strong></span> <span class='ocrx_word' id='word_1_582' title='bbox 2693 1407 2811 1475; x_wconf 89' lang='lat' dir='ltr'><strong>quia</strong></span> <span class='ocrx_word' id='word_1_583' title='bbox 2836 1408 2900 1472; x_wconf 88' lang='lat' dir='ltr'><strong>is,</strong></span> <span class='ocrx_word' id='word_1_584' title='bbox 2931 1408 3016 1476; x_wconf 90' lang='lat' dir='ltr'><strong>qui</strong></span> <span class='ocrx_word' id='word_1_585' title='bbox 3044 1419 3278 1463; x_wconf 90' lang='lat' dir='ltr'><strong>mortuus</strong></span> <span class='ocrx_word' id='word_1_586' title='bbox 3304 1419 3384 1464; x_wconf 87' lang='lat' dir='ltr'><strong>est</strong></span> <span class='ocrx_word' id='word_1_587' title='bbox 3409 1451 3424 1476; x_wconf 95' lang='lat'><strong>,</strong></span> <span class='ocrx_word' id='word_1_588' title='bbox 3455 1412 3687 1466; x_wconf 88' lang='lat' dir='ltr'><strong>debitum</strong></span> <span class='ocrx_word' id='word_1_589' title='bbox 3725 1415 3967 1479; x_wconf 81' lang='lat' dir='ltr'><strong>solvit;</strong></span> 
     </span>
    </p>
   </div>
   <div class='ocr_carea' id='block_1_75' title="bbox 2384 1496 3972 1571">
    <p class='ocr_par' dir='ltr' id='par_1_75' title="bbox 2384 1496 3972 1571">
     <span class='ocr_line' id='line_1_76' title="bbox 2384 1496 3972 1571; baseline 0.008 -23"><span class='ocrx_word' id='word_1_590' title='bbox 2384 1496 2474 1548; x_wconf 88' lang='lat' dir='ltr'><strong>sed</strong></span> <span class='ocrx_word' id='word_1_591' title='bbox 2494 1496 2887 1550; x_wconf 86' lang='lat' dir='ltr'><strong>delectationem</strong></span> <span class='ocrx_word' id='word_1_592' title='bbox 2909 1502 3096 1567; x_wconf 85' lang='lat' dir='ltr'><strong>cogito,</strong></span> <span class='ocrx_word' id='word_1_593' title='bbox 3126 1502 3458 1556; x_wconf 89' lang='lat' dir='ltr'><strong>necessitates</strong></span> <span class='ocrx_word' id='word_1_594' title='bbox 3479 1513 3673 1571; x_wconf 87' lang='lat' dir='ltr'><strong>repeto,</strong></span> <span class='ocrx_word' id='word_1_595' title='bbox 3694 1520 3933 1560; x_wconf 84' lang='lat' dir='ltr'><strong>censue</strong></span> <span class='ocrx_word' id='word_1_596' title='bbox 3955 1536 3972 1547; x_wconf 84' lang='lat'><strong>-</strong></span> 
     </span>
    </p>
   </div>
   <div class='ocr_carea' id='block_1_76' title="bbox 2384 1584 3967 1658">
    <p class='ocr_par' dir='ltr' id='par_1_76' title="bbox 2384 1584 3967 1658">
     <span class='ocr_line' id='line_1_77' title="bbox 2384 1584 3967 1658; baseline 0.008 -23"><span class='ocrx_word' id='word_1_597' title='bbox 2384 1584 2610 1637; x_wconf 89' lang='lat' dir='ltr'><strong>tudinem</strong></span> <span class='ocrx_word' id='word_1_598' title='bbox 2655 1586 2882 1652; x_wconf 89' lang='lat' dir='ltr'><strong>requiro.</strong></span> <span class='ocrx_word' id='word_1_599' title='bbox 2921 1587 2974 1640; x_wconf 90' lang='lat' dir='ltr'><strong>Si</strong></span> <span class='ocrx_word' id='word_1_600' title='bbox 3016 1596 3224 1655; x_wconf 85' lang='lat' dir='ltr'><strong>propter</strong></span> <span class='ocrx_word' id='word_1_601' title='bbox 3272 1589 3383 1643; x_wconf 80' lang='lat' dir='ltr'><strong>ha:c</strong></span> <span class='ocrx_word' id='word_1_602' title='bbox 3421 1591 3626 1644; x_wconf 88' lang='lat' dir='ltr'><strong>tristitia</strong></span> <span class='ocrx_word' id='word_1_603' title='bbox 3667 1593 3967 1658; x_wconf 79' lang='lat' dir='ltr'><strong>afficeris,</strong></span> 
     </span>
    </p>
   </div>
   <div class='ocr_carea' id='block_1_77' title="bbox 2382 1673 3969 1745">
    <p class='ocr_par' dir='ltr' id='par_1_77' title="bbox 2382 1673 3969 1745">
     <span class='ocr_line' id='line_1_78' title="bbox 2382 1673 3969 1745; baseline 0.007 -20"><span class='ocrx_word' id='word_1_604' title='bbox 2382 1686 2560 1726; x_wconf 90' lang='lat' dir='ltr'><strong>errore</strong></span> <span class='ocrx_word' id='word_1_605' title='bbox 2597 1673 2801 1727; x_wconf 88' lang='lat' dir='ltr'><strong>duceris</strong></span> <span class='ocrx_word' id='word_1_606' title='bbox 2828 1715 2840 1736; x_wconf 90' lang='lat'><strong>,</strong></span> <span class='ocrx_word' id='word_1_607' title='bbox 2865 1689 2976 1728; x_wconf 77' lang='lat' dir='ltr'><strong>non</strong></span> <span class='ocrx_word' id='word_1_608' title='bbox 3006 1677 3207 1730; x_wconf 88' lang='lat' dir='ltr'><strong>ratione</strong></span> <span class='ocrx_word' id='word_1_609' title='bbox 3243 1678 3568 1745; x_wconf 89' lang='lat' dir='ltr'><strong>gubernaris.</strong></span> <span class='ocrx_word' id='word_1_610' title='bbox 3593 1680 3733 1736; x_wconf 90' lang='lat' dir='ltr'><strong>Scire</strong></span> <span class='ocrx_word' id='word_1_611' title='bbox 3781 1684 3969 1737; x_wconf 87' lang='lat' dir='ltr'><strong>enim</strong></span> 
     </span>
    </p>
   </div>
   <div class='ocr_carea' id='block_1_78' title="bbox 2381 1757 3970 1832">
    <p class='ocr_par' dir='ltr' id='par_1_78' title="bbox 2381 1757 3970 1832">
     <span class='ocr_line' id='line_1_79' title="bbox 2381 1757 3970 1832; baseline 0.009 -21"><span class='ocrx_word' id='word_1_612' title='bbox 2381 1757 2560 1822; x_wconf 89' lang='lat' dir='ltr'><strong>debes,</strong></span> <span class='ocrx_word' id='word_1_613' title='bbox 2591 1761 2708 1827; x_wconf 88' lang='lat' dir='ltr'><strong>quia</strong></span> <span class='ocrx_word' id='word_1_614' title='bbox 2759 1762 3008 1816; x_wconf 84' lang='lat' dir='ltr'><strong>Dominus</strong></span> <span class='ocrx_word' id='word_1_615' title='bbox 3034 1803 3048 1827; x_wconf 97' lang='lat'><strong>,</strong></span> <span class='ocrx_word' id='word_1_616' title='bbox 3081 1767 3168 1832; x_wconf 90' lang='lat' dir='ltr'><strong>qui</strong></span> <span class='ocrx_word' id='word_1_617' title='bbox 3213 1765 3348 1820; x_wconf 89' lang='lat' dir='ltr'><strong>hanc</strong></span> <span class='ocrx_word' id='word_1_618' title='bbox 3373 1768 3587 1822; x_wconf 89' lang='lat' dir='ltr'><strong>dederat</strong></span> <span class='ocrx_word' id='word_1_619' title='bbox 3612 1770 3970 1826; x_wconf 80' lang='lat' dir='ltr'><strong>delectatio-</strong></span> 
     </span>
    </p>
   </div>
   <div class='ocr_carea' id='block_1_79' title="bbox 2383 1848 3968 1929">
    <p class='ocr_par' dir='ltr' id='par_1_79' title="bbox 2383 1848 3968 1929">
     <span class='ocr_line' id='line_1_80' title="bbox 2383 1848 3968 1929; baseline 0.011 -28"><span class='ocrx_word' id='word_1_620' title='bbox 2383 1864 2521 1914; x_wconf 82' lang='lat' dir='ltr'><strong>nem,</strong></span> <span class='ocrx_word' id='word_1_621' title='bbox 2547 1848 2673 1904; x_wconf 87' lang='lat' dir='ltr'><strong>dare</strong></span> <span class='ocrx_word' id='word_1_622' title='bbox 2695 1861 2864 1919; x_wconf 85' lang='lat' dir='ltr'><strong>potest</strong></span> <span class='ocrx_word' id='word_1_623' title='bbox 2900 1862 2952 1906; x_wconf 92' lang='lat' dir='ltr'><strong>et</strong></span> <span class='ocrx_word' id='word_1_624' title='bbox 2975 1854 3127 1907; x_wconf 91' lang='lat' dir='ltr'><strong>aliam</strong></span> <span class='ocrx_word' id='word_1_625' title='bbox 3156 1857 3408 1923; x_wconf 91' lang='lat' dir='ltr'><strong>potiorem</strong></span> <span class='ocrx_word' id='word_1_626' title='bbox 3435 1899 3448 1924; x_wconf 94' lang='lat'><strong>,</strong></span> <span class='ocrx_word' id='word_1_627' title='bbox 3480 1870 3531 1912; x_wconf 90' lang='lat' dir='ltr'><strong>et</strong></span> <span class='ocrx_word' id='word_1_628' title='bbox 3552 1863 3636 1929; x_wconf 90' lang='lat' dir='ltr'><strong>qui</strong></span> <span class='ocrx_word' id='word_1_629' title='bbox 3661 1863 3748 1916; x_wconf 91' lang='lat' dir='ltr'><strong>tibi</strong></span> <span class='ocrx_word' id='word_1_630' title='bbox 3784 1865 3968 1920; x_wconf 88' lang='lat' dir='ltr'><strong>hanc</strong></span> 
     </span>
    </p>
   </div>
   <div class='ocr_carea' id='block_1_80' title="bbox 2381 1936 3970 2013">
    <p class='ocr_par' dir='ltr' id='par_1_80' title="bbox 2381 1936 3970 2013">
     <span class='ocr_line' id='line_1_81' title="bbox 2381 1936 3970 2013; baseline 0.011 -25"><span class='ocrx_word' id='word_1_631' title='bbox 2381 1936 2550 1990; x_wconf 90' lang='lat' dir='ltr'><strong>intulit</strong></span> <span class='ocrx_word' id='word_1_632' title='bbox 2576 1941 2958 2006; x_wconf 88' lang='lat' dir='ltr'><strong>necessitatem,</strong></span> <span class='ocrx_word' id='word_1_633' title='bbox 2992 1942 3258 1998; x_wconf 88' lang='lat' dir='ltr'><strong>sufficiens</strong></span> <span class='ocrx_word' id='word_1_634' title='bbox 3283 1955 3361 1999; x_wconf 90' lang='lat' dir='ltr'><strong>est</strong></span> <span class='ocrx_word' id='word_1_635' title='bbox 3387 1961 3479 2013; x_wconf 90' lang='lat' dir='ltr'><strong>per</strong></span> <span class='ocrx_word' id='word_1_636' title='bbox 3502 1950 3654 2003; x_wconf 90' lang='lat' dir='ltr'><strong>aliam</strong></span> <span class='ocrx_word' id='word_1_637' title='bbox 3683 1955 3970 2008; x_wconf 81' lang='lat' dir='ltr'><strong>occasio-</strong></span> 
     </span>
    </p>
   </div>
   <div class='ocr_carea' id='block_1_81' title="bbox 2382 2029 3962 2108">
    <p class='ocr_par' dir='ltr' id='par_1_81' title="bbox 2382 2029 3962 2108">
     <span class='ocr_line' id='line_1_82' title="bbox 2382 2029 3962 2108; baseline 0.011 -30"><span class='ocrx_word' id='word_1_638' title='bbox 2382 2042 2500 2081; x_wconf 91' lang='lat' dir='ltr'><strong>nem</strong></span> <span class='ocrx_word' id='word_1_639' title='bbox 2552 2029 2812 2097; x_wconf 86' lang='lat' dir='ltr'><strong>supplere.</strong></span> <span class='ocrx_word' id='word_1_640' title='bbox 2864 2031 3145 2086; x_wconf 85' lang='lat' dir='ltr'><strong>Utilitatem</strong></span> <span class='ocrx_word' id='word_1_641' title='bbox 3172 2035 3187 2064; x_wconf 85' lang='grc'>¹</span> <span class='ocrx_word' id='word_1_642' title='bbox 3221 2050 3343 2088; x_wconf 85' lang='lat' dir='ltr'><strong>vero</strong></span> <span class='ocrx_word' id='word_1_643' title='bbox 3367 2076 3382 2101; x_wconf 91' lang='lat'><strong>,</strong></span> <span class='ocrx_word' id='word_1_644' title='bbox 3412 2039 3544 2090; x_wconf 89' lang='lat' dir='ltr'><strong>sicut</strong></span> <span class='ocrx_word' id='word_1_645' title='bbox 3571 2048 3705 2092; x_wconf 87' lang='lat' dir='ltr'><strong>tuam</strong></span> <span class='ocrx_word' id='word_1_646' title='bbox 3740 2042 3962 2108; x_wconf 84' lang='lat' dir='ltr'><strong>vides,</strong></span> 
     </span>
    </p>
   </div>
   <div class='ocr_carea' id='block_1_82' title="bbox 2378 2114 3969 2195">
    <p class='ocr_par' dir='ltr' id='par_1_82' title="bbox 2378 2114 3969 2195">
     <span class='ocr_line' id='line_1_83' title="bbox 2378 2114 3969 2195; baseline 0.012 -27"><span class='ocrx_word' id='word_1_647' title='bbox 2378 2114 2536 2169; x_wconf 91' lang='lat' dir='ltr'><strong>debes</strong></span> <span class='ocrx_word' id='word_1_648' title='bbox 2551 2125 2603 2170; x_wconf 85' lang='lat' dir='ltr'><strong>et</strong></span> <span class='ocrx_word' id='word_1_649' title='bbox 2629 2118 2740 2185; x_wconf 88' lang='lat' dir='ltr'><strong>ejus</strong></span> <span class='ocrx_word' id='word_1_650' title='bbox 2767 2119 2854 2187; x_wconf 89' lang='lat' dir='ltr'><strong>qui</strong></span> <span class='ocrx_word' id='word_1_651' title='bbox 2896 2119 3169 2175; x_wconf 88' lang='lat' dir='ltr'><strong>defunctus</strong></span> <span class='ocrx_word' id='word_1_652' title='bbox 3192 2132 3271 2177; x_wconf 90' lang='lat' dir='ltr'><strong>est</strong></span> <span class='ocrx_word' id='word_1_653' title='bbox 3311 2127 3542 2193; x_wconf 84' lang='lat' dir='ltr'><strong>cogitare</strong></span> <span class='ocrx_word' id='word_1_654' title='bbox 3575 2145 3587 2179; x_wconf 92' lang='lat'><strong>:</strong></span> <span class='ocrx_word' id='word_1_655' title='bbox 3617 2130 3732 2195; x_wconf 89' lang='lat' dir='ltr'><strong>quia</strong></span> <span class='ocrx_word' id='word_1_656' title='bbox 3757 2131 3866 2184; x_wconf 79' lang='lat' dir='ltr'><strong>sic</strong></span> <span class='ocrx_word' id='word_1_657' title='bbox 3905 2134 3969 2187; x_wconf 85' lang='lat' dir='ltr'><strong>ei</strong></span> 
     </span>
    </p>
   </div>
   <div class='ocr_carea' id='block_1_83' title="bbox 2377 2204 3964 2285">
    <p class='ocr_par' dir='ltr' id='par_1_83' title="bbox 2377 2204 3964 2285">
     <span class='ocr_line' id='line_1_84' title="bbox 2377 2204 3964 2285; baseline 0.012 -28"><span class='ocrx_word' id='word_1_658' title='bbox 2377 2204 2589 2259; x_wconf 87' lang='lat' dir='ltr'><strong>forsitan</strong></span> <span class='ocrx_word' id='word_1_659' title='bbox 2631 2209 2956 2276; x_wconf 85' lang='lat' dir='ltr'><strong>expediebat,</strong></span> <span class='ocrx_word' id='word_1_660' title='bbox 2986 2212 3120 2264; x_wconf 87' lang='lat' dir='ltr'><strong>sicut</strong></span> <span class='ocrx_word' id='word_1_661' title='bbox 3160 2214 3410 2280; x_wconf 86' lang='lat' dir='ltr'><strong>scriptum</strong></span> <span class='ocrx_word' id='word_1_662' title='bbox 3440 2224 3554 2268; x_wconf 89' lang='lat' dir='ltr'><strong>est:</strong></span> <span class='ocrx_word' id='word_1_663' title='bbox 3584 2217 3778 2285; x_wconf 81' lang='lat' dir='ltr'><strong>Raptus</strong></span> <span class='ocrx_word' id='word_1_664' title='bbox 3838 2232 3964 2277; x_wconf 80' lang='lat' dir='ltr'><strong>est.</strong></span> 
     </span>
    </p>
   </div>
   <div class='ocr_carea' id='block_1_84' title="bbox 2378 2294 3966 2364">
    <p class='ocr_par' dir='ltr' id='par_1_84' title="bbox 2378 2294 3966 2364">
     <span class='ocr_line' id='line_1_85' title="bbox 2378 2294 3966 2364; baseline 0.013 -21"><span class='ocrx_word' id='word_1_665' title='bbox 2378 2307 2438 2344; x_wconf 85' lang='lat' dir='ltr'><strong>ne</strong></span> <span class='ocrx_word' id='word_1_666' title='bbox 2458 2294 2646 2345; x_wconf 86' lang='lat' dir='ltr'><strong>malitia</strong></span> <span class='ocrx_word' id='word_1_667' title='bbox 2671 2305 2878 2348; x_wconf 88' lang='lat' dir='ltr'><strong>mutaret</strong></span> <span class='ocrx_word' id='word_1_668' title='bbox 2931 2297 3040 2362; x_wconf 76' lang='lat' dir='ltr'><strong>eius</strong></span> <span class='ocrx_word' id='word_1_669' title='bbox 3076 2299 3391 2355; x_wconf 77' lang='lat' dir='ltr'><strong>intellectum.</strong></span> <span class='ocrx_word' id='word_1_670' title='bbox 3423 2301 3619 2356; x_wconf 82' lang='lat' dir='ltr'><strong>Placita</strong></span> <span class='ocrx_word' id='word_1_671' title='bbox 3655 2307 3790 2358; x_wconf 83' lang='lat' dir='ltr'><strong>enim</strong></span> <span class='ocrx_word' id='word_1_672' title='bbox 3825 2321 3966 2364; x_wconf 79' lang='lat' dir='ltr'><strong>erat</strong></span> 
     </span>
    </p>
   </div>
   <div class='ocr_carea' id='block_1_85' title="bbox 2376 2377 3969 2464">
    <p class='ocr_par' dir='ltr' id='par_1_85' title="bbox 2376 2377 3969 2464">
     <span class='ocr_line' id='line_1_86' title="bbox 2376 2377 3969 2464; baseline 0.013 -33"><span class='ocrx_word' id='word_1_673' title='bbox 2376 2377 2482 2432; x_wconf 82' lang='lat' dir='ltr'><strong>Deo</strong></span> <span class='ocrx_word' id='word_1_674' title='bbox 2505 2382 2668 2434; x_wconf 86' lang='lat' dir='ltr'><strong>anima</strong></span> <span class='ocrx_word' id='word_1_675' title='bbox 2693 2385 2818 2451; x_wconf 86' lang='lat' dir='ltr'><strong>ejus,</strong></span> <span class='ocrx_word' id='word_1_676' title='bbox 2841 2385 3047 2453; x_wconf 84' lang='lat' dir='ltr'><strong>ideoque</strong></span> <span class='ocrx_word' id='word_1_677' title='bbox 3089 2392 3365 2456; x_wconf 74' lang='lat' dir='ltr'><strong>properavit</strong></span> <span class='ocrx_word' id='word_1_678' title='bbox 3393 2391 3455 2444; x_wconf 83' lang='lat' dir='ltr'><strong>de</strong></span> <span class='ocrx_word' id='word_1_679' title='bbox 3478 2393 3636 2446; x_wconf 85' lang='lat' dir='ltr'><strong>media</strong></span> <span class='ocrx_word' id='word_1_680' title='bbox 3661 2396 3969 2464; x_wconf 75' lang='lat' dir='ltr'><strong>iniquitate</strong></span> 
     </span>
    </p>
   </div>
   <div class='ocr_carea' id='block_1_86' title="bbox 2376 2470 3962 2548">
    <p class='ocr_par' dir='ltr' id='par_1_86' title="bbox 2376 2470 3962 2548">
     <span class='ocr_line' id='line_1_87' title="bbox 2376 2470 3962 2548; baseline 0.015 -27"><span class='ocrx_word' id='word_1_681' title='bbox 2376 2470 2577 2524; x_wconf 84' lang='lat' dir='ltr'><strong>educere</strong></span> <span class='ocrx_word' id='word_1_682' title='bbox 2598 2488 2706 2525; x_wconf 87' lang='lat' dir='ltr'><strong>eum</strong></span> <span class='ocrx_word' id='word_1_683' title='bbox 2733 2474 2880 2544; x_wconf 86' lang='lat' dir='ltr'><strong>(Sap.</strong></span> <span class='ocrx_word' id='word_1_684' title='bbox 2907 2478 2960 2531; x_wconf 79' lang='grc'><strong>4.</strong></span> <span class='ocrx_word' id='word_1_685' title='bbox 2989 2477 3070 2530; x_wconf 89' lang='grc'><strong>11.</strong></span> <span class='ocrx_word' id='word_1_686' title='bbox 3103 2478 3210 2548; x_wconf 62' lang='lat' dir='ltr'><strong>is).</strong></span> <span class='ocrx_word' id='word_1_687' title='bbox 3235 2481 3311 2544; x_wconf 88' lang='lat' dir='ltr'><strong>De</strong></span> <span class='ocrx_word' id='word_1_688' title='bbox 3343 2485 3709 2540; x_wconf 88' lang='lat' dir='ltr'><strong>consuetudine</strong></span> <span class='ocrx_word' id='word_1_689' title='bbox 3735 2500 3962 2544; x_wconf 84' lang='lat' dir='ltr'><strong>autem</strong></span> 
     </span>
    </p>
   </div>
   <div class='ocr_carea' id='block_1_87' title="bbox 2375 2557 3955 2641">
    <p class='ocr_par' dir='ltr' id='par_1_87' title="bbox 2375 2557 3955 2641">
     <span class='ocr_line' id='line_1_88' title="bbox 2375 2557 3955 2641; baseline 0.014 -33"><span class='ocrx_word' id='word_1_690' title='bbox 2375 2557 2496 2625; x_wconf 90' lang='lat' dir='ltr'><strong>quid</strong></span> <span class='ocrx_word' id='word_1_691' title='bbox 2541 2557 2730 2624; x_wconf 89' lang='lat' dir='ltr'><strong>dicam,</strong></span> <span class='ocrx_word' id='word_1_692' title='bbox 2774 2577 2926 2629; x_wconf 86' lang='lat' dir='ltr'><strong>quam</strong></span> <span class='ocrx_word' id='word_1_693' title='bbox 2966 2563 3087 2617; x_wconf 92' lang='lat' dir='ltr'><strong>dum</strong></span> <span class='ocrx_word' id='word_1_694' title='bbox 3120 2570 3362 2636; x_wconf 80' lang='lat' dir='ltr'><strong>tempus&#39;</strong></span> <span class='ocrx_word' id='word_1_695' title='bbox 3388 2571 3463 2623; x_wconf 90' lang='lat' dir='ltr'><strong>sic</strong></span> <span class='ocrx_word' id='word_1_696' title='bbox 3486 2573 3608 2626; x_wconf 84' lang='lat' dir='ltr'><strong>facit</strong></span> <span class='ocrx_word' id='word_1_697' title='bbox 3652 2575 3955 2641; x_wconf 73' lang='lat' dir='ltr'><strong>oblivisci,</strong></span> 
     </span>
    </p>
   </div>
   <div class='ocr_carea' id='block_1_88' title="bbox 2378 2648 3961 2732">
    <p class='ocr_par' dir='ltr' id='par_1_88' title="bbox 2378 2648 3961 2732">
     <span class='ocr_line' id='line_1_89' title="bbox 2378 2648 3961 2732; baseline 0.015 -37"><span class='ocrx_word' id='word_1_698' title='bbox 2378 2653 2433 2696; x_wconf 93' lang='lat' dir='ltr'><strong>ut</strong></span> <span class='ocrx_word' id='word_1_699' title='bbox 2488 2660 2765 2715; x_wconf 88' lang='lat' dir='ltr'><strong>numquam</strong></span> <span class='ocrx_word' id='word_1_700' title='bbox 2821 2648 2981 2705; x_wconf 89' lang='lat' dir='ltr'><strong>fuisse</strong></span> <span class='ocrx_word' id='word_1_701' title='bbox 3028 2653 3302 2708; x_wconf 84' lang='lat' dir='ltr'><strong>videatur?</strong></span> <span class='ocrx_word' id='word_1_702' title='bbox 3345 2657 3492 2722; x_wconf 86' lang='lat' dir='ltr'><strong>Quod</strong></span> <span class='ocrx_word' id='word_1_703' title='bbox 3543 2675 3664 2729; x_wconf 88' lang='lat' dir='ltr'><strong>ergo</strong></span> <span class='ocrx_word' id='word_1_704' title='bbox 3707 2673 3961 2732; x_wconf 81' lang='lat' dir='ltr'><strong>tempus</strong></span> 
     </span>
    </p>
   </div>
   <div class='ocr_carea' id='block_1_89' title="bbox 2377 2738 3961 2810">
    <p class='ocr_par' dir='ltr' id='par_1_89' title="bbox 2377 2738 3961 2810">
     <span class='ocr_line' id='line_1_90' title="bbox 2377 2738 3961 2810; baseline 0.016 -26"><span class='ocrx_word' id='word_1_705' title='bbox 2377 2743 2584 2798; x_wconf 75' lang='lat' dir='ltr'><strong>pnestat</strong></span> <span class='ocrx_word' id='word_1_706' title='bbox 2627 2746 2677 2789; x_wconf 93' lang='lat' dir='ltr'><strong>et</strong></span> <span class='ocrx_word' id='word_1_707' title='bbox 2730 2738 2861 2802; x_wconf 91' lang='lat' dir='ltr'><strong>dies,</strong></span> <span class='ocrx_word' id='word_1_708' title='bbox 2898 2742 3060 2794; x_wconf 87' lang='lat' dir='ltr'><strong>multo</strong></span> <span class='ocrx_word' id='word_1_709' title='bbox 3106 2745 3269 2810; x_wconf 85' lang='lat' dir='ltr'><strong>magis</strong></span> <span class='ocrx_word' id='word_1_710' title='bbox 3313 2746 3470 2799; x_wconf 86' lang='lat' dir='ltr'><strong>debet</strong></span> <span class='ocrx_word' id='word_1_711' title='bbox 3513 2752 3642 2802; x_wconf 90' lang='lat' dir='ltr'><strong>ratio</strong></span> <span class='ocrx_word' id='word_1_712' title='bbox 3693 2763 3741 2804; x_wconf 92' lang='lat' dir='ltr'><strong>ct</strong></span> <span class='ocrx_word' id='word_1_713' title='bbox 3775 2753 3961 2810; x_wconf 77' lang='lat' dir='ltr'><strong>bona</strong></span> 
     </span>
    </p>
   </div>
   <div class='ocr_carea' id='block_1_90' title="bbox 2379 2828 3958 2905">
    <p class='ocr_par' dir='ltr' id='par_1_90' title="bbox 2379 2828 3958 2905">
     <span class='ocr_line' id='line_1_91' title="bbox 2379 2828 3958 2905; baseline 0.015 -33"><span class='ocrx_word' id='word_1_714' title='bbox 2379 2831 2627 2888; x_wconf 78' lang='lat' dir='ltr'><strong>prtestare</strong></span> <span class='ocrx_word' id='word_1_715' title='bbox 2654 2828 2916 2892; x_wconf 84' lang='lat' dir='ltr'><strong>cogitatio.</strong></span> <span class='ocrx_word' id='word_1_716' title='bbox 2953 2828 3018 2880; x_wconf 86' lang='lat' dir='ltr'><strong>Et</strong></span> <span class='ocrx_word' id='word_1_717' title='bbox 3047 2830 3128 2883; x_wconf 86' lang='lat' dir='ltr'><strong>vel</strong></span> <span class='ocrx_word' id='word_1_718' title='bbox 3160 2831 3284 2884; x_wconf 90' lang='lat' dir='ltr'><strong>illud</strong></span> <span class='ocrx_word' id='word_1_719' title='bbox 3314 2836 3540 2888; x_wconf 79' lang='lat' dir='ltr'><strong>maxime</strong></span> <span class='ocrx_word' id='word_1_720' title='bbox 3580 2840 3958 2905; x_wconf 82' lang='lat' dir='ltr'><strong>cogitandum</strong></span> 
     </span>
    </p>
   </div>
   <div class='ocr_carea' id='block_1_91' title="bbox 2378 2912 3955 2995">
    <p class='ocr_par' dir='ltr' id='par_1_91' title="bbox 2378 2912 3955 2995">
     <span class='ocr_line' id='line_1_92' title="bbox 2378 2912 3955 2995; baseline 0.011 -32"><span class='ocrx_word' id='word_1_721' title='bbox 2378 2920 2477 2973; x_wconf 89' lang='lat' dir='ltr'><strong>cst,</strong></span> <span class='ocrx_word' id='word_1_722' title='bbox 2509 2912 2647 2978; x_wconf 93' lang='lat' dir='ltr'><strong>quod</strong></span> <span class='ocrx_word' id='word_1_723' title='bbox 2693 2913 2866 2966; x_wconf 91' lang='lat' dir='ltr'><strong>divina</strong></span> <span class='ocrx_word' id='word_1_724' title='bbox 2907 2929 2999 2982; x_wconf 90' lang='lat' dir='ltr'><strong>per</strong></span> <span class='ocrx_word' id='word_1_725' title='bbox 3026 2918 3329 2984; x_wconf 82' lang='lat' dir='ltr'><strong>Apostolum</strong></span> <span class='ocrx_word' id='word_1_726' title='bbox 3359 2926 3615 2977; x_wconf 90' lang='lat' dir='ltr'><strong>sententia</strong></span> <span class='ocrx_word' id='word_1_727' title='bbox 3643 2926 3955 2995; x_wconf 82' lang='lat' dir='ltr'><strong>diftiuivit,</strong></span> 
     </span>
    </p>
   </div>
   <div class='ocr_carea' id='block_1_92' title="bbox 2377 2997 3955 3088">
    <p class='ocr_par' dir='ltr' id='par_1_92' title="bbox 2377 2997 3955 3088">
     <span class='ocr_line' id='line_1_93' title="bbox 2377 2997 3955 3088; baseline 0.015 -40"><span class='ocrx_word' id='word_1_728' title='bbox 2377 2997 2503 3062; x_wconf 79' lang='lat' dir='ltr'><strong>Quia</strong></span> <span class='ocrx_word' id='word_1_729' title='bbox 2530 3001 2724 3057; x_wconf 86' lang='lat' dir='ltr'><strong>tristitia</strong></span> <span class='ocrx_word' id='word_1_730' title='bbox 2762 3004 2931 3055; x_wconf 86' lang='lat' dir='ltr'><strong>mundi</strong></span> <span class='ocrx_word' id='word_1_731' title='bbox 2976 3015 3178 3058; x_wconf 88' lang='lat' dir='ltr'><strong>mortem</strong></span> <span class='ocrx_word' id='word_1_732' title='bbox 3204 3019 3434 3075; x_wconf 86' lang='lat' dir='ltr'><strong>operatur</strong></span> <span class='ocrx_word' id='word_1_733' title='bbox 3460 3011 3532 3080; x_wconf 75' lang='lat'><strong>(2.</strong></span> <span class='ocrx_word' id='word_1_734' title='bbox 3562 3013 3671 3066; x_wconf 85' lang='lat' dir='ltr'><strong>Cor.</strong></span> <span class='ocrx_word' id='word_1_735' title='bbox 3701 3016 3749 3066; x_wconf 87' lang='lat'><strong>7.</strong></span> <span class='ocrx_word' id='word_1_736' title='bbox 3791 3019 3882 3071; x_wconf 83' lang='grc'><strong>10</strong></span> <span class='ocrx_word' id='word_1_737' title='bbox 3903 3019 3955 3088; x_wconf 94' lang='grc'><strong>).</strong></span> 
     </span>
    </p>
   </div>
   <div class='ocr_carea' id='block_1_93' title="bbox 2374 3088 3960 3169">
    <p class='ocr_par' dir='ltr' id='par_1_93' title="bbox 2374 3088 3960 3169">
     <span class='ocr_line' id='line_1_94' title="bbox 2374 3088 3960 3169; baseline 0.015 -30"><span class='ocrx_word' id='word_1_738' title='bbox 2374 3088 2521 3153; x_wconf 86' lang='lat' dir='ltr'><strong>Quod</strong></span> <span class='ocrx_word' id='word_1_739' title='bbox 2573 3091 2616 3142; x_wconf 94' lang='lat' dir='ltr'><strong>si</strong></span> <span class='ocrx_word' id='word_1_740' title='bbox 2665 3099 2765 3143; x_wconf 91' lang='lat' dir='ltr'><strong>tam</strong></span> <span class='ocrx_word' id='word_1_741' title='bbox 2808 3091 3098 3158; x_wconf 90' lang='lat' dir='ltr'><strong>oblectatio,</strong></span> <span class='ocrx_word' id='word_1_742' title='bbox 3133 3109 3287 3162; x_wconf 90' lang='lat' dir='ltr'><strong>quam</strong></span> <span class='ocrx_word' id='word_1_743' title='bbox 3316 3099 3505 3153; x_wconf 91' lang='lat' dir='ltr'><strong>utilitas</strong></span> <span class='ocrx_word' id='word_1_744' title='bbox 3531 3117 3772 3169; x_wconf 66' lang='lat' dir='ltr'><strong>praisens,</strong></span> <span class='ocrx_word' id='word_1_745' title='bbox 3810 3108 3960 3163; x_wconf 76' lang='lat' dir='ltr'><strong>sive</strong></span> 
     </span>
    </p>
   </div>
   <div class='ocr_carea' id='block_1_94' title="bbox 2373 3179 3959 3254">
    <p class='ocr_par' dir='ltr' id='par_1_94' title="bbox 2373 3179 3959 3254">
     <span class='ocr_line' id='line_1_95' title="bbox 2373 3179 3959 3254; baseline 0.014 -26"><span class='ocrx_word' id='word_1_746' title='bbox 2373 3179 2690 3233; x_wconf 90' lang='lat' dir='ltr'><strong>consuetudo</strong></span> <span class='ocrx_word' id='word_1_747' title='bbox 2712 3218 2725 3241; x_wconf 90' lang='lat'><strong>,</strong></span> <span class='ocrx_word' id='word_1_748' title='bbox 2755 3194 2840 3233; x_wconf 90' lang='lat' dir='ltr'><strong>res</strong></span> <span class='ocrx_word' id='word_1_749' title='bbox 2866 3180 3045 3234; x_wconf 89' lang='lat' dir='ltr'><strong>mundi</strong></span> <span class='ocrx_word' id='word_1_750' title='bbox 3086 3193 3206 3237; x_wconf 90' lang='lat' dir='ltr'><strong>sunt</strong></span> <span class='ocrx_word' id='word_1_751' title='bbox 3235 3193 3286 3238; x_wconf 91' lang='lat' dir='ltr'><strong>et</strong></span> <span class='ocrx_word' id='word_1_752' title='bbox 3307 3188 3490 3254; x_wconf 69' lang='lat' dir='ltr'><strong>gaudia</strong></span> <span class='ocrx_word' id='word_1_753' title='bbox 3519 3192 3686 3244; x_wconf 68' lang='lat' dir='ltr'><strong>saeculi</strong></span> <span class='ocrx_word' id='word_1_754' title='bbox 3720 3199 3959 3249; x_wconf 81' lang='lat' dir='ltr'><strong>transi-</strong></span> 
     </span>
    </p>
   </div>
   <div class='ocr_carea' id='block_1_95' title="bbox 2375 3268 3957 3346">
    <p class='ocr_par' dir='ltr' id='par_1_95' title="bbox 2375 3268 3957 3346">
     <span class='ocr_line' id='line_1_96' title="bbox 2375 3268 3957 3346; baseline 0.015 -29"><span class='ocrx_word' id='word_1_755' title='bbox 2375 3268 2524 3329; x_wconf 91' lang='lat' dir='ltr'><strong>toria,</strong></span> <span class='ocrx_word' id='word_1_756' title='bbox 2573 3279 2784 3337; x_wconf 89' lang='lat' dir='ltr'><strong>propter</strong></span> <span class='ocrx_word' id='word_1_757' title='bbox 2836 3271 2947 3325; x_wconf 73' lang='lat' dir='ltr'><strong>btec</strong></span> <span class='ocrx_word' id='word_1_758' title='bbox 2994 3273 3224 3326; x_wconf 88' lang='lat' dir='ltr'><strong>animum</strong></span> <span class='ocrx_word' id='word_1_759' title='bbox 3275 3278 3524 3344; x_wconf 89' lang='lat' dir='ltr'><strong>dejicere,</strong></span> <span class='ocrx_word' id='word_1_760' title='bbox 3573 3291 3622 3333; x_wconf 90' lang='lat' dir='ltr'><strong>et</strong></span> <span class='ocrx_word' id='word_1_761' title='bbox 3667 3284 3957 3346; x_wconf 84' lang='lat' dir='ltr'><strong>spiritum</strong></span> 
     </span>
    </p>
   </div>
   <div class='ocr_carea' id='block_1_96' title="bbox 2373 3358 3959 3431">
    <p class='ocr_par' dir='ltr' id='par_1_96' title="bbox 2373 3358 3959 3431">
     <span class='ocr_line' id='line_1_97' title="bbox 2373 3358 3959 3431; baseline 0.013 -21"><span class='ocrx_word' id='word_1_762' title='bbox 2373 3358 2684 3423; x_wconf 84' lang='lat' dir='ltr'><strong>contristari,</strong></span> <span class='ocrx_word' id='word_1_763' title='bbox 2716 3360 2832 3414; x_wconf 89' lang='lat' dir='ltr'><strong>vide</strong></span> <span class='ocrx_word' id='word_1_764' title='bbox 2857 3377 2923 3416; x_wconf 87' lang='lat' dir='ltr'><strong>ne</strong></span> <span class='ocrx_word' id='word_1_765' title='bbox 2962 3363 3031 3416; x_wconf 89' lang='lat' dir='ltr'><strong>sit</strong></span> <span class='ocrx_word' id='word_1_766' title='bbox 3059 3380 3180 3419; x_wconf 89' lang='lat' dir='ltr'><strong>vere</strong></span> <span class='ocrx_word' id='word_1_767' title='bbox 3229 3368 3492 3422; x_wconf 87' lang='lat' dir='ltr'><strong>mortifera</strong></span> <span class='ocrx_word' id='word_1_768' title='bbox 3519 3371 3780 3424; x_wconf 89' lang='lat' dir='ltr'><strong>valetudo.</strong></span> <span class='ocrx_word' id='word_1_769' title='bbox 3823 3375 3959 3431; x_wconf 78' lang='lat' dir='ltr'><strong>Re-</strong></span> 
     </span>
    </p>
   </div>
   <div class='ocr_carea' id='block_1_97' title="bbox 2374 3450 3960 3524">
    <p class='ocr_par' dir='ltr' id='par_1_97' title="bbox 2374 3450 3960 3524">
     <span class='ocr_line' id='line_1_98' title="bbox 2374 3450 3960 3524; baseline 0.013 -27"><span class='ocrx_word' id='word_1_770' title='bbox 2374 3457 2556 3513; x_wconf 89' lang='lat' dir='ltr'><strong>petens</strong></span> <span class='ocrx_word' id='word_1_771' title='bbox 2582 3458 2753 3501; x_wconf 86' lang='lat' dir='ltr'><strong>autem</strong></span> <span class='ocrx_word' id='word_1_772' title='bbox 2789 3450 2974 3504; x_wconf 92' lang='lat' dir='ltr'><strong>iterum</strong></span> <span class='ocrx_word' id='word_1_773' title='bbox 3003 3463 3156 3522; x_wconf 90' lang='lat' dir='ltr'><strong>atque</strong></span> <span class='ocrx_word' id='word_1_774' title='bbox 3187 3455 3373 3509; x_wconf 90' lang='lat' dir='ltr'><strong>iterum</strong></span> <span class='ocrx_word' id='word_1_775' title='bbox 3408 3458 3576 3511; x_wconf 89' lang='lat' dir='ltr'><strong>dicam</strong></span> <span class='ocrx_word' id='word_1_776' title='bbox 3605 3476 3618 3511; x_wconf 90' lang='lat'><strong>:</strong></span> <span class='ocrx_word' id='word_1_777' title='bbox 3659 3459 3803 3524; x_wconf 82' lang='lat' dir='ltr'><strong>Quia</strong></span> <span class='ocrx_word' id='word_1_778' title='bbox 3843 3468 3960 3516; x_wconf 79' lang='lat' dir='ltr'><strong>tri-</strong></span> 
     </span>
    </p>
   </div>
   <div class='ocr_carea' id='block_1_98' title="bbox 2371 3536 3955 3615">
    <p class='ocr_par' dir='ltr' id='par_1_98' title="bbox 2371 3536 3955 3615">
     <span class='ocr_line' id='line_1_99' title="bbox 2371 3536 3955 3615; baseline 0.013 -29"><span class='ocrx_word' id='word_1_779' title='bbox 2371 3536 2502 3586; x_wconf 83' lang='lat' dir='ltr'><strong>stitia</strong></span> <span class='ocrx_word' id='word_1_780' title='bbox 2546 3537 2716 3589; x_wconf 85' lang='lat' dir='ltr'><strong>muudi</strong></span> <span class='ocrx_word' id='word_1_781' title='bbox 2749 3549 2953 3592; x_wconf 86' lang='lat' dir='ltr'><strong>mortem</strong></span> <span class='ocrx_word' id='word_1_782' title='bbox 3006 3554 3236 3611; x_wconf 84' lang='lat' dir='ltr'><strong>aperatur</strong></span> <span class='ocrx_word' id='word_1_783' title='bbox 3267 3544 3470 3615; x_wconf 83' lang='lat' dir='ltr'><strong>(lbid.).</strong></span> <span class='ocrx_word' id='word_1_784' title='bbox 3513 3547 3680 3614; x_wconf 85' lang='lat' dir='ltr'><strong>Quare</strong></span> <span class='ocrx_word' id='word_1_785' title='bbox 3729 3561 3955 3608; x_wconf 77' lang='lat' dir='ltr'><strong>autem</strong></span> 
     </span>
    </p>
   </div>
   <div class='ocr_carea' id='block_1_99' title="bbox 2371 3629 3960 3697">
    <p class='ocr_par' dir='ltr' id='par_1_99' title="bbox 2371 3629 3960 3697">
     <span class='ocr_line' id='line_1_100' title="bbox 2371 3629 3960 3697; baseline 0.015 -24"><span class='ocrx_word' id='word_1_786' title='bbox 2371 3632 2588 3676; x_wconf 87' lang='lat' dir='ltr'><strong>mortem</strong></span> <span class='ocrx_word' id='word_1_787' title='bbox 2642 3629 2920 3694; x_wconf 80' lang='lat' dir='ltr'><strong>operatur?</strong></span> <span class='ocrx_word' id='word_1_788' title='bbox 2971 3629 3099 3696; x_wconf 89' lang='lat' dir='ltr'><strong>Quia</strong></span> <span class='ocrx_word' id='word_1_789' title='bbox 3152 3633 3289 3686; x_wconf 91' lang='lat' dir='ltr'><strong>solet</strong></span> <span class='ocrx_word' id='word_1_790' title='bbox 3339 3635 3498 3687; x_wconf 91' lang='lat' dir='ltr'><strong>nimia</strong></span> <span class='ocrx_word' id='word_1_791' title='bbox 3544 3636 3751 3690; x_wconf 90' lang='lat' dir='ltr'><strong>tristitia</strong></span> <span class='ocrx_word' id='word_1_792' title='bbox 3840 3653 3960 3697; x_wconf 84' lang='lat' dir='ltr'><strong>aut</strong></span> 
     </span>
    </p>
   </div>
   <div class='ocr_carea' id='block_1_100' title="bbox 2369 3709 3958 3791">
    <p class='ocr_par' dir='ltr' id='par_1_100' title="bbox 2369 3709 3958 3791">
     <span class='ocr_line' id='line_1_101' title="bbox 2369 3709 3958 3791; baseline 0.013 -29"><span class='ocrx_word' id='word_1_793' title='bbox 2369 3709 2432 3762; x_wconf 92' lang='lat' dir='ltr'><strong>ad</strong></span> <span class='ocrx_word' id='word_1_794' title='bbox 2457 3712 2832 3768; x_wconf 87' lang='lat' dir='ltr'><strong>dubitationem</strong></span> <span class='ocrx_word' id='word_1_795' title='bbox 2855 3754 2870 3781; x_wconf 95' lang='lat'><strong>,</strong></span> <span class='ocrx_word' id='word_1_796' title='bbox 2897 3725 2986 3770; x_wconf 91' lang='lat' dir='ltr'><strong>aut</strong></span> <span class='ocrx_word' id='word_1_797' title='bbox 3007 3718 3073 3770; x_wconf 90' lang='lat' dir='ltr'><strong>ad</strong></span> <span class='ocrx_word' id='word_1_798' title='bbox 3097 3719 3438 3786; x_wconf 84' lang='lat' dir='ltr'><strong>perniciosam</strong></span> <span class='ocrx_word' id='word_1_799' title='bbox 3463 3723 3746 3791; x_wconf 87' lang='lat' dir='ltr'><strong>perducere</strong></span> <span class='ocrx_word' id='word_1_800' title='bbox 3775 3727 3958 3783; x_wconf 81' lang='lat' dir='ltr'><strong>blas-</strong></span> 
     </span>
    </p>
   </div>
   <div class='ocr_carea' id='block_1_101' title="bbox 2373 3801 2653 3867">
    <p class='ocr_par' dir='ltr' id='par_1_101' title="bbox 2373 3801 2653 3867">
     <span class='ocr_line' id='line_1_102' title="bbox 2373 3801 2653 3867; baseline 0.011 -15"><span class='ocrx_word' id='word_1_801' title='bbox 2373 3801 2653 3867; x_wconf 86' lang='lat' dir='ltr'><strong>phemiam.</strong></span> 
     </span>
    </p>
   </div>
   <div class='ocr_carea' id='block_1_102' title="bbox 2439 3889 3961 3963">
    <p class='ocr_par' dir='ltr' id='par_1_102' title="bbox 2439 3889 3961 3963">
     <span class='ocr_line' id='line_1_103' title="bbox 2439 3889 3961 3963; baseline 0.014 -22"><span class='ocrx_word' id='word_1_802' title='bbox 2439 3891 2490 3942; x_wconf 77' lang='grc'><strong>4.</strong></span> <span class='ocrx_word' id='word_1_803' title='bbox 2522 3889 2704 3944; x_wconf 85' lang='lat' dir='ltr'><strong>Luctus</strong></span> <span class='ocrx_word' id='word_1_804' title='bbox 2730 3894 2788 3946; x_wconf 90' lang='lat' dir='ltr'><strong>iis</strong></span> <span class='ocrx_word' id='word_1_805' title='bbox 2814 3895 2896 3962; x_wconf 87' lang='lat' dir='ltr'><strong>qui</strong></span> <span class='ocrx_word' id='word_1_806' title='bbox 2939 3904 3050 3947; x_wconf 87' lang='lat' dir='ltr'><strong>ante</strong></span> <span class='ocrx_word' id='word_1_807' title='bbox 3073 3894 3319 3950; x_wconf 84' lang='lat' dir='ltr'><strong>Christum</strong></span> <span class='ocrx_word' id='word_1_808' title='bbox 3349 3900 3528 3953; x_wconf 73' lang='lat' dir='ltr'><strong>licitas.</strong></span> <span class='ocrx_word' id='word_1_809' title='bbox 3561 3902 3657 3955; x_wconf 88' lang='lat' dir='ltr'><strong>Cur</strong></span> <span class='ocrx_word' id='word_1_810' title='bbox 3679 3902 3961 3963; x_wconf 76' lang='lat' dir='ltr'><strong>Christus</strong></span> 
     </span>
    </p>
   </div>
   <div class='ocr_carea' id='block_1_103' title="bbox 2368 3977 3960 4054">
    <p class='ocr_par' dir='ltr' id='par_1_103' title="bbox 2368 3977 3960 4054">
     <span class='ocr_line' id='line_1_104' title="bbox 2368 3977 3960 4054; baseline 0.01 -27"><span class='ocrx_word' id='word_1_811' title='bbox 2368 3977 2552 4043; x_wconf 78' lang='lat' dir='ltr'><strong>fleverit</strong></span> <span class='ocrx_word' id='word_1_812' title='bbox 2580 3977 2843 4032; x_wconf 73' lang='lat' dir='ltr'><strong>Lazarum.</strong></span> <span class='ocrx_word' id='word_1_813' title='bbox 2872 3979 3063 4050; x_wconf 87' lang='lat' dir='ltr'><strong>Lugere</strong></span> <span class='ocrx_word' id='word_1_814' title='bbox 3084 3993 3299 4038; x_wconf 89' lang='lat' dir='ltr'><strong>mortuos</strong></span> <span class='ocrx_word' id='word_1_815' title='bbox 3316 3988 3428 4054; x_wconf 84' lang='lat' dir='ltr'><strong>jam</strong></span> <span class='ocrx_word' id='word_1_816' title='bbox 3458 4005 3556 4041; x_wconf 85' lang='lat' dir='ltr'><strong>non</strong></span> <span class='ocrx_word' id='word_1_817' title='bbox 3583 3989 3793 4042; x_wconf 83' lang='lat' dir='ltr'><strong>licet.——</strong></span> <span class='ocrx_word' id='word_1_818' title='bbox 3821 3996 3960 4053; x_wconf 73' lang='lat' dir='ltr'><strong>Sed</strong></span> 
     </span>
    </p>
   </div>
   <div class='ocr_carea' id='block_1_104' title="bbox 2369 4063 3957 4150">
    <p class='ocr_par' dir='ltr' id='par_1_104' title="bbox 2369 4063 3957 4150">
     <span class='ocr_line' id='line_1_105' title="bbox 2369 4063 3957 4150; baseline 0.013 -34"><span class='ocrx_word' id='word_1_819' title='bbox 2369 4063 2507 4117; x_wconf 89' lang='lat' dir='ltr'><strong>dicet</strong></span> <span class='ocrx_word' id='word_1_820' title='bbox 2533 4066 2715 4134; x_wconf 90' lang='lat' dir='ltr'><strong>aliquis</strong></span> <span class='ocrx_word' id='word_1_821' title='bbox 2741 4085 2752 4119; x_wconf 91' lang='lat'><strong>:</strong></span> <span class='ocrx_word' id='word_1_822' title='bbox 2777 4068 3027 4124; x_wconf 87' lang='lat' dir='ltr'><strong>Prohibes</strong></span> <span class='ocrx_word' id='word_1_823' title='bbox 3057 4071 3233 4140; x_wconf 82' lang='lat' dir='ltr'><strong>lugere</strong></span> <span class='ocrx_word' id='word_1_824' title='bbox 3261 4085 3528 4140; x_wconf 90' lang='lat' dir='ltr'><strong>mortuos,</strong></span> <span class='ocrx_word' id='word_1_825' title='bbox 3565 4090 3678 4130; x_wconf 93' lang='lat' dir='ltr'><strong>cum</strong></span> <span class='ocrx_word' id='word_1_826' title='bbox 3719 4088 3773 4132; x_wconf 90' lang='lat' dir='ltr'><strong>et</strong></span> <span class='ocrx_word' id='word_1_827' title='bbox 3834 4098 3957 4150; x_wconf 62' lang='lat' dir='ltr'><strong>pa-</strong></span> 
     </span>
    </p>
   </div>
   <div class='ocr_carea' id='block_1_105' title="bbox 2370 4155 3954 4238">
    <p class='ocr_par' dir='ltr' id='par_1_105' title="bbox 2370 4155 3954 4238">
     <span class='ocr_line' id='line_1_106' title="bbox 2370 4155 3954 4238; baseline 0.014 -33"><span class='ocrx_word' id='word_1_828' title='bbox 2370 4155 2606 4208; x_wconf 69' lang='lat' dir='ltr'><strong>triarcbse</strong></span> <span class='ocrx_word' id='word_1_829' title='bbox 2649 4155 2832 4224; x_wconf 90' lang='lat' dir='ltr'><strong>plorati</strong></span> <span class='ocrx_word' id='word_1_830' title='bbox 2876 4169 3015 4222; x_wconf 90' lang='lat' dir='ltr'><strong>sunt,</strong></span> <span class='ocrx_word' id='word_1_831' title='bbox 3062 4170 3114 4213; x_wconf 92' lang='lat' dir='ltr'><strong>et</strong></span> <span class='ocrx_word' id='word_1_832' title='bbox 3158 4160 3359 4228; x_wconf 82' lang='lat' dir='ltr'><strong>Moyses</strong></span> <span class='ocrx_word' id='word_1_833' title='bbox 3408 4163 3493 4217; x_wconf 89' lang='lat' dir='ltr'><strong>ille</strong></span> <span class='ocrx_word' id='word_1_834' title='bbox 3533 4165 3752 4220; x_wconf 88' lang='lat' dir='ltr'><strong>famulus</strong></span> <span class='ocrx_word' id='word_1_835' title='bbox 3789 4170 3954 4238; x_wconf 84' lang='lat' dir='ltr'><strong>Dei,</strong></span> 
     </span>
    </p>
   </div>
   <div class='ocr_carea' id='block_1_106' title="bbox 2368 4243 3961 4330">
    <p class='ocr_par' dir='ltr' id='par_1_106' title="bbox 2368 4243 3961 4330">
     <span class='ocr_line' id='line_1_107' title="bbox 2368 4243 3961 4330; baseline 0.015 -38"><span class='ocrx_word' id='word_1_836' title='bbox 2368 4250 2422 4293; x_wconf 90' lang='lat' dir='ltr'><strong>et</strong></span> <span class='ocrx_word' id='word_1_837' title='bbox 2448 4243 2593 4295; x_wconf 90' lang='lat' dir='ltr'><strong>multi</strong></span> <span class='ocrx_word' id='word_1_838' title='bbox 2619 4243 2806 4298; x_wconf 89' lang='lat' dir='ltr'><strong>deinde</strong></span> <span class='ocrx_word' id='word_1_839' title='bbox 2833 4246 3116 4312; x_wconf 68' lang='lat' dir='ltr'><strong>prophetae,</strong></span> <span class='ocrx_word' id='word_1_840' title='bbox 3135 4251 3421 4315; x_wconf 73' lang='lat' dir='ltr'><strong>praesertim</strong></span> <span class='ocrx_word' id='word_1_841' title='bbox 3444 4266 3562 4305; x_wconf 92' lang='lat' dir='ltr'><strong>cum</strong></span> <span class='ocrx_word' id='word_1_842' title='bbox 3584 4254 3678 4307; x_wconf 88' lang='lat' dir='ltr'><strong>Job</strong></span> <span class='ocrx_word' id='word_1_843' title='bbox 3697 4272 3961 4330; x_wconf 82' lang='lat' dir='ltr'><strong>quoque</strong></span> 
     </span>
    </p>
   </div>
   <div class='ocr_carea' id='block_1_107' title="bbox 2366 4331 3962 4408">
    <p class='ocr_par' dir='ltr' id='par_1_107' title="bbox 2366 4331 3962 4408">
     <span class='ocr_line' id='line_1_108' title="bbox 2366 4331 3962 4408; baseline 0.017 -27"><span class='ocrx_word' id='word_1_844' title='bbox 2366 4331 2682 4396; x_wconf 88' lang='lat' dir='ltr'><strong>justissimus</strong></span> <span class='ocrx_word' id='word_1_845' title='bbox 2711 4343 2902 4386; x_wconf 84' lang='lat' dir='ltr'><strong>vestem</strong></span> <span class='ocrx_word' id='word_1_846' title='bbox 2947 4349 3090 4388; x_wconf 87' lang='lat' dir='ltr'><strong>suam</strong></span> <span class='ocrx_word' id='word_1_847' title='bbox 3137 4353 3290 4404; x_wconf 91' lang='lat' dir='ltr'><strong>supra</strong></span> <span class='ocrx_word' id='word_1_848' title='bbox 3335 4341 3556 4394; x_wconf 89' lang='lat' dir='ltr'><strong>filiorum</strong></span> <span class='ocrx_word' id='word_1_849' title='bbox 3597 4347 3962 4408; x_wconf 82' lang='lat' dir='ltr'><strong>consciderit</strong></span> 
     </span>
    </p>
   </div>
   <div class='ocr_carea' id='block_1_108' title="bbox 2370 4418 3960 4498">
    <p class='ocr_par' dir='ltr' id='par_1_108' title="bbox 2370 4418 3960 4498">
     <span class='ocr_line' id='line_1_109' title="bbox 2370 4418 3960 4498; baseline 0.008 -29"><span class='ocrx_word' id='word_1_850' title='bbox 2370 4431 2549 4470; x_wconf 89' lang='lat' dir='ltr'><strong>necem</strong></span> <span class='ocrx_word' id='word_1_851' title='bbox 2577 4418 2710 4486; x_wconf 86' lang='lat' dir='ltr'><strong>(Job.</strong></span> <span class='ocrx_word' id='word_1_852' title='bbox 2743 4420 2792 4472; x_wconf 85' lang='grc'><strong>1.</strong></span> <span class='ocrx_word' id='word_1_853' title='bbox 2827 4419 2954 4489; x_wconf 73' lang='lat'><strong>20)?</strong></span> <span class='ocrx_word' id='word_1_854' title='bbox 2983 4421 3095 4475; x_wconf 86' lang='lat' dir='ltr'><strong>Non</strong></span> <span class='ocrx_word' id='word_1_855' title='bbox 3130 4438 3224 4492; x_wconf 84' lang='lat' dir='ltr'><strong>ego</strong></span> <span class='ocrx_word' id='word_1_856' title='bbox 3264 4426 3516 4491; x_wconf 80' lang='lat' dir='ltr'><strong>prohibeo</strong></span> <span class='ocrx_word' id='word_1_857' title='bbox 3558 4430 3734 4498; x_wconf 85' lang='lat' dir='ltr'><strong>lugere</strong></span> <span class='ocrx_word' id='word_1_858' title='bbox 3761 4449 3960 4492; x_wconf 81' lang='lat' dir='ltr'><strong>mor-</strong></span> 
     </span>
    </p>
   </div>
   <div class='ocr_carea' id='block_1_109' title="bbox 2371 4506 3957 4586">
    <p class='ocr_par' dir='ltr' id='par_1_109' title="bbox 2371 4506 3957 4586">
     <span class='ocr_line' id='line_1_110' title="bbox 2371 4506 3957 4586; baseline 0.016 -31"><span class='ocrx_word' id='word_1_859' title='bbox 2371 4513 2483 4556; x_wconf 86' lang='lat' dir='ltr'><strong>tuos</strong></span> <span class='ocrx_word' id='word_1_860' title='bbox 2503 4545 2516 4568; x_wconf 94' lang='lat'><strong>,</strong></span> <span class='ocrx_word' id='word_1_861' title='bbox 2556 4506 2646 4558; x_wconf 88' lang='lat' dir='ltr'><strong>sed</strong></span> <span class='ocrx_word' id='word_1_862' title='bbox 2673 4507 2897 4574; x_wconf 86' lang='lat' dir='ltr'><strong>gentium</strong></span> <span class='ocrx_word' id='word_1_863' title='bbox 2929 4509 3558 4581; x_wconf 77' lang='lat' dir='ltr'><strong>illuminatorApostolus,</strong></span> <span class='ocrx_word' id='word_1_864' title='bbox 3586 4520 3668 4586; x_wconf 90' lang='lat' dir='ltr'><strong>qui</strong></span> <span class='ocrx_word' id='word_1_865' title='bbox 3699 4522 3778 4574; x_wconf 89' lang='lat' dir='ltr'><strong>sic</strong></span> <span class='ocrx_word' id='word_1_866' title='bbox 3818 4527 3919 4580; x_wconf 83' lang='lat' dir='ltr'><strong>ait</strong></span> <span class='ocrx_word' id='word_1_867' title='bbox 3940 4548 3957 4582; x_wconf 91' lang='lat'><strong>:</strong></span> 
     </span>
    </p>
   </div>
   <div class='ocr_carea' id='block_1_110' title="bbox 2368 4590 3963 4669">
    <p class='ocr_par' dir='ltr' id='par_1_110' title="bbox 2368 4590 3963 4669">
     <span class='ocr_line' id='line_1_111' title="bbox 2368 4590 3963 4669; baseline 0.013 -26"><span class='ocrx_word' id='word_1_868' title='bbox 2368 4590 2502 4644; x_wconf 87' lang='lat' dir='ltr'><strong>Nolo</strong></span> <span class='ocrx_word' id='word_1_869' title='bbox 2545 4608 2626 4645; x_wconf 80' lang='lat' dir='ltr'><strong>vos</strong></span> <span class='ocrx_word' id='word_1_870' title='bbox 2662 4595 2907 4663; x_wconf 88' lang='lat' dir='ltr'><strong>ignorare,</strong></span> <span class='ocrx_word' id='word_1_871' title='bbox 2947 4596 3154 4662; x_wconf 80' lang='lat' dir='ltr'><strong>fratres,</strong></span> <span class='ocrx_word' id='word_1_872' title='bbox 3200 4599 3260 4650; x_wconf 85' lang='lat' dir='ltr'><strong>de</strong></span> <span class='ocrx_word' id='word_1_873' title='bbox 3295 4600 3675 4668; x_wconf 81' lang='lat' dir='ltr'><strong>dormientibus,</strong></span> <span class='ocrx_word' id='word_1_874' title='bbox 3715 4617 3771 4658; x_wconf 88' lang='lat' dir='ltr'><strong>ut</strong></span> <span class='ocrx_word' id='word_1_875' title='bbox 3825 4629 3963 4669; x_wconf 78' lang='lat' dir='ltr'><strong>non</strong></span> 
     </span>
    </p>
   </div>
   <div class='ocr_carea' id='block_1_111' title="bbox 2366 4675 3956 4760">
    <p class='ocr_par' dir='ltr' id='par_1_111' title="bbox 2366 4675 3956 4760">
     <span class='ocr_line' id='line_1_112' title="bbox 2366 4675 3956 4760; baseline 0.012 -29"><span class='ocrx_word' id='word_1_876' title='bbox 2366 4683 2714 4734; x_wconf 83' lang='lat' dir='ltr'><strong>contristemini</strong></span> <span class='ocrx_word' id='word_1_877' title='bbox 2731 4723 2745 4745; x_wconf 96' lang='lat'><strong>,</strong></span> <span class='ocrx_word' id='word_1_878' title='bbox 2774 4685 2897 4735; x_wconf 88' lang='lat' dir='ltr'><strong>sicut</strong></span> <span class='ocrx_word' id='word_1_879' title='bbox 2925 4684 3007 4751; x_wconf 85' lang='lat' dir='ltr'><strong>qui</strong></span> <span class='ocrx_word' id='word_1_880' title='bbox 3042 4701 3176 4752; x_wconf 86' lang='lat' dir='ltr'><strong>spem</strong></span> <span class='ocrx_word' id='word_1_881' title='bbox 3215 4702 3311 4739; x_wconf 83' lang='lat' dir='ltr'><strong>non</strong></span> <span class='ocrx_word' id='word_1_882' title='bbox 3339 4675 3516 4742; x_wconf 76' lang='lat' dir='ltr'><strong>habent</strong></span> <span class='ocrx_word' id='word_1_883' title='bbox 3541 4693 3613 4760; x_wconf 90' lang='grc'><strong>(1.</strong></span> <span class='ocrx_word' id='word_1_884' title='bbox 3647 4693 3841 4750; x_wconf 85' lang='lat' dir='ltr'><strong>Thess.</strong></span> <span class='ocrx_word' id='word_1_885' title='bbox 3885 4704 3956 4756; x_wconf 72' lang='grc'><strong>4,</strong></span> 
     </span>
    </p>
   </div>
   <div class='ocr_carea' id='block_1_112' title="bbox 2367 4767 3961 4854">
    <p class='ocr_par' dir='ltr' id='par_1_112' title="bbox 2367 4767 3961 4854">
     <span class='ocr_line' id='line_1_113' title="bbox 2367 4767 3961 4854; baseline 0.013 -35"><span class='ocrx_word' id='word_1_886' title='bbox 2367 4767 2473 4837; x_wconf 72' lang='grc'><strong>12).</strong></span> <span class='ocrx_word' id='word_1_887' title='bbox 2503 4769 2613 4822; x_wconf 82' lang='grc' dir='ltr'><strong>Νοη</strong></span> <span class='ocrx_word' id='word_1_888' title='bbox 2635 4772 3093 4837; x_wconf 81' lang='lat' dir='ltr'><strong>potestEvangelii</strong></span> <span class='ocrx_word' id='word_1_889' title='bbox 3123 4774 3330 4827; x_wconf 88' lang='lat' dir='ltr'><strong>claritas</strong></span> <span class='ocrx_word' id='word_1_890' title='bbox 3358 4777 3646 4843; x_wconf 89' lang='lat' dir='ltr'><strong>obscurari,</strong></span> <span class='ocrx_word' id='word_1_891' title='bbox 3678 4783 3724 4834; x_wconf 91' lang='lat' dir='ltr'><strong>si</strong></span> <span class='ocrx_word' id='word_1_892' title='bbox 3756 4784 3795 4834; x_wconf 89' lang='lat' dir='ltr'><strong>ii</strong></span> <span class='ocrx_word' id='word_1_893' title='bbox 3841 4792 3961 4854; x_wconf 83' lang='lat' dir='ltr'><strong>qui</strong></span> 
     </span>
    </p>
   </div>
   <div class='ocr_carea' id='block_1_113' title="bbox 2364 4859 3962 4935">
    <p class='ocr_par' dir='ltr' id='par_1_113' title="bbox 2364 4859 3962 4935">
     <span class='ocr_line' id='line_1_114' title="bbox 2364 4859 3962 4935; baseline 0.011 -24"><span class='ocrx_word' id='word_1_894' title='bbox 2364 4869 2483 4912; x_wconf 87' lang='lat' dir='ltr'><strong>ante</strong></span> <span class='ocrx_word' id='word_1_895' title='bbox 2512 4859 2672 4926; x_wconf 89' lang='lat' dir='ltr'><strong>legem</strong></span> <span class='ocrx_word' id='word_1_896' title='bbox 2697 4899 2711 4922; x_wconf 94' lang='lat'><strong>,</strong></span> <span class='ocrx_word' id='word_1_897' title='bbox 2741 4869 2830 4911; x_wconf 93' lang='lat' dir='ltr'><strong>aut</strong></span> <span class='ocrx_word' id='word_1_898' title='bbox 2858 4860 2954 4911; x_wconf 89' lang='lat' dir='ltr'><strong>sub</strong></span> <span class='ocrx_word' id='word_1_899' title='bbox 2981 4861 3105 4928; x_wconf 83' lang='lat' dir='ltr'><strong>legis</strong></span> <span class='ocrx_word' id='word_1_900' title='bbox 3132 4863 3310 4916; x_wconf 87' lang='lat' dir='ltr'><strong>umbra</strong></span> <span class='ocrx_word' id='word_1_901' title='bbox 3336 4868 3492 4932; x_wconf 91' lang='lat' dir='ltr'><strong>positi</strong></span> <span class='ocrx_word' id='word_1_902' title='bbox 3523 4867 3758 4932; x_wconf 88' lang='lat' dir='ltr'><strong>fuerant,</strong></span> <span class='ocrx_word' id='word_1_903' title='bbox 3792 4887 3962 4935; x_wconf 86' lang='lat' dir='ltr'><strong>suos</strong></span> 
     </span>
    </p>
   </div>
   <div class='ocr_carea' id='block_1_114' title="bbox 2364 4949 3963 5023">
    <p class='ocr_par' dir='ltr' id='par_1_114' title="bbox 2364 4949 3963 5023">
     <span class='ocr_line' id='line_1_115' title="bbox 2364 4949 3963 5023; baseline 0.009 -22"><span class='ocrx_word' id='word_1_904' title='bbox 2364 4957 2594 5001; x_wconf 79' lang='lat' dir='ltr'><strong>mortuos</strong></span> <span class='ocrx_word' id='word_1_905' title='bbox 2622 4949 2828 5000; x_wconf 84' lang='lat' dir='ltr'><strong>ﬂebant.</strong></span> <span class='ocrx_word' id='word_1_906' title='bbox 2859 4949 2923 5000; x_wconf 87' lang='lat' dir='ltr'><strong>Et</strong></span> <span class='ocrx_word' id='word_1_907' title='bbox 2950 4950 3135 5002; x_wconf 88' lang='lat' dir='ltr'><strong>merito</strong></span> <span class='ocrx_word' id='word_1_908' title='bbox 3168 4951 3393 5012; x_wconf 82' lang='lat' dir='ltr'><strong>ﬂebant,</strong></span> <span class='ocrx_word' id='word_1_909' title='bbox 3424 4956 3544 5023; x_wconf 90' lang='lat' dir='ltr'><strong>quia</strong></span> <span class='ocrx_word' id='word_1_910' title='bbox 3583 4960 3834 5013; x_wconf 87' lang='lat' dir='ltr'><strong>nondum</strong></span> <span class='ocrx_word' id='word_1_911' title='bbox 3876 4969 3963 5022; x_wconf 73' lang='lat' dir='ltr'><strong>de</strong></span> 
     </span>
    </p>
   </div>
   <div class='ocr_carea' id='block_1_115' title="bbox 2364 5035 3962 5110">
    <p class='ocr_par' dir='ltr' id='par_1_115' title="bbox 2364 5035 3962 5110">
     <span class='ocr_line' id='line_1_116' title="bbox 2364 5035 3962 5110; baseline 0.007 -21"><span class='ocrx_word' id='word_1_912' title='bbox 2364 5038 2503 5089; x_wconf 69' lang='lat' dir='ltr'><strong>caelis</strong></span> <span class='ocrx_word' id='word_1_913' title='bbox 2533 5045 2740 5088; x_wconf 86' lang='lat' dir='ltr'><strong>venerat</strong></span> <span class='ocrx_word' id='word_1_914' title='bbox 2762 5035 3018 5101; x_wconf 87' lang='lat' dir='ltr'><strong>Christus,</strong></span> <span class='ocrx_word' id='word_1_915' title='bbox 3048 5038 3133 5103; x_wconf 93' lang='lat' dir='ltr'><strong>qui</strong></span> <span class='ocrx_word' id='word_1_916' title='bbox 3165 5037 3358 5091; x_wconf 89' lang='lat' dir='ltr'><strong>fontem</strong></span> <span class='ocrx_word' id='word_1_917' title='bbox 3388 5041 3529 5093; x_wconf 90' lang='lat' dir='ltr'><strong>illum</strong></span> <span class='ocrx_word' id='word_1_918' title='bbox 3564 5043 3962 5110; x_wconf 80' lang='lat' dir='ltr'><strong>lacrymarum</strong></span> 
     </span>
    </p>
   </div>
   <div class='ocr_carea' id='block_1_116' title="bbox 2363 5123 3962 5198">
    <p class='ocr_par' dir='ltr' id='par_1_116' title="bbox 2363 5123 3962 5198">
     <span class='ocr_line' id='line_1_117' title="bbox 2363 5123 3962 5198; baseline 0.011 -22"><span class='ocrx_word' id='word_1_919' title='bbox 2363 5138 2454 5176; x_wconf 92' lang='lat' dir='ltr'><strong>sua</strong></span> <span class='ocrx_word' id='word_1_920' title='bbox 2485 5123 2864 5177; x_wconf 86' lang='lat' dir='ltr'><strong>resurrectione</strong></span> <span class='ocrx_word' id='word_1_921' title='bbox 2890 5123 3118 5177; x_wconf 90' lang='lat' dir='ltr'><strong>siccavit.</strong></span> <span class='ocrx_word' id='word_1_922' title='bbox 3147 5123 3330 5179; x_wconf 80' lang='lat' dir='ltr'><strong>Merito</strong></span> <span class='ocrx_word' id='word_1_923' title='bbox 3353 5127 3566 5194; x_wconf 89' lang='lat' dir='ltr'><strong>flebant,</strong></span> <span class='ocrx_word' id='word_1_924' title='bbox 3597 5133 3717 5198; x_wconf 90' lang='lat' dir='ltr'><strong>quia</strong></span> <span class='ocrx_word' id='word_1_925' title='bbox 3745 5137 3962 5198; x_wconf 81' lang='lat' dir='ltr'><strong>adhuc</strong></span> 
     </span>
    </p>
   </div>
   <div class='ocr_carea' id='block_1_117' title="bbox 2427 5294 3960 5371">
    <p class='ocr_par' dir='ltr' id='par_1_117' title="bbox 2427 5294 3960 5371">
     <span class='ocr_line' id='line_1_118' title="bbox 2427 5294 3960 5371; baseline 0.013 -30"><span class='ocrx_word' id='word_1_926' title='bbox 2427 5299 2443 5328; x_wconf 78' lang='grc' dir='ltr'><strong><em>ι</em></strong></span> <span class='ocrx_word' id='word_1_927' title='bbox 2477 5294 2962 5371; x_wconf 39' lang='grc' dir='ltr'><strong>Αιὶελιιπο..ιεξίιιὶρηξιῐέΔ</strong></span> <span class='ocrx_word' id='word_1_928' title='bbox 2986 5295 3350 5371; x_wconf 32' lang='lat' dir='ltr'><strong>habethltditio”</strong></span> <span class='ocrx_word' id='word_1_929' title='bbox 3367 5299 3590 5371; x_wconf 3' lang='lat' dir='ltr'><strong>(quaedam</strong></span> <span class='ocrx_word' id='word_1_930' title='bbox 3638 5310 3916 5371; x_wconf 64' lang='lat' dir='ltr'><strong>augustini</strong></span> <span class='ocrx_word' id='word_1_931' title='bbox 3941 5348 3960 5371; x_wconf 89' lang='lat'><strong>,</strong></span> 
     </span>
    </p>
   </div>
   <div class='ocr_carea' id='block_1_118' title="bbox 2364 5358 3962 5419">
    <p class='ocr_par' dir='ltr' id='par_1_118' title="bbox 2364 5358 3962 5419">
     <span class='ocr_line' id='line_1_119' title="bbox 2364 5358 3962 5419; baseline 0.005 -15"><span class='ocrx_word' id='word_1_932' title='bbox 2364 5368 2560 5419; x_wconf 85' lang='lat' dir='ltr'><strong>nempe,</strong></span> <span class='ocrx_word' id='word_1_933' title='bbox 2583 5358 2820 5419; x_wconf 78' lang='lat' dir='ltr'><strong>potiorem,</strong></span> <span class='ocrx_word' id='word_1_934' title='bbox 2845 5362 2885 5401; x_wconf 90' lang='lat' dir='ltr'><strong>et</strong></span> <span class='ocrx_word' id='word_1_935' title='bbox 2909 5358 3226 5419; x_wconf 79' lang='lat' dir='ltr'><strong>necessitatem</strong></span> <span class='ocrx_word' id='word_1_936' title='bbox 3245 5358 3416 5419; x_wconf 67' lang='lat' dir='ltr'><strong>sufﬁcit</strong></span> <span class='ocrx_word' id='word_1_937' title='bbox 3457 5358 3555 5406; x_wconf 83' lang='lat' dir='ltr'><strong>alia</strong></span> <span class='ocrx_word' id='word_1_938' title='bbox 3576 5358 3842 5419; x_wconf 69' lang='lat' dir='ltr'><strong>occasione</strong></span> <span class='ocrx_word' id='word_1_939' title='bbox 3876 5358 3962 5419; x_wconf 52' lang='grc' dir='ltr'><strong>»κέ-ζ</strong></span> 
     </span>
    </p>
   </div>
   <div class='ocr_carea' id='block_1_119' title="bbox 2363 5413 3963 5482">
    <p class='ocr_par' dir='ltr' id='par_1_119' title="bbox 2363 5413 3963 5482">
     <span class='ocr_line' id='line_1_120' title="bbox 2363 5413 3963 5482; baseline 0.024 -37"><span class='ocrx_word' id='word_1_940' title='bbox 2363 5413 2507 5482; x_wconf 51' lang='lat' dir='ltr'><strong>plere:</strong></span> <span class='ocrx_word' id='word_1_941' title='bbox 2541 5413 2805 5481; x_wconf 65' lang='lat' dir='ltr'><strong>utilitatem,</strong></span> <span class='ocrx_word' id='word_1_942' title='bbox 2824 5415 3022 5482; x_wconf 70' lang='lat' dir='ltr'><strong>e_tc.sed</strong></span> <span class='ocrx_word' id='word_1_943' title='bbox 3046 5413 3341 5474; x_wconf 68' lang='lat' dir='ltr'><strong>praeferenda</strong></span> <span class='ocrx_word' id='word_1_944' title='bbox 3359 5419 3552 5466; x_wconf 84' lang='lat' dir='ltr'><strong>videtur</strong></span> <span class='ocrx_word' id='word_1_945' title='bbox 3576 5418 3736 5470; x_wconf 78' lang='lat' dir='ltr'><strong>altera</strong></span> <span class='ocrx_word' id='word_1_946' title='bbox 3782 5413 3963 5482; x_wconf 61' lang='lat' dir='ltr'><strong>lectio</strong></span> 
     </span>
    </p>
   </div>
   <div class='ocr_carea' id='block_1_120' title="bbox 2364 5473 3008 5536">
    <p class='ocr_par' dir='ltr' id='par_1_120' title="bbox 2364 5473 3008 5536">
     <span class='ocr_line' id='line_1_121' title="bbox 2364 5473 3008 5536; baseline -0.005 -14"><span class='ocrx_word' id='word_1_947' title='bbox 2364 5473 2471 5536; x_wconf 71' lang='lat' dir='ltr'><strong>quae</strong></span> <span class='ocrx_word' id='word_1_948' title='bbox 2497 5475 2542 5520; x_wconf 92' lang='lat' dir='ltr'><strong>in</strong></span> <span class='ocrx_word' id='word_1_949' title='bbox 2566 5474 2777 5532; x_wconf 81' lang='lat' dir='ltr'><strong>margine</strong></span> <span class='ocrx_word' id='word_1_950' title='bbox 2801 5473 3008 5521; x_wconf 74' lang='lat' dir='ltr'><strong>affertur.</strong></span> 
     </span>
    </p>
   </div>
   <div class='ocr_carea' id='block_1_121' title="bbox 2430 5551 3452 5614">
    <p class='ocr_par' dir='ltr' id='par_1_121' title="bbox 2430 5551 3452 5614">
     <span class='ocr_line' id='line_1_122' title="bbox 2430 5551 3452 5614; baseline 0.009 -18"><span class='ocrx_word' id='word_1_951' title='bbox 2430 5556 2449 5582; x_wconf 69' lang='lat' dir='ltr'><strong>I</strong></span> <span class='ocrx_word' id='word_1_952' title='bbox 2481 5559 2614 5600; x_wconf 74' lang='lat' dir='ltr'><strong>Forte</strong></span> <span class='ocrx_word' id='word_1_953' title='bbox 2639 5551 2821 5610; x_wconf 83' lang='lat' dir='ltr'><strong>melius,</strong></span> <span class='ocrx_word' id='word_1_954' title='bbox 2842 5565 2978 5614; x_wconf 83' lang='lat' dir='ltr'><strong>quum</strong></span> <span class='ocrx_word' id='word_1_955' title='bbox 2997 5551 3230 5604; x_wconf 76' lang='lat' dir='ltr'><strong>interdum</strong></span> <span class='ocrx_word' id='word_1_956' title='bbox 3255 5563 3452 5613; x_wconf 82' lang='lat' dir='ltr'><strong>tempus.</strong></span> 
     </span>
    </p>
   </div>
  </div>
