4138 6306
207 408 325 461 297

204 510 399 563 mortis
427 506 684 562 sententia
716 503 1073 575 permanebat.
1103 498 1284 555 Merito
1313 495 1761 555 lamentabantur,

202 600 333 667 quia
390 597 615 651 nondum
672 592 987 649 resurrectio
1031 586 1425 659 praedicabatur.
1477 582 1768 651 Sperabam

204 688 421 756 quidem
448 686 613 738 sancti
638 685 827 752 quique
849 680 1125 734 adventum
1155 674 1378 739 Domini,
1409 673 1505 725 sed
1532 677 1767 724 mortuos

205 777 419 828 interim
450 774 671 835 ﬂebant,
721 772 839 840 quia
881 768 1108 823 nondum
1137 766 1377 818 viderant
1402 775 1553 829 quem
1585 774 1763 827 spera-

206 868 359 919 baut.
398 866 627 932 Denique
653 863 863 916 Simcon
895 874 1027 913 unus
1055 857 1118 911 de
1146 856 1408 909 veterilms
1436 851 1649 908 sanctis,
1679 848 1765 916 qui

207 958 362 1025 prius
395 955 563 1007 fuerat
588 954 653 1006 de
680 967 769 1005 sua
797 960 963 1003 morte
989 948 1259 1008 sollicitus,
1290 954 1559 1011 postquam
1588 939 1765 992 Jesum

210 1048 495 1099 Dominum
527 1043 697 1096 adhuc
737 1054 951 1109 puerum
982 1036 1265 1090 secundum
1297 1046 1507 1085 carnem
1539 1030 1767 1094 suscepit

209 1136 266 1186 in
295 1134 563 1195 manilius,
593 1132 656 1184 dc
684 1144 777 1183 suo
805 1131 943 1182 exitu
972 1126 1259 1194 gratulatur
1283 1123 1480 1184 dicens,
1511 1117 1660 1171 Nunc
1686 1117 1765 1167 di-

207 1224 402 1285 mittis,
447 1221 688 1281 Domiuc,
734 1233 926 1271 servum
964 1225 1098 1266 tuum
1136 1214 1189 1264 in
1220 1228 1370 1278 pace,
1402 1210 1517 1276 quia
1546 1208 1768 1259 viderunt

209 1313 351 1366 oculi
384 1314 477 1364 mei
502 1312 717 1363 salutare
745 1318 884 1360 tuum
904 1305 1053 1373 (Luc.
1082 1302 1136 1355 2.
1164 1303 1250 1356 29.
1281 1300 1387 1370 30).
1413 1300 1455 1351 0
1480 1301 1659 1352 beatus
1682 1296 1767 1349 ille

211 1404 472 1457 Simeon!
504 1401 632 1465 Quia
663 1398 797 1467 quod
838 1394 1081 1464 sperabat
1123 1393 1355 1452 viderat,
1395 1390 1501 1455 jam
1546 1394 1766 1438 mortem

210 1508 369 1546 suam
398 1505 572 1557 pacem
604 1496 655 1541 et
684 1487 913 1555 requiem
934 1482 1285 1551 computabat.
1310 1479 1411 1533 Sed
1438 1478 1579 1531 dices
1600 1494 1612 1505 ·
1633 1476 1768 1529 Ecce

212 1582 269 1633 in
300 1580 584 1646 Evangelia
630 1577 846 1644 legitur,
893 1570 1284 1641 archisyuagogi
1317 1569 1570 1636 ploratatn
1611 1566 1765 1618 filiam

212 1668 370 1737 (Luc.
395 1669 446 1720 8.
467 1666 577 1733 52),
606 1674 659 1718 et
683 1677 889 1717 sorores
907 1662 1085 1715 Lazari
1103 1660 1354 1712 Lazarum
1374 1657 1575 1710 ﬂevisse
1593 1653 1765 1725 (Joau.

213 1760 240 1810 1
262 1758 305 1808 l.
339 1756 450 1824 5i).
485 1756 585 1808 Sed
618 1754 687 1805 illi
720 1752 890 1804 adhuc
916 1749 1196 1803 secundum
1227 1756 1456 1800 veterem
1488 1746 1650 1811 legem
1681 1758 1769 1796 sa-

212 1846 452 1914 piebaut,
472 1845 587 1911 quia
613 1842 830 1895 necdum
854 1855 880 1891 a
906 1836 1120 1891 mortuis
1136 1836 1397 1889 Christum
1417 1831 1771 1885 resurrexisse

215 1942 625 2001 conspexerant.
654 1932 820 1984 Flevit
850 1930 1001 1997 plane
1025 1934 1079 1981 et
1106 1927 1215 1992 ipse
1246 1924 1491 1977 Dominus
1518 1921 1767 1973 Lazarum

213 2024 328 2090 jam
359 2022 613 2089 sepultum
641 2062 655 2085 ,
688 2033 789 2071 non
822 2017 997 2084 utique
1024 2025 1078 2067 ut
1106 2013 1262 2067 ﬂendi
1294 2018 1526 2064 mortuos
1552 2008 1769 2061 formam

213 2114 404 2170 daret,
447 2110 534 2162 sed
580 2118 634 2160 ut
665 2119 713 2160 ct
742 2122 797 2159 se
828 2122 918 2173 per
946 2106 1200 2171 lacrymas
1226 2116 1345 2154 suas
1376 2114 1554 2153 verum
1584 2113 1772 2163 corpus

216 2199 573 2266 assumpsisse
602 2204 931 2250 monstraret.
978 2193 1069 2246 Vel
1109 2202 1251 2245 certe
1290 2191 1430 2243 ﬂevit
1470 2204 1648 2241 amore
1674 2187 1772 2239 bu-

216 2288 415 2341 mano‘
441 2286 669 2346 JUdi‘COS,
702 2285 820 2353 quia
852 2297 947 2336 nec
976 2281 1060 2334 tali
1090 2281 1238 2349 signo
1265 2285 1552 2331 monstrato
1579 2277 1628 2328 in
1656 2290 1773 2328 eum

219 2378 430 2431 fuerant
456 2376 721 2429 credituri.
748 2373 924 2439 Neque
946 2372 1083 2425 enim
1111 2384 1251 2421 mors
1272 2367 1451 2420 Lazari
1477 2380 1629 2419 causa
1661 2379 1776 2417 esse

221 2476 431 2535 poterat
470 2467 814 2534 lacrymarum
837 2504 851 2529 ,
892 2478 1045 2531 quem
1080 2462 1189 2529 ipse
1213 2460 1364 2514 Jesus
1390 2468 1441 2511 et
1471 2457 1778 2510 dormivisse

219 2557 451 2613 dixerat.
481 2566 533 2607 et
554 2554 919 2606 suscitaturum
951 2567 1007 2603 se
1037 2550 1363 2619 promiserat,
1396 2548 1528 2599 sicut
1555 2555 1607 2599 et
1635 2543 1773 2596 fecit.

296 2645 349 2697 5.
380 2643 683 2695 Habuerunt
710 2657 833 2710 ergo
866 2650 1071 2694 veteres
1100 2654 1249 2693 suum
1280 2652 1499 2701 morem,
1530 2649 1779 2702 suamque

224 2734 562 2800 fragilitatem
591 2773 603 2793 ,
654 2730 847 2785 Christi
890 2730 1168 2783 adventum
1214 2726 1568 2795 praecedentes
1594 2726 1636 2775 ¹.
1665 2723 1777 2777 Jam

224 2837 357 2876 vero
382 2837 446 2874 ex
472 2836 576 2888 quo
609 2820 831 2874 Verbum
871 2834 995 2873 caro
1020 2819 1209 2872 factum
1235 2826 1343 2882 est,
1375 2826 1426 2870 et
1454 2816 1702 2869 habitavit
1727 2816 1779 2867 in

228 2910 407 2972 nobis,
448 2925 512 2961 ex
553 2924 656 2975 quo
699 2909 868 2977 primo
909 2908 1035 2959 Adae
1061 2906 1233 2960 datam
1278 2905 1587 2959 sententiam
1616 2903 1779 2955 Adam

228 3001 546 3053 novissimus
570 2998 741 3063 solvit,
769 3013 832 3050 ex
854 3012 959 3065 quo
984 3006 1215 3049 nostram
1245 3004 1466 3048 mortem
1493 3008 1583 3047 sua
1617 3001 1780 3045 morte

225 3091 506 3151 destruxit,
538 3099 589 3142 et
617 3089 681 3140 ab
708 3087 884 3141 inferis
913 3087 997 3140 die
1025 3088 1173 3139 tertia
1200 3086 1447 3138 Dominus
1475 3083 1777 3146 resurrexit,

225 3178 337 3247 jam
380 3194 481 3229 non
525 3186 605 3229 est
647 3178 889 3229 terribilis
931 3189 1071 3228 mors
1112 3174 1349 3227 fidelibus
1384 3189 1527 3228 :nun
1573 3174 1780 3225 timetur

227 3283 469 3333 occasus,
498 3268 613 3335 quia
634 3268 819 3321 Oriens
847 3266 989 3320 venit
1016 3281 1079 3319 ex
1112 3266 1233 3317 alto.
1258 3264 1458 3316 Clamat
1478 3263 1587 3330 ipse
1609 3261 1781 3314 Domi-

230 3374 335 3410 nus
359 3359 444 3425 qui
486 3357 690 3410 mentiri
719 3357 885 3409 nescit
909 3374 921 3409 :
943 3354 1054 3425 Ego
1082 3372 1219 3416 sum,
1254 3355 1450 3421 inquit,
1492 3352 1779 3404 resurrectio

226 3458 276 3500 et
304 3448 403 3499 vita
420 3448 534 3514 :qui
568 3448 720 3499 credit
748 3448 799 3499 in
838 3462 932 3509 me,
956 3446 1145 3497 etiamsi
1172 3457 1392 3495 mortuus
1418 3443 1585 3512 fuerit,
1617 3441 1737 3492 vivet
1762 3455 1779 3491 :

229 3549 275 3590 et
316 3539 475 3590 omnis
510 3539 595 3605 qui
634 3540 745 3590 vivit
789 3548 833 3589 et
862 3536 1016 3589 credit
1044 3537 1093 3587 in
1123 3550 1214 3599 me,
1246 3545 1448 3586 mortem
1483 3550 1578 3585 non
1606 3533 1780 3583 videbit

229 3629 282 3680 in
310 3638 546 3679 (uernum
577 3627 751 3695 (Joan.
788 3628 870 3678 il.
900 3627 987 3679 25.
1020 3626 1132 3694 26).
1163 3624 1427 3678 Manifesta
1454 3634 1531 3675 est
1554 3663 1567 3681 ,
1596 3623 1781 3673 fratres

230 3718 513 3779 carissimi,
546 3731 642 3770 vox
673 3717 864 3781 divina,
896 3717 1014 3784 quia
1043 3718 1126 3783 qui
1151 3715 1316 3769 credit
1336 3714 1562 3776 Christo,
1590 3722 1643 3765 et
1668 3716 1781 3779 ejus

232 3807 480 3858 mandata
505 3806 761 3866 custodit,
794 3808 836 3858 si
869 3815 1102 3857 mortuus
1131 3803 1304 3868 fuerit,
1334 3804 1490 3855 vivet.
1523 3803 1665 3854 llanc
1692 3816 1781 3853 vo-

230 3910 351 3949 cem
383 3896 562 3948 beatus
593 3895 781 3948 Paulus
818 3895 1085 3962 apostolus
1121 3893 1399 3961 accipiens,
1431 3902 1483 3946 et
1513 3895 1632 3945 totis
1663 3891 1778 3944 fidei

229 3986 433 4038 viribus
459 3986 720 4047 retinens,
755 3985 1074 4037 instruebat:
1103 3982 1269 4047 Nolo,
1302 3983 1501 4051 inquit,
1530 3999 1613 4034 vos
1635 3983 1779 4050 igno-

230 4092 379 4136 rare,
423 4074 630 4142 fratres,
674 4074 735 4126 de
761 4074 1110 4126 dormientibus
1130 4114 1143 4135 ,
1183 4082 1235 4124 ut
1264 4089 1361 4124 non
1388 4074 1547 4123 tristes
1573 4072 1677 4122 sitis
1704 4072 1776 4137 (ι.

228 4165 409 4216 Thess.
439 4164 489 4215 4.
518 4162 624 4231 12).
647 4162 690 4215 Ο
710 4164 839 4215 mira
854 4163 1085 4229 Apostoli
1119 4162 1495 4228 pronuntiatio!
1522 4160 1637 4213 Uno
1666 4175 1780 4212 ser-

229 4268 411 4316 mone,
435 4261 708 4320 antequam
730 4252 1015 4304 doctrinam
1042 4249 1324 4318 profcrat’,
1346 4249 1780 4302 resurrectionem

228 4341 585 4396 commendat.
628 4342 953 4394 Dormientes
995 4357 1217 4409 namque
1247 4340 1472 4408 appellat
1500 4341 1643 4403 illus,
1694 4339 1779 4406 qui

230 4434 426 4487 mortui
454 4443 591 4499 sunt,
622 4444 675 4486 ut
705 4434 825 4487 dum
854 4432 1081 4485 dormire
1109 4447 1199 4485 eos
1223 4432 1366 4496 dicit,
1393 4441 1779 4485 resurrecturus

230 4525 352 4576 sine
381 4523 700 4575 dubitatione
729 4524 1017 4589 consignct.
1066 4521 1211 4585 Non,
1255 4522 1450 4589 inquit,
1486 4522 1644 4572 tristes
1674 4520 1780 4572 sitis

230 4613 296 4663 de
323 4609 691 4673 dormientibus,
720 4610 844 4661 sicut
869 4618 913 4660 et
939 4610 1118 4661 cwteri.
1143 4610 1241 4673 Qui
1270 4624 1414 4675 Spem
1441 4624 1540 4661 non
1566 4608 1777 4672 habent,

229 4697 646 4750 contristentur:
670 4711 765 4749 nos
792 4706 963 4750 autem
995 4696 1080 4765 qui
1110 4698 1218 4763 spei
1253 4696 1339 4748 filii
1371 4710 1567 4759 sumus,
1600 4696 1778 4748 collac-

230 4798 425 4839 temur.
449 4784 573 4849 Qua:
590 4792 763 4838 autem
781 4785 930 4839 nobis
945 4800 1063 4852 spes
1079 4787 1164 4850 sit,
1185 4787 1294 4853 ipse
1310 4795 1683 4838 commemorat
1703 4786 1783 4837 di-

226 4890 379 4927 cens:
397 4874 453 4927 Si
468 4874 729 4937 credimus,
742 4875 855 4941 quia
867 4872 1087 4926 Christus
1098 4884 1321 4926 mortuus
1334 4884 1422 4936 est,
1437 4884 1480 4926 et
1494 4874 1782 4926 resurrexit:

225 4969 301 5018 ita
334 4975 377 5016 et
399 4963 534 5017 Deus
553 4980 654 5029 eos,
684 4966 767 5029 qui
788 4965 1105 5027 dormierunt,
1136 4981 1222 5031 per
1241 4963 1411 5017 Jcsum
1436 4966 1640 5016 adducet
1668 4982 1779 5016 cum

220 5072 284 5108 eo
305 5054 353 5121 (l
371 5092 383 5103 .
402 5052 577 5105 Thess.
604 5053 655 5105 4.
678 5053 787 5121 15).
808 5052 957 5106 Jesus
976 5054 1113 5105 enim
1137 5053 1284 5105 nobis
1309 5062 1359 5105 et
1381 5052 1462 5105 hic
1489 5052 1779 5104 viventibus

220 5146 374 5197 salus
403 5150 502 5207 est,
532 5150 583 5195 et
606 5141 725 5194 hinc
759 5140 1121 5194 recedentibus
1145 5143 1245 5193 vita
1276 5151 1372 5194 est.
1409 5142 1567 5205 Mihi,
1616 5142 1779 5208 inquit

193 5242 237 5289 Λ
258 5232 698 5301 postolus,vivere
715 5227 937 5284 Christus
959 5238 1049 5294 est,
1079 5239 1124 5280 et
1154 5230 1277 5281 mori
1304 5230 1494 5281 lucrum
1526 5228 1775 5297 (Philipp.

212 5325 261 5373 ί.
314 5314 423 5384 21)..
460 5318 681 5371 Lucrum
704 5317 871 5386 plane,
893 5318 1012 5385 quia
1033 5318 1295 5385 angustias
1314 5325 1367 5370 et
1387 5316 1771 5379 tribulationes,

289 5513 308 5542 ⁸
344 5518 425 5557 Ms.
454 5510 770 5569 Corbeiensis,
796 5524 922 5561 more
944 5510 1159 5559 humano.

293 5573 314 5601 ²
350 5578 427 5616 M8.
451 5570 771 5627 Corbeiensis,
791 5571 963 5620 Christi
986 5574 1184 5619 adventu
1207 5574 1452 5630 pendente.

293 5632 315 5662 ³
347 5630 462 5679 aditi
484 5632 690 5691 quidam,
716 5645 805 5681 uno
821 5645 1032 5683 sermone
1054 5641 1103 5681 ut
1120 5640 1366 5695 utrumque
1390 5633 1651 5681 docti-tuam
1676 5646 1779 5695 pro-

1344 377 1431 432 DE
1466 368 1972 431 CONSOLATIONE
2010 368 2275 426 MORTIS.

3324 385 3435 439 298

1876 501 2003 555 quas
2047 487 2202 541 habet
2230 487 2432 556 longior
2458 485 2599 553 vita,
2646 500 2790 541 mors
2819 486 3118 541 accelerans
3147 485 3424 541 lucrifacit.

1872 573 1989 627 Jam
2018 590 2140 626 vero
2167 574 2403 627 ordinem
2444 583 2498 628 et
2538 573 2772 628 habitum
2811 576 2920 643 Spei
2952 584 3145 628 nostra:
3173 575 3428 628 describit

1868 660 2173 728 Apostolus.
2203 663 2411 727 «Hoc,»
2457 664 2641 731 inquit,
2690 663 2872 716 «vobis
2912 664 3135 716 dicimus
3175 663 3223 715 in
3267 664 3427 716 verho

1875 752 2100 816 Domini,
2133 754 2250 821 quia
2284 767 2379 806 nos
2405 755 2490 821 qui
2520 754 2759 815 vivimus,
2786 753 2873 821 qui
2906 754 3098 806 residui
3128 768 3309 807 sumus
3329 794 3343 813 ,
3375 754 3424 805 in

1874 840 2099 893 adventu
2142 841 2254 907 ejus
2280 855 2382 893 non
2412 842 2790 909 praeveniemus
2826 857 2915 894 eos
2942 842 3029 909 qui
3057 843 3379 895 dormierunt
3406 859 3419 893 :

1872 930 1989 997 quia
2019 930 2128 997 ipse
2154 930 2403 983 Dominus
2429 932 2478 982 in
2505 930 2650 996 jussu
2680 939 2731 982 et
2758 944 2883 982 voce
2907 930 3203 997 archangeli
3228 970 3242 993 ,
3288 940 3341 983 et
3371 931 3421 983 in

1874 1020 1992 1071 tuba
2021 1018 2109 1072 Dei
2137 1018 2419 1072 descendet
2439 1019 2504 1073 de
2531 1021 2679 1081 etnlo,
2714 1028 2764 1071 et
2806 1020 2991 1072 mortui
3024 1021 3109 1086 qui
3142 1020 3190 1071 in
3216 1019 3425 1072 Christo

1872 1117 1993 1159 sunt
2024 1119 2295 1175 resurgent
2321 1108 2472 1174 primi
2502 1126 2513 1160 :
2544 1107 2733 1161 deinde
2762 1122 2858 1159 nos
2884 1108 2968 1175 qui
3001 1108 3241 1171 vivimus,
3266 1109 3421 1161 simul

1871 1210 1986 1247 cum
2010 1195 2110 1247 illis
2135 1196 2397 1263 rapiemur
2418 1196 2467 1248 iu
2495 1196 2715 1249 nubibus
2730 1195 2933 1249 obviam
2960 1194 3169 1249 Christo
3199 1196 3247 1249 in
3273 1211 3417 1262 aera,

1872 1291 1923 1335 et
1952 1282 2022 1334 ita
2052 1297 2258 1352 semper
2281 1299 2398 1336 cum
2422 1283 2640 1336 Domino
2669 1284 2862 1336 erimus
2886 1301 2904 1334 ι
2932 1284 3006 1352 (l.
3030 1283 3203 1337 Thess.
3230 1286 3282 1336 4.
3314 1287 3422 1338 14-

1873 1369 1980 1437 16).
2012 1369 2121 1423 Hoc
2160 1379 2241 1423 est
2266 1370 2402 1437 quod
2429 1371 2585 1433 dicit,
2615 1372 2733 1439 quia
2761 1386 2878 1425 cum
2910 1373 3108 1425 venerit
3140 1374 3383 1426 Dominus
3405 1413 3422 1436 ,

1868 1459 2100 1513 inveniet
2141 1461 2334 1513 multos
2362 1461 2412 1512 in
2444 1473 2663 1526 corpore
2700 1460 3041 1525 Christianos,
3075 1462 3162 1529 qui
3192 1463 3420 1516 nondum

1871 1549 2074 1615 experti
2102 1557 2223 1601 sunt
2245 1557 2466 1603 mortem
2493 1565 2504 1599 :
2529 1558 2581 1602 et
2607 1556 2777 1601 tamen
2800 1564 2900 1602 nou
2926 1559 3045 1603 ante
3071 1550 3337 1617 rapientur
3358 1552 3422 1604 ad

1876 1637 2096 1702 czelum,
2142 1652 2295 1705 quam
2335 1638 2525 1691 mortui
2565 1638 2729 1690 sancti
2765 1638 2830 1690 de
2872 1642 3222 1693 monumentis
3248 1653 3424 1693 resur«

1877 1728 2125 1792 rexerint,
2158 1729 2278 1781 tuba
2309 1728 2397 1781 Dei
2440 1737 2492 1780 et
2537 1742 2661 1780 voce
2691 1727 2985 1796 archangeli
3015 1730 3265 1783 suscitati.
3292 1731 3423 1783 Cum

1874 1824 2046 1869 autem
2086 1815 2278 1869 fuerint
2306 1816 2557 1881 suscitati,
2583 1816 2746 1883 juncti
2775 1819 2966 1884 pariter
2990 1833 3105 1871 cum
3135 1820 3426 1873 viventibus

1874 1904 2143 1971 rapientur
2187 1906 2237 1957 in
2268 1905 2491 1959 nubibus
2521 1905 2724 1957 obviam
2754 1904 2964 1958 Christo
2991 1908 3042 1958 in
3074 1920 3195 1959 aera
3218 1948 3230 1968 ,
3263 1915 3314 1959 et
3351 1909 3427 1961 sic

1876 2006 2085 2060 semper
2108 2007 2226 2046 cum
2255 1994 2367 2061 ipso
2406 1994 2713 2062 rcgnabunt.
2741 1994 2846 2048 Nec
2873 2010 2997 2048 sane
3022 1995 3185 2062 possit
3204 1994 3427 2048 dubitari

1875 2083 2010 2150 quod
2052 2084 2251 2150 possint
2290 2098 2505 2150 corpora
2527 2122 2539 2145 ,
2572 2083 2803 2149 quamvis
2836 2084 2939 2134 sint
2966 2084 3137 2149 gravia
3162 2122 3177 2145 ,
3226 2082 3276 2135 in
3306 2098 3425 2135 aera

1876 2171 2139 2224 sublevari
2166 2190 2176 2224 :
2202 2186 2318 2224 cum
2344 2172 2559 2239 jubente
2593 2171 2810 2223 Domino
2839 2170 3021 2223 Petrus
3048 2172 3211 2238 ipsum
3238 2186 3428 2239 corpus

1879 2260 2072 2314 habens
2113 2277 2268 2329 super
2313 2262 2476 2315 undas
2516 2262 2858 2317 ambulaverit
2902 2266 3059 2317 maris
3090 2264 3297 2333 (Matth.
3339 2265 3425 2317 Η.

1878 2347 1995 2417 29),
2020 2348 2159 2401 Elias
2185 2364 2391 2417 quoque
2418 2350 2479 2402 ad
2509 2350 2663 2416 hujus
2688 2352 2796 2418 spei
2825 2351 3274 2404 conﬁrmationem
3293 2391 3307 2415 ,
3336 2366 3430 2417 per

1883 2436 2018 2489 hunc
2045 2450 2165 2488 aera
2192 2451 2347 2490 curru
2377 2436 2619 2492 ﬂammeo
2639 2441 2701 2491 sit
2726 2449 2902 2506 raptus
2920 2440 2983 2491 ad
3000 2440 3181 2492 caelum
3200 2439 3274 2507 (4.
3301 2438 3424 2509 Reg.

1877 2525 1930 2577 2.
1965 2526 2073 2593 lt).

1951 2615 2003 2668 ϐ.
2054 2616 2235 2680 Quales
2274 2617 2433 2686 futuri
2466 2619 2619 2670 simus
2658 2627 2767 2686 post
2806 2616 3429 2672 resurrectionem—Sci!

1882 2705 2073 2772 quaeris
2101 2705 2237 2758 forte
2263 2722 2273 2757 :
2298 2706 2490 2770 Quales
2517 2717 2669 2760 erunt
2706 2708 2790 2775 qui
2820 2722 2847 2759 a
2876 2708 3094 2760 mortuis
3131 2722 3432 2760 resurrexe-

1882 2793 2020 2847 rint?
2067 2795 2199 2847 Audi
2246 2796 2411 2862 ipsum
2461 2796 2717 2849 dicentem
2762 2796 3036 2849 Dominum
3070 2806 3210 2849 tuum
3238 2795 3430 2860 :Tuuc,

1881 2883 2064 2952 inquit,
2108 2885 2230 2951 ξηειὶ
2270 2884 2557 2952 fulgebunt,
2603 2887 2729 2937 sicut
2768 2886 2842 2937 sol
2883 2885 2934 2937 in
2972 2901 3121 2953 regno
3153 2885 3318 2938 Patris
3355 2888 3433 2938 sui

1881 2972 2089 3042 (Matth.
2114 2974 2198 3025 l3.
2223 2973 2332 3043 45).
2351 2973 2483 3037 Quid
2506 2974 2835 3040 splendorem
2851 2990 3253 3028 commemorem
3275 2976 3434 3028 solis?

1880 3064 2009 3116 Cum
2039 3064 2217 3117 fideles
2246 3064 2599 3133 transfigurari
2626 3079 2840 3117 necesse
2866 3074 2943 3117 cst
2968 3064 3031 3115 ad
3062 3065 3221 3132 ipsius
3243 3064 3432 3117 Christi

1884 3155 2090 3207 Domini
2136 3156 2460 3219 claritatem,
2513 3164 2569 3207 ut
2622 3163 2841 3209 testatur
2891 3154 3155 3222 apostolus
3201 3155 3429 3207 Paulus:

1887 3261 1904 3294 ι
1923 3242 2125 3307 Nostra,
2156 3262 2174 3294 ι
2208 3245 2393 3312 inquit,
2428 3262 2446 3295 ι
2469 3244 2795 3297 conversatio
2822 3245 2870 3296 in
2902 3244 3044 3296 cit-lis
3070 3253 3148 3296 est
3174 3261 3184 3294 :
3213 3244 3349 3297 unde
3378 3253 3433 3297 et

1880 3332 2046 3399 ipsum
2068 3330 2385 3386 Salvatorem
2408 3341 2772 3399 exspectamus
2798 3331 3067 3384 Dominum
3091 3330 3265 3384 Jesmn
3284 3329 3435 3383 Chri-

1881 3430 2036 3482 stum,
2066 3421 2151 3489 qui
2180 3419 2569 3474 transformabit
2597 3433 2785 3487 corpus
2812 3419 3118 3471 humilitatis
3146 3428 3335 3471 nostra:
3362 3421 3426 3471 ad

1880 3507 2343 3561 conformationem
2368 3509 2599 3576 corporis
2620 3507 2802 3575 glorizc
2826 3523 2931 3558 sua:
2961 3526 2976 3555 ι
3004 3505 3252 3575 (Philipp.
3269 3509 3319 3558 3.
3340 3508 3430 3560 20.

1879 3597 2477 3665 2t):transtigurahitur
2515 3597 2626 3647 sine
2666 3594 2822 3647 dubio
2874 3609 2995 3646 caro
3040 3595 3131 3647 ista
3194 3596 3431 3646 mortali;

1880 3686 1944 3740 ad
1971 3686 2435 3739 conformationem
2458 3684 2650 3738 Christi
2673 3683 2939 3743 claritatis,
2964 3682 3141 3736 induet
3167 3684 3183 3713 ¹
3216 3684 3434 3738 mortale

1881 3776 2353 3830 immortalitatem:
2374 3776 2494 3844 quia
2528 3775 2675 3839 Quod
2699 3776 2993 3828 seminatum
3019 3775 3181 3843 fuerat
3210 3777 3258 3827 in
3289 3776 3433 3841 inﬁr-

1881 3869 2067 3931 mitate,
2097 3867 2329 3934 protinus
2353 3875 2517 3935 surget
2543 3866 2594 3917 in
2620 3865 2793 3917 virtute
2819 3862 2893 3935 (l.
2921 3863 3035 3916 Cor.
3062 3864 3144 3917 15.
3174 3865 3284 3931 45).
3318 3862 3429 3917 Νοη

1883 3956 2085 4008 timebit
2112 3970 2236 4007 caro
2263 3954 2483 4022 amplius
2522 3952 2905 4019 corruptionem
2927 3993 2940 4015 ,
2972 3967 3073 4004 non
3105 3952 3325 4019 patietur
3353 3951 3432 4005 fa-

1884 4059 2039 4104 mem,
2070 4058 2171 4095 non
2194 4042 2366 4105 sitim,
2400 4057 2501 4094 non
2532 4040 2865 4107 aegritudines
2888 4082 2901 4103 ,
2934 4055 3035 4092 non
3065 4055 3217 4093 casus
3244 4041 3435 4095 adver-

1882 4149 1989 4188 sos.
2020 4135 2125 4187 Pax
2151 4133 2288 4186 enim
2318 4140 2423 4185 tuta
2446 4173 2459 4193 ,
2492 4140 2543 4185 et
2574 4131 2720 4184 firma
2761 4131 3013 4184 securitas
3044 4131 3161 4183 vitm
3187 4141 3283 4184 est.
3318 4132 3431 4185 Alia

1883 4223 2058 4290 utique
2083 4220 2303 4274 czelcstis
2332 4230 2412 4274 cst
2435 4220 2597 4289 gloria
2622 4259 2638 4283 ,
2667 4218 2753 4272 ubi
2793 4228 2846 4273 ct
2874 4219 3115 4287 gaudium
3147 4219 3258 4271 sine
3284 4218 3431 4273 defe-

1883 4313 2055 4366 ctione
2086 4311 2434 4380 priestabitur.

1955 4404 2004 4455 7.
2041 4402 2177 4455 Mors
2207 4404 2362 4471 magis
2386 4401 2624 4470 optanda,
2656 4416 2803 4468 quam
2829 4399 3061 4468 lugenda,
3093 4401 3179 4450 sed
3212 4415 3307 4451 non
3342 4400 3434 4452 sibi

1882 4489 2385 4560 inferenda.——ll:ec
2429 4490 2479 4541 in
2527 4502 2683 4540 sensu
2728 4496 2778 4539 et
2819 4487 2982 4539 oculis
3021 4502 3207 4554 gerens
3249 4487 3433 4539 beatus

1885 4582 2074 4635 Paulus
2101 4580 2339 4644 dicebat,
2378 4597 2394 4629 t
2420 4577 2671 4645 Optabam
2716 4575 2950 4641 dissolvi,
2985 4584 3036 4628 et
3075 4590 3191 4628 eum
3224 4576 3433 4630 Christo

1882 4686 1999 4724 esse
2028 4670 2192 4722 multo
2214 4668 2374 4736 magis
2398 4667 2581 4719 melius
2599 4668 2618 4697 ³
2644 4685 2661 4715 ›
2690 4664 2940 4736 (Philipp.
2972 4664 3131 4732 l.23)
3149 4705 3159 4714 .
3180 4665 3245 4716 Et
3264 4664 3431 4718 adhuc

1883 4767 2061 4825 aperte
2088 4757 2280 4809 docens
2299 4796 2311 4819 ,
2352 4774 2371 4805 ‹
2397 4756 2525 4807 Dum
2557 4767 2755 4815 sumus,
2780 4771 2797 4802 ›
2833 4753 3016 4820 inquit,
3049 4772 3065 4803 ι
3090 4753 3137 4805 in
3168 4767 3392 4819 corpore
3416 4795 3429 4813 ,

1884 4846 2274 4914 peregrinamur
2294 4858 2320 4894 a
2348 4844 2565 4895 Domino
2590 4860 2601 4893 :
2628 4857 2719 4909 per
2742 4842 2893 4894 fidem
2920 4841 3058 4893 enim
3085 4840 3430 4901 ambulamus,

1883 4944 1935 4987 et
1964 4947 2064 4985 non
2097 4946 2187 4997 per
2206 4931 2449 4999 speciem.
2490 4929 2753 4982 I‘labcmus
2773 4936 2943 4980 autem
2969 4929 3149 4993 magis,
3177 4945 3194 4976 ι
3237 4928 3430 4991 inquit,

1890 5044 1908 5077 ο
1928 5027 2113 5080 bonam
2129 5024 2441 5075 voluntatem
2458 5020 2773 5089 peregrinari
2790 5034 2816 5069 a
2830 5032 3067 5084 corpore,
3083 5028 3133 5069 et
3147 5026 3433 5082 prmscntes

1884 5131 2000 5171 esse
2024 5115 2084 5168 ad
2107 5115 2383 5167 Dominum
2407 5132 2422 5162 ι
2464 5112 2536 5180 (2.
2572 5110 2682 5163 Cor.
2710 5110 2761 5162 5.
2781 5107 2919 5175 6-8).
2944 5106 3074 5172 Quid
3106 5106 3307 5174 agimus
3338 5118 3431 5156 nos

1886 5222 2056 5275 parvae
2088 5206 2205 5257 ﬂdei
2247 5204 2505 5263 homines,
2551 5201 2640 5268 qui
2669 5199 2941 5251 anxiamur
2967 5207 3019 5251 et
3056 5198 3322 5249 deficimus
3344 5234 3359 5259 ,
3391 5196 3431 5245 si

1885 5295 2071 5364 aliquis
2110 5294 2176 5347 de
2215 5293 2350 5346 caris
2384 5290 2581 5343 nostris
2626 5288 2814 5357 migret
2854 5287 2917 5340 ad
2951 5287 3264 5339 Dominum?
3298 5283 3432 5348 Quid

1948 5513 1963 5542 ί
1998 5518 2123 5565 Mss,
2147 5509 2385 5557 induetur.
2624 5563 2635 5565 _
2956 5562 2967 5565 ,
2987 5561 2997 5565 _
3226 5558 3249 5565 .,
3377 5555 3387 5565 .

1947 5574 1966 5602 ³
1999 5572 2071 5617 sic
2112 5558 2186 5615 iis.
2221 5566 2537 5616 Corbciensls.
2578 5563 2693 5611 Editi
2738 5575 2855 5608 vero
2888 5561 3076 5621 quidam
3097 5594 3111 5619 ,
3138 5558 3281 5607 multo
3312 5558 3439 5605 enim

1885 5629 2067 5699 melius.
2092 5629 2216 5676 Infra
2240 5635 2316 5676 its.
2352 5626 2512 5681 Corn,
2555 5631 2807 5687 pra’sentes
2843 5635 2941 5671 esse
2986 5628 3027 5669 et
3060 5622 3312 5670 adventare
3347 5624 3432 5667 Do-

1888 5704 2030 5743 mino.
