  <div class='ocr_page' id='page_1' title='image "/cluster/home/n/w/nwhite01/storage/ocr_20150623/56/pst.000005712557/299.png"; bbox 0 0 4138 6306; ppageno 0'>
   <div class='ocr_carea' id='block_1_1' title="bbox 739 381 853 437">
    <p class='ocr_par' dir='ltr' id='par_1_1' title="bbox 739 381 853 437">
     <span class='ocr_line' id='line_1_1' title="bbox 739 381 853 437; baseline 0.035 -4"><span class='ocrx_word' id='word_1_1' title='bbox 739 381 853 437; x_wconf 82' lang='lat'><strong>299</strong></span> 
     </span>
    </p>
   </div>
   <div class='ocr_carea' id='block_1_2' title="bbox 737 473 2283 547">
    <p class='ocr_par' dir='ltr' id='par_1_2' title="bbox 737 473 2283 547">
     <span class='ocr_line' id='line_1_2' title="bbox 737 473 2283 547; baseline -0.003 -16"><span class='ocrx_word' id='word_1_2' title='bbox 737 477 973 545; x_wconf 86' lang='lat' dir='ltr'><strong>agimus,</strong></span> <span class='ocrx_word' id='word_1_3' title='bbox 1018 491 1152 547; x_wconf 82' lang='lat' dir='ltr'><strong>quos</strong></span> <span class='ocrx_word' id='word_1_4' title='bbox 1180 476 1524 546; x_wconf 74' lang='lat' dir='ltr'><strong>peregrinatio</strong></span> <span class='ocrx_word' id='word_1_5' title='bbox 1552 478 1602 531; x_wconf 92' lang='lat' dir='ltr'><strong>in</strong></span> <span class='ocrx_word' id='word_1_6' title='bbox 1632 476 1732 531; x_wconf 91' lang='lat' dir='ltr'><strong>hoc</strong></span> <span class='ocrx_word' id='word_1_7' title='bbox 1762 475 1959 531; x_wconf 88' lang='lat' dir='ltr'><strong>mundo</strong></span> <span class='ocrx_word' id='word_1_8' title='bbox 2002 475 2166 544; x_wconf 88' lang='lat' dir='ltr'><strong>magis</strong></span> <span class='ocrx_word' id='word_1_9' title='bbox 2189 473 2283 527; x_wconf 87' lang='lat' dir='ltr'><strong>de-</strong></span> 
     </span>
    </p>
   </div>
   <div class='ocr_carea' id='block_1_3' title="bbox 739 563 2293 635">
    <p class='ocr_par' dir='ltr' id='par_1_3' title="bbox 739 563 2293 635">
     <span class='ocr_line' id='line_1_3' title="bbox 739 563 2293 635; baseline -0.002 -16"><span class='ocrx_word' id='word_1_10' title='bbox 739 568 928 633; x_wconf 88' lang='lat' dir='ltr'><strong>lectat,</strong></span> <span class='ocrx_word' id='word_1_11' title='bbox 972 582 1126 635; x_wconf 87' lang='lat' dir='ltr'><strong>quam</strong></span> <span class='ocrx_word' id='word_1_12' title='bbox 1176 567 1541 635; x_wconf 69' lang='lat' dir='ltr'><strong>reprtescntari</strong></span> <span class='ocrx_word' id='word_1_13' title='bbox 1584 567 1648 619; x_wconf 87' lang='lat' dir='ltr'><strong>ad</strong></span> <span class='ocrx_word' id='word_1_14' title='bbox 1686 566 1878 623; x_wconf 78' lang='lat' dir='ltr'><strong>Christi</strong></span> <span class='ocrx_word' id='word_1_15' title='bbox 1917 563 2293 633; x_wconf 78' lang='lat' dir='ltr'><strong>conspectum?</strong></span> 
     </span>
    </p>
   </div>
   <div class='ocr_carea' id='block_1_4' title="bbox 741 654 2292 724">
    <p class='ocr_par' dir='ltr' id='par_1_4' title="bbox 741 654 2292 724">
     <span class='ocr_line' id='line_1_4' title="bbox 741 654 2292 724; baseline 0 -17"><span class='ocrx_word' id='word_1_16' title='bbox 741 654 895 717; x_wconf 78' lang='lat' dir='ltr'><strong>Vere,</strong></span> <span class='ocrx_word' id='word_1_17' title='bbox 928 670 1053 709; x_wconf 83' lang='lat' dir='ltr'><strong>vere</strong></span> <span class='ocrx_word' id='word_1_18' title='bbox 1084 655 1433 724; x_wconf 89' lang='lat' dir='ltr'><strong>peregrinatio</strong></span> <span class='ocrx_word' id='word_1_19' title='bbox 1457 663 1537 709; x_wconf 91' lang='lat' dir='ltr'><strong>est</strong></span> <span class='ocrx_word' id='word_1_20' title='bbox 1559 669 1714 709; x_wconf 91' lang='lat' dir='ltr'><strong>omne</strong></span> <span class='ocrx_word' id='word_1_21' title='bbox 1734 654 1871 723; x_wconf 94' lang='lat' dir='ltr'><strong>quod</strong></span> <span class='ocrx_word' id='word_1_22' title='bbox 1893 654 2113 708; x_wconf 84' lang='lat' dir='ltr'><strong>vivimus</strong></span> <span class='ocrx_word' id='word_1_23' title='bbox 2138 672 2149 707; x_wconf 92' lang='lat'><strong>:</strong></span> <span class='ocrx_word' id='word_1_24' title='bbox 2174 668 2292 707; x_wconf 91' lang='lat' dir='ltr'><strong>nam</strong></span> 
     </span>
    </p>
   </div>
   <div class='ocr_carea' id='block_1_5' title="bbox 741 742 2289 811">
    <p class='ocr_par' dir='ltr' id='par_1_5' title="bbox 741 742 2289 811">
     <span class='ocr_line' id='line_1_5' title="bbox 741 742 2289 811; baseline 0.001 -16"><span class='ocrx_word' id='word_1_25' title='bbox 741 744 875 796; x_wconf 88' lang='lat' dir='ltr'><strong>sicut</strong></span> <span class='ocrx_word' id='word_1_26' title='bbox 919 744 1176 811; x_wconf 70' lang='lat' dir='ltr'><strong>peregrini</strong></span> <span class='ocrx_word' id='word_1_27' title='bbox 1212 746 1259 795; x_wconf 93' lang='lat' dir='ltr'><strong>in</strong></span> <span class='ocrx_word' id='word_1_28' title='bbox 1292 744 1515 808; x_wconf 61' lang='lat' dir='ltr'><strong>saeculo,</strong></span> <span class='ocrx_word' id='word_1_29' title='bbox 1556 744 1710 799; x_wconf 86' lang='lat' dir='ltr'><strong>sedes</strong></span> <span class='ocrx_word' id='word_1_30' title='bbox 1755 744 2006 798; x_wconf 78' lang='lat' dir='ltr'><strong>habemus</strong></span> <span class='ocrx_word' id='word_1_31' title='bbox 2032 742 2289 805; x_wconf 86' lang='lat' dir='ltr'><strong>incertas,</strong></span> 
     </span>
    </p>
   </div>
   <div class='ocr_carea' id='block_1_6' title="bbox 740 831 2291 897">
    <p class='ocr_par' dir='ltr' id='par_1_6' title="bbox 740 831 2291 897">
     <span class='ocr_line' id='line_1_6' title="bbox 740 831 2291 897; baseline 0.001 -13"><span class='ocrx_word' id='word_1_32' title='bbox 740 832 1070 895; x_wconf 79' lang='lat' dir='ltr'><strong>laboramus,</strong></span> <span class='ocrx_word' id='word_1_33' title='bbox 1116 832 1433 887; x_wconf 77' lang='lat' dir='ltr'><strong>desudamus</strong></span> <span class='ocrx_word' id='word_1_34' title='bbox 1455 874 1467 896; x_wconf 92' lang='lat'><strong>,</strong></span> <span class='ocrx_word' id='word_1_35' title='bbox 1514 834 1623 887; x_wconf 85' lang='lat' dir='ltr'><strong>vias</strong></span> <span class='ocrx_word' id='word_1_36' title='bbox 1658 833 1984 889; x_wconf 86' lang='lat' dir='ltr'><strong>ambulantes</strong></span> <span class='ocrx_word' id='word_1_37' title='bbox 2016 831 2253 887; x_wconf 92' lang='lat' dir='ltr'><strong>difficiles</strong></span> <span class='ocrx_word' id='word_1_38' title='bbox 2276 874 2291 897; x_wconf 98' lang='lat'><strong>,</strong></span> 
     </span>
    </p>
   </div>
   <div class='ocr_carea' id='block_1_7' title="bbox 743 924 2293 993">
    <p class='ocr_par' dir='ltr' id='par_1_7' title="bbox 743 924 2293 993">
     <span class='ocr_line' id='line_1_7' title="bbox 743 924 2293 993; baseline -0.001 -16"><span class='ocrx_word' id='word_1_39' title='bbox 743 924 990 992; x_wconf 78' lang='lat' dir='ltr'><strong>periculis</strong></span> <span class='ocrx_word' id='word_1_40' title='bbox 1018 924 1237 993; x_wconf 89' lang='lat' dir='ltr'><strong>plenas:</strong></span> <span class='ocrx_word' id='word_1_41' title='bbox 1265 924 1490 992; x_wconf 87' lang='lat' dir='ltr'><strong>undique</strong></span> <span class='ocrx_word' id='word_1_42' title='bbox 1533 924 1734 977; x_wconf 67' lang='lat' dir='ltr'><strong>insidiae</strong></span> <span class='ocrx_word' id='word_1_43' title='bbox 1760 966 1773 988; x_wconf 93' lang='lat'><strong>,</strong></span> <span class='ocrx_word' id='word_1_44' title='bbox 1822 938 1851 977; x_wconf 88' lang='lat' dir='ltr'><strong>a</strong></span> <span class='ocrx_word' id='word_1_45' title='bbox 1897 924 2233 991; x_wconf 76' lang='lat' dir='ltr'><strong>spiritalibus,</strong></span> <span class='ocrx_word' id='word_1_46' title='bbox 2265 938 2293 976; x_wconf 92' lang='lat' dir='ltr'><strong>a</strong></span> 
     </span>
    </p>
   </div>
   <div class='ocr_carea' id='block_1_8' title="bbox 739 1011 2297 1081">
    <p class='ocr_par' dir='ltr' id='par_1_8' title="bbox 739 1011 2297 1081">
     <span class='ocr_line' id='line_1_8' title="bbox 739 1011 2297 1081; baseline -0.001 -16"><span class='ocrx_word' id='word_1_47' title='bbox 739 1012 1100 1081; x_wconf 87' lang='lat' dir='ltr'><strong>corporalibus</strong></span> <span class='ocrx_word' id='word_1_48' title='bbox 1124 1011 1399 1075; x_wconf 77' lang='lat' dir='ltr'><strong>inimicis‘,</strong></span> <span class='ocrx_word' id='word_1_49' title='bbox 1426 1012 1655 1080; x_wconf 89' lang='lat' dir='ltr'><strong>undique</strong></span> <span class='ocrx_word' id='word_1_50' title='bbox 1676 1024 1913 1065; x_wconf 89' lang='lat' dir='ltr'><strong>errorum</strong></span> <span class='ocrx_word' id='word_1_51' title='bbox 1933 1011 2153 1065; x_wconf 86' lang='lat' dir='ltr'><strong>calliculi</strong></span> <span class='ocrx_word' id='word_1_52' title='bbox 2176 1020 2297 1065; x_wconf 87' lang='lat' dir='ltr'><strong>sunt</strong></span> 
     </span>
    </p>
   </div>
   <div class='ocr_carea' id='block_1_9' title="bbox 741 1101 2295 1172">
    <p class='ocr_par' dir='ltr' id='par_1_9' title="bbox 741 1101 2295 1172">
     <span class='ocr_line' id='line_1_9' title="bbox 741 1101 2295 1172; baseline 0.001 -16"><span class='ocrx_word' id='word_1_53' title='bbox 741 1102 1039 1171; x_wconf 66' lang='lat' dir='ltr'><strong>praeparati.</strong></span> <span class='ocrx_word' id='word_1_54' title='bbox 1086 1102 1151 1154; x_wconf 86' lang='lat' dir='ltr'><strong>Et</strong></span> <span class='ocrx_word' id='word_1_55' title='bbox 1188 1117 1307 1155; x_wconf 91' lang='lat' dir='ltr'><strong>cum</strong></span> <span class='ocrx_word' id='word_1_56' title='bbox 1352 1102 1511 1155; x_wconf 89' lang='lat' dir='ltr'><strong>tantis</strong></span> <span class='ocrx_word' id='word_1_57' title='bbox 1540 1101 1786 1169; x_wconf 89' lang='lat' dir='ltr'><strong>periculis</strong></span> <span class='ocrx_word' id='word_1_58' title='bbox 1824 1116 2140 1172; x_wconf 86' lang='lat' dir='ltr'><strong>urgeamur,</strong></span> <span class='ocrx_word' id='word_1_59' title='bbox 2193 1118 2295 1157; x_wconf 89' lang='lat' dir='ltr'><strong>non</strong></span> 
     </span>
    </p>
   </div>
   <div class='ocr_carea' id='block_1_10' title="bbox 741 1190 2297 1259">
    <p class='ocr_par' dir='ltr' id='par_1_10' title="bbox 741 1190 2297 1259">
     <span class='ocr_line' id='line_1_10' title="bbox 741 1190 2297 1259; baseline 0.002 -16"><span class='ocrx_word' id='word_1_60' title='bbox 741 1191 911 1245; x_wconf 90' lang='lat' dir='ltr'><strong>solum</strong></span> <span class='ocrx_word' id='word_1_61' title='bbox 940 1190 1036 1258; x_wconf 90' lang='lat' dir='ltr'><strong>ipsi</strong></span> <span class='ocrx_word' id='word_1_62' title='bbox 1076 1204 1181 1244; x_wconf 93' lang='lat' dir='ltr'><strong>non</strong></span> <span class='ocrx_word' id='word_1_63' title='bbox 1208 1192 1447 1259; x_wconf 88' lang='lat' dir='ltr'><strong>cupimus</strong></span> <span class='ocrx_word' id='word_1_64' title='bbox 1473 1192 1685 1245; x_wconf 82' lang='lat' dir='ltr'><strong>liberari</strong></span> <span class='ocrx_word' id='word_1_65' title='bbox 1705 1232 1718 1255; x_wconf 94' lang='lat'><strong>,</strong></span> <span class='ocrx_word' id='word_1_66' title='bbox 1749 1191 1840 1245; x_wconf 79' lang='lat' dir='ltr'><strong>sed</strong></span> <span class='ocrx_word' id='word_1_67' title='bbox 1869 1192 2022 1245; x_wconf 90' lang='lat' dir='ltr'><strong>etiam</strong></span> <span class='ocrx_word' id='word_1_68' title='bbox 2054 1194 2297 1245; x_wconf 85' lang='lat' dir='ltr'><strong>liberatos</strong></span> 
     </span>
    </p>
   </div>
   <div class='ocr_carea' id='block_1_11' title="bbox 743 1278 2297 1348">
    <p class='ocr_par' dir='ltr' id='par_1_11' title="bbox 743 1278 2297 1348">
     <span class='ocr_line' id='line_1_11' title="bbox 743 1278 2297 1348; baseline 0.001 -16"><span class='ocrx_word' id='word_1_69' title='bbox 743 1290 1006 1348; x_wconf 82' lang='lat' dir='ltr'><strong>tamquam</strong></span> <span class='ocrx_word' id='word_1_70' title='bbox 1035 1279 1266 1347; x_wconf 90' lang='lat' dir='ltr'><strong>perditos</strong></span> <span class='ocrx_word' id='word_1_71' title='bbox 1296 1280 1531 1348; x_wconf 81' lang='lat' dir='ltr'><strong>lugemus</strong></span> <span class='ocrx_word' id='word_1_72' title='bbox 1560 1288 1611 1333; x_wconf 91' lang='lat' dir='ltr'><strong>et</strong></span> <span class='ocrx_word' id='word_1_73' title='bbox 1643 1280 1955 1348; x_wconf 75' lang='lat' dir='ltr'><strong>plangimus.</strong></span> <span class='ocrx_word' id='word_1_74' title='bbox 1983 1278 2123 1343; x_wconf 84' lang='lat' dir='ltr'><strong>Quid</strong></span> <span class='ocrx_word' id='word_1_75' title='bbox 2145 1279 2297 1333; x_wconf 89' lang='lat' dir='ltr'><strong>nobis</strong></span> 
     </span>
    </p>
   </div>
   <div class='ocr_carea' id='block_1_12' title="bbox 744 1369 2299 1439">
    <p class='ocr_par' dir='ltr' id='par_1_12' title="bbox 744 1369 2299 1439">
     <span class='ocr_line' id='line_1_12' title="bbox 744 1369 2299 1439; baseline 0.001 -16"><span class='ocrx_word' id='word_1_76' title='bbox 744 1371 987 1439; x_wconf 68' lang='lat' dir='ltr'><strong>praestitit</strong></span> <span class='ocrx_word' id='word_1_77' title='bbox 1013 1370 1147 1423; x_wconf 90' lang='lat' dir='ltr'><strong>Deus</strong></span> <span class='ocrx_word' id='word_1_78' title='bbox 1171 1385 1263 1437; x_wconf 90' lang='lat' dir='ltr'><strong>per</strong></span> <span class='ocrx_word' id='word_1_79' title='bbox 1288 1385 1437 1423; x_wconf 88' lang='lat' dir='ltr'><strong>suum</strong></span> <span class='ocrx_word' id='word_1_80' title='bbox 1472 1369 1824 1439; x_wconf 84' lang='lat' dir='ltr'><strong>Unigenitum,</strong></span> <span class='ocrx_word' id='word_1_81' title='bbox 1851 1370 1894 1423; x_wconf 88' lang='lat' dir='ltr'><strong>si</strong></span> <span class='ocrx_word' id='word_1_82' title='bbox 1920 1369 2092 1424; x_wconf 88' lang='lat' dir='ltr'><strong>adhuc</strong></span> <span class='ocrx_word' id='word_1_83' title='bbox 2118 1372 2299 1424; x_wconf 87' lang='lat' dir='ltr'><strong>mortis</strong></span> 
     </span>
    </p>
   </div>
   <div class='ocr_carea' id='block_1_13' title="bbox 744 1458 2298 1526">
    <p class='ocr_par' dir='ltr' id='par_1_13' title="bbox 744 1458 2298 1526">
     <span class='ocr_line' id='line_1_13' title="bbox 744 1458 2298 1526; baseline 0 -15"><span class='ocrx_word' id='word_1_84' title='bbox 744 1460 991 1511; x_wconf 86' lang='lat' dir='ltr'><strong>timemus</strong></span> <span class='ocrx_word' id='word_1_85' title='bbox 1023 1458 1233 1511; x_wconf 83' lang='lat' dir='ltr'><strong>casum?</strong></span> <span class='ocrx_word' id='word_1_86' title='bbox 1263 1458 1395 1524; x_wconf 88' lang='lat' dir='ltr'><strong>Quid</strong></span> <span class='ocrx_word' id='word_1_87' title='bbox 1428 1472 1521 1511; x_wconf 89' lang='lat' dir='ltr'><strong>nos</strong></span> <span class='ocrx_word' id='word_1_88' title='bbox 1549 1467 1759 1511; x_wconf 89' lang='lat' dir='ltr'><strong>renatos</strong></span> <span class='ocrx_word' id='word_1_89' title='bbox 1783 1472 1844 1510; x_wconf 90' lang='lat' dir='ltr'><strong>ex</strong></span> <span class='ocrx_word' id='word_1_90' title='bbox 1872 1470 2006 1526; x_wconf 84' lang='lat' dir='ltr'><strong>aqua</strong></span> <span class='ocrx_word' id='word_1_91' title='bbox 2031 1465 2080 1511; x_wconf 93' lang='lat' dir='ltr'><strong>et</strong></span> <span class='ocrx_word' id='word_1_92' title='bbox 2105 1458 2298 1526; x_wconf 88' lang='lat' dir='ltr'><strong>Spiritu</strong></span> 
     </span>
    </p>
   </div>
   <div class='ocr_carea' id='block_1_14' title="bbox 745 1545 2299 1617">
    <p class='ocr_par' dir='ltr' id='par_1_14' title="bbox 745 1545 2299 1617">
     <span class='ocr_line' id='line_1_14' title="bbox 745 1545 2299 1617; baseline 0 -18"><span class='ocrx_word' id='word_1_93' title='bbox 745 1550 1043 1617; x_wconf 79' lang='lat' dir='ltr'><strong>gloriamur,</strong></span> <span class='ocrx_word' id='word_1_94' title='bbox 1065 1562 1197 1615; x_wconf 88' lang='lat' dir='ltr'><strong>quos</strong></span> <span class='ocrx_word' id='word_1_95' title='bbox 1216 1548 1562 1616; x_wconf 78' lang='lat' dir='ltr'><strong>peregrinatio</strong></span> <span class='ocrx_word' id='word_1_96' title='bbox 1582 1546 1648 1600; x_wconf 90' lang='lat' dir='ltr'><strong>de</strong></span> <span class='ocrx_word' id='word_1_97' title='bbox 1666 1546 1765 1599; x_wconf 91' lang='lat' dir='ltr'><strong>hoc</strong></span> <span class='ocrx_word' id='word_1_98' title='bbox 1787 1545 1979 1600; x_wconf 87' lang='lat' dir='ltr'><strong>mundo</strong></span> <span class='ocrx_word' id='word_1_99' title='bbox 1994 1547 2299 1601; x_wconf 75' lang='lat' dir='ltr'><strong>contristat?</strong></span> 
     </span>
    </p>
   </div>
   <div class='ocr_carea' id='block_1_15' title="bbox 747 1635 2301 1708">
    <p class='ocr_par' dir='ltr' id='par_1_15' title="bbox 747 1635 2301 1708">
     <span class='ocr_line' id='line_1_15' title="bbox 747 1635 2301 1708; baseline -0.003 -17"><span class='ocrx_word' id='word_1_100' title='bbox 747 1639 860 1708; x_wconf 67' lang='lat' dir='ltr'><strong>ipse</strong></span> <span class='ocrx_word' id='word_1_101' title='bbox 893 1639 1141 1691; x_wconf 84' lang='lat' dir='ltr'><strong>Dominus</strong></span> <span class='ocrx_word' id='word_1_102' title='bbox 1166 1638 1377 1700; x_wconf 88' lang='lat' dir='ltr'><strong>clamat,</strong></span> <span class='ocrx_word' id='word_1_103' title='bbox 1412 1636 1471 1689; x_wconf 88' lang='lat' dir='ltr'><strong>Si</strong></span> <span class='ocrx_word' id='word_1_104' title='bbox 1497 1637 1603 1701; x_wconf 83' lang='lat' dir='ltr'><strong>quis</strong></span> <span class='ocrx_word' id='word_1_105' title='bbox 1630 1636 1751 1687; x_wconf 82' lang='lat' dir='ltr'><strong>mihi</strong></span> <span class='ocrx_word' id='word_1_106' title='bbox 1778 1635 2042 1698; x_wconf 72' lang='lat' dir='ltr'><strong>ministrat,</strong></span> <span class='ocrx_word' id='word_1_107' title='bbox 2069 1644 2301 1703; x_wconf 80' lang='lat' dir='ltr'><strong>sequatur</strong></span> 
     </span>
    </p>
   </div>
   <div class='ocr_carea' id='block_1_16' title="bbox 744 1722 2298 1795">
    <p class='ocr_par' dir='ltr' id='par_1_16' title="bbox 744 1722 2298 1795">
     <span class='ocr_line' id='line_1_16' title="bbox 744 1722 2298 1795; baseline 0 -18"><span class='ocrx_word' id='word_1_108' title='bbox 744 1742 857 1779; x_wconf 86' lang='lat' dir='ltr'><strong>me:</strong></span> <span class='ocrx_word' id='word_1_109' title='bbox 880 1736 924 1779; x_wconf 88' lang='lat' dir='ltr'><strong>et</strong></span> <span class='ocrx_word' id='word_1_110' title='bbox 950 1727 1032 1778; x_wconf 90' lang='lat' dir='ltr'><strong>ubi</strong></span> <span class='ocrx_word' id='word_1_111' title='bbox 1056 1742 1144 1795; x_wconf 86' lang='lat' dir='ltr'><strong>ego</strong></span> <span class='ocrx_word' id='word_1_112' title='bbox 1170 1742 1303 1790; x_wconf 84' lang='lat' dir='ltr'><strong>sum,</strong></span> <span class='ocrx_word' id='word_1_113' title='bbox 1328 1726 1393 1777; x_wconf 90' lang='lat' dir='ltr'><strong>ibi</strong></span> <span class='ocrx_word' id='word_1_114' title='bbox 1417 1725 1507 1777; x_wconf 87' lang='lat' dir='ltr'><strong>erit</strong></span> <span class='ocrx_word' id='word_1_115' title='bbox 1527 1732 1571 1777; x_wconf 86' lang='lat' dir='ltr'><strong>et</strong></span> <span class='ocrx_word' id='word_1_116' title='bbox 1599 1724 1821 1778; x_wconf 77' lang='lat' dir='ltr'><strong>minister</strong></span> <span class='ocrx_word' id='word_1_117' title='bbox 1845 1740 1981 1776; x_wconf 79' lang='lat' dir='ltr'><strong>meus</strong></span> <span class='ocrx_word' id='word_1_118' title='bbox 2009 1722 2182 1792; x_wconf 85' lang='lat' dir='ltr'><strong>(Joan.</strong></span> <span class='ocrx_word' id='word_1_119' title='bbox 2211 1723 2298 1777; x_wconf 69' lang='grc' dir='ltr'><strong><em>η.</em></strong></span> 
     </span>
    </p>
   </div>
   <div class='ocr_carea' id='block_1_17' title="bbox 745 1814 2299 1886">
    <p class='ocr_par' dir='ltr' id='par_1_17' title="bbox 745 1814 2299 1886">
     <span class='ocr_line' id='line_1_17' title="bbox 745 1814 2299 1886; baseline -0.001 -17"><span class='ocrx_word' id='word_1_120' title='bbox 745 1816 858 1886; x_wconf 69' lang='lat'><strong>2:3).</strong></span> <span class='ocrx_word' id='word_1_121' title='bbox 910 1817 1066 1870; x_wconf 82' lang='lat' dir='ltr'><strong>Putas</strong></span> <span class='ocrx_word' id='word_1_122' title='bbox 1115 1817 1157 1869; x_wconf 95' lang='lat' dir='ltr'><strong>si</strong></span> <span class='ocrx_word' id='word_1_123' title='bbox 1203 1830 1297 1870; x_wconf 90' lang='lat' dir='ltr'><strong>rex</strong></span> <span class='ocrx_word' id='word_1_124' title='bbox 1329 1816 1591 1870; x_wconf 89' lang='lat' dir='ltr'><strong>terrestris</strong></span> <span class='ocrx_word' id='word_1_125' title='bbox 1632 1814 1696 1868; x_wconf 91' lang='lat' dir='ltr'><strong>ad</strong></span> <span class='ocrx_word' id='word_1_126' title='bbox 1741 1828 1890 1869; x_wconf 90' lang='lat' dir='ltr'><strong>suum</strong></span> <span class='ocrx_word' id='word_1_127' title='bbox 1937 1815 2179 1883; x_wconf 84' lang='lat' dir='ltr'><strong>palatium</strong></span> <span class='ocrx_word' id='word_1_128' title='bbox 2220 1814 2299 1867; x_wconf 91' lang='lat' dir='ltr'><strong>vel</strong></span> 
     </span>
    </p>
   </div>
   <div class='ocr_carea' id='block_1_18' title="bbox 744 1904 2301 1973">
    <p class='ocr_par' dir='ltr' id='par_1_18' title="bbox 744 1904 2301 1973">
     <span class='ocr_line' id='line_1_18' title="bbox 744 1904 2301 1973; baseline -0.001 -13"><span class='ocrx_word' id='word_1_129' title='bbox 744 1907 1043 1960; x_wconf 81' lang='lat' dir='ltr'><strong>convivium</strong></span> <span class='ocrx_word' id='word_1_130' title='bbox 1070 1907 1296 1973; x_wconf 85' lang='lat' dir='ltr'><strong>aliquem</strong></span> <span class='ocrx_word' id='word_1_131' title='bbox 1324 1914 1494 1969; x_wconf 90' lang='lat' dir='ltr'><strong>vocet,</strong></span> <span class='ocrx_word' id='word_1_132' title='bbox 1521 1919 1623 1957; x_wconf 92' lang='lat' dir='ltr'><strong>non</strong></span> <span class='ocrx_word' id='word_1_133' title='bbox 1649 1918 1767 1959; x_wconf 90' lang='lat' dir='ltr'><strong>cum</strong></span> <span class='ocrx_word' id='word_1_134' title='bbox 1790 1904 2073 1973; x_wconf 81' lang='lat' dir='ltr'><strong>gratiarum</strong></span> <span class='ocrx_word' id='word_1_135' title='bbox 2100 1905 2301 1959; x_wconf 86' lang='lat' dir='ltr'><strong>actione</strong></span> 
     </span>
    </p>
   </div>
   <div class='ocr_carea' id='block_1_19' title="bbox 745 1992 2298 2067">
    <p class='ocr_par' dir='ltr' id='par_1_19' title="bbox 745 1992 2298 2067">
     <span class='ocr_line' id='line_1_19' title="bbox 745 1992 2298 2067; baseline -0.003 -18"><span class='ocrx_word' id='word_1_136' title='bbox 745 1996 1085 2067; x_wconf 84' lang='lat' dir='ltr'><strong>properabit?</strong></span> <span class='ocrx_word' id='word_1_137' title='bbox 1115 1995 1319 2062; x_wconf 89' lang='lat' dir='ltr'><strong>Quanto</strong></span> <span class='ocrx_word' id='word_1_138' title='bbox 1360 1996 1523 2063; x_wconf 85' lang='lat' dir='ltr'><strong>magis</strong></span> <span class='ocrx_word' id='word_1_139' title='bbox 1567 1994 1631 2048; x_wconf 91' lang='lat' dir='ltr'><strong>ad</strong></span> <span class='ocrx_word' id='word_1_140' title='bbox 1679 1994 1940 2049; x_wconf 65' lang='lat' dir='ltr'><strong>calcstem</strong></span> <span class='ocrx_word' id='word_1_141' title='bbox 1986 1992 2298 2047; x_wconf 89' lang='lat' dir='ltr'><strong>currendum</strong></span> 
     </span>
    </p>
   </div>
   <div class='ocr_carea' id='block_1_20' title="bbox 747 2082 2299 2154">
    <p class='ocr_par' dir='ltr' id='par_1_20' title="bbox 747 2082 2299 2154">
     <span class='ocr_line' id='line_1_20' title="bbox 747 2082 2299 2154; baseline -0.003 -15"><span class='ocrx_word' id='word_1_142' title='bbox 747 2094 828 2139; x_wconf 89' lang='lat' dir='ltr'><strong>est</strong></span> <span class='ocrx_word' id='word_1_143' title='bbox 854 2100 1052 2154; x_wconf 74' lang='lat' dir='ltr'><strong>regem,</strong></span> <span class='ocrx_word' id='word_1_144' title='bbox 1084 2086 1169 2152; x_wconf 85' lang='lat' dir='ltr'><strong>qui</strong></span> <span class='ocrx_word' id='word_1_145' title='bbox 1200 2098 1331 2153; x_wconf 90' lang='lat' dir='ltr'><strong>quos</strong></span> <span class='ocrx_word' id='word_1_146' title='bbox 1361 2089 1635 2150; x_wconf 84' lang='lat' dir='ltr'><strong>receperit,</strong></span> <span class='ocrx_word' id='word_1_147' title='bbox 1679 2098 1780 2136; x_wconf 94' lang='lat' dir='ltr'><strong>non</strong></span> <span class='ocrx_word' id='word_1_148' title='bbox 1826 2082 1991 2136; x_wconf 92' lang='lat' dir='ltr'><strong>solum</strong></span> <span class='ocrx_word' id='word_1_149' title='bbox 2021 2082 2265 2135; x_wconf 85' lang='lat' dir='ltr'><strong>convivas</strong></span> <span class='ocrx_word' id='word_1_150' title='bbox 2286 2122 2299 2145; x_wconf 94' lang='lat'><strong>,</strong></span> 
     </span>
    </p>
   </div>
   <div class='ocr_carea' id='block_1_21' title="bbox 748 2172 2299 2243">
    <p class='ocr_par' dir='ltr' id='par_1_21' title="bbox 748 2172 2299 2243">
     <span class='ocr_line' id='line_1_21' title="bbox 748 2172 2299 2243; baseline -0.003 -14"><span class='ocrx_word' id='word_1_151' title='bbox 748 2176 839 2229; x_wconf 87' lang='lat' dir='ltr'><strong>sed</strong></span> <span class='ocrx_word' id='word_1_152' title='bbox 866 2177 1021 2229; x_wconf 89' lang='lat' dir='ltr'><strong>etiam</strong></span> <span class='ocrx_word' id='word_1_153' title='bbox 1050 2175 1490 2243; x_wconf 83' lang='lat' dir='ltr'><strong>conregnatores‘</strong></span> <span class='ocrx_word' id='word_1_154' title='bbox 1512 2173 1721 2231; x_wconf 85' lang='lat' dir='ltr'><strong>efficiet,</strong></span> <span class='ocrx_word' id='word_1_155' title='bbox 1754 2173 1887 2226; x_wconf 89' lang='lat' dir='ltr'><strong>sicut</strong></span> <span class='ocrx_word' id='word_1_156' title='bbox 1910 2172 2156 2239; x_wconf 88' lang='lat' dir='ltr'><strong>scriptum</strong></span> <span class='ocrx_word' id='word_1_157' title='bbox 2188 2180 2299 2225; x_wconf 87' lang='lat' dir='ltr'><strong>est:</strong></span> 
     </span>
    </p>
   </div>
   <div class='ocr_carea' id='block_1_22' title="bbox 750 2263 2305 2325">
    <p class='ocr_par' dir='ltr' id='par_1_22' title="bbox 750 2263 2305 2325">
     <span class='ocr_line' id='line_1_22' title="bbox 750 2263 2305 2325; baseline -0.004 -5"><span class='ocrx_word' id='word_1_158' title='bbox 750 2265 811 2320; x_wconf 88' lang='lat' dir='ltr'><strong>Si</strong></span> <span class='ocrx_word' id='word_1_159' title='bbox 838 2265 1132 2318; x_wconf 86' lang='lat' dir='ltr'><strong>commortui</strong></span> <span class='ocrx_word' id='word_1_160' title='bbox 1166 2279 1357 2323; x_wconf 86' lang='lat' dir='ltr'><strong>sumus,</strong></span> <span class='ocrx_word' id='word_1_161' title='bbox 1399 2273 1441 2315; x_wconf 90' lang='lat' dir='ltr'><strong>et</strong></span> <span class='ocrx_word' id='word_1_162' title='bbox 1472 2264 1813 2324; x_wconf 76' lang='lat' dir='ltr'><strong>convivemus;</strong></span> <span class='ocrx_word' id='word_1_163' title='bbox 1843 2264 1886 2315; x_wconf 87' lang='lat' dir='ltr'><strong>si</strong></span> <span class='ocrx_word' id='word_1_164' title='bbox 1914 2263 2225 2325; x_wconf 70' lang='lat' dir='ltr'><strong>sustinemus,</strong></span> <span class='ocrx_word' id='word_1_165' title='bbox 2258 2270 2305 2314; x_wconf 78' lang='lat' dir='ltr'><strong>et</strong></span> 
     </span>
    </p>
   </div>
   <div class='ocr_carea' id='block_1_23' title="bbox 749 2351 2305 2425">
    <p class='ocr_par' dir='ltr' id='par_1_23' title="bbox 749 2351 2305 2425">
     <span class='ocr_line' id='line_1_23' title="bbox 749 2351 2305 2425; baseline -0.003 -16"><span class='ocrx_word' id='word_1_166' title='bbox 749 2356 1156 2425; x_wconf 81' lang='lat' dir='ltr'><strong>conregnabimus</strong></span> <span class='ocrx_word' id='word_1_167' title='bbox 1198 2353 1271 2421; x_wconf 75' lang='grc' dir='ltr'><strong>(Ξ.</strong></span> <span class='ocrx_word' id='word_1_168' title='bbox 1316 2352 1447 2405; x_wconf 87' lang='lat' dir='ltr'><strong>Tim.</strong></span> <span class='ocrx_word' id='word_1_169' title='bbox 1494 2353 1529 2405; x_wconf 78' lang='grc'><strong>2</strong></span> <span class='ocrx_word' id='word_1_170' title='bbox 1600 2353 1685 2407; x_wconf 74' lang='lat' dir='ltr'><strong>ii.</strong></span> <span class='ocrx_word' id='word_1_171' title='bbox 1739 2352 1846 2421; x_wconf 72' lang='grc'><strong>12).</strong></span> <span class='ocrx_word' id='word_1_172' title='bbox 1897 2351 2003 2405; x_wconf 82' lang='lat' dir='ltr'><strong>Nec</strong></span> <span class='ocrx_word' id='word_1_173' title='bbox 2057 2351 2156 2405; x_wconf 87' lang='lat' dir='ltr'><strong>hoc</strong></span> <span class='ocrx_word' id='word_1_174' title='bbox 2206 2360 2305 2421; x_wconf 84' lang='lat' dir='ltr'><strong>ego</strong></span> 
     </span>
    </p>
   </div>
   <div class='ocr_carea' id='block_1_24' title="bbox 756 2442 2303 2514">
    <p class='ocr_par' dir='ltr' id='par_1_24' title="bbox 756 2442 2303 2514">
     <span class='ocr_line' id='line_1_24' title="bbox 756 2442 2303 2514; baseline -0.003 -14"><span class='ocrx_word' id='word_1_175' title='bbox 756 2447 895 2511; x_wconf 93' lang='lat' dir='ltr'><strong>dico,</strong></span> <span class='ocrx_word' id='word_1_176' title='bbox 938 2454 993 2499; x_wconf 86' lang='lat' dir='ltr'><strong>ut</strong></span> <span class='ocrx_word' id='word_1_177' title='bbox 1019 2446 1134 2514; x_wconf 88' lang='lat' dir='ltr'><strong>quis</strong></span> <span class='ocrx_word' id='word_1_178' title='bbox 1169 2459 1356 2497; x_wconf 89' lang='lat' dir='ltr'><strong>manus</strong></span> <span class='ocrx_word' id='word_1_179' title='bbox 1391 2444 1486 2497; x_wconf 84' lang='lat' dir='ltr'><strong>sibi</strong></span> <span class='ocrx_word' id='word_1_180' title='bbox 1532 2443 1749 2506; x_wconf 87' lang='lat' dir='ltr'><strong>inferat,</strong></span> <span class='ocrx_word' id='word_1_181' title='bbox 1798 2451 1886 2495; x_wconf 92' lang='lat' dir='ltr'><strong>aut</strong></span> <span class='ocrx_word' id='word_1_182' title='bbox 1930 2457 1987 2497; x_wconf 90' lang='lat' dir='ltr'><strong>se</strong></span> <span class='ocrx_word' id='word_1_183' title='bbox 2032 2442 2303 2497; x_wconf 87' lang='lat' dir='ltr'><strong>interficiat</strong></span> 
     </span>
    </p>
   </div>
   <div class='ocr_carea' id='block_1_25' title="bbox 753 2532 2305 2593">
    <p class='ocr_par' dir='ltr' id='par_1_25' title="bbox 753 2532 2305 2593">
     <span class='ocr_line' id='line_1_25' title="bbox 753 2532 2305 2593; baseline 0 -6"><span class='ocrx_word' id='word_1_184' title='bbox 753 2546 933 2590; x_wconf 72' lang='lat' dir='ltr'><strong>c-ontra</strong></span> <span class='ocrx_word' id='word_1_185' title='bbox 962 2536 1282 2588; x_wconf 77' lang='lat' dir='ltr'><strong>voluntatem</strong></span> <span class='ocrx_word' id='word_1_186' title='bbox 1332 2534 1419 2586; x_wconf 90' lang='lat' dir='ltr'><strong>Dei</strong></span> <span class='ocrx_word' id='word_1_187' title='bbox 1447 2533 1700 2587; x_wconf 86' lang='lat' dir='ltr'><strong>creatoris</strong></span> <span class='ocrx_word' id='word_1_188' title='bbox 1720 2572 1734 2593; x_wconf 89' lang='lat'><strong>,</strong></span> <span class='ocrx_word' id='word_1_189' title='bbox 1775 2542 1863 2585; x_wconf 88' lang='lat' dir='ltr'><strong>aut</strong></span> <span class='ocrx_word' id='word_1_190' title='bbox 1906 2533 2130 2585; x_wconf 88' lang='lat' dir='ltr'><strong>animam</strong></span> <span class='ocrx_word' id='word_1_191' title='bbox 2158 2542 2215 2585; x_wconf 92' lang='lat' dir='ltr'><strong>ut</strong></span> <span class='ocrx_word' id='word_1_192' title='bbox 2240 2532 2305 2587; x_wconf 89' lang='lat' dir='ltr'><strong>de</strong></span> 
     </span>
    </p>
   </div>
   <div class='ocr_carea' id='block_1_26' title="bbox 750 2621 2305 2696">
    <p class='ocr_par' dir='ltr' id='par_1_26' title="bbox 750 2621 2305 2696">
     <span class='ocr_line' id='line_1_26' title="bbox 750 2621 2305 2696; baseline -0.005 -16"><span class='ocrx_word' id='word_1_193' title='bbox 750 2626 988 2696; x_wconf 82' lang='lat' dir='ltr'><strong>corporis</strong></span> <span class='ocrx_word' id='word_1_194' title='bbox 1014 2625 1092 2679; x_wconf 89' lang='lat' dir='ltr'><strong>sui</strong></span> <span class='ocrx_word' id='word_1_195' title='bbox 1118 2624 1345 2692; x_wconf 78' lang='lat' dir='ltr'><strong>expellat</strong></span> <span class='ocrx_word' id='word_1_196' title='bbox 1376 2624 1631 2692; x_wconf 81' lang='lat' dir='ltr'><strong>hospitio;</strong></span> <span class='ocrx_word' id='word_1_197' title='bbox 1663 2622 1753 2677; x_wconf 82' lang='lat' dir='ltr'><strong>sed</strong></span> <span class='ocrx_word' id='word_1_198' title='bbox 1782 2621 1883 2677; x_wconf 91' lang='lat' dir='ltr'><strong>hoc</strong></span> <span class='ocrx_word' id='word_1_199' title='bbox 1908 2622 2043 2687; x_wconf 91' lang='lat' dir='ltr'><strong>dico,</strong></span> <span class='ocrx_word' id='word_1_200' title='bbox 2072 2632 2129 2676; x_wconf 88' lang='lat' dir='ltr'><strong>ut</strong></span> <span class='ocrx_word' id='word_1_201' title='bbox 2156 2622 2305 2676; x_wconf 68' lang='lat' dir='ltr'><strong>laetus</strong></span> 
     </span>
    </p>
   </div>
   <div class='ocr_carea' id='block_1_27' title="bbox 750 2711 2306 2786">
    <p class='ocr_par' dir='ltr' id='par_1_27' title="bbox 750 2711 2306 2786">
     <span class='ocr_line' id='line_1_27' title="bbox 750 2711 2306 2786; baseline -0.004 -15"><span class='ocrx_word' id='word_1_202' title='bbox 750 2727 804 2771; x_wconf 89' lang='lat' dir='ltr'><strong>ct</strong></span> <span class='ocrx_word' id='word_1_203' title='bbox 826 2716 1079 2786; x_wconf 84' lang='lat' dir='ltr'><strong>gaudens,</strong></span> <span class='ocrx_word' id='word_1_204' title='bbox 1103 2729 1220 2768; x_wconf 90' lang='lat' dir='ltr'><strong>cum</strong></span> <span class='ocrx_word' id='word_1_205' title='bbox 1246 2722 1334 2766; x_wconf 91' lang='lat' dir='ltr'><strong>aut</strong></span> <span class='ocrx_word' id='word_1_206' title='bbox 1356 2713 1468 2781; x_wconf 89' lang='lat' dir='ltr'><strong>ipse</strong></span> <span class='ocrx_word' id='word_1_207' title='bbox 1494 2720 1710 2765; x_wconf 81' lang='lat' dir='ltr'><strong>vocatur</strong></span> <span class='ocrx_word' id='word_1_208' title='bbox 1728 2719 1780 2765; x_wconf 91' lang='lat' dir='ltr'><strong>et</strong></span> <span class='ocrx_word' id='word_1_209' title='bbox 1802 2711 2091 2779; x_wconf 87' lang='lat' dir='ltr'><strong>proximus,</strong></span> <span class='ocrx_word' id='word_1_210' title='bbox 2118 2719 2169 2763; x_wconf 90' lang='lat' dir='ltr'><strong>et</strong></span> <span class='ocrx_word' id='word_1_211' title='bbox 2196 2711 2306 2778; x_wconf 84' lang='lat' dir='ltr'><strong>ipse</strong></span> 
     </span>
    </p>
   </div>
   <div class='ocr_carea' id='block_1_28' title="bbox 751 2799 2307 2873">
    <p class='ocr_par' dir='ltr' id='par_1_28' title="bbox 751 2799 2307 2873">
     <span class='ocr_line' id='line_1_28' title="bbox 751 2799 2307 2873; baseline -0.003 -15"><span class='ocrx_word' id='word_1_212' title='bbox 751 2808 924 2867; x_wconf 85' lang='lat' dir='ltr'><strong>vadat,</strong></span> <span class='ocrx_word' id='word_1_213' title='bbox 950 2814 1001 2859; x_wconf 89' lang='lat' dir='ltr'><strong>et</strong></span> <span class='ocrx_word' id='word_1_214' title='bbox 1018 2805 1263 2859; x_wconf 88' lang='lat' dir='ltr'><strong>euntibus</strong></span> <span class='ocrx_word' id='word_1_215' title='bbox 1279 2803 1587 2873; x_wconf 89' lang='lat' dir='ltr'><strong>gratuletur.</strong></span> <span class='ocrx_word' id='word_1_216' title='bbox 1608 2801 1726 2855; x_wconf 73' lang='lat' dir='ltr'><strong>llzec</strong></span> <span class='ocrx_word' id='word_1_217' title='bbox 1745 2802 1882 2855; x_wconf 92' lang='lat' dir='ltr'><strong>enim</strong></span> <span class='ocrx_word' id='word_1_218' title='bbox 1905 2799 2307 2854; x_wconf 71' lang='lat' dir='ltr'><strong>estChristianm</strong></span> 
     </span>
    </p>
   </div>
   <div class='ocr_carea' id='block_1_29' title="bbox 754 2892 2305 2958">
    <p class='ocr_par' dir='ltr' id='par_1_29' title="bbox 754 2892 2305 2958">
     <span class='ocr_line' id='line_1_29' title="bbox 754 2892 2305 2958; baseline -0.006 -8"><span class='ocrx_word' id='word_1_219' title='bbox 754 2896 871 2950; x_wconf 87' lang='lat' dir='ltr'><strong>fidei</strong></span> <span class='ocrx_word' id='word_1_220' title='bbox 899 2909 1099 2947; x_wconf 85' lang='lat' dir='ltr'><strong>summa</strong></span> <span class='ocrx_word' id='word_1_221' title='bbox 1118 2934 1131 2956; x_wconf 95' lang='lat'><strong>,</strong></span> <span class='ocrx_word' id='word_1_222' title='bbox 1178 2892 1335 2945; x_wconf 88' lang='lat' dir='ltr'><strong>vitam</strong></span> <span class='ocrx_word' id='word_1_223' title='bbox 1362 2906 1535 2944; x_wconf 87' lang='lat' dir='ltr'><strong>veram</strong></span> <span class='ocrx_word' id='word_1_224' title='bbox 1567 2897 1873 2958; x_wconf 87' lang='lat' dir='ltr'><strong>exspectare</strong></span> <span class='ocrx_word' id='word_1_225' title='bbox 1900 2897 2019 2958; x_wconf 89' lang='lat' dir='ltr'><strong>post</strong></span> <span class='ocrx_word' id='word_1_226' title='bbox 2044 2897 2264 2941; x_wconf 91' lang='lat' dir='ltr'><strong>mortem</strong></span> <span class='ocrx_word' id='word_1_227' title='bbox 2291 2927 2305 2951; x_wconf 92' lang='lat'><strong>,</strong></span> 
     </span>
    </p>
   </div>
   <div class='ocr_carea' id='block_1_30' title="bbox 756 2980 2310 3050">
    <p class='ocr_par' dir='ltr' id='par_1_30' title="bbox 756 2980 2310 3050">
     <span class='ocr_line' id='line_1_30' title="bbox 756 2980 2310 3050; baseline -0.004 -11"><span class='ocrx_word' id='word_1_228' title='bbox 756 2986 981 3040; x_wconf 92' lang='lat' dir='ltr'><strong>reditum</strong></span> <span class='ocrx_word' id='word_1_229' title='bbox 1028 2997 1240 3050; x_wconf 89' lang='lat' dir='ltr'><strong>sperare</strong></span> <span class='ocrx_word' id='word_1_230' title='bbox 1286 2991 1400 3049; x_wconf 90' lang='lat' dir='ltr'><strong>post</strong></span> <span class='ocrx_word' id='word_1_231' title='bbox 1449 2982 1665 3035; x_wconf 80' lang='lat' dir='ltr'><strong>exitum.</strong></span> <span class='ocrx_word' id='word_1_232' title='bbox 1715 2982 1940 3048; x_wconf 82' lang='lat' dir='ltr'><strong>Accepta</strong></span> <span class='ocrx_word' id='word_1_233' title='bbox 1986 2980 2139 3049; x_wconf 81' lang='lat' dir='ltr'><strong>igitur</strong></span> <span class='ocrx_word' id='word_1_234' title='bbox 2182 2994 2310 3033; x_wconf 89' lang='lat' dir='ltr'><strong>voce</strong></span> 
     </span>
    </p>
   </div>
   <div class='ocr_carea' id='block_1_31' title="bbox 758 3069 2308 3145">
    <p class='ocr_par' dir='ltr' id='par_1_31' title="bbox 758 3069 2308 3145">
     <span class='ocr_line' id='line_1_31' title="bbox 758 3069 2308 3145; baseline -0.005 -16"><span class='ocrx_word' id='word_1_235' title='bbox 758 3073 1021 3145; x_wconf 80' lang='lat' dir='ltr'><strong>Apostoli,</strong></span> <span class='ocrx_word' id='word_1_236' title='bbox 1048 3086 1173 3126; x_wconf 89' lang='lat' dir='ltr'><strong>cum</strong></span> <span class='ocrx_word' id='word_1_237' title='bbox 1208 3070 1399 3125; x_wconf 78' lang='lat' dir='ltr'><strong>ﬁducia</strong></span> <span class='ocrx_word' id='word_1_238' title='bbox 1437 3072 1543 3139; x_wconf 83' lang='lat' dir='ltr'><strong>jam</strong></span> <span class='ocrx_word' id='word_1_239' title='bbox 1572 3070 1807 3125; x_wconf 83' lang='lat' dir='ltr'><strong>dicamus</strong></span> <span class='ocrx_word' id='word_1_240' title='bbox 1834 3071 2025 3139; x_wconf 87' lang='lat' dir='ltr'><strong>gratias</strong></span> <span class='ocrx_word' id='word_1_241' title='bbox 2051 3070 2188 3133; x_wconf 88' lang='lat' dir='ltr'><strong>Deo,</strong></span> <span class='ocrx_word' id='word_1_242' title='bbox 2221 3069 2308 3137; x_wconf 90' lang='lat' dir='ltr'><strong>qui</strong></span> 
     </span>
    </p>
   </div>
   <div class='ocr_carea' id='block_1_32' title="bbox 756 3160 2308 3229">
    <p class='ocr_par' dir='ltr' id='par_1_32' title="bbox 756 3160 2308 3229">
     <span class='ocr_line' id='line_1_32' title="bbox 756 3160 2308 3229; baseline -0.003 -12"><span class='ocrx_word' id='word_1_243' title='bbox 756 3162 909 3217; x_wconf 89' lang='lat' dir='ltr'><strong>nobis</strong></span> <span class='ocrx_word' id='word_1_244' title='bbox 937 3172 1118 3216; x_wconf 92' lang='lat' dir='ltr'><strong>contra</strong></span> <span class='ocrx_word' id='word_1_245' title='bbox 1159 3172 1378 3215; x_wconf 91' lang='lat' dir='ltr'><strong>mortem</strong></span> <span class='ocrx_word' id='word_1_246' title='bbox 1423 3162 1688 3215; x_wconf 91' lang='lat' dir='ltr'><strong>victoriam</strong></span> <span class='ocrx_word' id='word_1_247' title='bbox 1717 3160 1891 3226; x_wconf 90' lang='lat' dir='ltr'><strong>dedit,</strong></span> <span class='ocrx_word' id='word_1_248' title='bbox 1930 3176 2023 3229; x_wconf 90' lang='lat' dir='ltr'><strong>per</strong></span> <span class='ocrx_word' id='word_1_249' title='bbox 2045 3160 2308 3216; x_wconf 87' lang='lat' dir='ltr'><strong>Christum</strong></span> 
     </span>
    </p>
   </div>
   <div class='ocr_carea' id='block_1_33' title="bbox 758 3253 2311 3323">
    <p class='ocr_par' dir='ltr' id='par_1_33' title="bbox 758 3253 2311 3323">
     <span class='ocr_line' id='line_1_33' title="bbox 758 3253 2311 3323; baseline -0.001 -14"><span class='ocrx_word' id='word_1_250' title='bbox 758 3255 1035 3309; x_wconf 91' lang='lat' dir='ltr'><strong>Dominum</strong></span> <span class='ocrx_word' id='word_1_251' title='bbox 1065 3262 1318 3317; x_wconf 89' lang='lat' dir='ltr'><strong>nostrum,</strong></span> <span class='ocrx_word' id='word_1_252' title='bbox 1353 3253 1433 3308; x_wconf 93' lang='lat' dir='ltr'><strong>cui</strong></span> <span class='ocrx_word' id='word_1_253' title='bbox 1462 3262 1543 3307; x_wconf 89' lang='lat' dir='ltr'><strong>est</strong></span> <span class='ocrx_word' id='word_1_254' title='bbox 1570 3254 1731 3323; x_wconf 85' lang='lat' dir='ltr'><strong>gloria</strong></span> <span class='ocrx_word' id='word_1_255' title='bbox 1755 3260 1808 3307; x_wconf 90' lang='lat' dir='ltr'><strong>ct</strong></span> <span class='ocrx_word' id='word_1_256' title='bbox 1838 3262 2067 3322; x_wconf 87' lang='lat' dir='ltr'><strong>potestas</strong></span> <span class='ocrx_word' id='word_1_257' title='bbox 2094 3267 2231 3307; x_wconf 89' lang='lat' dir='ltr'><strong>nunc</strong></span> <span class='ocrx_word' id='word_1_258' title='bbox 2259 3261 2311 3307; x_wconf 89' lang='lat' dir='ltr'><strong>et</strong></span> 
     </span>
    </p>
   </div>
   <div class='ocr_carea' id='block_1_34' title="bbox 759 3342 1605 3398">
    <p class='ocr_par' dir='ltr' id='par_1_34' title="bbox 759 3342 1605 3398">
     <span class='ocr_line' id='line_1_34' title="bbox 759 3342 1605 3398; baseline -0.007 0"><span class='ocrx_word' id='word_1_259' title='bbox 759 3344 811 3398; x_wconf 86' lang='lat' dir='ltr'><strong>in</strong></span> <span class='ocrx_word' id='word_1_260' title='bbox 841 3343 1027 3397; x_wconf 72' lang='lat' dir='ltr'><strong>stecula</strong></span> <span class='ocrx_word' id='word_1_261' title='bbox 1055 3342 1389 3396; x_wconf 70' lang='lat' dir='ltr'><strong>smculorum.</strong></span> <span class='ocrx_word' id='word_1_262' title='bbox 1418 3343 1605 3395; x_wconf 87' lang='lat' dir='ltr'><strong>Amen.</strong></span> 
     </span>
    </p>
   </div>
   <div class='ocr_carea' id='block_1_35' title="bbox 1386 3448 1703 3504">
    <p class='ocr_par' dir='ltr' id='par_1_35' title="bbox 1386 3448 1703 3504">
     <span class='ocr_line' id='line_1_35' title="bbox 1386 3448 1703 3504; baseline 0.006 -5"><span class='ocrx_word' id='word_1_263' title='bbox 1386 3448 1609 3504; x_wconf 80' lang='lat' dir='ltr'><strong>SERMO</strong></span> <span class='ocrx_word' id='word_1_264' title='bbox 1636 3449 1703 3503; x_wconf 86' lang='lat' dir='ltr'><strong>Il.</strong></span> 
     </span>
    </p>
   </div>
   <div class='ocr_carea' id='block_1_36' title="bbox 834 3560 2315 3629">
    <p class='ocr_par' dir='ltr' id='par_1_36' title="bbox 834 3560 2315 3629">
     <span class='ocr_line' id='line_1_36' title="bbox 834 3560 2315 3629; baseline -0.004 -11"><span class='ocrx_word' id='word_1_265' title='bbox 834 3566 883 3617; x_wconf 87' lang='lat' dir='ltr'><strong>i.</strong></span> <span class='ocrx_word' id='word_1_266' title='bbox 911 3562 1223 3616; x_wconf 78' lang='lat' dir='ltr'><strong>Resurrectio</strong></span> <span class='ocrx_word' id='word_1_267' title='bbox 1264 3560 1395 3614; x_wconf 80' lang='lat' dir='ltr'><strong>unde</strong></span> <span class='ocrx_word' id='word_1_268' title='bbox 1432 3560 1569 3629; x_wconf 79' lang='lat' dir='ltr'><strong>apud</strong></span> <span class='ocrx_word' id='word_1_269' title='bbox 1603 3560 1827 3629; x_wconf 79' lang='lat' dir='ltr'><strong>inﬁdeles</strong></span> <span class='ocrx_word' id='word_1_270' title='bbox 1850 3561 2017 3614; x_wconf 86' lang='lat' dir='ltr'><strong>dubia.</strong></span> <span class='ocrx_word' id='word_1_271' title='bbox 2046 3591 2115 3601; x_wconf 96' lang='lat'><strong>—</strong></span> <span class='ocrx_word' id='word_1_272' title='bbox 2146 3560 2315 3628; x_wconf 84' lang='lat' dir='ltr'><strong>Supe—</strong></span> 
     </span>
    </p>
   </div>
   <div class='ocr_carea' id='block_1_37' title="bbox 759 3650 2313 3720">
    <p class='ocr_par' dir='ltr' id='par_1_37' title="bbox 759 3650 2313 3720">
     <span class='ocr_line' id='line_1_37' title="bbox 759 3650 2313 3720; baseline -0.003 -13"><span class='ocrx_word' id='word_1_273' title='bbox 759 3654 885 3707; x_wconf 89' lang='lat' dir='ltr'><strong>riori</strong></span> <span class='ocrx_word' id='word_1_274' title='bbox 913 3652 1121 3720; x_wconf 92' lang='lat' dir='ltr'><strong>quidem</strong></span> <span class='ocrx_word' id='word_1_275' title='bbox 1151 3650 1327 3703; x_wconf 86' lang='lat' dir='ltr'><strong>libello</strong></span> <span class='ocrx_word' id='word_1_276' title='bbox 1358 3651 1758 3717; x_wconf 87' lang='lat' dir='ltr'><strong>perstrinximus</strong></span> <span class='ocrx_word' id='word_1_277' title='bbox 1779 3651 2007 3705; x_wconf 82' lang='lat' dir='ltr'><strong>breviter</strong></span> <span class='ocrx_word' id='word_1_278' title='bbox 2028 3651 2093 3705; x_wconf 89' lang='lat' dir='ltr'><strong>de</strong></span> <span class='ocrx_word' id='word_1_279' title='bbox 2120 3666 2313 3705; x_wconf 91' lang='lat' dir='ltr'><strong>conso-</strong></span> 
     </span>
    </p>
   </div>
   <div class='ocr_carea' id='block_1_38' title="bbox 761 3739 2316 3808">
    <p class='ocr_par' dir='ltr' id='par_1_38' title="bbox 761 3739 2316 3808">
     <span class='ocr_line' id='line_1_38' title="bbox 761 3739 2316 3808; baseline -0.001 -10"><span class='ocrx_word' id='word_1_280' title='bbox 761 3744 959 3798; x_wconf 90' lang='lat' dir='ltr'><strong>latione</strong></span> <span class='ocrx_word' id='word_1_281' title='bbox 999 3740 1332 3794; x_wconf 86' lang='lat' dir='ltr'><strong>mortalitatis</strong></span> <span class='ocrx_word' id='word_1_282' title='bbox 1356 3739 1410 3804; x_wconf 83' lang='grc'><strong>⁸,</strong></span> <span class='ocrx_word' id='word_1_283' title='bbox 1460 3740 1527 3794; x_wconf 89' lang='lat' dir='ltr'><strong>de</strong></span> <span class='ocrx_word' id='word_1_284' title='bbox 1566 3754 1659 3808; x_wconf 89' lang='lat' dir='ltr'><strong>spe</strong></span> <span class='ocrx_word' id='word_1_285' title='bbox 1704 3742 2102 3795; x_wconf 89' lang='lat' dir='ltr'><strong>resurrectionis</strong></span> <span class='ocrx_word' id='word_1_286' title='bbox 2135 3759 2146 3793; x_wconf 90' lang='lat'><strong>:</strong></span> <span class='ocrx_word' id='word_1_287' title='bbox 2177 3757 2316 3797; x_wconf 93' lang='lat' dir='ltr'><strong>nunc</strong></span> 
     </span>
    </p>
   </div>
   <div class='ocr_carea' id='block_1_39' title="bbox 762 3826 2313 3900">
    <p class='ocr_par' dir='ltr' id='par_1_39' title="bbox 762 3826 2313 3900">
     <span class='ocr_line' id='line_1_39' title="bbox 762 3826 2313 3900; baseline -0.001 -15"><span class='ocrx_word' id='word_1_288' title='bbox 762 3830 968 3900; x_wconf 88' lang='lat' dir='ltr'><strong>plenius</strong></span> <span class='ocrx_word' id='word_1_289' title='bbox 1005 3838 1058 3883; x_wconf 93' lang='lat' dir='ltr'><strong>et</strong></span> <span class='ocrx_word' id='word_1_290' title='bbox 1082 3828 1303 3882; x_wconf 86' lang='lat' dir='ltr'><strong>validius</strong></span> <span class='ocrx_word' id='word_1_291' title='bbox 1334 3827 1400 3882; x_wconf 88' lang='lat' dir='ltr'><strong>de</strong></span> <span class='ocrx_word' id='word_1_292' title='bbox 1426 3826 1827 3882; x_wconf 57' lang='lat' dir='ltr'><strong>eisdemudicere</strong></span> <span class='ocrx_word' id='word_1_293' title='bbox 1854 3843 2215 3897; x_wconf 88' lang='lat' dir='ltr'><strong>properamus.</strong></span> <span class='ocrx_word' id='word_1_294' title='bbox 2256 3830 2313 3885; x_wconf 87' lang='lat' dir='ltr'><strong>Si</strong></span> 
     </span>
    </p>
   </div>
   <div class='ocr_carea' id='block_1_40' title="bbox 761 3906 2314 4013">
    <p class='ocr_par' dir='ltr' id='par_1_40' title="bbox 761 3906 2314 4013">
     <span class='ocr_line' id='line_1_40' title="bbox 761 3906 2314 4013; baseline 0 -40"><span class='ocrx_word' id='word_1_295' title='bbox 761 3920 969 3991; x_wconf 88' lang='lat' dir='ltr'><strong>quidem</strong></span> <span class='ocrx_word' id='word_1_296' title='bbox 1021 3918 1169 3983; x_wconf 78' lang='lat' dir='ltr'><strong>hazc,</strong></span> <span class='ocrx_word' id='word_1_297' title='bbox 1212 3932 1329 3986; x_wconf 65' lang='lat' dir='ltr'><strong>quae</strong></span> <span class='ocrx_word' id='word_1_298' title='bbox 1366 3917 1607 3985; x_wconf 87' lang='lat' dir='ltr'><strong>loquutus</strong></span> <span class='ocrx_word' id='word_1_299' title='bbox 1636 3906 1780 4013; x_wconf 47' lang='lat' dir='ltr'><strong>‘fum,</strong></span> <span class='ocrx_word' id='word_1_300' title='bbox 1824 3917 2060 3972; x_wconf 87' lang='lat' dir='ltr'><strong>fidelibus</strong></span> <span class='ocrx_word' id='word_1_301' title='bbox 2106 3918 2314 3987; x_wconf 87' lang='lat' dir='ltr'><strong>quidem</strong></span> 
     </span>
    </p>
   </div>
   <div class='ocr_carea' id='block_1_41' title="bbox 760 4009 2315 4079">
    <p class='ocr_par' dir='ltr' id='par_1_41' title="bbox 760 4009 2315 4079">
     <span class='ocr_line' id='line_1_41' title="bbox 760 4009 2315 4079; baseline 0 -12"><span class='ocrx_word' id='word_1_302' title='bbox 760 4023 901 4067; x_wconf 83' lang='lat' dir='ltr'><strong>certa</strong></span> <span class='ocrx_word' id='word_1_303' title='bbox 943 4020 1097 4071; x_wconf 87' lang='lat' dir='ltr'><strong>sunt,</strong></span> <span class='ocrx_word' id='word_1_304' title='bbox 1130 4009 1420 4063; x_wconf 87' lang='lat' dir='ltr'><strong>infidelibus</strong></span> <span class='ocrx_word' id='word_1_305' title='bbox 1449 4018 1619 4062; x_wconf 87' lang='lat' dir='ltr'><strong>autem</strong></span> <span class='ocrx_word' id='word_1_306' title='bbox 1643 4009 1711 4079; x_wconf 82' lang='lat' dir='ltr'><strong>ac</strong></span> <span class='ocrx_word' id='word_1_307' title='bbox 1734 4009 1903 4063; x_wconf 89' lang='lat' dir='ltr'><strong>dubiis</strong></span> <span class='ocrx_word' id='word_1_308' title='bbox 1924 4011 2165 4065; x_wconf 88' lang='lat' dir='ltr'><strong>videntur</strong></span> <span class='ocrx_word' id='word_1_309' title='bbox 2198 4026 2315 4067; x_wconf 87' lang='lat' dir='ltr'><strong>esse</strong></span> 
     </span>
    </p>
   </div>
   <div class='ocr_carea' id='block_1_42' title="bbox 766 4082 2313 4185">
    <p class='ocr_par' dir='ltr' id='par_1_42' title="bbox 766 4082 2313 4185">
     <span class='ocr_line' id='line_1_42' title="bbox 766 4082 2313 4185; baseline 0.001 -32"><span class='ocrx_word' id='word_1_310' title='bbox 766 4100 1021 4163; x_wconf 82' lang='lat' dir='ltr'><strong>fabulosa,</strong></span> <span class='ocrx_word' id='word_1_311' title='bbox 1067 4098 1129 4151; x_wconf 89' lang='lat' dir='ltr'><strong>ad</strong></span> <span class='ocrx_word' id='word_1_312' title='bbox 1159 4113 1291 4165; x_wconf 85' lang='lat' dir='ltr'><strong>quos</strong></span> <span class='ocrx_word' id='word_1_313' title='bbox 1322 4112 1483 4164; x_wconf 91' lang='lat' dir='ltr'><strong>pauca</strong></span> <span class='ocrx_word' id='word_1_314' title='bbox 1510 4082 1737 4185; x_wconf 49' lang='lat' dir='ltr'><strong>strictlius</strong></span> <span class='ocrx_word' id='word_1_315' title='bbox 1770 4099 2112 4166; x_wconf 80' lang='lat' dir='ltr'><strong>proferamus.</strong></span> <span class='ocrx_word' id='word_1_316' title='bbox 2157 4100 2313 4155; x_wconf 82' lang='lat' dir='ltr'><strong>Certe</strong></span> 
     </span>
    </p>
   </div>
   <div class='ocr_carea' id='block_1_43' title="bbox 765 4186 2315 4257">
    <p class='ocr_par' dir='ltr' id='par_1_43' title="bbox 765 4186 2315 4257">
     <span class='ocr_line' id='line_1_43' title="bbox 765 4186 2315 4257; baseline 0.001 -15"><span class='ocrx_word' id='word_1_317' title='bbox 765 4190 1080 4257; x_wconf 85' lang='lat' dir='ltr'><strong>quicumque</strong></span> <span class='ocrx_word' id='word_1_318' title='bbox 1107 4188 1231 4240; x_wconf 85' lang='lat' dir='ltr'><strong>estis</strong></span> <span class='ocrx_word' id='word_1_319' title='bbox 1262 4186 1510 4239; x_wconf 87' lang='lat' dir='ltr'><strong>increduli</strong></span> <span class='ocrx_word' id='word_1_320' title='bbox 1537 4228 1551 4251; x_wconf 91' lang='lat'><strong>,</strong></span> <span class='ocrx_word' id='word_1_321' title='bbox 1601 4201 1809 4245; x_wconf 84' lang='lat' dir='ltr'><strong>omnem</strong></span> <span class='ocrx_word' id='word_1_322' title='bbox 1849 4189 2223 4244; x_wconf 83' lang='lat' dir='ltr'><strong>dubitationem</strong></span> <span class='ocrx_word' id='word_1_323' title='bbox 2250 4190 2315 4246; x_wconf 90' lang='lat' dir='ltr'><strong>de</strong></span> 
     </span>
    </p>
   </div>
   <div class='ocr_carea' id='block_1_44' title="bbox 765 4274 2317 4346">
    <p class='ocr_par' dir='ltr' id='par_1_44' title="bbox 765 4274 2317 4346">
     <span class='ocr_line' id='line_1_44' title="bbox 765 4274 2317 4346; baseline -0.001 -14"><span class='ocrx_word' id='word_1_324' title='bbox 765 4277 1052 4332; x_wconf 81' lang='lat' dir='ltr'><strong>substantia</strong></span> <span class='ocrx_word' id='word_1_325' title='bbox 1075 4274 1309 4343; x_wconf 88' lang='lat' dir='ltr'><strong>corporis</strong></span> <span class='ocrx_word' id='word_1_326' title='bbox 1334 4274 1618 4328; x_wconf 88' lang='lat' dir='ltr'><strong>sustinetis.</strong></span> <span class='ocrx_word' id='word_1_327' title='bbox 1644 4274 1960 4341; x_wconf 84' lang='lat' dir='ltr'><strong>Discreditur</strong></span> <span class='ocrx_word' id='word_1_328' title='bbox 1984 4278 2122 4330; x_wconf 88' lang='lat' dir='ltr'><strong>enim</strong></span> <span class='ocrx_word' id='word_1_329' title='bbox 2151 4294 2177 4330; x_wconf 92' lang='lat' dir='ltr'><strong>a</strong></span> <span class='ocrx_word' id='word_1_330' title='bbox 2201 4280 2317 4346; x_wconf 90' lang='lat' dir='ltr'><strong>qui-</strong></span> 
     </span>
    </p>
   </div>
   <div class='ocr_carea' id='block_1_45' title="bbox 766 4350 2320 4439">
    <p class='ocr_par' dir='ltr' id='par_1_45' title="bbox 766 4350 2320 4439">
     <span class='ocr_line' id='line_1_45' title="bbox 766 4350 2320 4439; baseline -0.001 -19"><span class='ocrx_word' id='word_1_331' title='bbox 766 4365 1007 4429; x_wconf 86' lang='lat' dir='ltr'><strong>busdam,</strong></span> <span class='ocrx_word' id='word_1_332' title='bbox 1025 4379 1234 4417; x_wconf 91' lang='lat' dir='ltr'><strong>carnem</strong></span> <span class='ocrx_word' id='word_1_333' title='bbox 1259 4377 1561 4417; x_wconf 84' lang='lat' dir='ltr'><strong>conversam</strong></span> <span class='ocrx_word' id='word_1_334' title='bbox 1578 4362 1628 4415; x_wconf 90' lang='lat' dir='ltr'><strong>in</strong></span> <span class='ocrx_word' id='word_1_335' title='bbox 1647 4350 1934 4439; x_wconf 76' lang='lat' dir='ltr'><strong>pulverem,</strong></span> <span class='ocrx_word' id='word_1_336' title='bbox 1960 4364 2148 4418; x_wconf 90' lang='lat' dir='ltr'><strong>iterum</strong></span> <span class='ocrx_word' id='word_1_337' title='bbox 2168 4380 2320 4432; x_wconf 82' lang='lat' dir='ltr'><strong>posse</strong></span> 
     </span>
    </p>
   </div>
   <div class='ocr_carea' id='block_1_46' title="bbox 768 4454 2318 4525">
    <p class='ocr_par' dir='ltr' id='par_1_46' title="bbox 768 4454 2318 4525">
     <span class='ocr_line' id='line_1_46' title="bbox 768 4454 2318 4525; baseline -0.003 -14"><span class='ocrx_word' id='word_1_338' title='bbox 768 4472 1074 4525; x_wconf 88' lang='lat' dir='ltr'><strong>resurgere,</strong></span> <span class='ocrx_word' id='word_1_339' title='bbox 1124 4458 1309 4509; x_wconf 92' lang='lat' dir='ltr'><strong>iterum</strong></span> <span class='ocrx_word' id='word_1_340' title='bbox 1355 4454 1691 4524; x_wconf 50' lang='lat' dir='ltr'><strong>reviviscere,</strong></span> <span class='ocrx_word' id='word_1_341' title='bbox 1735 4454 1993 4507; x_wconf 72' lang='lat' dir='ltr'><strong>Cmterum</strong></span> <span class='ocrx_word' id='word_1_342' title='bbox 2039 4454 2105 4508; x_wconf 87' lang='lat' dir='ltr'><strong>de</strong></span> <span class='ocrx_word' id='word_1_343' title='bbox 2147 4455 2318 4508; x_wconf 87' lang='lat' dir='ltr'><strong>anima</strong></span> 
     </span>
    </p>
   </div>
   <div class='ocr_carea' id='block_1_47' title="bbox 769 4528 2319 4615">
    <p class='ocr_par' dir='ltr' id='par_1_47' title="bbox 769 4528 2319 4615">
     <span class='ocr_line' id='line_1_47' title="bbox 769 4528 2319 4615; baseline 0.001 -14"><span class='ocrx_word' id='word_1_344' title='bbox 769 4550 968 4602; x_wconf 89' lang='lat' dir='ltr'><strong>nullum</strong></span> <span class='ocrx_word' id='word_1_345' title='bbox 1000 4564 1149 4615; x_wconf 61' lang='lat' dir='ltr'><strong>posse</strong></span> <span class='ocrx_word' id='word_1_346' title='bbox 1167 4548 1431 4601; x_wconf 90' lang='lat' dir='ltr'><strong>hominum</strong></span> <span class='ocrx_word' id='word_1_347' title='bbox 1459 4528 1727 4601; x_wconf 71' lang='lat' dir='ltr'><strong>dubitaré:</strong></span> <span class='ocrx_word' id='word_1_348' title='bbox 1751 4546 1793 4601; x_wconf 89' lang='lat' dir='ltr'><strong>si</strong></span> <span class='ocrx_word' id='word_1_349' title='bbox 1819 4546 2025 4615; x_wconf 87' lang='lat' dir='ltr'><strong>quidem</strong></span> <span class='ocrx_word' id='word_1_350' title='bbox 2046 4547 2113 4602; x_wconf 91' lang='lat' dir='ltr'><strong>de</strong></span> <span class='ocrx_word' id='word_1_351' title='bbox 2132 4550 2319 4604; x_wconf 68' lang='lat' dir='ltr'><strong>animm</strong></span> 
     </span>
    </p>
   </div>
   <div class='ocr_carea' id='block_1_48' title="bbox 771 4635 2316 4707">
    <p class='ocr_par' dir='ltr' id='par_1_48' title="bbox 771 4635 2316 4707">
     <span class='ocr_line' id='line_1_48' title="bbox 771 4635 2316 4707; baseline 0 -16"><span class='ocrx_word' id='word_1_352' title='bbox 771 4638 1157 4691; x_wconf 82' lang='lat' dir='ltr'><strong>immortalitate</strong></span> <span class='ocrx_word' id='word_1_353' title='bbox 1189 4651 1287 4691; x_wconf 88' lang='lat' dir='ltr'><strong>nec</strong></span> <span class='ocrx_word' id='word_1_354' title='bbox 1316 4635 1609 4703; x_wconf 84' lang='lat' dir='ltr'><strong>philosophi</strong></span> <span class='ocrx_word' id='word_1_355' title='bbox 1646 4635 1777 4703; x_wconf 83' lang='lat' dir='ltr'><strong>ipsi,</strong></span> <span class='ocrx_word' id='word_1_356' title='bbox 1822 4649 1940 4689; x_wconf 90' lang='lat' dir='ltr'><strong>cum</strong></span> <span class='ocrx_word' id='word_1_357' title='bbox 1978 4638 2081 4690; x_wconf 89' lang='lat' dir='ltr'><strong>sint</strong></span> <span class='ocrx_word' id='word_1_358' title='bbox 2108 4640 2316 4707; x_wconf 86' lang='lat' dir='ltr'><strong>pagani,</strong></span> 
     </span>
    </p>
   </div>
   <div class='ocr_carea' id='block_1_49' title="bbox 772 4725 2320 4794">
    <p class='ocr_par' dir='ltr' id='par_1_49' title="bbox 772 4725 2320 4794">
     <span class='ocr_line' id='line_1_49' title="bbox 772 4725 2320 4794; baseline 0.001 -15"><span class='ocrx_word' id='word_1_359' title='bbox 772 4727 1106 4779; x_wconf 88' lang='lat' dir='ltr'><strong>dissentiunt.</strong></span> <span class='ocrx_word' id='word_1_360' title='bbox 1160 4727 1284 4779; x_wconf 78' lang='lat' dir='ltr'><strong>Nam</strong></span> <span class='ocrx_word' id='word_1_361' title='bbox 1312 4725 1434 4793; x_wconf 90' lang='lat' dir='ltr'><strong>quid</strong></span> <span class='ocrx_word' id='word_1_362' title='bbox 1462 4734 1545 4778; x_wconf 89' lang='lat' dir='ltr'><strong>est</strong></span> <span class='ocrx_word' id='word_1_363' title='bbox 1571 4738 1747 4788; x_wconf 81' lang='lat' dir='ltr'><strong>mors,</strong></span> <span class='ocrx_word' id='word_1_364' title='bbox 1794 4726 1891 4778; x_wconf 87' lang='lat' dir='ltr'><strong>nisi</strong></span> <span class='ocrx_word' id='word_1_365' title='bbox 1919 4728 2175 4794; x_wconf 89' lang='lat' dir='ltr'><strong>separatio</strong></span> <span class='ocrx_word' id='word_1_366' title='bbox 2201 4741 2320 4781; x_wconf 86' lang='lat' dir='ltr'><strong>cor-</strong></span> 
     </span>
    </p>
   </div>
   <div class='ocr_carea' id='block_1_50' title="bbox 776 4812 2318 4884">
    <p class='ocr_par' dir='ltr' id='par_1_50' title="bbox 776 4812 2318 4884">
     <span class='ocr_line' id='line_1_50' title="bbox 776 4812 2318 4884; baseline 0.003 -21"><span class='ocrx_word' id='word_1_367' title='bbox 776 4815 916 4884; x_wconf 77' lang='lat' dir='ltr'><strong>poris</strong></span> <span class='ocrx_word' id='word_1_368' title='bbox 945 4815 1273 4882; x_wconf 73' lang='lat' dir='ltr'><strong>animmque?</strong></span> <span class='ocrx_word' id='word_1_369' title='bbox 1305 4812 1598 4867; x_wconf 80' lang='lat' dir='ltr'><strong>Recedeute</strong></span> <span class='ocrx_word' id='word_1_370' title='bbox 1627 4815 1765 4868; x_wconf 90' lang='lat' dir='ltr'><strong>enim</strong></span> <span class='ocrx_word' id='word_1_371' title='bbox 1797 4815 1966 4867; x_wconf 88' lang='lat' dir='ltr'><strong>anima</strong></span> <span class='ocrx_word' id='word_1_372' title='bbox 1985 4856 1998 4880; x_wconf 92' lang='lat'><strong>,</strong></span> <span class='ocrx_word' id='word_1_373' title='bbox 2030 4831 2148 4884; x_wconf 65' lang='lat' dir='ltr'><strong>quae</strong></span> <span class='ocrx_word' id='word_1_374' title='bbox 2178 4831 2318 4870; x_wconf 89' lang='lat' dir='ltr'><strong>sem-</strong></span> 
     </span>
    </p>
   </div>
   <div class='ocr_carea' id='block_1_51' title="bbox 776 4894 2317 4973">
    <p class='ocr_par' dir='ltr' id='par_1_51' title="bbox 776 4894 2317 4973">
     <span class='ocr_line' id='line_1_51' title="bbox 776 4894 2317 4973; baseline -0.001 -15"><span class='ocrx_word' id='word_1_375' title='bbox 776 4920 871 4973; x_wconf 87' lang='lat' dir='ltr'><strong>per</strong></span> <span class='ocrx_word' id='word_1_376' title='bbox 898 4905 1062 4965; x_wconf 88' lang='lat' dir='ltr'><strong>vivit,</strong></span> <span class='ocrx_word' id='word_1_377' title='bbox 1104 4919 1218 4971; x_wconf 72' lang='lat' dir='ltr'><strong>qua:</strong></span> <span class='ocrx_word' id='word_1_378' title='bbox 1250 4903 1380 4955; x_wconf 91' lang='lat' dir='ltr'><strong>mori</strong></span> <span class='ocrx_word' id='word_1_379' title='bbox 1422 4902 1624 4969; x_wconf 79' lang='lat' dir='ltr'><strong>nescit,</strong></span> <span class='ocrx_word' id='word_1_380' title='bbox 1667 4894 1783 4971; x_wconf 81' lang='lat' dir='ltr'><strong>quia</strong></span> <span class='ocrx_word' id='word_1_381' title='bbox 1815 4904 1881 4958; x_wconf 87' lang='lat' dir='ltr'><strong>de</strong></span> <span class='ocrx_word' id='word_1_382' title='bbox 1910 4904 2032 4957; x_wconf 88' lang='lat' dir='ltr'><strong>flatu</strong></span> <span class='ocrx_word' id='word_1_383' title='bbox 2061 4904 2149 4958; x_wconf 91' lang='lat' dir='ltr'><strong>Dei</strong></span> <span class='ocrx_word' id='word_1_384' title='bbox 2174 4915 2254 4959; x_wconf 87' lang='lat' dir='ltr'><strong>est</strong></span> <span class='ocrx_word' id='word_1_385' title='bbox 2276 4906 2317 4967; x_wconf 78' lang='grc'><strong>⁸,</strong></span> 
     </span>
    </p>
   </div>
   <div class='ocr_carea' id='block_1_52' title="bbox 776 4991 2320 5060">
    <p class='ocr_par' dir='ltr' id='par_1_52' title="bbox 776 4991 2320 5060">
     <span class='ocr_line' id='line_1_52' title="bbox 776 4991 2320 5060; baseline 0 -13"><span class='ocrx_word' id='word_1_386' title='bbox 776 4994 942 5047; x_wconf 88' lang='lat' dir='ltr'><strong>solum</strong></span> <span class='ocrx_word' id='word_1_387' title='bbox 967 4992 1433 5060; x_wconf 85' lang='lat' dir='ltr'><strong>corpusemoritur</strong></span> <span class='ocrx_word' id='word_1_388' title='bbox 1458 5008 1473 5043; x_wconf 90' lang='lat'><strong>:</strong></span> <span class='ocrx_word' id='word_1_389' title='bbox 1498 4992 1616 5059; x_wconf 88' lang='lat' dir='ltr'><strong>quia</strong></span> <span class='ocrx_word' id='word_1_390' title='bbox 1643 4991 1780 5056; x_wconf 78' lang='lat' dir='ltr'><strong>aliud</strong></span> <span class='ocrx_word' id='word_1_391' title='bbox 1823 4995 1871 5045; x_wconf 88' lang='lat' dir='ltr'><strong>in</strong></span> <span class='ocrx_word' id='word_1_392' title='bbox 1904 4993 2053 5047; x_wconf 91' lang='lat' dir='ltr'><strong>nobis</strong></span> <span class='ocrx_word' id='word_1_393' title='bbox 2082 4995 2320 5058; x_wconf 83' lang='lat' dir='ltr'><strong>mortale,</strong></span> 
     </span>
    </p>
   </div>
   <div class='ocr_carea' id='block_1_53' title="bbox 778 5065 2323 5151">
    <p class='ocr_par' dir='ltr' id='par_1_53' title="bbox 778 5065 2323 5151">
     <span class='ocr_line' id='line_1_53' title="bbox 778 5065 2323 5151; baseline -0.001 -16"><span class='ocrx_word' id='word_1_394' title='bbox 778 5083 918 5135; x_wconf 82' lang='lat' dir='ltr'><strong>aliud</strong></span> <span class='ocrx_word' id='word_1_395' title='bbox 945 5081 1235 5135; x_wconf 78' lang='lat' dir='ltr'><strong>immortale</strong></span> <span class='ocrx_word' id='word_1_396' title='bbox 1261 5089 1358 5134; x_wconf 86' lang='lat' dir='ltr'><strong>est.</strong></span> <span class='ocrx_word' id='word_1_397' title='bbox 1384 5079 1486 5134; x_wconf 88' lang='lat' dir='ltr'><strong>Sed</strong></span> <span class='ocrx_word' id='word_1_398' title='bbox 1510 5065 1759 5137; x_wconf 82' lang='lat' dir='ltr'><strong>recedens</strong></span> <span class='ocrx_word' id='word_1_399' title='bbox 1784 5080 1975 5145; x_wconf 89' lang='lat' dir='ltr'><strong>anima,</strong></span> <span class='ocrx_word' id='word_1_400' title='bbox 1997 5097 2114 5151; x_wconf 67' lang='lat' dir='ltr'><strong>quae</strong></span> <span class='ocrx_word' id='word_1_401' title='bbox 2137 5098 2323 5137; x_wconf 86' lang='lat' dir='ltr'><strong>carna-</strong></span> 
     </span>
    </p>
   </div>
   <div class='ocr_carea' id='block_1_54' title="bbox 778 5168 2324 5245">
    <p class='ocr_par' dir='ltr' id='par_1_54' title="bbox 778 5168 2324 5245">
     <span class='ocr_line' id='line_1_54' title="bbox 778 5168 2324 5245; baseline 0.001 -21"><span class='ocrx_word' id='word_1_402' title='bbox 778 5172 916 5226; x_wconf 82' lang='lat' dir='ltr'><strong>libus</strong></span> <span class='ocrx_word' id='word_1_403' title='bbox 954 5170 1119 5221; x_wconf 87' lang='lat' dir='ltr'><strong>oculis</strong></span> <span class='ocrx_word' id='word_1_404' title='bbox 1148 5185 1250 5221; x_wconf 90' lang='lat' dir='ltr'><strong>non</strong></span> <span class='ocrx_word' id='word_1_405' title='bbox 1295 5168 1536 5233; x_wconf 89' lang='lat' dir='ltr'><strong>videtur,</strong></span> <span class='ocrx_word' id='word_1_406' title='bbox 1577 5169 1645 5223; x_wconf 89' lang='lat' dir='ltr'><strong>ab</strong></span> <span class='ocrx_word' id='word_1_407' title='bbox 1684 5170 1883 5245; x_wconf 82' lang='lat' dir='ltr'><strong>angelis</strong></span> <span class='ocrx_word' id='word_1_408' title='bbox 1924 5172 2227 5237; x_wconf 81' lang='lat' dir='ltr'><strong>suscipitur,</strong></span> <span class='ocrx_word' id='word_1_409' title='bbox 2272 5182 2324 5225; x_wconf 86' lang='lat' dir='ltr'><strong>et</strong></span> 
     </span>
    </p>
   </div>
   <div class='ocr_carea' id='block_1_55' title="bbox 840 5292 2322 5369">
    <p class='ocr_par' dir='ltr' id='par_1_55' title="bbox 840 5292 2322 5369">
     <span class='ocr_line' id='line_1_55' title="bbox 840 5292 2322 5369; baseline 0.003 -19"><span class='ocrx_word' id='word_1_410' title='bbox 840 5307 970 5369; x_wconf 67' lang='lat' dir='ltr'><strong>‘__Is.</strong></span> <span class='ocrx_word' id='word_1_411' title='bbox 996 5301 1153 5351; x_wconf 86' lang='lat' dir='ltr'><strong>Corb..</strong></span> <span class='ocrx_word' id='word_1_412' title='bbox 1179 5315 1209 5349; x_wconf 93' lang='lat' dir='ltr'><strong>a</strong></span> <span class='ocrx_word' id='word_1_413' title='bbox 1230 5300 1518 5362; x_wconf 82' lang='lat' dir='ltr'><strong>spiritalibus</strong></span> <span class='ocrx_word' id='word_1_414' title='bbox 1533 5292 1780 5369; x_wconf 34' lang='lat' dir='ltr'><strong>lim&#39;micis,‘</strong></span> <span class='ocrx_word' id='word_1_415' title='bbox 1807 5307 2008 5369; x_wconf 75' lang='lat' dir='ltr'><strong>tantum,</strong></span> <span class='ocrx_word' id='word_1_416' title='bbox 2057 5312 2107 5353; x_wconf 91' lang='lat' dir='ltr'><strong>et</strong></span> <span class='ocrx_word' id='word_1_417' title='bbox 2130 5305 2322 5365; x_wconf 89' lang='lat' dir='ltr'><strong>ibidem,</strong></span> 
     </span>
    </p>
   </div>
   <div class='ocr_carea' id='block_1_56' title="bbox 778 5361 1856 5470">
    <p class='ocr_par' dir='ltr' id='par_1_56' title="bbox 778 5361 1856 5470">
     <span class='ocr_line' id='line_1_56' title="bbox 778 5361 1856 5424; baseline -0.001 -13"><span class='ocrx_word' id='word_1_418' title='bbox 778 5362 982 5424; x_wconf 80' lang='lat' dir='ltr'><strong>undique</strong></span> <span class='ocrx_word' id='word_1_419' title='bbox 1004 5375 1215 5410; x_wconf 87' lang='lat' dir='ltr'><strong>errorum</strong></span> <span class='ocrx_word' id='word_1_420' title='bbox 1234 5361 1377 5409; x_wconf 61' lang='lat' dir='ltr'><strong>Casus</strong></span> <span class='ocrx_word' id='word_1_421' title='bbox 1398 5361 1559 5410; x_wconf 67' lang='lat' dir='ltr'><strong>sacult&#39;</strong></span> <span class='ocrx_word' id='word_1_422' title='bbox 1583 5362 1856 5423; x_wconf 71' lang='lat' dir='ltr'><strong>praeparati.</strong></span> 
     </span>
     <span class='ocr_line' id='line_1_57' title="bbox 842 5426 1389 5470; baseline -0.002 -2"><span class='ocrx_word' id='word_1_423' title='bbox 842 5426 863 5455; x_wconf 77' lang='grc' dir='ltr'><strong><em>ι</em></strong></span> <span class='ocrx_word' id='word_1_424' title='bbox 896 5430 995 5470; x_wconf 78' lang='lat' dir='ltr'><strong>Is..</strong></span> <span class='ocrx_word' id='word_1_425' title='bbox 1014 5429 1389 5470; x_wconf 76' lang='lat' dir='ltr'><strong>conreanaturos.</strong></span> 
     </span>
    </p>
   </div>
   <div class='ocr_carea' id='block_1_57' title="bbox 844 5429 2323 5548">
    <p class='ocr_par' dir='ltr' id='par_1_57' title="bbox 844 5429 2323 5548">
     <span class='ocr_line' id='line_1_58' title="bbox 844 5429 1389 5485; baseline -0.002 -17"><span class='ocrx_word' id='word_1_426' title='bbox 844 5429 863 5455; x_wconf 82' lang='grc' dir='ltr'>ι</span> <span class='ocrx_word' id='word_1_427' title='bbox 896 5430 995 5478; x_wconf 62' lang='grc' dir='ltr'><strong>18η</strong></span> <span class='ocrx_word' id='word_1_428' title='bbox 1014 5429 1389 5485; x_wconf 75' lang='lat' dir='ltr'><strong>conregnaturos.</strong></span> 
     </span>
     <span class='ocr_line' id='line_1_59' title="bbox 844 5479 2323 5548; baseline 0.005 -20"><span class='ocrx_word' id='word_1_429' title='bbox 844 5483 1241 5548; x_wconf 64' lang='lat' dir='ltr'><strong>&#39;_Editi_veteres</strong></span> <span class='ocrx_word' id='word_1_430' title='bbox 1279 5480 1539 5548; x_wconf 63' lang='lat' dir='ltr'><strong>augustini,</strong></span> <span class='ocrx_word' id='word_1_431' title='bbox 1582 5480 1641 5527; x_wconf 87' lang='lat' dir='ltr'><strong>de</strong></span> <span class='ocrx_word' id='word_1_432' title='bbox 1670 5479 1982 5548; x_wconf 74' lang='lat' dir='ltr'><strong>_cqr_t_sol_atione</strong></span> <span class='ocrx_word' id='word_1_433' title='bbox 2018 5488 2323 5535; x_wconf 76' lang='lat' dir='ltr'><strong>mortuorum.</strong></span> 
     </span>
    </p>
   </div>
   <div class='ocr_carea' id='block_1_58' title="bbox 780 5540 1873 5595">
    <p class='ocr_par' dir='ltr' id='par_1_58' title="bbox 780 5540 1873 5595">
     <span class='ocr_line' id='line_1_60' title="bbox 780 5540 1873 5595; baseline -0.005 -3"><span class='ocrx_word' id='word_1_434' title='bbox 780 5542 920 5592; x_wconf 61' lang='grc' dir='ltr'><strong>(λοι-ι).</strong></span> <span class='ocrx_word' id='word_1_435' title='bbox 948 5541 1125 5595; x_wconf 84' lang='lat' dir='ltr'><strong>Codex,</strong></span> <span class='ocrx_word' id='word_1_436' title='bbox 1151 5542 1207 5590; x_wconf 83' lang='lat' dir='ltr'><strong>de</strong></span> <span class='ocrx_word' id='word_1_437' title='bbox 1231 5540 1536 5591; x_wconf 75' lang='lat' dir='ltr'><strong>cmtsolatione</strong></span> <span class='ocrx_word' id='word_1_438' title='bbox 1557 5540 1873 5589; x_wconf 79' lang='lat' dir='ltr'><strong>mortalitatis.</strong></span> 
     </span>
    </p>
   </div>
   <div class='ocr_carea' id='block_1_59' title="bbox 846 5599 2318 5667">
    <p class='ocr_par' dir='ltr' id='par_1_59' title="bbox 846 5599 2318 5667">
     <span class='ocr_line' id='line_1_61' title="bbox 846 5599 2318 5667; baseline 0.003 -19"><span class='ocrx_word' id='word_1_439' title='bbox 846 5613 863 5631; x_wconf 75' lang='grc' dir='ltr'><strong>ο</strong></span> <span class='ocrx_word' id='word_1_440' title='bbox 897 5602 1011 5649; x_wconf 64' lang='lat' dir='ltr'><strong>illiti</strong></span> <span class='ocrx_word' id='word_1_441' title='bbox 1039 5609 1245 5667; x_wconf 68' lang='lat' dir='ltr'><strong>veteres,</strong></span> <span class='ocrx_word' id='word_1_442' title='bbox 1266 5602 1325 5667; x_wconf 66' lang='lat' dir='ltr'><strong>de</strong></span> <span class='ocrx_word' id='word_1_443' title='bbox 1346 5599 1462 5667; x_wconf 68' lang='lat' dir='ltr'><strong>ﬂatu</strong></span> <span class='ocrx_word' id='word_1_444' title='bbox 1485 5600 1574 5667; x_wconf 65' lang='lat' dir='ltr'><strong>pel</strong></span> <span class='ocrx_word' id='word_1_445' title='bbox 1594 5604 1662 5648; x_wconf 81' lang='lat' dir='ltr'><strong>est</strong></span> <span class='ocrx_word' id='word_1_446' title='bbox 1695 5599 1940 5667; x_wconf 74' lang='lat' dir='ltr'><strong>inspirata,</strong></span> <span class='ocrx_word' id='word_1_447' title='bbox 1968 5607 2018 5651; x_wconf 87' lang='lat' dir='ltr'><strong>et</strong></span> <span class='ocrx_word' id='word_1_448' title='bbox 2041 5603 2176 5665; x_wconf 84' lang='lat' dir='ltr'><strong>paulo</strong></span> <span class='ocrx_word' id='word_1_449' title='bbox 2200 5614 2318 5666; x_wconf 74' lang='lat' dir='ltr'><strong>post,</strong></span> 
     </span>
    </p>
   </div>
   <div class='ocr_carea' id='block_1_60' title="bbox 786 5660 1810 5723">
    <p class='ocr_par' dir='ltr' id='par_1_60' title="bbox 786 5660 1810 5723">
     <span class='ocr_line' id='line_1_62' title="bbox 786 5660 1810 5723; baseline 0 -14"><span class='ocrx_word' id='word_1_450' title='bbox 786 5675 889 5723; x_wconf 72' lang='lat' dir='ltr'><strong>quc</strong></span> <span class='ocrx_word' id='word_1_451' title='bbox 911 5661 1177 5710; x_wconf 75' lang='lat' dir='ltr'><strong>ramalibus</strong></span> <span class='ocrx_word' id='word_1_452' title='bbox 1196 5660 1353 5710; x_wconf 75' lang='lat' dir='ltr'><strong>oculis</strong></span> <span class='ocrx_word' id='word_1_453' title='bbox 1367 5660 1515 5710; x_wconf 81' lang='lat' dir='ltr'><strong>videri</strong></span> <span class='ocrx_word' id='word_1_454' title='bbox 1532 5672 1621 5708; x_wconf 84' lang='lat' dir='ltr'><strong>non</strong></span> <span class='ocrx_word' id='word_1_455' title='bbox 1650 5666 1810 5722; x_wconf 81' lang='lat' dir='ltr'><strong>potest.</strong></span> 
     </span>
    </p>
   </div>
   <div class='ocr_carea' id='block_1_61' title="bbox 1431 362 3213 428">
    <p class='ocr_par' dir='ltr' id='par_1_61' title="bbox 1431 362 3213 428">
     <span class='ocr_line' id='line_1_63' title="bbox 1431 362 3213 428; baseline 0.003 -5"><span class='ocrx_word' id='word_1_456' title='bbox 1431 366 1486 423; x_wconf 83' lang='lat' dir='ltr'><strong>S.</strong></span> <span class='ocrx_word' id='word_1_457' title='bbox 1528 366 1799 423; x_wconf 75' lang='lat' dir='ltr'><strong>JOANNIS</strong></span> <span class='ocrx_word' id='word_1_458' title='bbox 1835 362 2302 422; x_wconf 73' lang='lat' dir='ltr'><strong>CHRYSOS’I&#39;OMI</strong></span> <span class='ocrx_word' id='word_1_459' title='bbox 2342 364 2649 423; x_wconf 77' lang='lat' dir='ltr'><strong>ARCHIEP.</strong></span> <span class='ocrx_word' id='word_1_460' title='bbox 2690 369 3213 428; x_wconf 67' lang='lat' dir='ltr'><strong>CONSTANTINOP.</strong></span> 
     </span>
    </p>
   </div>
   <div class='ocr_carea' id='block_1_62' title="bbox 3865 381 3976 436">
    <p class='ocr_par' dir='ltr' id='par_1_62' title="bbox 3865 381 3976 436">
     <span class='ocr_line' id='line_1_64' title="bbox 3865 381 3976 436; baseline -0.009 0"><span class='ocrx_word' id='word_1_461' title='bbox 3865 381 3976 436; x_wconf 88' lang='lat'><strong>300</strong></span> 
     </span>
    </p>
   </div>
   <div class='ocr_carea' id='block_1_63' title="bbox 2403 476 3970 548">
    <p class='ocr_par' dir='ltr' id='par_1_63' title="bbox 2403 476 3970 548">
     <span class='ocr_line' id='line_1_65' title="bbox 2403 476 3970 548; baseline 0.008 -20"><span class='ocrx_word' id='word_1_462' title='bbox 2403 476 2686 531; x_wconf 86' lang='lat' dir='ltr'><strong>collocatur</strong></span> <span class='ocrx_word' id='word_1_463' title='bbox 2726 489 2816 532; x_wconf 89' lang='lat' dir='ltr'><strong>aut</strong></span> <span class='ocrx_word' id='word_1_464' title='bbox 2858 482 2907 533; x_wconf 90' lang='lat' dir='ltr'><strong>in</strong></span> <span class='ocrx_word' id='word_1_465' title='bbox 2937 482 3053 534; x_wconf 86' lang='lat' dir='ltr'><strong>sinu</strong></span> <span class='ocrx_word' id='word_1_466' title='bbox 3090 482 3349 548; x_wconf 68' lang='lat' dir='ltr'><strong>Abrahae,</strong></span> <span class='ocrx_word' id='word_1_467' title='bbox 3387 483 3431 537; x_wconf 87' lang='lat' dir='ltr'><strong>si</strong></span> <span class='ocrx_word' id='word_1_468' title='bbox 3460 482 3629 538; x_wconf 85' lang='lat' dir='ltr'><strong>fidelis</strong></span> <span class='ocrx_word' id='word_1_469' title='bbox 3651 493 3767 545; x_wconf 85' lang='lat' dir='ltr'><strong>est;</strong></span> <span class='ocrx_word' id='word_1_470' title='bbox 3797 494 3892 539; x_wconf 86' lang='lat' dir='ltr'><strong>aut</strong></span> <span class='ocrx_word' id='word_1_471' title='bbox 3916 485 3970 541; x_wconf 89' lang='lat' dir='ltr'><strong>in</strong></span> 
     </span>
    </p>
   </div>
   <div class='ocr_carea' id='block_1_64' title="bbox 2398 568 3966 640">
    <p class='ocr_par' dir='ltr' id='par_1_64' title="bbox 2398 568 3966 640">
     <span class='ocr_line' id='line_1_66' title="bbox 2398 568 3966 640; baseline 0.007 -21"><span class='ocrx_word' id='word_1_472' title='bbox 2398 568 2624 621; x_wconf 89' lang='lat' dir='ltr'><strong>carceris</strong></span> <span class='ocrx_word' id='word_1_473' title='bbox 2653 568 2841 623; x_wconf 88' lang='lat' dir='ltr'><strong>inferni</strong></span> <span class='ocrx_word' id='word_1_474' title='bbox 2876 571 3112 624; x_wconf 89' lang='lat' dir='ltr'><strong>custodia</strong></span> <span class='ocrx_word' id='word_1_475' title='bbox 3134 612 3149 637; x_wconf 93' lang='lat'><strong>,</strong></span> <span class='ocrx_word' id='word_1_476' title='bbox 3180 572 3223 625; x_wconf 87' lang='lat' dir='ltr'><strong>si</strong></span> <span class='ocrx_word' id='word_1_477' title='bbox 3254 574 3515 640; x_wconf 85' lang='lat' dir='ltr'><strong>peccatrix</strong></span> <span class='ocrx_word' id='word_1_478' title='bbox 3543 582 3627 629; x_wconf 90' lang='lat' dir='ltr'><strong>est</strong></span> <span class='ocrx_word' id='word_1_479' title='bbox 3652 592 3666 627; x_wconf 93' lang='lat'><strong>:</strong></span> <span class='ocrx_word' id='word_1_480' title='bbox 3696 574 3827 629; x_wconf 85' lang='lat' dir='ltr'><strong>dum</strong></span> <span class='ocrx_word' id='word_1_481' title='bbox 3858 585 3966 629; x_wconf 86' lang='lat' dir='ltr'><strong>sta-</strong></span> 
     </span>
    </p>
   </div>
   <div class='ocr_carea' id='block_1_65' title="bbox 2402 658 3969 733">
    <p class='ocr_par' dir='ltr' id='par_1_65' title="bbox 2402 658 3969 733">
     <span class='ocr_line' id='line_1_67' title="bbox 2402 658 3969 733; baseline 0.007 -25"><span class='ocrx_word' id='word_1_482' title='bbox 2402 665 2542 709; x_wconf 89' lang='lat' dir='ltr'><strong>tutus</strong></span> <span class='ocrx_word' id='word_1_483' title='bbox 2565 659 2741 712; x_wconf 84' lang='lat' dir='ltr'><strong>veniat</strong></span> <span class='ocrx_word' id='word_1_484' title='bbox 2763 658 2875 712; x_wconf 92' lang='lat' dir='ltr'><strong>dies</strong></span> <span class='ocrx_word' id='word_1_485' title='bbox 2894 700 2909 724; x_wconf 97' lang='lat'><strong>,</strong></span> <span class='ocrx_word' id='word_1_486' title='bbox 2941 676 3044 726; x_wconf 94' lang='lat' dir='ltr'><strong>quo</strong></span> <span class='ocrx_word' id='word_1_487' title='bbox 3070 676 3219 715; x_wconf 88' lang='lat' dir='ltr'><strong>suum</strong></span> <span class='ocrx_word' id='word_1_488' title='bbox 3250 663 3469 730; x_wconf 88' lang='lat' dir='ltr'><strong>recipiat</strong></span> <span class='ocrx_word' id='word_1_489' title='bbox 3496 678 3716 733; x_wconf 86' lang='lat' dir='ltr'><strong>corpus,</strong></span> <span class='ocrx_word' id='word_1_490' title='bbox 3747 673 3805 720; x_wconf 87' lang='lat' dir='ltr'><strong>et</strong></span> <span class='ocrx_word' id='word_1_491' title='bbox 3828 666 3969 733; x_wconf 91' lang='lat' dir='ltr'><strong>apud</strong></span> 
     </span>
    </p>
   </div>
   <div class='ocr_carea' id='block_1_66' title="bbox 2402 745 3969 821">
    <p class='ocr_par' dir='ltr' id='par_1_66' title="bbox 2402 745 3969 821">
     <span class='ocr_line' id='line_1_68' title="bbox 2402 745 3969 821; baseline 0.006 -23"><span class='ocrx_word' id='word_1_492' title='bbox 2402 745 2626 799; x_wconf 88' lang='lat' dir='ltr'><strong>tribunal</strong></span> <span class='ocrx_word' id='word_1_493' title='bbox 2666 745 2858 801; x_wconf 86' lang='lat' dir='ltr'><strong>Christi</strong></span> <span class='ocrx_word' id='word_1_494' title='bbox 2896 749 3084 815; x_wconf 75' lang='lat' dir='ltr'><strong>iudicis</strong></span> <span class='ocrx_word' id='word_1_495' title='bbox 3121 750 3229 803; x_wconf 89' lang='lat' dir='ltr'><strong>veri</strong></span> <span class='ocrx_word' id='word_1_496' title='bbox 3270 749 3454 804; x_wconf 85' lang='lat' dir='ltr'><strong>reddat</strong></span> <span class='ocrx_word' id='word_1_497' title='bbox 3496 765 3715 805; x_wconf 87' lang='lat' dir='ltr'><strong>suorum</strong></span> <span class='ocrx_word' id='word_1_498' title='bbox 3742 768 3969 821; x_wconf 87' lang='lat' dir='ltr'><strong>operum</strong></span> 
     </span>
    </p>
   </div>
   <div class='ocr_carea' id='block_1_67' title="bbox 2401 834 3967 905">
    <p class='ocr_par' dir='ltr' id='par_1_67' title="bbox 2401 834 3967 905">
     <span class='ocr_line' id='line_1_69' title="bbox 2401 834 3967 905; baseline 0.006 -19"><span class='ocrx_word' id='word_1_499' title='bbox 2401 834 2679 889; x_wconf 88' lang='lat' dir='ltr'><strong>rationem.</strong></span> <span class='ocrx_word' id='word_1_500' title='bbox 2726 837 2862 905; x_wconf 84' lang='lat' dir='ltr'><strong>Ergo</strong></span> <span class='ocrx_word' id='word_1_501' title='bbox 2908 839 3026 905; x_wconf 86' lang='lat' dir='ltr'><strong>quia</strong></span> <span class='ocrx_word' id='word_1_502' title='bbox 3065 838 3130 891; x_wconf 87' lang='lat' dir='ltr'><strong>de</strong></span> <span class='ocrx_word' id='word_1_503' title='bbox 3169 852 3330 892; x_wconf 85' lang='lat' dir='ltr'><strong>carne</strong></span> <span class='ocrx_word' id='word_1_504' title='bbox 3374 848 3481 892; x_wconf 89' lang='lat' dir='ltr'><strong>tota</strong></span> <span class='ocrx_word' id='word_1_505' title='bbox 3506 842 3784 894; x_wconf 87' lang='lat' dir='ltr'><strong>cunctatio</strong></span> <span class='ocrx_word' id='word_1_506' title='bbox 3814 852 3895 895; x_wconf 86' lang='lat' dir='ltr'><strong>est</strong></span> <span class='ocrx_word' id='word_1_507' title='bbox 3928 844 3967 904; x_wconf 79' lang='grc' dir='ltr'><strong>ι,</strong></span> 
     </span>
    </p>
   </div>
   <div class='ocr_carea' id='block_1_68' title="bbox 2401 923 3970 995">
    <p class='ocr_par' dir='ltr' id='par_1_68' title="bbox 2401 923 3970 995">
     <span class='ocr_line' id='line_1_70' title="bbox 2401 923 3970 995; baseline 0.008 -19"><span class='ocrx_word' id='word_1_508' title='bbox 2401 923 2553 993; x_wconf 84' lang='lat' dir='ltr'><strong>hujus</strong></span> <span class='ocrx_word' id='word_1_509' title='bbox 2578 934 2657 978; x_wconf 85' lang='lat' dir='ltr'><strong>est</strong></span> <span class='ocrx_word' id='word_1_510' title='bbox 2686 926 2959 980; x_wconf 78' lang='lat' dir='ltr'><strong>infirmitas</strong></span> <span class='ocrx_word' id='word_1_511' title='bbox 2999 926 3357 995; x_wconf 78' lang='lat' dir='ltr'><strong>defendenda,</strong></span> <span class='ocrx_word' id='word_1_512' title='bbox 3388 939 3441 984; x_wconf 90' lang='lat' dir='ltr'><strong>et</strong></span> <span class='ocrx_word' id='word_1_513' title='bbox 3475 932 3805 986; x_wconf 84' lang='lat' dir='ltr'><strong>resurrectio</strong></span> <span class='ocrx_word' id='word_1_514' title='bbox 3840 948 3970 988; x_wconf 81' lang='lat' dir='ltr'><strong>con-</strong></span> 
     </span>
    </p>
   </div>
   <div class='ocr_carea' id='block_1_69' title="bbox 2401 1012 2669 1080">
    <p class='ocr_par' dir='ltr' id='par_1_69' title="bbox 2401 1012 2669 1080">
     <span class='ocr_line' id='line_1_71' title="bbox 2401 1012 2669 1080; baseline 0.011 -17"><span class='ocrx_word' id='word_1_515' title='bbox 2401 1012 2669 1080; x_wconf 87' lang='lat' dir='ltr'><strong>signanda.</strong></span> 
     </span>
    </p>
   </div>
   <div class='ocr_carea' id='block_1_70' title="bbox 2470 1100 3974 1175">
    <p class='ocr_par' dir='ltr' id='par_1_70' title="bbox 2470 1100 3974 1175">
     <span class='ocr_line' id='line_1_72' title="bbox 2470 1100 3974 1175; baseline 0.005 -22"><span class='ocrx_word' id='word_1_516' title='bbox 2470 1100 2523 1153; x_wconf 77' lang='lat'><strong>2.</strong></span> <span class='ocrx_word' id='word_1_517' title='bbox 2554 1101 2742 1154; x_wconf 70' lang='grc' dir='ltr'><strong>Μονταί</strong></span> <span class='ocrx_word' id='word_1_518' title='bbox 2774 1104 3016 1171; x_wconf 80' lang='lat' dir='ltr'><strong>quomodo</strong></span> <span class='ocrx_word' id='word_1_519' title='bbox 3050 1116 3323 1175; x_wconf 70' lang='lat' dir='ltr'><strong>resurgant.</strong></span> <span class='ocrx_word' id='word_1_520' title='bbox 3365 1106 3616 1161; x_wconf 85' lang='lat' dir='ltr'><strong>Probatur</strong></span> <span class='ocrx_word' id='word_1_521' title='bbox 3642 1109 3810 1164; x_wconf 79' lang='lat' dir='ltr'><strong>Deum</strong></span> <span class='ocrx_word' id='word_1_522' title='bbox 3840 1128 3974 1163; x_wconf 79' lang='lat' dir='ltr'><strong>mor-</strong></span> 
     </span>
    </p>
   </div>
   <div class='ocr_carea' id='block_1_71' title="bbox 2404 1193 3973 1267">
    <p class='ocr_par' dir='ltr' id='par_1_71' title="bbox 2404 1193 3973 1267">
     <span class='ocr_line' id='line_1_73' title="bbox 2404 1193 3973 1267; baseline 0.008 -25"><span class='ocrx_word' id='word_1_523' title='bbox 2404 1199 2513 1243; x_wconf 79' lang='lat' dir='ltr'><strong>tuos</strong></span> <span class='ocrx_word' id='word_1_524' title='bbox 2550 1207 2693 1259; x_wconf 84' lang='lat' dir='ltr'><strong>posse</strong></span> <span class='ocrx_word' id='word_1_525' title='bbox 2720 1194 2977 1245; x_wconf 77' lang='lat' dir='ltr'><strong>suscitare.</strong></span> <span class='ocrx_word' id='word_1_526' title='bbox 3018 1222 3087 1233; x_wconf 88' lang='lat'><em>—</em></span> <span class='ocrx_word' id='word_1_527' title='bbox 3127 1193 3275 1259; x_wconf 87' lang='lat' dir='ltr'><strong>Quod</strong></span> <span class='ocrx_word' id='word_1_528' title='bbox 3314 1196 3359 1249; x_wconf 87' lang='lat' dir='ltr'><strong>si</strong></span> <span class='ocrx_word' id='word_1_529' title='bbox 3401 1197 3517 1264; x_wconf 88' lang='lat' dir='ltr'><strong>quis</strong></span> <span class='ocrx_word' id='word_1_530' title='bbox 3561 1200 3801 1267; x_wconf 84' lang='lat' dir='ltr'><strong>requirat</strong></span> <span class='ocrx_word' id='word_1_531' title='bbox 3830 1214 3859 1253; x_wconf 82' lang='lat' dir='ltr'><strong>a</strong></span> <span class='ocrx_word' id='word_1_532' title='bbox 3886 1214 3973 1253; x_wconf 79' lang='lat' dir='ltr'><strong>me</strong></span> 
     </span>
    </p>
   </div>
   <div class='ocr_carea' id='block_1_72' title="bbox 2402 1280 3972 1358">
    <p class='ocr_par' dir='ltr' id='par_1_72' title="bbox 2402 1280 3972 1358">
     <span class='ocr_line' id='line_1_74' title="bbox 2402 1280 3972 1358; baseline 0.005 -24"><span class='ocrx_word' id='word_1_533' title='bbox 2402 1280 2587 1334; x_wconf 89' lang='lat' dir='ltr'><strong>dubius</strong></span> <span class='ocrx_word' id='word_1_534' title='bbox 2611 1290 2665 1335; x_wconf 91' lang='lat' dir='ltr'><strong>et</strong></span> <span class='ocrx_word' id='word_1_535' title='bbox 2690 1283 2984 1335; x_wconf 87' lang='lat' dir='ltr'><strong>incredulus</strong></span> <span class='ocrx_word' id='word_1_536' title='bbox 3008 1323 3021 1345; x_wconf 95' lang='lat'><strong>,</strong></span> <span class='ocrx_word' id='word_1_537' title='bbox 3055 1284 3313 1349; x_wconf 81' lang='lat' dir='ltr'><strong>Quomodo</strong></span> <span class='ocrx_word' id='word_1_538' title='bbox 3345 1289 3526 1340; x_wconf 85' lang='lat' dir='ltr'><strong>mortui</strong></span> <span class='ocrx_word' id='word_1_539' title='bbox 3551 1301 3840 1358; x_wconf 81' lang='lat' dir='ltr'><strong>resurgent.</strong></span> <span class='ocrx_word' id='word_1_540' title='bbox 3872 1306 3972 1358; x_wconf 82' lang='lat' dir='ltr'><strong>quo</strong></span> 
     </span>
    </p>
   </div>
   <div class='ocr_carea' id='block_1_73' title="bbox 2402 1372 3973 1440">
    <p class='ocr_par' dir='ltr' id='par_1_73' title="bbox 2402 1372 3973 1440">
     <span class='ocr_line' id='line_1_75' title="bbox 2402 1372 3973 1440; baseline 0.008 -20"><span class='ocrx_word' id='word_1_541' title='bbox 2402 1379 2564 1421; x_wconf 84' lang='lat' dir='ltr'><strong>autem</strong></span> <span class='ocrx_word' id='word_1_542' title='bbox 2604 1386 2809 1438; x_wconf 87' lang='lat' dir='ltr'><strong>corpore</strong></span> <span class='ocrx_word' id='word_1_543' title='bbox 2849 1372 3076 1424; x_wconf 77' lang='lat' dir='ltr'><strong>venient?</strong></span> <span class='ocrx_word' id='word_1_544' title='bbox 3122 1373 3451 1440; x_wconf 85' lang='lat' dir='ltr'><strong>respondebo</strong></span> <span class='ocrx_word' id='word_1_545' title='bbox 3488 1378 3533 1429; x_wconf 86' lang='lat' dir='ltr'><strong>ei</strong></span> <span class='ocrx_word' id='word_1_546' title='bbox 3562 1391 3656 1431; x_wconf 88' lang='lat' dir='ltr'><strong>ore</strong></span> <span class='ocrx_word' id='word_1_547' title='bbox 3686 1392 3751 1431; x_wconf 89' lang='lat' dir='ltr'><strong>ac</strong></span> <span class='ocrx_word' id='word_1_548' title='bbox 3792 1380 3973 1433; x_wconf 69' lang='lat' dir='ltr'><strong>verbis</strong></span> 
     </span>
    </p>
   </div>
   <div class='ocr_carea' id='block_1_74' title="bbox 2406 1458 3969 1536">
    <p class='ocr_par' dir='ltr' id='par_1_74' title="bbox 2406 1458 3969 1536">
     <span class='ocr_line' id='line_1_76' title="bbox 2406 1458 3969 1536; baseline 0.006 -25"><span class='ocrx_word' id='word_1_549' title='bbox 2406 1458 2664 1529; x_wconf 83' lang='lat' dir='ltr'><strong>Apostoli,</strong></span> <span class='ocrx_word' id='word_1_550' title='bbox 2704 1459 2977 1531; x_wconf 86' lang='lat' dir='ltr'><strong>Insipiens,</strong></span> <span class='ocrx_word' id='word_1_551' title='bbox 3008 1470 3059 1512; x_wconf 90' lang='lat' dir='ltr'><strong>tu</strong></span> <span class='ocrx_word' id='word_1_552' title='bbox 3092 1462 3222 1529; x_wconf 83' lang='lat' dir='ltr'><strong>quod</strong></span> <span class='ocrx_word' id='word_1_553' title='bbox 3260 1466 3494 1528; x_wconf 73' lang='lat' dir='ltr'><strong>seminat,</strong></span> <span class='ocrx_word' id='word_1_554' title='bbox 3535 1482 3633 1519; x_wconf 87' lang='lat' dir='ltr'><strong>non</strong></span> <span class='ocrx_word' id='word_1_555' title='bbox 3663 1469 3969 1536; x_wconf 76' lang='lat' dir='ltr'><strong>oioiﬁcatstr,</strong></span> 
     </span>
    </p>
   </div>
   <div class='ocr_carea' id='block_1_75' title="bbox 2403 1548 3974 1617">
    <p class='ocr_par' dir='ltr' id='par_1_75' title="bbox 2403 1548 3974 1617">
     <span class='ocr_line' id='line_1_77' title="bbox 2403 1548 3974 1617; baseline 0.008 -19"><span class='ocrx_word' id='word_1_556' title='bbox 2403 1548 2502 1599; x_wconf 80' lang='lat' dir='ltr'><strong>nisi</strong></span> <span class='ocrx_word' id='word_1_557' title='bbox 2535 1550 2671 1614; x_wconf 78' lang='lat' dir='ltr'><strong>prius</strong></span> <span class='ocrx_word' id='word_1_558' title='bbox 2713 1548 2953 1599; x_wconf 79' lang='lat' dir='ltr'><strong>moriatur</strong></span> <span class='ocrx_word' id='word_1_559' title='bbox 2979 1565 2996 1600; x_wconf 90' lang='lat'><strong><em>:</em></strong></span> <span class='ocrx_word' id='word_1_560' title='bbox 3022 1560 3065 1601; x_wconf 92' lang='lat' dir='ltr'><strong>et</strong></span> <span class='ocrx_word' id='word_1_561' title='bbox 3101 1552 3233 1617; x_wconf 81' lang='lat' dir='ltr'><strong>quod</strong></span> <span class='ocrx_word' id='word_1_562' title='bbox 3254 1554 3498 1616; x_wconf 76' lang='lat' dir='ltr'><strong>seminus,</strong></span> <span class='ocrx_word' id='word_1_563' title='bbox 3537 1556 3727 1608; x_wconf 79' lang='lat' dir='ltr'><strong>nudum</strong></span> <span class='ocrx_word' id='word_1_564' title='bbox 3749 1560 3974 1610; x_wconf 73' lang='lat' dir='ltr'><strong>seminus</strong></span> 
     </span>
    </p>
   </div>
   <div class='ocr_carea' id='block_1_76' title="bbox 2403 1638 3971 1714">
    <p class='ocr_par' dir='ltr' id='par_1_76' title="bbox 2403 1638 3971 1714">
     <span class='ocr_line' id='line_1_78' title="bbox 2403 1638 3971 1714; baseline 0.009 -27"><span class='ocrx_word' id='word_1_565' title='bbox 2403 1652 2610 1706; x_wconf 82' lang='lat' dir='ltr'><strong>granum</strong></span> <span class='ocrx_word' id='word_1_566' title='bbox 2638 1638 2783 1690; x_wconf 87' lang='lat' dir='ltr'><strong>tritici</strong></span> <span class='ocrx_word' id='word_1_567' title='bbox 2816 1650 2900 1689; x_wconf 79' lang='lat' dir='ltr'><strong>aut</strong></span> <span class='ocrx_word' id='word_1_568' title='bbox 2930 1641 3131 1693; x_wconf 81' lang='lat' dir='ltr'><strong>alterius</strong></span> <span class='ocrx_word' id='word_1_569' title='bbox 3162 1640 3375 1708; x_wconf 72' lang='lat' dir='ltr'><strong>alicujus</strong></span> <span class='ocrx_word' id='word_1_570' title='bbox 3396 1646 3596 1697; x_wconf 83' lang='lat' dir='ltr'><strong>seminis</strong></span> <span class='ocrx_word' id='word_1_571' title='bbox 3626 1646 3702 1714; x_wconf 79' lang='grc' dir='ltr'><strong>(ί.</strong></span> <span class='ocrx_word' id='word_1_572' title='bbox 3726 1645 3847 1700; x_wconf 83' lang='lat' dir='ltr'><strong>Car.</strong></span> <span class='ocrx_word' id='word_1_573' title='bbox 3884 1648 3971 1701; x_wconf 75' lang='lat' dir='ltr'><strong>i5.</strong></span> 
     </span>
    </p>
   </div>
   <div class='ocr_carea' id='block_1_77' title="bbox 2405 1726 3973 1797">
    <p class='ocr_par' dir='ltr' id='par_1_77' title="bbox 2405 1726 3973 1797">
     <span class='ocr_line' id='line_1_79' title="bbox 2405 1726 3973 1797; baseline 0.007 -18"><span class='ocrx_word' id='word_1_574' title='bbox 2405 1726 2592 1793; x_wconf 77' lang='lat'><strong>55-57)</strong></span> <span class='ocrx_word' id='word_1_575' title='bbox 2616 1766 2631 1789; x_wconf 95' lang='lat'><strong>,</strong></span> <span class='ocrx_word' id='word_1_576' title='bbox 2664 1734 2922 1779; x_wconf 84' lang='lat' dir='ltr'><strong>mortuum</strong></span> <span class='ocrx_word' id='word_1_577' title='bbox 2964 1736 3015 1780; x_wconf 86' lang='lat' dir='ltr'><strong>et</strong></span> <span class='ocrx_word' id='word_1_578' title='bbox 3049 1728 3251 1783; x_wconf 89' lang='lat' dir='ltr'><strong>aridum</strong></span> <span class='ocrx_word' id='word_1_579' title='bbox 3288 1731 3399 1785; x_wconf 91' lang='lat' dir='ltr'><strong>sine</strong></span> <span class='ocrx_word' id='word_1_580' title='bbox 3442 1732 3701 1797; x_wconf 88' lang='lat' dir='ltr'><strong>humore;</strong></span> <span class='ocrx_word' id='word_1_581' title='bbox 3757 1745 3813 1789; x_wconf 94' lang='lat' dir='ltr'><strong>ct</strong></span> <span class='ocrx_word' id='word_1_582' title='bbox 3850 1750 3973 1790; x_wconf 88' lang='lat' dir='ltr'><strong>cum</strong></span> 
     </span>
    </p>
   </div>
   <div class='ocr_carea' id='block_1_78' title="bbox 2401 1813 3975 1891">
    <p class='ocr_par' dir='ltr' id='par_1_78' title="bbox 2401 1813 3975 1891">
     <span class='ocr_line' id='line_1_80' title="bbox 2401 1813 3975 1891; baseline 0.009 -25"><span class='ocrx_word' id='word_1_583' title='bbox 2401 1813 2746 1883; x_wconf 79' lang='lat' dir='ltr'><strong>putrefactum</strong></span> <span class='ocrx_word' id='word_1_584' title='bbox 2789 1815 2962 1881; x_wconf 89' lang='lat' dir='ltr'><strong>fuerit,</strong></span> <span class='ocrx_word' id='word_1_585' title='bbox 2994 1816 3261 1872; x_wconf 89' lang='lat' dir='ltr'><strong>fecundius</strong></span> <span class='ocrx_word' id='word_1_586' title='bbox 3286 1822 3486 1888; x_wconf 86' lang='lat' dir='ltr'><strong>surgit,</strong></span> <span class='ocrx_word' id='word_1_587' title='bbox 3524 1824 3683 1891; x_wconf 90' lang='lat' dir='ltr'><strong>litque</strong></span> <span class='ocrx_word' id='word_1_588' title='bbox 3719 1830 3975 1880; x_wconf 89' lang='lat' dir='ltr'><strong>vestitum</strong></span> 
     </span>
    </p>
   </div>
   <div class='ocr_carea' id='block_1_79' title="bbox 2407 1901 3974 1979">
    <p class='ocr_par' dir='ltr' id='par_1_79' title="bbox 2407 1901 3974 1979">
     <span class='ocr_line' id='line_1_81' title="bbox 2407 1901 3974 1979; baseline 0.009 -26"><span class='ocrx_word' id='word_1_589' title='bbox 2407 1901 2680 1965; x_wconf 89' lang='lat' dir='ltr'><strong>folliculis,</strong></span> <span class='ocrx_word' id='word_1_590' title='bbox 2724 1905 2898 1957; x_wconf 83' lang='lat' dir='ltr'><strong>aristis</strong></span> <span class='ocrx_word' id='word_1_591' title='bbox 2939 1915 3214 1959; x_wconf 91' lang='lat' dir='ltr'><strong>armatum.</strong></span> <span class='ocrx_word' id='word_1_592' title='bbox 3264 1907 3361 1974; x_wconf 88' lang='lat' dir='ltr'><strong>Qui</strong></span> <span class='ocrx_word' id='word_1_593' title='bbox 3406 1924 3530 1977; x_wconf 86' lang='lat' dir='ltr'><strong>ergo</strong></span> <span class='ocrx_word' id='word_1_594' title='bbox 3557 1926 3783 1979; x_wconf 89' lang='lat' dir='ltr'><strong>granum</strong></span> <span class='ocrx_word' id='word_1_595' title='bbox 3814 1916 3974 1967; x_wconf 90' lang='lat' dir='ltr'><strong>tritici</strong></span> 
     </span>
    </p>
   </div>
   <div class='ocr_carea' id='block_1_80' title="bbox 2409 1992 3976 2068">
    <p class='ocr_par' dir='ltr' id='par_1_80' title="bbox 2409 1992 3976 2068">
     <span class='ocr_line' id='line_1_82' title="bbox 2409 1992 3976 2068; baseline 0.007 -24"><span class='ocrx_word' id='word_1_596' title='bbox 2409 1992 2619 2044; x_wconf 76' lang='lat' dir='ltr'><strong>suscitat</strong></span> <span class='ocrx_word' id='word_1_597' title='bbox 2674 2003 2886 2060; x_wconf 90' lang='lat' dir='ltr'><strong>propter</strong></span> <span class='ocrx_word' id='word_1_598' title='bbox 2934 2002 3020 2058; x_wconf 88' lang='lat' dir='ltr'><strong>te,</strong></span> <span class='ocrx_word' id='word_1_599' title='bbox 3074 1996 3240 2064; x_wconf 88' lang='lat' dir='ltr'><strong>ipsum</strong></span> <span class='ocrx_word' id='word_1_600' title='bbox 3286 2006 3335 2051; x_wconf 89' lang='lat' dir='ltr'><strong>te</strong></span> <span class='ocrx_word' id='word_1_601' title='bbox 3391 2014 3493 2052; x_wconf 92' lang='lat' dir='ltr'><strong>non</strong></span> <span class='ocrx_word' id='word_1_602' title='bbox 3546 2003 3743 2068; x_wconf 87' lang='lat' dir='ltr'><strong>poterit</strong></span> <span class='ocrx_word' id='word_1_603' title='bbox 3800 2006 3976 2058; x_wconf 88' lang='lat' dir='ltr'><strong>susci-</strong></span> 
     </span>
    </p>
   </div>
   <div class='ocr_carea' id='block_1_81' title="bbox 2406 2084 3976 2160">
    <p class='ocr_par' dir='ltr' id='par_1_81' title="bbox 2406 2084 3976 2160">
     <span class='ocr_line' id='line_1_83' title="bbox 2406 2084 3976 2160; baseline 0.008 -25"><span class='ocrx_word' id='word_1_604' title='bbox 2406 2092 2517 2136; x_wconf 88' lang='lat' dir='ltr'><strong>tare</strong></span> <span class='ocrx_word' id='word_1_605' title='bbox 2548 2096 2761 2152; x_wconf 88' lang='lat' dir='ltr'><strong>propter</strong></span> <span class='ocrx_word' id='word_1_606' title='bbox 2802 2097 2859 2138; x_wconf 91' lang='lat' dir='ltr'><strong>se</strong></span> <span class='ocrx_word' id='word_1_607' title='bbox 2902 2084 3019 2154; x_wconf 79' lang='lat' dir='ltr'><strong>(a)?</strong></span> <span class='ocrx_word' id='word_1_608' title='bbox 3065 2087 3152 2154; x_wconf 89' lang='lat' dir='ltr'><strong>qui</strong></span> <span class='ocrx_word' id='word_1_609' title='bbox 3206 2086 3370 2141; x_wconf 81' lang='lat' dir='ltr'><strong>solem</strong></span> <span class='ocrx_word' id='word_1_610' title='bbox 3415 2092 3648 2158; x_wconf 91' lang='lat' dir='ltr'><strong>quotidie</strong></span> <span class='ocrx_word' id='word_1_611' title='bbox 3698 2095 3855 2160; x_wconf 88' lang='lat' dir='ltr'><strong>quasi</strong></span> <span class='ocrx_word' id='word_1_612' title='bbox 3907 2094 3976 2147; x_wconf 91' lang='lat' dir='ltr'><strong>de</strong></span> 
     </span>
    </p>
   </div>
   <div class='ocr_carea' id='block_1_82' title="bbox 2411 2172 3975 2247">
    <p class='ocr_par' dir='ltr' id='par_1_82' title="bbox 2411 2172 3975 2247">
     <span class='ocr_line' id='line_1_84' title="bbox 2411 2172 3975 2247; baseline 0.008 -23"><span class='ocrx_word' id='word_1_613' title='bbox 2411 2172 2645 2239; x_wconf 82' lang='lat' dir='ltr'><strong>sepulcro</strong></span> <span class='ocrx_word' id='word_1_614' title='bbox 2684 2174 2851 2226; x_wconf 87' lang='lat' dir='ltr'><strong>noctis</strong></span> <span class='ocrx_word' id='word_1_615' title='bbox 2882 2177 3129 2239; x_wconf 87' lang='lat' dir='ltr'><strong>suscitat,</strong></span> <span class='ocrx_word' id='word_1_616' title='bbox 3166 2184 3220 2230; x_wconf 90' lang='lat' dir='ltr'><strong>et</strong></span> <span class='ocrx_word' id='word_1_617' title='bbox 3259 2176 3433 2231; x_wconf 89' lang='lat' dir='ltr'><strong>lunam</strong></span> <span class='ocrx_word' id='word_1_618' title='bbox 3474 2182 3621 2247; x_wconf 89' lang='lat' dir='ltr'><strong>quasi</strong></span> <span class='ocrx_word' id='word_1_619' title='bbox 3650 2181 3718 2235; x_wconf 90' lang='lat' dir='ltr'><strong>de</strong></span> <span class='ocrx_word' id='word_1_620' title='bbox 3751 2184 3975 2237; x_wconf 83' lang='lat' dir='ltr'><strong>interitu</strong></span> 
     </span>
    </p>
   </div>
   <div class='ocr_carea' id='block_1_83' title="bbox 2406 2264 3972 2331">
    <p class='ocr_par' dir='ltr' id='par_1_83' title="bbox 2406 2264 3972 2331">
     <span class='ocr_line' id='line_1_85' title="bbox 2406 2264 3972 2331; baseline 0.008 -18"><span class='ocrx_word' id='word_1_621' title='bbox 2406 2271 2649 2329; x_wconf 82' lang='lat' dir='ltr'><strong>reparat,</strong></span> <span class='ocrx_word' id='word_1_622' title='bbox 2682 2271 2733 2315; x_wconf 90' lang='lat' dir='ltr'><strong>et</strong></span> <span class='ocrx_word' id='word_1_623' title='bbox 2763 2272 2994 2331; x_wconf 88' lang='lat' dir='ltr'><strong>tempora</strong></span> <span class='ocrx_word' id='word_1_624' title='bbox 3021 2264 3317 2319; x_wconf 87' lang='lat' dir='ltr'><strong>recedentia</strong></span> <span class='ocrx_word' id='word_1_625' title='bbox 3356 2278 3568 2321; x_wconf 85' lang='lat' dir='ltr'><strong>revocat</strong></span> <span class='ocrx_word' id='word_1_626' title='bbox 3591 2270 3657 2322; x_wconf 88' lang='lat' dir='ltr'><strong>ad</strong></span> <span class='ocrx_word' id='word_1_627' title='bbox 3689 2271 3972 2325; x_wconf 81' lang='lat' dir='ltr'><strong>utilitatem</strong></span> 
     </span>
    </p>
   </div>
   <div class='ocr_carea' id='block_1_84' title="bbox 2408 2350 3977 2425">
    <p class='ocr_par' dir='ltr' id='par_1_84' title="bbox 2408 2350 3977 2425">
     <span class='ocr_line' id='line_1_86' title="bbox 2408 2350 3977 2425; baseline 0.008 -22"><span class='ocrx_word' id='word_1_628' title='bbox 2408 2350 2606 2403; x_wconf 88' lang='lat' dir='ltr'><strong>scilicet</strong></span> <span class='ocrx_word' id='word_1_629' title='bbox 2632 2362 2861 2403; x_wconf 86' lang='lat' dir='ltr'><strong>nostram</strong></span> <span class='ocrx_word' id='word_1_630' title='bbox 2896 2370 2909 2405; x_wconf 88' lang='lat'><strong>:</strong></span> <span class='ocrx_word' id='word_1_631' title='bbox 2949 2353 3087 2420; x_wconf 87' lang='lat' dir='ltr'><strong>ipsos</strong></span> <span class='ocrx_word' id='word_1_632' title='bbox 3127 2368 3255 2416; x_wconf 91' lang='lat' dir='ltr'><strong>nos,</strong></span> <span class='ocrx_word' id='word_1_633' title='bbox 3284 2366 3497 2425; x_wconf 90' lang='lat' dir='ltr'><strong>propter</strong></span> <span class='ocrx_word' id='word_1_634' title='bbox 3516 2372 3649 2424; x_wconf 88' lang='lat' dir='ltr'><strong>quos</strong></span> <span class='ocrx_word' id='word_1_635' title='bbox 3678 2362 3859 2413; x_wconf 88' lang='lat' dir='ltr'><strong>omnia</strong></span> <span class='ocrx_word' id='word_1_636' title='bbox 3895 2377 3977 2415; x_wconf 79' lang='lat' dir='ltr'><strong>rc~</strong></span> 
     </span>
    </p>
   </div>
   <div class='ocr_carea' id='block_1_85' title="bbox 2409 2442 3975 2515">
    <p class='ocr_par' dir='ltr' id='par_1_85' title="bbox 2409 2442 3975 2515">
     <span class='ocr_line' id='line_1_87' title="bbox 2409 2442 3975 2515; baseline 0.007 -24"><span class='ocrx_word' id='word_1_637' title='bbox 2409 2447 2589 2508; x_wconf 90' lang='lat' dir='ltr'><strong>parat,</strong></span> <span class='ocrx_word' id='word_1_638' title='bbox 2632 2454 2735 2493; x_wconf 94' lang='lat' dir='ltr'><strong>non</strong></span> <span class='ocrx_word' id='word_1_639' title='bbox 2776 2442 3042 2509; x_wconf 91' lang='lat' dir='ltr'><strong>requiret,</strong></span> <span class='ocrx_word' id='word_1_640' title='bbox 3072 2450 3126 2496; x_wconf 90' lang='lat' dir='ltr'><strong>et</strong></span> <span class='ocrx_word' id='word_1_641' title='bbox 3164 2445 3327 2499; x_wconf 90' lang='lat' dir='ltr'><strong>semel</strong></span> <span class='ocrx_word' id='word_1_642' title='bbox 3374 2448 3598 2514; x_wconf 88' lang='lat' dir='ltr'><strong>patietur</strong></span> <span class='ocrx_word' id='word_1_643' title='bbox 3632 2450 3899 2515; x_wconf 76' lang='lat' dir='ltr'><strong>exstingui</strong></span> <span class='ocrx_word' id='word_1_644' title='bbox 3933 2453 3975 2513; x_wconf 79' lang='lat'><strong>&#39;,</strong></span> 
     </span>
    </p>
   </div>
   <div class='ocr_carea' id='block_1_86' title="bbox 2408 2530 3976 2605">
    <p class='ocr_par' dir='ltr' id='par_1_86' title="bbox 2408 2530 3976 2605">
     <span class='ocr_line' id='line_1_88' title="bbox 2408 2530 3976 2605; baseline 0.006 -23"><span class='ocrx_word' id='word_1_645' title='bbox 2408 2544 2539 2599; x_wconf 88' lang='lat' dir='ltr'><strong>quos</strong></span> <span class='ocrx_word' id='word_1_646' title='bbox 2565 2545 2658 2584; x_wconf 90' lang='lat' dir='ltr'><strong>suo</strong></span> <span class='ocrx_word' id='word_1_647' title='bbox 2685 2530 2808 2584; x_wconf 85' lang='lat' dir='ltr'><strong>ﬂatu</strong></span> <span class='ocrx_word' id='word_1_648' title='bbox 2838 2532 3107 2598; x_wconf 91' lang='lat' dir='ltr'><strong>accendit,</strong></span> <span class='ocrx_word' id='word_1_649' title='bbox 3153 2550 3283 2602; x_wconf 88' lang='lat' dir='ltr'><strong>quos</strong></span> <span class='ocrx_word' id='word_1_650' title='bbox 3322 2550 3419 2589; x_wconf 92' lang='lat' dir='ltr'><strong>suo</strong></span> <span class='ocrx_word' id='word_1_651' title='bbox 3457 2537 3644 2605; x_wconf 89' lang='lat' dir='ltr'><strong>spiritu</strong></span> <span class='ocrx_word' id='word_1_652' title='bbox 3677 2540 3976 2592; x_wconf 80' lang='lat' dir='ltr'><strong>animavit?</strong></span> 
     </span>
    </p>
   </div>
   <div class='ocr_carea' id='block_1_87' title="bbox 2410 2620 3977 2695">
    <p class='ocr_par' dir='ltr' id='par_1_87' title="bbox 2410 2620 3977 2695">
     <span class='ocr_line' id='line_1_89' title="bbox 2410 2620 3977 2695; baseline 0.006 -23"><span class='ocrx_word' id='word_1_653' title='bbox 2410 2628 2461 2673; x_wconf 91' lang='lat' dir='ltr'><strong>et</strong></span> <span class='ocrx_word' id='word_1_654' title='bbox 2489 2620 2539 2672; x_wconf 94' lang='lat' dir='ltr'><strong>in</strong></span> <span class='ocrx_word' id='word_1_655' title='bbox 2570 2629 2875 2689; x_wconf 89' lang='lat' dir='ltr'><strong>perpetuum</strong></span> <span class='ocrx_word' id='word_1_656' title='bbox 2900 2620 3007 2688; x_wconf 85' lang='lat' dir='ltr'><strong>jam</strong></span> <span class='ocrx_word' id='word_1_657' title='bbox 3034 2636 3135 2675; x_wconf 93' lang='lat' dir='ltr'><strong>non</strong></span> <span class='ocrx_word' id='word_1_658' title='bbox 3170 2624 3267 2677; x_wconf 91' lang='lat' dir='ltr'><strong>erit</strong></span> <span class='ocrx_word' id='word_1_659' title='bbox 3299 2624 3474 2685; x_wconf 90' lang='lat' dir='ltr'><strong>homo,</strong></span> <span class='ocrx_word' id='word_1_660' title='bbox 3507 2626 3595 2693; x_wconf 92' lang='lat' dir='ltr'><strong>qui</strong></span> <span class='ocrx_word' id='word_1_661' title='bbox 3631 2628 3779 2679; x_wconf 90' lang='lat' dir='ltr'><strong>illum</strong></span> <span class='ocrx_word' id='word_1_662' title='bbox 3812 2631 3897 2695; x_wconf 87' lang='lat' dir='ltr'><strong>pie</strong></span> <span class='ocrx_word' id='word_1_663' title='bbox 3925 2638 3977 2681; x_wconf 88' lang='lat' dir='ltr'><strong>et</strong></span> 
     </span>
    </p>
   </div>
   <div class='ocr_carea' id='block_1_88' title="bbox 2410 2707 3977 2784">
    <p class='ocr_par' dir='ltr' id='par_1_88' title="bbox 2410 2707 3977 2784">
     <span class='ocr_line' id='line_1_90' title="bbox 2410 2707 3977 2784; baseline 0.006 -24"><span class='ocrx_word' id='word_1_664' title='bbox 2410 2710 2618 2777; x_wconf 89' lang='lat' dir='ltr'><strong>agnovit</strong></span> <span class='ocrx_word' id='word_1_665' title='bbox 2642 2718 2695 2763; x_wconf 91' lang='lat' dir='ltr'><strong>et</strong></span> <span class='ocrx_word' id='word_1_666' title='bbox 2734 2707 2934 2762; x_wconf 71' lang='lat' dir='ltr'><strong>coluit?</strong></span> <span class='ocrx_word' id='word_1_667' title='bbox 2977 2710 3078 2764; x_wconf 91' lang='lat' dir='ltr'><strong>Sed</strong></span> <span class='ocrx_word' id='word_1_668' title='bbox 3127 2712 3312 2765; x_wconf 89' lang='lat' dir='ltr'><strong>iterum</strong></span> <span class='ocrx_word' id='word_1_669' title='bbox 3354 2712 3583 2776; x_wconf 88' lang='lat' dir='ltr'><strong>dubitas,</strong></span> <span class='ocrx_word' id='word_1_670' title='bbox 3626 2716 3773 2784; x_wconf 87' lang='lat' dir='ltr'><strong>quod</strong></span> <span class='ocrx_word' id='word_1_671' title='bbox 3806 2718 3977 2783; x_wconf 81' lang='lat' dir='ltr'><strong>possis</strong></span> 
     </span>
    </p>
   </div>
   <div class='ocr_carea' id='block_1_89' title="bbox 2412 2797 3976 2868">
    <p class='ocr_par' dir='ltr' id='par_1_89' title="bbox 2412 2797 3976 2868">
     <span class='ocr_line' id='line_1_91' title="bbox 2412 2797 3976 2868; baseline 0.005 -19"><span class='ocrx_word' id='word_1_672' title='bbox 2412 2797 2642 2866; x_wconf 79' lang='lat' dir='ltr'><strong>reparari</strong></span> <span class='ocrx_word' id='word_1_673' title='bbox 2670 2807 2789 2865; x_wconf 85' lang='lat' dir='ltr'><strong>post</strong></span> <span class='ocrx_word' id='word_1_674' title='bbox 2827 2807 3047 2851; x_wconf 89' lang='lat' dir='ltr'><strong>mortem</strong></span> <span class='ocrx_word' id='word_1_675' title='bbox 3068 2838 3082 2863; x_wconf 98' lang='lat'><strong>,</strong></span> <span class='ocrx_word' id='word_1_676' title='bbox 3129 2801 3334 2854; x_wconf 91' lang='lat' dir='ltr'><strong>restitui</strong></span> <span class='ocrx_word' id='word_1_677' title='bbox 3362 2810 3478 2868; x_wconf 90' lang='lat' dir='ltr'><strong>post</strong></span> <span class='ocrx_word' id='word_1_678' title='bbox 3503 2802 3738 2856; x_wconf 89' lang='lat' dir='ltr'><strong>cinerem</strong></span> <span class='ocrx_word' id='word_1_679' title='bbox 3771 2814 3827 2857; x_wconf 88' lang='lat' dir='ltr'><strong>et</strong></span> <span class='ocrx_word' id='word_1_680' title='bbox 3854 2819 3976 2857; x_wconf 89' lang='lat' dir='ltr'><strong>ossa</strong></span> 
     </span>
    </p>
   </div>
   <div class='ocr_carea' id='block_1_90' title="bbox 2412 2886 3976 2961">
    <p class='ocr_par' dir='ltr' id='par_1_90' title="bbox 2412 2886 3976 2961">
     <span class='ocr_line' id='line_1_92' title="bbox 2412 2886 3976 2961; baseline 0.004 -22"><span class='ocrx_word' id='word_1_681' title='bbox 2412 2886 2759 2954; x_wconf 80' lang='lat' dir='ltr'><strong>coasumpta?</strong></span> <span class='ocrx_word' id='word_1_682' title='bbox 2785 2887 2827 2939; x_wconf 87' lang='grc' dir='ltr'><strong>Ο</strong></span> <span class='ocrx_word' id='word_1_683' title='bbox 2856 2886 3031 2950; x_wconf 86' lang='lat' dir='ltr'><strong>homo,</strong></span> <span class='ocrx_word' id='word_1_684' title='bbox 3061 2888 3143 2941; x_wconf 84' lang='lat' dir='ltr'><strong>di‘c</strong></span> <span class='ocrx_word' id='word_1_685' title='bbox 3165 2888 3311 2949; x_wconf 90' lang='lat' dir='ltr'><strong>mihi,</strong></span> <span class='ocrx_word' id='word_1_686' title='bbox 3342 2888 3462 2955; x_wconf 91' lang='lat' dir='ltr'><strong>quid</strong></span> <span class='ocrx_word' id='word_1_687' title='bbox 3498 2888 3635 2943; x_wconf 86' lang='lat' dir='ltr'><strong>fuisti</strong></span> <span class='ocrx_word' id='word_1_688' title='bbox 3664 2900 3791 2944; x_wconf 84' lang='lat' dir='ltr'><strong>ante</strong></span> <span class='ocrx_word' id='word_1_689' title='bbox 3816 2908 3976 2961; x_wconf 86' lang='lat' dir='ltr'><strong>quam</strong></span> 
     </span>
    </p>
   </div>
   <div class='ocr_carea' id='block_1_91' title="bbox 2413 2973 3974 3049">
    <p class='ocr_par' dir='ltr' id='par_1_91' title="bbox 2413 2973 3974 3049">
     <span class='ocr_line' id='line_1_93' title="bbox 2413 2973 3974 3049; baseline 0.004 -22"><span class='ocrx_word' id='word_1_690' title='bbox 2413 2976 2466 3027; x_wconf 92' lang='lat' dir='ltr'><strong>in</strong></span> <span class='ocrx_word' id='word_1_691' title='bbox 2497 2974 2675 3027; x_wconf 87' lang='lat' dir='ltr'><strong>matris</strong></span> <span class='ocrx_word' id='word_1_692' title='bbox 2700 2982 2849 3027; x_wconf 89' lang='lat' dir='ltr'><strong>utero</strong></span> <span class='ocrx_word' id='word_1_693' title='bbox 2865 2974 3249 3041; x_wconf 84' lang='lat' dir='ltr'><strong>concipereris?</strong></span> <span class='ocrx_word' id='word_1_694' title='bbox 3274 2973 3411 3028; x_wconf 80' lang='lat' dir='ltr'><strong>Nihil</strong></span> <span class='ocrx_word' id='word_1_695' title='bbox 3441 2976 3636 3044; x_wconf 91' lang='lat' dir='ltr'><strong>utique.</strong></span> <span class='ocrx_word' id='word_1_696' title='bbox 3662 2977 3802 3033; x_wconf 86' lang='lat' dir='ltr'><strong>Deus</strong></span> <span class='ocrx_word' id='word_1_697' title='bbox 3823 2994 3974 3049; x_wconf 89' lang='lat' dir='ltr'><strong>ergo,</strong></span> 
     </span>
    </p>
   </div>
   <div class='ocr_carea' id='block_1_92' title="bbox 2413 3063 3981 3137">
    <p class='ocr_par' dir='ltr' id='par_1_92' title="bbox 2413 3063 3981 3137">
     <span class='ocr_line' id='line_1_94' title="bbox 2413 3063 3981 3137; baseline 0.005 -22"><span class='ocrx_word' id='word_1_698' title='bbox 2413 3064 2572 3131; x_wconf 87' lang='lat' dir='ltr'><strong>quite</strong></span> <span class='ocrx_word' id='word_1_699' title='bbox 2591 3064 2786 3117; x_wconf 89' lang='lat' dir='ltr'><strong>creavit</strong></span> <span class='ocrx_word' id='word_1_700' title='bbox 2808 3078 2872 3117; x_wconf 90' lang='lat' dir='ltr'><strong>ex</strong></span> <span class='ocrx_word' id='word_1_701' title='bbox 2900 3064 3082 3129; x_wconf 91' lang='lat' dir='ltr'><strong>nihilo,</strong></span> <span class='ocrx_word' id='word_1_702' title='bbox 3102 3078 3274 3117; x_wconf 91' lang='lat' dir='ltr'><strong>nonne</strong></span> <span class='ocrx_word' id='word_1_703' title='bbox 3291 3063 3491 3119; x_wconf 89' lang='lat' dir='ltr'><strong>facilius</strong></span> <span class='ocrx_word' id='word_1_704' title='bbox 3519 3069 3710 3133; x_wconf 88' lang='lat' dir='ltr'><strong>poterit</strong></span> <span class='ocrx_word' id='word_1_705' title='bbox 3726 3083 3981 3137; x_wconf 85' lang='lat' dir='ltr'><strong>reparare</strong></span> 
     </span>
    </p>
   </div>
   <div class='ocr_carea' id='block_1_93' title="bbox 2414 3153 3980 3228">
    <p class='ocr_par' dir='ltr' id='par_1_93' title="bbox 2414 3153 3980 3228">
     <span class='ocr_line' id='line_1_95' title="bbox 2414 3153 3980 3228; baseline 0.004 -21"><span class='ocrx_word' id='word_1_706' title='bbox 2414 3153 2481 3208; x_wconf 90' lang='lat' dir='ltr'><strong>de</strong></span> <span class='ocrx_word' id='word_1_707' title='bbox 2509 3154 2722 3222; x_wconf 83' lang='lat' dir='ltr'><strong>aliquo?</strong></span> <span class='ocrx_word' id='word_1_708' title='bbox 2760 3154 2884 3207; x_wconf 82' lang='lat' dir='ltr'><strong>Mibi</strong></span> <span class='ocrx_word' id='word_1_709' title='bbox 2908 3155 3064 3208; x_wconf 89' lang='lat' dir='ltr'><strong>crede</strong></span> <span class='ocrx_word' id='word_1_710' title='bbox 3086 3195 3098 3218; x_wconf 93' lang='lat'><strong>,</strong></span> <span class='ocrx_word' id='word_1_711' title='bbox 3130 3153 3330 3209; x_wconf 84' lang='lat' dir='ltr'><strong>facilius</strong></span> <span class='ocrx_word' id='word_1_712' title='bbox 3360 3156 3550 3220; x_wconf 90' lang='lat' dir='ltr'><strong>poterit</strong></span> <span class='ocrx_word' id='word_1_713' title='bbox 3576 3160 3799 3213; x_wconf 87' lang='lat' dir='ltr'><strong>reficere</strong></span> <span class='ocrx_word' id='word_1_714' title='bbox 3837 3161 3980 3228; x_wconf 91' lang='lat' dir='ltr'><strong>quod</strong></span> 
     </span>
    </p>
   </div>
   <div class='ocr_carea' id='block_1_94' title="bbox 2415 3244 3981 3318">
    <p class='ocr_par' dir='ltr' id='par_1_94' title="bbox 2415 3244 3981 3318">
     <span class='ocr_line' id='line_1_96' title="bbox 2415 3244 3981 3318; baseline 0.005 -21"><span class='ocrx_word' id='word_1_715' title='bbox 2415 3256 2538 3299; x_wconf 89' lang='lat' dir='ltr'><strong>ante</strong></span> <span class='ocrx_word' id='word_1_716' title='bbox 2557 3244 2662 3312; x_wconf 83' lang='lat' dir='ltr'><strong>jam</strong></span> <span class='ocrx_word' id='word_1_717' title='bbox 2689 3245 2815 3308; x_wconf 90' lang='lat' dir='ltr'><strong>fuit,</strong></span> <span class='ocrx_word' id='word_1_718' title='bbox 2860 3246 2945 3314; x_wconf 87' lang='lat' dir='ltr'><strong>qui</strong></span> <span class='ocrx_word' id='word_1_719' title='bbox 2977 3247 3145 3314; x_wconf 85' lang='lat' dir='ltr'><strong>potuit</strong></span> <span class='ocrx_word' id='word_1_720' title='bbox 3171 3245 3190 3276; x_wconf 89' lang='grc'><em>³</em></span> <span class='ocrx_word' id='word_1_721' title='bbox 3220 3261 3397 3301; x_wconf 88' lang='lat' dir='ltr'><strong>creare</strong></span> <span class='ocrx_word' id='word_1_722' title='bbox 3418 3248 3555 3316; x_wconf 93' lang='lat' dir='ltr'><strong>quod</strong></span> <span class='ocrx_word' id='word_1_723' title='bbox 3585 3264 3689 3302; x_wconf 92' lang='lat' dir='ltr'><strong>non</strong></span> <span class='ocrx_word' id='word_1_724' title='bbox 3716 3250 3831 3304; x_wconf 85' lang='lat' dir='ltr'><strong>fuit.</strong></span> <span class='ocrx_word' id='word_1_725' title='bbox 3880 3252 3981 3318; x_wconf 84' lang='lat' dir='ltr'><strong>Qui</strong></span> 
     </span>
    </p>
   </div>
   <div class='ocr_carea' id='block_1_95' title="bbox 2417 3332 3977 3401">
    <p class='ocr_par' dir='ltr' id='par_1_95' title="bbox 2417 3332 3977 3401">
     <span class='ocr_line' id='line_1_97' title="bbox 2417 3332 3977 3401; baseline 0.005 -16"><span class='ocrx_word' id='word_1_726' title='bbox 2417 3341 2470 3386; x_wconf 91' lang='lat' dir='ltr'><strong>te</strong></span> <span class='ocrx_word' id='word_1_727' title='bbox 2503 3348 2565 3385; x_wconf 90' lang='lat' dir='ltr'><strong>ex</strong></span> <span class='ocrx_word' id='word_1_728' title='bbox 2602 3341 2744 3401; x_wconf 88' lang='lat' dir='ltr'><strong>gutta</strong></span> <span class='ocrx_word' id='word_1_729' title='bbox 2783 3332 3017 3386; x_wconf 90' lang='lat' dir='ltr'><strong>informis</strong></span> <span class='ocrx_word' id='word_1_730' title='bbox 3048 3335 3260 3397; x_wconf 77' lang='lat' dir='ltr'><strong>liquoris</strong></span> <span class='ocrx_word' id='word_1_731' title='bbox 3302 3335 3353 3387; x_wconf 93' lang='lat' dir='ltr'><strong>in</strong></span> <span class='ocrx_word' id='word_1_732' title='bbox 3396 3345 3495 3389; x_wconf 69' lang='lat' dir='ltr'><strong>tute</strong></span> <span class='ocrx_word' id='word_1_733' title='bbox 3524 3338 3709 3391; x_wconf 87' lang='lat' dir='ltr'><strong>matris</strong></span> <span class='ocrx_word' id='word_1_734' title='bbox 3739 3347 3898 3392; x_wconf 90' lang='lat' dir='ltr'><strong>utero</strong></span> <span class='ocrx_word' id='word_1_735' title='bbox 3926 3340 3977 3393; x_wconf 91' lang='lat' dir='ltr'><strong>in</strong></span> 
     </span>
    </p>
   </div>
   <div class='ocr_carea' id='block_1_96' title="bbox 2419 3422 3980 3490">
    <p class='ocr_par' dir='ltr' id='par_1_96' title="bbox 2419 3422 3980 3490">
     <span class='ocr_line' id='line_1_98' title="bbox 2419 3422 3980 3490; baseline 0.004 -15"><span class='ocrx_word' id='word_1_736' title='bbox 2419 3435 2627 3487; x_wconf 87' lang='lat' dir='ltr'><strong>nervos,</strong></span> <span class='ocrx_word' id='word_1_737' title='bbox 2657 3436 2812 3474; x_wconf 88' lang='lat' dir='ltr'><strong>venas</strong></span> <span class='ocrx_word' id='word_1_738' title='bbox 2838 3430 2889 3474; x_wconf 91' lang='lat' dir='ltr'><strong>et</strong></span> <span class='ocrx_word' id='word_1_739' title='bbox 2914 3436 3032 3474; x_wconf 86' lang='lat' dir='ltr'><strong>ossa</strong></span> <span class='ocrx_word' id='word_1_740' title='bbox 3063 3422 3215 3489; x_wconf 86' lang='lat' dir='ltr'><strong>jussit</strong></span> <span class='ocrx_word' id='word_1_741' title='bbox 3236 3438 3561 3488; x_wconf 87' lang='lat' dir='ltr'><strong>excrescere,</strong></span> <span class='ocrx_word' id='word_1_742' title='bbox 3607 3429 3823 3490; x_wconf 86' lang='lat' dir='ltr'><strong>poterit,</strong></span> <span class='ocrx_word' id='word_1_743' title='bbox 3852 3429 3980 3481; x_wconf 91' lang='lat' dir='ltr'><strong>mihi</strong></span> 
     </span>
    </p>
   </div>
   <div class='ocr_carea' id='block_1_97' title="bbox 2419 3510 3982 3580">
    <p class='ocr_par' dir='ltr' id='par_1_97' title="bbox 2419 3510 3982 3580">
     <span class='ocr_line' id='line_1_99' title="bbox 2419 3510 3982 3580; baseline 0.005 -17"><span class='ocrx_word' id='word_1_744' title='bbox 2419 3510 2594 3573; x_wconf 90' lang='lat' dir='ltr'><strong>crede,</strong></span> <span class='ocrx_word' id='word_1_745' title='bbox 2624 3510 2689 3563; x_wconf 92' lang='lat' dir='ltr'><strong>de</strong></span> <span class='ocrx_word' id='word_1_746' title='bbox 2714 3520 2860 3563; x_wconf 88' lang='lat' dir='ltr'><strong>utero</strong></span> <span class='ocrx_word' id='word_1_747' title='bbox 2889 3521 3042 3563; x_wconf 69' lang='lat' dir='ltr'><strong>terra:</strong></span> <span class='ocrx_word' id='word_1_748' title='bbox 3068 3511 3252 3565; x_wconf 90' lang='lat' dir='ltr'><strong>iterum</strong></span> <span class='ocrx_word' id='word_1_749' title='bbox 3279 3527 3555 3580; x_wconf 90' lang='lat' dir='ltr'><strong>generare.</strong></span> <span class='ocrx_word' id='word_1_750' title='bbox 3596 3513 3701 3568; x_wconf 91' lang='lat' dir='ltr'><strong>Sed</strong></span> <span class='ocrx_word' id='word_1_751' title='bbox 3731 3516 3887 3569; x_wconf 90' lang='lat' dir='ltr'><strong>times</strong></span> <span class='ocrx_word' id='word_1_752' title='bbox 3916 3532 3982 3571; x_wconf 82' lang='lat' dir='ltr'><strong>ne</strong></span> 
     </span>
    </p>
   </div>
   <div class='ocr_carea' id='block_1_98' title="bbox 2421 3599 3982 3674">
    <p class='ocr_par' dir='ltr' id='par_1_98' title="bbox 2421 3599 3982 3674">
     <span class='ocr_line' id='line_1_100' title="bbox 2421 3599 3982 3674; baseline 0.004 -22"><span class='ocrx_word' id='word_1_753' title='bbox 2421 3599 2554 3653; x_wconf 86' lang='lat' dir='ltr'><strong>forte</strong></span> <span class='ocrx_word' id='word_1_754' title='bbox 2583 3612 2698 3653; x_wconf 91' lang='lat' dir='ltr'><strong>ossa</strong></span> <span class='ocrx_word' id='word_1_755' title='bbox 2739 3608 2821 3652; x_wconf 89' lang='lat' dir='ltr'><strong>tua</strong></span> <span class='ocrx_word' id='word_1_756' title='bbox 2864 3599 3011 3652; x_wconf 89' lang='lat' dir='ltr'><strong>arida</strong></span> <span class='ocrx_word' id='word_1_757' title='bbox 3042 3600 3215 3653; x_wconf 89' lang='lat' dir='ltr'><strong>vestiri</strong></span> <span class='ocrx_word' id='word_1_758' title='bbox 3256 3601 3471 3668; x_wconf 90' lang='lat' dir='ltr'><strong>pristina</strong></span> <span class='ocrx_word' id='word_1_759' title='bbox 3514 3617 3675 3657; x_wconf 83' lang='lat' dir='ltr'><strong>carne</strong></span> <span class='ocrx_word' id='word_1_760' title='bbox 3717 3620 3822 3657; x_wconf 94' lang='lat' dir='ltr'><strong>non</strong></span> <span class='ocrx_word' id='word_1_761' title='bbox 3854 3620 3982 3674; x_wconf 87' lang='lat' dir='ltr'><strong>pos-</strong></span> 
     </span>
    </p>
   </div>
   <div class='ocr_carea' id='block_1_99' title="bbox 2421 3688 3981 3761">
    <p class='ocr_par' dir='ltr' id='par_1_99' title="bbox 2421 3688 3981 3761">
     <span class='ocr_line' id='line_1_101' title="bbox 2421 3688 3981 3761; baseline 0.004 -19"><span class='ocrx_word' id='word_1_762' title='bbox 2421 3690 2562 3743; x_wconf 84' lang='lat' dir='ltr'><strong>sint?</strong></span> <span class='ocrx_word' id='word_1_763' title='bbox 2608 3688 2756 3752; x_wconf 84' lang='lat' dir='ltr'><strong>Noli,</strong></span> <span class='ocrx_word' id='word_1_764' title='bbox 2791 3690 2926 3751; x_wconf 90' lang='lat' dir='ltr'><strong>noli,</strong></span> <span class='ocrx_word' id='word_1_765' title='bbox 2961 3690 3244 3743; x_wconf 90' lang='lat' dir='ltr'><strong>secundum</strong></span> <span class='ocrx_word' id='word_1_766' title='bbox 3284 3700 3421 3743; x_wconf 89' lang='lat' dir='ltr'><strong>tuam</strong></span> <span class='ocrx_word' id='word_1_767' title='bbox 3452 3693 3847 3761; x_wconf 82' lang='lat' dir='ltr'><strong>impOtentiam,</strong></span> <span class='ocrx_word' id='word_1_768' title='bbox 3888 3697 3981 3751; x_wconf 89' lang='lat' dir='ltr'><strong>Dei</strong></span> 
     </span>
    </p>
   </div>
   <div class='ocr_carea' id='block_1_100' title="bbox 2421 3778 3985 3853">
    <p class='ocr_par' dir='ltr' id='par_1_100' title="bbox 2421 3778 3985 3853">
     <span class='ocr_line' id='line_1_102' title="bbox 2421 3778 3985 3853; baseline 0.006 -23"><span class='ocrx_word' id='word_1_769' title='bbox 2421 3779 2681 3831; x_wconf 82' lang='lat' dir='ltr'><strong>:cstimare</strong></span> <span class='ocrx_word' id='word_1_770' title='bbox 2718 3778 3063 3845; x_wconf 85' lang='lat' dir='ltr'><strong>majestatem.</strong></span> <span class='ocrx_word' id='word_1_771' title='bbox 3111 3779 3365 3834; x_wconf 73' lang='lat' dir='ltr'><strong>Deusiile</strong></span> <span class='ocrx_word' id='word_1_772' title='bbox 3395 3795 3570 3836; x_wconf 87' lang='lat' dir='ltr'><strong>rerum</strong></span> <span class='ocrx_word' id='word_1_773' title='bbox 3598 3786 3837 3838; x_wconf 90' lang='lat' dir='ltr'><strong>omnium</strong></span> <span class='ocrx_word' id='word_1_774' title='bbox 3862 3796 3985 3853; x_wconf 74' lang='lat' dir='ltr'><strong>pro”-</strong></span> 
     </span>
    </p>
   </div>
   <div class='ocr_carea' id='block_1_101' title="bbox 2422 3868 3982 3939">
    <p class='ocr_par' dir='ltr' id='par_1_101' title="bbox 2422 3868 3982 3939">
     <span class='ocr_line' id='line_1_103' title="bbox 2422 3868 3982 3939; baseline 0.004 -19"><span class='ocrx_word' id='word_1_775' title='bbox 2422 3876 2646 3930; x_wconf 89' lang='lat' dir='ltr'><strong>creator,</strong></span> <span class='ocrx_word' id='word_1_776' title='bbox 2699 3868 2782 3933; x_wconf 92' lang='lat' dir='ltr'><strong>qui</strong></span> <span class='ocrx_word' id='word_1_777' title='bbox 2832 3870 2985 3920; x_wconf 89' lang='lat' dir='ltr'><strong>vestit</strong></span> <span class='ocrx_word' id='word_1_778' title='bbox 3027 3869 3244 3922; x_wconf 87' lang='lat' dir='ltr'><strong>arbores</strong></span> <span class='ocrx_word' id='word_1_779' title='bbox 3270 3868 3435 3934; x_wconf 88' lang='lat' dir='ltr'><strong>foliis,</strong></span> <span class='ocrx_word' id='word_1_780' title='bbox 3481 3880 3533 3924; x_wconf 89' lang='lat' dir='ltr'><strong>et</strong></span> <span class='ocrx_word' id='word_1_781' title='bbox 3561 3880 3708 3939; x_wconf 87' lang='lat' dir='ltr'><strong>prata</strong></span> <span class='ocrx_word' id='word_1_782' title='bbox 3740 3872 3982 3936; x_wconf 87' lang='lat' dir='ltr'><strong>floribus,</strong></span> 
     </span>
    </p>
   </div>
   <div class='ocr_carea' id='block_1_102' title="bbox 2422 3956 3983 4029">
    <p class='ocr_par' dir='ltr' id='par_1_102' title="bbox 2422 3956 3983 4029">
     <span class='ocr_line' id='line_1_104' title="bbox 2422 3956 3983 4029; baseline 0.004 -22"><span class='ocrx_word' id='word_1_783' title='bbox 2422 3957 2615 4025; x_wconf 89' lang='lat' dir='ltr'><strong>poterit</strong></span> <span class='ocrx_word' id='word_1_784' title='bbox 2643 3965 2695 4008; x_wconf 90' lang='lat' dir='ltr'><strong>et</strong></span> <span class='ocrx_word' id='word_1_785' title='bbox 2735 3964 2820 4007; x_wconf 87' lang='lat' dir='ltr'><strong>tua</strong></span> <span class='ocrx_word' id='word_1_786' title='bbox 2865 3970 2980 4007; x_wconf 87' lang='lat' dir='ltr'><strong>ossa</strong></span> <span class='ocrx_word' id='word_1_787' title='bbox 3028 3956 3165 4009; x_wconf 92' lang='lat' dir='ltr'><strong>illico</strong></span> <span class='ocrx_word' id='word_1_788' title='bbox 3203 3958 3341 4012; x_wconf 89' lang='lat' dir='ltr'><strong>veris</strong></span> <span class='ocrx_word' id='word_1_789' title='bbox 3383 3959 3670 4029; x_wconf 63' lang='lat' dir='ltr'><strong>tempore‘</strong></span> <span class='ocrx_word' id='word_1_790' title='bbox 3697 3961 3747 4013; x_wconf 93' lang='lat' dir='ltr'><strong>in</strong></span> <span class='ocrx_word' id='word_1_791' title='bbox 3798 3976 3983 4016; x_wconf 65' lang='lat' dir='ltr'><strong>remr-</strong></span> 
     </span>
    </p>
   </div>
   <div class='ocr_carea' id='block_1_103' title="bbox 2424 4043 3986 4116">
    <p class='ocr_par' dir='ltr' id='par_1_103' title="bbox 2424 4043 3986 4116">
     <span class='ocr_line' id='line_1_105' title="bbox 2424 4043 3986 4116; baseline 0.003 -20"><span class='ocrx_word' id='word_1_792' title='bbox 2424 4044 2656 4097; x_wconf 90' lang='lat' dir='ltr'><strong>rectione</strong></span> <span class='ocrx_word' id='word_1_793' title='bbox 2688 4044 2899 4095; x_wconf 87' lang='lat' dir='ltr'><strong>vestire.</strong></span> <span class='ocrx_word' id='word_1_794' title='bbox 2954 4043 3289 4097; x_wconf 82' lang='lat' dir='ltr'><strong>Dubitaverat</strong></span> <span class='ocrx_word' id='word_1_795' title='bbox 3317 4045 3599 4113; x_wconf 88' lang='lat' dir='ltr'><strong>aliquando</strong></span> <span class='ocrx_word' id='word_1_796' title='bbox 3626 4046 3693 4101; x_wconf 90' lang='lat' dir='ltr'><strong>de</strong></span> <span class='ocrx_word' id='word_1_797' title='bbox 3729 4048 3828 4102; x_wconf 89' lang='lat' dir='ltr'><strong>hoc</strong></span> <span class='ocrx_word' id='word_1_798' title='bbox 3869 4049 3986 4116; x_wconf 86' lang='lat' dir='ltr'><strong>ipso</strong></span> 
     </span>
    </p>
   </div>
   <div class='ocr_carea' id='block_1_104' title="bbox 2424 4130 3984 4201">
    <p class='ocr_par' dir='ltr' id='par_1_104' title="bbox 2424 4130 3984 4201">
     <span class='ocr_line' id='line_1_106' title="bbox 2424 4130 3984 4201; baseline 0.006 -19"><span class='ocrx_word' id='word_1_799' title='bbox 2424 4132 2677 4199; x_wconf 80' lang='lat' dir='ltr'><strong>propheta</strong></span> <span class='ocrx_word' id='word_1_800' title='bbox 2710 4130 2952 4185; x_wconf 84' lang='lat' dir='ltr'><strong>Ezechiel</strong></span> <span class='ocrx_word' id='word_1_801' title='bbox 2976 4171 2989 4195; x_wconf 93' lang='lat'><strong>,</strong></span> <span class='ocrx_word' id='word_1_802' title='bbox 3019 4140 3071 4185; x_wconf 91' lang='lat' dir='ltr'><strong>et</strong></span> <span class='ocrx_word' id='word_1_803' title='bbox 3100 4133 3447 4201; x_wconf 79' lang='lat' dir='ltr'><strong>interrogatus</strong></span> <span class='ocrx_word' id='word_1_804' title='bbox 3476 4148 3505 4187; x_wconf 89' lang='lat' dir='ltr'><strong>a</strong></span> <span class='ocrx_word' id='word_1_805' title='bbox 3531 4136 3775 4197; x_wconf 85' lang='lat' dir='ltr'><strong>Domino.</strong></span> <span class='ocrx_word' id='word_1_806' title='bbox 3808 4148 3984 4191; x_wconf 83' lang='lat' dir='ltr'><strong>utrum</strong></span> 
     </span>
    </p>
   </div>
   <div class='ocr_carea' id='block_1_105' title="bbox 2427 4220 3985 4291">
    <p class='ocr_par' dir='ltr' id='par_1_105' title="bbox 2427 4220 3985 4291">
     <span class='ocr_line' id='line_1_107' title="bbox 2427 4220 3985 4291; baseline 0.007 -20"><span class='ocrx_word' id='word_1_807' title='bbox 2427 4222 2663 4273; x_wconf 89' lang='lat' dir='ltr'><strong>viverent</strong></span> <span class='ocrx_word' id='word_1_808' title='bbox 2683 4234 2801 4273; x_wconf 79' lang='lat' dir='ltr'><strong>ossa</strong></span> <span class='ocrx_word' id='word_1_809' title='bbox 2828 4220 2969 4273; x_wconf 87' lang='lat' dir='ltr'><strong>arida</strong></span> <span class='ocrx_word' id='word_1_810' title='bbox 2990 4261 3003 4285; x_wconf 91' lang='lat'><strong>,</strong></span> <span class='ocrx_word' id='word_1_811' title='bbox 3033 4235 3148 4287; x_wconf 64' lang='lat' dir='ltr'><strong>quae</strong></span> <span class='ocrx_word' id='word_1_812' title='bbox 3170 4221 3477 4275; x_wconf 87' lang='lat' dir='ltr'><strong>videbantur</strong></span> <span class='ocrx_word' id='word_1_813' title='bbox 3503 4236 3685 4291; x_wconf 84' lang='lat' dir='ltr'><strong>sparsa</strong></span> <span class='ocrx_word' id='word_1_814' title='bbox 3718 4240 3814 4290; x_wconf 88' lang='lat' dir='ltr'><strong>per</strong></span> <span class='ocrx_word' id='word_1_815' title='bbox 3833 4242 3985 4281; x_wconf 82' lang='lat' dir='ltr'><strong>cam-</strong></span> 
     </span>
    </p>
   </div>
   <div class='ocr_carea' id='block_1_106' title="bbox 2428 4306 3985 4384">
    <p class='ocr_par' dir='ltr' id='par_1_106' title="bbox 2428 4306 3985 4384">
     <span class='ocr_line' id='line_1_108' title="bbox 2428 4306 3985 4384; baseline 0.008 -28"><span class='ocrx_word' id='word_1_816' title='bbox 2428 4322 2569 4374; x_wconf 87' lang='lat' dir='ltr'><strong>pum,</strong></span> <span class='ocrx_word' id='word_1_817' title='bbox 2598 4308 2866 4374; x_wconf 82' lang='lat' dir='ltr'><strong>reSpondit</strong></span> <span class='ocrx_word' id='word_1_818' title='bbox 2887 4346 2901 4369; x_wconf 97' lang='lat'><strong>,</strong></span> <span class='ocrx_word' id='word_1_819' title='bbox 2935 4306 3008 4359; x_wconf 84' lang='lat' dir='ltr'><strong>Tu</strong></span> <span class='ocrx_word' id='word_1_820' title='bbox 3035 4310 3148 4373; x_wconf 84' lang='lat' dir='ltr'><strong>scis,</strong></span> <span class='ocrx_word' id='word_1_821' title='bbox 3176 4307 3389 4363; x_wconf 83' lang='lat' dir='ltr'><strong>Domine</strong></span> <span class='ocrx_word' id='word_1_822' title='bbox 3418 4308 3623 4376; x_wconf 73' lang='lat' dir='ltr'><strong>(Ezech.</strong></span> <span class='ocrx_word' id='word_1_823' title='bbox 3650 4312 3739 4365; x_wconf 77' lang='lat'><strong>37.</strong></span> <span class='ocrx_word' id='word_1_824' title='bbox 3770 4313 3843 4384; x_wconf 70' lang='grc' dir='ltr'><strong>ὅ).</strong></span> <span class='ocrx_word' id='word_1_825' title='bbox 3878 4315 3985 4369; x_wconf 85' lang='lat' dir='ltr'><strong>Sed</strong></span> 
     </span>
    </p>
   </div>
   <div class='ocr_carea' id='block_1_107' title="bbox 2429 4395 3990 4465">
    <p class='ocr_par' dir='ltr' id='par_1_107' title="bbox 2429 4395 3990 4465">
     <span class='ocr_line' id='line_1_109' title="bbox 2429 4395 3990 4465; baseline 0.006 -20"><span class='ocrx_word' id='word_1_826' title='bbox 2429 4404 2699 4462; x_wconf 85' lang='lat' dir='ltr'><strong>postquam</strong></span> <span class='ocrx_word' id='word_1_827' title='bbox 2731 4395 2837 4447; x_wconf 90' lang='lat' dir='ltr'><strong>Deo</strong></span> <span class='ocrx_word' id='word_1_828' title='bbox 2871 4395 3087 4461; x_wconf 73' lang='lat' dir='ltr'><strong>iubente</strong></span> <span class='ocrx_word' id='word_1_829' title='bbox 3110 4435 3124 4457; x_wconf 91' lang='lat'><strong>,</strong></span> <span class='ocrx_word' id='word_1_830' title='bbox 3157 4404 3207 4447; x_wconf 93' lang='lat' dir='ltr'><strong>et</strong></span> <span class='ocrx_word' id='word_1_831' title='bbox 3232 4397 3405 4463; x_wconf 84' lang='lat' dir='ltr'><strong>seipso</strong></span> <span class='ocrx_word' id='word_1_832' title='bbox 3433 4396 3785 4464; x_wconf 85' lang='lat' dir='ltr'><strong>prophetaute</strong></span> <span class='ocrx_word' id='word_1_833' title='bbox 3810 4440 3824 4465; x_wconf 93' lang='lat'><strong>,</strong></span> <span class='ocrx_word' id='word_1_834' title='bbox 3857 4402 3990 4455; x_wconf 86' lang='lat' dir='ltr'><strong>vidit</strong></span> 
     </span>
    </p>
   </div>
   <div class='ocr_carea' id='block_1_108' title="bbox 2428 4482 3987 4556">
    <p class='ocr_par' dir='ltr' id='par_1_108' title="bbox 2428 4482 3987 4556">
     <span class='ocr_line' id='line_1_110' title="bbox 2428 4482 3987 4556; baseline 0.004 -21"><span class='ocrx_word' id='word_1_835' title='bbox 2428 4497 2545 4535; x_wconf 90' lang='lat' dir='ltr'><strong>ossa</strong></span> <span class='ocrx_word' id='word_1_836' title='bbox 2586 4482 2649 4535; x_wconf 90' lang='lat' dir='ltr'><strong>ad</strong></span> <span class='ocrx_word' id='word_1_837' title='bbox 2677 4496 2767 4535; x_wconf 91' lang='lat' dir='ltr'><strong>sua</strong></span> <span class='ocrx_word' id='word_1_838' title='bbox 2801 4483 2911 4535; x_wconf 89' lang='lat' dir='ltr'><strong>loca</strong></span> <span class='ocrx_word' id='word_1_839' title='bbox 2947 4492 2999 4536; x_wconf 90' lang='lat' dir='ltr'><strong>et</strong></span> <span class='ocrx_word' id='word_1_840' title='bbox 3034 4482 3306 4551; x_wconf 87' lang='lat' dir='ltr'><strong>juncturas</strong></span> <span class='ocrx_word' id='word_1_841' title='bbox 3352 4484 3614 4538; x_wconf 87' lang='lat' dir='ltr'><strong>currentia</strong></span> <span class='ocrx_word' id='word_1_842' title='bbox 3638 4526 3655 4551; x_wconf 90' lang='lat'><strong>,</strong></span> <span class='ocrx_word' id='word_1_843' title='bbox 3707 4497 3987 4556; x_wconf 87' lang='lat' dir='ltr'><strong>postquam</strong></span> 
     </span>
    </p>
   </div>
   <div class='ocr_carea' id='block_1_109' title="bbox 2428 4571 3991 4641">
    <p class='ocr_par' dir='ltr' id='par_1_109' title="bbox 2428 4571 3991 4641">
     <span class='ocr_line' id='line_1_111' title="bbox 2428 4571 3991 4641; baseline 0.004 -18"><span class='ocrx_word' id='word_1_844' title='bbox 2428 4571 2556 4624; x_wconf 86' lang='lat' dir='ltr'><strong>vidit</strong></span> <span class='ocrx_word' id='word_1_845' title='bbox 2582 4586 2701 4625; x_wconf 90' lang='lat' dir='ltr'><strong>ossa</strong></span> <span class='ocrx_word' id='word_1_846' title='bbox 2722 4571 2863 4623; x_wconf 88' lang='lat' dir='ltr'><strong>arida</strong></span> <span class='ocrx_word' id='word_1_847' title='bbox 2893 4575 3064 4625; x_wconf 89' lang='lat' dir='ltr'><strong>nervis</strong></span> <span class='ocrx_word' id='word_1_848' title='bbox 3088 4571 3251 4639; x_wconf 78' lang='lat' dir='ltr'><strong>ligari,</strong></span> <span class='ocrx_word' id='word_1_849' title='bbox 3285 4573 3430 4627; x_wconf 87' lang='lat' dir='ltr'><strong>venis</strong></span> <span class='ocrx_word' id='word_1_850' title='bbox 3462 4573 3644 4641; x_wconf 89' lang='lat' dir='ltr'><strong>intexi,</strong></span> <span class='ocrx_word' id='word_1_851' title='bbox 3668 4590 3831 4631; x_wconf 88' lang='lat' dir='ltr'><strong>carne</strong></span> <span class='ocrx_word' id='word_1_852' title='bbox 3854 4592 3991 4631; x_wconf 81' lang='lat' dir='ltr'><strong>con-</strong></span> 
     </span>
    </p>
   </div>
   <div class='ocr_carea' id='block_1_110' title="bbox 2430 4661 3992 4734">
    <p class='ocr_par' dir='ltr' id='par_1_110' title="bbox 2430 4661 3992 4734">
     <span class='ocr_line' id='line_1_112' title="bbox 2430 4661 3992 4734; baseline 0.004 -20"><span class='ocrx_word' id='word_1_853' title='bbox 2430 4661 2558 4730; x_wconf 90' lang='lat' dir='ltr'><strong>tegi,</strong></span> <span class='ocrx_word' id='word_1_854' title='bbox 2605 4669 2723 4714; x_wconf 91' lang='lat' dir='ltr'><strong>cute</strong></span> <span class='ocrx_word' id='word_1_855' title='bbox 2760 4661 2968 4724; x_wconf 90' lang='lat' dir='ltr'><strong>vestiri,</strong></span> <span class='ocrx_word' id='word_1_856' title='bbox 3016 4670 3195 4728; x_wconf 88' lang='lat' dir='ltr'><strong>postea</strong></span> <span class='ocrx_word' id='word_1_857' title='bbox 3238 4661 3567 4729; x_wconf 90' lang='lat' dir='ltr'><strong>prophetavit</strong></span> <span class='ocrx_word' id='word_1_858' title='bbox 3597 4664 3648 4717; x_wconf 91' lang='lat' dir='ltr'><strong>in</strong></span> <span class='ocrx_word' id='word_1_859' title='bbox 3679 4667 3866 4734; x_wconf 87' lang='lat' dir='ltr'><strong>spiritu</strong></span> <span class='ocrx_word' id='word_1_860' title='bbox 3889 4708 3903 4730; x_wconf 97' lang='lat'><strong>,</strong></span> <span class='ocrx_word' id='word_1_861' title='bbox 3936 4676 3992 4721; x_wconf 88' lang='lat' dir='ltr'><strong>ct</strong></span> 
     </span>
    </p>
   </div>
   <div class='ocr_carea' id='block_1_111' title="bbox 2428 4747 3992 4821">
    <p class='ocr_par' dir='ltr' id='par_1_111' title="bbox 2428 4747 3992 4821">
     <span class='ocr_line' id='line_1_113' title="bbox 2428 4747 3992 4821; baseline 0.006 -22"><span class='ocrx_word' id='word_1_862' title='bbox 2428 4748 2643 4802; x_wconf 85' lang='lat' dir='ltr'><strong>veniens</strong></span> <span class='ocrx_word' id='word_1_863' title='bbox 2684 4747 2897 4815; x_wconf 88' lang='lat' dir='ltr'><strong>spiritus</strong></span> <span class='ocrx_word' id='word_1_864' title='bbox 2938 4748 3340 4816; x_wconf 87' lang='lat' dir='ltr'><strong>uniuscujusque</strong></span> <span class='ocrx_word' id='word_1_865' title='bbox 3387 4750 3621 4804; x_wconf 78' lang='lat' dir='ltr'><strong>introivit</strong></span> <span class='ocrx_word' id='word_1_866' title='bbox 3670 4754 3723 4805; x_wconf 94' lang='lat' dir='ltr'><strong>in</strong></span> <span class='ocrx_word' id='word_1_867' title='bbox 3762 4768 3992 4821; x_wconf 72' lang='lat' dir='ltr'><strong>corpora</strong></span> 
     </span>
    </p>
   </div>
   <div class='ocr_carea' id='block_1_112' title="bbox 2430 4838 3990 4905">
    <p class='ocr_par' dir='ltr' id='par_1_112' title="bbox 2430 4838 3990 4905">
     <span class='ocr_line' id='line_1_114' title="bbox 2430 4838 3990 4905; baseline 0.004 -16"><span class='ocrx_word' id='word_1_868' title='bbox 2430 4838 2515 4890; x_wconf 91' lang='lat' dir='ltr'><strong>illa</strong></span> <span class='ocrx_word' id='word_1_869' title='bbox 2537 4838 2758 4905; x_wconf 85' lang='lat' dir='ltr'><strong>jacentia</strong></span> <span class='ocrx_word' id='word_1_870' title='bbox 2780 4876 2794 4901; x_wconf 92' lang='lat'><strong>,</strong></span> <span class='ocrx_word' id='word_1_871' title='bbox 2835 4846 2887 4889; x_wconf 92' lang='lat' dir='ltr'><strong>et</strong></span> <span class='ocrx_word' id='word_1_872' title='bbox 2921 4846 3344 4899; x_wconf 86' lang='lat' dir='ltr'><strong>resurrexcrunt,</strong></span> <span class='ocrx_word' id='word_1_873' title='bbox 3385 4846 3437 4891; x_wconf 88' lang='lat' dir='ltr'><strong>et</strong></span> <span class='ocrx_word' id='word_1_874' title='bbox 3477 4854 3598 4892; x_wconf 91' lang='lat' dir='ltr'><strong>mox</strong></span> <span class='ocrx_word' id='word_1_875' title='bbox 3628 4851 3893 4896; x_wconf 90' lang='lat' dir='ltr'><strong>steterunt</strong></span> <span class='ocrx_word' id='word_1_876' title='bbox 3924 4844 3942 4873; x_wconf 90' lang='lat'>&#39;</span> <span class='ocrx_word' id='word_1_877' title='bbox 3975 4861 3990 4895; x_wconf 90' lang='lat'><strong>:</strong></span> 
     </span>
    </p>
   </div>
   <div class='ocr_carea' id='block_1_113' title="bbox 2429 4924 3994 4997">
    <p class='ocr_par' dir='ltr' id='par_1_113' title="bbox 2429 4924 3994 4997">
     <span class='ocr_line' id='line_1_115' title="bbox 2429 4924 3994 4997; baseline 0.003 -18"><span class='ocrx_word' id='word_1_878' title='bbox 2429 4927 2506 4979; x_wconf 88' lang='lat' dir='ltr'><strong>sic</strong></span> <span class='ocrx_word' id='word_1_879' title='bbox 2533 4924 2866 4979; x_wconf 91' lang='lat' dir='ltr'><strong>confirmatus</strong></span> <span class='ocrx_word' id='word_1_880' title='bbox 2896 4924 2961 4977; x_wconf 91' lang='lat' dir='ltr'><strong>de</strong></span> <span class='ocrx_word' id='word_1_881' title='bbox 3006 4926 3387 4978; x_wconf 90' lang='lat' dir='ltr'><strong>resurrectione</strong></span> <span class='ocrx_word' id='word_1_882' title='bbox 3432 4928 3688 4994; x_wconf 85' lang='lat' dir='ltr'><strong>propheta</strong></span> <span class='ocrx_word' id='word_1_883' title='bbox 3716 4970 3732 4994; x_wconf 89' lang='lat'><strong>,</strong></span> <span class='ocrx_word' id='word_1_884' title='bbox 3782 4931 3994 4997; x_wconf 82' lang='lat' dir='ltr'><strong>scripsit</strong></span> 
     </span>
    </p>
   </div>
   <div class='ocr_carea' id='block_1_114' title="bbox 2432 5012 3996 5085">
    <p class='ocr_par' dir='ltr' id='par_1_114' title="bbox 2432 5012 3996 5085">
     <span class='ocr_line' id='line_1_116' title="bbox 2432 5012 3996 5085; baseline 0.002 -17"><span class='ocrx_word' id='word_1_885' title='bbox 2432 5016 2682 5068; x_wconf 89' lang='lat' dir='ltr'><strong>visionem</strong></span> <span class='ocrx_word' id='word_1_886' title='bbox 2706 5053 2721 5077; x_wconf 95' lang='lat'><strong>,</strong></span> <span class='ocrx_word' id='word_1_887' title='bbox 2753 5021 2808 5065; x_wconf 94' lang='lat' dir='ltr'><strong>ut</strong></span> <span class='ocrx_word' id='word_1_888' title='bbox 2835 5012 2898 5065; x_wconf 85' lang='lat' dir='ltr'><strong>ad</strong></span> <span class='ocrx_word' id='word_1_889' title='bbox 2928 5020 3166 5080; x_wconf 86' lang='lat' dir='ltr'><strong>posteros</strong></span> <span class='ocrx_word' id='word_1_890' title='bbox 3200 5020 3357 5066; x_wconf 71' lang='lat' dir='ltr'><strong>tanta:</strong></span> <span class='ocrx_word' id='word_1_891' title='bbox 3381 5014 3455 5069; x_wconf 87' lang='lat' dir='ltr'><strong>rei</strong></span> <span class='ocrx_word' id='word_1_892' title='bbox 3485 5017 3721 5083; x_wconf 84' lang='lat' dir='ltr'><strong>cognitio</strong></span> <span class='ocrx_word' id='word_1_893' title='bbox 3751 5020 3996 5085; x_wconf 77' lang='lat' dir='ltr'><strong>perveni.</strong></span> 
     </span>
    </p>
   </div>
   <div class='ocr_carea' id='block_1_115' title="bbox 2495 5157 3997 5222">
    <p class='ocr_par' dir='ltr' id='par_1_115' title="bbox 2495 5157 3997 5222">
     <span class='ocr_line' id='line_1_117' title="bbox 2495 5157 3997 5222; baseline 0.005 -14"><span class='ocrx_word' id='word_1_894' title='bbox 2495 5163 2509 5193; x_wconf 78' lang='grc' dir='ltr'>ί</span> <span class='ocrx_word' id='word_1_895' title='bbox 2547 5161 2659 5209; x_wconf 77' lang='lat' dir='ltr'><strong>Ediu</strong></span> <span class='ocrx_word' id='word_1_896' title='bbox 2698 5166 2923 5216; x_wconf 80' lang='lat' dir='ltr'><strong>veteres,</strong></span> <span class='ocrx_word' id='word_1_897' title='bbox 2961 5162 3053 5205; x_wconf 89' lang='lat' dir='ltr'><strong>tota</strong></span> <span class='ocrx_word' id='word_1_898' title='bbox 3087 5157 3394 5209; x_wconf 73' lang='lat' dir='ltr'><strong>cataradt&#39;ctio</strong></span> <span class='ocrx_word' id='word_1_899' title='bbox 3432 5166 3531 5219; x_wconf 86' lang='lat' dir='ltr'><strong>est,</strong></span> <span class='ocrx_word' id='word_1_900' title='bbox 3574 5173 3687 5222; x_wconf 67' lang='lat' dir='ltr'><strong>qua</strong></span> <span class='ocrx_word' id='word_1_901' title='bbox 3720 5160 3869 5213; x_wconf 82' lang='lat' dir='ltr'><strong>lectio</strong></span> <span class='ocrx_word' id='word_1_902' title='bbox 3901 5179 3997 5217; x_wconf 81' lang='lat' dir='ltr'><strong>non</strong></span> 
     </span>
    </p>
   </div>
   <div class='ocr_carea' id='block_1_116' title="bbox 2431 5222 3464 5348">
    <p class='ocr_par' dir='ltr' id='par_1_116' title="bbox 2431 5222 3464 5348">
     <span class='ocr_line' id='line_1_118' title="bbox 2431 5222 2717 5283; baseline -0.01 -14"><span class='ocrx_word' id='word_1_903' title='bbox 2431 5222 2717 5283; x_wconf 84' lang='lat' dir='ltr'><strong>spernenda.</strong></span> 
     </span>
     <span class='ocr_line' id='line_1_119' title="bbox 2495 5277 3464 5348; baseline 0.002 -22"><span class='ocrx_word' id='word_1_904' title='bbox 2495 5285 2515 5348; x_wconf 66' lang='grc' dir='ltr'><strong>ξ</strong></span> <span class='ocrx_word' id='word_1_905' title='bbox 2547 5281 2714 5337; x_wconf 86' lang='lat' dir='ltr'><strong>tidem,</strong></span> <span class='ocrx_word' id='word_1_906' title='bbox 2737 5284 2780 5325; x_wconf 85' lang='lat' dir='ltr'><strong>et</strong></span> <span class='ocrx_word' id='word_1_907' title='bbox 2800 5277 2977 5348; x_wconf 68' lang='lat' dir='ltr'><strong>cineres</strong></span> <span class='ocrx_word' id='word_1_908' title='bbox 2997 5278 3196 5336; x_wconf 86' lang='lat' dir='ltr'><strong>patietur</strong></span> 
     </span>
    </p>
   </div>
   <div class='ocr_carea' id='block_1_117' title="bbox 2497 5338 3374 5400">
    <p class='ocr_par' dir='ltr' id='par_1_117' title="bbox 2497 5338 3374 5400">
     <span class='ocr_line' id='line_1_120' title="bbox 2497 5338 3374 5400; baseline 0.001 -14"><span class='ocrx_word' id='word_1_909' title='bbox 2497 5342 2517 5371; x_wconf 84' lang='grc'>⁸</span> <span class='ocrx_word' id='word_1_910' title='bbox 2551 5348 2625 5387; x_wconf 79' lang='lat' dir='ltr'><strong>Ms.</strong></span> <span class='ocrx_word' id='word_1_911' title='bbox 2647 5338 2852 5400; x_wconf 69' lang='lat' dir='ltr'><strong>secunda</strong></span> <span class='ocrx_word' id='word_1_912' title='bbox 2875 5350 3037 5400; x_wconf 86' lang='lat' dir='ltr'><strong>manu,</strong></span> <span class='ocrx_word' id='word_1_913' title='bbox 3055 5351 3194 5398; x_wconf 84' lang='lat' dir='ltr'><strong>quam</strong></span> <span class='ocrx_word' id='word_1_914' title='bbox 3214 5338 3374 5400; x_wconf 69' lang='lat' dir='ltr'><strong>potuit.</strong></span> 
     </span>
    </p>
   </div>
   <div class='ocr_carea' id='block_1_118' title="bbox 2496 5398 3053 5456">
    <p class='ocr_par' dir='ltr' id='par_1_118' title="bbox 2496 5398 3053 5456">
     <span class='ocr_line' id='line_1_121' title="bbox 2496 5398 3053 5456; baseline -0.005 -9"><span class='ocrx_word' id='word_1_915' title='bbox 2496 5401 2516 5431; x_wconf 75' lang='grc'><strong>⁸</strong></span> <span class='ocrx_word' id='word_1_916' title='bbox 2551 5406 2673 5456; x_wconf 59' lang='lat'><strong>£55.,</strong></span> <span class='ocrx_word' id='word_1_917' title='bbox 2690 5398 2772 5445; x_wconf 74' lang='lat' dir='ltr'><strong>illo</strong></span> <span class='ocrx_word' id='word_1_918' title='bbox 2793 5404 2918 5444; x_wconf 81' lang='lat' dir='ltr'><strong>certo</strong></span> <span class='ocrx_word' id='word_1_919' title='bbox 2940 5398 3053 5445; x_wconf 81' lang='lat' dir='ltr'><strong>veri.</strong></span> 
     </span>
    </p>
   </div>
   <div class='ocr_carea' id='block_1_119' title="bbox 2496 5457 3539 5515">
    <p class='ocr_par' dir='ltr' id='par_1_119' title="bbox 2496 5457 3539 5515">
     <span class='ocr_line' id='line_1_122' title="bbox 2496 5457 3539 5515; baseline 0.001 -10"><span class='ocrx_word' id='word_1_920' title='bbox 2496 5462 2515 5491; x_wconf 79' lang='grc'><strong><em>⁸</em></strong></span> <span class='ocrx_word' id='word_1_921' title='bbox 2551 5466 2674 5515; x_wconf 67' lang='lat' dir='ltr'><strong>Haec,</strong></span> <span class='ocrx_word' id='word_1_922' title='bbox 2698 5464 2742 5505; x_wconf 89' lang='lat' dir='ltr'><strong>et</strong></span> <span class='ocrx_word' id='word_1_923' title='bbox 2764 5470 2873 5505; x_wconf 68' lang='lat' dir='ltr'><strong>mox</strong></span> <span class='ocrx_word' id='word_1_924' title='bbox 2895 5462 3133 5515; x_wconf 77' lang='lat' dir='ltr'><strong>steterunt,</strong></span> <span class='ocrx_word' id='word_1_925' title='bbox 3156 5457 3329 5507; x_wconf 87' lang='lat' dir='ltr'><strong>desunt</strong></span> <span class='ocrx_word' id='word_1_926' title='bbox 3363 5460 3411 5505; x_wconf 89' lang='lat' dir='ltr'><strong>iu</strong></span> <span class='ocrx_word' id='word_1_927' title='bbox 3436 5465 3539 5506; x_wconf 77' lang='lat' dir='ltr'><strong>Mss.</strong></span> 
     </span>
    </p>
   </div>
   <div class='ocr_carea' id='block_1_120' title="bbox 2498 5536 3995 5608">
    <p class='ocr_par' dir='ltr' id='par_1_120' title="bbox 2498 5536 3995 5608">
     <span class='ocr_line' id='line_1_123' title="bbox 2498 5536 3995 5608; baseline 0.005 -6"><span class='ocrx_word' id='word_1_928' title='bbox 2498 5542 2567 5608; x_wconf 67' lang='grc' dir='ltr'><strong>(ρ)</strong></span> <span class='ocrx_word' id='word_1_929' title='bbox 2601 5547 2730 5608; x_wconf 55' lang='lat' dir='ltr'><strong>&quot;es.</strong></span> <span class='ocrx_word' id='word_1_930' title='bbox 2924 5544 2968 5587; x_wconf 78' lang='grc' dir='ltr'><strong>ιε</strong></span> <span class='ocrx_word' id='word_1_931' title='bbox 2984 5552 3074 5608; x_wconf 66' lang='lat' dir='ltr'><strong>twn</strong></span> <span class='ocrx_word' id='word_1_932' title='bbox 3283 5536 3509 5608; x_wconf 65' lang='grc' dir='ltr'><strong>ωκίιιξτε</strong></span> <span class='ocrx_word' id='word_1_933' title='bbox 3526 5547 3726 5608; x_wconf 66' lang='lat' dir='ltr'><strong>Propter</strong></span> <span class='ocrx_word' id='word_1_934' title='bbox 3749 5556 3820 5601; x_wconf 70' lang='grc' dir='ltr'><strong>ιιι</strong></span> <span class='ocrx_word' id='word_1_935' title='bbox 3845 5558 3895 5593; x_wconf 82' lang='grc' dir='ltr'>ω</span> <span class='ocrx_word' id='word_1_936' title='bbox 3918 5557 3995 5595; x_wconf 59' lang='lat' dir='ltr'><strong>re</strong></span> 
     </span>
    </p>
   </div>
   <div class='ocr_carea' id='block_1_121' title="bbox 2436 5599 3997 5662">
    <p class='ocr_par' dir='ltr' id='par_1_121' title="bbox 2436 5599 3997 5662">
     <span class='ocr_line' id='line_1_124' title="bbox 2436 5599 3997 5662; baseline 0.002 -13"><span class='ocrx_word' id='word_1_937' title='bbox 2436 5599 2621 5651; x_wconf 87' lang='lat' dir='ltr'><strong>teribus</strong></span> <span class='ocrx_word' id='word_1_938' title='bbox 2834 5599 3102 5662; x_wconf 66' lang='lat' dir='ltr'><strong>habentur,</strong></span> <span class='ocrx_word' id='word_1_939' title='bbox 3126 5607 3175 5647; x_wconf 89' lang='lat' dir='ltr'><strong>et</strong></span> <span class='ocrx_word' id='word_1_940' title='bbox 3209 5599 3267 5662; x_wconf 81' lang='lat' dir='ltr'><strong>ad</strong></span> <span class='ocrx_word' id='word_1_941' title='bbox 3304 5599 3997 5662; x_wconf 23' lang='lat' dir='ltr'><strong>marginemrejecta‘mntta</strong></span> 
     </span>
    </p>
   </div>
   <div class='ocr_carea' id='block_1_122' title="bbox 2442 5658 3722 5722">
    <p class='ocr_par' dir='ltr' id='par_1_122' title="bbox 2442 5658 3722 5722">
     <span class='ocr_line' id='line_1_125' title="bbox 2442 5658 3722 5722; baseline 0.002 -14"><span class='ocrx_word' id='word_1_942' title='bbox 2442 5670 2679 5722; x_wconf 84' lang='lat' dir='ltr'><strong>postrema</strong></span> <span class='ocrx_word' id='word_1_943' title='bbox 2700 5660 2924 5708; x_wconf 74' lang='lat' dir='ltr'><strong>Editione.</strong></span> <span class='ocrx_word' id='word_1_944' title='bbox 2950 5660 3035 5707; x_wconf 83' lang='lat' dir='ltr'><strong>Sed</strong></span> <span class='ocrx_word' id='word_1_945' title='bbox 3052 5668 3163 5721; x_wconf 91' lang='lat' dir='ltr'><strong>puto</strong></span> <span class='ocrx_word' id='word_1_946' title='bbox 3182 5659 3240 5705; x_wconf 89' lang='lat' dir='ltr'><strong>ad</strong></span> <span class='ocrx_word' id='word_1_947' title='bbox 3263 5658 3440 5707; x_wconf 83' lang='lat' dir='ltr'><strong>seriem</strong></span> <span class='ocrx_word' id='word_1_948' title='bbox 3466 5658 3722 5721; x_wconf 55' lang='lat' dir='ltr'><strong>quadrare.</strong></span> 
     </span>
    </p>
   </div>
  </div>
