4138 6306
182 345 285 398 301

185 462 286 505 ret.
330 450 513 505 Merito
541 463 665 516 ergo
690 448 880 502 clamat
913 444 1071 498 Isaias
1099 459 1113 496 :
1144 440 1427 509 Exsurgent
1452 442 1660 500 mortui,
1693 443 1738 487 et

184 549 443 608 resurgent
483 539 565 608 qui
602 546 715 591 sunt
751 536 802 587 in
839 531 1196 592 monumentis,
1242 538 1285 581 et
1326 526 1622 580 (relabuntur
1658 522 1743 590 qui

185 639 300 682 sunt
326 630 375 681 in
407 638 555 680 terra.
603 626 705 680 Ras
732 625 881 688 enim,
916 623 1000 688 qui
1026 621 1110 672 abs
1132 629 1177 671 te
1202 626 1301 682 est,
1341 618 1525 669 sanitas
1555 622 1623 666 est
1644 612 1743 663 illis

185 715 343 785 (Isai.
359 717 449 769 9.6.
474 715 585 783 19).
603 713 740 767 Vere
760 712 919 775 enim,
945 710 1079 763 sicut
1098 723 1217 760 rore
1237 703 1522 758 madefacta
1546 700 1745 755 semina

186 806 489 874 germinant
519 812 571 857 et
598 809 916 870 exsurgunt,
964 800 1040 853 sic
1070 812 1189 851 rore
1219 796 1441 864 Spiritus
1466 808 1584 847 ossa
1615 790 1747 844 ﬁde-

188 897 320 949 lium
346 894 707 963 germinabunt
735 893 777 945 ¹.

263 985 320 1038 5.
351 979 498 1035 Aliud
533 989 892 1050 argumentum.
920 1007 989 1018 —
1012 976 1114 1032 Sed
1138 975 1362 1036 dubitas,
1394 969 1654 1040 quomodo
1683 968 1748 1022 de

191 1071 371 1140 parvis
405 1069 610 1123 ossibus
644 1078 784 1122 totus
825 1068 982 1121 homo
1008 1064 1209 1118 restitui
1236 1061 1440 1131 possit?
1469 1060 1668 1113 Revera
1694 1065 1749 1109 tu

192 1174 264 1211 ex
289 1158 494 1212 modica
524 1156 746 1210 scintilla
769 1155 898 1223 ignis
922 1154 1185 1221 ingentem
1206 1150 1426 1205 suscitas
1451 1147 1745 1207 ﬂammam;

196 1250 338 1302 Deus
370 1262 475 1301 non
505 1248 693 1315 poterit
729 1261 793 1299 ex
826 1242 1031 1298 modico
1057 1241 1248 1295 cineris
1291 1240 1361 1293 tui
1390 1240 1643 1292 fermento
1670 1244 1750 1289 to-

197 1348 310 1390 tum
338 1336 634 1405 corpusculi
679 1334 750 1387 tui
800 1332 1159 1400 redintegrare
1197 1326 1579 1397 conspersum?
1623 1324 1751 1377 Nam

197 1429 301 1482 etsi
348 1427 491 1481 dicas
523 1444 535 1479 :
566 1425 827 1492 Nusquam
871 1428 1173 1490 comparent
1212 1420 1383 1473 carnis
1426 1417 1586 1485 ipsius
1626 1413 1753 1467 reli-

198 1516 373 1584 quiae;
415 1514 629 1567 forsitan
658 1516 796 1566 enim
827 1518 915 1563 aut
939 1512 1055 1578 igne
1090 1516 1411 1575 consumpta:
1436 1507 1575 1567 sunt,
1607 1510 1696 1554 aut
1724 1514 1754 1552 a

201 1602 385 1658 bestiis
431 1602 690 1655 devoratze
721 1618 732 1653 :
766 1600 865 1653 hoc
894 1599 1113 1669 primum
1145 1596 1305 1658 scito,
1346 1593 1464 1660 quia
1507 1586 1755 1657 quidquid

202 1692 564 1755 consumitur,
617 1691 669 1744 in
717 1698 869 1744 teme
915 1686 1202 1741 visceribus
1246 1683 1571 1743 continetur,
1621 1675 1757 1731 unde

204 1800 387 1838 rursus
418 1784 606 1852 poterit
637 1784 740 1835 Deo
767 1780 1103 1850 prazcipicnte
1146 1773 1379 1843 produci.
1435 1770 1564 1824 Nam
1596 1778 1648 1823 et
1679 1778 1752 1831 tu,

202 1890 326 1927 cum
356 1890 458 1927 non
484 1881 729 1941 appareat
757 1871 887 1940 ignis
914 1910 926 1933 ,
970 1867 1184 1921 adhibes
1217 1864 1451 1933 lapillum
1470 1903 1482 1925 ,
1513 1869 1565 1915 et
1593 1858 1759 1914 modi-

203 1979 330 2016 eum
370 1962 492 2015 ferri
519 2001 532 2025 ,
581 1969 633 2015 et
660 1960 862 2015 excutis
890 1957 955 2011 de
983 1954 1271 2010 visceribus
1316 1951 1475 2020 lapilli
1508 1957 1758 2019 quantum

206 2067 341 2119 opus
371 2059 451 2104 est
493 2050 643 2119 ignis.
692 2047 839 2115 Quod
877 2060 1001 2115 ergo
1039 2060 1131 2113 per
1176 2053 1316 2096 tuam
1360 2040 1663 2094 industriam
1709 2044 1761 2090 et

206 2140 542 2207 sapientiam,
571 2152 724 2207 quam
771 2136 862 2189 tibi
908 2136 1041 2189 Deus
1068 2134 1179 2202 ipse
1204 2130 1480 2191 concessit,
1512 2128 1668 2192 facis,
1706 2133 1762 2179 ut

209 2229 471 2298 producas
497 2227 633 2295 quod
659 2240 760 2280 non
781 2233 993 2293 apparet
1020 2226 1040 2255 ¹
1062 2264 1076 2289 ,
1110 2222 1353 2290 majestas
1382 2220 1465 2273 illa
1494 2218 1664 2271 divina
1687 2214 1761 2268 fa—

210 2331 337 2370 cere
360 2330 451 2368 sua
479 2316 668 2369 virtute
694 2330 796 2368 non
822 2313 1042 2382 poterit,
1088 2320 1143 2365 ut
1166 2326 1281 2380 qua)
1310 2309 1517 2363 interim
1544 2322 1645 2361 non
1679 2306 1760 2358 vi-

210 2405 405 2458 dentur
429 2403 695 2457 excutiat?
720 2401 844 2456 Mihi
877 2400 1051 2463 crede,
1081 2406 1253 2468 potest
1276 2398 1446 2451 omnia
1476 2397 1631 2450 Deus.
1744 2396 1753 2409 ’

286 2494 339 2546 4.
365 2492 586 2545 Christus
611 2496 829 2561 futuram
856 2490 1253 2544 resurrectionem
1286 2488 1591 2553 testiﬁcatur.
1637 2484 1763 2537 Item

212 2582 430 2649 apostoli
459 2590 503 2633 et
529 2589 766 2649 martyres
786 2620 799 2641 ,
834 2588 878 2632 et
911 2578 1309 2631 Machabazorum
1340 2584 1512 2629 mater.
1546 2604 1614 2614 ——
1657 2574 1765 2627 Hoc

215 2678 420 2721 tantum
464 2669 670 2736 require
692 2708 708 2733 ,
750 2676 925 2720 utrum
969 2665 1265 2733 promiserit
1300 2679 1357 2717 se
1386 2662 1558 2717 facere
1584 2676 1760 2715 resur—

216 2759 512 2812 rectionem
558 2775 569 2810 :
608 2767 661 2811 et
702 2772 819 2808 cum
866 2756 1172 2822 promissam
1225 2761 1480 2804 tantorum
1524 2750 1767 2803 didiceris

218 2846 535 2900 testimoniis
559 2883 572 2909 ,
620 2846 724 2897 imo
748 2857 865 2897 cum
893 2842 1053 2910 ipsius
1080 2840 1270 2895 Christi
1299 2838 1503 2892 Domini
1541 2836 1759 2891 certissi-

217 2950 365 2988 mam
394 2934 584 2987 habeas
607 2932 898 2987 cautionem
923 2971 936 2995 ,
984 2929 1318 2984 conﬁrmatus
1362 2928 1463 2982 ﬁde
1484 2968 1497 2992 ,
1546 2936 1767 2980 mortem

217 3025 527 3092 desinejam
556 3025 756 3077 timere.
784 3022 882 3089 Qui
909 3020 1049 3075 enim
1076 3020 1223 3073 timet
1246 3019 1414 3073 adhuc
1433 3058 1447 3082 ,
1480 3015 1726 3071 discredit
1752 3031 1767 3069 :

218 3115 312 3183 qui
357 3114 641 3178 discredit,
690 3120 955 3181 peccatum
999 3110 1260 3164 contrahit
1303 3109 1621 3171 insanabile,
1650 3107 1768 3176 quia

220 3218 319 3256 sua
359 3202 719 3256 incredulitate
759 3201 915 3255 audet
954 3201 1117 3254 Deum
1161 3209 1251 3252 aut
1296 3199 1636 3266 impotentem
1681 3204 1771 3249 aut

218 3300 370 3345 certe
409 3305 708 3345 asseverare
742 3289 1065 3343 mendacem.
1114 3289 1215 3342 Sed
1245 3303 1349 3341 non
1379 3288 1447 3340 ita
1476 3288 1613 3340 beati
1650 3301 1773 3353 apo-

220 3381 369 3444 stoli,
401 3396 502 3433 non
529 3381 596 3433 ita
632 3381 795 3435 sancti
824 3388 1079 3448 martyres
1100 3378 1342 3447 probant.
1367 3375 1623 3445 Apostoli,
1652 3389 1772 3442 pro-

223 3479 347 3537 pter
388 3468 521 3522 hanc
565 3468 984 3537 prmdicationem
1031 3466 1465 3530 resurrectionis,
1511 3464 1773 3517 Christum

223 3559 582 3613 resurrexisse
610 3556 926 3627 praedicant,
968 3564 1022 3609 et
1046 3556 1097 3609 in
1126 3555 1238 3623 ipso
1267 3562 1500 3608 mortuos
1524 3552 1778 3606 suscitan-

224 3648 327 3701 dos
354 3648 661 3701 annuntiant
684 3688 698 3711 ,
739 3660 838 3701 nec
874 3654 1095 3700 mortem
1139 3659 1235 3698 ncc
1282 3651 1537 3697 tormenta
1565 3654 1777 3696 recusa-

226 3746 420 3790 verunt
448 3750 546 3789 nec
579 3749 778 3790 cruces.
826 3735 882 3789 Si
911 3749 1033 3803 ergo
1060 3736 1111 3787 in
1138 3749 1229 3787 ore
1256 3734 1478 3787 duorum
1504 3732 1584 3785 vel
1625 3731 1777 3785 trium

226 3825 443 3878 testium
472 3833 573 3877 stat
601 3839 754 3878 omne
782 3824 1000 3877 verbum
1031 3840 1043 3875 :
1085 3823 1399 3877 resurrectio
1427 3830 1775 3885 mortuorum,

224 3914 318 3967 cui
356 3924 431 3967 tot
456 3923 507 3967 et
537 3922 640 3966 tam
668 3914 838 3967 idonei
870 3922 1026 3967 teSIes
1055 3915 1341 3977 exsistunt,
1386 3912 1466 3965 cui
1505 3927 1620 3965 cum
1652 3911 1781 3964 etin,

230 4002 383 4055 sione
411 4002 674 4068 sanguinis
701 4002 1049 4053 testimonium
1076 4002 1285 4064 dicunt,
1322 4000 1583 4069 quomodo
1610 4008 1781 4068 potest

231 4091 288 4144 in
319 4090 537 4143 dubium
575 4090 845 4144 revocari?
887 4088 1019 4157 Quid
1066 4098 1239 4142 autem
1280 4091 1443 4142 sancti
1490 4089 1780 4158 martyres?

232 4180 529 4234 habuerunt
555 4188 751 4233 certam
794 4193 939 4247 spem
984 4177 1414 4239 resurrectionis,
1460 4178 1671 4229 annon?
1726 4177 1779 4230 Si

235 4286 346 4325 non
375 4269 711 4333 habuissent,
756 4284 857 4322 non
887 4267 1060 4336 utique
1102 4282 1194 4334 per
1234 4275 1406 4320 tantos
1443 4267 1705 4319 cruciatus
1731 4274 1783 4318 et

237 4376 423 4431 pmnas
454 4371 672 4414 mortem
704 4374 797 4428 pro
826 4360 968 4412 lucro
1012 4360 1237 4410 maximo
1262 4358 1612 4424 suscepissent
1637 4373 1648 4407 :
1678 4371 1781 4408 non

236 4452 533 4521 cogitabant
558 4451 807 4519 supplicia
830 4448 1122 4516 przesentia,
1143 4448 1232 4501 sed
1258 4449 1464 4514 prmmia
1487 4455 1782 4514 sequutum.

238 4540 484 4595 Seiebaut
506 4539 699 4592 dictum
720 4579 734 4602 ,
765 4538 886 4602 Quae
904 4537 1128 4589 videntur
1148 4577 1161 4599 ,
1193 4536 1257 4586 nd
1281 4546 1469 4603 tempus
1494 4545 1604 4587 sunt
1623 4552 1641 4598 ;
1676 4551 1786 4603 qua:

239 4641 406 4683 autem
435 4647 533 4681 non
574 4628 830 4689 videntur,
865 4636 1048 4679 teterna
1075 4635 1185 4677 sunt
1216 4626 1286 4693 (2.
1314 4624 1429 4679 Cor.
1452 4626 1503 4678 4.
1536 4625 1645 4691 18).
1680 4627 1786 4677 Αυ-

242 4720 349 4772 dite
370 4759 383 4781 ,
415 4719 599 4770 fratres
623 4757 636 4781 ,
663 4716 867 4769 virtutis
893 4714 1209 4781 exemplum.
1240 4714 1399 4766 Mater
1420 4723 1620 4781 septem
1650 4713 1785 4766 ﬁlios

242 4808 576 4868 hortabatur,
624 4813 677 4857 et
719 4818 820 4855 non
864 4802 1107 4869 lugebat,
1160 4801 1249 4853 sed
1279 4801 1450 4868 potius
1480 4802 1784 4853 laetabatur:

239 4894 450 4946 videbat
475 4891 607 4944 ﬁlios
636 4905 758 4943 suos
784 4890 987 4957 ungulis
1026 4889 1173 4950 radi,
1221 4887 1362 4939 ferro
1400 4889 1632 4952 concidi,
1676 4905 1786 4941 sar-

241 4983 415 5047 tagine
443 4979 636 5043 assari;
675 4987 727 5031 et
754 4991 857 5029 non
884 4977 1135 5045 lacrymas
1163 4974 1437 5035 fundebat,
1484 4991 1587 5030 non
1624 4976 1788 5029 ulula-

241 5078 325 5123 tus
355 5069 567 5121 tollehat
589 5106 602 5128 ,
649 5066 738 5120 sed
765 5066 985 5119 sollicite
1006 5064 1070 5116 ad
1099 5064 1426 5117 tolerantiam
1448 5066 1579 5118 ﬁlios
1606 5066 1784 5119 horta-

241 5161 411 5212 batur.
445 5157 558 5211 Non
584 5157 720 5210 enim
747 5164 857 5207 erat
887 5155 972 5207 illa
998 5154 1221 5207 crudelis
1246 5154 1440 5221 utique,
1470 5156 1559 5207 sed
1587 5156 1782 5208 ﬁdelis:

240 5249 453 5300 amabat
480 5247 641 5308 ﬁlios,
681 5258 784 5297 non
807 5243 1023 5296 delicate
1046 5283 1061 5307 ,
1088 5241 1178 5295 sed
1208 5242 1431 5296 fortiter.
1477 5243 1788 5297 llortabatur

305 5361 320 5390 ¹
363 5357 415 5406 in
440 5358 687 5405 veteribus
708 5356 865 5410 Editis,
888 5353 955 5404 sic
993 5366 1101 5417 rore
1123 5355 1273 5404 sancti
1314 5354 1522 5417 Spiritus
1545 5370 1650 5404 ossa
1672 5354 1789 5417 ﬁde-

243 5417 360 5525 litigi
385 5418 567 5524 t'tisitata
590 5429 699 5463 cum
731 5429 810 5463 sua
835 5427 1030 5475 corpore
1070 5416 1118 5463 in
1155 5423 1379 5464 a'ternam
1402 5416 1603 5477 gloriam
1620 5416 1788 5477 germi-

242 5491 303 5525 ua
338 5491 398 5524 ηη
424 5513 436 5523 .

310 5541 329 5569 ι
364 5545 485 5601 ttaec,
512 5540 559 5583 ut
582 5531 812 5601 producas
836 5534 962 5601 quod
982 5546 1087 5601 non-
1105 5540 1316 5601 apparet,
1362 5543 1410 5583 et
1444 5550 1572 5594 mox,
1606 5542 1654 5584 ut
1684 5549 1789 5597 qua:

243 5595 437 5648 interim
458 5609 548 5643 non
571 5595 783 5641 ridentur
805 5597 1027 5652 excutiat,
1058 5595 1234 5643 desunt
1257 5596 1302 5641 in
1327 5604 1403 5643 Ms.

544 5686 808 5746 ΡΑτιιοι..
857 5687 971 5744 Gn.
1020 5684 1171 5746 Li'l.

1329 329 1417 384 DE
1454 320 1951 384 CONSOLATlONE
1987 320 2250 376 MORTIS.

3293 328 3401 383 302

1846 434 1980 487 ﬁlios
2004 433 2067 487 ad
2095 432 2388 503 passionem
2414 473 2428 499 ,
2469 445 2621 501 quam
2649 429 2880 500 gaudens
2908 430 3017 499 ipsa
3045 444 3253 498 quoque
3278 444 3394 484 sus-

1844 523 1998 591 cepit.
2048 522 2171 575 Erat
2204 522 2342 575 enim
2398 521 2463 575 de
2502 535 2593 575 sua
2624 528 2677 574 ct
2713 534 2925 573 suorum
2964 519 3185 573 ﬁliorum
3216 534 3395 573 resur-

1846 612 2079 665 rectione
2117 625 2323 665 secura.
2380 609 2513 675 Quid
2557 609 2740 677 loquar
2777 608 2935 673 viros,
2983 608 3105 677 quid
3153 607 3394 671 feminas,

1847 700 1968 768 quid
1988 714 2197 768 pueros,
2221 698 2342 767 quid
2372 698 2603 766 puellas?
2632 696 2895 767 quomodo
2916 697 3011 751 sibi
3038 696 3102 750 dc
3118 697 3213 751 ista
3228 705 3397 749 morte

1849 789 2115 853 luserunt,
2164 787 2426 855 quomodo
2469 802 2674 842 summa
2719 786 2986 841 celeritate
3028 784 3094 838 ad
3135 785 3396 839 etelestem

1849 879 2085 931 militiam
2134 878 2488 931 transierunt?
2533 876 2783 930 Poterant
2829 876 3009 943 utique
3057 873 3123 928 ad
3167 887 3400 943 praesens

1848 969 2029 1024 vivere
2049 972 2093 1023 si
2122 969 2427 1033 voluissent,
2453 968 2569 1037 quia
2599 969 2648 1021 in
2679 967 2805 1035 ipsis
2827 974 2939 1021 erat
2966 965 3188 1033 positum
3210 1006 3225 1030 ,
3249 962 3393 1018 Chrio

1852 1068 1988 1114 stum
2018 1059 2253 1127 negando
2280 1060 2515 1112 viverent
2541 1098 2553 1120 ,
2585 1067 2672 1110 aut
2700 1054 2995 1111 conﬁtendo
3017 1062 3346 1109 morerentur
3375 1069 3389 1104 :

1852 1148 1946 1203 sed
1992 1148 2157 1217 magis
2200 1148 2472 1217 elegerunt
2496 1147 2655 1200 vitam
2695 1146 2949 1215 projicere
2984 1153 3396 1212 temporaneam,

1853 1247 1908 1293 et
1928 1238 2083 1291 vitam
2110 1250 2376 1291 assumere
2403 1236 2774 1305 sempiternam
2798 1275 2813 1301 ,
2844 1232 3049 1288 excludi
3075 1234 3140 1287 de
3163 1242 3319 1298 terra,
3348 1241 3403 1286 et

1854 1329 2083 1384 incolere
2102 1330 2308 1384 caelum.

1926 1419 1976 1472 5.
2006 1417 2245 1472 Formido
2266 1420 2436 1473 mortis
2460 1418 2756 1472 excluditur.
2783 1447 2853 1456 —
2876 1415 3013 1470 Inter
3030 1416 3163 1480 hac,
3194 1413 3402 1479 fratres,

1858 1508 1974 1576 quis
2001 1508 2337 1563 dubitationis
2366 1518 2446 1564 est
2478 1508 2662 1563 locus?
2705 1508 2793 1562 ubi
2822 1516 3002 1575 potest
3024 1506 3194 1561 adhuc
3221 1504 3406 1559 mortis

1860 1598 2093 1652 residere
2122 1598 2382 1653 formido?
2414 1600 2468 1653 Si
2495 1609 2781 1670 martyrum
2808 1612 2986 1652 sumus
3016 1597 3128 1659 ﬁlii,
3158 1596 3201 1648 si
3222 1608 3404 1649 eorum

1860 1688 1986 1740 socii
2008 1687 2245 1741 volumus
2272 1687 2512 1752 inveniri,
2554 1702 2659 1740 non
2686 1686 3057 1741 contristamur
3087 1688 3275 1745 morte,
3304 1694 3407 1733 non

1861 1776 2129 1844 lugeamus
2173 1789 2351 1839 caros,
2400 1776 2486 1844 qui
2535 1790 2629 1829 nos
2668 1773 2967 1844 praecedunt
3006 1772 3071 1826 ad
3108 1772 3406 1826 Dominum.

1861 1862 1989 1916 Nam
2020 1864 2061 1917 si
2102 1862 2346 1931 plangere
2376 1863 2727 1927 voluerimus,
2775 1862 2871 1930 ipsi
2912 1862 3061 1915 nobis
3090 1858 3413 1914 insultabunt

1863 1952 2001 2006 bcati
2041 1962 2317 2021 martyres,
2362 1960 2415 2006 et
2440 1952 2611 2005 dicent
2641 1968 2654 2003 :
2684 1951 2726 2005 Ο
2757 1950 2935 2004 fideles
2961 1950 2974 2002 !
3020 1964 3051 2002 ο
3076 1960 3293 2017 regnum
3317 1946 3411 1999 Dei

1864 2044 2132 2112 cupientes
2158 2043 2170 2094 !
2221 2056 2314 2095 vos
2353 2044 2440 2110 qui
2474 2057 2624 2097 caros
2648 2050 2852 2096 vestros
2881 2041 3103 2095 delicate
3128 2039 3412 2093 morientes

1866 2135 1917 2189 in
1948 2136 2094 2189 lectis
2125 2135 2301 2203 utique
2330 2142 2382 2186 et
2405 2135 2593 2203 plumis
2613 2173 2629 2199 ,
2672 2148 2789 2187 cum
2830 2146 3058 2186 mmrore
3086 2129 3331 2199 plangitis
3357 2136 3412 2180 et

1865 2222 2071 2292 lugetis,
2100 2223 2142 2276 si
2166 2238 2257 2277 eos
2286 2238 2315 2277 a
2339 2224 2616 2293 gentilibus
2636 2231 2848 2291 propter
2860 2236 3048 2275 nomen
3074 2218 3275 2272 Domini
3295 2232 3415 2270 cru-

1865 2312 1990 2365 ciari
2013 2320 2063 2364 et
2084 2312 2579 2375 interﬁcivideretis,
2594 2310 2713 2379 quid
2730 2308 2912 2363 facturi
2927 2306 3154 2364 essetis?
3180 2308 3282 2360 Aut
3311 2320 3413 2358 non

1866 2403 2013 2456 vobis
2030 2403 2293 2470 praéccssit
2312 2402 2640 2470 exemplum?
2660 2399 2919 2453 Abraham
2945 2394 3233 2465 patriarcha
3252 2395 3412 2449 ﬁlium

1868 2492 2079 2545 unicum
2106 2491 2332 2546 offerens
2352 2490 2665 2545 sacriﬁcium
2688 2531 2702 2554 ,
2732 2488 2903 2558 gladio
2929 2486 3239 2540 obedientize
3256 2483 3413 2550 jugu-

1868 2583 1989 2636 lavit
2018 2582 2165 2651 (Gen.
2193 2581 2281 2635 ΞΩ.
2315 2582 2400 2651 10)
2435 2599 2447 2633 :
2475 2596 2571 2636 nec
2590 2581 2657 2645 ei,
2676 2594 2829 2647 quem
2853 2585 2996 2630 tanto
3017 2588 3195 2627 amore
3214 2572 3414 2636 dilexit,

1868 2671 2165 2739 pepercit‘,
2214 2676 2269 2721 ut
2316 2669 2534 2721 Domino
2571 2666 2821 2719 obcdiens
2846 2665 3181 2733 probaretur.
3238 2659 3339 2715 Sed
3369 2658 3413 2713 si

1871 2760 2060 2813 dicatis
2081 2799 2094 2822 ,
2143 2758 2284 2811 illum
2331 2766 2546 2827 propter
2590 2758 2681 2811 Dei
2713 2757 2811 2810 hoc
2837 2756 3023 2809 fecisse
3054 2761 3372 2824 prarceptum
3403 2765 3417 2801 :

1870 2858 1921 2902 et
1947 2862 2039 2902 vos
2062 2847 2263 2902 habetis
2294 2856 2629 2916 prmceptum,
2657 2855 2713 2899 ut
2738 2861 2838 2899 non
2868 2845 3040 2899 tristes
3065 2845 3179 2897 sitis
3204 2843 3270 2896 de
3298 2841 3421 2895 dor-

1871 2939 2172 2993 mientibus.
2223 2937 2318 3003 Qui
2359 2953 2483 3007 ergo
2531 2938 2743 2992 minima
2788 2953 2890 2991 non
2936 2944 3173 2999 servant,
3222 2933 3417 3000 majora

1873 3028 2080 3097 quando
2108 3027 2430 3081 servabunt?
2478 3028 2557 3081 An
2600 3026 2841 3091 nescitis,
2880 3025 3000 3095 quia
3023 3026 3228 3078 animus
3256 3023 3339 3090 qui
3368 3022 3417 3074 in

1877 3118 2065 3171 talibus
2117 3117 2387 3185 frangitur,
2436 3117 2503 3169 ad
2546 3117 2762 3170 fortiora
2813 3115 3071 3183 reprobus
3120 3113 3419 3167 invenitur?

1876 3207 2003 3271 Quis
2029 3206 2216 3259 timens
2243 3207 2411 3258 rivum
2430 3246 2444 3270 ,
2485 3219 2629 3257 mare
2660 3204 2953 3274 aliquando
2981 3200 3308 3269 ingreditur?
3333 3200 3419 3253 Sic

1876 3294 1962 3361 qui
1992 3294 2188 3360 plangit
2219 3293 2552 3360 impatienter
2574 3292 2851 3352 amissum,
2896 3289 3103 3357 quando
3130 3289 3321 3357 poterit
3355 3288 3419 3339 ad

1877 3380 2111 3451 martyrii
2154 3380 2423 3449 pervenire
2465 3380 2767 3434 certamen?
2813 3378 2939 3432 Nam
2969 3378 3053 3445 qui
3083 3378 3134 3431 in
3177 3377 3258 3430 his
3293 3391 3423 3432 con-

1878 3480 2020 3523 stans
2059 3479 2108 3523 et
2156 3470 2514 3537 magnanimus
2559 3468 2793 3531 exsistit,
2837 3470 2947 3536 jam
2984 3468 3080 3521 sibi
3120 3466 3334 3536 gradum
3358 3466 3421 3518 ad

1878 3560 2079 3629 potiora
2108 3559 2409 3613 substernit.

1951 3650 2002 3701 (ἱ.
2050 3648 2315 3717 Egregium
2358 3647 2566 3701 Davidis
2610 3648 2906 3716 exempium.
2972 3646 3139 3700 Vestes
3179 3646 3333 3717 nigrm
3374 3645 3426 3696 in

1883 3737 2110 3790 luctibus.
2150 3767 2219 3776 --
2260 3736 2531 3790 Sufﬁciunt
2560 3742 2700 3802 tunc,
2749 3737 2934 3790 fratres
2955 3778 2968 3799 ,
2999 3735 3063 3789 ad
3090 3737 3273 3789 mortis
3300 3751 3427 3789 con-

1884 3836 2157 3895 temptum,
2180 3835 2232 3879 et
2250 3826 2312 3880 ad
2341 3827 2450 3894 Spei
2476 3820 2661 3881 futura:
2683 3826 3150 3880 conﬁrmationem.
3176 3825 3429 3896 Superest

1883 3926 1940 3970 ut
1987 3932 2142 3969 unum
2186 3916 2253 3969 de
2298 3916 2560 3969 veteribus
2605 3916 2899 3984 exemplum
2941 3914 3236 3985 proferam,
3288 3912 3427 3981 quod

1884 4022 2091 4061 omnem
2118 4007 2525 4060 consolationem
2556 4007 2728 4071 faciat,
2763 4018 2815 4060 et
2837 4007 2973 4074 quod
3000 4007 3156 4060 etiam
3188 4005 3429 4073 patienti-

1884 4098 1980 4151 bus
2000 4098 2172 4151 cordis
2196 4097 2408 4150 auribus
2428 4098 2545 4150 volo
2574 4111 2756 4149 omnes
2776 4096 2975 4148 audire.
3018 4095 3175 4147 David
3205 4109 3297 4148 rex
3320 4109 3430 4147 ma-

1883 4202 2014 4255 gnus
2038 4186 2199 4239 ﬁlium
2226 4185 2471 4239 dilectum
2493 4226 2507 4247 ,
2547 4199 2699 4253 quem
2739 4185 2872 4237 sicut
2904 4184 3130 4237 animam
3167 4183 3427 4252 propriam

1885 4275 2150 4342 diligebat,
2182 4274 2480 4327 inﬁrmitate
2515 4288 2817 4342 percussum
2881 4274 3329 4341 impatientissime
3356 4272 3430 4326 fe-

1886 4364 2033 4417 rebat
2063 4363 2135 4432 (2.
2169 4363 2293 4433 Reg.
2326 4362 2522 4417 12.16.
2552 4361 2706 4431 seqq.)
2741 4380 2752 4414 :
2795 4371 2848 4415 et
2886 4376 3005 4415 cum
3058 4362 3283 4414 humana
3321 4361 3428 4429 jam

1888 4454 2076 4506 auxilia
2104 4453 2228 4504 nihil
2259 4452 2593 4519 prodessent.
2638 4452 2864 4519 seipsum
2888 4451 3145 4503 convertit
3167 4450 3230 4502 ad
3258 4450 3433 4502 Domi-

1889 4557 2033 4605 num,
2063 4540 2297 4607 deposita
2330 4539 2485 4607 regali
2521 4540 2701 4607 gloria,
2742 4538 2876 4591 sedit
2915 4539 2965 4590 in
2997 4547 3164 4602 terra,
3188 4537 3351 4605 jacuit
3380 4538 3429 4591 in

1888 4631 2077 4694 cilicio,
2102 4645 2203 4683 non
2224 4629 2568 4694 manducavit,
2591 4643 2693 4681 non
2716 4628 2865 4691 bibit,
2888 4638 3085 4695 septem
3106 4628 3289 4681 diebus
3308 4643 3431 4681 con-

1889 4723 2046 4775 tinuis
2092 4736 2245 4774 orans
2292 4721 2483 4783 Deum,
2536 4721 2578 4772 si
2629 4718 2760 4772 forte
2808 4718 2905 4771 sibi
2954 4719 3091 4771 ﬁlius
3129 4718 3431 4773 donaretur.

1890 4810 2234 4863 Accesserunt
2268 4809 2502 4860 seniores
2527 4806 2713 4859 domus
2740 4805 2851 4872 ejus
2875 4846 2888 4869 ,
2921 4805 3250 4859 consolantes
3277 4821 3431 4877 roga-

1890 4906 2075 4950 verunt
2100 4906 2156 4949 ut
2180 4910 2365 4963 panem
2399 4902 2647 4957 sumeret,
2673 4895 2821 4947 veriti
2853 4908 2917 4947 ne
2947 4893 3095 4957 forte,
3126 4894 3249 4946 dum
3273 4893 3434 4951 filium

1892 4988 2043 5041 vellet
2068 4988 2273 5049 vivere,
2309 4984 2419 5051 ipse
2444 4992 2563 5036 ante
2592 4983 2855 5037 deﬁceret.
2900 4982 3010 5035 Non
3042 4990 3322 5051 potuerunt
3344 4994 3434 5035 ex-

1891 5084 2148 5143 torquere,
2192 5088 2296 5125 non
2334 5088 2553 5141 cogere;
2601 5088 2749 5125 amor
2790 5073 2930 5125 enim
2990 5072 3265 5140 impatiens
3302 5072 3434 5126 solet

1890 5164 2118 5232 pericula
2146 5163 2255 5229 ipsa
2285 5170 2639 5215 contemnere.
2688 5161 2833 5215 Jacet
2855 5177 2945 5215 rex
2974 5162 3024 5215 in
3049 5163 3291 5230 squalore
3324 5163 3436 5216 cili-

1889 5252 1957 5305 cii
1985 5258 2269 5319 :egrotante
2298 5250 2405 5303 ﬁlio
2432 5268 2445 5302 :
2475 5264 2571 5303 nec
2599 5250 2754 5302 verba
2783 5248 2982 5302 faciunt
3006 5251 3436 5317 consolationem,

1893 5355 1989 5395 nec
2032 5341 2141 5408 ipsa
2189 5352 2427 5394 escarum
2481 5339 2766 5393 necessitas
2808 5349 2978 5394 vocat.
3036 5340 3179 5395 Mens
3231 5343 3434 5397 tristitia

1960 5601 1971 5629 ¹
2010 5603 2109 5655 δίδη
2136 5608 2218 5645 nec
2242 5601 2367 5645 trmto
2388 5608 2518 5644 amor
2543 5601 2767 5657 peperat.

3005 5664 3073 5721 19
