4138 6306
670 335 781 390 303

672 464 902 531 pascitur
926 465 962 529 ',
995 472 1174 533 pectus
1198 465 1377 521 dolore
1403 467 1653 533 reficitur,
1681 470 1815 523 oculi
1851 468 2107 539 lacrymas
2135 483 2229 536 pro

671 553 879 619 potibus
908 553 1091 607 fluunt.
1124 553 1263 609 Inter
1292 555 1403 609 haec
1429 556 1619 610 factum
1648 567 1727 611 est
1758 558 1895 627 quod
1924 559 2229 612 decreverat

672 644 810 700 Deus
839 662 855 699 :
884 645 1105 698 moritur
1143 660 1293 715 puer.
1337 645 1480 701 Uxor
1522 648 1572 701 in
1610 648 1783 713 luctu,
1826 656 1932 701 tota
1962 647 2147 701 domus
2176 648 2225 699 in

672 734 899 802 planctu,
924 736 1114 790 servuli
1141 736 1330 805 pavidi,
1347 736 1469 805 quid
1492 738 1639 793 fleret
1662 748 2011 793 exmstuantes
2036 757 2048 792 :
2073 752 2227 791 nemo

669 822 809 876 enim
838 821 1065 877 audebat
1088 823 1311 878 domino
1342 824 1501 878 filium
1528 837 1793 880 mortuum
1830 826 2072 879 nuntiare
2095 866 2110 890 ,
2158 827 2225 877 ti-

670 920 876 967 mentes
916 912 1095 980 utique
1115 953 1130 978 ,
1171 928 1239 968 ne
1268 914 1355 969 ille
1379 915 1466 983 qui
1490 917 1566 969 sic
1595 917 1928 985 impatienter
1952 915 2122 969 adhuc
2153 915 2227 967 vi-

669 1016 789 1054 vum
813 1000 1042 1071 lugebat,
1066 1002 1109 1057 si
1136 1004 1364 1059 audisset
1383 1016 1663 1071 mortuum,
1688 1009 1806 1060 vita:
1832 1006 2023 1061 faceret
2045 1006 2223 1060 finem.

671 1090 804 1143 Dum
851 1102 1093 1160 strepunt
1138 1093 1318 1147 famuli
1348 1095 1482 1149 inter
1508 1111 1583 1159 sc,
1612 1097 1735 1149 dum
1784 1096 1957 1150 tristes
1998 1097 2129 1149 alter
2162 1096 2225 1149 ad

668 1179 891 1233 alterum
918 1179 1093 1237 dicere
1118 1193 1206 1237 aut
1235 1184 1419 1239 suadet
1444 1196 1533 1239 aut
1562 1194 1735 1247 vetat,
1769 1186 2019 1240 intellexit
2043 1187 2221 1250 David,

669 1272 921 1338 praevenit
949 1275 1191 1339 nuntios,
1234 1290 1298 1328 an
1342 1278 1497 1330 vitam
1542 1277 1679 1329 filius
1718 1278 2019 1332 exhalasset
2066 1279 2227 1332 inter-

669 1369 836 1428 rogat.
878 1360 1079 1429 Negare
1106 1376 1207 1417 non
1238 1374 1485 1433 possunt,
1516 1364 1707 1419 factum
1742 1366 1950 1421 fletibus
1977 1368 2221 1422 indicant.

670 1447 753 1503 Fit
779 1464 1066 1506 concursus
1093 1455 1334 1507 insolitus
1361 1458 1402 1518 ’,
1449 1458 1773 1524 exspectatio
1801 1458 2011 1525 grandis
2036 1466 2089 1512 et
2116 1474 2225 1513 me-

672 1546 787 1603 tus,
828 1556 893 1594 ne
919 1542 1039 1610 quid
1068 1543 1166 1596 sibi
1198 1543 1412 1610 periculi
1442 1546 1556 1610 pius
1600 1554 1749 1612 pater
1799 1546 2010 1602 inferat.
2053 1548 2227 1616 Surgit

669 1630 919 1683 continuo
957 1645 1049 1685 rex
1092 1630 1250 1683 David
1279 1630 1345 1684 de
1381 1632 1551 1685 cilicio
1575 1674 1588 1696 ,
1632 1634 1797 1700 surgit
1832 1633 2044 1695 hilaris,
2078 1634 2223 1701 quasi

671 1717 832 1771 fllium
871 1734 1024 1773 suum
1066 1719 1296 1775 audisset
1334 1721 1644 1775 incolumem
1678 1740 1691 1776 :
1723 1723 1860 1776 vadit
1889 1723 1953 1776 ad
1991 1723 2223 1787 balneas,

671 1805 810 1859 lavat
834 1809 1226 1877 corpusculum,
1268 1810 1410 1864 vadit
1433 1810 1498 1864 ad
1527 1812 1798 1878 templum,
1827 1812 2012 1864 adorat
2040 1813 2223 1875 Deum,

669 1896 913 1963 epulatur
945 1912 1063 1951 cum
1106 1900 1324 1963 amicis,
1368 1900 1688 1967 compressis
1728 1900 1984 1968 suspiriis,
2030 1901 2226 1970 gemitu

669 1985 815 2041 omni
843 1986 1118 2056 deposito,
1160 1989 1305 2042 vultu
1329 1990 1437 2057 jam
1461 1991 1600 2043 laeto.
1651 1990 1902 2044 Mirantur
1928 1990 2224 2055 domestici,

670 2086 882 2144 stupent
925 2080 1075 2132 amici
1125 2095 1313 2134 novam
1359 2090 1411 2135 et
1455 2082 1679 2136 subitam
1727 2082 2122 2135 conversionem
2153 2081 2173 2111 ³
2210 2098 2222 2134 :

670 2168 863 2221 audent
890 2168 1114 2238 denique
1138 2170 1465 2239 interrogare
1490 2211 1503 2233 ,
1530 2172 1653 2239 quid
1683 2172 1780 2224 sibi
1809 2172 1971 2225 vellet
2006 2171 2104 2225 hoc
2123 2212 2138 2237 ,
2169 2178 2227 2224 ut

670 2272 788 2311 cum
815 2258 1022 2313 vivente
1052 2259 1158 2312 filio
1186 2260 1261 2314 sic
1283 2259 1546 2327 doluerit,
1592 2272 1801 2314 mortuo
1843 2276 1946 2314 non
1984 2260 2228 2315 doleret?

674 2348 966 2418 Respondit
1012 2350 1089 2403 vir
1140 2350 1228 2405 ille
1279 2352 1710 2420 magnanimitate
1754 2352 2086 2420 principuus:
2128 2351 2230 2405 Ne-

672 2454 823 2495 cesse
868 2440 964 2493 fuit
1005 2454 1123 2495 cum
1150 2441 1320 2495 adhuc
1345 2442 1544 2496 viveret
1568 2442 1707 2495 filius
1730 2482 1744 2508 ,
1775 2451 1827 2496 et
1854 2440 2149 2503 humiliari,
2178 2448 2231 2495 et

669 2531 944 2601 jejunare,
986 2541 1039 2586 et
1067 2532 1244 2601 lugere
1275 2533 1325 2586 in
1355 2540 1637 2600 conspectu
1666 2532 1903 2596 Domini;
1950 2539 2063 2585 erat
2090 2531 2228 2585 enim

674 2635 794 2691 spes
821 2622 1130 2691 impetrandi
1168 2630 1493 2676 commeatus
1520 2621 1639 2675 vita:
1671 2638 1685 2673 :
1716 2628 1771 2673 at
1802 2634 1927 2674 vero
1957 2627 2229 2690 postquam

674 2712 914 2766 voluntas
947 2711 1147 2765 Domini
1192 2710 1325 2765 facta
1365 2720 1478 2775 est,
1520 2710 1735 2765 stultum
1780 2717 1863 2764 est
1896 2717 1951 2763 et
1988 2710 2227 2777 impium,

675 2803 906 2856 animum
948 2802 1318 2856 lamentatione
1356 2800 1522 2855 inutili
1568 2801 1819 2854 macerari
1854 2815 1868 2852 :
1900 2800 1975 2853 sic
2013 2798 2228 2852 dicens:

680 2891 786 2961 Ego
809 2892 889 2943 ibo
918 2892 984 2944 ad
1009 2892 1169 2955 illum,
1197 2890 1283 2943 ille
1309 2906 1407 2943 non
1434 2899 1698 2943 revertetur
1725 2888 1791 2941 ad
1806 2904 1881 2941 me
1901 2888 1975 2958 (2.
1994 2887 2118 2956 Reg.
2142 2885 2225 2938 12.

674 2982 789 3051 28).
840 2982 977 3035 Ecce
1019 2980 1315 3048 exemplum
1345 2979 1786 3048 magnanimitatis
1814 2986 1973 3045 atque
2000 2974 2225 3029 virtutis.

674 3071 822 3139 Quod
851 3072 893 3124 si
922 3071 1008 3125 ille
1039 3070 1197 3125 David
1216 3110 1233 3136 ,
1262 3069 1433 3124 adhuc
1456 3070 1553 3123 sub
1583 3068 1694 3137 lege
1731 3067 1929 3137 positus
1952 3105 1967 3129 ,
1998 3065 2097 3119 sub
2120 3064 2228 3128 illa,

677 3177 779 3215 non
805 3161 923 3215 dico
951 3161 1155 3215 licentia
1173 3200 1188 3225 ,
1236 3160 1329 3214 sed
1366 3160 1679 3213 necessitate
1705 3155 2127 3219 lamentationis,
2154 3154 2231 3208 sic

676 3250 908 3304 animum
935 3264 963 3303 a
990 3250 1128 3304 luctu
1147 3248 1486 3303 irrationabili
1508 3247 1770 3317 separavit
1790 3245 1830 3311 ⁸,
1860 3246 1937 3300 sic
1967 3244 2227 3299 tristitiam

677 3358 823 3397 suam
853 3357 1172 3411 suorumque
1199 3340 1517 3409 compescuit
1551 3358 1563 3392 :
1587 3353 1682 3391 nos
1710 3338 1797 3408 qui
1818 3337 1925 3406 jam
1946 3336 2044 3390 sub
2067 3336 2229 3405 gratia

677 3446 856 3485 sumus
881 3472 894 3492 ,
926 3432 1024 3485 sub
1049 3440 1191 3484 certa
1215 3445 1307 3498 spe
1348 3427 1747 3482 resurrectionis
1771 3465 1786 3489 ,
1833 3426 2023 3493 quibus
2059 3423 2230 3476 omnis

678 3521 882 3575 tristitia
906 3520 1252 3579 interdicitur.
1284 3532 1385 3587 qua
1416 3518 1583 3569 fronte
1611 3526 1844 3568 mortuos
1869 3523 2075 3566 nostros
2101 3528 2231 3580 gen-

679 3611 845 3664 tilium
874 3624 1018 3663 more
1056 3608 1379 3677 plangimus.
1425 3606 1651 3659 ululatus
1682 3605 1894 3657 insanos
1919 3600 2227 3662 attollimus,

679 3700 834 3753 veluti
863 3699 966 3752 alio
1005 3711 1195 3767 genere
1239 3695 1553 3749 bacchantes
1574 3735 1588 3758 ,
1623 3693 1902 3747 conscissis
1925 3690 2112 3744 tunicis
2137 3704 2230 3757 pe-

676 3798 820 3843 ctora
845 3786 1119 3850 nudamus,
1151 3785 1308 3839 verba
1335 3784 1504 3836 inania
1531 3791 1584 3835 et
1616 3784 1812 3833 nmnias
1839 3780 1977 3833 circa
1999 3779 2020 3810 '
2040 3792 2231 3845 corpus

678 3889 731 3933 ct
765 3878 1019 3932 tumulum
1058 3873 1289 3928 defuncti
1314 3872 1616 3927 cantamus?
1642 3871 1915 3924 Postremo
1944 3869 2100 3923 etiam
2131 3883 2230 3935 qua

680 3972 881 4024 ratione
923 3977 1094 4023 vestes
1124 3967 1298 4037 nigras
1327 3966 1571 4035 tingimus
1594 4004 1608 4027 ,
1643 3963 1739 4015 nisi
1768 3971 1825 4015 ut
1862 3975 1957 4015 nos
1999 3976 2124 4014 vere
2152 3962 2231 4013 in-

681 4059 860 4113 fideles
902 4068 954 4111 et
996 4057 1218 4111 miseros
1244 4070 1347 4109 non
1397 4064 1595 4106 tantum
1645 4051 1849 4105 fletibus
1874 4092 1887 4112 ,
1938 4048 2030 4104 sed
2073 4050 2230 4103 etiam

680 4148 911 4203 vestibus
935 4145 1323 4216 approbemus?
1353 4145 1531 4197 Aliena
1560 4150 1681 4196 sunt
1711 4143 1806 4195 ista
1831 4182 1845 4207 ,
1874 4140 2063 4194 fratres
2083 4183 2095 4201 ,
2139 4156 2233 4193 cx-

683 4248 861 4292 tranea
883 4245 1021 4301 sunt,
1052 4251 1155 4289 non
1182 4235 1341 4289 licent
1372 4250 1383 4285 :
1416 4242 1469 4287 et
1499 4233 1540 4285 si
1567 4232 1803 4295 licereut,
1835 4245 1935 4283 non
1964 4229 2229 4283 decerent.

679 4329 783 4385 Sed
814 4328 1105 4398 aliquantos
1131 4326 1197 4380 de
1228 4324 1474 4378 fratribus
1503 4332 1555 4376 et
1594 4322 1859 4375 sororibus
1880 4362 1894 4379 .
1945 4320 2068 4373 licet
2105 4320 2232 4370 fides

682 4420 891 4489 propria
919 4428 972 4472 ct
1002 4427 1319 4486 prteceptum
1349 4414 1550 4468 Domini
1576 4412 1737 4465 fortes
1755 4412 1927 4475 faciat,
1960 4419 2231 4478 parentum

685 4518 858 4563 tamen
901 4516 953 4563 et
1000 4506 1287 4560 vicinorum
1328 4503 1505 4570 Opinio
1542 4501 1778 4554 debilitat
1818 4509 1870 4553 et
1907 4498 2136 4567 frangit:
2172 4514 2234 4550 ne

689 4598 877 4667 lapidei
903 4607 956 4652 et
994 4596 1234 4651 crudeles
1274 4594 1601 4663 iudicentur.
1646 4592 1686 4643 si
1725 4589 2053 4659 pepercerim
2079 4591 2235 4641 vesti-

688 4696 866 4742 mento
894 4686 937 4749 ',
981 4685 1025 4739 si
1065 4700 1168 4738 non
1212 4683 1409 4737 insanis
1438 4680 1661 4734 luctibus
1689 4678 1879 4731 fuerint
1905 4675 2231 4729 debacchati.

690 4780 755 4832 Et
779 4779 877 4831 hoc
900 4792 1053 4846 quam
1085 4789 1274 4828 vanum
1300 4781 1379 4828 est
1401 4814 1415 4837 ,
1461 4786 1617 4839 quam
1665 4770 1915 4837 ineptum,
1965 4766 2235 4833 opinionv's

687 4868 955 4925 hominum
983 4865 1267 4918 errantium
1298 4861 1546 4929 cogitare,
1574 4868 1625 4911 ct
1654 4872 1753 4909 non
1790 4857 1989 4917 timere,
2023 4868 2087 4905 ne
2116 4854 2235 4920 quid

688 4961 859 5013 minus
888 4956 1040 5009 faciat
1061 4954 1126 5007 de
1156 4953 1257 5006 fide
1281 4966 1434 5019 quam
1462 4948 1721 5017 suscepit!
1751 4946 1921 5010 Quare
1952 4957 2051 4995 non
2074 4942 2238 5007 magis

690 5049 841 5102 discit
870 5044 1197 5100 tolerantiam
1238 5041 1325 5095 ille
1350 5041 1436 5109 qui
1465 5039 1585 5091 talis
1612 5037 1733 5091 est?
1773 5050 1933 5103 quare
1962 5047 2065 5085 non
2097 5048 2126 5084 a
2156 5046 2239 5085 me

754 5202 767 5229 ι
807 5198 939 5254 Editi,
981 5193 1230 5243 ncccsxitas
1250 5189 1471 5254 evocqrit.
1512 5188 1750 5254 tristitiam
1785 5185 2069 5254 potituruet
2099 5196 2239 5254 mox,

691 5256 814 5308 oculi
837 5244 1339 5319 tucrymisperpctibus
1357 5244 1528 5313 ﬂuunt.
1557 5249 1689 5297 Infra
1711 5244 1843 5303 vero,
1871 5246 2066 5294 Domino
2089 5244 2241 5298 ﬁlium

690 5324 924 5369 mortuum
946 5318 1201 5363 nominare.
1364 5370 1389 5374 __
1507 5370 1529 5374 _
1571 5368 1587 5374 Δ
1826 5365 1870 5374 __
2177 5365 2185 5374 ,

753 5362 1010 5435 ἱῐήξζζῗίι
1029 5362 1283 5423 Concursus
1305 5370 1483 5421 salitus.
1507 5368 1654 5427 infra,
1678 5381 1734 5417 ne
1757 5365 1870 5428 quid
1887 5364 1975 5415 sibi
1990 5362 2077 5427 lilii
2095 5363 2243 5425 ipsius

731 5446 826 5486 uter
832 5474 843 5486 .

693 5452 725 5499 ν
743 5452 912 5551 Titii.
938 5491 1349 5551 conversationem,
1375 5494 1530 5539 minus
1552 5496 1705 5548 recte,
1729 5489 1776 5535 ni
1800 5486 1948 5535 fallor.

757 5561 777 5623 ξ
811 5560 941 5611 Editl,
967 5553 1219 5623 superavit.

756 5620 777 5649 ⁸
813 5628 910 5672 \ts.,
934 5623 976 5665 et
994 5628 1111 5663 vtma
1135 5620 1278 5662 circa.

760 5683 779 5713 ο
804 5670 935 5735 itare,
962 5676 1003 5726 si
1026 5687 1236 5738 peperre:
1252 5674 1317 5722 int
1344 5673 1621 5729 rettimrntn,
1647 5670 1811 5717 desunt
1844 5670 1886 5715 in
1916 5675 1989 5714 \ts.

1218 331 1273 386 S.
1306 327 1590 385 JOANNIS
1620 325 2106 383 ειιηγςοετοκιι
2147 329 2227 383 ΛΠ

2335 328 2464 385 ΙΕΡ.
2504 329 2611 386 CP.
2645 327 2731 385 DE
2760 330 3043 391 CONSOL.
3087 335 3359 392 MORTIS.

3792 348 3906 401 304

2330 467 2485 523 discit
2526 468 2683 524 fidem
2723 469 2810 525 ille
2847 473 2935 540 qui
2984 470 3174 527 dubius
3217 473 3337 527 est?
3388 471 3613 541 Quando
3647 475 3809 529 etiam
3842 476 3889 530 si

2333 566 2507 611 tantus
2544 558 2611 611 sit
2665 558 2816 612 dolor
2864 561 3120 628 ejusmodi
3173 563 3429 628 pectoris,
3486 564 3647 617 tacite
3694 564 3896 618 debeat

2333 647 2525 699 luctmn
2562 663 2717 701 sensu
2754 649 2988 718 digerere
3016 652 3069 716 ¹,
3113 657 3167 705 et
3195 666 3299 706 nou
3340 652 3553 707 levitate
3596 653 3681 706 sui
3723 654 3890 707 animi

2331 735 2615 803 publicare.

2400 826 2452 879 7.
2481 824 2684 880 Ethnici
2714 828 2885 882 audita
2911 830 3006 896 ﬁlii
3035 840 3189 885 morte
3230 830 3434 883 dictum.
3462 829 3751 901 Plangendi
3776 831 3893 884 etho

2331 916 2465 979 uici,
2535 915 2735 980 Judaei,
2802 927 2847 972 et
2890 920 3224 973 catechumeni
3268 922 3549 973 morientes.
3596 949 3668 961 —
3710 920 3889 975 Unum

2331 1003 2501 1057 adhuc
2531 1006 2652 1058 volo
2691 1022 2983 1075 pr0ponere
3012 1009 3305 1076 exemplum
3333 1010 3397 1062 ad
3426 1009 3765 1078 corrigendos
3794 1023 3893 1063 eos

2330 1093 2417 1162 qui
2445 1094 2612 1163 plangi
2644 1106 2876 1149 mortuos
2904 1098 3240 1151 arbitrantur.
3279 1098 3587 1167 Exemplum
3617 1108 3791 1153 autem
3822 1099 3894 1153 de

2333 1198 2649 1252 paganorum
2688 1186 2902 1240 historia
2942 1196 3038 1241 est.
3076 1188 3193 1241 Fuit
3220 1188 3429 1258 quidam
3460 1191 3703 1257 princeps
3724 1204 3892 1258 paga-

2334 1288 2427 1327 nus
2474 1273 2580 1344 (α),
2621 1276 2706 1344 qui
2752 1276 2973 1331 habebat
3010 1278 3171 1332 filium
3212 1279 3455 1343 unicum,
3483 1280 3719 1347 satisque
3754 1278 3893 1331 dile-

2330 1373 2492 1417 ctum.
2529 1364 2634 1418 Hic
2674 1380 2793 1418 cum
2832 1366 2884 1417 in
2912 1366 3165 1434 Capitolio
3196 1366 3345 1420 idolis
3371 1367 3477 1420 suis
3501 1368 3683 1435 gentili
3708 1362 3894 1423 errore

2332 1452 2681 1519 sacrificaret,
2722 1455 2991 1507 nuntiatur
3034 1456 3085 1509 ei
3126 1455 3263 1524 quod
3302 1456 3439 1509 filius
3462 1457 3549 1510 ille
3578 1456 3764 1511 unicus
3789 1457 3893 1510 de.

2334 1539 2516 1595 fuisset
2567 1540 2661 1612 (b).
2700 1540 2815 1594 Non
2847 1542 3053 1611 reliquit
3080 1557 3247 1608 sacra,
3270 1559 3385 1613 qus:
3405 1544 3621 1613 gerebat
3642 1545 3694 1598 in
3716 1546 3892 1598 mani-

2332 1632 2458 1695 bus,
2511 1646 2612 1685 non
2658 1632 2999 1702 lacrymauit,
3046 1648 3145 1687 nec
3186 1634 3399 1688 omnino
3435 1635 3719 1703 suspiravit
3750 1651 3763 1685 :
3792 1635 3891 1688 sed

2331 1721 2453 1790 quid
2496 1721 2791 1789 respondit,
2832 1722 3007 1776 audite
3039 1723 3400 1790 :Sepeliatur,
3438 1725 3642 1792 inquit;
3673 1725 3891 1777 memini

2331 1812 2470 1865 enim
2494 1827 2577 1866 me
2604 1812 2760 1865 filium
2792 1814 3033 1881 genuisse
3061 1813 3353 1868 mortalem.
3386 1813 3518 1867 Vide
3538 1828 3888 1883 responsum,

2331 1901 2449 1953 vide
2492 1901 2717 1954 hominis
2760 1903 2942 1971 pagani
2981 1903 3222 1956 virtutem
3245 1943 3260 1967 ,
3293 1912 3348 1956 ut
3382 1917 3479 1957 nec
3512 1904 3804 1971 exspectari
3832 1919 3894 1957 se

2326 1988 2575 2057 jusserit,
2606 1991 2685 2043 vel
2715 2001 2771 2043 ut
2795 2002 3052 2059 prarsenle
3082 2007 3138 2046 se
3168 1993 3449 2061 sepultura:
3479 1993 3616 2048 filius
3646 1994 3891 2048 tradere~

2335 2086 2435 2131 tur.
2483 2078 2613 2145 Quid
2650 2080 2851 2148 agimus
2871 2120 2885 2143 ,
2918 2080 3132 2145 fratres,
3164 2083 3207 2134 si
3237 2078 3473 2136 diabolus
3504 2083 3642 2137 hunc
3668 2084 3717 2136 in
3748 2085 3889 2137 diem

2328 2167 2509 2236 judicii
2555 2184 2729 2221 coram
2773 2168 2981 2223 Christo
3020 2178 3202 2223 contra
3240 2185 3335 2223 nos
3362 2171 3612 2239 producat
3638 2180 3687 2225 et
3713 2172 3890 2237 dicat,

2332 2255 2429 2309 Hic
2475 2271 2621 2310 meus
2667 2256 2869 2321 cultor,
2921 2274 3074 2328 quem
3108 2274 3205 2327 ego
3244 2260 3520 2329 prmstigiis
3560 2260 3890 2328 decipiebant

2333 2348 2501 2413 meis,
2547 2357 2603 2400 ut
2632 2348 2851 2403 serviret
2873 2348 3026 2402 ctecis
3054 2358 3106 2403 et
3131 2350 3303 2403 surdis
3326 2350 3618 2403 simulacris
3639 2390 3651 2411 .
3680 2350 3763 2403 cui
3788 2364 3894 2418 ego

2334 2452 2431 2492 nec
2479 2438 2916 2493 resurrectionem
2956 2454 2985 2492 a
3020 2439 3239 2491 mortuis
3260 2479 3277 2503 ,
3305 2454 3401 2492 nec
3427 2440 3724 2508 paradisum
3749 2456 3893 2504 ,nec

2333 2528 2580 2583 caelorum
2633 2542 2789 2597 regna
2818 2528 3157 2597 promiseram
3184 2568 3197 2591 ,
3226 2528 3309 2581 hic
3332 2527 3421 2581 filii
3452 2529 3643 2581 nobilis
3672 2530 3883 2597 sapiens

2335 2620 2473 2672 unici
2500 2628 2721 2673 mortem
2753 2633 2851 2672 nec
2877 2618 3042 2672 doluit
3069 2632 3165 2671 nec
3193 2618 3441 2687 ingemuit
3467 2659 3482 2684 ,
3511 2634 3609 2673 nec
3641 2620 3726 2672 tali
3757 2636 3893 2672 nun-

2337 2709 2410 2761 tio
2455 2724 2569 2761 mea
2612 2723 2757 2761 sacra
2784 2708 3017 2762 deseruit
3046 2725 3057 2759 :
3088 2709 3160 2761 tui
3188 2718 3360 2762 autem
3390 2708 3707 2770 Christiani,
3738 2710 3809 2761 tui
3841 2710 3893 2760 fi-

2335 2797 2481 2851 deles
2505 2839 2519 2861 ,
2570 2812 2663 2866 pro
2705 2798 2893 2866 quibus
2921 2798 3037 2851 ideo
3068 2798 3345 2853 crucifixus
3370 2808 3420 2851 et
3441 2812 3683 2853 mortuus
3712 2814 3768 2853 es
3790 2841 3805 2860 ,
3837 2816 3893 2852 ut

2336 2894 2559 2940 mortem
2584 2886 2679 2953 ipsi
2702 2901 2803 2939 non
2828 2888 3089 2949 timerent,
3113 2886 3201 2939 sed
3218 2897 3394 2939 essent
3415 2886 3481 2940 de
3502 2889 3894 2942 resurrectione

2334 2978 2505 3030 securi
2532 3016 2547 3039 ,
2574 2991 2677 3029 non
2708 2975 2874 3028 solum
2902 2975 3071 3043 lugent
3097 2983 3330 3027 mortuos
3357 2984 3411 3028 et
3437 2988 3566 3029 voce
3589 2983 3645 3029 et
3675 2976 3857 3029 habitu
3874 3017 3889 3039 ,

2335 3068 2429 3122 sed
2471 3067 2628 3120 etiam
2653 3067 2717 3119 ad
2745 3067 3016 3121 ecclesiam
3043 3065 3330 3133 procedere
3355 3064 3765 3129 confunduntur,
3788 3066 3892 3118 ali-

2334 3157 2515 3227 quanti
2566 3157 2725 3211 etiam
2768 3157 2865 3224 ipsi
2902 3156 3080 3209 clerici
3109 3156 3179 3209 tui
3206 3164 3258 3209 et
3283 3164 3518 3223 pastores
3544 3155 3891 3211 ministerium

2336 3262 2487 3303 suum
2519 3247 2905 3312 intermittunt,
2933 3256 3177 3300 vacantes
3198 3246 3380 3312 luctui,
3402 3247 3549 3315 quasi
3582 3247 3893 3301 insultantes

2338 3350 2439 3393 tuas
2466 3339 2756 3393 voluntati?
2784 3338 2999 3404 Quare?
3024 3338 3150 3404 Quia
3182 3353 3314 3406 quos
3334 3339 3541 3391 voluisti
3567 3379 3581 3403 ,
3614 3338 3680 3392 de
3708 3340 3890 3392 seculi

2335 3431 2554 3499 caligine
2583 3430 2646 3482 ad
2686 3438 2736 3483 te
2768 3429 2981 3481 vocasti.
3008 3426 3140 3494 Quid
3158 3427 3221 3480 ad
3254 3428 3365 3481 hare
3391 3428 3712 3496 respondere
3740 3439 3893 3497 pou:-

2336 3520 2498 3573 rimus
2523 3558 2537 3582 ,
2585 3518 2811 3571 fratres?
2856 3517 3036 3570 Nonne
3074 3515 3312 3569 confusio
3354 3530 3449 3569 nos
3495 3515 3890 3584 apprehendet,

2336 3620 2455 3663 cum
2502 3609 2551 3659 in
2596 3606 2691 3659 hac
2719 3614 2864 3673 parte
2890 3604 3163 3659 inferiores
3188 3604 3430 3673 gentibus
3460 3605 3792 3657 invenimur?
3829 3606 3894 3657 Et

2337 3698 2513 3765 utique
2554 3695 2729 3765 lugere
2771 3694 2928 3748 debet
2973 3708 3220 3763 paganus,
3264 3694 3349 3762 qui
3395 3694 3637 3748 nesciens
3686 3693 3891 3757 Deum,

2339 3801 2460 3841 mox
2487 3796 2542 3839 ut
2571 3783 2809 3849 moritur,
2840 3792 2985 3837 recto
3005 3798 3159 3837 cursu
3182 3783 3425 3852 pergitad
3454 3798 3682 3851 pinnam.
3710 3784 3894 3851 f‘langi

2336 3875 2491 3929 debet
2536 3874 2783 3937 .ltid:eus,
2833 3874 2918 3941 qui
2964 3872 3171 3927 Christo
3216 3888 3319 3926 non
3361 3872 3619 3935 credens,
3662 3872 3893 3926 animam

2337 3981 2486 4020 suam
2528 3964 2804 4033 perditioni
2850 3963 3132 4031 deputavit.
3184 3962 3472 4015 Dolendum
3517 3972 3597 4014 est
3643 3963 3794 4029 plane
3823 3963 3895 4016 de

2337 4054 2728 4111 catochumenis
2773 4052 2965 4105 nostris
2986 4092 3001 4116 ,
3058 4052 3100 4104 si
3130 4060 3219 4105 aut
3246 4066 3338 4104 sua
3368 4052 3732 4104 incredulitate
3754 4092 3766 4113 ,
3800 4063 3895 4104 aut

2339 4146 2649 4217 negligentia
2698 4144 3085 4212 proximorum,
3126 4143 3240 4195 sine
3278 4142 3535 4209 baptismo
3572 4142 3781 4195 salutari
3814 4158 3896 4195 re-

2338 4236 2613 4291 cesserint.
2647 4234 2904 4287 Caeterum
2933 4231 3019 4300 qui
3046 4231 3397 4284 sanctificatus
3422 4232 3584 4297 gratia
3608 4271 3623 4292 ,
3654 4231 3894 4298 signatus

2342 4326 2443 4377 fide
2468 4364 2481 4387 ,
2505 4321 2903 4376 conversatione
2920 4321 3195 4387 probatus,
3219 4322 3300 4373 vel
3325 4318 3619 4372 innocentia
3647 4335 3892 4383 securus,

2339 4416 2404 4469 de
2429 4414 2527 4466 hoc
2556 4411 2748 4465 mundo
2774 4410 2967 4463 recedit
2994 4450 3007 4471 ,
3034 4408 3426 4463 beatificandus
3446 4418 3547 4473 est,
3577 4425 3679 4463 non
3709 4410 3895 4475 lugen-

2339 4504 2464 4567 dus;
2493 4499 2884 4561 desiderandus,
2905 4512 3005 4549 nou
3022 4497 3378 4565 plangendus;
3400 4496 3490 4549 sed
3512 4498 3896 4551 desiderandus

2341 4608 2458 4646 cum
2489 4588 2845 4643 moderatione
2869 4625 2883 4647 ,
2910 4602 3027 4640 cum
3055 4588 3278 4639 sciamus
3306 4599 3401 4638 nos
3427 4585 3568 4652 ipsos
3596 4586 3893 4639 accedenti~

2342 4682 2438 4735 bus
2467 4680 2791 4745 temporibus
2814 4685 3156 4747 sequuturos.

2412 4774 2462 4825 8.
2492 4769 2715 4821 Tristitia
2741 4768 2971 4820 salutaris
2994 4783 3236 4833 quanam.
3259 4797 3328 4807 —
3350 4767 3521 4834 Terge
3549 4768 3704 4835 igitur
3732 4768 3896 4836 lacry-

2342 4872 2456 4912 mas
2477 4898 2491 4921 ,
2529 4856 2813 4909 intermitte
2842 4855 3061 4921 suspiria
3084 4895 3097 4916 ,
3127 4870 3402 4921 compesce
3423 4856 3645 4923 gemitus
3670 4895 3684 4917 ,
3706 4869 3737 4907 ο
3762 4855 3895 4906 lide-

2345 4948 2409 5000 lis
2432 4984 2446 5009 ,
2491 4953 2542 4997 et
2583 4958 2678 5011 pro
2717 4942 2813 4995 hac
2838 4942 3041 4994 tristitia
3072 4942 3353 4995 salutarem
3382 4943 3520 4997 illam
3548 4943 3705 4996 indue
3736 4944 3900 4993 tristi-

2345 5037 2467 5090 tiam
2493 5076 2509 5101 ,
2536 5035 2713 5102 utique
2739 5048 2890 5101 quam
2916 5033 3095 5085 beatus
3107 5028 3386 5099 Apostolus
3410 5032 3699 5086 secundum
3731 5032 3897 5085 Deum

2345 5141 2463 5181 esse
2501 5122 2809 5176 memoravit
2832 5162 2844 5183 ,
2866 5134 2982 5187 qua:
3009 5119 3229 5172 salutem
3258 5119 3498 5172 stabilem
3522 5119 3661 5174 solet
3687 5122 3896 5188 operati

2346 5216 2403 5285 (2
2422 5216 2534 5269 Cor.
2556 5214 2607 5265 Ἰ.
2630 5211 2740 5278 Ml);
2766 5210 2940 5277 utique
2962 5206 3315 5274 pmnitentiam
3339 5204 3625 5259 facinorum
3648 5208 3901 5260 eorumis-

2345 5321 2543 5361 sorum.
2583 5304 2824 5357 Scrutare
2849 5308 3030 5368 pectus
3059 5306 3201 5350 tuum
3227 5336 3241 5361 ,
3270 5299 3534 5364 propriam
3568 5298 3902 5364 interrogans

2410 5418 2424 5447 ί
2462 5414 2661 5467 Habent,
2688 5407 2909 5471 dirigere,
2938 5406 3051 5471 Editi
3104 5412 3315 5460 veteres,
3340 5407 3419 5464 qui
3461 5418 3569 5452 mox
3600 5406 3769 5460 verbo,
3820 5418 3905 5464 pu-

2348 5477 2538 5527 blicare,
2563 5469 2831 5519 sermonem
2856 5469 3095 5515 claudunt.

2398 5522 2784 5636 7(a)ltflutarehgts
2827 5530 2875 5577 iu
2915 5528 3146 5573 [scenicis
3190 5522 3676 5584 ApOpbthegmatilms
3713 5539 3757 5586 p.
3796 5523 3907 5585 εδ,

2387 5600 2478 5636 itus
2524 5605 2650 5636 tvttts
2696 5623 2775 5635 η...

2349 5606 2370 5643 Ἱ
2388 5606 2483 5715 ut?)
2499 5600 2939 5709 ‘tl‘oi'ltl;,lil;fitnctua
2954 5652 3068 5695 esset
3093 5642 3189 5706 [vel
3216 5643 3499 5705 defecisset].
