4138 6306
249 388 367 443 305

240 492 624 546 conscientiam
647 531 662 556 ,
696 498 748 545 et
770 492 813 545 si
844 491 1075 546 invenias
1095 491 1285 562 aliquid
1310 493 1662 561 pmnitendum
1686 495 1793 564 (in-

242 581 428 633 venies
465 590 639 635 autem
681 595 799 634 cum
825 582 897 634 sis
924 580 1099 652 homo)
1122 621 1137 645 ,
1170 580 1316 635 trahe
1341 584 1558 651 suspiria
1586 585 1637 638 in
1665 599 1792 639 con-

242 666 477 722 fessione
498 709 513 733 ,
555 668 714 722 funde
742 670 998 739 lacrymas
1028 671 1079 723 in
1105 672 1341 724 oratione
1358 711 1374 737 ,
1403 682 1518 727 esto
1543 675 1794 730 sollicitus

240 757 313 811 de
356 767 526 811 morte
570 758 657 811 illa
690 773 809 812 vera
833 799 848 823 ,
879 758 943 812 de
974 774 1124 827 paena
1149 762 1335 814 anima:
1355 801 1371 826 ,
1401 772 1515 816 esto
1543 765 1793 819 sollicitus

242 845 314 898 de
356 858 602 913 peccato,
651 848 783 900 sicut
824 848 980 899 David
1014 848 1137 901 dicit
1170 865 1185 901 :
1230 849 1792 919 Quoniamiuiquitatem

243 950 404 986 meum
432 936 713 1001 pronuntio,
742 946 783 987 et
810 936 1047 989 sollicitus
1066 951 1148 989 ero
1177 952 1265 1004 pro
1287 948 1481 1003 peccato
1502 954 1606 991 meo
1625 938 1790 1008 (Psal.

242 1022 336 1076 50.
364 1022 419 1091 5)
451 1040 462 1074 :
507 1033 560 1077 et
600 1038 701 1076 non
726 1023 790 1076 de
832 1025 1068 1092 corporis
1094 1024 1246 1092 hujus
1270 1025 1531 1079 solutione
1558 1028 1793 1081 terrebe-

243 1112 355 1175 ris,
390 1113 527 1180 quod
557 1127 651 1165 suo
674 1122 905 1180 tempore
933 1113 981 1164 in
1009 1113 1222 1177 melius,
1254 1114 1360 1167 Deo
1380 1114 1622 1182 juhente,
1646 1132 1795 1183 repa-

242 1201 467 1253 rabitur.
498 1199 628 1253 Vide
664 1199 1098 1267 quemadmodum
1135 1209 1410 1270 utrumque
1435 1204 1689 1256 sententia
1714 1202 1794 1256 di-

244 1290 368 1343 vina
414 1289 683 1356 complexa
724 1298 838 1351 est,
880 1288 1090 1354 dicens,
1143 1288 1284 1341 Venit
1320 1293 1477 1355 hora,
1521 1307 1633 1342 cum
1661 1307 1794 1343 mor-

243 1378 319 1428 tui
337 1417 353 1442 ,
398 1377 482 1443 qui
521 1385 635 1429 sunt
663 1377 713 1428 in
742 1374 1097 1438 monumentis,
1126 1388 1377 1447 resurgent
1401 1378 1575 1447 (Joan.
1602 1380 1652 1433 5.
1677 1380 1789 1450 28).

244 1469 383 1523 Ecce
408 1469 656 1523 securitas
674 1507 689 1533 ,
713 1482 834 1521 ecce
853 1476 1179 1534 contemptus
1204 1469 1407 1521 mortis.
1436 1468 1537 1523 Sed
1563 1470 1683 1539 quid
1710 1486 1794 1524 se-

238 1558 462 1625 quitur?
492 1558 589 1622 Qui
614 1556 740 1609 bona
760 1559 1011 1625 fecerunt,
1040 1558 1090 1608 in
1114 1558 1512 1609 resurrectionem
1539 1559 1685 1620 vitaz;
1709 1560 1791 1623 qui

237 1657 415 1698 autem
442 1646 573 1700 mula
606 1655 802 1714 egerunt
826 1685 842 1712 ,
861 1646 911 1698 in
937 1647 1334 1698 resurrectionem
1348 1647 1531 1715 judicii
1557 1647 1710 1716 (Ibid.
1740 1664 1787 1701 ο.

235 1733 359 1804 29).
406 1735 537 1787 Ecce
579 1734 852 1787 diversitas
888 1734 1286 1803 resurgentium.
1335 1735 1552 1789 Omnem
1582 1737 1787 1804 quidem

243 1837 464 1875 necesse
492 1832 570 1875 est
619 1836 826 1876 carnem
863 1836 1134 1889 resurgere
1163 1822 1431 1876 dumtaxat
1460 1824 1741 1879 humanam
1772 1842 1787 1878 :

243 1911 339 1964 sed
406 1910 569 1964 bonus
630 1920 866 1979 resurget
905 1911 970 1964 ad
1008 1912 1200 1976 vitam,
1244 1912 1411 1965 malus
1444 1923 1677 1982 resurget
1725 1914 1789 1968 ad

244 2014 455 2067 pmnam
484 2040 499 2064 ,
531 2001 663 2052 sicut
687 2001 935 2068 scriptum
976 2008 1057 2054 est
1092 2018 1103 2052 :
1132 1999 1258 2053 Ideo
1286 2017 1385 2054 non
1419 2012 1671 2070 resurgant
1696 2003 1790 2055 im-

244 2090 318 2157 pii
354 2094 407 2140 in
435 2090 628 2157 judicio
652 2130 666 2154 ,
712 2106 863 2158 neque
902 2100 1177 2158 peccatores
1215 2092 1266 2143 in
1305 2092 1513 2144 concilio
1542 2096 1791 2161 justorum

243 2175 415 2245 (Prol.
447 2193 483 2230 ι.
509 2178 585 2246 5).
612 2177 675 2231 Ut
700 2193 822 2245 ergo
845 2180 1018 2233 nonin
1042 2179 1291 2247 judicium
1318 2196 1680 2249 resurgamus,
1713 2183 1792 2235 iu-

244 2267 485 2319 termissa
524 2268 704 2320 mortis
743 2269 944 2321 tristitia
988 2269 1129 2321 illam
1161 2270 1517 2337 pmnitentiam
1549 2280 1601 2324 et
1630 2271 1789 2323 tristi-

245 2354 374 2406 tiam
414 2367 681 2409 sumamus
705 2397 721 2421 ,
762 2364 814 2408 et
853 2371 1031 2409 curam
1060 2358 1314 2410 bonorum
1339 2372 1551 2425 operum
1581 2374 1643 2412 ac
1669 2360 1788 2412 vitae

240 2443 478 2497 melioris
501 2443 783 2497 habeamus
806 2485 821 2509 ,
853 2454 905 2498 ct
934 2446 998 2499 ad
1027 2449 1122 2498 hoc
1150 2447 1219 2499 sit
1246 2448 1396 2499 nobis
1417 2448 1660 2515 cogitatio
1689 2447 1784 2499 hu-

238 2531 327 2598 jus
351 2532 547 2585 funeris
569 2533 901 2585 ctcadavcris
918 2574 933 2596 ,
964 2544 1021 2585 ut
1046 2548 1139 2586 nos
1168 2536 1418 2587 mortales
1442 2549 1558 2587 esse
1584 2548 1730 2587 novet
1747 2534 1786 2586 i-

242 2636 361 2673 ntus
382 2662 397 2685 ,
421 2630 473 2673 ct
493 2637 583 2687 per
608 2621 741 2673 hanc
759 2622 1118 2688 cogitationem
1145 2623 1363 2674 salutem
1387 2631 1638 2687 nostram,
1661 2622 1782 2674 dum

243 2720 449 2777 tempus
489 2720 567 2762 est
586 2751 598 2773 ,
632 2712 754 2762 dum
782 2711 933 2772 licet,
960 2711 1170 2764 minime
1198 2712 1515 2779 negligamus
1547 2728 1559 2761 :
1588 2710 1785 2763 scilicet

239 2809 332 2852 aut
358 2800 725 2853 lructilicantes
749 2802 803 2853 in
830 2802 1043 2865 melius,
1079 2809 1167 2852 aut
1187 2800 1545 2863 emendantes,
1573 2800 1616 2852 si
1640 2800 1783 2868 igno-

239 2897 420 2939 rantes
449 2887 736 2940 erravimus
762 2903 775 2938 :
800 2902 865 2939 ne
894 2887 1065 2939 subito
1088 2888 1431 2955 praeoccupati
1453 2887 1535 2940 die
1561 2888 1742 2941 mortis
1766 2927 1781 2951 ,

238 2989 536 3042 quaeramus
577 2974 797 3042 spatium
834 2977 1174 3041 pceuitentiat,
1205 2985 1383 3029 etnon
1414 2977 1644 3029 invenire
1671 2990 1784 3042 pos-

236 3065 404 3115 simus
427 3102 441 3125 ,
489 3077 778 3129 qumramus
822 3063 1180 3132 eleemosynas
1215 3078 1431 3133 erogare
1505 3072 1557 3117 et
1586 3063 1781 3116 satisfa-

235 3165 360 3203 ccrc
389 3165 481 3216 pro
507 3150 707 3202 delictis
730 3190 743 3214 ,
770 3165 867 3203 nec
889 3150 1024 3217 quod
1048 3150 1283 3203 voluntas
1310 3149 1641 3203 concedatur.

1447 380 1754 438 DIATRIBA
1798 383 1859 438 IN
1898 385 2240 442 SYNOPSIN.

3325 396 3435 451 306

1968 497 2020 552 9.
2064 498 2427 565 Recapitulatio
2464 500 2698 552 sermonis
2732 502 2998 569 utriusque.
3021 530 3090 541 —
3114 499 3332 555 Ostensa
3355 502 3441 570 igi-

1900 595 2003 649 tur,
2029 584 2216 639 fratres
2235 625 2249 648 ,
2283 588 2465 640 mortis
2489 589 2779 641 communis
2809 589 2881 655 (a)
2910 630 2925 652 ,
2951 598 3158 643 ostensa
3190 590 3441 659 laeryma-

1897 689 2013 728 rum
2055 674 2419 729 interdictione
2442 716 2457 740 ,
2484 686 2767 730 monstrata
2795 685 3027 731 veterum
3054 677 3223 731 adhuc
3251 678 3436 747 fragili-

1901 770 2005 814 tate
2032 771 2086 815 et
2112 777 2213 816 non
2237 761 2645 818 Christianitatis
2672 764 2889 829 virtute,
2918 776 3205 819 menstrato
3233 767 3437 819 Domini

1899 860 2225 905 sacramento
2270 862 2325 906 et
2360 854 2710 920 apostolorum
2758 853 2821 907 de
2861 856 3243 908 resurrectione
3286 855 3438 908 docn-

1899 950 2093 1008 mcnto,
2114 944 2533 995 commemoratis
2553 943 2905 1012 apostolorum
2929 944 3149 1010 actibus,
3172 953 3224 997 et
3251 955 3440 1014 marty-

1902 1046 2014 1083 rum
2053 1031 2378 1098 passionibus
2400 1070 2414 1093 ,
2456 1041 2669 1085 ostenso
2695 1040 2948 1099 pratterca
2978 1033 3134 1085 David
3161 1034 3398 1101 exemplo
3419 1072 3436 1099 ,

1899 1127 1953 1170 et
1997 1118 2203 1187 gentilis
2248 1119 2474 1171 hominis
2501 1120 2711 1187 insuper
2736 1119 2869 1172 facto
2892 1159 2905 1181 ,
2928 1119 2994 1173 ad
3017 1120 3250 1173 ultimum
3282 1135 3439 1189 expo-

1896 1208 1993 1261 sita
2034 1216 2088 1261 et
2123 1209 2274 1261 noxia
2317 1218 2370 1262 et
2412 1211 2523 1262 utili
2572 1210 2810 1274 tristitia,
2856 1210 2941 1263 illa
2976 1226 3093 1278 qua:
3119 1220 3306 1277 nocet,
3339 1212 3437 1265 ista

1894 1312 2011 1365 quze
2054 1312 2148 1364 per
2175 1298 2533 1365 ptenitentiam
2560 1299 2725 1351 salvat
2752 1317 2763 1353 :
2796 1300 2873 1352 his
2900 1300 3141 1353 omnibus
3170 1302 3244 1354 sie
3268 1311 3439 1356 osten-

1895 1388 1967 1440 sis
1987 1428 2000 1451 ,
2027 1386 2148 1456 quid
2178 1402 2271 1440 nos
2296 1388 2465 1441 facere
2489 1388 2595 1457 jam
2625 1388 2762 1442 aliud
2788 1397 3011 1458 oportet,
3044 1390 3249 1453 fratres,
3282 1408 3434 1461 quam

1894 1478 2087 1545 gratias
2123 1486 2338 1546 agentes
2378 1478 2481 1531 Deo
2524 1478 2664 1531 Patri
2704 1478 2914 1543 dicere,
2958 1477 3074 1531 Fiat
3104 1480 3324 1533 voluntas
3351 1490 3436 1533 tua

1893 1567 2021 1619 sicut
2066 1568 2116 1619 in
2145 1568 2265 1621 caelo
2289 1578 2331 1619 et
2359 1568 2409 1619 in
2437 1578 2566 1620 terra
2593 1567 2797 1635 (Matth.
2828 1568 2882 1623 6.
2912 1567 3000 1638 10)
3023 1584 3038 1634 ;
3066 1578 3120 1622 tu
3146 1570 3331 1623 dedisti
3359 1573 3436 1624 vi-

1897 1663 2020 1718 tam,
2045 1666 2096 1707 tu
2128 1656 2439 1708 constituisti
2469 1667 2688 1709 mortem
2714 1672 2728 1720 ;
2763 1666 2814 1709 tu
2845 1656 3044 1711 inducis
3069 1659 3121 1711 iu
3146 1659 3389 1713 saeculum
3412 1702 3427 1724 ,

1895 1752 1947 1796 tu
1970 1744 2148 1798 educis
2174 1744 2242 1797 de
2272 1745 2462 1797 sasculo
2483 1783 2497 1807 ,
2523 1752 2577 1797 ct
2600 1759 2717 1797 cum
2747 1744 2989 1798 eduxeris
3012 1785 3027 1810 ,
3060 1761 3239 1799 servas
3262 1764 3277 1811 ;
3304 1747 3433 1801 nihil

1893 1834 2032 1885 enim
2053 1832 2253 1899 deperit
2276 1842 2477 1886 tuorum
2506 1872 2519 1895 ,
2542 1834 2627 1901 qui
2656 1848 2751 1886 nec
2774 1834 3015 1901 capillum
3044 1836 3227 1903 capitis
3252 1850 3430 1889 eorum

1896 1926 2063 1992 perire
2091 1925 2266 1978 dixisti
2293 1942 2305 1981 :
2344 1942 2361 1975 ‹
2397 1924 2642 1979 Auferes:
2669 1926 2805 1978 enim
2834 1943 2851 1975 t
2884 1926 3121 1993 spiritum
3150 1941 3354 1991 eorum,
3380 1936 3434 1981 ct

1894 2013 2135 2067 delicient
2156 2054 2169 2074 ,
2212 2023 2264 2067 et
2307 2015 2357 2067 in
2382 2025 2568 2067 terram
2599 2028 2741 2067 suam
2771 2023 3093 2068 revertentur
3128 2032 3148 2065 ι
3172 2012 3315 2082 (Luc.
3339 2013 3427 2068 2|.

1897 2101 1983 2169 18)
2006 2103 2125 2165 ;sed
2148 2121 2164 2150 ι
2186 2100 2412 2155 Emittes
2425 2102 2659 2168 Spiritum
2679 2111 2840 2165 tuum,
2866 2111 2917 2154 et
2935 2103 3265 2167 creabuntur,
3284 2109 3334 2155 et
3355 2118 3430 2155 re-

1898 2189 2114 2241 novabis
2140 2188 2321 2241 faciem
2352 2198 2535 2242 terrae»
2565 2188 2729 2255 (Ρεαι.
2764 2190 2882 2243 105.
2910 2189 2998 2244 29.
3030 2191 3139 2260 50).
3168 2190 3291 2243 llmc
3316 2205 3431 2243 vcr-

1893 2276 1956 2328 ba
1977 2316 1990 2340 ,
2015 2274 2203 2329 fratres
2226 2317 2239 2341 ,
2267 2276 2416 2344 digna
2442 2276 2696 2340 ﬁdelibus,
2724 2277 2835 2330 haec
2864 2277 3117 2331 medicina
3142 2278 3383 2332 salutaris
3410 2299 3422 2331 :

1893 2362 1989 2417 hac
2013 2366 2226 2431 spongia
2245 2364 2613 2418 censolationis
2631 2364 2867 2419 detersus
2888 2367 3087 2431 oculus,
3116 2367 3213 2419 hoc
3232 2367 3429 2423 inlusus

1890 2454 2105 2520 collyrio
2151 2455 2397 2515 rationis,
2447 2469 2549 2507 non
2597 2456 2752 2508 modo
2782 2457 3066 2509 carcitatcm
3094 2469 3155 2509 ex
3183 2456 3427 2524 despera-

1896 2536 2037 2589 tione
2055 2552 2160 2589 non
2178 2538 2489 2599 sentiet,scd
2503 2554 2601 2593 nec
2618 2540 2960 2609 lippitudines
2980 2544 3185 2613 aliquas
3208 2547 3432 2604 tristitia:

1892 2627 2191 2690 sustinebit,
2214 2628 2340 2694 quin
2363 2628 2536 2695 potius
2557 2630 2724 2683 oculis
2747 2632 2921 2685 cordis
2947 2632 3120 2687 lucida
3138 2644 3329 2691 cuncta
3354 2654 3437 2691 re-

1891 2717 2140 2783 spiciens,
2172 2718 2309 2770 dicet
2336 2719 2631 2772 secundum
2660 2721 3105 2789 patientissimum
3136 2725 3282 2780 illum
3309 2728 3430 2793 Job,

1898 2824 1913 2854 ι
1942 2803 2193 2858 Dominus
2209 2806 2374 2868 dedit,
2403 2816 2456 2861 et
2481 2808 2737 2862 Dominus
2766 2811 3011 2878 abstulit;
3043 2815 3182 2869 sicut
3208 2816 3434 2873 Domino

1890 2891 2061 2945 visunt
2091 2902 2191 2956 est,
2218 2893 2288 2946 ita
2313 2894 2507 2948 factum
2533 2904 2616 2950 est
2656 2916 2669 2950 :
2700 2900 2766 2952 sit
2802 2915 2997 2954 nomen
3035 2901 3241 2957 Dmnini
3271 2906 3432 2961 benc-

1888 2981 2086 3034 dictum
2111 3001 2128 3033 i
2168 2983 2277 3052 (Job
2331 2986 2379 3037 1.
2410 2986 2498 3055 21)
2530 2988 2579 3039 in
2612 2989 2802 3042 saecula
2835 2991 3167 3046 seculorum.
3204 2995 3393 3049 Amen.

1889 3098 2021 3204 ἄχρι)
2047 3096 2314 3145 Addendum
2338 3102 2459 3157 post,
2476 3094 2636 3143 mortis
2656 3090 2925 3152 conmtunis,
2943 3092 3038 3151 vel,
3052 3099 3192 3151 sorte,
3211 3090 3306 3149 vel,
3320 3103 3430 3139 Cou-

1925 3166 2080 3204 mone.

1925 3166 1956 3206 1i
1961 3168 2080 3205 torte.

255 3282 3434 3347 Em

1398 3402 2295 3511 DIATRIBA

1334 3565 1415 3626 IN
1456 3566 1826 3626 SYNOPSIN
1869 3565 2356 3638 SEQUENTEM.

312 3689 493 3742 Exstat
536 3687 647 3739 lure
690 3686 937 3755 Synopsis
974 3686 1022 3739 in
1052 3685 1252 3739 duobus
1290 3684 1565 3738 Codicibus
1591 3700 1774 3739 manu-

228 3778 446 3846 scriptis
469 3817 483 3840 ,
530 3789 749 3843 quorum
795 3775 924 3827 alter
948 3783 1026 3827 est
1056 3773 1387 3827 Biblimheca:
1415 3772 1772 3839 Coislinianaa,

228 3866 362 3921 olim
388 3865 732 3932 Seguerianre,
778 3876 919 3916 num.
956 3862 1087 3923 588,
1118 3862 1247 3915 alter
1274 3860 1605 3915 Bibliotheca:
1634 3860 1771 3928 Lug-

230 3955 363 4009 duni
404 3954 746 4015 Batavorum,
786 3950 909 4004 olim
952 3949 1108 4004 lsaaci
1137 3950 1324 4004 Vossii.
1352 3952 1499 4004 Prior
1527 3961 1607 4004 est
1654 3966 1772 4003 om-

230 4042 363 4097 nino
391 4055 573 4094 recens
590 4081 605 4105 ,
632 4048 684 4092 et
709 4040 844 4092 circa
876 4037 1224 4108 typographite
1246 4040 1455 4093 exordia
1478 4080 1490 4102 ,
1518 4039 1606 4093 sed
1635 4054 1661 4091 a
1684 4054 1775 4108 pe-

230 4134 340 4186 rito
362 4145 456 4184 nec
486 4130 692 4183 indocto
714 4129 881 4182 scriba
903 4137 1144 4182 exaratos
1169 4128 1232 4181 ad
1258 4128 1412 4181 ﬁdem
1436 4130 1771 4197 antiquioris;

229 4221 456 4274 alterum
498 4220 683 4283 etiam,
721 4219 815 4272 etsi
860 4234 961 4271 non
1006 4218 1206 4271 licuerit
1244 4219 1406 4271 oculis
1437 4218 1560 4286 ipsis
1598 4219 1776 4285 eXplo-

230 4324 353 4363 rare
371 4350 385 4375 ,
430 4320 688 4363 recentem
717 4323 920 4377 quoque
946 4318 1067 4376 puto
1086 4347 1099 4371 ,
1133 4306 1328 4375 fuitque
1354 4307 1418 4361 ah
1446 4308 1767 4376 imperitiore

229 4413 556 4453 amanuense
601 4398 910 4465 descriptus.
958 4396 1019 4449 lli
1060 4411 1214 4464 porro
1249 4397 1497 4461 Codices,
1528 4413 1593 4451 ne
1622 4399 1774 4451 ambo

229 4488 446 4555 quidem
473 4497 630 4540 totam
655 4488 909 4555 Synopsin
936 4487 1363 4554 complectuntur,
1392 4488 1559 4553 qualis
1587 4486 1651 4539 ab
1680 4501 1772 4538 au-

228 4586 383 4627 ctore
424 4574 669 4627 adornata
715 4573 914 4637 fuerat;
957 4574 1046 4626 sed
1076 4574 1127 4627 in
1154 4573 1257 4626 alio
1284 4575 1383 4626 alia
1412 4573 1651 4626 deﬁciunt
1678 4590 1690 4637 ;
1723 4574 1771 4627 in

229 4672 455 4730 utroque
474 4670 644 4714 autem
672 4669 777 4713 tota
803 4661 927 4713 Novi
954 4661 1267 4713 Testamenti
1297 4662 1544 4730 Synopsis
1568 4663 1772 4717 deside-

226 4762 398 4809 ratur.
422 4751 765 4806 Coislinianus
787 4753 931 4806 initio
959 4752 1167 4807 exhibet
1194 4754 1550 4821 prazl'ationem
1573 4756 1637 4809 ab
1658 4756 1771 4823 ipso

227 4845 493 4911 scriptore
535 4844 893 4896 concinnatam
911 4884 925 4907 ,
951 4851 1003 4896 et
1028 4844 1235 4911 optima:
1266 4855 1397 4896 noue
1418 4886 1432 4909 ,
1460 4860 1615 4909 quam
1647 4844 1774 4898 Pro-

230 4931 475 4984 theoriam
495 4929 744 4981 inscribit.
775 4929 896 4982 Haec
922 4938 1093 4983 autem
1125 4930 1427 4983 Protheoria
1444 4940 1545 4983 tota
1577 4932 1721 4986 abest
1741 4948 1770 4985 a

226 5018 426 5074 Codice
468 5016 831 5084 Lugdunensi:
865 5016 1191 5084 vicissimque
1230 5016 1585 5085 Lugdunensis
1612 5020 1768 5071 multa

230 5106 393 5160 nabet
413 5145 427 5168 ,
468 5120 581 5172 qua:
616 5110 665 5155 in
693 5102 1008 5156 Coisliniano
1035 5118 1247 5169 prorsus
1275 5105 1494 5166 desunt;
1529 5107 1768 5158 nimirum

229 5195 493 5263 Synopsin
520 5193 571 5245 in
594 5192 909 5254 Leviticutn,
942 5190 1288 5258 Epilogum°in
1318 5190 1577 5260 Synwpscs
1607 5193 1765 5245 libro-

228 5296 348 5335 rum
371 5281 567 5347 Regum
592 5296 605 5341 ;
635 5280 894 5347 Synopses
922 5277 973 5328 in
1006 5277 1420 5343 Paralipomcna,
1450 5279 1497 5330 in
1526 5278 1761 5340 Esdram,

227 5371 282 5424 in
316 5370 479 5422 libros
505 5368 724 5430 Esther,
754 5366 961 5431 Tobiae,
990 5363 1163 5417 Judith
1183 5405 1197 5431 ,
1220 5366 1317 5419 Job
1337 5407 1350 5432 ,
1381 5367 1431 5419 iu
1453 5366 1638 5419 librum
1667 5367 1761 5418 Sa-

226 5456 439 5525 pientiae
460 5496 473 5518 ,
499 5457 550 5507 in
578 5454 872 5507 Proverbia.

299 5543 380 5596 Ex
421 5542 561 5596 hisce
597 5541 799 5596 duobus
840 5540 962 5593 Mss.
992 5539 1165 5607 prodit
1192 5540 1438 5610 Synopsis
1463 5540 1644 5595 isthtcc
1666 5581 1679 5605 ,
1714 5542 1763 5593 in

226 5646 330 5700 qua
368 5630 608 5684 nonnulla
637 5630 791 5685 etiam
821 5642 882 5683 ex
912 5626 1079 5681 Veteri
1106 5627 1435 5684 Testamento
1462 5628 1762 5683 desideran-

1882 3695 2000 3751 tur;
2038 3685 2279 3739 nimirum
2309 3686 2557 3755 Synopsis
2589 3686 2906 3739 Psalmnrum
2928 3726 2941 3750 ,
2970 3693 3023 3739 et
3045 3684 3268 3753 quinque
3297 3681 3423 3735 l'ro-

1882 3776 2154 3842 phetarum
2200 3775 2475 3827 minorum.
2518 3774 2571 3827 ln
2610 3783 2832 3843 utquue
2857 3788 3011 3842 porro
3035 3772 3227 3826 Codice
3255 3771 3423 3840 Synn-

1880 3864 1985 3928 psis
2026 3862 2210 3916 Joanni
2248 3862 2615 3931 Chrysostomo
2658 3861 2894 3914 tribuitur
2942 3877 2954 3911 :
2998 3860 3049 3911 in
3097 3860 3253 3911 titulis
3281 3859 3418 3909 enim

1877 3950 2172 4003 Coisliniani
2211 3960 2265 4002 et
2302 3950 2661 4018 Lugdunensis
2687 3949 2891 4003 Cudit'is
2917 3947 3273 4016 ChrySOstumi
3301 3960 3418 3999 esse

1876 4040 2092 4102 dicitur,
2141 4046 2197 4090 ut
2238 4052 2355 4089 mox
2394 4037 2606 4091 videbis.
2649 4037 2758 4090 Jam
2792 4051 2914 4089 vero
2942 4036 3214 4104 quaeritur,
3247 4043 3414 4086 utrum

1876 4143 1999 4181 vere
2044 4126 2398 4195 Chrysostomi
2428 4126 2528 4189 sit,
2556 4140 2738 4178 necne.
2773 4125 2975 4178 Isaacus
2998 4132 3136 4176 certe
3164 4120 3380 4175 Vossius
3401 4160 3417 4184 ,

1876 4215 2021 4283 enjus
2064 4224 2175 4268 erat
2202 4213 2377 4267 Codex
2402 4214 2487 4267 ille
2517 4213 2846 4267 Bibliotheca:
2875 4208 3234 4278 Lugdunensis
3265 4207 3421 4259 Data-

1876 4306 2024 4370 vicaa,
2054 4318 2155 4357 non
2180 4306 2388 4372 putabat
2416 4317 2531 4356 esse
2547 4302 2918 4372 Chrysostomi,
2945 4297 3248 4352 testificante
3267 4295 3416 4351 Guil-

1875 4395 2029 4447 lelmo
2074 4395 2211 4446 Cave
2259 4394 2309 4446 in
2356 4394 2575 4446 Historia
2620 4408 2709 4444 sua
2752 4389 2976 4443 literaria
3024 4388 3245 4442 Ccneva:
3277 4402 3416 4439 anno

1876 4482 2010 4536 1705
2031 4482 2165 4536 edita
2190 4522 2203 4546 ,
2231 4481 2378 4548 cujus
2408 4482 2517 4533 hcce
2542 4487 2658 4531 sunt
2685 4476 2837 4529 verba
2858 4516 2871 4540 ,
2905 4491 2953 4542 p.
2985 4475 3088 4529 215
3116 4493 3128 4527 :
3167 4493 3185 4526 α
3222 4476 3405 4528 Exstat

1874 4571 2055 4625 Crzcce
2095 4570 2189 4623 Ms.
2237 4571 2286 4622 in
2319 4567 2634 4621 Bibliotheca
2661 4565 2906 4618 Vossiana
2933 4564 3028 4619 sub
3054 4562 3410 4635 Chrysostmui

1875 4660 2084 4713 nomine
2133 4658 2380 4727 Synepsis
2409 4655 2607 4709 Veteris
2654 4653 3008 4719 Testamenti;
3046 4634 3139 4711 sed
3167 4634 3267 4707 nou
3298 4669 3413 4707 esse

1872 4748 2150 4816 genuinum
2182 4744 2539 4812 Chrysostomi
2568 4745 2744 4796 laetum
2777 4743 2886 4810 ipse
2915 4743 3040 4795 mihi
3063 4743 3184 4795 olim
3208 4741 3413 4796 confes-

1872 4848 1959 4885 sus
1986 4841 2065 4885 est
2090 4831 2157 4885 cl.
2191 4831 2421 4883 Vossius.
2460 4847 2479 4881 ›
2514 4831 2580 4882 At
2605 4830 2789 4897 opinor
2820 4830 3050 4883 Vossium
3074 4830 3183 4882 haec
3204 4829 3409 4896 perfuno

1871 4923 2031 4976 ctorie
2078 4922 2261 4989 legisse
2285 4962 2297 4983 ,
2345 4929 2397 4973 et
2440 4935 2501 4973 ex
2543 4920 2660 4989 styli
2691 4924 2907 4973 fortasse
2930 4920 3128 4972 ratione
3151 4919 3404 4972 calculum

1873 5009 2052 5062 tulisse
2101 5027 2112 5061 :
2153 5024 2304 5077 quam
2348 5009 2466 5077 styli
2498 5008 2713 5062 formam
2741 5023 2841 5059 non
2869 5008 3031 5076 potuit
3058 5008 3107 5060 in
3138 5018 3237 5060 tam
3266 5022 3407 5060 com-

1870 5097 2117 5165 pendiosa
2156 5099 2452 5151 narratione
2480 5096 2887 5164 deprehendere.
2915 5097 2991 5149 Ad
3023 5096 3132 5149 haec
3159 5111 3281 5149 vero
3303 5096 3405 5150 Co-

1870 5186 1968 5239 dex
2000 5187 2087 5240 ille
2116 5187 2403 5240 Vossianus
2433 5187 2785 5240 Protheoriam
2810 5186 2952 5240 illam
2976 5186 3026 5239 in
3050 5186 3217 5239 fronte
3237 5187 3404 5254 Syno-

1867 5290 2019 5343 pseos
2062 5277 2279 5343 positam
2321 5291 2422 5328 non
2462 5275 2617 5329 habet
2645 5294 2655 5326 :
2685 5290 2798 5343 qua:
2829 5290 2958 5327 sane
2992 5275 3291 5327 Frotlieoria
3328 5284 3407 5325 sat

1877 5365 2071 5432 prolixa
2110 5376 2161 5418 et
2192 5381 2219 5417 a
2251 5367 2419 5433 sagaci
2450 5368 2560 5418 viro
2589 5366 2774 5433 scripta
2793 5405 2808 5430 ,
2839 5365 3085 5433 quasdam
3114 5364 3406 5433 suppeditat

1874 5462 2022 5504 notas
2048 5468 2160 5520 quae
2190 5453 2560 5521 Chrysostomo
2587 5453 2843 5521 SynOpsiu
2867 5453 3126 5507 vindicare
3148 5451 3401 5503 videntur.

1876 5541 1928 5592 ln
1957 5542 2066 5609 ipsa
2096 5542 2247 5595 etiam
2274 5542 2494 5611 SynOpsi
2521 5558 2622 5595 non
2653 5556 2812 5610 pauca
2840 5548 3145 5603 occurrunt,
3172 5552 3284 5605 qure
3310 5552 3409 5605 pro

1872 5628 2239 5699 Chrysostomo
2285 5638 2529 5699 pugnant.
2578 5629 2689 5684 Non
2717 5644 2775 5684 ea
2800 5643 2953 5699 porro
2981 5633 3152 5680 mente
3182 5625 3289 5679 hate
3319 5640 3405 5679 ar-
