4138 6306
715 395 824 455 307

708 500 948 559 gumenta
975 490 1286 559 proferimus
1305 532 1319 556 ,
1347 498 1403 545 ut
1430 491 1542 545 sine
1563 490 1673 544 ulla
1703 502 1914 557 prorsus
1934 487 2251 541 dubitatione

708 582 964 650 Synopsiu
988 595 1105 635 esse
1119 583 1473 652 Clirysostomi
1497 591 1818 637 statuamus:
1849 595 1949 632 non
1969 579 2104 632 enim
2138 593 2252 644 perâ€”

711 669 829 721 inde
858 669 1025 722 allecti
1049 684 1258 734 sumus,
1288 681 1442 739 atque
1484 670 1717 724 nonnulli
1756 670 2055 735 scriptorcs,
2084 669 2168 734 qui
2192 682 2250 719 ea

687 769 823 826 qua:
856 775 918 813 ex
949 763 1176 814 tenebris
1197 774 1414 824 eruunt,
1444 763 1505 814 iis
1532 776 1664 830 quos
1704 769 1925 813 tractant
1955 759 2252 812 auctoribus

708 851 776 901 ita
803 863 1036 902 asserere
1060 859 1341 912 conantur,
1371 858 1426 902 ut
1452 851 1643 904 nullam
1673 850 1926 901 rationem
1959 849 2147 900 habere
2174 846 2246 897 vi-

709 938 930 990 deantur
969 951 1155 989 eorum
1198 950 1314 1004 quae
1352 947 1579 1003 possunt
1609 945 1789 989 contra
1828 935 2003 1002 ohjici.
2037 935 2250 986 Etiamsi

705 1027 844 1079 enim
867 1025 975 1079 htec
996 1040 1110 1093 qua:
1131 1026 1440 1094 proferimus
1460 1025 1629 1093 magni
1650 1039 1764 1077 esse
1786 1024 2030 1075 momenti
2058 1023 2254 1088 perspi-

706 1131 861 1169 cuum
905 1115 1054 1168 nobis
1095 1115 1162 1168 sit
1208 1133 1219 1166 :
1263 1125 1540 1181 antequam
1580 1113 1816 1166 ultimum
1846 1126 1906 1164 ea
1935 1111 2002 1163 de
2032 1127 2086 1163 re
2111 1110 2250 1179 judi-

706 1210 844 1262 cium
865 1217 1148 1262 statuamus
1167 1250 1180 1271 ,
1205 1217 1506 1277 argumenta
1533 1214 1708 1260 nostra
1736 1207 1939 1259 erudito
1966 1207 2142 1260 lectori
2171 1205 2250 1257 of-

707 1296 843 1350 l'erre
882 1298 1049 1350 visum
1079 1306 1181 1362 est,
1232 1307 1284 1350 ut
1327 1307 1428 1348 tam
1470 1296 1607 1348 illius
1631 1337 1645 1357 ,
1673 1311 1827 1362 quam
1857 1304 2036 1348 nostro
2057 1294 2252 1362 judicio

706 1388 825 1456 quid
852 1388 1169 1441 censendum
1198 1387 1263 1440 sit
1293 1388 1448 1439 tutius
1477 1385 1814 1438 aiiirmemus.

775 1477 1005 1529 Primum
1056 1476 1210 1544 igitur
1255 1483 1615 1543 argumentum
1665 1483 1960 1526 mutuamur
2005 1486 2070 1526 ex
2108 1471 2252 1527 hisce

707 1567 986 1634 postremis
1011 1567 1329 1620 Protheoriae
1355 1565 1524 1620 verbis
1543 1607 1556 1628 ,
1588 1565 1670 1617 ubi
1698 1565 1918 1631 scriptor
1943 1578 2252 1617 enumerans

703 1657 832 1711 Novi
861 1658 1176 1711 Testamenti
1207 1657 1394 1721 libros,
1427 1665 1715 1724 postremas
1739 1655 1885 1723 ponit
1914 1664 2020 1707 tres
2047 1653 2252 1719 Episto-

705 1749 781 1801 las
810 1749 1113 1807 catholicas,
1145 1759 1187 1800 et
1213 1758 1306 1800 tres
1323 1765 1382 1801 ex
1403 1748 1654 1800 catholicis
1681 1745 1938 1813 Epistolis.
1966 1743 2251 1797 Catholica:

705 1847 876 1891 autem
924 1847 1043 1891 sunt
1089 1838 1332 1906 Epistolre
1375 1846 1608 1904 septem,
1653 1849 1867 1901 quarunt
1908 1842 2014 1886 tres
2054 1841 2251 1884 tantum

707 1937 940 1994 tmnporc
979 1927 1335 1995 Cbrysostomi
1382 1927 1431 1978 in
1463 1925 1691 1978 Ecclesia
1724 1924 2074 1986 Antiocheua,
2105 1923 2252 1989 cujus

706 2020 790 2069 ille
817 2017 1088 2084 presbyter
1112 2025 1219 2069 erat
1243 2055 1260 2078 ,
1288 2016 1690 2082 recipiebantur.
1720 2011 1848 2065 Nam
1881 2013 1995 2066 licet
2021 2012 2250 2080 Epistola

706 2107 930 2158 secunda
960 2106 1133 2167 Petri,
1167 2104 1390 2156 secunda
1419 2115 1468 2156 et
1495 2104 1640 2154 tertia
1673 2104 1886 2157 Joannis
1907 2142 1920 2165 ,
1949 2111 2103 2169 atque
2125 2101 2249 2168 Epi-

705 2195 836 2247 stola
878 2195 938 2246 B.
979 2193 1124 2247 Juda:
1171 2193 1388 2259 apostoli
1421 2193 1554 2244 inter
1577 2201 1932 2243 sacrosanctas
1959 2199 2009 2242 et
2036 2189 2249 2241 canoni-

705 2299 792 2336 cas
808 2284 1112 2352 Scripturas
1135 2298 1162 2334 a
1183 2282 1356 2335 multis
1377 2282 1482 2348 jam
1509 2282 1715 2334 smculis
1742 2295 1834 2348 per
1861 2289 2020 2332 totam
2038 2280 2250 2330 omnino

709 2374 991 2427 Ecclesium
1019 2374 1365 2440 recipiantur.
1397 2373 1652 2440 prioribus
1675 2381 1843 2424 tamen
1877 2372 2124 2424 Ecclesia:
2149 2386 2250 2422 5:1!-

706 2465 835 2517 culis
875 2465 984 2516 ista?
1009 2473 1230 2533 quatuor
1264 2464 1506 2529 Epistula:
1535 2477 1636 2515 non
1667 2463 1715 2514 in
1744 2463 1984 2515 omnibus
2011 2462 2251 2514 Ecclesiis

708 2565 762 2606 ut
805 2553 1066 2606 cauooiere
1110 2552 1517 2605 admittebantur
1561 2569 1572 2603 :
1615 2551 1852 2618 quaedam
1901 2551 2041 2603 enim
2070 2559 2248 2612 erant,

707 2643 804 2695 etsi
849 2657 1057 2709 pauca),
1107 2657 1222 2708 qum
1265 2641 1376 2693 illas
1422 2656 1521 2693 non
1566 2640 1942 2704 admittebant,
1982 2648 2038 2692 ut
2078 2639 2252 2692 videas

707 2736 840 2802 apud
885 2735 1085 2788 Sixtum
1129 2734 1415 2788 Senensem
1442 2734 1574 2787 libro
1605 2734 1766 2801 primo
1791 2737 1845 2789 in
1875 2733 1978 2786 line
2006 2731 2252 2784 sectionis

707 2825 967 2879 secundze.
995 2824 1094 2876 Sed
1123 2840 1150 2876 a
1175 2826 1394 2876 maxima
1424 2825 1700 2877 Orientalis
1730 2824 1971 2875 Ecclesia:
1997 2831 2170 2889 parte,
2203 2830 2253 2872 et

708 2930 734 2966 a
781 2924 886 2966 toto
928 2929 1057 2981 pene
1099 2913 1374 2967 Occidente
1414 2914 1548 2965 inter
1583 2913 1861 2964 canonicos
1885 2913 2042 2963 libros
2067 2925 2249 2962 cense-

710 3004 927 3066 bantur;
970 3005 1102 3056 inter
1131 3004 1288 3056 libros
1318 3003 1558 3055 videlicet
1588 3001 1818 3065 divinos,
1850 3000 2098 3053 canonice
2125 3000 2252 3052 seri-

708 3103 823 3158 ptos
847 3132 860 3153 ,
901 3094 1126 3150 traditos
1164 3100 1216 3143 et
1241 3090 1466 3144 creditos
1487 3130 1500 3153 ,
1532 3091 1694 3157 inquit
1719 3104 1932 3156 magnus
1960 3088 2044 3141 ille
2073 3088 2251 3139 Eccle-

707 3183 799 3234 sia:
843 3197 1013 3248 prmeo
1054 3180 1402 3243 Athanasius,
1445 3180 1528 3248 qui
1570 3179 1849 3231 catholicas
1890 3177 2145 3244 Epistolas
2171 3191 2253 3227 sc-

707 3281 846 3339 ptcm
899 3272 947 3324 in
995 3272 1197 3324 illorum
1247 3284 1464 3323 numero
1517 3271 1669 3321 locat.
1700 3271 1765 3321 At
1811 3270 2040 3321 Ecclesia
2071 3267 2252 3318 Antio-

708 3363 870 3415 cltena
896 3371 1116 3427 quatuor
1147 3361 1258 3412 illas
1289 3375 1439 3426 supra
1469 3367 1781 3410 memoratas
1812 3357 2071 3424 Epistolas
2097 3355 2253 3407 Joan-

708 3453 789 3505 nis
836 3450 1192 3519 (llirysostomi
1243 3459 1475 3516 tempore
1517 3464 1617 3500 tton
1654 3447 1983 3509 admittebat,
2014 3446 2118 3496 into
2145 3443 2250 3511 pri-

708 3540 827 3592 stini
871 3549 1019 3592 tenax
1067 3539 1350 3606 propositi,
1395 3553 1459 3590 ne
1489 3545 1720 3603 tempore
1744 3535 1948 3604 quidem
1979 3533 2250 3586 Jttsliniani

709 3631 1040 3698 Imperatoris
1086 3631 1199 3682 illas
1241 3629 1412 3682 adhuc
1455 3629 1786 3695 adoptaverat
1813 3643 1827 3690 ;
1856 3625 1904 3678 id
1929 3625 2066 3694 quod
2096 3623 2252 3693 Syro-

710 3735 824 3773 rum
850 3719 1114 3786 preprium
1141 3727 1252 3770 erat
1272 3756 1285 3775 ,
1315 3726 1370 3767 ut
1390 3717 1543 3769 modo
1563 3715 1867 3767 videbimus.

777 3808 925 3876 Quod
961 3817 1135 3860 autem
1177 3805 1405 3858 Ecclesia
1434 3804 1751 3856 Antiochena
1773 3799 2052 3853 secundam
2076 3805 2127 3851 et
2152 3806 2251 3849 ter-

711 3899 835 3953 tiam
877 3897 1090 3950 Joannis
1134 3912 1235 3948 non
1277 3895 1564 3962 reciperet,
1593 3893 1642 3945 id
1671 3891 1863 3958 liquido
1888 3888 2254 3956 comprobatur

712 4006 775 4044 ex
803 3988 1024 4042 llomilia
1054 4001 1170 4039 mox
1199 3983 1418 4048 edenda,
1450 3997 1601 4051 quam
1629 3981 1769 4049 prior
1795 3979 2070 4047 publicavit
2092 3976 2252 4029 Joan-

713 4080 794 4132 nis
822 4076 1174 4146 Chrysostomi
1207 4075 1414 4126 nomine
1439 4070 1726 4124 Cotelerius
1747 4109 1760 4133 ,
1789 4083 2045 4136 quamque
2070 4065 2256 4134 proba-

713 4183 829 4222 mus
855 4167 905 4219 in
928 4165 1118 4218 ÎœÎ¿Î·á½·Î¹Î¿
1141 4161 1272 4216 infra
1302 4177 1402 4215 non
1425 4159 1778 4229 Clirysostomi
1805 4173 1941 4222 esse,
1968 4157 2058 4210 sed
2083 4156 2255 4222 cujus-

713 4258 832 4310 dam
880 4253 1166 4323 presbyteri
1195 4249 1500 4303 Antioeheni
1538 4247 1674 4300 illius
1695 4245 1788 4296 aevi
1811 4259 1985 4296 coram
2009 4244 2255 4295 Flaviano

714 4347 959 4414 episeopo
987 4340 1362 4396 concionantis.
1393 4336 1445 4389 In
1475 4337 1570 4388 hac
1591 4334 1743 4401 igitur
1764 4331 2005 4394 Humilia,
2029 4345 2172 4382 num.
2201 4330 2253 4391 (3,

715 4436 779 4488 de
804 4433 1018 4488 Joannis
1045 4430 1374 4497 evangelista:
1403 4423 1632 4492 Epistola
1655 4419 1881 4475 secunda
1903 4427 1955 4471 et
1980 4417 2126 4470 tertia
2147 4416 2257 4468 lure

718 4525 963 4576 dicuntttr
994 4538 1004 4572 :
1042 4539 1060 4571 â€¹
1101 4519 1237 4572 Idem
1269 4517 1354 4569 ille
1382 4528 1572 4582 praeco,
1604 4511 1692 4579 qui
1716 4509 1826 4561 hcce
1850 4505 2180 4575 priedicavit,
2206 4504 2254 4554 in

719 4613 946 4679 Epistula
994 4625 1083 4660 sua
1131 4606 1307 4660 scribit
1341 4621 1350 4656 :
1382 4604 1544 4672 prima
1584 4608 1755 4652 autem
1779 4595 2010 4663 Epistola
2041 4594 2173 4645 inter
2197 4608 2255 4644 ea

717 4717 831 4769 qua:
872 4703 921 4751 in
978 4698 1206 4750 Ecclesia
1261 4693 1615 4760 recipiuntur,
1676 4702 1777 4739 non
1808 4687 1942 4738 inter
1965 4681 2257 4750 apocrypha

718 4795 1029 4843 recensetur
1064 4805 1077 4836 :
1124 4799 1241 4836 nam
1283 4780 1564 4834 secundam
1609 4786 1659 4830 et
1685 4776 1886 4828 tertiam
1914 4779 2085 4839 patres
2113 4780 2258 4822 extra

718 4891 968 4932 canonem
993 4880 1216 4940 ponunt;
1238 4871 1453 4934 primam
1470 4879 1592 4919 vero
1612 4863 1892 4932 Epistolam
1909 4859 2122 4913 Joannis
2146 4871 2261 4910 esse

721 4982 900 5023 omnes
931 4963 1277 5018 consentiunt.
1313 4976 1330 5007 â€º
1366 4957 1495 5008 llinc
1524 4954 1668 5006 vides
1687 4951 1965 5005 secundam
1989 4957 2040 5000 et
2061 4948 2259 5001 tertiam

720 5059 932 5112 Joannis
961 5050 1238 5120 Epistolam
1269 5055 1403 5098 inter
1423 5043 1698 5097 canonicas
1720 5038 2006 5090 Antiochia:
2035 5051 2135 5088 non
2168 5035 2264 5085 ha-

723 5150 852 5202 bitas
919 5146 1093 5196 litisse.
1122 5136 1410 5194 Secundam
1442 5135 1562 5186 item
1591 5131 1726 5182 lâ€™ctri
1751 5169 1764 5190 ,
1790 5138 1840 5179 et
1873 5126 2152 5192 Epistolam
2177 5124 2266 5178 Ju-

722 5237 802 5289 dae
832 5228 1292 5303 apostoli,perinde
1317 5235 1470 5293 atque
1499 5218 1778 5274 secundam
1808 5225 1858 5269 et
1888 5217 2088 5268 tertiam
2111 5215 2267 5268 Joan-

724 5327 804 5380 nis
826 5365 838 5386 ,
864 5340 890 5374 a
915 5323 1057 5392 Syris
1082 5362 1095 5387 ,
1120 5330 1273 5388 atque
1293 5316 1422 5369 adeo
1443 5313 1505 5365 ab
1532 5307 1867 5365 Antinchenis
1894 5319 1993 5356 non
2017 5304 2266 5355 {ldmlFSilS

725 5415 886 5467 tuisse
923 5413 1117 5464 diserte
1157 5409 1307 5462 docet
1336 5405 1549 5459 Cosmas
1581 5397 1852 5464 {Egyplins
1876 5435 1889 5458 ,
1919 5393 2004 5458 qui
2034 5403 2267 5460 tempore

728 5499 1000 5557 Iustiniani
1021 5496 1352 5564 Imperatoris
1368 5490 1642 5546 scribebat.
1669 5486 1813 5538 Hunc
1834 5482 2137 5547 scriptorem
2160 5481 2268 5531 edi-

728 5592 896 5645 dimus
933 5601 1069 5640 anno
1102 5585 1252 5638 l706.
1285 5583 1371 5635 Sic
1394 5589 1566 5632 autem
1597 5575 1753 5628 habet
1780 5587 1828 5638 p.
1857 5569 1986 5630 292,
2023 5567 2177 5619 multa
2206 5567 2269 5618 dc

727 5680 994 5735 catholicis
1038 5675 1277 5743 Epistolis
1324 5681 1374 5724 et
1414 5670 1478 5722 de
1507 5680 1684 5721 carum
1715 5660 2015 5714 auctoritate
2044 5668 2159 5710 ante
2189 5658 2263 5708 1Î·-

1921 372 2233 430 DIATRIBA
2275 372 2334 426 IN
2373 372 2713 427 SYNOPSIN.

3807 411 3917 463 308

2359 494 2550 551 quulus
2583 504 2594 538 :
2633 505 2650 536 â€¹
2691 488 2835 557 Apud
2869 489 3024 559 Syros
3053 501 3223 546 autem
3253 510 3353 549 non
3386 497 3482 549 nisi
3513 506 3616 551 tncs
3645 503 3910 567 perducta:

2359 578 2722 642 reperiuntur;
2751 579 2989 634 videlicet
3024 581 3236 645 Jacobi,
3265 585 3402 638 Petri
3430 597 3483 640 et
3507 587 3722 641 Joannis
3753 608 3765 642 :
3792 593 3910 646 alia

2358 668 2548 735 quippe
2594 684 2750 735 penes
2796 670 2910 724 illos
2956 687 3021 726 ne
3062 675 3268 741 quidem
3308 677 3579 730 habentur.
3609 680 3906 734 Perfectum

2361 755 2531 822 itaque
2569 758 2916 814 Christianum
2961 762 3129 817 dubiis
3167 765 3310 817 inniti
3354 781 3456 819 non
3507 779 3750 834 Oportet,
3786 786 3907 825 cum

2358 859 2433 897 e.e
2460 847 2740 914 Scriptura:
2763 889 2778 913 ,
2810 865 2924 916 qua:
2953 852 3002 902 in
3028 867 3228 905 canone
3254 855 3491 921 reposita:
3511 895 3527 918 ,
3556 865 3609 908 et
3628 858 3764 923 apud
3787 874 3906 909 om-

2361 950 2451 987 nes
2481 937 2528 987 in
2545 937 2786 990 confesso
2801 949 2940 1003 suot,
2965 944 3135 994 omnia
3152 944 3274 994 satis
3295 944 3610 998 declarent.Â»
3640 947 3772 999 ilinc
3797 963 3908 998 ma-

2359 1023 2544 1076 nifeste
2577 1025 2719 1079 vides
2747 1029 2900 1080 ctiam
2930 1039 3161 1097 tempore
3182 1031 3453 1085 Justiniani
3479 1033 3816 1099 Imperatoris
3841 1052 3905 1088 ex

2357 1112 2623 1167 catholicis
2643 1117 2742 1168 illis
2767 1118 3006 1184 Epistolis
3034 1121 3235 1172 nonnisi
3263 1131 3363 1174 tres
3385 1121 3514 1187 apud
3542 1122 3722 1190 Syros,
3747 1136 3906 1192 atque

2356 1203 2486 1255 adeo
2514 1204 2562 1257 in
2597 1206 2822 1259 Ecclesia
2851 1209 3168 1262 Antiochena
3190 1249 3203 1272 ,
3227 1221 3460 1276 receptas
3485 1209 3666 1262 fuisse.

2425 1293 2554 1346 lliuc
2594 1295 2746 1362 igitur
2770 1297 2935 1365 palam
2962 1307 3040 1350 est
3070 1299 3203 1350 hunc
3229 1298 3544 1365 Scriptorcm
3572 1339 3584 1360 ,
3617 1313 3772 1366 quem
3796 1300 3903 1365 jam

2357 1383 2406 1434 in
2439 1382 2697 1450 publicum
2728 1386 3010 1438 emittimus
3032 1424 3046 1448 ,
3073 1387 3259 1453 quique
3289 1395 3390 1438 tres
3421 1395 3616 1438 tantum
3642 1389 3904 1454 Epistolas

2356 1472 2638 1526 catholicas
2702 1475 2810 1527 sive
2869 1476 3144 1527 canonicas
3199 1477 3461 1538 admittit,
3516 1478 3904 1530 Antiochenurn

2355 1576 2469 1614 esse
2494 1578 2506 1624 ;
2535 1562 2745 1631 jamque
2775 1564 2890 1616 hinc
2915 1563 3136 1632 aliquam
3169 1566 3314 1617 titulo
3338 1566 3599 1619 conciliari
3629 1566 3783 1619 [idem
3807 1608 3821 1629 ,
3853 1569 3902 1618 in

2355 1666 2458 1719 quo
2500 1652 2689 1703 dicitur
2730 1667 2846 1706 esse
2884 1653 3098 1706 Joannis
3123 1651 3499 1724 Chrysostomi.
3531 1655 3596 1708 Et.
3623 1671 3748 1709 vere
3780 1672 3903 1708 san-

2355 1751 2466 1795 ctus
2493 1743 2575 1796 hic
2602 1743 2806 1806 doctor,
2837 1746 2922 1812 qui
2948 1746 3225 1812 Scriptura:
3253 1761 3414 1798 saera:
3445 1747 3602 1798 libro;
3627 1762 3817 1799 omnes
3851 1748 3900 1798 in

2357 1832 2591 1885 llomiliis
2640 1834 2748 1885 suis
2793 1834 3038 1896 adhibet,
3070 1845 3288 1900 quatuor
3316 1836 3514 1888 illarum
3545 1837 3902 1904 Epistolarum

2356 1920 2464 1972 loca
2505 1935 2753 1986 nusquam
2800 1909 2986 1984 all'ert;
3038 1930 3128 1973 aut
3170 1923 3352 1974 saltem
3383 1924 3675 1989 hujnsmodi
3709 1925 3817 1975 loca
3851 1927 3902 1975 in

2355 2009 2466 2074 ejus
2510 2011 2712 2076 scriptis
2759 2010 2986 2062 nondum
3030 2011 3384 2077 deprehendi:
3418 2013 3615 2062 etiamsi
3650 2028 3778 2063 vero
3809 2014 3899 2064 de-

2357 2098 2801 2166 prehenderentur
2832 2140 2843 2158 .
2900 2115 2999 2150 non
3046 2109 3214 2151 tamen
3268 2101 3384 2152 inde
3430 2111 3735 2166 sequeretur
3783 2116 3898 2152 cam

2354 2188 2632 2254 Scriptura:
2675 2197 2872 2254 partem
2903 2189 3201 2240 canonicam
3227 2188 3401 2240 haberi
3437 2205 3449 2238 :
3483 2204 3597 2239 nam
3628 2189 3732 2240 illis
3767 2199 3899 2241 teni-

2355 2278 2563 2345 poribus
2592 2293 2688 2327 una
2719 2292 2877 2343 patir-tt
2907 2288 3052 2329 erant
3081 2281 3128 2330 in
3159 2280 3462 2345 quibusdam
3490 2280 3757 2343 Ecclesiis,
3781 2295 3900 2345 qua:

2354 2368 2652 2433 legebantur
2696 2367 2934 2432 quidem,
2980 2366 3069 2419 sed
3113 2369 3356 2420 canonica
3399 2383 3512 2420 esse
3552 2383 3653 2418 non
3694 2380 3904 2433 reputa~

2356 2458 2560 2509 bantur.
2641 2456 2948 2509 Moncndutn
2999 2466 3166 2507 autem
3213 2457 3454 2508 existimo
3480 2496 3493 2517 ,
3521 2456 3690 2508 locum
3719 2457 3902 2510 haberi

2356 2545 2574 2599 llomilia
2613 2556 2752 2598 sexta
2794 2547 3005 2598 Joannis
3050 2546 3405 2616 Chrysostonii
3451 2547 3498 2598 in
3529 2548 3774 2600 Genesim
3801 2587 3818 2612 ,
3849 2564 3902 2614 p.

2353 2636 2420 2689 40
2451 2635 2702 2686 Editionis
2742 2648 2960 2698 postne,
3001 2635 3082 2686 ubi
3114 2636 3188 2689 sic
3214 2637 3398 2704 legitur
3428 2653 3442 2689 :
3475 2634 3524 2686 Ii
3552 2652 3664 2687 vero
3693 2638 3778 2700 qui
3804 2638 3905 2687 ali-

2354 2724 2550 2788 quando
2579 2739 2631 2775 se
2658 2724 2706 2773 in
2733 2723 2918 2774 diaboli
2947 2725 3068 2775 retia
3097 2725 3321 2791 injiciuut
3342 2765 3356 2787 ,
3385 2725 3586 2776 canibus
3607 2741 3905 2790 comparan-

2354 2821 2433 2860 tur
2460 2827 2489 2861 Î±
2521 2812 2780 2877 Scriptura
2807 2815 2969 2863 divina
3002 2828 3019 2864 :
3051 2813 3212 2864 llomo
3243 2813 3378 2865 enim
3406 2853 3419 2873 ,
3447 2813 3628 2881 inquit,
3661 2815 3746 2879 qui
3777 2827 3905 2865 con-

2356 2901 2572 2952 vertitur
2613 2915 2641 2951 a
2687 2911 2894 2966 peccato
2937 2915 3028 2951 suo
3053 2941 3066 2962 ,
3096 2910 3145 2952 et
3176 2902 3357 2952 iterum
3388 2903 3436 2951 in
3469 2901 3690 2965 idipsum
3721 2901 3860 2952 redit
3887 2941 3900 2958 ,

2354 2989 2538 3042 similis
2564 2999 2644 3041 est
2671 2989 2784 3042 cani
2817 2989 2876 3040 ad
2902 2991 3146 3041 vomitum
3180 2990 3434 3040 redeunti.
3471 2989 3540 3040 lbi
3568 3004 3692 3041 vero
3723 3005 3819 3040 nos
3853 2991 3904 3041 in

2354 3080 2584 3146 margine
2626 3078 2792 3130 locum
2818 3078 3149 3130 indicavimus
3178 3079 3210 3129 2
3239 3078 3374 3130 Petri
3402 3076 3454 3142 2,
3486 3077 3554 3128 9.2
3583 3094 3597 3131 :
3628 3087 3680 3128 at
3705 3077 3800 3128 etsi
3834 3077 3904 3129 ibi

2354 3168 2417 3221 de
2445 3183 2571 3219 cane
2592 3166 2654 3218 ad
2685 3168 2930 3218 vomitum
2962 3181 3178 3219 reverso
3203 3177 3399 3233 agatur,
3427 3178 3628 3218 certum
3659 3175 3740 3218 est
3768 3166 3908 3218 hunc

2357 3259 2525 3309 locum
2553 3257 2615 3309 ad
2647 3258 2924 3310 secundam
2959 3257 3096 3310 Petri
3127 3257 3410 3325 Epistulam
3443 3270 3542 3308 non
3572 3254 3906 3308 referendum

2355 3362 2502 3410 esse,
2544 3346 2632 3398 sed
2662 3347 2724 3397 ad
2755 3346 3147 3397 Proverbiorutn
3175 3346 3361 3397 librum
3388 3385 3402 3406 ,
3433 3359 3550 3410 cap.
3577 3344 3677 3406 26,
3712 3360 3762 3395 v.
3799 3345 3856 3395 11
3889 3383 3906 3407 ,

2355 3448 2508 3502 atque
2533 3434 2665 3486 adeo
2690 3435 3020 3500 marginalem
3049 3443 3220 3485 notam
3244 3435 3318 3484 sic
3348 3433 3721 3484 restituendam
3744 3447 3862 3484 esse
3889 3472 3906 3496 ,

2362 3526 2513 3577 Prov.
2539 3523 2628 3577 26.
2661 3525 2716 3576 ll
2755 3522 2850 3592 (Î±).
2880 3522 2971 3574 llic
2993 3522 3370 3573 animadvertas
3395 3522 3570 3583 velini,
3593 3521 3909 3589 Chrysiisto-

2357 3630 2495 3666 mum
2539 3614 2932 3665 coneionantetn
2975 3613 3057 3664 hic
3083 3621 3133 3664 et
3158 3609 3450 3664 sexcenties
3472 3611 3591 3662 alibi
3621 3611 3918 3678 Scriptura:

2356 3705 2505 3767 loca,
2558 3711 2709 3770 prout
2750 3701 3010 3752 memorue
3054 3715 3169 3752 sese
3205 3700 3526 3760 olli-rebant,
3561 3700 3909 3766 alligavisse,

2359 3794 2610 3860 longeque
2639 3793 2842 3844 diverso
2866 3808 2890 3840 a
2923 3790 3200 3855 Scriptura:
3219 3796 3363 3840 textu
3383 3787 3557 3839 modo.
3589 3787 3760 3839 lamus
3782 3802 3911 3853 ergo

2357 3884 2670 3948 Scriptum,
2703 3896 2855 3948 quem
2889 3881 2970 3931 hic
3000 3880 3210 3947 respicit
3233 3878 3657 3947 Chrysostomus,
3684 3887 3765 3929 est
3792 3891 3912 3927 ver-

2356 3970 2551 4025 siculus
2592 3971 2677 4021 ille
2717 3969 3109 4022 Proverbiorum
3132 4008 3146 4032 ,
3175 3981 3326 4034 quem
3355 3967 3441 4018 illc
3465 3981 3561 4032 pro
3590 3979 3735 4016 more
3760 3973 3812 4016 et
3840 3963 3909 4013 ad

2356 4077 2504 4114 suum
2535 4075 2747 4128 scopum
2784 4057 3109 4112 concinnavit
3130 4096 3144 4120 ,
3175 4066 3228 4108 ut
3253 4055 3316 4108 ad
3341 4063 3544 4119 captum
3575 4053 3738 4119 ile-bis
3766 4061 3912 4104 esset

2356 4149 2795 4204 accommodatior
2837 4164 2850 4204 :
2902 4147 2976 4200 sic
3015 4156 3185 4198 autem
3215 4145 3367 4194 habet
3397 4143 3444 4192 in
3473 4156 3570 4192 Lxx
3604 4142 3913 4206 interpreti-

2360 4243 2454 4293 bus
2484 4256 2497 4291 :
2533 4238 2673 4292 Sicut
2701 4237 2836 4287 cauis
2862 4250 2973 4286 cum
2995 4247 3212 4284 reversus
3233 4230 3386 4281 estad
3406 4229 3641 4279 vomitum
3669 4245 3834 4288 suum,
3865 4239 3914 4280 et

2358 4334 2556 4385 odiosus
2589 4340 2657 4383 est
2692 4327 2917 4391 e/I'cctus,
2953 4326 3022 4377 sic
3053 4325 3229 4374 stultus
3266 4322 3453 4371 malitia
3481 4337 3573 4371 sua
3597 4335 3818 4371 reversus
3842 4321 3916 4372 ad

2359 4429 2608 4487 peccatum
2655 4433 2816 4468 suum.
2861 4414 2990 4466 Cum
3035 4412 3132 4464 hoc
3164 4411 3276 4464 loco
3301 4426 3516 4477 prorsus
3543 4419 3798 4462 consultat
3823 4410 3913 4463 ille

2359 4522 2547 4574 supra;
2592 4505 2656 4558 ad
2698 4504 2938 4571 Epistola:
2979 4516 3100 4554 vero
3143 4500 3384 4553 secundae
3431 4499 3570 4552 Petri
3603 4499 3773 4550 locum
3805 4513 3912 4549 non

2362 4599 2575 4665 perinde.
2614 4598 2865 4662 quadrat;
2906 4593 2980 4645 sic
3021 4606 3173 4659 porro
3199 4591 3281 4642 ille
3312 4589 3466 4642 habet
3494 4606 3506 4640 :
3532 4588 3756 4655 Contigit
3775 4590 3915 4639 enim

2361 4691 2429 4741 cis
2466 4688 2593 4739 illud
2634 4686 2729 4738 reri
2769 4683 3003 4750 proverbii
3041 4698 3058 4732 :
3091 4681 3225 4732 cauis
3251 4693 3468 4729 reversus
3495 4685 3559 4726 ad
3586 4694 3731 4728 suum
3761 4678 3920 4728 vomi.

2364 4788 2504 4840 tum;
2533 4786 2609 4836 et,
2639 4791 2720 4825 sus
2745 4774 2843 4823 lota
2873 4773 2924 4821 in
2953 4768 3207 4824 volutabra
3234 4766 3343 4817 luti.
3373 4764 3586 4816 Certum
3619 4766 3791 4832 itaque
3819 4778 3920 4815 ex-

2365 4868 2721 4936 ploratumque
2763 4868 2844 4913 est
2886 4860 3052 4911 locum
3097 4855 3453 4924 Chrysostomi
3497 4870 3602 4905 non
3646 4854 3783 4905 hunc
3823 4867 3918 4904 se-

2364 4957 2546 5013 cunda:
2575 4954 2711 5008 Petri
2740 4949 3047 5003 versiculum
3071 4948 3360 5013 respicere,
3393 4945 3484 4997 sed
3517 4945 3663 4995 illum
3693 4945 3920 4995 Prover~

2366 5051 2588 5104 biorum.
2617 5044 2936 5108 Quamquam
2959 5078 2972 5099 ,
2997 5047 3052 5088 ut
3079 5036 3216 5096 dixi,
3248 5035 3344 5085 etsi
3372 5032 3599 5086 secunda
3631 5033 3771 5083 lâ€™czri
3793 5029 3920 5095 Î•ÏÎž-

2367 5138 2498 5190 stola
2539 5131 2813 5198 aliquando
2859 5142 2981 5178 usus
3029 5134 3166 5176 esset
3193 5123 3595 5189 Chrysostomus
3616 5158 3629 5178 ,
3662 5132 3764 5167 non
3796 5117 3924 5169 inde

2369 5237 2538 5279 tamen
2571 5228 2873 5287 sequeretur
2900 5215 3036 5267 illaut
3067 5214 3148 5266 vel
3175 5213 3239 5266 ab
3264 5226 3318 5263 se
3341 5212 3420 5262 vel
3448 5209 3515 5259 ab
3545 5207 3776 5259 Ecclesia
3806 5207 3926 5257 Anâ€”

2430 5402 2500 5461 (a)
2536 5406 2582 5444 In
2605 5399 2691 5461 hac
2708 5401 2864 5461 nostra
2887 5391 3114 5461 Editionc.
3133 5395 3265 5461 _'_rom.
3293 5381 3706 5461 Î¹Î¾Î¾Ï„Î¹á½²Ï‚Î¿Î¹ÎºÎ¾Î¾Î¾á¿–á¿ƒÎ¹Î¹Ï…á½¶

2370 5443 2580 5509 occurrit
2611 5458 2738 5501 locus
2759 5453 2820 5498 de
2855 5464 2947 5512 quo
2972 5450 3045 5496 hic
3068 5450 3248 5512 Agitur,
3275 5445 3444 5512 verba,
3479 5449 3711 5512 portion"
3757 5443 3941 5512 sinde

2608 5499 2839 5568 etc.,n0n
2872 5499 2940 5557 'ad
2986 5499 3246 5572 secundam;
3264 5505 3384 5550 Petri
3418 5499 3711 5572 I'IplSIOlalll,.
3737 5503 3838 5572 sed,
3875 5506 3938 5549 ad

2375 5560 2588 5626 hihi-orbi
2613 5560 2719 5632 {and
2741 5572 2813 5626 â€˜26,
2842 5586 2886 5618 v.
2914 5572 2981 5625 ll,
3009 5577 3085 5613 PP.
3110 5566 3416 5613 Mauriuortun
3441 5572 3660 5607 errorem
3683 5560 3925 5609 declinari

2375 5650 2465 5697 tes,
2488 5637 2822 5684 l'tBVOL'uVltlttlS.
3019 5635 3073 5675 Îœ.
