4138 6306
323 329 445 383 3119

322 430 569 483 ιξοεΙιοηει
590 471 604 493 ,
642 441 695 484 ιιι
724 432 1027 484 canonicam
1057 428 1333 481 admissam
1366 427 1543 481 fuisse.
1570 429 1697 480 lline
1720 444 1873 496 porro

323 518 576 586 liquidutn
622 531 702 573 est
743 530 1005 573 auctorem
1032 519 1325 587 Synopseos
1349 533 1464 571 esse
1492 518 1569 571 vel
1596 520 1873 572 Antioche-

322 622 451 658 num
482 609 561 660 vel
589 609 771 662 saltem
802 608 991 678 Syrum
1017 648 1030 668 ,
1059 618 1245 675 atque,
1271 615 1327 659 ιιι
1352 606 1448 660 l'ert
1479 608 1672 667 titulus.
1701 607 1870 676 Chry-

321 706 612 750 Instomttm
637 714 652 762 ;
683 699 818 765 quod
850 709 902 751 et
928 698 1042 750 aliis
1064 697 1366 764 probabitur
1386 697 1721 764 argumentis.

398 788 550 841 Aliud
579 799 935 859 argumentum
964 788 1082 842 inde
1110 788 1361 850 sumitur,
1388 789 1523 855 quod
1553 789 1686 842 inter
1709 804 1866 841 eano-

322 876 475 931 nieos
499 877 777 945 Scriptur:e
808 880 966 932 libros
989 919 1004 942 ,
1032 894 1161 946 quos
1184 880 1323 930 solos
1349 880 1397 930 in
1424 879 1526 930 line
1549 879 1869 933 Protheoria:

319 985 435 1021 suze
460 979 643 1021 auctor
672 979 847 1022 noster
874 978 1128 1029 recenset,
1164 969 1498 1036 ApoCavasis
1527 984 1627 1020 non
1654 984 1867 1036 compa-

322 1066 455 1108 real.
480 1057 554 1109 Ne
582 1073 705 1110 vero
735 1066 940 1125 putetur
965 1072 1077 1109 eam
1109 1057 1251 1123 lapsu
1275 1058 1521 1124 graphice
1552 1060 1867 1124 praetermis-

319 1160 435 1197 sam
477 1145 664 1208 fuisse,
700 1155 838 1198 vetat
880 1145 1170 1198 scholiastae
1214 1144 1480 1210 cujusdam
1522 1154 1640 1197 nota
1672 1147 1863 1212 margi-

320 1234 457 1285 tialls
480 1274 493 1295 ,
522 1249 637 1300 qua:
660 1235 735 1287 sic
764 1234 949 1296 habet,
977 1232 1111 1285 Nora
1138 1235 1298 1301 ipsum
1322 1250 1417 1283 non
1445 1249 1715 1284 memorare
1738 1234 1865 1299 Apo-

318 1323 566 1389 calypsin.
610 1323 946 1390 Apoealypsis
982 1322 1118 1375 enim
1159 1322 1340 1388 priscis
1379 1320 1622 1374 Ecclesia:
1662 1322 1865 1373 szeculis

320 1426 426 1464 non
459 1412 507 1463 in
550 1413 788 1464 omnibus
818 1411 1064 1464 Ecclesiis
1093 1409 1435 1477 recipiebatur
1454 1450 1467 1473 ,
1500 1420 1554 1462 ut
1583 1410 1726 1461 aiunt
1756 1410 1862 1462 Eu-

318 1500 497 1553 sebius
523 1541 536 1562 ,
570 1499 911 1568 Hieronymus
949 1499 1014 1552 de
1054 1499 1303 1565 Scriptor.
1340 1498 1535 1552 Eecles.
1564 1515 1577 1562 ;
1609 1498 1865 1566 Nicepho-

319 1604 411 1640 rus
442 1601 565 1639 vero
596 1587 879 1653 patriarcha
912 1587 959 1637 in
990 1586 1240 1653 Catalogo
1266 1602 1359 1637 sun
1380 1626 1393 1647 ,
1422 1602 1573 1653 quem
1603 1587 1862 1641 edidimus

319 1677 377 1728 in
416 1676 729 1728 Bibliotheca
758 1675 1069 1728 Coisliniana
1092 1714 1105 1735 ,
1140 1690 1189 1742 p.
1220 1674 1354 1739 205,
1389 1676 1524 1728 illam
1569 1677 1701 1729 inter
1737 1691 1861 1743 apo-

316 1767 513 1835 crypha
544 1776 779 1819 reCenset
801 1805 815 1826 ,
849 1775 902 1817 ut
927 1774 979 1816 et
1006 1765 1135 1817 alius
1163 1764 1251 1833 qui
1282 1764 1409 1818 infra
1438 1766 1485 1818 in
1514 1776 1631 1818 nota
1660 1782 1858 1821 memo-

318 1856 517 1907 rabitur
541 1871 552 1905 :
580 1870 759 1906 verum
787 1864 960 1921 patres
986 1869 1166 1906 omnes
1196 1855 1436 1922 prmeipui
1464 1896 1477 1920 ,
1510 1858 1821 1911 Athanasius
1841 1899 1856 1921 ,

318 1944 568 2007 Basilius,
598 1944 878 2011 Gregorius
902 1943 1254 1997 Nazianzenus
1274 1985 1288 2007 ,
1320 1954 1557 2012 totusque
1583 1947 1854 2011 Occidens,

317 2043 376 2083 ut
404 2033 683 2100 legitimum
713 2033 924 2086 Joannis
953 2034 1168 2100 apostoli
1196 2047 1324 2100 opus
1344 2074 1360 2097 ,
1386 2044 1436 2085 et
1463 2043 1517 2086 ut
1558 2038 1856 2089 canonicam

315 2124 636 2190 Scripturam
662 2125 887 2177 habuere
911 2142 924 2177 :
950 2124 1260 2191 denmmque
1284 2139 1375 2191 per
1397 2133 1552 2176 totam
1576 2125 1854 2179 Eeclesiam

316 2223 425 2265 tum
454 2214 686 2266 Graecam
718 2222 821 2265 tum
852 2212 1085 2265 Latinam
1116 2212 1166 2263 in
1196 2228 1394 2265 canone
1434 2228 1698 2266 sacrorum
1728 2213 1858 2267 divi-

313 2318 603 2371 norumque
631 2304 878 2356 librorum
908 2311 1112 2370 recepta
1149 2310 1246 2355 est.

388 2396 627 2446 Attamen
655 2395 703 2445 in
737 2393 831 2445 hac
857 2393 1077 2462 Synopsi
1108 2392 1443 2461 Apoealypsis
1472 2410 1571 2445 non
1600 2409 1853 2447 memora-

310 2492 431 2545 tur,
463 2491 513 2533 et
544 2491 787 2533 mouente
828 2482 1101 2533 scholiasta
1126 2522 1140 2543 ,
1174 2483 1221 2532 id
1255 2497 1353 2533 non
1384 2482 1574 2533 librarii
1605 2483 1728 2534 vitio
1757 2484 1851 2533 tri—

310 2569 572 2621 buendum
602 2576 699 2620 est.
730 2567 874 2621 Unde
900 2569 1128 2634 arguitur
1152 2584 1179 2620 a
1210 2569 1461 2634 scriptore
1505 2570 1615 2634 ipso
1638 2609 1653 2629 ,
1700 2578 1851 2635 atque

308 2658 512 2709 uthinc
540 2657 787 2724 consequi
833 2657 1064 2720 videtur,
1113 2657 1177 2708 ab
1226 2658 1489 2722 Ecclesia,
1544 2659 1690 2726 cujus
1744 2661 1852 2726 ipse

306 2755 421 2799 erat
442 2788 455 2809 ,
491 2746 714 2798 nonduin
735 2754 992 2812 receptam
1022 2744 1178 2798 fuisse
1206 2759 1321 2798 eum
1342 2746 1450 2797 lnec
1477 2748 1846 2799 scriberentur.

305 2836 464 2887 (Zcrte
494 2835 718 2886 Joannes
740 2834 1157 2903 Chrysostomus,
1182 2835 1267 2903 qui
1293 2845 1473 2888 auctor
1493 2837 1667 2903 operis
1687 2836 1848 2888 fertur

307 2924 358 2974 in
402 2924 582 2984 titulo,
612 2938 888 2989 numquam
920 2924 1225 2990 Apocalypsi
1270 2938 1389 2976 usus
1415 2934 1495 2977 est
1524 2927 1571 2976 in
1617 2926 1847 2977 llomiliis

303 3011 528 3077 aliisque
570 3010 715 3062 libris
742 3012 849 3061 suis
869 3049 882 3072 ,
915 3010 1008 3062 etsi
1030 3050 1043 3071 ,
1088 3011 1152 3061 ad
1180 3025 1353 3063 mores
1383 3011 1763 3075 informandus,
1796 3016 1844 3066 in

301 3114 408 3166 quo
436 3114 627 3166 genere
656 3100 877 3151 maxime
906 3108 1139 3151 versatur
1164 3112 1371 3153 sanctus
1398 3101 1604 3163 doctor,
1634 3102 1687 3155 in
1708 3104 1846 3170 Apo-

302 3189 502 3257 calypsi
527 3188 684 3239 multa
716 3188 896 3240 idonea
921 3199 1309 3256 opportunaque
1335 3189 1682 3255 reperiantur,
1714 3205 1843 3256 pra:-

301 3280 559 3345 eipueque
585 3279 633 3330 in
666 3279 828 3331 tribus
858 3278 1112 3345 prioribus
1138 3280 1410 3345 capitibus.
1438 3280 1842 3344 Quantumcum-

299 3384 404 3435 que
424 3367 740 3433 diligentiam
761 3366 1105 3427 adhibuerim,
1132 3376 1185 3418 ut
1203 3367 1526 3433 explorarent
1554 3382 1675 3419 num
1698 3365 1845 3434 quid-

302 3456 440 3521 piam
473 3456 523 3506 in
553 3464 689 3506 tanta
734 3469 946 3522 operum
976 3456 1111 3507 serie
1141 3454 1203 3506 ad
1233 3455 1576 3524 Apocalypsin
1604 3465 1843 3522 spectans

298 3543 811 3611 deprehenderetur,
862 3543 985 3595 nihil
1034 3544 1280 3596 hactenus
1330 3545 1517 3610 reperi.
1563 3545 1626 3597 Et
1673 3554 1842 3599 tamen

300 3633 460 3684 multa
490 3643 639 3684 erant
668 3633 717 3684 in
764 3632 939 3685 libris.
974 3633 1115 3684 verbi
1155 3632 1313 3701 gratia
1336 3674 1349 3697 ,
1392 3633 1458 3686 de
1502 3634 1802 3688 Sacerdotio
1825 3679 1840 3702 ,

292 3738 417 3788 qua:
446 3722 508 3773 ad
539 3737 646 3773 rem
675 3723 897 3775 maxime
925 3723 1163 3775 conferre
1192 3738 1342 3788 posse
1369 3724 1685 3776 videbantur.
1718 3726 1841 3779 Inde

300 3819 471 3862 autem
498 3810 633 3862 aliud
679 3811 907 3876 exsurgit
927 3851 940 3871 ,
968 3812 1075 3862 sive
1100 3819 1455 3877 argumentum
1476 3851 1490 3872 ,
1520 3813 1625 3864 sive
1666 3815 1839 3877 conje-

296 3908 464 3959 ctura,
488 3913 585 3964 qua
610 3898 742 3949 hanc
761 3898 1013 3963 Synopsin
1038 3897 1409 3965 Chrysostomo
1434 3914 1667 3952 asserere
1690 3916 1841 3965 posse

299 3989 554 4041 videmur.
576 3988 695 4040 llaec
708 3997 826 4040 sunt
848 3996 1141 4055 argumenta
1161 4003 1273 4054 qua:
1306 3996 1601 4042 mutuamur
1634 4006 1695 4042 ex
1720 3992 1840 4043 Pro-

301 4077 499 4129 thcoria
529 4078 843 4145 Synopseos.

369 4165 424 4217 ln
468 4165 574 4231 ipsa
604 4179 755 4231 porro
781 4164 997 4232 Synopsi
1034 4164 1130 4217 alia
1162 4165 1321 4217 multa
1352 4173 1500 4231 sunt,
1527 4181 1640 4233 qum
1671 4166 1838 4236 Chry-

296 4263 581 4305 sostomum
601 4254 712 4320 ejus
732 4267 846 4306 esse
866 4263 1125 4306 auctorem
1146 4256 1381 4321 probent.
1408 4255 1641 4323 Exempli
1660 4272 1833 4322 causa,

300 4340 451 4405 paulo
482 4350 595 4407 post
626 4341 823 4392 initium
864 4340 1126 4393 Ceneseos
1148 4382 1161 4401 ,
1196 4341 1281 4394 ubi
1308 4341 1468 4394 Cham
1499 4344 1718 4396 verenda
1748 4360 1836 4412 pa-

297 4430 389 4480 tris
414 4431 491 4482 sui
518 4432 774 4483 revelasse
802 4442 1037 4483 narratur
1056 4472 1068 4494 ,
1104 4432 1320 4500 ideoque
1345 4442 1395 4485 ct
1422 4432 1579 4486 Cham
1609 4445 1661 4487 et
1699 4435 1833 4487 filius

293 4522 407 4586 ejus
430 4521 671 4574 Chanaan
700 4523 1056 4576 maledicitur:
1098 4524 1207 4576 lucc
1230 4525 1295 4576 ibi
1322 4526 1561 4589 leguntur
1587 4544 1597 4576 ι
1636 4544 1653 4576 ι
1685 4528 1831 4580 Post-

293 4624 352 4660 ca
378 4624 499 4661 vero
525 4610 680 4663 Semo
706 4612 909 4678 quidem
934 4620 984 4664 et
1006 4612 1223 4679 Japheto
1250 4613 1543 4677 benedixit;
1574 4616 1832 4669 maledicit

291 4708 461 4748 autem
492 4696 822 4751 Chanaannm
845 4740 857 4761 ,
886 4702 1000 4767 quia
1025 4710 1167 4766 pater
1196 4701 1305 4767 ejus
1327 4701 1487 4754 Cham
1515 4705 1830 4757 revelari-rat

292 4787 574 4838 nuditatem
604 4790 782 4853 patris.
822 4790 1107 4842 Maledictio
1149 4799 1318 4842 autem
1351 4792 1431 4842 illa
1472 4803 1708 4844 eventmn
1739 4794 1827 4846 ha-

289 4875 401 4926 buit
430 4876 478 4926 in
517 4876 813 4928 Gabaonitis
839 4894 850 4938 ;
896 4879 995 4930 imo
1025 4880 1192 4945 potius
1231 4881 1401 4945 specie
1429 4881 1633 4947 quidem
1664 4886 1825 4935 male-

287 4966 445 5018 dictio
472 4975 610 5029 erat,
654 4967 743 5017 sed
784 4981 959 5019 revera
1002 4968 1287 5033 prophetia.
1327 4989 1342 5017 ι
1379 4970 1442 5021 Ει
1468 4969 1577 5022 hmo
1601 4980 1679 5024 est
1708 4988 1825 5023 sen-

288 5054 446 5105 tentia
477 5054 843 5121 Chrysostomo
888 5055 1122 5119 propria,
1154 5071 1304 5122 quam
1332 5056 1462 5121 apud
1494 5065 1710 5109 cmteros
1737 5074 1821 5107 ec-

282 5142 601 5194 clesiasticos
638 5142 924 5207 Scriptores
948 5157 1046 5191 non
1076 5144 1285 5194 memini
1313 5159 1392 5196 me
1418 5144 1607 5210 legere,
1639 5161 1823 5212 nempe

284 5230 701 5282 maledictinnem
723 5230 980 5282 Chanaani
1007 5230 1054 5280 in
1082 5230 1380 5283 Cabaonitis
1406 5233 1670 5299 impletam
1699 5234 1820 5286 fuis-

280 5333 357 5369 se.
393 5316 650 5383 lpsissima
674 5357 686 5379 ,
721 5317 920 5384 inquam
939 5357 952 5380 ,
982 5315 1033 5368 S.
1062 5316 1289 5369 doctoris
1320 5321 1573 5371 sententia
1595 5360 1609 5384 ,
1638 5322 1818 5373 iisdem

280 5414 332 5457 ut
364 5405 637 5470 plurimum
666 5404 837 5457 verbis
864 5419 1130 5471 expressa.
1176 5405 1258 5457 Sic
1289 5407 1423 5457 enim
1454 5407 1606 5459 habet
1636 5409 1684 5460 in
1716 5410 1818 5461 Isa-

279 5497 403 5550 iam.
432 5507 545 5559 cap.
573 5493 626 5554 2,
655 5509 704 5543 ν.
739 5494 1010 5559 l,bujusee
1032 5492 1175 5544 Tomi
1198 5493 1256 5542 Vl
1286 5495 1384 5546 col.
1416 5495 1482 5546 ‘28
1516 5512 1526 5545 :
1566 5514 1581 5544 ι
1606 5495 1655 5547 ld
1682 5498 1817 5563 rpiod

274 5583 431 5635 etiam
460 5583 510 5635 in
535 5582 819 5638 Chanaano
860 5583 1044 5637 factum
1085 5592 1179 5635 est.
1221 5582 1393 5650 Neque
1422 5587 1555 5637 cnim
1586 5586 1816 5641 videmus

1534 316 1844 372 DIATRIBA
1884 315 1946 369 IN
1984 315 2322 376 SYNOPSIN.

3420 333 3530 388 310

1974 429 2120 484 illum
2153 431 2425 486 servivisse
2465 433 2705 488 fratribus
2755 437 2891 495 suis.
2926 453 3092 506 neque
3120 439 3273 493 etiam
3301 438 3507 493 maledi-

1974 519 2196 572 ctionem
2215 522 2487 583 excidisse,
2502 524 2592 577 sed
2614 525 2660 576 in
2684 524 2983 578 Cabaottitis
3004 544 3065 580 ex
3087 529 3361 581 Chanaano
3383 530 3517 582 ortis

1976 608 2130 659 linem
2154 609 2434 675 accepisse.
2481 610 2607 663 Nam
2656 612 2702 663 id
2750 614 2885 680 quod
2935 615 3199 668 dicebatur
3246 616 3513 684 prophetia

1974 706 2104 761 erat,
2129 697 2501 752 maledictionis
2523 700 2682 754 forma
2702 703 2917 770 prolata.
2950 724 2967 756 ι
3004 705 3067 758 Ει
3097 707 3194 759 hoc
3224 708 3388 775 ipsum
3413 707 3519 760 alio

1972 782 2127 836 modo
2153 784 2274 837 dicit
2302 786 2431 839 infra
2458 788 2505 839 iu
2532 787 2753 857 Synopsi
2795 789 2965 843 Josure
2990 809 3001 843 :
3039 811 3053 841 ι
3093 792 3219 845 Cum
3245 810 3346 847 non
3379 810 3506 863 pos-

1972 882 2088 925 sent
2130 874 2373 928 Israelita:
2420 888 2629 944 pI'OlllCl'
2696 879 2813 932 data
2856 882 3143 947 juramcnta
3200 884 3512 940 Gabaonitas

1972 977 2269 1031 oppugnare
2292 1006 2305 1026 ,
2338 981 2515 1019 servos
2546 967 2683 1034 ipsos
2732 971 3138 1030 constituerunt.
3170 973 3413 1041 lignarios
3458 987 3513 1031 et

1970 1064 2116 1117 aqua:
2135 1052 2352 1120 bajulos.
2383 1055 2473 1107 llic
2501 1059 2693 1109 exitum
2726 1058 2876 1112 habet
2904 1061 3169 1126 prardictio
3187 1063 3324 1127 Noe,
3355 1082 3514 1133 quam

1970 1139 2134 1192 dixit:
2166 1143 2401 1195 Chanaan
2425 1160 2547 1211 puer
2577 1162 2741 1198 servus
2768 1164 2785 1198 :
2811 1162 2875 1200 ex
2919 1149 3005 1202 illo
3047 1165 3269 1219 namque
3316 1153 3366 1206 hi
3408 1152 3509 1208 orti

1970 1237 2134 1279 erant.
2172 1248 2189 1280 ›
2229 1230 2348 1283 llaec
2384 1246 2509 1286 sane
2530 1248 2632 1287 non
2665 1236 2804 1302 parvi
2829 1238 3076 1291 momenti
3100 1240 3302 1293 erudito
3328 1241 3507 1296 lectori

1969 1316 2277 1370 videbuntur
2320 1319 2385 1371 ad
2428 1335 2556 1384 Opus
2601 1322 2973 1392 Chrysostomo
3006 1326 3433 1394 adjudicandum.

2040 1406 2190 1457 Aliud
2219 1418 2602 1475 argumentum,
2632 1425 2726 1463 nec
2746 1427 2871 1465 sane
2898 1413 3086 1476 levius,
3114 1415 3308 1467 eruitur
3329 1431 3387 1467 cx
3416 1432 3506 1469 ea-

1967 1492 2084 1545 dem
2113 1493 2373 1548 cheseos
2402 1495 2621 1565 Synopsi
2649 1516 2660 1551 :
2693 1501 2908 1552 Assnmit
2938 1501 3104 1552 Thara
3133 1512 3269 1569 puter
3299 1505 3506 1557 Ain-alue

1966 1582 2096 1648 ﬁlios
2120 1599 2233 1636 suos
2257 1584 2501 1637 Abraham
2530 1596 2574 1639 et
2599 1586 2650 1638 Ν
2654 1588 2805 1641 αιΙιοι·
2829 1598 2872 1641 et
2892 1601 3113 1658 nepotem
3138 1607 3279 1643 suum
3307 1590 3399 1644 Lot
3419 1633 3434 1658 ,
3460 1603 3507 1646 et

1964 1672 2091 1723 venit
2117 1673 2167 1723 in
2194 1671 2437 1726 C/tarran.
2467 1675 2585 1727 llaac
2611 1684 2751 1729 certe
2779 1676 2933 1730 lectio
2961 1679 3134 1731 vitiata
3165 1678 3290 1741 fuit,
3321 1689 3374 1732 c'.
3402 1680 3503 1733 Na-

1962 1760 2090 1814 chor
2116 1772 2293 1813 contra
2318 1763 2469 1816 ﬁdem
2502 1772 2668 1817 textus
2707 1765 2943 1819 llebraiei
2969 1807 2981 1827 ,
3011 1768 3250 1821 editionis
3280 1769 3417 1822 LXX
3453 1780 3505 1824 et

1963 1848 2198 1914 vulgatm,
2218 1849 2265 1900 in
2289 1849 2421 1902 hunc
2445 1859 2636 1904 textum
2657 1853 2878 1919 irrepsit.
2898 1854 3038 1907 llanc
3056 1870 3208 1921 porro
3228 1856 3499 1909 lectionem

1963 1952 2214 2005 nusquam
2236 1939 2362 1990 alias
2385 1940 2575 2007 reperi,
2596 1942 2690 1993 uisi
2714 1942 2846 2010 apud
2877 1943 3324 2012 Chrysostomum,
3349 1961 3501 2013 quem

1963 2036 2157 2079 certum
2189 2037 2267 2079 est
2297 2029 2362 2079 ita
2395 2028 2577 2097 legisse
2608 2030 2655 2081 in
2683 2032 2965 2099 exemplari
2992 2048 3086 2085 suo
3113 2051 3125 2086 :
3157 2049 3275 2085 nam
3309 2033 3498 2087 lloutil.

1961 2115 2020 2168 31
2049 2115 2100 2168 in
2140 2115 2404 2181 Geucsim,
2428 2117 2529 2170 col.
2556 2118 2659 2171 282
2688 2119 2836 2172 Tom.
2858 2122 2891 2173 4
2917 2132 3106 2174 nostrm
3132 2121 3373 2175 editionis
3393 2163 3406 2185 ,
3430 2125 3503 2177 sic

1960 2204 2175 2273 legimus
2194 2205 2285 2257 :Et
2303 2207 2485 2273 accepit
2508 2206 2701 2259 Tharra
2722 2209 2900 2261 Abram
2920 2220 2964 2261 et
2988 2210 3036 2262 Ν
3042 2213 3194 2265 αεΙιον
3218 2214 3347 2278 [illos
3368 2229 3500 2276 suos,

1959 2304 2004 2345 et
2021 2294 2114 2344 Lot
2131 2295 2292 2360 ﬁlium
2314 2296 2472 2347 Arran
2492 2296 2584 2362 ﬁlii
2605 2299 2700 2349 sui.
2726 2298 2847 2352 lla-c
2876 2315 2998 2353 vero
3024 2301 3173 2354 lectio
3191 2304 3265 2354 sic
3286 2302 3502 2354 habetur

1960 2382 2009 2433 in
2038 2382 2277 2436 omnibus
2303 2384 2513 2436 omnino
2541 2399 2655 2437 cum
2687 2385 2852 2437 Editis
2893 2395 2998 2438 tum
3028 2389 3419 2456 manuscriptis,
3450 2399 3502 2443 et

1958 2471 2009 2521 in
2035 2470 2214 2523 eadem
2246 2470 2463 2523 llomilia
2494 2472 2643 2534 infra,
2676 2474 2777 2525 col.
2807 2475 2933 2537 285,
2964 2488 3100 2542 seq.,
3131 2476 3312 2529 eadem
3346 2478 3501 2530 lectio

1958 2557 2035 2609 bis
2072 2560 2321 2625 repetitur
2348 2577 2359 2611 :
2393 2560 2459 2611 ila
2488 2569 2540 2611 ut
2565 2560 2689 2612 nihil
2719 2561 2859 2614 dubii
2886 2563 3099 2616 subesse
3144 2566 3336 2632 possit,
3377 2567 3500 2634 quin

1959 2644 2041 2697 hic
2068 2646 2212 2699 locus
2235 2648 2307 2699 sic
2328 2662 2607 2715 expressus
2635 2650 2790 2703 fuerit
2816 2651 2865 2703 iu
2893 2654 3173 2719 exemplari
3205 2669 3306 2722 quo
3332 2656 3499 2724 Chry-

1956 2742 2215 2787 sostomus
2245 2737 2483 2790 utebatur
2508 2755 2519 2788 :
2552 2753 2655 2807 quo
2680 2754 2801 2792 usus
2830 2750 2906 2793 est
2932 2741 3085 2793 etiam
3104 2753 3282 2796 auctor
3300 2743 3501 2812 Synop.

1955 2836 2105 2886 seos,
2134 2824 2240 2877 sive
2268 2826 2376 2885 ipse
2406 2826 2836 2895 Chrysostomus,
2882 2839 2934 2882 ut
2957 2844 3017 2883 ex
3049 2830 3146 2885 hoc
3173 2840 3224 2883 et
3266 2848 3328 2884 ex
3367 2848 3499 2901 prte-

1953 2913 2255 2967 cedentibus
2296 2918 2610 2984 argumentis
2639 2918 2843 2984 probari
2879 2918 3103 2972 videtur.

2022 3002 2132 3056 Non
2157 3005 2409 3057 minorem
2449 3006 2859 3073 prmcedentibus
2886 3010 3240 3074 probationem
3268 3011 3496 3063 eruimus

1950 3108 2013 3146 ex
2040 3094 2258 3162 Synopsi
2281 3095 2660 3148 Deuteronomii
2679 3136 2694 3160 ,
2718 3098 2800 3149 ubi
2826 3097 3013 3149 dicitur
3038 3116 3049 3149 :
3080 3096 3176 3150 llic
3194 3101 3330 3167 jacet
3347 3100 3490 3163 illud,

1950 3182 2249 3237 Maledictus
2285 3186 2452 3239 omnis
2483 3186 2567 3255 qui
2600 3187 2786 3253 pendet
2815 3188 2865 3239 in
2895 3187 3050 3255 ligno.
3085 3189 3212 3251 Quia
3241 3206 3355 3258 ergo
3386 3207 3493 3241 ina-

1950 3272 2142 3324 ledictio
2168 3274 2359 3340 prolata
2400 3284 2502 3326 erat
2532 3275 2581 3326 in
2606 3290 2685 3327 eos
2721 3277 2804 3342 qui
2830 3292 2927 3327 non
2955 3277 3258 3329 observarent
3302 3278 3453 3346 legem
3476 3319 3490 3344 ,

1948 3362 2246 3415 Maledictus
2276 3364 2443 3414 omnis
2470 3364 2553 3430 qui
2585 3378 2685 3415 non
2714 3374 2888 3417 tuanet
2913 3365 2961 3416 in
3006 3366 3244 3417 omnibus
3287 3367 3492 3433 scriptis

1949 3449 1997 3500 in
2019 3448 2116 3501 hoc
2137 3449 2299 3502 libro:
2328 3450 2388 3501 de
2408 3450 2509 3518 lege
2536 3451 2747 3517 loquitur
2771 3451 2985 3519 Moyses,
3020 3468 3104 3503 nec
3133 3463 3318 3517 poterat
3348 3454 3491 3506 Clari-

1946 3549 2047 3591 stus
2072 3540 2122 3591 in
2146 3540 2272 3592 lianc
2297 3541 2542 3594 incurrere
2581 3542 2968 3594 ntalerlirtionem
2991 3557 3007 3593 :
3034 3543 3250 3609 implevit
3277 3560 3489 3607 namque

1948 3630 2119 3698 legem,
2150 3631 2536 3683 maledictionem
2560 3633 2899 3684 maledictione
2924 3635 3268 3698 commutavit,
3292 3650 3489 3700 suspen-

1945 3736 2029 3771 sus
2067 3721 2117 3773 in
2155 3721 2306 3788 ligno.
2349 3721 2457 3774 Hoc
2496 3722 2659 3789 ipsum
2708 3724 2938 3790 pluribus
2975 3724 3293 3776 emmtiatum
3330 3725 3487 3778 habes

1945 3810 2330 3863 Commentario
2357 3811 2407 3862 in
2436 3810 2716 3879 Epistolam
2745 3811 2807 3863 ad
2838 3811 3044 3865 Galatas
3067 3851 3080 3874 ,
3111 3813 3275 3880 capite
3301 3814 3365 3874 5,
3400 3814 3485 3866 ubi

1945 3912 2051 3949 rem
2091 3898 2317 3965 explicat
2338 3897 2444 3959 ille,
2465 3904 2536 3959 et,
2561 3912 2678 3964 quae
2701 3896 2787 3950 hic
2810 3897 3046 3951 breviter
3066 3900 3275 3961 extulit,
3308 3900 3485 3953 multis

1942 3985 2184 4052 explanat
2221 3987 2410 4037 verbis.
2453 3986 2518 4039 lis
2546 4000 2668 4039 vero
2712 3985 2997 4038 referendis
3036 3986 3298 4039 brevitatis
3325 4002 3482 4040 causa

1942 4073 2272 4139 supersedeo.
2297 4073 2396 4127 Sed
2419 4075 2703 4127 studiosum
2733 4075 2974 4126 lectorem
2999 4074 3175 4127 hortor
3195 4117 3207 4139 ,
3232 4084 3284 4127 ut
3309 4076 3479 4128 locum

1944 4163 2107 4228 ipsum
2137 4164 2318 4225 adeat,
2348 4175 2397 4217 et
2428 4180 2544 4217 meo
2583 4164 2813 4232 perirulo
2855 4164 2923 4216 ibi
2965 4164 3389 4231 Chrysostonunn
3418 4180 3476 4216 ca

1944 4250 2171 4316 pluribus
2214 4260 2541 4317 narrantem,
2585 4261 2636 4304 et
2680 4250 2915 4304 eumdem
2962 4253 3382 4321 Chrysostomum
3427 4252 3477 4305 in

1942 4338 2037 4391 hac
2067 4339 2283 4407 Synopsi
2313 4340 2576 4405 epitonien
2605 4355 2782 4393 eorum
2814 4339 3139 4393 exhibentem
3171 4343 3472 4406 comperict.

2008 4430 2201 4480 Auctor
2224 4430 2303 4480 hic
2327 4440 2499 4481 uoster
2526 4429 2926 4497 Chrysostomus
2952 4430 3139 4494 passim
3162 4443 3276 4480 cum
3305 4428 3475 4481 Judaa-

1938 4517 1999 4579 is,
2024 4533 2239 4583 quorum
2268 4534 2480 4584 magnus
2508 4517 2791 4569 Antiochia:
2820 4532 3064 4569 numerus
3091 4527 3232 4581 erat,
3255 4533 3473 4571 concer-

1937 4615 2028 4658 tat.
2054 4607 2179 4659 Illud
2207 4609 2368 4671 ipsum
2395 4607 2441 4657 in
2469 4606 2563 4658 hac
2585 4605 2806 4674 Synopsi
2835 4604 3127 4672 frequenter
3148 4606 3470 4671 observatur,

1935 4693 2058 4745 nihil
2087 4693 2323 4746 obstante
2350 4693 2597 4745 brevitate
2618 4732 2631 4755 ,
2663 4707 2815 4759 quam
2844 4692 2921 4744 vel
2949 4708 3014 4744 ex
3050 4694 3160 4760 ipso
3187 4708 3280 4747 suo
3308 4697 3473 4745 nornio

1934 4799 1996 4834 nc
2017 4784 2265 4850 Synnpsis
2286 4784 2459 4849 exigit.
2484 4782 2771 4849 Aliquando
2793 4783 2945 4833 etiam
2969 4784 3079 4835 loca
3108 4784 3298 4836 indicat
3318 4825 3329 4844 ,
3355 4800 3469 4851 qua:

1932 4873 2129 4939 possint
2156 4886 2330 4923 contra
2372 4872 2577 4923 Judzeos
2614 4871 2846 4936 usurpari
2867 4910 2880 4933 ,
2915 4878 2971 4921 ut
3001 4870 3050 4921 in
3077 4871 3296 4939 Synopsi
3322 4872 3467 4925 lere-

1931 4961 2046 5013 mite
2068 4961 2178 5014 sie:
2217 4980 2231 5008 ι
2280 4961 2341 5012 Et
2367 4963 2405 5011 si
2434 4960 2620 5011 malum
2646 4960 2857 5011 iecerint
2877 4998 2889 5019 ,
2921 4974 3022 5009 non
3052 4958 3232 5010 iaciam
3262 4974 3357 5026 ego
3380 4962 3469 5013 ho-

1930 5067 1991 5101 na
2040 5066 2154 5117 qua:
2197 5050 2436 5116 loquutus
2482 5064 2594 5101 sum
2637 5056 2691 5099 ut
2729 5048 2948 5099 facerem
2989 5047 3104 5099 illis.
3138 5046 3245 5099 Hoc
3290 5058 3464 5101 autem

1928 5149 2081 5205 caput
2101 5149 2277 5191 contra
2297 5139 2503 5191 JUd-I‘OS
2524 5138 2647 5189 utile
2669 5138 2767 5188 erit
2787 5176 2800 5199 ,
2824 5152 2939 5188 cum
2964 5136 3166 5199 dicent,
3193 5138 3462 5189 Dominum

1928 5230 2050 5293 ipsis
2078 5230 2209 5281 bona
2239 5229 2552 5295 promisisse.
2581 5227 2707 5279 Cum
2734 5228 2870 5279 enim
2898 5240 2999 5281 non
3022 5225 3334 5278 crediderint
3362 5226 3466 5277 Do-

1927 5319 2067 5369 mino
2098 5328 2275 5368 nostro
2302 5318 2420 5367 Jesu
2452 5316 2657 5367 Christo
2681 5354 2695 5375 ,
2732 5315 2825 5377 ipsi
2859 5314 2954 5365 sibi
2989 5315 3110 5380 ipsis
3136 5330 3289 5367 causa
3320 5314 3463 5369 luere

1926 5408 2253 5473 pl‘mscnlititn
2296 5407 2566 5458 malorum.
2609 5422 2620 5453 l

1992 5495 2343 5561 Chrysostomi
2382 5508 2567 5559 seopus
2594 5502 2668 5545 est
2710 5491 2886 5544 multis
2912 5492 2963 5543 in
3004 5492 3127 5543 locis
3152 5533 3162 5553 ,
3192 5502 3244 5545 et
3270 5494 3462 5549 Iudaeis

1922 5597 1971 5639 ct
2002 5584 2303 5640 Christianis
2341 5583 2592 5650 probare,
2638 5590 2895 5650 prlecepta
2938 5580 3232 5647 hujusmodi
3279 5584 3465 5652 lcgalia
