4138 6306
712 327 815 382 311

719 433 820 472 non
860 417 1017 471 fuisse
1043 424 1180 470 tanta
1207 416 1454 484 religione
1483 415 1753 469 servanda.
1784 414 1914 481 Quin
1943 417 2097 468 etiam
2126 429 2247 466 sau-

721 517 828 560 ctos
856 506 995 560 viros
1023 505 1073 557 in
1107 505 1275 559 Veteri
1304 504 1636 558 Testamento
1668 504 1750 555 illa
1780 502 1932 556 facile
1959 512 2248 570 transgres-

719 610 802 647 sos
833 609 976 658 esse,
1018 594 1259 662 quoniam
1290 607 1349 646 ea
1371 633 1385 657 ,
1417 608 1531 660 qua:
1558 592 1620 645 ad
1652 592 1802 645 ritum
1832 591 2128 660 cultumque
2156 605 2249 644 ex-

714 683 966 741 teriorem
996 683 1342 750 pertinebant,
1362 695 1465 734 non
1491 695 1607 735 esse
1649 681 1770 733 tauti
1799 680 2065 739 momenti,
2090 689 2143 732 et
2169 678 2247 731 fa-

712 774 815 826 cile
835 787 983 839 posse
996 772 1318 840 prmtermitti
1337 772 1566 839 putabat.
1583 771 1667 824 Sic
1692 772 1740 822 in
1756 771 1936 823 Isaiam
1954 785 2127 837 supra,
2145 770 2246 823 col.

720 861 784 914 19
811 866 827 930 (
854 877 880 912 a
899 860 1093 914 Gmcis
1117 861 1399 914 referendis
1426 861 1690 914 brevitatis
1711 874 1865 912 causa
1891 859 2203 927 supersedeo
2231 857 2250 923 )

724 952 978 1019 legimus:
1009 949 1312 1003 Ilolocausta
1351 951 1557 1003 arietum
1599 960 1644 1003 et
1686 950 1880 1015 adipem
1926 964 2166 1017 agnorunt
2205 957 2251 1000 et

717 1041 1005 1108 sanguinem
1045 1050 1298 1092 taurorum
1338 1048 1382 1090 et
1433 1039 1679 1090 hircorum
1720 1037 1851 1089 nolo.
1897 1036 1948 1088 In
1987 1037 2096 1088 haec
2128 1049 2250 1088 ver-

719 1127 782 1179 ba
819 1124 1218 1195 Chrysostomus
1248 1127 1314 1180 ita
1354 1125 1616 1194 loquitur:
1664 1143 1682 1176 ‹
1715 1124 1842 1177 Nam
1871 1125 1989 1190 quia
2027 1123 2250 1176 accusati

719 1215 1016 1284 frequenter
1036 1256 1050 1280 ,
1074 1215 1211 1284 quod
1234 1215 1436 1269 caeteris
1461 1212 1735 1267 virtutibus
1757 1213 1905 1266 vacui
1929 1220 2129 1275 essent,
2158 1226 2251 1279 pro

717 1306 941 1359 maxima
994 1305 1293 1359 defensione
1337 1303 1585 1356 sacriﬁcia
1624 1300 2001 1363 obtendebant,
2044 1308 2100 1352 nt
2137 1314 2252 1368 qua

717 1397 1015 1464 frequenter
1055 1395 1446 1462 persolveliant,
1495 1393 1682 1446 merito
1708 1402 1922 1458 uterque
1961 1390 2210 1458 prepheta
2234 1429 2250 1454 ,

719 1483 822 1535 imo
851 1483 1018 1550 potius
1044 1483 1215 1535 ceteri
1253 1495 1436 1534 omnes
1458 1481 1523 1534 ab
1563 1479 1657 1532 hac
1697 1479 1993 1532 defensioue
2021 1477 2135 1530 illos
2160 1491 2251 1531 ex-

718 1572 946 1624 turbant.
978 1570 1127 1626 Uude
1155 1571 1362 1639 planum
1389 1578 1468 1624 est
1493 1583 1552 1622 ea
1579 1582 1684 1623 non
1708 1581 1823 1620 esse
1853 1581 1946 1634 per
1973 1580 2028 1618 se
2066 1565 2252 1633 ρι’ωοί-

721 1677 819 1729 pue
847 1663 1123 1715 constituta
1143 1701 1157 1726 ,
1182 1659 1272 1713 sed
1299 1667 1352 1710 ut
1376 1658 1439 1711 ad
1469 1667 1663 1710 rectum
1691 1657 1808 1708 vita:
1839 1656 2125 1707 institutum
2152 1668 2255 1706 caa-

721 1760 960 1818 terasque
996 1750 1210 1803 virtutes
1239 1748 1354 1801 illos
1383 1746 1718 1799 deducerent.
1753 1763 1769 1793 ι
1807 1744 2136 1808 Expositione
2164 1755 2254 1794 au-

721 1849 824 1891 tem
855 1841 906 1891 in
935 1838 1185 1906 psalmum
1213 1837 1300 1902 43,
1333 1837 1478 1888 Τοηι.
1509 1835 1569 1897 V,
1592 1833 1691 1887 col.
1724 1833 1820 1886 167
1848 1849 1977 1898 sqq,
2010 1839 2147 1882 totus
2175 1837 2254 1881 est

719 1942 780 1979 ea
808 1927 858 1979 in
886 1941 942 1978 re
968 1926 1249 1993 probanda,
1268 1924 1492 1990 dicitque
1515 1929 1823 1989 prmecptutn
1852 1921 1915 1972 de
1942 1919 2154 1970 sabbato
2171 1932 2254 1970 so-

720 2017 883 2068 lutum
906 2015 1081 2079 fuisse,
1099 2030 1216 2068 cum
1232 2013 1450 2083 populus
1474 2027 1564 2080 per
1583 2020 1776 2079 septem
1793 2009 1901 2063 dies
1915 2017 2143 2062 armatus
2159 2008 2255 2060 sub

719 2103 876 2156 Josue
901 2103 1027 2165 fuit;
1057 2116 1173 2154 nam
1196 2110 1394 2168 septem
1422 2099 1652 2153 continui
1681 2098 1791 2151 dies
1821 2096 2114 2150 necessario
2139 2095 2254 2148 sab-

722 2192 900 2245 batum
931 2190 1214 2244 includunt.
1244 2189 1364 2242 Haec
1391 2188 1672 2256 smpissime
1693 2186 1927 2239 decantat
1946 2184 2255 2254 Chrysosto-

726 2295 861 2332 mus.
899 2278 951 2331 In
986 2278 1210 2348 Synopsi
1251 2285 1420 2329 autem
1452 2276 1566 2327 libri
1598 2275 1751 2328 .losue
1781 2275 1906 2326 infra
1937 2273 2011 2326 sic
2037 2271 2257 2325 dilucide

724 2368 954 2436 loquitur
979 2385 991 2420 :
1017 2366 1192 2421 «τυηο
1212 2365 1362 2419 Jesus
1390 2365 1567 2418 cultris
1595 2363 1805 2430 lapideis
1822 2361 2141 2414 circumcidit
2167 2359 2256 2413 Ju-

721 2459 897 2510 daeos:
929 2455 1047 2524 quia
1068 2455 1396 2524 quadraginta
1421 2453 1567 2505 annis
1590 2461 1821 2505 versatus
1841 2449 2006 2503 fuerat
2027 2449 2183 2503 Israel
2206 2450 2256 2502 in

725 2551 932 2602 deserto
959 2564 970 2598 :
1005 2547 1221 2613 ideoque
1265 2543 1412 2595 multi
1458 2557 1636 2595 eorum
1662 2541 1966 2593 bellatorum
1989 2582 2002 2602 ,
2033 2539 2118 2606 qui
2161 2537 2258 2590 0b-

721 2630 1294 2696 ierant,incircumcisi
1312 2624 1601 2681 erant.Pro
1621 2628 1716 2679 illis
1741 2626 2003 2680 substituit
2031 2626 2166 2679 Deus
2194 2625 2252 2676 li-

724 2722 820 2774 lios
847 2735 1024 2773 eorum
1045 2759 1058 2783 ,
1092 2733 1220 2786 quos
1246 2717 1396 2770 Jcsus
1420 2715 1741 2768 circumcidit
1764 2731 1775 2766 :
1807 2715 1942 2783 quod
1971 2714 2066 2781 ipsi
2097 2714 2256 2767 incir-

725 2812 938 2866 cutncisi
967 2809 1341 2862 mansissentiu
1361 2807 1459 2858 via.
1486 2806 1629 2858 Tune
1659 2803 1778 2857 fecit
1804 2804 1997 2856 Pascha
2027 2813 2149 2856 :eta
2173 2804 2256 2856 die

722 2917 822 2969 qua
839 2898 1174 2953 comederunt
1187 2910 1364 2965 azyma
1380 2911 1442 2949 ex
1462 2894 1715 2947 frumento
1733 2900 1881 2945 terra:
1900 2892 2052 2956 illius,
2071 2891 2254 2945 defecit

723 3003 929 3043 manna.
953 2987 1166 3041 Jubetur
1184 2973 1336 3039 Jcsus
1359 2985 1557 3037 solvere
1577 2982 1981 3035 calceamcututn
2005 2995 2177 3044 suum,
2203 2988 2256 3033 et

723 3079 942 3134 circuire
965 3077 1173 3131 Jericho
1197 3091 1313 3128 cum
1333 3074 1466 3128 tubis
1478 3081 1660 3126 etarca
1681 3079 1879 3139 septem
1909 3071 2090 3124 diebus
2113 3087 2124 3121 :
2154 3086 2256 3138 quo

721 3175 932 3231 peracto
953 3180 1044 3234 per
1070 3179 1126 3216 se
1154 3163 1283 3216 muri
1303 3161 1620 3215 ceciderunt.
1647 3159 1966 3212 Manifestum
1995 3159 2162 3225 itaque
2177 3168 2259 3210 est

717 3257 824 3326 jam
848 3265 966 3306 tunc
991 3261 1214 3318 C(Bpltltll
1243 3264 1357 3303 esse
1383 3249 1516 3300 solvi
1554 3248 1824 3299 sabbatum
1850 3263 1864 3296 :
1896 3245 2255 3312 undecumque

722 3344 921 3399 initiutn
936 3341 1058 3408 quis
1075 3342 1266 3401 ducat,
1296 3349 1506 3389 necesse
1541 3345 1621 3388 est
1657 3334 1924 3387 sabbatum
1955 3332 2183 3386 incidere
2205 3333 2255 3383 in

722 3445 920 3503 septem
962 3434 1076 3485 illos
1099 3433 1227 3485 dies.
1269 3450 1286 3482 ι
1319 3427 1506 3484 Statuit
1535 3440 1657 3493 ergo
1680 3424 2077 3493 Chrysostomus
2125 3437 2257 3490 pra:-

724 3532 870 3590 cepta
893 3521 976 3573 illa
1001 3521 1064 3573 ad
1089 3520 1397 3572 exteriorem
1420 3518 1612 3572 cultum
1637 3513 1943 3584 pertinentia
1964 3553 1976 3574 ,
2004 3527 2103 3564 non
2131 3511 2254 3563 fuis-

724 3625 780 3663 se
807 3611 886 3662 vel
911 3624 938 3661 a
973 3609 1164 3661 sanctis
1193 3608 1312 3659 viris
1344 3614 1480 3658 tanta
1519 3606 1767 3673 religione
1807 3610 2043 3664 servata,
2074 3608 2129 3652 ut
2155 3600 2257 3652 cir-

725 3699 971 3753 cumcisio
999 3708 1052 3752 et
1078 3697 1364 3750 sabbatum.
1392 3694 1446 3746 In
1468 3697 1556 3748 his
1577 3695 1750 3762 utique
1778 3709 1879 3746 non
1918 3695 2073 3746 aliuut
2101 3704 2252 3760 quam

724 3791 1145 3859 ChrySOs-tomum
1187 3801 1465 3856 agnoscere
1493 3800 1701 3853 possum
1725 3801 1737 3848 ;
1766 3784 1888 3853 quid
1917 3799 2039 3837 vero
2065 3784 2107 3836 si
2136 3795 2253 3838 cum

723 3889 801 3931 tot
827 3880 941 3930 aliis
969 3877 1282 3946 argumentis
1312 3876 1407 3928 hoc
1430 3877 1583 3928 etiam
1626 3874 1911 3941 adjungas‘!
1957 3873 2091 3925 Alibi
2118 3887 2249 3940 qun-

722 3982 825 4033 que
855 3967 902 4018 iu
920 3967 1020 4018 hac
1041 3962 1269 4033 Synopsi
1289 3964 1397 4016 loca
1420 3963 1647 4030 reperias
1665 4001 1679 4025 ,
1704 3961 1786 4014 ubi
1810 3961 2029 4028 scriptor
2048 3974 2107 4014 se
2133 3975 2250 4014 cum

720 4055 912 4108 Judaeis
940 4067 1077 4119 s:rpe
1106 4066 1312 4104 manum
1343 4065 1617 4104 conserere
1644 4050 1950 4103 subindicat.

793 4144 984 4196 Pratter
1014 4143 1121 4194 haec
1147 4148 1446 4208 argumenta
1467 4178 1479 4200 ,
1508 4155 1623 4208 quae
1649 4154 1771 4191 sane
1797 4139 2107 4191 validissima
2138 4153 2253 4192 esse

724 4248 876 4285 nemo
901 4248 928 4283 a
957 4231 1283 4299 pratjudicata
1323 4229 1566 4297 opinione
1594 4228 1724 4280 liber
1750 4241 1850 4279 non
1877 4227 2123 4289 fateatur,
2152 4228 2251 4280 alia

725 4321 860 4373 forte
887 4319 1081 4371 minora
1101 4357 1115 4380 ,
1144 4319 1234 4370 sed
1259 4332 1371 4385 quae
1396 4317 1462 4370 ob
1500 4315 1835 4383 frequentiam
1857 4355 1870 4379 ,
1899 4324 1949 4366 et
1977 4316 2244 4382 repetitam

726 4409 966 4476 loquendi
1012 4407 1360 4476 probandique
1402 4406 1788 4459 similitudinem
1822 4419 1913 4472 pro
1941 4405 2252 4473 Chrysosto-

728 4513 812 4549 mo
845 4506 1100 4564 pugnent,
1134 4496 1215 4548 hic
1239 4509 1519 4562 congerere
1545 4495 1748 4546 animus
1772 4504 1870 4546 est.
1910 4492 2055 4544 Initio
2083 4493 2252 4560 Syno-

727 4587 832 4651 p‘is
858 4586 1117 4639 Geneseos
1145 4584 1296 4647 dicit,
1327 4583 1458 4636 ﬁlios
1485 4583 1574 4636 Dei
1601 4582 1651 4635 in
1677 4581 1863 4636 Genesi
1893 4582 1992 4634 dici
2018 4596 2137 4645 eos,
2166 4583 2250 4649 qui

725 4691 752 4725 a
782 4675 941 4728 Setho
966 4677 1063 4727 orti
1091 4682 1270 4737 erant,
1298 4684 1351 4727 et
1371 4674 1505 4726 hunc
1531 4673 1698 4726 locum
1729 4673 1913 4726 Psalmi
1938 4673 2112 4734 affert,
2147 4670 2254 4739 Ego

724 4763 858 4821 dixi,
889 4764 956 4815 dii
984 4764 1114 4815 estis.
1146 4762 1366 4829 Idipsum
1393 4776 1517 4814 vero
1542 4761 1769 4828 pluribus
1793 4760 1914 4812 dicit
1946 4759 2164 4812 llomilia
2187 4758 2256 4810 22

725 4851 776 4903 in
807 4849 1080 4914 Genesim,
1113 4852 1264 4903 allato
1294 4849 1474 4903 eodem
1521 4848 1710 4900 Psalmi
1756 4847 1886 4899 loco.
1933 4846 2007 4898 Ex
2052 4846 2254 4898 chcro

727 4936 1028 4988 Ilchraicam
1059 4937 1278 5003 linguam
1307 4951 1490 4989 nomen
1522 4935 1779 5001 accepisse
1806 4935 1930 4986 dicit
1957 4933 2039 4985 hic
2071 4933 2253 4986 eodem

728 5026 834 5076 fere
857 5022 1025 5084 modo,
1047 5038 1148 5089 quo
1181 5024 1227 5074 in
1255 5024 1518 5085 Genesim,
1544 5022 1689 5074 Tom.
1715 5022 1800 5084 IV,
1833 5023 1933 5073 col.
1962 5022 2082 5074 279.
2109 5021 2254 5086 Quod

728 5111 789 5162 ad
808 5110 1027 5163 decimas
1040 5116 1234 5176 speetat
1250 5126 1375 5177 quas
1391 5111 1572 5164 obtulit
1588 5109 1842 5162 Abraham
1861 5108 2252 5171 Melchisedeco,

730 5202 908 5252 eadem
941 5198 1139 5251 brevius
1166 5198 1249 5253 bic
1277 5198 1400 5249 dicit
1428 5215 1543 5266 qua:
1573 5201 1622 5252 in
1659 5198 2044 5250 Commentario
2080 5198 2130 5249 in
2157 5197 2257 5250 Ce-

733 5286 893 5338 nesim
915 5325 930 5350 ,
957 5286 1058 5339 col.
1081 5286 1197 5347 527,
1221 5285 1339 5346 528,
1369 5285 1550 5337 eodem
1579 5286 1734 5338 allato
1761 5286 1818 5337 Β.
1851 5285 1991 5337 Pauli
2023 5284 2153 5335 loco.
2187 5284 2256 5335 De

731 5377 931 5429 filiabus
949 5375 1046 5428 Lot
1068 5375 1198 5428 idem
1221 5374 1301 5426 hic
1321 5374 1647 5440 paucioribus
1675 5373 1796 5426 dicit
1822 5414 1835 5437 ,
1865 5372 1998 5439 quod
2027 5372 2256 5438 pluribus

726 5476 907 5521 narrat
933 5468 984 5520 iu
1013 5463 1250 5517 Genesim
1275 5501 1287 5524 ,
1317 5461 1414 5514 col.
1462 5459 1716 5512 410-412.
1762 5459 1882 5512 Item
1911 5460 1975 5512 de
2004 5459 2255 5510 sacrificio

727 5553 946 5609 Abrahae
977 5551 1284 5613 compendio
1308 5557 1482 5605 narrat
1511 5563 1568 5603 ea
1591 5589 1604 5614 ,
1634 5563 1747 5615 qua:
1787 5547 1895 5601 fuse
1939 5546 2160 5614 explicat
2204 5544 2250 5595 in

1886 299 2194 357 I)I.-\TI{IB.\
2237 298 2299 351 IN
2338 297 2684 355 SYNOPSIN.

3796 315 3909 368 312

2355 410 2617 477 Gcncsim,
2653 413 2755 465 col.
2784 413 2904 466 651.
2944 412 3251 481 Alli-goriam
3293 412 3356 465 de
3402 411 3669 465 Natalihus
3701 409 3899 463 Phares

2354 510 2407 554 et
2433 501 2574 553 Zarze
2597 501 2775 553 eodem
2801 501 2954 554 modo
2977 500 3058 554 hic
3078 502 3298 566 explicat
3317 510 3472 566 atque
3504 497 3900 552 Commentario

2354 591 2404 641 iu
2453 590 2710 652 Genesim,
2767 589 2864 642 col.
2918 589 3056 653 554,
3108 589 3232 643 555.
3280 588 3332 640 Id
3374 587 3510 655 quod
3558 587 3699 639 circa
3742 586 3896 639 ﬁnem

2355 685 2601 755 Synopsis
2622 687 2885 740 Gencseos
2911 684 3034 737 dicit
3059 681 3301 736 Sicimam
3332 696 3360 732 a
3392 682 3654 746 Symeone
3691 687 3743 732 ct
3776 678 3896 730 Levi

2353 782 2552 841 captam
2575 774 2731 827 fuisse
2750 815 2764 838 ,
2793 775 3012 840 idipsum
3051 779 3225 823 narrat
3264 769 3498 836 pluribus
3526 769 3718 820 llomil.
3750 767 3819 820 59
3847 768 3895 818 in

2352 858 2613 920 Gen.,col.
2645 860 2765 924 516,
2806 861 2925 913 517.
2957 861 3077 914 Ilmc
3104 875 3258 928 porro
3279 860 3431 913 lectio
3459 859 3642 926 capitis
3669 857 3736 910 49
3758 898 3772 920 ,
3813 856 3895 921 l0,

2352 963 2467 1016 qua:
2493 950 2543 1001 in
2571 947 2788 1019 Synopsi
2817 950 2891 1003 sic
2918 951 3108 1015 habet,
3135 951 3286 1002 donec
3314 951 3472 1001 veniat
3511 949 3552 1000 is
3592 948 3672 999 cui
3698 945 3895 1011 reposi-

2353 1046 2455 1090 tum
2474 1047 2572 1101 est,
2603 1053 2808 1105 semper
2835 1039 2909 1092 sic
2932 1038 3143 1092 effertur
3170 1053 3196 1089 a
3223 1039 3632 1105 Chrysostomo;
3661 1035 3750 1085 alii
3775 1047 3899 1085 vero

2352 1129 2630 1195 scriptores
2651 1128 2876 1180 variant:
2903 1142 3018 1180 nam
3041 1126 3247 1194 quidam
3267 1127 3362 1177 hoc
3379 1127 3490 1192 ipso
3508 1123 3662 1176 modo
3687 1123 3896 1189 legunt;

2353 1218 2440 1270 alii
2460 1232 2601 1280 vero,
2620 1219 2772 1269 donec
2789 1217 2979 1269 veniant
3002 1232 3110 1285 quae
3131 1216 3206 1267 illi
3221 1216 3434 1282 reposita
3458 1221 3588 1265 sunt.
3610 1212 3664 1264 In
3689 1210 3895 1269 Exodo,

2353 1306 2489 1373 quod
2514 1304 2700 1358 dicitur
2723 1305 2772 1357 in
2800 1303 3041 1374 Synopsi,
3061 1317 3243 1356 manus
3259 1303 3449 1372 Moysis
3479 1311 3724 1354 extensas
3741 1341 3756 1362 ,
3783 1314 3899 1366 quze

2355 1394 2618 1446 victoriam
2663 1392 2908 1447 lsraelitis
2933 1400 3262 1460 pepererunt,
3285 1391 3500 1458 ﬁguram
3521 1389 3694 1441 crucis
3716 1388 3896 1450 fuisse,

2358 1481 2454 1535 hoc
2474 1483 2637 1549 ipsum
2669 1483 2824 1535 refert
2847 1480 3268 1548 Cbrysostomus,
3301 1478 3491 1531 Homil.
3523 1478 3573 1529 in
3593 1476 3721 1529 illud
3749 1493 3763 1527 :
3797 1475 3900 1528 Pa-

2357 1582 2456 1634 ter,
2483 1572 2525 1624 si
2555 1572 2781 1640 possibile
2807 1580 2908 1635 est,
2945 1569 3094 1622 Tom.
3136 1568 3219 1632 III,
3247 1568 3348 1620 col.
3370 1566 3455 1620 36.

2425 1659 2570 1712 Dicet
2595 1658 2814 1712 fortasse
2851 1658 3107 1725 quispiam
3141 1675 3155 1711 :
3186 1656 3242 1709 Si
3267 1655 3379 1709 hac
3419 1653 3672 1724 Synopsis
3708 1653 3898 1721 genui-

2357 1763 2478 1800 num
2503 1748 2571 1801 sit
2592 1747 2950 1817 Chrysostomi
2977 1761 3128 1814 opus,
3160 1759 3251 1798 cur
3276 1759 3304 1795 a
3337 1744 3566 1807 nemine,
3607 1743 3748 1811 quod
3781 1743 3901 1809 qni-

2355 1838 2474 1891 dem
2517 1839 2776 1901 sciamus,
2827 1844 3111 1890 memorata
3170 1835 3280 1888 est?
3323 1849 3418 1887 cur
3465 1842 3662 1886 tantum
3703 1832 3771 1885 de
3813 1833 3902 1883 illo

2356 1942 2512 1995 opere
2562 1926 2696 1993 apud
2743 1940 2926 1978 omnes
2969 1923 3362 1977 Ecclesiasticos
3407 1923 3691 1989 scriptores
3737 1923 3900 1974 silen-

2359 2015 2518 2067 tium?
2551 2015 2738 2067 Verum
2773 2028 2873 2064 non
2903 2023 2982 2066 est
3001 2012 3137 2080 quod
3164 2022 3373 2080 stupeas
3395 2012 3460 2064 de
3487 2021 3632 2062 tanto
3658 2011 3898 2069 silentio,

2357 2104 2561 2173 quando
2586 2119 2650 2157 ne
2687 2103 2937 2156 decimam
2981 2101 3188 2170 quidem
3225 2109 3421 2168 partem
3470 2115 3687 2168 Operum
3731 2101 3902 2169 Chry-

2357 2193 2593 2255 sostomi,
2624 2207 2737 2259 quae
2771 2205 2905 2244 nunc
2933 2199 3153 2254 exstant,
3176 2205 3203 2240 a
3223 2190 3408 2242 Photio
3434 2191 3743 2255 cmteriSque
3773 2191 3901 2242 scti-

2359 2279 2594 2347 ptoribus
2623 2287 2960 2331 memoratam
2982 2279 3361 2344 comperimus;
3385 2277 3448 2329 de
3474 2277 3554 2328 his
3580 2286 3757 2330 autem
3780 2291 3900 2344 ope-

2358 2368 2498 2421 ribus
2523 2368 2851 2435 loquor,qu:n
2880 2381 3118 2435 germana
3148 2381 3263 2420 esse
3291 2366 3425 2435 apud
3452 2366 3688 2419 eruditos
3714 2381 3900 2419 omnes

2358 2457 2410 2509 in
2437 2457 2674 2511 confesso
2719 2466 2816 2509 est.
2846 2456 3023 2524 Neque
3056 2465 3137 2510 est
3159 2456 3295 2522 quod
3347 2456 3598 2508 miremur
3640 2456 3742 2508 hoc
3768 2472 3898 2524 Opus

2358 2546 2488 2598 adeo
2517 2547 2804 2613 neglectum
2841 2544 3017 2609 fuisse,
3051 2556 3105 2597 ut
3129 2545 3239 2612 ejus
3273 2559 3392 2611 pars
3421 2546 3646 2597 maxima
3693 2545 3901 2598 excide-

2357 2635 2452 2696 rit,
2503 2650 2566 2687 ex
2611 2634 2780 2688 Veteri
2825 2649 3009 2701 nempe
3052 2634 3383 2687 Testamento
3430 2634 3669 2700 quaedam
3716 2645 3770 2688 et
3815 2637 3899 2688 illa

2360 2725 2532 2777 Omnia
2563 2739 2675 2791 qua:
2701 2725 2764 2776 ad
2789 2724 2986 2777 Novum
3018 2723 3683 2792 pertinebant.llujusmodi
3706 2725 3900 2794 qttip;:e

2357 2815 2559 2880 generis
2580 2815 2768 2881 scripta
2785 2812 2948 2867 Grtnci
2974 2813 3249 2866 admodum
3267 2812 3617 2879 negligcbaut,
3656 2812 3898 2867 bomilias

2359 2914 2486 2952 vero
2515 2911 2619 2952 tum
2651 2915 2816 2965 veras,
2842 2909 2945 2953 tum
2975 2903 3193 2968 spurius,
3214 2901 3548 2953 libentissime
3575 2903 3897 2955 scribebant.

2356 2988 2482 3041 Nam
2533 3000 2802 3057 utrumque
2843 2990 3228 3043 Testamentum
3275 2989 3400 3041 sica
3427 2989 3801 3058 Chrysostomo
3843 2993 3898 3046 in

2357 3079 2715 3145 compendium
2763 3079 3026 3133 redactum
3065 3078 3223 3133 fuisse
3259 3080 3408 3134 docet
3435 3080 3740 3133 Pretheoria
3783 3081 3896 3145 illa,

2357 3181 2509 3233 quam
2541 3167 2679 3219 solus
2703 3165 2856 3219 habet
2885 3165 3056 3220 Codex
3086 3168 3442 3222 Coislinianus.
3481 3171 3534 3224 Si
3557 3170 3688 3223 Novi
3713 3169 3900 3222 Testa-

2358 3256 2518 3306 menti
2544 3255 2793 3322 Synopsis
2834 3267 3146 3322 superesset,
3182 3260 3337 3311 multa
3365 3259 3498 3313 haud
3529 3260 3686 3313 dubie
3708 3259 3898 3326 deprec

2357 3341 2720 3404 heuderemus,
2756 3359 2870 3410 qttrc
2894 3344 3080 3396 Joanni
3123 3346 3499 3413 Chrysostomo
3539 3357 3702 3398 totam
3728 3348 3897 3416 Syno-

2355 3433 2469 3500 psin
2498 3442 2809 3484 asserereut.
2856 3432 2982 3484 Nam
3004 3443 3244 3500 quantam
3277 3444 3426 3502 putas
3451 3435 3770 3502 diligentiam
3803 3435 3897 3487 ad-

2358 3519 2586 3572 hibuisse
2635 3521 2774 3571 illum
2819 3519 2869 3571 in
2917 3522 3214 3584 tractandis,
3250 3532 3404 3590 atque
3446 3525 3496 3575 in
3525 3524 3894 3590 compendium

2358 3607 2651 3674 redigendis
2683 3608 2740 3660 Β.
2774 3608 2917 3660 Pauli
2961 3609 3232 3675 Epistolis?
3273 3613 3434 3674 Quam
3465 3612 3747 3680 Scriptura:
3777 3628 3898 3680 par-

2360 3706 2461 3752 tem
2486 3709 2535 3751 et
2565 3698 2878 3766 frequentius
2916 3699 3166 3762 adhibuit,
3193 3710 3238 3753 et
3269 3702 3415 3768 quasi
3446 3704 3759 3770 praecipuam
3778 3704 3896 3755 ubi-

2356 3802 2457 3856 que
2485 3789 2793 3850 celebravit;
2821 3789 2863 3839 si
2893 3797 3060 3840 tamen
3091 3789 3212 3856 quid
3245 3790 3559 3856 praecipuum
3598 3790 3699 3843 dici
3732 3792 3898 3859 possit

2357 3877 2407 3928 in
2436 3877 2517 3941 iis,
2549 3891 2662 3941 quae
2702 3876 2920 3942 primum
2955 3884 3216 3928 auctorem
3248 3876 3497 3943 Spiritum
3542 3887 3780 3930 sanctum
3802 3879 3897 3930 ha-

2355 3966 2498 4020 bent.
2530 3964 2647 4017 lllas
2670 3974 2810 4018 certe
2835 3965 3090 4031 Epistolas
3115 3965 3243 4019 adeo
3271 3969 3321 4018 ln
3348 3976 3542 4030 mente,
3566 3967 3616 4018 iu
3639 3970 3894 4022 memoria

2356 4055 2617 4116 versabat,
2649 4063 2703 4106 ιιι
2729 4069 2819 4109 eas
2845 4053 3031 4124 ubique
3057 4067 3106 4108 et
3132 4056 3310 4125 quavis
3341 4057 3550 4111 minima
3589 4058 3707 4112 data
3737 4072 3897 4113 occa-

2355 4144 2502 4196 sione
2543 4142 2812 4197 adhiberet
2841 4143 2889 4196 in
2923 4143 3147 4196 homiliis
3172 4145 3221 4197 in
3259 4145 3477 4214 aliisque
3516 4147 3763 4214 operibus
3806 4161 3902 4200 cu-

2350 4233 2512 4301 jusvis
2552 4235 2774 4302 generis.
2818 4233 2940 4287 Inde
2982 4243 3092 4295 est,
3131 4243 3184 4286 ιιι
3211 4235 3260 4287 in
3292 4235 3886 4305 SynopsiPentateuclti

2355 4336 2492 4388 saepe
2512 4322 2723 4373 Paulum
2739 4322 2917 4374 videas
2937 4323 2983 4373 in
3005 4322 3226 4374 medium
3249 4321 3452 4385 adduci,
3477 4324 3525 4374 in
3557 4321 3621 4374 iis
3644 4322 3894 4374 nimirum

2357 4409 2690 4464 Pentateuehi
2731 4409 2875 4471 locis,
2901 4425 3014 4477 quae
3039 4409 3226 4462 Paulus
3255 4409 3305 4461 in
3337 4409 3582 4476 Epistolis
3610 4411 3719 4463 suis
3740 4410 3895 4462 adhi-

2357 4498 2554 4551 buerat.
2590 4497 2838 4564 Quodque
2876 4497 3337 4562 siugularissimum
3375 4508 3475 4561 est,
3504 4499 3554 4550 in
3585 4498 3896 4552 Prothcoria

2357 4603 2469 4651 sua,
2511 4588 2597 4641 ubi
2637 4588 2796 4640 libros
2833 4585 2957 4638 Novi
2999 4586 3332 4650 Testamenti,
3380 4602 3510 4654 quos
3554 4588 3604 4640 in
3632 4587 3896 4655 Synopsin

2360 4678 2646 4744 redegerat,
2692 4684 2994 4739 rccettset,a
3024 4675 3407 4742 quatuordecim
3454 4677 3700 4742 Epistolis
3745 4676 3896 4730 Pauli

2359 4764 2625 4816 exordium
2674 4761 2845 4823 ducit,
2889 4761 3126 4828 ipsasque
3172 4762 3435 4828 praemittit
3489 4763 3616 4829 ipsis
3671 4772 3900 4831 quatuor

2360 4850 2653 4916 Evangeliis
2689 4857 2738 4900 et
2761 4846 3123 4914 Apostolorum
3146 4849 3363 4901 actibus.
3389 4848 3537 4902 Unde
3557 4850 3778 4904 fortasse
3797 4867 3900 4904 no-

2360 4954 2478 4988 vum
2511 4936 2761 5003 quispiam
2790 4945 3146 5000 argumentum
3177 4946 3321 4989 cruat
3346 4938 3407 4990 ad
3437 4937 3697 5007 Synopsin
3728 4941 3898 5009 Chry-

2359 5035 2590 5078 sostonto
2619 5023 2965 5084 asserendam,
2986 5024 3072 5091 qui
3099 5039 3197 5077 non
3229 5028 3388 5079 semel
3417 5027 3631 5079 Paulum
3663 5044 3719 5082 se
3742 5029 3900 5081 vehe-

2361 5121 2559 5164 menter
2586 5123 2758 5162 amare
2801 5108 3089 5174 proﬁtetur,
3115 5120 3165 5163 et
3185 5112 3305 5177 plus
3341 5113 3484 5166 Pauli
3516 5114 3663 5166 libris
3690 5125 3740 5167 ct
3768 5118 3901 5169 actis

2361 5201 2540 5258 utitur,
2564 5212 2714 5264 quam
2742 5197 2942 5248 caeteris
2967 5196 3245 5263 Scriptura:
3272 5213 3432 5251 sacra:
3459 5202 3602 5254 libris
3629 5202 3728 5271 (η).

2428 5287 2624 5354 Stylum
2653 5294 2819 5337 autem
2842 5284 2976 5351 quod
3001 5294 3215 5351 spectat,
3242 5286 3580 5352 profluentem
3611 5290 3747 5341 illam
3778 5307 3905 5343 ver-

2360 5377 2544 5428 borum
2572 5381 2622 5425 et
2645 5372 3031 5424 similitudinum
3065 5373 3286 5440 copiam,
3313 5390 3412 5441 qua
3448 5377 3518 5428 uti
3563 5377 3697 5430 solet
3728 5378 3894 5447 Chr?»

2427 5549 2496 5607 (τι)
2531 5546 2632 5596 Vid.
2653 5547 2776 5594 Tomi
2800 5546 2934 5604 Lttius
2959 5542 3074 5592 t‘rrl‘
3107 5544 3129 5606 ς
3153 5551 3218 5594 ιιι.
