4138 6306
222 334 340 388 311

213 442 532 498 sostomus,
570 435 622 489 in
665 434 965 506 Synopsiet
992 431 1305 502 compendio
1349 432 1644 500 exquirere,
1689 429 1814 483 illud

217 534 383 577 esset
417 524 613 579 nodum
644 525 696 579 in
726 526 898 593 scirpo
935 538 1189 592 qumrere.
1226 521 1420 576 Verum
1453 520 1612 574 dictio
1641 519 1813 589 Chry-

216 613 471 666 sostomi
504 628 623 667 esse
644 611 1074 682 deprehenditur,
1104 611 1175 664 ita
1204 626 1355 679 pura,
1382 610 1521 664 clara
1550 608 1815 677 nitidaque

213 710 328 753 est.
372 702 493 756 Etsi
528 718 654 757 vero
688 716 776 756 res
802 699 1113 770 compendio
1150 699 1362 765 referat,
1411 697 1693 767 aliquando
1735 706 1816 751 ta-

214 806 352 847 men
409 794 754 863 interpretem
774 793 896 862 agit,
925 806 1011 846 res
1039 791 1285 860 explicat,
1323 800 1376 845 et
1401 790 1498 843 alia
1530 790 1816 859 Scriptura:

213 883 578 951 maximeque
617 882 765 937 Pauli
796 883 909 936 loca
936 881 1090 936 affert
1118 881 1182 935 ad
1214 881 1636 950 explanationem
1674 889 1814 949 apta.

212 970 336 1026 Nec
387 974 555 1028 nimis
590 973 768 1043 jejuna
808 973 1061 1043 Synopsis
1101 981 1217 1038 est,
1248 972 1342 1027 sed
1380 974 1430 1026 iu
1462 973 1818 1027 Pentateucho

213 1062 474 1117 maxime
510 1063 650 1132 justa
677 1076 809 1132 pene
826 1061 1145 1131 longitudine
1173 1062 1442 1117 historiam
1466 1063 1611 1126 texit,
1637 1072 1693 1116 ut
1721 1077 1817 1117 ex-

211 1152 494 1219 emplaris
513 1153 628 1207 loco
646 1153 814 1208 hacin
839 1162 986 1222 parte
1007 1152 1184 1208 haberi
1208 1154 1389 1223 possit.
1410 1154 1709 1209 Verisimile
1734 1168 1818 1208 au-

213 1253 335 1299 tem
368 1255 461 1301 est
486 1248 654 1315 ipsum
676 1245 742 1301 ad
765 1260 913 1301 usum
942 1260 1094 1300 suum
1126 1254 1291 1300 totam
1314 1246 1638 1314 Scripturam
1665 1245 1741 1300 sic
1766 1246 1816 1299 iu

210 1331 508 1403 Synopsin
539 1344 693 1404 atque
720 1334 1089 1403 compendium
1110 1334 1396 1405 redegisse.
1430 1334 1485 1389 Si
1508 1349 1667 1405 porro
1687 1335 1818 1389 Novi

212 1426 566 1483 Testamenti
587 1426 1141 1499 Synopsis-aliquando
1164 1442 1235 1482 ex
1260 1428 1491 1484 tenebris
1514 1428 1815 1495 emerserit,

223 1515 362 1571 inde
390 1533 552 1582 nova,
578 1526 635 1571 ut
659 1518 793 1583 dixi,
811 1516 1094 1588 prodibunt
1123 1526 1427 1586 argumenta
1445 1560 1457 1582 ,
1490 1519 1639 1589 queis
1663 1533 1819 1575 verus

219 1609 406 1661 totius
441 1607 739 1679 Synopseos
759 1616 942 1663 auctor
977 1607 1420 1677 deprehendatur.
1454 1608 1530 1663 Ex
1561 1608 1623 1663 iis
1640 1618 1819 1665 autem

205 1711 239 1763 q
253 1712 345 1751 uae
365 1704 691 1765 supersunt,
707 1706 765 1752 et
777 1712 838 1752 ex
857 1697 1227 1767 Manuscriptis
1248 1707 1396 1753 eruta
1413 1708 1554 1766 sunt,
1588 1698 1821 1771 Chryso-

211 1795 471 1840 stomum
496 1801 634 1853 esse,
653 1787 973 1857 argumentis
998 1788 1050 1841 in
1079 1787 1308 1842 medium
1333 1788 1523 1853 allatis,
1552 1788 1768 1858 probavi
1798 1805 1813 1843 :

212 1892 329 1930 non
366 1878 447 1932 ita
474 1886 647 1933 tamen
672 1890 727 1933 ut
748 1893 859 1933 rem
899 1878 1183 1947 perfectam
1213 1878 1611 1949 absolutamque
1639 1880 1820 1934 existi-

211 1984 395 2022 mem.
433 1969 772 2024 Eruditorum
795 1970 986 2039 quippe
1002 1969 1255 2039 judicium
1277 1978 1532 2041 exspecto
1556 1989 1570 2025 :
1596 1985 1715 2024 nam
1734 1986 1819 2026 res

210 2057 454 2127 majoris
470 2069 551 2114 est
576 2061 827 2115 momenti
842 2074 997 2129 quam
1018 2068 1075 2113 ut
1090 2061 1254 2129 possit
1270 2062 1427 2114 unius
1446 2060 1718 2129 scriptoris
1733 2060 1819 2129 ju-

209 2148 363 2204 dicio
392 2150 594 2217 dirimi,
618 2160 672 2205 et
699 2151 895 2221 absque
938 2151 1298 2206 controversia
1329 2165 1447 2206 esse
1467 2151 1816 2221 pronuntiari.

285 2240 487 2295 Restat
510 2250 566 2295 ut
594 2241 661 2296 de
690 2241 919 2311 Synopsi
956 2240 1246 2310 Scriptura:
1288 2241 1377 2295 illa
1416 2255 1651 2312 agamus,
1700 2256 1818 2311 qua:

213 2330 367 2387 inter
416 2334 693 2389 Athanasii
732 2334 902 2405 Opera
945 2331 1331 2399 circumfertur,
1364 2348 1647 2404 quamque,
1694 2333 1817 2389 licet

1472 315 1789 372 omnim
1828 317 1894 373 IN
1935 300 2281 373 SYNOPSlN.

3381 332 3491 386 312

1923 430 2186 500 diligentis
2223 426 2492 495 scriptoris
2517 440 2650 495 opus
2674 427 2761 491 sit,
2788 425 3059 481 Athanasii
3086 440 3190 481 non
3219 440 3337 482 esse
3365 440 3494 496 pro-

1923 520 2160 573 luvimus
2198 518 2349 572 Tom.
2374 518 2431 570 2.
2465 517 2551 570 Illa
2573 533 2699 571 vero
2728 517 2780 570 in
2807 516 2955 571 libris
2997 516 3242 571 omnibus
3283 515 3497 571 histori-

1921 610 2017 675 cis,
2050 608 2099 662 in
2130 607 2507 673 Pentateucho,
2557 608 2607 660 in
2639 607 2786 661 libris
2824 607 3050 677 Regum,
3081 615 3135 662 et
3162 607 3213 661 in
3258 605 3498 676 Pr0phe-

1922 703 2008 765 tis,
2040 710 2151 756 toto
2190 702 2320 755 czclo
2350 701 2522 756 differt
2549 701 2617 755 ab
2639 701 2737 755 hac
2774 710 2953 755 nostra
2993 699 3241 772 Synopsi,
3282 715 3382 756 nec
3411 707 3494 754 est

1923 790 2044 845 huic
2083 790 2456 859 comparanda,
2490 800 2545 845 ut
2581 791 2751 859 quivis
2798 792 2975 845 statim
3019 792 3319 861 perspiciat.
3345 791 3400 846 lu
3430 791 3497 845 li-

1920 884 2031 938 bris
2058 898 2184 939 vero
2210 883 2527 945 Salomonis,
2554 884 2604 935 in
2622 881 2906 948 Sapientia,
2927 884 2979 937 in
3004 882 3258 947 Siracide,
3278 882 3487 944 Esther,

1921 972 2117 1038 Tobia,
2165 971 2342 1027 Judith
2366 1012 2379 1036 ,
2418 972 2602 1026 eadem
2647 973 2758 1041 ipsa
2802 981 2883 1026 est
2919 989 2932 1026 :
2963 986 3296 1041 augurorque
3344 971 3492 1026 illum

1921 1061 2189 1132 Synopses
2210 1061 2465 1116 librorum
2492 1060 2791 1130 hujusmodi
2816 1076 2881 1117 ex
2913 1073 3091 1117 nostra
3121 1061 3345 1132 Syuopsi
3381 1075 3496 1113 mu-

1925 1161 2125 1206 tuatum
2152 1167 2289 1207 esse.
2315 1150 2444 1206 Nam
2463 1152 2602 1206 illius
2618 1152 2918 1222 Synopscos
2940 1154 3273 1222 scriptorem,
3295 1160 3490 1205 nostra:

1921 1244 2224 1313 Synopseos
2244 1251 2461 1297 auctore
2480 1252 2632 1297 mtatc
2654 1243 2808 1313 longe
2824 1242 3125 1297 inferiorem
3144 1257 3261 1298 esse
3282 1257 3385 1296 non
3402 1241 3490 1295 du.

1922 1334 2052 1398 bito,
2072 1347 2169 1388 nec
2190 1332 2448 1387 dubitabit
2464 1340 2587 1401 puto
2605 1333 2902 1402 quisquam.
2918 1332 3177 1387 Caeterum
3198 1332 3319 1386 libri
3341 1330 3494 1386 Levi-

1922 1424 2011 1479 tici
2038 1423 2312 1494 Synopsis,
2346 1437 2462 1491 qum
2491 1424 2541 1476 in
2570 1420 2892 1477 Coisliniano
2920 1421 3114 1477 Codice
3142 1422 3492 1487 desideratur,

1922 1527 2187 1582 quamque
2216 1527 2281 1566 ex
2308 1511 2556 1565 Batavico
2573 1510 2908 1580 Lugdunensi
2933 1511 3343 1580 desumpsimus,
3364 1526 3486 1565 cum

1922 1602 2145 1674 Synopsi
2170 1602 2256 1657 illa
2272 1601 2558 1655 Athanasio
2570 1600 2853 1668 adscripta,
2876 1602 3015 1671 quod
3040 1599 3106 1654 ad
3126 1615 3365 1671 magnam
3382 1600 3492 1657 sul-

1923 1703 2029 1748 tem
2056 1694 2135 1747 sui
2166 1700 2390 1762 partem,
2417 1692 2701 1759 consentit,
2728 1690 2868 1761 quod
2899 1706 2999 1761 qua
3038 1692 3238 1746 ratione
3263 1692 3495 1762 contige-

1922 1786 2008 1850 rit,
2034 1799 2138 1839 non
2166 1783 2294 1837 satis
2322 1784 2573 1853 percipio.

1993 1874 2289 1928 Pulaverim
2312 1881 2486 1927 autem
2522 1872 2954 1944 Chrysostomum
2983 1871 3085 1926 hoc
3105 1871 3284 1941 operis
3309 1870 3496 1926 Antio-

1922 1963 2058 2018 chia:
2086 1962 2429 2017 adornavisse
2453 1961 2682 2017 fortasse
2699 1972 2980 2032 antequam
2997 1960 3342 2016 concionandi
3370 1976 3496 2031 ope-

1923 2069 2035 2109 ram
2077 2053 2395 2122 susciperet,
2438 2063 2496 2107 ut
2545 2052 2647 2107 hoc
2690 2053 2819 2107 satis
2858 2053 3035 2123 amplo
3073 2051 3389 2123 compendio
3430 2050 3496 2105 ad

1923 2142 2069 2198 verbi
2098 2142 2193 2197 Dei
2236 2141 2665 2211 prmdicatiouem
2703 2151 2963 2210 uteretur,
2997 2151 3052 2197 et
3070 2142 3135 2196 ad
3169 2156 3379 2196 manum
3406 2140 3497 2195 ba.

1924 2233 2074 2289 beret
2102 2230 2242 2288 unde
2260 2231 2573 2288 concionnm
2599 2240 2905 2302 argumenta
2936 2238 3283 2286 mutuarctur.
