4152 6324
734 368 844 423 313

1475 350 1534 405 3.
1567 344 1846 404 JOANNIS
1877 336 2356 399 CHRYSOSTOMI
2395 337 2708 395 ARCHIEP.
2748 329 3290 391 CONSTANTINOP.

3843 340 3948 392 314

752 639 3940 689 __________________________________________.___________

1533 1087 1760 1172 ΤΟΥ
1823 1087 1967 1172 ΕΝ
2023 1081 2384 1171 ΑΓΙΟΙΣ
2455 1074 2884 1168 ΠΑΤΡΟΣ
2938 1069 3261 1161 ΗΜΩΝ

738 1461 1736 1641 ΙΩΑΝΝΟΥ
1794 1456 2229 1628 ΤΟΥ
2275 1444 3958 1625 ΧΡΥΣΟΣΤΟΜΟΥ

2081 1930 2566 2023 ΣΥΝΟΨΙΣ

1401 2294 1513 2362 τῆς
1551 2292 1813 2357 Παλαιᾶς
1851 2309 1913 2345 τε
1956 2290 2054 2344 καὶ
2093 2290 2331 2358 Καινῆς,
2364 2288 2439 2354 ὠς
2473 2291 2541 2340 ἐν
2579 2284 2737 2348 τάξει
2766 2279 3239 2348 ὑπομνηστικοῦ.

2156 2847 2554 2901 ΠΡΟΘΕΩΡΙΛ.

809 3095 980 3166 Καινὴ
1011 3095 1222 3162 λέγεται
1252 3090 1358 3144 ἀπὸ
1377 3087 1470 3142 τοῦ
1495 3088 1682 3159 χρόνου
1707 3085 1798 3140 καὶ
1826 3085 1932 3138 ἀπὸ
1951 3086 2049 3154 τῆς
2081 3082 2291 3152 φύσεως

737 3186 846 3238 τῶν
874 3187 930 3237 ὲν
955 3185 1090 3253 αὐτῇ
1115 3182 1434 3252 γενομένων,
1477 3180 1554 3230 ὅτι
1595 3178 1768 3230 πάντα
1802 3172 2168 3242 ἀνεκαινίσθη,
2199 3174 2293 3224 καὶ

743 3273 956 3345 πρῶτον
983 3274 1280 3343 ἄνθρωπος,
1313 3270 1378 3321 δι’
1406 3268 1464 3320 ὸν
1509 3266 1578 3318 τὰ
1613 3266 1809 3319 πάντα.
1840 3265 1955 3315 Ἰνα
1997 3262 2052 3314 δὲ
2090 3263 2161 3331 μή
2212 3277 2292 3321 τις

741 3357 1263 3433 λέγῃ⁶⁹οοὐρανὸςὸ
1303 3357 1481 3423 αὐτὸς,
1530 3359 1563 3425 ὴ
1607 3355 1701 3423 γῆ,
1748 3355 1838 3406 καὶ
1869 3353 1928 3405 τὸ
1967 3352 2293 3422 κυριώτατον

740 3450 994 3504 ἁπάντων
1045 3449 1350 3517 ἄνθρωπος’
1401 3445 1493 3498 καὶ
1547 3443 1606 3511 (ί.
1656 3441 1858 3508 καινὸς)
1913 3440 2072 3508 νόμος
2118 3437 2288 3507 ἐδόθη,

743 3540 922 3592 καιναὶ
954 3539 1178 3601 ἐντολαὶ,
1208 3536 1366 3606 καινὴ
1392 3536 1426 3604 ἡ
1469 3534 1626 3602 χάρις
1667 3532 1753 3584 διὰ
1776 3530 1866 3582 τοῦ
1895 3529 2139 3599 λουτροῦ,
2171 3545 2291 3580 και-

743 3631 829 3692 νὸς
859 3629 953 3682 ἄνθ
965 3644 1159 3696 ρωπος,
1185 3625 1367 3677 καιναὶ
1386 3621 1721 3688 ἐπαγγελίαι.
1750 3619 1943 3671 Οὐκέτι
1963 3619 2068 3686 γὰρ
2090 3617 2159 3686 γῆ
2202 3619 2292 3669 καὶ

743 3717 813 3770 τὰ
857 3716 962 3769 ἀπὸ
1001 3715 1098 3785 τῆς
1124 3714 1226 3784 γῆς
1245 3728 1259 3743 ·
1283 3711 1395 3765 ἀλλ’
1430 3711 1670 3781 οὐρανὸς,
1715 3709 1808 3761 καὶ
1836 3707 1903 3759 τὰ
1945 3708 2002 3758 ὲν
2028 3707 2288 3774 οὐρανοῖς.

745 3806 920 3860 Καινά
948 3805 1015 3858 τὰ
1048 3804 1332 3873 μυστήρια.
1357 3801 1548 3854 Οὐκέτι
1570 3800 1674 3867 γὰρ
1689 3798 1867 3850 ἐκεῖνα
1889 3797 1958 3849 τά
1987 3793 2290 3864 σωματικὰ,

746 3895 1007 3964 πρόϐατον
1048 3893 1139 3945 καὶ
1171 3887 1306 3959 αἷμα
1326 3929 1341 3953 ,
1377 3892 1470 3942 καὶ
1503 3889 1711 3943 κνίσσα,
1739 3886 1832 3937 καὶ
1862 3884 2081 3953 κόπρος,
2119 3882 2230 3935 ἀλλ’
2259 3883 2292 3951 ἡ

745 3984 931 4052 λογικὴ
961 3983 1052 4033 καὶ
1077 3982 1322 4050 ἐνάρετος
1349 3980 1586 4048 λατρεία,
1617 3976 1684 4028 τὰ
1716 3973 2138 4044 παραγγέλματα
2170 3989 2291 4025 και-

746 4074 831 4135 νὰ,
869 4071 1018 4136 ξύλον
1047 4071 1124 4133 είς
1160 4070 1414 4139 οὐρανοὺς
1444 4067 1639 4132 ἀνάγον
1667 4066 1759 4116 καὶ
1807 4063 2036 4132 ὑψηλοὺς
2069 4061 2292 4132 ἐργαζό-

749 4179 926 4232 μενον.
951 4160 1154 4221 Σκοπὸς
1169 4158 1234 4228 δὴ
1261 4155 1590 4226 ἑκατέρωθεν
1615 4153 1720 4205 τῶν
1746 4151 2020 4219 Διαθηκῶν
2042 4145 2138 4212 είς,
2187 4150 2292 4219 τῶν

747 4248 1040 4318 ἀνθρώπων
1066 4249 1098 4316 ή
1122 4246 1419 4315 διόρθωσις.
1438 4242 1545 4294 Καὶ
1563 4241 1613 4293 τί
1631 4243 1710 4292 δεῖ
1730 4238 2022 4306 θαυμάζειν
2048 4238 2172 4304 περὶ
2196 4238 2292 4305 τῆς

745 4336 984 4406 Γραφῆς,
1017 4336 1148 4388 ὅπου
1181 4351 1243 4400 γε
1269 4333 1360 4385 καὶ
1387 4332 1482 4400 τῆς
1515 4331 1738 4390 κτίσεως
1767 4329 1933 4396 αὐτῆς
1963 4329 1995 4395 ἡ
2023 4325 2176 4395 χρεία
2205 4325 2294 4378 διὰ

745 4426 965 4492 τοῦτον;
995 4425 1103 4478 Καὶ
1149 4423 1256 4492 γάρ
1297 4420 1520 4491 οὐρανὸν
1571 4418 1738 4487 μέγαν
1761 4417 1823 4469 δι’
1852 4416 2012 4470 αὑτὸν
2048 4415 2289 4484 ἐποίησε,

748 4518 843 4570 καὶ
883 4517 985 4585 γῆν
1034 4513 1260 4578 εὐθεῖαν,
1295 4514 1386 4565 καὶ
1412 4510 1678 4562 Θάλασσαν
1733 4507 1869 4577 ὑπὲρ
1921 4507 2018 4577 τὴν
2072 4506 2289 4575 χρείαν,

749 4606 837 4658 ἵνα
868 4604 972 4658 ἀπὸ
1020 4603 1113 4655 τοῦ
1165 4601 1420 4672 μεγέθους
1448 4599 1555 4651 τῶν
1603 4596 1901 4665 γενομένων
1926 4596 2293 4661 θαυμάσαντες

747 4693 838 4745 τὸν
886 4693 1242 4762 Δημιουργὸν,
1287 4693 1364 4753 είς
1394 4689 1714 4757 θεογνωσίαν
1742 4685 1949 4738 ἔλθωσι.
1987 4686 2094 4737 Καὶ
2125 4685 2294 4738 ταῦτα

748 4780 840 4836 οὖν
889 4783 976 4835 διὰ
1021 4784 1202 4836 τοῦτον
1231 4782 1468 4848 γέγονεν.
1509 4780 1660 4831 Ἐπεὶ
1705 4772 1794 4829 οὖν
1827 4776 2024 4837 σκοπὸς
2070 4772 2148 4838 εἷς
2193 4779 2292 4846 τῆς

749 4874 986 4936 Παλαιᾶς
1021 4873 1111 4925 καὶ
1136 4873 1231 4941 τῆς
1265 4869 1468 4936 Καινῆς
1488 4909 1501 4930 ,
1536 4869 1820 4934 ἀναγκαῖον
1846 4861 1977 4918 εἶναι
2001 4866 2242 4932 ἐνόμισεν
2267 4866 2293 4916 ό

750 4963 984 5032 Μωῦσῆς
1003 4963 1094 5014 καὶ
1119 4959 1351 5029 ἱστορίας
1370 4955 1673 5026 ἀναγράψαι
1690 4955 1937 5017 παλαιάς·
1955 4955 2013 5006 οὐ
2041 4954 2177 5006 κατά
2197 4956 2294 5023 τὴν

751 5049 944 5112 ἔξωθεν
961 5047 1271 5100 ἀκολουθίαν
1289 5063 1303 5077 ’
1325 5048 1517 5098 ἐκεῖνοι
1541 5044 1637 5112 μὲν
1663 5043 1768 5111 γὰρ
1805 5043 2036 5113 ἱστορίας
2059 5042 2292 5111 γράφου-

753 5153 838 5189 σιν
884 5135 1086 5197 ἀπλῶς,
1129 5135 1264 5185 ὥστε
1312 5132 1644 5202 πραγμάτων
1675 5132 1947 5199 διηγήσεις
1991 5130 2290 5191 ποιεῖσθαι,

753 5226 844 5279 καὶ
871 5225 1134 5294 πολέμους
1164 5223 1254 5274 καὶ
1283 5222 1455 5291 μάχας
1483 5223 1558 5283 εἰς
1582 5221 1740 5289 μέσον
1770 5221 2007 5286 ἀγαγεῖν,
2039 5221 2128 5271 καὶ
2157 5236 2292 5287 καρ-

755 5315 1033 5368 πώσασθαι
1066 5315 1218 5378 δόξαν
1251 5314 1355 5365 ἀπὸ
1379 5311 1484 5364 τῶν
1507 5311 1859 5380 γραμμάτων.
1900 5309 1956 5361 Ὀ
1987 5309 2041 5360 δὲ
2083 5308 2296 5376 νομοθέ-

752 5421 854 5474 της
898 5405 995 5474 οὐχ
1025 5404 1221 5466 οὓτως·
1274 5403 1406 5457 ἀλλά
1455 5401 1675 5454 πάντοτε
1722 5399 1954 5468 ἱστορίας
1997 5397 2294 5466 ἀναγράφει

753 5495 960 5566 ἀνδρῶν
1013 5495 1254 5563 μεγάλων
1309 5491 1756 5561 κατωρθωκότων,
1807 5487 1944 5539 ὥστε
1996 5491 2104 5548 τοῖς
2161 5487 2294 5556 μετὰ

754 5584 923 5638 ταῦτα
966 5585 1071 5637 τῶν
1119 5583 1339 5644 ἐκείνοις
1369 5581 1702 5650 βεϐιωμένων
1727 5577 1822 5646 τὴν
1864 5575 2107 5643 διήγησιν
2145 5575 2292 5641 γενέ⁴

759 5673 880 5729 σθαι
922 5673 1255 5735 διδασκαλίας
1288 5670 1494 5740 ἀγαθῆς
1541 5668 1806 5721 ὑπόθεσιν.
1839 5664 1934 5717 Δια
1966 5664 2032 5731 δὴ
2055 5663 2207 5717 τοῦτο
2233 5664 2291 5717 ού

2395 3082 2554 3152 μόνον
2593 3080 2716 3142 τοὺς
2742 3075 3170 3146 κατωρθωκότας
3213 3075 3295 3141 είς
3331 3077 3490 3147 μέσον
3522 3078 3662 3147 ἄγει,
3694 3078 3830 3132 ἀλλὰ
3859 3082 3958 3134 καὶ

2390 3172 2514 3233 τοὺς
2541 3169 2942 3240 ἡμαρτηκότας,
2966 3169 3054 3221 ἵνα
3083 3166 3209 3230 τοὺς
3241 3168 3336 3236 μὲν
3365 3167 3716 3238 ζηλώσωμεν,
3747 3172 3872 3231 τοὺς
3897 3171 3956 3223 δὲ

2393 3259 2739 3326 ὲκφύγωμεν,
2771 3257 2863 3310 καὶ
2895 3255 3227 3326 ἑκατέρωθεν
3253 3255 3461 3325 ὀρθωθῇ
3502 3258 3570 3309 τὰ
3615 3258 3710 3326 τῆς
3753 3258 3960 3327 ἀρετῆς

2393 3348 2482 3399 καὶ
2506 3347 2574 3400 τὰ
2600 3346 2698 3414 τῆς
2727 3345 3056 3413 ἐπιμελείας.
3090 3345 3181 3414 Μὴ
3209 3345 3382 3398 τοίνυν
3410 3345 3672 3416 νομιζέτω
3699 3365 3780 3410 τις
3807 3348 3958 3411 ξένον

2392 3431 2531 3491 εἶναι
2557 3435 2841 3505 νομοθέτου
2871 3433 2932 3485 τὸ
2961 3432 3196 3496 παλαιὰς
3251 3434 3484 3504 ἱστορίας
3514 3437 3811 3503 διηγεῖσθαι
3858 3439 3958 3490 καὶ

2391 3527 2585 3597 νόμους
2618 3524 2764 3596 [515]
2807 3525 3157 3594 ἀναγράφειν.
3194 3526 3366 3596 Ὅπερ
3397 3524 3502 3594 γάρ
3537 3527 3710 3596 ίσχύει
3751 3529 3954 3597 νόμος,

2390 3615 2544 3668 τοῦτο
2589 3615 2680 3668 καὶ
2725 3615 2757 3684 ή
2802 3614 3048 3684 διήγησις
3093 3613 3186 3666 τοῦ
3240 3614 3350 3683 βίου
3399 3615 3505 3667 τῶν
3553 3617 3738 3683 ἁγίων.
3795 3619 3956 3670 Ἐστι

2389 3707 2563 3760 τοίνυν
2587 3707 2685 3776 τῆς
2716 3705 2955 3766 Παλαιᾶς
2985 3703 3044 3755 τὸ
3070 3705 3166 3774 μὲν
3205 3703 3470 3773 ἱστορικὸν
3490 3746 3504 3770 ,
3551 3706 3626 3769 ὼς
3668 3709 3701 3776 ἡ
3750 3708 3953 3762 Ὀκτά..

2391 3813 2574 3865 τευχος
2598 3813 2611 3827 ·
2645 3797 2678 3865 ἡ
2708 3795 2805 3864 μὲν
2827 3796 3039 3857 ι’ἐνεσις
3070 3793 3136 3846 τὰ
3167 3797 3291 3863 περὶ
3320 3796 3418 3864 τῆς
3445 3797 3802 3866 δημιουργίας
3865 3798 3945 3850 δι-

2393 3884 2689 3953 ηγουμένη,
2725 3883 2817 3935 καὶ
2850 3882 2917 3934 τα
2946 3886 3072 3952 περὶ
3108 3885 3198 3935 τοῦ
3233 3884 3345 3951 βίου
3363 3885 3468 3936 τῶν
3506 3885 3955 3956 εὐηρεστηκότων

2391 3972 2533 4042 Θεῷο
2557 3975 2589 4042 ἡ
2618 3972 2673 4024 δὲ
2704 3971 2916 4037 Ἔξοδος
2945 3971 3040 4040 τὴν
3063 3971 3379 4043 ἀπαλλαγὴν
3408 3975 3516 4027 τῶν
3557 3975 3823 4029 Ἰουδαίων
3850 3977 3954 4046 τὴν

2391 4062 2447 4127 ἐξ
2480 4061 2774 4131 Αίγύπτου,
2813 4061 2910 4130 τὴν
2960 4062 3255 4130 παράδοξον
3301 4064 3530 4133 ἐκείνην,
3586 4065 3678 4118 καὶ
3721 4066 3817 4135 τὴν
3852 4068 3953 4136 τῆς

2391 4151 2596 4221 ἐρήμου
2641 4150 2942 4221 διατριϐὴν,
2976 4152 3069 4203 καὶ¹
3112 4151 3211 4220 τὴν
3242 4152 3335 4204 τοῦ
3364 4153 3527 4223 νόμου
3557 4154 3698 4208 δόσιν
3719 4171 3731 4184 ·
3784 4157 3842 4209 τὸ
3893 4157 3952 4209 δὲ

2392 4239 2670 4291 Λευιτικὸν
2693 4238 2759 4290 τὰ
2791 4239 2914 4308 περ).
2942 4238 3140 4292 θυσιῶν
3167 4241 3259 4293 καὶ
3284 4242 3615 4311 ἱερουργίας·
3658 4246 3690 4312 ὴ
3719 4244 3826 4314 γὰρ
3854 4245 3954 4298 τοῦ

2395 4328 2524 4379 Λευὶ
2559 4328 2695 4398 φυλὴ
2732 4327 2865 4396 αὕτη
2894 4319 2960 4396 ἦν
2994 4329 3026 4396 ἡ
3059 4331 3156 4399 τὴν
3189 4330 3483 4401 ἱερωσύνην
3523 4333 3915 4407 κεκληρωμένη
3937 4377 3953 4400 ,

2394 4417 2486 4467 καὶ
2537 4417 2642 4469 ἀπὸ
2681 4417 2774 4469 τοῦ
2808 4418 3062 4488 ὀνόματος
3097 4419 3193 4487 τῆς
3239 4419 3407 4490 φυλῆς
3439 4420 3536 4490 τὴν
3579 4425 3957 4493 προσηγορίαν

2393 4505 2546 4572 ἔλαχε
2577 4505 2635 4556 τὸ
2666 4506 2884 4574 βιϐλίον.
2917 4509 3046 4560 Μετ’
3077 4510 3246 4560 ἐκεῖνο
3267 4509 3316 4560 οί
3360 4509 3631 4579 Ἀριθμοί·
3673 4513 3810 4581 μετὰ
3840 4515 3956 4586 γὰρ

2391 4595 2452 4647 τὸ
2476 4595 2706 4660 ἐξελθεῖν
2743 4596 2800 4661 ἐξ
2837 4597 3130 4664 Αἰγύπτου,
3165 4599 3442 4653 ἐκέλευσεν
3473 4602 3500 4653 ό
3545 4602 3677 4664 Θεὸς
3708 4604 3955 4676 ἀριθμη-

2395 4684 2547 4753 θῆναι
2581 4685 2670 4736 τὸν
2696 4685 2865 4753 δῆμον
2895 4686 3001 4738 τῶν
3042 4687 3324 4752 Ἰουδαίων,
3359 4691 3453 4741 καὶ
3497 4686 3635 4760 ἦσαν
3671 4692 3955 4756 ἑξακόσιαι

2393 4775 2646 4845 χιλιάδες,
2680 4777 2769 4842 ἀφ’
2794 4776 2910 4837 ἐνὸς
2940 4775 3220 4844 ἀνθρώπου
3239 4778 3330 4830 τοῦ
3362 4780 3606 4850 Ἀϐρααμ
3635 4781 3954 4851 γενόμεναι.

2393 4861 2522 4917 Εἶτα
2547 4865 2662 4934 μετ’
2685 4866 2860 4916 ἐκεῖνο
2886 4865 2943 4917 τὸ
2977 4868 3386 4938 Δευτερονόμιον
3404 4887 3418 4901 ο
3447 4870 3536 4923 τὸν
3565 4871 3671 4942 γὰρ
3697 4873 3857 4940 νόμον
3887 4875 3956 4927 ἐκ

2392 4955 2639 5024 δευτέρου
2678 4955 3018 5022 ἡρμήνευσεν
3062 4957 3240 5020 αὐτοῖς
3280 4959 3307 5010 ό
3350 4960 3606 5028 Μωῦσῆς.
3652 4960 3784 5013 Εἶτα
3830 4966 3956 5031 μετ’

2393 5042 2565 5093 έκεῖνο
2620 5039 2823 5108 Ἰησοῦς
2875 5043 2902 5092 ὁ
2951 5043 3040 5094 τοῦ
3077 5044 3263 5114 Ναυῆ·
3313 5039 3464 5108 οὗτος
3502 5047 3607 5116 γὰρ
3663 5051 3800 5117 μετά
3860 5054 3959 5106 τὸν

2393 5130 2628 5183 Μωῢσέα
2659 5130 2941 5200 γενόμενος
2964 5131 3136 5185 αὐτῶν
3161 5133 3496 5204 δημαγωγὸς,
3529 5137 3609 5199 είς
3632 5155 3690 5189 τε
3719 5139 3816 5209 τὴν
3849 5143 3958 5211 γῆν

2393 5220 2490 5287 τῆς
2518 5221 2839 5287 ἐπαγγελίας
2863 5223 3134 5292 είσήγαγε,
3168 5225 3259 5276 καὶ
3287 5227 3383 5295 τὴν
3412 5227 3512 5294 γῆν
3545 5226 3777 5296 διένειμε
3808 5235 3958 5288 κατὰ

2398 5310 2624 5379 κλήρους
2653 5314 2771 5372 ταῖς
2801 5311 3002 5364 δώδεκα
3023 5314 3230 5380 φυλαῖς.
3259 5315 3388 5367 Μετ’
3422 5317 3623 5369 ἐκεῖνον
3642 5319 3693 5368 οί
3716 5321 3919 5387 Κριταί
3940 5340 3954 5352 ·

2394 5400 2485 5450 τοῦ
2525 5403 2629 5469 γάρ
2688 5400 2856 5470 Ἰησοῦ
2903 5403 3347 5472 τελευτήσαντος,
3383 5406 3462 5466 είς
3499 5407 3958 5478 ἀριστοκράτειαν

2399 5489 2658 5557 μετέπεσε
2693 5489 2757 5542 τά
2793 5490 3089 5558 πράγματα
3119 5491 3222 5543 τῶν
3267 5493 3550 5556 Ἰουδαίων,
3585 5495 3676 5545 καὶ
3698 5498 3753 5548 αί
3782 5499 3958 5566 φυλαὶ

2398 5579 2673 5647 ἐκράτουν.
2719 5576 2847 5630 Εἶτα
2876 5581 3032 5646 Ροὺθ,
3087 5580 3284 5648 βιϐλίον
3319 5581 3513 5651 βραχὺ,
3554 5585 3791 5653 ἱστορίαν
3824 5589 3958 5657 ἔχον

2402 5668 2652 5735 γυναικὸς
2679 5669 2988 5736 ἀλλοφύλου,
3025 5669 3361 5740 γαμηθείσης
3394 5673 3621 5739 Ἰουδαίῳ
3657 5676 3784 5732 τινί.
3811 5678 3960 5735 Μετ’
