4138 6306
200 366 319 419 313

1272 348 1596 405 SYNOPSIS
1631 344 2043 403 SCR‘PTURIE
2082 341 2346 399 SACRIE.

3302 354 3409 407 314

212 682 3396 713 WW

1124 1207 1529 1295 SANCTI
1608 1201 2023 1293 PATRIS
2097 1196 2531 1290 NOSTRI

702 1620 1496 1783 JOANNIS
1613 1609 2967 1774 CHRYSOSTOMI

1553 2116 2114 2209 SYNOPSIS

856 2441 1086 2503 Veteris
1118 2446 1171 2498 et
1210 2437 1354 2495 novi
1395 2433 1774 2503 testamenti,
1824 2429 2000 2509 quasi
2042 2426 2494 2487 commonitorii
2524 2440 2687 2483 more
2729 2420 2837 2501 (ιι).

1446 3268 1914 3333 CONSPECTUS
1955 3268 2243 3330 OPERIS.

284 3646 467 3708 Quare
484 3642 629 3710 prius
659 3640 1041 3692 Testamentum
1066 3636 1373 3704 appelletur,
1413 3635 1586 3689 Vetus.
1607 3636 1805 3703 Scepua

215 3740 496 3801 utriusque
514 3731 826 3784 Testamenti
840 3744 987 3781 unus.
1002 3726 1199 3779 Divisio
1214 3726 1407 3779 Veteris
1425 3724 1740 3778 Testamenti
1754 3726 1810 3777 in

209 3826 289 3879 his
301 3816 1812 3887 teriam,consiliaetprophetiam.-Novum'l‘cstamentum

213 3920 421 3974 dicitur
440 3924 493 3970 et
510 3929 537 3966 a
569 3923 803 3980 tempore
826 3917 879 3963 et
898 3923 925 3961 a
946 3917 1125 3961 natura
1149 3919 1321 3958 rerum
1344 3917 1474 3971 quas
1494 3902 1798 3970 complecti-

213 4019 321 4074 tur,
337 4005 593 4077 quoniam
604 4002 776 4056 omnia
790 4006 1036 4053 renovata
1050 4003 1189 4060 sunt,
1204 3994 1477 4063 primoque
1489 3991 1669 4055 homo,
1684 4005 1799 4058 pro-

212 4110 334 4169 pter
349 4110 515 4166 quem
533 4095 705 4147 omnia
724 4098 844 4144 sunt
862 4086 1087 4142 condita.
1111 4084 1185 4138 Ne
1202 4085 1317 4151 quis
1334 4092 1505 4134 autem
1523 4081 1691 4133 dicat:
1715 4082 1797 4132 At-

210 4191 299 4259 qui
320 4186 516 4240 czelum
532 4183 668 4236 idem
686 4188 783 4244 est,
806 4189 942 4233 terra
962 4176 1167 4237 eadem,
1184 4183 1236 4227 et
1255 4174 1412 4225 homo
1447 4186 1676 4239 quoque,
1704 4186 1790 4224 res

214 4278 465 4334 omnium
485 4271 818 4341 dignissima;
847 4281 977 4321 nova
996 4264 1074 4317 lex
1095 4263 1211 4317 data
1231 4273 1330 4327 est,
1357 4275 1487 4312 nova
1514 4267 1792 4327 prrecepta,

213 4383 355 4423 nova
376 4364 549 4435 gratia
580 4376 673 4430 per
690 4361 1163 4413 lavacrumznovus
1195 4352 1372 4414 homo,
1393 4364 1542 4402 novas
1579 4348 1798 4417 promis-

214 4464 425 4514 sioncs.
450 4456 563 4509 Non
588 4454 726 4507 enim
755 4451 890 4503 ultra
928 4447 1097 4517 agitur
1127 4446 1192 4498 de
1216 4453 1353 4497 terra
1368 4450 1420 4494 et
1441 4441 1505 4494 de
1534 4440 1754 4493 terrenis
1780 4454 1793 4501 ;

214 4550 312 4604 sed
341 4548 412 4600 de
429 4544 560 4597 caelo
577 4554 628 4596 et
643 4542 710 4594 de
726 4538 1041 4593 caelestibus.
1060 4535 1203 4587 Nova
1236 4531 1503 4601 mysteria.
1528 4529 1639 4583 Non
1664 4532 1797 4581 ultra

216 4642 401 4694 locum
422 4633 617 4686 habent
633 4630 719 4682 illa
733 4641 1006 4695 corporea,
1027 4624 1157 4685 ovis,
1176 4621 1407 4689 sanguis,
1425 4619 1595 4679 nidor,
1618 4618 1792 4678 timus;

216 4728 313 4784 sed
334 4720 664 4778 rationabilis
680 4719 765 4771 ille
780 4717 1071 4781 virtuteque
1084 4719 1297 4764 ornatus
1310 4708 1478 4759 cultus
1497 4725 1508 4758 :
1525 4719 1655 4758 nova
1673 4720 1798 4773 prae-

215 4826 402 4886 cepta.
443 4812 659 4880 Lignum
684 4822 780 4862 nos
808 4804 872 4858 ad
889 4804 1074 4858 cmlum
1110 4801 1283 4863 ducit,
1312 4798 1664 4864 sublimesque
1683 4794 1798 4886 eili-

215 4884 309 4962 eit.
332 4905 544 4969 Scopus
561 4908 733 4953 autem
752 4897 802 4949 in
821 4905 1043 4961 utroque
1070 4890 1408 4944 Testamento
1430 4901 1565 4939 unus
1588 4895 1686 4946 est,
1704 4884 1798 4937 ho-

217 5000 435 5054 minum
456 5006 643 5058 nempe
658 4986 975 5042 emendatio.
996 4981 1192 5051 Ecquid
1211 4981 1397 5033 mirum
1414 4978 1478 5031 de
1501 4978 1794 5043 Scriptura,

215 5086 444 5162 quando
462 5094 644 5137 natura
667 5090 771 5134 tota
802 5078 864 5129 ad
891 5077 1003 5143 ejus
1025 5089 1174 5128 usum
1204 5080 1284 5125 est
1314 5069 1565 5123 condita?
1594 5067 1796 5162 Etenim

219 5158 483 5246 magnum
508 5181 722 5243 propter
749 5169 892 5221 illum
917 5166 1100 5220 caelum
1126 5162 1374 5222 condidit,
1404 5169 1591 5211 terram
1620 5158 1796 5219 latam,

220 5286 378 5325 mare
414 5264 604 5333 majus,
634 5275 788 5330 quam
820 5256 1105 5310 necessitas
1134 5251 1401 5322 postulare
1429 5247 1717 5308 videbatur,
1748 5253 1801 5295 ut

222 5378 248 5415 tt
279 5354 652 5427 magnitudine
681 5349 1007 5419 opiﬁciorum
1035 5345 1286 5413 Opiﬁcem
1315 5342 1584 5403 mirantes,
1618 5334 1682 5388 ad
1712 5335 1800 5387 Dei

288 5552 366 5610 (τι)
406 5555 538 5595 Bene
562 5545 749 5610 dicitur.
768 5536 1125 5610 commonitorii,
1147 5535 1225 5610 vel
1239 5531 1804 5610 forte,_bre_uisconiqren-

228 5590 535 5663 tarii’m—o'rre.‘
554 5590 761 5653 ataui-hie
774 5590 957 5664 passim
977 5590 1362 5664 __(lhrys()stomtts
1377 5590 1571 5664 breves
1600 5590 1804 5664 explica-

226 5659 398 5724 u—ones
418 5669 608 5728 adjecit,
633 5659 1145 5728 rerunique_in__Veteri
1162 5662 1465 5707 Testamento
1482 5660 1803 5703 euarrataruui

225 5722 341 5786 eum
360 5722 492 5780 Μ)γὸ
516 5722 862 5778 consonantiam
888 5722 1073 5771 indicat.

1902 3635 2257 3704 cognitionem
2282 3634 2544 3689 venirent.
2571 3634 2693 3688 [hec
2724 3634 2897 3703 itaque
2927 3646 3138 3706 propter
3165 3638 3308 3693 illum
3337 3639 3471 3697 facta

1902 3734 2043 3779 sunt.
2072 3724 2329 3793 Quoniam
2356 3724 2513 3793 igitur
2543 3724 2750 3780 Veteris
2772 3736 2824 3780 et
2847 3726 2975 3781 Novi
3008 3729 3323 3785 Testamenti
3354 3748 3474 3787 sco-

1900 3828 1999 3883 pus
2034 3829 2168 3868 unus
2206 3824 2287 3868 est
2310 3855 2323 3879 ,
2357 3815 2712 3869 necessarium
2741 3816 2898 3869 etiam
2927 3820 3125 3885 putavit
3152 3819 3357 3888 Moyses
3380 3822 3465 3874 hi-

1900 3904 2091 3958 storias
2111 3914 2315 3959 veteres
2336 3904 2636 3959 describere
2661 3923 2673 3957 :
2699 3920 2799 3959 non
2822 3907 3111 3960 secundum
3134 3916 3479 3966 externorum

1900 4008 2100 4047 morem
2128 4034 2140 4052 .
2168 3993 2256 4061 qui
2290 3993 2535 4047 historias
2564 3995 2799 4048 scribunt
2829 4010 2889 4049 ea
2934 4006 3110 4049 mente
3146 4006 3345 4049 tantum
3367 4038 3379 4059 ,
3414 4008 3471 4049 ut

1902 4097 2074 4135 rerum
2110 4082 2438 4137 narrationes
2470 4092 2670 4147 texant,
2696 4093 2749 4137 et
2779 4084 2913 4137 bella
2945 4099 3244 4154 pugnasque
3276 4088 3324 4139 in
3358 4102 3469 4141 me-

1900 4172 2045 4225 dium
2074 4180 2250 4241 agant,
2282 4183 2441 4242 atque
2465 4188 2530 4228 ex
2557 4174 2764 4242 scriptis
2790 4176 3009 4244 gloriam
3041 4176 3137 4228 sibi
3168 4185 3368 4243 parent.
3397 4177 3465 4229 At

1902 4262 2171 4331 legislator
2197 4278 2301 4316 non
2330 4265 2406 4317 sic
2437 4281 2449 4316 :
2478 4262 2569 4317 sed
2603 4279 2815 4333 semper
2849 4265 3091 4317 historias
3121 4267 3301 4319 scribit
3340 4266 3462 4318 illu-

1901 4356 2087 4408 strium
2116 4356 2344 4409 virorum
2376 4356 2464 4425 qui
2494 4370 2579 4410 res
2610 4356 2887 4425 praaclaras
2915 4366 3225 4424 gesserunt;
3258 4367 3314 4409 ut
3344 4357 3465 4411 vita:

1902 4444 2110 4498 illorum
2140 4445 2371 4498 narratio
2410 4446 2635 4514 posteris
2678 4446 2746 4498 sit
2782 4447 2992 4512 optima:
3026 4446 3278 4499 doctrinm
3305 4462 3464 4515 argu—

1903 4546 2154 4588 mentum.
2190 4535 2415 4605 Ideoque
2445 4550 2547 4588 non
2581 4535 2737 4589 modo
2766 4550 2857 4589 eos
2886 4536 2971 4603 qui
3004 4551 3059 4589 se
3091 4537 3249 4601 probe
3278 4552 3467 4605 gesse-

1904 4634 2024 4678 runt
2053 4626 2101 4678 in
2134 4624 2361 4679 medium
2403 4623 2615 4678 adducit
2639 4666 2652 4689 ,
2695 4624 2784 4678 sed
2828 4627 2984 4678 etiam
3029 4636 3329 4695 peccatores
3363 4646 3376 4683 :
3412 4638 3471 4681 ut

1904 4716 2020 4769 illos
2058 4716 2394 4779 aemulemur,
2440 4714 2536 4769 hos
2573 4725 2745 4770 autem
2786 4715 3041 4785 fugiamus
3068 4760 3083 4783 ,
3126 4726 3178 4770 et
3212 4720 3466 4788 utrinque

1903 4805 2149 4858 virtutem
2192 4803 2623 4873 diligentiamque
2665 4804 2918 4873 majorem
2966 4803 3339 4873 adipiscamur.
3391 4807 3468 4859 Nc

1902 4897 2018 4965 quis
2062 4910 2186 4964 ergo
2228 4896 2490 4950 existimet
2531 4905 2679 4951 extra
2726 4896 3038 4965 legislatoris
3072 4896 3299 4949 ofﬁcium
3350 4911 3469 4950 esse

1905 4986 2149 5038 historias
2177 4994 2383 5039 veteres
2421 5000 2637 5039 narrare
2661 5026 2675 5051 ,
2730 4994 2782 5039 et
2812 4985 2950 5053 leges
2995 4986 3340 5053 perscribere.
3374 4987 3465 5039 Et-

1904 5077 2042 5130 enim
2077 5091 2229 5144 quam
2262 5077 2361 5129 vim
2382 5076 2538 5130 habet
2567 5076 2672 5140 lex,
2696 5076 2932 5129 eamdem
2948 5075 3144 5129 obtinet
3169 5085 3468 5129 sanctorum

1903 5166 2022 5217 vitzc
2054 5166 2299 5218 narratio.
2332 5164 2428 5218 Est
2456 5165 2628 5233 itaque
2658 5164 2709 5216 in
2743 5166 2902 5217 veteri
2934 5166 3047 5234 lege
3076 5166 3215 5217 aliud
3248 5165 3462 5217 histori-

1904 5270 2021 5309 cum
2052 5298 2065 5320 ,
2098 5265 2151 5308 ut
2178 5254 2529 5310 Octateuchus
2556 5254 2664 5322 (a):
2698 5268 2886 5322 nempe
2907 5253 3147 5318 Genesis,
3176 5269 3290 5320 qua:
3315 5267 3467 5305 erea-

1909 5347 2098 5399 tionem
2127 5354 2357 5406 enarrat,
2392 5358 2593 5397 necnou
2616 5344 2771 5396 vitam
2794 5358 2975 5397 eorum
3007 5343 3094 5411 qui
3125 5342 3231 5393 Deo
3258 5340 3460 5406 accepti

1908 5436 2082 5503 fuere;
2114 5436 2352 5501 Exodus,
2375 5450 2491 5505 qua:
2508 5433 2717 5489 Iudaeos
2740 5433 2952 5488 exhibet
2973 5448 3033 5486 ex
3058 5430 3283 5499 {Egypto
3305 5430 3465 5482 mira-

1971 5586 2041 5648 (u)
2077 5585 2532 5648 Octateucltus,_octo
2551 5586 2734 5648 priores
2755 5585 3002 5643 Scriptum
3021 5576 3469 5648 libroscomplecti-

1909 5655 2002 5703 tur,
2024 5645 2266 5704 Cenesim,
2300 5645 2527 5703 Exodum,
2554 5645 2833 5706 't.eviticum,
2878 5650 3120 5700 mitteres,
3168 5645 3462 5687 Denter-ono-

1908 5710 2071 5772 uiiutn,
2090 5716 2251 5767 Josue,
2275 5706 2483 5765 Judices,
2504 5711 2555 5755 et
2576 5706 2711 5754 ttutb.
