4138 6306
718 310 827 364 315

722 404 893 456 hiliter
909 402 1124 456 eductos
1144 408 1197 454 ct
1219 400 1484 460 liberatos,
1507 399 1728 467 atquein
1751 397 1961 452 deserto
1977 395 2064 448 ditt
2083 409 2286 446 moran-

721 501 819 552 tes,
840 492 1109 558 legemque
1127 497 1280 541 latam
1307 507 1320 553 ;
1342 489 1622 552 Leviticus,
1657 489 1707 540 in
1730 501 1831 555 quo
1852 488 1916 540 de
1937 485 2208 539 sacriliciis
2228 493 2279 537 et

722 581 1052 635 sacerdotio:
1085 596 1202 632 nam
1228 581 1394 632 tribus
1419 578 1542 631 Levi
1572 576 1919 631 sacerdotium
1943 577 2122 630 sortita
2155 585 2236 630 est
2269 593 2281 628 :

720 680 774 722 et
797 685 858 722 ex
885 670 1050 723 tribus
1078 670 1288 723 nomine
1320 678 1648 736 nuncupatus
1676 667 1810 722 liber
1830 676 1928 720 est.
1955 666 2148 718 Deinde
2174 666 2282 717 Nu-

721 761 890 823 meri;
934 771 1052 828 post
1094 775 1362 829 egressum
1407 763 1545 813 enim
1587 775 1649 812 ex
1697 757 1926 826 IEgypto
1957 757 2112 824 jussit
2147 757 2283 808 Deus

719 850 982 902 numerari
1031 850 1283 917 populum
1325 847 1603 901 Judaicum
1630 888 1644 911 ,
1692 857 1948 915 erantque
1989 848 2284 900 sexcenties

719 941 863 993 mille
882 983 894 1003 ,
929 942 995 994 ab
1026 958 1128 994 uno
1160 941 1372 995 homine
1402 940 1700 993 Abrahamo
1725 941 1844 995 orti.
1874 941 2061 994 Postea
2092 941 2282 992 Dente-

719 1033 1016 1085 r'ononiium
1047 1049 1061 1086 :
1092 1033 1256 1100 legem
1285 1033 1423 1084 enim
1451 1031 1684 1085 secundo
1715 1031 2087 1100 interpretatus
2117 1041 2195 1084 est
2221 1031 2282 1083 il-

719 1121 784 1174 lis
809 1122 1032 1192 Moyses.
1079 1123 1274 1176 Deinde
1302 1123 1456 1176 Jesus
1497 1123 1633 1176 illius
1666 1123 1850 1176 Nave:
1881 1123 1970 1176 hic
1999 1123 2137 1176 enim
2169 1130 2284 1189 post

719 1213 950 1283 Moysem
982 1215 1189 1266 illorum
1223 1213 1325 1266 dux
1359 1214 1673 1266 constitutus
1698 1254 1710 1276 ,
1748 1214 1798 1265 in
1829 1220 2021 1266 terram
2055 1213 2280 1278 promis.

719 1303 884 1356 sionis
906 1303 1191 1355 introduxit
1214 1304 1350 1367 illos,
1375 1312 1672 1369 terramque
1697 1317 1791 1370 per
1817 1310 1986 1355 sortes
2006 1301 2281 1354 duodecim

722 1394 960 1448 tribubus
985 1393 1178 1446 divisit.
1211 1393 1335 1446 Post
1364 1393 1500 1446 hunc
1526 1392 1737 1446 Judices
1770 1410 1784 1445 :
1825 1406 1944 1445 nam
1983 1391 2106 1444 Jesu
2139 1406 2282 1442 mor-

724 1492 831 1548 tuo,
865 1483 1158 1552 respublica
1190 1480 1489 1536 Judceorum
1519 1483 1568 1535 in
1596 1481 1973 1536 aristocratiam
2002 1495 2150 1533 versa
2178 1488 2278 1543 est,

719 1583 772 1624 et
799 1574 963 1625 tribus
987 1572 1260 1641 imperium
1283 1571 1712 1625 moderabantur.
1739 1570 1937 1624 Deinde
1961 1569 2122 1635 Ruth,
2152 1570 2284 1621 liber

718 1665 938 1732 exiguus
961 1705 976 1728 ,
1007 1663 1279 1717 historiam
1309 1662 1662 1730 complectens
1690 1661 1925 1715 mulieris
1953 1659 2279 1727 alienigenae,

717 1769 833 1822 quas
859 1753 1039 1807 .ludaeo
1064 1754 1271 1807 cuidam
1300 1754 1491 1821 nupsit.
1518 1753 1642 1806 Post
1667 1752 1807 1804 hunc
1832 1751 2132 1819 Regnorum
2163 1749 2280 1802 libri

717 1855 942 1911 quatuor
970 1860 982 1895 :
1019 1844 1067 1897 in
1096 1844 1285 1913 quibus
1313 1853 1459 1912 gesta
1490 1842 1680 1904 Saulis,
1707 1841 1937 1905 Davidis,
1963 1839 2279 1904 Salomoois,

720 1934 870 1998 Elim,
906 1934 1104 1998 Eliszei,
1134 1943 1184 1986 et
1214 1934 1411 2001 reliqua
1443 1948 1608 2002 usque
1632 1931 1695 1984 ad
1725 1931 2080 1998 captivitatem
2113 1930 2283 1998 Baby-

720 2025 962 2078 lonicam.
1008 2025 1132 2077 Post
1179 2024 1479 2092 Regnorum
1523 2023 1681 2076 libros
1730 2021 1948 2074 Esdras.
1997 2021 2280 2087 Postquam

718 2116 857 2166 enim
889 2115 936 2166 iu
975 2115 1293 2184 Babylonem
1323 2114 1390 2166 ob
1417 2121 1626 2182 peccata
1663 2127 1753 2165 sua
1784 2111 1994 2165 abducti
2035 2109 2238 2164 fuerant
2264 2149 2280 2174 ,

720 2206 892 2274 ibique
919 2207 1245 2274 septuaginta
1273 2207 1424 2259 annis
1455 2207 1503 2258 in
1534 2204 1786 2258 servitute
1814 2212 2116 2256 manserant
2141 2244 2155 2267 ,
2187 2203 2281 2256 de-

721 2311 864 2348 mum
900 2296 1036 2348 Deus
1068 2296 1302 2364 placatus
1327 2336 1340 2356 ,
1373 2295 1423 2348 id
1463 2294 1689 2362 providit
1735 2303 1788 2346 ut
1827 2293 1997 2361 Cyrus
2029 2303 2150 2346 tunc
2191 2308 2282 2345 rex

721 2386 1021 2449 Persarum,
1055 2384 1242 2454 Cyrus,
1276 2387 1507 2454 inquam,
1537 2384 1688 2452 cujus
1718 2382 1968 2451 puerilem
2002 2382 2287 2435 institutio—

722 2490 840 2527 nem
861 2475 1139 2542 desrripsit
1155 2475 1470 2542 Xenophon,
1489 2474 1721 2541 captivos
1742 2472 2050 2526 dimitteret.
2072 2472 2282 2524 Dimissi

721 2579 846 2616 vero
869 2564 1136 2617 redierunt
1162 2564 1379 2618 ducibus
1409 2563 1598 2628 Esdra,
1629 2562 1839 2616 Necmia
1862 2572 1914 2614 et
1940 2561 2283 2616 Zorobabele.

723 2654 870 2707 llnuc
903 2653 1124 2707 reditum
1157 2654 1410 2707 describit
1440 2653 1633 2706 Esdras
1656 2692 1670 2717 ,
1703 2661 1756 2704 et
1792 2650 2053 2720 quomodo
2085 2651 2284 2704 reversi

725 2745 971 2810 templum
996 2743 1164 2796 denuo
1179 2741 1601 2802 construxerint,
1616 2741 1903 2809 urbemque
1933 2740 2289 2793 reaedilicave-

723 2835 844 2887 rint.
869 2837 1089 2887 Centum
1111 2833 1300 2888 deinde
1322 2835 1471 2886 annis
1487 2833 1703 2902 elapsis,
1722 2848 1903 2886 rursus
1925 2832 2043 2885 illos
2067 2832 2283 2899 bellum,

722 2923 1109 2978 Macedonicum
1141 2938 1329 2991 nempe
1355 2964 1368 2987 ,
1401 2923 1611 2976 invasit.
1647 2921 1845 2975 Deinde
1874 2922 2119 2974 Antiochi
2163 2923 2286 2990 Epi-

723 3016 909 3084 phanis
937 3023 1079 3087 gesta
1122 3025 1433 3084 sequuntur,
1470 3013 1678 3082 quando
1710 3013 1874 3066 tribus
1915 3013 2068 3067 annis
2104 3023 2157 3067 et
2199 3013 2282 3066 di-

721 3106 883 3160 midio
911 3106 1113 3160 obsessi
1139 3145 1153 3169 ,
1187 3105 1426 3173 maleque
1457 3104 1625 3158 allecti
1653 3144 1665 3166 ,
1696 3119 1724 3156 a
1753 3102 2139 3157 calamitatibus
2168 3119 2285 3155 rur-

721 3212 838 3250 sum
859 3197 1019 3264 erepti
1043 3205 1181 3249 sunt.
1206 3197 1330 3248 Post
1356 3196 1467 3248 haec
1491 3195 1697 3249 modico
1718 3195 1897 3262 elapso
1924 3203 2159 3262 tempore
2184 3194 2280 3265 (a),

718 3283 957 3338 Christus
983 3284 1213 3347 advenit,
1240 3293 1293 3338 ct
1320 3284 1479 3337 Vetus
1503 3284 1893 3338 Testamentum
1925 3283 2134 3338 desinit.

787 3374 1082 3429 Judteorum
1121 3392 1275 3445 genus
1323 3375 1473 3428 unde.
1505 3404 1575 3414 —
1611 3374 1680 3430 Ut
1717 3383 1890 3429 autem
1922 3375 2152 3430 discatur
2180 3374 2281 3430 Ju-

720 3465 882 3519 daiezn
929 3467 1098 3534 gentis
1137 3468 1322 3536 origo,
1367 3466 1605 3535 quatdam
1658 3466 1743 3521 hic
1794 3467 2083 3521 enarranda
2139 3476 2281 3522 sunt.

720 3556 841 3609 Post
867 3556 1030 3609 Adam
1059 3556 1153 3609 fuit
1180 3556 1325 3620 Setb,
1351 3555 1540 3610 deinde
1571 3555 1776 3621 Enoch,
1805 3563 1983 3625 postea
2004 3557 2092 3610 alii
2121 3572 2284 3626 usque

719 3646 783 3698 ad
815 3647 1003 3698 multas
1031 3648 1422 3714 generationes;
1445 3646 1655 3699 demum
1681 3645 1814 3710 Noe,
1842 3646 1991 3714 cujus
2021 3655 2278 3716 tempore,

718 3753 836 3790 cum
868 3736 1106 3790 homines
1135 3748 1313 3790 essent
1345 3738 1542 3790 malitia
1565 3737 1834 3806 corrupti,
1867 3736 2118 3790 diluvium
2144 3738 2283 3792 acci-

718 3827 812 3880 dit.
865 3827 1117 3882 Cessante
1155 3828 1351 3881 diluvio
1376 3868 1391 3894 ,
1423 3842 1666 3898 egressus
1704 3843 1770 3882 ex
1811 3842 1933 3881 arca
1977 3829 2119 3882 solus
2161 3843 2279 3882 cum

718 3916 886 3970 tribus
916 3917 1054 3982 ﬁliis,
1090 3926 1279 3970 terram
1307 3931 1516 3970 omnem
1543 3918 1686 3984 prole
1712 3931 1803 3971 sua
1831 3917 2071 3987 replevit,
2104 3919 2284 3972 multis

715 4006 1050 4058 successione
1078 4007 1298 4074 quadam
1328 4008 1617 4076 prognatis.
1649 4007 1778 4061 Cum
1806 4022 1932 4077 ergo
1960 4009 2167 4076 plurimi
2193 4024 2280 4063 es-

716 4103 868 4161 sent,
903 4095 1262 4148 deliberarnnt
1302 4097 1562 4150 aediﬁcare
1602 4099 1821 4162 turrim,
1851 4112 1968 4166 qum
1996 4097 2061 4152 ad
2093 4099 2277 4153 caelum

717 4200 882 4253 usque
906 4187 1246 4254 pertingeret.
1273 4187 1464 4239 Eorum
1487 4187 1762 4241 consilium
1792 4187 2098 4256 improbans
2119 4188 2276 4255 Deus,

717 4270 921 4346 linguas
951 4278 1181 4344 ipsorum
1204 4277 1458 4343 confudit,
1492 4293 1755 4347 unamque
1783 4279 1834 4333 in
1862 4278 2053 4332 multas
2083 4278 2278 4333 divisit.

715 4368 887 4433 Quare
915 4381 1031 4420 cum
1063 4382 1164 4420 non
1192 4382 1308 4422 sese
1337 4377 1516 4422 mutuo
1544 4368 1820 4434 audirent,
1855 4368 2012 4422 simul
2044 4367 2281 4422 habitare

717 4473 821 4512 non
855 4466 1132 4527 potuerunt
1163 4475 1176 4511 :
1209 4475 1325 4527 qua:
1364 4473 1523 4513 causa
1562 4459 1741 4513 fuitut
1783 4474 1877 4528 per
1907 4467 2071 4513 totum
2101 4460 2279 4514 orbem

719 4549 1171 4621 dispergerentur.
1207 4549 1405 4603 Dicitur
1432 4557 1609 4603 autem
1647 4549 1699 4602 in
1729 4551 1816 4603 illa
1845 4551 2148 4605 confusione
2179 4552 2282 4604 lin-

714 4653 931 4705 guarum
953 4679 966 4698 ,
1000 4637 1263 4693 Heberum
1295 4638 1596 4693 Judzeorum
1627 4640 2016 4708 progenitorem
2049 4642 2282 4696 noluisse

715 4729 897 4782 tentati
919 4731 1094 4796 operis
1117 4744 1235 4784 esse
1265 4731 1590 4799 participem,
1619 4732 1893 4800 solumque
1921 4733 2174 4786 mansisse
2193 4735 2277 4800 qui

715 4817 945 4886 linguam
990 4827 1229 4872 servaret
1266 4819 1335 4889 (b)
1363 4861 1377 4884 ,
1422 4820 1523 4874 hoc
1557 4822 1740 4887 optimi
1770 4821 1978 4875 consilii
2011 4825 2278 4890 prtemium

714 4907 980 4977 adeptum.
1009 4909 1082 4962 Ex
1103 4910 1379 4978 nepotibus
1395 4910 1506 4979 ejus
1530 4910 1625 4964 fuit
1640 4912 1902 4965 Abraham
1925 4930 1938 4965 :
1959 4912 2181 4981 ideoque
2199 4912 2280 4965 Ju-

714 4998 946 5052 dteorum
969 5000 1165 5069 lingua,
1189 4999 1442 5055 llebraica
1469 5011 1688 5055 vocatur
1713 5003 1778 5055 ab
1800 5001 2023 5056 Hebero.
2054 5004 2279 5057 Abrahae

715 5091 854 5145 ﬁlius
895 5090 990 5144 fuit
1029 5091 1172 5146 Isaac
1196 5132 1210 5155 ,
1245 5093 1399 5161 hujus
1435 5093 1618 5148 Jacob.
1668 5093 1764 5146 llic
1792 5094 1975 5162 genuit
2001 5093 2277 5148 duodecim

715 5182 1066 5250 patriarchas,
1099 5183 1281 5237 Ruben
1307 5224 1321 5246 ,
1347 5184 1599 5253 Symcon,
1627 5183 1773 5250 Levi,
1805 5184 2013 5249 Judam,
2048 5185 2275 5251 lsachar,

713 5273 971 5339 Zabulon,
995 5268 1512 5342 Nephthalim,Gad,
1545 5275 1678 5342 Dan,
1711 5277 1863 5338 Aser.
1899 5275 2113 5345 Joseph,
2147 5277 2280 5331 Beu-

771 5383 841 5443 (α)
877 5393 908 5447 A_
953 5382 1281 5447 profanatione
1326 5383 1492 5444 templi
1535 5397 1623 5445 per
1668 5385 1946 5447 Antiochum
1987 5386 2279 5447 Epiphauem

707 5443 834 5507 facta
854 5444 909 5490 ad
935 5451 1088 5507 ortum
1113 5445 1284 5494 Christi
1309 5443 1554 5493 auni’sunt
1577 5446 1767 5494 circiter
1792 5454 1985 5507 centum
2009 5443 2276 5507 sciaginta.

775 5504 846 5566 (b)
881 5505 1091 5568 Homiliis
1123 5507 1169 5553 in
1202 5507 1422 5568 genesim
1443 5513 1572 5553 'I‘om.
1615 5507 1692 5568 Ν,
1737 5506 1827 5554 col.
1855 5505 1962 5561 ‘279.
1991 5508 2054 5553 ait
2078 5504 2278 5568 Chryso-

704 5573 889 5616 atomus
912 5566 1149 5628 Heberum
1163 5567 1312 5614 solum
1335 5570 1534 5628 primum
1547 5567 1704 5613 mundi
1719 5581 1940 5615 servasse
1957 5569 2138 5614 idioma.
2154 5566 2280 5628 quod

712 5628 790 5676 hic
807 5634 856 5676 et
869 5630 956 5677 iam
979 5626 1091 5676 dicit
1131 5628 1221 5677 Sed
1248 5626 1376 5678 uade
1388 5641 1442 5676 re
1455 5629 1971 5678 coutt‘ovcrtittuuVitle
1988 5636 2142 5677 uetant
2161 5626 2276 5677 ibid.

1420 289 1474 342 S.
1516 285 1788 342 JOANNIS
1825 281 2299 340 CIIRYSOSTOMI
2339 282 2647 338 ARClllEP.
2679 282 3204 340 CONSTANTINOP.

3830 302 3942 357 316

2387 394 2573 462 jamin.
2601 394 2852 450 Undecim
2893 395 3077 449 horum
3115 394 3522 464 patriarcharum
3557 411 3751 452 nomen
3791 412 3944 451 accc-

2392 499 2515 552 pere
2547 486 2710 538 tribus
2750 486 2815 538 ab
2854 486 2956 537 illis
2994 495 3142 538 ortae.
3185 485 3552 556 Unusquisque
3578 490 3718 542 enim
3748 490 3944 542 tribum

2390 575 2783 641 proseminavit,
2805 585 2856 627 et
2877 575 3051 642 proles
3077 577 3141 629 ab
3168 578 3244 630 eis
3269 577 3720 633 denominabatur.
3747 580 3943 633 Verum

2390 664 2602 730 Josephi
2632 680 2734 716 non
2767 681 2867 717 una
2892 666 3076 729 tribus,
3106 667 3195 720 sed
3218 668 3333 721 dua:
3360 669 3585 722 luerunt.
3611 669 3785 722 Noluit
3805 671 3942 722 enim

2389 753 2600 822 Josephi
2648 766 2793 822 pater
2815 770 2969 808 unam
3017 756 3204 809 tribum
3226 757 3294 811 ab
3311 773 3376 812 eo
3418 758 3768 813 denomiuari.
3811 759 3942 825 Quid

2389 858 2513 911 ergo
2536 843 2728 896 factum
2756 855 2832 897 est
2860 845 2881 894 ?
2909 845 3037 910 Quia
3066 860 3200 900 unus
3226 855 3338 900 erat
3367 847 3474 912 ille,
3497 857 3553 900 ut
3575 847 3770 916 duplex
3801 848 3947 902 ﬁeret

2396 934 2710 1000 patriarcha,
2731 934 2978 1002 Ephraim
2993 945 3044 989 et
3059 935 3348 990 Manassem
3367 938 3499 992 duos
3519 939 3632 1007 ejus
3649 938 3805 1005 ﬁlios,
3819 939 3947 992 dua-

2389 1022 2484 1075 bus
2532 1024 2766 1077 tribubus
2803 1025 3016 1078 nomina
3048 1040 3140 1078 sua
3170 1026 3296 1080 dare
3331 1028 3506 1096 jussit.
3555 1027 3704 1083 Unde
3729 1031 3954 1097 contigit

2388 1125 2444 1167 ut
2475 1115 2724 1169 tredecim
2758 1116 2922 1169 tribus
2951 1127 3162 1180 essent;
3197 1134 3384 1187 nempe
3417 1121 3654 1176 undecim
3685 1123 3937 1184 aliorum,

2391 1215 2442 1257 et
2469 1204 2583 1257 dna:
2611 1204 2826 1274 Josephi
2859 1222 2950 1275 per
2981 1207 3093 1275 ejus
3133 1208 3286 1261 ﬁlios.
3320 1210 3509 1266 Tribus
3549 1211 3676 1266 Levi
3710 1213 3833 1268 hinc
3860 1229 3948 1266 ex-

2391 1297 2632 1363 trahitur,
2656 1298 2934 1369 ordinique
2954 1301 3262 1356 sacerdotali
3284 1303 3564 1372 deputatur
3578 1321 3782 1375 meque
3798 1305 3944 1358 enim

2389 1391 2741 1443 necessarium
2773 1401 2884 1445 erat
2908 1393 3047 1446 aliud
3072 1394 3338 1463 quidpiam
3368 1395 3464 1465 ipsi
3495 1397 3735 1461 tradere;
3766 1398 3949 1466 sicque

2388 1487 2565 1532 manet
2592 1480 2869 1535 duodecim
2911 1483 3136 1536 tribuum
3178 1498 3428 1538 numerus
3474 1499 3579 1539 non
3619 1486 3944 1540 imminutus.

2388 1569 2670 1624 Duodecim
2697 1587 2823 1642 ergo
2855 1572 3020 1627 tribus
3048 1575 3147 1629 alia
3178 1576 3351 1630 omnia
3381 1577 3676 1646 gerebant:
3704 1578 3831 1632 Levi
3857 1593 3960 1632 au-

2389 1667 2491 1713 tem
2525 1661 2678 1714 tribui
2709 1664 2798 1716 uni
2837 1663 3181 1718 sacerdotalia
3223 1666 3399 1719 munia
3437 1667 3740 1721 concredita
3775 1677 3949 1722 erant.

2388 1749 2466 1804 Ex
2501 1752 2597 1805 hac
2622 1753 2759 1807 tribu
2788 1754 2994 1823 Moyses
3021 1764 3151 1809 erat.
3181 1755 3242 1809 Hi
3272 1771 3396 1824 ergo
3425 1755 3699 1812 duodecim
3727 1758 3951 1825 patriar-

2387 1841 2500 1895 cha;
2531 1842 2581 1895 in
2624 1843 2907 1913 Aigyptum
2942 1844 3194 1913 profecti,
3229 1846 3441 1914 impleta
3473 1846 3564 1899 Dei
3598 1847 3952 1915 promissione

2385 1930 2689 1986 Abrahamo
2718 1934 2853 1987 facta
2874 1976 2889 1998 ,
2922 1950 3023 2004 qna
3050 1934 3340 2001 dicebatur,
3375 1935 3584 1988 Faciam
3613 1953 3783 1990 senten
3813 1947 3950 1990 tuum

2386 2021 2511 2074 sicut
2533 2023 2707 2076 stellas
2726 2024 2855 2086 caeli,
2884 2034 3253 2080 sexcentorum
3285 2026 3505 2079 millium
3531 2025 3678 2080 fuere
3708 2027 3952 2096 progeni-

2390 2122 2548 2165 tores.
2568 2113 2701 2167 Hinc
2716 2114 3018 2168 Judmorum
3037 2131 3200 2185 genus
3224 2116 3564 2171 constitutum
3575 2124 3675 2176 est,
3689 2119 3835 2188 quod
3851 2130 3952 2170 no-

2389 2218 2508 2256 men
2536 2205 2737 2274 aceepit
2764 2220 2792 2258 a
2825 2206 2958 2259 tribu
2987 2205 3122 2259 Juda
3149 2207 3381 2259 omnium
3412 2207 3674 2274 praecipua
3703 2215 3758 2259 et
3786 2207 3948 2275 regia,

2389 2296 2526 2348 unde
2555 2311 2705 2363 reges
2725 2297 2892 2349 exorti
2916 2297 3268 2352 sunl.\’eteris
3285 2297 3441 2365 igitur
3462 2297 3785 2352 Testamenti
3811 2297 3952 2350 aliud

2387 2383 2597 2451 quidem
2629 2384 2934 2439 historicum
2963 2395 3043 2440 est
3067 2426 3082 2450 ,
3113 2384 3214 2440 hoc
3239 2400 3428 2455 nempe
3456 2386 3595 2455 quod
3618 2387 3728 2454 jam
3759 2401 3954 2440 receuo

2388 2475 2608 2528 suimus.
2639 2475 2765 2540 Quae
2792 2475 2856 2529 ad
2885 2477 3101 2531 consilia
3128 2477 3343 2530 moralia
3368 2477 3650 2545 pertinent,
3679 2485 3804 2531 sunt
3826 2476 3956 2530 Pro-

2386 2563 2584 2627 verbia,
2615 2563 2879 2633 Sapientia
2909 2565 3110 2630 Sirach,
3145 2565 3510 2630 Ecclesiastes,
3537 2565 3750 2620 Cantica
3781 2565 3954 2620 canti-

2388 2668 2588 2706 corum.
2626 2654 2997 2723 Propbeticum
3027 2670 3154 2710 vero
3182 2664 3305 2710 sunt
3333 2655 3599 2712 sexdecim
3628 2654 3913 2725 Propheta:
3938 2695 3952 2717 ,

2389 2741 2528 2794 Ruth
2552 2743 2648 2812 (a),
2670 2754 2721 2797 et
2744 2744 2923 2798 David.
2947 2745 3040 2798 Ha:
3059 2759 3184 2800 vero
3203 2745 3409 2814 species
3427 2746 3630 2808 divisae,
3653 2746 3812 2799 etiam
3838 2759 3954 2814 per-

2389 2834 2590 2886 mixtim
2626 2835 2741 2888 alite
2769 2837 2820 2888 in
2850 2835 2966 2889 aliis
3001 2837 3351 2905 reperiuntur.
3387 2837 3628 2905 Exempli
3668 2851 3827 2892 causa
3853 2877 3869 2903 ,
3903 2835 3952 2890 in

2390 2920 2619 2976 historiis
2649 2923 2980 2992 prophetiam.
3000 2925 3235 2981 invenire
3262 2935 3344 2981 est
3367 2944 3378 2980 :
3401 2935 3455 2981 et
3481 2926 3764 2996 prophetas
3789 2926 3956 2982 histo-

2389 3013 2495 3065 rica
2525 3013 2686 3066 multa
2718 3028 2995 3069 recensere
3024 3014 3284 3078 audimus,
3316 3023 3473 3086 atque
3499 3017 3552 3070 in
3579 3016 3770 3071 horum
3803 3025 3956 3071 utro-

2388 3118 2488 3171 que
2514 3104 2729 3157 consilia
2753 3113 2806 3158 et
2826 3106 3022 3160 monita
3043 3105 3505 3175 deprehendimus,
3537 3123 3727 3178 nempe
3752 3110 3803 3161 in
3832 3123 3956 3178 pro.

2388 3193 2564 3262 phetia
2589 3203 2644 3248 et
2671 3195 2722 3248 in
2770 3194 3011 3250 historia.
3053 3195 3176 3251 Haec
3204 3198 3379 3251 omnia
3398 3238 3414 3264 ,
3448 3207 3504 3252 ut
3530 3197 3665 3260 dixi,
3695 3197 3762 3251 ad
3791 3213 3955 3252 unum

2387 3283 2674 3351 reSpiciunt
2692 3324 2707 3349 ,
2739 3299 2928 3353 nempe
2949 3284 3014 3338 ad
3041 3286 3365 3341 audientium
3392 3287 3818 3342 emendationem
3838 3329 3855 3352 ,
3888 3289 3956 3342 ita

2390 3381 2446 3425 ut
2469 3388 2533 3426 ex
2561 3373 2709 3442 prius
2735 3384 2999 3443 gestorum
3021 3377 3343 3444 narratione,
3370 3392 3433 3432 ex
3465 3379 3685 3432 consilio
3710 3381 3957 3433 admoni-

2390 3464 2726 3534 tioneque,ct
2751 3480 2813 3519 ex
2847 3463 3121 3535 prophetia
3142 3465 3207 3521 ad
3229 3468 3280 3522 id
3305 3467 3444 3536 quod
3472 3467 3722 3523 decorum
3750 3478 3832 3523 cst
3861 3483 3962 3524 nos

2387 3555 2783 3610 coneiunemus.
2810 3555 3109 3626 Prophetiae
3123 3571 3251 3614 vero
3267 3557 3393 3612 illud
3409 3559 3643 3613 maxime
3662 3573 3798 3628 opus
3817 3568 3957 3625 erat,

2387 3655 2444 3701 ut
2471 3647 2638 3700 futura
2663 3648 3060 3715 praenuntiaret,
3088 3662 3182 3702 seu
3210 3647 3346 3703 bona
3375 3664 3467 3703 seu
3494 3649 3627 3703 mala
3656 3661 3873 3715 essent;
3904 3661 3959 3706 ut

2384 3737 2517 3791 alios
2554 3737 2879 3791 attraherent
2901 3779 2914 3800 ,
2944 3738 3076 3794 alios
3115 3748 3258 3793 metu
3286 3753 3316 3792 a
3346 3739 3576 3809 nequitia
3620 3751 3955 3795 coercerent.

2384 3827 2481 3882 Est
2505 3835 2557 3879 et
2580 3825 2720 3879 aliud
2751 3826 3040 3895 prophetiae
3063 3842 3254 3897 genus,
3279 3843 3468 3897 nempe
3493 3843 3555 3882 ea
3580 3844 3698 3898 qua:
3717 3828 3784 3882 ad
3805 3829 3959 3883 Chri-

2387 3928 2526 3970 stum
2553 3917 2818 3986 pertinent
2836 3919 3108 3974 vaticinari
3133 3935 3146 3972 :
3170 3920 3258 3974 ubi
3282 3929 3526 3976 accurate
3553 3929 3825 3988 tractatur,
3850 3937 3957 3976 non

2386 4007 2454 4062 de
2489 4007 2714 4061 adventu
2744 4008 2901 4064 modo
2923 4048 2938 4075 ,
2983 4008 3077 4063 sed
3106 4017 3161 4064 et
3186 4008 3252 4064 de
3283 4010 3347 4064 iis
3372 4025 3488 4079 quze
3517 4020 3635 4081 post
3663 4010 3958 4065 adventum

2387 4097 2617 4152 facturus
2645 4106 2797 4166 erat,
2827 4097 2894 4153 de
2920 4108 3106 4168 partu,
3139 4099 3208 4156 de
3236 4100 3536 4169 natalibus,
3564 4100 3628 4156 de
3654 4115 3816 4157 cruce
3839 4143 3855 4168 ,
3891 4103 3959 4157 de

2385 4187 2675 4252 miraculis,
2699 4187 2766 4241 de
2794 4187 3171 4259 discipulorum
3191 4190 3474 4256 electione,
3503 4189 3569 4246 de
3587 4189 3739 4245 Novo
3764 4190 3956 4245 Testa-

2385 4285 2582 4339 mento,
2625 4277 2692 4331 de
2719 4279 3015 4332 cessatione
3050 4277 3385 4333 Judaicorum
3415 4279 3625 4345 rituum,
3649 4279 3716 4334 de
3742 4280 3958 4336 destru-

2387 4367 2561 4421 ctione
2599 4367 2975 4434 gentilitiorum
2999 4407 3014 4434 ,
3055 4366 3123 4421 de
3164 4367 3440 4422 nobilitate
3465 4368 3717 4425 Ecclesia:
3738 4410 3754 4434 ,
3786 4368 3962 4440 dequo

2386 4457 2505 4511 aliis
2530 4457 2773 4512 omnibus
2799 4456 3237 4526 subsequentibus
3263 4457 3441 4513 rebus.
3480 4457 3605 4514 Haec
3631 4459 3813 4514 omnia
3842 4459 3958 4514 cla-

2387 4549 2593 4603 rissime
2623 4557 2744 4602 ante
2771 4548 2996 4602 multum
3024 4558 3228 4617 tempus
3258 4548 3609 4618 praedixerant
3634 4549 3913 4621 propheta}
3938 4589 3958 4616 ,

2386 4638 2486 4692 alia
2513 4638 2710 4708 ﬁguris,
2735 4637 2835 4691 alia
2863 4637 3056 4692 verbis.

2457 4727 2743 4796 Prop/teme
2771 4727 2884 4780 dua:
2910 4728 3116 4796 species,
3147 4744 3235 4797 per
3257 4743 3409 4797 opera
3431 4738 3478 4783 et
3506 4744 3593 4798 per
3618 4728 3785 4782 verba.
3818 4727 3957 4782 Pro-

2388 4819 2564 4886 phetia!
2583 4827 2652 4872 est
2683 4834 2781 4870 nou
2807 4817 2952 4870 modo
2978 4818 3166 4885 futura,
3191 4817 3278 4871 sed
3299 4819 3450 4871 etiam
3471 4818 3719 4886 praeterita
3735 4818 3961 4887 aperire.

2386 4937 2456 4947 ——
2482 4908 2688 4962 Etenim
2712 4907 2816 4960 duo
2841 4914 2964 4960 sunt
2990 4905 3278 4976 pr0phetiae
3299 4921 3514 4977 genera,
3542 4915 3599 4962 et
3623 4906 3874 4976 operibus
3901 4917 3959 4961 et

2388 5000 2560 5053 verbis
2590 4999 2762 5053 futura
2801 4997 3156 5065 prtenuntiare
3189 5015 3202 5050 :
3243 4997 3418 5052 verbis
3459 4997 3707 5066 quidem,
3738 5005 3795 5050 ut
3833 5011 3958 5052 cum

2388 5105 2596 5146 crucem
2625 5089 2919 5160 signiﬁcare
2943 5088 3200 5155 volentes,
3228 5088 3410 5143 dicunt
3433 5106 3446 5141 :
3474 5088 3615 5143 Sicut
3635 5087 3739 5141 ouis
3768 5086 3836 5140 ad
3860 5103 3959 5141 ca:-

2385 5182 2497 5232 dem
2522 5181 2697 5233 ductus
2726 5187 2797 5232 est
2819 5219 2832 5241 ,
2858 5187 2903 5231 et
2939 5178 3067 5230 sicut
3108 5194 3268 5248 agnus
3305 5194 3473 5232 coram
3501 5193 3556 5231 se
3581 5176 3816 5229 tondente
3852 5177 3961 5231 sine

2385 5289 2502 5326 voce
2531 5271 2695 5343 (Isai.
2726 5271 2812 5325 55.
2843 5270 2934 5338 7).
2961 5269 3075 5324 Hoc
3111 5270 3286 5340 itaque
3311 5269 3484 5325 verbis
3524 5268 3655 5338 ipsis
3680 5268 3960 5326 vaticinari

2449 5383 2521 5445 (a)
2557 5382 2674 5445 Ruth
2715 5382 2853 5445 inter
2883 5380 3190 5445 propheticos
3228 5379 3376 5430 libros
3405 5379 3622 5445 _i‘_ortasse
3646 5379 3784 5445 ponit
3798 5383 3961 5445 tignis

2384 5439 2527 5494 unius
2548 5442 2764 5491 mulieri;
2787 5439 2986 5502 privatae
3025 5442 3220 5491 historia
3252 5455 3348 5490 non
3371 5441 3621 5502 videbatur
3649 5439 3790 5488 inter
3815 5439 3961 5502 libros

2385 5517 2551 5554 sacros
2574 5498 2818 5550 accenseri
2845 5515 3004 5563 posse,
3031 5505 3121 5551 nisi
3145 5515 3205 5550 ex
3244 5515 3303 5551 ea
3324 5498 3527 5549 muliere
3552 5501 3826 5549 nasciturus
3848 5501 3961 5551 fuis-

2385 5575 2461 5614 set
2485 5566 2714 5619 Christus,
2739 5563 2789 5622 id
2807 5564 2931 5623 quod
2965 5571 3034 5612 tot
3071 5571 3183 5612 ante
3223 5563 3411 5612 saeculis
3449 5563 3633 5609 nonnisi
3675 5563 3960 5623 prophetica

2388 5627 2498 5678 sciri
2520 5632 2734 5687 poterat;
2763 5623 2837 5674 vel
2865 5626 2984 5675 forte
3007 5624 3123 5675 Ruth
3150 5625 3227 5674 hic
3251 5623 3483 5673 mendose
3508 5624 3781 5686 it'repserit.
