  <div class='ocr_page' id='page_1' title='image "/cluster/home/n/w/nwhite01/storage/ocr_20150623/56/pst.000005712557/310.png"; bbox 0 0 4152 6324; ppageno 0'>
   <div class='ocr_carea' id='block_1_1' title="bbox 155 339 2286 400">
    <p class='ocr_par' dir='ltr' id='par_1_1' title="bbox 155 339 2286 400">
     <span class='ocr_line' id='line_1_1' title="bbox 155 339 2286 400; baseline -0.001 -3"><span class='ocrx_word' id='word_1_1' title='bbox 155 343 252 400; x_wconf 85' lang='grc'>315</span> <span class='ocrx_word' id='word_1_2' title='bbox 1219 340 1543 396; x_wconf 79' lang='lat' dir='ltr'>SYNOPSIS</span> <span class='ocrx_word' id='word_1_3' title='bbox 1575 339 1978 396; x_wconf 64' lang='lat' dir='ltr'>SCRIPTURE</span> <span class='ocrx_word' id='word_1_4' title='bbox 2020 341 2286 397; x_wconf 67' lang='lat' dir='ltr'>SACRA&#39;L</span> 
     </span>
    </p>
   </div>
   <div class='ocr_carea' id='block_1_2' title="bbox 155 448 1673 520">
    <p class='ocr_par' dir='ltr' id='par_1_2' title="bbox 155 448 1673 520">
     <span class='ocr_line' id='line_1_2' title="bbox 155 448 1673 520; baseline 0.003 -22"><span class='ocrx_word' id='word_1_5' title='bbox 155 449 312 500; x_wconf 71' lang='grc' dir='ltr'>ἐκεῖνο</span> <span class='ocrx_word' id='word_1_6' title='bbox 356 449 412 501; x_wconf 81' lang='grc' dir='ltr'>αι</span> <span class='ocrx_word' id='word_1_7' title='bbox 441 451 710 503; x_wconf 84' lang='grc' dir='ltr'>Βασιλεῖαι</span> <span class='ocrx_word' id='word_1_8' title='bbox 741 451 796 503; x_wconf 77' lang='grc' dir='ltr'>αἱ</span> <span class='ocrx_word' id='word_1_9' title='bbox 837 450 1114 520; x_wconf 82' lang='grc' dir='ltr'>τέσσαρες,</span> <span class='ocrx_word' id='word_1_10' title='bbox 1161 450 1218 505; x_wconf 89' lang='grc' dir='ltr'>ύν</span> <span class='ocrx_word' id='word_1_11' title='bbox 1247 448 1332 516; x_wconf 78' lang='grc' dir='ltr'>αἶς</span> <span class='ocrx_word' id='word_1_12' title='bbox 1377 454 1443 505; x_wconf 79' lang='grc' dir='ltr'>τὰ</span> <span class='ocrx_word' id='word_1_13' title='bbox 1471 456 1547 515; x_wconf 87' lang='grc' dir='ltr'>εἰς</span> <span class='ocrx_word' id='word_1_14' title='bbox 1587 453 1673 505; x_wconf 83' lang='lat' dir='ltr'><em>16v</em></span> 
     </span>
    </p>
   </div>
   <div class='ocr_carea' id='block_1_3' title="bbox 153 537 1675 608">
    <p class='ocr_par' dir='ltr' id='par_1_3' title="bbox 153 537 1675 608">
     <span class='ocr_line' id='line_1_3' title="bbox 153 537 1675 608; baseline 0.004 -22"><span class='ocrx_word' id='word_1_15' title='bbox 153 537 326 597; x_wconf 71' lang='grc' dir='ltr'>Σαοὺλ,</span> <span class='ocrx_word' id='word_1_16' title='bbox 375 539 441 590; x_wconf 80' lang='grc' dir='ltr'>τά</span> <span class='ocrx_word' id='word_1_17' title='bbox 467 542 542 601; x_wconf 83' lang='grc' dir='ltr'>εἰς</span> <span class='ocrx_word' id='word_1_18' title='bbox 570 541 656 591; x_wconf 81' lang='grc' dir='ltr'>τὸν</span> <span class='ocrx_word' id='word_1_19' title='bbox 686 541 860 602; x_wconf 83' lang='grc' dir='ltr'>Δαυῒδ,</span> <span class='ocrx_word' id='word_1_20' title='bbox 893 542 956 593; x_wconf 82' lang='grc' dir='ltr'>τά</span> <span class='ocrx_word' id='word_1_21' title='bbox 998 543 1073 602; x_wconf 83' lang='grc' dir='ltr'>είς</span> <span class='ocrx_word' id='word_1_22' title='bbox 1116 541 1426 608; x_wconf 87' lang='grc' dir='ltr'>Σολομῶντα</span> <span class='ocrx_word' id='word_1_23' title='bbox 1469 542 1559 594; x_wconf 68' lang='grc' dir='ltr'>καὶ</span> <span class='ocrx_word' id='word_1_24' title='bbox 1589 543 1675 593; x_wconf 87' lang='grc' dir='ltr'>τὸν</span> 
     </span>
    </p>
   </div>
   <div class='ocr_carea' id='block_1_4' title="bbox 163 623 1671 696">
    <p class='ocr_par' dir='ltr' id='par_1_4' title="bbox 163 623 1671 696">
     <span class='ocr_line' id='line_1_4' title="bbox 163 623 1671 696; baseline 0.005 -24"><span class='ocrx_word' id='word_1_25' title='bbox 163 623 328 675; x_wconf 79' lang='grc' dir='ltr'>Ἠλίαν</span> <span class='ocrx_word' id='word_1_26' title='bbox 358 627 447 676; x_wconf 80' lang='grc' dir='ltr'>καὶ</span> <span class='ocrx_word' id='word_1_27' title='bbox 477 626 563 677; x_wconf 81' lang='grc' dir='ltr'>τὸν</span> <span class='ocrx_word' id='word_1_28' title='bbox 609 627 919 689; x_wconf 84' lang='grc' dir='ltr'>Ἐλισσαῖον,</span> <span class='ocrx_word' id='word_1_29' title='bbox 953 629 1042 679; x_wconf 73' lang='grc' dir='ltr'>καὶ</span> <span class='ocrx_word' id='word_1_30' title='bbox 1075 627 1138 678; x_wconf 77' lang='grc' dir='ltr'>τὰ</span> <span class='ocrx_word' id='word_1_31' title='bbox 1168 629 1323 696; x_wconf 86' lang='grc' dir='ltr'>μέχρι</span> <span class='ocrx_word' id='word_1_32' title='bbox 1352 629 1448 696; x_wconf 87' lang='grc' dir='ltr'>τῆς</span> <span class='ocrx_word' id='word_1_33' title='bbox 1472 630 1671 696; x_wconf 83' lang='grc' dir='ltr'>αίχμα-</span> 
     </span>
    </p>
   </div>
   <div class='ocr_carea' id='block_1_5' title="bbox 153 715 1674 785">
    <p class='ocr_par' dir='ltr' id='par_1_5' title="bbox 153 715 1674 785">
     <span class='ocr_line' id='line_1_5' title="bbox 153 715 1674 785; baseline 0.006 -24"><span class='ocrx_word' id='word_1_34' title='bbox 153 715 330 776; x_wconf 83' lang='grc' dir='ltr'>λωσίας</span> <span class='ocrx_word' id='word_1_35' title='bbox 377 715 475 783; x_wconf 82' lang='grc' dir='ltr'>τῆς</span> <span class='ocrx_word' id='word_1_36' title='bbox 521 718 598 776; x_wconf 85' lang='grc' dir='ltr'>είς</span> <span class='ocrx_word' id='word_1_37' title='bbox 639 715 940 770; x_wconf 82' lang='grc' dir='ltr'>Βαϐυλῶνα.</span> <span class='ocrx_word' id='word_1_38' title='bbox 976 718 1126 769; x_wconf 73' lang='grc' dir='ltr'>Μετὰ</span> <span class='ocrx_word' id='word_1_39' title='bbox 1168 718 1222 768; x_wconf 81' lang='grc' dir='ltr'>δὲ</span> <span class='ocrx_word' id='word_1_40' title='bbox 1266 718 1361 779; x_wconf 82' lang='grc' dir='ltr'>τὰς</span> <span class='ocrx_word' id='word_1_41' title='bbox 1409 718 1674 785; x_wconf 81' lang='grc' dir='ltr'>βασιλείας</span> 
     </span>
    </p>
   </div>
   <div class='ocr_carea' id='block_1_6' title="bbox 155 803 1672 874">
    <p class='ocr_par' dir='ltr' id='par_1_6' title="bbox 155 803 1672 874">
     <span class='ocr_line' id='line_1_6' title="bbox 155 803 1672 874; baseline 0.003 -20"><span class='ocrx_word' id='word_1_42' title='bbox 155 803 389 871; x_wconf 81' lang='grc' dir='ltr'>Ἔσδρας.</span> <span class='ocrx_word' id='word_1_43' title='bbox 443 804 652 873; x_wconf 81' lang='grc' dir='ltr'>Ἐπειδὴ</span> <span class='ocrx_word' id='word_1_44' title='bbox 688 805 791 874; x_wconf 90' lang='grc' dir='ltr'>γάρ</span> <span class='ocrx_word' id='word_1_45' title='bbox 839 807 1213 874; x_wconf 76' lang='grc' dir='ltr'>ἀπηνέχθησαν</span> <span class='ocrx_word' id='word_1_46' title='bbox 1257 809 1332 867; x_wconf 88' lang='grc' dir='ltr'>εἰς</span> <span class='ocrx_word' id='word_1_47' title='bbox 1387 807 1672 860; x_wconf 84' lang='grc' dir='ltr'>Βαϐυλῶνα</span> 
     </span>
    </p>
   </div>
   <div class='ocr_carea' id='block_1_7' title="bbox 152 893 1670 962">
    <p class='ocr_par' dir='ltr' id='par_1_7' title="bbox 152 893 1670 962">
     <span class='ocr_line' id='line_1_7' title="bbox 152 893 1670 962; baseline 0.002 -18"><span class='ocrx_word' id='word_1_48' title='bbox 152 893 487 961; x_wconf 76' lang='grc' dir='ltr'>ἁμαρτόντες,</span> <span class='ocrx_word' id='word_1_49' title='bbox 519 895 606 945; x_wconf 70' lang='grc' dir='ltr'>καὶ</span> <span class='ocrx_word' id='word_1_50' title='bbox 634 894 992 962; x_wconf 82' lang='grc' dir='ltr'>ἑϐδομήκοντα</span> <span class='ocrx_word' id='word_1_51' title='bbox 1037 895 1129 962; x_wconf 79' lang='grc' dir='ltr'>ἔτη</span> <span class='ocrx_word' id='word_1_52' title='bbox 1161 895 1458 947; x_wconf 83' lang='grc' dir='ltr'>διετέλεσαν</span> <span class='ocrx_word' id='word_1_53' title='bbox 1488 897 1670 948; x_wconf 84' lang='grc' dir='ltr'>αὐτόθι</span> 
     </span>
    </p>
   </div>
   <div class='ocr_carea' id='block_1_8' title="bbox 150 980 1668 1052">
    <p class='ocr_par' dir='ltr' id='par_1_8' title="bbox 150 980 1668 1052">
     <span class='ocr_line' id='line_1_8' title="bbox 150 980 1668 1052; baseline 0.002 -21"><span class='ocrx_word' id='word_1_54' title='bbox 150 980 488 1042; x_wconf 77' lang='grc' dir='ltr'>δουλεύοντες,</span> <span class='ocrx_word' id='word_1_55' title='bbox 509 982 536 1032; x_wconf 89' lang='lat'>6</span> <span class='ocrx_word' id='word_1_56' title='bbox 559 980 684 1042; x_wconf 79' lang='grc' dir='ltr'>Θεὸς</span> <span class='ocrx_word' id='word_1_57' title='bbox 724 981 940 1050; x_wconf 80' lang='grc' dir='ltr'>ὕστερον</span> <span class='ocrx_word' id='word_1_58' title='bbox 979 982 1131 1043; x_wconf 77' lang='grc' dir='ltr'>ἵλεως</span> <span class='ocrx_word' id='word_1_59' title='bbox 1158 983 1333 1043; x_wconf 75' lang='grc' dir='ltr'>αὐτοῖς</span> <span class='ocrx_word' id='word_1_60' title='bbox 1371 983 1668 1052; x_wconf 82' lang='grc' dir='ltr'>γενόμενος,</span> 
     </span>
    </p>
   </div>
   <div class='ocr_carea' id='block_1_9' title="bbox 156 1068 1670 1138">
    <p class='ocr_par' dir='ltr' id='par_1_9' title="bbox 156 1068 1670 1138">
     <span class='ocr_line' id='line_1_9' title="bbox 156 1068 1670 1138; baseline 0.003 -20"><span class='ocrx_word' id='word_1_61' title='bbox 156 1068 517 1136; x_wconf 75' lang='grc' dir='ltr'>παρεσκεύασε</span> <span class='ocrx_word' id='word_1_62' title='bbox 550 1069 632 1120; x_wconf 85' lang='grc' dir='ltr'>τὸν</span> <span class='ocrx_word' id='word_1_63' title='bbox 666 1068 840 1138; x_wconf 85' lang='grc' dir='ltr'>Κῦρον</span> <span class='ocrx_word' id='word_1_64' title='bbox 886 1070 972 1120; x_wconf 81' lang='grc' dir='ltr'>τὸν</span> <span class='ocrx_word' id='word_1_65' title='bbox 1013 1070 1128 1120; x_wconf 89' lang='grc' dir='ltr'>τότε</span> <span class='ocrx_word' id='word_1_66' title='bbox 1176 1071 1393 1138; x_wconf 85' lang='grc' dir='ltr'>Περσῶν</span> <span class='ocrx_word' id='word_1_67' title='bbox 1427 1071 1670 1138; x_wconf 86' lang='grc' dir='ltr'>βασιλεύ-</span> 
     </span>
    </p>
   </div>
   <div class='ocr_carea' id='block_1_10' title="bbox 149 1149 1666 1226">
    <p class='ocr_par' dir='ltr' id='par_1_10' title="bbox 149 1149 1666 1226">
     <span class='ocr_line' id='line_1_10' title="bbox 149 1149 1666 1226; baseline 0.001 -18"><span class='ocrx_word' id='word_1_68' title='bbox 149 1173 282 1218; x_wconf 83' lang='grc' dir='ltr'>οντα,</span> <span class='ocrx_word' id='word_1_69' title='bbox 319 1157 514 1225; x_wconf 85' lang='grc' dir='ltr'>Κῦρον,</span> <span class='ocrx_word' id='word_1_70' title='bbox 563 1149 621 1208; x_wconf 81' lang='grc' dir='ltr'>οῦ</span> <span class='ocrx_word' id='word_1_71' title='bbox 673 1157 768 1218; x_wconf 83' lang='grc' dir='ltr'>τὰς</span> <span class='ocrx_word' id='word_1_72' title='bbox 820 1157 1058 1219; x_wconf 81' lang='grc' dir='ltr'>παιδείας</span> <span class='ocrx_word' id='word_1_73' title='bbox 1091 1158 1357 1226; x_wconf 69' lang='grc' dir='ltr'>ἀνέγραψε</span> <span class='ocrx_word' id='word_1_74' title='bbox 1407 1159 1666 1225; x_wconf 87' lang='grc' dir='ltr'>Ξενοφῶν,</span> 
     </span>
    </p>
   </div>
   <div class='ocr_carea' id='block_1_11' title="bbox 151 1245 1669 1316">
    <p class='ocr_par' dir='ltr' id='par_1_11' title="bbox 151 1245 1669 1316">
     <span class='ocr_line' id='line_1_11' title="bbox 151 1245 1669 1316; baseline 0.001 -17"><span class='ocrx_word' id='word_1_75' title='bbox 151 1249 349 1313; x_wconf 78' lang='grc' dir='ltr'>ἀφεῖναι</span> <span class='ocrx_word' id='word_1_76' title='bbox 386 1246 505 1306; x_wconf 80' lang='grc' dir='ltr'>τοὺς</span> <span class='ocrx_word' id='word_1_77' title='bbox 550 1245 931 1314; x_wconf 73' lang='grc' dir='ltr'>αἰχμαλώτους.</span> <span class='ocrx_word' id='word_1_78' title='bbox 963 1247 1069 1298; x_wconf 70' lang='grc' dir='ltr'>Καὶ</span> <span class='ocrx_word' id='word_1_79' title='bbox 1103 1247 1342 1312; x_wconf 78' lang='grc' dir='ltr'>ἀφέντος,</span> <span class='ocrx_word' id='word_1_80' title='bbox 1379 1248 1669 1316; x_wconf 79' lang='grc' dir='ltr'>ἐπανῆλθον</span> 
     </span>
    </p>
   </div>
   <div class='ocr_carea' id='block_1_12' title="bbox 151 1333 1673 1407">
    <p class='ocr_par' dir='ltr' id='par_1_12' title="bbox 151 1333 1673 1407">
     <span class='ocr_line' id='line_1_12' title="bbox 151 1333 1673 1407; baseline 0.003 -23"><span class='ocrx_word' id='word_1_81' title='bbox 151 1333 428 1401; x_wconf 70' lang='grc' dir='ltr'>ἡγουμένου</span> <span class='ocrx_word' id='word_1_82' title='bbox 480 1333 567 1384; x_wconf 87' lang='grc' dir='ltr'>τοῦ</span> <span class='ocrx_word' id='word_1_83' title='bbox 628 1334 860 1404; x_wconf 86' lang='grc' dir='ltr'>Ἔσδρα,</span> <span class='ocrx_word' id='word_1_84' title='bbox 906 1333 995 1385; x_wconf 89' lang='grc' dir='ltr'>τοῦ</span> <span class='ocrx_word' id='word_1_85' title='bbox 1051 1336 1316 1404; x_wconf 82' lang='grc' dir='ltr'>Νεεμίου,</span> <span class='ocrx_word' id='word_1_86' title='bbox 1377 1338 1463 1388; x_wconf 88' lang='grc' dir='ltr'>τοῦ</span> <span class='ocrx_word' id='word_1_87' title='bbox 1521 1340 1673 1407; x_wconf 86' lang='grc' dir='ltr'>Ζορο-</span> 
     </span>
    </p>
   </div>
   <div class='ocr_carea' id='block_1_13' title="bbox 151 1421 1663 1494">
    <p class='ocr_par' dir='ltr' id='par_1_13' title="bbox 151 1421 1663 1494">
     <span class='ocr_line' id='line_1_13' title="bbox 151 1421 1663 1494; baseline 0.003 -21"><span class='ocrx_word' id='word_1_88' title='bbox 151 1422 321 1474; x_wconf 72' lang='grc' dir='ltr'>ϐάϐελ.</span> <span class='ocrx_word' id='word_1_89' title='bbox 347 1423 456 1474; x_wconf 79' lang='grc' dir='ltr'>Καὶ</span> <span class='ocrx_word' id='word_1_90' title='bbox 491 1421 586 1491; x_wconf 79' lang='grc' dir='ltr'>τὴν</span> <span class='ocrx_word' id='word_1_91' title='bbox 622 1422 870 1474; x_wconf 78' lang='grc' dir='ltr'>ἐπάνοδον</span> <span class='ocrx_word' id='word_1_92' title='bbox 889 1422 1089 1492; x_wconf 89' lang='grc' dir='ltr'>ταύτην</span> <span class='ocrx_word' id='word_1_93' title='bbox 1120 1424 1313 1492; x_wconf 85' lang='grc' dir='ltr'>γράφει</span> <span class='ocrx_word' id='word_1_94' title='bbox 1335 1427 1361 1476; x_wconf 90' lang='lat'>6</span> <span class='ocrx_word' id='word_1_95' title='bbox 1389 1427 1617 1494; x_wconf 83' lang='grc' dir='ltr'>Ἔσδρας</span> <span class='ocrx_word' id='word_1_96' title='bbox 1652 1443 1663 1456; x_wconf 75' lang='grc'><strong>⁸</strong></span> 
     </span>
    </p>
   </div>
   <div class='ocr_carea' id='block_1_14' title="bbox 149 1509 1660 1585">
    <p class='ocr_par' dir='ltr' id='par_1_14' title="bbox 149 1509 1660 1585">
     <span class='ocr_line' id='line_1_14' title="bbox 149 1509 1660 1585; baseline 0.004 -23"><span class='ocrx_word' id='word_1_97' title='bbox 149 1513 213 1574; x_wconf 84' lang='grc' dir='ltr'>ὡς</span> <span class='ocrx_word' id='word_1_98' title='bbox 241 1509 612 1572; x_wconf 70' lang='grc' dir='ltr'>ἐπανελθόντες</span> <span class='ocrx_word' id='word_1_99' title='bbox 639 1513 703 1563; x_wconf 85' lang='grc' dir='ltr'>ἐκ</span> <span class='ocrx_word' id='word_1_100' title='bbox 741 1512 985 1582; x_wconf 77' lang='grc' dir='ltr'>δευτέρου</span> <span class='ocrx_word' id='word_1_101' title='bbox 1017 1513 1104 1564; x_wconf 86' lang='grc' dir='ltr'>τὸν</span> <span class='ocrx_word' id='word_1_102' title='bbox 1136 1512 1257 1565; x_wconf 82' lang='grc' dir='ltr'>ναὸν</span> <span class='ocrx_word' id='word_1_103' title='bbox 1295 1515 1660 1585; x_wconf 79' lang='grc' dir='ltr'>ᾠκοδόμησαν,</span> 
     </span>
    </p>
   </div>
   <div class='ocr_carea' id='block_1_15' title="bbox 150 1596 1668 1669">
    <p class='ocr_par' dir='ltr' id='par_1_15' title="bbox 150 1596 1668 1669">
     <span class='ocr_line' id='line_1_15' title="bbox 150 1596 1668 1669; baseline 0.003 -22"><span class='ocrx_word' id='word_1_104' title='bbox 150 1597 231 1647; x_wconf 73' lang='grc' dir='ltr'>καὶ</span> <span class='ocrx_word' id='word_1_105' title='bbox 265 1598 360 1665; x_wconf 78' lang='grc' dir='ltr'>τὴν</span> <span class='ocrx_word' id='word_1_106' title='bbox 388 1597 536 1648; x_wconf 87' lang='grc' dir='ltr'>πόλιν</span> <span class='ocrx_word' id='word_1_107' title='bbox 574 1596 888 1663; x_wconf 86' lang='grc' dir='ltr'>ἀνέστησαν.</span> <span class='ocrx_word' id='word_1_108' title='bbox 922 1597 1027 1649; x_wconf 78' lang='grc' dir='ltr'>Καὶ</span> <span class='ocrx_word' id='word_1_109' title='bbox 1060 1598 1243 1649; x_wconf 76' lang='grc' dir='ltr'>ἑκατὸν</span> <span class='ocrx_word' id='word_1_110' title='bbox 1287 1599 1668 1669; x_wconf 77' lang='grc' dir='ltr'>διαγενομένων</span> 
     </span>
    </p>
   </div>
   <div class='ocr_carea' id='block_1_16' title="bbox 149 1682 1663 1750">
    <p class='ocr_par' dir='ltr' id='par_1_16' title="bbox 149 1682 1663 1750">
     <span class='ocr_line' id='line_1_16' title="bbox 149 1682 1663 1750; baseline 0.004 -16"><span class='ocrx_word' id='word_1_111' title='bbox 149 1682 303 1743; x_wconf 78' lang='grc' dir='ltr'>ἐτῶν,</span> <span class='ocrx_word' id='word_1_112' title='bbox 352 1682 507 1736; x_wconf 82' lang='grc' dir='ltr'>πάλιν</span> <span class='ocrx_word' id='word_1_113' title='bbox 556 1682 783 1750; x_wconf 78' lang='grc' dir='ltr'>πόλεμος</span> <span class='ocrx_word' id='word_1_114' title='bbox 828 1684 1017 1745; x_wconf 80' lang='grc' dir='ltr'>αὐτοὺς</span> <span class='ocrx_word' id='word_1_115' title='bbox 1080 1684 1371 1737; x_wconf 85' lang='grc' dir='ltr'>κατέλαϐεν</span> <span class='ocrx_word' id='word_1_116' title='bbox 1419 1689 1446 1739; x_wconf 91' lang='lat'>6</span> <span class='ocrx_word' id='word_1_117' title='bbox 1479 1689 1663 1740; x_wconf 86' lang='grc' dir='ltr'>Μακε-</span> 
     </span>
    </p>
   </div>
   <div class='ocr_carea' id='block_1_17' title="bbox 147 1767 1666 1843">
    <p class='ocr_par' dir='ltr' id='par_1_17' title="bbox 147 1767 1666 1843">
     <span class='ocr_line' id='line_1_17' title="bbox 147 1767 1666 1843; baseline 0.005 -22"><span class='ocrx_word' id='word_1_118' title='bbox 147 1770 354 1833; x_wconf 84' lang='grc' dir='ltr'>δονικός.</span> <span class='ocrx_word' id='word_1_119' title='bbox 407 1767 534 1822; x_wconf 70' lang='grc' dir='ltr'>Εἶτα</span> <span class='ocrx_word' id='word_1_120' title='bbox 579 1770 646 1822; x_wconf 71' lang='grc' dir='ltr'>τὰ</span> <span class='ocrx_word' id='word_1_121' title='bbox 693 1773 780 1823; x_wconf 77' lang='grc' dir='ltr'>ἐπὶ</span> <span class='ocrx_word' id='word_1_122' title='bbox 822 1772 1083 1840; x_wconf 83' lang='grc' dir='ltr'>Ἀντιόχου</span> <span class='ocrx_word' id='word_1_123' title='bbox 1133 1775 1322 1843; x_wconf 88' lang='grc' dir='ltr'>συνέϐη</span> <span class='ocrx_word' id='word_1_124' title='bbox 1374 1775 1464 1827; x_wconf 87' lang='grc' dir='ltr'>τοῦ</span> <span class='ocrx_word' id='word_1_125' title='bbox 1522 1778 1666 1828; x_wconf 87' lang='grc' dir='ltr'>Ἐπι-</span> 
     </span>
    </p>
   </div>
   <div class='ocr_carea' id='block_1_18' title="bbox 148 1859 1664 1934">
    <p class='ocr_par' dir='ltr' id='par_1_18' title="bbox 148 1859 1664 1934">
     <span class='ocr_line' id='line_1_18' title="bbox 148 1859 1664 1934; baseline 0.004 -23"><span class='ocrx_word' id='word_1_126' title='bbox 148 1860 332 1927; x_wconf 80' lang='grc' dir='ltr'>φανοῦς</span> <span class='ocrx_word' id='word_1_127' title='bbox 352 1899 365 1922; x_wconf 94' lang='grc'>,</span> <span class='ocrx_word' id='word_1_128' title='bbox 407 1860 492 1911; x_wconf 80' lang='grc' dir='ltr'>ὅτε</span> <span class='ocrx_word' id='word_1_129' title='bbox 515 1861 605 1911; x_wconf 78' lang='grc' dir='ltr'>καὶ</span> <span class='ocrx_word' id='word_1_130' title='bbox 630 1861 752 1930; x_wconf 88' lang='grc' dir='ltr'>τρία</span> <span class='ocrx_word' id='word_1_131' title='bbox 781 1859 874 1930; x_wconf 75' lang='grc' dir='ltr'>ἐτη</span> <span class='ocrx_word' id='word_1_132' title='bbox 901 1861 1332 1932; x_wconf 73' lang='grc' dir='ltr'>πολιορκηθέντες</span> <span class='ocrx_word' id='word_1_133' title='bbox 1369 1865 1456 1916; x_wconf 73' lang='grc' dir='ltr'>καὶ</span> <span class='ocrx_word' id='word_1_134' title='bbox 1481 1867 1664 1934; x_wconf 67' lang='grc' dir='ltr'>ἥμισυ,</span> 
     </span>
    </p>
   </div>
   <div class='ocr_carea' id='block_1_19' title="bbox 150 1949 1668 2020">
    <p class='ocr_par' dir='ltr' id='par_1_19' title="bbox 150 1949 1668 2020">
     <span class='ocr_line' id='line_1_19' title="bbox 150 1949 1668 2020; baseline 0.003 -20"><span class='ocrx_word' id='word_1_135' title='bbox 150 1949 316 2010; x_wconf 86' lang='grc' dir='ltr'>κακῶς</span> <span class='ocrx_word' id='word_1_136' title='bbox 345 1949 616 2010; x_wconf 83' lang='grc' dir='ltr'>παθόντες,</span> <span class='ocrx_word' id='word_1_137' title='bbox 662 1949 816 2001; x_wconf 83' lang='grc' dir='ltr'>πάλιν</span> <span class='ocrx_word' id='word_1_138' title='bbox 864 1951 1244 2020; x_wconf 79' lang='grc' dir='ltr'>ἀπηλλάγησαν</span> <span class='ocrx_word' id='word_1_139' title='bbox 1286 1953 1392 2002; x_wconf 91' lang='grc' dir='ltr'>τῶν</span> <span class='ocrx_word' id='word_1_140' title='bbox 1433 1955 1668 2020; x_wconf 80' lang='grc' dir='ltr'>ἐπιγενο-</span> 
     </span>
    </p>
   </div>
   <div class='ocr_carea' id='block_1_20' title="bbox 150 2036 1665 2109">
    <p class='ocr_par' dir='ltr' id='par_1_20' title="bbox 150 2036 1665 2109">
     <span class='ocr_line' id='line_1_20' title="bbox 150 2036 1665 2109; baseline 0.003 -20"><span class='ocrx_word' id='word_1_141' title='bbox 150 2038 308 2106; x_wconf 82' lang='grc' dir='ltr'>μένων</span> <span class='ocrx_word' id='word_1_142' title='bbox 352 2036 552 2088; x_wconf 82' lang='grc' dir='ltr'>κακῶν.</span> <span class='ocrx_word' id='word_1_143' title='bbox 590 2037 698 2089; x_wconf 68' lang='lat' dir='ltr'>Kal</span> <span class='ocrx_word' id='word_1_144' title='bbox 743 2040 855 2106; x_wconf 83' lang='grc' dir='ltr'>μετ’</span> <span class='ocrx_word' id='word_1_145' title='bbox 899 2040 1068 2090; x_wconf 79' lang='grc' dir='ltr'>έκεῖνο</span> <span class='ocrx_word' id='word_1_146' title='bbox 1097 2039 1268 2105; x_wconf 82' lang='grc' dir='ltr'>ὀλίγου</span> <span class='ocrx_word' id='word_1_147' title='bbox 1299 2041 1665 2109; x_wconf 79' lang='grc' dir='ltr'>διαγενομένου</span> 
     </span>
    </p>
   </div>
   <div class='ocr_carea' id='block_1_21' title="bbox 147 2127 1665 2200">
    <p class='ocr_par' dir='ltr' id='par_1_21' title="bbox 147 2127 1665 2200">
     <span class='ocr_line' id='line_1_21' title="bbox 147 2127 1665 2200; baseline 0.003 -22"><span class='ocrx_word' id='word_1_148' title='bbox 147 2128 347 2196; x_wconf 82' lang='grc' dir='ltr'>χρόνον,</span> <span class='ocrx_word' id='word_1_149' title='bbox 396 2127 608 2197; x_wconf 77' lang='grc' dir='ltr'>ἔρχεται</span> <span class='ocrx_word' id='word_1_150' title='bbox 640 2129 667 2179; x_wconf 92' lang='lat'>6</span> <span class='ocrx_word' id='word_1_151' title='bbox 711 2128 971 2198; x_wconf 86' lang='grc' dir='ltr'>Χριστὸς,</span> <span class='ocrx_word' id='word_1_152' title='bbox 1017 2128 1106 2181; x_wconf 75' lang='grc' dir='ltr'>καὶ</span> <span class='ocrx_word' id='word_1_153' title='bbox 1148 2130 1293 2191; x_wconf 82' lang='grc' dir='ltr'>τέλος</span> <span class='ocrx_word' id='word_1_154' title='bbox 1329 2129 1584 2199; x_wconf 88' lang='grc' dir='ltr'>λαμϐάνει</span> <span class='ocrx_word' id='word_1_155' title='bbox 1634 2133 1665 2200; x_wconf 84' lang='grc' dir='ltr'>ὴ</span> 
     </span>
    </p>
   </div>
   <div class='ocr_carea' id='block_1_22' title="bbox 147 2215 361 2267">
    <p class='ocr_par' dir='ltr' id='par_1_22' title="bbox 147 2215 361 2267">
     <span class='ocr_line' id='line_1_22' title="bbox 147 2215 361 2267; baseline 0.005 -1"><span class='ocrx_word' id='word_1_156' title='bbox 147 2215 361 2267; x_wconf 53' lang='lat' dir='ltr'>nam.</span> 
     </span>
    </p>
   </div>
   <div class='ocr_carea' id='block_1_23' title="bbox 209 2325 1666 2396">
    <p class='ocr_par' dir='ltr' id='par_1_23' title="bbox 209 2325 1666 2396">
     <span class='ocr_line' id='line_1_23' title="bbox 209 2325 1666 2396; baseline 0.003 -20"><span class='ocrx_word' id='word_1_157' title='bbox 209 2326 363 2378; x_wconf 82' lang='grc' dir='ltr'>Ὥστε</span> <span class='ocrx_word' id='word_1_158' title='bbox 418 2326 474 2377; x_wconf 75' lang='grc' dir='ltr'>δὲ</span> <span class='ocrx_word' id='word_1_159' title='bbox 539 2326 724 2394; x_wconf 81' lang='grc' dir='ltr'>μαθεῖν</span> <span class='ocrx_word' id='word_1_160' title='bbox 777 2325 935 2378; x_wconf 88' lang='grc' dir='ltr'>πόθεν</span> <span class='ocrx_word' id='word_1_161' title='bbox 992 2326 1213 2396; x_wconf 84' lang='grc' dir='ltr'>συνέστη</span> <span class='ocrx_word' id='word_1_162' title='bbox 1283 2330 1340 2380; x_wconf 85' lang='lat'>16</span> <span class='ocrx_word' id='word_1_163' title='bbox 1407 2329 1666 2382; x_wconf 84' lang='grc' dir='ltr'>Ἰουδαίων</span> 
     </span>
    </p>
   </div>
   <div class='ocr_carea' id='block_1_24' title="bbox 144 2415 1665 2487">
    <p class='ocr_par' dir='ltr' id='par_1_24' title="bbox 144 2415 1665 2487">
     <span class='ocr_line' id='line_1_24' title="bbox 144 2415 1665 2487; baseline 0.002 -20"><span class='ocrx_word' id='word_1_164' title='bbox 144 2416 305 2482; x_wconf 85' lang='grc' dir='ltr'>γένος,</span> <span class='ocrx_word' id='word_1_165' title='bbox 333 2418 618 2482; x_wconf 87' lang='grc' dir='ltr'>ἀναγκαῖον</span> <span class='ocrx_word' id='word_1_166' title='bbox 652 2415 799 2480; x_wconf 79' lang='grc' dir='ltr'>ὀλίγα</span> <span class='ocrx_word' id='word_1_167' title='bbox 844 2419 1030 2468; x_wconf 81' lang='grc' dir='ltr'>εἰπεῖν.</span> <span class='ocrx_word' id='word_1_168' title='bbox 1073 2418 1223 2470; x_wconf 86' lang='grc' dir='ltr'>Μετά</span> <span class='ocrx_word' id='word_1_169' title='bbox 1258 2419 1344 2470; x_wconf 85' lang='grc' dir='ltr'>τὸν</span> <span class='ocrx_word' id='word_1_170' title='bbox 1380 2420 1544 2487; x_wconf 72' lang='grc' dir='ltr'>’Λδαμ</span> <span class='ocrx_word' id='word_1_171' title='bbox 1576 2420 1665 2485; x_wconf 84' lang='grc' dir='ltr'>γέ-</span> 
     </span>
    </p>
   </div>
   <div class='ocr_carea' id='block_1_25' title="bbox 145 2500 1664 2575">
    <p class='ocr_par' dir='ltr' id='par_1_25' title="bbox 145 2500 1664 2575">
     <span class='ocr_line' id='line_1_25' title="bbox 145 2500 1664 2575; baseline 0.003 -21"><span class='ocrx_word' id='word_1_172' title='bbox 145 2513 286 2570; x_wconf 76' lang='grc' dir='ltr'>γονεν</span> <span class='ocrx_word' id='word_1_173' title='bbox 317 2508 344 2556; x_wconf 98' lang='lat'>6</span> <span class='ocrx_word' id='word_1_174' title='bbox 381 2506 506 2573; x_wconf 82' lang='grc' dir='ltr'>Σὴθ,</span> <span class='ocrx_word' id='word_1_175' title='bbox 552 2500 667 2556; x_wconf 87' lang='grc' dir='ltr'>εἶτα</span> <span class='ocrx_word' id='word_1_176' title='bbox 709 2505 890 2572; x_wconf 86' lang='grc' dir='ltr'>Ἑνὼχ,</span> <span class='ocrx_word' id='word_1_177' title='bbox 935 2500 1048 2554; x_wconf 77' lang='grc' dir='ltr'>εἶτα</span> <span class='ocrx_word' id='word_1_178' title='bbox 1092 2506 1262 2574; x_wconf 82' lang='grc' dir='ltr'>έτεροι</span> <span class='ocrx_word' id='word_1_179' title='bbox 1293 2509 1448 2575; x_wconf 83' lang='grc' dir='ltr'>μέχρι</span> <span class='ocrx_word' id='word_1_180' title='bbox 1494 2509 1664 2558; x_wconf 81' lang='grc' dir='ltr'>πλειό-</span> 
     </span>
    </p>
   </div>
   <div class='ocr_carea' id='block_1_26' title="bbox 145 2589 1664 2662">
    <p class='ocr_par' dir='ltr' id='par_1_26' title="bbox 145 2589 1664 2662">
     <span class='ocr_line' id='line_1_26' title="bbox 145 2589 1664 2662; baseline 0.001 -18"><span class='ocrx_word' id='word_1_181' title='bbox 145 2612 238 2646; x_wconf 85' lang='grc' dir='ltr'>νων</span> <span class='ocrx_word' id='word_1_182' title='bbox 262 2594 454 2660; x_wconf 86' lang='grc' dir='ltr'>γενεῶν</span> <span class='ocrx_word' id='word_1_183' title='bbox 479 2609 492 2623; x_wconf 91' lang='grc'>·</span> <span class='ocrx_word' id='word_1_184' title='bbox 526 2594 617 2645; x_wconf 78' lang='grc' dir='ltr'>καὶ</span> <span class='ocrx_word' id='word_1_185' title='bbox 647 2593 764 2644; x_wconf 88' lang='grc' dir='ltr'>τότε</span> <span class='ocrx_word' id='word_1_186' title='bbox 787 2597 814 2645; x_wconf 92' lang='lat'>6</span> <span class='ocrx_word' id='word_1_187' title='bbox 849 2593 985 2656; x_wconf 85' lang='grc' dir='ltr'>Νῶε,</span> <span class='ocrx_word' id='word_1_188' title='bbox 1015 2595 1095 2661; x_wconf 83' lang='grc' dir='ltr'>ἐφ’</span> <span class='ocrx_word' id='word_1_189' title='bbox 1117 2589 1196 2657; x_wconf 80' lang='grc' dir='ltr'>οῦ,</span> <span class='ocrx_word' id='word_1_190' title='bbox 1247 2594 1351 2644; x_wconf 87' lang='grc' dir='ltr'>τῶν</span> <span class='ocrx_word' id='word_1_191' title='bbox 1377 2594 1664 2662; x_wconf 35' lang='grc' dir='ltr'>άεννθρώπων</span> 
     </span>
    </p>
   </div>
   <div class='ocr_carea' id='block_1_27' title="bbox 144 2677 1661 2749">
    <p class='ocr_par' dir='ltr' id='par_1_27' title="bbox 144 2677 1661 2749">
     <span class='ocr_line' id='line_1_27' title="bbox 144 2677 1661 2749; baseline -0.004 -17"><span class='ocrx_word' id='word_1_192' title='bbox 144 2681 526 2749; x_wconf 76' lang='grc' dir='ltr'>διαφθαρέντων</span> <span class='ocrx_word' id='word_1_193' title='bbox 560 2679 661 2730; x_wconf 88' lang='grc' dir='ltr'>ὑπὸ</span> <span class='ocrx_word' id='word_1_194' title='bbox 692 2680 904 2740; x_wconf 83' lang='grc' dir='ltr'>κακίας,</span> <span class='ocrx_word' id='word_1_195' title='bbox 951 2679 1154 2743; x_wconf 88' lang='grc' dir='ltr'>γίνεται</span> <span class='ocrx_word' id='word_1_196' title='bbox 1197 2680 1223 2729; x_wconf 92' lang='lat'>6</span> <span class='ocrx_word' id='word_1_197' title='bbox 1273 2677 1661 2744; x_wconf 84' lang='grc' dir='ltr'>κατακλυσμός.</span> 
     </span>
    </p>
   </div>
   <div class='ocr_carea' id='block_1_28' title="bbox 146 2762 1665 2832">
    <p class='ocr_par' dir='ltr' id='par_1_28' title="bbox 146 2762 1665 2832">
     <span class='ocr_line' id='line_1_28' title="bbox 146 2762 1665 2832; baseline -0.003 -14"><span class='ocrx_word' id='word_1_198' title='bbox 146 2763 264 2819; x_wconf 82' lang='grc' dir='ltr'>Εἶτα</span> <span class='ocrx_word' id='word_1_199' title='bbox 292 2765 382 2818; x_wconf 88' lang='grc' dir='ltr'>τοῦ</span> <span class='ocrx_word' id='word_1_200' title='bbox 417 2763 792 2832; x_wconf 75' lang='grc' dir='ltr'>κατακλυσμοῦ</span> <span class='ocrx_word' id='word_1_201' title='bbox 826 2763 1136 2825; x_wconf 83' lang='grc' dir='ltr'>παυθέντος,</span> <span class='ocrx_word' id='word_1_202' title='bbox 1185 2763 1404 2825; x_wconf 83' lang='grc' dir='ltr'>ἐξελθὼν</span> <span class='ocrx_word' id='word_1_203' title='bbox 1440 2762 1540 2813; x_wconf 75' lang='grc' dir='ltr'>ἀπὸ</span> <span class='ocrx_word' id='word_1_204' title='bbox 1572 2762 1665 2830; x_wconf 80' lang='grc' dir='ltr'>τῆς</span> 
     </span>
    </p>
   </div>
   <div class='ocr_carea' id='block_1_29' title="bbox 145 2851 1664 2922">
    <p class='ocr_par' dir='ltr' id='par_1_29' title="bbox 145 2851 1664 2922">
     <span class='ocr_line' id='line_1_29' title="bbox 145 2851 1664 2922; baseline -0.004 -18"><span class='ocrx_word' id='word_1_205' title='bbox 145 2853 360 2906; x_wconf 85' lang='grc' dir='ltr'>κιϐωτοῦ</span> <span class='ocrx_word' id='word_1_206' title='bbox 416 2854 567 2922; x_wconf 83' lang='grc' dir='ltr'>μόνος</span> <span class='ocrx_word' id='word_1_207' title='bbox 617 2853 748 2922; x_wconf 88' lang='grc' dir='ltr'>μετά</span> <span class='ocrx_word' id='word_1_208' title='bbox 799 2853 995 2903; x_wconf 86' lang='grc' dir='ltr'>παίδων</span> <span class='ocrx_word' id='word_1_209' title='bbox 1028 2851 1209 2920; x_wconf 88' lang='grc' dir='ltr'>τριῶν,</span> <span class='ocrx_word' id='word_1_210' title='bbox 1260 2852 1514 2920; x_wconf 78' lang='grc' dir='ltr'>ἐνέπλησε</span> <span class='ocrx_word' id='word_1_211' title='bbox 1571 2851 1664 2919; x_wconf 85' lang='grc' dir='ltr'>τὴν</span> 
     </span>
    </p>
   </div>
   <div class='ocr_carea' id='block_1_30' title="bbox 144 2939 1664 3012">
    <p class='ocr_par' dir='ltr' id='par_1_30' title="bbox 144 2939 1664 3012">
     <span class='ocr_line' id='line_1_30' title="bbox 144 2939 1664 3012; baseline -0.002 -19"><span class='ocrx_word' id='word_1_212' title='bbox 144 2944 234 3010; x_wconf 82' lang='grc' dir='ltr'>γῆν</span> <span class='ocrx_word' id='word_1_213' title='bbox 262 2946 322 2995; x_wconf 85' lang='grc' dir='ltr'>ἐκ</span> <span class='ocrx_word' id='word_1_214' title='bbox 354 2944 450 3012; x_wconf 86' lang='grc' dir='ltr'>τῆς</span> <span class='ocrx_word' id='word_1_215' title='bbox 481 2940 643 2993; x_wconf 80' lang='grc' dir='ltr'>αὐτοῦ</span> <span class='ocrx_word' id='word_1_216' title='bbox 672 2943 873 3008; x_wconf 81' lang='grc' dir='ltr'>γενεᾶς.</span> <span class='ocrx_word' id='word_1_217' title='bbox 910 2941 1046 2992; x_wconf 83' lang='grc' dir='ltr'>κατὰ</span> <span class='ocrx_word' id='word_1_218' title='bbox 1068 2940 1305 3009; x_wconf 85' lang='grc' dir='ltr'>διαδοχὴν</span> <span class='ocrx_word' id='word_1_219' title='bbox 1330 2940 1530 2991; x_wconf 82' lang='grc' dir='ltr'>πολλῶν</span> <span class='ocrx_word' id='word_1_220' title='bbox 1579 2939 1664 2990; x_wconf 81' lang='grc' dir='ltr'>δν-</span> 
     </span>
    </p>
   </div>
   <div class='ocr_carea' id='block_1_31' title="bbox 143 3024 1661 3098">
    <p class='ocr_par' dir='ltr' id='par_1_31' title="bbox 143 3024 1661 3098">
     <span class='ocr_line' id='line_1_31' title="bbox 143 3024 1661 3098; baseline -0.001 -19"><span class='ocrx_word' id='word_1_221' title='bbox 143 3047 238 3081; x_wconf 89' lang='grc' dir='ltr'>των</span> <span class='ocrx_word' id='word_1_222' title='bbox 261 3030 363 3081; x_wconf 89' lang='grc' dir='ltr'>τῶν</span> <span class='ocrx_word' id='word_1_223' title='bbox 386 3029 729 3098; x_wconf 84' lang='grc' dir='ltr'>τικτομένων.</span> <span class='ocrx_word' id='word_1_224' title='bbox 772 3029 855 3088; x_wconf 87' lang='grc' dir='ltr'>Ὠς</span> <span class='ocrx_word' id='word_1_225' title='bbox 892 3024 980 3079; x_wconf 77' lang='grc' dir='ltr'>οὖν</span> <span class='ocrx_word' id='word_1_226' title='bbox 1011 3027 1247 3094; x_wconf 83' lang='grc' dir='ltr'>ἐγένοντο</span> <span class='ocrx_word' id='word_1_227' title='bbox 1288 3029 1483 3088; x_wconf 67' lang='grc' dir='ltr'>πολλοὶ,</span> <span class='ocrx_word' id='word_1_228' title='bbox 1515 3028 1661 3079; x_wconf 64' lang='lat'><em>6606-</em></span> 
     </span>
    </p>
   </div>
   <div class='ocr_carea' id='block_1_32' title="bbox 143 3115 1662 3186">
    <p class='ocr_par' dir='ltr' id='par_1_32' title="bbox 143 3115 1662 3186">
     <span class='ocr_line' id='line_1_32' title="bbox 143 3115 1662 3186; baseline -0.001 -20"><span class='ocrx_word' id='word_1_229' title='bbox 143 3116 384 3170; x_wconf 70' lang='grc' dir='ltr'>λεύσαντο</span> <span class='ocrx_word' id='word_1_230' title='bbox 436 3118 635 3186; x_wconf 89' lang='grc' dir='ltr'>πύργον</span> <span class='ocrx_word' id='word_1_231' title='bbox 678 3117 1054 3185; x_wconf 77' lang='grc' dir='ltr'>οἰκοδομῆσαι,</span> <span class='ocrx_word' id='word_1_232' title='bbox 1110 3117 1371 3184; x_wconf 77' lang='grc' dir='ltr'>φθάνοντα</span> <span class='ocrx_word' id='word_1_233' title='bbox 1425 3118 1526 3178; x_wconf 81' lang='grc' dir='ltr'>έως</span> <span class='ocrx_word' id='word_1_234' title='bbox 1572 3115 1662 3166; x_wconf 88' lang='grc' dir='ltr'>τοῦ</span> 
     </span>
    </p>
   </div>
   <div class='ocr_carea' id='block_1_33' title="bbox 142 3206 1660 3279">
    <p class='ocr_par' dir='ltr' id='par_1_33' title="bbox 142 3206 1660 3279">
     <span class='ocr_line' id='line_1_33' title="bbox 142 3206 1660 3279; baseline -0.001 -21"><span class='ocrx_word' id='word_1_235' title='bbox 142 3206 376 3279; x_wconf 83' lang='grc' dir='ltr'>οὐρανοῦ.</span> <span class='ocrx_word' id='word_1_236' title='bbox 406 3207 715 3273; x_wconf 72' lang='grc' dir='ltr'>Καταγνοὺς</span> <span class='ocrx_word' id='word_1_237' title='bbox 751 3206 804 3256; x_wconf 80' lang='grc' dir='ltr'>δὲ</span> <span class='ocrx_word' id='word_1_238' title='bbox 847 3206 1016 3257; x_wconf 79' lang='grc' dir='ltr'>αὐτῶν</span> <span class='ocrx_word' id='word_1_239' title='bbox 1052 3206 1144 3274; x_wconf 79' lang='grc' dir='ltr'>τὴν</span> <span class='ocrx_word' id='word_1_240' title='bbox 1177 3206 1394 3273; x_wconf 77' lang='grc' dir='ltr'>γνώμην</span> <span class='ocrx_word' id='word_1_241' title='bbox 1437 3207 1464 3256; x_wconf 94' lang='lat'>6</span> <span class='ocrx_word' id='word_1_242' title='bbox 1504 3206 1660 3267; x_wconf 74' lang='grc' dir='ltr'>Θεὸς,</span> 
     </span>
    </p>
   </div>
   <div class='ocr_carea' id='block_1_34' title="bbox 146 3290 1663 3364">
    <p class='ocr_par' dir='ltr' id='par_1_34' title="bbox 146 3290 1663 3364">
     <span class='ocr_line' id='line_1_34' title="bbox 146 3290 1663 3364; baseline 0 -18"><span class='ocrx_word' id='word_1_243' title='bbox 146 3296 378 3364; x_wconf 88' lang='grc' dir='ltr'>συνέχεεν</span> <span class='ocrx_word' id='word_1_244' title='bbox 411 3295 584 3348; x_wconf 80' lang='grc' dir='ltr'>αὐτῶν</span> <span class='ocrx_word' id='word_1_245' title='bbox 598 3296 694 3356; x_wconf 76' lang='grc' dir='ltr'>τὰς</span> <span class='ocrx_word' id='word_1_246' title='bbox 719 3290 1085 3362; x_wconf 70' lang='grc' dir='ltr'>γλῶσσας,καὶ</span> <span class='ocrx_word' id='word_1_247' title='bbox 1103 3296 1198 3364; x_wconf 81' lang='grc' dir='ltr'>τὴν</span> <span class='ocrx_word' id='word_1_248' title='bbox 1223 3296 1346 3364; x_wconf 90' lang='grc' dir='ltr'>μίαν</span> <span class='ocrx_word' id='word_1_249' title='bbox 1367 3298 1443 3357; x_wconf 87' lang='grc' dir='ltr'>είς</span> <span class='ocrx_word' id='word_1_250' title='bbox 1472 3296 1663 3358; x_wconf 77' lang='grc' dir='ltr'>πολλὰς</span> 
     </span>
    </p>
   </div>
   <div class='ocr_carea' id='block_1_35' title="bbox 141 3382 1665 3452">
    <p class='ocr_par' dir='ltr' id='par_1_35' title="bbox 141 3382 1665 3452">
     <span class='ocr_line' id='line_1_35' title="bbox 141 3382 1665 3452; baseline -0.001 -17"><span class='ocrx_word' id='word_1_251' title='bbox 141 3383 388 3452; x_wconf 81' lang='grc' dir='ltr'>διέτεμεν.</span> <span class='ocrx_word' id='word_1_252' title='bbox 413 3383 557 3452; x_wconf 80' lang='grc'>[516]</span> <span class='ocrx_word' id='word_1_253' title='bbox 575 3384 730 3434; x_wconf 89' lang='grc' dir='ltr'>Ὂθεν</span> <span class='ocrx_word' id='word_1_254' title='bbox 751 3385 952 3452; x_wconf 85' lang='grc' dir='ltr'>ἀνάγκη</span> <span class='ocrx_word' id='word_1_255' title='bbox 971 3384 1183 3450; x_wconf 89' lang='grc' dir='ltr'>γέγονεν</span> <span class='ocrx_word' id='word_1_256' title='bbox 1205 3384 1381 3443; x_wconf 80' lang='grc' dir='ltr'>αὐτοῖς</span> <span class='ocrx_word' id='word_1_257' title='bbox 1397 3384 1490 3434; x_wconf 78' lang='grc' dir='ltr'>οὐκ</span> <span class='ocrx_word' id='word_1_258' title='bbox 1509 3382 1665 3434; x_wconf 88' lang='grc' dir='ltr'>ἀκού-</span> 
     </span>
    </p>
   </div>
   <div class='ocr_carea' id='block_1_36' title="bbox 141 3470 1661 3541">
    <p class='ocr_par' dir='ltr' id='par_1_36' title="bbox 141 3470 1661 3541">
     <span class='ocr_line' id='line_1_36' title="bbox 141 3470 1661 3541; baseline -0.001 -18"><span class='ocrx_word' id='word_1_259' title='bbox 141 3489 278 3524; x_wconf 84' lang='grc' dir='ltr'>ουσιν</span> <span class='ocrx_word' id='word_1_260' title='bbox 301 3473 561 3539; x_wconf 82' lang='grc' dir='ltr'>ἀλλήλων,</span> <span class='ocrx_word' id='word_1_261' title='bbox 599 3472 729 3541; x_wconf 84' lang='grc' dir='ltr'>μηδέ</span> <span class='ocrx_word' id='word_1_262' title='bbox 754 3473 1056 3539; x_wconf 86' lang='grc' dir='ltr'>συνοικῆσαι</span> <span class='ocrx_word' id='word_1_263' title='bbox 1097 3471 1337 3539; x_wconf 82' lang='grc' dir='ltr'>ἀλλήλοις</span> <span class='ocrx_word' id='word_1_264' title='bbox 1363 3487 1376 3500; x_wconf 86' lang='grc'><strong>·</strong></span> <span class='ocrx_word' id='word_1_265' title='bbox 1405 3471 1492 3522; x_wconf 82' lang='grc' dir='ltr'>καὶ</span> <span class='ocrx_word' id='word_1_266' title='bbox 1529 3470 1661 3537; x_wconf 77' lang='grc' dir='ltr'>αὕτη</span> 
     </span>
    </p>
   </div>
   <div class='ocr_carea' id='block_1_37' title="bbox 141 3559 1664 3629">
    <p class='ocr_par' dir='ltr' id='par_1_37' title="bbox 141 3559 1664 3629">
     <span class='ocr_line' id='line_1_37' title="bbox 141 3559 1664 3629; baseline -0.002 -18"><span class='ocrx_word' id='word_1_267' title='bbox 141 3561 316 3627; x_wconf 83' lang='grc' dir='ltr'>γέγονε</span> <span class='ocrx_word' id='word_1_268' title='bbox 348 3561 610 3629; x_wconf 84' lang='grc' dir='ltr'>πρόφασις</span> <span class='ocrx_word' id='word_1_269' title='bbox 641 3560 730 3612; x_wconf 84' lang='grc' dir='ltr'>τοῦ</span> <span class='ocrx_word' id='word_1_270' title='bbox 773 3559 1039 3628; x_wconf 78' lang='grc' dir='ltr'>πανταχοῦ</span> <span class='ocrx_word' id='word_1_271' title='bbox 1087 3559 1437 3629; x_wconf 76' lang='grc' dir='ltr'>διασπαρῆναι</span> <span class='ocrx_word' id='word_1_272' title='bbox 1475 3559 1664 3618; x_wconf 75' lang='grc' dir='ltr'>αὐτοὺς</span> 
     </span>
    </p>
   </div>
   <div class='ocr_carea' id='block_1_38' title="bbox 139 3646 1662 3717">
    <p class='ocr_par' dir='ltr' id='par_1_38' title="bbox 139 3646 1662 3717">
     <span class='ocr_line' id='line_1_38' title="bbox 139 3646 1662 3717; baseline -0.004 -17"><span class='ocrx_word' id='word_1_273' title='bbox 139 3650 226 3716; x_wconf 81' lang='grc' dir='ltr'>τῆς</span> <span class='ocrx_word' id='word_1_274' title='bbox 256 3649 593 3717; x_wconf 79' lang='grc' dir='ltr'>οἰκουμένης.</span> <span class='ocrx_word' id='word_1_275' title='bbox 617 3647 911 3713; x_wconf 88' lang='grc' dir='ltr'>Λέγεταιδέ</span> <span class='ocrx_word' id='word_1_276' title='bbox 940 3651 994 3698; x_wconf 86' lang='grc' dir='ltr'>ὲν</span> <span class='ocrx_word' id='word_1_277' title='bbox 1013 3647 1178 3716; x_wconf 86' lang='grc' dir='ltr'>ταύτῃ</span> <span class='ocrx_word' id='word_1_278' title='bbox 1200 3651 1262 3716; x_wconf 86' lang='grc' dir='ltr'>τῇ</span> <span class='ocrx_word' id='word_1_279' title='bbox 1292 3646 1539 3715; x_wconf 83' lang='grc' dir='ltr'>συγχύσει</span> <span class='ocrx_word' id='word_1_280' title='bbox 1559 3646 1662 3696; x_wconf 89' lang='grc' dir='ltr'>τῶν</span> 
     </span>
    </p>
   </div>
   <div class='ocr_carea' id='block_1_39' title="bbox 139 3735 1662 3805">
    <p class='ocr_par' dir='ltr' id='par_1_39' title="bbox 139 3735 1662 3805">
     <span class='ocr_line' id='line_1_39' title="bbox 139 3735 1662 3805; baseline 0 -19"><span class='ocrx_word' id='word_1_281' title='bbox 139 3738 383 3803; x_wconf 60' lang='grc' dir='ltr'>γλωσσῶν</span> <span class='ocrx_word' id='word_1_282' title='bbox 415 3739 443 3788; x_wconf 93' lang='lat'>6</span> <span class='ocrx_word' id='word_1_283' title='bbox 467 3736 627 3805; x_wconf 82' lang='grc' dir='ltr'>Ἔϐερ</span> <span class='ocrx_word' id='word_1_284' title='bbox 656 3739 683 3787; x_wconf 92' lang='lat'>6</span> <span class='ocrx_word' id='word_1_285' title='bbox 712 3737 816 3786; x_wconf 92' lang='grc' dir='ltr'>τῶν</span> <span class='ocrx_word' id='word_1_286' title='bbox 857 3735 1114 3787; x_wconf 83' lang='grc' dir='ltr'>Ἰουδαίων</span> <span class='ocrx_word' id='word_1_287' title='bbox 1146 3736 1398 3802; x_wconf 85' lang='grc' dir='ltr'>πρόγονος</span> <span class='ocrx_word' id='word_1_288' title='bbox 1432 3737 1502 3803; x_wconf 83' lang='grc' dir='ltr'>μὴ</span> <span class='ocrx_word' id='word_1_289' title='bbox 1540 3735 1662 3803; x_wconf 47' lang='grc' dir='ltr'>βου*</span> 
     </span>
    </p>
   </div>
   <div class='ocr_carea' id='block_1_40' title="bbox 140 3824 1662 3896">
    <p class='ocr_par' dir='ltr' id='par_1_40' title="bbox 140 3824 1662 3896">
     <span class='ocr_line' id='line_1_40' title="bbox 140 3824 1662 3896; baseline -0.005 -17"><span class='ocrx_word' id='word_1_290' title='bbox 140 3829 355 3896; x_wconf 82' lang='grc' dir='ltr'>ληθῆναι</span> <span class='ocrx_word' id='word_1_291' title='bbox 399 3824 712 3892; x_wconf 89' lang='grc' dir='ltr'>κοινωνῆσαι</span> <span class='ocrx_word' id='word_1_292' title='bbox 753 3825 846 3892; x_wconf 85' lang='grc' dir='ltr'>τῆς</span> <span class='ocrx_word' id='word_1_293' title='bbox 897 3825 1276 3892; x_wconf 77' lang='grc' dir='ltr'>ἐπιχειρήσεως</span> <span class='ocrx_word' id='word_1_294' title='bbox 1333 3824 1530 3884; x_wconf 77' lang='grc' dir='ltr'>αὐτοῖς.</span> <span class='ocrx_word' id='word_1_295' title='bbox 1573 3825 1662 3873; x_wconf 72' lang='grc' dir='ltr'>καὶ</span> 
     </span>
    </p>
   </div>
   <div class='ocr_carea' id='block_1_41' title="bbox 143 3911 1662 3986">
    <p class='ocr_par' dir='ltr' id='par_1_41' title="bbox 143 3911 1662 3986">
     <span class='ocr_line' id='line_1_41' title="bbox 143 3911 1662 3986; baseline -0.005 -17"><span class='ocrx_word' id='word_1_296' title='bbox 143 3919 286 3986; x_wconf 79' lang='grc' dir='ltr'>μόνος</span> <span class='ocrx_word' id='word_1_297' title='bbox 347 3916 520 3984; x_wconf 86' lang='grc' dir='ltr'>μεῖναι</span> <span class='ocrx_word' id='word_1_298' title='bbox 563 3912 825 3981; x_wconf 86' lang='grc' dir='ltr'>διατηρῶν</span> <span class='ocrx_word' id='word_1_299' title='bbox 854 3911 948 3980; x_wconf 84' lang='grc' dir='ltr'>τὴν</span> <span class='ocrx_word' id='word_1_300' title='bbox 995 3913 1194 3963; x_wconf 84' lang='grc' dir='ltr'>οἰκείαν</span> <span class='ocrx_word' id='word_1_301' title='bbox 1244 3911 1506 3976; x_wconf 88' lang='grc' dir='ltr'>γλῶσσαν,</span> <span class='ocrx_word' id='word_1_302' title='bbox 1564 3911 1662 3977; x_wconf 81' lang='grc' dir='ltr'>τῆς</span> 
     </span>
    </p>
   </div>
   <div class='ocr_carea' id='block_1_42' title="bbox 139 3998 1661 4072">
    <p class='ocr_par' dir='ltr' id='par_1_42' title="bbox 139 3998 1661 4072">
     <span class='ocr_line' id='line_1_42' title="bbox 139 3998 1661 4072; baseline -0.007 -13"><span class='ocrx_word' id='word_1_303' title='bbox 139 4007 422 4072; x_wconf 68' lang='grc' dir='ltr'>καλλίστης</span> <span class='ocrx_word' id='word_1_304' title='bbox 455 4001 674 4071; x_wconf 85' lang='grc' dir='ltr'>γνώμης</span> <span class='ocrx_word' id='word_1_305' title='bbox 714 4000 865 4054; x_wconf 89' lang='grc' dir='ltr'>τοῦτο</span> <span class='ocrx_word' id='word_1_306' title='bbox 903 3999 1166 4068; x_wconf 83' lang='grc' dir='ltr'>τιμηθείς.</span> <span class='ocrx_word' id='word_1_307' title='bbox 1211 3998 1405 4050; x_wconf 77' lang='grc' dir='ltr'>Τούτου</span> <span class='ocrx_word' id='word_1_308' title='bbox 1451 3998 1661 4065; x_wconf 75' lang='grc' dir='ltr'>ἔγγονος</span> 
     </span>
    </p>
   </div>
   <div class='ocr_carea' id='block_1_43' title="bbox 137 4083 1659 4158">
    <p class='ocr_par' dir='ltr' id='par_1_43' title="bbox 137 4083 1659 4158">
     <span class='ocr_line' id='line_1_43' title="bbox 137 4083 1659 4158; baseline -0.008 -15"><span class='ocrx_word' id='word_1_309' title='bbox 137 4093 369 4158; x_wconf 81' lang='grc' dir='ltr'>ἐγένετο,</span> <span class='ocrx_word' id='word_1_310' title='bbox 395 4089 639 4158; x_wconf 86' lang='grc' dir='ltr'>Ἀϐραάμ</span> <span class='ocrx_word' id='word_1_311' title='bbox 655 4104 665 4116; x_wconf 80' lang='lat'><strong><em>°</em></strong></span> <span class='ocrx_word' id='word_1_312' title='bbox 689 4087 766 4137; x_wconf 84' lang='grc' dir='ltr'>διὸ</span> <span class='ocrx_word' id='word_1_313' title='bbox 786 4087 875 4137; x_wconf 68' lang='grc' dir='ltr'>καὶ</span> <span class='ocrx_word' id='word_1_314' title='bbox 899 4085 1156 4136; x_wconf 89' lang='grc' dir='ltr'>Ἰουδαίων</span> <span class='ocrx_word' id='word_1_315' title='bbox 1171 4083 1382 4150; x_wconf 85' lang='grc' dir='ltr'>γλῶσσα</span> <span class='ocrx_word' id='word_1_316' title='bbox 1408 4083 1659 4150; x_wconf 82' lang='grc' dir='ltr'>Ἐϐραῖκὴ</span> 
     </span>
    </p>
   </div>
   <div class='ocr_carea' id='block_1_44' title="bbox 137 4171 1661 4248">
    <p class='ocr_par' dir='ltr' id='par_1_44' title="bbox 137 4171 1661 4248">
     <span class='ocr_line' id='line_1_44' title="bbox 137 4171 1661 4248; baseline -0.006 -17"><span class='ocrx_word' id='word_1_317' title='bbox 137 4181 424 4248; x_wconf 80' lang='grc' dir='ltr'>κέκληται,</span> <span class='ocrx_word' id='word_1_318' title='bbox 480 4177 587 4229; x_wconf 82' lang='grc' dir='ltr'>ἀπὸ</span> <span class='ocrx_word' id='word_1_319' title='bbox 619 4174 711 4227; x_wconf 88' lang='grc' dir='ltr'>τοῦ</span> <span class='ocrx_word' id='word_1_320' title='bbox 752 4174 935 4241; x_wconf 80' lang='grc' dir='ltr'>Ἔϐερ.</span> <span class='ocrx_word' id='word_1_321' title='bbox 981 4172 1177 4224; x_wconf 85' lang='grc' dir='ltr'>Τούτου</span> <span class='ocrx_word' id='word_1_322' title='bbox 1227 4171 1401 4222; x_wconf 82' lang='grc' dir='ltr'>τοίνυν</span> <span class='ocrx_word' id='word_1_323' title='bbox 1452 4172 1661 4236; x_wconf 82' lang='grc' dir='ltr'>ἐγένετο</span> 
     </span>
    </p>
   </div>
   <div class='ocr_carea' id='block_1_45' title="bbox 138 4252 1658 4335">
    <p class='ocr_par' dir='ltr' id='par_1_45' title="bbox 138 4252 1658 4335">
     <span class='ocr_line' id='line_1_45' title="bbox 138 4252 1658 4335; baseline -0.005 -19"><span class='ocrx_word' id='word_1_324' title='bbox 138 4268 344 4333; x_wconf 76' lang='grc' dir='ltr'>ἔγγονος</span> <span class='ocrx_word' id='word_1_325' title='bbox 386 4259 710 4335; x_wconf 77' lang='grc' dir='ltr'>[Ἀϐραάμ]</span> <span class='ocrx_word' id='word_1_326' title='bbox 737 4299 750 4321; x_wconf 92' lang='grc'>,</span> <span class='ocrx_word' id='word_1_327' title='bbox 787 4257 876 4312; x_wconf 87' lang='grc' dir='ltr'>τοῦ</span> <span class='ocrx_word' id='word_1_328' title='bbox 939 4259 1181 4330; x_wconf 83' lang='grc' dir='ltr'>Ἀϐραὰμ</span> <span class='ocrx_word' id='word_1_329' title='bbox 1219 4270 1264 4320; x_wconf 74' lang='grc' dir='ltr'>ιι,</span> <span class='ocrx_word' id='word_1_330' title='bbox 1327 4257 1506 4308; x_wconf 71' lang='grc' dir='ltr'>Ἰσαὰκ</span> <span class='ocrx_word' id='word_1_331' title='bbox 1532 4295 1544 4318; x_wconf 89' lang='grc'>,</span> <span class='ocrx_word' id='word_1_332' title='bbox 1601 4252 1658 4309; x_wconf 79' lang='grc' dir='ltr'>οὗ</span> 
     </span>
    </p>
   </div>
   <div class='ocr_carea' id='block_1_46' title="bbox 148 4345 1658 4418">
    <p class='ocr_par' dir='ltr' id='par_1_46' title="bbox 148 4345 1658 4418">
     <span class='ocr_line' id='line_1_46' title="bbox 148 4345 1658 4418; baseline -0.007 -10"><span class='ocrx_word' id='word_1_333' title='bbox 148 4356 350 4408; x_wconf 80' lang='grc' dir='ltr'>Ἰακώϐ.</span> <span class='ocrx_word' id='word_1_334' title='bbox 381 4345 542 4414; x_wconf 72' lang='grc' dir='ltr'>Οὗτος</span> <span class='ocrx_word' id='word_1_335' title='bbox 568 4351 813 4418; x_wconf 82' lang='grc' dir='ltr'>ἐγέννησε</span> <span class='ocrx_word' id='word_1_336' title='bbox 836 4349 956 4411; x_wconf 74' lang='grc' dir='ltr'>τοὺς</span> <span class='ocrx_word' id='word_1_337' title='bbox 976 4348 1177 4400; x_wconf 83' lang='grc' dir='ltr'>δώδεκα</span> <span class='ocrx_word' id='word_1_338' title='bbox 1201 4348 1550 4417; x_wconf 81' lang='grc' dir='ltr'>πατριάρχας,</span> <span class='ocrx_word' id='word_1_339' title='bbox 1576 4347 1658 4398; x_wconf 84' lang='grc' dir='ltr'>τὸν</span> 
     </span>
    </p>
   </div>
   <div class='ocr_carea' id='block_1_47' title="bbox 147 4438 1658 4512">
    <p class='ocr_par' dir='ltr' id='par_1_47' title="bbox 147 4438 1658 4512">
     <span class='ocr_line' id='line_1_47' title="bbox 147 4438 1658 4512; baseline -0.005 -16"><span class='ocrx_word' id='word_1_340' title='bbox 147 4446 408 4512; x_wconf 69' lang='grc' dir='ltr'>Ῥουϐεὶμ,</span> <span class='ocrx_word' id='word_1_341' title='bbox 443 4443 530 4494; x_wconf 82' lang='lat' dir='ltr'><em>16v</em></span> <span class='ocrx_word' id='word_1_342' title='bbox 564 4439 812 4509; x_wconf 84' lang='grc' dir='ltr'>Συμεὼν,</span> <span class='ocrx_word' id='word_1_343' title='bbox 855 4438 941 4489; x_wconf 84' lang='grc' dir='ltr'>τὸν</span> <span class='ocrx_word' id='word_1_344' title='bbox 979 4440 1127 4500; x_wconf 77' lang='grc' dir='ltr'>Λευὶ,</span> <span class='ocrx_word' id='word_1_345' title='bbox 1176 4439 1262 4490; x_wconf 83' lang='lat' dir='ltr'><em>16v</em></span> <span class='ocrx_word' id='word_1_346' title='bbox 1321 4438 1534 4499; x_wconf 79' lang='grc' dir='ltr'>Ἰούδαν,</span> <span class='ocrx_word' id='word_1_347' title='bbox 1573 4438 1658 4489; x_wconf 83' lang='grc' dir='ltr'>τὸν</span> 
     </span>
    </p>
   </div>
   <div class='ocr_carea' id='block_1_48' title="bbox 147 4527 1655 4601">
    <p class='ocr_par' dir='ltr' id='par_1_48' title="bbox 147 4527 1655 4601">
     <span class='ocr_line' id='line_1_48' title="bbox 147 4527 1655 4601; baseline -0.005 -16"><span class='ocrx_word' id='word_1_348' title='bbox 147 4534 377 4601; x_wconf 80' lang='grc' dir='ltr'>Ἰσαχὰρ,</span> <span class='ocrx_word' id='word_1_349' title='bbox 421 4531 510 4583; x_wconf 84' lang='grc' dir='ltr'>τὸν</span> <span class='ocrx_word' id='word_1_350' title='bbox 558 4527 854 4593; x_wconf 85' lang='grc' dir='ltr'>Ζαϐουλὼν,</span> <span class='ocrx_word' id='word_1_351' title='bbox 892 4529 978 4580; x_wconf 83' lang='lat' dir='ltr'><em>16v</em></span> <span class='ocrx_word' id='word_1_352' title='bbox 1009 4527 1350 4596; x_wconf 71' lang='grc' dir='ltr'>Νεφθαλεὶμ,</span> <span class='ocrx_word' id='word_1_353' title='bbox 1401 4529 1490 4578; x_wconf 84' lang='lat' dir='ltr'><em>16v</em></span> <span class='ocrx_word' id='word_1_354' title='bbox 1534 4527 1655 4589; x_wconf 81' lang='grc' dir='ltr'>Γὰδ,</span> 
     </span>
    </p>
   </div>
   <div class='ocr_carea' id='block_1_49' title="bbox 134 4615 1658 4687">
    <p class='ocr_par' dir='ltr' id='par_1_49' title="bbox 134 4615 1658 4687">
     <span class='ocr_line' id='line_1_49' title="bbox 134 4615 1658 4687; baseline -0.005 -15"><span class='ocrx_word' id='word_1_355' title='bbox 134 4621 210 4672; x_wconf 71' lang='grc' dir='ltr'>τὸν</span> <span class='ocrx_word' id='word_1_356' title='bbox 232 4622 361 4682; x_wconf 73' lang='grc' dir='ltr'>Δάν,</span> <span class='ocrx_word' id='word_1_357' title='bbox 390 4619 482 4670; x_wconf 81' lang='lat' dir='ltr'><em>16v</em></span> <span class='ocrx_word' id='word_1_358' title='bbox 522 4619 704 4687; x_wconf 85' lang='grc' dir='ltr'>Ἀσὴρ,</span> <span class='ocrx_word' id='word_1_359' title='bbox 727 4617 816 4668; x_wconf 80' lang='grc' dir='ltr'>τὸν</span> <span class='ocrx_word' id='word_1_360' title='bbox 866 4616 1076 4684; x_wconf 79' lang='grc' dir='ltr'>Ἰωσὴφ,</span> <span class='ocrx_word' id='word_1_361' title='bbox 1098 4615 1186 4666; x_wconf 84' lang='grc' dir='ltr'>τὸν</span> <span class='ocrx_word' id='word_1_362' title='bbox 1223 4615 1493 4684; x_wconf 82' lang='grc' dir='ltr'>Βενιαμίν.</span> <span class='ocrx_word' id='word_1_363' title='bbox 1528 4615 1658 4666; x_wconf 83' lang='grc' dir='ltr'>Τού-</span> 
     </span>
    </p>
   </div>
   <div class='ocr_carea' id='block_1_50' title="bbox 133 4701 1654 4774">
    <p class='ocr_par' dir='ltr' id='par_1_50' title="bbox 133 4701 1654 4774">
     <span class='ocr_line' id='line_1_50' title="bbox 133 4701 1654 4774; baseline -0.004 -16"><span class='ocrx_word' id='word_1_364' title='bbox 133 4725 226 4759; x_wconf 86' lang='grc' dir='ltr'>των</span> <span class='ocrx_word' id='word_1_365' title='bbox 253 4709 362 4758; x_wconf 88' lang='grc' dir='ltr'>τῶν</span> <span class='ocrx_word' id='word_1_366' title='bbox 390 4706 576 4758; x_wconf 72' lang='grc' dir='ltr'>ἕνδεκα</span> <span class='ocrx_word' id='word_1_367' title='bbox 605 4703 948 4774; x_wconf 86' lang='grc' dir='ltr'>πατριαρχῶν</span> <span class='ocrx_word' id='word_1_368' title='bbox 979 4701 1248 4770; x_wconf 88' lang='grc' dir='ltr'>ἐπώνυμοι</span> <span class='ocrx_word' id='word_1_369' title='bbox 1295 4703 1570 4768; x_wconf 86' lang='grc' dir='ltr'>γεγόνασιν</span> <span class='ocrx_word' id='word_1_370' title='bbox 1601 4704 1654 4753; x_wconf 65' lang='lat' dir='ltr'><em>at</em></span> 
     </span>
    </p>
   </div>
   <div class='ocr_carea' id='block_1_51' title="bbox 138 4790 1652 4865">
    <p class='ocr_par' dir='ltr' id='par_1_51' title="bbox 138 4790 1652 4865">
     <span class='ocr_line' id='line_1_51' title="bbox 138 4790 1652 4865; baseline -0.007 -14"><span class='ocrx_word' id='word_1_371' title='bbox 138 4800 260 4865; x_wconf 85' lang='grc' dir='ltr'>μετά</span> <span class='ocrx_word' id='word_1_372' title='bbox 287 4797 460 4849; x_wconf 88' lang='grc' dir='ltr'>ταῦτα</span> <span class='ocrx_word' id='word_1_373' title='bbox 482 4793 660 4862; x_wconf 89' lang='grc' dir='ltr'>φυλαί.</span> <span class='ocrx_word' id='word_1_374' title='bbox 689 4794 948 4853; x_wconf 85' lang='grc' dir='ltr'>Ἕκαστος</span> <span class='ocrx_word' id='word_1_375' title='bbox 987 4790 1092 4860; x_wconf 88' lang='grc' dir='ltr'>γὰρ</span> <span class='ocrx_word' id='word_1_376' title='bbox 1119 4790 1286 4859; x_wconf 77' lang='grc' dir='ltr'>φυλὴν</span> <span class='ocrx_word' id='word_1_377' title='bbox 1307 4791 1652 4860; x_wconf 85' lang='grc' dir='ltr'>ἀπεγέννησε,</span> 
     </span>
    </p>
   </div>
   <div class='ocr_carea' id='block_1_52' title="bbox 133 4881 1654 4954">
    <p class='ocr_par' dir='ltr' id='par_1_52' title="bbox 133 4881 1654 4954">
     <span class='ocr_line' id='line_1_52' title="bbox 133 4881 1654 4954; baseline -0.004 -16"><span class='ocrx_word' id='word_1_378' title='bbox 133 4890 212 4939; x_wconf 72' lang='grc' dir='ltr'>καὶ</span> <span class='ocrx_word' id='word_1_379' title='bbox 229 4889 276 4940; x_wconf 85' lang='grc' dir='ltr'>οἱ</span> <span class='ocrx_word' id='word_1_380' title='bbox 300 4885 596 4954; x_wconf 87' lang='grc' dir='ltr'>τεχθέντες,</span> <span class='ocrx_word' id='word_1_381' title='bbox 620 4883 712 4935; x_wconf 77' lang='grc' dir='ltr'>ἀπ’</span> <span class='ocrx_word' id='word_1_382' title='bbox 731 4883 948 4934; x_wconf 86' lang='grc' dir='ltr'>ἐκείνων</span> <span class='ocrx_word' id='word_1_383' title='bbox 969 4881 1267 4932; x_wconf 79' lang='grc' dir='ltr'>ἐκαλοῦντο.</span> <span class='ocrx_word' id='word_1_384' title='bbox 1309 4882 1446 4932; x_wconf 74' lang='grc' dir='ltr'>Ἀντὶ</span> <span class='ocrx_word' id='word_1_385' title='bbox 1478 4884 1654 4949; x_wconf 88' lang='grc' dir='ltr'>μέντοι</span> 
     </span>
    </p>
   </div>
   <div class='ocr_carea' id='block_1_53' title="bbox 130 4970 1651 5044">
    <p class='ocr_par' dir='ltr' id='par_1_53' title="bbox 130 4970 1651 5044">
     <span class='ocr_line' id='line_1_53' title="bbox 130 4970 1651 5044; baseline -0.004 -16"><span class='ocrx_word' id='word_1_386' title='bbox 130 4977 211 5030; x_wconf 84' lang='grc' dir='ltr'>τοῦ</span> <span class='ocrx_word' id='word_1_387' title='bbox 255 4975 451 5044; x_wconf 81' lang='grc' dir='ltr'>Ἰωσὴφ</span> <span class='ocrx_word' id='word_1_388' title='bbox 492 4973 588 5041; x_wconf 88' lang='grc' dir='ltr'>μία</span> <span class='ocrx_word' id='word_1_389' title='bbox 644 4971 779 5040; x_wconf 84' lang='grc' dir='ltr'>φυλὴ</span> <span class='ocrx_word' id='word_1_390' title='bbox 807 4971 982 5023; x_wconf 83' lang='grc' dir='ltr'>οὐκέτι</span> <span class='ocrx_word' id='word_1_391' title='bbox 1013 4971 1235 5036; x_wconf 89' lang='grc' dir='ltr'>γίνεται,</span> <span class='ocrx_word' id='word_1_392' title='bbox 1275 4970 1405 5022; x_wconf 81' lang='grc' dir='ltr'>ἀλλά</span> <span class='ocrx_word' id='word_1_393' title='bbox 1438 4973 1544 5023; x_wconf 80' lang='grc' dir='ltr'>δύο.</span> <span class='ocrx_word' id='word_1_394' title='bbox 1581 4973 1651 5022; x_wconf 85' lang='grc' dir='ltr'><strong>Οὐ</strong></span> 
     </span>
    </p>
   </div>
   <div class='ocr_carea' id='block_1_54' title="bbox 129 5058 1653 5133">
    <p class='ocr_par' dir='ltr' id='par_1_54' title="bbox 129 5058 1653 5133">
     <span class='ocr_line' id='line_1_54' title="bbox 129 5058 1653 5133; baseline -0.01 -14"><span class='ocrx_word' id='word_1_395' title='bbox 129 5068 222 5133; x_wconf 73' lang='grc' dir='ltr'>γὰρ</span> <span class='ocrx_word' id='word_1_396' title='bbox 249 5060 520 5133; x_wconf 72' lang='grc' dir='ltr'>ἠϐουλήθη</span> <span class='ocrx_word' id='word_1_397' title='bbox 568 5060 595 5110; x_wconf 90' lang='lat'>6</span> <span class='ocrx_word' id='word_1_398' title='bbox 625 5061 801 5128; x_wconf 82' lang='grc' dir='ltr'>πατὴρ</span> <span class='ocrx_word' id='word_1_399' title='bbox 845 5061 872 5111; x_wconf 90' lang='lat'>6</span> <span class='ocrx_word' id='word_1_400' title='bbox 898 5058 989 5111; x_wconf 89' lang='grc' dir='ltr'>τοῦ</span> <span class='ocrx_word' id='word_1_401' title='bbox 1039 5058 1230 5126; x_wconf 87' lang='grc' dir='ltr'>Ἰωσὴφ</span> <span class='ocrx_word' id='word_1_402' title='bbox 1267 5059 1361 5126; x_wconf 80' lang='grc' dir='ltr'>μιᾷ</span> <span class='ocrx_word' id='word_1_403' title='bbox 1392 5059 1526 5126; x_wconf 81' lang='grc' dir='ltr'>φυλῇ</span> <span class='ocrx_word' id='word_1_404' title='bbox 1563 5060 1653 5109; x_wconf 79' lang='grc' dir='ltr'>ὲπ-</span> 
     </span>
    </p>
   </div>
   <div class='ocr_carea' id='block_1_55' title="bbox 126 5144 1652 5224">
    <p class='ocr_par' dir='ltr' id='par_1_55' title="bbox 126 5144 1652 5224">
     <span class='ocr_line' id='line_1_55' title="bbox 126 5144 1652 5224; baseline -0.005 -19"><span class='ocrx_word' id='word_1_405' title='bbox 126 5155 328 5224; x_wconf 84' lang='grc' dir='ltr'>ώνυμον</span> <span class='ocrx_word' id='word_1_406' title='bbox 347 5150 508 5204; x_wconf 80' lang='grc' dir='ltr'>αὐτόν</span> <span class='ocrx_word' id='word_1_407' title='bbox 542 5148 805 5215; x_wconf 82' lang='grc' dir='ltr'>γενέσθαι.</span> <span class='ocrx_word' id='word_1_408' title='bbox 839 5148 902 5199; x_wconf 85' lang='grc' dir='ltr'>Τί</span> <span class='ocrx_word' id='word_1_409' title='bbox 930 5144 1020 5200; x_wconf 82' lang='grc' dir='ltr'>οὖν</span> <span class='ocrx_word' id='word_1_410' title='bbox 1058 5147 1295 5215; x_wconf 88' lang='grc' dir='ltr'>γίνεται;</span> <span class='ocrx_word' id='word_1_411' title='bbox 1337 5148 1547 5215; x_wconf 81' lang='grc' dir='ltr'>Ἐπειδὴ</span> <span class='ocrx_word' id='word_1_412' title='bbox 1575 5144 1652 5207; x_wconf 78' lang='grc' dir='ltr'>εἷς</span> 
     </span>
    </p>
   </div>
   <div class='ocr_carea' id='block_1_56' title="bbox 125 5237 1651 5314">
    <p class='ocr_par' dir='ltr' id='par_1_56' title="bbox 125 5237 1651 5314">
     <span class='ocr_line' id='line_1_56' title="bbox 125 5237 1651 5314; baseline -0.005 -19"><span class='ocrx_word' id='word_1_413' title='bbox 125 5243 182 5314; x_wconf 76' lang='grc' dir='ltr'>ἦν</span> <span class='ocrx_word' id='word_1_414' title='bbox 220 5249 246 5297; x_wconf 91' lang='lat'>6</span> <span class='ocrx_word' id='word_1_415' title='bbox 279 5245 470 5305; x_wconf 75' lang='grc' dir='ltr'>αὐτὸς,</span> <span class='ocrx_word' id='word_1_416' title='bbox 519 5241 605 5291; x_wconf 83' lang='grc' dir='ltr'>ἵνα</span> <span class='ocrx_word' id='word_1_417' title='bbox 651 5237 862 5298; x_wconf 82' lang='grc' dir='ltr'>διπλοῦς</span> <span class='ocrx_word' id='word_1_418' title='bbox 911 5238 1130 5306; x_wconf 85' lang='grc' dir='ltr'>γένηται</span> <span class='ocrx_word' id='word_1_419' title='bbox 1166 5240 1518 5307; x_wconf 82' lang='grc' dir='ltr'>πατριάρχης,</span> <span class='ocrx_word' id='word_1_420' title='bbox 1563 5239 1651 5288; x_wconf 82' lang='lat' dir='ltr'><em>16v</em></span> 
     </span>
    </p>
   </div>
   <div class='ocr_carea' id='block_1_57' title="bbox 135 5325 1646 5404">
    <p class='ocr_par' dir='ltr' id='par_1_57' title="bbox 135 5325 1646 5404">
     <span class='ocr_line' id='line_1_57' title="bbox 135 5325 1646 5404; baseline 0.014 -53"><span class='ocrx_word' id='word_1_421' title='bbox 135 5333 360 5404; x_wconf 70' lang='grc' dir='ltr'>,Εφραῒμ</span> <span class='ocrx_word' id='word_1_422' title='bbox 389 5328 590 5383; x_wconf 74' lang='grc' dir='ltr'>καὶτὸν</span> <span class='ocrx_word' id='word_1_423' title='bbox 617 5325 870 5393; x_wconf 79' lang='grc' dir='ltr'>Μανασσῆ</span> <span class='ocrx_word' id='word_1_424' title='bbox 899 5325 1020 5386; x_wconf 70' lang='grc' dir='ltr'>τοὺς</span> <span class='ocrx_word' id='word_1_425' title='bbox 1050 5327 1194 5388; x_wconf 80' lang='grc' dir='ltr'>υἱοὺς</span> <span class='ocrx_word' id='word_1_426' title='bbox 1217 5326 1376 5380; x_wconf 77' lang='grc' dir='ltr'>αὑτοῦ</span> <span class='ocrx_word' id='word_1_427' title='bbox 1399 5328 1519 5387; x_wconf 79' lang='grc' dir='ltr'>τοὺς</span> <span class='ocrx_word' id='word_1_428' title='bbox 1538 5325 1646 5389; x_wconf 77' lang='grc' dir='ltr'>δύο,</span> 
     </span>
    </p>
   </div>
   <div class='ocr_carea' id='block_1_58' title="bbox 177 5457 1648 5518">
    <p class='ocr_par' dir='ltr' id='par_1_58' title="bbox 177 5457 1648 5518">
     <span class='ocr_line' id='line_1_58' title="bbox 177 5457 1648 5518; baseline -0.006 -4"><span class='ocrx_word' id='word_1_429' title='bbox 177 5469 200 5496; x_wconf 80' lang='grc'><strong><em>³</em></strong></span> <span class='ocrx_word' id='word_1_430' title='bbox 224 5467 313 5514; x_wconf 79' lang='lat' dir='ltr'>Hic</span> <span class='ocrx_word' id='word_1_431' title='bbox 353 5463 580 5512; x_wconf 88' lang='lat' dir='ltr'>mendum</span> <span class='ocrx_word' id='word_1_432' title='bbox 605 5472 712 5510; x_wconf 77' lang='lat' dir='ltr'>esse</span> <span class='ocrx_word' id='word_1_433' title='bbox 733 5459 940 5518; x_wconf 74' lang='lat' dir='ltr'>videtur.</span> <span class='ocrx_word' id='word_1_434' title='bbox 975 5457 1254 5516; x_wconf 81' lang='lat' dir='ltr'>Legendum</span> <span class='ocrx_word' id='word_1_435' title='bbox 1291 5462 1338 5507; x_wconf 88' lang='lat' dir='ltr'><strong>ni</strong></span> <span class='ocrx_word' id='word_1_436' title='bbox 1373 5458 1524 5515; x_wconf 82' lang='lat' dir='ltr'>fallor,</span> <span class='ocrx_word' id='word_1_437' title='bbox 1549 5460 1648 5518; x_wconf 81' lang='grc' dir='ltr'>ἐγέ-</span> 
     </span>
    </p>
   </div>
   <div class='ocr_carea' id='block_1_59' title="bbox 123 5517 1649 5586">
    <p class='ocr_par' dir='ltr' id='par_1_59' title="bbox 123 5517 1649 5586">
     <span class='ocr_line' id='line_1_59' title="bbox 123 5517 1649 5586; baseline -0.006 -13"><span class='ocrx_word' id='word_1_438' title='bbox 123 5544 214 5573; x_wconf 76' lang='grc' dir='ltr'>νετο</span> <span class='ocrx_word' id='word_1_439' title='bbox 258 5530 443 5586; x_wconf 76' lang='grc' dir='ltr'>ἔγγονος</span> <span class='ocrx_word' id='word_1_440' title='bbox 485 5523 715 5586; x_wconf 81' lang='grc' dir='ltr'>Ἀϐραὰμ,</span> <span class='ocrx_word' id='word_1_441' title='bbox 751 5517 833 5586; x_wconf 78' lang='grc' dir='ltr'>τοῦ</span> <span class='ocrx_word' id='word_1_442' title='bbox 879 5517 1104 5586; x_wconf 69' lang='grc' dir='ltr'>Ἀϐρααμ,</span> <span class='ocrx_word' id='word_1_443' title='bbox 1147 5519 1322 5565; x_wconf 80' lang='grc' dir='ltr'>Ἰσαάκ.</span> <span class='ocrx_word' id='word_1_444' title='bbox 1351 5521 1649 5586; x_wconf 75' lang='lat' dir='ltr'>Quaprnpler</span> 
     </span>
    </p>
   </div>
   <div class='ocr_carea' id='block_1_60' title="bbox 133 5581 1644 5645">
    <p class='ocr_par' dir='ltr' id='par_1_60' title="bbox 133 5581 1644 5645">
     <span class='ocr_line' id='line_1_60' title="bbox 133 5581 1644 5645; baseline -0.004 -13"><span class='ocrx_word' id='word_1_445' title='bbox 133 5581 333 5645; x_wconf 64' lang='grc' dir='ltr'>Ἀϐραάμ</span> <span class='ocrx_word' id='word_1_446' title='bbox 353 5585 556 5643; x_wconf 83' lang='lat' dir='ltr'>primum</span> <span class='ocrx_word' id='word_1_447' title='bbox 578 5581 708 5630; x_wconf 74' lang='lat' dir='ltr'><strong>inter</strong></span> <span class='ocrx_word' id='word_1_448' title='bbox 731 5581 924 5628; x_wconf 70' lang='lat' dir='ltr'>uncinos</span> <span class='ocrx_word' id='word_1_449' title='bbox 949 5581 1207 5636; x_wconf 78' lang='lat' dir='ltr'>posuimus.</span> <span class='ocrx_word' id='word_1_450' title='bbox 1236 5592 1295 5626; x_wconf 88' lang='lat' dir='ltr'>uc</span> <span class='ocrx_word' id='word_1_451' title='bbox 1323 5581 1567 5627; x_wconf 77' lang='lat' dir='ltr'>videretur</span> <span class='ocrx_word' id='word_1_452' title='bbox 1589 5592 1644 5627; x_wconf 81' lang='lat' dir='ltr'><strong>cx</strong></span> 
     </span>
    </p>
   </div>
   <div class='ocr_carea' id='block_1_61' title="bbox 124 5646 506 5693">
    <p class='ocr_par' dir='ltr' id='par_1_61' title="bbox 124 5646 506 5693">
     <span class='ocr_line' id='line_1_61' title="bbox 124 5646 506 5693; baseline -0.008 -1"><span class='ocrx_word' id='word_1_453' title='bbox 124 5658 200 5693; x_wconf 81' lang='lat' dir='ltr'>ms.</span> <span class='ocrx_word' id='word_1_454' title='bbox 214 5646 506 5692; x_wconf 83' lang='lat' dir='ltr'>desumlum.</span> 
     </span>
    </p>
   </div>
   <div class='ocr_carea' id='block_1_62' title="bbox 3225 369 3336 422">
    <p class='ocr_par' dir='ltr' id='par_1_62' title="bbox 3225 369 3336 422">
     <span class='ocr_line' id='line_1_62' title="bbox 3225 369 3336 422; baseline 0 0"><span class='ocrx_word' id='word_1_455' title='bbox 3225 369 3336 422; x_wconf 83' lang='lat'>316</span> 
     </span>
    </p>
   </div>
   <div class='ocr_carea' id='block_1_63' title="bbox 1779 454 3324 528">
    <p class='ocr_par' dir='ltr' id='par_1_63' title="bbox 1779 454 3324 528">
     <span class='ocr_line' id='line_1_63' title="bbox 1779 454 3324 528; baseline 0.006 -23"><span class='ocrx_word' id='word_1_456' title='bbox 1779 454 1998 517; x_wconf 84' lang='grc' dir='ltr'>τούτους</span> <span class='ocrx_word' id='word_1_457' title='bbox 2015 456 2230 523; x_wconf 82' lang='grc' dir='ltr'>ἐποίησε</span> <span class='ocrx_word' id='word_1_458' title='bbox 2251 455 2340 508; x_wconf 90' lang='grc' dir='ltr'>δύο</span> <span class='ocrx_word' id='word_1_459' title='bbox 2361 456 2537 522; x_wconf 86' lang='grc' dir='ltr'>φυλῶν</span> <span class='ocrx_word' id='word_1_460' title='bbox 2561 457 2805 523; x_wconf 89' lang='grc' dir='ltr'>γενέσθαι</span> <span class='ocrx_word' id='word_1_461' title='bbox 2835 458 3142 528; x_wconf 76' lang='grc' dir='ltr'>ἐπωνύμους</span> <span class='ocrx_word' id='word_1_462' title='bbox 3157 461 3207 522; x_wconf 74' lang='grc' dir='ltr'>δ,</span> <span class='ocrx_word' id='word_1_463' title='bbox 3233 465 3324 516; x_wconf 77' lang='grc' dir='ltr'>καὶ</span> 
     </span>
    </p>
   </div>
   <div class='ocr_carea' id='block_1_64' title="bbox 1779 542 3319 619">
    <p class='ocr_par' dir='ltr' id='par_1_64' title="bbox 1779 542 3319 619">
     <span class='ocr_line' id='line_1_64' title="bbox 1779 542 3319 619; baseline 0.005 -25"><span class='ocrx_word' id='word_1_464' title='bbox 1779 543 1832 594; x_wconf 80' lang='grc' dir='ltr'>αἱ</span> <span class='ocrx_word' id='word_1_465' title='bbox 1863 542 1952 593; x_wconf 91' lang='grc' dir='ltr'>δύο</span> <span class='ocrx_word' id='word_1_466' title='bbox 1979 545 2137 610; x_wconf 78' lang='grc' dir='ltr'>φυλαὶ</span> <span class='ocrx_word' id='word_1_467' title='bbox 2161 544 2234 611; x_wconf 80' lang='grc' dir='ltr'>τῷ</span> <span class='ocrx_word' id='word_1_468' title='bbox 2275 545 2463 612; x_wconf 78' lang='grc' dir='ltr'>Ἰωσὴφ</span> <span class='ocrx_word' id='word_1_469' title='bbox 2496 545 2806 611; x_wconf 79' lang='grc' dir='ltr'>ἐλογίζοντο.</span> <span class='ocrx_word' id='word_1_470' title='bbox 2843 548 3000 598; x_wconf 84' lang='grc' dir='ltr'>Ὥστε</span> <span class='ocrx_word' id='word_1_471' title='bbox 3035 548 3225 619; x_wconf 86' lang='grc' dir='ltr'>συνέϐη</span> <span class='ocrx_word' id='word_1_472' title='bbox 3256 553 3319 602; x_wconf 76' lang='grc' dir='ltr'>ἐκ</span> 
     </span>
    </p>
   </div>
   <div class='ocr_carea' id='block_1_65' title="bbox 1777 632 3316 703">
    <p class='ocr_par' dir='ltr' id='par_1_65' title="bbox 1777 632 3316 703">
     <span class='ocr_line' id='line_1_65' title="bbox 1777 632 3316 703; baseline 0.004 -20"><span class='ocrx_word' id='word_1_473' title='bbox 1777 632 1961 683; x_wconf 87' lang='grc' dir='ltr'>τούτου</span> <span class='ocrx_word' id='word_1_474' title='bbox 2011 633 2202 683; x_wconf 75' lang='grc' dir='ltr'>⁴ἕνδεκα</span> <span class='ocrx_word' id='word_1_475' title='bbox 2249 632 2307 700; x_wconf 87' lang='grc' dir='ltr'>(Ι.</span> <span class='ocrx_word' id='word_1_476' title='bbox 2363 635 2734 703; x_wconf 79' lang='grc' dir='ltr'>τρισκαίδεκα)</span> <span class='ocrx_word' id='word_1_477' title='bbox 2791 633 2924 687; x_wconf 77' lang='grc' dir='ltr'>εἶναι</span> <span class='ocrx_word' id='word_1_478' title='bbox 2982 637 3075 698; x_wconf 72' lang='grc' dir='ltr'>τὰς</span> <span class='ocrx_word' id='word_1_479' title='bbox 3130 637 3316 703; x_wconf 81' lang='grc' dir='ltr'>φυλὰς,</span> 
     </span>
    </p>
   </div>
   <div class='ocr_carea' id='block_1_66' title="bbox 1778 719 3320 790">
    <p class='ocr_par' dir='ltr' id='par_1_66' title="bbox 1778 719 3320 790">
     <span class='ocr_line' id='line_1_66' title="bbox 1778 719 3320 790; baseline 0.005 -20"><span class='ocrx_word' id='word_1_480' title='bbox 1778 719 1964 771; x_wconf 73' lang='grc' dir='ltr'>ἕνδεκα</span> <span class='ocrx_word' id='word_1_481' title='bbox 1985 721 2080 780; x_wconf 75' lang='grc' dir='ltr'>τὰς</span> <span class='ocrx_word' id='word_1_482' title='bbox 2104 719 2208 770; x_wconf 88' lang='grc' dir='ltr'>τῶν</span> <span class='ocrx_word' id='word_1_483' title='bbox 2233 721 2420 781; x_wconf 81' lang='grc' dir='ltr'>ἄλλων,</span> <span class='ocrx_word' id='word_1_484' title='bbox 2438 721 2526 771; x_wconf 88' lang='grc' dir='ltr'>δύο</span> <span class='ocrx_word' id='word_1_485' title='bbox 2545 723 2637 782; x_wconf 82' lang='grc' dir='ltr'>τὰς</span> <span class='ocrx_word' id='word_1_486' title='bbox 2661 725 2747 773; x_wconf 82' lang='grc' dir='ltr'>τοῦ</span> <span class='ocrx_word' id='word_1_487' title='bbox 2778 725 2966 790; x_wconf 71' lang='grc' dir='ltr'>Ἰωσὴφ</span> <span class='ocrx_word' id='word_1_488' title='bbox 2992 741 3082 783; x_wconf 86' lang='grc' dir='ltr'>τας</span> <span class='ocrx_word' id='word_1_489' title='bbox 3105 725 3190 776; x_wconf 85' lang='grc' dir='ltr'>διὰ</span> <span class='ocrx_word' id='word_1_490' title='bbox 3214 727 3320 778; x_wconf 78' lang='grc' dir='ltr'>τῶν</span> 
     </span>
    </p>
   </div>
   <div class='ocr_carea' id='block_1_67' title="bbox 1779 807 3316 881">
    <p class='ocr_par' dir='ltr' id='par_1_67' title="bbox 1779 807 3316 881">
     <span class='ocr_line' id='line_1_67' title="bbox 1779 807 3316 881; baseline 0.005 -25"><span class='ocrx_word' id='word_1_491' title='bbox 1779 807 1992 857; x_wconf 88' lang='grc' dir='ltr'>παίδων.</span> <span class='ocrx_word' id='word_1_492' title='bbox 2033 807 2423 875; x_wconf 79' lang='grc' dir='ltr'>Ὑπεξαιρείται</span> <span class='ocrx_word' id='word_1_493' title='bbox 2450 809 2585 875; x_wconf 81' lang='grc' dir='ltr'>ἡτοῦ</span> <span class='ocrx_word' id='word_1_494' title='bbox 2621 811 2766 870; x_wconf 78' lang='grc' dir='ltr'>Λευὶ,</span> <span class='ocrx_word' id='word_1_495' title='bbox 2801 812 2887 862; x_wconf 79' lang='grc' dir='ltr'>καὶ</span> <span class='ocrx_word' id='word_1_496' title='bbox 2917 812 3226 878; x_wconf 78' lang='grc' dir='ltr'>ἀφορίζεται</span> <span class='ocrx_word' id='word_1_497' title='bbox 3252 816 3316 881; x_wconf 79' lang='grc' dir='ltr'>τῇ</span> 
     </span>
    </p>
   </div>
   <div class='ocr_carea' id='block_1_68' title="bbox 1775 894 3313 966">
    <p class='ocr_par' dir='ltr' id='par_1_68' title="bbox 1775 894 3313 966">
     <span class='ocr_line' id='line_1_68' title="bbox 1775 894 3313 966; baseline 0.005 -20"><span class='ocrx_word' id='word_1_498' title='bbox 1775 894 1920 958; x_wconf 82' lang='grc' dir='ltr'>τάξει</span> <span class='ocrx_word' id='word_1_499' title='bbox 1953 897 2049 962; x_wconf 86' lang='grc' dir='ltr'>τῆς</span> <span class='ocrx_word' id='word_1_500' title='bbox 2078 896 2368 964; x_wconf 82' lang='grc' dir='ltr'>ἱερωσύνης</span> <span class='ocrx_word' id='word_1_501' title='bbox 2390 915 2400 926; x_wconf 93' lang='grc'><strong>·</strong></span> <span class='ocrx_word' id='word_1_502' title='bbox 2421 898 2538 947; x_wconf 78' lang='grc' dir='ltr'>ούδέ</span> <span class='ocrx_word' id='word_1_503' title='bbox 2570 898 2670 965; x_wconf 70' lang='grc' dir='ltr'>γὰρ</span> <span class='ocrx_word' id='word_1_504' title='bbox 2701 896 2764 966; x_wconf 79' lang='grc' dir='ltr'>ἦν</span> <span class='ocrx_word' id='word_1_505' title='bbox 2793 901 3085 966; x_wconf 83' lang='grc' dir='ltr'>ἀναγκαῖον</span> <span class='ocrx_word' id='word_1_506' title='bbox 3109 903 3232 953; x_wconf 80' lang='grc' dir='ltr'>ἀλλο</span> <span class='ocrx_word' id='word_1_507' title='bbox 3262 920 3313 953; x_wconf 86' lang='grc' dir='ltr'>τι</span> 
     </span>
    </p>
   </div>
   <div class='ocr_carea' id='block_1_69' title="bbox 1780 983 3316 1060">
    <p class='ocr_par' dir='ltr' id='par_1_69' title="bbox 1780 983 3316 1060">
     <span class='ocr_line' id='line_1_69' title="bbox 1780 983 3316 1060; baseline 0.005 -27"><span class='ocrx_word' id='word_1_508' title='bbox 1780 983 2179 1052; x_wconf 86' lang='grc' dir='ltr'>μεταχειρίσαι·</span> <span class='ocrx_word' id='word_1_509' title='bbox 2228 985 2319 1035; x_wconf 75' lang='grc' dir='ltr'>καὶ</span> <span class='ocrx_word' id='word_1_510' title='bbox 2355 985 2500 1052; x_wconf 89' lang='grc' dir='ltr'>μένει</span> <span class='ocrx_word' id='word_1_511' title='bbox 2544 986 2650 1036; x_wconf 90' lang='grc' dir='ltr'>τῶν</span> <span class='ocrx_word' id='word_1_512' title='bbox 2682 987 2878 1037; x_wconf 75' lang='grc' dir='ltr'>δώδεκα</span> <span class='ocrx_word' id='word_1_513' title='bbox 2919 989 2944 1036; x_wconf 92' lang='grc' dir='ltr'>ὁ</span> <span class='ocrx_word' id='word_1_514' title='bbox 2976 989 3200 1057; x_wconf 81' lang='grc' dir='ltr'>ἀριθμὸς</span> <span class='ocrx_word' id='word_1_515' title='bbox 3243 991 3316 1060; x_wconf 83' lang='grc' dir='ltr'>μὴ</span> 
     </span>
    </p>
   </div>
   <div class='ocr_carea' id='block_1_70' title="bbox 1776 1071 3315 1142">
    <p class='ocr_par' dir='ltr' id='par_1_70' title="bbox 1776 1071 3315 1142">
     <span class='ocr_line' id='line_1_70' title="bbox 1776 1071 3315 1142; baseline 0.004 -18"><span class='ocrx_word' id='word_1_516' title='bbox 1776 1073 2250 1142; x_wconf 88' lang='grc' dir='ltr'>ἀκρωτηριασθείς.</span> <span class='ocrx_word' id='word_1_517' title='bbox 2282 1076 2342 1124; x_wconf 68' lang='lat' dir='ltr'>At</span> <span class='ocrx_word' id='word_1_518' title='bbox 2391 1077 2484 1142; x_wconf 81' lang='grc' dir='ltr'>μὲν</span> <span class='ocrx_word' id='word_1_519' title='bbox 2516 1071 2604 1125; x_wconf 75' lang='grc' dir='ltr'>οὖν</span> <span class='ocrx_word' id='word_1_520' title='bbox 2635 1075 2833 1127; x_wconf 82' lang='grc' dir='ltr'>δώδεκα</span> <span class='ocrx_word' id='word_1_521' title='bbox 2874 1078 2938 1127; x_wconf 73' lang='grc' dir='ltr'>τὰ</span> <span class='ocrx_word' id='word_1_522' title='bbox 2976 1078 3104 1129; x_wconf 82' lang='grc' dir='ltr'>ἄλλα</span> <span class='ocrx_word' id='word_1_523' title='bbox 3144 1081 3315 1130; x_wconf 88' lang='grc' dir='ltr'>πάντα</span> 
     </span>
    </p>
   </div>
   <div class='ocr_carea' id='block_1_71' title="bbox 1777 1159 3312 1235">
    <p class='ocr_par' dir='ltr' id='par_1_71' title="bbox 1777 1159 3312 1235">
     <span class='ocr_line' id='line_1_71' title="bbox 1777 1159 3312 1235; baseline 0.005 -26"><span class='ocrx_word' id='word_1_524' title='bbox 1777 1159 2034 1227; x_wconf 74' lang='grc' dir='ltr'>ἔπραττον</span> <span class='ocrx_word' id='word_1_525' title='bbox 2055 1175 2066 1187; x_wconf 90' lang='grc'><strong>·</strong></span> <span class='ocrx_word' id='word_1_526' title='bbox 2095 1161 2125 1226; x_wconf 80' lang='grc' dir='ltr'>ἠ</span> <span class='ocrx_word' id='word_1_527' title='bbox 2147 1160 2201 1209; x_wconf 82' lang='grc' dir='ltr'>δὲ</span> <span class='ocrx_word' id='word_1_528' title='bbox 2223 1160 2312 1210; x_wconf 89' lang='grc' dir='ltr'>τοῦ</span> <span class='ocrx_word' id='word_1_529' title='bbox 2337 1163 2462 1211; x_wconf 75' lang='grc' dir='ltr'>Λευὶ</span> <span class='ocrx_word' id='word_1_530' title='bbox 2485 1162 2546 1212; x_wconf 79' lang='grc' dir='ltr'>τὰ</span> <span class='ocrx_word' id='word_1_531' title='bbox 2567 1163 2806 1230; x_wconf 73' lang='grc' dir='ltr'>ἱερατικά</span> <span class='ocrx_word' id='word_1_532' title='bbox 2829 1159 2891 1231; x_wconf 75' lang='grc' dir='ltr'>ἦν</span> <span class='ocrx_word' id='word_1_533' title='bbox 2918 1166 3312 1235; x_wconf 82' lang='grc' dir='ltr'>ὲπιτεταγμένη</span> 
     </span>
    </p>
   </div>
   <div class='ocr_carea' id='block_1_72' title="bbox 1779 1245 3307 1318">
    <p class='ocr_par' dir='ltr' id='par_1_72' title="bbox 1779 1245 3307 1318">
     <span class='ocr_line' id='line_1_72' title="bbox 1779 1245 3307 1318; baseline 0.005 -20"><span class='ocrx_word' id='word_1_534' title='bbox 1779 1248 1929 1316; x_wconf 85' lang='grc' dir='ltr'>μόνη.</span> <span class='ocrx_word' id='word_1_535' title='bbox 1971 1249 2061 1299; x_wconf 85' lang='grc' dir='ltr'>Ἐκ</span> <span class='ocrx_word' id='word_1_536' title='bbox 2108 1249 2306 1316; x_wconf 83' lang='grc' dir='ltr'>ταύτης</span> <span class='ocrx_word' id='word_1_537' title='bbox 2356 1245 2421 1317; x_wconf 80' lang='grc' dir='ltr'>ἦν</span> <span class='ocrx_word' id='word_1_538' title='bbox 2465 1251 2492 1300; x_wconf 89' lang='grc' dir='ltr'>ὁ</span> <span class='ocrx_word' id='word_1_539' title='bbox 2537 1253 2791 1318; x_wconf 79' lang='grc' dir='ltr'>Μωῦσῆς.</span> <span class='ocrx_word' id='word_1_540' title='bbox 2852 1247 3004 1304; x_wconf 73' lang='grc' dir='ltr'>Οὗτοι</span> <span class='ocrx_word' id='word_1_541' title='bbox 3043 1256 3214 1305; x_wconf 87' lang='grc' dir='ltr'>τοίνυν</span> <span class='ocrx_word' id='word_1_542' title='bbox 3259 1259 3307 1306; x_wconf 78' lang='grc' dir='ltr'>οξ</span> 
     </span>
    </p>
   </div>
   <div class='ocr_carea' id='block_1_73' title="bbox 1774 1335 3309 1412">
    <p class='ocr_par' dir='ltr' id='par_1_73' title="bbox 1774 1335 3309 1412">
     <span class='ocr_line' id='line_1_73' title="bbox 1774 1335 3309 1412; baseline 0.005 -25"><span class='ocrx_word' id='word_1_543' title='bbox 1774 1335 1972 1388; x_wconf 84' lang='grc' dir='ltr'>δώδεκα</span> <span class='ocrx_word' id='word_1_544' title='bbox 2002 1337 2324 1406; x_wconf 88' lang='grc' dir='ltr'>πατριάρχαι</span> <span class='ocrx_word' id='word_1_545' title='bbox 2360 1339 2671 1400; x_wconf 81' lang='grc' dir='ltr'>ἀπελθόντες</span> <span class='ocrx_word' id='word_1_546' title='bbox 2693 1343 2768 1401; x_wconf 89' lang='grc' dir='ltr'>εἰς</span> <span class='ocrx_word' id='word_1_547' title='bbox 2797 1341 3074 1407; x_wconf 72' lang='grc' dir='ltr'>Αἴγυπτον,</span> <span class='ocrx_word' id='word_1_548' title='bbox 3101 1347 3194 1412; x_wconf 84' lang='grc' dir='ltr'>τῆς</span> <span class='ocrx_word' id='word_1_549' title='bbox 3221 1345 3309 1394; x_wconf 87' lang='grc' dir='ltr'>τοῦ</span> 
     </span>
    </p>
   </div>
   <div class='ocr_carea' id='block_1_74' title="bbox 1774 1424 3312 1499">
    <p class='ocr_par' dir='ltr' id='par_1_74' title="bbox 1774 1424 3312 1499">
     <span class='ocr_line' id='line_1_74' title="bbox 1774 1424 3312 1499; baseline 0.003 -26"><span class='ocrx_word' id='word_1_550' title='bbox 1774 1424 1903 1475; x_wconf 86' lang='grc' dir='ltr'>Θεοῦ</span> <span class='ocrx_word' id='word_1_551' title='bbox 1927 1426 2246 1490; x_wconf 81' lang='grc' dir='ltr'>ἐπαγγελίας</span> <span class='ocrx_word' id='word_1_552' title='bbox 2267 1427 2361 1493; x_wconf 88' lang='grc' dir='ltr'>τῆς</span> <span class='ocrx_word' id='word_1_553' title='bbox 2384 1428 2516 1495; x_wconf 84' lang='grc' dir='ltr'>πρὸς</span> <span class='ocrx_word' id='word_1_554' title='bbox 2543 1429 2643 1478; x_wconf 78' lang='grc' dir='ltr'>τὸν·</span> <span class='ocrx_word' id='word_1_555' title='bbox 2667 1428 2909 1497; x_wconf 78' lang='grc' dir='ltr'>Ἀϐραὰμ</span> <span class='ocrx_word' id='word_1_556' title='bbox 2939 1431 3312 1499; x_wconf 71' lang='grc' dir='ltr'>πληρουμένης</span> 
     </span>
    </p>
   </div>
   <div class='ocr_carea' id='block_1_75' title="bbox 1772 1513 3310 1586">
    <p class='ocr_par' dir='ltr' id='par_1_75' title="bbox 1772 1513 3310 1586">
     <span class='ocr_line' id='line_1_75' title="bbox 1772 1513 3310 1586; baseline 0.006 -23"><span class='ocrx_word' id='word_1_557' title='bbox 1772 1514 1868 1580; x_wconf 85' lang='grc' dir='ltr'>τῆς</span> <span class='ocrx_word' id='word_1_558' title='bbox 1900 1513 2174 1582; x_wconf 80' lang='grc' dir='ltr'>λεγούσης,</span> <span class='ocrx_word' id='word_1_559' title='bbox 2197 1516 2427 1581; x_wconf 82' lang='grc' dir='ltr'>Ποιήσω</span> <span class='ocrx_word' id='word_1_560' title='bbox 2447 1517 2510 1566; x_wconf 85' lang='grc' dir='ltr'>τὸ</span> <span class='ocrx_word' id='word_1_561' title='bbox 2532 1517 2760 1584; x_wconf 78' lang='grc' dir='ltr'>σπέρμα</span> <span class='ocrx_word' id='word_1_562' title='bbox 2791 1534 2903 1570; x_wconf 85' lang='grc' dir='ltr'>σου</span> <span class='ocrx_word' id='word_1_563' title='bbox 2934 1521 3008 1582; x_wconf 86' lang='grc' dir='ltr'>ὡς</span> <span class='ocrx_word' id='word_1_564' title='bbox 3035 1522 3102 1571; x_wconf 79' lang='grc' dir='ltr'>τὰ</span> <span class='ocrx_word' id='word_1_565' title='bbox 3125 1520 3310 1586; x_wconf 76' lang='grc' dir='ltr'>ἄστρα</span> 
     </span>
    </p>
   </div>
   <div class='ocr_carea' id='block_1_76' title="bbox 1772 1600 3307 1677">
    <p class='ocr_par' dir='ltr' id='par_1_76' title="bbox 1772 1600 3307 1677">
     <span class='ocr_line' id='line_1_76' title="bbox 1772 1600 3307 1677; baseline 0.007 -26"><span class='ocrx_word' id='word_1_566' title='bbox 1772 1600 1876 1653; x_wconf 81' lang='grc' dir='ltr'>τοῦ</span> <span class='ocrx_word' id='word_1_567' title='bbox 1895 1602 2164 1667; x_wconf 72' lang='grc' dir='ltr'>σι’φανοῦ,</span> <span class='ocrx_word' id='word_1_568' title='bbox 2183 1603 2465 1665; x_wconf 78' lang='grc' dir='ltr'>ἑξακοσίων</span> <span class='ocrx_word' id='word_1_569' title='bbox 2494 1606 2739 1672; x_wconf 87' lang='grc' dir='ltr'>χιλιάδων</span> <span class='ocrx_word' id='word_1_570' title='bbox 2767 1609 3005 1672; x_wconf 86' lang='grc' dir='ltr'>ἐγένοντο</span> <span class='ocrx_word' id='word_1_571' title='bbox 3042 1611 3307 1677; x_wconf 85' lang='grc' dir='ltr'>πρόγονοι.</span> 
     </span>
    </p>
   </div>
   <div class='ocr_carea' id='block_1_77' title="bbox 1785 1689 3312 1765">
    <p class='ocr_par' dir='ltr' id='par_1_77' title="bbox 1785 1689 3312 1765">
     <span class='ocr_line' id='line_1_77' title="bbox 1785 1689 3312 1765; baseline 0.005 -25"><span class='ocrx_word' id='word_1_572' title='bbox 1785 1689 2052 1743; x_wconf 85' lang='grc' dir='ltr'>Ἐντεῦθεν</span> <span class='ocrx_word' id='word_1_573' title='bbox 2081 1692 2139 1742; x_wconf 88' lang='lat'><em>16</em></span> <span class='ocrx_word' id='word_1_574' title='bbox 2163 1692 2266 1742; x_wconf 89' lang='grc' dir='ltr'>τῶν</span> <span class='ocrx_word' id='word_1_575' title='bbox 2312 1693 2567 1744; x_wconf 88' lang='grc' dir='ltr'>Ἰουδαίων</span> <span class='ocrx_word' id='word_1_576' title='bbox 2624 1695 2845 1762; x_wconf 85' lang='grc' dir='ltr'>συνέστη</span> <span class='ocrx_word' id='word_1_577' title='bbox 2888 1696 3039 1761; x_wconf 89' lang='grc' dir='ltr'>γένος</span> <span class='ocrx_word' id='word_1_578' title='bbox 3077 1699 3180 1748; x_wconf 85' lang='grc' dir='ltr'>ἀπὸ</span> <span class='ocrx_word' id='word_1_579' title='bbox 3215 1699 3312 1765; x_wconf 82' lang='grc' dir='ltr'>τῆς</span> 
     </span>
    </p>
   </div>
   <div class='ocr_carea' id='block_1_78' title="bbox 1787 1780 3309 1853">
    <p class='ocr_par' dir='ltr' id='par_1_78' title="bbox 1787 1780 3309 1853">
     <span class='ocr_line' id='line_1_78' title="bbox 1787 1780 3309 1853; baseline 0.005 -23"><span class='ocrx_word' id='word_1_580' title='bbox 1787 1780 1947 1831; x_wconf 85' lang='grc' dir='ltr'>Ἰούδα</span> <span class='ocrx_word' id='word_1_581' title='bbox 1993 1781 2160 1849; x_wconf 82' lang='grc' dir='ltr'>φυλῆς</span> <span class='ocrx_word' id='word_1_582' title='bbox 2194 1781 2483 1849; x_wconf 84' lang='grc' dir='ltr'>ὀνομασθὲν</span> <span class='ocrx_word' id='word_1_583' title='bbox 2525 1782 2620 1850; x_wconf 85' lang='grc' dir='ltr'>τῆς</span> <span class='ocrx_word' id='word_1_584' title='bbox 2654 1783 3087 1853; x_wconf 89' lang='grc' dir='ltr'>βασιλικωτάτης,</span> <span class='ocrx_word' id='word_1_585' title='bbox 3123 1787 3238 1837; x_wconf 83' lang='grc' dir='ltr'>ὅθεν</span> <span class='ocrx_word' id='word_1_586' title='bbox 3263 1790 3309 1838; x_wconf 81' lang='grc' dir='ltr'>οί</span> 
     </span>
    </p>
   </div>
   <div class='ocr_carea' id='block_1_79' title="bbox 1779 1867 3307 1942">
    <p class='ocr_par' dir='ltr' id='par_1_79' title="bbox 1779 1867 3307 1942">
     <span class='ocr_line' id='line_1_79' title="bbox 1779 1867 3307 1942; baseline 0.005 -23"><span class='ocrx_word' id='word_1_587' title='bbox 1779 1867 2016 1935; x_wconf 88' lang='grc' dir='ltr'>βασιλεῖς</span> <span class='ocrx_word' id='word_1_588' title='bbox 2049 1868 2112 1920; x_wconf 83' lang='grc' dir='ltr'>ἂν</span> <span class='ocrx_word' id='word_1_589' title='bbox 2166 1870 2425 1935; x_wconf 85' lang='grc' dir='ltr'>ἐγένοντο.</span> <span class='ocrx_word' id='word_1_590' title='bbox 2461 1870 2568 1936; x_wconf 80' lang='grc' dir='ltr'>Τῆς</span> <span class='ocrx_word' id='word_1_591' title='bbox 2603 1867 2692 1923; x_wconf 83' lang='grc' dir='ltr'>οῦν</span> <span class='ocrx_word' id='word_1_592' title='bbox 2715 1873 2950 1935; x_wconf 84' lang='grc' dir='ltr'>Παλαιᾶς</span> <span class='ocrx_word' id='word_1_593' title='bbox 2983 1876 3092 1924; x_wconf 85' lang='grc' dir='ltr'>ἐστι</span> <span class='ocrx_word' id='word_1_594' title='bbox 3124 1875 3181 1925; x_wconf 87' lang='grc' dir='ltr'>τὸ</span> <span class='ocrx_word' id='word_1_595' title='bbox 3212 1876 3307 1942; x_wconf 77' lang='grc' dir='ltr'>μὲν</span> 
     </span>
    </p>
   </div>
   <div class='ocr_carea' id='block_1_80' title="bbox 1777 1956 3312 2031">
    <p class='ocr_par' dir='ltr' id='par_1_80' title="bbox 1777 1956 3312 2031">
     <span class='ocr_line' id='line_1_80' title="bbox 1777 1956 3312 2031; baseline 0.004 -24"><span class='ocrx_word' id='word_1_596' title='bbox 1777 1956 2056 2025; x_wconf 74' lang='grc' dir='ltr'>ἱστορικὸν,</span> <span class='ocrx_word' id='word_1_597' title='bbox 2085 1957 2235 2010; x_wconf 85' lang='grc' dir='ltr'>τοῦτο</span> <span class='ocrx_word' id='word_1_598' title='bbox 2270 1959 2332 2027; x_wconf 85' lang='grc' dir='ltr'>δὴ</span> <span class='ocrx_word' id='word_1_599' title='bbox 2370 1958 2396 2009; x_wconf 85' lang='lat'>6</span> <span class='ocrx_word' id='word_1_600' title='bbox 2437 1962 2865 2030; x_wconf 55' lang='grc' dir='ltr'>προειρήκαμεν</span> <span class='ocrx_word' id='word_1_601' title='bbox 2909 1962 2967 2013; x_wconf 88' lang='lat'>16</span> <span class='ocrx_word' id='word_1_602' title='bbox 2994 1963 3044 2013; x_wconf 87' lang='lat'><em>6‘5</em></span> <span class='ocrx_word' id='word_1_603' title='bbox 3083 1965 3312 2031; x_wconf 81' lang='grc' dir='ltr'>συμϐου-</span> 
     </span>
    </p>
   </div>
   <div class='ocr_carea' id='block_1_81' title="bbox 1772 2044 3306 2122">
    <p class='ocr_par' dir='ltr' id='par_1_81' title="bbox 1772 2044 3306 2122">
     <span class='ocr_line' id='line_1_81' title="bbox 1772 2044 3306 2122; baseline 0.006 -28"><span class='ocrx_word' id='word_1_604' title='bbox 1772 2044 2027 2107; x_wconf 77' lang='grc' dir='ltr'>λευτικὸν,</span> <span class='ocrx_word' id='word_1_605' title='bbox 2065 2045 2137 2109; x_wconf 78' lang='grc' dir='ltr'>ὡς</span> <span class='ocrx_word' id='word_1_606' title='bbox 2180 2047 2240 2100; x_wconf 83' lang='grc' dir='ltr'>αἴ</span> <span class='ocrx_word' id='word_1_607' title='bbox 2279 2064 2336 2098; x_wconf 88' lang='grc' dir='ltr'>τε</span> <span class='ocrx_word' id='word_1_608' title='bbox 2385 2049 2709 2117; x_wconf 85' lang='grc' dir='ltr'>Παροιμίαι,</span> <span class='ocrx_word' id='word_1_609' title='bbox 2763 2052 2853 2102; x_wconf 81' lang='grc' dir='ltr'>καὶ</span> <span class='ocrx_word' id='word_1_610' title='bbox 2901 2053 2932 2120; x_wconf 79' lang='grc' dir='ltr'><strong>ἡ</strong></span> <span class='ocrx_word' id='word_1_611' title='bbox 2971 2052 3060 2103; x_wconf 83' lang='grc' dir='ltr'>τοῦ</span> <span class='ocrx_word' id='word_1_612' title='bbox 3112 2053 3306 2122; x_wconf 76' lang='grc' dir='ltr'>Σειράχ</span> 
     </span>
    </p>
   </div>
   <div class='ocr_carea' id='block_1_82' title="bbox 1773 2136 3308 2210">
    <p class='ocr_par' dir='ltr' id='par_1_82' title="bbox 1773 2136 3308 2210">
     <span class='ocr_line' id='line_1_82' title="bbox 1773 2136 3308 2210; baseline 0.005 -24"><span class='ocrx_word' id='word_1_613' title='bbox 1773 2136 1934 2204; x_wconf 85' lang='grc' dir='ltr'>Σοφία</span> <span class='ocrx_word' id='word_1_614' title='bbox 1959 2174 1972 2197; x_wconf 93' lang='grc'>,</span> <span class='ocrx_word' id='word_1_615' title='bbox 2015 2137 2102 2187; x_wconf 80' lang='grc' dir='ltr'>καὶ</span> <span class='ocrx_word' id='word_1_616' title='bbox 2132 2139 2159 2188; x_wconf 90' lang='lat'>6</span> <span class='ocrx_word' id='word_1_617' title='bbox 2194 2138 2609 2207; x_wconf 83' lang='grc' dir='ltr'>Ἐκκλησιαστὴς</span> <span class='ocrx_word' id='word_1_618' title='bbox 2633 2179 2646 2201; x_wconf 97' lang='grc'>,</span> <span class='ocrx_word' id='word_1_619' title='bbox 2691 2143 2780 2192; x_wconf 78' lang='grc' dir='ltr'>καὶ</span> <span class='ocrx_word' id='word_1_620' title='bbox 2823 2142 2890 2193; x_wconf 74' lang='grc' dir='ltr'>τὰ</span> <span class='ocrx_word' id='word_1_621' title='bbox 2926 2142 3171 2210; x_wconf 69' lang='grc' dir='ltr'>Ι’ᾼσματα</span> <span class='ocrx_word' id='word_1_622' title='bbox 3204 2143 3308 2194; x_wconf 87' lang='grc' dir='ltr'>τῶν</span> 
     </span>
    </p>
   </div>
   <div class='ocr_carea' id='block_1_83' title="bbox 1772 2226 3308 2297">
    <p class='ocr_par' dir='ltr' id='par_1_83' title="bbox 1772 2226 3308 2297">
     <span class='ocr_line' id='line_1_83' title="bbox 1772 2226 3308 2297; baseline 0.005 -21"><span class='ocrx_word' id='word_1_623' title='bbox 1772 2226 2052 2294; x_wconf 82' lang='grc' dir='ltr'>ᾀσμάτων·</span> <span class='ocrx_word' id='word_1_624' title='bbox 2097 2227 2157 2277; x_wconf 90' lang='lat'>16</span> <span class='ocrx_word' id='word_1_625' title='bbox 2196 2228 2249 2278; x_wconf 81' lang='grc' dir='ltr'>δὲ</span> <span class='ocrx_word' id='word_1_626' title='bbox 2289 2230 2654 2296; x_wconf 71' lang='grc' dir='ltr'>προφητικὸν,</span> <span class='ocrx_word' id='word_1_627' title='bbox 2707 2230 2778 2291; x_wconf 82' lang='grc' dir='ltr'>ὡς</span> <span class='ocrx_word' id='word_1_628' title='bbox 2828 2234 2874 2281; x_wconf 83' lang='grc' dir='ltr'>οἱ</span> <span class='ocrx_word' id='word_1_629' title='bbox 2929 2231 3114 2295; x_wconf 68' lang='grc' dir='ltr'>δεκαέξ</span> <span class='ocrx_word' id='word_1_630' title='bbox 3167 2233 3308 2297; x_wconf 84' lang='grc' dir='ltr'>λέγω</span> 
     </span>
    </p>
   </div>
   <div class='ocr_carea' id='block_1_84' title="bbox 1772 2316 3308 2388">
    <p class='ocr_par' dir='ltr' id='par_1_84' title="bbox 1772 2316 3308 2388">
     <span class='ocr_line' id='line_1_84' title="bbox 1772 2316 3308 2388; baseline 0.005 -24"><span class='ocrx_word' id='word_1_631' title='bbox 1772 2316 2065 2383; x_wconf 87' lang='grc' dir='ltr'>Προφῆται,</span> <span class='ocrx_word' id='word_1_632' title='bbox 2102 2317 2193 2367; x_wconf 75' lang='grc' dir='ltr'>καὶ</span> <span class='ocrx_word' id='word_1_633' title='bbox 2247 2316 2429 2381; x_wconf 78' lang='grc' dir='ltr'>ῬοὺΟ,</span> <span class='ocrx_word' id='word_1_634' title='bbox 2484 2319 2573 2369; x_wconf 77' lang='grc' dir='ltr'>καὶ</span> <span class='ocrx_word' id='word_1_635' title='bbox 2611 2320 2782 2371; x_wconf 81' lang='grc' dir='ltr'>Δαυῖὂ.</span> <span class='ocrx_word' id='word_1_636' title='bbox 2833 2319 2992 2388; x_wconf 76' lang='grc' dir='ltr'>Εὖροι</span> <span class='ocrx_word' id='word_1_637' title='bbox 3035 2322 3076 2372; x_wconf 85' lang='grc' dir='ltr'>δ’</span> <span class='ocrx_word' id='word_1_638' title='bbox 3121 2323 3182 2373; x_wconf 84' lang='grc' dir='ltr'>ἄν</span> <span class='ocrx_word' id='word_1_639' title='bbox 3227 2339 3308 2383; x_wconf 83' lang='grc' dir='ltr'>τις</span> 
     </span>
    </p>
   </div>
   <div class='ocr_carea' id='block_1_85' title="bbox 1773 2403 3302 2475">
    <p class='ocr_par' dir='ltr' id='par_1_85' title="bbox 1773 2403 3302 2475">
     <span class='ocr_line' id='line_1_85' title="bbox 1773 2403 3302 2475; baseline 0.007 -24"><span class='ocrx_word' id='word_1_640' title='bbox 1773 2403 1836 2452; x_wconf 68' lang='grc' dir='ltr'>τὰ</span> <span class='ocrx_word' id='word_1_641' title='bbox 1870 2404 1978 2469; x_wconf 82' lang='grc' dir='ltr'>εἴδη</span> <span class='ocrx_word' id='word_1_642' title='bbox 2013 2403 2177 2453; x_wconf 88' lang='grc' dir='ltr'>ταῦτα</span> <span class='ocrx_word' id='word_1_643' title='bbox 2192 2406 2486 2472; x_wconf 82' lang='grc' dir='ltr'>διῃρημένα</span> <span class='ocrx_word' id='word_1_644' title='bbox 2515 2405 2779 2474; x_wconf 81' lang='grc' dir='ltr'>ἁδρομερῆ</span> <span class='ocrx_word' id='word_1_645' title='bbox 2808 2409 2860 2457; x_wconf 82' lang='grc' dir='ltr'>ἐν</span> <span class='ocrx_word' id='word_1_646' title='bbox 2891 2408 3130 2475; x_wconf 84' lang='grc' dir='ltr'>ἀλλήλοις</span> <span class='ocrx_word' id='word_1_647' title='bbox 3157 2409 3302 2461; x_wconf 83' lang='grc' dir='ltr'>ὄντα.</span> 
     </span>
    </p>
   </div>
   <div class='ocr_carea' id='block_1_86' title="bbox 1772 2485 3307 2565">
    <p class='ocr_par' dir='ltr' id='par_1_86' title="bbox 1772 2485 3307 2565">
     <span class='ocr_line' id='line_1_86' title="bbox 1772 2485 3307 2565; baseline 0.004 -24"><span class='ocrx_word' id='word_1_648' title='bbox 1772 2485 1892 2541; x_wconf 70' lang='grc' dir='ltr'>Οἶόν</span> <span class='ocrx_word' id='word_1_649' title='bbox 1923 2507 1973 2540; x_wconf 90' lang='grc' dir='ltr'>τι</span> <span class='ocrx_word' id='word_1_650' title='bbox 2005 2490 2162 2554; x_wconf 86' lang='grc' dir='ltr'>λέγω,</span> <span class='ocrx_word' id='word_1_651' title='bbox 2199 2492 2255 2541; x_wconf 82' lang='grc' dir='ltr'>ἐν</span> <span class='ocrx_word' id='word_1_652' title='bbox 2283 2494 2398 2551; x_wconf 86' lang='grc' dir='ltr'>τοῖς</span> <span class='ocrx_word' id='word_1_653' title='bbox 2435 2493 2686 2561; x_wconf 80' lang='grc' dir='ltr'>ἱστορίαις</span> <span class='ocrx_word' id='word_1_654' title='bbox 2715 2494 2858 2562; x_wconf 79' lang='grc' dir='ltr'>εὖροι</span> <span class='ocrx_word' id='word_1_655' title='bbox 2903 2512 2983 2555; x_wconf 87' lang='grc' dir='ltr'>τις</span> <span class='ocrx_word' id='word_1_656' title='bbox 3013 2495 3074 2546; x_wconf 77' lang='grc' dir='ltr'>ἃν</span> <span class='ocrx_word' id='word_1_657' title='bbox 3102 2513 3307 2565; x_wconf 80' lang='grc' dir='ltr'>προφηο</span> 
     </span>
    </p>
   </div>
   <div class='ocr_carea' id='block_1_87' title="bbox 1769 2578 3307 2649">
    <p class='ocr_par' dir='ltr' id='par_1_87' title="bbox 1769 2578 3307 2649">
     <span class='ocr_line' id='line_1_87' title="bbox 1769 2578 3307 2649; baseline 0.004 -20"><span class='ocrx_word' id='word_1_658' title='bbox 1769 2579 1945 2629; x_wconf 85' lang='grc' dir='ltr'>τείαν·</span> <span class='ocrx_word' id='word_1_659' title='bbox 1981 2578 2069 2630; x_wconf 75' lang='grc' dir='ltr'>καὶ</span> <span class='ocrx_word' id='word_1_660' title='bbox 2102 2579 2205 2630; x_wconf 87' lang='grc' dir='ltr'>τῶν</span> <span class='ocrx_word' id='word_1_661' title='bbox 2236 2581 2520 2649; x_wconf 85' lang='grc' dir='ltr'>προφητῶν</span> <span class='ocrx_word' id='word_1_662' title='bbox 2557 2579 2831 2633; x_wconf 86' lang='grc' dir='ltr'>ἀκούσειεν</span> <span class='ocrx_word' id='word_1_663' title='bbox 2879 2582 2942 2633; x_wconf 88' lang='grc' dir='ltr'>ἂν</span> <span class='ocrx_word' id='word_1_664' title='bbox 2973 2583 3133 2634; x_wconf 77' lang='grc' dir='ltr'>πολλὰ</span> <span class='ocrx_word' id='word_1_665' title='bbox 3170 2586 3307 2636; x_wconf 81' lang='grc' dir='ltr'>ἱστο-</span> 
     </span>
    </p>
   </div>
   <div class='ocr_carea' id='block_1_88' title="bbox 1775 2666 3307 2740">
    <p class='ocr_par' dir='ltr' id='par_1_88' title="bbox 1775 2666 3307 2740">
     <span class='ocr_line' id='line_1_88' title="bbox 1775 2666 3307 2740; baseline 0.005 -24"><span class='ocrx_word' id='word_1_666' title='bbox 1775 2666 1897 2733; x_wconf 80' lang='grc' dir='ltr'>ρικὰ</span> <span class='ocrx_word' id='word_1_667' title='bbox 1937 2667 2338 2736; x_wconf 82' lang='grc' dir='ltr'>διαλεγομένων.</span> <span class='ocrx_word' id='word_1_668' title='bbox 2393 2669 2495 2719; x_wconf 77' lang='grc' dir='ltr'>Καὶ</span> <span class='ocrx_word' id='word_1_669' title='bbox 2526 2671 2583 2721; x_wconf 91' lang='lat'>16</span> <span class='ocrx_word' id='word_1_670' title='bbox 2613 2672 2706 2739; x_wconf 86' lang='grc' dir='ltr'>τῆς</span> <span class='ocrx_word' id='word_1_671' title='bbox 2749 2673 3049 2740; x_wconf 79' lang='grc' dir='ltr'>συμϐουλῆς</span> <span class='ocrx_word' id='word_1_672' title='bbox 3085 2672 3140 2723; x_wconf 84' lang='grc' dir='ltr'>δὲ</span> <span class='ocrx_word' id='word_1_673' title='bbox 3171 2672 3307 2734; x_wconf 79' lang='grc' dir='ltr'>εἶδος</span> 
     </span>
    </p>
   </div>
   <div class='ocr_carea' id='block_1_89' title="bbox 1772 2757 3302 2831">
    <p class='ocr_par' dir='ltr' id='par_1_89' title="bbox 1772 2757 3302 2831">
     <span class='ocr_line' id='line_1_89' title="bbox 1772 2757 3302 2831; baseline 0.003 -24"><span class='ocrx_word' id='word_1_674' title='bbox 1772 2760 1859 2809; x_wconf 71' lang='grc' dir='ltr'>καὶ</span> <span class='ocrx_word' id='word_1_675' title='bbox 1879 2758 1936 2808; x_wconf 93' lang='lat'>16</span> <span class='ocrx_word' id='word_1_676' title='bbox 1963 2758 2056 2824; x_wconf 86' lang='grc' dir='ltr'>τῆς</span> <span class='ocrx_word' id='word_1_677' title='bbox 2083 2757 2460 2826; x_wconf 85' lang='grc' dir='ltr'>παραινέσεως,</span> <span class='ocrx_word' id='word_1_678' title='bbox 2491 2761 2546 2810; x_wconf 86' lang='grc' dir='ltr'>ἐν</span> <span class='ocrx_word' id='word_1_679' title='bbox 2569 2761 2803 2829; x_wconf 80' lang='grc' dir='ltr'>ἑκατέρῳ</span> <span class='ocrx_word' id='word_1_680' title='bbox 2824 2761 3041 2822; x_wconf 88' lang='grc' dir='ltr'>τούτων,</span> <span class='ocrx_word' id='word_1_681' title='bbox 3083 2761 3137 2812; x_wconf 71' lang='grc' dir='ltr'>ἐν</span> <span class='ocrx_word' id='word_1_682' title='bbox 3158 2779 3214 2812; x_wconf 88' lang='grc' dir='ltr'>τε</span> <span class='ocrx_word' id='word_1_683' title='bbox 3238 2766 3302 2831; x_wconf 86' lang='grc' dir='ltr'>τῇ</span> 
     </span>
    </p>
   </div>
   <div class='ocr_carea' id='block_1_90' title="bbox 1772 2845 3305 2918">
    <p class='ocr_par' dir='ltr' id='par_1_90' title="bbox 1772 2845 3305 2918">
     <span class='ocr_line' id='line_1_90' title="bbox 1772 2845 3305 2918; baseline 0.003 -24"><span class='ocrx_word' id='word_1_684' title='bbox 1772 2847 2084 2913; x_wconf 75' lang='grc' dir='ltr'>προφητεία,</span> <span class='ocrx_word' id='word_1_685' title='bbox 2116 2845 2171 2896; x_wconf 78' lang='grc' dir='ltr'>ἕν</span> <span class='ocrx_word' id='word_1_686' title='bbox 2206 2863 2261 2896; x_wconf 89' lang='grc' dir='ltr'>τε</span> <span class='ocrx_word' id='word_1_687' title='bbox 2294 2849 2355 2915; x_wconf 81' lang='grc' dir='ltr'>τῇ</span> <span class='ocrx_word' id='word_1_688' title='bbox 2393 2848 2612 2915; x_wconf 78' lang='grc' dir='ltr'>ἱστορίᾳ.</span> <span class='ocrx_word' id='word_1_689' title='bbox 2648 2848 2823 2898; x_wconf 86' lang='grc' dir='ltr'>Πάντα</span> <span class='ocrx_word' id='word_1_690' title='bbox 2839 2847 2893 2899; x_wconf 88' lang='grc' dir='ltr'>δέ</span> <span class='ocrx_word' id='word_1_691' title='bbox 2911 2847 3097 2910; x_wconf 85' lang='grc' dir='ltr'>ταῦτα,</span> <span class='ocrx_word' id='word_1_692' title='bbox 3123 2847 3305 2918; x_wconf 86' lang='grc' dir='ltr'>ῶσπερ</span> 
     </span>
    </p>
   </div>
   <div class='ocr_carea' id='block_1_91' title="bbox 1772 2931 3303 3004">
    <p class='ocr_par' dir='ltr' id='par_1_91' title="bbox 1772 2931 3303 3004">
     <span class='ocr_line' id='line_1_91' title="bbox 1772 2931 3303 3004; baseline 0.003 -22"><span class='ocrx_word' id='word_1_693' title='bbox 1772 2931 1935 2999; x_wconf 80' lang='grc' dir='ltr'>ἔφθην</span> <span class='ocrx_word' id='word_1_694' title='bbox 1962 2933 2143 2992; x_wconf 75' lang='grc' dir='ltr'>εἰπὼν,</span> <span class='ocrx_word' id='word_1_695' title='bbox 2179 2935 2256 2993; x_wconf 78' lang='grc' dir='ltr'>εἰς</span> <span class='ocrx_word' id='word_1_696' title='bbox 2283 2933 2338 2984; x_wconf 81' lang='grc' dir='ltr'>ἓν</span> <span class='ocrx_word' id='word_1_697' title='bbox 2369 2935 2570 3001; x_wconf 85' lang='grc' dir='ltr'>βλέπει,</span> <span class='ocrx_word' id='word_1_698' title='bbox 2594 2935 2687 3004; x_wconf 81' lang='grc' dir='ltr'>τὴν</span> <span class='ocrx_word' id='word_1_699' title='bbox 2718 2935 2824 2986; x_wconf 89' lang='grc' dir='ltr'>τῶν</span> <span class='ocrx_word' id='word_1_700' title='bbox 2845 2935 3138 2986; x_wconf 86' lang='grc' dir='ltr'>ἀκουόντων</span> <span class='ocrx_word' id='word_1_701' title='bbox 3161 2935 3303 3004; x_wconf 85' lang='grc' dir='ltr'>διόρ-</span> 
     </span>
    </p>
   </div>
   <div class='ocr_carea' id='block_1_92' title="bbox 1772 3023 3301 3092">
    <p class='ocr_par' dir='ltr' id='par_1_92' title="bbox 1772 3023 3301 3092">
     <span class='ocr_line' id='line_1_92' title="bbox 1772 3023 3301 3092; baseline 0 -18"><span class='ocrx_word' id='word_1_702' title='bbox 1772 3023 1960 3081; x_wconf 88' lang='grc' dir='ltr'>θωσιν,</span> <span class='ocrx_word' id='word_1_703' title='bbox 1996 3023 2132 3074; x_wconf 76' lang='grc' dir='ltr'>ὥστε</span> <span class='ocrx_word' id='word_1_704' title='bbox 2161 3023 2252 3077; x_wconf 72' lang='grc' dir='ltr'>καὶ</span> <span class='ocrx_word' id='word_1_705' title='bbox 2278 3025 2382 3075; x_wconf 82' lang='grc' dir='ltr'>ἀπὸ</span> <span class='ocrx_word' id='word_1_706' title='bbox 2413 3024 2510 3090; x_wconf 86' lang='grc' dir='ltr'>τῆς</span> <span class='ocrx_word' id='word_1_707' title='bbox 2550 3025 2654 3075; x_wconf 86' lang='grc' dir='ltr'>τῶν</span> <span class='ocrx_word' id='word_1_708' title='bbox 2685 3024 2954 3092; x_wconf 87' lang='grc' dir='ltr'>προτέρων</span> <span class='ocrx_word' id='word_1_709' title='bbox 2989 3025 3301 3091; x_wconf 80' lang='grc' dir='ltr'>διηγήσεως,</span> 
     </span>
    </p>
   </div>
   <div class='ocr_carea' id='block_1_93' title="bbox 1771 3111 3302 3181">
    <p class='ocr_par' dir='ltr' id='par_1_93' title="bbox 1771 3111 3302 3181">
     <span class='ocr_line' id='line_1_93' title="bbox 1771 3111 3302 3181; baseline -0.001 -18"><span class='ocrx_word' id='word_1_710' title='bbox 1771 3113 1862 3163; x_wconf 67' lang='grc' dir='ltr'>καὶ</span> <span class='ocrx_word' id='word_1_711' title='bbox 1879 3113 1981 3162; x_wconf 81' lang='grc' dir='ltr'>ἀπὸ</span> <span class='ocrx_word' id='word_1_712' title='bbox 2003 3111 2145 3181; x_wconf 77' lang='grc'>[517]</span> <span class='ocrx_word' id='word_1_713' title='bbox 2164 3113 2258 3179; x_wconf 87' lang='grc' dir='ltr'>τῆς</span> <span class='ocrx_word' id='word_1_714' title='bbox 2282 3113 2577 3180; x_wconf 82' lang='grc' dir='ltr'>συμϐουλῆς</span> <span class='ocrx_word' id='word_1_715' title='bbox 2593 3114 2682 3162; x_wconf 77' lang='grc' dir='ltr'>καὶ</span> <span class='ocrx_word' id='word_1_716' title='bbox 2703 3113 2798 3178; x_wconf 86' lang='grc' dir='ltr'>τῆς</span> <span class='ocrx_word' id='word_1_717' title='bbox 2815 3115 3193 3179; x_wconf 84' lang='grc' dir='ltr'>παραινέσεως,</span> <span class='ocrx_word' id='word_1_718' title='bbox 3211 3113 3302 3162; x_wconf 76' lang='grc' dir='ltr'>καὶ</span> 
     </span>
    </p>
   </div>
   <div class='ocr_carea' id='block_1_94' title="bbox 1769 3199 3302 3269">
    <p class='ocr_par' dir='ltr' id='par_1_94' title="bbox 1769 3199 3302 3269">
     <span class='ocr_line' id='line_1_94' title="bbox 1769 3199 3302 3269; baseline -0.001 -17"><span class='ocrx_word' id='word_1_719' title='bbox 1769 3201 1873 3252; x_wconf 77' lang='grc' dir='ltr'>ἀπὸ</span> <span class='ocrx_word' id='word_1_720' title='bbox 1899 3201 1993 3268; x_wconf 84' lang='grc' dir='ltr'>τῆς</span> <span class='ocrx_word' id='word_1_721' title='bbox 2023 3201 2348 3268; x_wconf 84' lang='grc' dir='ltr'>προφητείας</span> <span class='ocrx_word' id='word_1_722' title='bbox 2384 3200 2726 3268; x_wconf 75' lang='grc' dir='ltr'>ῥυθμίςεσθαι</span> <span class='ocrx_word' id='word_1_723' title='bbox 2750 3200 2882 3268; x_wconf 80' lang='grc' dir='ltr'>πρὸς</span> <span class='ocrx_word' id='word_1_724' title='bbox 2915 3199 2973 3250; x_wconf 88' lang='lat'>16</span> <span class='ocrx_word' id='word_1_725' title='bbox 3003 3200 3133 3251; x_wconf 84' lang='grc' dir='ltr'>δέον.</span> <span class='ocrx_word' id='word_1_726' title='bbox 3165 3203 3302 3269; x_wconf 85' lang='grc' dir='ltr'>Προ-</span> 
     </span>
    </p>
   </div>
   <div class='ocr_carea' id='block_1_95' title="bbox 1770 3281 3302 3354">
    <p class='ocr_par' dir='ltr' id='par_1_95' title="bbox 1770 3281 3302 3354">
     <span class='ocr_line' id='line_1_95' title="bbox 1770 3281 3302 3354; baseline 0.001 -18"><span class='ocrx_word' id='word_1_727' title='bbox 1770 3287 1988 3354; x_wconf 83' lang='grc' dir='ltr'>φητείας</span> <span class='ocrx_word' id='word_1_728' title='bbox 2028 3286 2081 3336; x_wconf 81' lang='grc' dir='ltr'>δὲ</span> <span class='ocrx_word' id='word_1_729' title='bbox 2125 3285 2275 3338; x_wconf 84' lang='grc' dir='ltr'>τοῦτο</span> <span class='ocrx_word' id='word_1_730' title='bbox 2316 3285 2469 3352; x_wconf 78' lang='grc' dir='ltr'>ἔργον</span> <span class='ocrx_word' id='word_1_731' title='bbox 2499 3286 2688 3353; x_wconf 82' lang='grc' dir='ltr'>μᾶλλον</span> <span class='ocrx_word' id='word_1_732' title='bbox 2728 3281 2812 3353; x_wconf 75' lang='grc' dir='ltr'>ἦν,</span> <span class='ocrx_word' id='word_1_733' title='bbox 2857 3285 2914 3336; x_wconf 85' lang='grc' dir='ltr'>τὸ</span> <span class='ocrx_word' id='word_1_734' title='bbox 2948 3286 3013 3335; x_wconf 72' lang='lat'>1&#39;1</span> <span class='ocrx_word' id='word_1_735' title='bbox 3046 3286 3302 3353; x_wconf 87' lang='grc' dir='ltr'>μέλλοντα</span> 
     </span>
    </p>
   </div>
   <div class='ocr_carea' id='block_1_96' title="bbox 1771 3375 3301 3446">
    <p class='ocr_par' dir='ltr' id='par_1_96' title="bbox 1771 3375 3301 3446">
     <span class='ocr_line' id='line_1_96' title="bbox 1771 3375 3301 3446; baseline -0.001 -19"><span class='ocrx_word' id='word_1_736' title='bbox 1771 3379 2182 3446; x_wconf 83' lang='grc' dir='ltr'>προαναφωνεῖν,</span> <span class='ocrx_word' id='word_1_737' title='bbox 2201 3375 2306 3427; x_wconf 77' lang='grc' dir='ltr'>εἴτε</span> <span class='ocrx_word' id='word_1_738' title='bbox 2327 3376 2556 3444; x_wconf 77' lang='grc' dir='ltr'>χρηστὰ,</span> <span class='ocrx_word' id='word_1_739' title='bbox 2580 3376 2684 3426; x_wconf 78' lang='grc' dir='ltr'>εἴτε</span> <span class='ocrx_word' id='word_1_740' title='bbox 2711 3375 2941 3442; x_wconf 75' lang='grc' dir='ltr'>λυπηρὰ,</span> <span class='ocrx_word' id='word_1_741' title='bbox 2968 3376 3050 3426; x_wconf 81' lang='grc' dir='ltr'>ἵνα</span> <span class='ocrx_word' id='word_1_742' title='bbox 3067 3377 3186 3437; x_wconf 81' lang='grc' dir='ltr'>τοὺς</span> <span class='ocrx_word' id='word_1_743' title='bbox 3205 3376 3301 3443; x_wconf 86' lang='grc' dir='ltr'>μὲν</span> 
     </span>
    </p>
   </div>
   <div class='ocr_carea' id='block_1_97' title="bbox 1769 3465 3302 3534">
    <p class='ocr_par' dir='ltr' id='par_1_97' title="bbox 1769 3465 3302 3534">
     <span class='ocr_line' id='line_1_97' title="bbox 1769 3465 3302 3534; baseline 0.001 -17"><span class='ocrx_word' id='word_1_744' title='bbox 1769 3466 2202 3525; x_wconf 81' lang='grc' dir='ltr'>ἀποσπάσωνται,</span> <span class='ocrx_word' id='word_1_745' title='bbox 2224 3466 2343 3526; x_wconf 74' lang='grc' dir='ltr'>τοὺς</span> <span class='ocrx_word' id='word_1_746' title='bbox 2362 3465 2416 3515; x_wconf 87' lang='grc' dir='ltr'>δὲ</span> <span class='ocrx_word' id='word_1_747' title='bbox 2443 3465 2517 3534; x_wconf 83' lang='grc' dir='ltr'>τῷ</span> <span class='ocrx_word' id='word_1_748' title='bbox 2541 3465 2685 3533; x_wconf 82' lang='grc' dir='ltr'>φόϐῳ</span> <span class='ocrx_word' id='word_1_749' title='bbox 2709 3466 2804 3532; x_wconf 90' lang='grc' dir='ltr'>τῆς</span> <span class='ocrx_word' id='word_1_750' title='bbox 2829 3466 3018 3527; x_wconf 89' lang='grc' dir='ltr'>κακίας</span> <span class='ocrx_word' id='word_1_751' title='bbox 3042 3465 3302 3533; x_wconf 80' lang='grc' dir='ltr'>ἀπείρξω-</span> 
     </span>
    </p>
   </div>
   <div class='ocr_carea' id='block_1_98' title="bbox 1770 3550 3300 3625">
    <p class='ocr_par' dir='ltr' id='par_1_98' title="bbox 1770 3550 3300 3625">
     <span class='ocr_line' id='line_1_98' title="bbox 1770 3550 3300 3625; baseline 0.002 -21"><span class='ocrx_word' id='word_1_752' title='bbox 1770 3572 1866 3605; x_wconf 91' lang='grc' dir='ltr'>σιν.</span> <span class='ocrx_word' id='word_1_753' title='bbox 1908 3557 2055 3606; x_wconf 86' lang='grc' dir='ltr'>Ἐστι</span> <span class='ocrx_word' id='word_1_754' title='bbox 2084 3555 2136 3605; x_wconf 81' lang='grc' dir='ltr'>δὲ</span> <span class='ocrx_word' id='word_1_755' title='bbox 2166 3556 2255 3606; x_wconf 79' lang='grc' dir='ltr'>καὶ</span> <span class='ocrx_word' id='word_1_756' title='bbox 2283 3555 2460 3624; x_wconf 76' lang='grc' dir='ltr'>ἕτερον</span> <span class='ocrx_word' id='word_1_757' title='bbox 2493 3555 2815 3623; x_wconf 82' lang='grc' dir='ltr'>προφητείας</span> <span class='ocrx_word' id='word_1_758' title='bbox 2847 3550 2998 3616; x_wconf 83' lang='grc' dir='ltr'>εἶδος,</span> <span class='ocrx_word' id='word_1_759' title='bbox 3017 3556 3072 3605; x_wconf 74' lang='grc' dir='ltr'>τὸ</span> <span class='ocrx_word' id='word_1_760' title='bbox 3091 3556 3157 3606; x_wconf 75' lang='grc' dir='ltr'>τὰ</span> <span class='ocrx_word' id='word_1_761' title='bbox 3177 3558 3300 3625; x_wconf 79' lang='grc' dir='ltr'>περὶ</span> 
     </span>
    </p>
   </div>
   <div class='ocr_carea' id='block_1_99' title="bbox 1767 3639 3295 3710">
    <p class='ocr_par' dir='ltr' id='par_1_99' title="bbox 1767 3639 3295 3710">
     <span class='ocr_line' id='line_1_99' title="bbox 1767 3639 3295 3710; baseline -0.001 -18"><span class='ocrx_word' id='word_1_762' title='bbox 1767 3641 1857 3692; x_wconf 87' lang='grc' dir='ltr'>τοῦ</span> <span class='ocrx_word' id='word_1_763' title='bbox 1891 3640 2120 3708; x_wconf 86' lang='grc' dir='ltr'>Χριστοῦ</span> <span class='ocrx_word' id='word_1_764' title='bbox 2149 3641 2593 3710; x_wconf 81' lang='grc' dir='ltr'>προαναφωνῆσαι</span> <span class='ocrx_word' id='word_1_765' title='bbox 2616 3656 2630 3671; x_wconf 80' lang='grc' dir='ltr'><strong>ο</strong></span> <span class='ocrx_word' id='word_1_766' title='bbox 2659 3639 2781 3690; x_wconf 76' lang='grc' dir='ltr'>ἔνθα</span> <span class='ocrx_word' id='word_1_767' title='bbox 2807 3639 2920 3707; x_wconf 81' lang='grc' dir='ltr'>μετ’</span> <span class='ocrx_word' id='word_1_768' title='bbox 2950 3639 3222 3706; x_wconf 85' lang='grc' dir='ltr'>ἀκριϐείας</span> <span class='ocrx_word' id='word_1_769' title='bbox 3239 3642 3295 3691; x_wconf 79' lang='grc' dir='ltr'>ού</span> 
     </span>
    </p>
   </div>
   <div class='ocr_carea' id='block_1_100' title="bbox 1770 3722 3298 3802">
    <p class='ocr_par' dir='ltr' id='par_1_100' title="bbox 1770 3722 3298 3802">
     <span class='ocr_line' id='line_1_100' title="bbox 1770 3722 3298 3802; baseline -0.002 -18"><span class='ocrx_word' id='word_1_770' title='bbox 1770 3733 1892 3802; x_wconf 75' lang='grc' dir='ltr'>περὶ</span> <span class='ocrx_word' id='word_1_771' title='bbox 1920 3732 2016 3798; x_wconf 84' lang='grc' dir='ltr'>τῆς</span> <span class='ocrx_word' id='word_1_772' title='bbox 2042 3732 2333 3800; x_wconf 86' lang='grc' dir='ltr'>παρουσίας</span> <span class='ocrx_word' id='word_1_773' title='bbox 2362 3733 2535 3801; x_wconf 88' lang='grc' dir='ltr'>μόνον,</span> <span class='ocrx_word' id='word_1_774' title='bbox 2573 3730 2706 3781; x_wconf 88' lang='grc' dir='ltr'>ἀλλά</span> <span class='ocrx_word' id='word_1_775' title='bbox 2742 3730 2833 3781; x_wconf 70' lang='grc' dir='ltr'>καὶ</span> <span class='ocrx_word' id='word_1_776' title='bbox 2866 3731 2989 3799; x_wconf 71' lang='grc' dir='ltr'>περὶ</span> <span class='ocrx_word' id='word_1_777' title='bbox 3016 3722 3087 3780; x_wconf 82' lang='grc' dir='ltr'>ὧν</span> <span class='ocrx_word' id='word_1_778' title='bbox 3114 3729 3298 3798; x_wconf 82' lang='grc' dir='ltr'>ἔμελλε</span> 
     </span>
    </p>
   </div>
   <div class='ocr_carea' id='block_1_101' title="bbox 1768 3818 3298 3890">
    <p class='ocr_par' dir='ltr' id='par_1_101' title="bbox 1768 3818 3298 3890">
     <span class='ocr_line' id='line_1_101' title="bbox 1768 3818 3298 3890; baseline -0.001 -19"><span class='ocrx_word' id='word_1_779' title='bbox 1768 3821 2191 3890; x_wconf 90' lang='grc' dir='ltr'>παραγενόμενος</span> <span class='ocrx_word' id='word_1_780' title='bbox 2231 3820 2501 3889; x_wconf 85' lang='grc' dir='ltr'>πράττειν,</span> <span class='ocrx_word' id='word_1_781' title='bbox 2534 3819 2625 3870; x_wconf 75' lang='grc' dir='ltr'>καὶ</span> <span class='ocrx_word' id='word_1_782' title='bbox 2669 3820 2794 3886; x_wconf 69' lang='grc' dir='ltr'>περὶ</span> <span class='ocrx_word' id='word_1_783' title='bbox 2834 3819 2924 3868; x_wconf 83' lang='grc' dir='ltr'>τοῦ</span> <span class='ocrx_word' id='word_1_784' title='bbox 2979 3818 3156 3880; x_wconf 87' lang='grc' dir='ltr'>τόκου,</span> <span class='ocrx_word' id='word_1_785' title='bbox 3206 3819 3298 3869; x_wconf 70' lang='grc' dir='ltr'>καὶ</span> 
     </span>
    </p>
   </div>
   <div class='ocr_carea' id='block_1_102' title="bbox 1767 3907 3297 3978">
    <p class='ocr_par' dir='ltr' id='par_1_102' title="bbox 1767 3907 3297 3978">
     <span class='ocr_line' id='line_1_102' title="bbox 1767 3907 3297 3978; baseline -0.001 -19"><span class='ocrx_word' id='word_1_786' title='bbox 1767 3912 1890 3978; x_wconf 81' lang='grc' dir='ltr'>περὶ</span> <span class='ocrx_word' id='word_1_787' title='bbox 1917 3912 2009 3977; x_wconf 87' lang='grc' dir='ltr'>τῆς</span> <span class='ocrx_word' id='word_1_788' title='bbox 2037 3912 2349 3977; x_wconf 83' lang='grc' dir='ltr'>γεννήσεως,</span> <span class='ocrx_word' id='word_1_789' title='bbox 2383 3909 2473 3959; x_wconf 73' lang='grc' dir='ltr'>καὶ</span> <span class='ocrx_word' id='word_1_790' title='bbox 2497 3908 2619 3976; x_wconf 70' lang='grc' dir='ltr'>περὶ</span> <span class='ocrx_word' id='word_1_791' title='bbox 2651 3907 2742 3957; x_wconf 87' lang='grc' dir='ltr'>τοῦ</span> <span class='ocrx_word' id='word_1_792' title='bbox 2778 3907 3028 3974; x_wconf 86' lang='grc' dir='ltr'>σταυροῦ,</span> <span class='ocrx_word' id='word_1_793' title='bbox 3062 3909 3297 3975; x_wconf 73' lang='grc' dir='ltr'>καὶπερὶ</span> 
     </span>
    </p>
   </div>
   <div class='ocr_carea' id='block_1_103' title="bbox 1763 3995 3293 4066">
    <p class='ocr_par' dir='ltr' id='par_1_103' title="bbox 1763 3995 3293 4066">
     <span class='ocr_line' id='line_1_103' title="bbox 1763 3995 3293 4066; baseline -0.002 -18"><span class='ocrx_word' id='word_1_794' title='bbox 1763 3997 1868 4049; x_wconf 90' lang='grc' dir='ltr'>τῶν</span> <span class='ocrx_word' id='word_1_795' title='bbox 1898 3997 2200 4066; x_wconf 84' lang='grc' dir='ltr'>θαυμάτων,</span> <span class='ocrx_word' id='word_1_796' title='bbox 2229 3997 2320 4048; x_wconf 72' lang='grc' dir='ltr'>καὶ</span> <span class='ocrx_word' id='word_1_797' title='bbox 2352 3997 2592 4065; x_wconf 77' lang='grc' dir='ltr'>περὶτῆς</span> <span class='ocrx_word' id='word_1_798' title='bbox 2627 3995 2731 4046; x_wconf 90' lang='grc' dir='ltr'>τῶν</span> <span class='ocrx_word' id='word_1_799' title='bbox 2773 3995 3022 4064; x_wconf 89' lang='grc' dir='ltr'>μαθητῶν</span> <span class='ocrx_word' id='word_1_800' title='bbox 3051 3995 3293 4064; x_wconf 81' lang='grc' dir='ltr'>ἐκλογῆς,</span> 
     </span>
    </p>
   </div>
   <div class='ocr_carea' id='block_1_104' title="bbox 1767 4082 3294 4152">
    <p class='ocr_par' dir='ltr' id='par_1_104' title="bbox 1767 4082 3294 4152">
     <span class='ocr_line' id='line_1_104' title="bbox 1767 4082 3294 4152; baseline -0.001 -18"><span class='ocrx_word' id='word_1_801' title='bbox 1767 4102 1886 4152; x_wconf 65' lang='grc' dir='ltr'>περι</span> <span class='ocrx_word' id='word_1_802' title='bbox 1911 4087 2005 4152; x_wconf 85' lang='grc' dir='ltr'>τῆς</span> <span class='ocrx_word' id='word_1_803' title='bbox 2034 4084 2233 4152; x_wconf 88' lang='grc' dir='ltr'>Καινῆς</span> <span class='ocrx_word' id='word_1_804' title='bbox 2270 4083 2554 4151; x_wconf 79' lang='grc' dir='ltr'>Διαθήκης,</span> <span class='ocrx_word' id='word_1_805' title='bbox 2594 4084 2716 4152; x_wconf 74' lang='grc' dir='ltr'>περὶ</span> <span class='ocrx_word' id='word_1_806' title='bbox 2764 4084 2860 4151; x_wconf 87' lang='grc' dir='ltr'>τῆς</span> <span class='ocrx_word' id='word_1_807' title='bbox 2911 4082 3153 4144; x_wconf 78' lang='grc' dir='ltr'>παύσεως</span> <span class='ocrx_word' id='word_1_808' title='bbox 3189 4083 3294 4133; x_wconf 76' lang='grc' dir='ltr'>τῶν</span> 
     </span>
    </p>
   </div>
   <div class='ocr_carea' id='block_1_105' title="bbox 1777 4171 3291 4242">
    <p class='ocr_par' dir='ltr' id='par_1_105' title="bbox 1777 4171 3291 4242">
     <span class='ocr_line' id='line_1_105' title="bbox 1777 4171 3291 4242; baseline -0.002 -16"><span class='ocrx_word' id='word_1_809' title='bbox 1777 4173 2091 4234; x_wconf 77' lang='grc' dir='ltr'>Ἰουδαϊκῶν,</span> <span class='ocrx_word' id='word_1_810' title='bbox 2118 4173 2350 4242; x_wconf 74' lang='grc' dir='ltr'>καὶπερὶ</span> <span class='ocrx_word' id='word_1_811' title='bbox 2374 4173 2463 4224; x_wconf 87' lang='grc' dir='ltr'>τοῦ</span> <span class='ocrx_word' id='word_1_812' title='bbox 2494 4173 2794 4241; x_wconf 80' lang='grc' dir='ltr'>ἀφανισμοῦ</span> <span class='ocrx_word' id='word_1_813' title='bbox 2816 4171 2918 4222; x_wconf 89' lang='grc' dir='ltr'>τῶν</span> <span class='ocrx_word' id='word_1_814' title='bbox 2961 4172 3291 4238; x_wconf 86' lang='grc' dir='ltr'>Ἑλληνικῶν,</span> 
     </span>
    </p>
   </div>
   <div class='ocr_carea' id='block_1_106' title="bbox 1765 4262 3293 4331">
    <p class='ocr_par' dir='ltr' id='par_1_106' title="bbox 1765 4262 3293 4331">
     <span class='ocr_line' id='line_1_106' title="bbox 1765 4262 3293 4331; baseline 0.001 -18"><span class='ocrx_word' id='word_1_815' title='bbox 1765 4263 1854 4314; x_wconf 81' lang='grc' dir='ltr'>καὶ</span> <span class='ocrx_word' id='word_1_816' title='bbox 1883 4264 2006 4331; x_wconf 70' lang='grc' dir='ltr'>περὶ</span> <span class='ocrx_word' id='word_1_817' title='bbox 2025 4266 2120 4330; x_wconf 81' lang='grc' dir='ltr'>τῆς</span> <span class='ocrx_word' id='word_1_818' title='bbox 2146 4262 2417 4328; x_wconf 80' lang='grc' dir='ltr'>εὐγενείας</span> <span class='ocrx_word' id='word_1_819' title='bbox 2440 4262 2537 4329; x_wconf 87' lang='grc' dir='ltr'>τῆς</span> <span class='ocrx_word' id='word_1_820' title='bbox 2565 4264 2702 4314; x_wconf 85' lang='grc' dir='ltr'>κατὰ</span> <span class='ocrx_word' id='word_1_821' title='bbox 2720 4263 2816 4330; x_wconf 86' lang='grc' dir='ltr'>τὴν</span> <span class='ocrx_word' id='word_1_822' title='bbox 2844 4263 3179 4330; x_wconf 86' lang='grc' dir='ltr'>Ἐκκλησίαν,</span> <span class='ocrx_word' id='word_1_823' title='bbox 3203 4265 3293 4315; x_wconf 78' lang='grc' dir='ltr'>καὶ</span> 
     </span>
    </p>
   </div>
   <div class='ocr_carea' id='block_1_107' title="bbox 1764 4351 3294 4421">
    <p class='ocr_par' dir='ltr' id='par_1_107' title="bbox 1764 4351 3294 4421">
     <span class='ocr_line' id='line_1_107' title="bbox 1764 4351 3294 4421; baseline 0.001 -19"><span class='ocrx_word' id='word_1_824' title='bbox 1764 4353 1889 4421; x_wconf 75' lang='grc' dir='ltr'>περὶ</span> <span class='ocrx_word' id='word_1_825' title='bbox 1923 4352 2027 4402; x_wconf 87' lang='grc' dir='ltr'>τῶν</span> <span class='ocrx_word' id='word_1_826' title='bbox 2074 4351 2242 4404; x_wconf 75' lang='grc' dir='ltr'>ἄλλων</span> <span class='ocrx_word' id='word_1_827' title='bbox 2293 4352 2538 4402; x_wconf 87' lang='grc' dir='ltr'>ἁπάντων</span> <span class='ocrx_word' id='word_1_828' title='bbox 2567 4352 2672 4403; x_wconf 87' lang='grc' dir='ltr'>τῶν</span> <span class='ocrx_word' id='word_1_829' title='bbox 2703 4352 2934 4419; x_wconf 80' lang='grc' dir='ltr'>καθεξῆς</span> <span class='ocrx_word' id='word_1_830' title='bbox 2961 4351 3123 4403; x_wconf 72' lang='grc' dir='ltr'>ὄντων</span> <span class='ocrx_word' id='word_1_831' title='bbox 3159 4369 3294 4419; x_wconf 81' lang='grc' dir='ltr'>πρα-</span> 
     </span>
    </p>
   </div>
   <div class='ocr_carea' id='block_1_108' title="bbox 1763 4441 3292 4512">
    <p class='ocr_par' dir='ltr' id='par_1_108' title="bbox 1763 4441 3292 4512">
     <span class='ocr_line' id='line_1_108' title="bbox 1763 4441 3292 4512; baseline -0.001 -18"><span class='ocrx_word' id='word_1_832' title='bbox 1763 4445 2001 4512; x_wconf 87' lang='grc' dir='ltr'>γμάτων.</span> <span class='ocrx_word' id='word_1_833' title='bbox 2030 4441 2209 4493; x_wconf 88' lang='grc' dir='ltr'>Ταῦτα</span> <span class='ocrx_word' id='word_1_834' title='bbox 2239 4442 2409 4493; x_wconf 87' lang='grc' dir='ltr'>πάντα</span> <span class='ocrx_word' id='word_1_835' title='bbox 2451 4443 2583 4509; x_wconf 87' lang='grc' dir='ltr'>μετά</span> <span class='ocrx_word' id='word_1_836' title='bbox 2625 4443 2913 4510; x_wconf 84' lang='grc' dir='ltr'>σαφηνείας</span> <span class='ocrx_word' id='word_1_837' title='bbox 2949 4441 3160 4509; x_wconf 84' lang='grc' dir='ltr'>ἀπάσης</span> <span class='ocrx_word' id='word_1_838' title='bbox 3191 4442 3292 4509; x_wconf 83' lang='grc' dir='ltr'>πρὸ</span> 
     </span>
    </p>
   </div>
   <div class='ocr_carea' id='block_1_109' title="bbox 1762 4531 3290 4600">
    <p class='ocr_par' dir='ltr' id='par_1_109' title="bbox 1762 4531 3290 4600">
     <span class='ocr_line' id='line_1_109' title="bbox 1762 4531 3290 4600; baseline -0.001 -15"><span class='ocrx_word' id='word_1_839' title='bbox 1762 4533 1951 4585; x_wconf 89' lang='grc' dir='ltr'>πολλοῦ</span> <span class='ocrx_word' id='word_1_840' title='bbox 1988 4531 2077 4583; x_wconf 81' lang='grc' dir='ltr'>τοῦ</span> <span class='ocrx_word' id='word_1_841' title='bbox 2119 4534 2305 4600; x_wconf 91' lang='grc' dir='ltr'>χρόνου</span> <span class='ocrx_word' id='word_1_842' title='bbox 2341 4533 2790 4600; x_wconf 85' lang='grc' dir='ltr'>προανεφώνησαν</span> <span class='ocrx_word' id='word_1_843' title='bbox 2817 4533 2864 4581; x_wconf 86' lang='grc' dir='ltr'>οἱ</span> <span class='ocrx_word' id='word_1_844' title='bbox 2902 4531 3192 4598; x_wconf 79' lang='grc' dir='ltr'>προφῆται,</span> <span class='ocrx_word' id='word_1_845' title='bbox 3223 4532 3290 4583; x_wconf 71' lang='grc' dir='ltr'>τὰ</span> 
     </span>
    </p>
   </div>
   <div class='ocr_carea' id='block_1_110' title="bbox 1764 4621 2772 4691">
    <p class='ocr_par' dir='ltr' id='par_1_110' title="bbox 1764 4621 2772 4691">
     <span class='ocr_line' id='line_1_110' title="bbox 1764 4621 2772 4691; baseline -0.004 -17"><span class='ocrx_word' id='word_1_846' title='bbox 1764 4623 1860 4691; x_wconf 83' lang='grc' dir='ltr'>μὲν</span> <span class='ocrx_word' id='word_1_847' title='bbox 1884 4622 1967 4674; x_wconf 84' lang='grc' dir='ltr'>διὰ</span> <span class='ocrx_word' id='word_1_848' title='bbox 1988 4621 2185 4684; x_wconf 88' lang='grc' dir='ltr'>τύπων,</span> <span class='ocrx_word' id='word_1_849' title='bbox 2219 4623 2282 4672; x_wconf 84' lang='grc' dir='ltr'>τὰ</span> <span class='ocrx_word' id='word_1_850' title='bbox 2310 4621 2364 4672; x_wconf 83' lang='grc' dir='ltr'>δὲ</span> <span class='ocrx_word' id='word_1_851' title='bbox 2387 4621 2473 4672; x_wconf 88' lang='grc' dir='ltr'>διὰ</span> <span class='ocrx_word' id='word_1_852' title='bbox 2502 4621 2772 4687; x_wconf 75' lang='grc' dir='ltr'>ῥημάτων.</span> 
     </span>
    </p>
   </div>
   <div class='ocr_carea' id='block_1_111' title="bbox 1831 4709 3290 4780">
    <p class='ocr_par' dir='ltr' id='par_1_111' title="bbox 1831 4709 3290 4780">
     <span class='ocr_line' id='line_1_111' title="bbox 1831 4709 3290 4780; baseline -0.002 -17"><span class='ocrx_word' id='word_1_853' title='bbox 1831 4712 1937 4764; x_wconf 77' lang='grc' dir='ltr'>Καὶ</span> <span class='ocrx_word' id='word_1_854' title='bbox 1962 4711 2065 4780; x_wconf 84' lang='grc' dir='ltr'>γάρ</span> <span class='ocrx_word' id='word_1_855' title='bbox 2096 4711 2184 4762; x_wconf 86' lang='grc' dir='ltr'>δύο</span> <span class='ocrx_word' id='word_1_856' title='bbox 2214 4710 2538 4778; x_wconf 81' lang='grc' dir='ltr'>προφητείας</span> <span class='ocrx_word' id='word_1_857' title='bbox 2570 4709 2700 4777; x_wconf 85' lang='grc' dir='ltr'>εἴδη,</span> <span class='ocrx_word' id='word_1_858' title='bbox 2737 4711 2830 4761; x_wconf 72' lang='grc' dir='ltr'>καὶ</span> <span class='ocrx_word' id='word_1_859' title='bbox 2874 4711 2959 4762; x_wconf 86' lang='grc' dir='ltr'>διὰ</span> <span class='ocrx_word' id='word_1_860' title='bbox 2993 4710 3163 4779; x_wconf 77' lang='grc' dir='ltr'>ἔργων</span> <span class='ocrx_word' id='word_1_861' title='bbox 3201 4711 3290 4763; x_wconf 73' lang='grc' dir='ltr'>καὶ</span> 
     </span>
    </p>
   </div>
   <div class='ocr_carea' id='block_1_112' title="bbox 1759 4799 3284 4870">
    <p class='ocr_par' dir='ltr' id='par_1_112' title="bbox 1759 4799 3284 4870">
     <span class='ocr_line' id='line_1_112' title="bbox 1759 4799 3284 4870; baseline -0.005 -15"><span class='ocrx_word' id='word_1_862' title='bbox 1759 4805 1844 4857; x_wconf 85' lang='grc' dir='ltr'>διὰ</span> <span class='ocrx_word' id='word_1_863' title='bbox 1870 4805 2037 4870; x_wconf 90' lang='grc' dir='ltr'>λόγων</span> <span class='ocrx_word' id='word_1_864' title='bbox 2059 4803 2452 4868; x_wconf 81' lang='grc' dir='ltr'>προαναφωνεῖν</span> <span class='ocrx_word' id='word_1_865' title='bbox 2473 4800 2538 4850; x_wconf 62' lang='grc' dir='ltr'>τὰ</span> <span class='ocrx_word' id='word_1_866' title='bbox 2568 4799 2819 4869; x_wconf 89' lang='grc' dir='ltr'>μέλλοντα</span> <span class='ocrx_word' id='word_1_867' title='bbox 2840 4817 2852 4827; x_wconf 79' lang='lat'><strong>&#39;</strong></span> <span class='ocrx_word' id='word_1_868' title='bbox 2873 4800 2956 4850; x_wconf 85' lang='grc' dir='ltr'>διὰ</span> <span class='ocrx_word' id='word_1_869' title='bbox 2976 4800 3141 4866; x_wconf 89' lang='grc' dir='ltr'>λόγων</span> <span class='ocrx_word' id='word_1_870' title='bbox 3170 4800 3284 4868; x_wconf 85' lang='grc' dir='ltr'>μὲν,</span> 
     </span>
    </p>
   </div>
   <div class='ocr_carea' id='block_1_113' title="bbox 1758 4887 3288 4957">
    <p class='ocr_par' dir='ltr' id='par_1_113' title="bbox 1758 4887 3288 4957">
     <span class='ocr_line' id='line_1_113' title="bbox 1758 4887 3288 4957; baseline -0.006 -11"><span class='ocrx_word' id='word_1_871' title='bbox 1758 4895 1830 4956; x_wconf 87' lang='grc' dir='ltr'>ὠς</span> <span class='ocrx_word' id='word_1_872' title='bbox 1855 4895 1980 4945; x_wconf 85' lang='grc' dir='ltr'>ὅταν</span> <span class='ocrx_word' id='word_1_873' title='bbox 2004 4891 2090 4943; x_wconf 80' lang='grc' dir='ltr'>τὸν</span> <span class='ocrx_word' id='word_1_874' title='bbox 2109 4889 2329 4957; x_wconf 73' lang='grc' dir='ltr'>σταυρὸν</span> <span class='ocrx_word' id='word_1_875' title='bbox 2361 4887 2664 4957; x_wconf 88' lang='grc' dir='ltr'>βουλόμενοι</span> <span class='ocrx_word' id='word_1_876' title='bbox 2693 4891 2880 4948; x_wconf 82' lang='grc' dir='ltr'>εἰπεῖν,</span> <span class='ocrx_word' id='word_1_877' title='bbox 2903 4887 3126 4954; x_wconf 90' lang='grc' dir='ltr'>λέγωσιν</span> <span class='ocrx_word' id='word_1_878' title='bbox 3144 4907 3156 4918; x_wconf 89' lang='grc'><strong>·</strong></span> <span class='ocrx_word' id='word_1_879' title='bbox 3198 4888 3288 4952; x_wconf 84' lang='grc' dir='ltr'>Ὡς</span> 
     </span>
    </p>
   </div>
   <div class='ocr_carea' id='block_1_114' title="bbox 1759 4977 3288 5048">
    <p class='ocr_par' dir='ltr' id='par_1_114' title="bbox 1759 4977 3288 5048">
     <span class='ocr_line' id='line_1_114' title="bbox 1759 4977 3288 5048; baseline -0.005 -13"><span class='ocrx_word' id='word_1_880' title='bbox 1759 4983 2043 5048; x_wconf 77' lang='grc' dir='ltr'>πρόϐατον</span> <span class='ocrx_word' id='word_1_881' title='bbox 2073 4979 2164 5028; x_wconf 77' lang='grc' dir='ltr'>ἐπὶ</span> <span class='ocrx_word' id='word_1_882' title='bbox 2194 4977 2433 5045; x_wconf 72' lang='grc' dir='ltr'>σφαγὴν</span> <span class='ocrx_word' id='word_1_883' title='bbox 2458 4977 2634 5042; x_wconf 77' lang='grc' dir='ltr'>ἤχθη,</span> <span class='ocrx_word' id='word_1_884' title='bbox 2672 4978 2766 5028; x_wconf 76' lang='grc' dir='ltr'>καὶ</span> <span class='ocrx_word' id='word_1_885' title='bbox 2809 4978 2886 5041; x_wconf 86' lang='grc' dir='ltr'>ὡς</span> <span class='ocrx_word' id='word_1_886' title='bbox 2913 4977 3096 5044; x_wconf 77' lang='grc' dir='ltr'>ἀμνὸς</span> <span class='ocrx_word' id='word_1_887' title='bbox 3122 4978 3288 5029; x_wconf 74' lang='grc' dir='ltr'>ἐναν-</span> 
     </span>
    </p>
   </div>
   <div class='ocr_carea' id='block_1_115' title="bbox 1757 5060 3287 5134">
    <p class='ocr_par' dir='ltr' id='par_1_115' title="bbox 1757 5060 3287 5134">
     <span class='ocr_line' id='line_1_115' title="bbox 1757 5060 3287 5134; baseline -0.004 -10"><span class='ocrx_word' id='word_1_888' title='bbox 1757 5073 1883 5124; x_wconf 78' lang='grc' dir='ltr'>τίον</span> <span class='ocrx_word' id='word_1_889' title='bbox 1901 5069 2003 5122; x_wconf 84' lang='grc' dir='ltr'>τοῦ</span> <span class='ocrx_word' id='word_1_890' title='bbox 2035 5083 2330 5134; x_wconf 77' lang='grc' dir='ltr'>κειροντος</span> <span class='ocrx_word' id='word_1_891' title='bbox 2376 5066 2557 5118; x_wconf 71' lang='grc' dir='ltr'>αὑτὸν</span> <span class='ocrx_word' id='word_1_892' title='bbox 2585 5065 2836 5133; x_wconf 65' lang='grc' dir='ltr'>ἄφωνος.</span> <span class='ocrx_word' id='word_1_893' title='bbox 2866 5065 3030 5117; x_wconf 87' lang='grc' dir='ltr'>Τοῦτο</span> <span class='ocrx_word' id='word_1_894' title='bbox 3072 5065 3167 5134; x_wconf 82' lang='grc' dir='ltr'>μὲν</span> <span class='ocrx_word' id='word_1_895' title='bbox 3195 5060 3287 5118; x_wconf 83' lang='grc' dir='ltr'>οῦν</span> 
     </span>
    </p>
   </div>
   <div class='ocr_carea' id='block_1_116' title="bbox 1815 5278 3286 5338">
    <p class='ocr_par' dir='ltr' id='par_1_116' title="bbox 1815 5278 3286 5338">
     <span class='ocr_line' id='line_1_116' title="bbox 1815 5278 3286 5338; baseline -0.002 -11"><span class='ocrx_word' id='word_1_896' title='bbox 1815 5281 1843 5320; x_wconf 78' lang='lat' dir='ltr'><strong>b</strong></span> <span class='ocrx_word' id='word_1_897' title='bbox 1867 5280 2041 5328; x_wconf 79' lang='lat' dir='ltr'>Homil.</span> <span class='ocrx_word' id='word_1_898' title='bbox 2071 5279 2095 5323; x_wconf 92' lang='lat'><strong>7</strong></span> <span class='ocrx_word' id='word_1_899' title='bbox 2120 5278 2349 5324; x_wconf 75' lang='lat' dir='ltr'>adversus</span> <span class='ocrx_word' id='word_1_900' title='bbox 2376 5279 2582 5326; x_wconf 57' lang='lat' dir='ltr'>Judwos.</span> <span class='ocrx_word' id='word_1_901' title='bbox 2608 5285 2718 5326; x_wconf 79' lang='lat' dir='ltr'>lnm.</span> <span class='ocrx_word' id='word_1_902' title='bbox 2747 5279 2784 5334; x_wconf 87' lang='grc' dir='ltr'>Ῐ,</span> <span class='ocrx_word' id='word_1_903' title='bbox 2804 5294 2849 5338; x_wconf 85' lang='lat' dir='ltr'><em>p.</em></span> <span class='ocrx_word' id='word_1_904' title='bbox 2876 5280 2962 5326; x_wconf 77' lang='lat'><em>663</em></span> <span class='ocrx_word' id='word_1_905' title='bbox 2988 5301 2996 5325; x_wconf 88' lang='lat'>:</span> <span class='ocrx_word' id='word_1_906' title='bbox 3024 5282 3286 5335; x_wconf 74' lang='grc' dir='ltr'>Μανασσῆς</span> 
     </span>
    </p>
   </div>
   <div class='ocr_carea' id='block_1_117' title="bbox 1755 5339 3288 5400">
    <p class='ocr_par' dir='ltr' id='par_1_117' title="bbox 1755 5339 3288 5400">
     <span class='ocr_line' id='line_1_117' title="bbox 1755 5339 3288 5400; baseline -0.002 -12"><span class='ocrx_word' id='word_1_907' title='bbox 1755 5345 1832 5387; x_wconf 81' lang='grc' dir='ltr'>καὶ</span> <span class='ocrx_word' id='word_1_908' title='bbox 1868 5341 2063 5400; x_wconf 77' lang='grc' dir='ltr'>Ἐφραὶμ</span> <span class='ocrx_word' id='word_1_909' title='bbox 2082 5339 2170 5400; x_wconf 82' lang='grc' dir='ltr'>δύο</span> <span class='ocrx_word' id='word_1_910' title='bbox 2196 5339 2329 5397; x_wconf 83' lang='grc' dir='ltr'>φυλαὶ</span> <span class='ocrx_word' id='word_1_911' title='bbox 2365 5340 2603 5400; x_wconf 80' lang='grc' dir='ltr'>γεγόνασιν</span> <span class='ocrx_word' id='word_1_912' title='bbox 2646 5341 2890 5400; x_wconf 73' lang='grc' dir='ltr'>ἐπῶνυμοι.</span> <span class='ocrx_word' id='word_1_913' title='bbox 2928 5340 3012 5385; x_wconf 73' lang='grc' dir='ltr'>[Μ</span> <span class='ocrx_word' id='word_1_914' title='bbox 3045 5341 3193 5386; x_wconf 76' lang='lat' dir='ltr'>Suvil.</span> <span class='ocrx_word' id='word_1_915' title='bbox 3236 5346 3288 5385; x_wconf 78' lang='lat' dir='ltr'>cl</span> 
     </span>
    </p>
   </div>
   <div class='ocr_carea' id='block_1_118' title="bbox 1755 5399 3285 5459">
    <p class='ocr_par' dir='ltr' id='par_1_118' title="bbox 1755 5399 3285 5459">
     <span class='ocr_line' id='line_1_118' title="bbox 1755 5399 3285 5459; baseline -0.003 -11"><span class='ocrx_word' id='word_1_916' title='bbox 1755 5399 2084 5459; x_wconf 34' lang='lat' dir='ltr'>aliquot’mse.</span> <span class='ocrx_word' id='word_1_917' title='bbox 2123 5399 2203 5443; x_wconf 86' lang='grc' dir='ltr'>δύο</span> <span class='ocrx_word' id='word_1_918' title='bbox 2242 5401 2393 5457; x_wconf 78' lang='grc' dir='ltr'>φυλῶν</span> <span class='ocrx_word' id='word_1_919' title='bbox 2419 5399 2665 5444; x_wconf 70' lang='lat' dir='ltr'>hahentet</span> <span class='ocrx_word' id='word_1_920' title='bbox 2693 5399 2889 5443; x_wconf 66' lang='lat' dir='ltr'>{nrlusstz</span> <span class='ocrx_word' id='word_1_921' title='bbox 2933 5401 3137 5445; x_wconf 79' lang='lat' dir='ltr'>melius:</span> <span class='ocrx_word' id='word_1_922' title='bbox 3179 5411 3285 5444; x_wconf 80' lang='lat' dir='ltr'>nam</span> 
     </span>
    </p>
   </div>
   <div class='ocr_carea' id='block_1_119' title="bbox 1755 5459 3011 5516">
    <p class='ocr_par' dir='ltr' id='par_1_119' title="bbox 1755 5459 3011 5516">
     <span class='ocr_line' id='line_1_119' title="bbox 1755 5459 3011 5516; baseline -0.005 -7"><span class='ocrx_word' id='word_1_923' title='bbox 1755 5475 1858 5509; x_wconf 87' lang='lat' dir='ltr'>cum</span> <span class='ocrx_word' id='word_1_924' title='bbox 1882 5461 1964 5506; x_wconf 79' lang='lat' dir='ltr'>hac</span> <span class='ocrx_word' id='word_1_925' title='bbox 1987 5459 2189 5516; x_wconf 68' lang='lat' dir='ltr'>Synopsi</span> <span class='ocrx_word' id='word_1_926' title='bbox 2219 5464 2446 5504; x_wconf 73' lang='lat' dir='ltr'>consonat</span> <span class='ocrx_word' id='word_1_927' title='bbox 2471 5459 2571 5503; x_wconf 64' lang='lat' dir='ltr'>hare</span> <span class='ocrx_word' id='word_1_928' title='bbox 2592 5464 2833 5516; x_wconf 8' lang='lat' dir='ltr'>postrema,</span> <span class='ocrx_word' id='word_1_929' title='bbox 2859 5461 3011 5505; x_wconf 74' lang='lat' dir='ltr'>lectio.</span> 
     </span>
    </p>
   </div>
   <div class='ocr_carea' id='block_1_120' title="bbox 1757 5515 3286 5576">
    <p class='ocr_par' dir='ltr' id='par_1_120' title="bbox 1757 5515 3286 5576">
     <span class='ocr_line' id='line_1_120' title="bbox 1757 5515 3286 5576; baseline -0.001 -12"><span class='ocrx_word' id='word_1_930' title='bbox 1757 5560 1764 5566; x_wconf 89' lang='lat'>.</span> <span class='ocrx_word' id='word_1_931' title='bbox 1821 5523 1842 5549; x_wconf 72' lang='grc' dir='ltr'><strong>ο</strong></span> <span class='ocrx_word' id='word_1_932' title='bbox 1873 5521 1940 5568; x_wconf 85' lang='lat' dir='ltr'>Dc</span> <span class='ocrx_word' id='word_1_933' title='bbox 1969 5519 2101 5564; x_wconf 81' lang='lat' dir='ltr'>hisce</span> <span class='ocrx_word' id='word_1_934' title='bbox 2124 5516 2307 5563; x_wconf 49' lang='lat' dir='ltr'>duobus</span> <span class='ocrx_word' id='word_1_935' title='bbox 2348 5518 2611 5576; x_wconf 64' lang='grc' dir='ltr'>ριόίιὶιιλιίτρ</span> <span class='ocrx_word' id='word_1_936' title='bbox 2654 5515 2916 5576; x_wconf 62' lang='lat' dir='ltr'>gonprihus</span> <span class='ocrx_word' id='word_1_937' title='bbox 2949 5517 3149 5576; x_wconf 63' lang='lat' dir='ltr'>idipsum</span> <span class='ocrx_word' id='word_1_938' title='bbox 3178 5515 3286 5563; x_wconf 77' lang='lat' dir='ltr'>fere</span> 
     </span>
    </p>
   </div>
   <div class='ocr_carea' id='block_1_121' title="bbox 1753 5575 3286 5685">
    <p class='ocr_par' dir='ltr' id='par_1_121' title="bbox 1753 5575 3286 5685">
     <span class='ocr_line' id='line_1_121' title="bbox 1753 5575 3286 5685; baseline -0.002 -58"><span class='ocrx_word' id='word_1_939' title='bbox 1753 5578 2351 5685; x_wconf 41' lang='lat' dir='ltr'>dicit‘bglobt‘hrysoslonlus</span> <span class='ocrx_word' id='word_1_940' title='bbox 2396 5584 2426 5622; x_wconf 87' lang='lat' dir='ltr'><em>l.</em></span> <span class='ocrx_word' id='word_1_941' title='bbox 2478 5575 2536 5635; x_wconf 91' lang='lat' dir='ltr'>ll,</span> <span class='ocrx_word' id='word_1_942' title='bbox 2581 5575 2784 5623; x_wconf 72' lang='lat' dir='ltr'>“omnia</span> <span class='ocrx_word' id='word_1_943' title='bbox 2809 5577 2838 5623; x_wconf 77' lang='grc' dir='ltr'>(ἱ</span> <span class='ocrx_word' id='word_1_944' title='bbox 2876 5581 2934 5624; x_wconf 79' lang='lat' dir='ltr'>de</span> <span class='ocrx_word' id='word_1_945' title='bbox 2971 5575 3286 5636; x_wconf 55' lang='lat' dir='ltr'>l’d&#39;ullenlia,</span> 
     </span>
     <span class='ocr_line' id='line_1_122' title="bbox 1755 5651 2010 5685; baseline 0 0"><span class='ocrx_word' id='word_1_946' title='bbox 1755 5651 1870 5685; x_wconf 66' lang='grc' dir='ltr'>ηδ’</span> <span class='ocrx_word' id='word_1_947' title='bbox 1917 5673 1927 5685; x_wconf 95' lang='grc'>.</span> <span class='ocrx_word' id='word_1_948' title='bbox 1999 5672 2010 5685; x_wconf 94' lang='grc'>.</span> 
     </span>
    </p>
   </div>
   <div class='ocr_carea' id='block_1_122' title="bbox 1755 5641 2010 5701">
    <p class='ocr_par' dir='ltr' id='par_1_122' title="bbox 1755 5641 2010 5701">
     <span class='ocr_line' id='line_1_123' title="bbox 1755 5641 2010 5701; baseline -0.004 -15"><span class='ocrx_word' id='word_1_949' title='bbox 1755 5654 1802 5701; x_wconf 83' lang='lat' dir='ltr'><em>p.</em></span> <span class='ocrx_word' id='word_1_950' title='bbox 1825 5641 1927 5698; x_wconf 61' lang='grc' dir='ltr'>διδ,</span> <span class='ocrx_word' id='word_1_951' title='bbox 1954 5641 2010 5685; x_wconf 91' lang='lat' dir='ltr'><em>D.</em></span> 
     </span>
    </p>
   </div>
  </div>
