4152 6324
837 331 945 384 317

833 427 921 480 διὰ
961 427 1130 494 λόγων
1169 421 1308 481 εἷλον
1353 425 1754 496 προφητεῦσαιο
1801 425 1867 479 δι’
1913 425 2085 496 ἔργων
2129 425 2204 487 δὲ,
2251 425 2376 475 ὃταν

849 520 1094 588 Ἁϐραάμ
1121 521 1374 589 φαίνηται
1395 520 1484 572 τὸν
1507 519 1618 572 υίόν
1643 519 1943 590 ἀναφέρων,
1979 521 2070 572 καὶ
2096 519 2186 572 τὸν
2230 519 2380 588 κριὸν

832 614 1244 680 κατασφάττων.
1299 614 1395 665 Διά
1441 615 1547 684 γάρ
1598 615 1704 667 τῶν
1753 615 2087 684 πραγμάτων
2147 630 2380 683 προανα-

830 711 989 759 τυποῖ
1029 709 1120 761 τοῦ
1172 710 1399 778 σταυροῦ
1441 711 1535 780 τὴν
1579 709 1776 772 εἰκόνα,
1814 711 1908 761 xal
1959 709 2055 778 τὴν
2103 711 2240 779 ὑπὲρ
2283 709 2379 777 τῆς

831 803 1154 872 οἰκουμένης
1197 805 1454 873 ἐσομένην
1494 805 1720 873 σφαγήν.
1763 805 1872 857 Kal
1918 804 2144 866 πολλοὺς
2184 805 2248 857 ἄν
2295 820 2378 865 τις

831 895 979 964 εὖροι
1009 896 1276 959 τοιούτους
1293 897 1488 960 τύπους
1517 901 1571 949 ἐν
1587 901 1650 966 τῇ
1675 898 1901 968 Παλαιᾷ,
1933 901 2024 951 καί
2046 898 2377 968 προφητείας

830 990 917 1043 διά
969 991 1324 1060 πραγμάτων.
1372 992 1445 1042 Οὐ
1499 992 1656 1059 μόνον
1707 991 1761 1043 δὲ
1810 993 1876 1044 τά
1939 993 2194 1062 μέλλοντα
2241 1009 2374 1064 προ-

830 1084 1056 1154 φητείας
1081 1087 1224 1140 ἐστιν
1262 1089 1453 1147 είπεῖν,
1476 1086 1608 1139 ἀλλά
1639 1086 1731 1138 καὶ
1755 1087 1823 1139 τά
1860 1089 2209 1157 παρελθόντα,
2243 1090 2375 1158 ὅπερ

832 1180 1027 1248 μᾶλλόν
1055 1181 1168 1232 ἐστι
1199 1181 1343 1250 παρά
1370 1181 1594 1250 Μωῦσῇ.
1635 1181 1801 1234 Ὅταν
1847 1181 1955 1252 γάρ
1989 1184 2116 1254 περὶ
2148 1184 2372 1253 οὐρανοῦ

829 1276 919 1326 καὶ
942 1275 1042 1344 γῆς
1065 1275 1389 1344 διαλέγηται,
1410 1276 1740 1346 παρελθόντα
1772 1277 1867 1346 μὲν
1900 1278 2046 1346 λέγει
2076 1280 2378 1348 πράγματα

828 1369 920 1421 καὶ
952 1369 1303 1438 κεκρυμμένα
1334 1370 1411 1440 τῷ
1426 1371 1625 1442 χρόνῳ,
1649 1374 1951 1442 προφητεία
1975 1374 2030 1426 δὲ
2058 1373 2194 1425 αὐτὰ
2212 1373 2375 1441 φθέγ·

825 1479 1000 1528 γεται.
1031 1464 1240 1534 Ὠσπερ
1260 1466 1366 1535 γάρ
1389 1464 1460 1518 τὰ
1489 1467 1709 1536 μηδέπω
1771 1467 2048 1538 γενόμενα,
2085 1469 2175 1521 καὶ
2197 1469 2372 1537 ἀφανῆ

827 1556 905 1609 ῖτι
936 1558 1289 1627 τυγχάνοντα,
1339 1561 1674 1631 προφητείας
1723 1562 1868 1615 ἐστὶν
1894 1565 2085 1627 εἰπεῖν,
2118 1563 2258 1616 οὕτω
2305 1561 2375 1615 τὰ

826 1653 1087 1722 γενόμενα
1134 1653 1268 1722 μὲν,
1327 1656 1676 1725 κεκρυμμένα
1721 1657 1776 1710 δέ
1823 1657 1902 1726 τῷ
1949 1660 2155 1727 χρόνῳ,
2207 1659 2374 1711 ταῦτα

825 1745 1165 1815 ἀνακαλύψαι
1198 1748 1290 1800 καὶ
1322 1750 1400 1811 είς
1431 1748 1591 1818 μέσον
1616 1751 1840 1817 ἀγαγεῖν
1868 1755 1965 1821 τῆς
2000 1753 2118 1822 ῐσης
2159 1755 2374 1823 χάριτός

828 1845 993 1897 ἐστιν.
1021 1844 1175 1896 Ἐστι
1204 1843 1260 1896 δὲ
1293 1846 1387 1899 καὶ
1435 1845 1503 1898 τὰ
1535 1846 1774 1914 παρόντα
1806 1848 2136 1917 προφητείας
2180 1852 2371 1913 εἰπεῖν,

825 1939 952 1992 ὅταν
998 1955 1051 1991 τι
1099 1939 1316 2009 γίνηται
1363 1940 1480 2006 μὲν,
1513 1941 1822 2010 κρύπτηται
1851 1941 1927 2004 δέ,
1979 1938 2088 1995 οἷον
2135 1945 2227 1995 ἐπὶ
2280 1942 2372 1997 τοῦ

838 2034 1075 2086 ’Δνανίου
1098 2034 1308 2102 καὶτῆς
1333 2035 1663 2105 Σαπφείρης.
1717 2036 1862 2089 Ἐκεῖ
1904 2038 2012 2107 γάρ
2054 2037 2174 2091 οὔτε
2235 2057 2374 2110 παρ-

825 2127 998 2188 ελθὸν,
1057 2127 1178 2180 οὔτε
1214 2129 1402 2197 μέλλον
1435 2123 1519 2198 ἦν,
1555 2129 1685 2182 ἀλλά
1711 2131 1878 2200 παρὸν
1929 2133 2044 2200 μὲν,
2076 2133 2266 2202 ἄδηλον
2293 2133 2372 2186 δέ.

835 2220 894 2274 Ὀ
937 2221 1112 2276 τοίνυν
1163 2223 1364 2294 Πέτρος
1414 2225 1713 2294 προφητεία
1745 2226 1880 2278 αύτά
1916 2227 2246 2295 ἐκκαλύψας,
2294 2230 2372 2292 είς

827 2317 988 2388 μέσον
1041 2317 1182 2384 ἄγει.
1219 2317 1326 2370 Kal
1371 2317 1436 2370 τά
1493 2319 1593 2388 μὲν
1629 2321 1728 2388 τῆς
1770 2321 2043 2386 Παλαιᾶς,
2087 2323 2160 2384 ώς
2196 2323 2260 2374 ἀν
2291 2340 2373 2385 τις

823 2411 1138 2484 ἀδρομερῶς
1187 2413 1348 2477 εῖποι,
1397 2413 1584 2466 ταῦτα.
1641 2414 1762 2466 Ἐπὶ
1808 2414 1864 2467 δὲ
1909 2418 2006 2484 τῆς
2055 2417 2257 2484 Καινῆς
2307 2417 2374 2469 τά

823 2507 880 2557 ἐν
911 2509 978 2576 τῇ
1005 2507 1212 2578 Παλαιᾷ
1239 2508 1645 2576 αἰνιγματωδῶς
1667 2510 1952 2579 εἰρημένα,
1986 2509 2153 2561 ταῦτα
2175 2510 2376 2562 δείκνυ·
2438 2573 2446 2583 1

822 2616 912 2653 ται
934 2637 950 2662 ,
992 2601 1090 2665 τὰς
1116 2603 1444 2671 προφητείας
1469 2602 1610 2669 λέγω
1657 2603 1752 2664 τάς
1777 2603 1860 2655 διὰ
1892 2602 1999 2654 τῶν
2028 2605 2198 2673 ἔργων
2236 2621 2373 2673 μαρ-

823 2695 1170 2766 τυρουμένας,
1204 2697 1426 2767 τὴντῶν
1454 2698 1693 2768 οὐρανῶν
1743 2699 2047 2769 ἁπτομένην
2080 2698 2369 2761 πολιτείαν,

822 2789 889 2842 τά
915 2790 1198 2860 ἀπόρρητα
1212 2789 1318 2842 τῶν
1336 2790 1630 2858 μελλόντων
1646 2792 1844 2858 ἀγαθά,
1865 2793 1930 2845 Ἃ
1946 2794 2245 2860 ὀφθαλμὸς
2260 2797 2369 2846 οὐκ

823 2879 961 2946 εἶδε,
975 2883 1072 2935 καὶ
1086 2879 1190 2947 οὖς
1205 2887 1313 2937 οὐκ
1328 2883 1567 2952 ἤκουσε,
1583 2885 1678 2936 καὶ
1694 2885 1789 2937 ἐπὶ
1805 2885 2051 2952 καρδίαν
2064 2889 2369 2954 ἀνθρώπου

823 2977 931 3029 οὐκ
961 2975 1161 3043 ἀνέϐη.
1181 2975 1568 3047 Παραλαδοῦσα
1605 2977 1711 3046 γὰρ
1745 2978 1832 3029 τὸν
1862 2979 2141 3047 ἄνθρωπον
2170 2981 2254 3031 διὰ
2275 2982 2370 3050 τῆς

827 3071 1064 3132 ιιαλαιᾶς
1093 3073 1124 3141 ή
1159 3071 1354 3141 Καινὴ,
1392 3073 1717 3143 συμμέτρως
1763 3092 1876 3137 πως
1909 3076 1998 3127 καὶ
2026 3077 2122 3145 τῆς
2177 3077 2372 3140 κακίας

823 3167 1006 3236 ἠρέμα
1034 3167 1408 3235 ἀπαλλαγέντα
1432 3207 1444 3231 ,
1497 3168 1632 3238 πρὸς
1657 3169 1752 3238 τὴν
1779 3170 1886 3223 τῶν
1911 3171 2152 3238 ἀγγέλων
2185 3171 2370 3238 ἀνάγει

824 3264 1118 3318 πολιτείαν.
1153 3265 1311 3317 Ὥστε
1353 3267 1452 3334 τῆς
1490 3267 1586 3336 μὲν
1617 3268 1852 3330 Παλαιᾶς
1879 3268 2033 3338 ἔργον
2061 3264 2128 3338 ἦν
2153 3271 2370 3336 ποιῆσαι

823 3359 1121 3430 ἄνθρωπον,
1167 3364 1264 3431 τῆς
1299 3361 1352 3412 δὲ
1386 3364 1587 3430 Καινῆς
1614 3363 1704 3414 τὸν
1738 3364 2014 3430 ἄνθρωπον
2041 3365 2370 3433 ἐργάσασθαι

823 3455 1067 3521 ἄγγελον.
1113 3455 1326 3526 Ἐπειδὴ
1352 3457 1457 3527 γάρ
1485 3458 1516 3527 ἡ
1549 3458 1711 3510 κακία
1731 3460 1824 3511 καὶ
1856 3459 1916 3510 τὸ
1941 3459 2036 3512 ἀνθ
2048 3460 2257 3530 ρώπους
2294 3458 2371 3514 εῖ-

823 3567 908 3602 ναι
935 3551 1184 3620 ἐποίησεν
1211 3552 1488 3614 ἀπολέσαι,
1521 3554 1598 3613 είς
1630 3552 1833 3619 ἀλόγων
1875 3553 2186 3620 δυσγένειαν
2207 3574 2372 3608 κατα-

822 3643 1083 3710 γαγοῦσα,
1105 3643 1248 3715 [518]
1269 3646 1357 3696 καὶ
1375 3646 1652 3715 θηριώδεις
1674 3649 2014 3716 ἐργασαμένη
2027 3666 2038 3678 ·
2057 3651 2084 3699 6
2103 3650 2196 3716 μὲν
2213 3651 2370 3717 νόμος

823 3737 1034 3806 ἐκείνης
1063 3739 1158 3806 μέν
1187 3739 1490 3807 ἀπήλλαττε
1537 3740 1632 3806 τῆς
1666 3741 1879 3802 κακίαςν
1915 3743 1946 3808 ή
1977 3741 2032 3791 δὲ
2074 3742 2230 3809 χάρις
2278 3743 2369 3794 καὶ

823 3831 1022 3899 ταύτην
1051 3832 1146 3900 τὴν
1189 3832 1479 3902 ἀγγελικὴν
1509 3833 1854 3902 προστίθησιν
1886 3835 2099 3904 ἀρετήν.
2134 3836 2284 3886 Ἔστι
2315 3835 2370 3887 δὲ

825 3926 917 3978 καὶ
935 3927 1031 3995 τῆς
1075 3927 1278 3994 Καινῆς
1328 3927 1523 3995 βιϐλία,
1559 3929 1612 3980 al
1656 3928 1957 3980 Ἐπιστολαὶ
2009 3931 2063 3982 al
2115 3930 2369 3983 δεκατέσ-

826 4037 985 4090 σαρες
1016 4021 1244 4085 Παύλου,
1277 4025 1344 4075 τά
1360 4023 1656 4090 Εύαγγέλια
1682 4024 1747 4075 τά
1773 4025 2028 4094 τέσσαρα,
2049 4024 2136 4076 δύο
2156 4025 2248 4094 μὲν
2265 4024 2369 4078 τῶν

829 4116 1080 4185 μαθητῶν
1116 4116 1205 4168 τοῦ
1238 4117 1498 4187 Χριστοῦ,
1544 4118 1783 4169 Ἰωάννου
1818 4120 1908 4170 καὶ
1959 4121 2252 4181 Ματθαίου,
2279 4120 2368 4172 δύο

824 4211 879 4262 δέ
913 4212 1091 4262 Λουκᾶ
1113 4213 1456 4282 καὶΜάρκουο
1493 4206 1564 4264 ὧν
1597 4215 1623 4264 6
1663 4213 1759 4282 μὲν
1786 4212 1875 4265 τοῦ
1908 4214 2128 4282 Πέτρου,
2153 4215 2248 4264 όδὲ
2277 4214 2367 4266 τοῦ

827 4303 1032 4357 Παύλου
1087 4307 1332 4373 γεγόνασι
1390 4306 1640 4376 μαθηταί.
1696 4308 1757 4357 Ol
1813 4309 1906 4375 μὲν
1940 4307 2045 4374 γὰρ
2108 4307 2366 4359 αὐτόπται

824 4393 961 4464 ἦσαν
991 4400 1355 4468 γεγενημένοι,
1406 4402 1498 4451 καὶ
1527 4400 1900 4468 συγγενόμενοι
1925 4399 2000 4468 τῷ
2027 4399 2260 4468 Χριστῷ·
2317 4401 2364 4450 οῖ

825 4491 879 4542 δὲ
913 4494 1039 4560 παρ’
1069 4493 1284 4545 ἐκείνων
1308 4494 1374 4545 τά
1397 4495 1613 4546 ἐκείνων
1638 4493 2015 4562 διαδεξάμενοι,
2049 4495 2124 4555 είς
2154 4494 2366 4561 ἐτέρους

829 4586 1137 4654 ἐξήνεγκαν·
1171 4589 1262 4639 καὶ
1300 4589 1358 4639 τὸ
1391 4589 1494 4639 τῶν
1527 4588 1777 4656 Πράξεων
1801 4588 1854 4638 δὲ
1878 4587 2095 4653 βιϐλίον,
2125 4588 2213 4656 καὶ
2243 4588 2368 4638 αὐτὸ

826 4655 1025 4725 ᾼμουκᾶ,
1055 4658 1423 4724 ίστορήσαντος
1439 4658 1502 4709 τά
1532 4655 1810 4725 γενόμενα,
1831 4658 1921 4707 καὶ
1947 4657 2052 4707 τῶν
2076 4655 2368 4708 καθολικῶν

839 4721 1142 4778 Ἐπιστολαὶ
1163 4721 1324 4794 τρεῖς.

1191 4924 1448 4989 Σύνοψις
1483 4922 1588 4988 τῆς
1617 4923 1913 4988 Γενέσεως
1937 4938 1982 4977 ³.

898 5101 977 5152 Τὰ
1012 5101 1144 5152 κατὰ
1184 5100 1277 5168 τὴν
1310 5105 1674 5169 κοσμοποιίαν,
1712 5105 1800 5154 καὶ
1845 5104 1938 5172 τὴν
1966 5105 2056 5154 τοῦ
2092 5104 2393 5172 ἁνθρὼπου³

832 5196 1043 5250 πλάσιν.
1088 5195 1324 5264 Ἐντολὴν
1350 5195 1607 5263 λαμϐάνει
1663 5199 1689 5248 ὁ
1732 5199 1915 5266 Ἀδὰμ,
1947 5201 2035 5249 καὶ
2085 5200 2366 5250 πλάττεται

830 5295 862 5361 η
890 5293 1021 5360 γυνὴ
1049 5293 1110 5341 ἐκ
1126 5289 1220 5357 τῆς
1250 5289 1477 5358 πλευρᾶς
1511 5290 1688 5352 αὑτοῦ,
1716 5293 2100 5360 ῆὰπατηοείσα
2131 5294 2231 5344 ὑπὸ
2276 5293 2366 5345 τοῦ

892 5553 917 5580 ⁸
947 5549 1137 5598 Titulus
1181 5549 1228 5594 in
1254 5545 1561 5606 Lugdunensi
1606 5545 1710 5592 cod.
1757 5546 1947 5606 Σύνοψις
1983 5548 2028 5593 ἐν
2061 5547 2266 5606 ἐπιτόμῳ
2288 5553 2369 5602 τῆς

834 5615 1042 5665 ﬂama;
1063 5609 1291 5666 Διαθῆιης
1308 5604 1390 5656 τοῦ
1413 5608 1761 5669 Χρυσοστὸμον.
1787 5604 1980 5661 Γένεσις
2007 5604 2275 5655 menon".

1534 313 1590 366 S.
1630 309 1908 366 JOANNIS
1942 305 2418 364 CHRYSOSTOMI
2456 305 2767 364 ARCIIIEP.
2809 309 3339 366 CONSTANTINOP.

3931 339 4039 392 318

2483 422 2676 490 ὄφεως,
2705 427 2884 495 ἀπατᾷ
2924 426 3013 478 τὸν
3058 426 3240 496 ἄνδρα,
3277 428 3370 479 καὶ
3411 427 3674 497 γενομένη
3717 430 3830 497 μετ’
3863 426 4037 481 αὐτοῦ

2480 517 2894 585 ἐπικατάρατος,
2958 520 3272 574 ἐκϐάλλεται
3315 521 3409 574 τοῦ
3467 522 3811 592 παραδείσου·
3873 525 3966 574 καὶ
4009 524 4037 573 ό

2479 613 2598 679 ὄφις
2623 613 2830 682 δέχεται
2874 615 3114 683 κατάραν
3157 615 3246 666 ἐπὶ
3273 614 3364 666 τοῦ
3404 615 3629 684 στήθους
3687 618 4027 685 περιπατεῖν.

2492 705 2724 776 Ἀναιρεῖ
2748 707 2836 758 τὸν
2864 707 3085 774 ἀδελφὸν
3117 709 3145 760 ὁ
3169 707 3306 761 Kal")
3333 708 3420 760 διὰ
3443 709 3504 760 τὸ
3537 709 4040 778 ύπερευδοκιμηθῆ-

2479 815 2563 850 ναι
2610 800 2658 864 δ,
2685 802 2775 852 καὶ
2807 802 2988 854 δίδωσι
3011 802 3181 871 δίκην’
3215 803 3306 855 καὶ
3337 802 3471 871 μετά
3497 802 3666 856 ταῦτα
3711 804 4033 857 παιδοποιεί

2477 893 2661 944 Τίκτει
2690 895 2745 947 δέ
2775 895 2868 947 καὶ
2909 895 3021 947 Εὕα
3057 896 3147 948 τὸν
3175 897 3304 966 Σήθ.
3339 896 3642 962 Κατάλογος
3669 898 3775 949 τῶν
3804 899 3912 950 ἀπὸ
3939 897 4034 950 τοῦ

2489 988 2674 1056 Ἀδάμ,
2704 990 2795 1041 καὶ
2823 990 2928 1042 τῶν
2957 992 3064 1043 ἀπὸ
3086 991 3174 1042 τοῦ
3205 992 3331 1058 Σὴθ,
3361 992 3463 1054 ἕως
3484 992 3576 1043 τοῦ
3603 993 3742 1053 Νῶε,
3783 995 3876 1045 καὶ
3905 1012 4037 1046 κατ-

2475 1085 2670 1153 ηγορία
2693 1086 2798 1137 τῶν
2854 1086 3061 1156 ἀνδρῶν
3084 1087 3169 1139 διά
3199 1086 3297 1150 τὰς
3322 1087 3380 1139 ού
3421 1088 3792 1156 προσηκούσας
3842 1091 4036 1155 ἐπιγα-

2477 1177 2604 1248 μίας
2658 1180 2752 1232 καὶ
2802 1179 2897 1243 τάς
2946 1181 3136 1243 λοιπάς
3183 1181 3434 1249 ἀνομίας’
3465 1180 3625 1245 Υίοὺς
3673 1181 3728 1233 δὲ
3761 1182 3898 1234 Θεοῦ
3955 1186 4037 1235 ἐν-

2473 1273 2645 1326 ταῦθα
2669 1273 2820 1326 καλεῖ
2853 1275 2975 1338 τοὺς
2995 1275 3100 1326 ἀπὸ
3119 1273 3209 1326 τοῦ
3246 1274 3349 1344 Σὴθ
3377 1275 3706 1342 κατάγοντας
3743 1277 3804 1328 τὸ
3853 1279 4036 1344 γένος’

2474 1368 2565 1418 καὶ
2585 1369 2689 1437 γάρ
2722 1370 2953 1446 εἴρηται·
3004 1368 3148 1438 Ἐγὼ
3194 1365 3381 1430 εἶπεν,
3404 1371 3534 1427 Θεοί
3568 1372 3724 1436 ἐστε,
3781 1374 3878 1425 καὶ
3916 1375 4033 1427 vlo!

2487 1465 2772 1532 Ὑψίστου
2806 1464 3043 1530 πάντες.
3063 1465 3371 1534 Θυγατέρας
3398 1466 3453 1518 δέ
3484 1466 3779 1537 ἀνθρώπων
3808 1470 3906 1532 τὰς
3927 1472 4037 1523 ἀπὸ

2473 1556 2564 1608 τοῦ
2599 1558 2753 1610 Κάῐν.
2804 1558 3060 1625 Προλέγει
3107 1558 3134 1608 6
3161 1556 3288 1620 Θεὸς
3315 1557 3392 1624 τῷ
3437 1557 3559 1610 Νῶε
3597 1560 3692 1628 τὴν
3731 1561 4036 1628 μέλλουσαν

2473 1653 2579 1704 τῶν
2617 1652 2910 1721 ἀνθρώπων
2937 1651 3208 1705 ἀπώλειαν
3237 1652 3323 1705 διά
3361 1652 3452 1704 τοῦ
3485 1654 3886 1722 κατακλυσμοῦ,
3936 1658 4032 1708 καὶ

2476 1749 2725 1816 παραινεῖ
2770 1749 2981 1814 ποιῆσαι
3009 1748 3105 1815 τὴν
3140 1746 3394 1810 κιὸωτὸν,
3441 1747 3762 1814 τριακοσίων
3813 1749 4036 1816 πήχεων

2473 1842 2533 1895 τὸ
2560 1843 2751 1910 μῆκος.
2783 1843 3112 1909 πεντήκοντα
3149 1842 3363 1910 πήχεων
3377 1842 3437 1894 τὸ
3480 1841 3701 1904 πλάτος,
3741 1845 4034 1911 τριάκοντα

2476 1939 2689 2008 πήχεων
2737 1937 2796 1988 τὸ
2823 1935 2971 2003 ὕψος.
3013 1935 3173 1998 Ὠςδέ
3205 1936 3446 2004 εἰσῆλθεν
3491 1940 3569 2000 εἰς
3615 1939 3714 2008 τὴν
3777 1940 4032 2003 κιϐωτὸν,

2475 2033 2696 2100 ἐφέρετο
2725 2033 2752 2083 6
2797 2029 3175 2099 κατακλυσμὸς
3217 2030 3615 2100 τεσσαράκοντα
3671 2033 3882 2101 ἡμέρας
3937 2036 4033 2085 καὶ

2473 2127 2868 2196 τεσσαράκοντα
2893 2123 3106 2185 νύκτας.
3138 2125 3392 2176 Ἐνεδίδου
3418 2124 3550 2176 δὲτὸ
3579 2124 3716 2194 ὕδωρ
3749 2127 3887 2193 μετά
3905 2128 4034 2178 ἐκα-

2471 2221 2560 2272 τὸν
2593 2221 2923 2288 πεντήκοντα
2951 2217 3181 2286 ἡμέρας.
3214 2217 3487 2285 Ὠφθησαν
3511 2217 3565 2269 δὲ
3583 2219 3638 2271 αῖ
3673 2220 3905 2286 κορυφαὶ
3927 2220 4033 2271 τών

2472 2313 2639 2382 ὀρέων
2668 2313 2855 2383 πρώτῃ
2879 2311 2970 2364 τοῦ
3005 2311 3226 2363 δεκάτου
3264 2310 3428 2378 μηνός
3469 2321 3516 2363 ο.
3544 2312 3651 2363 Kal
3676 2313 3812 2379 μετά
3836 2329 4034 2364 τεσσα-

2475 2410 2711 2478 ράκοντα·
2735 2408 2945 2476 ἡμέρας
2969 2405 3246 2458 ἀπέστειλε
3276 2404 3364 2456 τὸν
3389 2404 3615 2474 κόρακα,
3660 2407 3753 2456 καὶ
3797 2407 3898 2474 οὐχ
3931 2409 4036 2459 ὐπ-

2473 2503 2721 2573 έστρεψε⁸
2743 2504 2835 2554 καὶ
2863 2502 2996 2571 μετά
3026 2501 3160 2552 ἑπτὰ
3186 2499 3390 2569 ἡμέρας
3427 2499 3704 2552 ἀπέστειλε
3746 2501 3845 2568 τὴν
3876 2518 4041 2570 περι-

2474 2598 2686 2666 στερὰν,
2741 2598 2834 2647 καὶ⁵
2886 2595 3186 2664 ὑπέστρεψε
3231 2593 3416 2646 θαλλὸν
3471 2593 3652 2654 ἐλαίας
3704 2594 4032 2661 κομίζουσα.

2473 2691 2756 2746 Κελεύεται
2802 2690 2904 2741 ὑπὸ
2934 2688 3025 2741 τοῦ
3067 2686 3198 2739 Θεοῦ
3231 2688 3259 2738 6
3287 2687 3404 2737 Νῶε
3455 2685 3681 2749 ἐξελθεῖν
3711 2689 3774 2738 ἐκ
3805 2687 3909 2754 τῆς
3942 2705 4032 2740 κι-

2472 2783 2662 2836 ϐωτοῦ·
2720 2785 2812 2835 καὶ
2858 2781 3081 2845 ἐξελθὼν
3129 2780 3283 2832 ἔθυσε
3309 2779 3386 2848 τῷ
3441 2779 3576 2849 Θεῷ,
3635 2781 3725 2831 καὶ
3761 2778 4033 2849 εύλογήθη

2473 2877 2607 2946 μετά
2625 2877 2729 2928 τῶν
2759 2875 2884 2926 υἱῶν
2931 2874 3112 2926 αὑτοῦ.
3143 2875 3247 2928 Kal
3273 2873 3458 2924 ἐλαϐεν
3490 2873 3816 2939 ἐπαγγελίαν
3878 2877 4038 2943 παρά

2473 2970 2562 3022 τοῦ
2584 2969 2734 3033 Θεοῦ,
2765 2969 2902 3020 ὥστε
2948 2967 3138 3037 μηκέτι
3182 2965 3428 3032 γενέσθαι
3456 2966 3707 3034 τοιαύτην
3752 2966 4033 3019 ἀπώλειαν

2471 3061 2766 3131 ἀνθρώπων
2793 3060 2877 3112 διὰ
2906 3059 2996 3111 τοῦ
3027 3059 3423 3128 κατακλυσμοῦ.
3454 3061 3561 3111 Kal
3597 3060 3730 3127 μετά
3751 3060 3927 3111 ταῦτα
3948 3063 4037 3112 εύ-

2471 3157 2617 3223 λογεῖ
2643 3153 2790 3226 [519]
2823 3156 2919 3223 μὲν
2943 3155 3029 3207 τὸν
3060 3155 3178 3223 Σὴμ
3199 3154 3290 3206 καὶ
3316 3154 3406 3206 τὸν
3445 3152 3637 3221 Ἰάφεθ,
3655 3155 4033 3223 καταρᾶταιδὲ

2471 3251 2558 3303 τὸν
2589 3250 2824 3312 Χαναὰν,
2855 3249 3038 3318 ἐπειδὴ
3069 3250 3096 3300 ὁ
3125 3249 3302 3318 πατὴρ
3350 3248 3512 3300 αὑτοῦ
3547 3250 3674 3318 Χάμ
3720 3249 3900 3313 ἐξεῖπε
3932 3250 4032 3318 τὴν

2472 3348 2744 3416 γύμνωσιν
2764 3345 2854 3397 τοῦ
2885 3345 3102 3414 πατρός.
3147 3343 3411 3396 Ἐκϐαίνει
3438 3343 3493 3395 δὲ
3517 3345 3547 3412 η
3574 3345 3781 3412 κατάρα
3800 3345 4032 3397 ἐπὶτῶν

2471 3443 2510 3494 Γ
2513 3439 2820 3493 αὸαονιτῶνο
2858 3437 3052 3507 μᾶλλον
3103 3436 3158 3487 δέ
3188 3437 3471 3504 πρόσχημα
3507 3437 3602 3504 μὲν
3658 3439 3901 3504 κατάρας
3932 3435 4032 3508 ῆν,

2469 3537 2529 3588 τὸ
2585 3535 2638 3586 δὲ
2664 3533 2856 3602 ἀληθὲς
2915 3531 3232 3599 προφητεία.
3275 3530 3334 3580 Ol
3379 3529 3484 3580 ἀπὸ
3511 3528 3601 3580 τοῦ
3636 3529 3758 3581 Νῶε
3795 3533 3902 3593 ἕως
3933 3533 4031 3585 τοῦ

2470 3629 2661 3690 Φαλὲκ,
2687 3629 2742 3688 ὂς
2770 3626 2874 3678 ἀπὸ
2900 3624 2992 3677 τοῦ
3025 3623 3344 3693 μερισθῆναι
3381 3623 3464 3674 ἐπ’
3492 3623 3647 3674 αὑτοῦ
3675 3624 3770 3693 τὴν
3792 3627 3898 3694 γῆν
3927 3628 4033 3697 τὴν

2471 3722 2836 3794 προσηγορίαν
2900 3719 3054 3772 ἔλασε
3101 3718 3315 3786 ταύτην.
3371 3718 3500 3769 Τότε
3545 3719 3650 3788 γάρ
3686 3720 3774 3771 τὸν
3813 3721 4032 3791 πύργον

2469 3819 2837 3888 ᾠκοδόμησαν,
2882 3814 2999 3866 ὅθεν
3040 3813 3130 3865 καὶ
3157 3815 3184 3864 6
3229 3814 3387 3874 τόπος
3441 3812 3692 3865 Βαϐυλὼν
3753 3830 4034 3884 προσηγο-

2476 3912 2657 3984 ρεύθη,
2705 3912 2872 3962 ὅέστι
2930 3908 3218 3978 Σύγχυσις,

2471 4007 2644 4060 αὐτῶν
2674 4007 2728 4059 αῖ
2788 4004 3040 4072 γλῶσσαι.
3095 4003 3194 4053 Τὸν
3230 4001 3286 4053 δὲ
3320 4002 3525 4071 πατέρα
3573 4001 3665 4054 τοῦ
3707 4004 3886 4057 Φαλὲκ
3933 4007 4030 4060 τὸν

2472 4101 2636 4169 Ἔϐερ
2658 4099 2809 4166 λόγος
2849 4098 2958 4166 ἔχει
2985 4098 3059 4164 μὴ
3106 4095 3390 4163 ὁμονοῆσαι
3435 4098 3544 4155 τοῖς
3569 4095 3772 4157 λοιποῖς
3808 4100 3892 4160 είς
3924 4100 4032 4169 τὴν

2468 4195 2559 4248 τοῦ
2587 4193 2788 4262 πύργου
2813 4191 3112 4258 οἰκοδομὴν,
3143 4191 3233 4240 καὶ
3257 4189 3341 4240 διὰ
3360 4188 3512 4240 τοῦτο
3528 4189 3671 4258 αὐτῷ
3699 4190 3793 4260 τὴν
3829 4192 4032 4247 λαλιὰν

3270 3907 3451 3976 ἐπειδὴ
3485 3910 3599 3960 ἐκεῖ
3654 3908 4032 3980 συνεχύθησαν

2474 4291 2546 4358 μὴ
2573 4288 2916 4356 ἀμειφθῆναι,
2967 4286 3098 4337 ἀλλὰ
3127 4287 3299 4352 μεῖναι
3350 4283 3507 4334 αὑτὸν
3555 4285 3803 4353 ἀκέραιον
3829 4287 4032 4356 ἔχοντα

2468 4386 2562 4452 τὴν
2591 4383 2884 4441 διάλεκτον,
2921 4379 3012 4430 καὶ
3063 4377 3153 4429 ἀπ’
3193 4377 3352 4428 αὑτοῦ
3381 4377 3476 4446 τὴν
3505 4379 3814 4447 ἐπωνυμίαν
3848 4383 4030 4453 αὐτὴν

2470 4476 2835 4544 λαϐεῖν,Ἔ6ερ
2857 4475 2961 4542 γάρ
2985 4473 3186 4524 ἐκείνου
3211 4471 3534 4540 καλουμένου
3560 4472 3611 4535 ιι,
3646 4472 3861 4543 Ἐὄραῒς
3884 4479 4030 4548 αὕτη

2470 4572 2747 4640 κέκληται,
2802 4570 2829 4620 ὃ
2882 4570 2972 4619 καὶ
3015 4566 3231 4635 σημεῖόν
3264 4567 3375 4616 ἐστι
3417 4567 3664 4632 μέγιστον
3709 4567 3801 4618 τοῦ
3827 4572 4030 4623 πασῶν

2468 4667 2575 4718 τῶν
2606 4664 2797 4718 λαλιῶν
2838 4662 3206 4732 πρεσϐυτέραν
3239 4655 3373 4711 εἶναι
3423 4660 3519 4728 τὴν
3559 4660 3832 4728 Ἐϐραῖδα·
3890 4667 4030 4732 πρὶν

2471 4761 2576 4830 γὰρ
2604 4758 2929 4825 συγχυθῆναι
2949 4755 3043 4816 τὰς
3071 4754 3332 4822 γλώσσας,
3350 4753 3520 4823 ταύτῃ
3548 4755 3739 4816 πάντες
3767 4755 4035 4825 ἐκέχρην-

2471 4871 2547 4905 το.
2590 4855 2740 4904 Ἐστι
2773 4851 2826 4902 δὲ
2861 4852 2887 4902 ὁ
2942 4849 3102 4915 Ἔϐερ
3127 4841 3276 4908 οὗτος
3330 4847 3587 4915 πρόγονος
3629 4847 3893 4918 Ἀϐραάμ,
3931 4853 4037 4904 Γε-

2473 4949 2841 5015 νεαλογοῦνται
2886 4947 2938 4997 δὲ
2961 4943 3066 4995 ἀπὸ
3098 4941 3185 4994 τοῦ
3213 4942 3316 5012 Σὴθ
3337 4943 3436 5004 ἕως
3456 4943 3546 4994 τοῦ
3585 4944 3852 5013 Ἁϐραάμ.
3878 4948 4036 5015 Λαμ.

2473 5047 2620 5098 ϐάνει
2659 5049 2684 5096 6
2705 5043 2880 5110 πατὴρ
2909 5040 3000 5091 τοῦ
3017 5038 3259 5108 Ἄϐραάμ
3279 5039 3306 5088 6
3332 5037 3481 5106 Θαρᾶ
3517 5039 3638 5097 τοὺς
3669 5041 3810 5099 υἱοὺς
3831 5043 4031 5105 αὑτοῦ,

2471 5141 2557 5192 τόν
2588 5157 2640 5190 τε
2683 5138 2942 5205 Ἀϐραὰμ,
3004 5134 3095 5186 καὶ
3150 5134 3238 5185 τὸν
3273 5132 3502 5200 Ναχὼρ.
3538 5133 3748 5183 καὶτὸν
3798 5135 4034 5202 ἔγγονον

2533 5424 2557 5459 b
2597 5422 2853 5468 Vmsiunns
2900 5421 3048 5466 codex
3092 5419 3587 5480 παρευδοκιμασὼῆναι.
3629 5419 3844 5480 Utraque
3871 5424 4040 5476 lectio

2472 5485 2651 5531 admiui
2676 5489 2847 5540 pulCSL

2534 5548 2554 5574 ε
2584 5545 2628 5588 In
2655 5538 2793 5588 (ῖυὶςΙ.
2825 5541 2949 5586 male
2969 5538 3052 5585 τοῦ
3074 5539 3284 5597 δευτέρου
3312 5539 3464 5594 μηνός.

2536 5606 2561 5642 «ί
2582 5605 2653 5652 De
2681 5602 2872 5654 urbem
2897 5602 2985 5648 hoc
3009 5602 3149 5648 etiam
3170 5611 3310 5659 supra
3336 5600 3458 5648 dixit
3477 5600 3524 5648 in
3545 5600 3836 5664 Προθεωρίφ.
