4138 6306
802 366 913 421 319

783 473 900 512 cum
929 459 1128 527 integra
1149 473 1242 512 sua
1265 458 1508 523 dialecto,
1527 475 1643 528 qua:
1673 461 1846 516 abillo
1867 461 2341 517 dcnominationem

787 551 971 602 sortita
1003 551 1089 601 sit.
1136 549 1262 602 Nam
1294 564 1410 604 cum
1438 551 1526 604 ille
1550 550 1723 606 lleber
1754 561 2061 618 vocaretur,
2095 553 2207 606 hmc
2238 554 2342 608 lle-

782 637 961 690 braica
992 638 1247 706 appellata
1273 648 1352 691 est
1379 639 1452 707 (a)
1487 652 1501 690 :
1528 640 1665 707 quod
1706 641 1908 708 signum
1944 651 2024 694 est
2058 642 2339 695 maximum

784 726 1095 779 Hebraieam
1139 742 1257 780 esse
1296 729 1526 779 omnium
1578 729 1866 797 linguarum
1907 731 2335 798 antiquissimam.

787 816 1073 882 Antequam
1106 817 1244 868 enim
1285 816 1734 871 confunderentur
1763 818 1952 887 lingua:
1976 861 1988 882 ,
2019 821 2116 874 hac
2160 835 2343 874 Omnes

783 905 1079 957 utebantur.
1103 905 1191 957 Est
1229 915 1406 958 autem
1434 906 1518 959 hic
1544 907 1714 960 Heber
1758 909 1892 961 inter
1915 910 2140 977 majores
2172 911 2339 964 Abra-

783 991 883 1045 hze.
907 993 1135 1045 Assumit
1157 992 1327 1046 Thara
1356 1004 1501 1061 pater
1527 995 1772 1061 Abrahae,
1794 996 1926 1049 ﬁlios
1942 1011 2065 1050 suos
2083 997 2342 1050 Abraham

782 1089 835 1133 et
862 1081 1067 1134 Nachor
1092 1078 1238 1150 (l'),ct
1264 1092 1504 1150 nepotem
1535 1099 1686 1136 suum
1710 1084 1824 1150 Lot,
1853 1097 1904 1139 et
1927 1087 2066 1139 venit
2089 1087 2141 1139 in
2176 1085 2342 1140 Char-

786 1186 880 1223 ran
902 1212 915 1235 ,
952 1171 1002 1223 in
1045 1172 1218 1222 animo
1245 1173 1441 1226 habens
1472 1173 1592 1226 inde
1618 1175 1872 1242 proﬁcisci
1905 1177 1954 1228 in
1989 1185 2178 1229 terram
2205 1176 2342 1229 Cha-

785 1274 1107 1312 nanteorum.
1159 1259 1355 1328 llloque
1395 1271 1601 1315 mortuo
1649 1264 1697 1315 in
1750 1263 2016 1328 Oharran,
2061 1265 2272 1332 jubetur
2313 1280 2342 1318 a

792 1347 897 1399 Deo
928 1347 1190 1399 Abraham
1223 1351 1593 1417 transmigrare
1639 1367 1700 1404 ex
1739 1347 1996 1418 Charran,
2026 1356 2244 1409 etvenit
2287 1355 2339 1407 in

787 1435 1009 1504 Sychem
1037 1438 1085 1488 in
1116 1447 1250 1489 terra
1292 1438 1558 1491 Chanaan.
1595 1439 1660 1492 Et
1687 1440 1817 1493 dixit
1857 1443 1905 1494 ei
1953 1442 2107 1504 Deus,
2154 1443 2341 1496 semini

789 1525 904 1592 ejus
933 1540 990 1578 se
1015 1525 1255 1578 daturum
1286 1534 1475 1579 terram
1505 1529 1661 1580 illam.
1695 1529 1759 1582 Et
1783 1530 2055 1583 tedilicavit
2083 1531 2342 1585 Abraham

790 1614 953 1665 altare
987 1614 1111 1674 Deo.
1142 1625 1193 1665 et
1224 1614 1336 1667 ﬁxit
1361 1617 1750 1669 tabernaculum
1777 1634 1926 1670 suum
1957 1635 2140 1672 versus
2176 1636 2341 1674 mare.

788 1700 916 1753 Cum
955 1701 1120 1754 fames
1165 1712 1338 1756 autem
1383 1714 1542 1769 esset,
1594 1705 1918 1760 descendens
1964 1709 2013 1760 in
2063 1708 2343 1778 Egyptum

789 1791 1038 1858 praecepit
1066 1792 1212 1844 unri
1253 1802 1445 1861 sur,ut
1475 1794 1671 1848 diceret
1708 1811 1765 1849 se
1804 1812 2034 1851 sororem
2063 1800 2176 1867 ejus
2208 1815 2340 1854 esse.

790 1879 918 1933 Cum
969 1897 1124 1948 porro
1163 1885 1461 1936 sustulisset
1491 1900 1605 1937 eam
1638 1886 1858 1948 Pharao,
1887 1899 1940 1941 et
1973 1889 2061 1942 Dei
2095 1891 2343 1944 ultionem

789 1979 1036 2036 expertus
1074 1982 1232 2033 esset,
1265 1972 1490 2024 reddidit
1533 1975 1673 2026 illam
1714 1977 1956 2029 Abrahae.
2003 1977 2345 2046 Litigantibus

791 2060 1012 2112 invicem
1057 2063 1352 2127 pastoribus
1395 2063 1616 2116 Abraha:
1644 2073 1696 2117 et
1725 2065 1836 2117 Loti
1861 2107 1873 2129 ,
1905 2068 2000 2134 ipsi
2030 2069 2346 2124 habitatione

790 2149 1014 2214 separati
1072 2159 1211 2202 sunt.
1265 2150 1362 2202 Lot
1413 2153 1611 2218 accepit
1663 2152 2046 2207 Sodomitarum
2108 2165 2344 2210 terram:

793 2237 1056 2290 Abraham
1089 2254 1212 2292 vero
1239 2239 1304 2292 ad
1340 2255 1586 2307 quercum
1631 2242 1861 2296 Mambre
1893 2245 2175 2310 habitavit,
2223 2263 2345 2315 pro-

793 2325 1174 2394 missionesque
1197 2343 1402 2381 rursum
1429 2344 1457 2380 a
1491 2331 1595 2382 Deo
1619 2333 1840 2399 accepit,
1868 2334 1979 2401 ejus
2005 2350 2182 2389 semen
2214 2338 2348 2390 mul-

793 2414 1011 2467 titudine
1039 2416 1425 2484 propagandum
1452 2433 1589 2482 esse,
1628 2429 1681 2472 et
1708 2421 1845 2473 illam
1893 2431 2082 2476 terram
2135 2440 2344 2492 posses-

791 2517 991 2556 surum.
1021 2505 1476 2574 Chodollagomor,
1505 2510 1622 2576 quia
1646 2510 1711 2563 ab
1735 2512 1846 2579 ipso
1872 2512 2173 2567 defecerant
2197 2516 2349 2582 quin-

791 2607 893 2660 que
919 2609 1066 2662 reges
1089 2595 1424 2650 Sodomitiea:
1447 2607 1619 2663 terrae,
1639 2603 1724 2668 qui
1751 2601 1847 2668 ipsi
1874 2604 2014 2670 prius
2036 2606 2342 2668 servierant,

791 2685 1072 2750 assumptis
1120 2699 1294 2737 secum
1346 2687 1511 2740 tribus
1556 2689 1670 2742 aliis
1713 2691 1954 2759 regibus,
1988 2693 2179 2747 bellum
2221 2696 2344 2764 ipsis

793 2768 986 2833 intulit,
1020 2786 1213 2838 eosque
1247 2775 1295 2824 in
1328 2774 1498 2840 fugam
1528 2792 1708 2830 versos
1748 2780 1980 2845 captivos
2005 2782 2251 2847 abduxit;
2293 2785 2342 2837 in

790 2856 980 2924 quibus
1015 2859 1307 2911 eratetiam
1337 2859 1454 2912 Lot.
1511 2862 1600 2915 llis
1644 2864 1834 2916 auditis
1876 2867 2172 2930 Abraham,
2225 2885 2340 2922 eum

793 2945 1086 2998 vernaculis
1136 2948 1243 2999 suis
1272 2949 1516 3000 trecentis
1543 2950 1854 3014 octodecim,
1877 2953 1990 3006 illos
2017 2955 2340 3023 insequulus,

792 3032 981 3099 eripuit
1007 3032 1180 3087 fratris
1229 3034 1388 3088 ﬁlium
1419 3050 1534 3089 eum
1574 3040 1806 3105 equitatu
1833 3049 1885 3092 et
1927 3043 2261 3108 mulieribus;
2291 3055 2344 3098 et

791 3121 1170 3176 Melchisedeeo
1222 3139 1278 3176 se
1313 3125 1640 3179 benedicenti
1682 3139 1732 3180 et
1767 3129 2003 3182 aﬁ'crcnti
2064 3147 2245 3199 panem
2294 3144 2346 3186 et

793 3217 965 3267 vinum
990 3256 1003 3280 ,
1049 3217 1275 3269 decimas
1319 3217 1481 3270 dedit.
1526 3219 1645 3271 Ideo
1682 3221 1752 3271 ait
1815 3221 2004 3274 Paulus
2036 3223 2104 3292 (τ)
2144 3225 2190 3274 in
2231 3226 2340 3292 epi-

791 3304 919 3356 stola
939 3303 999 3355 ad
1031 3304 1284 3358 llebrazos
1303 3323 1314 3356 :
1332 3304 1397 3357 Et
1417 3305 1530 3358 Levi
1558 3308 1641 3374 qui
1670 3309 1884 3361 decimas
1911 3311 2116 3378 accepit,
2140 3313 2345 3364 decimae

793 3403 871 3444 tua
907 3403 977 3445 est
1002 3393 1178 3463 (llcbr.
1211 3396 1259 3446 7.
1287 3395 1360 3464 9).
1382 3396 1508 3464 Regi
1538 3396 1881 3451 Sodomorum
1903 3404 2096 3468 roganti
2121 3411 2174 3454 ut
2196 3404 2342 3469 equi-

790 3491 951 3534 tatum
981 3484 1239 3549 acciperet
1290 3499 1392 3536 non
1442 3487 1622 3537 annuit
1654 3505 1666 3538 :
1699 3486 1778 3539 Ne
1811 3489 1966 3550 dicas,
2001 3490 2200 3557 inquit,
2235 3490 2342 3559 Ego

789 3569 940 3621 ditavi
965 3570 1228 3621 Abraham.
1249 3573 1266 3635 (
1287 3569 1500 3623 Gem”.
1529 3573 1650 3640 25).
1679 3573 1825 3626 Tunc
1853 3575 1961 3627 Deo
1993 3577 2088 3642 ipsi
2113 3578 2339 3641 dicente,

792 3659 979 3712 κυεῖ-σεε
1008 3669 1093 3710 tua
1130 3677 1307 3729 magna
1341 3661 1608 3731 crit(Gen.
1637 3663 1718 3716 15.
1753 3666 1775 3716 1
1807 3666 1843 3732 ),
1889 3666 2109 3717 ﬁliorum
2149 3667 2342 3719 orbita-

789 3757 892 3800 tem
941 3747 1181 3815 deplorat
1223 3765 1234 3798 :
1279 3762 1587 3817 rursumque
1635 3750 1799 3816 audit,
1849 3767 1972 3804 eum
2013 3754 2099 3821 qui
2150 3769 2209 3806 ex
2251 3754 2340 3808 illo

787 3849 1095 3904 egressurus
1144 3845 1275 3898 erat,
1309 3835 1422 3903 ejus
1464 3837 1804 3891 hereditatem
1833 3853 2164 3908 accepturum
2202 3857 2333 3905 esse,

790 3935 843 3978 et
883 3939 1060 3977 semen
1097 3924 1210 3990 ejus
1253 3923 1479 3976 futurum
1510 3925 1643 3978 sicut
1681 3927 1857 3979 stellas
1901 3929 2033 3980 ca:li.
2086 3928 2179 3982 llic
2200 3929 2338 3997 jacet

788 4013 914 4064 illud
943 4031 955 4063 :
987 4011 1206 4064 Credidit
1246 4013 1499 4064 Abraham
1527 4013 1660 4079 Deo,
1691 4024 1735 4067 et
1780 4026 2059 4084 reputatum
2088 4028 2154 4070 est
2180 4019 2252 4070 illi
2273 4020 2338 4070 ad

787 4103 1022 4165 iustitiam
1058 4100 1220 4167 (Ceu.
1276 4103 1358 4155 15.
1406 4103 1496 4170 6
1545 4103 1814 4156 Sectioncs
1838 4104 1912 4174 (ά)
1943 4105 2076 4169 facit,
2110 4117 2160 4160 et
2186 4108 2337 4162 discit

786 4191 1110 4258 peregrinum
1149 4189 1374 4241 futurum
1406 4204 1520 4242 esse
1552 4205 1727 4243 semen
1750 4208 1916 4255 suum,
1942 4203 1992 4246 et
2017 4205 2190 4262 postea
2219 4196 2337 4249 libe-

786 4277 1002 4329 randum
1035 4275 1144 4329 fore
1172 4287 1443 4344 postquam
1466 4277 1767 4346 depressum
1799 4278 1947 4332 fuerit
1976 4297 2068 4348 per
2091 4283 2334 4350 quadrin-

783 4377 964 4435 gentos
993 4381 1175 4419 annos.
1207 4367 1331 4420 Sara
1361 4375 1532 4419 autem
1564 4367 1680 4434 quia
1712 4367 1902 4419 sterilis
1929 4377 2057 4429 erat,
2083 4368 2171 4421 dat
2194 4371 2331 4437 Aga-

785 4471 895 4508 rem
941 4455 1265 4515 Abrahamo,
1300 4463 1358 4507 ut
1405 4455 1596 4508 liberos
1635 4455 1921 4522 susciperet
1961 4469 2022 4506 ex
2067 4455 2171 4508 illa.
2203 4455 2330 4509 Cum

782 4554 953 4596 autem
979 4543 1088 4597 lucc
1117 4555 1318 4596 uterum
1339 4550 1585 4610 gestaret,
1616 4552 1793 4596 contra
1834 4541 2009 4594 heram
2040 4556 2183 4594 suam
2214 4559 2331 4599 sese

783 4633 965 4684 extulit
1004 4649 1015 4682 :
1048 4632 1305 4698 traditque
1345 4631 1484 4682 illam
1541 4632 1683 4684 Sara:
1731 4630 2028 4694 Abraham,
2060 4641 2114 4682 ut
2151 4643 2332 4685 Contu-

783 4719 992 4773 meliam
1029 4719 1383 4771 ulcisceretur.
1409 4717 1493 4770 Illa
1522 4732 1646 4770 vero
1667 4717 1730 4769 ah
1757 4717 1877 4769 hera
1903 4733 1991 4770 sua
2023 4720 2156 4772 male
2182 4735 2332 4774 accc-

791 4817 898 4875 pta,
938 4821 965 4858 a
1006 4807 1160 4858 domo
1187 4804 1401 4873 aufugit,
1430 4805 1494 4857 ab
1519 4807 1806 4873 angeloque
1840 4805 2052 4872 jubetur
2078 4807 2139 4860 ad
2167 4808 2330 4860 domi-

842 4935 912 4996 (a)
949 4942 1040 4984 Hoc
1063 4935 1302 4996 ipsumde
1327 4934 1529 4996 Hebe‘rio,
1562 4934 1652 4980 etsi
1675 4934 1885 4992 brevius,
1929 4934 2039 4982 dicit
2073 4933 2237 4982 ltomil.
2271 4935 2329 4986 30

779 4997 825 5042 iu
848 4991 1191 5065 ζῑιιξηίξεηᾼίῗριη.
1219 4993 1304 5063 lV,
1326 4993 1416 5065 col.
1643 5058 1676 5065 Α
1723 5053 1758 5065 ,ν
2177 5054 2203 5065 η
2238 5056 2246 5064 ·

851 5054 920 5114 (b)
956 5055 1008 5101 lu
1047 5057 1258 5110 Hebrazo,
1295 5055 1341 5100 in
1372 5053 1590 5114 Vulgata,
1633 5058 1678 5097 et
1721 5053 1766 5098 lu
1799 5052 2008 5100 Fditione
2033 5061 2135 5100 Lxx
2160 5054 2328 5102 dicitur

787 5114 937 5160 'I‘hare
961 5126 1124 5162 secum
1147 5115 1456 5172 assumpsisse
1478 5113 1653 5172 Abram
1677 5117 1928 5172 et_l.otum,
1957 5127 2048 5159 non
2067 5121 2224 5161 autem
2248 5123 2329 5161 aa-

778 5173 985 5221 chorem.
999 5175 1085 5220 Sed
1103 5173 1203 5232 haec
1217 5169 1357 5220 lectio
1373 5173 1419 5219 in
1444 5169 1703 5232 exetnplari
1719 5169 2028 5230 Chrysostomi
2047 5173 2166 5219 haud
2183 5174 2328 5222 dubie

778 5233 1057 5286 habebatur,
1083 5238 1135 5278 ut
1155 5228 1315 5292 videas
1339 5231 1500 5279 Homil.
1519 5228 1643 5278 51in
1673 5228 1863 5285 Cenes,
1882 5237 2006 5292 'l'om.
2023 5232 2101 5292 iV,
2121 5232 2326 5292 col.282,

777 5308 834 5342 ut
852 5306 957 5361 me.
973 5304 1089 5352 easta
1112 5303 1171 5339 τὸν
1189 5289 1342 5361 iam,
1361 5303 1419 5359 μαι
1439 5303 1500 5339 τὸν
1523 5305 1672 5361 aulae,
1685 5298 1755 5361 ρει
1785 5289 1960 5361 accepit
1993 5291 2141 5361 Thura
2164 5289 2328 5341 ..ώνωή

776 5362 821 5402 et
845 5349 1037 5410 Ναί-ἠως
1065 5359 1174 5406 etc.,
1204 5351 1507 5411 quodipsum
1537 5349 1610 5396 bis
1632 5349 1749 5396 infra
1773 5352 2022 5411 repetitur.
2046 5353 2157 5399 Hinc
2190 5366 2328 5411 porro

777 5409 1101 5473 Chrysostomo
1115 5409 1260 5457 asscri
1279 5409 1460 5473 videtur
1482 5409 1582 5455 hac
1591 5411 1820 5473 Syuopsis.
1836 5409 1994 5457 Multas
2008 5419 2164 5473 autem
2185 5409 2327 5460 fuisse

774 5473 821 5520 iu
857 5468 1205 5530 exemplaribus
1235 5475 1338 5515 LXX
1363 5468 1628 5530 varietates
1649 5471 1956 5530 Hieronymus
1983 5478 2030 5518 et
2053 5472 2127 5516 alii
2159 5475 2326 5530 passim

773 5527 1022 5593 allii-mani.
1037 5531 1398 5593 Codexdqupque
1415 5527 1992 5593 Lugdunensistfac‘ho‘repi
2005 5534 2146 5593 etiam
2159 5527 2324 5580 habet.

830 5592 902 5651 te)
937 5591 1057 5638 Vide
1076 5586 1240 5636 Homill
1352 5588 1397 5651 in
1419 5592 1699 5651 Gen_.,_'l‘om.
1724 5586 1806 5651 IV,
1822 5589 2046 5651 _t_1)l_.7528.

833 5619 902 5651 μ,
950 5619 964 5638 ν
983 5619 1057 5637 ιυυ
1077 5619 1237 5636 μων...
1264 5619 1323 5634 υυ
1353 5619 1397 5654 ...
1556 5646 1563 5653 _
1724 5619 1739 5632 .
1758 5619 1769 5630 .
1789 5622 1800 5642 ,
1829 5619 1914 5633 μη,
1941 5619 1944 5631 .

833 5655 909 5709 (α)
944 5651 1184 5697 Sectioaes
1204 5645 1485 5694 animalium.
1509 5619 1630 5694 Vide
1649 5651 1761 5692 Gen.
1794 5647 1863 5704 15ο
1892 5648 1944 5694 10

1492 348 1546 404 S.
1585 348 1858 406 JOANNlS
1880 349 2346 408 CllRYSOSTOMl
2385 353 2694 413 ARCHIEP.
2725 356 3250 421 CONSTANTINOP.

3920 391 4020 444 320

2455 480 2575 518 nam
2616 482 2763 521 suam
2805 469 3012 536 redire;
3069 476 3573 550 promissionemque
3609 485 3802 554 accipit
3838 502 4012 544 semen

2453 555 2616 622 ipsius
2672 560 3119 628 multiplicandum
3173 580 3291 620 esse
3343 586 3357 620 :
3407 584 3674 642 pueroque
3729 586 4005 645 antequam

2451 657 2762 701 nasceretur
2813 665 3000 704 nomen
3051 653 3269 721 imponit
3316 660 3574 726 angelus,
3606 663 3792 717 lsmael
3845 668 4010 734 ipsum

2451 735 2738 801 appellans.
2771 737 2980 806 Peperit
3008 747 3146 807 Agar
3172 743 3443 799 lsmaelem
3462 788 3477 812 ,
3506 759 3559 802 et
3587 751 3860 806 Abraham
3896 770 4009 808 cum

2450 824 2732 891 nonaginta
2783 841 2974 880 novem
3025 844 3281 886 annorum
3320 845 3493 895 esset,
3545 853 3735 893 nomen
3777 846 4004 896 mutavit.

2449 908 2562 962 Non
2595 912 2732 965 enim
2766 916 2900 967 ultra
2941 917 3158 984 Abram,
3200 921 3290 974 sed
3331 922 3594 978 Abraham
3648 939 3870 984 vocatus
3907 943 4002 985 est.

2449 999 2696 1070 Praecipit
2724 1004 2792 1056 illi
2836 1006 2972 1060 Deus
2999 1019 3054 1060 ut
3081 1011 3484 1067 circumcidatur
3525 1031 3640 1069 cum
3675 1028 3782 1072 tota
3811 1020 3968 1073 domo
3994 1041 4005 1075 :

2448 1106 2740 1162 nomenque
2778 1095 2918 1150 Sara:
2944 1110 3192 1164 mutatur,
3217 1113 3534 1173 vocaturque
3571 1104 3664 1160 illa
3695 1107 3848 1162 Sara.
3900 1114 3993 1164 Ac-

2449 1192 2574 1260 cipit
2616 1193 2875 1247 Abraham
2919 1198 3316 1264 promissionem
3362 1201 3498 1254 circa
3542 1201 3794 1256 lsaacum.
3833 1208 4006 1273 Appa-

2448 1288 2527 1334 ret
2564 1283 2860 1335 Abrahamo
2899 1284 3059 1338 Filius
3108 1289 3195 1340 Dei
3239 1288 3310 1359 (a)
3349 1305 3464 1344 cum
3509 1291 3709 1346 duobus
3763 1297 4003 1364 angelis,

2447 1379 2500 1424 et
2539 1372 2610 1423 ait
2653 1372 2722 1425 illi
2758 1391 2771 1426 :
2801 1374 3036 1428 Revertar
3072 1379 3138 1428 ad
3175 1388 3220 1431 te
3257 1390 3472 1448 tempore
3507 1383 3600 1434 ista
3637 1387 3702 1436 ad
3741 1385 3895 1439 horas
3921 1401 3938 1438 :
3964 1399 4005 1439 et

2449 1459 2639 1510 habebit
2665 1463 2825 1526 [ilium
2856 1464 3015 1517 Sarra
3043 1483 3166 1518 uxor
3190 1478 3274 1519 tua
3296 1468 3314 1539 (
3339 1468 3553 1525 (£01.18.
3591 1470 3714 1541 10).
3738 1474 4004 1528 Abraham

2449 1548 2689 1601 obsecrat
2715 1552 2873 1604 Deum
2916 1569 3009 1620 pro
3048 1555 3314 1609 Sodomis.
3357 1557 3469 1610 Duo
3493 1561 3659 1628 angeli
3703 1563 3920 1615 veniunt
3943 1566 4003 1615 ad

2448 1635 2564 1689 Lot.
2608 1637 2865 1693 lnstantes
2907 1641 3190 1696 Sodomita
3236 1647 3540 1713 perquirunt
3576 1663 3682 1712 eos,
3726 1660 3779 1703 et
3818 1667 4004 1718 percu-

2449 1725 2645 1777 tiuntur
2673 1729 2922 1782 excitate.
2956 1730 3192 1784 Abducto
3241 1745 3413 1786 autem
3461 1735 3591 1789 Loto
3637 1739 3806 1806 angeli
3854 1755 4002 1808 egre-

2449 1812 2660 1866 diuntur
2705 1815 2862 1868 domo
2891 1836 2902 1869 :
2935 1827 2986 1870 ct
3015 1820 3124 1886 ipse
3155 1822 3362 1888 quidem
3411 1838 3528 1877 cum
3581 1826 3786 1880 filiabus
3833 1832 4004 1883 salvus

2448 1905 2675 1974 confugit
2698 1907 2746 1959 in
2772 1907 2935 1975 Segor
2959 1927 2972 1962 :
3003 1925 3131 1962 uxor
3156 1922 3326 1965 autem
3355 1915 3467 1980 ejus
3495 1915 3626 1968 facta
3655 1927 3734 1969 cst
3761 1920 3998 1972 columna

2449 1993 2587 2057 salis,
2618 1996 2734 2062 quia
2762 2006 2900 2048 retro
2930 1999 3174 2064 reSpexit.
3204 1999 3270 2053 Ut
3296 2016 3418 2054 vero
3441 2003 3823 2058 Sodomitarum
3863 2012 4001 2076 regio

2450 2081 2656 2135 incensa
2687 2093 2764 2136 est
2784 2125 2796 2147 ,
2826 2095 2879 2138 et
2906 2085 3001 2138 Lot
3029 2088 3077 2139 in
3106 2099 3332 2142 montem
3366 2107 3421 2144 se
3462 2095 3711 2158 contulit,
3743 2111 4002 2165 concepe-

2450 2182 2570 2223 runt
2600 2189 2661 2225 ex
2696 2175 2784 2228 illo
2828 2176 2945 2228 dua:
2973 2178 3088 2230 ﬁliae
3115 2180 3228 2246 ejus
3255 2220 3268 2243 ,
3301 2189 3351 2234 et
3382 2183 3545 2250 major
3587 2187 3785 2253 peperit
3819 2188 3998 2251 Moab,

2444 2259 2620 2327 junior
2644 2277 2770 2315 vero
2810 2265 3032 2316 Ammon
3085 2283 3097 2316 :
3144 2268 3336 2319 coitum
3381 2285 3505 2324 vero
3549 2287 3666 2324 cum
3707 2283 3855 2342 patre
3903 2291 3992 2344 per

2450 2350 2715 2404 ebrietatis
2741 2352 2973 2406 fraudem
3002 2367 3336 2424 consequutze
3365 2369 3505 2422 sunt,
3553 2365 3804 2429 putabant
3861 2368 3994 2418 enim

2449 2455 2613 2507 genus
2660 2442 2942 2497 humanum
2970 2444 3242 2500 defecisse.
3267 2448 3628 2519 Peregrinalus
3653 2464 3732 2507 est
3763 2457 3812 2507 in
3843 2456 3997 2510 Cera-

2450 2529 2523 2580 ris
2552 2530 2834 2596 Abraham,
2868 2543 2919 2585 et
2949 2534 3247 2589 Ahimelech
3293 2553 3383 2590 rex
3432 2538 3747 2596 Gerarorum
3814 2542 3994 2597 Saram

2447 2621 2681 2688 accepit:
2721 2623 2827 2675 Deo
2849 2634 3019 2677 autem
3052 2626 3220 2679 minas
3259 2628 3308 2680 in
3341 2629 3507 2696 ipsum
3538 2631 3852 2692 intentante,
3885 2650 3996 2686 sese

2445 2709 2699 2777 purgabat
2728 2711 2813 2764 ille
2839 2711 3033 2777 dicens,
3065 2726 3274 2781 putasse
3306 2718 3573 2771 mulierem
3599 2719 3733 2772 illam
3761 2735 3996 2774 sororem

2445 2799 2556 2864 ejus
2584 2814 2699 2852 esse
2728 2817 2741 2851 :
2772 2802 2847 2853 sic
2867 2804 3003 2854 enim
3028 2804 3136 2870 ipsa
3157 2805 3375 2858 dixerat.
3409 2806 3652 2860 Reddidit
3686 2823 3810 2860 vero
3858 2809 3993 2860 illam

2445 2885 2668 2938 Abraha:
2693 2901 2810 2939 cum
2843 2889 3012 2942 donis.
3040 2891 3185 2944 Tunc
3231 2904 3506 2961 postquam
3557 2896 3758 2949 reddita
3809 2899 3992 2960 fuerat,

2445 2975 2643 3040 peperit
2666 2973 2909 3028 lsaacum.
2941 2977 3092 3044 Ejicit
3115 2989 3284 3031 autem
3308 2981 3462 3034 domo
3481 2983 3721 3036 ancillam
3750 3001 3871 3037 cum
3897 2988 3994 3036 ﬁlio

2445 3062 2555 3123 ejus
2587 3062 2823 3117 lsmaele.
2854 3064 3154 3119 Abimelech
3173 3082 3329 3136 porro
3348 3070 3538 3137 pepigit
3553 3085 3670 3124 eum
3699 3073 3996 3127 Abrahamo

2447 3146 2634 3213 ltedus,
2668 3162 2723 3202 ut
2753 3152 2881 3204 nihil
2901 3153 3104 3221 injuriae
3133 3155 3269 3208 inter
3297 3171 3387 3209 eos
3414 3158 3806 3212 intercederet:
3837 3172 3893 3215 et
3915 3176 3995 3214 ac-

2445 3241 2569 3308 cipit
2598 3241 2682 3295 ille
2711 3252 2911 3310 septem
2937 3259 3094 3312 agnas
3126 3246 3190 3298 ab
3218 3246 3530 3313 Abrahamo,
3562 3249 3612 3302 in
3641 3251 3992 3303 testimOnium

2444 3333 2583 3399 putei
2607 3332 2906 3399 juramenti,
2941 3345 2993 3386 ut
3025 3337 3192 3402 palam
3232 3346 3372 3391 esset
3413 3339 3554 3390 illum
3584 3340 3808 3393 Abrahae
3857 3355 3991 3394 esse.

2442 3421 2659 3474 .lubetur
2688 3423 2950 3476 Abraham
2993 3425 3153 3478 filium
3177 3427 3368 3481 offerre
3415 3429 3468 3481 in
3516 3428 3902 3495 holocaustum,
3945 3443 3994 3487 et

2443 3511 2614 3576 oﬁ‘ert,
2648 3514 3046 3584 immolaturque
3085 3516 3221 3570 aries
3247 3531 3340 3583 pro
3364 3532 3447 3572 eo.
3491 3518 3612 3573 llaec
3651 3535 3805 3587 porro
3835 3522 3992 3590 ﬁgura

2442 3611 2590 3654 erant
2613 3604 2919 3656 oeconomiae
2943 3620 3098 3672 quam
3139 3620 3234 3674 pro
3257 3607 3409 3660 nobis
3461 3607 3860 3676 dispensaturns
3883 3623 3992 3666 erant

2443 3688 2700 3743 Christus.
2729 3690 2944 3744 Moritur
2973 3692 3103 3747 Sara
3129 3735 3143 3759 ,
3175 3703 3226 3746 et
3251 3705 3426 3762 empto
3470 3695 3584 3749 loco
3620 3697 3884 3751 Abraham
3927 3703 3992 3753 ab

2443 3778 2688 3848 Ephrone
2713 3780 2967 3846 Chettteo,
2993 3781 3092 3833 illic
3120 3796 3333 3836 uxorem
3369 3784 3575 3851 sepelit,
3595 3785 3854 3854 mittitque
3879 3802 3992 3840 ser-

2442 3882 2581 3930 vum,
2616 3877 2672 3920 ut
2697 3883 2910 3921 uxorem
2932 3868 3084 3922 ducat
3107 3870 3283 3924 lsaaco
3303 3887 3365 3925 ex
3392 3872 3788 3941 MesOpotamia,
3818 3877 3989 3942 pra'ci

2442 3956 2588 4023 piens
2613 3971 2676 4010 ne
2697 3956 2855 4008 ﬁlium
2883 3971 3034 4010 suum
3057 3957 3143 4010 illo
3165 3958 3340 4025 ducat,
3369 3960 3412 4013 si
3440 3960 3665 4013 noluerit
3688 3962 3879 4015 mulier
3900 3978 3988 4016 ve-

2439 4045 2570 4098 nire.
2606 4045 2668 4100 Ut
2695 4054 2867 4099 autem
2896 4046 3037 4098 venit
3055 4060 3239 4101 servus
3266 4048 3315 4100 in
3347 4048 3526 4102 urbem
3544 4048 3821 4113 Nachoris,
3849 4053 3986 4104 etsi-

2436 4151 2591 4204 gnum
2609 4137 2771 4203 petiit,
2786 4150 2888 4204 quo
2899 4135 3149 4204 virginem
3167 4138 3432 4204 agniturus
3444 4147 3556 4191 erat
3571 4154 3584 4189 :
3598 4139 3801 4207 signum
3815 4149 3984 4195 autem

2437 4223 2560 4275 illud
2588 4233 2719 4287 erat,
2748 4225 2791 4275 si
2824 4225 3080 4289 prteberet
3099 4224 3183 4276 illa
3217 4225 3314 4277 sibi
3350 4236 3402 4276 et
3429 4226 3642 4278 camelis
3666 4227 3776 4279 suis
3801 4243 3984 4297 aquam

2433 4310 2497 4361 ad
2521 4310 2802 4362 bibendum
2829 4326 2841 4360 :
2867 4311 2973 4362 exit
2994 4310 3229 4364 Rebecca
3252 4310 3356 4364 ﬁlia
3385 4312 3649 4367 Bathuelis
3667 4315 3754 4368 ﬁlii
3782 4316 3982 4370 Nacho-

2434 4398 2507 4450 ris
2540 4415 2551 4447 :
2581 4397 2787 4450 Nachor
2814 4411 2936 4450 vero
2973 4397 3136 4451 frater
3172 4407 3284 4452 erat
3325 4400 3565 4455 Abrahte.
3604 4401 3736 4457 Cum
3758 4405 3983 4460 dedisset

2433 4496 2604 4540 autem
2632 4486 2739 4554 ipsa
2772 4487 2843 4539 illi
2870 4498 2922 4540 et
2941 4489 3153 4541 camelis
3169 4490 3276 4541 suis
3299 4499 3568 4557 potum,et
3596 4492 3814 4548 dixisset
3842 4497 3983 4564 cujus

2435 4585 2571 4628 esset
2599 4577 2721 4640 ﬁlia,
2757 4577 3037 4630 introducit
3076 4579 3243 4630 virum
3273 4589 3325 4631 et
3369 4579 3592 4648 hospitio
3633 4585 3840 4652 accipit.
3888 4585 3979 4639 Ubi

2434 4665 2562 4718 dixit
2603 4667 2690 4720 ille
2714 4668 2860 4734 cujus
2887 4669 2960 4721 rei
3010 4683 3162 4722 causa
3194 4669 3436 4734 venisset,
3468 4680 3520 4725 et
3549 4673 3782 4738 petiisset
3811 4684 3866 4729 ut
3887 4675 3978 4729 sibi

2435 4757 2726 4810 traderetur
2764 4758 2955 4825 puella,
2997 4759 3046 4810 id
3081 4757 3295 4826 virginis
3323 4760 3536 4814 arbitrio
3578 4776 3819 4830 parentes
3861 4765 3978 4818 reli-

2432 4853 2669 4910 querunt.
2714 4845 2853 4897 Illam
2899 4855 3212 4899 annuentem
3253 4862 3524 4903 assumens
3551 4865 3732 4906 servus
3774 4854 3976 4908 absces-

2431 4933 2498 4985 sit
2556 4951 2567 4984 :
2619 4933 2814 5000 fuitque
2856 4933 2940 4984 illa
2984 4948 3114 4987 uxor
3156 4935 3336 4990 lsaaei.
3370 4938 3498 4992 Sara
3532 4940 3796 5000 defuncta,
3841 4941 3975 4994 ducit

2431 5019 2689 5072 Abraham
2738 5035 2955 5073 uxorem
2985 5022 3311 5088 Chetturam,
3347 5036 3399 5080 et
3443 5029 3591 5090 ﬁlios,
3628 5044 3760 5097 quos
3802 5045 3864 5082 cx
3892 5030 3972 5083 illa

2430 5119 2750 5175 susceperat,
2779 5112 3040 5176 separavit
3078 5113 3143 5166 ab
3171 5115 3366 5180 lsaaeo,
3397 5118 3695 5171 muneribus
3724 5118 3972 5174 allectos:

2430 5214 2583 5266 opum
2609 5214 2732 5251 vero
2778 5213 2987 5252 suarum
3017 5201 3264 5258 heredem
3297 5205 3418 5258 fecit
3465 5206 3721 5269 lsaacum,
3753 5216 3806 5260 et
3838 5224 3974 5262 mor-

2431 5298 2546 5342 tuus
2575 5298 2670 5340 est.
2698 5288 2789 5340 llic
2817 5301 3160 5344 recensentur
3201 5296 3406 5345 nomina
3456 5293 3677 5346 ﬁliorum
3702 5294 3935 5352 lsmaelis
3957 5340 3971 5361 ,

2429 5379 2511 5444 qui
2535 5377 2778 5429 habitavit
2801 5377 2864 5431 ab
2883 5379 3047 5432 Evilat
3068 5396 3230 5449 usque
3251 5381 3313 5433 ad
3333 5382 3450 5434 Sur.
3465 5379 3594 5433 Cum
3619 5382 3860 5438 Rebecca
3877 5397 3972 5440 stc-

2488 5470 2556 5527 (a)
2589 5468 2728 5531 Filius
2744 5469 2826 5531 Dei
2851 5473 2929 5530 qui
2956 5472 3015 5518 ab
3039 5474 3262 5520 Abraham
3289 5482 3518 5530 exceptus
3539 5483 3630 5531 est,
3651 5481 3875 5526 Dominus
3895 5490 3971 5526 vo-

2427 5537 2556 5589 catur
2573 5528 3072 5587 IIomilJﬁiu—Genesw
3094 5540 3220 5578 ‘t‘om.
3245 5533 3323 5589 IV,
3349 5528 3437 5580 cel.
3462 5535 3567 5583 587.
3599 5528 3665 5585 tie
3691 5536 3878 5586 ﬁliabus
3899 5545 3910 5585 1
3929 5546 3970 5588 ut

2428 5587 2541 5634 intra
2571 5589 2727 5680 [nimiis
2753 5589 2961 5680 (ἰητἱῆῗέ
2976 5605 3096 5680 'quae
3117 5587 3327 5652 pluribus
3360 5604 3575 5643 enarrata
3600 5607 3715 5647 sunt
3739 5599 3901 5646 ttomd.
3929 5587 3970 5646 in

2436 5656 2586 5680 linum;
2620 5679 2623 5680 ,
2713 5661 2767 5680 m.
2839 5652 2848 5680 ι

2436 5656 2602 5694 Cenes.
2619 5647 2692 5705 ll,
2713 5646 2798 5694 eoi.
2831 5646 3042 5698 llo-ili.
