4152 6324
187 357 290 413 319

181 471 334 527 αὐτοῦ
369 470 515 534 Λὼτ,
565 469 656 523 καὶ
681 468 891 538 ἔρχεται
919 468 996 532 είς
1025 469 1266 541 Χαρράν,
1298 470 1621 539 προθέμενος
1643 465 1720 528 είς

179 561 269 629 τὴν
321 559 636 612 Χαναναίων
697 558 886 620 ἐλθεῖν,
928 559 1018 610 καὶ
1067 559 1417 618 ἀποθανόντος
1461 555 1620 608 αὑτοῦ
1665 557 1720 605 ἐν

181 648 387 716 Χαρρᾷ,
424 646 805 714 προστάττεται
838 646 938 697 ὑπὸ
972 645 1061 696 τοῦ
1101 645 1232 696 Θεοῦ
1273 645 1516 714 Ἀϐραὰμ
1550 659 1720 710 μετοι-

183 736 338 804 κῆσαι
361 734 468 786 ἀπὸ
497 735 734 804 Χαρρἇν,
768 733 859 786 καὶ
882 729 1039 803 ἦλθεν
1069 735 1145 795 είς
1179 734 1353 801 Συχὲμ
1376 733 1470 800 τῆς
1485 732 1583 799 γῆς
1612 732 1718 780 Χα-

179 825 328 877 ναάν.
367 823 474 876 Καὶ
495 819 641 875 εἶπεν
692 821 837 890 αὐτῷ
865 824 891 874 6
933 822 1078 885 Θεὸς,
1131 821 1208 889 τῷ
1247 821 1513 888 σπέρματι
1556 816 1716 870 αὑτοῦ

173 911 363 964 δώσειν
382 911 477 979 τὴν
503 911 620 980 γῆν.
645 911 750 962 Καὶ
771 910 1107 979 ᾠκοδόμησεν
1151 908 1394 975 Ἀϐραὰμ
1431 907 1712 973 θυσιαστή-

185 1019 290 1071 ριον
313 1001 388 1070 τῷ
415 1000 530 1069 Θεῷ
551 1039 565 1063 ,
593 1001 689 1052 καὶ
720 999 879 1068 ἔπηξε
904 1001 1000 1070 τὴν
1030 999 1227 1067 σκηνὴν
1257 996 1415 1049 αὑτοῦ
1441 997 1579 1048 κατὰ
1624 995 1716 1046 θά-

182 1091 398 1146 λασσαν.
434 1091 721 1161 Γενομένου
753 1091 807 1142 δὲ
836 1090 1010 1158 λιμοῦ,
1037 1088 1303 1142 κατελθὼν
1345 1090 1421 1149 είς
1451 1087 1715 1153 Αἴγυπτον

179 1179 614 1250 παραγγέλλειτῇ
644 1181 855 1248 γυναικὶ
882 1179 1040 1231 αὑτοῦ
1075 1180 1264 1237 εἰπεῖν,
1296 1179 1375 1229 ὅτι
1408 1175 1605 1244 ἀδελφὴ
1627 1175 1716 1225 αύ-

176 1269 266 1322 τοῦ
291 1270 398 1338 εἴη.
430 1271 534 1322 Καὶ
560 1270 732 1322 λαϐὼν
765 1268 928 1337 αὐτὴν
960 1266 1173 1336 Φαραὼ,
1209 1267 1298 1319 καὶ
1343 1265 1579 1325 ἐτασθεὶς
1614 1264 1714 1314 ὑπὸ

181 1358 265 1412 τοῦ
291 1358 448 1419 Θεοῦ,
476 1357 652 1411 δίδωσι
671 1359 747 1428 τῷ
782 1357 1042 1427 Ἀϐραάμ.
1067 1357 1451 1426 Μαχεσθέντων
1470 1356 1574 1407 τῶν
1600 1370 1715 1406 ποι-

176 1448 350 1514 ’μένων
382 1445 475 1497 τοῦ
538 1445 780 1514 Ἀϐραὰμ
829 1444 918 1496 καὶ
975 1444 1065 1496 τοῦ
1109 1445 1224 1494 Λὼτ
1277 1443 1407 1512 πρὸς
1436 1441 1710 1509 ἀλλήλους,

173 1537 422 1588 διείλοντο
450 1535 546 1597 τὰς
576 1537 829 1602 οίκήσεις.
851 1536 957 1587 Καὶ
989 1537 1015 1586 6
1047 1535 1142 1603 μὲν
1168 1532 1286 1584 Λὼτ
1316 1532 1470 1582 ἔλαϐε
1497 1531 1590 1599 τὴν
1617 1532 1712 1581 Σο-

177 1625 437 1692 ὼμηνῶν,
477 1626 510 1676 6
541 1623 594 1675 δὲ
641 1623 886 1691 Ἀϐραὰμ
917 1623 1048 1690 πρὸς
1072 1624 1136 1689 τῇ
1179 1618 1294 1688 δρυῒ
1333 1620 1396 1686 τῇ
1434 1617 1658 1688 Μαμϐρὶ
1682 1629 1706 1655 α

181 1711 508 1782 κατῴκησεν,
537 1713 858 1780 ἐπαγγελίας
897 1727 956 1762 τε
1010 1709 1165 1762 έλαϐε
1213 1708 1371 1761 πάλιν
1434 1707 1578 1774 παρὰ
1616 1706 1707 1757 τοῦ

181 1803 323 1865 Θεοῦ,
355 1805 448 1854 καὶ
475 1804 552 1854 ὅτι
586 1805 661 1864 είς
694 1801 891 1870 πλῆθος
921 1798 1167 1851 ἐπιδώσει
1200 1797 1359 1850 αὑτοῦ
1387 1795 1444 1846 :6
1471 1796 1700 1864 σπέρμα,

181 1894 266 1944 καὶ
309 1893 391 1944 ὅτι
439 1891 826 1960 κληρονομήσει
872 1887 968 1958 τὴν
1019 1888 1141 1956 γῆν.
1207 1887 1268 1938 '0
1321 1884 1706 1953 Χοδολαγομὸρ,

181 1982 355 2050 ἐπειδὴ
392 1982 699 2048 ἀπέστησαν
730 1977 891 2030 αὑτοῦ
939 1978 987 2029 οῖ
1046 1977 1201 2028 πέντε
1262 1975 1490 2043 βασιλεῖς
1537 1977 1584 2024 οἱ
1611 1974 1707 2041 τῆς

181 2069 496 2138 Σοδομηνῆς,
525 2066 856 2128 δουλεύοντες
883 2064 1028 2134 αὑτῷ
1075 2065 1353 2133 πρότερον,
1386 2061 1710 2131 παραλαϐὼν

178 2157 385 2226 ἑτέρους
436 2155 664 2223 βασιλεῖς
705 2155 868 2222 τρεῖς,
899 2151 1320 2221 ἐπεστράτευσεν
1388 2155 1584 2213 αὐτοῖς,
1619 2152 1708 2203 καὶ

178 2244 579 2314 τροπωσάμενος
609 2241 793 2294 ἐλαϐεν
839 2240 1219 2309 αίχμαλώτους·
1257 2243 1314 2294 ἐν
1363 2238 1440 2302 οἷς
1467 2238 1530 2308 ἦν
1558 2243 1647 2292 καὶ
1677 2242 1704 2291 6

179 2332 308 2384 Λώτ.
349 2334 408 2384 '0
433 2332 488 2384 δέ
528 2330 771 2399 Ἀϐραὰμ
807 2329 1059 2394 ἀκούσας,
1112 2329 1203 2380 καὶ
1224 2331 1317 2380 σὺν
1366 2332 1473 2390 τοῖς
1503 2331 1705 2394 οἰκογε-

176 2426 310 2474 νέσιν
338 2421 499 2474 αὐτοῦ
529 2421 848 2491 τριακοσίοις
872 2418 1142 2472 δεκαοκτὼ
1189 2418 1535 2483 καταδιώξας,
1570 2418 1703 2481 ἐξεί-

179 2512 288 2563 λετο
313 2511 402 2562 τὸν
429 2508 733 2576 ἀδελφιδοῦν
767 2508 901 2577 μετὰ
927 2509 1022 2576 τῆς
1051 2508 1212 2560 ἵππου
1256 2508 1343 2559 καὶ
1370 2507 1474 2560 τῶν
1527 2523 1706 2574 γυναι-

179 2600 298 2653 κῶν·
353 2601 448 2653 καὶ
502 2598 576 2668 τῷ
631 2599 726 2668 μὲν
755 2599 1076 2666 Μελχισεδὲκ
1129 2599 1473 2666 εύλογήσαντι
1526 2597 1701 2662 αὑτὸν,

178 2691 497 2757 ἐξενεγκόντι
529 2690 722 2758 ἄρτους
763 2704 819 2738 τε
849 2687 941 2738 καὶ
963 2684 1119 2750 οἶνον,
1147 2689 1372 2756 δεκάτην
1400 2688 1583 2739 ἔδωκε.
1620 2689 1708 2737 Διό

177 2796 329 2848 φησιν
352 2782 378 2831 6
410 2777 614 2838 Παῦλος
643 2778 700 2829 ἐν
718 2779 781 2845 τῇ
804 2776 936 2845 πρὸς
969 2776 1264 2845 Ἐϐραίους,
1290 2778 1368 2827 ὃτι
1396 2776 1504 2826 Καὶ
1521 2773 1706 2842 ὀβξὶυ]

179 2868 343 2931 Λευίς
369 2869 401 2918 ό
418 2864 665 2927 δεκάτας
688 2863 998 2930 λαμϐάνων
1016 2863 1411 2914 δεδεκάτωται.
1461 2861 1593 2911 Ὑπὸ
1616 2859 1706 2910 τοῦ

179 2955 427 3023 βασιλέως
478 2956 720 3025 Σοδόμων
761 2953 1122 3024 παρακληθεὶς
1156 2950 1250 3020 τὴν
1303 2951 1463 3001 ἵππον
1508 2948 1705 3009 λαϐεῖν,

178 3049 269 3100 οὐκ
293 3049 596 3100 ἐπένευσεν·
640 3046 768 3099 Ἵνα
783 3044 865 3111 μὴ
893 3043 1081 3108 stunc,
1112 3042 1441 3110 φησὶν,ἘΊὼ
1454 3037 1709 3089 πεπλού-

183 3154 317 3205 τηκα
351 3137 460 3190 τὸν
486 3134 747 3202 Ἀϐραάμ.
771 3131 899 3185 Τότε
926 3130 1016 3183 τοῦ
1049 3130 1178 3182 Θεοῦ
1208 3129 1342 3198 πρὸς
1358 3125 1706 3180 αὑτὸνείπὸν-

180 3244 278 3290 τος,
297 3229 376 3280 ὅτι
403 3226 465 3278 '0
480 3225 693 3293 μισθός
724 3238 838 3276 σου
859 3221 1050 3284 πολὺς
1062 3220 1249 3279 ἔσται,
1273 3216 1591 3285 ἀποδύρεται
1612 3216 1708 3282 τὴν

181 3316 440 3369 ἀπαιδίαν·
481 3316 571 3368 καὶ
599 3312 778 3366 ἀκούει
819 3311 995 3372 πάλιν,
1028 3311 1107 3362 ὅτι
1139 3311 1166 3360 6
1219 3308 1277 3372 ἐξ
1308 3306 1468 3357 αὑτοῦ
1501 3305 1708 3368 ἐξελευ-

183 3406 393 3476 σόμενος
424 3405 809 3474 κληρονομήσει
847 3400 1004 3455 αὐτὸν
1026 3441 1041 3465 ,
1100 3399 1191 3451 καὶ
1217 3397 1276 3448 τὸ
1314 3397 1528 3464 σπέρμα
1550 3393 1708 3445 αὑτοῦ

182 3495 319 3549 ἐσται
347 3497 424 3557 ώς
443 3495 508 3547 τά
538 3495 707 3564 ἀστρα
720 3493 810 3545 τοῦ
837 3489 1080 3560 ούρανοῦ,
1127 3487 1382 3540 Ἐνταῦθα
1419 3489 1588 3538 κεῖται
1627 3485 1706 3547 τὸ,

193 3587 571 3640 Ἐπίστευσεν
595 3582 833 3650 Ἀϐραὰμ
859 3580 933 3644 τῷ
964 3579 1100 3643 Θεῷ,
1133 3579 1226 3632 καί
1248 3578 1525 3644 ἐλογίσθη
1555 3573 1710 3638 αὐτῷ

183 3677 258 3738 εἰς
282 3674 691 3738 δικαιοσύνην.
725 3672 802 3724 Τά
843 3670 1235 3738 διχοτομήματα
1261 3669 1418 3726 ποιεῖ,
1454 3667 1544 3717 καὶ
1580 3682 1710 3733 μανι

183 3764 313 3817 θάνει
339 3765 424 3816 ὅτι
451 3763 702 3832 πάροικον
754 3759 899 3811 ἐσται
938 3757 997 3810 :6
1026 3757 1240 3827 σπέρμα
1272 3755 1432 3807 αὑτοῦ
1458 3794 1472 3818 ,
1513 3755 1602 3805 καὶ
1629 3754 1708 3804 ὅτι

185 3854 308 3920 μετὰ
335 3853 507 3905 ταῦτα
545 3850 994 3917 ἀπαλλαγήσεται,
1046 3845 1180 3914 μετὰ
1226 3845 1283 3896 τὸ
1317 3843 1709 3911 ταπεινωθῆναι

182 3941 263 4010 ιτη
283 3941 628 4011 τετρακόσια,
653 3941 832 4011 Σάρρα
860 3940 915 3990 δέ
941 3938 1058 3989 ἐπεὶ
1090 3937 1269 4004 στεῖρα
1294 3930 1383 4002 ἦν,
1417 3934 1591 3985 δίδωσι
1612 3933 1709 4000 τὴν

186 4033 348 4102 ’Δγαρ
373 4031 456 4100 τῷ
494 4030 769 4100 Ἀϐραὰμ,
822 4029 907 4080 ἵνα
958 4027 1393 4094 παιδοποιήσηται
1427 4024 1482 4088 ἐξ
1520 4024 1704 4092 αὐτῆς.

192 4119 342 4181 Ὠςδὲ
373 4117 557 4179 ἐκύει,
606 4117 814 4188 ἐπήρθη
868 4113 1006 4168 κατά
1046 4113 1144 4182 τῆς
1175 4112 1362 4180 κυρίας
1409 4111 1590 4179 αὐτῆς·
1620 4112 1709 4162 καὶ

183 4210 376 4262 δίδωσιν
403 4210 572 4278 αὐτὴν
601 4211 666 4277 τῇ
697 4208 877 4277 Σάρρᾳ
909 4209 938 4260 6
979 4203 1398 4275 Ἀϐραὰμ.ὦστε
1426 4201 1623 4270 ἀμῦναι
1643 4203 1706 4269 τῇ

186 4299 322 4368 ὕϐρει
358 4303 424 4368 τῇ
443 4299 655 4366 ἐαυτῆς.
681 4298 744 4348 Ἡ
770 4297 825 4348 δέ
854 4296 1155 4349 κακωθεῖσα
1174 4295 1387 4362 ὑπὸτῆς
1410 4293 1708 4361 δεσποίνης,

185 4390 375 4460 ἀπέδρα
407 4389 514 4442 ἀπὸ
542 4389 636 4458 τῆς
655 4389 848 4453 οἰκίας,
890 4387 982 4441 καὶ
1035 4387 1305 4438 κελεύεται
1344 4387 1446 4438 ὑπὸ
1482 4385 1708 4452 ἀγγέλου

186 4480 576 4550 ἀποστραφῆναι
632 4479 764 4547 πρὸς
806 4477 900 4546 τὴν
937 4477 1126 4545 κυρίαν
1156 4475 1339 4542 αὐτῆς·
1372 4473 1626 4542 λαμϐάνει
1652 4489 1709 4522 τε

186 4566 520 4636 ῖπαγγελίαν,
548 4569 628 4621 ὅτι
654 4568 712 4620 :6
751 4567 968 4636 σπέρμα
1001 4566 1165 4634 αὐτῆς
1196 4563 1442 4616 ἐπιδώσει
1471 4565 1546 4624 είς
1575 4563 1710 4629 πλῆ-

188 4669 282 4736 θος,
303 4674 392 4725 καὶ
411 4673 580 4740 ὄνομα
601 4671 678 4741 τῷ
699 4671 888 4741 παιδίῳ
922 4672 1046 4741 πρὶν
1087 4671 1122 4738 ἢ
1147 4671 1393 4738 τεχθῆναι
1416 4669 1710 4738 ἐπιτίθησιν

188 4773 210 4822 6
231 4773 468 4840 ἄγγελος,
507 4772 723 4842 Ἰσμαὴλ
745 4773 903 4827 αὑτὸν
924 4772 1115 4825 καλῶν.
1145 4773 1410 4841 Ἐτεκενή
1434 4774 1607 4841 Ἀγαρ
1623 4771 1711 4824 τὸν

197 4877 423 4948 Ἰσμαῆλ,
469 4879 561 4931 καὶ
602 4877 842 4946 Ἀϐραὰμ
881 4875 1013 4928 ἐτῶν
1061 4877 1376 4944 ἐνενήκοντα
1415 4877 1565 4928 ἐννέα
1586 4894 1712 4945 μετ-

189 4977 498 5048 ωνομάζετο.
544 4979 734 5031 Οὐκέτι
774 4979 880 5047 γὰρ
927 4979 1159 5048 ’Δϐραμ,
1201 4973 1331 5029 ἀλλὰ
1373 4977 1615 5046 Ἀϐραὰμ
1656 4981 1710 5030 ἐ-

189 5081 365 5151 κλήθη.
389 5081 679 5134 Κελεύεται
710 5081 810 5133 ὑπὸ
838 5080 926 5132 τοῦ
966 5081 1096 5132 Θεοῦ
1136 5079 1524 5149 περιτμηθῆναι
1552 5081 1710 5142 αὐτὸς

191 5184 508 5253 πανοικεσίᾳ.
541 5183 648 5235 Kal
675 5183 738 5235 :6
756 5182 852 5251 τῆς
885 5182 1059 5250 Σάρας
1091 5182 1255 5251 ὄνομα
1284 5183 1580 5250 ἀμείϐεται,
1619 5183 1711 5236 καὶ

191 5283 410 5335 καλεῖται
435 5283 638 5351 Σάρρα.
664 5282 771 5333 Καὶ
796 5281 1055 5348 λαμϐάνει
1084 5280 1316 5349 περὶτοῦ
1352 5280 1526 5332 Ἰσαὰκ
1545 5283 1713 5347 ἐπαγ-

189 5369 350 5430 γελίαν
377 5372 404 5420 6
437 5370 702 5438 Ἀϐραάμ.
741 5367 1102 5432 Ἐπιφαίνεται
1144 5372 1217 5437 τῷ
1249 5368 1494 5438 Ἀϐραὰμ
1532 5365 1562 5419 6
1591 5363 1719 5433 Υίδς

248 5527 496 5589 [Μαμϐρπή
540 5526 808 5589 Iegilurjn
846 5525 1066 5574 Homi'ils
1097 5526 1144 5574 in
1170 5528 1414 5576 Genesim.
1443 5529 1537 5576 Sed
1570 5544 1711 5589 quam

197 5581 330 5634 Mli:
348 5581 410 5636 ιίι
428 5581 852 5635 ῡαῐυιιῐνοσιιίυω
873 5603 904 5643 η
937 5592 988 5634 et
1009 5604 1023 5634 ι
1047 5590 1351 5636 commulatio
1374 5602 1516 5639 nemo
1538 5581 1706 5638 uéscil.

1258 352 1585 410 SYNOPSIS
1620 351 2026 408 SCRIPTL'RAE
2065 352 2324 408 SACRAE.

3260 370 3370 420 320

1821 466 1909 518 τοῦ
1933 467 2063 519 Θεοῦ
2094 470 2227 536 μετὰ
2254 469 2343 520 δύο
2379 471 2639 537 ἀγγέλων,
2673 471 2767 524 καὶ
2808 469 2949 539 λέγει
2991 475 3126 544 πρὸς
3172 476 3329 529 αὐτόν
3351 494 3362 506 ·

1831 554 2137 619 Ἐπαιιήξω
2169 558 2314 622 πρὸς
2340 558 2412 608 σὲ
2449 561 2596 612 κατὰ
2651 564 2752 612 τάν
2802 563 3003 627 καιρὸν
3032 564 3243 616 τοῦτον
3283 569 3366 626 είς

1816 643 1984 711 ὥρας,
2005 646 2099 698 καί
2119 647 2240 708 ἕξει
2269 648 2400 699 υίόν
2426 649 2615 714 Σάι)ρα
2636 650 2670 712 ἡ
2687 650 2834 716 γυνή
2856 667 2984 701 σου.
3007 652 3247 721 Ἀϐραὰμ
3262 653 3365 703 δεῖ·

1815 749 1903 785 ται
1931 735 2022 786 τοῦ
2056 735 2188 787 Θεοῦ
2209 737 2346 805 ὑπὲρ
2372 737 2633 804 Σοδόμων.
2660 736 2722 789 Οἱ
2757 739 2845 790 δύο
2872 740 3086 804 ἄγγελοι
3119 742 3362 809 ἔρχονται

1818 821 1947 888 πρὸς
1973 821 2059 872 τὸν
2089 820 2227 874 Λώτ.
2270 823 2606 882 Ἐπιστάντες
2637 825 2685 872 οί
2744 823 3015 886 Σοδομῖται
3070 825 3361 894 ἐπεζήτουν

1815 910 2025 970 αὐτοὺς.
2051 911 2141 962 καὶ
2173 911 2484 982 πλήττονται
2513 911 2863 981 ἀορασίᾳ.Τὸν
2884 913 2938 963 δὲ
2961 915 3078 964 Λὼτ
3113 915 3360 975 λαϐόντες

1815 1000 1860 1048 οί
1889 999 2102 1064 ἄγγελοι
2139 1001 2354 1068 ἐξῆλθον
2406 1001 2501 1068 τῆς
2551 1003 2723 1061 οἰκίας
2749 1017 2760 1028 '
2810 1002 2899 1052 καὶ
2934 1004 3089 1063 αὐτὸς
3119 1005 3214 1070 μὲν
3246 1005 3358 1071 ἅμα

1815 1090 1932 1146 ταῖς
1977 1087 2263 1156 θυγατράσι
2312 1090 2626 1150 διασώζεται
2674 1091 2750 1150 είς
2785 1091 3058 1159 Σηγώροί]
3116 1092 3168 1142 δέ
3223 1096 3355 1162 γυνὴ

1814 1173 2000 1238 γέγονε
2027 1175 2190 1244 στήλη
2225 1176 2366 1239 ἀλὸς,
2401 1175 2580 1244 ἐπειδὴ
2621 1177 2917 1244 ἀπέϐλεψεν
2948 1180 3024 1238 εἰς
3056 1179 3119 1228 τά
3165 1180 3351 1231 ὀπίσω.

1824 1262 1910 1324 Ὧς
1940 1263 1994 1314 δέ
2023 1265 2325 1335 ἐνεπρήσθη
2360 1268 2390 1334 ἡ
2423 1268 2713 1335 Σοδομηνὴ.
2748 1269 2835 1318 καὶ
2869 1269 3103 1337 ἀπῆλθεν
3156 1272 3230 1332 είς
3293 1271 3351 1322 τὸ

1811 1351 1932 1422 ὅρος
1967 1353 2105 1414 Λὼτ,
2136 1355 2225 1406 καὶ
2264 1356 2543 1407 συνέλαϐον
2576 1357 2633 1418 ἐξ
2672 1359 2828 1408 αὑτοῦ
2857 1360 2908 1409 αί
2941 1359 3228 1427 θυγατέρες
3253 1360 3348 1412 αύ-

1810 1441 1924 1502 τοῦ,
1959 1443 2107 1511 καὶὴ
2144 1443 2240 1511 μέν
2275 1447 2610 1514 πρεσϐυτέρα
2656 1447 2803 1498 ἔτεκε
2849 1449 2936 1498 τὸν
2989 1449 3176 1509 Μωάϐ,
3224 1451 3255 1517 ἡ
3295 1451 3350 1501 δὲ

1811 1531 2042 1600 νεωτέρα
2059 1532 2146 1582 τον
2187 1533 2422 1601 Ἀμμών·
2458 1536 2551 1604 τὴν
2578 1538 2631 1588 δὲ
2668 1539 2799 1605 μετά
2841 1538 2931 1588 τοῦ
2957 1540 3156 1606 πατρὸς
3209 1542 3351 1607 μίξιν

1811 1618 2037 1686 ἔκλεψαν
2068 1624 2130 1689 τῇ
2157 1621 2307 1690 μέθῃ·
2335 1621 2496 1690 ῴοντο
2525 1625 2629 1692 γὰρ
2655 1625 2713 1676 :6
2757 1625 3085 1693 ἀνθρώπινον
3123 1629 3350 1680 ἐκλελοι-

1813 1709 1968 1760 πέναι
1999 1711 2167 1776 γένος.
2197 1712 2523 1781 Παρῴκησεν
2550 1717 2603 1764 ἐν
2635 1716 2883 1781 Γεράροις
2913 1717 2939 1766 6
2978 1717 3349 1786 Ἀϐραὰμ,καὶ

1809 1797 1836 1845 6
1861 1795 2105 1864 βασιλεὺς
2145 1797 2392 1867 Γεράρων
2432 1800 2710 1868 Ἀϐιμέλεχ
2742 1801 2896 1853 ἔλαϐε
2952 1804 3050 1870 τὴν
3094 1806 3307 1875 Σάρραν
3333 1823 3346 1836 ·

1810 1883 2187 1952 ἀπειλήσαντος
2221 1886 2274 1936 δὲ
2305 1887 2449 1955 αὐτῷ
2478 1889 2566 1939 τοῦ
2595 1889 2746 1950 Θεοῦ,
2800 1889 3110 1955 ἀπελογεῖτο
3156 1893 3344 1958 λέγων,

1807 1972 2033 2040 ἀδελφὴν
2055 1973 2214 2026 αὑτοῦ
2257 1977 2588 2043 νενομικέναι
2611 1977 2705 2045 τὴν
2740 1982 2964 2043 γυναῖκα
2998 1976 3152 2032 εἶναι⁹
3205 1984 3348 2035 οὓτω

1811 2061 1914 2132 γὰρ
1942 2063 2072 2130 αὐτὴ
2091 2059 2256 2116 εἶπεν.
2286 2065 2547 2116 Ἀπέδωκε
2574 2066 2627 2116 δὲ
2649 2067 2812 2134 αὐτὴν
2841 2067 2916 2134 τῷ
2946 2067 3188 2138 Ἀϐραάμ
3213 2073 3345 2138 μετά

1807 2152 2007 2220 δώρων.
2045 2154 2171 2204 Τότε
2195 2154 2506 2204 ἀποδοθεῖσα
2536 2155 2703 2205 τίκτει
2727 2155 2814 2206 τὸν
2854 2157 3048 2207 Ἰσαάκ.
3120 2159 3342 2212 Ἑκϐἀλ-

1810 2239 1885 2290 λει
1916 2241 1968 2291 δὲ
2004 2243 2099 2309 τὴν
2153 2243 2434 2311 παιδίσκην
2471 2244 2567 2310 τῆς
2619 2244 2790 2304 οἰκίας
2843 2245 2973 2312 μετὰ
3003 2246 3090 2296 τοῦ
3140 2249 3346 2300 παιδίου

1820 2331 2057 2398 Ἰσμαήλ.
2109 2333 2161 2384 '0
2182 2333 2236 2384 δὲ
2272 2333 2548 2400 Ἀϐιμέλεχ
2574 2332 2773 2383 τίθεται
2804 2333 2935 2401 πρὸς
2961 2335 3046 2385 τὸν
3102 2337 3344 2405 Ἀϐραὰμ

1806 2417 2080 2487 διαθήκην,
2110 2420 2244 2471 ὥστε
2277 2421 2348 2489 μὴ
2397 2421 2644 2490 ἀδικῆσαι
2693 2422 2965 2491 ἀλλήλους,
2998 2424 3085 2474 καὶ
3137 2425 3345 2491 λαμϐά-

1804 2524 1880 2559 νει
1910 2508 2043 2559 ἐπτά
2075 2510 2307 2577 ἀμνάδας
2339 2511 2486 2578 παρὰ
2521 2511 2610 2561 τοῦ
2649 2511 2909 2578 Ἀϐραὰμ,
2945 2513 3022 2570 είς
3058 2512 3345 2581 μαρτύριον

1803 2592 1894 2643 τοῦ
1951 2595 2177 2661 φρέατος
2225 2595 2314 2645 τοῦ
2371 2596 2650 2662 ὁρκισμοῦ,
2718 2592 2873 2666 ἴναῇ
2935 2595 3196 2662 δῆλονὸτι
3252 2599 3345 2649 τοῦ

1817 2680 2061 2746 Ἀϐραάμ
2083 2681 2212 2730 ἐστι.
2238 2680 2524 2730 Κελεύεται
2553 2681 2836 2747 ἀνενέγκαι
2869 2682 2956 2733 τὸν
2985 2685 3097 2735 υἱὸν
3132 2687 3209 2746 είς
3235 2686 3346 2737 ὁλο-

1808 2767 2104 2834 κάρπωσιν,
2136 2769 2225 2819 καὶ
2272 2769 2613 2836 ἀναφέρεται,
2645 2771 2736 2820 καὶ
2769 2771 3022 2836 σφάζεται
3058 2773 3204 2841 κριὸς
3234 2774 3345 2825 ἀντ’

1810 2851 1955 2923 [521]
1984 2855 2160 2906 αὑτοῦ.
2193 2856 2219 2894 δ
2253 2856 2430 2907 Ταῦτα
2458 2857 2510 2908 δέ
2554 2858 2708 2909 τύποι
2740 2855 2875 2926 ἦσαν
2920 2861 3011 2928 τῆς
3054 2861 3345 2930 μελλούσης

1805 2941 2104 3008 οἰκονομίας
2128 2942 2228 2992 ὑπὸ
2253 2943 2482 3010 Χριστοῦ
2512 2943 2772 2995 τελεῖσθαι
2814 2946 2950 3016 ύπέρ
2980 2949 3150 3016 ήμῶν.
3192 2950 3345 3000 Ἀπο·

1807 3028 2020 3096 θνήσκει
2051 3029 2249 3097 Σάρρα,
2275 3031 2365 3080 καὶ
2398 3032 2668 3098 ἀγοράσας
2687 3033 2842 3084 τόπον
2863 3035 2889 3084 6
2923 3034 3163 3103 Ἀϐραὰμ
3198 3037 3345 3105 παρὰ

1805 3115 2013 3182 Ἐφρὼν
2041 3115 2131 3166 τοῦ
2165 3118 2435 3178 Χετταίου,
2473 3119 2660 3170 θάπτει
2701 3121 2812 3171 ἐκεῖ
2836 3121 2931 3189 τὴν
2960 3127 3205 3188 γυναῖκα,
3250 3127 3344 3176 καὶ

1808 3203 2122 3268 πέμπειτὸν
2149 3203 2308 3252 παῖδα
2353 3203 2507 3254 αὑτοῦ
2538 3244 2552 3267 ,
2602 3205 2737 3256 ὥστε
2798 3208 3218 3274 μνηστεύσασθαι
3269 3213 3344 3280 τῷ

1820 3288 1998 3339 Ἰσαὰκ
2018 3292 2244 3354 γυναῖκα
2272 3291 2376 3342 ἀπὸ
2397 3292 2829 3359 Μεσοποταμίας,
2875 3296 3236 3362 παραγγείλας
3273 3301 3345 3366 μὴ

1807 3378 2134 3447 ἀποστρέψαι
2157 3379 2244 3430 τὸν
2277 3380 2387 3430 υἱὸν
2420 3380 2578 3431 αὑτοῦ
2602 3382 2730 3444 ἐκεῖ,
2756 3385 2801 3432 εἰ
2827 3384 2896 3450 μὴ
2922 3383 3156 3452 βούλοιτο
3175 3386 3346 3437 ἐλθεῖν

1805 3471 1838 3536 ἡ
1867 3468 2018 3536 γυνή.
2066 3468 2149 3529 Ὦς
2201 3469 2254 3519 δέ
2283 3464 2438 3537 ἦλθεν
2463 3471 2490 3520 6
2535 3472 2657 3530 παῖς
2711 3473 2784 3531 είς
2815 3471 2909 3540 τὴν
2943 3473 3093 3524 πόλιν
3126 3475 3343 3543 Ναχώρ,

1806 3554 1970 3605 καὶτὸ
2000 3557 2214 3622 σημεῖον
2252 3556 2437 3624 ᾔτησε,
2483 3555 2600 3606 καθ’
2626 3557 2653 3607 6
2679 3557 2870 3626 ῆμελλε
2924 3561 3203 3629 γνωρίζειν
3249 3561 3346 3629 τὴν

1809 3640 2087 3708 παρθένον·
2112 3637 2177 3709 ῆν
2199 3642 2252 3692 δέ
2291 3643 2347 3692 :6
2381 3646 2616 3710 σημεῖον,
2659 3648 2948 3714 παρασχεῖν
2973 3648 3182 3717 ἐκείνην
3202 3649 3347 3717 αὑτῷ

1805 3745 1862 3779 τε
1891 3730 1982 3780 καὶ
2007 3731 2121 3790 ταῖς
2158 3731 2413 3798 καμήλοις
2430 3731 2586 3782 αὑτοῦ
2618 3735 2772 3782 πιεῖν·
2802 3734 3347 3802 ἐξέρχεταιῬεϐἐκκα

1809 3821 1840 3887 ή
1889 3819 2124 3888 θυγάτηρ
2168 3821 2400 3889 Βαθουὴλ
2440 3821 2529 3872 τοῦ
2569 3822 2680 3873 υἱοῦ
2734 3824 2950 3893 Ναχώρ·
2985 3829 3012 3878 6
3049 3827 3104 3877 δέ
3147 3828 3346 3897 Ναχὼρ

1808 3908 2028 3975 ἀδελφὸς
2053 3906 2118 3978 ἦν
2140 3910 2229 3961 τοῦ
2271 3911 2531 3979 Ἀϐραάμ·
2585 3911 2743 3964 δοῦσά
2793 3930 2851 3963 τε
2887 3915 3031 3984 αὐτῷ
3061 3919 3199 3968 πιεῖν
3253 3920 3346 3970 καὶ

1806 4003 1923 4060 ταῖς
1955 4002 2473 4068 καμήλοις,είποῦσά
2502 4019 2578 4062 τε,
2615 4004 2751 4064 τίνος
2784 4006 2865 4072 εἴη
2912 4005 3171 4074 θυγάτηρ,
3239 4010 3346 4057 εἰσ-

1809 4088 1928 4153 ἀγει
1957 4087 2044 4140 τὸν
2073 4090 2236 4157 ἀνδρα
2284 4091 2373 4141 καὶ
2405 4089 2615 4151 ξενίζει.
2644 4093 2855 4159 Ἐπειδὴ
2877 4093 2928 4142 δὲ
2959 4088 3106 4144 εἶπεν
3126 4095 3343 4158 ἐκεῖνος,

1806 4176 1944 4237 τίνος
1973 4177 2151 4227 ἕνεκεν
2172 4173 2319 4244 ῆλθε,
2343 4180 2432 4228 καὶ
2451 4180 2567 4246 ᾔτει
2589 4178 2682 4248 τὴν
2711 4181 2868 4230 παῖδα
2899 4180 3095 4240 λαϐεῖν,
3122 4186 3184 4250 τῇ
3209 4201 3343 4252 παρ-

1810 4265 1944 4333 θένῳ
1969 4266 2064 4332 τὴν
2124 4266 2328 4334 αἵρεσιν
2365 4267 2661 4335 ἐπέτρεψαν
2707 4269 2753 4318 οἱ
2792 4271 2978 4334 γονεῖς.
3034 4269 3115 4330 Ὠς
3147 4272 3199 4321 δὲ
3243 4273 3342 4321 ἐπ-

1808 4355 2018 4405 ένευσεν
2050 4354 2248 4422 ἐκείνη,
2291 4354 2465 4406 λαϐὼν
2489 4357 2650 4424 αὐτὴν
2673 4357 2892 4424 ἀπῆλθε·
2922 4359 3011 4408 καὶ
3041 4360 3247 4423 ἐγένετο
3271 4361 3343 4429 τῷ

1809 4441 1988 4492 Ἰσαὰκ
2009 4443 2160 4510 γυνή.
2188 4443 2456 4510 Λαμϐάνει.
2483 4446 2509 4492 6
2544 4446 2783 4512 Ἀϐραὰμ
2829 4449 3055 4510 γυναῖκα
3083 4448 3178 4514 τὴν
3212 4449 3344 4497 Χετ-

1808 4530 2020 4600 τούραν,
2069 4531 2432 4599 ἀποθανούσης
2471 4534 2712 4602 Σάρρας,
2779 4535 2868 4583 καὶ
2914 4536 3033 4593 τοὺς
3076 4536 3132 4596 ἐξ
3182 4537 3344 4602 αὐτῆς

1809 4621 2120 4686 γενομένους
2151 4621 2334 4680 παῖδας
2368 4622 2731 4684 ἐξαπέστειλεν
2756 4623 2860 4672 ἀπὸ
2895 4623 3093 4673 Ἰσαὰκ.
3144 4625 3344 4689 δόματα

1809 4708 1927 4768 δοὺς
1953 4709 2146 4769 αὐτοῖς·
2167 4710 2261 4775 τῆς
2294 4709 2348 4759 δὲ
2381 4711 2562 4769 οὐσίας
2595 4709 2772 4760 Ἰσαὰκ
2802 4709 3123 4778 κληρονόμον
3160 4713 3341 4780 ἐποίη-

1812 4812 1888 4854 σε,
1946 4797 2036 4846 καὶ
2081 4796 2329 4847 ἀπέθανε.
2380 4797 2455 4847 Τὰ
2501 4798 2733 4864 ὀνόματα
2785 4799 2887 4848 τῶν
2937 4799 3062 4849 υἱῶν
3130 4801 3347 4867 Ἰσμαηλ

1810 4881 2041 4946 ἔγκειται
2065 4882 2310 4934 ἐνταῦθα·
2333 4883 2611 4950 κατῴκησε
2638 4885 2690 4934 δὲ
2721 4885 2822 4934 ἀπὸ
2845 4885 3034 4935 Eam:
3061 4886 3161 4946 ἕως
3188 4887 3341 4954 Σούρ.

1808 4971 1915 5037 Τῆς
1953 4971 2239 5031 Ῥεϐέκκας
2263 4972 2668 5040 ἐστειρωμένης,
2691 4974 3047 5025 ἐδεῖτοῚσαάκ
3077 4974 3167 5024 τοῦ
3190 4974 3342 5035 Θεοῦ,

1809 5057 1942 5107 ὥστε
1967 5060 2110 5108 κυεῖν
2152 5058 2335 5125 αὑτήν·
2387 5060 2476 5109 καὶ
2505 5061 2684 5127 ἐπειδὴ
2736 5059 2900 5121 ἐκύει,
2945 5061 3102 5127 φησὶν
3138 5061 3267 5128 αὐτῇ
3316 5063 3344 5111 6

1808 5145 1955 5208 Θεός·
1991 5148 2101 5198 Δύο
2134 5145 2272 5212 ἔθνη
2300 5147 2367 5198 ἐν
2410 5147 2480 5212 τῇ
2509 5149 2697 5212 κοιλίᾳ
2725 5163 2857 5209 σου,
2881 5148 2973 5199 καὶ
3002 5149 3146 5212 λαὸς
3193 5149 3343 5202 λαοῦ

1809 5234 2094 5300 ὑπερέξει·
2113 5234 2384 5302 προλέγων
2408 5236 2472 5286 τὰ
2499 5237 2620 5304 περὶ
2653 5237 2912 5288 Ἰουδαίων
2946 5237 3036 5287 καὶ
3059 5236 3210 5304 ήμῶν
3238 5238 3343 5288 τῶν

1804 5327 2153 5378 Χριστιανῶν.
2193 5329 2276 5380 Ὠς
2327 5330 2381 5380 δέ
2425 5332 2611 5399 ἐτέχθη
2647 5332 2712 5383 τά
2754 5334 2934 5384 παιδία
2968 5333 3056 5384 καὶ
3114 5331 3337 5401 ηὐξήθη,

1871 5471 1897 5507 b
1927 5473 2036 5518 lla-c
2073 5473 2132 5518 de
2161 5477 2663 5538 .sacrjﬁcjo_Abr:nl1:n,
2708 5481 2834 5537 qum]
2875 5487 2977 5526 erat
3002 5482 3149 5538 ﬁgura
3175 5485 3347 5536 crucis,

1811 5533 1913 5601 εἱνο
1939 5531 2234 5601 οςςςιιιοιηίιξεη
2260 5534 2451 5595 Christi,
2497 5531 2944 5598 pluribus'cxplical
2987 5531 3350 5601 CITrysuslomui

1815 5596 1944 5638 tomo
1969 5591 2045 5650 IV,
2075 5605 2121 5649 p.
2148 5593 2252 5643 478.
