4152 6324
749 337 849 388 32]

749 435 1052 487 ἀποδίίοται
1086 433 1180 486 καὶ
1206 433 1501 504 πιπράσκει
1535 434 1806 503 ἑψήματος
1835 433 2012 501 φακῆς
2059 430 2129 483 :6
2154 446 2303 498 πρω-

750 525 961 576 τοτόκια
977 523 1168 576 ἐαυτοῦ
1188 527 1215 576 6
1247 523 1413 577 Ἢσαῦ
1440 524 1517 594 τῷ
1543 523 1754 580 Ἰακώϐ.
1787 523 2115 592 Βουλόμενον
2140 520 2196 573 δὲ
2219 520 2307 572 τὸν

762 614 945 666 Ἰσαὰκ
980 615 1058 674 είς
1097 616 1364 680 Αίγυπτον
1413 611 1709 675 κατελθεῖν,
1753 611 1936 679 ἐπειδὴ
1979 608 2135 678 λιμδς
2181 624 2308 660 κατ-

754 702 936 770 ίσχυε,
987 703 1184 754 κωλύει
1227 704 1254 754 6
1307 703 1465 767 Θεὸς,
1514 700 1789 772 παραινῶν
1837 701 1962 753 ἔνθα
1996 698 2148 769 ᾤκει,
2197 699 2310 750 ἐκεῖ

754 791 953 858 μένειν,
991 791 1080 844 καὶ
1112 790 1530 860 ὑπισχνούμενος
1579 789 1794 841 ἔσεσθαι
1829 788 1942 858 μετ’
1976 785 2162 847 αὐτοῦ,
2216 785 2308 837 καὶ

751 881 1056 950 εὑλογήσειν
1089 882 1147 933 :6
1181 884 1397 952 σπέρμα
1429 881 1590 936 αὑτοῦ
1629 883 1721 934 καὶ
1769 878 2076 949 πληθυνεῖν.
2111 876 2308 930 Μαθὼν

750 972 1122 1040 δέόβασιλεὺς
1156 974 1406 1042 Γεράρων
1456 971 1762 1040 ’Λϐιμέλεχ,
1809 970 1889 1021 ὅτι
1941 969 1975 1037 ἠ
2045 964 2308 1018 Ῥεϐέκκα

751 1064 882 1131 γυνή
918 1064 1030 1113 ἐστι
1049 1063 1138 1114 τοῦ
1172 1064 1353 1114 Ἰσαὰκ
1395 1062 1736 1131 (ὑπώπτευσε
1754 1058 1861 1128 γὰρ
1887 1057 2119 1127 ἀδελφὴν
2145 1055 2305 1107 αὑτοῦ

751 1145 887 1200 εἶναι
920 1149 1149 1218 αὐτὴν),
1194 1149 1416 1202 θάνατον
1437 1150 1601 1220 ὥρισε
1633 1148 1687 1200 ετ
1716 1163 1798 1209 τις
1821 1144 2088 1214 ἐξυϐρίσει
2111 1146 2188 1205 είς
2213 1146 2308 1196 αὑ-

749 1237 866 1306 τήν.
905 1238 946 1287 Τ
949 1238 1034 1287 ότε
1063 1236 1308 1308 ἔσπειρεν
1337 1241 1363 1289 6
1398 1237 1598 1298 Ἰσαὰκ.
1638 1234 1731 1287 καὶ
1752 1226 1908 1304 εὗρεν
1931 1233 2308 1286 ἐκατοστεύου-

753 1341 850 1376 σαν
875 1325 1086 1394 κριθὴν.
1127 1325 1212 1387 Ὠς
1246 1326 1300 1377 δέ
1323 1322 1482 1394 ἦλθεν
1526 1327 1604 1387 είς
1651 1323 1877 1375 πλοῦτον
1925 1322 2092 1391 μέγαν
2115 1323 2177 1373 ἐκ
2210 1323 2308 1389 τῆς

750 1411 993 1476 εὐλογίας
1025 1410 1116 1462 τοῦ
1150 1410 1685 1479 Θεοῦ,διεφθονοῦντο
1713 1408 1859 1477 αὑτῷ
1905 1410 1952 1459 οί
1973 1406 2304 1476 Φυλιστιεὶμ,

752 1501 841 1551 καὶ
865 1500 892 1549 6
943 1500 1226 1569 ’Λϐιμέλεχ
1250 1501 1551 1570 ἀπήλαυνεν
1579 1499 1737 1551 αὑτὸν
1784 1497 2010 1550 ἐκεῖθεν.
2051 1497 2107 1548 Ὀ
2129 1496 2183 1547 δὲ
2210 1498 2306 1548 οὑκ

751 1589 1010 1658 ἠμύνατο,
1061 1588 1172 1641 ἀλλ’
1222 1587 1552 1659 ἀνεχώρησε,
1610 1589 1702 1641 καὶ
1738 1586 1910 1657 ὤρυξε
1935 1586 2160 1656 φρέατα,
2218 1585 2308 1636 καὶ

751 1679 1011 1747 ἐμάχοντο
1062 1679 1188 1747 περὶ
1229 1679 1423 1730 αὑτῶν.
1492 1678 1548 1731 Ὀ
1586 1679 1640 1731 δὲ
1685 1678 1783 1731 οὑκ
1837 1677 2144 1735 ἀνθίστατο,
2196 1674 2306 1725 ἀλλ’

750 1769 910 1836 ἕτερα
934 1769 1192 1837 ὤρυσσεν,
1223 1768 1325 1830 ἕως
1345 1762 1403 1821 o6
1439 1769 1743 1822 ἐπαύσαντο
1783 1779 1830 1821 ο.
1864 1768 1972 1819 Καὶ
2021 1765 2308 1831 εὐλόγησεν

750 1859 908 1909 αὑτὸν
929 1861 954 1908 6
983 1859 1132 1919 Θεὸς.
1181 1859 1328 1912 K616
1369 1860 1552 1911 Ἰσαάκ
1585 1859 1806 1910 ἐλθόντα
1850 1857 1984 1926 πρὸς
2012 1855 2171 1908 αὑτὸν
2221 1855 2310 1905 τὸν

764 1948 1045 2016 Ἀϐιμέλεχ
1067 1949 1282 2011 ἐδέξατο
1323 1947 1570 2016 ἁσμένως
1605 1948 1697 1998 καῖ¹
1746 1945 2030 2005 εἱστίασεν,
2084 1945 2141 1995 06
2177 1960 2309 2012 μνη-

755 2037 896 2098 σθεὶς
929 2031 1001 2090 ὧν
1045 2038 1289 2106 ἠδικήθη.
1330 2035 1554 2087 Ἔλαϐεν
1591 2038 1618 2086 6
1662 2034 1827 2086 Ἦσαῦ
1864 2033 2166 2093 Χαναναίας
2217 2050 2309 2098 γυ-

752 2127 960 2184 ναῖκας,
990 2126 1082 2176 καὶ
1104 2125 1287 2192 ῆριζον
1314 2127 1380 2191 τῇ
1422 2123 1703 2191 Ῥεϐέκκα.
1728 2123 2027 2192 Ἐγήρασεν
2058 2123 2086 2172 6
2130 2121 2309 2173 Ἰσαάκ

752 2213 845 2262 καὶ
866 2211 1253 2278 ὴμϐλυώπησε,
1283 2211 1375 2261 καὶ
1410 2210 1734 2278 προστάσσει
1759 2210 1834 2277 τῷ
1861 2211 1957 2277 υίῷ
1990 2208 2155 2260 Ἦσαῦ
2212 2209 2307 2276 θη-

756 2299 940 2370 ρεῦσαι
961 2300 1050 2350 καὶ
1093 2299 1310 2367 ποιῆσαι
1341 2299 1489 2367 αὑτῴ
1524 2299 1721 2368 ἔδεσμα
1745 2339 1758 2363 ,
1799 2299 1883 2349 ἵνα
1912 2297 2174 2366 εὑλογήσῃ
2217 2298 2312 2349 αὑ·-

751 2389 862 2440 τόν.
907 2388 962 2438 Ὀ
984 2387 1039 2438 δέ
1070 2385 1282 2449 Ἰακὼϐ,
1312 2385 1762 2455 συμπραττούσης
1797 2383 1943 2453 αὑτῷ
1974 2385 2071 2452 τῆς
2090 2383 2308 2452 μητρὸς,

754 2479 953 2545 ἔφθασε
983 2477 1072 2528 τὸν
1114 2475 1300 2528 Ἠσαῦ·
1337 2475 1582 2544 ἐψὴσασα
1613 2475 1719 2546 γάρ
1743 2475 1958 2545 ἐρίφους
1992 2473 2101 2537 δύο,
2126 2473 2218 2526 καὶ
2246 2473 2311 2524 :6

754 2565 904 2638 [ΜΞ]
931 2567 1172 2636 δέρματα
1210 2566 1386 2618 αὑτῶν
1421 2566 1702 2635 περιθεῖσα
1737 2563 1903 2633 αύτῷ,
1935 2565 2018 2615 ἵνα
2042 2564 2310 2633 ἐπικρύψῃ

752 2657 850 2727 τῆν
883 2657 1126 2726 λειότητα
1143 2656 1234 2708 τοῦ
1271 2656 1476 2720 παιδὸς,
1525 2657 1691 2708 ἔδωκε
1723 2656 1790 2708 :6
1815 2655 2083 2724 ἐδέσματα
2105 2656 2183 2716 είς
2217 2655 2312 2716 τὰς

754 2751 939 2816 χεῖρας
967 2747 1149 2809 αὑτοῦ,
1180 2749 1270 2799 καὶ
1299 2748 1641 2816 εἰσέπεμψεν.
1700 2747 1757 2799 Ὀ
1793 2745 1848 2798 δὲ
1879 2743 2130 2798 εἰσελθὼν
2156 2744 2310 2795 ἔλαϐε

753 2837 850 2899 τάς
895 2838 1159 2903 εὑλογίας.
1211 2836 1405 2888 Ἐλθὼν
1434 2837 1486 2887 δέ
1517 2840 1543 2888 6
1580 2835 1771 2896 Ἠσαῦ,
1801 2836 1892 2887 καὶ
1927 2833 2110 2905 μαθὼν
2130 2834 2187 2884 :6
2219 2851 2312 2899 γε-

755 2927 925 2994 γονὸς,
955 2927 1262 2995 ἀπωδύρετο
1287 2929 1377 2978 καὶ
1414 2927 1645 2994 ἐθρήνει,
1679 2928 1770 2978 καὶ
1791 2927 1908 2995 ᾔτει
1957 2925 2312 2994 εὑλογηθῆναι

757 3016 850 3068 καὶ
880 3016 1058 3079 αὐτὸς,
1094 3018 1184 3067 καὶ
1207 3017 1368 3084 ῆνυσε
1397 3018 1462 3085 τῇ
1492 3018 1742 3084 ἐπιμονῇ,
1764 3014 1911 3066 οὐδὲν
1950 3014 2045 3082 μὲν
2066 3014 2313 3064 τοσοῦτον

755 3106 877 3159 ὅσον
897 3107 1135 3174 ῆλπισεν·
1184 3107 1344 3174 ῆνυσε
1378 3106 1434 3158 δὲ
1482 3107 1646 3174 ὅμως.
1681 3103 1867 3172 Μικρά
1895 3104 2070 3156 τοίνυν
2097 3103 2315 3170 εὑλογη-

757 3196 868 3256 θεὶς
888 3197 1004 3248 ἀντὶ
1031 3196 1295 3264 μεγάλων,
1317 3195 1576 3265 ὠργίζετο
1603 3195 1736 3264 πρὸς
1757 3195 1847 3246 τὸν
1869 3194 2113 3260 ἀδελφὸν,
2151 3197 2314 3261 ἐμνη-

757 3289 986 3348 σικάκει,
1026 3288 1308 3355 περιέμενε
1346 3285 1435 3338 τοῦ
1463 3287 1664 3355 πατρὸς
1683 3285 1779 3356 τὴν
1807 3286 2075 3354 τελευτὴν,
2112 3285 2312 3346 ὼςτότε

757 3377 1067 3445 ἀδεέστερον
1115 3375 1505 3427 ἐπιϐουλεύσων
1545 3375 1707 3444 αὑτῷ.
1760 3374 2066 3445 Μηνύειτῷ
2126 3372 2314 3425 Ἰακὼϐ

755 3466 927 3517 ταῦτα
959 3469 989 3534 ἡ
1024 3467 1224 3536 μήτηρ,
1257 3466 1346 3518 καὶ
1372 3467 1623 3533 παραινεῖ
1647 3467 1786 3533 φυγῇ
1821 3465 1917 3534 τὴν
1938 3463 2202 3534 σωτηρίαν
2232 3464 2312 3513 εὑ-

759 3556 999 3624 ρηκέναιυ
1034 3553 1258 3604 εἰποῦσά
1311 3570 1368 3604 τε
1416 3553 1547 3621 πρὸς
1572 3556 1662 3602 τὸν
1723 3549 1941 3608 Ἰσαὰκ,
1986 3550 2064 3600 ὅτι
2091 3549 2315 3609 ἀϐίωτος

756 3645 891 3713 αὐτῇ
911 3644 1060 3694 ἔσται
1089 3646 1115 3695 6
1137 3643 1243 3711 βίος
1258 3644 1307 3704 ι),
1338 3644 1383 3693 εί
1415 3642 1507 3693 καὶ
1530 3639 1723 3692 Ἰακὼϐ
1747 3638 1851 3690 ἀπὸ
1877 3639 1981 3690 τῶν
2005 3637 2315 3690 Χαναναίων

755 3735 906 3786 λάϐοι
933 3737 1187 3800 γυναῖκα,
1229 3733 1630 3801 παρασκευάζει
1677 3731 1765 3782 τὸν
1828 3729 2010 3782 Ἰσαὰκ
2036 3728 2314 3796 ἐκπέμψαι

756 3823 846 3874 τὸν
891 3822 1078 3873 Ἰακὼϐ
1114 3824 1190 3882 είς
1235 3821 1649 3888 Μεσοποταμίαν
1701 3820 1834 3887 πρὸς
1855 3819 1943 3871 τὸν
1978 3817 2197 3884 ἀδελφὸν
2224 3818 2316 3868 αὑ-

755 3915 852 3982 τῆς
875 3913 964 3963 τὸν
991 3911 1193 3972 Λάϐαν,
1211 3911 1304 3961 καὶ
1334 3913 1396 3963 ἐκ
1424 3911 1530 3962 τῶν
1556 3911 1862 3977 θυγατέρων
1895 3908 2055 3961 αὑτοῦ
2088 3912 2315 3975 γυναῖκα

756 4002 956 4056 λαϐεῖν.
996 4001 1340 4063 Ἀπελθόντος
1382 3999 1435 4052 δὲ
1459 3999 1550 4052 :06
1575 3997 1786 4059 Ἰακὼϐ,
1823 3997 2081 4065 λαμϐάνει
2107 3998 2202 4068 τὴν
2229 3997 2317 4049 θυ-

755 4094 959 4160 γατέρα
993 4090 1212 4160 Ἰσμαὴλ
1243 4088 1416 4158 ἐαυτῷ
1434 4091 1664 4156 γυναῖκα
1688 4091 1714 4140 6
1737 4087 1923 4140 Ἡσαῦ.
1948 4088 2005 4138 Ὀ
2027 4088 2080 4139 δέ
2099 4087 2316 4156 Ἰσμαήλ

757 4180 871 4243 υίὸς
885 4178 952 4251 ἦν
981 4183 1074 4234 τοῦ
1117 4181 1381 4250 Ἀϐραάμ,
1411 4180 1515 4232 ἀπὸ
1543 4180 1637 4248 τῆς
1655 4180 1829 4247 ’Ἅγαρ
1843 4179 2125 4247 γενόμενος
2150 4179 2311 4246 αὐτῷ.

759 4273 950 4325 Βλέπει
980 4273 1076 4341 τὴν
1132 4271 1370 4339 κλίμακα
1407 4271 1435 4321 6
1470 4267 1683 4332 Ἰακὼϐ,
1727 4269 1902 4336 ἵστησι
1943 4269 2157 4338 στήλην,
2224 4269 2316 4319 καὶ

760 4362 1150 4429 ἐπαγγέλλεται
1178 4362 1242 4412 τὰ
1266 4361 1572 4428 ὑπάρχοντα
1614 4358 1760 4427 αὑτῷ
1790 4358 2214 4410 ἁποδεκατὼσειν
2240 4357 2315 4425 τῷ

759 4452 897 4520 Θεῷ,
929 4454 974 4503 εί
1004 4452 1256 4517 ὑγιαίνων
1303 4448 1600 4502 ἐπανέλθοι.
1660 4448 1912 4515 Ἔρχεται
1945 4448 2023 4508 είς
2079 4447 2173 4516 τὴν
2208 4448 2317 4498 Με-

761 4542 1108 4610 σοποταμίαν,
1138 4536 1242 4592 είδε
1274 4539 1369 4606 τὴν
1408 4537 1626 4607 Ῥαχὴλ,
1655 4536 1904 4604 ἐφίλησεν
1938 4537 2122 4606 αὑτήν·
2151 4537 2314 4588 ἀπελ-

762 4632 983 4700 θούσαή
1038 4633 1173 4701 κόρη
1206 4628 1497 4699 ἀπήγγειλε
1537 4627 1612 4696 τῷ
1670 4628 1834 4696 πατρὶ
1874 4627 2073 4679 Λάϐαν.
2123 4625 2316 4677 Ἐλθὼν

761 4723 919 4783 αὑτὸς
945 4722 1153 4786 ἐπέγνω
1178 4721 1267 4771 τὸν
1304 4715 1510 4779 Ἰακὼϐ,
1542 4719 1824 4785 εἰσήγαγεν
1846 4716 2002 4767 αὑτὸν
2033 4716 2164 4785 πρὸς
2191 4716 2315 4767 ἐαυ-

761 4813 872 4864 τὸν.
908 4812 1240 4862 Ἐδούλευσεν
1273 4809 1414 4876 αὑτῷ
1445 4809 1534 4859 ἐπὶ
1580 4805 1752 4875 μισθῷ
1775 4805 2053 4872 θυγατρός·
2077 4804 2175 4856 666
2220 4806 2317 4874 τὴν

764 4901 1132 4970 πρεσϐυτέραν
1164 4900 1344 4950 ἔδωκε’
1403 4897 1799 4966 δυσχεραίνοντι
1822 4896 1876 4948 66
1902 4895 1975 4964 τῷ
2015 4896 2201 4949 Ἰακὼϐ
2227 4898 2317 4949 ἐπὶ

763 4994 829 5060 τῇ
862 4991 1062 5059 ἀπάτῃ,
1095 4989 1359 5057 προτείνει
1399 4986 1538 5037 ἐπτά
1599 4985 1691 5050 ἐτη
1746 4985 1903 5052 ⁹εἶτερα
1934 4983 2244 5044 δουλεῦσαι,
2273 4987 2317 5036 εἰ

766 5082 1004 5151 βούλοιτο
1045 5083 1134 5132 καὶ
1162 5081 1256 5148 τὴν
1287 5078 1559 5146 νεωτέραν
1606 5075 1807 5127 λαϐεῖν.
1859 5075 1915 5126 Ὀ
1956 5075 2010 5126 δὲ
2048 5074 2319 5126 καὶτοῦτο

766 5167 1038 5233 ὑπέμεινε,
1068 5167 1159 5217 καὶ
1190 5164 1453 5234 λαμϐάνει
1478 5164 1569 5214 καὶ
1606 5162 1699 5229 τὴν
1728 5161 2011 5230 νεωτέραν.
2039 5157 2145 5212 Ἦν
2180 5162 2233 5213 66
2285 5165 2315 5230 ἡ

769 5256 865 5325 μὲν
890 5255 1227 5324 πρεσϐυτέρα
1262 5253 1487 5322 ἀσθενὴς
1512 5254 1619 5313 τοῖς
1667 5251 1976 5319 ὀφθαλμοῖς,
2003 5251 2152 5304 Λεία·
2205 5255 2235 5321 ἡ
2262 5253 2320 5304 δέ

766 5347 999 5415 νεωτέρα
1023 5347 1223 5414 ὡραία,
1267 5346 1298 5413 ἡ
1341 5342 1558 5411 Ῥαχὴλ.
1602 5340 1719 5392 Εἰσὶ
1763 5339 1817 5392 δέ
1860 5339 2015 5392 τύποι
2059 5341 2238 5402 αὑταὶ,
2287 5343 2318 5410 ἡ

829 5438 853 5464 ⁸
869 5436 1210 5507 ἰιιςόυηθηεὶε
1233 5437 1258 5482 6
1279 5436 1330 5481 δὲ
1353 5434 1438 5480 οὐκ
1457 5430 1700 5492 ἀφίστατο,
1730 5430 1829 5476 ἀλλ’
1851 5431 1983 5491 ἔτερα
2005 5431 2213 5492 ὤρυσσεν
2234 5431 2321 5488 ἕως

1137 5556 1223 5602 sed
1266 5553 1362 5616 alio
1387 5553 1527 5616 mndo
1553 5548 2171 5616 θκῡτίίπίὲίῖὴτδδθδίοωηδ
2193 5557 2320 5600 [omo

769 5614 848 5675 IV,
873 5629 921 5679 ι).
947 5611 1054 5676 526,
1077 5626 1272 5676 nempe,
1296 5615 1354 5661 :6
1379 5619 1459 5668 τῆς
1479 5615 1598 5669 ζωῆς
1618 5611 1728 5671 ἡμῖν
1749 5612 1946 5672 οἴχεται.

1429 319 1486 375 S.
1527 318 1807 375 JOANNIS
1845 312 2336 375 CHRYSOSTOMI
2374 310 2690 367 ARCHIEP.
2728 312 3268 370 CONSTANTINOP.

3849 345 3963 394 322

2413 426 2510 494 μὲν
2535 426 2876 497 πρεσϐυτέρα
2912 427 3008 497 τῆς
3037 427 3354 496 συναγωγῆς
3389 429 3497 482 τῶν
3532 430 3811 499 Ἰουδαίων,
3846 438 3880 505 ἡ
3913 439 3974 492 δέ

2409 516 2644 585 νεωτέρα
2698 520 2797 587 τῆς
2853 517 3174 587 Ἐκκλησίας
3240 518 3333 570 τοῦ
3384 521 3637 589 Χριστοῦ.
3700 526 3970 579 Συνέλαϐε

2411 605 2563 668 Λεία,
2582 607 2673 657 καὶ
2699 607 2848 659 ἔτεκε
2876 607 2964 658 τὸν
2996 608 3263 676 Ῥουϐεὶμ,
3297 609 3387 661 τὸν
3407 611 3646 680 Συμεὼν,
3701 614 3790 666 τὸν
3816 617 3969 676 Λευῖ,

2407 693 2497 745 τὸν
2531 693 2740 747 Ἰούδαν.
2787 696 2852 748 Ἦ
2879 697 2935 748 δέ
2984 696 3198 768 Ῥαχὴλ,
3259 698 3381 749 ἐπεὶ
3429 701 3502 770 μὴ
3539 701 3734 763 ἔτικτε,
3786 704 3972 756 δίδωσι

2408 780 2483 847 τῷ
2523 781 2714 834 Ἰακὼϐ
2738 786 2968 850 γυναῖκα
2993 784 3269 855 δευτέραν,
3309 786 3407 857 τὴν
3459 789 3745 860 παιδίσκην
3799 792 3972 860 αὑτῆς

2409 870 2602 936 Βάλαν,
2628 875 2718 926 καὶ
2745 875 2927 927 ἔτεκεν
2957 876 3136 945 ἐκείνη
3164 877 3252 928 τὸν
3271 877 3377 930 Δάν
3398 879 3490 931 καὶ
3521 879 3608 931 τὸν
3633 881 3970 948 Νεφθαλείμ..

2412 960 2616 1013 Ἔδωκε
2641 963 2695 1014 δὲ
2729 965 2820 1016 καὶ
2841 965 2874 1034 ῆ
2902 965 3033 1018 Λεία
3055 965 3258 1034 Ζελφάν
3280 967 3376 1036 τὴν
3397 968 3682 1038 παιδίσκην
3711 971 3972 1039 αὑτῆςτῴ

2420 1050 2612 1103 Ἰακὼϐ
2645 1057 2894 1119 γυναῖκα·
2925 1057 2956 1123 ἠ
2984 1055 3040 1106 δέ
3064 1054 3214 1106 ἔτεκε
3244 1055 3333 1107 τὸν
3372 1057 3476 1109 Γάδ
3504 1060 3596 1111 καὶ
3629 1059 3716 1112 τὸν
3779 1062 3967 1128 Ἀσήρ.

2412 1141 2603 1192 Ἔτεκε
2625 1141 2682 1193 δὲ
2709 1142 2835 1210 ἑξῆς
2855 1144 2985 1196 Λεία
3022 1147 3157 1212 μετὰ
3179 1146 3348 1198 ταῦτα
3387 1148 3476 1199 τὸν
3518 1148 3731 1218 Ἰσάχαρ
3756 1149 3846 1202 καὶ
3878 1151 3970 1200 τὸν

2409 1229 2712 1285 Ζαϐουλὼν.
2757 1233 2887 1284 Τότε
2921 1234 3070 1285 ἔτεκε
3094 1234 3186 1286 κα)⁸
3217 1236 3249 1302 ἡ
3280 1234 3476 1303 Ῥαχὴλ
3505 1235 3594 1286 τὸν
3634 1236 3846 1306 Ἰωσήφ.
3883 1238 3972 1298 Ὡς

2407 1318 2463 1370 δὲ
2497 1319 2682 1388 ῆθελεν
2712 1323 2740 1373 6
2782 1321 2971 1373 Ἰακὼϐ
3019 1323 3267 1375 ἀπελθεῖν
3295 1324 3371 1386 εἰς
3401 1325 3498 1394 τὴν
3529 1326 3731 1377 οἰκείαν
3753 1326 3972 1395 γῆν,δί-

2406 1409 2567 1461 δωσιν
2593 1410 2738 1480 αύτῷ
2769 1411 2858 1463 τὸν
2881 1412 3066 1481 μισθὸν
3090 1414 3116 1464 6
3137 1413 3340 1476 Λάϐαν,
3393 1413 3450 1465 ὃν
3493 1415 3649 1476 αὑτὸς
3681 1415 3708 1466 6
3776 1416 3972 1468 Ἰακὼϐ

2408 1495 2591 1565 ὥρισε,
2627 1501 2732 1550 πᾶν
2753 1499 2908 1566 φαιὸν
2933 1502 2989 1551 ἐν
3027 1503 3137 1561 τοῖς
3169 1501 3384 1568 ἄρνασι,
3418 1503 3507 1554 καὶ
3537 1505 3642 1555 πᾶν
3668 1502 3855 1555 λευκὸν
3912 1509 3973 1557 ἐν

2408 1589 2525 1647 ταῖς
2555 1588 2694 1652 αίξίν
2732 1598 2777 1625 ο·
2805 1587 2878 1649 ὼς
2910 1588 2964 1638 δὲ
2999 1588 3163 1640 πολλά
3189 1588 3258 1640 :6
3279 1588 3498 1642 τοιαῦτα
3537 1591 3775 1658 γέγονεν·
3804 1593 3973 1644 ἐτίθει

2409 1676 2515 1746 γὰρ
2546 1677 2772 1746 ῥάϐδους
2796 1680 2852 1728 ἐν
2899 1680 3008 1740 τοῖς
3041 1679 3422 1749 ποτιστηρίοις,
3467 1681 3559 1732 καὶ
3590 1683 3840 1734 ἐνεκίσσα
3899 1683 3975 1736 τὰ

2410 1767 2670 1836 πρόϐατα,
2691 1769 2783 1819 καὶ
2811 1767 2987 1820 ἔτικτε
3017 1769 3180 1820 λευκά
3208 1772 3298 1821 καὶ
3319 1770 3553 1844 ποικίλα,
3574 1773 3664 1825 καὶ
3691 1773 3970 1842 σποδοειδῆ

2413 1857 2596 1921 ραντά.
2633 1855 2702 1905 Τὸ
2729 1856 2784 1905 δὲ
2815 1858 2917 1907 πᾶν
2944 1857 3035 1907 τοῦ
3057 1856 3187 1908 Θεοῦ
3209 1857 3366 1926 ἔργον
3392 1854 3479 1927 ἦν,
3513 1857 3586 1921 ὡς
3615 1859 3773 1922 αὑτός
3803 1877 3973 1929 φησιν

2409 1945 2436 1993 6
2480 1943 2689 1994 Ἰακώϐ.
2719 1944 3094 2010 Διεφθονοῦντο
3133 1946 3277 2015 αὐτῷ
3305 1948 3406 1998 υἱοὶ
3434 1947 3636 2010 Λάϐαν,
3670 1948 3762 2000 καὶ
3789 1947 3976 1999 λαϐὼν

2410 2032 2579 2100 λάθρα
2609 2034 2706 2095 τάς
2737 2036 2925 2088 ἑαυτοῦ
2969 2040 3226 2102 γυναῖκας
3279 2039 3414 2105 μετὰ
3470 2038 3574 2090 τῶν
3619 2039 3974 2108 ὑπαρχόντων

2411 2125 2664 2193 ἀπῆλθεν.
2711 2127 2766 2177 '0
2808 2126 2864 2178 66
2910 2127 3092 2180 Λάϐαν
3139 2128 3445 2192 κατεδίωξε,
3497 2128 3588 2181 καὶ
3636 2144 3765 2200 πριν
3819 2131 3975 2200 αύτῷ

2413 2214 2716 2282 συμϐαλεῖν,
2743 2216 3031 2284 ἠπείλησεν
3075 2220 3101 2268 6
3127 2219 3256 2279 Θεὸς
3277 2217 3443 2286 αὑτῷ,
3462 2222 3507 2270 εί
3530 2221 3768 2288 τραχέως
3801 2237 3977 2288 προσ-

2411 2305 2646 2372 ενεχθείη
2677 2305 2753 2373 τῷ
2796 2305 3006 2358 Ἰακώϐ.
3050 2307 3105 2357 Ὀ
3137 2307 3191 2358 δὲ
3221 2307 3407 2369 ἐλθὼν,
3440 2308 3499 2359 :6
3523 2311 3616 2376 μὲν
3642 2310 3855 2378 πρῶτον
3881 2313 3975 2361 ἐν-

2412 2391 2611 2452 εκάλει,
2641 2391 2786 2462 [523]
2807 2394 2900 2445 καὶ
2920 2394 3016 2462 τὴν
3036 2395 3210 2446 αἰτίαν
3235 2396 3413 2464 ἐζήτει
3434 2396 3532 2464 τῆς
3560 2398 3815 2468 λαθραίας
3835 2400 3977 2451 ἀνα-

2411 2482 2720 2550 χωρήσεως.
2758 2484 2842 2544 Ὠς
2867 2484 2922 2534 δέ
2940 2479 3090 2536 εἶπεν
3110 2487 3136 2536 6
3172 2485 3382 2546 Ἰακὼϐ,
3402 2487 3490 2538 διὰ
3517 2486 3576 2538 :6
3603 2490 3978 2556 πεφθονῆσθαι

2416 2573 2618 2638 μήποτε
2643 2573 2741 2632 τάς
2770 2573 3070 2641 θυγατέρας
3097 2573 3256 2625 αὑτοῦ
3285 2574 3454 2637 λάϐοι,
3484 2575 3638 2627 τοῦτο
3675 2577 3978 2646 πεποιηκέ-

2413 2677 2520 2720 ναι,
2551 2660 2728 2729 ἐζήτει
2764 2662 2885 2723 τοὺς
2913 2661 3065 2724 θεοὺς
3113 2663 3272 2715 αὑτοῦ
3319 2664 3526 2726 Λάϐαν,
3557 2666 3646 2728 οὒς
3680 2668 3903 2734 ἔκλεψεν
3935 2673 3975 2738 ἡ

2428 2745 2642 2814 Ῥαχήλ.
2703 2748 2787 2808 Ὠς
2838 2747 2893 2798 δὲ
2941 2749 3037 2815 οὐχ
3083 2742 3268 2818 εὗρεν,
3314 2750 3609 2802 ἐπιτίθεται
3651 2753 3894 2822 σφοδρῶς
3948 2759 3980 2806 6

2428 2831 2616 2883 Ἰακὼϐ
2646 2833 2906 2898 ἐγκαλῶν.
2952 2835 3060 2886 Καὶ
3101 2835 3268 2899 τέλος,
3302 2837 3561 2902 φαγόντες
3606 2840 3695 2890 καὶ
3737 2841 3979 2906 πιόντες,

2413 2919 2832 2989 διεχωρίσθησαν
2853 2920 3108 2989 ἀλλήλων,
3129 2921 3310 2990 βουνὸν
3335 2922 3493 2974 λίθων
3522 2926 3809 2993 στήσαντες
3831 2927 3979 2993 ἐκεῖ,

2413 3003 2470 3055 ὃν
2500 3007 2591 3055 καὶ
2622 3006 2812 3056 Βουνὸν
2839 3007 3135 3075 μαρτυρίου
3170 3007 3449 3060 ἐκάλεσαν.
3475 3010 3603 3061 Τότε
3636 3013 3981 3081 συνήντησαν

2406 3089 2488 3156 τῷ
2533 3088 2722 3139 Ἰακὼϐ
2758 3090 2970 3155 ἄγγελοι
3005 3091 3159 3144 Θεοῦ.
3197 3093 3531 3145 Ἀποστέλλει
3559 3097 3586 3147 6
3619 3096 3806 3147 Ἰακὼϐ
3836 3099 3982 3167 πρὸς

2416 3172 2504 3224 τὸν
2544 3172 2732 3234 Ἡσαῦ,
2763 3175 3114 3241 ἀπαγγέλλων
3143 3176 3304 3248 αὑτοῦ
3335 3177 3432 3247 τὴν
3467 3179 3772 3248 ἐπιδημίαν.
3802 3183 3894 3246 Ὡς
3922 3187 3982 3238 δὲ

2415 3253 2574 3326 ἦλθον
2601 3261 2647 3310 οἱ
2680 3261 3088 3324 ἀποσταλέντες,
3124 3263 3214 3314 καὶ
3239 3257 3388 3315 εἷπον
3416 3263 3662 3332 ἔρχεσθαι
3685 3266 3771 3318 τὸν
3797 3268 3980 3322 Ἡσαῦ

2419 3346 2554 3413 μετά
2584 3347 2940 3414 τετρακοσίων
2974 3348 3198 3417 ἀνδρῶν,
3230 3349 3518 3418 περίφοϐος
3548 3351 3829 3420 γενόμενος
3868 3355 3982 3407 δεῖ·

2413 3447 2500 3482 ται
2533 3431 2625 3482 τοῦ
2649 3431 2802 3495 Θεοῦ,
2828 3431 2965 3483 ὥστε
3000 3433 3159 3484 αὑτὸν
3185 3434 3484 3499 ἀπαλλάξαι
3516 3435 3605 3488 τοῦ
3627 3439 3980 3506 ἐπικειμένου

2416 3516 2678 3577 κινδύνου,
2717 3518 2808 3568 καὶ
2833 3517 3191 3587 πέμπειδῶρα
3219 3515 3294 3584 τῷ
3339 3518 3528 3573 Ἡσαῦ.
3559 3522 3642 3582 Ὠς
3669 3522 3722 3574 δὲ
3757 3523 3980 3593 εἰσῆλθε

2414 3599 2503 3651 τὸν
2529 3602 2858 3670 χειμάρρουν
2881 3602 2908 3650 6
2934 3601 3145 3664 Ἰακὼϐ,
3177 3601 3269 3653 καὶ
3297 3601 3579 3674 εὑλογήθη,
3611 3609 3700 3656 καὶ
3734 3624 3984 3674 μετωνο-

2419 3686 2597 3754 μάσθη
2623 3686 2682 3736 :6
2711 3686 2878 3754 ὄνομα
2903 3686 3085 3750 αὑτοῦ,
3111 3689 3208 3757 ὁρᾷ
3232 3687 3319 3741 τὸν
3348 3687 3516 3741 Ἦσαῦ
3544 3691 3852 3760 ἐρχόμενον,
3884 3698 3986 3748 καὶ⁵

2414 3773 2601 3824 διελὼν
2635 3773 2692 3824 :6
2719 3772 2939 3841 πλῆθος,
2969 3773 3064 3835 τάς
3092 3775 3188 3840 μὲν
3228 3775 3512 3838 παιδίσκας
3539 3777 3675 3847 μετά
3701 3778 3812 3830 τῶν
3845 3783 3983 3834 παί-

2413 3859 2518 3911 δων
2547 3859 2720 3911 αὑτῶν
2743 3859 2960 3925 πρώτας
2980 3860 3151 3924 ἔταξε,
3173 3861 3269 3930 τὴν
3293 3861 3346 3912 δὲ
3370 3862 3530 3914 Λείαν
3557 3863 3808 3934 δευτέραν
3834 3869 3983 3935 μετὰ

2416 3943 2522 3996 τῶν
2556 3945 2801 4008 παιδίων,
2834 3947 2926 3997 καὶ
2957 3945 3052 4015 τὴν
3101 3947 3297 4016 Ῥαχὴλ
3338 3947 3473 4016 μετὰ
3519 3949 3708 4017 Ἰωσὴφ
3739 3951 3983 4022 ἐσχάτην

2417 4031 2668 4101 ἔρχεσθαι
2697 4033 2972 4096 κελεύσας,
3005 4033 3162 4096 αὑτὸς
3188 4033 3398 4103 πρῶτος
3424 4035 3606 4105 ἀπῄει.
3642 4037 3728 4100 Ὦς
3755 4037 3812 4089 66
3837 4035 3984 4091 εῐδεν

2417 4117 2575 4169 αὑτὸν
2608 4117 2854 4186 ἀσμένως
2892 4120 2919 4170 6
2959 4117 3151 4182 Ἠσαῦ,
3201 4119 3292 4171 καὶ
3339 4119 3408 4173 :6
3439 4121 3583 4189 δῶρα
3633 4121 3789 4174 ἑλαϐε
3843 4127 3980 4193 παρ’

2417 4203 2598 4267 αὑτοῦ,
2634 4204 2782 4272 ἠξίου
2825 4204 3253 4273 συμπορεύεσθαι
3286 4205 3432 4274 αὑτῷ
3454 4223 3467 4237 ·
3499 4209 3526 4259 6
3557 4207 3612 4259 66
3656 4214 3980 4279 παρῃτεῖτο.

2416 4290 2526 4340 Καὶ
2550 4289 2715 4341 ἐλθὼν
2744 4290 3030 4342 κατέλυσεν
3062 4293 3139 4353 είς
3169 4289 3318 4342 πόλιν
3347 4292 3582 4360 Σικίμων
3615 4293 3820 4362 Σαλὴμ,
3846 4295 3984 4348 ἔνθα

2417 4374 2597 4442 Συχὲμ
2630 4375 2658 4424 6
2691 4374 2803 4436 υίὸς
2843 4375 3067 4446 Ἑμμὼρ
3096 4376 3186 4428 τοῦ
3223 4375 3504 4444 βασιλέως,
3538 4377 3783 4447 ἐρασθεὶς
3814 4380 3986 4442 Δίνας

2414 4461 2514 4527 τῆς
2546 4462 2808 4532 θυγατρὸς
2860 4462 3088 4525 Ἰακὼϐ,
3131 4464 3225 4516 καὶ
3273 4464 3494 4535 φθείρας
3537 4466 3634 4533 τὴν
3667 4466 3944 4534 παρθένον
3969 4507 3985 4528 ,

2415 4545 2562 4613 ἠξίου
2594 4547 2743 4615 νόμῳ
2787 4547 2964 4615 γάμου
3015 4547 3195 4598 λαϐεῖν
3242 4549 3408 4617 αὑτὴν
3447 4553 3693 4616 γυναῖκα.
3736 4546 3873 4603 Εἷπε
3924 4552 3986 4606 δὲ

2416 4631 2636 4698 Συμεὼν
2692 4633 2783 4683 καὶ
2815 4633 2942 4684 Λευ¹ί
2987 4631 3174 4686 δώσειν
3216 4634 3468 4702 ἑτοίμως,
3512 4637 3558 4687 εί
3595 4637 3988 4706 περιτμηθεῖεν

2417 4718 2609 4768 ἐκεῖνοι
2646 4717 2780 4786 μετὰ
2811 4717 2901 4769 τοῦ
2931 4718 3056 4771 λαοῦ
3087 4719 3282 4772 αὑτῶν.
3320 4721 3403 4782 Ὧς
3427 4720 3482 4772 66
3514 4723 3986 4792 περιετμήθησαν,

2420 4801 2497 4852 ἔτι
2531 4803 2686 4862 ὄντας
2729 4803 2785 4854 ἐν
2831 4803 2907 4870 τῷ
2956 4805 3100 4872 πόνῳ
3148 4804 3352 4856 ἀνεῖλον
3400 4807 3587 4868 αὐτοὺς
3621 4808 3842 4875 Συμεὼν
3887 4812 3989 4863 καὶ

2417 4887 2565 4940 Λευῒ.
2603 4887 2871 4953 Ἑφοϐεῖτο
2899 4888 3080 4940 λοιπὸν
3115 4891 3142 4941 6
3195 4887 3415 4950 Ἰακὼϐ,
3465 4891 3538 4960 μὴ
3584 4893 3989 4948 συνεπιθιῖΝται

2419 4972 2564 5040 αὑτῷ
2586 4975 2631 5023 οἱ
2656 4973 2878 5041 πλησίον
2897 4975 3182 5026 Χαναναῖοι
3203 4990 3216 5002 ·
3239 4975 3331 5026 καὶ
3355 4973 3449 5026 τοῦ
3467 4974 3598 5028 Θεοῦ
3625 4975 3988 5040 κελεύσαντος

2420 5061 2650 5128 ἀνῆλθεν
2677 5061 2754 5121 είς
2790 5061 3004 5130 Βαιθήλ.
3037 5062 3144 5113 Καὶ
3175 5060 3442 5113 ἀπέθανεν
3473 5063 3505 5131 ή
3537 5063 3727 5132 τροφὸς
3760 5065 3993 5116 Ῥεϐέκ-

2420 5164 2540 5207 κας.
2573 5147 2656 5208 Ὠς
2678 5147 2732 5198 δὲ
2761 5147 3056 5217 ηὑλόγησεν
3082 5148 3227 5216 αύτῷ
3247 5150 3274 5199 6
3295 5148 3669 5218 Θεὸς,ἀπάρας
3696 5150 3757 5201 ἐκ
3777 5151 3991 5219 Βαιθὴλ

2422 5232 2731 5300 κατῴκησεν
2758 5233 3008 5285 ἐπέκεινα
3031 5233 3234 5302 πύργου
3262 5233 3449 5303 Γαδέρ.
3468 5234 3598 5286 Τότε
3623 5233 3991 5304 ἐδυστύχησεν

2423 5320 2454 5386 ἡ
2480 5318 2696 5387 Ῥαχὴλ,
2716 5320 2808 5371 καὶ
2827 5319 3082 5384 ἀπέθανε,
3103 5322 3195 5372 καὶ
3221 5321 3394 5390 ἐτάφη
3414 5322 3472 5373 ἐν
3490 5324 3553 5390 τῇ
3578 5321 3677 5390 ὁδῷ
3702 5322 3960 5388 Ἑφραθᾶ
3974 5340 3990 5354 ο

2485 5497 2507 5524 ο
2540 5493 2587 5539 1η
2616 5497 2753 5539 lextu
2776 5490 2963 5553 Briblico
2985 5491 3212 5550 iegimus,
3237 5496 3329 5538 πᾶν
3359 5491 3600 5539 διάλευκον
3623 5493 3702 5538 καὶ
3730 5492 3906 5553 ραντὸν
3949 5494 3999 5540 έν

2420 5554 2520 5607 ταῖς
2562 5554 2696 5605 αἰξίν.
2730 5552 2826 5619 Se}!
2869 5553 2952 5609 qui
2984 5553 3270 5619 cqmpoudio
3296 5555 3527 5613 loquitur,
3563 5565 3656 5600 non
3691 5552 3853 5601 omnia
3891 5552 3998 5616 jam

2423 5621 2642 5662 accurate
2669 5613 2944 5674 exprimere
2967 5613 3126 5659 τοττι.-
