4138 6306
235 303 347 357 321

229 405 351 457 11115
378 408 537 463 05501,
567 396 873 452 obsecrabat
892 394 1034 446 lsaac
1056 392 1214 443 Deum
1245 395 1302 440 nt
1323 388 1411 440 illa
1440 386 1738 446 conciperet
1766 401 1780 436 :

231 498 397 557 atque
421 496 479 541 ut
506 487 723 554 gestavit
753 497 978 541 uterum.
1005 480 1134 533 dixit
1159 479 1230 531 illi
1255 478 1390 531 Dens
1413 494 1425 527 :
1459 475 1584 528 Dum
1623 482 1784 542 gentes

233 580 290 630 in
324 589 456 630 utero
478 585 559 628 tuo
588 583 719 634 sunt,
768 571 1071 640 papulasque
1098 567 1331 635 populum
1361 564 1603 634 superabit
1622 562 1638 633 (
1660 561 1783 614 Gen.

234 668 334 720 9.5.
357 666 462 728 εὖ)
495 681 506 714 :
537 662 824 731 przedicens
871 675 930 712 ea
960 673 1074 726 qnze
1099 656 1305 709 .ludaros
1329 661 1378 706 et
1407 668 1502 706 nrs
1533 651 1785 704 Christia-

236 770 344 808 nos
369 753 689 822 spectabant.
714 749 966 803 Utautem
989 746 1129 814 pueri
1149 743 1252 795 nati
1282 751 1400 794 sunt
1420 748 1784 800 etcreverunt,

235 843 402 896 tradit
432 841 710 908 venditque
761 835 1102 905 primogenita
1143 848 1234 886 sua
1281 831 1474 885 Iacobo
1515 830 1652 882 Esai‘t
1696 843 1788 896 pro

237 933 487 985 coctione
513 929 685 982 lentis.
710 929 839 980 Cum
865 926 1015 978 vellet
1037 925 1176 977 Isaac
1201 923 1250 974 in
1276 921 1550 990 Aigyptum
1575 919 1782 973 descen-

236 1021 394 1082 dere,
424 1020 542 1087 quia
575 1016 737 1069 famcs
779 1013 1110 1081 prtevalebat,
1163 1010 1395 1064 enhibuit
1436 1009 1577 1060 illum
1622 1007 1784 1070 Deus,

239 1109 484 1161 hortatus
514 1115 568 1158 nt
606 1106 709 1157 illic
738 1112 991 1163 maneret,
1019 1101 1103 1153 ubi
1139 1109 1258 1152 tunc
1283 1107 1412 1160 erat,
1439 1097 1692 1164 pollicitus
1731 1110 1788 1148 se

238 1199 501 1265 cumipso
549 1194 796 1256 futurum,
846 1206 905 1243 ac
936 1188 1326 1243 benedicturum
1371 1199 1549 1239 semen
1594 1184 1783 1252 ipsius,

239 1286 528 1352 ipsumque
543 1282 1017 1347 multiplicatur-um.
1040 1279 1171 1331 Cum
1189 1276 1447 1330 didicisset
1469 1283 1636 1327 autem
1661 1274 1787 1326 Abi-

244 1373 453 1425 mclech
485 1387 577 1425 rex
606 1370 917 1424 Gcrarornm
947 1367 1235 1420 Rebeccam
1261 1379 1471 1418 uxorem
1493 1378 1606 1416 esse
1631 1362 1787 1415 lsaaci

242 1462 264 1527 (
295 1460 656 1527 etISpicubatnr
684 1458 820 1510 enim
843 1470 1074 1509 sororem
1105 1455 1215 1520 ejus
1244 1451 1414 1519 esse),
1459 1462 1676 1503 mortem
1707 1450 1788 1502 in-

245 1547 384 1599 dixit
409 1547 469 1599 iis
490 1546 576 1614 qui
607 1546 703 1613 ipsi
729 1543 1094 1597 contumeliam
1125 1540 1393 1594 inferrent.
1427 1538 1787 1591 Tuncsemiua

240 1634 438 1700 Sparsit
460 1634 621 1697 Isaac,
648 1641 701 1685 et
719 1633 914 1684 centies
937 1629 1326 1696 multiplicatum
1363 1627 1610 1680 hordeum
1642 1626 1790 1680 inve-

242 1724 343 1774 nit.
371 1723 501 1776 Cum
532 1731 704 1774 autem
748 1735 815 1774 ex
859 1719 1216 1772 benedictione
1251 1716 1341 1770 Dei
1381 1716 1579 1782 magnis
1611 1723 1790 1768 auctus

242 1811 618 1874 essetdivitiis,
661 1808 954 1863 invidebant
979 1808 1026 1861 ei
1071 1805 1378 1876 Phylistiim,
1407 1814 1459 1858 et
1488 1803 1788 1858 Abimelech

242 1900 368 1953 inde
394 1916 510 1954 eum
531 1900 746 1969 expulit.
774 1899 863 1951 Ille
879 1913 1001 1950 vero
1021 1911 1120 1949 non
1143 1895 1359 1958 obstitit,
1380 1895 1466 1948 sed
1490 1895 1720 1959 recessit,
1739 1901 1792 1946 et

243 2000 435 2058 puteos
457 1989 600 2054 fodit,
624 2004 719 2056 pro
739 1989 922 2056 quibus
946 1987 1063 2040 lites
1091 1987 1298 2038 fuerunt
1320 1986 1413 2052 (a).
1435 1985 1520 2037 llle
1544 1999 1667 2037 vero
1687 1999 1788 2036 non

243 2080 388 2133 ultus
415 2095 526 2145 eos,
556 2081 687 2132 alios
717 2079 839 2131 fodit
871 2087 1069 2146 puteos,
1095 2077 1261 2130 donec
1291 2076 1362 2128 illi
1391 2076 1679 2128 molestiam
1707 2075 1779 2127 in-

244 2168 385 2222 ferre
414 2169 693 2222 desierunt.
719 2167 784 2219 Et
806 2166 1067 2220 benedixit
1094 2166 1237 2218 illutn
1268 2166 1421 2219 Dens.
1448 2165 1588 2218 lsaae
1617 2174 1786 2218 autem

243 2272 304 2310 se
329 2257 606 2310 adeuntem
629 2257 1013 2310 Abimelcchum
1033 2255 1251 2324 benigne
1280 2255 1506 2322 suscepit
1529 2256 1791 2309 convivio-

242 2363 349 2415 que
381 2347 609 2416 excepit,
648 2347 949 2414 injuriarum
994 2345 1284 2398 immemor.
1317 2345 1467 2397 Duxit
1493 2345 1628 2397 Esaft
1651 2343 1786 2398 Cha-

243 2452 458 2490 11111110115
486 2437 746 2498 mulieres,
767 2451 879 2504 quae
909 2435 1305 2502 litigaliantcum
1325 2433 1578 2486 Rebecca.
1603 2433 1786 2486 Seuuit

245 2525 456 2578 Isaacus
481 2533 534 2577 et
558 2525 908 2590 caligavcrunt
936 2523 1069 2574 oeuli
1099 2524 1209 2588 ejus
1234 2563 1247 2584 ,
1279 2523 1621 2590 pra~cepitque
1652 2524 1787 2576 Esau

243 2612 352 2664 filio
379 2627 493 2675 suo,
518 2621 573 2664 ut
593 2620 870 2664 venaretur
895 2617 947 2662 et
970 2621 1172 2678 pararet
1192 2610 1288 2662 sibi
1310 2610 1521 2672 cibaria,
1547 2621 1599 2663 ut
1628 2612 1784 2664 bene-

239 2701 446 2754 diceret
471 2715 608 2754 eum.
642 2701 800 2754 Jacob
819 2708 1010 2764 autem,
1029 2701 1094 2754 de
1114 2702 1292 2754 matris
1311 2701 1525 2756 consilio
1542 2710 1592 2756 et
1607 2717 1780 2771 Opera,

242 2790 386 2842 Esau
410 2787 615 2842 fratrem
643 2791 925 2857 praevenit:
951 2804 1067 2842 nam
1091 2789 1250 2844 coctis
1269 2791 1353 2842 illa
1378 2790 1538 2844 haedis
1561 2792 1782 2856 duobus,

239 2889 297 2933 ct
321 2879 546 2948 pellibus
577 2895 756 2933 eorum
787 2880 890 2933 ﬁlio
915 2881 1310 2948 circumpositis,
1339 2883 1498 2935 11111111
1527 2884 1785 2938 levitatem

239 2972 548 3040 obtegeret,
577 2972 768 3025 cibaria
816 2972 911 3040 ipsi
961 2972 1201 3034 tradidit,
1248 2983 1297 3025 et
1327 2973 1497 3025 emisit
1531 2988 1670 3027 eum.
1698 2973 1786 3029 llle

240 3076 374 3114 vero
402 3062 664 3127 ingressus
691 3060 1078 3113 benedictiones
1105 3061 1318 3127 accepit.
1356 3061 1450 3114 Ubi
1484 3071 1654 3115 autem
1695 3078 1784 3116 ac-

239 3150 403 3201 ccssit
435 3149 601 3210 Esau,
635 3157 684 3201 01
724 3148 859 3216 quod
887 3157 1088 3215 gestum
1121 3159 1229 3201 erat
1252 3149 1460 3201 edidicit
1484 3189 1498 3210 ,
1531 3149 1783 3204 lamenta-

239 3237 418 3300 batur,
446 3236 669 3304 lugebat,
700 3234 1005 3305 petebatque
1035 3248 1083 3291 et
1112 3238 1219 3304 ipse
1247 3238 1658 3292 benedictionem
1687 3240 1782 3293 sibi

239 3326 356 3378 dari
388 3335 471 3377 :et
489 3325 887 3393 perseverantia
907 3340 996 3378 sua
1024 3326 1214 3393 aliquid
1233 3327 1432 3390 ell‘ecit;
1464 3329 1588 3380 nihil
1613 3338 1782 3382 tamen

239 3423 465 3476 tantum,
497 3422 744 3481 quantum
773 3414 1015 3482 sperabat
1043 3431 1054 3466 :
1084 3416 1377 3482 impetravit
1405 3425 1594 3470 tamen.
1620 3417 1782 3471 Parva

241 3505 418 3571 itaque
448 3505 561 3556 loco
589 3503 799 3570 majoris
825 3504 1184 3560 benedictione
1207 3506 1447 3571 donatus,
1471 3507 1786 3561 irascebatur

237 3602 426 3644 contra
451 3591 677 3653 fratrem,
708 3591 908 3658 injuria:
933 3608 1152 3657 memor,
1175 3595 1606 3662 exspectabatque
1628 3597 1784 3662 patris

241 3689 494 3744 mortem,
525 3689 580 3732 nt
609 3688 728 3733 tunc
757 3682 870 3734 sine
895 3691 1031 3733 metu
1061 3683 1268 3737 insidias
1295 3685 1388 3752 ipsi
1411 3695 1631 3753 pararet.
1666 3686 1785 3739 11100

239 3769 442 3823 Iacobo
469 3770 658 3823 indicat
675 3780 860 3832 mater,
884 3772 1220 3841 hortaturque
1239 3783 1294 3827 ut
1318 3775 1431 3843 fuga
1455 3777 1669 3829 salutem
1689 3777 1783 3829 sibi

241 3869 429 3925 paret:
459 3872 677 3926 cumque
706 3859 918 3913 dixisset
949 3860 1121 3914 Isaaeo
1155 3879 1256 3915 non
1297 3864 1499 3917 vitalem
1544 3865 1639 3918 sibi
1674 3865 1786 3919 fore

241 3951 426 4015 vitam,
459 3949 500 4002 si
531 3949 690 4002 Jacob
715 3951 869 4003 etiam
901 3967 962 4004 ex
988 3952 1295 4006 Cliananteis
1315 3969 1523 4008 uxorem
1550 3956 1783 4018 duceret,

242 4038 373 4091 illud
399 4037 556 4091 efficit
585 4049 641 4091 ut
663 4038 1062 4094 lsaaeJacobum
1097 4044 1262 4095 mittat
1288 4044 1336 4096 in
1366 4045 1784 4112 Mesopotamiam

240 4127 308 4180 ad
336 4126 546 4181 fratrem
601 4130 758 4196 ipsius
806 4130 1093 4196 Labanum,
1123 4141 1178 4184 ut
1206 4148 1270 4186 ex
1299 4134 1498 4185 filiabus
1524 4134 1633 4200 ejus
1660 4149 1786 4186 uxo-

241 4233 356 4271 rem
380 4219 551 4271 ducat.
583 4219 703 4272 Post
741 4219 916 4273 Jacobi
950 4221 1235 4288 profectum
1285 4223 1429 4276 duxit
1460 4223 1597 4276 Esaii
1631 4224 1785 4275 tiliam

243 4307 479 4360 lsmaclis
499 4309 592 4362 sibi
618 4325 848 4363 uxorem.
882 4312 1063 4364 lsmael
1084 4323 1256 4366 autem
1280 4314 1413 4367 filius
1433 4325 1542 4368 erat
1567 4315 1787 4368 Abrahze

241 4411 308 4447 ex
341 4398 527 4462 Agare.
553 4397 703 4451 Videt
731 4400 918 4453 scalam
945 4401 1122 4464 Jacob,
1145 4404 1353 4469 cippum
1380 4405 1545 4468 erigit,
1575 4406 1790 4472 promito

245 4486 415 4550 titque
441 4500 495 4537 se
522 4487 770 4539 bonorum
799 4504 1005 4541 suorum
1035 4491 1260 4544 decimas
1285 4494 1388 4546 Deo
1435 4495 1694 4558 (laturum,
1745 4497 1788 4548 si

243 4573 525 4626 incolumis
554 4565 916 4629 reverteretur.
953 4579 1101 4631 Venit
1128 4581 1175 4632 in
1193 4581 1632 4650 Mesopotamiam,
1666 4585 1790 4637 vidit

245 4660 555 4726 Rachelcm,
589 4663 748 4729 ipsam
771 4665 1027 4717 osculatus
1049 4676 1163 4728 est;
1193 4684 1397 4722 reversa
1431 4672 1596 4736 puclla
1625 4672 1673 4723 id
1705 4689 1790 4725 re-

235 4751 653 4816 nuntiavitpatri
682 4767 774 4805 suo
803 4755 1030 4807 Labauo.
1063 4757 1146 4809 lllc
1168 4759 1378 4812 veniens
1409 4763 1614 4827 agnovit
1639 4762 1789 4814 Jaco-

242 4839 394 4900 bum,
427 4839 626 4892 induxit
669 4842 810 4894 illum
851 4844 1084 4896 domum.
1125 4845 1286 4900 Jacob
1325 4849 1535 4901 servivit
1574 4850 1678 4913 illi,
1741 4852 1788 4902 in

240 4926 542 4979 mercedem
571 4928 725 4980 filiam
756 4931 913 4996 ipsius
929 4944 1233 4999 accepturus
1256 4955 1266 4987 :
1289 4937 1371 4988 ille
1390 4953 1515 4989 vero
1543 4941 1790 5005 majorem

243 5023 372 5066 natu
393 5015 550 5068 dedit.
586 5016 741 5084 Aigre
781 5020 960 5072 ferenti
993 5021 1185 5074 Jacobo
1208 5026 1274 5077 ob
1304 5025 1577 5089 fallaciam,
1602 5043 1790 5096 propo-

245 5104 326 5154 nit
356 5112 410 5154 nt
445 5115 638 5170 septem
665 5107 791 5156 alios
818 5123 981 5161 annos
1006 5112 1100 5162 sibi
1147 5108 1355 5176 Serviat,
1399 5115 1440 5166 si
1469 5117 1587 5167 velit
1625 5127 1678 5169 et
1707 5118 1791 5183 ju-

243 5193 449 5242 niorem
496 5191 704 5244 ducere.
761 5195 848 5246 llle
892 5211 1014 5247 vero
1065 5199 1112 5250 id
1166 5216 1370 5268 quoque
1400 5217 1579 5269 passus
1613 5215 1709 5269 est,
1741 5215 1793 5258 et

241 5279 399 5332 duvit
424 5281 576 5333 etiam
601 5282 882 5349 juniorcm.
915 5285 1038 5337 Erat
1065 5297 1232 5340 autem
1257 5292 1419 5358 major
1445 5304 1563 5344 natu
1584 5293 1670 5345 Lia
1700 5295 1793 5362 lip-

243 5368 326 5432 pis
349 5369 542 5432 oculis;
576 5371 751 5436 junior
792 5383 961 5425 autem
1006 5374 1201 5428 Rachel
1249 5379 1494 5432 formosa.
1553 5381 1640 5434 lla:
1671 5397 1793 5436 vero

243 5455 426 5524 figura:
451 5466 590 5521 sunt,
624 5473 809 5525 nempe
840 5461 1002 5527 major
1023 5471 1145 5514 natu
1170 5480 1442 5535 synagoga:
1469 5467 1789 5536 Judreorum,

303 5563 378 5624 ((1)
412 5570 517 5614 11100
540 5566 752 5614 pluribus
776 5570 1068 5626 explicantur
1092 5581 1231 5622 Tomo
1257 5583 1324 5635 IV,
1356 5577 1445 5626 col.
1475 5579 1561 5628 457

570 5643 836 5700 PATnOL.
871 5645 914 5705 G
929 5663 983 5702 n.
1025 5645 1170 5704 LVI.

1312 274 1622 330 SYNOPSIS
1655 271 1884 329 SCRIPT
1895 271 2048 326 UR;E
2087 270 2350 324 SACRd-I.

3319 288 3428 339 322

1888 382 2062 448 junior
2090 390 2258 434 autem
2288 381 2528 433 Ecclesire
2551 379 2761 432 Christi.
2794 380 3038 448 Concepit
3066 380 3175 443 [.ia,
3200 391 3253 434 et
3282 396 3435 449 pepe-

1890 474 1956 525 rit
1986 472 2186 532 Ruben,
2213 471 2544 539 Symeonem,
2575 469 2696 524 Levi
2726 479 2776 524 et
2803 470 3007 524 Judam.
3043 469 3231 523 Rachel
3262 482 3432 524 autem

1890 562 2007 629 quia
2034 576 2134 613 non
2171 561 2420 628 pariebat,
2445 560 2531 611 dat
2549 559 2744 612 Jacobo
2771 574 2984 613 uxorem
3009 558 3309 623 secundam,
3337 575 3431 612 an-

1890 652 2058 704 cillam
2091 663 2277 717 nempe
2306 664 2450 701 suam
2491 649 2687 710 Balam,
2737 658 2789 700 et
2835 649 3034 716 peperit
3081 648 3166 701 illa
3225 649 3331 701 Dm
3379 658 3432 701 et

1891 739 2238 806 Nepbthalim.
2275 737 2422 790 Dedit
2447 739 2600 790 etiam
2634 737 2720 789 Lia
2747 737 2995 802 Zelpliam
3019 737 3255 790 ancillam
3284 750 3429 789 snam

1891 828 2084 881 Jacobo
2116 842 2325 878 uxorem
2361 844 2372 878 :
2402 826 2512 878 lucc
2551 841 2674 878 vero
2701 827 2900 893 peperit
2929 825 3036 878 Gad
3077 836 3127 878 et
3158 829 3302 879 Aser.
3337 827 3431 880 Pe-

1895 919 2025 984 perit
2045 915 2229 968 deimle
2256 916 2410 967 etiam
2438 914 2521 966 I.ia
2539 913 2744 967 lsacliar
2763 925 2811 966 et
2833 914 3080 966 Zabnlon.
3107 913 3250 967 Tunc
3277 929 3432 982 pepe-

1893 1008 1955 1057 rit
1982 1020 2184 1073 qnoqnc
2211 1004 2400 1056 Rachel
2418 1003 2722 1072 Joscphnnt.
2748 1003 2872 1056 Cum
2901 1016 3068 1057 autem
3098 1005 3249 1058 vellet
3272 1004 3430 1058 Jacob

1892 1096 2081 1149 reverti
2112 1096 2161 1147 in
2187 1105 2373 1147 terram
2413 1109 2580 1157 suam,
2606 1094 2694 1146 dat
2735 1094 2830 1162 ipsi
2885 1094 3177 1149 mercedem
3231 1095 3426 1156 Laban,

1891 1199 2044 1253 quam
2073 1185 2180 1251 ipse
2210 1183 2368 1237 Jacob
2385 1182 2764 1246 determinavit,
2797 1198 2950 1238 omne
2973 1183 3238 1238 fuscnmin
3258 1186 3423 1254 agnis,

1892 1282 1943 1325 et
1972 1287 2124 1324 omne
2150 1273 2321 1324 album
2354 1272 2402 1323 in
2433 1273 2601 1338 captis
2628 1289 2640 1322 :
2673 1273 2754 1323 illa
2792 1282 2963 1323 autem
3010 1287 3158 1340 quam
3210 1275 3427 1339 plurima

1892 1362 2227 1413 oriebantur:
2253 1359 2480 1427 ponebat
2506 1359 2642 1411 enim
2672 1360 2830 1413 Jacob
2855 1362 3024 1429 virgas
3055 1361 3104 1412 in
3131 1362 3426 1426 canalibus;

1893 1462 1944 1504 et
1973 1450 2329 1517 eoneipiebaut
2360 1465 2502 1512 oves,
2531 1462 2583 1503 et
2605 1451 2873 1518 pariebant
2910 1451 3022 1506 alba
3069 1460 3122 1506 et
3162 1454 3322 1518 varia,
3378 1465 3432 1507 et

1891 1540 2127 1592 cineritio
2171 1539 2344 1592 colore
2388 1554 2587 1606 sparsa.
2634 1538 2762 1590 lllttd
2816 1555 2939 1593 vero
2982 1549 3144 1594 totum
3186 1542 3272 1595 Dei
3320 1553 3432 1595 erat

1892 1643 2042 1696 opus,
2085 1639 2140 1682 ut
2183 1630 2292 1696 ipse
2319 1628 2479 1682 Jacob
2504 1630 2594 1680 ait.
2642 1627 2942 1682 luvitlebant
2967 1631 3014 1683 ei
3037 1631 3123 1684 11111
3152 1631 3346 1695 Laban,
3376 1644 3430 1686 et

1894 1719 1979 1772 ille
2007 1719 2138 1770 clam
2166 1718 2390 1786 acceptis
2421 1719 2664 1770 uxoribus
2698 1718 2804 1771 suis
2824 1733 2939 1772 cum
2963 1718 3291 1774 facultatibus
3310 1722 3430 1775 abs-

1893 1809 2066 1862 cessit.
2097 1808 2270 1860 Laban
2298 1823 2424 1861 vero
2452 1808 2758 1876 insequutus
2777 1824 2892 1862 eum
2916 1820 3014 1872 est,
3043 1825 3103 1864 ac
3130 1812 3426 1880 priusquam

1893 1911 2008 1951 cum
2031 1897 2120 1950 illo
2144 1896 2568 1965 congrederetur,
2598 1896 2961 1951 interminatus
2989 1908 3068 1951 est
3095 1899 3162 1950 illi
3203 1899 3356 1963 Deus,
3384 1901 3428 1953 si

1892 2002 2075 2056 aspere
2094 1987 2338 2041 Iacobum
2355 1988 2663 2040 adoriretur.
2689 1987 2776 2041 1110
2794 2003 2916 2042 vero
2939 1998 2991 2040 ut
3011 1987 3238 2053 advenit,
3265 1991 3430 2056 primo

1892 2076 2178 2140 incusabat,
2212 2087 2262 2129 et
2285 2091 2494 2128 causam
2523 2073 2806 2142 quaerebat,
2834 2089 2927 2126 cur
2949 2075 3118 2128 furtim
3149 2076 3430 2129 abscessis-

1893 2176 1990 2220 set.
2023 2167 2087 2222 Ut
2106 2177 2279 2220 autem
2303 2165 2765 2232 JacobrespOudit,
2783 2179 2839 2218 se
2856 2165 2904 2217 id
2925 2165 3038 2219 ideo
3067 2165 3268 2231 fecisse,
3292 2169 3427 2236 quod

1890 2258 1987 2310 sibi
2017 2257 2353 2318 invideretur,
2396 2264 2449 2308 et
2487 2255 2705 2308 veritum
2735 2269 2801 2309 ne
2840 2254 2971 2310 filias
3009 2270 3127 2309 suas
3164 2259 3424 2320 retineret,

1890 2347 2016 2398 deos
2044 2360 2165 2398 suos
2208 2344 2469 2412 repetebat
2500 2344 2694 2409 Laban,
2730 2357 2858 2412 quos
2886 2343 3048 2396 furata
3076 2353 3188 2397 erat
3215 2345 3429 2399 Rachel.

1891 2438 2016 2490 Cum
2036 2447 2206 2488 autem
2226 2435 2646 2499 noniuvcuisset,
2667 2435 2822 2486 instat
2837 2434 3170 2486 vehementer
3184 2433 3344 2487 Jacob
3363 2435 3428 2487 in-

1890 2537 2096 2576 CUSanS.
2121 2524 2357 2587 Demum,
2391 2531 2662 2590 pestquam
2681 2521 3016 2576 comedet-aut
3031 2531 3080 2574 et
3105 2521 3359 2584 biberant,
3379 2523 3427 2576 in

1892 2614 2025 2665 viam
2052 2616 2270 2681 quisque
2311 2627 2454 2665 suam
2487 2621 2810 2666 recesserunt
2830 2652 2844 2670 .
2875 2612 3127 2664 tumulum
3155 2610 3263 2665 illic
3285 2612 3421 2680 lapi-

1890 2703 2012 2754 dum
2057 2711 2345 2754 statuentes
2371 2741 2383 2760 ,
2427 2716 2577 2767 quem
2618 2701 2800 2754 eollem
2848 2701 3424 2753 testintoniivocarunt.

1892 2792 2036 2845 Tunc
2065 2807 2338 2845 occurrere
2368 2791 2562 2844 Jacobo
2592 2791 2758 2858 angeli
2789 2791 2897 2844 Dei.
2937 2791 3092 2844 Mittit
3118 2807 3242 2845 vero
3269 2791 3428 2844 Jacob

1889 2884 1952 2936 ad
1994 2884 2130 2936 Esau
2151 2923 2164 2949 ,
2197 2883 2282 2951 qui
2307 2883 2674 2934 aununtiarent
2700 2881 2974 2934 adventum
3009 2896 3176 2934 suum.
3216 2882 3277 2936 lJt
3307 2897 3428 2936 vero

1889 2974 2155 3027 redierunt
2181 2973 2214 3024 ii
2241 2973 2323 3040 qui
2366 2972 2506 3024 missi
2528 2970 2750 3035 fuerant,
2782 2981 2831 3022 ct
2861 2971 3223 3022 nuntiaverunt
3250 2972 3427 3024 venire

1889 3062 2028 3114 Esau
2050 3076 2167 3113 cum
2195 3059 2585 3128 quadringentis
2618 3059 2758 3122 viris,
2784 3058 3056 3110 formidine
3078 3068 3256 3126 captus
3283 3071 3427 3127 rogat

1889 3152 2084 3213 Deum,
2118 3159 2172 3202 ut
2201 3165 2255 3202 se
2279 3151 2344 3202 ab
2375 3148 2660 3202 imminenti
2686 3148 2914 3217 periculo
2939 3149 3138 3212 liberet,
3171 3151 3427 3217 mittitque

1886 3242 2021 3294 dona
2067 3242 2203 3294 Esaii
2250 3241 2415 3291 fratri.
2448 3239 2516 3293 Ut
2546 3247 2716 3291 autem
2763 3238 3026 3306 ingressus
3067 3247 3147 3291 est
3173 3238 3332 3292 Jacob
3375 3240 3426 3291 in

1887 3340 2168 3384 torrentem
2194 3370 2208 3394 ,
2246 3329 2762 3396 benedictionemque
2789 3329 3026 3396 accepit,
3061 3343 3124 3381 ac
3166 3337 3423 3382 mutatum

1889 3421 1980 3472 fuit
2007 3433 2196 3470 nomen
2222 3418 2355 3483 ejus,
2384 3416 2519 3469 videt
2547 3417 2682 3469 Esau
2709 3415 3018 3476 venientem,
3042 3430 3103 3469 ac
3128 3417 3291 3468 divisa
3318 3427 3425 3470 tur-

1887 3524 1968 3560 11111
1991 3523 2102 3570 51111,
2125 3507 2338 3559 ancillas
2359 3521 2474 3558 cum
2499 3505 2616 3558 liliis
2634 3505 2739 3557 suis
2763 3505 2950 3572 primas
2976 3507 3258 3568 constituit,
3285 3506 3425 3558 Liam

1887 3599 2164 3652 secundam
2187 3613 2303 3650 cum
2330 3599 2462 3661 filiis,
2497 3610 2548 3650 et
2567 3597 2846 3650 Racbclem
2869 3611 2984 3650 cum
3008 3597 3200 3664 Jusepb
3231 3606 3428 3664 postre-

1889 3703 2025 3740 mam
2073 3684 2250 3740 venire
2291 3687 2483 3754 jussit:
2513 3684 2625 3754 ipse
2645 3700 2773 3740 vero
2801 3687 2997 3754 primus
3037 3686 3324 3741 incedebat.
3360 3687 3428 3742 Ut

1888 3786 2060 3828 autem
2081 3775 2284 3843 placide
2311 3775 2438 3828 vidit
2467 3774 2609 3826 11111111
2642 3773 2778 3827 Esau
2801 3813 2815 3837 ,
2845 3785 2897 3828 et
2923 3775 3056 3828 dona
3081 3774 3148 3826 ab
3176 3775 3266 3828 illo
3285 3790 3428 3829 acce-

1890 3864 1996 3930 pit,
2028 3864 2240 3931 rogabat
2269 3879 2325 3915 se
2355 3867 2449 3914 via:
2478 3863 2719 3915 comitem
2747 3863 3004 3929 acciperet
3033 3882 3046 3914 :
3075 3862 3235 3916 Jacob
3256 3871 3427 3917 autem

1889 3955 2079 4005 renuit.
2110 3951 2355 4004 Confecto
2401 3953 2585 4004 itinere
2623 3963 2854 4004 moratus
2895 3953 3052 4006 estin
3091 3953 3262 4006 Salem
3299 3954 3429 4006 Sici-

1890 4057 2092 4094 morum
2121 4043 2263 4104 urbe,
2298 4041 2383 4093 ubi
2409 4041 2630 4109 Sychcm
2661 4041 2793 4094 lilius
2823 4041 3032 4094 linuuor
3055 4043 3190 4110 regis
3210 4083 3223 4107 ,
3252 4059 3430 4096 amore

1892 4132 2031 4184 Diiue
2060 4131 2176 4184 111110
2209 4131 2385 4185 Jacobi
2410 4141 2589 4198 captus
2618 4139 2726 4195 est,
2764 4131 2950 4199 illaque
2976 4131 3171 4196 vitiata,
3210 4131 3428 4200 rogabat

1893 4222 2029 4273 illam
2060 4222 2251 4274 ducere
2296 4237 2512 4274 uxorem
2542 4220 2638 4273 sibi
2679 4220 2876 4274 liceret.
2905 4221 3302 4289 Responderunt
3329 4223 3430 4290 Sy-

1891 4325 2042 4363 mcon
2069 4321 2120 4363 et
2149 4310 2270 4363 Levi
2294 4351 2307 4374 ,
2342 4326 2398 4363 se
2427 4311 2646 4364 libenter
2673 4311 2884 4363 daturos
2905 4351 2919 4375 ,
2963 4311 3004 4363 si
3032 4311 3127 4378 ipsi
3158 4313 3430 4364 circumci-

1891 4399 2137 4453 dereutur
2157 4415 2276 4453 cum
2302 4399 2492 4467 populo
2512 4413 2624 4452 suo.
2648 4398 2714 4452 Ut
2743 4413 2864 4452 vero
2887 4413 2944 4452 se
2973 4400 3428 4464 circumciderunt,

1891 4504 2010 4541 cum
2042 4487 2211 4540 adhuc
2252 4489 2301 4540 iu
2332 4488 2512 4539 dolore
2560 4497 2927 4549 versarentur,
2976 4487 3092 4540 illos
3131 4487 3433 4542 interfecere

1891 4579 2114 4647 Symeon
2154 4588 2205 4630 et
2246 4579 2386 4630 Levi.
2430 4577 2686 4630 Metuebat
2721 4578 2966 4645 deinceps
3007 4577 3165 4632 Jacob
3193 4595 3258 4632 110
3286 4581 3336 4631 1η
3377 4596 3435 4633 50

1894 4668 2148 4719 irruerent
2179 4668 2328 4718 vicini
2356 4665 2631 4718 Chattumei
2665 4685 2676 4718 :
2716 4667 2924 4735 Deoque
2947 4668 3161 4735 jubente
3204 4672 3436 4723 ascendit

1895 4757 1942 4808 in
1976 4756 2190 4807 Ba-tbel.
2225 4755 2523 4821 Mortuaque
2553 4765 2630 4808 est
2655 4757 2826 4808 nutrix
2871 4757 3135 4811 Rebeccaz.
3165 4759 3231 4812 Ut
3263 4773 3433 4812 autem

1895 4845 2154 4896 benedixit
2182 4844 2373 4895 Jacobo
2398 4844 2550 4907 Deus,
2580 4845 2840 4912 profectus
2865 4861 2926 4897 ex
2957 4845 3148 4897 81011101
3181 4845 3430 4896 habitavit

1895 4935 2024 4986 ultra
2053 4935 2231 4986 turrim
2253 4934 2438 4988 Gader.
2471 4935 2615 4988 Tunc
2637 4936 2908 4990 infeliciter
2932 4937 3130 5002 peperit
3155 4936 3346 4989 Rachel
3378 4946 3432 4989 et

1896 5037 2094 5078 mortua
2123 5037 2238 5086 est,
2273 5028 2577 5093 sepultaque
2623 5036 2700 5078 est
2732 5026 2780 5078 in
2818 5026 2896 5077 via
2924 5025 3144 5092 Ephrata
3179 5041 3191 5079 :
3225 5026 3332 5079 haec
3362 5036 3441 5078 est

1899 5114 2216 5166 Bethlehcm.
2241 5115 2333 5179 Qui
2361 5126 2512 5167 natus
2531 5127 2701 5166 autem
2727 5125 2825 5178 est,
2853 5116 3116 5183 Benjamin
3140 5125 3269 5168 erat.
3295 5116 3440 5168 Tunc

1896 5202 2141 5254 dormivit
2178 5203 2356 5255 Ruben
2387 5218 2501 5254 cum
2535 5203 2675 5255 Balla
2706 5205 2990 5255 concubina
3025 5205 3184 5271 patris
3224 5205 3319 5255 sui.
3351 5203 3441 5254 Illo

1901 5302 2133 5357 tempore
2164 5302 2397 5343 mortuus
2424 5303 2502 5344 est
2536 5293 2676 5344 isaac
2703 5307 2716 5352 ;
2747 5303 2798 5344 et
2819 5293 3140 5360 sepelierunt
3163 5308 3279 5345 cum
3311 5292 3445 5344 Esai‘t

1899 5390 1948 5432 et
1963 5380 2139 5433 Jacob.
2157 5381 2464 5449 Genealogia
2488 5381 2690 5433 ducitur
2709 5381 2968 5448 progeniei
2987 5381 3144 5445 Esau,
3163 5381 3295 5432 inter
3313 5395 3442 5446 quos

1899 5469 1996 5523 Job
2024 5471 2282 5538 reperitur
2305 5471 2378 5538 (α)
2405 5511 2417 5534 ,
2449 5471 2537 5537 qui
2568 5469 2732 5522 Jobab
2753 5469 2835 5522 hic
2862 5481 3090 5523 vocatur.
3116 5469 3342 5536 Josepho
3373 5470 3444 5520 in-

1965 5581 2032 5638 (a)
2066 5581 2162 5628 Jobi
2189 5581 2422 5639 originem
2445 5580 2504 5626 ab
2527 5578 2641 5627 Esail.
2684 5579 2876 5627 deducit
2913 5578 3266 5634 Chrvsostemtts
3301 5578 3377 5627 hic
3398 5582 3445 5625 ct

3040 5657 3116 5715 20
