4138 6306
673 311 785 367 323

674 420 853 475 vident
896 420 1077 474 fratres
1122 423 1442 473 somniorum
1489 434 1643 473 causa
1669 459 1681 481 ,
1731 416 1951 484 etquod
1988 417 2151 484 magis
2201 430 2229 465 a

679 518 825 577 patre
862 509 1179 577 diligeretur.
1218 510 1471 575 lllumqne
1510 509 1677 559 solum
1707 506 1842 557 nacti
1869 503 2107 557 occidere
2143 518 2235 555 vo-

675 598 850 652 lebant
879 598 1195 650 :cousnlens
1221 606 1392 649 autem
1424 596 1643 659 Ruben,
1676 602 1732 646 ut
1770 594 1820 646 in
1851 592 2021 645 lacum
2051 590 2233 658 injice-

677 696 860 751 rctur,
893 687 1099 741 volebat
1142 687 1286 739 illum
1333 686 1515 739 saltem
1559 700 1586 737 a
1628 692 1795 736 morte
1836 682 2061 750 eripere.
2098 680 2227 733 Cum

676 775 995 843 injecisseut,
1020 774 1362 828 vendiderunt
1382 773 1591 825 domum
1616 771 1929 835 Madianitis,
1953 768 2081 823 .Iuda
2110 784 2233 821 coa-

674 868 897 921 sulente.
926 864 1174 917 Tunicam
1202 873 1372 917 autem
1396 863 1508 929 ejus
1535 861 1783 929 sanguine
1810 860 2021 911 tinctam
2054 865 2230 910 osten-

675 955 862 1009 derunt
892 955 1040 1023 patri.
1076 952 1167 1007 llle
1190 966 1316 1006 vero
1338 961 1523 1020 putans
1552 951 1693 1003 illum
1716 963 1744 1000 a
1768 951 1875 1001 fera
1904 946 2229 1007 devoratum,

674 1045 902 1113 graviter
928 1043 1156 1111 lugebat.
1192 1041 1339 1095 Juda:
1366 1049 1540 1093 autem
1572 1040 1679 1091 nati
1708 1045 1858 1099 sunt,
1895 1035 1982 1098 Er,
2013 1038 2191 1088 Aunan
2214 1076 2228 1099 ,

674 1146 726 1187 et
754 1135 933 1189 Selon.
961 1134 1165 1187 Mertuo
1189 1143 1361 1185 autem
1391 1132 1461 1184 Er
1480 1170 1494 1194 ,
1535 1142 1751 1181 uxorem
1779 1126 1894 1195 ejus
1919 1125 2231 1180 Thamarcnt

673 1223 821 1276 duxit
842 1222 1005 1276 frater
1031 1222 1145 1290 ejus
1176 1223 1362 1274 Aunan
1392 1237 1404 1272 :
1432 1220 1519 1286 qui
1543 1216 1751 1270 nolebat
1770 1230 1947 1268 semen
1977 1216 2231 1267 suscitare

674 1310 822 1365 fratri
850 1324 966 1364 suo.
991 1308 1060 1364 Ut
1078 1324 1203 1362 vero
1226 1308 1308 1361 hic
1331 1320 1538 1375 quoque
1561 1314 1797 1357 mortuus
1822 1312 1901 1356 est
1927 1344 1941 1364 ,
1968 1316 2070 1354 non
2100 1302 2230 1353 ultra

678 1402 887 1456 volebat
922 1400 1083 1455 Judas
1125 1398 1302 1453 Soloni
1344 1398 1497 1451 tertio
1525 1397 1630 1449 lilio
1671 1393 1980 1446 Tltamarem
2017 1405 2229 1444 uxorem

682 1491 820 1548 dare.
891 1490 1120 1543 Thamar
1150 1503 1274 1542 vero
1310 1496 1492 1540 ornata
1532 1495 1589 1538 ut
1623 1483 1868 1537 meretrix
1908 1495 2058 1535 secus
2097 1482 2229 1532 viam

674 1581 827 1635 sedit.
851 1580 991 1633 Illam
1014 1588 1185 1633 autem
1209 1594 1335 1632 vere
1352 1578 1674 1630 meretricem
1698 1571 2054 1642 putansludas
2078 1572 2230 1638 (nam

676 1671 871 1723 vultum
898 1671 1168 1738 obtegerat
1190 1672 1208 1739 )
1233 1710 1247 1735 ,
1281 1670 1545 1737 ingressus
1570 1675 1652 1721 est
1676 1666 1737 1718 ad
1770 1680 1881 1718 eam
1907 1704 1921 1729 ,
1946 1665 2231 1732 pignusque

675 1763 817 1814 dedit
860 1762 931 1814 illi
957 1802 971 1825 ,
1007 1770 1246 1830 torquem
1286 1768 1339 1815 et
1368 1759 1615 1812 annulum
1658 1767 1708 1813 et
1738 1757 1957 1825 virgam.
1999 1755 2065 1809 Ut
2104 1768 2229 1808 vero

679 1850 1033 1904 renuntiatum
1073 1858 1249 1918 postea
1294 1858 1375 1903 est
1416 1848 1725 1901 Thamarcm
1764 1855 1967 1898 uterum
1998 1853 2229 1913 gestare,

681 1939 833 2007 jussit
870 1953 1020 1993 socer
1046 1938 1160 2007 ejus
1198 1936 1359 1991 Judas
1386 1950 1505 1990 eam
1537 1934 1794 1989 comburi.
1825 1934 1911 1986 Illa
1936 1948 2062 1988 vero
2091 1933 2234 1987 misit

678 2029 878 2093 dicens,
913 2044 976 2083 ex
1000 2029 1091 2083 illo
1112 2030 1225 2082 viro
1247 2042 1304 2081 se
1323 2027 1646 2095 concepisse,
1668 2026 1815 2094 cujus
1833 2034 1968 2080 esset
1987 2024 2228 2078 annulus.

684 2120 831 2172 'fâ€˜unc
859 2119 931 2172 ait
958 2117 1117 2172 ludas
1143 2159 1158 2184 ,
1190 2116 1384 2170 Iustior
1412 2127 1482 2169 est
1513 2114 1731 2168 Thamar
1758 2131 1906 2183 quant
1945 2130 2031 2183 ego
2058 2113 2077 2183 (
2104 2112 2229 2166 Gen.

680 2208 769 2262 38.
796 2206 866 2261 26
884 2207 925 2278 ).
954 2207 1083 2261 Cum
1108 2215 1278 2259 autem
1306 2206 1499 2273 peperit
1523 2246 1536 2267 ,
1559 2204 1730 2257 emisit
1758 2218 1966 2256 manum
1995 2201 2148 2266 Zara,
2179 2210 2233 2256 et

682 2308 859 2367 postea
882 2300 1118 2364 retraxit,
1144 2307 1196 2350 et
1219 2310 1459 2365 egressus
1478 2304 1556 2348 cst
1574 2295 1786 2357 Phares,
1810 2301 1862 2347 et
1884 2302 2059 2361 postea
2080 2292 2229 2346 Zara.

686 2388 807 2441 Ilmc
833 2401 986 2455 porro
1028 2386 1103 2438 sic
1146 2384 1426 2453 allegorice
1468 2383 1807 2450 explicantur.
1841 2381 2101 2444 Protulit,
2154 2381 2232 2433 in-

691 2476 897 2543 quiunt,
933 2475 1133 2544 primus
1159 2473 1381 2544 populus
1405 2512 1419 2537 ,
1448 2487 1635 2541 nempe
1654 2471 1778 2539 justi
1807 2471 1893 2540 qui
1920 2478 2039 2525 ante
2065 2471 2231 2539 legem

683 2563 909 2630 fuerunt,
940 2578 1149 2620 manum
1170 2604 1183 2626 ,
1213 2562 1262 2616 id
1291 2572 1370 2617 est
1398 2563 1555 2614 vitam
1589 2562 1775 2614 virtute
1799 2571 2034 2614 ornatam
2056 2570 2109 2615 et
2135 2576 2231 2613 an-

681 2656 921 2725 gelicam.
957 2654 1150 2709 Deinde
1187 2655 1235 2707 in
1274 2654 1501 2707 medimn
1550 2652 1757 2706 inducta
1785 2661 1867 2707 est
1904 2652 2021 2717 lex;
2053 2662 2232 2721 postea

683 2759 810 2798 vero
839 2752 1075 2797 revocata
1106 2759 1309 2797 rursum
1340 2753 1420 2797 est
1448 2742 1527 2795 illa
1560 2742 1703 2811 prior
1732 2742 1832 2794 vita
1857 2783 1871 2807 ,
1906 2756 1997 2810 per
2035 2741 2229 2794 Christi

688 2829 981 2885 institutum
1008 2830 1072 2883 ad
1099 2830 1460 2899 perfectiorem
1486 2839 1676 2882 statum
1705 2838 1947 2896 provecta
1978 2829 2071 2897 (a).
2096 2829 2233 2882 Emit

683 2918 965 2987 Josephum
993 2920 1235 2988 princeps
1261 2932 1542 2987 eoquorum
1566 2917 1850 2971 Pharaonis
1872 2916 2190 2984 Pentepbrcs
2216 2935 2227 2969 :

684 3011 885 3080 ipsique
924 3011 1184 3068 commisit
1222 3026 1398 3062 curam
1429 3007 1662 3061 omnium
1706 3022 1822 3076 quae
1852 3007 1903 3060 in
1950 3006 2109 3059 domo
2138 3020 2230 3059 sua

686 3110 855 3156 erant.
885 3101 998 3156 Non
1029 3102 1187 3156 cessit
1229 3101 1315 3154 ille
1343 3101 1482 3154 bcrzn
1520 3099 1584 3154 ad
1626 3097 1943 3167 peccandum
1986 3097 2229 3149 hortanti.

685 3192 952 3246 Calumnia
987 3191 1252 3259 impetitus
1276 3198 1387 3253 est,
1418 3189 1685 3257 conjectus
1718 3188 1769 3241 in
1795 3201 2059 3241 carcerem
2094 3185 2189 3239 fuit
2216 3202 2230 3239 :

684 3282 843 3334 etiam
865 3280 968 3333 illic
983 3278 1265 3332 dominium
1286 3278 1549 3331 obtinebat
1570 3294 1583 3341 ;
1609 3277 1823 3345 principi
1853 3275 2225 3345 pincemarum

685 3379 740 3424 et
769 3370 987 3438 principi
1020 3368 1269 3437 pistorum
1299 3368 1664 3435 interpretatus
1689 3375 1769 3419 est
1796 3366 2015 3418 somnia.
2049 3365 2234 3419 Evenit

687 3462 821 3515 sicut
848 3461 960 3529 ipse
988 3459 1191 3514 dixerat
1220 3477 1232 3512 :
1268 3458 1352 3513 ille
1376 3461 1568 3527 quippe
1596 3458 1797 3509 occisus
1819 3497 1832 3519 ,
1863 3456 1945 3509 hic
1971 3457 2023 3509 in
2059 3457 2233 3525 pristi-

686 3565 807 3602 num
832 3550 1079 3602 honorem
1100 3548 1343 3601 reductus
1363 3556 1460 3601 est.
1480 3546 1619 3599 Vidit
1638 3546 1838 3599 Pharao
1857 3545 2055 3598 somnia
2078 3546 2233 3597 boum

684 3648 735 3691 et
762 3638 1018 3705 Spicarum
1042 3654 1055 3700 ;
1079 3637 1265 3705 quibus
1285 3634 1672 3702 signiï¬cabatur
1690 3633 2022 3696 abundantia,
2050 3640 2103 3685 et
2120 3647 2234 3701 qua:

687 3730 828 3781 illam
871 3729 1185 3795 subseqnuta
1212 3736 1291 3780 est
1321 3725 1500 3779 fames.
1542 3724 1771 3777 Eductus
1800 3739 1862 3777 ex
1904 3738 2111 3777 carcere
2154 3732 2235 3777 est

686 3816 905 3885 Joseph,
937 3824 992 3867 ut
1019 3814 1103 3866 illa
1132 3815 1596 3881 interpretaretur;
1628 3827 1743 3863 nam
1770 3826 1887 3864 eum
1920 3812 2236 3865 indicaverat

686 3906 928 3975 princeps
951 3904 1335 3971 pincernarnm.
1360 3902 1731 3969 lnterpretalus
1761 3900 1847 3953 ille
1869 3911 1969 3965 est,
1992 3900 2235 3969 deditque

685 3996 981 4056 consilium,
1010 4007 1113 4061 quo
1142 3992 1261 4046 fami
1286 3992 1569 4046 remedium
1600 3990 1957 4045 adhibebatur.
1983 3992 2236 4047 Statuitur

686 4095 803 4153 post
828 4084 1148 4136 Pharaonem
1179 4083 1373 4150 primus
1392 4121 1407 4147 ,
1448 4089 1501 4134 ct
1524 4080 1686 4134 multo
1712 4080 1930 4134 collecto
1958 4080 2008 4134 in
2034 4091 2235 4148 septem

687 4176 837 4229 annis
892 4174 1142 4228 ubertatis
1186 4175 1495 4235 frumento;
1542 4172 1749 4241 quando
1791 4171 1959 4227 fames
2007 4173 2231 4236 institit,

690 4263 985 4317 volentibus
1026 4262 1301 4316 vendebat.
1335 4261 1601 4315 Venerunt
1630 4261 1786 4315 etiam
1813 4260 1997 4314 fratres
2032 4261 2146 4329 ejus
2171 4261 2235 4315 ad

688 4354 985 4408 emendum.
1013 4352 1109 4407 Ubi
1134 4362 1306 4405 autem
1330 4367 1432 4406 non
1454 4366 1569 4404 cum
1592 4350 1694 4403 illis
1717 4350 2233 4417 viditBenjatninum,

690 4456 929 4498 metuens
956 4457 1020 4497 ne
1044 4443 1185 4495 illum
1210 4456 1415 4510 quoque
1441 4441 1808 4510 perdidissent,
1839 4443 2042 4494 incusat
2065 4454 2155 4493 eos
2183 4448 2237 4493 ut

688 4534 1047 4603 exploratores
1072 4541 1257 4597 terrm,
1300 4546 1396 4584 nec
1423 4531 1653 4583 criminis
1678 4530 1831 4581 aliam
1873 4530 1981 4583 fore
2016 4529 2234 4582 solutio-

688 4640 807 4679 nem
831 4624 975 4689 dicit,
994 4624 1089 4676 nisi
1114 4624 1321 4676 fratrem
1341 4622 1599 4688 juniorem
1624 4620 1980 4687 Benjaminum
2004 4622 2053 4673 in
2076 4617 2237 4687 Egy-

689 4728 832 4787 ptum
861 4716 1174 4770 adducentes
1194 4756 1206 4777 ,
1236 4713 1515 4768 ostendere
1542 4720 1770 4780 possent.
1801 4711 2024 4779 Arrepto
2063 4717 2234 4763 autem

688 4818 739 4862 ct
768 4809 942 4861 vincto
971 4808 1228 4877 Symeone
1252 4847 1266 4871 ,
1297 4813 1512 4859 caeteros
1541 4804 1774 4867 dimisit,
1814 4810 1868 4856 et
1896 4802 2157 4855 frumento
2182 4809 2234 4854 et

687 4907 903 4968 argento
926 4898 1065 4951 dato.
1093 4896 1186 4951 Ubi
1208 4904 1381 4949 autem
1402 4894 1641 4948 viderunt
1661 4902 1953 4961 argentum,
1975 4905 2092 4943 cum
2116 4904 2237 4956 ape-

689 4992 852 5044 rirent
881 5003 1059 5044 saccos
1086 5028 1100 5053 ,
1143 4986 1208 5040 de
1238 5000 1296 5039 re
1323 4994 1426 5038 tam
1471 4983 1735 5051 inopinata
1776 4981 1967 5035 turbati
1996 4988 2153 5034 sunt.
2186 4987 2241 5031 et

691 5082 1047 5147 Benjaminum
1075 5094 1101 5131 a
1126 5088 1270 5146 patre
1290 5074 1637 5145 postulabant,
1662 5072 1741 5126 cui
1764 5071 1935 5123 omnia
1958 5083 2073 5137 qua:
2092 5076 2235 5135 gesta

690 5181 838 5223 erant
858 5175 1181 5222 euarrarnnt.
1214 5166 1301 5219 Ille
1326 5178 1451 5217 vero
1468 5161 1716 5216 rennebat
1738 5172 1953 5228 puerum
1980 5158 2235 5210 emittere.

690 5256 819 5317 alibi,
843 5266 894 5305 ut
919 5262 964 5305 in
990 5255 1204 5317 ttoniil._'1
1224 5254 1286 5303 de
1301 5252 1596 5317 Paanitentia:
1613 5255 1664 5296 Et
1688 5249 1791 5317 haec
1815 5253 1890 5317 est
1914 5252 2235 5317 vetet-unrre:

692 5305 1052 5377 centiorumque
1077 5315 1326 5363 multorum
1350 5314 1525 5373 Opinio,
1550 5310 1682 5358 illum
1705 5308 1850 5357 Jobab
1876 5308 1956 5367 qui
1973 5308 2097 5353 inter
2122 5305 2237 5351 Î¹Î´Î¸á¿¦

694 5386 895 5427 nenotcs
921 5378 1069 5425 fertur
1094 5388 1201 5423 esse
1224 5377 1406 5421 Jobunt.

754 5401 755 5409 â€˜
821 5392 895 5427 tcs
921 5392 1069 5425 lct'llllâ€˜
1094 5392 1201 5423 esse
1224 5392 1406 5421 JODUHI.

754 5392 825 5499 Fr?)
860 5446 982 5486 Itane
1005 5436 1095 5485 alle
1132 5437 1278 5483 oriam
1296 5434 1467 5481 eodem
1492 5444 1682 5492 prorsus
1704 5441 1847 5477 sensu
1868 5423 2073 5485 exrilicat
2096 5422 2237 5491 Cluâ€œ!-

754 5507 925 5543 stamus
949 5505 1075 5543 ttom.
1098 5450 1161 5543 [Î´Î¹â€™
1184 5498 1229 5541 in
1246 5501 1415 5541 cenes.
1430 5501 1453 5539 â€™1
1465 5505 1557 5540 om.
1573 5491 1652 5543 Î¹Î½,
1677 5491 1768 5539 col.
1794 5488 1901 5540 554,
1917 5486 2024 5534 535.
2049 5484 2136 5531 Sed
2164 5485 2237 5529 hu:

693 5484 1075 5547 mstontus'tlom.
1100 5484 1161 5543 Î´Î¹â€™
1184 5498 1229 5541 in
1246 5501 1415 5541 cenes.
1430 5501 1453 5539 â€™1
1465 5484 1557 5540 oin.
1573 5491 1652 5547 Î¹Î½,
1677 5491 1768 5539 col.
1794 5488 1901 5540 554,
1917 5486 2024 5534 535.
2049 5484 2136 5547 s_cd
2164 5485 2237 5529 hic

690 5543 1085 5621 iniiiniihajica,
1100 5571 1203 5619 qth
1217 5554 1528 5615 Cbrysostomi
1543 5543 1862 5602 inventionem
1875 5558 1977 5607 pne
1993 5558 2047 5593 se
2060 5543 2231 5592 ferunt.

1386 309 1438 363 S.
1480 304 1750 362 JOANNIS
1787 299 2254 360 CHRYSOSTOMI
2296 302 2607 359 ARCHIEP.
2634 302 3152 363 CONSTANTINOP.

3786 333 3900 387 324

2345 415 2410 469 Ut
2450 427 2619 471 autem
2649 418 2809 473 fames
2838 419 3079 486 invaluit,
3108 439 3225 477 cum
3254 424 3469 479 instaret
3496 424 3660 481 ludas
3696 428 3894 498 Benja-

2339 506 2534 559 minum
2564 508 2742 561 volens
2769 510 3043 573 abducere,
3072 526 3130 566 se
3157 526 3342 567 sanum
3371 523 3425 568 et
3450 514 3770 569 incolumem
3801 532 3894 572 re-

2337 594 2607 649 ducturum
2626 598 2900 665 pollicitus,
2918 600 3061 655 dedit
3078 600 3237 655 Iacob
3256 604 3569 670 duplicatum
3588 615 3891 674 argentum,

2332 683 2522 751 jubens
2550 686 2649 740 alia
2689 701 2895 755 quoque
2922 688 3057 741 dona
3100 687 3300 743 aï¬‚'erri.
3335 690 3399 745 Ut
3425 701 3600 745 autem
3644 694 3709 745 ad
3743 692 3893 747 Iose-

2338 773 2497 840 phum
2520 786 2888 842 pervenerunt,
2915 777 2981 829 ab
3002 792 3064 830 eo
3086 778 3475 844 perhumaniter
3498 780 3704 846 excepti
3733 791 3889 843 sunt;

2336 860 2403 914 de
2434 870 2581 928 patre
2612 862 2697 915 ille
2724 863 3094 931 interrogavit,
3126 875 3179 917 et
3204 865 3345 919 lauto
3374 866 3491 919 illos
3520 869 3765 920 convivio
3795 882 3888 921 ex-

2335 952 2490 1017 cepit.
2524 952 2653 1005 Cum
2694 966 2848 1020 porro
2871 953 2936 1007 de
2965 952 3131 1007 reditu
3152 963 3395 1022 ageretur
3416 994 3431 1020 ,
3454 956 3612 1023 jussit
3640 956 3887 1023 poculum

2335 1055 2550 1093 aureum
2592 1042 2730 1109 injici
2762 1042 2812 1094 in
2852 1057 3059 1096 saccum
3104 1043 3425 1111 Beujamini,
3478 1046 3579 1099 illis
3637 1046 3891 1115 ignoran-

2338 1132 2491 1185 tibus.
2523 1131 2590 1186 Ut
2619 1141 2793 1185 autem
2824 1134 3066 1201 injectum
3096 1133 3191 1187 fuit
3220 1135 3481 1201 poculum,
3513 1136 3637 1189 dum
3671 1137 3747 1190 illi
3775 1139 3893 1191 abi-

2335 1228 2469 1283 rent,
2481 1219 2825 1287 jubetJoseph
2842 1221 3170 1289 prmpositum
3183 1221 3369 1275 domus
3378 1238 3486 1277 sua:
3502 1224 3644 1276 viros
3660 1225 3889 1292 insequi.

2335 1309 2642 1378 lnsequutus
2670 1310 2755 1363 ille
2785 1310 3052 1363 incusabat
3085 1312 3222 1379 quod
3262 1312 3553 1367 beneficum
3596 1314 3757 1367 malis
3801 1330 3890 1367 re-

2335 1410 2687 1453 munerarent.
2720 1399 2823 1454 lllis
2858 1415 2981 1454 vero
3012 1401 3249 1463 turbatis,
3272 1412 3321 1455 et
3353 1411 3522 1456 morte
3547 1402 3767 1471 dignum
3800 1404 3893 1456 de-

2336 1489 2633 1543 finientibus
2662 1505 2778 1543 eum
2804 1490 2890 1558 qui
2919 1492 2968 1542 in
3003 1490 3139 1543 furto
3161 1490 3522 1557 deprehensus
3544 1494 3700 1555 foret,
3727 1507 3895 1561 seque

2334 1580 2567 1633 servituti
2595 1578 2877 1643 obnoxios,
2913 1580 3178 1632 inventum
3211 1579 3304 1631 fuit
3329 1579 3574 1647 poculum
3603 1581 3656 1633 in
3700 1581 3892 1649 Benja-

2335 1668 2461 1720 mini
2490 1681 2663 1721 sacco.
2695 1666 2841 1721 Tunc
2882 1668 3145 1736 ingressus
3172 1666 3330 1721 Judas
3353 1707 3368 1733 ,
3413 1668 3675 1737 longoque
3710 1668 3895 1722 habito

2333 1771 2575 1811 sermone
2599 1757 2664 1811 de
2685 1766 2848 1825 patre,
2877 1758 2942 1811 de
2965 1757 3215 1826 Josepho,
3238 1756 3377 1811 etde
3398 1758 3743 1826 Benjamino;
3768 1773 3890 1812 cum

2333 1861 2390 1901 se
2436 1846 2521 1901 ille
2561 1861 2657 1915 pro
2687 1861 2846 1915 puero
2888 1846 2952 1901 ad
2980 1848 3282 1901 servitutem
3308 1846 3558 1911 oll'erret,
3601 1846 3655 1899 in
3689 1855 3892 1900 tantam

2326 1937 2841 1993 commiserationem
2868 1939 3149 2007 Josephum
3178 1939 3373 2007 injecit,
3403 1950 3455 1991 ut
3482 1947 3590 1992 tota
3613 1938 3699 1992 illa
3730 1954 3891 1994 scena

2334 2028 2659 2095 proderetur.
2690 2026 2941 2079 Omnibus
2959 2027 3095 2079 enim
3117 2027 3359 2088 exclusis,
3384 2035 3441 2079 ut
3459 2026 3558 2079 sibi
3580 2040 3703 2080 cum
3728 2027 3892 2081 iiberâ€”

2335 2126 2441 2169 tate
2469 2114 2595 2169 ï¬‚ere
2621 2114 2821 2179 liceret,
2853 2128 2971 2169 sese
3001 2114 3244 2167 fratribus
3272 2115 3705 2183 cognoscendum
3733 2115 3887 2169 exhi-

2335 2205 2472 2268 buit,
2502 2203 2742 2271 misitque
2772 2203 2833 2255 ad
2862 2211 3062 2271 patrem
3092 2217 3208 2255 cum
3244 2203 3396 2255 donis
3423 2212 3475 2254 et
3502 2203 3759 2270 plaustris
3790 2218 3804 2255 :
3839 2202 3891 2255 id

2333 2292 2471 2362 quod
2500 2294 2653 2346 etiam
2685 2292 2938 2345 Pharaoni
2963 2292 3207 2360 placitum
3238 2301 3370 2344 erat.
3406 2290 3474 2345 Ut
3499 2291 3703 2344 audivit
3724 2291 3890 2345 Jacob

2334 2401 2392 2441 ea
2423 2400 2537 2454 quae
2562 2383 2625 2437 ad
2645 2383 2925 2452 Josephum
2952 2381 3273 2450 spectabant,
3293 2383 3482 2452 gaudio
3507 2382 3755 2449 perfusus
3782 2390 3889 2446 est,

2333 2484 2387 2531 et
2410 2475 2626 2543 jubente
2666 2474 2771 2527 Deo
2815 2472 3085 2527 descendit
3114 2473 3166 2525 in
3216 2472 3521 2541 Egyptum.
3554 2470 3710 2525 Videt
3739 2470 3891 2525 lose-

2333 2568 2491 2639 phum
2512 2575 2653 2635 pater
2677 2580 2689 2616 :
2717 2564 2826 2617 hzee
2850 2562 3211 2617 renuntiantur
3231 2561 3511 2625 Pharaoni,
3535 2561 3624 2627 qui
3648 2559 3893 2613 habitare

2333 2674 2424 2715 eos
2449 2657 2604 2726 jussit
2642 2658 2692 2712 in
2721 2656 2989 2709 Ramesse.
3031 2654 3098 2709 Ut
3121 2664 3296 2707 autem
3337 2654 3650 2708 exhaustum
3683 2653 3892 2707 fuitar-

2334 2758 2543 2817 genium
2575 2756 2746 2811 terrm,
2773 2746 3005 2814 jumenta
3036 2743 3218 2797 dantes
3244 2743 3318 2796 illi
3350 2743 3615 2808 homines,
3644 2742 3890 2797 frumen-

2336 2847 2441 2891 tum
2469 2836 2790 2905 aceipiebant
2819 2852 2833 2888 :
2861 2834 2941 2887 bis
2966 2846 3172 2901 quoque
3196 2831 3586 2895 deficientibus,
3619 2845 3722 2884 nec
3750 2829 3893 2885 fama

2334 2925 2623 2989 desinente,
2652 2924 2851 2990 seipsos
2877 2937 2993 2976 cum
3018 2931 3156 2975 terra
3182 2918 3437 2973 dederunt
3462 2934 3475 2970 :
3505 2932 3566 2973 ac
3586 2919 3731 2972 servi
3757 2918 3893 2972 Pha-

2334 3014 2509 3069 raonis
2537 3012 2802 3066 constituti
2824 3010 3181 3072 seminabant,
3211 3016 3265 3061 et
3290 3007 3523 3075 quintam
3552 3015 3760 3074 partem
3790 3006 3887 3075 ipsi

2334 3104 2662 3165 referebant,
2715 3112 2935 3170 quatuor
2976 3100 3074 3154 sibi
3118 3106 3290 3167 partes
3333 3106 3688 3152 reservantes.
3734 3097 3891 3151 Morti

2335 3195 2601 3265 proximus
2625 3192 2804 3256 Jacob,
2828 3190 3176 3258 juramentum
3206 3187 3365 3256 exigit
3388 3202 3417 3240 a
3447 3186 3704 3255 Josepho,
3740 3201 3808 3241 ne
3832 3201 3894 3241 se

2334 3286 2385 3338 in
2413 3283 2635 3353 Egypto
2660 3281 2923 3347 sepeliret,
2945 3278 3035 3331 sed
3064 3279 3111 3331 in
3135 3279 3373 3345 sepulcro
3403 3283 3612 3344 patrum
3640 3290 3889 3329 suorum.

2333 3374 2598 3441 Filiosque
2636 3369 2846 3436 Josephi
2876 3368 3120 3435 Ephraim
3159 3375 3211 3419 et
3248 3364 3535 3417 Manassem
3567 3378 3672 3417 non
3707 3364 3761 3417 in
3793 3378 3889 3418 ne-

2337 3475 2533 3534 potum,
2553 3462 2644 3517 sed
2666 3461 2717 3513 in
2738 3461 2955 3512 filiorum
2976 3457 3211 3510 ordinem
3233 3463 3489 3508 accenset.
3510 3453 3890 3522 Caligabatquo

2336 3555 2498 3611 oculis
2523 3551 2684 3607 Jacob
2713 3568 2725 3603 :
2759 3561 2813 3603 ut
2841 3558 3014 3602 autem
3043 3546 3303 3600 osculatus
3328 3555 3408 3598 est
3435 3557 3549 3609 eos,
3579 3558 3701 3597 cum
3726 3542 3890 3598 bene-

2336 3646 2569 3701 dicturus
2602 3643 2717 3696 illos
2742 3648 2916 3704 esset,
2945 3638 3137 3704 Joseph
3180 3650 3207 3688 a
3240 3634 3469 3690 sinistris
3494 3634 3681 3687 Jacobi
3715 3635 3891 3702 posuit

2337 3733 2586 3802 Ephraim
2606 3772 2620 3797 ,
2652 3739 2705 3783 et
2731 3730 3020 3783 Manasscm
3045 3740 3073 3778 a
3100 3724 3315 3779 dextris.
3345 3721 3506 3777 Jacob
3536 3730 3716 3776 autem
3759 3721 3891 3775 dex-

2338 3834 2501 3879 teram
2529 3836 2736 3875 manum
2764 3819 3005 3886 imposuit
3026 3830 3181 3884 super
3200 3815 3459 3881 juniorem
3486 3812 3575 3881 qui
3603 3828 3633 3865 a
3659 3812 3891 3866 sinistris

2338 3915 2543 3976 stabat,
2587 3912 2847 3965 sinistram
2879 3924 3004 3961 vero
3041 3921 3198 3975 super
3232 3920 3349 3959 eum
3380 3904 3466 3973 qui
3494 3918 3523 3955 a
3548 3903 3753 3957 dextris
3778 3943 3794 3967 ,
3836 3912 3891 3956 et

2338 4000 2622 4056 benedixit.
2652 4000 2921 4052 Pulantem
2965 3995 3248 4062 Josephum
3287 3992 3339 4045 id
3370 4002 3569 4059 patrem
3600 4005 3695 4058 per
3733 3990 3891 4057 igno-

2337 4092 2557 4147 rantiam
2586 4088 2773 4150 facere,
2804 4097 2856 4140 et
2880 4093 3175 4139 monentem
3195 4124 3208 4146 ,
3238 4097 3339 4134 non
3370 4080 3486 4133 tulit
3509 4080 3694 4143 Iacob,
3726 4094 3893 4148 seque

2338 4195 2575 4252 gnarum,
2608 4193 2710 4232 non
2742 4177 3061 4244 ignorantem
3088 4172 3138 4225 id
3167 4171 3337 4225 facere
3365 4169 3513 4222 dixit.
3551 4167 3703 4221 Tunc
3744 4167 3895 4221 dedit

2338 4272 2566 4342 Josepho
2584 4268 2743 4325 Jacob
2764 4269 3008 4321 Sicimam
3026 4265 3142 4332 jure
3166 4263 3446 4331 pratcipuo,
3477 4274 3635 4328 quam
3657 4258 3891 4328 Symeon

2343 4373 2395 4418 et
2424 4363 2547 4416 Levi
2594 4366 2865 4427 ceperant.
2914 4356 2981 4410 Et
3012 4351 3444 4409 benedicitlilios
3489 4364 3635 4403 suos.
3686 4348 3785 4404 llic
3828 4349 3894 4403 de

2339 4453 2547 4509 Christo
2575 4448 2885 4502 vaticinatur
2914 4462 2926 4498 :
2958 4442 3073 4495 Non
3101 4440 3312 4508 deï¬ciet,
3346 4439 3534 4507 inquit,
3566 4438 3806 4505 princeps
3833 4452 3891 4489 ea

2338 4543 2370 4596 J
2378 4542 2475 4595 uda
2492 4582 2505 4604 ,
2545 4553 2631 4591 nec
2673 4538 2776 4588 dua:
2818 4534 2877 4584 de
2902 4529 3164 4600 femoribus
3189 4529 3297 4596 ejus
3319 4565 3334 4590 ,
3371 4528 3524 4579 donec
3549 4526 3714 4578 veniat
3741 4525 3785 4577 is
3814 4524 3894 4576 cui

2339 4631 2605 4699 repositum
2638 4634 2707 4679 est
2743 4621 2908 4693 (Gen.
2948 4619 3035 4673 49.
3069 4615 3195 4687 10).
3236 4616 3300 4671 Ut
3328 4622 3500 4669 autem
3533 4622 3781 4667 mortuus
3813 4621 3897 4667 est

2339 4720 2499 4774 Jacob
2516 4757 2531 4782 ,
2558 4715 2688 4771 luxit
2710 4727 2828 4767 eum
2848 4707 3041 4778 Joseph
3060 4746 3075 4769 ,
3102 4716 3154 4760 et
3174 4704 3395 4759 eiiâ€˜erens
3415 4703 3661 4771 sepelivit
3682 4702 3740 4756 in
3770 4716 3894 4771 spe-

2340 4814 2492 4868 lunca
2516 4806 2755 4862 Abralue.
2786 4803 3036 4855 Dixerunt
3057 4799 3230 4865 itaque
3252 4795 3437 4849 fratres
3462 4794 3576 4861 ejus
3608 4809 3621 4844 :
3658 4792 3745 4845 Ne
3770 4796 3899 4862 forte

2339 4900 2537 4972 injuria
2568 4894 2852 4949 memoriam
2875 4890 3109 4951 retineat,
3137 4896 3183 4937 et
3203 4885 3383 4950 referat
3412 4881 3552 4934 nobis
3581 4882 3755 4943 mala,
3786 4894 3897 4948 qua

2340 4970 2593 5046 intulimus
2612 4986 2654 5038 ei
2677 4982 2835 5054 (Gem.
2860 4978 2946 5032 50.
2975 4977 3039 5030 15
3059 4975 3076 5043 )
3097 5016 3110 5038 ,
3134 4981 3187 5027 et
3206 4972 3460 5040 rogabant
3479 4984 3601 5024 eum
3623 4970 3893 5023 dicentes:

2344 5081 2469 5134 Ecce
2510 5091 2597 5129 nos
2638 5072 2760 5125 ÎµÎµÎ¹Î½á½¶
2801 5069 2869 5121 tui
2906 5079 3077 5121 eumut
3122 5061 3283 5131 (Gen.
3314 5060 3401 5115 50.
3439 5059 3568 5128 18).
3613 5058 3898 5125 Flevitquo

2342 5172 2562 5241 Jusepb,
2594 5178 2645 5222 et
2667 5165 2797 5219 dixit
2826 5162 2900 5215 eis
2930 5177 2942 5212 :
2977 5157 3056 5209 Ne
3087 5155 3295 5207 linteatis
3323 5170 3340 5206 :
3370 5167 3485 5204 nam
3516 5150 3611 5203 Dei
3637 5166 3752 5203 sum
3782 5164 3894 5217 ego.

2351 5263 2447 5316 Vos
2469 5237 2604 5312 inala
2644 5250 2848 5307 comitia
2888 5247 3081 5315 cepistis
3104 5286 3118 5309 ,
3152 5244 3282 5297 Deus
3320 5253 3482 5293 autem
3509 5240 3639 5293 bona
3667 5237 3898 5290 retrtbuit

2343 5352 2483 5405 milii.
2514 5348 2618 5414 Ego
2659 5341 2873 5395 nutriant
2902 5354 2985 5390 vos
3011 5345 3053 5387 et
3081 5334 3251 5386 domos
3279 5340 3463 5384 vestras
3504 5326 3685 5397 (Ibid.
3724 5342 3772 5378 Î¹Î¿.
3808 5324 3893 5378 19.

2342 5446 2399 5496 21
2437 5442 2473 5509 ).
2512 5413 2643 5490 Vixit
2673 5446 2798 5499 ergo
2843 5427 3034 5495 Joseph
3066 5432 3273 5477 centum
3302 5433 3467 5472 annos
3512 5418 3625 5485 (Î±),
3666 5424 3723 5468 et
3765 5413 3897 5467 vidit

2402 5596 2473 5659 (a)
2506 5590 2665 5640 Omnia
2690 5580 2979 5645 exemplaria
2998 5574 3252 5626 Bibliortun
3268 5578 3461 5623 centum
3485 5577 3537 5617 et
3554 5568 3734 5619 decem
3748 5578 3903 5616 annos
