4152 6324
220 487 359 556 αὓτη
380 486 499 539 ἐστὶ
533 487 795 556 Βηθλεέμ.
827 489 883 539 '0
918 489 973 539 δὲ
996 488 1202 557 τεχθεὶς
1227 487 1293 558 ἦν
1321 490 1620 559 Βενιαμείν.
1647 491 1775 543 Τότε

219 572 491 643 ἐκοιμήθη
539 573 761 640 Ῥουϐὶμ
809 574 943 641 μετὰ
976 574 1180 636 Βάλλας
1228 579 1325 645 τῆς
1368 576 1641 644 παλλακῆς
1682 576 1775 627 τοῦ

218 658 428 725 πατρὸς
472 657 656 710 αὐτοῦ.
690 658 821 709 Τότε
874 659 1138 711 ἀπέθανεν
1180 662 1396 714 Ἰσαάκ·
1447 664 1539 713 καὶ
1574 662 1775 730 ἔθαψαν

216 743 381 795 αὑτὸν
413 744 581 795 Ἠσαῦ
609 744 698 796 καὶ
737 744 945 797 Ἰακώϐ.
980 745 1421 813 Γενεαλογοῦνται
1457 749 1505 798 οί
1542 748 1647 799 ἀπὸ
1682 748 1773 801 τοῦ

226 828 423 889 Ἡσαῦ,
451 829 574 881 ἔνθα
604 830 913 898 εὑρίσκεται
954 830 1072 883 Ἰὼϐ
1102 833 1206 884 ἀπὺ
1235 833 1432 886 τούτων
1461 832 1553 896 ῶν,
1586 833 1772 885 Ἰωϐἀϐ

212 915 269 965 δὲ
319 913 552 967 ἐνταῦθα
604 916 862 968 καλεῖται.
913 917 1325 984 Διαφθονοῦνται
1372 919 1448 986 τῷ
1491 919 1681 988 Ἰωσὴφ
1725 922 1771 971 οί

215 996 438 1067 ἀδελφοὶ
464 1000 569 1053 τῶν
599 1002 858 1053 ἐνυπνίων
889 1002 1066 1067 ἕνεκα,
1104 1005 1195 1056 καὶ
1230 1006 1309 1055 ὅτι
1339 1004 1532 1072 μᾶλλον
1558 1006 1716 1056 αὑτὸν
1744 1005 1772 1055 6

215 1086 400 1154 πατὴρ
435 1086 624 1153 ἐφίλει.
649 1087 754 1138 Kal
782 1087 1030 1149 λαϐόντες
1054 1088 1209 1157 μόνον
1236 1089 1509 1140 ἐϐούλοντο
1535 1090 1735 1141 ἀνελεῖν
1755 1105 1770 1119 ο

216 1172 714 1240 συμϐουλεύσαντος
770 1173 823 1225 δὲ
860 1174 950 1226 τοῦ
994 1175 1217 1243 Ῥουϐὶμ
1246 1176 1323 1237 είς
1364 1175 1560 1227 λάκκον
1600 1176 1770 1245 ἐμϐα-

214 1257 323 1308 λεῖν
364 1257 636 1325 (ἐϐούλετο
678 1259 785 1327 γάρ
812 1258 969 1310 αὑτὸν
998 1260 1131 1322 τέως
1176 1259 1447 1324 ἐξελέσθαι
1474 1260 1564 1312 τοῦ
1612 1260 1771 1313 θανάά

214 1354 354 1411 του),
397 1344 524 1395 ἐπεὶ
557 1343 836 1407 ἐνέϐαλον,
872 1343 1127 1396 ἀπέδοντο
1165 1342 1385 1413 ὕστερον
1421 1345 1531 1407 τοῖς
1562 1345 1770 1399 Μαδια-

214 1428 405 1491 ναίοις,
423 1428 517 1480 τοῦ
552 1430 716 1481 Ἰούδα
744 1428 895 1481 τοῦτο
918 1430 1362 1499 εἰσηγησαμένου.
1382 1430 1481 1483 Τὸν
1500 1431 1551 1483 66
1572 1431 1769 1499 χιτῶνα

212 1516 377 1567 αὑτοῦ
411 1516 675 1583 βάψαντες
700 1518 909 1584 αἵματι,
941 1518 1274 1569 ἐπεδείκνυον
1302 1518 1378 1586 τῷ
1409 1520 1590 1586 πατρί.
1628 1520 1684 1570 '0
1711 1518 1767 1569 66

214 1602 436 1669 νομίσας
467 1602 794 1671 θηριάλωτον
822 1603 1118 1671 γεγονέναι,
1151 1604 1361 1673 ἐθρήνει
1390 1604 1656 1672 χαλεπῶς.
1680 1602 1768 1672 Τῷ

211 1688 265 1738 66
300 1687 470 1739 Ἰούδα
508 1688 800 1757 ἐτέχθησαν
826 1690 950 1758 Ἢρ,
993 1689 1188 1751 Αύνᾶν,
1228 1689 1320 1741 καὶ
1354 1688 1555 1758 Σηλών.
1612 1691 1758 1741 Ἀπο-

213 1772 461 1835 Οανόντος
489 1774 543 1826 δὲ
575 1774 666 1826 τοῦ
703 1774 827 1842 Ἣρ,
861 1774 957 1843 τὴν
988 1778 1217 1840 γυναῖκα
1241 1772 1403 1825 αὑτοῦ
1445 1772 1540 1843 τὴν
1576 1772 1765 1843 Θάμαρ

212 1858 401 1911 ἐλαϐεν
434 1862 463 1912 6
511 1860 734 1927 ἀδελφὸς
784 1860 948 1912 αὑτοῦ
1002 1861 1209 1911 Αύνᾶν·
1262 1861 1353 1911 καὶ
1385 1861 1483 1911 οὐκ
1524 1859 1766 1913 ἐϐούλετο

211 1944 513 2010 ἀναστῆσαι
538 1946 755 2013 σπέρμα
786 1945 862 2012 τῷ
887 1943 1095 2013 ἀδελφῷ
1123 1944 1309 1997 αὐτοῦ.
1350 1945 1437 2006 Ὠς
1465 1944 1520 1997 66
1552 1947 1645 1997 καὶ
1679 1940 1751 1997 06-

211 2047 298 2092 τος
329 2030 619 2089 ἀπέθανεν.
664 2031 841 2083 οὐκέτι
883 2030 1043 2100 ἤθελε
1080 2030 1157 2100 τῷ
1181 2032 1346 2101 τρίτῳ
1375 2031 1557 2101 Σηλὼν
1588 2032 1765 2085 δοῦναι

211 2120 440 2182 γυναῖκα
478 2120 576 2186 τὴν
622 2117 814 2186 Θάμαρ
854 2120 883 2170 ό
921 2118 1114 2179 Ἰούδας
1155 2117 1324 2189 [524].
1375 2119 1437 2170 'H
1476 2120 1532 2171 66
1573 2119 1764 2189 Θάμαρ

210 2203 601 2271 κοσμησαμένη
634 2203 882 2255 ἐκάθισεν
902 2203 977 2265 ὡς
998 2203 1166 2272 πόρνη
1190 2204 1338 2274 παρά
1366 2204 1462 2273 τὴν
1494 2204 1629 2257 όδόν.
1658 2207 1764 2257 Kal

210 2290 433 2358 νομίσας
479 2290 646 2359 αὐτὴν
678 2287 886 2358 άληθῶς
926 2291 1127 2359 πόρνην
1155 2286 1293 2342 εἶναι
1329 2290 1521 2354 Ἰούδας
1544 2291 1758 2360 (ἐκεκά-

210 2373 376 2426 λυπτο
425 2375 533 2444 γάρ
599 2376 659 2426 16
714 2374 1058 2445 πρόσωπον),
1112 2376 1323 2445 είσῆλθε
1378 2378 1512 2446 πρὸς
1576 2378 1762 2449 αὐτὴν,

210 2462 300 2513 καὶ
356 2460 550 2512 ἔδωκεν
593 2461 727 2529 αὐτῇ
776 2460 1084 2531 ἀρραϐῶνα,
1124 2463 1381 2532 ὁρμίσκον
1432 2464 1520 2515 καὶ
1566 2463 1760 2515 δακτύ-

209 2546 317 2599 λιον
363 2547 456 2599 καὶ
502 2546 710 2617 ῥάϐδον.
750 2548 836 2608 Ὠς
897 2546 951 2599 δέ
1008 2548 1319 2618 ἀπηγγέλθη
1391 2550 1526 2618 μετὰ
1570 2549 1758 2611 ταῦτα,

206 2636 284 2686 ὅτι
342 2634 461 2687 κύει
518 2635 743 2704 Θάμαρ,
805 2635 1081 2688 ἐκέλευσεν
1140 2637 1305 2706 αύτὴν
1362 2638 1761 2707 κατακαυθῆναι

207 2721 233 2770 6
269 2719 526 2789 πενθερὸς
589 2719 801 2780 Ἰούδας.
840 2722 901 2772 Ἠ
953 2721 1007 2773 66
1061 2722 1341 2773 ἀπέστειλε
1391 2723 1647 2789 λέγουσα,
1697 2726 1760 2774 ἐκ

206 2806 295 2859 τοῦ
340 2807 531 2876 ἀνδρὸς
597 2806 985 2874 συνειληφέναι,
1046 2801 1105 2859 06
1160 2812 1188 2861 6
1232 2809 1485 2869 δάκτυλός
1550 2818 1566 2837 ·
1624 2811 1755 2859 ἐστι.

206 2892 337 2944 Τότε
362 2892 523 2960 φησὶν
558 2890 772 2951 Ἰούδαςο
802 2889 1173 2944 Δεδικαίωται
1209 2892 1405 2959 Θάμαρ
1434 2892 1470 2958 ἣ
1511 2890 1641 2958 ἐγώ.
1674 2892 1760 2954 Ὠς

204 2977 259 3030 δὲ
291 2977 488 3042 ἐτικτε,
516 2974 877 3046 προεξήνεγκε
906 2977 1001 3046 τὴν
1040 2980 1194 3047 χεῖρα
1230 2979 1257 3029 ό
1284 2976 1453 3049 Ζαρὰ,
1484 2971 1601 3029 εἶτα
1634 2995 1759 3029 συν-

208 3062 431 3126 έστειλε,
453 3062 545 3114 καὶ⁵
570 3061 785 3130 ἐξῆλθεν
807 3064 833 3113 6
858 3062 1049 3131 Φαρὲς,
1074 3064 1165 3113 καὶ
1192 3062 1309 3113 τότε
1332 3064 1358 3114 6
1382 3063 1546 3132 Ζαρά.
1578 3062 1758 3114 Ταῦτα

205 3150 258 3203 δέ
285 3148 458 3211 οὕτως
492 3149 886 3219 ἀλληγορεῖται.
920 3147 1307 3219 Προεξὴνεγκε,
1344 3153 1525 3219 φησὶν,
1557 3152 1583 3201 6
1612 3152 1758 3221 επρῶ-⁹

205 3254 290 3299 τος
314 3237 458 3301 λαὸς,
486 3238 534 3289 οἱ
560 3236 667 3305 πρὸ
702 3236 794 3288 τοῦ
828 3235 989 3305 νόμου
1022 3236 1237 3301 δίκαιοι,
1266 3237 1366 3309 τὴν
1402 3241 1573 3307 χεῖρα,
1603 3256 1754 3289 τουτ-

207 3324 339 3388 έστι,
362 3322 458 3391 τὴν
490 3322 740 3390 ἐνάρετον
772 3321 1040 3373 πολιτείαν
1072 3322 1165 3374 καὶ
1191 3324 1502 3393 ἀγγελικὴν.
1537 3320 1667 3375 Εἶτα
1702 3327 1755 3374 ἐν

210 3416 354 3484 μέσῳ
376 3414 745 3486 παρενεϐλήθη
772 3414 930 3482 νόμος
950 3429 962 3444 ο
999 3412 1135 3483 μετὰ
1170 3413 1225 3464 66
1254 3413 1422 3466 ταῦτα
1477 3414 1633 3466 πάλιν
1663 3417 1754 3466 ἁν-

205 3502 404 3571 εκλήθη
432 3504 637 3563 ἐκεῖνος
658 3504 684 3553 6
704 3500 961 3569 πρότερος
991 3499 1119 3568 βίος,
1144 3499 1229 3552 διά
1248 3500 1344 3567 τῆς
1367 3500 1505 3552 κατὰ
1529 3501 1756 3570 Χριστὸν

207 3587 474 3649 πολιτείας
518 3588 608 3637 ἐπὶ
651 3586 710 3637 τὸ
753 3584 1076 3654 τελειότερον
1132 3584 1445 3653 παραχθείς.
1492 3586 1754 3655 Ἦγόρασε

204 3677 290 3728 τὸν
333 3676 525 3745 Ἰωσὴφ
555 3678 582 3728 6
629 3676 1018 3745 ἀρχιμάγειρος
1055 3674 1251 3744 Φαραὼ
1294 3677 1322 3727 6
1360 3677 1749 3746 Πεντεφρήςδο

205 3765 493 3833 ἐνεχείρισε
527 3765 593 3816 τά
626 3765 763 3816 κατὰ
784 3764 880 3833 τὴν
917 3764 1111 3816 οἰκίαν.
1144 3765 1254 3816 Ούκ
1286 3761 1390 3829 εἶξε
1414 3767 1477 3834 τῇ
1504 3765 1751 3835 δεσποίνῃ

206 3852 537 3920 παρανομεῖν
601 3850 891 3918 κελευούσῃ
925 3852 1148 3911 ἐκεῖνος.
1190 3850 1643 3920 Ἐσυκοφαντήθη,
1671 3853 1752 3901 ἐν·

206 3936 399 4005 ἐϐλήθη
420 3940 495 3997 είς
513 3937 571 3987 16
592 3936 957 4004 δεσμωτήριον
976 3950 987 3963 ⁸
1015 3930 1081 4003 ἦν
1115 3934 1294 4004 ἅρχων
1324 3938 1498 3997 κάκεῖ,
1523 3937 1752 4005 διέκρινε

203 4022 276 4090 τῷ
322 4022 667 4091 ἀρχιοινοχόῳ
716 4021 806 4072 καὶ
849 4019 927 4087 τῷ
968 4020 1349 4088 ἀρχισιτοποιῷ
1390 4022 1457 4072 τὰ
1510 4022 1749 4073 ἐνύπνια.

215 4107 400 4176 Ἐξέϐη
428 4106 606 4168 καθὼς
644 4101 791 4158 εἷπε·
823 4107 912 4158 καὶ
934 4108 959 4156 6
993 4104 1089 4174 μὲν
1122 4106 1377 4175 ἀνῃρέθη,
1405 4110 1432 4158 6
1457 4108 1510 4159 66
1547 4110 1625 4169 είς
1656 4109 1751 4178 τὴν

204 4193 472 4262 προτέραν
508 4192 771 4260 ἐπανῆλθε
817 4192 997 4260 τιμήν.
1046 4188 1162 4242 Εἷδε
1194 4192 1389 4261 Φαραὼ
1420 4194 1485 4244 τά
1530 4192 1750 4245 ἐνύπνια

204 4279 305 4330 τῶν
334 4280 489 4348 βοῶν,
518 4280 623 4331 τῶν
651 4277 893 4346 σταχύων
914 4295 926 4308 ο
953 4278 1018 4329 δι’
1053 4272 1126 4331 ὧν
1160 4278 1405 4347 ἐδηλοῦτο
1435 4281 1465 4347 ἡ
1507 4280 1746 4349 εύθηνία,

205 4367 293 4419 καὶ
324 4369 351 4418 6
380 4365 755 4433 διαδεξάμενος
805 4364 973 4432 αὐτὴν
1013 4364 1186 4432 λιμός·
1228 4364 1513 4433 Ἐξηνέχοη
1555 4368 1748 4434 Ἰωσὴφ

203 4452 291 4504 τοῦ
321 4451 713 4521 δεσμωτηρίου,
740 4452 825 4502 ἵνα
844 4449 1071 4520 ἐπιλύσῃ
1090 4463 1103 4476 ’
1127 4451 1359 4518 ἐμήνυσε
1380 4451 1485 4519 γὰρ
1504 4453 1530 4502 6
1548 4452 1750 4519 ἀρχιοι-

204 4538 400 4607 νοχόος.
439 4538 745 4601 Ἐπέλυσεν,
779 4535 941 4587 ἔδωκε
974 4537 1067 4587 καὶ
1094 4536 1315 4604 γνώμην
1352 4536 1446 4606 τὴν
1475 4538 1561 4589 τὸν
1596 4538 1748 4606 λιμὸν

203 4624 743 4695 παραμυθησομένην.
765 4623 972 4677 Γίνεται
1000 4622 1133 4692 μετὰ
1159 4624 1247 4675 τὸν
1268 4623 1482 4695 Φαραὼ,
1504 4626 1596 4677 καὶ
1626 4642 1747 4677 συν-

203 4711 414 4778 αγαγὼν
448 4715 588 4763 σῖτον
615 4710 777 4761 πολὺν
804 4710 860 4760 ἐν
887 4712 996 4770 τοῖς
1024 4709 1160 4761 ἐπτά
1182 4709 1323 4761 ἐτεσι
1344 4711 1440 4778 τῆς
1464 4711 1711 4778 εὐθηνίας
1731 4752 1745 4773 ,

202 4798 284 4849 ὅτε
316 4798 346 4849 6
373 4798 524 4865 λιμὸς
557 4797 777 4864 ἐπέστη,
811 4794 1004 4847 ἐπώλει
1038 4798 1147 4857 τοῖς
1170 4793 1525 4862 βουλομένοις,
1550 4792 1748 4848 Ἶιλθον

205 4887 289 4935 καὶ
326 4885 376 4935 οί
409 4882 624 4950 ἀδελφοὶ
656 4879 817 4932 αὑτοῦ
856 4880 1133 4949 πρίασθαι.
1164 4881 1251 4942 Ὠς
1287 4881 1342 4932 66
1368 4881 1464 4932 ούκ
1501 4877 1605 4933 εῐδε
1632 4882 1746 4951 μετ’

204 4969 377 5023 αὐτῶν
415 4969 503 5021 16v
559 4966 840 5034 Βενιαμὶν,
881 4966 1127 5028 δεδοικὼς
1176 4967 1249 5035 μὴ
1295 4968 1386 5018 καὶ
1447 4967 1605 5019 αὐτὸν
1643 4969 1748 5019 ἀπ-

204 5056 423 5118 ώλεσαν,
452 5057 690 5108 αἰτιᾶται
715 5053 787 5115 ὡς
830 5052 1205 5113 κατασκόπους
1235 5051 1331 5120 τῆς
1377 5052 1475 5119 γῆς
1494 5095 1506 5115 ,
1542 5054 1632 5103 καὶ
1656 5052 1747 5104 τοῦ

204 5146 535 5215 ἐγκλήματος
574 5144 672 5195 ούκ
700 5139 834 5194 εἶναι
868 5142 1055 5206 ἐτέραν
1093 5140 1261 5203 λύσιν,
1302 5140 1436 5209 πλὴν
1468 5142 1513 5191 εί
1554 5142 1626 5210 μὴ
1662 5142 1748 5193 τὸν

204 5235 421 5302 ἀδελφὸν
454 5234 539 5286 16v
568 5232 823 5301 νεώτερον
844 5231 933 5282 τὸν
960 5230 1213 5299 Βενιαμὶν
1244 5230 1639 5296 καταγαγόντες
1672 5231 1749 5291 εἰς

205 5322 467 5388 Αἴγυπτον
493 5319 753 5381 ἐπιδεῖξαι
780 5316 1072 5386 δυνηθεῖεν.
1098 5316 1290 5368 Λαϐὼν
1327 5316 1381 5368 δὲ
1409 5316 1497 5367 τὸν
1530 5315 1747 5383 Συμεὼν

259 5408 285 5435 ⁸
312 5406 589 5465 Legendum
612 5404 735 5451 haud
759 5403 970 5465 (1υυίθοῦ
992 5403 1046 5449 τὸ
1064 5402 1327 5450 δακτύλιον.
1354 5400 1409 5449 In
1434 5402 1747 5462 Lugdunensi

204 5467 362 5515 codice
386 5464 561 5526 legitur
581 5466 634 5513 οὗ
658 5467 682 5511 6
706 5464 961 5517 δακτύλιος.

259 5527 286 5567 δ
334 5521 597 5586 Πεντεφρής
646 5526 723 5572 hic
777 5524 1014 5584 Πετεφρής
1066 5528 1266 5586 Vocatur
1310 5522 1359 5569 in
1409 5521 1605 5579 Bibliis;
1663 5523 1745 5569 sed

204 5589 301 5636 hac
358 5585 548 5635 nomin’a
602 5588 801 5633 variant.
848 5585 1110 5646 Πεντεφρής
1154 5587 1300 5646 ειὶιιηι
1364 5592 1560 5646 voca_l_ur
1597 5596 1741 5642 supra

204 5648 514 5708 E1posilione
559 5649 604 5693 in
647 5646 886 5708 Psalmmp
932 5643 1098 5708 4&1).
1150 5644 1255 5708 2I9,
1308 5650 1422 5690 tom.
1470 5643 1527 5692 V.
1572 5646 1743 5691 Πεντε-

204 5705 310 5770 ορῆς
336 5710 482 5758 etiam
505 5709 681 5769 legitur
702 5708 749 5754 in
773 5705 937 5754 codice
961 5705 1178 5766 Lugduni
1204 5706 1501 5754 Balavorum.

1267 377 1597 434 SYNOPSIS
1633 378 2040 435 SCRIPTURAS
2076 378 2342 436 SACRE.

3326 400 3360 455 3
3366 401 3437 455 2’4

1876 492 1969 543 ἀπ’
2004 491 2184 543 αὐτῶν
2212 494 2304 544 καὶ
2336 492 2520 562 δήσας,
2540 491 2661 556 τοὺς
2690 491 2904 556 λοιποὺς
2923 494 3211 564 ἐξέπεμψε,
3238 499 3326 552 τόν
3361 517 3421 553 τε

1879 579 2021 630 σῖτον
2053 577 2171 638 δοὺς
2206 580 2298 630 καὶ
2324 577 2384 629 τὸ
2417 578 2693 647 ἀργύριον.
2726 578 2813 641 Ὠς
2840 579 2895 631 δέ
2923 575 3059 633 εἶδον
3078 581 3137 633 16
3167 583 3422 654 ἀργύριον

1877 661 1933 711 ἐν
1956 662 2031 730 τῷ
2058 660 2243 713 κενοῦν
2268 663 2390 723 τοὺς
2422 664 2784 730 μαρσίππους,
2814 666 3188 735 ἐταράχθησαν
3215 668 3291 737 τῷ
3317 687 3418 722 πα·

1880 746 2112 814 ραδόξῳ,
2162 747 2253 798 καὶ
2294 747 2381 798 τὸν
2436 747 2684 816 Βενιαμὶν
2728 749 2888 818 ᾔτουν
2916 752 3064 820 παρά
3096 752 3188 804 τοῦ
3220 755 3420 823 πατρὸς

1875 832 2076 896 λαϐεῖν,
2118 835 2185 886 τά
2227 835 2482 900 γεγονότα
2528 837 2951 903 ἀπαγγέλλοντες
2984 839 3212 892 ἅπαντα.
3261 842 3318 892 '0
3362 842 3418 894 δὲ

1875 920 2143 987 ἀντείχετο
2170 920 2260 971 τοῦ
2302 920 2528 971 παιδίου.
2576 922 2659 983 Ὠς
2694 922 2749 974 66
2793 924 3159 993 ἐπεκράτησεν
3185 927 3213 977 6
3244 926 3415 994 λιμὸς,

1874 1004 1964 1055 καὶ
1999 1005 2194 1065 Ἰούδας
2220 1005 2464 1055 ἐπέκειτο
2489 1003 2799 1074 βουλόμενος
2829 1007 3006 1060 λαϐεῖν
3032 1009 3119 1061 τὸν
3144 1010 3414 1080 Βενιαμὶν,

1878 1088 2003 1157 ὑγιῆ
2042 1091 2134 1141 καὶ
2163 1090 2300 1142 σῶον
2342 1090 2797 1158 ἐπαγγειλάμενος
2832 1091 3134 1163 ἐπανήξειν,
3168 1093 3362 1148 ἔδωκεν
3390 1099 3419 1149 6

1888 1171 2074 1224 Ἰακὼϐ
2115 1175 2173 1226 τό
2217 1191 2274 1225 τε
2302 1174 2561 1244 ἀργύριον
2600 1174 2839 1237 διπλοῦν,
2880 1177 3137 1241 κελεύσας
3164 1179 3417 1250 ἐπιφέρε-

1875 1258 1996 1309 σθαι
2026 1258 2118 1311 καὶ
2141 1259 2285 1326 δῶρα
2318 1260 2496 1332 ἕτερα.
2543 1260 2701 1322 Ὠςδέ
2722 1257 2881 1331 ἦλθον
2914 1262 3047 1328 πρὸς
3077 1264 3165 1317 τὸν
3198 1266 3413 1336 Ἰωσὴφ,

1871 1342 2084 1407 ἐδέξατο
2115 1345 2307 1408 αὐτοὺς
2345 1345 2603 1414 εὐμενῶς,
2645 1347 2736 1397 καὶ
2775 1342 2899 1417 περὶ
2926 1346 3015 1399 τοῦ
3041 1350 3240 1417 πατρὸς
3273 1352 3415 1420 ἠρώ-

1870 1447 2021 1499 τησε,
2046 1433 2136 1482 καὶ
2161 1434 2395 1485 εἱστίασε
2428 1432 2709 1504 λαμπρῶς.
2751 1433 2937 1485 Ἠνίκα
2963 1435 3017 1486 δὲ
3040 1434 3143 1487 ἔδει
3177 1437 3411 1495 ἀπιέναι,

1870 1516 1928 1567 16
1962 1518 2213 1586 ποτήριον
2252 1518 2311 1569 16
2343 1518 2612 1588 ἀργυροῦν
2661 1519 2865 1570 κελεύει
2900 1518 3046 1591 [525]
3086 1522 3412 1591 ἐμϐληθῆναι

1868 1602 1945 1670 τῷ
1978 1604 2274 1672 μαρσίππῳ
2318 1604 2408 1656 τοῦ
2452 1604 2737 1672 Βενιαμὶν,
2784 1605 2880 1656 οὐκ
2911 1605 3123 1658 εἰδότων
3171 1608 3409 1660 ἐκείνων.

1880 1688 1966 1746 Ὠς
1996 1688 2051 1740 66
2090 1689 2346 1758 ἐνεϐλήθη
2382 1691 2469 1742 καὶ
2508 1691 2754 1753 λαϐόντες
2796 1690 3052 1758 ἀπῆλθον,
3089 1694 3411 1761 προστάσσει

1867 1773 1943 1843 τῷ
1977 1776 2068 1827 ἐπὶ
2092 1776 2187 1843 τῆς
2218 1777 2389 1839 οίκίας
2416 1779 2442 1829 6
2470 1778 2662 1847 Ἰωσὴφ
2694 1779 3014 1842 καταδιῶξαι
3044 1782 3165 1843 τοὺς
3195 1781 3406 1851 ἄνδρας.

1881 1861 1937 1912 ’0
1976 1860 2030 1912 δὲ
2053 1861 2383 1924 καταδιώξας
2421 1862 2680 1928 ἐνεκάλει,
2704 1865 2782 1915 ὅτι
2813 1868 2993 1928 κακοῖς
3016 1865 3104 1919 τὸν
3126 1867 3412 1935 εὐεργέτην

1867 1944 2187 2012 ἠμείψαντο.
2235 1947 2657 2015 Ταραττομένων
2700 1948 2757 2000 66
2796 1951 2999 2014 αὐτῶν,
3044 1952 3135 2004 καὶ
3187 1950 3264 2019 τῲ
3313 1952 3411 2021 μεν

1867 2030 2043 2081 ἁλόντι
2074 2030 2164 2081 ἐπὶ
2185 2033 2249 2099 τῇ
2282 2030 2473 2100 κλοπῇ,
2494 2034 2541 2084 εί
2568 2032 2833 2102 εὑρεθείη,
2856 2035 3079 2087 θάνατον
3105 2036 3407 2105 όριζόντων,

1868 2116 2075 2177 ἑαυτοῖς
2122 2116 2176 2167 66
2208 2116 2477 2179 δουλείαν,
2513 2118 2815 2188 εὑρίσκεται
2855 2120 3001 2188 παρά
3031 2120 3108 2189 τῷ
3140 2122 3406 2189 Βενιαμίν.

1868 2200 1998 2252 Τότε
2027 2200 2279 2254 εἰσελθὼν
2307 2205 2334 2253 6
2371 2203 2584 2265 Ἰούδας,
2614 2204 2705 2255 xal
2728 2205 2929 2274 μακρὸν
2954 2207 3235 2267 ἀποτείνας
3259 2206 3410 2273 λόγον

1866 2286 1991 2355 περί
2010 2302 2067 2337 τε
2081 2285 2170 2337 τοῦ
2186 2287 2387 2355 πατρὸς
2407 2288 2639 2357 καὶπερὶ
2660 2288 2750 2341 τοῦ
2786 2290 2974 2359 Ἰωσὴφ
2992 2293 3082 2344 καὶ
3109 2292 3200 2343 τοῦ
3222 2293 3408 2346 Βενια-

1868 2371 1978 2439 μὶν,
2014 2370 2071 2433 ὃς
2104 2367 2170 2441 ἦν
2207 2372 2455 2441 ἐλόμενος
2494 2374 2613 2426 ἀντὶ
2651 2373 2740 2425 τοῦ
2806 2379 3086 2445 μειρακίου
3142 2377 3407 2430 δουλεύειν

1864 2456 2040 2518 αὐτὸς,
2072 2459 2149 2519 είς
2178 2458 2426 2511 τοσοῦτον
2471 2460 2713 2511 ἐνέϐαλεν
2746 2456 2919 2512 οἶκτον
2955 2462 3045 2513 τὸν
3092 2464 3303 2533 Ἰωσὴφ,
3333 2465 3405 2527 ὠς

1864 2541 2179 2610 ἐλεγχθῆναι
2206 2553 2228 2580 ο
2254 2543 2350 2612 τὴν
2392 2545 2592 2614 σκηνὴν
2621 2545 2851 2599 ἃπασαν.
2886 2548 3093 2609 Πάντας
3120 2550 3226 2619 γάρ
3249 2551 3407 2603 ἐκϐα-

1862 2626 1987 2687 λὼν,
2012 2629 2095 2679 ἴνα
2132 2627 2276 2696 αύτῷ
2311 2632 2426 2697 μετ’
2460 2630 2703 2694 ἐξουσίας
2732 2631 2979 2700 δακρύειν
3019 2632 3132 2701 ἐξῇ,
3157 2636 3406 2704 γνωρίζει

1862 2731 1919 2764 τε
1962 2714 2117 2766 αὑτὸν
2152 2718 2259 2774 τοῖς
2287 2715 2548 2781 ἀδελφοῖς,
2580 2717 2672 2768 καὶ
2712 2718 3023 2769 ἀποστέλλει
3062 2720 3150 2770 ἐπὶ
3181 2720 3268 2770 τὸν
3304 2739 3406 2773 πα-

1863 2799 1992 2866 τέρα
2036 2798 2171 2865 μετά
2205 2798 2389 2868 δώρων
2423 2800 2514 2850 καὶ
2545 2800 2765 2869 ἁμαξῶν
2786 2818 2799 2831 °
2828 2797 2894 2871 ἦν
2914 2802 2967 2854 66
2996 2804 3085 2855 καὶ
3114 2803 3188 2873 τῷ
3214 2806 3405 2876 Φαραὼ

1861 2882 2014 2933 τοῦτο
2050 2884 2413 2938 συνευδοκοῦν.
2449 2885 2534 2947 Ὠς
2559 2886 2611 2938 66
2635 2888 2860 2956 ηκουσεν
2884 2891 2910 2940 6
2951 2890 3139 2942 Ἰακὼϐ
3172 2891 3236 2943 τά
3266 2893 3405 2945 κατά

1861 2968 1949 3018 τ“·ν
1981 2970 2191 3037 Ἰωσὴφ,
2226 2971 2521 3041 περιχαρής
2544 2988 2601 3022 τε
2629 2967 2713 3041 ἦν,
2740 2974 2830 3024 καὶ
2859 2973 2949 3025 τοῦ
2977 2975 3107 3027 Θεοῦ
3133 2976 3407 3029 κελεύσαν-

1860 3070 1949 3115 τος
1982 3055 2182 3124 κατέϐη
2216 3056 2293 3116 είς
2334 3056 2619 3123 Αἴγυπτον.
2649 3058 2781 3128 Ὀρᾷ
2806 3060 2893 3111 16v
2928 3060 3121 3131 Ἰωσὴφ
3153 3062 3180 3113 ό
3206 3062 3402 3133 πατὴρ,

1859 3139 2171 3211 ἀπηγγέλθη
2210 3140 2376 3193 ταῦτα
2409 3141 2483 3211 τῷ
2509 3141 2719 3212 Φαραὼ,
2749 3145 2838 3197 καὶ
2866 3144 3175 3215 κατῴκησεν
3197 3149 3252 3200 ἐν
3278 3149 3403 3202 Ῥα-

1861 3224 2056 3293 μεσσῆ.
2091 3227 2178 3287 Ὠς
2217 3226 2272 3277 66
2312 3228 2549 3280 ἀνάλωτο
2574 3229 2631 3279 16
2666 3228 2921 3297 ἀργύριον
2956 3230 3051 3298 τῆς
3079 3232 3201 3299 γῆς,
3236 3236 3400 3303 κτήνη

1857 3310 2083 3373 διδόντες
2129 3313 2176 3363 οί
2223 3312 2511 3381 ἄνθρωποι,
2552 3312 2848 3381 ἐλάμϐανον
2892 3317 3061 3366 σῖτον·
3114 3318 3294 3389 ἐπειδὴ
3344 3320 3401 3373 δὲ

1858 3396 2142 3447 καὶταῦτα
2170 3396 2412 3460 ἐπέλιπε,
2443 3397 2535 3447 καὶ
2554 3399 2581 3448 6
2609 3397 2763 3465 λιμὸς
2791 3399 2888 3449 οὑκ
2911 3400 3156 3461 ἐπαύετο,
3183 3403 3402 3466 ἑαυτοὺς

1858 3482 2059 3533 ἔδωκαν
2086 3481 2221 3550 μετά
2245 3482 2341 3550 τῆς
2368 3482 2469 3550 γῆς
2489 3496 2501 3509 ⁶
2541 3482 2633 3533 καὶ
2662 3482 2931 3551 γενόμενοι
2953 3484 3030 3551 τῷ
3062 3486 3253 3554 Φαραὼ
3280 3487 3401 3540 δοῦ-

1859 3568 1956 3630 λοι,
1982 3569 2248 3636 ἔσπειρον,
2282 3569 2373 3619 καὶ
2405 3568 2462 3619 16
2502 3568 2743 3635 πέμπτον
2780 3570 2937 3638 μέρος
2969 3572 3199 3625 ἐδίδοσαν
3232 3574 3396 3642 αὐτῷ,

1856 3655 1920 3705 τά
1956 3654 2191 3723 τέσσαρα
2222 3654 2371 3706 αὐτοὶ
2407 3652 2789 3722 καρπούμενοι.
2822 3655 3041 3707 Μέλλων
3076 3656 3130 3708 66
3154 3659 3399 3727 τελευτᾷν

1854 3741 1883 3790 6
1910 3739 2121 3803 Ἰακὼϐ,
2150 3739 2308 3809 ὅρκον
2336 3739 2555 3790 ἀπαιτεῖ
2577 3739 2666 3789 16v
2714 3738 2928 3808 Ἰωσὴφ,
2955 3741 3092 3792 ὥστε
3133 3743 3204 3810 μὴ
3235 3744 3398 3812 θάψαι

1855 3825 2014 3877 αὑτὸν
2058 3826 2114 3875 ἐν
2154 3824 2438 3893 Αἰγύπτῳ,
2471 3823 2582 3876 ἀλλ’
2614 3826 2671 3875 ἐν
2716 3823 2791 3893 τῷ
2820 3826 2969 3894 τάφῳ
3018 3827 3124 3878 τῶν
3158 3829 3399 3900 πατέρων

1854 3910 2037 3963 αὐτοῦ.
2078 3912 2183 3962 Kal
2208 3913 2331 3972 τοὺς
2358 3911 2505 3972 υἱοὺς
2544 3910 2758 3979 Ἰωσὴφ,
2789 3911 2877 3963 τὸν
2924 3912 3157 3982 Ἐφραῖμ
3191 3915 3280 3965 καὶ
3309 3915 3398 3967 τὸν

1855 3996 2140 4064 Μανασσῆ,
2168 3996 2266 4047 ούκ
2299 3997 2375 4057 είς
2420 3995 2674 4063 ἐγγόνων,
2708 3996 2819 4047 ἀλλ’
2849 3999 2926 4058 εἰς
2960 3999 3085 4049 υἱῶν
3116 4000 3397 4066 καταλέγει

1853 4084 2022 4148 τάξιν.
2062 4083 2167 4135 Kal
2206 4082 2519 4150 ἠμϐλυώπει
2573 4083 2795 4134 Ἰακώϐ·
2842 4085 2917 4148 ὡς
2961 4085 3014 4137 δέ
3048 4087 3396 4157 κατεφίλησεν

1854 4170 2065 4231 αὐτοὺς,
2101 4170 2191 4220 καὶ
2226 4168 2329 4219 ἔδει
2360 4169 2619 4234 εὐλογεῖν,
2662 4168 2720 4231 ἐξ
2749 4170 3044 4237 ἀριστερῶν
3077 4171 3169 4222 τοῦ
3208 4172 3396 4225 Ἰακὼϐ

1853 4256 2044 4325 ἔστησε
2071 4256 2159 4306 τὸν
2203 4254 2491 4323 Ἐφραῖμό
2533 4255 2757 4323 Ἰωσὴφ,
2796 4256 2887 4306 τὸν
2935 4255 2989 4306 δέ
3038 4257 3294 4327 Μανασσῆ
3332 4262 3397 4313 ἐκ

1851 4342 2055 4404 δεξιῶν,
2094 4344 2149 4395 '0
2177 4344 2234 4394 δὲ
2268 4342 2455 4395 Ἰακὼϐ
2492 4344 2585 4412 τὴν
2619 4344 2794 4407 δεξιὰν
2833 4347 2987 4414 χεῖρα
3015 4346 3276 4416 ἐπέθηκεν
3305 4350 3395 4401 ἐπὶ

1850 4428 1940 4479 τὸν
1969 4427 2027 4490 ἐξ
2070 4428 2368 4498 ἀριστερῶν
2397 4428 2602 4481 ἐστῶτα
2633 4429 2719 4480 τὸν
2752 4430 3028 4499 νεώτερον,
3061 4431 3156 4499 τὴν
3186 4431 3241 4482 δέ
3276 4433 3394 4502 ἀρι-

1853 4514 2043 4583 στερὰν
2078 4514 2167 4565 ἐπὶ
2210 4514 2295 4565 τὸν
2352 4516 2414 4566 ἐκ
2457 4514 2678 4580 δεξιῶν,
2722 4515 2813 4567 καὶ
2854 4516 3107 4584 εύλόγησε
3133 4557 3147 4580 ,
3202 4517 3293 4569 106
3338 4518 3393 4571 66

1864 4600 2056 4669 Ἰωσὴφ
2095 4602 2336 4669 οἰομένου
2368 4601 2505 4653 κατὰ
2536 4602 2752 4668 ἄγνοιαν
2776 4603 2928 4654 τοῦτο
2963 4605 3127 4655 ποιεῖν
3166 4604 3253 4655 16v
3292 4622 3394 4657 πα-

1851 4688 2012 4756 τέρα,
2045 4687 2137 4737 καὶ
2186 4686 2588 4756 διορθουμένου,
2641 4687 2739 4738 οὐκ
2790 4688 3039 4755 ἠνέσχετο
3084 4689 3110 4738 6
3161 4690 3347 4741 Ἰακώϐ
3376 4708 3388 4721 ·

1852 4771 2001 4833 εἰδὼς
2030 4772 2133 4837 γάρ
2164 4770 2263 4840 ἔφη
2290 4769 2445 4821 τοῦτο
2470 4774 2657 4832 ποιεῖν,
2680 4772 2777 4821 οὐκ
2810 4770 3030 4835 ἀγνοῶν.
3059 4773 3187 4825 Τότε
3216 4774 3392 4827 δίδωσι

1851 4860 1925 4927 τῷ
1977 4858 2165 4927 Ἰωσὴφ
2200 4860 2227 4908 6
2288 4857 2475 4909 Ἰακὼϐ
2517 4858 2614 4925 τὴν
2661 4858 2888 4926 Σίκιμαν
2919 4860 3217 4930 ἐξαίρετον,
3255 4863 3317 4931 ἢν
3366 4866 3395 4915 6

1852 4945 2068 5013 Συμεὼν
2092 4944 2181 4995 καὶ
2204 4942 2331 4994 Λευῖ
2353 4937 2509 4995 εἷλον.
2530 4942 2636 4993 Kal
2660 4942 2868 5008 εύλογεῖ
2892 4945 3014 5004 τοὺς
3037 4945 3179 5006 υἱοὺς
3207 4945 3389 4999 αὐτοῦ.

1864 5029 2119 5081 Ἐνταῦθα
2146 5029 2271 5096 περί
2293 5027 2384 5079 τοῦ
2424 5026 2656 5096 Χριστοῦ
2692 5030 3031 5097 προφητεύει.
3062 5032 3179 5082 Οὐκ
3208 5031 3395 5083 61.18!-

1851 5120 1945 5182 ψει
1971 5116 2185 5182 ἅρχων,
2220 5113 2399 5181 φησὶν,
2442 5113 2508 5175 ἐξ
2556 5112 2764 5174 Ἰούδα,
2794 5112 2931 5165 οὐδὲ
2970 5115 3289 5182 ἡγούμενος
3327 5117 3392 5168 ἐκ

1854 5200 1964 5253 τῶν
1975 5200 2180 5267 μηρῶν
2200 5198 2401 5261 αὐτοῦ,
2422 5199 2529 5263 ἕως
2550 5198 2625 5249 ἂν
2648 5200 2792 5266 ἕλοῃ
2818 5192 2865 5263 ᾧ
2891 5200 3192 5253 ἀπόκειται
3216 5214 3266 5252 α.
3304 5201 3391 5262 Ὠς

1850 5288 1901 5338 δὲ
1932 5286 2193 5337 ἀπέθανεν
2222 5286 2249 5335 6
2273 5284 2485 5346 Ἰακὼϐ,
2516 5284 2804 5352 ἐπένθησεν
2833 5285 2991 5336 αὑτὸν
3013 5287 3040 5336 ό
3065 5287 3275 5355 Ἰωσὴφ,
3302 5289 3392 5339 καὶ

1850 5371 2134 5437 ἀναγαγὼν
2169 5370 2361 5437 ἔθαψεν
2384 5372 2439 5420 ἐν
2460 5369 2535 5437 τῷ
2562 5370 2805 5438 σπηλαίῳ
2835 5369 3095 5439 Ἀϐραάμ.
3122 5368 3280 5423 Εἶπον
3302 5368 3392 5425 οὖν

1913 5461 1933 5487 ε
1972 5458 2175 5517 Ἐλέγχω
2202 5469 2289 5502 vox
2311 5453 2911 5517 Chrysos;0mo_fau_1iliarls
2934 5456 3023 5503 hoc
3043 5470 3149 5504 usu.

1912 5518 1937 5555 «1
1966 5520 2014 5563 In
2045 5514 2251 5576 m’fgutis
2278 5514 2633 5577 exemplaribus
2658 5514 2855 5577 legitur,
2878 5517 2964 5568 ἕως
2988 5518 3041 5561 ἄν
3070 5518 3173 5576 ἔλθῃ
3199 5517 3258 5563 τὰ
3280 5518 3395 5565 ἀπο-

1850 5578 2038 5639 κείμενα
2060 5573 2202 5639 αὐτῷ’
2230 5576 2315 5639 sed
2336 5576 2383 5621 in
2407 5573 2686 5639 Quibusdam
2707 5573 3045 5639 éccjesiasticis
3082 5573 3397 5639 gcr'iplorlbul

1851 5641 1890 5698 ᾦ
1912 5634 2373 5698 ἀπόκειταιίρεὶιυτ,
2388 5644 2438 5698 gl
2460 5636 2528 5681 sic
2550 5634 2762 5698 habebat?
2776 5636 3099 5698 Qhrysoslomi
3125 5634 3393 5697 eiemplar;

1852 5695 1960 5747 unm
1984 5700 2048 5746 sic
2070 5698 2153 5745 illc
2178 5699 2295 5756 legit
2315 5697 2361 5741 in
2387 5695 2614 5745 Genesim
2638 5708 2684 5755 p.
2709 5696 2817 5755 658,
2840 5702 2888 5743 et
2912 5695 3044 5744 alibi.
