4138 6306
244 389 351 444 325

236 496 368 550 lilios
396 497 649 564 Ephraim
676 509 837 563 usque
864 493 928 546 ad
956 493 1163 546 tertiam
1195 492 1614 558 generationem.
1649 489 1788 540 Dixit

236 601 392 654 porro
421 585 674 637 fratribus
703 584 811 637 suis
841 601 854 636 :
896 581 1182 636 Visitatione
1209 580 1421 633 visitnbit
1449 593 1534 631 vos
1565 575 1721 637 Deus,
1749 586 1793 629 et

235 677 429 730 inducet
456 693 539 728 vos
569 677 617 727 in
641 685 822 728 terram
847 672 1206 743 promissionis,
1246 686 1396 740 quant
1417 670 1604 739 juravit
1634 669 1792 736 putri-

231 769 325 820 bus
364 767 548 818 nostris
588 782 641 818 se
676 765 910 816 daturum
945 763 1034 815 eis.
1069 761 1132 814 Et
1159 761 1310 814 simul
1349 761 1595 813 vobiscum
1631 761 1796 826 feretis

231 873 348 909 ossa
373 873 480 907 mea
509 851 672 924 (lien.
705 853 791 907 50.
824 853 892 906 24
916 853 957 918 ).
986 851 1114 903 Cum
1145 851 1360 903 vixisset
1377 857 1587 903 centum
1619 846 1790 909 annis,

231 945 475 1014 sepultus
504 953 585 998 cst
609 944 661 997 in
691 943 862 996 loculo
892 943 941 994 in
970 941 1214 1011 Aigypto.

787 1047 1023 1086 SYNOI‘SIS
1063 1046 1232 1085 EXODL

309 1126 610 1194 Exsurgens
643 1124 692 1176 in
727 1122 958 1192 Egypto
993 1137 1084 1176 rex
1123 1121 1210 1190 qui
1248 1119 1533 1186 Josephum
1563 1133 1666 1172 non
1699 1133 1794 1171 no-

232 1225 418 1276 verat,
469 1215 725 1270 lsraelitas
759 1213 944 1265 atﬂixit
983 1213 1034 1265 in
1085 1212 1193 1264 luto
1238 1220 1290 1264 et
1325 1211 1505 1263 latere.
1543 1209 1796 1276 Pratcepit

230 1311 392 1361 etiam
424 1306 813 1370 obstetricibus,
857 1315 911 1357 ut
947 1304 1247 1358 occiderent
1285 1302 1545 1356 masculos
1588 1301 1795 1353 lsi'aeli-

233 1406 444 1462 tarum;
474 1406 530 1450 ut
567 1406 740 1449 autem
790 1395 892 1448 illa:
932 1409 1035 1447 non
1083 1402 1382 1461 paruerunt,
1419 1392 1548 1444 illud
1598 1389 1796 1443 facinus

230 1487 427 1554 popqu
451 1486 732 1539 connnisit.
781 1479 1631 1549 TuncnaseiturMoysesextribu
1644 1479 1790 1542 Levi,

229 1589 280 1629 ct
310 1585 667 1644 exposuerunt
697 1590 814 1629 eum
847 1584 1088 1641 parentes
1133 1573 1182 1626 in
1221 1572 1417 1625 arcula.
1463 1569 1795 1626 Descendens

230 1682 361 1718 vero
397 1667 495 1719 tilia
544 1665 849 1727 Pharaonis,
889 1663 1130 1717 eductum
1163 1662 1411 1715 infantem
1460 1659 1792 1714 nutriendum

232 1756 464 1808 tradidit.
494 1755 623 1807 Cum
647 1756 698 1807 in
725 1755 893 1806 virum
921 1752 1174 1806 crevisset
1201 1751 1424 1819 Moyses,
1447 1764 1689 1817 egressus
1713 1758 1794 1801 est

230 1846 294 1897 ad
320 1844 453 1897 tilios
480 1843 662 1898 lsrael.
695 1842 765 1897 Ut
793 1852 965 1896 autem
1010 1841 1241 1894 laborem
1267 1855 1448 1894 eorum
1492 1838 1787 1892 considera-

229 1933 340 1994 bat,
370 1933 496 1986 vidit
520 1931 845 2001 Egyptium,
879 1931 964 1999 qui
993 1930 1266 1984 llebramm
1296 1928 1623 1993 verberabat,
1650 1943 1797 1982 emn-

229 2039 333 2089 qtte
362 2023 483 2075 hinc
518 2024 637 2075 inde
667 2021 1007 2090 respexisset,
1046 2019 1308 2072 neminem
1336 2017 1493 2080 vidit;
1520 2031 1792 2084 percussu-

235 2128 341 2179 que
370 2110 633 2180 xligyptio,
657 2110 932 2164 abscondit
960 2110 1101 2162 illum
1131 2110 1181 2162 in
1215 2123 1396 2163 arena.
1429 2109 1681 2176 Egressus
1713 2108 1794 2162 die

229 2208 494 2268 sequenti,
525 2201 650 2252 vidit
679 2199 925 2253 llebrzeos
955 2199 1085 2252 duos
1125 2212 1243 2251 sese
1280 2206 1461 2250 mutuo
1509 2197 1793 2250 verberan-

232 2299 348 2352 tes,
389 2289 644 2356 alterique
683 2289 811 2342 dixit
845 2305 858 2341 :
888 2288 987 2340 Cur
1036 2288 1259 2340 verberas
1312 2286 1637 2352 proximum?
1681 2285 1794 2336 lniit

232 2380 321 2432 ille
347 2396 359 2430 :
397 2378 520 2444 Quis
547 2390 592 2432 te
630 2380 880 2432 constituit
910 2379 1183 2447 principem
1220 2389 1264 2431 et
1281 2379 1504 2445 judicent
1535 2379 1794 2430 nostrum?

229 2487 296 2520 an
325 2470 546 2522 occidere
575 2486 651 2521 nte
675 2471 765 2532 vis,
805 2479 857 2520 ut
899 2470 1003 2521 lteri
1047 2467 1346 2536 {Egyptiunt
1394 2466 1582 2535 (Exod.
1614 2467 1666 2519 2.
1708 2469 1789 2519 15.

234 2562 360 2629 li)?
402 2561 599 2614 Timuit
649 2576 775 2629 ergo
827 2560 1048 2629 Moyses,
1099 2560 1404 2627 l'haraoque
1445 2573 1553 2612 rem
1593 2567 1792 2626 gestam

229 2649 448 2713 audivit,
490 2664 550 2701 ac
594 2649 858 2717 qumrcbat
915 2650 1209 2701 interficere
1254 2648 1504 2717 Moysem.
1559 2648 1794 2700 Metuens

230 2739 439 2807 Moyses
470 2737 690 2790 secessit
719 2737 768 2788 in
804 2736 1023 2789 Madiam
1061 2753 1071 2787 :
1106 2736 1339 2804 juvitque
1386 2736 1616 2789 Jothoris
1662 2736 1792 2787 tilias

231 2829 298 2881 ad
331 2829 648 2896 aquantium.
698 2827 802 2879 Illa:
849 2843 956 2880 rem
993 2837 1191 2895 gestam
1224 2828 1352 2894 patri
1403 2829 1789 2892 nuntiavertmt,

229 2919 297 2972 ad
329 2935 555 2987 eumque
575 2918 840 2971 adduxere
872 2918 1116 2987 Moysem.
1145 2917 1331 2971 JOtilUl‘
1363 2917 1506 2971 dedit
1533 2919 1605 2970 illi
1632 2919 1791 2970 tiliam

230 3023 384 3060 suam
416 3009 468 3060 in
519 3022 734 3060 uxorem
769 3023 781 3059 :
813 3014 866 3060 et
908 3007 1106 3073 peperit
1146 3006 1230 3058 illa
1277 3005 1437 3074 Moysi
1489 3006 1707 3059 Gersem
1742 3015 1794 3059 et

234 3098 461 3150 Eliescr.
517 3097 616 3164 ipsi
659 3111 844 3164 greges
897 3096 1124 3163 pascenti
1179 3095 1404 3164 loquitur
1455 3096 1623 3158 Deus;
1675 3110 1791 3149 cum

229 3186 475 3250 accessit,
505 3186 632 3237 vidit
659 3186 708 3237 in
748 3183 879 3237 rubo
922 3185 1230 3238 miraculum
1271 3184 1417 3246 illud,
1459 3199 1578 3237 cum
1616 3199 1790 3239 urere-

231 3285 320 3328 tur
347 3284 532 3328 etnon
578 3276 994 3328 combureretur.
1046 3275 1108 3328 Et
1153 3276 1309 3329 mittit
1364 3276 1509 3330 illunt
1563 3276 1700 3329 Deus
1741 3278 1791 3329 in

229 3363 516 3432 ngyptum
555 3363 773 3417 dicens:
809 3365 899 3418 Dic
947 3362 1036 3435 [de
1082 3364 1207 3434 me],
1261 3363 1372 3432 Ego
1417 3381 1525 3417 sum
1572 3367 1657 3432 qui
1684 3382 1794 3418 sunt

231 3454 432 3519 (Exod.
464 3455 516 3508 5.
548 3455 656 3522 14).
691 3454 906 3508 iubetur
940 3471 1257 3524 congregare
1283 3457 1547 3509 seniorum
1578 3467 1791 3522 emtum,

231 3553 285 3596 et
320 3544 396 3595 sic
425 3544 617 3596 intrare
661 3545 724 3596 ad
767 3545 1113 3609 Pharaonem,
1163 3547 1550 3615 przeeipcreque
1582 3549 1789 3615 populo,

233 3641 284 3684 ut
317 3647 436 3684 cum
463 3631 791 3702 aufugerent,
829 3648 948 3685 vasa
996 3643 1240 3700 argentea
1284 3645 1335 3688 et
1389 3650 1545 3689 aurea
1593 3645 1793 3688 mutua-

234 3729 420 3771 rentur
461 3733 488 3771 a
532 3721 732 3773 vicinis.
785 3721 982 3790 Datque
1032 3723 1102 3775 illi
1161 3725 1277 3775 talia
1315 3725 1458 3792 signa
1491 3734 1543 3778 ut
1588 3725 1717 3780 lides
1745 3727 1791 3780 ei

235 3811 540 3874 haberetur,
572 3811 770 3879 virgam
807 3827 922 3879 qua:
965 3827 1111 3865 versa
1145 3825 1226 3867 est
1252 3815 1301 3867 in
1329 3824 1644 3882 serpentem,
1681 3833 1791 3869 mu-

231 3901 485 3952 tationem
515 3916 700 3954 manus
728 3917 867 3968 suat;
911 3904 1040 3956 facta
1069 3906 1260 3972 quippe
1285 3915 1358 3958 cst
1389 3907 1505 3959 alba
1543 3907 1676 3960 sicut
1703 3908 1790 3961 nix

232 3991 325 4057 (ex
359 3989 544 4056 lepra),
569 4000 621 4044 et
649 4007 852 4044 rursum
883 3993 1117 4046 restituta
1148 4003 1227 4047 est
1256 3995 1306 4046 in
1343 3997 1613 4061 pristinmn
1646 3999 1791 4050 colo-

231 4093 384 4140 rem;
413 4094 596 4146 aqnam
625 4080 744 4132 item
765 4079 1011 4144 ﬂuminis,
1046 4081 1289 4146 E/fundcs
1313 4083 1472 4147 enim,
1507 4085 1691 4152 inquit,
1734 4105 1793 4140 ex.

231 4184 292 4219 ea
324 4168 372 4218 in
396 4168 607 4232 aridam,
636 4178 680 4220 et
720 4170 921 4238 sanguis
949 4171 1036 4221 erit
1069 4169 1255 4238 (Exod.
1286 4172 1337 4224 4.
1378 4170 1454 4241 9).
1487 4173 1792 4229 Rcluetante

235 4257 439 4324 Moyse,
465 4256 624 4309 iratus
669 4258 803 4309 [)eus
833 4258 1074 4325 adjunxit
1122 4260 1219 4325 ipsi
1263 4261 1543 4314 Aaronem.
1576 4262 1792 4315 Annuu-

237 4344 387 4396 tiavit
414 4344 615 4412 Moyses
641 4345 843 4397 Jothori
872 4361 1054 4399 socero
1082 4361 1196 4410 suo,
1223 4363 1279 4401 se
1303 4349 1349 4400 in
1371 4348 1651 4418 /Egyptum
1679 4367 1794 4406 esse

237 4434 617 4498 proiecturum.
663 4433 971 4502 Mortuoque
1012 4451 1152 4504 rege,
1182 4438 1268 4504 qui
1297 4439 1464 4505 ipsum
1502 4439 1794 4497 interﬁcere

236 4520 530 4588 qua-rebat,
564 4523 630 4574 ait
663 4523 732 4575 illi
765 4524 899 4575 Deus
929 4542 940 4575 :
973 4523 1239 4592 Ingredere
1263 4527 1311 4577 in
1334 4525 1613 4595 zEgyptunt
1635 4529 1790 4600 (Ibid.

237 4628 285 4662 ιι.
325 4610 435 4676 19).
466 4610 552 4662 Ille
599 4626 723 4662 vero
753 4613 1032 4679 assumptis
1072 4612 1191 4665 ﬂliis
1219 4628 1335 4666 cum
1361 4631 1547 4678 uxore,
1573 4617 1647 4670 sic
1680 4635 1794 4684 pro—

237 4699 414 4752 fectus
439 4707 534 4750 est.
581 4698 700 4752 Ideo
727 4701 938 4767 angelus
985 4701 1080 4768 ipsi
1109 4711 1341 4768 apparet,
1372 4712 1642 4758 exterrens
1676 4721 1792 4757 cum

239 4788 472 4857 (a).l\'on
501 4789 638 4840 enim
676 4800 884 4856 [tl'OplCl'
935 4790 1378 4843 eireumeisiouem
1424 4791 1491 4860 (si
1524 4795 1660 4845 enim
1698 4795 1796 4847 cir-

237 4878 578 4934 cumcisionis
618 4891 793 4939 causa,
825 4879 1097 4946 oportebat
1129 4894 1229 4932 non
1259 4890 1377 4933 ante
1401 4881 1666 4935 discedere
1705 4899 1796 4934 an-

236 4968 443 5037 gulum,
473 4981 623 5034 quam
652 4966 873 5018 alterum
898 4978 1062 5020 mater
1082 4968 1532 5038 circumeidissel),
1565 4971 1655 5023 sed
1681 4973 1796 5023 ideo

238 5053 506 5123 apparuit,
537 5062 592 5106 ut
619 5068 719 5105 non
753 5070 968 5106 uxorem
1005 5061 1219 5109 duceret
1255 5056 1304 5108 in
1344 5055 1647 5124 Aigyptum.
1681 5058 1796 5111 Non

238 5147 388 5198 enim
415 5159 478 5197 eo
508 5143 826 5204 mittebatur,
851 5151 906 5193 ut
924 5143 1027 5194 illic
1054 5143 1329 5207 habitaret,
1359 5146 1448 5197 sed
1475 5155 1526 5197 ut
1552 5147 1798 5200 educeret

243 5234 495 5288 lsraeletn
527 5251 539 5284 ;
569 5232 706 5300 quod
747 5241 800 5284 et
850 5232 932 5283 ille
975 5233 1287 5299 intelligens,
1321 5234 1518 5287 remisit
1558 5250 1794 5288 uxorein.

238 5330 316 5382 At
354 5325 488 5377 unde
519 5326 686 5392 palam
712 5332 790 5376 est
831 5322 967 5390 quod
1007 5324 1303 5375 remiserit?
1348 5324 1470 5377 Post
1508 5325 1794 5378 discessum

240 5434 358 5479 νιιω
381 5427 584 5486 Josepho
602 5427 815 5474 tribuunt
839 5439 850 5472 :
877 5424 970 5488 sed
985 5421 1134 5483 lapsu,
1161 5433 1212 5472 ut
1236 5425 1441 5484 videtur,
1466 5427 1690 5488 graphice
1708 5428 1794 5476 de-

237 5503 352 5540 cem
371 5490 480 5535 anni
505 5489 581 5534 hic
604 5495 654 5533 et
675 5487 793 5532 intra
816 5486 972 5532 omissi
994 5494 1119 5530 sunt.

308 5551 381 5608 (ιι)
416 5555 521 5595 Hac
543 5548 711 5594 dicitur
731 5547 875 5594 fuisse
906 5545 1143 5608 sententia
1185 5545 1330 5608 _t’.abbi
1363 5547 1624 5603 Abrahami,
1651 5561 1798 5608 ange-

241 5603 461 5660 lttthiimi
500 5609 608 5655 ideo
633 5615 836 5665 Moysen:
871 5605 1089 5653 occidere
1122 5603 1347 5665 voluisse,
1385 5608 1511 5665 quod
1552 5608 1668 5656 lilios
1706 5603 1796 5656 lion

240 5671 638 5720 circumeidisset,
662 5664 744 5713 sed
769 5667 892 5720 quod
916 5677 1112 5712 uxorem
1139 5672 1189 5713 et
1224 5664 1342 5712 tilios
1365 5664 1503 5712 simul
1528 5680 1689 5716 secum
1715 5670 1793 5715 κτί-

243 5732 451 5781 duceret
477 5743 487 5774 :
511 5736 560 5776 et
582 5725 838 5789 probabilis
853 5733 985 5776 certe
1014 5737 1069 5775 ea
1093 5727 1209 5775 t'alio
1234 5734 1302 5773 est
1321 5738 1453 5790 ,quze
1478 5727 1553 5777 hic
1576 5725 1788 5780 aﬂ‘crtur.

1275 376 1589 435 SYNUPSIS
1626 374 2023 430 SCllll’TUlle
2062 377 2321 433 SACllIE.

3353 392 3463 453 326

1902 502 1963 538 ex
1994 486 2218 556 .l-Tgypto
2244 489 2469 542 occurrit
2492 489 2561 542 illi
2584 503 2702 542 cum
2727 503 2888 544 uxore
2912 490 3074 558 ipsius
3095 490 3278 545 Jathor
3305 507 3457 549 socer

1900 575 2034 643 ejus.
2072 576 2221 630 Venit
2251 579 2422 630 Aaron
2451 577 2512 630 ad
2549 578 2798 647 Moyseni,
2828 586 2879 633 et
2907 579 3060 633 ambo
3077 594 3456 650 congregaruut

1902 665 2138 719 seniores
2163 667 2392 731 lsraelis,
2427 677 2479 722 et
2506 668 2629 736 ipsis
2658 669 3026 722 renuntiarunt
3056 670 3146 722 Dei
3172 672 3412 725 mandata
3444 691 3453 724 :

1905 756 1977 808 illi
2008 766 2183 811 autem
2224 758 2390 825 gavisi
2429 767 2568 812 sunt.
2609 758 2703 813 Ubi
2732 774 2855 813 vero
2896 759 2960 813 ad
3013 760 3338 817 Pharaonem
3371 778 3458 818 ac-

1900 855 2192 910 cesserunt,
2217 847 2594 915 jttSseruutque
2623 846 2740 901 eum
2763 848 3027 904 dimittere
3057 851 3323 920 populum,
3351 868 3454 908 non

1905 934 2058 988 modo
2087 952 2187 988 non
2215 939 2398 990 annuit
2427 952 2538 1003 rex,
2568 939 2659 992 sed
2698 941 2852 993 etiam
2886 939 3147 996 lsraelitas
3177 941 3458 997 vehemen-

1904 1025 2003 1077 tius
2032 1024 2237 1092 aﬂlixit,
2263 1027 2452 1096 jubcns
2486 1043 2550 1082 ne
2593 1027 2804 1084 daretur
2834 1030 2910 1082 eis
2939 1030 3104 1096 palea,
3135 1031 3227 1085 sed
3273 1041 3328 1086 ut
3363 1033 3460 1102 ipsi

1902 1131 2018 1168 eam
2045 1117 2142 1169 sibi
2173 1119 2480 1186 reperirent.
2515 1119 2646 1172 Cum
2685 1128 2858 1172 autem
2898 1121 3084 1174 scriba:
3121 1122 3459 1178 verberaren-

1905 1217 2006 1270 tur,
2034 1207 2174 1276 quod
2202 1223 2333 1276 opus
2356 1227 2458 1264 non
2482 1210 2806 1279 impleretur,
2837 1211 3164 1267 Pharaonem
3193 1213 3456 1279 adierunt,

1902 1297 2132 1367 nihilque
2157 1299 2518 1368 impetrarunt.
2557 1300 2702 1355 Tunc
2734 1303 3286 1359 ocelamaruutcontra
3319 1306 3460 1376 Moy-

1902 1400 2052 1439 sem:
2082 1402 2392 1457 rursumque
2422 1391 2642 1443 mittitur
2683 1391 2767 1444 ille
2817 1391 2880 1444 ad
2929 1391 3210 1459 lsraelitas,
3259 1396 3454 1449 exitum

1905 1474 2004 1527 illis
2045 1478 2376 1531 annuntians.
2424 1477 2497 1530 Illi
2529 1494 2650 1533 vero
2677 1496 2740 1532 ne
2766 1481 3037 1534 audierunt
3079 1482 3288 1550 quidem
3312 1485 3456 1556 Moy-

1904 1578 2032 1626 sem,
2069 1575 2170 1616 tam
2200 1565 2405 1634 dejecto
2445 1577 2596 1622 erant
2639 1570 2834 1622 animo.
2881 1570 2974 1624 llic
2997 1572 3241 1626 scribitur
3267 1573 3457 1645 Moysis

1900 1654 2222 1722 genealogia,
2249 1664 2303 1708 et
2327 1657 2399 1709 ait
2445 1657 2514 1709 illi
2559 1657 2694 1710 Deus
2728 1656 2892 1712 :Dcdi
2925 1669 2970 1712 te
3008 1660 3155 1713 deum
3205 1661 3456 1717 Plan-«oni

1899 1741 2091 1808 (Exod.
2125 1745 2174 1795 7.
2214 1744 2285 1813 l.)
2318 1763 2328 1796 :
2361 1747 2624 1814 mittitque
2646 1747 2786 1799 illum
2813 1747 2879 1800 ad
2905 1749 3456 1820 l‘liat'aonent,jubens

1898 1833 2176 1887 ostendere
2203 1837 2425 1902 signum,
2455 1837 2497 1890 si
2521 1854 2604 1890 rex
2638 1848 2856 1904 peteret,
2887 1839 3044 1907 virga:
3075 1841 3124 1894 in
3154 1855 3452 1911 serpentem

1898 1936 2183 1976 conversa).
2214 1924 2278 1978 Ut
2306 1938 2478 1980 autem
2521 1928 2660 1995 virga
2709 1929 2759 1981 itt
2790 1941 3088 1996 serpentem
3130 1943 3324 1989 mutata
3352 1949 3449 2001 est,

1899 2025 1996 2064 nec
2019 2020 2188 2067 tamen
2232 2029 2324 2068 rex
2352 2017 2530 2080 cessit,
2562 2017 2781 2070 vertitur
2827 2033 2956 2087 aqua
3001 2019 3228 2078 ﬂuminis
3252 2024 3302 2077 in
3331 2043 3452 2078 san.

1901 2101 2134 2168 guinem,
2161 2102 2406 2170 impletur
2427 2114 2561 2158 terra
2585 2106 2724 2160 ranis
2758 2124 2769 2159 :
2802 2107 2990 2163 deinde
3019 2112 3283 2180 sciniphes
3309 2116 3452 2170 exie-

1900 2200 2039 2255 runt,
2061 2208 2178 2245 mox
2197 2195 2491 2265 cynomyia,
2519 2207 2695 2264 postea
2719 2213 2860 2250 mors
2876 2199 3254 2266 jtnuentorum,
3275 2218 3451 2272 postea

1899 2281 2135 2346 pustulae,
2178 2281 2298 2334 hinc
2337 2284 2539 2351 grando
2586 2295 2637 2337 et
2687 2285 2838 2355 ignis,
2893 2298 3070 2354 postea
3117 2290 3349 2352 locustte.
3399 2303 3452 2348 ct

1901 2375 2127 2429 tenebra:
2155 2376 2456 2445 palpabiles.
2487 2379 2614 2432 Cum
2634 2391 2805 2432 autem
2837 2381 3126 2436 inducenda
3153 2394 3291 2438 esset
3314 2401 3454 2441 mors

1903 2465 2388 2534 piimogeuitorum,
2415 2469 2667 2536 jubentur
2711 2471 2983 2526 immolare
3034 2489 3222 2543 agnum
3263 2476 3432 2530 imma-

1897 2554 2150 2620 culatum,
2194 2565 2246 2610 ct
2283 2558 2536 2626 inungere
2566 2568 2742 2627 postes
2781 2562 3034 2630 sanguine
3061 2579 3073 2615 :
3101 2579 3269 2633 neque
3310 2568 3449 2620 enim

1901 2642 2182 2696 morituros
2211 2659 2327 2698 esse
2355 2662 2442 2699 eos
2464 2647 2552 2715 qui
2581 2657 2756 2700 essent
2781 2649 2830 2700 in
2853 2663 2912 2702 ca
2941 2649 3116 2716 domo,
3145 2654 3192 2704 in
3216 2669 3315 2722 qua
3338 2672 3452 2710 san-

1897 2732 2008 2796 guis
2029 2733 2145 2800 agni
2177 2745 2333 2787 esset.
2382 2735 2523 2789 Tunc
2565 2736 2666 2790 illis
2714 2737 2824 2806 lege
2871 2741 3050 2794 statuit
3095 2753 3292 2811 septem
3339 2746 3452 2803 dies

1897 2834 2200 2886 azymortnn
2228 2834 2311 2875 :et
2339 2824 2381 2875 si
2429 2823 2643 2891 ingressi
2681 2823 2870 2880 fuerint
2909 2829 2956 2880 iit
3001 2839 3189 2883 terrain
3225 2839 3446 2900 promis-

1898 2909 2076 2974 sionis,
2096 2911 2241 2979 jubet
2271 2913 2408 2968 hth
2433 2931 2646 2969 servare
2690 2917 2904 2970 cultmn.
2956 2919 3018 2972 Et
3048 2922 3092 2973 si
3117 2924 3450 2995 interrogaue-

1897 3001 1996 3053 rint
2017 3017 2119 3062 vos,
2148 3002 2331 3072 inquit,
2368 3005 2461 3071 ﬁlii
2490 3007 2653 3072 vestri,
2699 3007 2887 3069 dicetis,
2921 3008 3234 3079 Sacri/icium
3265 3019 3452 3083 pose/tn

1899 3092 1990 3144 hoc
2032 3102 2103 3144 est
2147 3092 2359 3146 Domino
2403 3094 2590 3166 (Exod.
2640 3096 2722 3149 12.
2754 3096 2868 3165 27).
2901 3097 3028 3153 Cum
3069 3111 3241 3156 autem
3275 3107 3441 3159 media

1900 3188 2050 3234 nocte
2099 3182 2380 3248 periissent
2427 3186 2600 3236 omnia
2648 3187 2991 3255 primogenita
3047 3188 3444 3260 Egyptiarum,

1899 3270 2184 3338 abegerunt
2225 3273 2483 3326 lsraelitas
2532 3291 2592 3328 ex
2645 3273 2888 3345 Egypto.
2945 3276 3020 3330 illi
3073 3295 3196 3334 vero
3248 3289 3446 3351 egressi

1899 3371 2035 3423 sunt,
2069 3377 2188 3414 eum
2235 3365 2558 3431 accepissent
2591 3379 2709 3417 vasa
2740 3376 2985 3434 argentea
3017 3377 3066 3421 et
3092 3384 3271 3435 aurea,
3321 3375 3451 3427 mul-

1902 3460 2111 3519 tmnqne
2149 3455 2392 3522 populum
2445 3469 2620 3508 secum
2673 3457 3046 3525 promiscuum,
3095 3469 3147 3513 et
3201 3477 3343 3526 oves,
3397 3477 3450 3519 et

1900 3542 2080 3602 boves,
2107 3551 2160 3596 et
2205 3543 2461 3610 jumenta.
2497 3544 2757 3598 llabitatio
2795 3554 2965 3600 autem
2999 3548 3220 3603 liliormn
3267 3552 3444 3620 Israel,

1899 3644 1997 3697 qua
2030 3629 2328 3683 habitarunt
2361 3633 2456 3700 ipsi
2485 3643 2536 3686 et
2566 3643 2740 3701 patres
2769 3650 2947 3688 eorum
2981 3638 3030 3689 in
3064 3649 3197 3691 terra
3239 3639 3448 3710 Aigypti

1898 3727 1950 3772 et
1978 3718 2026 3770 in
2059 3727 2195 3772 terra
2222 3720 2484 3785 Chanaan,
2530 3721 2626 3775 fuit
2660 3738 2914 3778 anuormn
2953 3726 3447 3798 quadringentorum

1899 3816 1950 3860 et
1997 3808 2204 3875 triginta
2249 3810 2346 3879 (tt).
2379 3811 2444 3863 Et
2483 3813 2551 3863 ait
2591 3812 2728 3866 Deus
2770 3831 2782 3866 :
2825 3813 3066 3867 Consecra
3108 3828 3155 3869 et
3195 3823 3450 3888 sancti/ica

1899 3898 2021 3949 mihi
2049 3914 2191 3950 omne
2236 3900 2608 3968 primogenitum
2646 3904 2706 3953 ab
2757 3903 2952 3956 Itontine
2995 3921 3144 3974 usque
3187 3909 3254 3960 ad
3302 3927 3449 3978 pecus

1899 3986 2087 4053 (Exod.
2122 3987 2210 4040 15.
2250 3987 2351 4056 ί2.),
2402 3990 2520 4056 quia
2561 3991 2751 4044 occidit
2794 3993 3136 4062 primogenita
3179 3997 3453 4068 [Egyptio-

1899 4089 2034 4126 rum.
2066 4074 2177 4127 Non
2210 4074 2354 4128 duxit
2393 4086 2564 4130 autem
2611 4093 2701 4131 eos
2733 4095 2823 4146 per
2853 4079 3161 4150 Pltylistiitn,
3191 4101 3258 4140 ne
3286 4091 3450 4156 patui‘

1902 4171 2034 4215 teret
2063 4177 2153 4216 eos
2181 4163 2371 4216 bellum
2397 4165 2649 4229 videntes,
2675 4183 2773 4220 neu
2804 4180 3189 4226 reverterentur
3215 4175 3266 4228 in
3282 4175 3446 4249 Aﬁgy-
3472 4193 3483 4202 ‘

1902 4265 2064 4319 ptum,
2095 4254 2186 4307 sed
2221 4268 2311 4320 per
2347 4269 2492 4306 mare
2536 4255 2788 4308 Rubrum.
2817 4256 3002 4323 Quinta
3032 4271 3207 4315 autem
3227 4278 3445 4332 genera-

1901 4343 2041 4395 tione
2071 4343 2421 4396 ascenderunt
2450 4345 2536 4397 tibi
2582 4344 2736 4398 lsrael
2767 4363 2828 4398 ex
2859 4345 3085 4416 {Egypto
3114 4368 3127 4402 :
3158 4361 3211 4406 et
3249 4359 3451 4426 accepit

1901 4433 2104 4502 Moyses
2126 4448 2242 4486 ossa
2266 4434 2497 4502 Josephi.
2530 4436 2763 4488 Ducebat
2807 4445 2981 4491 autem
3032 4439 3165 4495 Deus
3206 4442 3448 4499 lsraelem

1901 4525 2058 4577 ductu
2089 4525 2220 4592 ignis
2248 4541 2337 4590 per
2367 4535 2592 4590 noctem,
2623 4536 2672 4577 et
2698 4526 2852 4579 ductu
2884 4526 3036 4581 nubis
3075 4544 3168 4596 per
3193 4530 3351 4584 diem.
3389 4535 3452 4589 Ut

1901 4625 2072 4666 autem
2103 4615 2408 4680 insequuttts
2434 4625 2513 4670 est
2543 4615 2741 4667 Pharao
2772 4624 2968 4667 ntntata
2999 4621 3276 4683 sententia,
3309 4623 3448 4694 virga

1905 4703 2157 4768 percussit
2183 4702 2386 4769 Moyses
2419 4718 2579 4764 mare,
2608 4711 2658 4754 et
2685 4703 2906 4755 divismn
2949 4715 3028 4758 est
3062 4724 3074 4759 :
3106 4723 3223 4761 eum
3272 4723 3445 4766 autem

1905 4790 2326 4855 pertransiisscnt
2359 4789 2625 4851 lsraelitte,
2658 4806 2802 4844 mare
2837 4792 3167 4859 eonjunettnn
3218 4808 3296 4852 est
3325 4818 3451 4854 eon-

1903 4887 1978 4930 tra
2001 4876 2296 4947 lEgyptios,
2323 4890 2375 4931 et
2400 4881 2647 4932 demersit
2668 4897 2778 4933 eos.
2813 4882 2875 4933 Et
2896 4884 3076 4936 cecinit
3101 4885 3300 4956 Moyses
3326 4906 3452 4944 cau-

1905 4973 2081 5033 ticum,
2109 4971 2296 5024 cecinit
2319 4981 2368 5024 et
2399 4973 2554 5025 Maria
2585 4987 2701 5025 eum
2739 4974 3060 5029 mulieribus.
3099 4977 3361 5035 Venerunt
3402 4989 3451 5038 in

1965 5123 2036 5184 (α)
2072 5122 2283 5190 Cum_l_iis
2303 5133 2560 5190 conspnant
2581 5138 2690 5185 quae
2707 5126 2827 5173 dixit
2849 5127 2895 5174 in
2920 5127 3112 5190 llomilia
3151 5130 3208 5178 57
3236 5134 3278 5179 in
3302 5142 3453 5183 Cene-

1901 5187 2005 5249 sim,
2032 5192 2160 5231 Tom.
2190 5184 2267 5241 IV,
2293 5184 2390 5249 col._
2407 5185 2515 5249 5115,
2543 5184 2690 5249 annos
2714 5200 2886 5249 nempe
2905 5189 3281 5249 quadringentos
3300 5201 3452 5244 servi-

1902 5246 2041 5314 tutis,
2067 5258 2188 5315 quos
2224 5245 2393 5292 semini
2439 5245 2633 5292 Abrahae
2672 5245 2894 5315 prardixit
2923 5245 3050 5295 Deus
3083 5245 3252 5299 (fenus.
3283 5255 3356 5310 15,
3383 5258 3457 5315 15,

1903 5305 2192 5370 i_n_eipiendos
2214 5319 2238 5351 a
2263 5312 2496 5370 tempore.
2522 5308 2848 5370 qqubrahae
2886 5309 3168 5367 imperatum
3204 5322 3294 5370 est,
3320 5305 3371 5364 ut
3395 5305 3458 5366 ei

1903 5364 2108 5435 Charran
2141 5364 2478 5435 egrederetur.
2518 5364 2890 5435 Quadringentos
2913 5364 3061 5418 auuos
3098 5383 3158 5418 eo
3190 5364 3293 5422 loco
3329 5364 3458 5435 dicit,

1901 5428 2008 5485 quia
2032 5425 2360 5484 quadringenti
2389 5433 2566 5472 tantum
2592 5425 2805 5475 l'eruniur
2840 5431 2885 5474 in
2920 5436 3057 5478 textu
3084 5439 3343 5483 Geneseos.
3382 5425 3461 5485 ltit':

1902 5498 2019 5554 vero
2053 5485 2426 5554 quadringentos
2449 5487 2638 5554 triginta
2663 5492 2955 5554 statuiteum
3000 5497 3046 5538 Β.
3076 5493 3212 5540 Paulo
3239 5498 3377 5554 Epist.
3403 5493 3460 5537 ad

1903 5545 2096 5614 Galatas,
2119 5546 2198 5614 ubi
2222 5549 2302 5614 ait,
2329 5560 2354 5592 a
2375 5545 2684 5605 promissione
2710 5549 2905 5614 abrahze
2929 5549 3047 5597 facta
3070 5555 3125 5599 ad
3152 5545 3302 5614 usque
3338 5565 3460 5604 tem-

1904 5619 1992 5664 pus
2013 5605 2136 5652 datze
2161 5606 2300 5663 legis,
2326 5619 2473 5670 annos
2498 5620 2607 5670 esse
2629 5609 3001 5670 quadringentos
3027 5605 3236 5670 triginta:
3253 5616 3356 5670 Quo
3379 5627 3460 5659 au-

1908 5674 2165 5773 licuit‘pactp
2189 5667 2469 5775 ἓιὶἓιυτωὼ
2491 5669 2587 5718 sint
2607 5667 2716 5718 anni
2739 5667 3049 5731 illi,diximus
3065 5667 3242 5724 ibidem
3260 5667 3309 5724 in
3332 5682 3461 5728 uota.

1911 5735 1944 5744 "
2028 5735 2055 5775 '.
2081 5741 2135 5775 eo
2160 5765 2168 5774 .
2285 5761 2296 5774 .

1911 5735 1944 5773 'I‘
1987 5732 2055 5784 tv,
2081 5727 2168 5775 col.
2191 5727 2296 5775 316.
