4138 6306
696 357 803 411 327

703 457 956 521 Marrhas,
993 455 1077 509 ubi
1117 467 1292 506 auiam
1336 461 1448 506 erat
1482 467 1652 522 aqua,
1694 463 1746 507 et
1784 452 1984 506 dulcem
2025 452 2248 506 reddidit

703 548 845 601 illam
887 546 1087 616 Moyses
1135 559 1230 611 per
1269 544 1481 613 lignum.
1544 543 1806 597 Venerunt
1857 543 1907 595 in
1957 544 2125 596 locum
2165 543 2250 596 ubi

706 644 857 691 αιτιοι
874 633 1148 689 duodecim
1181 632 1366 697 fontes,
1412 641 1463 686 et
1491 634 1813 700 septuaginta
1846 632 2032 700 palmae
2065 649 2076 682 :
2109 632 2252 684 locus

704 734 876 779 autem
902 725 1184 778 vocabatur
1225 723 1373 776 Elim.
1423 721 1547 775 inde
1592 730 1846 776 venerunt
1892 722 1942 772 in
1988 721 2252 773 desertum

704 824 839 868 ιιιιει·
864 812 997 867 Elim
1029 821 1080 866 et
1099 812 1242 866 Sina.
1271 810 1417 864 Tunc
1449 820 1898 864 munnuraverunt
1943 810 1992 861 in
2043 811 2252 861 deserto

706 901 974 965 lsraelitte,
1000 915 1186 955 carnes
1206 900 1555 968 postulantes.
1577 898 1720 952 Tunc
1751 898 1878 965 pluit
1916 898 2016 950 illis
2043 913 2250 949 manna.

707 990 905 1045 Deinde
941 990 1113 1043 intulit
1150 989 1489 1042 coturnicem.
1533 987 1626 1040 llic
1673 987 1810 1039 circa
1852 1000 2062 1050 manna,
2116 985 2251 1053 quod

705 1094 826 1132 cum
855 1078 1071 1132 multum
1117 1085 1246 1138 erat,
1292 1091 1391 1128 non
1446 1073 1785 1137 redundabat,
1845 1088 1962 1126 cum
2015 1087 2251 1140 parvum,

708 1182 812 1221 non
836 1166 1124 1229 deficiebat,
1151 1166 1301 1233 jussit
1332 1165 1459 1218 nihil
1492 1164 1711 1232 relinqui
1743 1164 1793 1216 in
1832 1163 2133 1216 crastinum.
2175 1161 2253 1214 1111

707 1271 833 1310 vero
857 1270 958 1310 non
987 1263 1287 1324 paruerunt,
1317 1263 1367 1308 et
1401 1252 1537 1322 quod
1569 1252 1830 1306 residuum
1865 1251 1957 1304 fuit
1990 1250 2254 1304 vermibus

707 1344 957 1398 scatebat.
993 1343 1147 1406 Dixit,
1175 1341 1246 1395 Ne
1270 1341 1606 1410 egrediamini
1635 1341 1700 1393 ad
1742 1339 2088 1406 colligendum
2131 1339 2251 1390 sab-

711 1433 872 1486 bato:
907 1431 980 1485 illi
1006 1445 1128 1485 vero
1159 1445 1325 1498 neque
1360 1431 1408 1481 iu
1441 1429 1540 1482 hoc
1563 1429 1838 1495 obseqnuti
1877 1437 2016 1488 sunt,
2058 1435 2108 1478 ct
2137 1442 2256 1478 eum

704 1521 907 1591 egressi
929 1533 1126 1583 essent,
1158 1520 1284 1572 nihil
1316 1520 1644 1572 invenerunt.
1661 1518 1816 1572 .lubet
1839 1518 2041 1586 Moyses
2065 1517 2111 1568 in
2135 1531 2257 1569 vase

710 1625 872 1665 aureo
897 1612 1076 1678 reponi
1095 1625 1156 1663 es
1175 1624 1361 1662 manna
1379 1611 1429 1661 in
1449 1609 1647 1661 laturas
1666 1611 2046 1676 generationes.
2072 1607 2254 1658 Manna

712 1714 838 1752 vero
861 1699 1200 1752 comederunt
1223 1698 1560 1765 quadraginta
1594 1697 1765 1750 annis.
1793 1696 1937 1748 Tunc
1961 1711 2256 1752 murmura-

710 1796 900 1843 vcrunt
924 1788 991 1840 ob
1007 1789 1166 1841 sitim.
1193 1787 1257 1838 Et
1281 1786 1532 1854 percussit
1557 1785 1759 1853 Moyses
1782 1793 2000 1852 petram,
2033 1783 2259 1848 esiitqne

713 1893 865 1946 aqua.
897 1878 1045 1931 Venit
1072 1877 1286 1929 Amalec
1325 1875 1567 1928 bellatum
1602 1883 1780 1926 contra
1811 1873 2052 1926 lsraelein
2085 1889 2098 1924 :
2131 1881 2180 1924 et
2209 1871 2258 1923 in

713 1967 886 2036 fugam
930 1967 1074 2020 illum
1127 1967 1280 2019 vertit
1321 1964 1471 2017 Jesns
1523 1963 1658 2016 lilius
1701 1962 1838 2015 Nave
1868 1979 1880 2012 :
1906 1976 1966 2014 ac
2013 1959 2259 2028 quamdiu

714 2067 863 2112 erant
889 2072 1072 2110 manus
1099 2056 1287 2125 Moysis
1305 2064 1509 2117 erectzc,
1535 2053 1811 2120 superabat
1842 2052 2026 2114 lsrael;
2054 2050 2261 2118 quando

711 2155 882 2198 autem
905 2144 1206 2197 demittebat
1230 2157 1338 2205 cas,
1365 2140 1725 2208 superabatur.
1755 2139 1878 2190 Illud
1911 2154 2029 2190 vero
2056 2139 2257 2204 signum

713 2243 830 2287 erat
855 2234 1044 2286 erucis.
1078 2232 1496 2299 Stabautqnippe
1524 2232 1698 2281 Aaron
1734 2239 1785 2282 et
1821 2230 1890 2281 (tr
1922 2229 2005 2295 qui
2038 2228 2263 2280 sustine-

712 2332 825 2376 rent
853 2338 1035 2375 manus
1060 2322 1240 2391 Moysi.
1273 2322 1409 2373 Dixit
1435 2331 1605 2373 autem
1635 2320 1882 2372 Dominus
1902 2320 1964 2370 ad
1985 2319 2211 2387 Moysem
2244 2334 2257 2368 :

715 2412 888 2466 Scribe
929 2413 1020 2464 hoc
1057 2413 1104 2463 in
1143 2420 1508 2463 monumentum
1554 2411 1604 2462 in
1649 2410 1770 2462 libro
1801 2409 1990 2478 (Exod.
2035 2410 2118 2461 17.
2153 2406 2257 2476 11).

712 2501 927 2555 Accedit
971 2501 1155 2555 .lothor
1179 2516 1327 2556 socer
1353 2502 1541 2570 Moysis
1583 2516 1700 2554 cum
1745 2516 1906 2552 uxore
1943 2501 2056 2568 ejus
2092 2501 2264 2567 (gene-

713 2606 830 2645 rum
856 2600 1025 2644 autem
1058 2592 1199 2643 illum
1254 2599 1440 2658 pneter
1483 2604 1630 2643 usuin
1677 2601 1826 2642 vocat
1877 2589 2166 2658 Scriptura)
2210 2598 2263 2642 et

714 2677 877 2748 Moysi
900 2689 954 2732 et
979 2679 1165 2746 populo
1183 2678 1279 2747 (α).
1309 2678 1796 2732 Euarratmirabilia
1816 2678 2018 2747 Moyses
2041 2691 2223 2730 socero
2246 2693 2259 2728 :

715 2771 804 2827 ille
829 2787 952 2826 vero
981 2772 1195 2824 miratus
1221 2781 1319 2825 est.
1351 2770 1418 2824 Ut
1455 2780 1626 2823 autem
1655 2770 1780 2822 vidit
1806 2778 1968 2822 totum
2011 2770 2258 2836 pepulum

713 2860 876 2930 Moysi
905 2861 1216 2923 adstantem,
1245 2860 1387 2913 illum
1425 2874 1545 2912 vero
1573 2875 1675 2912 non
1720 2874 1872 2927 posse
1921 2874 2040 2927 erga
2080 2873 2263 2912 omnes

711 2950 959 3019 judicium
988 2965 1252 3015 exercere,
1297 2957 1479 3002 auctor
1505 2959 1584 3002 est
1633 2948 1708 3001 illi
1757 2963 1926 3011 socer,
1970 2958 2025 3000 ut
2070 2949 2263 3015 deligat

718 3041 858 3093 viros
907 3049 1165 3107 potentes,
1215 3038 1508 3106 religiosos,
1560 3037 1748 3104 justus,
1803 3038 2040 3089 odientes
2077 3052 2263 3103 snper-

713 3129 873 3192 biam,
895 3139 943 3181 et
965 3127 1246 3181 constituat
1270 3141 1361 3180 eos
1378 3126 1718 3190 inillenarios,
1737 3125 2084 3187 centenarias,
2104 3125 2225 3192 quin
2241 3153 2262 3163 -

718 3218 1080 3286 quagenarios,
1131 3215 1436 3270 decuriones
1468 3213 1660 3280 (Exod.
1707 3213 1789 3266 18.
1839 3213 1949 3281 21).
1982 3213 2264 3280 Obteinpe-

712 3309 846 3363 ravit
869 3310 917 3361 ei
947 3308 1173 3377 Moyses,
1200 3317 1252 3359 et
1281 3305 1518 3359 ascendit
1545 3304 1596 3357 iu
1624 3313 1874 3357 montem.
1906 3304 2262 3370 Prol-cepitque

714 3401 765 3454 ei
792 3401 928 3455 Deus
957 3407 1014 3451 ut
1042 3399 1231 3465 popqu
1260 3397 1477 3456 diceret,
1511 3409 1602 3447 eos
1627 3396 1826 3446 futuros
1852 3395 1942 3446 Dei
1975 3395 2147 3460 regale
2175 3408 2259 3445 sa-

713 3487 1025 3550 cerdotium,
1054 3493 1258 3556 gentem
1293 3491 1547 3544 sanetam,
1595 3483 1638 3535 si
1683 3480 1992 3533 obcdierint.
2026 3480 2098 3530 llli
2138 3494 2262 3532 vero

712 3577 989 3632 dixerunt:
1018 3575 1196 3627 Omnia
1231 3586 1548 3642 qutecumqtte
1584 3570 1709 3622 dixit
1756 3569 1910 3631 Deus,
1954 3571 2187 3638 faciemus
2217 3579 2261 3620 et

713 3667 970 3721 audiemus
1017 3661 1206 3734 (Exod.
1255 3663 1342 3716 19.
1379 3660 1454 3732 8).
1500 3660 1644 3713 Tunc
1675 3659 1910 3727 praecipit
1952 3661 2161 3726 populo,
2209 3666 2264 3709 ut

716 3757 1018 3826 purilieetur
1063 3768 1226 3821 usque
1275 3751 1340 3804 ad
1397 3749 1602 3804 tertium
1634 3749 1792 3812 diem,
1832 3758 1884 3802 et
1935 3749 2070 3802 lavet
2108 3749 2266 3801 vesti-

717 3853 891 3899 tiieiita
919 3857 1028 3896 sua.
1058 3841 1150 3894 Hic
1179 3841 1372 3892 dictum
1417 3849 1496 3891 est
1526 3837 1646 3890 illud
1693 3835 1830 3905 quod
1875 3836 2093 3890 habetur
2127 3836 2261 3904 apud

718 3925 1346 4004 ApostoluminEpistola
1395 3929 1458 3981 ad
1478 3927 1752 3982 Hebraeos:
1792 3927 1851 3978 Si
1889 3928 2093 3995 tetigerit
2125 3943 2266 3978 mon-

717 4032 834 4083 tem,
861 4015 1359 4087 lapidabiturUlebr.
1382 4015 1461 4069 1‘2.
1487 4014 1760 4083 20).Tnnc
1783 4029 1931 4066 mons
1958 4014 2260 4086 l'umigabat,

717 4123 872 4162 voces
895 4109 1129 4162 tubarum
1154 4105 1427 4158 sonabant.
1460 4103 1607 4156 Tunc
1646 4113 1900 4170 prtecepta
1933 4103 2060 4172 legis
2079 4104 2265 4170 accipit

717 4197 943 4266 Moyses,
985 4209 1171 4262 nempe
1196 4192 1522 4261 decalogum,
1543 4199 1597 4244 et
1626 4192 1819 4258 reliqua
1850 4191 1990 4258 jura.
2015 4191 2140 4244 illud
2166 4206 2262 4244 au-

723 4296 850 4349 tem,
875 4282 981 4336 Diis
1003 4299 1099 4335 non
1130 4281 1388 4334 maledit-es
1424 4279 1612 4350 (Exod.
1633 4278 1722 4331 22.
1745 4279 1858 4347 28),
1883 4295 1985 4332 non
2019 4280 2083 4332 de
2114 4279 2262 4332 idolis

720 4375 915 4429 dictum
946 4382 1046 4436 est,
1089 4371 1180 4425 sed
1210 4371 1276 4425 de
1304 4369 1618 4438 principibus
1650 4384 1662 4417 :
1696 4368 1869 4420 subdit
1899 4369 2034 4419 enim
2068 4384 2080 4419 :
2109 4368 2261 4420 Prin-

719 4463 817 4533 σερε
849 4462 1020 4532 populi
1065 4461 1136 4512 tui
1163 4458 1582 4534 nonmtalediees.
1625 4457 1901 4510 l’ollicetur
1948 4457 2104 4508 multa
2139 4457 2262 4524 ipsis

718 4556 872 4616 bona,
900 4551 943 4605 si
973 4547 1446 4616 obedierintzquod
1467 4555 1649 4616 gentes
1677 4547 1776 4599 sint
1809 4546 2124 4614 superaturi,
2161 4556 2264 4598 ter-

718 4659 828 4696 ram
855 4640 1176 4711 pOSscssuri;
1206 4639 1480 4706 pollicetur
1507 4638 1635 4690 item
1665 4651 1849 4704 aquam
1883 4652 2062 4690 eorum
2105 4635 2263 4691 bene-

720 4731 914 4783 dictum
959 4727 1041 4791 iri,
1073 4737 1124 4780 et
1151 4740 1360 4794 panem,
1404 4725 1544 4778 omni
1576 4725 1761 4777 morbo
1810 4723 2108 4778 liberandos
2149 4725 2266 4777 illos

720 4833 859 4884 esse,
888 4832 989 4870 non
1021 4817 1240 4871 futuram
1264 4817 1494 4873 sterilem
1520 4830 1637 4871 esse
1658 4817 1707 4869 in
1732 4817 1853 4882 illis,
1876 4831 2043 4886 neque
2059 4818 2262 4880 orbum,

720 4923 888 4978 neque
913 4907 1242 4964 immaturam
1275 4918 1518 4971 mortem,
1547 4909 1797 4964 terminos
1821 4921 2002 4961 eorum
2042 4922 2099 4962 se
2124 4909 2264 4975 posi-

719 5011 891 5053 turum
929 5011 1044 5052 esse
1085 5012 1113 5048 a
1151 4997 1278 5048 mari
1323 4996 1500 5048 Rubro
1546 5011 1708 5064 nSque
1752 4997 1814 5050 ad
1858 4997 2264 5066 Phylistinorum

718 5097 936 5151 terram,
963 5099 991 5136 a
1021 5085 1229 5139 deserto
1257 5099 1420 5150 usque
1445 5084 1507 5137 ad
1539 5084 1876 5151 Euphratem.
1901 5087 2043 5138 'l'unc
2083 5086 2267 5138 immo-

718 5178 842 5232 lavit
870 5176 1094 5247 lloyses,
1116 5185 1165 5228 et
1188 5174 1458 5228 dimidium
1482 5176 1748 5242 sanguinis
1770 5177 1949 5228 elludit
1977 5177 2040 5228 ad
2059 5177 2222 5230 altare
2251 5194 2263 5230 :

719 5266 1082 5333 accipietisque
1122 5266 1422 5330 sanguinem
1469 5265 1697 5330 aspersit
1752 5265 2020 5330 populum.
2069 5265 2265 5319 [lorum

725 5357 959 5409 meminit
990 5354 1178 5407 Paulus
1205 5355 1255 5407 in
1285 5352 1516 5420 Epistula
1543 5353 1608 5405 ad
1635 5352 1883 5408 Hebr-ams
1910 5353 2090 5405 dicens
2118 5372 2130 5405 :
2161 5355 2268 5406 Ne-

717 5463 814 5515 que
836 5446 1048 5515 primum
1079 5446 1439 5499 Testamentum
1464 5443 1570 5495 sine
1606 5442 1844 5510 sanguine
1886 5454 2169 5493 renovatum
2201 5455 2270 5496 est

775 5577 848 5650 (u)
881 5582 1016 5635 nate,
1049 5581 1093 5624 et
1132 5574 1280 5638 Moysi
1313 5579 1357 5624 et
1388 5572 1584 5636 populo,
1617 5573 1836 5623 videntur
1875 5573 2104 5624 mendose
2147 5584 2271 5630 irre-

719 5652 733 5697 1
775 5651 888 5691 1858.

1481 339 1535 396 S.
1574 340 1845 398 JOANNIS
1876 342 2335 398 CliRYSOSTOMI
2360 344 2668 400 ARCHIEP.
2709 349 3227 406 CONSTANTINOP.

3802 372 3915 426 328

2355 452 2533 519 (Hebr.
2557 456 2741 524 9.18).
2773 455 2994 510 anetur
3026 459 3226 528 Moyses
3258 461 3546 516 ascendere
3581 471 3634 516 et
3664 464 3906 529 accipere

2353 541 2572 594 tabulas.
2597 543 2659 595 Et
2687 553 2798 596 erat
2823 545 2890 596 ibi
2911 547 3245 613 quadraginta
3273 549 3456 603 diebus
3485 562 3534 603 et
3560 551 3904 620 quadraginta

2353 631 2610 684 noctibus.
2645 632 2852 684 Audirit
2899 645 3071 687 autem
3117 635 3508 703 dispositionem
3557 639 3902 702 tabernaculi,

2353 725 2404 768 et
2434 732 2614 770 eorum
2645 734 2761 783 qua:
2800 721 2853 772 in
2889 721 3001 788 ipso
3037 722 3452 786 continebantur,
3487 735 3539 779 et
3563 728 3905 780 sacerdotalis

2353 805 2593 870 amictus,
2623 815 2676 858 et
2705 809 2961 861 unctionis
2999 810 3345 874 sacerdotum,
3378 821 3430 864 et
3459 813 3900 881 redemptionnm.

2357 892 2476 947 lliec
2502 909 2624 948 vero
2649 905 2795 948 crant
2825 906 2878 950 ut
2915 899 3102 966 singuli
3141 899 3405 953 ditnidiatn
3449 902 3732 956 didrachmi
3781 920 3900 971 par-

2357 994 2460 1036 tem
2488 985 2689 1046 darent,
2735 987 2785 1038 id
2830 997 2930 1051 est,
2975 990 3156 1043 obolos
3194 990 3394 1044 decem.
3439 992 3503 1044 Et
3543 993 3608 1046 de
3639 997 3902 1060 composi-

2357 1073 2495 1127 tioue
2523 1075 2619 1128 olei
2655 1077 2906 1144 pra-cipit,
2947 1079 3080 1132 etde
3121 1080 3482 1134 observatione
3520 1083 3742 1135 sabbati.
3765 1084 3904 1136 Con-

2355 1162 2569 1215 veniunt
2613 1162 2856 1219 Israelita:
2881 1175 3062 1220 contra
3105 1169 3363 1222 Aaroncm
3389 1179 3440 1222 et
3464 1168 3517 1221 in
3555 1170 3903 1225 idololatriam

2358 1252 2609 1307 incidunt.
2641 1253 2784 1307 Tunc
2824 1256 2896 1311 ait
2925 1257 3060 1311 Deus
3101 1257 3262 1327 Moysi
3292 1275 3305 1311 :
3334 1261 3457 1312 Sine
3502 1277 3595 1323 me,
3646 1270 3702 1312 et.
3734 1262 3906 1314 delebo

2355 1358 2458 1403 eos,
2487 1351 2532 1394 et
2557 1343 2738 1411 faciam
2782 1353 2826 1396 te
2866 1345 2916 1396 in
2945 1355 3134 1413 gentem
3169 1363 3398 1399 marinam
3437 1346 3625 1415 (Exod.
3658 1349 3747 1402 32.
3795 1351 3900 1417 10).

2359 1431 2426 1484 Ut
2454 1442 2626 1485 autem
2658 1432 2980 1488 descendens
3006 1436 3211 1504 Moyses
3245 1436 3368 1489 vidit
3404 1438 3622 1490 vitulum
3654 1447 3706 1491 et
3734 1454 3902 1506 popu-

2359 1522 2462 1573 lum
2495 1522 2780 1586 ludentem,
2819 1525 3032 1592 projecit
3057 1537 3108 1578 et
3141 1527 3384 1579 coatrivit
3419 1528 3634 1588 tabulas,
3668 1530 3907 1596 increpa-

2360 1619 2431 1659 v.t
2461 1611 2740 1672 Aaronem,
2770 1613 3012 1679 princepit
3036 1614 3152 1666 liliis
3181 1613 3304 1668 Levi
3341 1616 3694 1680 venientibus;
3722 1617 3853 1670 dixit
3888 1635 3902 1670 :

2361 1696 2550 1764 Siquis
2582 1699 2648 1749 ad
2689 1699 2972 1764 Dominum,
3008 1703 3166 1753 veniat
3199 1703 3266 1752 ad
3307 1718 3401 1764 me,
3438 1713 3488 1754 ut
3525 1705 3715 1755 occidat
3747 1721 3903 1756 unus-

2359 1786 2560 1852 quisque
2585 1789 2789 1853 [ratrem
2817 1805 2959 1839 suum
2985 1799 3029 1840 et
3048 1791 3323 1856 proximum
3343 1806 3485 1840 suum
3511 1805 3527 1842 :
3553 1800 3598 1843 et
3623 1793 3904 1843 ceciderunt

2360 1883 2455 1925 tres
2477 1875 2610 1926 mille
2635 1875 2725 1926 viri
2752 1875 2940 1942 (Exod.
2971 1876 3038 1928 52
3087 1876 3154 1930 26
3193 1878 3387 1945 -28).
3431 1878 3576 1930 Tunc
3618 1881 3908 1934 ascendens

2361 1964 2560 2033 Moyses
2587 1965 2718 2018 dixit
2748 1967 2853 2019 Deo
2882 1985 2893 2017 :
2928 1968 2986 2019 Si
3027 1969 3220 2033 quidem
3249 1969 3454 2020 dimittis
3496 1969 3596 2023 illis
3623 1981 3902 2036 peccatum,

2362 2056 2586 2118 dimitte;
2623 2058 2700 2108 sin
2739 2057 2918 2108 minus.
2950 2058 3056 2109 dele
3095 2075 3169 2112 me
3197 2059 3257 2109 de
3295 2058 3438 2123 libro,
3480 2075 3624 2126 quem
3661 2060 3904 2126 scripsisti

2367 2144 2552 2212 (Exod.
2581 2147 2665 2198 59..
2691 2146 2774 2198 5t.
2808 2146 2919 2214 52).
2951 2147 3094 2200 Tunc
3126 2148 3265 2201 licvit
3292 2150 3532 2216 populus,
3553 2161 3600 2202 et
3626 2150 3804 2216 jussus
3828 2164 3910 2205 est

2361 2235 2621 2301 deponere
2643 2245 2882 2288 ornatum
2905 2250 3072 2287 suum.
3106 2237 3198 2288 llic
3217 2238 3408 2290 dictum
3432 2236 3528 2290 fuit
3555 2255 3568 2290 :
3596 2238 3658 2288 Et
3675 2241 3910 2306 loquutus

2360 2333 2428 2373 est
2459 2322 2698 2376 Dominus
2746 2325 2810 2373 ad
2855 2323 3095 2390 Moysem,
3135 2325 3274 2390 quasi
3317 2325 3358 2374 si
3399 2325 3506 2392 quis
3557 2326 3786 2393 loquatur
3839 2331 3906 2378 ait

2362 2413 2572 2463 amicum
2599 2430 2738 2466 suum
2764 2412 2951 2484 (Exod.
2985 2413 3067 2466 33.
3103 2414 3210 2480 11).
3233 2413 3383 2467 Jesus
3410 2423 3578 2466 autem
3610 2417 3742 2467 lilius
3767 2415 3910 2470 Nate

2366 2520 2465 2556 non
2491 2505 2852 2572 egrediebatur
2873 2519 2942 2556 ex
2965 2505 3315 2559 tabernaculo.
3345 2505 3491 2560 Tunc
3520 2517 3664 2574 rogat
3705 2507 3910 2576 Moyses

2367 2593 2547 2656 Deum,
2578 2602 2631 2644 ut
2661 2608 2760 2644 non
2790 2592 3110 2660 derelinquat
3138 2593 3402 2660 populum,
3430 2595 3686 2646 etdolatis
3703 2595 3908 2648 duabus

2364 2682 2570 2744 tabulis,
2605 2683 2800 2749 accepit
2839 2682 3162 2749 deCangum,
3211 2683 3482 2735 transactis
3527 2699 3730 2735 rursum
3777 2702 3910 2750 qua-

2363 2771 2596 2839 diaginta
2627 2771 2806 2824 diebus
2836 2781 2886 2823 et
2933 2773 3268 2839 quadraginta
3309 2773 3564 2825 noctibus.
3604 2774 3910 2842 l’rxcipitur

2363 2871 2534 2913 autem
2567 2863 2660 2928 ipsi
2691 2861 2874 2914 iterum
2918 2861 2981 2913 de
3011 2862 3216 2928 pascha,
3251 2862 3316 2915 de
3346 2863 3583 2928 sabbato,
3623 2863 3687 2916 de
3731 2875 3912 2916 ester-

2364 2950 2620 3002 iuinandis
2641 2951 2868 3018 gentium
2888 2949 3005 3013 diis,
3021 2949 3084 3002 de
3101 2950 3453 3017 primogenitis
3477 2951 3570 3017 ipsi
3589 2954 3912 3004 sanctiﬁcan-

2364 3040 2460 3091 dis.
2495 3039 2586 3092 llic
2613 3039 2819 3106 legitur,
2847 3039 3073 3108 Moysem
3105 3055 3220 3092 eum
3268 3039 3382 3091 velo
3418 3040 3683 3107 loquutum
3718 3043 3912 3107 populo

2363 3145 2507 3191 esse;
2540 3130 2673 3197 quod
2701 3129 2762 3182 ad
2793 3128 3090 3182 Corinthios
3119 3129 3344 3183 secunda
3378 3131 3448 3184 ait
3479 3130 3663 3182 Paulus
3689 3131 3761 3198 (2.
3792 3132 3908 3182 Cor.

2364 3221 2418 3274 5.
2452 3221 2555 3288 1'3).
2581 3219 2726 3272 Tunc
2762 3219 2861 3272 illis
2889 3230 3202 3286 praeceptum
3233 3227 3312 3271 est
3340 3219 3404 3271 de
3436 3219 3673 3280 sabbato,
3701 3219 3766 3270 de
3793 3233 3908 3273 tua-

2366 3313 2491 3361 t:ria
2531 3309 2593 3360 ad
2629 3308 2944 3362 tabernaculi
2983 3308 3421 3361 constructionem
3465 3306 3773 3368 adhibenda,
3812 3307 3913 3360 hoc

2363 3407 2462 3457 est,
2489 3397 2554 3448 de
2582 3410 2729 3457 auro,
2760 3395 2824 3446 de
2846 3409 2969 3457 :ere,
3002 3393 3065 3446 de
3091 3393 3308 3459 capillis,
3339 3392 3506 3458 deque
3533 3395 3727 3460 reliqua
3752 3405 3912 3447 ntale-

2365 3483 2457 3533 ria.
2491 3481 2554 3533 Et
2590 3481 2661 3534 illi
2693 3481 2900 3548 quidem
2927 3495 3043 3534 cum
3087 3495 3268 3548 magna
3308 3480 3592 3532 aﬂ'erebant
3618 3481 3910 3545 alacritate,

2364 3572 2430 3622 ita
2462 3582 2515 3623 ut
2544 3570 2887 3630 redundaret;
2929 3578 3174 3636 operatus
3225 3578 3397 3622 autem
3446 3581 3525 3621 εει
3571 3555 3800 3622 Beseleel
3849 3571 3932 3623 de.

2365 3659 2500 3712 tribu
2524 3658 2675 3721 Juda,
2716 3667 2766 3710 et
2805 3658 2951 3710 Eliab
2977 3660 3039 3709 de
3076 3657 3207 3709 tribu
3239 3658 3344 3709 Dan
3375 3659 3547 3709 omnia
3593 3658 3658 3711 ad
3693 3674 3916 3726 app-ira-

2366 3760 2474 3802 tum
2527 3751 2853 3813 neeessaria;
2899 3759 2951 3802 et
2995 3751 3378 3802 tabernaculum
3433 3751 3594 3813 stetit,
3643 3750 3918 3818 nubesque

2365 3841 2567 3907 operuit
2594 3840 2736 3893 illud.
2765 3839 2911 3904 Quod
2942 3849 3114 3891 autem
3157 3840 3448 3905 impensum
3499 3839 3588 3892 fuit
3623 3840 3685 3892 ad
3728 3858 3914 3907 opera,

2365 3931 2474 3981 auri
2505 3929 2714 3997 quidem
2741 3929 2917 3995 viginti
2943 3943 3127 3981 novem
3159 3930 3344 3982 talenta
3368 3939 3417 3981 et
3438 3929 3549 3982 sicli
3575 3930 3914 3997 septingenti,

2365 4016 2565 4084 argenti
2589 4017 2777 4069 talenta
2809 4025 3038 4080 centum,
3061 4016 3172 4067 sieli
3196 4016 3314 4079 772,
3348 4017 3464 4068 :eri.
3483 4017 3672 4068 talenta
3702 4028 3918 4084 septua-

2365 4106 2525 4172 ginta,
2557 4116 2609 4159 et
2634 4105 2714 4158 bis
2742 4105 2882 4157 inille
2911 4105 3175 4173 quingenti
3205 4105 3338 4158 sicli.

2688 4247 2975 4298 tsvrrtcus,
3016 4249 3165 4287 Linea
3202 4248 3424 4287 TERTIUS
3461 4233 3558 4302 (a).

2437 4365 2697 4417 Leviticus
2718 4376 2931 4418 vocatur
2970 4365 3052 4420 hic
3091 4367 3240 4430 liber,
3267 4368 3386 4433 quia
3429 4367 3638 4435 proprie
3663 4375 3716 4420 et
3748 4383 3930 4435 pecu—_

2367 4453 2560 4505 liariter
2589 4463 2744 4504 totatn
2775 4453 2986 4506 Levitiei
3024 4455 3293 4506 ministerii
3330 4455 3545 4507 formam
3572 4455 3828 4518 continet,
3862 4467 3922 4510 et

2366 4560 2468 4612 quo
2498 4554 2646 4609 pacto
2667 4545 2908 4595 Aaronet
2947 4544 3036 4595 lilii
3054 4543 3163 4610 ejus
3184 4560 3248 4595 ex
3275 4543 3406 4595 tribu
3434 4542 3556 4594 Levi
3587 4543 3638 4595 in
3664 4544 3923 4597 sacerdo-

2369 4642 2444 4684 tes
2465 4633 2613 4685 electi
2644 4635 2818 4700 utique
2857 4633 3066 4693 iuerint,
3092 4644 3144 4686 et
3185 4633 3433 4700 quidquid
3474 4632 3790 4687 discriminis
3837 4644 3923 4686 est

2369 4723 2505 4776 inter
2535 4724 2784 4776 sacrilieia
2810 4733 2862 4776 et
2885 4725 3194 4786 oblationes,
3227 4733 3276 4775 et
3317 4723 3483 4789 qualis
3522 4724 3590 4775 sit
3642 4724 3924 4776 universus

2367 4829 2632 4866 sacrorum
2663 4815 2849 4873 cultus,
2877 4815 3297 4881 sacerdotaleque
3326 4814 3690 4867 ministerium.
3719 4814 3924 4868 Deinde

2369 4905 2617 4970 cujusque
2643 4902 2880 4954 sacrilicii
2911 4903 3074 4970 legem
3101 4903 3340 4970 exponit;
3373 4914 3479 4955 tum
3508 4903 3622 4969 ejus
3646 4901 3783 4970 quod
3812 4917 3914 4968 pro

2369 4993 2556 5056 salute,
2599 4999 2704 5043 tum
2753 4993 2866 5058 ejus
2895 4993 3032 5058 quod
3082 5007 3174 5059 pro
3218 4993 3438 5056 delicto,
3480 4993 3588 5046 sive
3625 5000 3925 5059 spontaneo

2371 5084 2478 5135 sive
2501 5083 2862 5144 involuntario,
2881 5092 2933 5135 ct
2951 5099 3054 5151 quo
3073 5094 3218 5150 pacto
3234 5084 3432 5150 singula
3451 5081 3722 5137 dividenda
3745 5080 3853 5134 sint
3870 5091 3931 5136 et

2374 5174 2660 5228 referenda.
2692 5175 2973 5226 Enarratur
3001 5177 3155 5227 etiam
3184 5175 3235 5226 in
3267 5175 3364 5226 hoc
3405 5174 3534 5225 libro
3581 5172 3769 5222 smmni
3823 5185 3917 5224 sa.

2373 5267 2620 5328 cerdotis,
2672 5267 2994 5332 aliorumque
3037 5265 3366 5319 sacerdotum
3421 5263 3594 5316 unctio
3628 5280 3639 5314 :
3668 5262 3732 5314 ad
3781 5263 3923 5328 hmo,

2438 5394 2508 5452 (τι)
2527 5398 2742 5455 llaictota
2761 5395 2948 5441 Levitiei
2963 5395 3178 5455 Synopsis
3189 5393 3483 5455 desideratur
3505 5391 3548 5437 iu
3566 5388 3740 5455 Codice
3761 5391 3930 5442 001811-

2377 5455 2533 5507 niano,
2557 5454 2640 5499 Sed
2685 5453 2887 5500 habetur
2920 5455 2967 5500 iu
2992 5453 3307 5513 ’Lugduneusi
3327 5453 3556 5499 Datavieo.
3585 5453 3782 5499 Maxima
3809 5467 3935 5502 vero

2379 5528 2485 5572 pars
2509 5514 2612 5569 ejus
2637 5515 2804 5560 eadem
2829 5517 2856 5572 lj
2876 5529 2925 5562 sa
2951 5522 3041 5568 est,
3067 5529 3174 5573 qua:
3197 5516 3243 5560 in
3266 5522 3453 5572 Syriopsr
3473 5513 3706 5559 Athanasii
3730 5513 3935 5562 nomine

2377 5574 2570 5636 attollis
2598 5576 2727 5622 edita
2762 5583 2839 5622 est
2871 5577 3019 5623 'l‘omo
3058 5580 3092 5624 ΙΙ
3125 5580 3332 5636 llperuut
3373 5575 3640 5624 Athanasii.
3676 5573 3745 5622 lia
3774 5573 3837 5622 de
3870 5587 3939 5621 re.

2380 5635 2535 5698 agitur
2562 5634 2607 5685 in
2631 5637 2840 5685 Diatt‘iba
2872 5646 2982 5684 ante
3007 5634 3242 5698 SyimpIsin
3268 5637 3432 5699 posita.
