4152 6324
248 419 351 474 327

254 560 347 597 σαν
387 544 437 596 οἱ
485 543 809 613 Ἰσραηλῖται
842 544 898 596 tv
938 544 1003 612 τῇ
1048 543 1267 612 ἐρήμῳ,
1316 543 1451 612 κρέα
1489 539 1791 609 ζητοῦντες.

249 628 378 679 Τότε
413 626 629 695 ἔϐρεξεν
667 627 848 688 αὐτοῖς
893 626 1084 695 μάννα.
1114 622 1247 677 Εἶτα
1279 626 1471 694 ἤνεγκε
1514 624 1611 693 τὴν
1646 624 1797 692 0916-

249 710 548 777 γομήτραν.
593 706 849 759 Ἐνταῦθα
888 709 981 761 ἐπὶ
1016 704 1107 759 τοῦ
1150 707 1353 775 μάννα,
1383 706 1412 757 ὃ
1443 705 1502 757 τὺ
1528 705 1660 756 πολὺ
1701 703 1798 755 οὐκ

248 790 558 850 ἐπλεόνασε,
588 788 677 841 καὶ
716 789 745 840 δ
780 789 839 840 τὸ
866 788 1042 855 ὀλίγον
1068 788 1165 840 οὐκ
1204 787 1546 855 ὴλαττόνησε,
1585 786 1797 854 παρήγ-

246 872 392 937 γειλε
412 871 488 941 μὴ
512 870 891 924 ὑπολείπεσθαι
922 874 999 932 εἱς
1028 872 1123 939 τὴν
1150 869 1354 939 αὔριον.
1371 871 1432 921 Οἱ
1454 870 1510 921 δὲ
1530 868 1801 936 παρήκου-

251 970 373 1014 σαν,
404 953 500 1004 x01
544 952 730 1019 γέγονε
778 952 836 1003 τὸ
865 950 1218 1017 καταλειφθὲν
1255 950 1543 1018 σκωλήκων
1574 948 1795 1017 πλῆρες.

249 1034 413 1090 Εἱπε⁶
452 1034 542 1104 Μὴ
573 1033 816 1102 ἐξέλθητε
854 1033 1096 1096 συλλέξαι
1123 1032 1199 1101 τῷ
1239 1032 1519 1101 σαϐϐάτῳο
1555 1031 1603 1082 οἱ
1628 1030 1681 1082 δὲ
1708 1030 1798 1082 καὶ

249 1119 306 1173 tv
350 1115 521 1183 τούτῳ
573 1116 954 1185 παρήκουσαν,
996 1115 1086 1167 καὶ
1133 1113 1432 1176 ἐξελθόντες
1477 1114 1572 1182 οὔχ
1623 1106 1794 1180 εὗρον.

249 1197 473 1252 Κελεύει
514 1196 741 1265 Μωῦσῆς
791 1198 845 1250 ἐν
881 1196 1098 1265 στάμνῳ
1153 1198 1322 1267 χρυσῇ
1370 1194 1659 1249 ἀποθέσθαι
1694 1194 1800 1246 ἀπὸ

249 1283 342 1336 τοῦ
370 1284 539 1353 μάννα
579 1284 655 1346 εἱς
694 1283 789 1346 τὰς
824 1283 958 1353 μετὰ
1003 1282 1169 1335 ταῦτα
1197 1284 1403 1349 γενεάς.
1437 1283 1507 1332 Τὸ
1541 1281 1595 1333 δὲ
1629 1282 1800 1351 μάννα

250 1375 449 1442 ἔφαγον
500 1374 897 1443 τεσσαράκοντα
947 1372 1061 1442 ἔτη.
1102 1374 1233 1425 Τότε
1286 1372 1572 1440 ἐγόγγυζον
1607 1372 1691 1424 διὰ
1740 1372 1799 1424 τὸ

248 1464 418 1534 δίψος.
436 1467 545 1518 Καὶ
567 1464 797 1530 ἐπάταξε
828 1464 1061 1533 Μωῦσῆς
1094 1464 1190 1533 τὴν
1218 1462 1437 1531 πέτραν,
1465 1462 1559 1515 καὶ
1583 1461 1799 1531 ἐξῆλθεν

249 1555 305 1607 τὸ
334 1554 498 1623 ὕδωρ.
527 1556 778 1623 Ἔρχεται
819 1553 1059 1623 ’Λμαλὴκ
1086 1553 1394 1621 πολεμῶσαι
1436 1552 1526 1603 τὸν
1567 1550 1797 1620 Ἰσραήλ·

250 1644 339 1695 καὶ
366 1642 625 1713 ἐτρέψατο
648 1642 807 1695 αὑτὸν
833 1642 1035 1710 Ἰησοῦς
1059 1643 1086 1693 0
1104 1640 1195 1692 106
1226 1639 1400 1709 Ναυῆ·
1424 1639 1516 1691 καὶ
1545 1638 1646 1702 ἕως
1664 1632 1801 1708 ἦσαν

250 1737 299 1787 αἱ
329 1736 508 1804 χεῖρες
563 1731 766 1799 Μωῦσῆ
807 1730 1097 1800 μετέωροι,
1135 1731 1346 1799 ῖσχυσεν
1374 1731 1401 1781 0
1443 1728 1673 1799 Ἰσραήλ,
1712 1728 1800 1779 ὅτε

250 1820 301 1871 δὲ
334 1818 570 1885 καθῆκεν
604 1816 803 1878 αὐτὰς,
832 1815 1086 1885 ἡττῶντο.
1120 1814 1286 1866 Τοῦτο
1316 1815 1371 1866 δὲ
1409 1814 1577 1876 τύπος
1606 1810 1673 1884 ἦν
1709 1813 1798 1866 τοῦ

251 1903 477 1974 σταυροῦ
496 1915 544 1955 ε.
584 1894 935 1971 Εἱστήκεισαν
959 1899 1064 1969 γάρ
1103 1899 1311 1968 Ἀαρὼν
1345 1900 1436 1951 καὶ
1472 1900 1591 1968 Ὢρ,
1621 1899 1801 1968 στηρί-

251 1991 428 2052 ζοντες
452 1989 548 2050 τὰς
575 1989 758 2057 χεῖρας
781 1985 1000 2055 Μωῦσῇ.
1018 1982 1146 2036 Εἷπε
1174 1985 1228 2037 δὲ
1263 1983 1462 2054 Κύριος
1485 1984 1619 2054 πρὸς
1641 1985 1802 2037 M106-

249 2079 343 2145 σῆν
366 2093 381 2107 ο
410 2073 807 2140 Κατάγραψιον
844 2072 1016 2124 τοῦτο
1054 2072 1138 2135 εὶς
1167 2071 1557 2139 μνημόσυνον
1604 2071 1673 2122 ἐν
1714 2070 1803 2133 ,βι-

250 2164 407 2224 ϐλίῳ.
456 2160 695 2229 Ἀπαντᾷ
726 2158 888 2228 Ἰοθὸρ
937 2160 964 2209 0
999 2156 1255 2227 πενθερὸς
1297 2156 1503 2226 Μωῦσῆ
1542 2157 1678 2226 μετὰ
1704 2158 1802 2226 τῆς

248 2247 499 2314 γυναικὸς
539 2245 804 2315 (γαμϐρὸν
823 2244 878 2296 δὲ
916 2243 1073 2295 αὐτὸν
1105 2242 1259 2296 καλεῖ
1288 2243 1735 2313 καταχρηστικῶς
1766 2245 1798 2311 ἠ

249 2332 453 2403 Γραφή)
496 2331 574 2401 τῷ
600 2347 659 2383 τε
703 2331 906 2399 Μωῦσῇ
943 2329 1034 2381 καὶ
1085 2328 1161 2397 τῷ
1199 2329 1310 2398 λαῷ
1331 2329 1380 2382 ι).
1430 2331 1703 2398 Διηγεῖται
1734 2329 1801 2381 τὰ

250 2417 523 2486 θαυμάσια
544 2416 775 2483 Μωῦσῆς
805 2414 880 2483 τῷ
913 2415 1182 2484 πενθεριξγ
1224 2414 1327 2465 όδὲ
1362 2414 1685 2483 ἐθαύμασεν.
1718 2416 1802 2477 Ὠς

248 2502 299 2562 δὲ
328 2498 433 2553 εἶδε
457 2502 631 2554 πάντα
660 2499 750 2551 τὸν
778 2499 903 2551 λαὸν
952 2499 1332 2569 παρεστηκότα
1356 2501 1560 2569 Μωῢσῇ
1582 2542 1596 2565 ,
1631 2501 1719 2552 τὸν
1748 2502 1803 2553 δὲ

249 2590 342 2640 οὐκ
369 2587 637 2657 ἀρκοῦντα
674 2589 806 2640 πᾶσι
840 2587 1060 2658 κρίνειν,
1094 2588 1255 2656 φησὶν
1280 2586 1429 2655 αὑτῷ
1452 2590 1481 2640 0
1524 2588 1798 2655 πενθερός·

260 2674 529 2740 Ἐπίλεξαι
572 2675 766 2743 ἄνδρας
799 2675 1070 2735 δυνατοὺς,
1094 2673 1380 2735 θεοσεϐεῖς,
1408 2673 1660 2739 δικαίους,
1712 2690 1800 2742 μι-

250 2761 474 2823 σοῦντας
507 2760 899 2831 ὑπερηφανίαν,
924 2760 1017 2812 καὶ
1062 2760 1399 2828 κατάστησον
1443 2758 1638 2819 αὐτοὺς
1670 2758 1804 2826 χιλι-

248 2848 472 2917 άρχους,
519 2847 977 2915 ἑκατοντάρχους,
1030 2845 1559 2913 πεντηκονταρχους,
1613 2843 1804 2911 δεκάρ-

248 2944 433 3001 χουςο.
469 2931 718 3001 Ἐποίησε
758 2932 995 3000 Μωῦσῆς
1022 2930 1210 2993 οὕτως,
1241 2930 1334 2981 καὶ
1364 2928 1590 2996 ἀνῆλθεν
1632 2931 1710 2989 εις
1745 2930 1804 2980 τὸ

246 3019 390 3090 ὅρος.
435 3018 542 3071 K01
574 3016 902 3087 προσέταξεν
930 3015 1077 3083 αύτῷ
1128 3017 1155 3068 0
1198 3015 1329 3077 Θεὸς
1351 3017 1521 3068 εἰπεῖν
1566 3013 1642 3082 τῷ
1671 3013 1802 3082 λαῷ,

247 3105 325 3164 ὅτι
348 3105 559 3155 ἔσονται
574 3102 663 3155 τοῦ
682 3102 813 3154 Θεοῦ
841 3101 1105 3171 βασίλειον
1138 3100 1613 3171 ίεράτευμα,ἐθνος
1630 3100 1802 3165 ἅγιον,

248 3186 338 3238 ἐὰν
367 3184 735 3237 ὑπακούσωσι.
766 3184 828 3235 Οί
860 3183 918 3236 δὲ
945 3179 1094 3234 εἷπον
1111 3199 1124 3213 ·
1156 3182 1435 3245 Ἀπαντα,
1455 3182 1569 3234 ὅσα
1589 3176 1755 3233 εἷπεν
1774 3184 1806 3235 ὁ

250 3269 408 3333 Θεὸς,
436 3268 763 3337 ποιήσομεν
783 3268 881 3322 και
904 3268 1295 3336 ἀκουσόμεθα.
1330 3268 1461 3321 Τότε
1481 3268 1805 3335 προστάσσει

246 3355 321 3425 τῷ
349 3356 464 3425 λαῷ
501 3354 815 3423 ἀγνισθῆναι
845 3354 948 3416 ἕως
996 3354 1183 3424 τρίτης
1233 3354 1465 3423 ὴμέρας,
1518 3354 1709 3407 πλῦναι
1739 3355 1807 3407 τὰ

248 3442 436 3512 ἱμάτια
488 3441 684 3496 αὐτῶν.
755 3440 1013 3493 Ἐνταῦθα
1064 3440 1275 3510 εἴρηται
1329 3441 1518 3493 καὶτὸ
1552 3440 1701 3511 παρὰ
1730 3441 1806 3510 τῷ

258 3527 563 3597 ’Λποστόλῳ
604 3528 661 3579 tv
713 3529 778 3597 τῇ
828 3525 962 3597 πρὸς
1002 3525 1305 3595 Ἐϐραίους
1350 3525 1474 3579 Κᾶν
1518 3528 1653 3595 θίγῃ
1699 3526 1805 3579 τοῦ

247 3616 444 3685 ὄρους,
483 3612 1031 3681 λιθοϐοληθήσεται.
1066 3612 1213 3683 [529]
1243 3613 1375 3665 Τότε
1407 3614 1724 3677 ἐκαπνίζετο
1749 3613 1807 3666 τὸ

246 3702 387 3771 δρος,
424 3701 597 3769 φωναὶ
632 3700 942 3768 σαλπίγγων
961 3702 1143 3771 ῆχουν.
1175 3700 1307 3753 Τότε
1339 3700 1436 3762 τὰς
1462 3701 1676 3764 ἐντολὰς
1712 3703 1805 3755 τοῦ

246 3788 409 3856 νόμου
435 3787 698 3856 λαμϐάνει
723 3788 1081 3856 Μωῦσῆς,τῆν
1106 3788 1422 3855 Δεκάλογον,
1450 3790 1542 3841 καὶ
1561 3789 1626 3842 τὰ
1648 3789 1808 3842 λοιπά

246 3872 606 3942 δικαιώματα.
647 3874 719 3925 Τδ
764 3872 852 3935 δὲ,
896 3872 1077 3935 Θεοὺς
1134 3874 1202 3924 οὺ
1262 3874 1713 3941 κακολογήσας,
1745 3877 1806 3928 οὐ

247 3961 372 4030 περὶ
416 3959 646 4013 εἱδώλων
701 3960 910 4029 εἴρηται
939 3999 954 4023 ,
997 3958 1132 4011 άλλά
1178 3959 1304 4027 περὶ
1360 3959 1464 4011 τῶν
1502 3961 1805 4029 ἀρχόντων·

246 4048 439 4115 ἐπάγει
475 4047 601 4115 γάρ,
629 4047 894 4114 Ἄρχοντα.
920 4045 1025 4098 τοῦ
1050 4046 1201 4100 λαοῦ
1244 4060 1359 4100 σου
1397 4048 1504 4100 οὐκ
1534 4047 1684 4113 ἐρεῖς
1713 4066 1808 4102 κα-

245 4131 379 4196 κῶς.
418 4131 857 4200 Ἐπαγγέλλεται,
888 4133 938 4185 εἱ
990 4131 1371 4193 ὑπακούσειαν,
1427 4132 1592 4185 πολλά
1626 4134 1807 4198 αὐτοῖς

244 4217 426 4284 ἀγαθά
445 4233 459 4249 ⁶
488 4218 779 4289 κρατήσειν
808 4217 913 4270 τῶν
942 4217 1126 4282 ἐθνῶν,
1165 4218 1263 4287 τῆς
1293 4218 1396 4287 γῆς
1426 4218 1802 4289 κληρονομίαν,

243 4305 299 4355 10
329 4302 479 4373 ὕδωρ
503 4302 681 4357 αὐτῶν
712 4303 1021 4372 εὑλογήσειν
1042 4303 1135 4358 καὶ
1166 4304 1256 4356 τὸν
1281 4304 1462 4374 ἄρτον,
1490 4306 1668 4375 πάσης
1698 4324 1803 4376 μα-

244 4388 438 4452 λακίας
487 4388 682 4453 αὐτοὺς
729 4390 1075 4455 ἀπαλλάξειν,
1116 4390 1190 4460 μή
1237 4388 1453 4444 ἔσεσθαι
1505 4394 1719 4461 στεῖραν
1750 4393 1807 4445 ἐν

243 4477 446 4539 αὐτοῖς,
488 4476 622 4545 μηδέ
659 4476 869 4543 ἄγονον,
903 4476 1038 4545 μηδὲ
1065 4477 1290 4530 θάνατον
1343 4477 1541 4548 ἄωρον,
1577 4478 1644 4531 τά
1687 4480 1809 4549 ὂρια

243 4560 423 4612 αὐτῶν
472 4560 657 4630 θήσειν
684 4560 792 4614 ἀπὸ
820 4561 918 4630 τῆς
967 4562 1227 4632 Ἐρυθρᾶς
1263 4562 1535 4634 θαλάσσης
1565 4565 1668 4627 ἕως
1706 4564 1805 4633 τῆς

243 4644 576 4713 Φυλιστιεὶμ,
598 4645 705 4698 ἀπὸ
725 4647 821 4715 τῆς
844 4647 1051 4717 ἐρήμου
1078 4648 1182 4710 ἓως
1216 4650 1310 4701 τοῦ
1350 4650 1657 4719 Εὐφράτου.
1678 4652 1806 4703 Τότε

245 4730 358 4784 θύει
382 4731 647 4798 Μωῦσῆς,
666 4731 832 4783 καὶτὸ
846 4732 1014 4800 ἥμισυ
1038 4733 1133 4785 τοῦ
1151 4734 1378 4802 αἵματος
1394 4736 1656 4805 προσέχεε
1674 4738 1805 4805 πρὸς

244 4817 303 4869 10
330 4817 713 4886 θυσιαστήριον
734 4831 747 4845 ο
766 4816 858 4867 καὶ
885 4815 1061 4868 λαϐὼν
1089 4817 1148 4869 τὸ
1176 4812 1312 4887 αἷμα
1328 4820 1684 4873 κατεσκέδασε
1712 4821 1804 4874 τοῦ

243 4902 688 4971 λαοῦ.Μέμνηται
711 4901 911 4955 τούτων
927 4902 955 4954 0
972 4902 1177 4965 Παῦλος
1195 4904 1251 4955 ἐν
1272 4907 1339 4974 τῇ
1362 4904 1494 4972 πρὸς
1525 4905 1804 4977 Ἑϐραίους

244 4989 436 5059 λέγων,
455 4989 538 5042 δτι
557 4986 707 5042 Οὐδὲ
722 4988 975 5058 ἡπρώτη
995 4987 1244 5057 διαθήκη
1265 4989 1439 5058 χωρὶς
1450 4990 1693 5061 αἵματος
1711 4993 1806 5063 ἐγ-

304 5136 329 5164 ι
349 5135 438 5201 _S_ic
464 5132 677 5201 μοωίιὶσ
698 5133 746 5201 ξι)
767 5132 905 5201 ἰὶἱμό,
931 5129 1097 5190 Paler,
1121 5130 1165 5201 εἰ
1187 5131 1409 5201 possjbilg
1426 5138 1536 5201 _csl_:
1557 5136 1803 5201 1101ng-

244 5203 326 5253 00:
345 5197 399 5245 δὲ
427 5195 555 5262 οὕτω
579 5190 664 5240 τοῦ
698 5190 912 5266 ’.ᾼμέξλήκ
954 5190 1266 5266 περιεγένετο,
1286 5196 1443 5266 ἐπειδὴ
1464 5195 1605 5241 τύπον
1626 5194 1803 5266 ἐπεδεί-

244 5252 381 5303 κνυτο
422 5252 513 5301 τοῦ
537 5252 758 5329 0106906.
782 5252 885 5299 Mox
911 5252 1038 5312 quod
1060 5252 1178 5301 dicit
1219 5252 1606 5325 Chrysoglomus.
1628 5256 1802 5303 Jolho-

246 5329 346 5385 ηπι
378 5316 481 5363 dici
504 5315 549 5362 In
572 5315 825 5385 ζοῃριιιην
850 5314 1056 5385 γαμϐρόν
1077 5330 1485 5385 καταχρηστικωῇ
1508 5317 1595 5385 εοό
1623 5316 1801 5385 ίωριςο-

245 5377 347 5443 ρςίε
373 5388 465 5443 ριςο
485 5374 717 5443 πενθερόν,
740 5384 980 5443 generum.
1006 5375 1053 5419 in
1076 5374 1420 5443 ρῳηὶὒίξειτῶν
1450 5375 1517 5443 9’
1552 5374 1801 5443 ex_enip_la-

246 5433 389 5485 iibus'
422 5433 671 5497 bod_ieq60
709 5433 1574 5497 qbservalur.001709.69“legitur.
1601 5433 1799 5497 LugUu-

245 5498 407 5569 μεθείς
431 5494 586 5569 εοᾱοξ
622 5495 703 5542 hic
721 5494 871 5542 habet
902 5494 1107 5555 γαμϐρόν
1129 5494 1180 5541 δὲ
1221 5494 1361 5542 αὐτὸν
1386 5494 1516 5543 καλεῖ
1536 5494 1800 5558 χρηστικῶς

246 5560 352 5621 (sic)
372 5559 403 5611 ἡ
430 5558 467 5603 Γ
471 5558 611 5626 ραφῄ.
892 5620 912 5627 κ
1123 5616 1143 5626 _

246 5682 252 5683 γ
302 5617 329 5656 b
354 5618 492 5683 Ηαις,
518 5630 600 5683 ’τῳ
646 5631 695 5662 τε
734 5616 917 5674 Μωῦσῃ
960 5615 1039 5660 καὶ
1084 5631 1151 5675 τῳ
1200 5616 1327 5680 λαῷ,
1370 5623 1603 5668 mendose
1644 5616 1796 5667 forsan

244 5680 606 5791 “fﬁeiﬂtfus
627 5735 811 5801 legitur
829 5735 1156 5798 δεκαδάρχους.

1289 378 1613 471 SYNOPSIS
1650 406 2057 466 SCRIPTURAE
2096 406 2359 462 5.15015.

3338 421 3449 478 328

1898 536 2282 587 κεκαίνισται.
2332 532 2619 586 Κελεύεται
2641 533 2877 602 Μωῦσῆς
2903 530 3136 585 ἀνελθὼν
3166 528 3353 583 λαϐεῖν
3377 526 3445 577 τὰ

1898 622 2077 683 πυξία.
2098 622 2206 673 Καὶ
2220 617 2286 689 ἦν
2304 623 2417 672 ἐκεῖ
2435 620 2833 689 τεσσαράκοντα
2846 620 3055 689 ἡμέρας
3078 615 3442 684 11011500090-

1899 723 2056 759 κοντα
2077 707 2537 769 νύκτας.’11κουσε
2560 707 2615 757 δὲ
2640 706 2737 774 τὴν
2755 703 2992 767 διάταξιν
3009 705 3106 771 τῆς
3125 700 3327 769 σκηνῆς
3354 699 3446 751 καὶ

1896 793 2003 844 τῶν
2020 794 2076 845 ἐν
2099 794 2257 863 αὐτῇ,
2273 793 2364 845 καὶ
2376 794 2471 860 τῆς
2491 791 2764 860 ἱερατικῆς
2784 790 2987 858 στολῆς,
3007 788 3203 855 καὶτῆς
3220 786 3445 855 χρίσεως

1898 880 2003 931 τῶν
2042 881 2249 949 ἱερέων,
2279 882 2371 933 καὶ
2400 880 2507 931 τῶν
2532 879 2755 948 λύτρων.
2779 876 2962 930 Ταῦτα
3003 870 3146 944 δὲῆν
3180 874 3239 926 τὸ
3279 873 3445 940 ἥμισυ

1897 966 1988 1018 τοῦ
2033 966 2324 1037 διδράχμου
2375 968 2597 1019 ἕκαστον
2648 966 2863 1026 διδόναι,
2904 964 3193 1025 τουτέστιν,
3233 960 3446 1019 ὀϐολοὺς

1898 1052 2044 1105 δέκα.
2082 1055 2191 1106 K01
2231 1054 2478 1123 περὶτῆς
2508 1052 2802 1112 συνθέσεως
2836 1049 2929 1102 τοῦ
2970 1049 3147 1101 ἐλαίου
3178 1048 3445 1116 παραινεῖ,

1900 1139 1991 1191 x01
2016 1140 2155 1209 ὑπὲρ
2186 1140 2284 1209 τῆς
2324 1139 2565 1208 φυλακῆς
2586 1138 2678 1190 τοῦ
2711 1135 2997 1189 σαϐϐάτου.
3037 1133 3447 1203 Ἑκκλησιάζου-

1902 1241 1984 1276 σιν
2002 1226 2051 1277 οἱ
2092 1226 2413 1295 Ἰσραηλῖται
2440 1225 2579 1278 κατὰ
2619 1223 2825 1292 Ἀαρὼν
2862 1222 2955 1274 καὶ
2994 1216 3445 1288 είδωλολατροῦσι.

1900 1310 2032 1362 Τότε
2063 1311 2269 1380 φησὶνό
2301 1310 2430 1372 Θεὸς
2458 1310 2534 1378 τῷ
2557 1310 2780 1377 Μωῦσῇο
2827 1308 3048 1359 Ἔασόν
3078 1322 3172 1373 με,
3214 1303 3310 1357 καὶ
3350 1302 3447 1366 ἐξ·

1899 1398 2127 1465 αλείψω
2141 1397 2381 1462 αὐτοὺς,
2408 1398 2506 1450 καί
2538 1396 2766 1463 ποιήσω
2784 1410 2857 1447 σε
2879 1396 2964 1458 εις
2986 1394 3159 1456 ἔθνος
3179 1392 3345 1460 μέγα.
3366 1391 3451 1453 Ὠς

1900 1481 1955 1533 δὲ
1990 1482 2261 1536 κατελθὼν
2287 1485 2314 1535 0
2350 1482 2586 1552 Μωῦσῆς
2613 1478 2719 1534 εἶδε
2749 1482 2837 1533 10v
2871 1482 3065 1550 μόσχον
3095 1479 3297 1531 καὶτὸν
3328 1477 3451 1530 λαὸν

1901 1570 2208 1634 παίζοντας,
2234 1569 2421 1640 ἔρριψε
2455 1569 2551 1631 τὰς
2606 1568 2837 1632 πλάκας,
2873 1569 2965 1621 καὶ
2996 1565 3326 1636 συνέτριψεν,
3360 1567 3453 1617 ἐπ-

1902 1656 2126 1727 ετίμησε
2155 1656 2230 1726 τῷ
2274 1655 2500 1727 Ἀαρὼν,
2530 1655 2779 1707 ἐκέλευσε
2805 1658 2916 1717 τοῖς
2958 1655 3089 1715 υἱοῖς
3112 1652 3241 1705 Λευῒ
3273 1651 3454 1703 ἐλθοῦ-

1903 1757 2006 1803 σιν,
2061 1738 2212 1793 εἷπε·
2257 1742 2327 1793 El
2385 1758 2472 1805 τις
2527 1742 2673 1809 πρὸς
2718 1737 2991 1809 Κιτριονά,
3050 1741 3149 1792 Ῐτω
3178 1739 3323 1806 πρός
3358 1756 3452 1806 με,

1902 1830 2158 1897 σφάξειν
2199 1830 2458 1883 ἕκαστον
2512 1830 2615 1883 τὸν
2672 1828 2935 1897 ἀδελφὸν
2991 1827 3173 1881 αὐτοῦ
3221 1828 3316 1879 καὶ
3353 1826 3456 1878 τὸν

1902 1919 2164 1984 πλησίον
2192 1919 2395 1972 αὑτοῦ.
2435 1918 2543 1972 Καὶ
2602 1919 2823 1972 ἔπεσον
2850 1918 3165 1985 τρισχίλιοι
3219 1914 3451 1981 ἄνδρες.

1903 2004 2033 2055 Τότε
2077 2003 2133 2055 δὲ
2179 2002 2411 2057 ἀνελθὼν
2470 2004 2709 2072 Μωῦσῆς
2755 2004 2901 2069 λέγει
2947 2002 3023 2070 τῷ
3068 2000 3215 2069 Θεῷ·
3254 2001 3321 2053 El
3344 1999 3458 2066 μὲν

1902 2088 2136 2156 ἁφιεῖςο
2189 2089 2391 2155 αὐτοῖς
2446 2090 2559 2157 τὴν
2600 2089 2906 2157 ἁμαρτίαν,
2956 2088 3136 2155 ἄφες·
3176 2088 3226 2138 εί
3261 2084 3327 2136 δὲ
3349 2083 3456 2151 μὴ.

1902 2174 2224 2244 ἐξάλειψόν
2265 2192 2341 2244 με
2370 2177 2437 2229 ἐκ
2484 2174 2593 2243 τῆς
2624 2175 2863 2238 βίϐλου,
2899 2169 2971 2242 ἧς
3013 2174 3294 2240 ἔγραψας.
3328 2171 3460 2223 Τότε

1904 2260 2197 2332 ἐπένθησεν
2217 2263 2244 2315 0
2264 2261 2413 2325 λαὸς,
2437 2262 2529 2314 καὶ
2557 2259 2843 2327 ἐκελεύσθη
2862 2258 3126 2328 περιελεῖν
3146 2258 3232 2309 τὸν
3261 2257 3460 2324 κόσμον

1903 2346 2087 2400 αὐτοῦ.
2114 2347 2373 2400 Ἐνταῦθα
2396 2347 2624 2417 εἴρηται’
2646 2345 2750 2398 Καὶ
2780 2344 3043 2410 ἐλάλησε
3077 2344 3287 2410 Κύριος
3314 2342 3418 2408 πρε
3430 2364 3459 2407 ς

1903 2433 2184 2501 Μωῦσῆν,
2214 2435 2295 2498 ὠς
2357 2435 2411 2487 εἴ
2454 2451 2542 2498 τις
2588 2432 2846 2499 ,ηιίιὶήσει
2895 2431 3042 2498 πρὸς
3098 2431 3202 2482 τὸν
3246 2430 3459 2482 ἑαυτοῦ

1903 2520 2101 2586 φίλον.
2143 2520 2345 2586 Ἰησοῦς
2370 2520 2425 2571 δὲ
2465 2522 2492 2571 0
2522 2519 2615 2569 106
2645 2518 2798 2583 Ναυῆ
2839 2518 2935 2567 οὐκ
2971 2517 3315 2584 ἐξεπορεύετο
3364 2518 3460 2583 τῆς

1905 2605 2127 2673 σκηνῆς.
2172 2606 2306 2656 Τότε
2344 2604 2650 2672 παρακαλεῖ
2695 2603 2933 2668 Μωῦσῆς
2977 2603 3067 2654 τὸν
3122 2603 3285 2661 Θεὸν,
3324 2601 3462 2654 ὥστε

1906 2688 1979 2758 μὴ
2011 2688 2321 2743 καταλιπεῖν
2353 2690 2442 2741 τὸν
2475 2689 2628 2741 λαόν·
2680 2690 2773 2740 x01
2815 2688 3077 2751 λαξεύσας
3113 2688 3205 2740 δύο
3232 2687 3461 2752 πλάκας,

1902 2773 2162 2843 λαμϐάνει
2192 2774 2290 2844 τὴν
2350 2774 2667 2840 Δεκάλογον,
2710 2774 2940 2842 ποιήσας
2995 2774 3154 2825 πάλιν
3200 2774 3503 2842 τεσσαράσ,

1904 2876 2065 2912 κοντα
2088 2860 2299 2929 ἡμέρας
2327 2861 2420 2912 καὶ
2446 2860 2846 2927 τεσσαράκοντα
2868 2858 3085 2921 νύκτας.
3135 2858 3463 2912 Ἐντέλλεται

1902 2946 1958 2997 δὲ
1980 2944 2125 3014 αὐτῷ
2172 2944 2333 2999 πάλιν
2361 2946 2488 3014 περὶ
2513 2944 2604 2996 τοῦ
2636 2946 2817 3014 πάσχα
2837 2985 2851 3010 ,
2887 2946 3011 3014 περὶ
3044 2944 3136 2997 τοῦ
3177 2945 3460 3006 σαϐϐάτου,

1906 3031 2033 3101 περὶ
2061 3029 2153 3083 τοῦ
2202 3029 2571 3101 ἐξολοθρεῦσαι
2604 3031 2729 3094 τοὺς
2774 3030 2927 3092 θεοὺς
2971 3030 3076 3082 τῶν
3102 3030 3288 3093 ἐθνῶν,
3328 3031 3463 3100 ὑπὲρ

1905 3116 1995 3169 τοῦ
2041 3117 2260 3184 ἀγιάσαι
2309 3117 2455 3186 αὑτῷ
2500 3117 2568 3169 τὰ
2610 3115 2946 3186 πρωτότοκα.
2984 3116 3239 3170 Ἐνταῦθα
3268 3119 3461 3177 κεῖται,

1905 3202 1983 3254 ὅτι
2020 3204 2155 3271 μετὰ
2188 3202 2536 3272 καλύμματος
2568 3202 2742 3254 ἐλάλει
2792 3202 3028 3269 Μωῦσῆς
3056 3201 3133 3271 τῷ
3164 3201 3273 3270 λαῷ
3294 3221 3305 3230 ·
3349 3202 3376 3255 ὃ
3406 3204 3463 3253 tv

1904 3290 1968 3356 τῇ
2000 3288 2222 3358 δευτέρᾳ
2242 3290 2373 3357 πρὸς
2392 3288 2706 3357 Κορινθίους
2732 3288 2892 3355 φησὶν
2915 3288 2942 3339 0
2961 3286 3186 3350 Παῦλος.
3208 3288 3338 3340 Τότε
3367 3287 3463 3339 αύ-

1905 3376 2014 3436 τοῖς
2038 3373 2466 3444 παραγγέλλεται
2505 3373 2742 3441 περὶτοῦ
2762 3373 3051 3432 σαϐϐάτου,
3081 3375 3172 3426 καὶ
3207 3373 3334 3441 11591
3366 3372 3462 3442 τῆς

1908 3459 2037 3527 ὕλης
2058 3460 2156 3529 τῆς
2190 3459 2506 3529 ὀφειλούσης
2534 3461 2881 3530 προχωρῆσαι
2910 3460 2985 3522 εἱς
3016 3460 3113 3528 τὴν
3146 3460 3241 3528 τῆς
3264 3460 3464 3529 σκηνῆς

1907 3546 2186 3615 ἐργασίαν,
2235 3546 2497 3607 τουτέστι,
2534 3547 2661 3615 περὶ
2691 3544 2782 3597 τοῦ
2830 3544 3050 3614 χρυσοῦ,
3110 3543 3202 3596 τοῦ
3242 3543 3462 3613 χαλκοῦ,

1907 3631 2014 3684 τῶν
2038 3630 2261 3701 τριχῶν,
2284 3633 2378 3684 καὶ
2410 3632 2506 3701 τῆς
2532 3630 2724 3698 λοιπῆς
2763 3629 2909 3699 ὕλης.
2930 3630 3038 3682 Καὶ
3068 3630 3115 3681 οἱ
3153 3629 3248 3698 μὲν
3275 3630 3465 3699 ἔφερον

1909 3717 2073 3788 πολλῇ
2107 3721 2171 3787 τῇ
2202 3717 2497 3787 προθυμίᾳ,
2525 3716 2599 3779 ὼς
2643 3718 2735 3769 καὶ
2773 3715 3139 3786 περισσεύειν·
3181 3716 3465 3784 ἐργάζεται

1910 3802 2059 3874 [330]
2090 3804 2145 3856 δὲ
2174 3802 2432 3873 Βεσελεὴλ
2464 3804 2527 3855 ἐκ
2574 3804 2672 3872 τῆς
2703 3801 2872 3871 φυλῆς
2905 3801 3072 3854 Ὶούδα
3102 3842 3115 3866 ,
3159 3802 3251 3853 καὶ
3286 3801 3465 3854 Ἐλιὰϐ

1908 3894 1972 3945 ὲκ
2000 3892 2100 3961 τῆς
2130 3891 2301 3961 φυλῆς
2323 3891 2427 3944 Δάν
2471 3892 2682 3945 ἅπαντα
2718 3889 2783 3942 τὰ
2814 3889 2947 3959 πρὸς
2972 3888 3081 3959 τήν.
3109 3889 3462 3958 κατασκευὴν,

1907 3978 2000 4029 καὶ
2027 3976 2154 4044 ἔστη
2193 3979 2226 4046 ή
2255 3977 2446 4045 σκηνή,
2478 3976 2570 4027 καὶ
2598 3974 2862 4040 ἐκάλυψεν
2889 3972 3057 4042 αὐτὴν
3081 3975 3113 4042 ή
3142 3973 3357 4043 νεφέλη.
3394 3975 3465 4026 Τὸ

1906 4061 1961 4113 δὲ
1986 4060 2257 4114 ἀναλωθὲν
2284 4062 2363 4122 είς
2385 4060 2454 4111 τὰ
2473 4060 2607 4129 ἔργα
2634 4059 2854 4127 χρυσίου
2888 4058 2987 4126 μὲν
3004 4058 3236 4111 τάλαντα
3263 4058 3342 4111 κθ⁹
3374 4060 3467 4113 καὶ

1908 4147 2075 4200 σίκλοι
2122 4146 2196 4215 ψ,
2225 4144 2482 4214 ἀργυρίου
2535 4145 2590 4196 δὲ
2625 4143 2868 4197 τάλανται
2903 4150 2970 4214 ρ’,
3002 4144 3171 4198 σίκλοι
3206 4144 3344 4215 ψοβ’,
3376 4148 3467 4199 καὶ

1906 4230 2105 4303 χαλκοῦ
2143 4231 2379 4286 τάλαντα
2409 4238 2472 4295 0',
2509 4231 2601 4284 καὶ
2632 4228 2824 4293 σίκλοι,
2857 4229 2963 4299 βφ’.

2329 4319 2660 4382 Λευῒεικύν,
2689 4318 2928 4382 βιϐλίον
2953 4317 3027 4386 τ’.

1977 4406 2254 4459 Λευῖτικδν
2283 4406 2525 4459 καλεῖται
2551 4403 2705 4456 τοῦτο
2737 4404 2803 4457 τὸ
2832 4404 3050 4471 βιϐλίον,
3081 4403 3263 4475 ἐπειδὴ
3287 4403 3467 4468 ίδικῶς

1908 4495 2087 4548 πᾶσαν
2113 4493 2211 4562 τῆς
2236 4510 2293 4544 τε
2334 4492 2618 4560 Δευῖτικῆς
2639 4491 2972 4559 λειτουργίας
3000 4489 3096 4558 τήν
3136 4489 3468 4545 διατύπωσιν

1909 4579 2167 4649 περιέχει,
2192 4576 2420 4639 καὶπῶς
2457 4575 2662 4646 Ἀαρὼν
2694 4576 2786 4626 καὶ
2825 4574 2874 4625 οἱ
2900 4573 3004 4624 υἱοὶ
3024 4573 3184 4627 αὑτοῦ
3215 4574 3465 4643 ἐκλέγον-

1908 4682 1994 4717 ται
2036 4666 2099 4715 ἐκ
2126 4662 2225 4732 τῆς
2258 4662 2427 4731 φυλῆς
2458 4661 2605 4723 Λευτ,
2639 4660 2727 4711 καὶ
2757 4658 2994 4726 χρίονται
3028 4660 3105 4720 εἱς
3134 4660 3330 4730 ἱερέας,
3360 4664 3465 4715 πᾶ-

1908 4750 2006 4802 σάν
2028 4764 2087 4799 τε
2108 4748 2204 4817 τὴν
2236 4746 2493 4816 διαφοράν
2527 4744 2633 4796 τῶν
2667 4741 2894 4794 θυσιῶν
2950 4745 3043 4794 καὶ
3076 4743 3173 4811 τὴν
3211 4748 3465 4817 ποιότητα

1907 4835 2085 4887 πᾶσαν
2108 4834 2206 4902 τῆς
2240 4834 2296 4885 tv
2339 4831 2415 4899 τῷ
2447 4828 2573 4899 ἱερῷ
2612 4827 2862 4897 λατρείας
2904 4829 2998 4880 καὶ
3037 4829 3312 4898 ἱερατικῆς
3360 4830 3466 4883 λει-

1904 4919 2176 4989 τουργίας.
2208 4919 2477 4984 Διηγετται
2510 4913 2603 4966 καὶ
2648 4911 2737 4966 τὸν
2779 4912 2941 4981 νόμον
2983 4913 3213 4983 ἑκάστης
3253 4915 3463 4978 θυσίας,

1907 5009 2031 5078 περί
2056 5024 2113 5059 τε
2147 5006 2241 5057 τοῦ
2276 5004 2541 5071 σωτηρίου
2577 5002 2669 5055 καὶ
2701 5001 2793 5055 τοῦ
2822 5002 3066 5056 ἑκουσίου
3093 5005 3186 5055 καὶ
3210 5004 3462 5057 ἀκουσίου

1905 5090 2385 5162 πλημμελήματος,
2415 5088 2507 5140 καὶ
2551 5087 2668 5150 πῶς
2697 5088 2910 5157 ἐκάστῳ
2940 5088 3052 5140 τῶν
3086 5091 3463 5159 προσφερομέ-

1904 5198 2007 5233 νων
2043 5177 2359 5247 διαιρεῖσθαι
2403 5177 2494 5228 καὶ
2535 5175 2898 5245 ἀναφέρεσθαι
2939 5175 3139 5243 ὀφείλει
3177 5175 3458 5245 διηγεῖται.

1908 5267 2059 5318 Ἔστι
2089 5264 2143 5315 δὲ
2173 5265 2229 5315 ἐν
2250 5263 2420 5332 τούτῳ
2441 5260 2516 5331 τῷ
2548 5262 2731 5332 βιϐλίῳ
2761 5263 2795 5331 ή
2826 5264 3001 5331 χρῖσις
3039 5260 3131 5314 τοῦ
3167 5262 3463 5332 ἀρχιερέως

1902 5354 1994 5405 καὶ
2037 5351 2144 5403 τῶν
2179 5350 2387 5423 ἱερέων,
2428 5352 2520 5403 x01
2567 5352 2599 5418 ή
2631 5349 2899 5417 διάκρισις
2940 5350 3030 5401 καὶ
3064 5351 3095 5418 ή
3133 5349 3327 5414 γνῶσις
3356 5348 3463 5399 τῶν

1904 5438 2160 5508 σημείων,
2192 5440 2317 5507 περὶ
2359 5438 2563 5505 λέπρας
2596 5433 2893 5505 ἀνθρώπων
2949 5436 3040 5486 καὶ
3097 5433 3319 5502 ἱματίων
3368 5436 3462 5485 καὶ

1900 5526 2074 5593 τοίχου
2105 5524 2298 5587 οἰκίας,
2336 5524 2471 5576 καὶό
2502 5521 2703 5590 νόμοςὸ
2736 5519 2861 5588 περὶ
2892 5517 3228 5587 καθαρισμοῦ
3260 5516 3459 5573 αὐτῶν..

1961 5672 1987 5712 d
2016 5671 2067 5719 In
2096 5670 2275 5733 VBAibliis
2295 5669 2567 5733 legilurﬁc
2584 5667 2696 5728 πρὸς
2712 5664 2904 5733 μύρων.
2935 5724 2954 5733 τ

1969 5750 1991 5777 υ
2012 5734 2065 5784 In
2091 5731 2262 5785 Bibliis
2286 5725 2464 5783 Griecis
2489 5725 2665 5792 legitur
2691 5728 2727 5775 εἱ
2751 5727 2831 5788 μὲν
2850 5725 2991 5786 ἀφεῖς,
