4138 6306
206 395 308 450 329

196 494 445 562 judicmm
485 504 541 547 et
564 493 789 562 cognitio
829 493 1158 555 iudiciorum,
1208 492 1393 559 quibus
1437 500 1540 544 tam
1580 489 1747 543 homi-

200 597 336 644 num,
367 595 530 648 quam
583 582 1021 644 indumentorum,
1068 581 1426 648 parietumquc
1471 579 1748 633 domorum

199 671 333 738 lepra
365 669 696 736 deprehendi
730 670 911 737 possit,
943 678 994 722 et
1022 669 1109 736 qui
1127 668 1194 722 sit
1240 683 1422 722 eorum
1467 667 1753 734 expiando-

200 778 310 816 rmn
333 764 485 815 ritus.
511 762 770 816 Praeterea
811 777 927 830 qua:
949 762 1014 813 sit
1046 761 1124 813 lex
1167 771 1218 813 et
1244 760 1508 812 distinctio
1555 773 1753 812 connu-

200 851 396 904 biorum
423 850 800 918 legitimorum,
834 856 888 902 et
907 863 1146 916 quamam
1194 863 1288 916 pro
1317 847 1602 915 illegitimis
1643 847 1751 900 sint

200 938 458 994 habenda.
492 941 618 993 Item
665 939 789 1008 quid
826 939 1144 995 discriminis
1172 939 1239 991 sit
1286 938 1420 991 inter
1461 938 1650 992 munda
1694 947 1747 991 et

200 1027 465 1081 immunda
521 1028 796 1092 animalia,
829 1029 1064 1096 interque
1110 1027 1347 1080 volucres
1381 1036 1434 1079 et
1480 1028 1647 1095 pisces
1686 1041 1747 1081 ac

200 1116 395 1183 reptilia
421 1116 656 1182 cujusvis
679 1117 904 1184 generis,
935 1116 1310 1183 etquibusnam
1333 1116 1490 1176 vesci,
1545 1129 1573 1167 a
1617 1114 1739 1184 qui-

201 1205 412 1256 busnam
433 1203 710 1257 abstinere
729 1201 960 1256 dedeant
980 1199 1457 1256 Hebrzei.Declarat
1481 1204 1633 1256 etiam
1660 1203 1749 1271 qui

199 1291 263 1343 sit
287 1293 695 1348 Tubarumdies
716 1293 768 1344 in
791 1291 1059 1344 neomenia
1078 1291 1272 1343 mensis
1300 1293 1503 1360 septimi
1536 1311 1547 1343 :
1576 1293 1748 1360 magni

201 1393 404 1446 quoque
421 1379 606 1446 jejunii
628 1387 964 1445 praeceptum,
989 1377 1124 1445 quod
1150 1378 1332 1431 eodem
1351 1379 1571 1448 septimo
1593 1395 1744 1432 mcu-

200 1481 272 1529 se,
299 1467 506 1520 decima
551 1469 746 1520 mensis
791 1469 1182 1522 custodiendum
1231 1470 1317 1535 sit,
1341 1485 1492 1538 quam
1534 1471 1746 1523 sabbata

202 1555 545 1609 sabbatorum
579 1565 632 1610 et
660 1558 857 1624 peccati
901 1558 1261 1611 remissionem
1311 1566 1484 1610 vocat.
1537 1557 1746 1611 Festum

201 1646 351 1698 etiam
378 1646 862 1702 Tabernaculorum
893 1647 1092 1700 decima
1120 1649 1296 1715 quinta
1321 1647 1554 1713 ejusdem
1602 1662 1749 1701 men-

199 1735 267 1785 sis
293 1735 550 1788 celebrari
575 1735 739 1801 jubet.
768 1735 884 1802 Agit
911 1749 1116 1802 quoque
1142 1734 1205 1787 de
1250 1734 1414 1798 festis,
1443 1745 1494 1788 et
1537 1749 1651 1802 qua:
1693 1736 1744 1788 in

202 1823 296 1875 illis
317 1823 586 1876 offerenda
627 1824 1000 1891 sintprmeipit.
1029 1823 1155 1876 ltcm
1199 1825 1266 1879 de
1317 1823 1746 1881 manumittendis

200 1907 446 1974 Hebraeis,
471 1909 559 1977 qui
590 1910 640 1962 in
671 1911 973 1963 servitutem
1003 1911 1193 1964 venditi
1235 1920 1374 1977 sunt,
1405 1920 1458 1965 et
1487 1911 1552 1965 de
1595 1912 1746 1966 debi-

202 2009 364 2052 torum
414 2000 765 2052 remissione:
796 2000 860 2053 de
885 2000 1058 2068 quiete
1095 2003 1316 2069 septimo
1359 2017 1564 2070 quoque
1609 2017 1746 2055 anno

202 2096 350 2138 terra:
369 2087 730 2140 concedenda.
764 2087 841 2140 Ad
872 2087 982 2140 inec
1007 2088 1072 2140 de
1095 2088 1344 2155 legalibus
1371 2089 1643 2156 praeceptis
1683 2103 1746 2142 ac

201 2174 511 2229 testimoniis
557 2176 820 2229 admonet.
882 2177 1045 2230 Porro
1075 2178 1406 2231 servantibus
1447 2179 1552 2243 illa,
1599 2180 1734 2233 bona

200 2263 507 2330 pollicetur;
565 2265 1064 2334 transgredientibus
1089 2283 1212 2319 vero
1251 2269 1558 2335 gravissima
1605 2270 1740 2322 mala

200 2353 436 2407 minatur.
472 2355 612 2409 Inter
662 2357 805 2410 cibos
854 2366 1026 2410 autem
1075 2358 1298 2411 mundos
1345 2367 1396 2411 et
1448 2359 1743 2414 immundos

197 2443 582 2499 distinctionem
613 2445 903 2514 hujusmodi
931 2448 1092 2514 ponit.
1121 2448 1174 2500 In
1205 2448 1371 2500 brutis
1391 2449 1743 2503 animantibus

198 2531 302 2584 bmc
325 2533 518 2585 munda
546 2534 670 2587 dicit
687 2549 822 2600 esse,
838 2552 953 2604 qua:
971 2537 1210 2603 ungulam
1226 2536 1480 2599 dividunt,
1503 2546 1555 2590 et
1578 2538 1739 2605 gemi-

197 2635 286 2673 nas
311 2624 530 2690 ungulas
556 2623 768 2688 habent,
795 2639 857 2678 ac
885 2626 1279 2679 ruminationem
1311 2638 1585 2694 regerunt;
1611 2642 1738 2694 qua-

195 2710 258 2762 lia
283 2721 402 2764 sunt
429 2713 641 2776 vitulus,
671 2714 800 2777 ovis,
831 2729 1005 2780 capra,
1033 2729 1240 2778 cervus,
1265 2715 1498 2778 bubalus,
1528 2731 1736 2782 caprea,

194 2813 338 2866 oryx,
380 2814 660 2867 pygargus,
694 2803 1044 2867 tragelaphus,
1095 2803 1541 2868 camelopardalis,
1573 2811 1625 2855 et
1669 2804 1740 2854 si-

195 2884 346 2936 milia.
377 2885 431 2937 Si
450 2899 576 2937 vero
603 2885 866 2953 quidpiam
890 2901 1069 2939 eorum
1091 2887 1331 2951 defuerit,
1363 2904 1454 2954 pro
1475 2887 1739 2940 immundo

196 2970 480 3037 habebitur,
513 2981 567 3025 ut
617 2984 737 3026 sunt
786 2975 1034 3037 camelus,
1088 2974 1259 3041 lepus,
1314 2974 1735 3042 choerogryllus:

197 3059 301 3114 inec
325 3062 464 3114 enim
520 3063 1029 3130 ruminantquidem,
1058 3064 1149 3117 sed
1182 3066 1426 3133 ungulam
1471 3079 1573 3118 non
1633 3065 1736 3117 fin-

194 3148 344 3213 dunt;
372 3159 424 3204 et
451 3166 542 3205 sus
568 3167 772 3220 quoque
802 3167 814 3204 :
849 3168 966 3205 nam
999 3153 1080 3206 hic
1107 3155 1321 3221 ungulas
1349 3154 1576 3207 babetac
1597 3155 1730 3206 divi-

199 3237 287 3299 dit,
318 3241 408 3292 sed
434 3255 537 3293 non
567 3242 807 3293 ruminat.
843 3241 915 3294 De
945 3241 1235 3295 volatilibus
1257 3257 1378 3295 vero
1403 3258 1518 3310 qua:
1539 3243 1622 3296 edi
1649 3257 1738 3295 ve-

193 3335 279 3390 tat,
328 3327 439 3383 hare
488 3338 610 3383 sunt
643 3347 655 3382 :
688 3330 876 3398 aquila,
926 3330 1171 3398 gryphes,
1217 3329 1490 3396 haliaétus,
1537 3333 1731 3395 vultur,

193 3415 391 3482 milvus,
448 3432 656 3483 corvus,
690 3426 743 3471 et
782 3417 863 3472 his
903 3418 1111 3482 similia,
1142 3420 1387 3485 accipiter
1432 3427 1484 3471 et
1523 3420 1731 3485 similia,

191 3504 481 3570 uyeticorax
527 3515 580 3559 et
619 3505 844 3568 similia,
890 3514 1195 3568 eataractes,
1249 3506 1368 3569 ibis,
1425 3508 1726 3575 porphyrio,

190 3595 464 3662 pelicanus,
493 3611 708 3666 cycnus,
741 3597 970 3662 erodius,
992 3597 1312 3654 eharadrius.
1336 3605 1388 3648 et
1415 3596 1494 3649 his
1515 3598 1725 3661 similia,

190 3697 350 3752 upupa
376 3695 429 3740 et
455 3687 772 3754 vespertilio.
825 3687 1076 3755 [tepentia
1107 3687 1351 3750 volatilia,
1382 3689 1554 3740 omnia
1605 3688 1730 3741 dicit

189 3787 296 3828 esse
320 3776 602 3840 immunda,
630 3791 746 3844 quae
767 3786 984 3845 quatuor
1002 3777 1215 3844 pedibus
1239 3776 1543 3845 gradiuntur
1585 3792 1730 3843 qua:-

189 3877 282 3930 que
303 3880 450 3918 crura
483 3866 698 3933 pedibus
719 3867 1017 3920 sublimiora
1053 3867 1264 3928 habent,
1290 3868 1360 3918 ita
1392 3867 1518 3917 utin
1563 3865 1665 3918 illis
1698 3881 1728 3918 a

189 3962 318 4008 terra
345 3955 553 4018 saliant,
584 3955 752 4022 qualia
766 3963 890 4008 sunt
918 3955 1165 4018 bruchus,
1208 3955 1447 4021 pittacus,
1504 3963 1725 4023 attagus,

186 4040 374 4095 locusta
403 4051 456 4096 et
496 4043 706 4104 similia,
754 4052 805 4095 et
855 4043 1068 4096 lacerta.
1111 4044 1238 4106 Quae
1295 4057 1418 4094 vero
1462 4042 1512 4094 in
1557 4044 1722 4109 aquis,

187 4131 290 4185 sive
317 4134 366 4185 in
398 4134 548 4196 mari,
581 4133 690 4186 sive
719 4133 770 4185 in
799 4131 1096 4185 [luminibus
1140 4148 1200 4185 ac
1228 4132 1546 4185 torrentibus
1574 4142 1712 4196 nata,

186 4218 291 4273 hare
317 4220 438 4274 dicit
463 4235 580 4275 esse
607 4223 817 4286 munda,
853 4222 937 4275 illa
975 4221 1218 4274 videlicet
1263 4236 1378 4289 qua:
1429 4222 1611 4288 pinnas
1664 4230 1717 4274 et

188 4320 420 4374 squamas
439 4309 665 4371 habent;
700 4317 756 4360 ut
779 4319 898 4360 sunt
924 4309 1091 4376 trigla,
1120 4324 1317 4370 scarus,
1347 4310 1578 4376 glaucus,
1605 4322 1721 4360 ecs-

187 4402 339 4461 treus,
369 4405 423 4451 et
451 4413 568 4466 qua:
595 4398 674 4450 his
699 4405 820 4450 sunt
843 4399 1046 4449 similia.
1082 4397 1208 4460 Quae
1230 4406 1401 4448 autem
1433 4396 1602 4463 aliquo
1632 4411 1722 4448 eo-

186 4500 295 4538 rum
329 4496 523 4551 carent,
555 4486 814 4540 immunda
865 4502 960 4539 nec
1004 4486 1237 4548 edenda;
1269 4485 1512 4537 videlicet
1555 4485 1717 4550 sepia,

186 4586 293 4639 qua:
316 4575 502 4640 pinnas
530 4575 699 4636 habet,
724 4576 950 4642 squamis
969 4584 1142 4629 autem
1166 4583 1325 4626 caret.
1358 4573 1432 4625 Ex
1456 4573 1556 4624 illis
1609 4587 1705 4624 aun

189 4669 284 4714 tem
304 4675 417 4730 qua:
434 4678 586 4731 supra
612 4671 801 4716 terram
831 4673 1036 4730 repunt,
1067 4663 1177 4715 haec
1200 4661 1463 4713 immunda
1495 4675 1609 4712 esse
1636 4660 1718 4712 di-

186 4748 270 4810 είι,
293 4758 593 4820 mustelam,
624 4750 939 4804 crocodilum
969 4758 1287 4810 terrestrem,
1314 4749 1573 4816 mygaleu,
1596 4747 1718 4800 cha-

186 4838 520 4904 maeleontem,
542 4841 848 4903 stellionem,
864 4854 1066 4893 sauram
1087 4849 1138 4892 et
1156 4839 1365 4905 talpam.
1384 4840 1454 4891 De
1479 4847 1719 4905 serpente

186 4937 370 4993 autem,
400 4941 454 4984 et
481 4946 597 4998 qua:
627 4931 723 4998 ipsi
745 4939 863 4983 sunt
881 4931 1088 4991 similia,
1121 4929 1437 4995 superfluum
1466 4937 1606 4979 esset
1629 4926 1718 4978 ad-

186 5031 389 5072 mouere
417 5037 428 5070 :
455 5021 553 5073 hoc
582 5035 803 5087 namque
860 5018 1197 5071 animantium
1223 5031 1383 5084 genus
1413 5017 1572 5082 liquet
1599 5030 1716 5068 om-

185 5107 448 5162 nibusesse
464 5108 862 5162 abominandum
880 5121 939 5160 ac
958 5105 1338 5160 detestandum.
1364 5103 1715 5169 Similiterque

187 5192 231 5244 in
259 5195 651 5250 Deuteronomio
678 5197 859 5249 horum
891 5195 1142 5247 meminit.
1174 5192 1300 5246 Item
1339 5193 1444 5260 agit
1469 5192 1532 5244 de
1579 5208 1713 5243 mor-

188 5282 344 5338 ticinis
369 5295 422 5340 ut
447 5288 738 5355 prohibitis,
771 5287 835 5339 de
864 5286 1113 5352 sanguine
1137 5284 1396 5342 similiter,
1432 5282 1498 5333 de
1527 5281 1714 5333 mulie-

189 5372 320 5425 ribus
346 5376 679 5442 parieutibus.
707 5377 762 5429 Si
792 5376 909 5442 quis
935 5388 1112 5426 semen
1145 5372 1396 5433 emiserit,
1423 5370 1716 5421 imnmndus

189 5462 277 5515 erit
301 5465 479 5521 diebus
494 5476 712 5535 septem.
740 5468 810 5519 De
832 5464 1223 5518 circumcisione
1249 5463 1392 5530 pueri
1420 5469 1606 5512 octavo
1629 5461 1714 5512 die

189 5547 424 5607 facienda.
471 5557 542 5610 De
581 5556 798 5608 muliere
841 5562 1189 5613 menstruala,
1235 5560 1285 5602 et
1325 5549 1390 5602 de
1427 5549 1712 5601 differentia

191 5646 488 5712 purgationis
512 5661 689 5701 carum
713 5661 825 5714 qua:
854 5646 930 5698 vcl
955 5642 1238 5698 masculum
1263 5641 1338 5693 vel
1365 5640 1599 5692 lctninam
1625 5657 1709 5706 pc-

1248 375 1560 431 SYNOPSlS
1596 373 1990 430 SCRIPTUIUE
2029 374 2290 428 SACRE.

3293 400 3403 455 330

1857 491 2103 557 pcrerint.
2136 490 2240 544 Lex
2269 490 2334 544 de
2373 492 2517 561 lepra
2542 494 2682 549 etde
2702 494 2814 561 ejus
2842 495 3168 564 purgatione.
3194 492 3262 549 de
3309 509 3395 550 se.

1854 579 2118 645 minilluis,
2155 581 2291 636 etde
2329 583 2626 637 menstruis.
2659 584 2734 638 De
2761 584 3072 648 reverentia,
3120 584 3188 638 de
3235 598 3394 651 capro

1854 668 2124 723 emissario
2146 679 2200 724 et
2221 671 2287 725 de
2311 671 2526 741 jejunio.
2558 674 2631 727 De
2648 673 2939 726 cohibendo
2967 671 3240 740 illegitimo
3280 672 3392 724 coi-

1856 763 1908 810 tu
1938 772 1952 808 :
1980 758 2048 811 de
2075 760 2346 814 connubiis
2371 761 2610 829 legitimis
2633 771 2686 816 et
2712 762 3011 830 illegitimis,
3042 771 3095 815 et
3117 760 3256 828 quod
3284 774 3389 814 non

1853 847 2038 901 debeat
2075 850 2318 903 sacerdos
2361 851 2565 904 viduam
2590 859 2679 904 aut
2703 850 3020 919 repudiatam
3055 848 3269 912 ducere,
3293 849 3387 903 sed

1855 935 2124 1005 virginem.
2145 938 2218 992 De
2239 938 2339 990 lilia
2352 939 2636 992 sacerdotis
2653 937 2956 992 fornicante.
2978 937 3124 1003 Quod
3145 938 3388 991 sacerdos

1853 1023 2140 1092 inculpatus
2154 1040 2270 1079 esse
2282 1025 2485 1079 debeat.
2509 1027 2580 1079 De
2595 1025 2743 1079 donis
2754 1026 2957 1079 oblatis.
2977 1024 3050 1077 De
3061 1023 3306 1085 sabbatis,
3325 1024 3389 1076 de

1853 1101 2077 1179 festis,et
2091 1109 2159 1163 de
2171 1108 2306 1162 festo
2319 1111 2688 1176 Paschalis,de
2698 1109 3045 1178 ScenOpegia,
3058 1111 3226 1180 deque
3253 1112 3387 1165 festo

1856 1203 2383 1267 Tubarum.Deoleo,
2401 1204 2465 1258 de
2481 1203 2694 1266 lumine,
2708 1203 2772 1256 de
2790 1203 3008 1270 panibus
3027 1203 3390 1270 propositionis

1851 1290 1986 1344 etde
2013 1306 2149 1344 anno
2177 1293 2516 1345 remissionis.
2547 1293 2797 1359 Deinceps
2824 1292 2888 1344 de
2912 1292 3077 1345 servis
3099 1290 3292 1344 Judmis
3336 1299 3390 1344 et

1851 1379 2144 1446 gentilibus.
2189 1381 2259 1432 De
2316 1381 2671 1447 repudiatione
2723 1380 2980 1433 idolorum
3009 1380 3085 1432 sic
3117 1379 3387 1447 loquitur:

1857 1487 1877 1520 ‹
1898 1469 2006 1536 Ego
2034 1470 2170 1522 enim
2188 1484 2300 1522 sum
2324 1471 2458 1523 Deus
2477 1479 2664 1533 vester;
2680 1484 2778 1522 non
2803 1469 2999 1523 facietis
3012 1469 3158 1522 vobis
3174 1469 3298 1536 ipsis
3322 1469 3392 1522 si-

1851 1559 2100 1623 mulacra,
2125 1574 2222 1612 nec
2263 1568 2485 1612 statuam
2512 1560 2718 1627 erigetis
2741 1559 2908 1621 vobis,
2951 1573 3120 1626 neque
3165 1558 3387 1626 lapidem

1853 1647 1901 1698 in
1933 1663 2142 1713 scopum
2175 1649 2377 1714 ponetis
2420 1649 2468 1700 in
2499 1657 2631 1701 terra
2663 1658 2717 1701 ttt
2760 1648 2985 1701 adoretis
3015 1648 3158 1701 illum
3179 1647 3388 1715 »(ιευίι.

1850 1735 1935 1787 26.
1967 1735 2072 1805 1.).
2101 1735 2177 1788 Ad
2207 1736 2316 1789 haec
2363 1738 2527 1790 minas
2566 1737 2712 1790 eﬂ'crt
2762 1739 2812 1788 in
2844 1737 3265 1804 prmvaricatores
3311 1735 3389 1788 his

1849 1823 2053 1876 verbis:
2088 1841 2106 1873 ι
2143 1823 2251 1891 Ego
2291 1825 2537 1878 Dominus
2559 1823 2693 1877 Deus
2719 1833 2907 1889 vester,
2939 1825 3026 1893 qui
3073 1824 3225 1878 eduxi
3297 1839 3389 1878 vos

1849 1912 1916 1966 de
1944 1923 2077 1965 terra
2103 1912 2313 1982 Egypti
2337 1928 2452 1967 cum
2482 1914 2667 1968 essetis
2695 1915 2849 1974 servi,
2882 1921 2936 1967 et
2963 1915 3183 1967 contrivi
3207 1913 3388 1966 vincu—

1851 2000 1953 2051 lum
1995 2000 2102 2067 jugi
2132 2002 2311 2065 vestri,
2351 2015 2412 2054 ac
2439 2001 2560 2053 duxi
2589 2016 2680 2054 vos
2702 2016 2819 2054 cum
2861 2001 3067 2054 fiducia.
3113 2001 3167 2055 Si
3213 2010 3387 2053 autem

1850 2102 1952 2140 non
1974 2088 2238 2141 audieritis
2262 2104 2364 2151 me,
2392 2103 2558 2155 neque
2579 2088 2802 2141 feceritis
2833 2098 3086 2156 praecepta
3109 2103 3222 2142 mea
3249 2087 3382 2152 haec,

1849 2174 1940 2228 sed
1967 2175 2092 2243 ipsis
2111 2177 2538 2243 repugnaveritis,
2565 2185 2619 2228 et
2640 2177 2679 2228 si
2700 2176 2906 2242 judiciis
2933 2176 3065 2230 meis
3085 2176 3387 2230 adversetur

1848 2263 2016 2315 anima
2038 2274 2225 2327 vestra,
2252 2265 2318 2316 ita
2347 2275 2400 2317 ut
2426 2279 2525 2316 non
2552 2263 2750 2317 faciatis
2775 2265 2950 2317 omnia
2971 2272 3228 2331 praecepta
3249 2278 3384 2328 mea,

1848 2361 1904 2406 ut
1930 2353 2192 2421 dissipetis
2223 2363 2584 2407 testamentum
2609 2369 2786 2408 meum
2811 2370 2824 2418 ;
2853 2354 3089 2408 inducam
3109 2354 3159 2408 in
3181 2369 3273 2409 vos
3293 2369 3389 2408 an-

1846 2443 2090 2510 gustiam,
2118 2444 2363 2507 scabiem,
2391 2453 2441 2497 et
2480 2443 2720 2496 ardorem
2765 2456 3156 2498 consumentem
3201 2445 3386 2498 oeulos

1847 2542 2043 2584 vestros
2069 2549 2080 2583 :
2104 2542 2155 2584 et
2207 2532 2523 2585 semiuabitis
2567 2531 2755 2585 frustra
2794 2543 3080 2585 sementem
3119 2540 3342 2584 vestram
3369 2573 3383 2596 ,

1845 2631 1896 2673 et
1926 2619 2063 2672 hanc
2103 2622 2377 2674 comedent
2419 2622 2594 2674 hostes
2647 2623 2803 2674 vestri
2838 2639 2856 2672 ›
2889 2622 2907 2688 (
2934 2621 3063 2674 ibid.
3089 2638 3134 2674 υ.
3165 2622 3383 2692 15-16).

1845 2707 1943 2759 Ista
1969 2709 2198 2759 continet
2225 2709 2308 2760 hic
2334 2707 2488 2769 liber,
2515 2721 2637 2760 cum
2660 2708 2774 2762 aliis
2799 2708 3057 2762 mandatis
3085 2719 3139 2764 et
3185 2725 3384 2778 praece-

1844 2797 1961 2864 ptis,
1984 2796 2035 2849 in
2066 2796 2250 2864 hisque
2274 2797 2598 2850 terminatur.

2264 2923 2496 2962 svnorsrs
2521 2921 2835 2962 nonanona!
2863 2908 2961 2979 (a).

1910 3018 2125 3071 Jubetur
2141 3017 2344 3086 Moyses
2366 3033 2637 3072 numerare
2659 3018 2905 3087 populum
2927 3033 2955 3071 a
2977 3019 3224 3088 vigesimo
3244 3036 3381 3074 anno

1840 3119 1893 3163 et
1913 3125 2064 3177 supra
2090 3150 2103 3172 ,
2132 3118 2380 3178 erantque
2408 3120 2651 3164 sexcenta
2679 3111 2773 3162 tria
2808 3112 2967 3164 millia
3000 3112 3263 3165 hominum
3287 3155 3299 3176 ,
3329 3124 3380 3166 ct

1839 3200 2070 3252 sexcenti
2113 3201 2480 3268 quinquaginta
2509 3240 2522 3263 ,
2567 3210 2753 3267 pra-ter
2800 3200 3025 3255 Levitas.
3069 3205 3379 3272 Genealogia

1839 3288 2163 3351 Levitarum,
2205 3289 2291 3356 qui
2333 3299 2710 3351 numerantur,
2759 3297 3008 3356 erantque
3050 3290 3228 3356 viginti
3275 3291 3379 3344 duo

1839 3376 1979 3429 mille
2006 3375 2220 3429 trecenti
2247 3391 2276 3429 a
2313 3378 2447 3430 natis
2479 3391 2580 3429 uno
2606 3392 2786 3430 mense
2810 3386 2863 3431 et
2892 3392 3069 3445 supra.
3097 3380 3225 3443 Quia
3255 3397 3377 3437 vero

1839 3466 2166 3534 primogeniti
2212 3466 2416 3520 lsraelis
2455 3478 2604 3520 erant
2644 3467 2820 3533 viginti
2862 3467 2966 3521 duo
3005 3469 3146 3521 mille
3169 3470 3374 3523 ducenti

1837 3557 2162 3622 septuaginta
2203 3563 2339 3620 tres,
2383 3571 2478 3622 pro
2518 3554 2580 3608 iis
2618 3556 2702 3623 qui
2744 3570 3016 3609 numerum
3055 3558 3377 3612 excedebant

1836 3644 2219 3711 redemptiones
2270 3645 2472 3711 accepit
2511 3644 2713 3712 Moyses
2753 3645 2998 3713 deditque
3024 3647 3234 3700 Aaroni.
3275 3648 3376 3702 Re-

1833 3733 2159 3799 demptiones
2179 3743 2348 3786 autem
2374 3733 2677 3786 erantmille
2699 3734 2914 3786 trecenti
2941 3734 3206 3803 sexaginta
3227 3735 3375 3803 quin-

1833 3838 1932 3890 que
1968 3824 2078 3875 sieli
2107 3838 2200 3890 pro
2224 3824 2471 3891 quolibet.
2505 3824 2745 3892 Prrecipit
2771 3823 3006 3891 quisnam
3035 3841 3144 3878 rem
3172 3840 3372 3878 sacram

1832 3911 1978 3964 obire
2022 3910 2212 3965 debeat
2235 3951 2247 3972 ,
2291 3926 2543 3979 quosnam
2573 3927 2690 3965 esse
2722 3919 2959 3979 oporteat
2988 3911 3193 3966 Levitas
3224 3929 3238 3965 :
3268 3929 3371 3966 non

1831 4001 1967 4054 cnim
1989 4015 2176 4054 omnes
2197 4001 2378 4054 eodem
2411 4002 2605 4055 honore
2634 4000 2998 4069 dignalianlur.
3029 4002 3156 4054 Aliis
3184 4003 3372 4067 pretio-

1829 4093 1964 4144 siora
1996 4105 2113 4142 vasa
2139 4090 2488 4153 tabernaculi,
2521 4091 2637 4144 aliis
2676 4091 2872 4142 minora
2905 4090 3369 4144 concredebantur.

1830 4179 2056 4232 Fuerunt
2079 4187 2255 4231 autem
2281 4179 2474 4232 Levita:
2507 4193 2534 4230 a
2563 4180 2812 4247 vigesimo
2841 4195 2976 4233 anno
3002 4189 3053 4233 et
3079 4195 3254 4248 supra,
3282 4184 3369 4248 qui

1831 4271 2208 4330 ministrabant,
2227 4284 2391 4337 usque
2413 4269 2476 4322 ad
2505 4270 2985 4338 quinquagesimum
3012 4285 3224 4336 annum,
3254 4280 3369 4323 octo

1827 4359 1970 4412 mille
2009 4359 2268 4426 quingenti
2316 4358 2575 4426 octoginta
2629 4368 2751 4411 tres.
2783 4359 2926 4412 Tunc
2977 4359 3119 4425 iubet
3159 4374 3365 4412 omnem

1828 4447 2148 4500 immundum
2190 4447 2426 4499 emittere
2463 4462 2526 4499 ex
2566 4448 2768 4508 castris,
2813 4457 2865 4500 et
2894 4449 2958 4500 de
2989 4449 3242 4502 sacrificio
3270 4464 3363 4516 pro

1825 4536 2016 4589 delicto
2039 4535 2283 4601 loquitur,
2309 4535 2573 4602 legemque
2597 4536 2863 4604 zelotypize
2885 4537 3061 4588 statuit
3084 4554 3098 4600 ;
3126 4546 3178 4588 ut
3200 4552 3365 4603 neque

1826 4625 2079 4677 calumnia
2113 4624 2446 4690 impeteretur
2473 4624 2659 4674 mulier
2682 4624 2814 4675 circa
2839 4623 3167 4686 adulterium,
3198 4640 3364 4691 neque

1825 4715 2053 4767 adultera
2081 4714 2241 4766 latere
2272 4722 2463 4779 posset.
2497 4713 2570 4764 De
2609 4712 2904 4777 precatione
2943 4715 3363 4766 sanctilicationis

1824 4805 2083 4866 statuitur,
2103 4813 2152 4856 et
2169 4802 2428 4870 quomodo
2454 4809 2694 4868 oporteat
2715 4800 3034 4854 sacerdotem
3059 4802 3361 4855 benedicere

1826 4894 1956 4947 ﬁlios
2001 4892 2177 4946 Israel.
2226 4891 2322 4944 Ubi
2356 4900 2528 4942 autem
2565 4890 2709 4942 stetit
2739 4890 3146 4952 tabernaculum,
3172 4891 3357 4943 attule-

1823 4991 1942 5037 runt
1965 4982 2222 5050 principes
2251 4980 2386 5032 dona
2413 4978 2570 5032 multa
2597 4993 2902 5046 magnaque.
2927 4978 3138 5031 iubetur
3156 4981 3355 5048 Moyses

1882 5097 1951 5156 (α)
1987 5095 2174 5156 Initium
2198 5094 2304 5142 libri
2347 5101 2653 5141 Numerorum
2691 5094 2736 5140 in
2771 5093 3066 5156 Lugdunensi
3094 5092 3266 5156 _Codi_ce
3292 5092 3358 5156 sic

1821 5151 1966 5204 habet
1991 5170 2002 5202 :
2028 5157 2110 5203 m‘c
2136 5154 2252 5202 liber
2276 5161 2462 5200 vocatur
2490 5171 2512 5197 ι
2529 5151 2879 5202 Numerorum}
2904 5188 2916 5209 ,
2941 5153 3048 5212 quia
3063 5151 3252 5206 sim/ultr
3269 5152 3352 5199 tri-

1822 5216 1920 5274 bus,
1938 5217 2082 5276 juxta
2119 5214 2647 5276 prceceptum__oonmti,
2668 5221 2854 5276 quamq:
2875 5219 3021 5276 essent
3045 5220 3355 5276 mens-aratum

1821 5272 1973 5328 est.ét
1995 5276 2106 5334 quia
2121 5272 2265 5323 totius
2279 5272 2449 5335 populi
2483 5287 2702 5335 nupwrus
2724 5273 2773 5321 in
2809 5273 2894 5320 hoc
2917 5273 3033 5320 libro
3071 5272 3352 5319 declaratur.

1820 5332 2187 5398 Dinumerabant
2211 5332 2636 5398 Δςιιιίεὴι,ροριιιιιηι
2675 5343 2852 5394 Meyses
2887 5341 2928 5398 et
2957 5345 3125 5398 __mron,
3169 5339 3212 5379 et
3249 5343 3353 5398 cum

1821 5397 1886 5445 eis
1911 5396 2133 5456 cujusque
2157 5394 2306 5443 tribus
2335 5392 2563 5456 pritzceps.
2583 5401 2634 5442 Et
2656 5392 2875 5441 nunierus
2895 5392 3163 5456 belintorum
3184 5405 3213 5438 α
3237 5392 3354 5450 rige-

1819 5457 1936 5504 simo
1957 5452 2078 5518 tumo
2099 5463 2142 5503 et
2165 5468 2308 5515 supra
2333 5453 2539 5518 inventus
2560 5462 2626 5503 est
2639 5461 2867 5518 sexcenta
2885 5452 3030 5500 millia
3055 5460 3094 5518 et
3112 5458 3352 5517 cmlunt_ct

1821 5516 2168 5575 quurntuginta,
2198 5514 2369 5575 pnt'ter
2394 5514 2527 5562 alios.
2572 5514 2758 5562 ’I‘ribum
2799 5522 2952 5561 autem
2984 5514 3080 5559 levi
3097 5514 3353 5570 separatim

1819 5581 2227 5623 u’immwrat'crunl
2245 5577 2500 5623 secundum
2523 5576 2713 5624 verbum
2735 5575 2930 5632 Domini,
2953 5581 3124 5633 Moyses
3143 5582 3185 5622 ct
3226 5584 3281 5617 fa:
3296 5582 3354 5618 οη

1823 5637 1924 5697 soli,
1951 5651 1979 5683 (ι
2001 5649 2153 5685 mense
2177 5649 2266 5687 ωιο
2288 5642 2331 5684 ct
2355 5648 2517 5700 supra.
