4138 6306
795 376 898 430 331

788 470 1125 528 sanottﬁcare
1135 475 1365 541 Levites,
1381 479 1624 549 auditque
1644 497 1671 535 a
1689 483 1941 551 vigesimo
1955 498 2092 536 anno
2109 492 2163 537 et
2181 497 2333 551 supra

790 566 1033 622 oportere
1074 562 1216 630 ipsos
1252 565 1568 634 ministrare,
1620 585 1647 622 a
1692 572 2118 640 quinquagesimo
2163 579 2336 625 autem

796 661 935 699 anno
961 662 990 700 a
1025 650 1313 707 ministerio
1352 670 1578 710 cessare.
1619 657 1871 727 Praecepit
1905 661 2029 729 ipsis
2076 662 2211 713 Deus
2246 675 2338 727 per

790 733 1021 802 Moysem
1050 745 1105 789 ut
1132 739 1320 804 pascha
1347 741 1555 796 faciant.
1585 744 1698 810 Dic,
1747 746 1927 813 inquit,
1961 756 2003 799 et
2038 747 2222 815 faciant
2245 748 2337 813 ﬁlii

791 822 953 875 Israel
970 826 1154 892 pascha
1180 827 1379 897 (Num.
1408 830 1459 884 9.
1488 832 1577 902 2).
1604 834 1722 887 Erat
1750 835 1887 887 enim
1916 834 2114 903 primus
2142 836 2335 887 mensis

786 913 1001 967 secundi
1040 916 1181 969 anni.
1222 918 1571 974 Accesserant
1605 930 1778 975 autem
1818 923 2071 976 immundi
2100 923 2165 977 ad
2192 923 2333 993 Moy-

784 1016 920 1068 sem,
946 1011 999 1057 et
1026 1004 1211 1058 obtulit
1235 1022 1327 1072 pro
1350 1008 1451 1062 illis
1481 1009 1607 1064 Deo.
1638 1010 1996 1079 Pra-cepitque
2024 1012 2183 1077 Deus,
2210 1028 2330 1066 eum

784 1091 870 1158 qui
900 1106 1001 1145 non
1032 1104 1208 1160 posset
1234 1094 1285 1147 in
1311 1096 1481 1163 primo
1507 1111 1685 1151 mense
1710 1098 1981 1151 immolare
2005 1098 2215 1165 pascha,
2248 1100 2332 1153 vel

783 1179 920 1246 quod
960 1180 1257 1235 immundus
1298 1192 1469 1245 esset,
1501 1185 1581 1239 vel
1609 1187 1748 1254 quod
1778 1188 1830 1240 in
1859 1188 2015 1255 longo
2042 1188 2250 1253 itinere,
2280 1190 2331 1242 in

781 1266 1014 1322 secundo
1038 1283 1218 1322 mense
1244 1269 1432 1335 facere,
1458 1272 1655 1324 decima
1675 1274 1825 1327 tertia
1844 1274 1949 1328 die.
1970 1275 2024 1329 Si
2047 1276 2164 1345 quis
2183 1292 2329 1343 vero,

781 1355 1007 1409 mundus
1036 1370 1153 1409 cum
1188 1356 1276 1421 sit,
1306 1373 1402 1412 nec
1427 1360 1478 1411 in
1524 1361 1678 1429 longo
1713 1362 1920 1427 itinere,
1964 1365 2095 1418 nolit
2138 1367 2328 1433 pascha

778 1444 953 1498 facere
978 1445 1029 1497 in
1053 1446 1219 1513 primo
1249 1461 1446 1512 mense,
1465 1449 1561 1501 sub
1589 1460 1802 1517 peccato
1828 1453 1950 1505 erit.
1983 1452 2112 1516 Lex,
2142 1456 2327 1523 inquit,

780 1547 879 1584 una
905 1533 972 1586 sit
993 1532 1207 1587 advenae
1240 1544 1292 1588 et
1330 1535 1606 1604 indigenm.
1643 1538 1774 1592 Cum
1805 1542 2112 1596 ascenderet
2140 1544 2326 1607 nubes,

779 1630 947 1675 castra
978 1622 1256 1676 movebant
1285 1624 1531 1678 Israelita:
1554 1666 1569 1690 ,
1597 1635 1649 1681 et
1676 1629 1762 1681 ubi
1791 1629 1956 1683 nubes
1986 1632 2193 1697 stabat,
2226 1633 2329 1686 illic

776 1719 945 1763 castra
994 1710 1337 1765 metabantur.
1380 1712 1598 1768 Juhetur
1642 1716 1845 1785 Moyses
1874 1717 2045 1772 facere
2072 1720 2220 1773 tubas
2245 1736 2328 1774 ar-

776 1810 1008 1868 genteas.
1046 1802 1113 1853 ita
1144 1811 1199 1854 ut
1226 1818 1316 1869 per
1352 1804 1465 1857 illas
1508 1805 1883 1873 signiﬁcaretur
1919 1810 2130 1877 populo,
2160 1826 2326 1879 quan-

780 1890 973 1943 donam
1000 1891 1253 1958 proﬁcisci
1276 1902 1561 1961 oporteret,
1589 1898 1795 1964 quando
1820 1913 2139 1968 congregare
2165 1917 2327 1970 popu-

778 1979 882 2031 lum
913 1979 963 2031 in
990 1978 1138 2033 bellis
1164 2022 1177 2045 ,
1207 1981 1256 2033 in
1280 1982 1551 2036 sacriﬁciis
1574 2025 1586 2047 ,
1619 1986 1974 2056 utendumque
1994 2004 2111 2042 esse
2140 1990 2326 2044 dicitur

776 2068 859 2119 his
898 2067 1035 2121 tubis
1064 2068 1115 2120 in
1148 2068 1327 2134 festis,
1360 2071 1409 2123 in
1447 2074 1766 2139 neomeniis,
1799 2076 1850 2128 in
1890 2076 2226 2132 holocauStis.
2259 2079 2325 2133 Ut

772 2161 947 2208 autem
975 2156 1191 2221 profecti
1220 2167 1338 2209 sunt
1363 2158 1455 2211 ﬁlii
1487 2159 1664 2227 Israel,
1693 2163 1907 2232 rogabat
1934 2164 2139 2234 Moyses
2157 2166 2323 2222 Jobab

775 2243 935 2296 ﬁlium
966 2244 1160 2313 Raguel
1178 2286 1192 2310 ,
1223 2251 1310 2315 qui
1339 2257 1391 2301 et
1416 2248 1601 2304 Jothor
1624 2252 1910 2319 dicebatur,
1941 2264 1996 2308 ut
2023 2256 2120 2309 sibi
2148 2265 2202 2310 et
2228 2258 2323 2311 vim

774 2341 827 2387 et
854 2334 1225 2402 promissorum
1258 2336 1509 2393 bonorum
1531 2353 1749 2394 consors
1764 2352 1905 2395 esset
1932 2360 1945 2407 ;
1978 2352 2030 2397 et
2055 2359 2173 2399 cum
2200 2360 2320 2399 arca

773 2420 1103 2486 eveheretur,
1130 2422 1260 2475 dixit
1280 2424 1519 2494 Moyses:
1554 2427 1796 2497 Exsurge,
1827 2430 2052 2497 Domine,
2080 2434 2323 2502 dissipen-

772 2516 853 2562 tur
880 2508 1065 2559 inimici
1094 2510 1193 2573 tui,
1221 2512 1412 2579 fugiant
1441 2528 1607 2567 omnes
1629 2517 1713 2583 qui
1739 2526 1783 2570 te
1808 2519 2315 2588 oderunt(Num.10.

770 2595 883 2665 55).
925 2598 990 2651 Et
1024 2603 1366 2655 murmuravit
1409 2606 1651 2673 populus,
1696 2616 1749 2661 et
1786 2613 2057 2665 combusta
2084 2622 2167 2666 est
2200 2628 2319 2681 pars

770 2693 1057 2738 castrorum
1093 2704 1107 2751 ;
1146 2698 1198 2740 et
1231 2699 1444 2744 vocatus
1484 2703 1566 2746 est
1604 2695 1747 2749 locus
1775 2696 2095 2754 Incendium.
2129 2703 2319 2758 Preca-

771 2783 958 2840 tusque
977 2782 1058 2827 est
1077 2774 1298 2845 Moyses,
1330 2787 1381 2830 et
1403 2784 1624 2835 cessavit
1651 2785 1798 2839 ultio.
1824 2787 2179 2860 Pctebantque
2204 2807 2319 2847 car-

770 2873 865 2911 nes
887 2900 901 2921 ,
932 2870 983 2912 et
1012 2861 1252 2914 dicebant
1278 2881 1288 2913 :
1334 2882 1351 2914 ‹
1389 2866 1745 2923 Recordamur
1782 2875 1999 2940 piscium
2024 2917 2039 2939 ,
2066 2894 2199 2945 quos
2224 2895 2315 2935 co-

770 2946 1104 2999 tuedehamus
1134 2950 1182 3001 in
1206 2950 1458 3019 Egypto,
1482 2969 1813 3013 cucumcrum
1843 2972 1895 3015 et
1941 2978 2219 3033 peponum,
2264 2978 2317 3023 et

768 3048 1041 3102 porrorum
1073 3045 1126 3089 et
1147 3051 1391 3104 ceparum
1433 3049 1485 3094 et
1521 3043 1783 3099 alliorum.
1812 3048 1956 3103 Nunc
1994 3064 2165 3107 autem
2196 3057 2313 3110 ani-

767 3136 850 3173 ma
897 3130 1072 3176 nostra
1127 3126 1310 3190 arida;
1363 3129 1488 3182 nihil
1539 3143 1733 3200 praeter
1782 3153 1972 3193 manna
2027 3145 2312 3211 respiciunt

766 3208 904 3261 oculi
934 3212 1097 3263 nostri
1136 3230 1153 3263 ι
1193 3213 1210 3279 (
1238 3213 1395 3266 Num.
1428 3218 1511 3271 Η.
1538 3220 1587 3273 5.
1613 3222 1697 3290 6).
1721 3223 1787 3278 Ut
1807 3237 1976 3280 autem
2000 3208 2308 3289 seditionem

766 3310 946 3349 eorum
988 3301 1213 3366 graviter
1242 3302 1439 3358 ferebat
1463 3345 1477 3367 ,
1509 3316 1561 3361 et
1597 3316 1707 3369 Deo
1726 3317 2076 3389 supplicabat,
2112 3322 2309 3377 addidit

763 3385 811 3438 el
840 3390 1159 3457 septuaginta
1187 3393 1439 3458 seniores,
1467 3398 1552 3464 qui
1579 3411 1778 3467 partem
1807 3404 2046 3473 vitupcrii
2070 3424 2187 3463 cum
2220 3413 2309 3466 illo

762 3471 978 3527 ferrent.
1006 3474 1151 3529 Tunc
1180 3478 1301 3533 Jesu
1330 3481 1437 3534 ﬁlio
1468 3482 1607 3539 Nave
1636 3487 1859 3554 dicente,
1895 3471 2120 3550 Prohibe
2148 3498 2305 3553 lllium

761 3561 922 3615 Eldad
945 3574 998 3617 et
1024 3564 1205 3619 Modad
1229 3584 1294 3622 ne
1319 3572 1645 3638 prophetent,
1674 3578 1747 3630 ait
1772 3580 1938 3635 Moses
1960 3601 1971 3635 :
1993 3582 2042 3635 Ν
2049 3601 2128 3637 um
2144 3603 2298 3641 temu-

765 3652 886 3704 laris
922 3662 972 3705 tu
1012 3672 1101 3722 pro
1127 3674 1203 3710 me
1230 3658 1254 3710 .9
1282 3659 1345 3711 Et
1380 3664 1488 3727 quis
1516 3666 1702 3719 dederit
1729 3679 1781 3720 ut
1811 3680 1938 3724 totus
1962 3677 2175 3743 populus
2206 3678 2308 3731 Do-

762 3744 881 3795 mini
908 3747 1159 3813 praphetae
1190 3750 1288 3801 sint
1315 3752 1332 3818 (
1367 3751 1523 3807 Num.
1556 3757 1639 3809 Ii.
1668 3758 1735 3811 29
1762 3758 1781 3828 )
1809 3762 1824 3790 ¹
1855 3763 1877 3812 'l
1906 3762 2048 3818 Tunc
2073 3769 2305 3823 ascendit

762 3836 1003 3888 coturnix
1039 3851 1069 3889 a
1101 3838 1318 3893 Domino
1340 3881 1355 3907 ,
1384 3851 1437 3896 et
1461 3846 1820 3901 comederunt.
1851 3850 1916 3904 Et
1944 3868 2127 3910 carnes
2155 3868 2302 3912 erant

761 3922 812 3974 in
851 3922 1093 3978 dentibus
1132 3940 1347 3991 eorum,
1387 3930 1687 4001 priusquam
1726 3936 2033 3994 deﬁcerent.
2085 3943 2195 3999 Hoc
2247 3946 2297 4001 in

760 4012 968 4067 Psahno
1000 4016 1155 4067 etiam
1195 4017 1385 4069 dictum
1411 4033 1491 4073 est
1523 4040 1537 4075 :
1569 4024 1744 4077 Adhuc
1780 4042 1891 4080 esea
1924 4047 2093 4083 eorum
2118 4045 2220 4087 erat
2249 4037 2299 4088 in

756 4117 843 4152 me
871 4102 1109 4165 ipsorum,
1148 4114 1195 4156 et
1234 4108 1309 4156 ira
1352 4106 1440 4159 Dei
1467 4114 1685 4163 ascendit
1720 4130 1865 4183 super
1893 4133 1974 4170 eos
2003 4135 2020 4169 :
2044 4127 2089 4172 et
2122 4123 2299 4175 occidit

752 4207 806 4245 an
835 4191 1058 4259 pluribus
1077 4210 1240 4246 eorum
1265 4196 1430 4266 (Psal.
1465 4201 1553 4253 77.
1583 4203 1669 4257 50.
1699 4205 1845 4271 31)’.
1881 4207 2099 4264 Vacalus
2124 4222 2293 4267 autem

754 4291 835 4333 est
862 4293 1033 4335 autem
1073 4283 1155 4336 hic
1190 4284 1334 4339 locus
1359 4288 1608 4357 Sepulcra
1651 4298 2103 4363 concupiscentize.
2149 4304 2295 4360 Tunc

753 4368 963 4438 qunuta
1002 4381 1080 4424 est
1107 4382 1287 4426 contra
1328 4375 1553 4445 Moysem
1583 4381 1737 4434 Maria
1761 4383 1939 4439 dicens
1967 4405 1979 4440 :
2019 4389 2156 4444 Num
2198 4394 2296 4462 ipsi

753 4460 846 4510 soli
883 4460 1109 4527 loquutus
1155 4474 1224 4516 est
1261 4464 1393 4517 Deus
1422 4466 1440 4535 (
1473 4468 1625 4522 Num.
1652 4472 1737 4527 12.
1768 4473 1843 4544 2)
1875 4476 2049 4531 ?Cum
2078 4460 2294 4539 dixisset

752 4560 881 4598 vero
925 4546 1079 4611 Deus,
1119 4564 1176 4603 se
1221 4552 1317 4619 ipsi
1363 4554 1458 4607 soli
1498 4558 1868 4627 prophetarum
1910 4566 1977 4619 ita
2023 4568 2287 4637 quuutum

752 4648 887 4698 esse,
930 4637 1138 4691 immisit
1179 4640 1371 4707 lepram
1419 4644 1469 4695 in
1507 4645 1740 4713 Mariam,
1772 4650 2051 4723 Moyseque
2076 4672 2291 4728 rogante

748 4736 843 4788 pro
873 4723 953 4775 illa
980 4764 994 4786 ,
1024 4741 1123 4778 non
1152 4728 1267 4781 tulit
1297 4744 1410 4782 eam
1438 4733 1580 4798 prius
1608 4737 1843 4791 mundari
1870 4781 1884 4804 ,
1911 4758 2063 4810 quam
2089 4723 2286 4815 septem

749 4808 860 4861 dies
890 4820 1032 4865 extra
1059 4824 1227 4868 castra
1266 4820 1560 4874 mansisset.
1594 4823 1744 4878 Mittit
1785 4843 1907 4898 ergo
1946 4835 2196 4899 quosdam
2225 4853 2287 4892 ex

820 4946 1341 5042 ::‘llt{lulr3:illillii3MGIE(:isz
1376 4963 1454 5019 Μὴ
1479 4965 1632 5022 ζηλοῖς
1653 4969 1750 5029 ἐμέ.
1778 4974 1869 5019 Καὶ
1894 4975 1962 5030 τίς
1982 4977 2048 5039 δῷ
2069 4979 2204 5025 παντὶ
2225 4982 2292 5042 τῷ

757 5002 869 5077 λαῷγ
880 5011 1049 5069 Κυρίου
1080 5002 1341 5077 «adradi

808 5076 1594 5165 1.1.?TBE5§.GE??S§:£‘“;£939:~
1625 5104 1659 5165 ιν
1680 5108 1753 5149 τοις
1777 5108 1892 5144 κίοσιν
1913 5111 2050 5158 αὐτων
2083 5103 2138 5165 in
2177 5107 2282 5165 βίοι-

744 5133 906 5205 guibus
943 5151 1115 5187 eorum.
1142 5142 1357 5201 Vulgata,
1623 5133 2008 5213 caruimwetus‘tc
2037 5133 2146 5225 ’91.];
2162 5133 2281 5225 (ςἰἶξζ-

746 5207 840 5225 nam
867 5204 1146 5225 ιηΙοιιιιι-ηιιιι-
1174 5212 1362 5225 ..ηομ-ι..-
1389 5209 1593 5225 ..η-.-ᾉΑ1η
1686 5211 1698 5225 l
1764 5215 1794 5225 --

746 5197 1149 5283 lq‘t'tﬁ‘i‘ntemetes
1174 5197 1365 5283 yet'eres
1682 5197 2277 5283 Vleeti'oneimiuttcbdaieaumu,

1107 5262 1193 5307 sed
1243 5262 1287 5309 in
1332 5269 1660 5318 vetustismmis
1711 5258 2280 5335 éi‘éﬁﬁt‘é‘riiﬂs’"

740 5321 1506 5409 ἷιῖυἶίξδέῗξὲίῖίῖθξὲἷζᾈτέἷτὲιὲἵῖξν
1526 5349 1641 5409 αὗῖθῐ
1653 5373 1667 5396 ν
1683 5338 1730 5409 ί¹ἓ
1748 5321 1960 5401 Pluribus
1980 5359 2159 5409 εοῖωπο
2182 5359 2277 5409 Qua

739 5380 803 5427 de
825 5394 879 5459 re
898 5380 1004 5432 vide
1016 5380 1349 5459 hieronymus-ri
1374 5380 1513 5459 Epist.
1530 5380 2165 5459 Ed'éitﬁia'tﬁi'ﬁeiéiﬁi

738 5444 974 5529 gustulum
1610 5444 1941 5525 'tlteodoretus
2117 5444 2274 5529 ‘12:};

736 5512 890 5583 :1:th
910 5515 1048 5583 inii",
1063 5508 1141 5583 ubi
1166 5506 1406 5583 [interpres
1430 5518 1588 5573 vertit,
1608 5506 1999 5583 pingueseoruni,
2025 5506 2119 5575 n5}:

734 5565 1411 5648 {magnaIlnterpretatione
1434 5565 1593 5648 autem
1609 5565 1672 5626 'in
1690 5565 1866 5648 l’sahn:

730 5622 889 5679 spuria
909 5622 1244 5698 ablegavimus,
1271 5643 1303 5679 ιν
1336 5649 1407 5691 τοῖς
1424 5622 1712 5687 κλοιᾼὲᾆρίῶὲῷ
1730 5622 1924 5703 iégii'ur'.

1471 366 1525 424 S.
1563 368 1835 427 JOANNIS
1869 370 2333 427 CIIRYSOS'I'OMI
2372 370 2682 432 ARCIIIEP.
2722 377 3238 441 CONSTANTINOP.

3891 409 3995 459 332

2445 490 2637 554 popqu
2676 493 3008 560 exploratum
3053 506 3241 552 terram
3273 500 3710 558 Chananteorutu.
3750 505 3860 571 QUa
3891 523 3988 561 cx-

2444 574 2663 641 plorata,
2696 594 2846 632 uvam
2886 582 3007 637 inde
3046 593 3336 653 gestarunt,
3380 597 3674 659 terramque
3708 593 3983 649 admodum

2442 661 2734 718 laudabant.
2770 668 2874 721 Sed
2916 671 3170 727 timebant
3207 676 3453 742 p0pulum
3488 722 3502 746 ,
3539 680 3677 745 quod
3709 680 3985 737 bellatores

2438 747 2543 802 illic
2579 750 2676 805 viri
2719 764 2912 809 essent.
2941 757 3138 813 Chaleb
3163 770 3336 815 autem
3364 762 3499 815 ﬁlius
3526 765 3797 834 Jephone,
3829 778 3882 822 et
3902 769 3983 823 Je-

2438 851 2526 891 sus
2557 839 2692 895 ﬁlius
2716 842 2855 899 Nave
2881 886 2895 909 ,
2928 848 3016 915 qui
3039 856 3091 901 et
3117 849 3213 916 ipsi
3250 864 3314 903 ex
3355 866 3573 906 numero
3596 856 3980 923 exploratorum

2437 938 2606 991 erant,
2635 932 2828 997 populo
2862 936 3065 989 animos
3093 937 3351 993 addebant
3386 958 3399 995 :
3428 941 3496 996 illi
3528 953 3699 997 autem
3730 960 3981 1003 venerunt

2437 1010 2719 1079 lapidatum
2768 1034 2879 1074 eos.
2920 1022 3222 1093 Rursusque
3266 1027 3426 1081 Deum
3470 1029 3826 1089 irritaverant.
3854 1037 3978 1091 Tum

2434 1100 2563 1155 dixit
2591 1104 2749 1171 Deus,
2782 1123 2884 1162 non
2910 1125 3219 1167 asecnsuros
3244 1130 3361 1169 esse
3395 1132 3487 1171 eos
3514 1121 3599 1188 qui
3627 1137 3981 1182 murmurare-

2434 1200 2553 1244 runt
2579 1193 2627 1245 in
2654 1203 2843 1249 terram
2872 1203 3249 1270 promissionis,
3280 1206 3379 1261 nisi
3403 1216 3597 1262 tantum
3622 1212 3759 1267 ﬁlios
3780 1228 3976 1284 eorum,

2433 1287 2485 1332 et
2506 1280 2701 1338 Chaleb
2732 1286 2890 1340 ﬁlium
2917 1290 3172 1359 Jcphone,
3202 1304 3255 1348 et
3283 1296 3482 1352 Jesum.
3509 1300 3857 1374 Quadraginta
3887 1280 3976 1363 an;

2434 1378 2534 1421 tem
2568 1371 2741 1439 annis,
2771 1375 2952 1444 inquit,
2981 1391 3134 1434 erunt
3164 1384 3212 1435 in
3240 1384 3450 1440 deserto
3477 1428 3491 1453 ,
3532 1390 3700 1446 donec
3724 1371 3829 1448 ‘ﬁlii
3869 1412 3979 1452 cre-

2433 1460 2623 1523 verint,
2644 1465 2927 1518 secundum
2956 1484 3227 1524 numerum
3263 1474 3485 1542 dierum,
3516 1480 3707 1548 quibus
3734 1485 3980 1541 visitave-

2430 1557 2553 1601 runt
2583 1558 2795 1605 terram.
2832 1555 2977 1609 Tunc
3015 1560 3368 1627 exploratores
3396 1580 3579 1623 omnes
3614 1574 3808 1626 mortui
3835 1586 3975 1642 sunt,

2430 1642 2660 1707 exceptis
2680 1642 2875 1698 Chaleb
2900 1655 2950 1699 et
2975 1648 3095 1702 Jesu
3123 1650 3228 1704 ﬁlio
3254 1653 3389 1707 Nave
3423 1674 3434 1707 :
3466 1657 3710 1728 ﬂevitque
3737 1665 3975 1731 populus.

2428 1728 2792 1786 Ascenderunt
2818 1748 2999 1790 contra
3029 1740 3241 1796 Amalec
3269 1755 3461 1811 prteter
3497 1748 3585 1802 Dei
3618 1728 3866 1817 placitum
3886 1796 3900 1819 ,
3931 1767 3979 1811 et

2428 1832 2549 1871 arca
2581 1823 2771 1875 mansit
2800 1824 2849 1876 in
2880 1828 3062 1881 castris
3091 1844 3207 1883 cum
3235 1832 3429 1902 Moyse.
3464 1836 3741 1908 Exivitque
3771 1845 3977 1899 Amalec

2428 1916 2479 1957 et
2509 1912 2765 1973 percussit
2790 1927 2901 1967 eos.
2930 1916 3231 1986 Pratcipitur
3251 1921 3317 1975 de
3337 1922 3675 1993 holocaustis,
3710 1931 3778 1985 de
3804 1934 3978 2001 primi-

2428 1995 2530 2060 tiis,
2561 1997 2626 2050 de
2654 2001 2919 2056 sacriﬁciis
2954 2019 3047 2071 pro
3086 2007 3293 2062 delicto.
3327 2011 3698 2079 Deprehensus
3729 2030 3812 2073 est
3832 2025 3974 2090 quis-

2425 2086 2559 2151 piam
2600 2087 2739 2156 ligna
2785 2093 3036 2161 colligens
3086 2098 3137 2150 in
3177 2099 3427 2167 sabbato,
3487 2113 3540 2158 et
3579 2086 3972 2174 lapidatus-est.

2425 2172 2802 2241 Prmcipiunlur
2824 2180 3053 2238 ﬁmbrias
3074 2186 3123 2238 in
3144 2188 3252 2241 oris
3276 2189 3466 2246 facere.
3490 2193 3565 2248 De
3588 2172 3744 2263 Core,
3778 2200 3972 2257 Dathau

2422 2271 2473 2315 et
2499 2263 2694 2319 Abiron
2722 2282 2736 2318 :
2769 2272 3015 2325 tumultus
3036 2288 3238 2340 eorum,
3258 2288 3311 2331 et
3336 2294 3505 2347 paenae
3544 2297 3674 2352 quas
3697 2287 3971 2345 dederunt.

2428 2350 2520 2404 His
2564 2356 2812 2422 peractis,
2858 2361 3042 2428 reliqui
3082 2364 3148 2418 de
3180 2368 3371 2433 populo
3396 2386 3496 2424 non
3527 2350 3589 2426 ad
3617 2376 3890 2431 meliorem
3920 2397 3973 2435 se

2423 2438 2621 2508 frugem
2649 2458 2957 2513 receperunt
2979 2490 2993 2514 ,
3026 2452 3117 2505 sed
3147 2469 3325 2509 rursus
3354 2459 3750 2517 insurrexerunt
3791 2479 3970 2521 contra

2421 2530 2670 2600 Moysem,
2719 2538 3111 2609 moriunturque
3145 2548 3535 2609 quattuordecim
3583 2553 3729 2608 mille
3770 2560 3969 2624 septin-

2420 2622 2579 2687 genti.
2602 2622 2747 2677 Tunc
2773 2625 2946 2682 ﬁoruit
2973 2630 3113 2699 virga
3138 2634 3377 2690 Aaronis.
3401 2637 3532 2693 Dicit
3556 2650 3608 2695 et
3632 2622 3967 2715 statuit—quid

2417 2712 2655 2778 accipere
2690 2714 2912 2770 debeant
2941 2718 3132 2774 Levitzc
3169 2732 3221 2778 et
3248 2728 3495 2783 sacerdos
3520 2745 3740 2800 magnus
3761 2775 3775 2798 ,
3808 2712 3964 2792 etvle-

2416 2811 2532 2865 gem
2560 2800 2649 2853 dat
2684 2802 2750 2856 de
2788 2805 2964 2860 cinere
3001 2809 3195 2874 vitnlm,
3228 2828 3290 2866 ex
3341 2830 3441 2883 qua
3480 2822 3803 2887 aspersionis
3834 2841 3964 2894 aqua

2416 2884 2591 2939 ﬁebat.
2620 2889 2763 2943 Hanc
2791 2908 2945 2958 porro
2970 2898 3178 2951 vitulam
3211 2903 3376 2955 visum
3407 2915 3487 2959 est
3508 2884 3823 2975 quibusdam
3853 2884 3966 2971 esse

2420 2973 2633 3041 ﬁguram
2672 2982 2924 3044 passionis
2955 2985 3156 3041 Domini
3178 2992 3341 3046 nostri
3366 2993 3489 3049 Jesu
3518 2973 3733 3053 Christi.
3761 3002 3867 3057 Per
3889 3007 3965 3058 ci-

2416 3078 2595 3119 nerem
2642 3077 2812 3122 autem
2858 3073 3031 3129 vitula:
3080 3080 3425 3137 mundabatur
3465 3085 3509 3139 is
3541 3088 3627 3155 qui
3668 3089 3964 3149 immundus

2412 3163 2525 3207 erat
2549 3170 2576 3207 a
2604 3169 2829 3213 mortuo.
2864 3162 3015 3217 Venit
3042 3174 3216 3221 autem
3248 3172 3467 3238 populus
3496 3175 3547 3227 in
3570 3175 3762 3244 Gades,
3792 3181 3966 3251 ibique

2413 3252 2619 3295 mortua
2646 3248 2952 3317 sepultaque
2978 3261 3056 3305 est
3076 3253 3254 3307 Maria.
3287 3257 3568 3316 Deﬁciente
3597 3278 3732 3334 aqua
3758 3248 3963 3324 rursum

2412 3342 2732 3386 murmurant
2755 3334 2917 3389 Judazi
2950 3354 2964 3391 :
3017 3338 3221 3409 Moyses
3260 3359 3384 3398 vero
3424 3356 3478 3400 et
3512 3350 3686 3405 Aaron
3713 3353 3965 3421 jubentur

2410 3431 2596 3485 aquam
2631 3420 2695 3474 de
2732 3432 2872 3489 petra
2912 3426 3154 3482 educere.
3186 3429 3449 3489 Percussit
3475 3437 3615 3490 illam
3646 3420 3858 3510 Moyses
3884 3445 3961 3499 di-

2407 3518 2568 3558 cens:
2606 3507 2863 3579 Numquid
2904 3530 2964 3566 ea:
3004 3516 3097 3569 Itac
3137 3528 3274 3587 petra
3311 3523 3574 3580 educemus
3611 3529 3746 3583 vobis
3784 3549 3961 3601 aquam

2409 3592 2590 3662 (Num.
2622 3598 2709 3652 eo.
2751 3601 2837 3669 to)
2870 3602 2893 3657 τ
2924 3604 2986 3658 Et
3013 3620 3215 3675 egressa
3254 3621 3334 3665 est
3375 3627 3526 3683 aqua.
3565 3592 3960 3689 Dixitque'Dov

2408 3685 2580 3738 minus
2623 3687 2687 3739 ad
2738 3688 2965 3759 Moysem
3012 3703 3062 3747 ct
3109 3697 3282 3751 Aaron
3317 3716 3330 3750 :
3379 3701 3506 3767 Quia
3546 3721 3645 3758 non
3682 3711 3961 3768 credidistis

2406 3772 2559 3836 mihi,
2591 3784 2642 3827 ut
2678 3779 3050 3846 sanctiﬁcaretis
3076 3800 3153 3837 me
3177 3802 3344 3841 coram
3374 3792 3492 3857 ﬁliis
3517 3792 3699 3861 Israel,
3727 3800 3840 3853 ideo
3862 3819 3959 3856 uou

2403 3858 2718 3917 introducetis
2761 3882 2843 3921 vos
2886 3868 3016 3923 hunc
3048 3883 3221 3927 castum
3251 3878 3302 3930 in
3328 3888 3506 3933 terram
3524 3922 3542 3950 ,
3571 3901 3721 3952 quam
3751 3889 3870 3943 dedi
3891 3895 3958 3947 eis

2404 3947 2621 4016 (ΗΜΛ).
2641 3952 2749 4022 12).
2771 3955 2869 4010 Per
2894 3957 3090 4027 legatos
3111 3963 3215 4032 agit
3240 3964 3443 4034 Moyses
3468 3947 3593 4025 cum.
3609 3988 3735 4043 rege
3761 3976 3953 4046 Edon),

2402 4048 2459 4091 ut
2502 4054 2593 4095 eos
2632 4044 2857 4099 transire
2896 4048 3131 4104 sineret:
3170 4054 3255 4108 ille
3283 4070 3407 4110 vero
3444 4074 3547 4113 non
3586 4066 3826 4129 permisit
3860 4086 3876 4122 :
3906 4080 3957 4123 ct

2399 4127 2788 4187 declinaverunt
2808 4136 2873 4189 ab
2901 4152 2965 4191 eo
2991 4139 3080 4192 ﬁlii
3105 4141 3285 4199 Israel.
3312 4145 3381 4201 Ut
3406 4158 3575 4203 autem
3601 4165 3956 4219 pervenerunt

2399 4215 2449 4269 in
2484 4230 2709 4273 montem
2738 4222 2828 4283 Or,
2853 4224 3001 4292 jussu
3045 4228 3133 4283 Dei
3175 4234 3456 4302 assumptis
3498 4215 3703 4308 Moyses
3741 4244 3955 4300 Aarone

2398 4313 2451 4358 et
2480 4306 2727 4363 Eleazaro
2756 4312 2862 4363 lilio
2892 4313 3025 4381 ejus,
3056 4317 3272 4373 adduxit
3298 4334 3389 4375 eos
3413 4322 3462 4376 in
3495 4306 3763 4382 montem:
3792 4342 3842 4385 ct
3875 4334 3951 4386 in-

2396 4396 2506 4449 duit
2535 4398 2836 4454 Eleazarum
2865 4406 3095 4459 vestibus
3129 4408 3262 4476 ejus.
3296 4412 3469 4467 Aaron
3502 4425 3680 4471 autem
3712 4430 3953 4478 mortuus

2396 4492 2478 4537 est
2506 4486 2554 4538 in
2585 4498 2778 4543 monte.
2806 4491 3072 4562 Flevitque
3100 4500 3319 4565 pepulus
3344 4502 3550 4571 triginta
3580 4506 3784 4563 diebus.
3820 4514 3950 4566 Cha.

2397 4587 2635 4626 namcum
2669 4577 2933 4643 vicerunt,
2966 4593 3014 4634 et
3052 4586 3383 4643 anathemate
3414 4589 3681 4647 ferierunt.
3719 4598 3947 4657 Profecti

2393 4672 2564 4715 autem
2595 4663 2659 4715 ad
2687 4680 2832 4720 mare
2860 4668 3090 4724 Rubrum
3114 4712 3129 4737 ,
3174 4675 3494 4734 circuierunt
3524 4691 3717 4738 terram
3756 4687 3944 4757 Edoni,

2392 4760 2445 4805 et
2462 4753 2635 4805 animo
2652 4753 2973 4824 defecerunt,
2998 4776 3556 4838 murmuraveruntque
3583 4785 3766 4829 contra
3798 4779 3942 4847 Moy-

2389 4855 2500 4894 scm
2532 4843 2881 4915 :immisilque
2908 4849 2957 4902 in
2986 4866 3077 4905 eos
3117 4854 3253 4910 Deus
3292 4871 3565 4927 serpentes
3590 4866 3678 4932 qui
3708 4868 3827 4923 illos
3853 4887 3943 4925 oc-

2388 4929 2640 4985 ciderent.
2691 4935 3040 5008 I’recatusquc
3084 4953 3167 4997 est
3211 4946 3451 5017 Moyses,
3492 4961 3546 5005 et
3579 4929 3797 5022 iubente
3835 4962 3943 5018 Deo

2388 5016 2511 5073 fecit
2546 5035 2844 5091 serpentem
2884 5043 3085 5083 a‘neum
3119 5048 3133 5084 :
3161 5036 3249 5103 qui
3282 5016 3408 5091 vero
3436 5043 3797 5116 mordebatur,
3823 5065 3939 5107 cum

2386 5110 2671 5174 respiceret
2717 5113 2767 5165 in
2815 5129 3154 5185 serpentem,
3193 5125 3415 5179 vivebat.
3453 5129 3527 5183 De
3566 5131 3667 5187 hoc
3691 5110 3938 5204 serpente

2386 5196 2579 5251 dictum
2628 5207 2782 5260 estin
2800 5206 3079 5274 Evangelio
3112 5228 3125 5263 :
3157 5210 3295 5265 Sicut
3337 5218 3569 5271 eaaltavit
3600 5196 3804 5293 Moyses
3836 5246 3936 5281 ser-

2384 5297 2575 5352 pentem
2614 5291 2671 5343 in
2715 5292 2903 5347 deserto
2922 5335 2937 5361 ,
2964 5297 3034 5349 ita
3069 5311 3254 5367 oportet
3282 5306 3491 5360 exaltari
3512 5291 3706 5366 Filium
3724 5316 3932 5374 hominis

2386 5375 2572 5445 (Joan.
2606 5383 2658 5435 5.
2688 5385 2751 5436 II
2777 5385 2813 5451 ).
2840 5386 3060 5455 Legatos
3088 5393 3246 5446 mittit
3268 5395 3472 5466 Moyses
3500 5400 3563 5454 ad
3589 5402 3728 5458 Seon
3756 5423 3931 5477 regem

2383 5469 2832 5527 Amorrha-orum.
2885 5478 2980 5532 IIic
3029 5493 3203 5536 autem
3249 5485 3385 5541 Scou
3429 5505 3547 5544 cum
3592 5495 3785 5550 bellum
3812 5510 3931 5553 ante

2379 5563 2630 5614 movisset
2668 5574 2847 5618 contra
2886 5583 3059 5637 regem
3100 5571 3280 5641 Moab,
3312 5582 3450 5644 cepit
3479 5590 3668 5637 terram
3697 5586 3829 5653 ejus.
3861 5588 3929 5643 Ut

2379 5664 2499 5705 vero
2526 5652 2681 5707 etiam
2720 5665 2897 5711 contra
2933 5658 3188 5717 Israelita.»-
3219 5666 3450 5733 praelium
3478 5676 3776 5740 commisit,
3808 5692 3928 5746 pro-
