  <div class='ocr_page' id='page_1' title='image "/cluster/home/n/w/nwhite01/storage/ocr_20150623/56/pst.000005712557/326.png"; bbox 0 0 4152 6324; ppageno 0'>
   <div class='ocr_carea' id='block_1_1' title="bbox 204 410 306 464">
    <p class='ocr_par' dir='ltr' id='par_1_1' title="bbox 204 410 306 464">
     <span class='ocr_line' id='line_1_1' title="bbox 204 410 306 464; baseline -0.01 0"><span class='ocrx_word' id='word_1_1' title='bbox 204 410 306 464; x_wconf 84' lang='grc'>331</span> 
     </span>
    </p>
   </div>
   <div class='ocr_carea' id='block_1_2' title="bbox 212 513 1752 585">
    <p class='ocr_par' dir='ltr' id='par_1_2' title="bbox 212 513 1752 585">
     <span class='ocr_line' id='line_1_2' title="bbox 212 513 1752 585; baseline 0.002 -21"><span class='ocrx_word' id='word_1_2' title='bbox 212 530 344 583; x_wconf 86' lang='grc' dir='ltr'>μητε</span> <span class='ocrx_word' id='word_1_3' title='bbox 368 513 744 582; x_wconf 80' lang='grc' dir='ltr'>μοιχευθεῖσαν</span> <span class='ocrx_word' id='word_1_4' title='bbox 793 514 1041 566; x_wconf 85' lang='grc' dir='ltr'>δύνασθαι</span> <span class='ocrx_word' id='word_1_5' title='bbox 1062 514 1258 567; x_wconf 81' lang='grc' dir='ltr'>λαϐεῖν.</span> <span class='ocrx_word' id='word_1_6' title='bbox 1291 517 1421 585; x_wconf 73' lang='grc' dir='ltr'>Περὶ</span> <span class='ocrx_word' id='word_1_7' title='bbox 1456 516 1554 584; x_wconf 86' lang='grc' dir='ltr'>τῆς</span> <span class='ocrx_word' id='word_1_8' title='bbox 1590 515 1752 585; x_wconf 84' lang='grc' dir='ltr'>εὐχῆς</span> 
     </span>
    </p>
   </div>
   <div class='ocr_carea' id='block_1_3' title="bbox 209 594 1755 664">
    <p class='ocr_par' dir='ltr' id='par_1_3' title="bbox 209 594 1755 664">
     <span class='ocr_line' id='line_1_3' title="bbox 209 594 1755 664; baseline 0.001 -18"><span class='ocrx_word' id='word_1_9' title='bbox 209 594 305 647; x_wconf 76' lang='grc' dir='ltr'>τοῦ</span> <span class='ocrx_word' id='word_1_10' title='bbox 341 596 613 663; x_wconf 82' lang='grc' dir='ltr'>ἀγιασμοῦ</span> <span class='ocrx_word' id='word_1_11' title='bbox 656 596 1024 659; x_wconf 89' lang='grc' dir='ltr'>διατάττεται,</span> <span class='ocrx_word' id='word_1_12' title='bbox 1087 598 1179 649; x_wconf 69' lang='grc' dir='ltr'>καὶ</span> <span class='ocrx_word' id='word_1_13' title='bbox 1202 597 1316 659; x_wconf 79' lang='grc' dir='ltr'>πῶς</span> <span class='ocrx_word' id='word_1_14' title='bbox 1347 597 1425 648; x_wconf 90' lang='grc' dir='ltr'>δεῖ</span> <span class='ocrx_word' id='word_1_15' title='bbox 1473 598 1560 650; x_wconf 89' lang='grc' dir='ltr'>τὸν</span> <span class='ocrx_word' id='word_1_16' title='bbox 1611 596 1755 664; x_wconf 82' lang='grc' dir='ltr'>ἱερέα</span> 
     </span>
    </p>
   </div>
   <div class='ocr_carea' id='block_1_4' title="bbox 212 676 1753 746">
    <p class='ocr_par' dir='ltr' id='par_1_4' title="bbox 212 676 1753 746">
     <span class='ocr_line' id='line_1_4' title="bbox 212 676 1753 746; baseline -0.001 -19"><span class='ocrx_word' id='word_1_17' title='bbox 212 676 450 741; x_wconf 76' lang='grc' dir='ltr'>εὐλογεῖν</span> <span class='ocrx_word' id='word_1_18' title='bbox 482 676 607 736; x_wconf 81' lang='grc' dir='ltr'>τοὺς</span> <span class='ocrx_word' id='word_1_19' title='bbox 652 677 795 737; x_wconf 77' lang='grc' dir='ltr'>υἱοὺς</span> <span class='ocrx_word' id='word_1_20' title='bbox 828 678 1055 746; x_wconf 85' lang='grc' dir='ltr'>Ἰσραήλ.</span> <span class='ocrx_word' id='word_1_21' title='bbox 1103 678 1189 738; x_wconf 83' lang='grc' dir='ltr'>Ὠς</span> <span class='ocrx_word' id='word_1_22' title='bbox 1226 678 1280 729; x_wconf 80' lang='grc' dir='ltr'>δὲ</span> <span class='ocrx_word' id='word_1_23' title='bbox 1329 678 1454 746; x_wconf 77' lang='grc' dir='ltr'>ἔστη</span> <span class='ocrx_word' id='word_1_24' title='bbox 1492 679 1523 745; x_wconf 80' lang='grc' dir='ltr'>ἡ</span> <span class='ocrx_word' id='word_1_25' title='bbox 1553 677 1753 745; x_wconf 82' lang='grc' dir='ltr'>σκηνὴ,</span> 
     </span>
    </p>
   </div>
   <div class='ocr_carea' id='block_1_5' title="bbox 209 756 1757 827">
    <p class='ocr_par' dir='ltr' id='par_1_5' title="bbox 209 756 1757 827">
     <span class='ocr_line' id='line_1_5' title="bbox 209 756 1757 827; baseline -0.001 -19"><span class='ocrx_word' id='word_1_26' title='bbox 209 757 471 825; x_wconf 75' lang='grc' dir='ltr'>περιῆγον</span> <span class='ocrx_word' id='word_1_27' title='bbox 498 756 544 807; x_wconf 87' lang='grc' dir='ltr'>οἱ</span> <span class='ocrx_word' id='word_1_28' title='bbox 576 756 824 824; x_wconf 77' lang='grc' dir='ltr'>ἄρχοντες</span> <span class='ocrx_word' id='word_1_29' title='bbox 850 757 993 827; x_wconf 88' lang='grc' dir='ltr'>δῶρα</span> <span class='ocrx_word' id='word_1_30' title='bbox 1018 759 1183 810; x_wconf 88' lang='grc' dir='ltr'>πολλά</span> <span class='ocrx_word' id='word_1_31' title='bbox 1201 776 1260 810; x_wconf 89' lang='grc' dir='ltr'>τε</span> <span class='ocrx_word' id='word_1_32' title='bbox 1286 760 1377 810; x_wconf 81' lang='grc' dir='ltr'>καὶ</span> <span class='ocrx_word' id='word_1_33' title='bbox 1404 758 1627 826; x_wconf 88' lang='grc' dir='ltr'>μεγάλα.</span> <span class='ocrx_word' id='word_1_34' title='bbox 1655 758 1757 807; x_wconf 85' lang='grc' dir='ltr'>Κε-</span> 
     </span>
    </p>
   </div>
   <div class='ocr_carea' id='block_1_6' title="bbox 207 835 1754 904">
    <p class='ocr_par' dir='ltr' id='par_1_6' title="bbox 207 835 1754 904">
     <span class='ocr_line' id='line_1_6' title="bbox 207 835 1754 904; baseline -0.003 -14"><span class='ocrx_word' id='word_1_35' title='bbox 207 835 420 890; x_wconf 77' lang='grc' dir='ltr'>λεύεται</span> <span class='ocrx_word' id='word_1_36' title='bbox 464 836 700 904; x_wconf 87' lang='grc' dir='ltr'>Μωῦσῆς</span> <span class='ocrx_word' id='word_1_37' title='bbox 739 838 953 904; x_wconf 76' lang='grc' dir='ltr'>ἁγνίσαι</span> <span class='ocrx_word' id='word_1_38' title='bbox 984 839 1107 899; x_wconf 79' lang='grc' dir='ltr'>τοὺς</span> <span class='ocrx_word' id='word_1_39' title='bbox 1162 840 1412 901; x_wconf 82' lang='grc' dir='ltr'>Λευῖτας,</span> <span class='ocrx_word' id='word_1_40' title='bbox 1449 838 1540 889; x_wconf 69' lang='grc' dir='ltr'>καὶ</span> <span class='ocrx_word' id='word_1_41' title='bbox 1570 836 1754 889; x_wconf 82' lang='grc' dir='ltr'>ἀκούει</span> 
     </span>
    </p>
   </div>
   <div class='ocr_carea' id='block_1_7' title="bbox 208 915 1752 986">
    <p class='ocr_par' dir='ltr' id='par_1_7' title="bbox 208 915 1752 986">
     <span class='ocr_line' id='line_1_7' title="bbox 208 915 1752 986; baseline 0.001 -20"><span class='ocrx_word' id='word_1_42' title='bbox 208 916 293 966; x_wconf 81' lang='grc' dir='ltr'>ὅτι</span> <span class='ocrx_word' id='word_1_43' title='bbox 319 915 426 967; x_wconf 83' lang='grc' dir='ltr'>ἀπὸ</span> <span class='ocrx_word' id='word_1_44' title='bbox 447 917 783 978; x_wconf 84' lang='grc' dir='ltr'>είκοσαέτους</span> <span class='ocrx_word' id='word_1_45' title='bbox 801 917 878 968; x_wconf 86' lang='grc' dir='ltr'>δεῖ</span> <span class='ocrx_word' id='word_1_46' title='bbox 902 919 1091 980; x_wconf 85' lang='grc' dir='ltr'>αὐτοὺς</span> <span class='ocrx_word' id='word_1_47' title='bbox 1108 919 1427 986; x_wconf 86' lang='grc' dir='ltr'>λειτουργεῖν</span> <span class='ocrx_word' id='word_1_48' title='bbox 1443 919 1533 971; x_wconf 79' lang='grc' dir='ltr'>καὶ</span> <span class='ocrx_word' id='word_1_49' title='bbox 1554 918 1752 979; x_wconf 82' lang='grc' dir='ltr'>ἐπάνω,</span> 
     </span>
    </p>
   </div>
   <div class='ocr_carea' id='block_1_8' title="bbox 208 994 1750 1067">
    <p class='ocr_par' dir='ltr' id='par_1_8' title="bbox 208 994 1750 1067">
     <span class='ocr_line' id='line_1_8' title="bbox 208 994 1750 1067; baseline 0.003 -21"><span class='ocrx_word' id='word_1_50' title='bbox 208 994 317 1046; x_wconf 82' lang='grc' dir='ltr'>ἀπὸ</span> <span class='ocrx_word' id='word_1_51' title='bbox 347 996 405 1047; x_wconf 88' lang='grc' dir='ltr'>δὲ</span> <span class='ocrx_word' id='word_1_52' title='bbox 430 999 904 1064; x_wconf 84' lang='grc' dir='ltr'>πεντηκονταέτους</span> <span class='ocrx_word' id='word_1_53' title='bbox 929 999 1249 1065; x_wconf 80' lang='grc' dir='ltr'>ἀφίστασθαι</span> <span class='ocrx_word' id='word_1_54' title='bbox 1276 1001 1369 1067; x_wconf 88' lang='grc' dir='ltr'>τῆς</span> <span class='ocrx_word' id='word_1_55' title='bbox 1402 998 1750 1067; x_wconf 85' lang='grc' dir='ltr'>λειτουργίας.</span> 
     </span>
    </p>
   </div>
   <div class='ocr_carea' id='block_1_9' title="bbox 212 1074 1753 1149">
    <p class='ocr_par' dir='ltr' id='par_1_9' title="bbox 212 1074 1753 1149">
     <span class='ocr_line' id='line_1_9' title="bbox 212 1074 1753 1149; baseline 0.001 -21"><span class='ocrx_word' id='word_1_56' title='bbox 212 1074 432 1128; x_wconf 80' lang='grc' dir='ltr'>Κελεύει</span> <span class='ocrx_word' id='word_1_57' title='bbox 466 1078 640 1139; x_wconf 62' lang='grc' dir='ltr'>αὐτοῖς</span> <span class='ocrx_word' id='word_1_58' title='bbox 666 1081 694 1129; x_wconf 92' lang='lat'>6</span> <span class='ocrx_word' id='word_1_59' title='bbox 731 1079 857 1141; x_wconf 85' lang='grc' dir='ltr'>Θεὸς</span> <span class='ocrx_word' id='word_1_60' title='bbox 888 1080 973 1131; x_wconf 87' lang='grc' dir='ltr'>διὰ</span> <span class='ocrx_word' id='word_1_61' title='bbox 1003 1081 1272 1142; x_wconf 87' lang='grc' dir='ltr'>Μωῡσέως</span> <span class='ocrx_word' id='word_1_62' title='bbox 1305 1081 1523 1149; x_wconf 87' lang='grc' dir='ltr'>ποιῆσαι</span> <span class='ocrx_word' id='word_1_63' title='bbox 1563 1080 1623 1131; x_wconf 85' lang='grc' dir='ltr'>τὸ</span> <span class='ocrx_word' id='word_1_64' title='bbox 1653 1079 1753 1130; x_wconf 86' lang='grc' dir='ltr'>πά-</span> 
     </span>
    </p>
   </div>
   <div class='ocr_carea' id='block_1_10' title="bbox 211 1156 1751 1226">
    <p class='ocr_par' dir='ltr' id='par_1_10' title="bbox 211 1156 1751 1226">
     <span class='ocr_line' id='line_1_10' title="bbox 211 1156 1751 1226; baseline 0.002 -19"><span class='ocrx_word' id='word_1_65' title='bbox 211 1171 337 1222; x_wconf 81' lang='grc' dir='ltr'>σχα.</span> <span class='ocrx_word' id='word_1_66' title='bbox 375 1156 514 1209; x_wconf 81' lang='grc' dir='ltr'>Εἱπέ</span> <span class='ocrx_word' id='word_1_67' title='bbox 544 1158 669 1226; x_wconf 86' lang='grc' dir='ltr'>γὰρ,</span> <span class='ocrx_word' id='word_1_68' title='bbox 701 1161 850 1226; x_wconf 82' lang='grc' dir='ltr'>φησὶ,</span> <span class='ocrx_word' id='word_1_69' title='bbox 873 1160 968 1212; x_wconf 75' lang='grc' dir='ltr'>καὶ</span> <span class='ocrx_word' id='word_1_70' title='bbox 995 1162 1343 1213; x_wconf 76' lang='grc' dir='ltr'>ποιείτωσαν</span> <span class='ocrx_word' id='word_1_71' title='bbox 1366 1163 1479 1214; x_wconf 78' lang='grc' dir='ltr'>υἱοὶ</span> <span class='ocrx_word' id='word_1_72' title='bbox 1514 1159 1751 1225; x_wconf 71' lang='grc' dir='ltr'>Ἰσραὴλ</span> 
     </span>
    </p>
   </div>
   <div class='ocr_carea' id='block_1_11' title="bbox 207 1235 1747 1309">
    <p class='ocr_par' dir='ltr' id='par_1_11' title="bbox 207 1235 1747 1309">
     <span class='ocr_line' id='line_1_11' title="bbox 207 1235 1747 1309; baseline 0.002 -22"><span class='ocrx_word' id='word_1_73' title='bbox 207 1236 277 1287; x_wconf 78' lang='grc' dir='ltr'>τὸ</span> <span class='ocrx_word' id='word_1_74' title='bbox 300 1236 525 1304; x_wconf 70' lang='grc' dir='ltr'>πάσχα.</span> <span class='ocrx_word' id='word_1_75' title='bbox 561 1235 665 1290; x_wconf 87' lang='grc' dir='ltr'>Ἦν</span> <span class='ocrx_word' id='word_1_76' title='bbox 697 1241 801 1307; x_wconf 83' lang='grc' dir='ltr'>γάρ</span> <span class='ocrx_word' id='word_1_77' title='bbox 830 1242 1040 1307; x_wconf 88' lang='grc' dir='ltr'>πρῶτος</span> <span class='ocrx_word' id='word_1_78' title='bbox 1070 1242 1172 1309; x_wconf 87' lang='grc' dir='ltr'>μὴν</span> <span class='ocrx_word' id='word_1_79' title='bbox 1195 1242 1286 1293; x_wconf 90' lang='grc' dir='ltr'>τοῦ</span> <span class='ocrx_word' id='word_1_80' title='bbox 1313 1242 1553 1309; x_wconf 83' lang='grc' dir='ltr'>δευτέρου</span> <span class='ocrx_word' id='word_1_81' title='bbox 1580 1241 1747 1300; x_wconf 78' lang='grc' dir='ltr'>ἔτους.</span> 
     </span>
    </p>
   </div>
   <div class='ocr_carea' id='block_1_12' title="bbox 210 1318 1751 1390">
    <p class='ocr_par' dir='ltr' id='par_1_12' title="bbox 210 1318 1751 1390">
     <span class='ocr_line' id='line_1_12' title="bbox 210 1318 1751 1390; baseline 0.002 -24"><span class='ocrx_word' id='word_1_82' title='bbox 210 1318 517 1387; x_wconf 82' lang='grc' dir='ltr'>[Ιροσῆλθον</span> <span class='ocrx_word' id='word_1_83' title='bbox 558 1319 615 1371; x_wconf 82' lang='grc' dir='ltr'>δὲ</span> <span class='ocrx_word' id='word_1_84' title='bbox 652 1324 699 1372; x_wconf 81' lang='grc' dir='ltr'>οί</span> <span class='ocrx_word' id='word_1_85' title='bbox 739 1322 1029 1390; x_wconf 76' lang='grc' dir='ltr'>ἀκάθαρτοι</span> <span class='ocrx_word' id='word_1_86' title='bbox 1056 1324 1293 1386; x_wconf 83' lang='grc' dir='ltr'>Μωῦσεῖ,</span> <span class='ocrx_word' id='word_1_87' title='bbox 1353 1325 1442 1375; x_wconf 75' lang='grc' dir='ltr'>καὶ</span> <span class='ocrx_word' id='word_1_88' title='bbox 1492 1323 1751 1389; x_wconf 84' lang='grc' dir='ltr'>ἀνήνεγκε</span> 
     </span>
    </p>
   </div>
   <div class='ocr_carea' id='block_1_13' title="bbox 208 1398 1751 1471">
    <p class='ocr_par' dir='ltr' id='par_1_13' title="bbox 208 1398 1751 1471">
     <span class='ocr_line' id='line_1_13' title="bbox 208 1398 1751 1471; baseline 0.014 -25"><span class='ocrx_word' id='word_1_89' title='bbox 208 1398 337 1465; x_wconf 80' lang='grc' dir='ltr'>περὶ</span> <span class='ocrx_word' id='word_1_90' title='bbox 372 1398 546 1450; x_wconf 77' lang='grc' dir='ltr'>αὐτῶν</span> <span class='ocrx_word' id='word_1_91' title='bbox 578 1400 652 1468; x_wconf 90' lang='grc' dir='ltr'>τῷ</span> <span class='ocrx_word' id='word_1_92' title='bbox 680 1401 811 1469; x_wconf 86' lang='grc' dir='ltr'>Θεῷ.</span> <span class='ocrx_word' id='word_1_93' title='bbox 848 1404 955 1454; x_wconf 83' lang='grc' dir='ltr'>Καὶ</span> <span class='ocrx_word' id='word_1_94' title='bbox 981 1403 1303 1471; x_wconf 77' lang='grc' dir='ltr'>προσέταξεν</span> <span class='ocrx_word' id='word_1_95' title='bbox 1335 1406 1363 1456; x_wconf 81' lang='grc' dir='ltr'>δ</span> <span class='ocrx_word' id='word_1_96' title='bbox 1394 1403 1522 1464; x_wconf 72' lang='grc' dir='ltr'>Θεὸς</span> <span class='ocrx_word' id='word_1_97' title='bbox 1545 1402 1633 1452; x_wconf 63' lang='grc' dir='ltr'>τὸν</span> <span class='ocrx_word' id='word_1_98' title='bbox 1679 1400 1751 1469; x_wconf 79' lang='grc' dir='ltr'>μὴ</span> 
     </span>
    </p>
   </div>
   <div class='ocr_carea' id='block_1_14' title="bbox 204 1475 1749 1551">
    <p class='ocr_par' dir='ltr' id='par_1_14' title="bbox 204 1475 1749 1551">
     <span class='ocr_line' id='line_1_14' title="bbox 204 1475 1749 1551; baseline 0.003 -25"><span class='ocrx_word' id='word_1_99' title='bbox 204 1475 500 1544; x_wconf 84' lang='grc' dir='ltr'>δυνάμενον</span> <span class='ocrx_word' id='word_1_100' title='bbox 530 1482 588 1531; x_wconf 79' lang='grc' dir='ltr'>ὲν</span> <span class='ocrx_word' id='word_1_101' title='bbox 615 1481 689 1549; x_wconf 86' lang='grc' dir='ltr'>τῷ</span> <span class='ocrx_word' id='word_1_102' title='bbox 712 1482 909 1551; x_wconf 77' lang='grc' dir='ltr'>πρώτῳ</span> <span class='ocrx_word' id='word_1_103' title='bbox 950 1486 1074 1551; x_wconf 76' lang='grc' dir='ltr'>μηνὶ</span> <span class='ocrx_word' id='word_1_104' title='bbox 1110 1483 1253 1535; x_wconf 85' lang='grc' dir='ltr'>θύειν</span> <span class='ocrx_word' id='word_1_105' title='bbox 1284 1484 1343 1535; x_wconf 89' lang='grc' dir='ltr'>τὸ</span> <span class='ocrx_word' id='word_1_106' title='bbox 1371 1484 1569 1550; x_wconf 84' lang='grc' dir='ltr'>πάσχα,</span> <span class='ocrx_word' id='word_1_107' title='bbox 1598 1481 1630 1550; x_wconf 86' lang='grc' dir='ltr'>ἢ</span> <span class='ocrx_word' id='word_1_108' title='bbox 1666 1481 1749 1532; x_wconf 68' lang='grc' dir='ltr'>διᾶ</span> 
     </span>
    </p>
   </div>
   <div class='ocr_carea' id='block_1_15' title="bbox 202 1557 1747 1633">
    <p class='ocr_par' dir='ltr' id='par_1_15' title="bbox 202 1557 1747 1633">
     <span class='ocr_line' id='line_1_15' title="bbox 202 1557 1747 1633; baseline 0.012 -28"><span class='ocrx_word' id='word_1_109' title='bbox 202 1557 265 1607; x_wconf 89' lang='grc' dir='ltr'>τὸ</span> <span class='ocrx_word' id='word_1_110' title='bbox 293 1559 598 1628; x_wconf 76' lang='grc' dir='ltr'>ἀκάθαρτον</span> <span class='ocrx_word' id='word_1_111' title='bbox 619 1557 772 1622; x_wconf 77' lang='grc' dir='ltr'>εἶναι,</span> <span class='ocrx_word' id='word_1_112' title='bbox 802 1564 831 1630; x_wconf 79' lang='grc' dir='ltr'><strong>ἦ</strong></span> <span class='ocrx_word' id='word_1_113' title='bbox 851 1564 935 1615; x_wconf 82' lang='grc' dir='ltr'>διὰ</span> <span class='ocrx_word' id='word_1_114' title='bbox 960 1564 1019 1615; x_wconf 89' lang='grc' dir='ltr'>τὸ</span> <span class='ocrx_word' id='word_1_115' title='bbox 1041 1566 1096 1614; x_wconf 80' lang='grc' dir='ltr'>ἐν</span> <span class='ocrx_word' id='word_1_116' title='bbox 1120 1564 1218 1633; x_wconf 80' lang='grc' dir='ltr'>ὀδῷ</span> <span class='ocrx_word' id='word_1_117' title='bbox 1246 1565 1428 1631; x_wconf 79' lang='grc' dir='ltr'>μακρᾷ</span> <span class='ocrx_word' id='word_1_118' title='bbox 1450 1563 1747 1630; x_wconf 67' lang='grc' dir='ltr'>τυγχάνειν,</span> 
     </span>
    </p>
   </div>
   <div class='ocr_carea' id='block_1_16' title="bbox 202 1636 1747 1713">
    <p class='ocr_par' dir='ltr' id='par_1_16' title="bbox 202 1636 1747 1713">
     <span class='ocr_line' id='line_1_16' title="bbox 202 1636 1747 1713; baseline 0.001 -22"><span class='ocrx_word' id='word_1_119' title='bbox 202 1636 281 1705; x_wconf 70' lang='grc' dir='ltr'>τῷ</span> <span class='ocrx_word' id='word_1_120' title='bbox 313 1639 548 1709; x_wconf 82' lang='grc' dir='ltr'>δευτέρῳ</span> <span class='ocrx_word' id='word_1_121' title='bbox 589 1644 715 1712; x_wconf 80' lang='grc' dir='ltr'>μηνὶ</span> <span class='ocrx_word' id='word_1_122' title='bbox 755 1647 954 1705; x_wconf 79' lang='grc' dir='ltr'>ποιεῖν,</span> <span class='ocrx_word' id='word_1_123' title='bbox 988 1648 1051 1713; x_wconf 81' lang='grc' dir='ltr'>τῇ</span> <span class='ocrx_word' id='word_1_124' title='bbox 1082 1645 1650 1713; x_wconf 87' lang='grc' dir='ltr'>τεσσαρεσκαιδεκάτῃ.</span> <span class='ocrx_word' id='word_1_125' title='bbox 1688 1644 1747 1692; x_wconf 76' lang='lat' dir='ltr'><strong><em>El</em></strong></span> 
     </span>
    </p>
   </div>
   <div class='ocr_carea' id='block_1_17' title="bbox 200 1716 1747 1791">
    <p class='ocr_par' dir='ltr' id='par_1_17' title="bbox 200 1716 1747 1791">
     <span class='ocr_line' id='line_1_17' title="bbox 200 1716 1747 1791; baseline 0.01 -26"><span class='ocrx_word' id='word_1_126' title='bbox 200 1716 259 1765; x_wconf 85' lang='grc' dir='ltr'>δέ</span> <span class='ocrx_word' id='word_1_127' title='bbox 289 1734 374 1779; x_wconf 90' lang='grc' dir='ltr'>τις</span> <span class='ocrx_word' id='word_1_128' title='bbox 400 1722 491 1773; x_wconf 79' lang='grc' dir='ltr'>καὶ</span> <span class='ocrx_word' id='word_1_129' title='bbox 518 1722 748 1791; x_wconf 85' lang='grc' dir='ltr'>καθαρὸς</span> <span class='ocrx_word' id='word_1_130' title='bbox 776 1723 869 1786; x_wconf 84' lang='grc' dir='ltr'>ῶν,</span> <span class='ocrx_word' id='word_1_131' title='bbox 898 1726 991 1775; x_wconf 73' lang='grc' dir='ltr'>καὶ</span> <span class='ocrx_word' id='word_1_132' title='bbox 1012 1726 1106 1775; x_wconf 87' lang='grc' dir='ltr'>οὐκ</span> <span class='ocrx_word' id='word_1_133' title='bbox 1135 1724 1209 1775; x_wconf 83' lang='grc' dir='ltr'>ὢν</span> <span class='ocrx_word' id='word_1_134' title='bbox 1235 1725 1291 1775; x_wconf 85' lang='grc' dir='ltr'>ὲν</span> <span class='ocrx_word' id='word_1_135' title='bbox 1323 1724 1503 1791; x_wconf 81' lang='grc' dir='ltr'>μακρᾷ</span> <span class='ocrx_word' id='word_1_136' title='bbox 1526 1721 1647 1789; x_wconf 79' lang='grc' dir='ltr'>ὁδῷ,</span> <span class='ocrx_word' id='word_1_137' title='bbox 1676 1721 1747 1790; x_wconf 83' lang='grc' dir='ltr'>μὴ</span> 
     </span>
    </p>
   </div>
   <div class='ocr_carea' id='block_1_18' title="bbox 202 1797 1748 1875">
    <p class='ocr_par' dir='ltr' id='par_1_18' title="bbox 202 1797 1748 1875">
     <span class='ocr_line' id='line_1_18' title="bbox 202 1797 1748 1875; baseline 0.003 -27"><span class='ocrx_word' id='word_1_138' title='bbox 202 1797 447 1863; x_wconf 80' lang='grc' dir='ltr'>βούλοιτο</span> <span class='ocrx_word' id='word_1_139' title='bbox 484 1806 652 1855; x_wconf 87' lang='grc' dir='ltr'>ποιεῖν</span> <span class='ocrx_word' id='word_1_140' title='bbox 687 1806 748 1857; x_wconf 89' lang='grc' dir='ltr'>τὸ</span> <span class='ocrx_word' id='word_1_141' title='bbox 782 1806 962 1873; x_wconf 85' lang='grc' dir='ltr'>πάσχα</span> <span class='ocrx_word' id='word_1_142' title='bbox 991 1807 1047 1858; x_wconf 86' lang='grc' dir='ltr'>ὲν</span> <span class='ocrx_word' id='word_1_143' title='bbox 1084 1805 1159 1873; x_wconf 79' lang='grc' dir='ltr'>τῷ</span> <span class='ocrx_word' id='word_1_144' title='bbox 1192 1804 1390 1875; x_wconf 82' lang='grc' dir='ltr'>πρώτῳ</span> <span class='ocrx_word' id='word_1_145' title='bbox 1439 1808 1599 1873; x_wconf 79' lang='grc' dir='ltr'>μηνὶ,</span> <span class='ocrx_word' id='word_1_146' title='bbox 1647 1804 1748 1854; x_wconf 81' lang='grc' dir='ltr'>ὑπὸ</span> 
     </span>
    </p>
   </div>
   <div class='ocr_carea' id='block_1_19' title="bbox 201 1878 1749 1953">
    <p class='ocr_par' dir='ltr' id='par_1_19' title="bbox 201 1878 1749 1953">
     <span class='ocr_line' id='line_1_19' title="bbox 201 1878 1749 1953; baseline 0.005 -27"><span class='ocrx_word' id='word_1_147' title='bbox 201 1878 479 1946; x_wconf 78' lang='grc' dir='ltr'>ἁμαρτίαν</span> <span class='ocrx_word' id='word_1_148' title='bbox 523 1882 691 1934; x_wconf 78' lang='grc' dir='ltr'>ἔσται.</span> <span class='ocrx_word' id='word_1_149' title='bbox 737 1884 932 1952; x_wconf 87' lang='grc' dir='ltr'>Νόμος,</span> <span class='ocrx_word' id='word_1_150' title='bbox 970 1887 1157 1953; x_wconf 77' lang='grc' dir='ltr'>φησὶν,</span> <span class='ocrx_word' id='word_1_151' title='bbox 1194 1881 1272 1947; x_wconf 74' lang='grc' dir='ltr'>εἷς</span> <span class='ocrx_word' id='word_1_152' title='bbox 1307 1886 1442 1937; x_wconf 70' lang='grc' dir='ltr'>ἔστω</span> <span class='ocrx_word' id='word_1_153' title='bbox 1477 1884 1553 1952; x_wconf 89' lang='grc' dir='ltr'>τῷ</span> <span class='ocrx_word' id='word_1_154' title='bbox 1586 1900 1749 1951; x_wconf 80' lang='grc' dir='ltr'>προσ-</span> 
     </span>
    </p>
   </div>
   <div class='ocr_carea' id='block_1_20' title="bbox 200 1958 1745 2034">
    <p class='ocr_par' dir='ltr' id='par_1_20' title="bbox 200 1958 1745 2034">
     <span class='ocr_line' id='line_1_20' title="bbox 200 1958 1745 2034; baseline 0.005 -26"><span class='ocrx_word' id='word_1_155' title='bbox 200 1958 385 2026; x_wconf 86' lang='grc' dir='ltr'>ηλύτῳ</span> <span class='ocrx_word' id='word_1_156' title='bbox 417 1960 509 2013; x_wconf 79' lang='grc' dir='ltr'>καὶ</span> <span class='ocrx_word' id='word_1_157' title='bbox 533 1962 610 2030; x_wconf 86' lang='grc' dir='ltr'>τῷ</span> <span class='ocrx_word' id='word_1_158' title='bbox 634 1964 928 2033; x_wconf 83' lang='grc' dir='ltr'>αὐτόχθονι.</span> <span class='ocrx_word' id='word_1_159' title='bbox 971 1966 1157 2019; x_wconf 83' lang='grc' dir='ltr'>Ἠνίκα</span> <span class='ocrx_word' id='word_1_160' title='bbox 1179 1966 1450 2019; x_wconf 81' lang='grc' dir='ltr'>ἀνέϐαινεν</span> <span class='ocrx_word' id='word_1_161' title='bbox 1473 1968 1504 2034; x_wconf 80' lang='grc' dir='ltr'>ἡ</span> <span class='ocrx_word' id='word_1_162' title='bbox 1532 1965 1745 2032; x_wconf 82' lang='grc' dir='ltr'>νεφέλη,</span> 
     </span>
    </p>
   </div>
   <div class='ocr_carea' id='block_1_21' title="bbox 198 2040 1746 2123">
    <p class='ocr_par' dir='ltr' id='par_1_21' title="bbox 198 2040 1746 2123">
     <span class='ocr_line' id='line_1_21' title="bbox 198 2040 1746 2123; baseline 0.005 -34"><span class='ocrx_word' id='word_1_163' title='bbox 198 2040 413 2123; x_wconf 50' lang='grc' dir='ltr'>άῇρον</span> <span class='ocrx_word' id='word_1_164' title='bbox 443 2042 491 2093; x_wconf 84' lang='grc' dir='ltr'>οί</span> <span class='ocrx_word' id='word_1_165' title='bbox 521 2044 623 2094; x_wconf 80' lang='grc' dir='ltr'>υίοὶ</span> <span class='ocrx_word' id='word_1_166' title='bbox 667 2044 893 2115; x_wconf 85' lang='grc' dir='ltr'>Ἰσραὴλ.</span> <span class='ocrx_word' id='word_1_167' title='bbox 917 2048 1007 2099; x_wconf 73' lang='grc' dir='ltr'>καὶ</span> <span class='ocrx_word' id='word_1_168' title='bbox 1037 2042 1094 2099; x_wconf 80' lang='grc' dir='ltr'>οῦ</span> <span class='ocrx_word' id='word_1_169' title='bbox 1133 2050 1195 2101; x_wconf 82' lang='grc' dir='ltr'>ἂν</span> <span class='ocrx_word' id='word_1_170' title='bbox 1220 2048 1368 2116; x_wconf 77' lang='grc' dir='ltr'>ἔστη,</span> <span class='ocrx_word' id='word_1_171' title='bbox 1406 2049 1519 2099; x_wconf 74' lang='grc' dir='ltr'>ἐκεῖ</span> <span class='ocrx_word' id='word_1_172' title='bbox 1552 2063 1746 2115; x_wconf 87' lang='grc' dir='ltr'>παρεν-</span> 
     </span>
    </p>
   </div>
   <div class='ocr_carea' id='block_1_22' title="bbox 197 2117 1746 2197">
    <p class='ocr_par' dir='ltr' id='par_1_22' title="bbox 197 2117 1746 2197">
     <span class='ocr_line' id='line_1_22' title="bbox 197 2117 1746 2197; baseline 0.006 -30"><span class='ocrx_word' id='word_1_173' title='bbox 197 2117 443 2171; x_wconf 73' lang='grc' dir='ltr'>έϐαλλον.</span> <span class='ocrx_word' id='word_1_174' title='bbox 512 2122 799 2176; x_wconf 85' lang='grc' dir='ltr'>Κελεύεται</span> <span class='ocrx_word' id='word_1_175' title='bbox 854 2128 1090 2197; x_wconf 84' lang='grc' dir='ltr'>Μωῦσῆς</span> <span class='ocrx_word' id='word_1_176' title='bbox 1152 2130 1368 2197; x_wconf 80' lang='grc' dir='ltr'>ποιῆσαι</span> <span class='ocrx_word' id='word_1_177' title='bbox 1449 2126 1746 2193; x_wconf 82' lang='grc' dir='ltr'>σάλπιγγας</span> 
     </span>
    </p>
   </div>
   <div class='ocr_carea' id='block_1_23' title="bbox 196 2204 1744 2278">
    <p class='ocr_par' dir='ltr' id='par_1_23' title="bbox 196 2204 1744 2278">
     <span class='ocr_line' id='line_1_23' title="bbox 196 2204 1744 2278; baseline 0.001 -22"><span class='ocrx_word' id='word_1_178' title='bbox 196 2204 475 2270; x_wconf 71' lang='grc' dir='ltr'>ἀργυρᾶς,</span> <span class='ocrx_word' id='word_1_179' title='bbox 519 2206 656 2257; x_wconf 82' lang='grc' dir='ltr'>ὥστε</span> <span class='ocrx_word' id='word_1_180' title='bbox 696 2206 760 2258; x_wconf 85' lang='grc' dir='ltr'>δι’</span> <span class='ocrx_word' id='word_1_181' title='bbox 786 2209 959 2261; x_wconf 79' lang='grc' dir='ltr'>αὐτῶν</span> <span class='ocrx_word' id='word_1_182' title='bbox 1002 2210 1278 2278; x_wconf 79' lang='grc' dir='ltr'>σημαίνειν</span> <span class='ocrx_word' id='word_1_183' title='bbox 1309 2210 1385 2277; x_wconf 88' lang='grc' dir='ltr'>τῷ</span> <span class='ocrx_word' id='word_1_184' title='bbox 1421 2210 1548 2277; x_wconf 89' lang='grc' dir='ltr'>λαῷ,</span> <span class='ocrx_word' id='word_1_185' title='bbox 1588 2209 1744 2277; x_wconf 76' lang='grc' dir='ltr'>ἡνίκα</span> 
     </span>
    </p>
   </div>
   <div class='ocr_carea' id='block_1_24' title="bbox 195 2284 1741 2359">
    <p class='ocr_par' dir='ltr' id='par_1_24' title="bbox 195 2284 1741 2359">
     <span class='ocr_line' id='line_1_24' title="bbox 195 2284 1741 2359; baseline 0.006 -27"><span class='ocrx_word' id='word_1_186' title='bbox 195 2284 411 2353; x_wconf 70' lang='grc' dir='ltr'>ἀπᾶραι</span> <span class='ocrx_word' id='word_1_187' title='bbox 432 2284 557 2350; x_wconf 69' lang='grc' dir='ltr'>δέοι,</span> <span class='ocrx_word' id='word_1_188' title='bbox 578 2288 733 2353; x_wconf 80' lang='grc' dir='ltr'>ἡνίκα</span> <span class='ocrx_word' id='word_1_189' title='bbox 767 2293 1083 2356; x_wconf 78' lang='grc' dir='ltr'>συναγαγεῖν</span> <span class='ocrx_word' id='word_1_190' title='bbox 1113 2292 1202 2341; x_wconf 89' lang='grc' dir='ltr'>τὸν</span> <span class='ocrx_word' id='word_1_191' title='bbox 1232 2290 1354 2342; x_wconf 86' lang='grc' dir='ltr'>λαὸν</span> <span class='ocrx_word' id='word_1_192' title='bbox 1388 2293 1443 2343; x_wconf 80' lang='grc' dir='ltr'>ὲν</span> <span class='ocrx_word' id='word_1_193' title='bbox 1472 2290 1741 2359; x_wconf 82' lang='grc' dir='ltr'>πολέμοις,</span> 
     </span>
    </p>
   </div>
   <div class='ocr_carea' id='block_1_25' title="bbox 196 2363 1746 2441">
    <p class='ocr_par' dir='ltr' id='par_1_25' title="bbox 196 2363 1746 2441">
     <span class='ocr_line' id='line_1_25' title="bbox 196 2363 1746 2441; baseline 0.007 -28"><span class='ocrx_word' id='word_1_194' title='bbox 196 2363 256 2413; x_wconf 76' lang='grc' dir='ltr'>ὲν</span> <span class='ocrx_word' id='word_1_195' title='bbox 283 2364 513 2427; x_wconf 84' lang='grc' dir='ltr'>θυσίαις,</span> <span class='ocrx_word' id='word_1_196' title='bbox 549 2369 849 2436; x_wconf 87' lang='grc' dir='ltr'>χρήσασθαι</span> <span class='ocrx_word' id='word_1_197' title='bbox 876 2374 992 2431; x_wconf 82' lang='grc' dir='ltr'>ταῖς</span> <span class='ocrx_word' id='word_1_198' title='bbox 1024 2371 1267 2438; x_wconf 85' lang='grc' dir='ltr'>σάλπιγξι</span> <span class='ocrx_word' id='word_1_199' title='bbox 1296 2373 1516 2433; x_wconf 84' lang='grc' dir='ltr'>ταύταις</span> <span class='ocrx_word' id='word_1_200' title='bbox 1544 2374 1599 2424; x_wconf 84' lang='grc' dir='ltr'>ὲν</span> <span class='ocrx_word' id='word_1_201' title='bbox 1628 2375 1746 2441; x_wconf 83' lang='grc' dir='ltr'>ἑορ-</span> 
     </span>
    </p>
   </div>
   <div class='ocr_carea' id='block_1_26' title="bbox 195 2442 1743 2521">
    <p class='ocr_par' dir='ltr' id='par_1_26' title="bbox 195 2442 1743 2521">
     <span class='ocr_line' id='line_1_26' title="bbox 195 2442 1743 2521; baseline 0.007 -28"><span class='ocrx_word' id='word_1_202' title='bbox 195 2442 496 2514; x_wconf 68' lang='grc' dir='ltr'>ταῖς,ἶ555]</span> <span class='ocrx_word' id='word_1_203' title='bbox 528 2448 584 2497; x_wconf 78' lang='grc' dir='ltr'>ὲν</span> <span class='ocrx_word' id='word_1_204' title='bbox 618 2450 953 2517; x_wconf 85' lang='grc' dir='ltr'>νεομηνίαις,</span> <span class='ocrx_word' id='word_1_205' title='bbox 991 2453 1046 2501; x_wconf 84' lang='grc' dir='ltr'>ἐν</span> <span class='ocrx_word' id='word_1_206' title='bbox 1090 2452 1541 2521; x_wconf 83' lang='grc' dir='ltr'>ὁλοκαυτώμασιν.</span> <span class='ocrx_word' id='word_1_207' title='bbox 1585 2452 1669 2513; x_wconf 86' lang='grc' dir='ltr'>Ὠς</span> <span class='ocrx_word' id='word_1_208' title='bbox 1689 2453 1743 2504; x_wconf 75' lang='grc' dir='ltr'>δὲ</span> 
     </span>
    </p>
   </div>
   <div class='ocr_carea' id='block_1_27' title="bbox 194 2523 1742 2602">
    <p class='ocr_par' dir='ltr' id='par_1_27' title="bbox 194 2523 1742 2602">
     <span class='ocr_line' id='line_1_27' title="bbox 194 2523 1742 2602; baseline 0.006 -28"><span class='ocrx_word' id='word_1_209' title='bbox 194 2523 400 2592; x_wconf 68' lang='grc' dir='ltr'>ἐξῆραν</span> <span class='ocrx_word' id='word_1_210' title='bbox 416 2526 465 2575; x_wconf 81' lang='grc' dir='ltr'>οί</span> <span class='ocrx_word' id='word_1_211' title='bbox 485 2526 586 2578; x_wconf 76' lang='grc' dir='ltr'>υίοὶ</span> <span class='ocrx_word' id='word_1_212' title='bbox 602 2529 826 2599; x_wconf 76' lang='grc' dir='ltr'>Ἰσραὴλ,</span> <span class='ocrx_word' id='word_1_213' title='bbox 852 2533 1143 2599; x_wconf 89' lang='grc' dir='ltr'>παρεκάλει</span> <span class='ocrx_word' id='word_1_214' title='bbox 1158 2534 1245 2583; x_wconf 82' lang='grc' dir='ltr'>τὸν</span> <span class='ocrx_word' id='word_1_215' title='bbox 1260 2533 1449 2602; x_wconf 79' lang='grc' dir='ltr'>Ἰωϐἀρ</span> <span class='ocrx_word' id='word_1_216' title='bbox 1469 2545 1492 2571; x_wconf 69' lang='grc' dir='ltr'>α</span> <span class='ocrx_word' id='word_1_217' title='bbox 1515 2532 1638 2584; x_wconf 84' lang='grc' dir='ltr'>Μωῦ</span> <span class='ocrx_word' id='word_1_218' title='bbox 1649 2534 1742 2601; x_wconf 80' lang='grc' dir='ltr'>σῆς</span> 
     </span>
    </p>
   </div>
   <div class='ocr_carea' id='block_1_28' title="bbox 192 2605 1740 2683">
    <p class='ocr_par' dir='ltr' id='par_1_28' title="bbox 192 2605 1740 2683">
     <span class='ocr_line' id='line_1_28' title="bbox 192 2605 1740 2683; baseline 0.007 -29"><span class='ocrx_word' id='word_1_219' title='bbox 192 2605 309 2657; x_wconf 83' lang='grc' dir='ltr'>υίὸν</span> <span class='ocrx_word' id='word_1_220' title='bbox 349 2606 612 2676; x_wconf 83' lang='grc' dir='ltr'>Ῥαγουὴλ</span> <span class='ocrx_word' id='word_1_221' title='bbox 635 2610 724 2662; x_wconf 83' lang='grc' dir='ltr'>τὸν</span> <span class='ocrx_word' id='word_1_222' title='bbox 752 2612 844 2663; x_wconf 74' lang='grc' dir='ltr'>καὶ</span> <span class='ocrx_word' id='word_1_223' title='bbox 867 2613 1046 2681; x_wconf 80' lang='grc' dir='ltr'>’ίοθὸρ,</span> <span class='ocrx_word' id='word_1_224' title='bbox 1069 2613 1205 2665; x_wconf 84' lang='grc' dir='ltr'>ὥστε</span> <span class='ocrx_word' id='word_1_225' title='bbox 1232 2614 1378 2683; x_wconf 83' lang='grc' dir='ltr'>αὐτῷ</span> <span class='ocrx_word' id='word_1_226' title='bbox 1403 2618 1492 2667; x_wconf 80' lang='grc' dir='ltr'>καὶ</span> <span class='ocrx_word' id='word_1_227' title='bbox 1513 2616 1605 2682; x_wconf 88' lang='grc' dir='ltr'>τῆς</span> <span class='ocrx_word' id='word_1_228' title='bbox 1624 2615 1740 2666; x_wconf 87' lang='grc' dir='ltr'>ὁδοῦ</span> 
     </span>
    </p>
   </div>
   <div class='ocr_carea' id='block_1_29' title="bbox 192 2689 1735 2763">
    <p class='ocr_par' dir='ltr' id='par_1_29' title="bbox 192 2689 1735 2763">
     <span class='ocr_line' id='line_1_29' title="bbox 192 2689 1735 2763; baseline 0.008 -28"><span class='ocrx_word' id='word_1_229' title='bbox 192 2689 541 2755; x_wconf 85' lang='grc' dir='ltr'>κοινωνῆσαι,</span> <span class='ocrx_word' id='word_1_230' title='bbox 571 2692 661 2742; x_wconf 80' lang='grc' dir='ltr'>καὶ</span> <span class='ocrx_word' id='word_1_231' title='bbox 687 2692 792 2743; x_wconf 89' lang='grc' dir='ltr'>τῶν</span> <span class='ocrx_word' id='word_1_232' title='bbox 820 2694 1248 2760; x_wconf 82' lang='grc' dir='ltr'>ὲπαγγελθέντων</span> <span class='ocrx_word' id='word_1_233' title='bbox 1284 2698 1496 2763; x_wconf 84' lang='grc' dir='ltr'>ἀγαθῶν</span> <span class='ocrx_word' id='word_1_234' title='bbox 1524 2698 1702 2758; x_wconf 81' lang='grc' dir='ltr'>αὐτοῖς</span> <span class='ocrx_word' id='word_1_235' title='bbox 1723 2712 1735 2725; x_wconf 86' lang='grc'><em>’</em></span> 
     </span>
    </p>
   </div>
   <div class='ocr_carea' id='block_1_30' title="bbox 191 2769 1737 2847">
    <p class='ocr_par' dir='ltr' id='par_1_30' title="bbox 191 2769 1737 2847">
     <span class='ocr_line' id='line_1_30' title="bbox 191 2769 1737 2847; baseline 0.008 -30"><span class='ocrx_word' id='word_1_236' title='bbox 191 2769 287 2818; x_wconf 79' lang='grc' dir='ltr'>καὶ</span> <span class='ocrx_word' id='word_1_237' title='bbox 320 2770 380 2819; x_wconf 83' lang='grc' dir='ltr'>ὲν</span> <span class='ocrx_word' id='word_1_238' title='bbox 404 2770 483 2837; x_wconf 84' lang='grc' dir='ltr'>τῷ</span> <span class='ocrx_word' id='word_1_239' title='bbox 511 2771 741 2841; x_wconf 78' lang='grc' dir='ltr'>ἐξαίρειν</span> <span class='ocrx_word' id='word_1_240' title='bbox 767 2774 863 2842; x_wconf 82' lang='grc' dir='ltr'>τὴν</span> <span class='ocrx_word' id='word_1_241' title='bbox 896 2776 1138 2841; x_wconf 88' lang='grc' dir='ltr'>κιϐωτὸν,</span> <span class='ocrx_word' id='word_1_242' title='bbox 1164 2775 1280 2829; x_wconf 78' lang='grc' dir='ltr'>εἷπε</span> <span class='ocrx_word' id='word_1_243' title='bbox 1307 2780 1558 2847; x_wconf 65' lang='grc' dir='ltr'>Μωῦσῆς</span> <span class='ocrx_word' id='word_1_244' title='bbox 1617 2779 1737 2841; x_wconf 81' lang='grc' dir='ltr'>Ἐξ-</span> 
     </span>
    </p>
   </div>
   <div class='ocr_carea' id='block_1_31' title="bbox 190 2848 1737 2924">
    <p class='ocr_par' dir='ltr' id='par_1_31' title="bbox 190 2848 1737 2924">
     <span class='ocr_line' id='line_1_31' title="bbox 190 2848 1737 2924; baseline 0.008 -25"><span class='ocrx_word' id='word_1_245' title='bbox 190 2848 1309 2921; x_wconf 74' lang='grc' dir='ltr'>ετέρθητι,Κύριε,διασκορπισθήτωσαν</span> <span class='ocrx_word' id='word_1_246' title='bbox 1330 2864 1380 2910; x_wconf 85' lang='lat' dir='ltr'><strong><em>ol</em></strong></span> <span class='ocrx_word' id='word_1_247' title='bbox 1395 2861 1589 2924; x_wconf 82' lang='grc' dir='ltr'>ἐχθροί</span> <span class='ocrx_word' id='word_1_248' title='bbox 1605 2876 1737 2921; x_wconf 88' lang='grc' dir='ltr'>σου,</span> 
     </span>
    </p>
   </div>
   <div class='ocr_carea' id='block_1_32' title="bbox 192 2929 1739 3005">
    <p class='ocr_par' dir='ltr' id='par_1_32' title="bbox 192 2929 1739 3005">
     <span class='ocr_line' id='line_1_32' title="bbox 192 2929 1739 3005; baseline 0.006 -26"><span class='ocrx_word' id='word_1_249' title='bbox 192 2929 549 2995; x_wconf 68' lang='grc' dir='ltr'>ρυτ-έτωοναν</span> <span class='ocrx_word' id='word_1_250' title='bbox 581 2930 797 2997; x_wconf 79' lang='grc' dir='ltr'>πάντες</span> <span class='ocrx_word' id='word_1_251' title='bbox 825 2938 877 2987; x_wconf 88' lang='grc' dir='ltr'>οί</span> <span class='ocrx_word' id='word_1_252' title='bbox 905 2936 1222 3002; x_wconf 77' lang='grc' dir='ltr'>μισοῦντές</span> <span class='ocrx_word' id='word_1_253' title='bbox 1258 2953 1349 2989; x_wconf 86' lang='grc' dir='ltr'>σε.</span> <span class='ocrx_word' id='word_1_254' title='bbox 1380 2939 1488 2990; x_wconf 81' lang='lat' dir='ltr'>Kal</span> <span class='ocrx_word' id='word_1_255' title='bbox 1516 2940 1739 3005; x_wconf 87' lang='grc' dir='ltr'>ὲγόγγυ-</span> 
     </span>
    </p>
   </div>
   <div class='ocr_carea' id='block_1_33' title="bbox 191 3009 1740 3087">
    <p class='ocr_par' dir='ltr' id='par_1_33' title="bbox 191 3009 1740 3087">
     <span class='ocr_line' id='line_1_33' title="bbox 191 3009 1740 3087; baseline 0.007 -28"><span class='ocrx_word' id='word_1_256' title='bbox 191 3009 284 3072; x_wconf 77' lang='grc' dir='ltr'>ξεν</span> <span class='ocrx_word' id='word_1_257' title='bbox 306 3012 335 3061; x_wconf 98' lang='lat'>6</span> <span class='ocrx_word' id='word_1_258' title='bbox 366 3009 511 3072; x_wconf 86' lang='grc' dir='ltr'>λαὸς,</span> <span class='ocrx_word' id='word_1_259' title='bbox 543 3013 631 3064; x_wconf 84' lang='grc' dir='ltr'>καὶ</span> <span class='ocrx_word' id='word_1_260' title='bbox 657 3016 893 3084; x_wconf 87' lang='grc' dir='ltr'>κατεκάη</span> <span class='ocrx_word' id='word_1_261' title='bbox 924 3017 1082 3087; x_wconf 80' lang='grc' dir='ltr'>μέρος</span> <span class='ocrx_word' id='word_1_262' title='bbox 1126 3018 1223 3085; x_wconf 79' lang='grc' dir='ltr'>τῆς</span> <span class='ocrx_word' id='word_1_263' title='bbox 1255 3020 1616 3086; x_wconf 83' lang='grc' dir='ltr'>παρεμϐολῆς,</span> <span class='ocrx_word' id='word_1_264' title='bbox 1650 3019 1740 3071; x_wconf 79' lang='grc' dir='ltr'>καὶ</span> 
     </span>
    </p>
   </div>
   <div class='ocr_carea' id='block_1_34' title="bbox 188 3091 1740 3169">
    <p class='ocr_par' dir='ltr' id='par_1_34' title="bbox 188 3091 1740 3169">
     <span class='ocr_line' id='line_1_34' title="bbox 188 3091 1740 3169; baseline 0.008 -29"><span class='ocrx_word' id='word_1_265' title='bbox 188 3091 395 3159; x_wconf 69' lang='grc' dir='ltr'>δκλήθη</span> <span class='ocrx_word' id='word_1_266' title='bbox 419 3093 447 3142; x_wconf 89' lang='lat'>6</span> <span class='ocrx_word' id='word_1_267' title='bbox 466 3093 623 3155; x_wconf 88' lang='grc' dir='ltr'>τόπος</span> <span class='ocrx_word' id='word_1_268' title='bbox 651 3096 1004 3166; x_wconf 78' lang='grc' dir='ltr'>ἐμπυρισμός.</span> <span class='ocrx_word' id='word_1_269' title='bbox 1024 3100 1128 3149; x_wconf 84' lang='lat' dir='ltr'>Kal</span> <span class='ocrx_word' id='word_1_270' title='bbox 1155 3099 1349 3167; x_wconf 79' lang='grc' dir='ltr'>ηὔξατο</span> <span class='ocrx_word' id='word_1_271' title='bbox 1375 3101 1631 3169; x_wconf 82' lang='grc' dir='ltr'>Μωῦσῆς,</span> <span class='ocrx_word' id='word_1_272' title='bbox 1650 3101 1740 3152; x_wconf 79' lang='grc' dir='ltr'>καὶ</span> 
     </span>
    </p>
   </div>
   <div class='ocr_carea' id='block_1_35' title="bbox 189 3170 1734 3248">
    <p class='ocr_par' dir='ltr' id='par_1_35' title="bbox 189 3170 1734 3248">
     <span class='ocr_line' id='line_1_35' title="bbox 189 3170 1734 3248; baseline 0.007 -26"><span class='ocrx_word' id='word_1_273' title='bbox 189 3170 469 3222; x_wconf 64' lang='grc' dir='ltr'>δπαύσατο</span> <span class='ocrx_word' id='word_1_274' title='bbox 501 3174 534 3241; x_wconf 82' lang='grc' dir='ltr'><strong>ή</strong></span> <span class='ocrx_word' id='word_1_275' title='bbox 562 3178 814 3245; x_wconf 87' lang='grc' dir='ltr'>τιμωρία.</span> <span class='ocrx_word' id='word_1_276' title='bbox 847 3177 951 3228; x_wconf 80' lang='grc' dir='ltr'>Καὶ</span> <span class='ocrx_word' id='word_1_277' title='bbox 978 3177 1197 3245; x_wconf 75' lang='grc' dir='ltr'>ἐζήτουν</span> <span class='ocrx_word' id='word_1_278' title='bbox 1224 3182 1376 3247; x_wconf 86' lang='grc' dir='ltr'>κρέα,</span> <span class='ocrx_word' id='word_1_279' title='bbox 1410 3183 1501 3232; x_wconf 75' lang='grc' dir='ltr'>καὶ</span> <span class='ocrx_word' id='word_1_280' title='bbox 1529 3182 1734 3248; x_wconf 79' lang='grc' dir='ltr'>ἕλεγον³</span> 
     </span>
    </p>
   </div>
   <div class='ocr_carea' id='block_1_36' title="bbox 203 3251 1740 3331">
    <p class='ocr_par' dir='ltr' id='par_1_36' title="bbox 203 3251 1740 3331">
     <span class='ocr_line' id='line_1_36' title="bbox 203 3251 1740 3331; baseline 0.008 -27"><span class='ocrx_word' id='word_1_281' title='bbox 203 3251 623 3322; x_wconf 73' lang='grc' dir='ltr'>Ἔμγήσθημεν</span> <span class='ocrx_word' id='word_1_282' title='bbox 643 3259 781 3322; x_wconf 84' lang='grc' dir='ltr'>τοὺς</span> <span class='ocrx_word' id='word_1_283' title='bbox 802 3259 985 3325; x_wconf 72' lang='grc' dir='ltr'>ἰχθῦς,</span> <span class='ocrx_word' id='word_1_284' title='bbox 1025 3261 1130 3324; x_wconf 85' lang='grc' dir='ltr'>οὓς</span> <span class='ocrx_word' id='word_1_285' title='bbox 1155 3262 1440 3329; x_wconf 73' lang='grc' dir='ltr'>ἡσθίομεν</span> <span class='ocrx_word' id='word_1_286' title='bbox 1466 3264 1533 3316; x_wconf 83' lang='grc' dir='ltr'>ὲν</span> <span class='ocrx_word' id='word_1_287' title='bbox 1568 3266 1740 3331; x_wconf 75' lang='grc' dir='ltr'>Αίγύ-</span> 
     </span>
    </p>
   </div>
   <div class='ocr_carea' id='block_1_37' title="bbox 190 3335 1737 3409">
    <p class='ocr_par' dir='ltr' id='par_1_37' title="bbox 190 3335 1737 3409">
     <span class='ocr_line' id='line_1_37' title="bbox 190 3335 1737 3409; baseline 0.008 -26"><span class='ocrx_word' id='word_1_288' title='bbox 190 3345 341 3395; x_wconf 67' lang='grc' dir='ltr'>πτῳ,</span> <span class='ocrx_word' id='word_1_289' title='bbox 372 3335 510 3399; x_wconf 83' lang='grc' dir='ltr'>τοὺς</span> <span class='ocrx_word' id='word_1_290' title='bbox 529 3339 797 3402; x_wconf 82' lang='grc' dir='ltr'>σικύους,</span> <span class='ocrx_word' id='word_1_291' title='bbox 825 3340 919 3391; x_wconf 73' lang='grc' dir='ltr'>καὶ</span> <span class='ocrx_word' id='word_1_292' title='bbox 954 3340 1092 3403; x_wconf 88' lang='grc' dir='ltr'>τοὺς</span> <span class='ocrx_word' id='word_1_293' title='bbox 1122 3341 1399 3405; x_wconf 81' lang='grc' dir='ltr'>πέπονας,</span> <span class='ocrx_word' id='word_1_294' title='bbox 1433 3346 1501 3394; x_wconf 85' lang='grc' dir='ltr'>τὰ</span> <span class='ocrx_word' id='word_1_295' title='bbox 1522 3344 1737 3409; x_wconf 82' lang='grc' dir='ltr'>πράσα,</span> 
     </span>
    </p>
   </div>
   <div class='ocr_carea' id='block_1_38' title="bbox 191 3414 1741 3489">
    <p class='ocr_par' dir='ltr' id='par_1_38' title="bbox 191 3414 1741 3489">
     <span class='ocr_line' id='line_1_38' title="bbox 191 3414 1741 3489; baseline 0.007 -26"><span class='ocrx_word' id='word_1_296' title='bbox 191 3414 268 3464; x_wconf 78' lang='grc' dir='ltr'>τὰ</span> <span class='ocrx_word' id='word_1_297' title='bbox 294 3414 581 3481; x_wconf 82' lang='grc' dir='ltr'>κρόμμυα,</span> <span class='ocrx_word' id='word_1_298' title='bbox 608 3418 678 3469; x_wconf 82' lang='grc' dir='ltr'>τὰ</span> <span class='ocrx_word' id='word_1_299' title='bbox 703 3419 955 3484; x_wconf 78' lang='grc' dir='ltr'>σκόροδα</span> <span class='ocrx_word' id='word_1_300' title='bbox 982 3421 1027 3473; x_wconf 77' lang='lat' dir='ltr'>b.</span> <span class='ocrx_word' id='word_1_301' title='bbox 1057 3421 1182 3472; x_wconf 85' lang='grc' dir='ltr'>Νῦν</span> <span class='ocrx_word' id='word_1_302' title='bbox 1211 3420 1277 3473; x_wconf 84' lang='grc' dir='ltr'>δὲ</span> <span class='ocrx_word' id='word_1_303' title='bbox 1310 3423 1347 3484; x_wconf 78' lang='grc' dir='ltr'><strong><em>ἡ</em></strong></span> <span class='ocrx_word' id='word_1_304' title='bbox 1378 3423 1544 3489; x_wconf 76' lang='grc' dir='ltr'>ψυχὴ</span> <span class='ocrx_word' id='word_1_305' title='bbox 1576 3423 1741 3489; x_wconf 78' lang='grc' dir='ltr'>ἡμῶν</span> 
     </span>
    </p>
   </div>
   <div class='ocr_carea' id='block_1_39' title="bbox 190 3496 1738 3571">
    <p class='ocr_par' dir='ltr' id='par_1_39' title="bbox 190 3496 1738 3571">
     <span class='ocr_line' id='line_1_39' title="bbox 190 3496 1738 3571; baseline 0.006 -25"><span class='ocrx_word' id='word_1_306' title='bbox 190 3496 560 3563; x_wconf 76' lang='grc' dir='ltr'>κατάξηρος·</span> <span class='ocrx_word' id='word_1_307' title='bbox 600 3499 779 3551; x_wconf 83' lang='grc' dir='ltr'>οὐδὲν</span> <span class='ocrx_word' id='word_1_308' title='bbox 804 3501 967 3567; x_wconf 80' lang='grc' dir='ltr'>πλὴν</span> <span class='ocrx_word' id='word_1_309' title='bbox 992 3504 1078 3567; x_wconf 85' lang='grc' dir='ltr'>εἰς</span> <span class='ocrx_word' id='word_1_310' title='bbox 1108 3502 1173 3554; x_wconf 86' lang='grc' dir='ltr'>τὸ</span> <span class='ocrx_word' id='word_1_311' title='bbox 1198 3503 1397 3571; x_wconf 78' lang='grc' dir='ltr'>μάννα</span> <span class='ocrx_word' id='word_1_312' title='bbox 1424 3507 1476 3555; x_wconf 74' lang='grc' dir='ltr'>οἱ</span> <span class='ocrx_word' id='word_1_313' title='bbox 1521 3506 1738 3570; x_wconf 62' lang='lat'>6590:11-</span> 
     </span>
    </p>
   </div>
   <div class='ocr_carea' id='block_1_40' title="bbox 184 3576 1737 3652">
    <p class='ocr_par' dir='ltr' id='par_1_40' title="bbox 184 3576 1737 3652">
     <span class='ocr_line' id='line_1_40' title="bbox 184 3576 1737 3652; baseline 0.005 -25"><span class='ocrx_word' id='word_1_314' title='bbox 184 3576 291 3643; x_wconf 71' lang='grc' dir='ltr'>μοι</span> <span class='ocrx_word' id='word_1_315' title='bbox 545 3580 627 3639; x_wconf 83' lang='grc' dir='ltr'>Ὠς</span> <span class='ocrx_word' id='word_1_316' title='bbox 652 3579 707 3631; x_wconf 84' lang='grc' dir='ltr'>δὲ</span> <span class='ocrx_word' id='word_1_317' title='bbox 739 3580 1022 3649; x_wconf 75' lang='grc' dir='ltr'>ἐϐαρύνετο</span> <span class='ocrx_word' id='word_1_318' title='bbox 1051 3583 1146 3652; x_wconf 76' lang='grc' dir='ltr'>τὴν</span> <span class='ocrx_word' id='word_1_319' title='bbox 1172 3584 1511 3636; x_wconf 84' lang='grc' dir='ltr'>ἀντιστασίαν</span> <span class='ocrx_word' id='word_1_320' title='bbox 1543 3585 1737 3648; x_wconf 82' lang='grc' dir='ltr'>αὐτῶν,</span> 
     </span>
    </p>
   </div>
   <div class='ocr_carea' id='block_1_41' title="bbox 191 3659 1739 3735">
    <p class='ocr_par' dir='ltr' id='par_1_41' title="bbox 191 3659 1739 3735">
     <span class='ocr_line' id='line_1_41' title="bbox 191 3659 1739 3735; baseline 0.005 -25"><span class='ocrx_word' id='word_1_321' title='bbox 191 3659 288 3711; x_wconf 74' lang='grc' dir='ltr'>καὶ</span> <span class='ocrx_word' id='word_1_322' title='bbox 320 3661 633 3731; x_wconf 71' lang='grc' dir='ltr'>ἐνετύγχανε</span> <span class='ocrx_word' id='word_1_323' title='bbox 659 3663 734 3732; x_wconf 89' lang='grc' dir='ltr'>τῷ</span> <span class='ocrx_word' id='word_1_324' title='bbox 762 3664 894 3732; x_wconf 86' lang='grc' dir='ltr'>Θεῷ,</span> <span class='ocrx_word' id='word_1_325' title='bbox 935 3666 1279 3735; x_wconf 84' lang='grc' dir='ltr'>προστίθησιν</span> <span class='ocrx_word' id='word_1_326' title='bbox 1321 3665 1465 3734; x_wconf 83' lang='grc' dir='ltr'>αὐτῷ</span> <span class='ocrx_word' id='word_1_327' title='bbox 1513 3666 1739 3735; x_wconf 80' lang='grc' dir='ltr'>ἑϐδομή-</span> 
     </span>
    </p>
   </div>
   <div class='ocr_carea' id='block_1_42' title="bbox 190 3742 1739 3815">
    <p class='ocr_par' dir='ltr' id='par_1_42' title="bbox 190 3742 1739 3815">
     <span class='ocr_line' id='line_1_42' title="bbox 190 3742 1739 3815; baseline 0.006 -26"><span class='ocrx_word' id='word_1_328' title='bbox 190 3755 361 3791; x_wconf 80' lang='grc' dir='ltr'>κοντα</span> <span class='ocrx_word' id='word_1_329' title='bbox 388 3742 801 3812; x_wconf 82' lang='grc' dir='ltr'>πρεσϐυτέρους,</span> <span class='ocrx_word' id='word_1_330' title='bbox 830 3744 966 3797; x_wconf 83' lang='grc' dir='ltr'>ὥστε</span> <span class='ocrx_word' id='word_1_331' title='bbox 1002 3747 1459 3815; x_wconf 87' lang='grc' dir='ltr'>συλλαμϐάνεσθαι</span> <span class='ocrx_word' id='word_1_332' title='bbox 1505 3748 1651 3813; x_wconf 85' lang='grc' dir='ltr'>αὐτῷ</span> <span class='ocrx_word' id='word_1_333' title='bbox 1684 3748 1739 3798; x_wconf 84' lang='grc' dir='ltr'>ὲν</span> 
     </span>
    </p>
   </div>
   <div class='ocr_carea' id='block_1_43' title="bbox 186 3822 1739 3897">
    <p class='ocr_par' dir='ltr' id='par_1_43' title="bbox 186 3822 1739 3897">
     <span class='ocr_line' id='line_1_43' title="bbox 186 3822 1739 3897; baseline 0.005 -23"><span class='ocrx_word' id='word_1_334' title='bbox 186 3822 261 3888; x_wconf 76' lang='grc' dir='ltr'>τῇ</span> <span class='ocrx_word' id='word_1_335' title='bbox 293 3822 454 3889; x_wconf 77' lang='grc' dir='ltr'>ἀρχῇ.</span> <span class='ocrx_word' id='word_1_336' title='bbox 486 3823 615 3875; x_wconf 83' lang='grc' dir='ltr'>Τότε</span> <span class='ocrx_word' id='word_1_337' title='bbox 646 3825 737 3877; x_wconf 91' lang='grc' dir='ltr'>τοῦ</span> <span class='ocrx_word' id='word_1_338' title='bbox 784 3827 952 3895; x_wconf 81' lang='grc' dir='ltr'>Ἰησοῦ</span> <span class='ocrx_word' id='word_1_339' title='bbox 999 3828 1091 3879; x_wconf 88' lang='grc' dir='ltr'>τοῦ</span> <span class='ocrx_word' id='word_1_340' title='bbox 1130 3830 1281 3897; x_wconf 86' lang='grc' dir='ltr'>Ναυῆ</span> <span class='ocrx_word' id='word_1_341' title='bbox 1317 3830 1583 3891; x_wconf 75' lang='grc' dir='ltr'>εἰπόντος·</span> <span class='ocrx_word' id='word_1_342' title='bbox 1618 3829 1739 3882; x_wconf 81' lang='grc' dir='ltr'>Κῶ·-</span> 
     </span>
    </p>
   </div>
   <div class='ocr_carea' id='block_1_44' title="bbox 186 3900 1738 3977">
    <p class='ocr_par' dir='ltr' id='par_1_44' title="bbox 186 3900 1738 3977">
     <span class='ocr_line' id='line_1_44' title="bbox 186 3900 1738 3977; baseline 0.008 -27"><span class='ocrx_word' id='word_1_343' title='bbox 186 3900 353 3952; x_wconf 78' lang='grc' dir='ltr'>λυσον</span> <span class='ocrx_word' id='word_1_344' title='bbox 376 3903 463 3953; x_wconf 89' lang='grc' dir='ltr'>τὸν</span> <span class='ocrx_word' id='word_1_345' title='bbox 499 3904 612 3955; x_wconf 83' lang='grc' dir='ltr'>υἱὸν</span> <span class='ocrx_word' id='word_1_346' title='bbox 656 3906 835 3957; x_wconf 81' lang='grc' dir='ltr'>Ἐλδὰδ</span> <span class='ocrx_word' id='word_1_347' title='bbox 869 3910 957 3959; x_wconf 76' lang='grc' dir='ltr'>καὶ</span> <span class='ocrx_word' id='word_1_348' title='bbox 1001 3910 1194 3961; x_wconf 79' lang='grc' dir='ltr'>Μωδάδ</span> <span class='ocrx_word' id='word_1_349' title='bbox 1230 3909 1322 3961; x_wconf 90' lang='grc' dir='ltr'>τοῦ</span> <span class='ocrx_word' id='word_1_350' title='bbox 1355 3910 1738 3977; x_wconf 70' lang='grc' dir='ltr'>προφητεύειν,</span> 
     </span>
    </p>
   </div>
   <div class='ocr_carea' id='block_1_45' title="bbox 186 3983 1739 4057">
    <p class='ocr_par' dir='ltr' id='par_1_45' title="bbox 186 3983 1739 4057">
     <span class='ocr_line' id='line_1_45' title="bbox 186 3983 1739 4057; baseline 0.007 -25"><span class='ocrx_word' id='word_1_351' title='bbox 186 3983 401 4051; x_wconf 71' lang='grc' dir='ltr'>φησὶνό</span> <span class='ocrx_word' id='word_1_352' title='bbox 429 3986 690 4053; x_wconf 84' lang='grc' dir='ltr'>Μωῦσῆς·</span> <span class='ocrx_word' id='word_1_353' title='bbox 714 3989 923 4053; x_wconf 78' lang='grc' dir='ltr'>Ζηλοῖς</span> <span class='ocrx_word' id='word_1_354' title='bbox 942 3991 1019 4042; x_wconf 83' lang='grc' dir='ltr'>οὐ</span> <span class='ocrx_word' id='word_1_355' title='bbox 1040 4007 1174 4057; x_wconf 59' lang='grc' dir='ltr'>μου</span> <span class='ocrx_word' id='word_1_356' title='bbox 1204 3992 1309 4043; x_wconf 79' lang='grc' dir='ltr'>Καὶ</span> <span class='ocrx_word' id='word_1_357' title='bbox 1340 3993 1428 4055; x_wconf 86' lang='grc' dir='ltr'>τίς</span> <span class='ocrx_word' id='word_1_358' title='bbox 1454 3991 1534 4055; x_wconf 85' lang='grc' dir='ltr'>δῷ</span> <span class='ocrx_word' id='word_1_359' title='bbox 1553 3993 1739 4045; x_wconf 83' lang='grc' dir='ltr'>ἄπαν-</span> 
     </span>
    </p>
   </div>
   <div class='ocr_carea' id='block_1_46' title="bbox 182 4067 1737 4142">
    <p class='ocr_par' dir='ltr' id='par_1_46' title="bbox 182 4067 1737 4142">
     <span class='ocr_line' id='line_1_46' title="bbox 182 4067 1737 4142; baseline 0.005 -24"><span class='ocrx_word' id='word_1_360' title='bbox 182 4081 267 4119; x_wconf 78' lang='grc' dir='ltr'>τα</span> <span class='ocrx_word' id='word_1_361' title='bbox 292 4067 397 4119; x_wconf 80' lang='grc' dir='ltr'>τὸν</span> <span class='ocrx_word' id='word_1_362' title='bbox 420 4070 572 4121; x_wconf 82' lang='grc' dir='ltr'><em>λαὸν</em></span> <span class='ocrx_word' id='word_1_363' title='bbox 607 4070 820 4135; x_wconf 81' lang='grc' dir='ltr'>Κυρίου</span> <span class='ocrx_word' id='word_1_364' title='bbox 848 4071 1150 4138; x_wconf 76' lang='grc' dir='ltr'>προφήτας</span> <span class='ocrx_word' id='word_1_365' title='bbox 1162 4090 1182 4137; x_wconf 90' lang='grc'><strong><em>;</em></strong></span> <span class='ocrx_word' id='word_1_366' title='bbox 1217 4074 1346 4125; x_wconf 87' lang='grc' dir='ltr'>Τότε</span> <span class='ocrx_word' id='word_1_367' title='bbox 1385 4074 1548 4142; x_wconf 85' lang='grc' dir='ltr'>ἀνέϐη</span> <span class='ocrx_word' id='word_1_368' title='bbox 1581 4074 1737 4142; x_wconf 85' lang='grc' dir='ltr'>ὀρτυ-</span> 
     </span>
    </p>
   </div>
   <div class='ocr_carea' id='block_1_47' title="bbox 180 4148 1737 4224">
    <p class='ocr_par' dir='ltr' id='par_1_47' title="bbox 180 4148 1737 4224">
     <span class='ocr_line' id='line_1_47' title="bbox 180 4148 1737 4224; baseline 0.004 -25"><span class='ocrx_word' id='word_1_369' title='bbox 180 4148 445 4217; x_wconf 81' lang='grc' dir='ltr'>γομήτρα</span> <span class='ocrx_word' id='word_1_370' title='bbox 471 4149 619 4218; x_wconf 79' lang='grc' dir='ltr'>παρὰ</span> <span class='ocrx_word' id='word_1_371' title='bbox 644 4151 866 4220; x_wconf 84' lang='grc' dir='ltr'>Κυρίου,</span> <span class='ocrx_word' id='word_1_372' title='bbox 903 4153 993 4205; x_wconf 85' lang='grc' dir='ltr'>καὶ</span> <span class='ocrx_word' id='word_1_373' title='bbox 1031 4154 1247 4220; x_wconf 78' lang='grc' dir='ltr'>ἔφαγον.</span> <span class='ocrx_word' id='word_1_374' title='bbox 1280 4155 1388 4206; x_wconf 86' lang='lat' dir='ltr'>Kal</span> <span class='ocrx_word' id='word_1_375' title='bbox 1408 4155 1474 4206; x_wconf 87' lang='grc' dir='ltr'>τὰ</span> <span class='ocrx_word' id='word_1_376' title='bbox 1500 4156 1633 4223; x_wconf 80' lang='grc' dir='ltr'>κρέα</span> <span class='ocrx_word' id='word_1_377' title='bbox 1669 4152 1737 4224; x_wconf 81' lang='grc' dir='ltr'>ἦν</span> 
     </span>
    </p>
   </div>
   <div class='ocr_carea' id='block_1_48' title="bbox 183 4229 1738 4303">
    <p class='ocr_par' dir='ltr' id='par_1_48' title="bbox 183 4229 1738 4303">
     <span class='ocr_line' id='line_1_48' title="bbox 183 4229 1738 4303; baseline 0.005 -22"><span class='ocrx_word' id='word_1_378' title='bbox 183 4232 252 4281; x_wconf 69' lang='grc' dir='ltr'>ἑν</span> <span class='ocrx_word' id='word_1_379' title='bbox 283 4232 396 4291; x_wconf 85' lang='grc' dir='ltr'>τοῖς</span> <span class='ocrx_word' id='word_1_380' title='bbox 425 4229 631 4282; x_wconf 81' lang='grc' dir='ltr'>ὀδοῦσιν</span> <span class='ocrx_word' id='word_1_381' title='bbox 654 4232 850 4294; x_wconf 83' lang='grc' dir='ltr'>αὐτῶν,</span> <span class='ocrx_word' id='word_1_382' title='bbox 881 4235 1006 4303; x_wconf 79' lang='grc' dir='ltr'>πρὶν</span> <span class='ocrx_word' id='word_1_383' title='bbox 1035 4235 1066 4303; x_wconf 81' lang='grc' dir='ltr'>ἢ</span> <span class='ocrx_word' id='word_1_384' title='bbox 1094 4234 1348 4289; x_wconf 72' lang='grc' dir='ltr'>ἐκλιπεῖν.</span> <span class='ocrx_word' id='word_1_385' title='bbox 1381 4235 1545 4288; x_wconf 91' lang='grc' dir='ltr'>Τοῦτο</span> <span class='ocrx_word' id='word_1_386' title='bbox 1580 4238 1640 4288; x_wconf 86' lang='grc' dir='ltr'>τὸ</span> <span class='ocrx_word' id='word_1_387' title='bbox 1679 4241 1738 4289; x_wconf 85' lang='grc' dir='ltr'>ὲν</span> 
     </span>
    </p>
   </div>
   <div class='ocr_carea' id='block_1_49' title="bbox 180 4310 1736 4383">
    <p class='ocr_par' dir='ltr' id='par_1_49' title="bbox 180 4310 1736 4383">
     <span class='ocr_line' id='line_1_49' title="bbox 180 4310 1736 4383; baseline 0.006 -21"><span class='ocrx_word' id='word_1_388' title='bbox 180 4310 390 4380; x_wconf 76' lang='grc' dir='ltr'>ψαλμῷ</span> <span class='ocrx_word' id='word_1_389' title='bbox 430 4312 737 4381; x_wconf 71' lang='grc' dir='ltr'>εἰρημένον·</span> <span class='ocrx_word' id='word_1_390' title='bbox 771 4315 888 4366; x_wconf 81' lang='grc' dir='ltr'>Ἔτι</span> <span class='ocrx_word' id='word_1_391' title='bbox 916 4315 1023 4381; x_wconf 83' lang='grc' dir='ltr'>τῆς</span> <span class='ocrx_word' id='word_1_392' title='bbox 1044 4318 1321 4383; x_wconf 73' lang='grc' dir='ltr'>,βρώσεως</span> <span class='ocrx_word' id='word_1_393' title='bbox 1350 4319 1536 4383; x_wconf 83' lang='grc' dir='ltr'>οὔσης</span> <span class='ocrx_word' id='word_1_394' title='bbox 1565 4320 1632 4370; x_wconf 77' lang='grc' dir='ltr'><strong><em>ἐν</em></strong></span> <span class='ocrx_word' id='word_1_395' title='bbox 1658 4318 1736 4383; x_wconf 84' lang='grc' dir='ltr'>τῷ</span> 
     </span>
    </p>
   </div>
   <div class='ocr_carea' id='block_1_50' title="bbox 180 4393 1735 4465">
    <p class='ocr_par' dir='ltr' id='par_1_50' title="bbox 180 4393 1735 4465">
     <span class='ocr_line' id='line_1_50' title="bbox 180 4393 1735 4465; baseline 0.003 -16"><span class='ocrx_word' id='word_1_396' title='bbox 180 4395 437 4460; x_wconf 79' lang='grc' dir='ltr'>στόματι</span> <span class='ocrx_word' id='word_1_397' title='bbox 462 4393 675 4455; x_wconf 75' lang='grc' dir='ltr'>αὐτῶν,</span> <span class='ocrx_word' id='word_1_398' title='bbox 709 4394 805 4449; x_wconf 75' lang='grc' dir='ltr'>καὶ</span> <span class='ocrx_word' id='word_1_399' title='bbox 830 4396 971 4462; x_wconf 75' lang='grc' dir='ltr'>ὀργὴ</span> <span class='ocrx_word' id='word_1_400' title='bbox 995 4397 1096 4450; x_wconf 83' lang='grc' dir='ltr'>τοῦ</span> <span class='ocrx_word' id='word_1_401' title='bbox 1129 4397 1273 4450; x_wconf 85' lang='grc' dir='ltr'>Θεοῦ</span> <span class='ocrx_word' id='word_1_402' title='bbox 1305 4399 1483 4465; x_wconf 74' lang='grc' dir='ltr'>ἀνέϐη</span> <span class='ocrx_word' id='word_1_403' title='bbox 1520 4400 1610 4451; x_wconf 86' lang='grc' dir='ltr'>ἐπ’</span> <span class='ocrx_word' id='word_1_404' title='bbox 1631 4404 1735 4453; x_wconf 88' lang='grc' dir='ltr'>αὺ-</span> 
     </span>
    </p>
   </div>
   <div class='ocr_carea' id='block_1_51' title="bbox 179 4474 1731 4542">
    <p class='ocr_par' dir='ltr' id='par_1_51' title="bbox 179 4474 1731 4542">
     <span class='ocr_line' id='line_1_51' title="bbox 179 4474 1731 4542; baseline 0.004 -15"><span class='ocrx_word' id='word_1_405' title='bbox 179 4476 370 4538; x_wconf 75' lang='grc' dir='ltr'>τούς·</span> <span class='ocrx_word' id='word_1_406' title='bbox 416 4475 512 4526; x_wconf 76' lang='grc' dir='ltr'>καὶ</span> <span class='ocrx_word' id='word_1_407' title='bbox 551 4474 895 4528; x_wconf 79' lang='grc' dir='ltr'>ἀπέκτεινεν</span> <span class='ocrx_word' id='word_1_408' title='bbox 929 4478 997 4529; x_wconf 83' lang='grc' dir='ltr'>ἐν</span> <span class='ocrx_word' id='word_1_409' title='bbox 1047 4478 1168 4542; x_wconf 83' lang='grc' dir='ltr'>τοῖς</span> <span class='ocrx_word' id='word_1_410' title='bbox 1215 4479 1485 4531; x_wconf 73' lang='grc' dir='ltr'>πλείοσιν</span> <span class='ocrx_word' id='word_1_411' title='bbox 1520 4480 1731 4533; x_wconf 80' lang='grc' dir='ltr'>αὐτῶν.</span> 
     </span>
    </p>
   </div>
   <div class='ocr_carea' id='block_1_52' title="bbox 196 4551 1736 4629">
    <p class='ocr_par' dir='ltr' id='par_1_52' title="bbox 196 4551 1736 4629">
     <span class='ocr_line' id='line_1_52' title="bbox 196 4551 1736 4629; baseline 0.003 -22"><span class='ocrx_word' id='word_1_412' title='bbox 196 4556 434 4625; x_wconf 81' lang='grc' dir='ltr'>Ἐκλήθη</span> <span class='ocrx_word' id='word_1_413' title='bbox 460 4557 515 4609; x_wconf 82' lang='grc' dir='ltr'>δὲ</span> <span class='ocrx_word' id='word_1_414' title='bbox 549 4559 577 4609; x_wconf 90' lang='lat'>6</span> <span class='ocrx_word' id='word_1_415' title='bbox 604 4557 763 4619; x_wconf 85' lang='grc' dir='ltr'>τόπος</span> <span class='ocrx_word' id='word_1_416' title='bbox 790 4551 942 4620; x_wconf 73' lang='grc' dir='ltr'>οὗτος</span> <span class='ocrx_word' id='word_1_417' title='bbox 981 4560 1230 4628; x_wconf 88' lang='grc' dir='ltr'>μνήματα</span> <span class='ocrx_word' id='word_1_418' title='bbox 1258 4560 1561 4629; x_wconf 72' lang='grc' dir='ltr'>ἐπιθυμίας.</span> <span class='ocrx_word' id='word_1_419' title='bbox 1605 4562 1736 4612; x_wconf 85' lang='grc' dir='ltr'>Τότε</span> 
     </span>
    </p>
   </div>
   <div class='ocr_carea' id='block_1_53' title="bbox 179 4637 1736 4708">
    <p class='ocr_par' dir='ltr' id='par_1_53' title="bbox 179 4637 1736 4708">
     <span class='ocr_line' id='line_1_53' title="bbox 179 4637 1736 4708; baseline 0.001 -16"><span class='ocrx_word' id='word_1_420' title='bbox 179 4637 520 4705; x_wconf 79' lang='grc' dir='ltr'>κατελάλησε</span> <span class='ocrx_word' id='word_1_421' title='bbox 548 4638 627 4707; x_wconf 84' lang='grc' dir='ltr'>τῷ</span> <span class='ocrx_word' id='word_1_422' title='bbox 652 4640 871 4691; x_wconf 80' lang='grc' dir='ltr'>Μωῦσεῖ</span> <span class='ocrx_word' id='word_1_423' title='bbox 896 4640 1080 4708; x_wconf 85' lang='grc' dir='ltr'>Μαρία</span> <span class='ocrx_word' id='word_1_424' title='bbox 1102 4682 1117 4701; x_wconf 91' lang='grc'>,</span> <span class='ocrx_word' id='word_1_425' title='bbox 1146 4641 1368 4707; x_wconf 81' lang='grc' dir='ltr'>λέγουσα</span> <span class='ocrx_word' id='word_1_426' title='bbox 1386 4658 1398 4671; x_wconf 90' lang='grc'>·</span> <span class='ocrx_word' id='word_1_427' title='bbox 1440 4640 1536 4708; x_wconf 78' lang='grc' dir='ltr'>Μὴ</span> <span class='ocrx_word' id='word_1_428' title='bbox 1580 4642 1736 4705; x_wconf 84' lang='grc' dir='ltr'>αὐτῷ</span> 
     </span>
    </p>
   </div>
   <div class='ocr_carea' id='block_1_54' title="bbox 170 4718 1736 4789">
    <p class='ocr_par' dir='ltr' id='par_1_54' title="bbox 170 4718 1736 4789">
     <span class='ocr_line' id='line_1_54' title="bbox 170 4718 1736 4789; baseline 0 -17"><span class='ocrx_word' id='word_1_429' title='bbox 170 4719 353 4787; x_wconf 76' lang='grc' dir='ltr'>μόνῳ</span> <span class='ocrx_word' id='word_1_430' title='bbox 376 4718 673 4783; x_wconf 72' lang='grc' dir='ltr'>ἐλάλησεν</span> <span class='ocrx_word' id='word_1_431' title='bbox 696 4723 728 4771; x_wconf 84' lang='grc' dir='ltr'>ό</span> <span class='ocrx_word' id='word_1_432' title='bbox 754 4721 893 4784; x_wconf 86' lang='grc' dir='ltr'>Θεός</span> <span class='ocrx_word' id='word_1_433' title='bbox 914 4739 933 4784; x_wconf 86' lang='grc'><em>;</em></span> <span class='ocrx_word' id='word_1_434' title='bbox 964 4722 1145 4774; x_wconf 76' lang='grc' dir='ltr'>Εἰπὼν</span> <span class='ocrx_word' id='word_1_435' title='bbox 1177 4722 1233 4773; x_wconf 87' lang='grc' dir='ltr'>δὲ</span> <span class='ocrx_word' id='word_1_436' title='bbox 1263 4723 1291 4772; x_wconf 93' lang='lat'>6</span> <span class='ocrx_word' id='word_1_437' title='bbox 1315 4722 1464 4783; x_wconf 84' lang='grc' dir='ltr'>Θεὸς,</span> <span class='ocrx_word' id='word_1_438' title='bbox 1494 4723 1572 4773; x_wconf 85' lang='grc' dir='ltr'>ὅτι</span> <span class='ocrx_word' id='word_1_439' title='bbox 1593 4721 1736 4789; x_wconf 82' lang='grc' dir='ltr'>αὐτῷ</span> 
     </span>
    </p>
   </div>
   <div class='ocr_carea' id='block_1_55' title="bbox 183 4800 1736 4873">
    <p class='ocr_par' dir='ltr' id='par_1_55' title="bbox 183 4800 1736 4873">
     <span class='ocr_line' id='line_1_55' title="bbox 183 4800 1736 4873; baseline 0.002 -22"><span class='ocrx_word' id='word_1_440' title='bbox 183 4800 341 4869; x_wconf 81' lang='grc' dir='ltr'>μόνῳ</span> <span class='ocrx_word' id='word_1_441' title='bbox 374 4801 658 4869; x_wconf 83' lang='grc' dir='ltr'>προφητῶν</span> <span class='ocrx_word' id='word_1_442' title='bbox 702 4801 955 4869; x_wconf 72' lang='grc' dir='ltr'>ἐλάλησεν</span> <span class='ocrx_word' id='word_1_443' title='bbox 990 4802 1190 4863; x_wconf 79' lang='grc' dir='ltr'>οὕτως.</span> <span class='ocrx_word' id='word_1_444' title='bbox 1225 4803 1484 4855; x_wconf 72' lang='grc' dir='ltr'>ἐπέϐαλεν</span> <span class='ocrx_word' id='word_1_445' title='bbox 1517 4803 1609 4854; x_wconf 76' lang='grc' dir='ltr'>ἐπὶ</span> <span class='ocrx_word' id='word_1_446' title='bbox 1640 4804 1736 4873; x_wconf 83' lang='grc' dir='ltr'>τὴν</span> 
     </span>
    </p>
   </div>
   <div class='ocr_carea' id='block_1_56' title="bbox 179 4878 1731 4954">
    <p class='ocr_par' dir='ltr' id='par_1_56' title="bbox 179 4878 1731 4954">
     <span class='ocr_line' id='line_1_56' title="bbox 179 4878 1731 4954; baseline 0.003 -21"><span class='ocrx_word' id='word_1_447' title='bbox 179 4878 423 4950; x_wconf 75' lang='grc' dir='ltr'>Μαριὰμ</span> <span class='ocrx_word' id='word_1_448' title='bbox 441 4880 662 4951; x_wconf 87' lang='grc' dir='ltr'>λέπραν,</span> <span class='ocrx_word' id='word_1_449' title='bbox 685 4882 776 4934; x_wconf 70' lang='grc' dir='ltr'>καὶ</span> <span class='ocrx_word' id='word_1_450' title='bbox 799 4883 1069 4945; x_wconf 87' lang='grc' dir='ltr'>Μωῦσέως</span> <span class='ocrx_word' id='word_1_451' title='bbox 1090 4883 1362 4951; x_wconf 88' lang='grc' dir='ltr'>δεηθέντος</span> <span class='ocrx_word' id='word_1_452' title='bbox 1385 4885 1521 4953; x_wconf 85' lang='grc' dir='ltr'>ὑπὲρ</span> <span class='ocrx_word' id='word_1_453' title='bbox 1544 4885 1731 4954; x_wconf 85' lang='grc' dir='ltr'>αὐτῆς,</span> 
     </span>
    </p>
   </div>
   <div class='ocr_carea' id='block_1_57' title="bbox 177 4962 1734 5033">
    <p class='ocr_par' dir='ltr' id='par_1_57' title="bbox 177 4962 1734 5033">
     <span class='ocr_line' id='line_1_57' title="bbox 177 4962 1734 5033; baseline 0.002 -20"><span class='ocrx_word' id='word_1_454' title='bbox 177 4962 248 5014; x_wconf 77' lang='grc' dir='ltr'>οὐ</span> <span class='ocrx_word' id='word_1_455' title='bbox 281 4962 538 5029; x_wconf 77' lang='grc' dir='ltr'>πρότερον</span> <span class='ocrx_word' id='word_1_456' title='bbox 559 4962 723 5031; x_wconf 76' lang='grc' dir='ltr'>αὐτὴν</span> <span class='ocrx_word' id='word_1_457' title='bbox 738 4963 911 5031; x_wconf 82' lang='grc' dir='ltr'>ἀφῆκε</span> <span class='ocrx_word' id='word_1_458' title='bbox 932 4963 1066 5017; x_wconf 84' lang='grc' dir='ltr'>καθα</span> <span class='ocrx_word' id='word_1_459' title='bbox 1076 4963 1338 5033; x_wconf 85' lang='grc' dir='ltr'>ρισθῆναι,</span> <span class='ocrx_word' id='word_1_460' title='bbox 1367 4965 1467 5026; x_wconf 79' lang='grc' dir='ltr'>ἓως</span> <span class='ocrx_word' id='word_1_461' title='bbox 1487 4966 1734 5032; x_wconf 77' lang='grc' dir='ltr'>ἐποίησεν</span> 
     </span>
    </p>
   </div>
   <div class='ocr_carea' id='block_1_58' title="bbox 180 5042 1736 5115">
    <p class='ocr_par' dir='ltr' id='par_1_58' title="bbox 180 5042 1736 5115">
     <span class='ocr_line' id='line_1_58' title="bbox 180 5042 1736 5115; baseline 0.004 -22"><span class='ocrx_word' id='word_1_462' title='bbox 180 5042 333 5093; x_wconf 76' lang='grc' dir='ltr'>ἑπτὰ</span> <span class='ocrx_word' id='word_1_463' title='bbox 364 5042 565 5111; x_wconf 83' lang='grc' dir='ltr'>ἡμέρας</span> <span class='ocrx_word' id='word_1_464' title='bbox 593 5042 694 5106; x_wconf 78' lang='grc' dir='ltr'>ἔξω</span> <span class='ocrx_word' id='word_1_465' title='bbox 707 5045 802 5113; x_wconf 85' lang='grc' dir='ltr'>τῆς</span> <span class='ocrx_word' id='word_1_466' title='bbox 825 5046 1189 5114; x_wconf 82' lang='grc' dir='ltr'>παρεμϐολῆς.</span> <span class='ocrx_word' id='word_1_467' title='bbox 1210 5046 1419 5115; x_wconf 78' lang='grc' dir='ltr'>Πέμπει</span> <span class='ocrx_word' id='word_1_468' title='bbox 1443 5046 1569 5113; x_wconf 90' lang='grc' dir='ltr'>γοῦν</span> <span class='ocrx_word' id='word_1_469' title='bbox 1588 5064 1736 5108; x_wconf 89' lang='grc' dir='ltr'>τινας</span> 
     </span>
    </p>
   </div>
   <div class='ocr_carea' id='block_1_59' title="bbox 181 5124 1736 5198">
    <p class='ocr_par' dir='ltr' id='par_1_59' title="bbox 181 5124 1736 5198">
     <span class='ocr_line' id='line_1_59' title="bbox 181 5124 1736 5198; baseline 0.003 -21"><span class='ocrx_word' id='word_1_470' title='bbox 181 5129 254 5177; x_wconf 71' lang='grc' dir='ltr'>ἐκ</span> <span class='ocrx_word' id='word_1_471' title='bbox 285 5125 379 5177; x_wconf 88' lang='grc' dir='ltr'>τοῦ</span> <span class='ocrx_word' id='word_1_472' title='bbox 415 5124 539 5176; x_wconf 86' lang='grc' dir='ltr'>λαοῦ</span> <span class='ocrx_word' id='word_1_473' title='bbox 582 5128 1016 5195; x_wconf 79' lang='grc' dir='ltr'>κατασκέψασθαι</span> <span class='ocrx_word' id='word_1_474' title='bbox 1059 5130 1154 5198; x_wconf 78' lang='grc' dir='ltr'>τὴν</span> <span class='ocrx_word' id='word_1_475' title='bbox 1200 5131 1299 5197; x_wconf 86' lang='grc' dir='ltr'>γῆν</span> <span class='ocrx_word' id='word_1_476' title='bbox 1341 5131 1573 5183; x_wconf 82' lang='grc' dir='ltr'>Χαναὰν.</span> <span class='ocrx_word' id='word_1_477' title='bbox 1629 5134 1736 5183; x_wconf 81' lang='lat' dir='ltr'>Kal</span> 
     </span>
    </p>
   </div>
   <div class='ocr_carea' id='block_1_60' title="bbox 181 5216 1735 5289">
    <p class='ocr_par' dir='ltr' id='par_1_60' title="bbox 181 5216 1735 5289">
     <span class='ocr_line' id='line_1_60' title="bbox 181 5216 1735 5289; baseline 0.003 -20"><span class='ocrx_word' id='word_1_478' title='bbox 181 5216 687 5285; x_wconf 78' lang='grc' dir='ltr'>κατασκεψάμενοι,</span> <span class='ocrx_word' id='word_1_479' title='bbox 730 5219 919 5288; x_wconf 85' lang='grc' dir='ltr'>βότρυν</span> <span class='ocrx_word' id='word_1_480' title='bbox 951 5220 1181 5289; x_wconf 74' lang='grc' dir='ltr'>ἧνεγκαν</span> <span class='ocrx_word' id='word_1_481' title='bbox 1225 5222 1462 5285; x_wconf 79' lang='grc' dir='ltr'>ἐκεῖθεν,</span> <span class='ocrx_word' id='word_1_482' title='bbox 1508 5224 1599 5273; x_wconf 73' lang='grc' dir='ltr'>καὶ</span> <span class='ocrx_word' id='word_1_483' title='bbox 1639 5222 1735 5289; x_wconf 79' lang='grc' dir='ltr'>τὴν</span> 
     </span>
    </p>
   </div>
   <div class='ocr_carea' id='block_1_61' title="bbox 248 5411 1733 5489">
    <p class='ocr_par' dir='ltr' id='par_1_61' title="bbox 248 5411 1733 5489">
     <span class='ocr_line' id='line_1_61' title="bbox 248 5411 1733 5489; baseline 0.005 -29"><span class='ocrx_word' id='word_1_484' title='bbox 248 5413 274 5489; x_wconf 53' lang='grc' dir='ltr'>ς</span> <span class='ocrx_word' id='word_1_485' title='bbox 286 5411 353 5489; x_wconf 50' lang='grc' dir='ltr'>[Β</span> <span class='ocrx_word' id='word_1_486' title='bbox 368 5412 738 5489; x_wconf 17' lang='grc' dir='ltr'>ξίὶιιίὶεῗϐτξεςίε</span> <span class='ocrx_word' id='word_1_487' title='bbox 757 5417 949 5489; x_wconf 41' lang='lat' dir='ltr'>lggitnu’g</span> <span class='ocrx_word' id='word_1_488' title='bbox 1149 5422 1201 5465; x_wconf 72' lang='lat' dir='ltr'><strong>et</strong></span> <span class='ocrx_word' id='word_1_489' title='bbox 1222 5420 1268 5466; x_wconf 84' lang='lat' dir='ltr'><strong>in</strong></span> <span class='ocrx_word' id='word_1_490' title='bbox 1290 5418 1511 5466; x_wconf 67' lang='lat' dir='ltr'>Hebraeo.</span> <span class='ocrx_word' id='word_1_491' title='bbox 1539 5418 1733 5480; x_wconf 85' lang='lat' dir='ltr'>Lugdu-</span> 
     </span>
    </p>
   </div>
   <div class='ocr_carea' id='block_1_62' title="bbox 179 5476 1733 5602">
    <p class='ocr_par' dir='ltr' id='par_1_62' title="bbox 179 5476 1733 5602">
     <span class='ocr_line' id='line_1_62' title="bbox 179 5476 1636 5579; baseline 0.004 -58"><span class='ocrx_word' id='word_1_492' title='bbox 179 5476 355 5570; x_wconf 56' lang='lat' dir='ltr'>necsis</span> <span class='ocrx_word' id='word_1_493' title='bbox 371 5486 563 5579; x_wconf 59' lang='grc' dir='ltr'>Ἧιοηυο</span> <span class='ocrx_word' id='word_1_494' title='bbox 597 5476 747 5546; x_wconf 66' lang='grc' dir='ltr'>τοίίρί</span> <span class='ocrx_word' id='word_1_495' title='bbox 782 5476 949 5547; x_wconf 64' lang='grc' dir='ltr'>Ἰωβάϐ</span> <span class='ocrx_word' id='word_1_496' title='bbox 971 5478 1131 5524; x_wconf 75' lang='lat' dir='ltr'>habet.</span> <span class='ocrx_word' id='word_1_497' title='bbox 1614 5476 1636 5480; x_wconf 65' lang='grc'><em>”</em></span> 
     </span>
     <span class='ocr_line' id='line_1_63' title="bbox 179 5531 1733 5602; baseline 0.005 -24"><span class='ocrx_word' id='word_1_498' title='bbox 179 5597 198 5602; x_wconf 75' lang='lat'><strong><em>_</em></strong></span> <span class='ocrx_word' id='word_1_499' title='bbox 286 5531 360 5602; x_wconf 49' lang='grc' dir='ltr'>μζ</span> <span class='ocrx_word' id='word_1_500' title='bbox 420 5533 766 5602; x_wconf 46' lang='grc' dir='ltr'>Ιίξιιισβΐωςιί</span> <span class='ocrx_word' id='word_1_501' title='bbox 778 5540 953 5602; x_wconf 69' lang='lat' dir='ltr'>legung</span> <span class='ocrx_word' id='word_1_502' title='bbox 977 5539 1054 5584; x_wconf 86' lang='grc' dir='ltr'>καὶ</span> <span class='ocrx_word' id='word_1_503' title='bbox 1092 5539 1151 5602; x_wconf 67' lang='grc' dir='ltr'>τά</span> <span class='ocrx_word' id='word_1_504' title='bbox 1171 5538 1387 5602; x_wconf 63' lang='grc' dir='ltr'>κρόμμυα</span> <span class='ocrx_word' id='word_1_505' title='bbox 1416 5540 1493 5584; x_wconf 78' lang='grc' dir='ltr'>καὶ</span> <span class='ocrx_word' id='word_1_506' title='bbox 1514 5540 1571 5585; x_wconf 84' lang='grc' dir='ltr'>τὰ</span> <span class='ocrx_word' id='word_1_507' title='bbox 1592 5540 1733 5599; x_wconf 77' lang='grc' dir='ltr'>σκόρ-</span> 
     </span>
    </p>
   </div>
   <div class='ocr_carea' id='block_1_63' title="bbox 174 5583 1733 5667">
    <p class='ocr_par' dir='ltr' id='par_1_63' title="bbox 174 5583 1733 5667">
     <span class='ocr_line' id='line_1_64' title="bbox 174 5583 1733 5667; baseline 0.003 -24"><span class='ocrx_word' id='word_1_508' title='bbox 174 5597 267 5667; x_wconf 41' lang='grc' dir='ltr'>δαπ</span> <span class='ocrx_word' id='word_1_509' title='bbox 286 5591 434 5667; x_wconf 64' lang='lat' dir='ltr'>Lipro</span> <span class='ocrx_word' id='word_1_510' title='bbox 455 5594 605 5667; x_wconf 54' lang='grc' dir='ltr'>ιρι-[ιο</span> <span class='ocrx_word' id='word_1_511' title='bbox 642 5598 698 5643; x_wconf 84' lang='lat' dir='ltr'><strong><em>ad</em></strong></span> <span class='ocrx_word' id='word_1_512' title='bbox 738 5583 993 5658; x_wconf 56' lang='lat' dir='ltr'>Stagirium</span> <span class='ocrx_word' id='word_1_513' title='bbox 1023 5604 1055 5645; x_wconf 89' lang='grc' dir='ltr'>ι.</span> <span class='ocrx_word' id='word_1_514' title='bbox 1090 5583 1132 5657; x_wconf 78' lang='grc'>1,</span> <span class='ocrx_word' id='word_1_515' title='bbox 1152 5583 1345 5659; x_wconf 52' lang='grc' dir='ltr'>ιη’ἳθθ,</span> <span class='ocrx_word' id='word_1_516' title='bbox 1373 5583 1568 5659; x_wconf 47' lang='grc' dir='ltr'>Ιοειιυιί</span> <span class='ocrx_word' id='word_1_517' title='bbox 1590 5583 1733 5648; x_wconf 61' lang='grc' dir='ltr'>οίίξιῖη</span> 
     </span>
    </p>
   </div>
   <div class='ocr_carea' id='block_1_64' title="bbox 174 5653 601 5716">
    <p class='ocr_par' dir='ltr' id='par_1_64' title="bbox 174 5653 601 5716">
     <span class='ocr_line' id='line_1_65' title="bbox 174 5653 601 5716; baseline -0.002 -14"><span class='ocrx_word' id='word_1_518' title='bbox 174 5653 410 5716; x_wconf 71' lang='grc' dir='ltr'>σκόροδα,</span> <span class='ocrx_word' id='word_1_519' title='bbox 435 5659 487 5702; x_wconf 84' lang='lat' dir='ltr'><strong><em>ul</em></strong></span> <span class='ocrx_word' id='word_1_520' title='bbox 504 5653 601 5702; x_wconf 81' lang='lat' dir='ltr'>hic.</span> 
     </span>
    </p>
   </div>
   <div class='ocr_carea' id='block_1_65' title="bbox 1248 402 2321 461">
    <p class='ocr_par' dir='ltr' id='par_1_65' title="bbox 1248 402 2321 461">
     <span class='ocr_line' id='line_1_66' title="bbox 1248 402 2321 461; baseline 0.001 -2"><span class='ocrx_word' id='word_1_521' title='bbox 1248 404 1571 459; x_wconf 76' lang='lat' dir='ltr'>SYNOPSIS</span> <span class='ocrx_word' id='word_1_522' title='bbox 1610 402 2017 459; x_wconf 67' lang='lat' dir='ltr'>SCRIPTURIE</span> <span class='ocrx_word' id='word_1_523' title='bbox 2056 403 2321 461; x_wconf 61' lang='lat' dir='ltr'>SACRAﬁ.</span> 
     </span>
    </p>
   </div>
   <div class='ocr_carea' id='block_1_66' title="bbox 3299 431 3408 483">
    <p class='ocr_par' dir='ltr' id='par_1_66' title="bbox 3299 431 3408 483">
     <span class='ocr_line' id='line_1_67' title="bbox 3299 431 3408 483; baseline -0.009 0"><span class='ocrx_word' id='word_1_524' title='bbox 3299 431 3408 483; x_wconf 82' lang='lat'>332</span> 
     </span>
    </p>
   </div>
   <div class='ocr_carea' id='block_1_67' title="bbox 1859 513 3392 585">
    <p class='ocr_par' dir='ltr' id='par_1_67' title="bbox 1859 513 3392 585">
     <span class='ocr_line' id='line_1_68' title="bbox 1859 513 3392 585; baseline -0.01 -16"><span class='ocrx_word' id='word_1_525' title='bbox 1859 516 1960 585; x_wconf 86' lang='grc' dir='ltr'>γῆν</span> <span class='ocrx_word' id='word_1_526' title='bbox 1988 516 2351 585; x_wconf 69' lang='grc' dir='ltr'>ὲθαύμαζονθ.</span> <span class='ocrx_word' id='word_1_527' title='bbox 2395 517 2703 583; x_wconf 83' lang='grc' dir='ltr'>Ἑφοϐοῦντο</span> <span class='ocrx_word' id='word_1_528' title='bbox 2731 516 2837 585; x_wconf 80' lang='grc' dir='ltr'>γὰρ</span> <span class='ocrx_word' id='word_1_529' title='bbox 2873 515 2960 567; x_wconf 87' lang='grc' dir='ltr'>τὸν</span> <span class='ocrx_word' id='word_1_530' title='bbox 3002 514 3154 574; x_wconf 85' lang='grc' dir='ltr'>λαὸν,</span> <span class='ocrx_word' id='word_1_531' title='bbox 3185 513 3259 574; x_wconf 84' lang='grc' dir='ltr'>ὡς</span> <span class='ocrx_word' id='word_1_532' title='bbox 3289 530 3392 581; x_wconf 76' lang='grc' dir='ltr'>μα-</span> 
     </span>
    </p>
   </div>
   <div class='ocr_carea' id='block_1_68' title="bbox 1854 593 3390 665">
    <p class='ocr_par' dir='ltr' id='par_1_68' title="bbox 1854 593 3390 665">
     <span class='ocr_line' id='line_1_69' title="bbox 1854 593 3390 665; baseline -0.001 -20"><span class='ocrx_word' id='word_1_533' title='bbox 1854 597 2024 664; x_wconf 88' lang='grc' dir='ltr'>χίμων</span> <span class='ocrx_word' id='word_1_534' title='bbox 2051 598 2215 652; x_wconf 72' lang='grc' dir='ltr'>ὄντων</span> <span class='ocrx_word' id='word_1_535' title='bbox 2242 598 2347 648; x_wconf 87' lang='grc' dir='ltr'>τῶν</span> <span class='ocrx_word' id='word_1_536' title='bbox 2372 598 2485 648; x_wconf 78' lang='grc' dir='ltr'>ἐκεῖ</span> <span class='ocrx_word' id='word_1_537' title='bbox 2519 597 2742 665; x_wconf 88' lang='grc' dir='ltr'>ἀνδρῶν.</span> <span class='ocrx_word' id='word_1_538' title='bbox 2775 595 2949 647; x_wconf 80' lang='grc' dir='ltr'>Χαλὲϐ</span> <span class='ocrx_word' id='word_1_539' title='bbox 2968 594 3021 646; x_wconf 82' lang='grc' dir='ltr'>δὲ</span> <span class='ocrx_word' id='word_1_540' title='bbox 3052 596 3079 645; x_wconf 86' lang='grc' dir='ltr'><strong>ὁ</strong></span> <span class='ocrx_word' id='word_1_541' title='bbox 3106 593 3198 644; x_wconf 89' lang='grc' dir='ltr'>τοῦ</span> <span class='ocrx_word' id='word_1_542' title='bbox 3232 594 3390 660; x_wconf 70' lang='grc' dir='ltr'>Ἰεφος</span> 
     </span>
    </p>
   </div>
   <div class='ocr_carea' id='block_1_69' title="bbox 1853 674 3389 745">
    <p class='ocr_par' dir='ltr' id='par_1_69' title="bbox 1853 674 3389 745">
     <span class='ocr_line' id='line_1_70' title="bbox 1853 674 3389 745; baseline -0.001 -19"><span class='ocrx_word' id='word_1_543' title='bbox 1853 679 1959 739; x_wconf 74' lang='grc' dir='ltr'>νεὶ,</span> <span class='ocrx_word' id='word_1_544' title='bbox 1986 678 2073 729; x_wconf 72' lang='grc' dir='ltr'>καὶ</span> <span class='ocrx_word' id='word_1_545' title='bbox 2112 676 2311 745; x_wconf 81' lang='grc' dir='ltr'>Ἰησοῦς</span> <span class='ocrx_word' id='word_1_546' title='bbox 2343 679 2371 729; x_wconf 90' lang='lat'>6</span> <span class='ocrx_word' id='word_1_547' title='bbox 2397 676 2487 728; x_wconf 89' lang='grc' dir='ltr'>τοῦ</span> <span class='ocrx_word' id='word_1_548' title='bbox 2517 678 2689 745; x_wconf 85' lang='grc' dir='ltr'>Ναυῆ,</span> <span class='ocrx_word' id='word_1_549' title='bbox 2721 678 2809 729; x_wconf 78' lang='grc' dir='ltr'>καὶ</span> <span class='ocrx_word' id='word_1_550' title='bbox 2837 677 2985 729; x_wconf 75' lang='grc' dir='ltr'>αὐτοὶ</span> <span class='ocrx_word' id='word_1_551' title='bbox 3014 677 3076 727; x_wconf 81' lang='grc' dir='ltr'>ἐκ</span> <span class='ocrx_word' id='word_1_552' title='bbox 3099 674 3203 725; x_wconf 82' lang='grc' dir='ltr'>τῶν</span> <span class='ocrx_word' id='word_1_553' title='bbox 3228 690 3389 725; x_wconf 84' lang='grc' dir='ltr'>κατα-</span> 
     </span>
    </p>
   </div>
   <div class='ocr_carea' id='block_1_70' title="bbox 1856 750 3390 826">
    <p class='ocr_par' dir='ltr' id='par_1_70' title="bbox 1856 750 3390 826">
     <span class='ocr_line' id='line_1_71' title="bbox 1856 750 3390 826; baseline -0.003 -18"><span class='ocrx_word' id='word_1_554' title='bbox 1856 759 2070 809; x_wconf 85' lang='grc' dir='ltr'>σκόπων</span> <span class='ocrx_word' id='word_1_555' title='bbox 2098 758 2278 822; x_wconf 80' lang='grc' dir='ltr'>ὄντες,</span> <span class='ocrx_word' id='word_1_556' title='bbox 2314 758 2713 826; x_wconf 81' lang='grc' dir='ltr'>παρεθάρρυνον</span> <span class='ocrx_word' id='word_1_557' title='bbox 2747 757 2835 808; x_wconf 91' lang='grc' dir='ltr'>τὸν</span> <span class='ocrx_word' id='word_1_558' title='bbox 2870 756 3011 810; x_wconf 81' lang='grc' dir='ltr'>λαόν.</span> <span class='ocrx_word' id='word_1_559' title='bbox 3048 756 3108 807; x_wconf 87' lang='grc' dir='ltr'>Οί</span> <span class='ocrx_word' id='word_1_560' title='bbox 3138 755 3194 806; x_wconf 84' lang='grc' dir='ltr'>δὲ</span> <span class='ocrx_word' id='word_1_561' title='bbox 3231 750 3390 822; x_wconf 77' lang='grc' dir='ltr'>ἦλθον</span> 
     </span>
    </p>
   </div>
   <div class='ocr_carea' id='block_1_71' title="bbox 1853 831 3387 908">
    <p class='ocr_par' dir='ltr' id='par_1_71' title="bbox 1853 831 3387 908">
     <span class='ocr_line' id='line_1_72' title="bbox 1853 831 3387 908; baseline -0.001 -20"><span class='ocrx_word' id='word_1_562' title='bbox 1853 837 2184 908; x_wconf 84' lang='grc' dir='ltr'>λιθοϐολῆσαι</span> <span class='ocrx_word' id='word_1_563' title='bbox 2239 839 2446 901; x_wconf 82' lang='grc' dir='ltr'>αὐτούς’</span> <span class='ocrx_word' id='word_1_564' title='bbox 2474 840 2500 891; x_wconf 90' lang='lat'>6</span> <span class='ocrx_word' id='word_1_565' title='bbox 2547 838 2601 888; x_wconf 83' lang='grc' dir='ltr'>δὲ</span> <span class='ocrx_word' id='word_1_566' title='bbox 2650 838 2779 899; x_wconf 88' lang='grc' dir='ltr'>Θεὸς</span> <span class='ocrx_word' id='word_1_567' title='bbox 2824 837 3089 907; x_wconf 74' lang='grc' dir='ltr'>ὀργισθεὶς</span> <span class='ocrx_word' id='word_1_568' title='bbox 3140 831 3257 889; x_wconf 79' lang='grc' dir='ltr'>εἷπε</span> <span class='ocrx_word' id='word_1_569' title='bbox 3312 835 3387 903; x_wconf 80' lang='grc' dir='ltr'>μὴ</span> 
     </span>
    </p>
   </div>
   <div class='ocr_carea' id='block_1_72' title="bbox 1853 917 3387 985">
    <p class='ocr_par' dir='ltr' id='par_1_72' title="bbox 1853 917 3387 985">
     <span class='ocr_line' id='line_1_73' title="bbox 1853 917 3387 985; baseline -0.003 -16"><span class='ocrx_word' id='word_1_570' title='bbox 1853 918 2087 971; x_wconf 84' lang='grc' dir='ltr'>ἀνελθεῖν</span> <span class='ocrx_word' id='word_1_571' title='bbox 2111 920 2136 958; x_wconf 74' lang='grc' dir='ltr'>τι</span> <span class='ocrx_word' id='word_1_572' title='bbox 2166 919 2286 981; x_wconf 81' lang='grc' dir='ltr'>τοὺς</span> <span class='ocrx_word' id='word_1_573' title='bbox 2318 919 2682 985; x_wconf 85' lang='grc' dir='ltr'>γογγύσαντας</span> <span class='ocrx_word' id='word_1_574' title='bbox 2705 921 2780 979; x_wconf 84' lang='grc' dir='ltr'>είς</span> <span class='ocrx_word' id='word_1_575' title='bbox 2806 918 2901 985; x_wconf 83' lang='grc' dir='ltr'>τὴν</span> <span class='ocrx_word' id='word_1_576' title='bbox 2929 917 3028 984; x_wconf 84' lang='grc' dir='ltr'>γῆν</span> <span class='ocrx_word' id='word_1_577' title='bbox 3048 917 3143 983; x_wconf 87' lang='grc' dir='ltr'>τῆς</span> <span class='ocrx_word' id='word_1_578' title='bbox 3164 917 3387 980; x_wconf 78' lang='grc' dir='ltr'>ἐπαγγε-</span> 
     </span>
    </p>
   </div>
   <div class='ocr_carea' id='block_1_73' title="bbox 1851 996 3381 1068">
    <p class='ocr_par' dir='ltr' id='par_1_73' title="bbox 1851 996 3381 1068">
     <span class='ocr_line' id='line_1_74' title="bbox 1851 996 3381 1068; baseline -0.002 -19"><span class='ocrx_word' id='word_1_579' title='bbox 1851 998 2049 1063; x_wconf 85' lang='grc' dir='ltr'>λίας,εί</span> <span class='ocrx_word' id='word_1_580' title='bbox 2092 1000 2163 1068; x_wconf 81' lang='grc' dir='ltr'>μὴ</span> <span class='ocrx_word' id='word_1_581' title='bbox 2189 1000 2253 1051; x_wconf 75' lang='grc' dir='ltr'>τὰ</span> <span class='ocrx_word' id='word_1_582' title='bbox 2278 1001 2435 1052; x_wconf 81' lang='grc' dir='ltr'>τέκνα</span> <span class='ocrx_word' id='word_1_583' title='bbox 2459 1001 2651 1061; x_wconf 84' lang='grc' dir='ltr'>αὐτῶν,</span> <span class='ocrx_word' id='word_1_584' title='bbox 2676 1002 2765 1051; x_wconf 75' lang='grc' dir='ltr'>καὶ</span> <span class='ocrx_word' id='word_1_585' title='bbox 2795 998 2967 1052; x_wconf 82' lang='grc' dir='ltr'>Χαλὲϐ</span> <span class='ocrx_word' id='word_1_586' title='bbox 3005 997 3114 1047; x_wconf 87' lang='grc' dir='ltr'>υίὸν</span> <span class='ocrx_word' id='word_1_587' title='bbox 3148 996 3381 1061; x_wconf 75' lang='grc' dir='ltr'>Ἰεφονεὶ,</span> 
     </span>
    </p>
   </div>
   <div class='ocr_carea' id='block_1_74' title="bbox 1852 1076 3385 1149">
    <p class='ocr_par' dir='ltr' id='par_1_74' title="bbox 1852 1076 3385 1149">
     <span class='ocr_line' id='line_1_75' title="bbox 1852 1076 3385 1149; baseline -0.004 -19"><span class='ocrx_word' id='word_1_588' title='bbox 1852 1079 1943 1130; x_wconf 79' lang='lat' dir='ltr'><strong><em>xal</em></strong></span> <span class='ocrx_word' id='word_1_589' title='bbox 1978 1080 2194 1148; x_wconf 86' lang='grc' dir='ltr'>Ἰησοῦν,</span> <span class='ocrx_word' id='word_1_590' title='bbox 2218 1081 2625 1149; x_wconf 84' lang='grc' dir='ltr'>Τεσσαράκοντα</span> <span class='ocrx_word' id='word_1_591' title='bbox 2658 1080 2711 1132; x_wconf 81' lang='grc' dir='ltr'>δὲ</span> <span class='ocrx_word' id='word_1_592' title='bbox 2751 1079 2862 1145; x_wconf 76' lang='grc' dir='ltr'>ἔτη,</span> <span class='ocrx_word' id='word_1_593' title='bbox 2893 1078 3070 1145; x_wconf 72' lang='grc' dir='ltr'>φησὶν,</span> <span class='ocrx_word' id='word_1_594' title='bbox 3103 1076 3307 1129; x_wconf 77' lang='grc' dir='ltr'>ἔσονται</span> <span class='ocrx_word' id='word_1_595' title='bbox 3328 1076 3385 1125; x_wconf 83' lang='grc' dir='ltr'>ὲν</span> 
     </span>
    </p>
   </div>
   <div class='ocr_carea' id='block_1_75' title="bbox 1848 1155 3383 1230">
    <p class='ocr_par' dir='ltr' id='par_1_75' title="bbox 1848 1155 3383 1230">
     <span class='ocr_line' id='line_1_76' title="bbox 1848 1155 3383 1230; baseline -0.01 -11"><span class='ocrx_word' id='word_1_596' title='bbox 1848 1163 1912 1229; x_wconf 80' lang='grc' dir='ltr'>τῇ</span> <span class='ocrx_word' id='word_1_597' title='bbox 1938 1162 2146 1230; x_wconf 77' lang='grc' dir='ltr'>ἐρήμῳ,</span> <span class='ocrx_word' id='word_1_598' title='bbox 2176 1163 2275 1222; x_wconf 77' lang='grc' dir='ltr'>ἕως</span> <span class='ocrx_word' id='word_1_599' title='bbox 2298 1161 2363 1214; x_wconf 83' lang='grc' dir='ltr'>ἂν</span> <span class='ocrx_word' id='word_1_600' title='bbox 2402 1162 2602 1229; x_wconf 84' lang='grc' dir='ltr'>αὐξηθῇ</span> <span class='ocrx_word' id='word_1_601' title='bbox 2636 1161 2702 1211; x_wconf 85' lang='grc' dir='ltr'>τά</span> <span class='ocrx_word' id='word_1_602' title='bbox 2745 1159 2959 1221; x_wconf 80' lang='grc' dir='ltr'>παιδία,</span> <span class='ocrx_word' id='word_1_603' title='bbox 2995 1156 3129 1210; x_wconf 87' lang='grc' dir='ltr'>κατὰ</span> <span class='ocrx_word' id='word_1_604' title='bbox 3160 1155 3383 1224; x_wconf 88' lang='grc' dir='ltr'>ἀριθμὸν</span> 
     </span>
    </p>
   </div>
   <div class='ocr_carea' id='block_1_76' title="bbox 1849 1234 3385 1311">
    <p class='ocr_par' dir='ltr' id='par_1_76' title="bbox 1849 1234 3385 1311">
     <span class='ocr_line' id='line_1_77' title="bbox 1849 1234 3385 1311; baseline -0.004 -19"><span class='ocrx_word' id='word_1_605' title='bbox 1849 1242 1953 1293; x_wconf 88' lang='grc' dir='ltr'>τῶν</span> <span class='ocrx_word' id='word_1_606' title='bbox 1982 1242 2217 1311; x_wconf 85' lang='grc' dir='ltr'>ἡμερῶν,</span> <span class='ocrx_word' id='word_1_607' title='bbox 2241 1236 2313 1295; x_wconf 82' lang='grc' dir='ltr'>ὧν</span> <span class='ocrx_word' id='word_1_608' title='bbox 2340 1243 2700 1309; x_wconf 71' lang='grc' dir='ltr'>ὲπεσκέψαντο</span> <span class='ocrx_word' id='word_1_609' title='bbox 2720 1241 2814 1310; x_wconf 86' lang='grc' dir='ltr'>τὴν</span> <span class='ocrx_word' id='word_1_610' title='bbox 2843 1242 2960 1308; x_wconf 83' lang='grc' dir='ltr'>γῆν.</span> <span class='ocrx_word' id='word_1_611' title='bbox 2991 1239 3120 1289; x_wconf 85' lang='grc' dir='ltr'>Τότε</span> <span class='ocrx_word' id='word_1_612' title='bbox 3154 1238 3201 1288; x_wconf 83' lang='grc' dir='ltr'>οἱ</span> <span class='ocrx_word' id='word_1_613' title='bbox 3223 1234 3385 1288; x_wconf 85' lang='grc' dir='ltr'>κατά-</span> 
     </span>
    </p>
   </div>
   <div class='ocr_carea' id='block_1_77' title="bbox 1851 1323 3383 1397">
    <p class='ocr_par' dir='ltr' id='par_1_77' title="bbox 1851 1323 3383 1397">
     <span class='ocr_line' id='line_1_78' title="bbox 1851 1323 3383 1397; baseline -0.003 -18"><span class='ocrx_word' id='word_1_614' title='bbox 1851 1346 2035 1380; x_wconf 88' lang='grc' dir='ltr'>σκοποι</span> <span class='ocrx_word' id='word_1_615' title='bbox 2063 1330 2254 1390; x_wconf 86' lang='grc' dir='ltr'>πάντες</span> <span class='ocrx_word' id='word_1_616' title='bbox 2287 1330 2567 1393; x_wconf 85' lang='grc' dir='ltr'>ἀπέθανον,</span> <span class='ocrx_word' id='word_1_617' title='bbox 2599 1331 2732 1397; x_wconf 82' lang='grc' dir='ltr'>πλὴν</span> <span class='ocrx_word' id='word_1_618' title='bbox 2758 1328 2929 1381; x_wconf 81' lang='grc' dir='ltr'>Χαλὲϐ</span> <span class='ocrx_word' id='word_1_619' title='bbox 2960 1326 3052 1378; x_wconf 77' lang='grc' dir='ltr'>καὶ</span> <span class='ocrx_word' id='word_1_620' title='bbox 3090 1324 3257 1392; x_wconf 80' lang='grc' dir='ltr'>Ἰησοῦ</span> <span class='ocrx_word' id='word_1_621' title='bbox 3290 1323 3383 1374; x_wconf 87' lang='grc' dir='ltr'>τοῦ</span> 
     </span>
    </p>
   </div>
   <div class='ocr_carea' id='block_1_78' title="bbox 1847 1404 3384 1477">
    <p class='ocr_par' dir='ltr' id='par_1_78' title="bbox 1847 1404 3384 1477">
     <span class='ocr_line' id='line_1_79' title="bbox 1847 1404 3384 1477; baseline -0.003 -18"><span class='ocrx_word' id='word_1_622' title='bbox 1847 1409 2021 1477; x_wconf 80' lang='grc' dir='ltr'>Ναυῆ,</span> <span class='ocrx_word' id='word_1_623' title='bbox 2060 1411 2151 1461; x_wconf 74' lang='grc' dir='ltr'>καὶ</span> <span class='ocrx_word' id='word_1_624' title='bbox 2168 1411 2453 1476; x_wconf 83' lang='grc' dir='ltr'>ἐπένθησεν</span> <span class='ocrx_word' id='word_1_625' title='bbox 2475 1413 2500 1461; x_wconf 93' lang='lat'>6</span> <span class='ocrx_word' id='word_1_626' title='bbox 2537 1410 2677 1470; x_wconf 75' lang='grc' dir='ltr'>λαός.</span> <span class='ocrx_word' id='word_1_627' title='bbox 2722 1408 2969 1477; x_wconf 84' lang='grc' dir='ltr'>Ἀνῆλθον</span> <span class='ocrx_word' id='word_1_628' title='bbox 2991 1407 3081 1461; x_wconf 75' lang='grc' dir='ltr'>ἐπὶ</span> <span class='ocrx_word' id='word_1_629' title='bbox 3101 1405 3189 1457; x_wconf 91' lang='grc' dir='ltr'>τὸν</span> <span class='ocrx_word' id='word_1_630' title='bbox 3226 1404 3384 1471; x_wconf 79' lang='grc' dir='ltr'>Ἀμα‹</span> 
     </span>
    </p>
   </div>
   <div class='ocr_carea' id='block_1_79' title="bbox 1846 1484 3381 1560">
    <p class='ocr_par' dir='ltr' id='par_1_79' title="bbox 1846 1484 3381 1560">
     <span class='ocr_line' id='line_1_80' title="bbox 1846 1484 3381 1560; baseline -0.007 -15"><span class='ocrx_word' id='word_1_631' title='bbox 1846 1488 1947 1558; x_wconf 82' lang='grc' dir='ltr'>λὴκ</span> <span class='ocrx_word' id='word_1_632' title='bbox 1971 1491 2117 1560; x_wconf 84' lang='grc' dir='ltr'>παρὰ</span> <span class='ocrx_word' id='word_1_633' title='bbox 2153 1492 2212 1542; x_wconf 91' lang='grc' dir='ltr'>τὸ</span> <span class='ocrx_word' id='word_1_634' title='bbox 2242 1490 2427 1543; x_wconf 85' lang='grc' dir='ltr'>δοκοῦν</span> <span class='ocrx_word' id='word_1_635' title='bbox 2459 1490 2533 1559; x_wconf 88' lang='grc' dir='ltr'>τῷ</span> <span class='ocrx_word' id='word_1_636' title='bbox 2567 1489 2709 1558; x_wconf 85' lang='grc' dir='ltr'>Θεῷ,</span> <span class='ocrx_word' id='word_1_637' title='bbox 2742 1490 2830 1540; x_wconf 74' lang='grc' dir='ltr'>καὶ</span> <span class='ocrx_word' id='word_1_638' title='bbox 2858 1491 2889 1556; x_wconf 83' lang='grc' dir='ltr'>ὴ</span> <span class='ocrx_word' id='word_1_639' title='bbox 2918 1486 3140 1548; x_wconf 81' lang='grc' dir='ltr'>κιϐωτὸς</span> <span class='ocrx_word' id='word_1_640' title='bbox 3166 1484 3381 1551; x_wconf 79' lang='grc' dir='ltr'>ἀνέμειο</span> 
     </span>
    </p>
   </div>
   <div class='ocr_carea' id='block_1_80' title="bbox 1845 1563 3382 1640">
    <p class='ocr_par' dir='ltr' id='par_1_80' title="bbox 1845 1563 3382 1640">
     <span class='ocr_line' id='line_1_81' title="bbox 1845 1563 3382 1640; baseline -0.004 -20"><span class='ocrx_word' id='word_1_641' title='bbox 1845 1587 1933 1621; x_wconf 90' lang='grc' dir='ltr'>νεν</span> <span class='ocrx_word' id='word_1_642' title='bbox 1973 1572 2028 1621; x_wconf 77' lang='grc' dir='ltr'>ὲν</span> <span class='ocrx_word' id='word_1_643' title='bbox 2064 1574 2129 1639; x_wconf 82' lang='grc' dir='ltr'>τῇ</span> <span class='ocrx_word' id='word_1_644' title='bbox 2168 1571 2476 1640; x_wconf 81' lang='grc' dir='ltr'>παρεμϐολῇ</span> <span class='ocrx_word' id='word_1_645' title='bbox 2510 1570 2646 1639; x_wconf 84' lang='grc' dir='ltr'>μετὰ</span> <span class='ocrx_word' id='word_1_646' title='bbox 2675 1569 2961 1628; x_wconf 86' lang='grc' dir='ltr'>Μωῡσέως.</span> <span class='ocrx_word' id='word_1_647' title='bbox 3015 1568 3121 1617; x_wconf 83' lang='lat' dir='ltr'>Kal</span> <span class='ocrx_word' id='word_1_648' title='bbox 3164 1563 3382 1632; x_wconf 77' lang='grc' dir='ltr'>ἐξῆλθεν</span> 
     </span>
    </p>
   </div>
   <div class='ocr_carea' id='block_1_81' title="bbox 1857 1642 3381 1718">
    <p class='ocr_par' dir='ltr' id='par_1_81' title="bbox 1857 1642 3381 1718">
     <span class='ocr_line' id='line_1_82' title="bbox 1857 1642 3381 1718; baseline -0.005 -18"><span class='ocrx_word' id='word_1_649' title='bbox 1857 1649 2116 1718; x_wconf 79' lang='grc' dir='ltr'>Ἀμαλὴκ,</span> <span class='ocrx_word' id='word_1_650' title='bbox 2162 1652 2254 1703; x_wconf 72' lang='grc' dir='ltr'>καὶ</span> <span class='ocrx_word' id='word_1_651' title='bbox 2304 1651 2595 1718; x_wconf 72' lang='grc' dir='ltr'>κατέκοψεν</span> <span class='ocrx_word' id='word_1_652' title='bbox 2644 1649 2851 1709; x_wconf 82' lang='grc' dir='ltr'>αὐτούς.</span> <span class='ocrx_word' id='word_1_653' title='bbox 2895 1645 3217 1698; x_wconf 87' lang='grc' dir='ltr'>Ἐντέλλεται</span> <span class='ocrx_word' id='word_1_654' title='bbox 3257 1642 3381 1711; x_wconf 80' lang='grc' dir='ltr'>περὶ</span> 
     </span>
    </p>
   </div>
   <div class='ocr_carea' id='block_1_82' title="bbox 1847 1727 3377 1803">
    <p class='ocr_par' dir='ltr' id='par_1_82' title="bbox 1847 1727 3377 1803">
     <span class='ocr_line' id='line_1_83' title="bbox 1847 1727 3377 1803; baseline -0.007 -18"><span class='ocrx_word' id='word_1_655' title='bbox 1847 1732 1992 1803; x_wconf 71' lang='grc'>[554]</span> <span class='ocrx_word' id='word_1_656' title='bbox 2030 1734 2507 1799; x_wconf 83' lang='grc' dir='ltr'>ὁλοκαυτωμάτων,</span> <span class='ocrx_word' id='word_1_657' title='bbox 2544 1735 2666 1802; x_wconf 78' lang='grc' dir='ltr'>περὶ</span> <span class='ocrx_word' id='word_1_658' title='bbox 2699 1732 2983 1802; x_wconf 81' lang='grc' dir='ltr'>ἀπαρχῶν,</span> <span class='ocrx_word' id='word_1_659' title='bbox 3026 1729 3150 1797; x_wconf 81' lang='grc' dir='ltr'>περὶ</span> <span class='ocrx_word' id='word_1_660' title='bbox 3185 1727 3377 1777; x_wconf 83' lang='grc' dir='ltr'>θυσιῶν</span> 
     </span>
    </p>
   </div>
   <div class='ocr_carea' id='block_1_83' title="bbox 1844 1807 3375 1883">
    <p class='ocr_par' dir='ltr' id='par_1_83' title="bbox 1844 1807 3375 1883">
     <span class='ocr_line' id='line_1_84' title="bbox 1844 1807 3375 1883; baseline -0.004 -20"><span class='ocrx_word' id='word_1_661' title='bbox 1844 1814 1948 1865; x_wconf 91' lang='grc' dir='ltr'>τῶν</span> <span class='ocrx_word' id='word_1_662' title='bbox 1991 1814 2127 1882; x_wconf 82' lang='grc' dir='ltr'>ὑπὲρ</span> <span class='ocrx_word' id='word_1_663' title='bbox 2182 1813 2566 1883; x_wconf 75' lang='grc' dir='ltr'>πλημμελείας.</span> <span class='ocrx_word' id='word_1_664' title='bbox 2609 1813 2784 1865; x_wconf 82' lang='grc' dir='ltr'>Ἐάλω</span> <span class='ocrx_word' id='word_1_665' title='bbox 2832 1830 2910 1873; x_wconf 86' lang='grc' dir='ltr'>τις</span> <span class='ocrx_word' id='word_1_666' title='bbox 2951 1811 3079 1875; x_wconf 83' lang='grc' dir='ltr'>ξύλα</span> <span class='ocrx_word' id='word_1_667' title='bbox 3128 1807 3375 1870; x_wconf 83' lang='grc' dir='ltr'>συλλέξας</span> 
     </span>
    </p>
   </div>
   <div class='ocr_carea' id='block_1_84' title="bbox 1844 1889 3374 1964">
    <p class='ocr_par' dir='ltr' id='par_1_84' title="bbox 1844 1889 3374 1964">
     <span class='ocr_line' id='line_1_85' title="bbox 1844 1889 3374 1964; baseline -0.005 -18"><span class='ocrx_word' id='word_1_668' title='bbox 1844 1897 1899 1946; x_wconf 83' lang='grc' dir='ltr'>έν</span> <span class='ocrx_word' id='word_1_669' title='bbox 1930 1896 2177 1964; x_wconf 84' lang='grc' dir='ltr'>σαϐϐάτῳ</span> <span class='ocrx_word' id='word_1_670' title='bbox 2201 1938 2216 1959; x_wconf 93' lang='grc'>,</span> <span class='ocrx_word' id='word_1_671' title='bbox 2249 1897 2339 1947; x_wconf 73' lang='grc' dir='ltr'>καὶ</span> <span class='ocrx_word' id='word_1_672' title='bbox 2379 1894 2735 1962; x_wconf 84' lang='grc' dir='ltr'>ὲλιθοϐολήθη.</span> <span class='ocrx_word' id='word_1_673' title='bbox 2780 1894 3204 1962; x_wconf 86' lang='grc' dir='ltr'>Προστάσσονται</span> <span class='ocrx_word' id='word_1_674' title='bbox 3246 1889 3374 1957; x_wconf 87' lang='grc' dir='ltr'>κρά-</span> 
     </span>
    </p>
   </div>
   <div class='ocr_carea' id='block_1_85' title="bbox 1845 1969 3376 2044">
    <p class='ocr_par' dir='ltr' id='par_1_85' title="bbox 1845 1969 3376 2044">
     <span class='ocr_line' id='line_1_86' title="bbox 1845 1969 3376 2044; baseline -0.005 -17"><span class='ocrx_word' id='word_1_675' title='bbox 1845 1977 2007 2028; x_wconf 84' lang='grc' dir='ltr'>σπεδα</span> <span class='ocrx_word' id='word_1_676' title='bbox 2033 1977 2121 2027; x_wconf 78' lang='grc' dir='ltr'>ἐπὶ</span> <span class='ocrx_word' id='word_1_677' title='bbox 2159 1976 2224 2027; x_wconf 83' lang='grc' dir='ltr'>τά</span> <span class='ocrx_word' id='word_1_678' title='bbox 2253 1976 2512 2044; x_wconf 83' lang='grc' dir='ltr'>πτερύγια</span> <span class='ocrx_word' id='word_1_679' title='bbox 2555 1974 2787 2041; x_wconf 87' lang='grc' dir='ltr'>ποιῆσαι.</span> <span class='ocrx_word' id='word_1_680' title='bbox 2824 1973 2901 2023; x_wconf 89' lang='grc' dir='ltr'>Τά</span> <span class='ocrx_word' id='word_1_681' title='bbox 2934 1972 3058 2041; x_wconf 78' lang='grc' dir='ltr'>περὶ</span> <span class='ocrx_word' id='word_1_682' title='bbox 3108 1970 3245 2038; x_wconf 84' lang='grc' dir='ltr'>Κορὲ</span> <span class='ocrx_word' id='word_1_683' title='bbox 3285 1969 3376 2020; x_wconf 72' lang='grc' dir='ltr'>καὶ</span> 
     </span>
    </p>
   </div>
   <div class='ocr_carea' id='block_1_86' title="bbox 1840 2052 3375 2124">
    <p class='ocr_par' dir='ltr' id='par_1_86' title="bbox 1840 2052 3375 2124">
     <span class='ocr_line' id='line_1_87' title="bbox 1840 2052 3375 2124; baseline -0.005 -16"><span class='ocrx_word' id='word_1_684' title='bbox 1840 2057 2013 2108; x_wconf 86' lang='grc' dir='ltr'>Δαθάν</span> <span class='ocrx_word' id='word_1_685' title='bbox 2058 2058 2149 2108; x_wconf 72' lang='grc' dir='ltr'>καὶ</span> <span class='ocrx_word' id='word_1_686' title='bbox 2201 2057 2534 2124; x_wconf 79' lang='grc' dir='ltr'>Ἀϐηρών·ή</span> <span class='ocrx_word' id='word_1_687' title='bbox 2572 2055 2924 2115; x_wconf 78' lang='grc' dir='ltr'>ἐπανάστασις</span> <span class='ocrx_word' id='word_1_688' title='bbox 2970 2052 3167 2114; x_wconf 81' lang='grc' dir='ltr'>αὐτῶν,</span> <span class='ocrx_word' id='word_1_689' title='bbox 3221 2052 3253 2118; x_wconf 87' lang='grc' dir='ltr'><strong>ή</strong></span> <span class='ocrx_word' id='word_1_690' title='bbox 3298 2066 3375 2100; x_wconf 85' lang='grc' dir='ltr'>τι·</span> 
     </span>
    </p>
   </div>
   <div class='ocr_carea' id='block_1_87' title="bbox 1844 2132 3374 2206">
    <p class='ocr_par' dir='ltr' id='par_1_87' title="bbox 1844 2132 3374 2206">
     <span class='ocr_line' id='line_1_88' title="bbox 1844 2132 3374 2206; baseline -0.005 -18"><span class='ocrx_word' id='word_1_691' title='bbox 1844 2139 2019 2206; x_wconf 87' lang='grc' dir='ltr'>μωρία</span> <span class='ocrx_word' id='word_1_692' title='bbox 2058 2139 2121 2206; x_wconf 75' lang='grc' dir='ltr'>ἥν</span> <span class='ocrx_word' id='word_1_693' title='bbox 2172 2138 2374 2190; x_wconf 77' lang='grc' dir='ltr'>ἔδοσαν.</span> <span class='ocrx_word' id='word_1_694' title='bbox 2429 2139 2489 2187; x_wconf 78' lang='lat' dir='ltr'><strong><em>Ol</em></strong></span> <span class='ocrx_word' id='word_1_695' title='bbox 2537 2138 2591 2187; x_wconf 82' lang='grc' dir='ltr'>δὲ</span> <span class='ocrx_word' id='word_1_696' title='bbox 2635 2136 2805 2187; x_wconf 70' lang='grc' dir='ltr'>λοιποὶ</span> <span class='ocrx_word' id='word_1_697' title='bbox 2851 2135 2943 2186; x_wconf 86' lang='grc' dir='ltr'>τοῦ</span> <span class='ocrx_word' id='word_1_698' title='bbox 2994 2134 3142 2193; x_wconf 89' lang='grc' dir='ltr'>λαοῦ,</span> <span class='ocrx_word' id='word_1_699' title='bbox 3176 2132 3374 2183; x_wconf 89' lang='grc' dir='ltr'>τούτων</span> 
     </span>
    </p>
   </div>
   <div class='ocr_carea' id='block_1_88' title="bbox 1841 2214 3374 2288">
    <p class='ocr_par' dir='ltr' id='par_1_88' title="bbox 1841 2214 3374 2288">
     <span class='ocr_line' id='line_1_89' title="bbox 1841 2214 3374 2288; baseline -0.006 -17"><span class='ocrx_word' id='word_1_700' title='bbox 1841 2222 2155 2288; x_wconf 86' lang='grc' dir='ltr'>γενομένων,</span> <span class='ocrx_word' id='word_1_701' title='bbox 2188 2220 2284 2270; x_wconf 82' lang='grc' dir='ltr'>οὐκ</span> <span class='ocrx_word' id='word_1_702' title='bbox 2324 2218 2818 2285; x_wconf 75' lang='grc' dir='ltr'>ὲσωφρονίσθησαν,</span> <span class='ocrx_word' id='word_1_703' title='bbox 2859 2216 2991 2267; x_wconf 81' lang='grc' dir='ltr'>ἀλλὰ</span> <span class='ocrx_word' id='word_1_704' title='bbox 3020 2215 3176 2267; x_wconf 84' lang='grc' dir='ltr'>πάλιν</span> <span class='ocrx_word' id='word_1_705' title='bbox 3213 2214 3374 2263; x_wconf 87' lang='grc' dir='ltr'>ὲπαν-</span> 
     </span>
    </p>
   </div>
   <div class='ocr_carea' id='block_1_89' title="bbox 1841 2292 3374 2368">
    <p class='ocr_par' dir='ltr' id='par_1_89' title="bbox 1841 2292 3374 2368">
     <span class='ocr_line' id='line_1_90' title="bbox 1841 2292 3374 2368; baseline -0.007 -15"><span class='ocrx_word' id='word_1_706' title='bbox 1841 2302 2069 2368; x_wconf 85' lang='grc' dir='ltr'>έστησαν</span> <span class='ocrx_word' id='word_1_707' title='bbox 2093 2301 2168 2368; x_wconf 87' lang='grc' dir='ltr'>τῷ</span> <span class='ocrx_word' id='word_1_708' title='bbox 2199 2302 2424 2368; x_wconf 81' lang='grc' dir='ltr'>Μωῦσῇ,</span> <span class='ocrx_word' id='word_1_709' title='bbox 2459 2302 2549 2353; x_wconf 77' lang='grc' dir='ltr'>καὶ</span> <span class='ocrx_word' id='word_1_710' title='bbox 2579 2300 2965 2368; x_wconf 85' lang='grc' dir='ltr'>ἀποθνήσκουσι</span> <span class='ocrx_word' id='word_1_711' title='bbox 2991 2292 3374 2364; x_wconf 86' lang='grc' dir='ltr'>τεσσαρεσκαί-</span> 
     </span>
    </p>
   </div>
   <div class='ocr_carea' id='block_1_90' title="bbox 1838 2376 3371 2451">
    <p class='ocr_par' dir='ltr' id='par_1_90' title="bbox 1838 2376 3371 2451">
     <span class='ocr_line' id='line_1_91' title="bbox 1838 2376 3371 2451; baseline -0.008 -14"><span class='ocrx_word' id='word_1_712' title='bbox 1838 2386 1965 2437; x_wconf 91' lang='grc' dir='ltr'>δεκα</span> <span class='ocrx_word' id='word_1_713' title='bbox 1992 2384 2218 2451; x_wconf 84' lang='grc' dir='ltr'>χιλιάδες</span> <span class='ocrx_word' id='word_1_714' title='bbox 2249 2386 2339 2436; x_wconf 71' lang='grc' dir='ltr'>καὶ</span> <span class='ocrx_word' id='word_1_715' title='bbox 2367 2385 2696 2436; x_wconf 80' lang='grc' dir='ltr'>ἑπτακόσιοι.</span> <span class='ocrx_word' id='word_1_716' title='bbox 2724 2383 2852 2432; x_wconf 83' lang='grc' dir='ltr'>Τότε</span> <span class='ocrx_word' id='word_1_717' title='bbox 2875 2381 3097 2449; x_wconf 74' lang='grc' dir='ltr'>ἤνθησεν</span> <span class='ocrx_word' id='word_1_718' title='bbox 3126 2381 3156 2445; x_wconf 79' lang='grc' dir='ltr'>ἡ</span> <span class='ocrx_word' id='word_1_719' title='bbox 3186 2376 3371 2445; x_wconf 79' lang='grc' dir='ltr'>ῥάϐδος</span> 
     </span>
    </p>
   </div>
   <div class='ocr_carea' id='block_1_91' title="bbox 1850 2459 3371 2536">
    <p class='ocr_par' dir='ltr' id='par_1_91' title="bbox 1850 2459 3371 2536">
     <span class='ocr_line' id='line_1_92' title="bbox 1850 2459 3371 2536; baseline -0.009 -17"><span class='ocrx_word' id='word_1_720' title='bbox 1850 2466 2073 2536; x_wconf 81' lang='grc' dir='ltr'>Ἀαρών.</span> <span class='ocrx_word' id='word_1_721' title='bbox 2107 2466 2263 2531; x_wconf 86' lang='grc' dir='ltr'>Λέγει</span> <span class='ocrx_word' id='word_1_722' title='bbox 2294 2466 2385 2517; x_wconf 76' lang='grc' dir='ltr'>καὶ</span> <span class='ocrx_word' id='word_1_723' title='bbox 2411 2467 2747 2516; x_wconf 85' lang='grc' dir='ltr'>διατάσσεται</span> <span class='ocrx_word' id='word_1_724' title='bbox 2780 2464 2805 2515; x_wconf 83' lang='lat'>6</span> <span class='ocrx_word' id='word_1_725' title='bbox 2834 2462 3117 2530; x_wconf 87' lang='grc' dir='ltr'>λαμϐάνειν</span> <span class='ocrx_word' id='word_1_726' title='bbox 3147 2459 3225 2509; x_wconf 88' lang='grc' dir='ltr'>δεῖ</span> <span class='ocrx_word' id='word_1_727' title='bbox 3248 2459 3371 2517; x_wconf 80' lang='grc' dir='ltr'>τοὺς</span> 
     </span>
    </p>
   </div>
   <div class='ocr_carea' id='block_1_92' title="bbox 1837 2538 3372 2615">
    <p class='ocr_par' dir='ltr' id='par_1_92' title="bbox 1837 2538 3372 2615">
     <span class='ocr_line' id='line_1_93' title="bbox 1837 2538 3372 2615; baseline -0.009 -17"><span class='ocrx_word' id='word_1_728' title='bbox 1837 2548 2059 2607; x_wconf 82' lang='grc' dir='ltr'>Λευῖτας</span> <span class='ocrx_word' id='word_1_729' title='bbox 2088 2548 2179 2599; x_wconf 81' lang='grc' dir='ltr'>καὶ</span> <span class='ocrx_word' id='word_1_730' title='bbox 2206 2546 2294 2597; x_wconf 80' lang='grc' dir='ltr'>τὸν</span> <span class='ocrx_word' id='word_1_731' title='bbox 2336 2547 2479 2615; x_wconf 84' lang='grc' dir='ltr'>ἱερέα</span> <span class='ocrx_word' id='word_1_732' title='bbox 2508 2544 2595 2596; x_wconf 88' lang='grc' dir='ltr'>τὸν</span> <span class='ocrx_word' id='word_1_733' title='bbox 2621 2545 2807 2614; x_wconf 83' lang='grc' dir='ltr'>μέγαν.</span> <span class='ocrx_word' id='word_1_734' title='bbox 2838 2543 2939 2594; x_wconf 77' lang='grc' dir='ltr'>Καὶ</span> <span class='ocrx_word' id='word_1_735' title='bbox 2959 2539 3228 2609; x_wconf 87' lang='grc' dir='ltr'>νομοθετεῖ</span> <span class='ocrx_word' id='word_1_736' title='bbox 3248 2538 3372 2605; x_wconf 75' lang='grc' dir='ltr'>περὶ</span> 
     </span>
    </p>
   </div>
   <div class='ocr_carea' id='block_1_93' title="bbox 1835 2618 3373 2695">
    <p class='ocr_par' dir='ltr' id='par_1_93' title="bbox 1835 2618 3373 2695">
     <span class='ocr_line' id='line_1_94' title="bbox 1835 2618 3373 2695; baseline -0.01 -15"><span class='ocrx_word' id='word_1_737' title='bbox 1835 2628 1933 2694; x_wconf 82' lang='grc' dir='ltr'>τῆς</span> <span class='ocrx_word' id='word_1_738' title='bbox 1966 2627 2154 2679; x_wconf 77' lang='grc' dir='ltr'>σποδοῦ</span> <span class='ocrx_word' id='word_1_739' title='bbox 2190 2628 2285 2693; x_wconf 82' lang='grc' dir='ltr'>τῆς</span> <span class='ocrx_word' id='word_1_740' title='bbox 2312 2627 2606 2693; x_wconf 79' lang='grc' dir='ltr'>δαμάλεως,</span> <span class='ocrx_word' id='word_1_741' title='bbox 2644 2626 2700 2688; x_wconf 77' lang='grc' dir='ltr'>ἐξ</span> <span class='ocrx_word' id='word_1_742' title='bbox 2726 2621 2790 2695; x_wconf 85' lang='grc' dir='ltr'>ἦς</span> <span class='ocrx_word' id='word_1_743' title='bbox 2812 2626 2871 2676; x_wconf 89' lang='grc' dir='ltr'>τὸ</span> <span class='ocrx_word' id='word_1_744' title='bbox 2902 2623 3040 2691; x_wconf 81' lang='grc' dir='ltr'>ὕδωρ</span> <span class='ocrx_word' id='word_1_745' title='bbox 3072 2618 3163 2670; x_wconf 84' lang='grc' dir='ltr'>τοῦ</span> <span class='ocrx_word' id='word_1_746' title='bbox 3196 2621 3373 2685; x_wconf 78' lang='grc' dir='ltr'>ῥαντι-</span> 
     </span>
    </p>
   </div>
   <div class='ocr_carea' id='block_1_94' title="bbox 1836 2697 3371 2776">
    <p class='ocr_par' dir='ltr' id='par_1_94' title="bbox 1836 2697 3371 2776">
     <span class='ocr_line' id='line_1_95' title="bbox 1836 2697 3371 2776; baseline -0.008 -18"><span class='ocrx_word' id='word_1_747' title='bbox 1836 2708 1970 2775; x_wconf 90' lang='grc' dir='ltr'>σμοῦ</span> <span class='ocrx_word' id='word_1_748' title='bbox 2000 2708 2222 2773; x_wconf 77' lang='grc' dir='ltr'>ἐγίνετο.</span> <span class='ocrx_word' id='word_1_749' title='bbox 2246 2708 2352 2776; x_wconf 82' lang='grc' dir='ltr'>Τὴν</span> <span class='ocrx_word' id='word_1_750' title='bbox 2381 2709 2434 2758; x_wconf 84' lang='grc' dir='ltr'>δὲ</span> <span class='ocrx_word' id='word_1_751' title='bbox 2462 2708 2686 2774; x_wconf 80' lang='grc' dir='ltr'>δάμαλιν</span> <span class='ocrx_word' id='word_1_752' title='bbox 2713 2706 2879 2773; x_wconf 78' lang='grc' dir='ltr'>αὐτὴν</span> <span class='ocrx_word' id='word_1_753' title='bbox 2898 2703 3038 2765; x_wconf 77' lang='grc' dir='ltr'>ἔδοξέ</span> <span class='ocrx_word' id='word_1_754' title='bbox 3066 2717 3173 2751; x_wconf 91' lang='grc' dir='ltr'>τισι</span> <span class='ocrx_word' id='word_1_755' title='bbox 3206 2697 3371 2749; x_wconf 82' lang='grc' dir='ltr'>τύπον</span> 
     </span>
    </p>
   </div>
   <div class='ocr_carea' id='block_1_95' title="bbox 1834 2779 3367 2857">
    <p class='ocr_par' dir='ltr' id='par_1_95' title="bbox 1834 2779 3367 2857">
     <span class='ocr_line' id='line_1_96' title="bbox 1834 2779 3367 2857; baseline -0.007 -16"><span class='ocrx_word' id='word_1_756' title='bbox 1834 2790 1969 2841; x_wconf 78' lang='grc' dir='ltr'>εἶναι</span> <span class='ocrx_word' id='word_1_757' title='bbox 2002 2790 2089 2841; x_wconf 88' lang='grc' dir='ltr'>τοῦ</span> <span class='ocrx_word' id='word_1_758' title='bbox 2122 2790 2320 2850; x_wconf 87' lang='grc' dir='ltr'>πάθους</span> <span class='ocrx_word' id='word_1_759' title='bbox 2362 2789 2449 2839; x_wconf 88' lang='grc' dir='ltr'>τοῦ</span> <span class='ocrx_word' id='word_1_760' title='bbox 2485 2789 2683 2857; x_wconf 89' lang='grc' dir='ltr'>Κυρίου</span> <span class='ocrx_word' id='word_1_761' title='bbox 2721 2786 2871 2853; x_wconf 74' lang='grc' dir='ltr'>ἡμῶν</span> <span class='ocrx_word' id='word_1_762' title='bbox 2912 2781 3081 2851; x_wconf 81' lang='grc' dir='ltr'>Ἰησοῦ</span> <span class='ocrx_word' id='word_1_763' title='bbox 3116 2779 3367 2849; x_wconf 84' lang='grc' dir='ltr'>Χριστοῦ.</span> 
     </span>
    </p>
   </div>
   <div class='ocr_carea' id='block_1_96' title="bbox 1846 2858 3371 2934">
    <p class='ocr_par' dir='ltr' id='par_1_96' title="bbox 1846 2858 3371 2934">
     <span class='ocr_line' id='line_1_97' title="bbox 1846 2858 3371 2934; baseline -0.006 -15"><span class='ocrx_word' id='word_1_764' title='bbox 1846 2870 1973 2919; x_wconf 83' lang='grc' dir='ltr'>Ἀπὸ</span> <span class='ocrx_word' id='word_1_765' title='bbox 2004 2870 2059 2919; x_wconf 76' lang='grc' dir='ltr'>δὲ</span> <span class='ocrx_word' id='word_1_766' title='bbox 2096 2870 2192 2934; x_wconf 86' lang='grc' dir='ltr'>τῆς</span> <span class='ocrx_word' id='word_1_767' title='bbox 2237 2870 2426 2919; x_wconf 84' lang='grc' dir='ltr'>σποδοῦ</span> <span class='ocrx_word' id='word_1_768' title='bbox 2457 2870 2554 2934; x_wconf 83' lang='grc' dir='ltr'>τῆς</span> <span class='ocrx_word' id='word_1_769' title='bbox 2588 2868 2860 2933; x_wconf 87' lang='grc' dir='ltr'>δαμάλεως</span> <span class='ocrx_word' id='word_1_770' title='bbox 2904 2863 3213 2931; x_wconf 80' lang='grc' dir='ltr'>ἐκαθαίρετο</span> <span class='ocrx_word' id='word_1_771' title='bbox 3239 2862 3266 2911; x_wconf 86' lang='grc' dir='ltr'>ὁ</span> <span class='ocrx_word' id='word_1_772' title='bbox 3296 2858 3371 2911; x_wconf 85' lang='grc' dir='ltr'>ῶν</span> 
     </span>
    </p>
   </div>
   <div class='ocr_carea' id='block_1_97' title="bbox 1834 2941 3369 3016">
    <p class='ocr_par' dir='ltr' id='par_1_97' title="bbox 1834 2941 3369 3016">
     <span class='ocr_line' id='line_1_98' title="bbox 1834 2941 3369 3016; baseline -0.006 -16"><span class='ocrx_word' id='word_1_773' title='bbox 1834 2950 1923 3000; x_wconf 72' lang='grc' dir='ltr'>ἐπὶ</span> <span class='ocrx_word' id='word_1_774' title='bbox 1945 2948 2131 3016; x_wconf 82' lang='grc' dir='ltr'>νεκροῦ</span> <span class='ocrx_word' id='word_1_775' title='bbox 2161 2948 2477 3015; x_wconf 86' lang='grc' dir='ltr'>ἀκάθαρτος.</span> <span class='ocrx_word' id='word_1_776' title='bbox 2494 2945 2658 3000; x_wconf 86' lang='grc' dir='ltr'>Ἦλθε</span> <span class='ocrx_word' id='word_1_777' title='bbox 2681 2948 2733 2998; x_wconf 79' lang='grc' dir='ltr'>δὲ</span> <span class='ocrx_word' id='word_1_778' title='bbox 2754 2949 2781 2998; x_wconf 88' lang='grc' dir='ltr'>ὁ</span> <span class='ocrx_word' id='word_1_779' title='bbox 2807 2946 2929 3006; x_wconf 90' lang='grc' dir='ltr'>λαὸς</span> <span class='ocrx_word' id='word_1_780' title='bbox 2954 2946 3029 3005; x_wconf 79' lang='grc' dir='ltr'>είς</span> <span class='ocrx_word' id='word_1_781' title='bbox 3054 2941 3254 3009; x_wconf 83' lang='grc' dir='ltr'>Καδὴς,</span> <span class='ocrx_word' id='word_1_782' title='bbox 3278 2941 3369 2992; x_wconf 71' lang='grc' dir='ltr'>καὶ</span> 
     </span>
    </p>
   </div>
   <div class='ocr_carea' id='block_1_98' title="bbox 1834 3022 3371 3097">
    <p class='ocr_par' dir='ltr' id='par_1_98' title="bbox 1834 3022 3371 3097">
     <span class='ocr_line' id='line_1_99' title="bbox 1834 3022 3371 3097; baseline -0.007 -16"><span class='ocrx_word' id='word_1_783' title='bbox 1834 3032 1948 3082; x_wconf 78' lang='grc' dir='ltr'>ἐκεῖ</span> <span class='ocrx_word' id='word_1_784' title='bbox 1975 3030 2205 3081; x_wconf 86' lang='grc' dir='ltr'>ἀπέθανε</span> <span class='ocrx_word' id='word_1_785' title='bbox 2246 3030 2462 3097; x_wconf 80' lang='grc' dir='ltr'>Μαρία,</span> <span class='ocrx_word' id='word_1_786' title='bbox 2504 3029 2594 3080; x_wconf 73' lang='grc' dir='ltr'>καὶ</span> <span class='ocrx_word' id='word_1_787' title='bbox 2639 3029 2827 3095; x_wconf 80' lang='grc' dir='ltr'>ἐτάφη.</span> <span class='ocrx_word' id='word_1_788' title='bbox 2861 3029 2971 3078; x_wconf 80' lang='grc' dir='ltr'>Οὐκ</span> <span class='ocrx_word' id='word_1_789' title='bbox 3010 3025 3155 3084; x_wconf 68' lang='grc' dir='ltr'>ὄντος</span> <span class='ocrx_word' id='word_1_790' title='bbox 3187 3022 3371 3082; x_wconf 77' lang='grc' dir='ltr'>ὓδατος</span> 
     </span>
    </p>
   </div>
   <div class='ocr_carea' id='block_1_99' title="bbox 1834 3101 3371 3175">
    <p class='ocr_par' dir='ltr' id='par_1_99' title="bbox 1834 3101 3371 3175">
     <span class='ocr_line' id='line_1_100' title="bbox 1834 3101 3371 3175; baseline -0.007 -13"><span class='ocrx_word' id='word_1_791' title='bbox 1834 3112 1989 3162; x_wconf 89' lang='grc' dir='ltr'>πάλιν</span> <span class='ocrx_word' id='word_1_792' title='bbox 2039 3110 2385 3175; x_wconf 79' lang='grc' dir='ltr'>γογγύζουσιν</span> <span class='ocrx_word' id='word_1_793' title='bbox 2436 3111 2483 3159; x_wconf 90' lang='grc' dir='ltr'>οί</span> <span class='ocrx_word' id='word_1_794' title='bbox 2523 3109 2786 3160; x_wconf 79' lang='grc' dir='ltr'>Ἰουδαῖοι·</span> <span class='ocrx_word' id='word_1_795' title='bbox 2826 3107 2852 3157; x_wconf 91' lang='lat'>6</span> <span class='ocrx_word' id='word_1_796' title='bbox 2903 3106 2957 3156; x_wconf 86' lang='grc' dir='ltr'>δὲ</span> <span class='ocrx_word' id='word_1_797' title='bbox 3003 3103 3237 3169; x_wconf 85' lang='grc' dir='ltr'>Μωῦσῆς</span> <span class='ocrx_word' id='word_1_798' title='bbox 3279 3101 3371 3152; x_wconf 76' lang='grc' dir='ltr'>καὶ</span> 
     </span>
    </p>
   </div>
   <div class='ocr_carea' id='block_1_100' title="bbox 1843 3181 3366 3258">
    <p class='ocr_par' dir='ltr' id='par_1_100' title="bbox 1843 3181 3366 3258">
     <span class='ocr_line' id='line_1_101' title="bbox 1843 3181 3366 3258; baseline -0.004 -17"><span class='ocrx_word' id='word_1_799' title='bbox 1843 3189 2046 3258; x_wconf 80' lang='grc' dir='ltr'>Ἀαρὼν</span> <span class='ocrx_word' id='word_1_800' title='bbox 2078 3189 2378 3241; x_wconf 87' lang='grc' dir='ltr'>κελεύονται</span> <span class='ocrx_word' id='word_1_801' title='bbox 2411 3191 2472 3240; x_wconf 87' lang='grc' dir='ltr'>ὲκ</span> <span class='ocrx_word' id='word_1_802' title='bbox 2514 3190 2609 3254; x_wconf 85' lang='grc' dir='ltr'>τῆς</span> <span class='ocrx_word' id='word_1_803' title='bbox 2650 3189 2851 3256; x_wconf 83' lang='grc' dir='ltr'>πέτρας</span> <span class='ocrx_word' id='word_1_804' title='bbox 2886 3185 3162 3249; x_wconf 81' lang='grc' dir='ltr'>ἐξαγαγεῖν</span> <span class='ocrx_word' id='word_1_805' title='bbox 3203 3181 3366 3248; x_wconf 72' lang='grc' dir='ltr'>ὕδωρ.</span> 
     </span>
    </p>
   </div>
   <div class='ocr_carea' id='block_1_101' title="bbox 1845 3261 3366 3336">
    <p class='ocr_par' dir='ltr' id='par_1_101' title="bbox 1845 3261 3366 3336">
     <span class='ocr_line' id='line_1_102' title="bbox 1845 3261 3366 3336; baseline -0.006 -15"><span class='ocrx_word' id='word_1_806' title='bbox 1845 3270 2133 3332; x_wconf 80' lang='grc' dir='ltr'>Ἑπάταξεν</span> <span class='ocrx_word' id='word_1_807' title='bbox 2164 3272 2329 3336; x_wconf 81' lang='grc' dir='ltr'>αὐτὴν</span> <span class='ocrx_word' id='word_1_808' title='bbox 2358 3272 2384 3321; x_wconf 91' lang='lat'>6</span> <span class='ocrx_word' id='word_1_809' title='bbox 2414 3270 2645 3335; x_wconf 84' lang='grc' dir='ltr'>Μωῦσῆς</span> <span class='ocrx_word' id='word_1_810' title='bbox 2686 3269 2881 3333; x_wconf 78' lang='grc' dir='ltr'>λέγων’</span> <span class='ocrx_word' id='word_1_811' title='bbox 2920 3264 3011 3327; x_wconf 82' lang='grc' dir='ltr'>Μὴ</span> <span class='ocrx_word' id='word_1_812' title='bbox 3037 3266 3101 3315; x_wconf 81' lang='grc' dir='ltr'>ἐκ</span> <span class='ocrx_word' id='word_1_813' title='bbox 3124 3262 3230 3327; x_wconf 78' lang='grc' dir='ltr'>τῆς</span> <span class='ocrx_word' id='word_1_814' title='bbox 3264 3261 3366 3313; x_wconf 82' lang='grc' dir='ltr'>πέ-</span> 
     </span>
    </p>
   </div>
   <div class='ocr_carea' id='block_1_102' title="bbox 1833 3340 3368 3414">
    <p class='ocr_par' dir='ltr' id='par_1_102' title="bbox 1833 3340 3368 3414">
     <span class='ocr_line' id='line_1_103' title="bbox 1833 3340 3368 3414; baseline -0.007 -14"><span class='ocrx_word' id='word_1_815' title='bbox 1833 3365 1971 3413; x_wconf 65' lang='grc' dir='ltr'>τρας</span> <span class='ocrx_word' id='word_1_816' title='bbox 2007 3352 2222 3413; x_wconf 85' lang='grc' dir='ltr'>ταύτης</span> <span class='ocrx_word' id='word_1_817' title='bbox 2264 3349 2550 3414; x_wconf 74' lang='grc' dir='ltr'>ἐξάξομεν</span> <span class='ocrx_word' id='word_1_818' title='bbox 2596 3348 2748 3412; x_wconf 80' lang='grc' dir='ltr'>ὔδωρ</span> <span class='ocrx_word' id='word_1_819' title='bbox 2780 3345 2949 3412; x_wconf 55' lang='lat' dir='ltr'>(uir;</span> <span class='ocrx_word' id='word_1_820' title='bbox 2991 3343 3097 3395; x_wconf 86' lang='lat' dir='ltr'>Kal</span> <span class='ocrx_word' id='word_1_821' title='bbox 3151 3340 3368 3408; x_wconf 75' lang='grc' dir='ltr'>ἐξῆλθεν</span> 
     </span>
    </p>
   </div>
   <div class='ocr_carea' id='block_1_103' title="bbox 1835 3419 3364 3499">
    <p class='ocr_par' dir='ltr' id='par_1_103' title="bbox 1835 3419 3364 3499">
     <span class='ocr_line' id='line_1_104' title="bbox 1835 3419 3364 3499; baseline -0.007 -18"><span class='ocrx_word' id='word_1_822' title='bbox 1835 3429 1995 3499; x_wconf 74' lang='grc' dir='ltr'>ὕδωρ.</span> <span class='ocrx_word' id='word_1_823' title='bbox 2024 3430 2132 3482; x_wconf 86' lang='lat' dir='ltr'>Kal</span> <span class='ocrx_word' id='word_1_824' title='bbox 2169 3427 2286 3480; x_wconf 83' lang='grc' dir='ltr'>εἷπε</span> <span class='ocrx_word' id='word_1_825' title='bbox 2313 3428 2509 3497; x_wconf 84' lang='grc' dir='ltr'>Κύριος</span> <span class='ocrx_word' id='word_1_826' title='bbox 2556 3426 2688 3495; x_wconf 85' lang='grc' dir='ltr'>πρὸς</span> <span class='ocrx_word' id='word_1_827' title='bbox 2735 3427 2966 3493; x_wconf 81' lang='grc' dir='ltr'>Μωῦσῆν</span> <span class='ocrx_word' id='word_1_828' title='bbox 3008 3423 3097 3473; x_wconf 71' lang='grc' dir='ltr'>καὶ</span> <span class='ocrx_word' id='word_1_829' title='bbox 3132 3419 3364 3491; x_wconf 79' lang='grc' dir='ltr'>Ἀαρώνο</span> 
     </span>
    </p>
   </div>
   <div class='ocr_carea' id='block_1_104' title="bbox 1835 3502 3368 3575">
    <p class='ocr_par' dir='ltr' id='par_1_104' title="bbox 1835 3502 3368 3575">
     <span class='ocr_line' id='line_1_105' title="bbox 1835 3502 3368 3575; baseline -0.008 -13"><span class='ocrx_word' id='word_1_830' title='bbox 1835 3511 1953 3562; x_wconf 89' lang='grc' dir='ltr'>Ὅτι</span> <span class='ocrx_word' id='word_1_831' title='bbox 1989 3512 2097 3563; x_wconf 85' lang='grc' dir='ltr'>οὐκ</span> <span class='ocrx_word' id='word_1_832' title='bbox 2139 3508 2547 3562; x_wconf 58' lang='grc' dir='ltr'>ἐπιστεύσατέη</span> <span class='ocrx_word' id='word_1_833' title='bbox 2565 3525 2665 3575; x_wconf 86' lang='grc' dir='ltr'>μοι</span> <span class='ocrx_word' id='word_1_834' title='bbox 2703 3507 2937 3575; x_wconf 74' lang='grc' dir='ltr'>ἁγιάσαι</span> <span class='ocrx_word' id='word_1_835' title='bbox 2984 3520 3057 3571; x_wconf 80' lang='grc' dir='ltr'>με</span> <span class='ocrx_word' id='word_1_836' title='bbox 3098 3502 3368 3553; x_wconf 78' lang='grc' dir='ltr'>ἐναντίον</span> 
     </span>
    </p>
   </div>
   <div class='ocr_carea' id='block_1_105' title="bbox 1833 3582 3369 3656">
    <p class='ocr_par' dir='ltr' id='par_1_105' title="bbox 1833 3582 3369 3656">
     <span class='ocr_line' id='line_1_106' title="bbox 1833 3582 3369 3656; baseline 0.006 -19"><span class='ocrx_word' id='word_1_837' title='bbox 1833 3590 1949 3642; x_wconf 69' lang='grc' dir='ltr'>τῶν</span> <span class='ocrx_word' id='word_1_838' title='bbox 1981 3590 2124 3643; x_wconf 78' lang='grc' dir='ltr'>υίῶν</span> <span class='ocrx_word' id='word_1_839' title='bbox 2154 3590 2414 3656; x_wconf 76' lang='grc' dir='ltr'>Ἰσραὴλ,</span> <span class='ocrx_word' id='word_1_840' title='bbox 2442 3590 2537 3641; x_wconf 86' lang='grc' dir='ltr'>διὰ</span> <span class='ocrx_word' id='word_1_841' title='bbox 2569 3589 2738 3641; x_wconf 84' lang='grc' dir='ltr'>τοῦτο</span> <span class='ocrx_word' id='word_1_842' title='bbox 2776 3589 2883 3640; x_wconf 85' lang='grc' dir='ltr'>οὐκ</span> <span class='ocrx_word' id='word_1_843' title='bbox 2919 3584 3180 3647; x_wconf 71' lang='grc' dir='ltr'>εἰσάξετε</span> <span class='ocrx_word' id='word_1_844' title='bbox 3206 3582 3369 3649; x_wconf 79' lang='grc' dir='ltr'>ὑμεῖς</span> 
     </span>
    </p>
   </div>
   <div class='ocr_carea' id='block_1_106' title="bbox 1832 3662 3373 3738">
    <p class='ocr_par' dir='ltr' id='par_1_106' title="bbox 1832 3662 3373 3738">
     <span class='ocr_line' id='line_1_107' title="bbox 1832 3662 3373 3738; baseline -0.005 -14"><span class='ocrx_word' id='word_1_845' title='bbox 1832 3672 1944 3736; x_wconf 75' lang='grc' dir='ltr'>τὴν</span> <span class='ocrx_word' id='word_1_846' title='bbox 1985 3673 2337 3738; x_wconf 70' lang='grc' dir='ltr'>συναγωγὴν</span> <span class='ocrx_word' id='word_1_847' title='bbox 2373 3671 2593 3735; x_wconf 80' lang='grc' dir='ltr'>ταύτην</span> <span class='ocrx_word' id='word_1_848' title='bbox 2632 3670 2716 3733; x_wconf 82' lang='grc' dir='ltr'>εις</span> <span class='ocrx_word' id='word_1_849' title='bbox 2752 3667 2865 3733; x_wconf 78' lang='grc' dir='ltr'>τὴν</span> <span class='ocrx_word' id='word_1_850' title='bbox 2894 3665 3025 3733; x_wconf 75' lang='grc' dir='ltr'>γῆν,</span> <span class='ocrx_word' id='word_1_851' title='bbox 3070 3663 3148 3730; x_wconf 76' lang='grc' dir='ltr'>ἢν</span> <span class='ocrx_word' id='word_1_852' title='bbox 3183 3662 3373 3716; x_wconf 77' lang='grc' dir='ltr'>ἔδωκα</span> 
     </span>
    </p>
   </div>
   <div class='ocr_carea' id='block_1_107' title="bbox 1832 3742 3372 3821">
    <p class='ocr_par' dir='ltr' id='par_1_107' title="bbox 1832 3742 3372 3821">
     <span class='ocr_line' id='line_1_108' title="bbox 1832 3742 3372 3821; baseline -0.006 -17"><span class='ocrx_word' id='word_1_853' title='bbox 1832 3751 2051 3816; x_wconf 82' lang='grc' dir='ltr'>αὐτοῖς.</span> <span class='ocrx_word' id='word_1_854' title='bbox 2110 3751 2468 3821; x_wconf 89' lang='grc' dir='ltr'>Πρεσϐεύεται</span> <span class='ocrx_word' id='word_1_855' title='bbox 2525 3749 2757 3816; x_wconf 84' lang='grc' dir='ltr'>Μωῦσῆς</span> <span class='ocrx_word' id='word_1_856' title='bbox 2820 3747 2954 3814; x_wconf 84' lang='grc' dir='ltr'>πρὸς</span> <span class='ocrx_word' id='word_1_857' title='bbox 3003 3746 3093 3797; x_wconf 86' lang='grc' dir='ltr'>τὸν</span> <span class='ocrx_word' id='word_1_858' title='bbox 3150 3742 3372 3812; x_wconf 77' lang='grc' dir='ltr'>βασιλέα</span> 
     </span>
    </p>
   </div>
   <div class='ocr_carea' id='block_1_108' title="bbox 1845 3824 3371 3902">
    <p class='ocr_par' dir='ltr' id='par_1_108' title="bbox 1845 3824 3371 3902">
     <span class='ocr_line' id='line_1_109' title="bbox 1845 3824 3371 3902; baseline -0.007 -16"><span class='ocrx_word' id='word_1_859' title='bbox 1845 3832 2039 3901; x_wconf 87' lang='grc' dir='ltr'>Ἐδὼμ,</span> <span class='ocrx_word' id='word_1_860' title='bbox 2065 3834 2149 3885; x_wconf 80' lang='grc' dir='ltr'>ἵνα</span> <span class='ocrx_word' id='word_1_861' title='bbox 2192 3834 2299 3902; x_wconf 75' lang='grc' dir='ltr'>ἀφῇ</span> <span class='ocrx_word' id='word_1_862' title='bbox 2334 3831 2526 3893; x_wconf 82' lang='grc' dir='ltr'>αὐτούς</span> <span class='ocrx_word' id='word_1_863' title='bbox 2550 3843 2572 3871; x_wconf 74' lang='grc' dir='ltr'>ο</span> <span class='ocrx_word' id='word_1_864' title='bbox 2592 3849 2605 3861; x_wconf 68' lang='grc' dir='ltr'><em>υ</em></span> <span class='ocrx_word' id='word_1_865' title='bbox 2635 3832 2662 3883; x_wconf 95' lang='lat'>6</span> <span class='ocrx_word' id='word_1_866' title='bbox 2701 3830 2755 3881; x_wconf 81' lang='grc' dir='ltr'>δὲ</span> <span class='ocrx_word' id='word_1_867' title='bbox 2784 3830 2843 3881; x_wconf 85' lang='grc' dir='ltr'>οὐ</span> <span class='ocrx_word' id='word_1_868' title='bbox 2882 3827 3243 3897; x_wconf 85' lang='grc' dir='ltr'>συνεχώρησε·</span> <span class='ocrx_word' id='word_1_869' title='bbox 3276 3824 3371 3878; x_wconf 79' lang='grc' dir='ltr'>καὶ</span> 
     </span>
    </p>
   </div>
   <div class='ocr_carea' id='block_1_109' title="bbox 1834 3904 3371 3980">
    <p class='ocr_par' dir='ltr' id='par_1_109' title="bbox 1834 3904 3371 3980">
     <span class='ocr_line' id='line_1_110' title="bbox 1834 3904 3371 3980; baseline -0.005 -15"><span class='ocrx_word' id='word_1_870' title='bbox 1834 3915 2105 3979; x_wconf 69' lang='grc' dir='ltr'>ἐξέκλιναν</span> <span class='ocrx_word' id='word_1_871' title='bbox 2148 3915 2238 3966; x_wconf 85' lang='grc' dir='ltr'>ἀπ’</span> <span class='ocrx_word' id='word_1_872' title='bbox 2276 3914 2435 3966; x_wconf 86' lang='grc' dir='ltr'>αὑτοῦ</span> <span class='ocrx_word' id='word_1_873' title='bbox 2466 3913 2569 3965; x_wconf 59' lang='grc' dir='ltr'>υἱοὶ⁹</span> <span class='ocrx_word' id='word_1_874' title='bbox 2608 3911 2834 3980; x_wconf 86' lang='grc' dir='ltr'>Ἰσραήλ.</span> <span class='ocrx_word' id='word_1_875' title='bbox 2883 3911 2964 3970; x_wconf 85' lang='grc' dir='ltr'>Ὠς</span> <span class='ocrx_word' id='word_1_876' title='bbox 2998 3910 3053 3960; x_wconf 78' lang='grc' dir='ltr'>δὲ</span> <span class='ocrx_word' id='word_1_877' title='bbox 3090 3904 3252 3975; x_wconf 80' lang='grc' dir='ltr'>ἦλθον</span> <span class='ocrx_word' id='word_1_878' title='bbox 3291 3907 3371 3968; x_wconf 84' lang='grc' dir='ltr'>είς</span> 
     </span>
    </p>
   </div>
   <div class='ocr_carea' id='block_1_110' title="bbox 1838 3987 3370 4065">
    <p class='ocr_par' dir='ltr' id='par_1_110' title="bbox 1838 3987 3370 4065">
     <span class='ocr_line' id='line_1_111' title="bbox 1838 3987 3370 4065; baseline -0.006 -18"><span class='ocrx_word' id='word_1_879' title='bbox 1838 3998 1932 4065; x_wconf 85' lang='grc' dir='ltr'>Ὢρ</span> <span class='ocrx_word' id='word_1_880' title='bbox 1954 3994 2012 4046; x_wconf 89' lang='grc' dir='ltr'>τὸ</span> <span class='ocrx_word' id='word_1_881' title='bbox 2049 3995 2202 4062; x_wconf 87' lang='grc' dir='ltr'>δρος,</span> <span class='ocrx_word' id='word_1_882' title='bbox 2234 3994 2579 4053; x_wconf 81' lang='grc' dir='ltr'>κελεύσαντος</span> <span class='ocrx_word' id='word_1_883' title='bbox 2612 3991 2703 4043; x_wconf 89' lang='grc' dir='ltr'>τοῦ</span> <span class='ocrx_word' id='word_1_884' title='bbox 2731 3991 2883 4052; x_wconf 83' lang='grc' dir='ltr'>Θεοῦ,</span> <span class='ocrx_word' id='word_1_885' title='bbox 2918 3988 3093 4040; x_wconf 87' lang='grc' dir='ltr'>λαϐὼν</span> <span class='ocrx_word' id='word_1_886' title='bbox 3133 3987 3370 4055; x_wconf 84' lang='grc' dir='ltr'>Μωῦσῆς</span> 
     </span>
    </p>
   </div>
   <div class='ocr_carea' id='block_1_111' title="bbox 1832 4068 3371 4143">
    <p class='ocr_par' dir='ltr' id='par_1_111' title="bbox 1832 4068 3371 4143">
     <span class='ocr_line' id='line_1_112' title="bbox 1832 4068 3371 4143; baseline -0.007 -16"><span class='ocrx_word' id='word_1_887' title='bbox 1832 4075 1920 4127; x_wconf 80' lang='grc' dir='ltr'>τὸν</span> <span class='ocrx_word' id='word_1_888' title='bbox 1961 4074 2165 4143; x_wconf 83' lang='grc' dir='ltr'>Ἀαρὼν</span> <span class='ocrx_word' id='word_1_889' title='bbox 2208 4076 2298 4126; x_wconf 71' lang='grc' dir='ltr'>καὶ</span> <span class='ocrx_word' id='word_1_890' title='bbox 2340 4074 2595 4139; x_wconf 79' lang='grc' dir='ltr'>Ἐλεάζαρ</span> <span class='ocrx_word' id='word_1_891' title='bbox 2622 4071 2709 4123; x_wconf 89' lang='grc' dir='ltr'>τὸν</span> <span class='ocrx_word' id='word_1_892' title='bbox 2745 4071 2855 4121; x_wconf 86' lang='grc' dir='ltr'>υίὸν</span> <span class='ocrx_word' id='word_1_893' title='bbox 2887 4068 3076 4130; x_wconf 88' lang='grc' dir='ltr'>αὑτοῦ,</span> <span class='ocrx_word' id='word_1_894' title='bbox 3105 4069 3371 4137; x_wconf 85' lang='grc' dir='ltr'>ἀνήγαγεν</span> 
     </span>
    </p>
   </div>
   <div class='ocr_carea' id='block_1_112' title="bbox 1833 4146 3371 4223">
    <p class='ocr_par' dir='ltr' id='par_1_112' title="bbox 1833 4146 3371 4223">
     <span class='ocr_line' id='line_1_113' title="bbox 1833 4146 3371 4223; baseline -0.006 -17"><span class='ocrx_word' id='word_1_895' title='bbox 1833 4156 1911 4216; x_wconf 79' lang='grc' dir='ltr'>εἰς</span> <span class='ocrx_word' id='word_1_896' title='bbox 1954 4155 2011 4207; x_wconf 90' lang='grc' dir='ltr'>τὸ</span> <span class='ocrx_word' id='word_1_897' title='bbox 2042 4155 2197 4223; x_wconf 85' lang='grc' dir='ltr'>δρο;’</span> <span class='ocrx_word' id='word_1_898' title='bbox 2243 4155 2334 4204; x_wconf 73' lang='grc' dir='ltr'>καὶ</span> <span class='ocrx_word' id='word_1_899' title='bbox 2369 4154 2576 4205; x_wconf 74' lang='grc' dir='ltr'>ἐνέδυσε</span> <span class='ocrx_word' id='word_1_900' title='bbox 2624 4152 2713 4203; x_wconf 83' lang='grc' dir='ltr'>τὸν</span> <span class='ocrx_word' id='word_1_901' title='bbox 2770 4147 3021 4216; x_wconf 78' lang='grc' dir='ltr'>Ἐλεάζαρ</span> <span class='ocrx_word' id='word_1_902' title='bbox 3069 4147 3136 4198; x_wconf 84' lang='grc' dir='ltr'>τὰ</span> <span class='ocrx_word' id='word_1_903' title='bbox 3184 4146 3371 4215; x_wconf 73' lang='grc' dir='ltr'>ἱμάτια</span> 
     </span>
    </p>
   </div>
   <div class='ocr_carea' id='block_1_113' title="bbox 1833 4226 3371 4301">
    <p class='ocr_par' dir='ltr' id='par_1_113' title="bbox 1833 4226 3371 4301">
     <span class='ocr_line' id='line_1_114' title="bbox 1833 4226 3371 4301; baseline -0.004 -15"><span class='ocrx_word' id='word_1_904' title='bbox 1833 4233 2013 4286; x_wconf 82' lang='grc' dir='ltr'>αὑτοῦ.</span> <span class='ocrx_word' id='word_1_905' title='bbox 2089 4234 2147 4285; x_wconf 89' lang='lat'>&#39;0</span> <span class='ocrx_word' id='word_1_906' title='bbox 2194 4232 2248 4284; x_wconf 88' lang='grc' dir='ltr'>δὲ</span> <span class='ocrx_word' id='word_1_907' title='bbox 2295 4232 2499 4301; x_wconf 83' lang='grc' dir='ltr'>Ἀαρὼν</span> <span class='ocrx_word' id='word_1_908' title='bbox 2543 4232 2801 4284; x_wconf 82' lang='grc' dir='ltr'>ἀπέθανεν</span> <span class='ocrx_word' id='word_1_909' title='bbox 2852 4230 2908 4280; x_wconf 74' lang='grc' dir='ltr'>ὲν</span> <span class='ocrx_word' id='word_1_910' title='bbox 2963 4228 3039 4296; x_wconf 89' lang='grc' dir='ltr'>τῷ</span> <span class='ocrx_word' id='word_1_911' title='bbox 3074 4226 3206 4295; x_wconf 81' lang='grc' dir='ltr'>δρει.</span> <span class='ocrx_word' id='word_1_912' title='bbox 3263 4227 3371 4281; x_wconf 72' lang='grc' dir='ltr'>Καὶ</span> 
     </span>
    </p>
   </div>
   <div class='ocr_carea' id='block_1_114' title="bbox 1833 4305 3368 4382">
    <p class='ocr_par' dir='ltr' id='par_1_114' title="bbox 1833 4305 3368 4382">
     <span class='ocr_line' id='line_1_115' title="bbox 1833 4305 3368 4382; baseline -0.004 -16"><span class='ocrx_word' id='word_1_913' title='bbox 1833 4316 2084 4367; x_wconf 79' lang='grc' dir='ltr'>ἔκλαυσεν</span> <span class='ocrx_word' id='word_1_914' title='bbox 2120 4315 2148 4365; x_wconf 87' lang='grc' dir='ltr'>ὁ</span> <span class='ocrx_word' id='word_1_915' title='bbox 2190 4311 2313 4374; x_wconf 83' lang='grc' dir='ltr'>λαὸς</span> <span class='ocrx_word' id='word_1_916' title='bbox 2344 4315 2629 4382; x_wconf 89' lang='grc' dir='ltr'>τριάκοντα</span> <span class='ocrx_word' id='word_1_917' title='bbox 2672 4312 2899 4381; x_wconf 81' lang='grc' dir='ltr'>ἡμέρας.</span> <span class='ocrx_word' id='word_1_918' title='bbox 2937 4305 3088 4361; x_wconf 77' lang='grc' dir='ltr'>Είλον</span> <span class='ocrx_word' id='word_1_919' title='bbox 3138 4308 3227 4359; x_wconf 85' lang='grc' dir='ltr'>τὸν</span> <span class='ocrx_word' id='word_1_920' title='bbox 3255 4309 3368 4360; x_wconf 85' lang='grc' dir='ltr'>Χα-</span> 
     </span>
    </p>
   </div>
   <div class='ocr_carea' id='block_1_115' title="bbox 1832 4388 3371 4463">
    <p class='ocr_par' dir='ltr' id='par_1_115' title="bbox 1832 4388 3371 4463">
     <span class='ocr_line' id='line_1_116' title="bbox 1832 4388 3371 4463; baseline -0.006 -15"><span class='ocrx_word' id='word_1_921' title='bbox 1832 4399 2061 4459; x_wconf 82' lang='grc' dir='ltr'>ναναῖον,</span> <span class='ocrx_word' id='word_1_922' title='bbox 2100 4395 2191 4447; x_wconf 76' lang='grc' dir='ltr'>καὶ</span> <span class='ocrx_word' id='word_1_923' title='bbox 2224 4395 2607 4463; x_wconf 87' lang='grc' dir='ltr'>ἀνεθεμάτισαν</span> <span class='ocrx_word' id='word_1_924' title='bbox 2643 4393 2822 4445; x_wconf 79' lang='grc' dir='ltr'>αὐτόν.</span> <span class='ocrx_word' id='word_1_925' title='bbox 2875 4390 3139 4448; x_wconf 79' lang='grc' dir='ltr'>Ἐλθόντες</span> <span class='ocrx_word' id='word_1_926' title='bbox 3178 4388 3234 4440; x_wconf 86' lang='grc' dir='ltr'>δὲ</span> <span class='ocrx_word' id='word_1_927' title='bbox 3280 4388 3371 4439; x_wconf 71' lang='grc' dir='ltr'>ἐπὶ</span> 
     </span>
    </p>
   </div>
   <div class='ocr_carea' id='block_1_116' title="bbox 1834 4470 3370 4546">
    <p class='ocr_par' dir='ltr' id='par_1_116' title="bbox 1834 4470 3370 4546">
     <span class='ocr_line' id='line_1_117' title="bbox 1834 4470 3370 4546; baseline -0.006 -14"><span class='ocrx_word' id='word_1_928' title='bbox 1834 4480 2100 4532; x_wconf 79' lang='grc' dir='ltr'>θάλασσαν</span> <span class='ocrx_word' id='word_1_929' title='bbox 2142 4477 2422 4546; x_wconf 77' lang='grc' dir='ltr'>Ἐρυθρὰν,</span> <span class='ocrx_word' id='word_1_930' title='bbox 2460 4475 2715 4527; x_wconf 77' lang='grc' dir='ltr'>ὲκύκλουν</span> <span class='ocrx_word' id='word_1_931' title='bbox 2755 4474 2850 4541; x_wconf 79' lang='grc' dir='ltr'>τὴν</span> <span class='ocrx_word' id='word_1_932' title='bbox 2895 4476 2994 4539; x_wconf 84' lang='grc' dir='ltr'>γῆν</span> <span class='ocrx_word' id='word_1_933' title='bbox 3045 4470 3245 4539; x_wconf 84' lang='grc' dir='ltr'>Ἐδὼμ,</span> <span class='ocrx_word' id='word_1_934' title='bbox 3279 4472 3370 4523; x_wconf 78' lang='grc' dir='ltr'>καὶ</span> 
     </span>
    </p>
   </div>
   <div class='ocr_carea' id='block_1_117' title="bbox 1832 4550 3372 4625">
    <p class='ocr_par' dir='ltr' id='par_1_117' title="bbox 1832 4550 3372 4625">
     <span class='ocr_line' id='line_1_118' title="bbox 1832 4550 3372 4625; baseline -0.006 -16"><span class='ocrx_word' id='word_1_935' title='bbox 1832 4558 2219 4625; x_wconf 83' lang='grc' dir='ltr'>ὡλιγοψύχουν,</span> <span class='ocrx_word' id='word_1_936' title='bbox 2270 4557 2361 4607; x_wconf 75' lang='grc' dir='ltr'>καὶ</span> <span class='ocrx_word' id='word_1_937' title='bbox 2404 4554 2793 4622; x_wconf 78' lang='grc' dir='ltr'>κατεγόγγυζον</span> <span class='ocrx_word' id='word_1_938' title='bbox 2837 4554 3038 4620; x_wconf 82' lang='grc' dir='ltr'>Μωῦσῇ</span> <span class='ocrx_word' id='word_1_939' title='bbox 3063 4566 3076 4579; x_wconf 77' lang='grc'><strong>⁸</strong></span> <span class='ocrx_word' id='word_1_940' title='bbox 3124 4552 3216 4602; x_wconf 82' lang='grc' dir='ltr'>καὶ</span> <span class='ocrx_word' id='word_1_941' title='bbox 3267 4550 3372 4601; x_wconf 90' lang='grc' dir='ltr'>ἀπ-</span> 
     </span>
    </p>
   </div>
   <div class='ocr_carea' id='block_1_118' title="bbox 1833 4632 3370 4701">
    <p class='ocr_par' dir='ltr' id='par_1_118' title="bbox 1833 4632 3370 4701">
     <span class='ocr_line' id='line_1_119' title="bbox 1833 4632 3370 4701; baseline -0.005 -8"><span class='ocrx_word' id='word_1_942' title='bbox 1833 4642 2065 4693; x_wconf 88' lang='grc' dir='ltr'>έστειλεν</span> <span class='ocrx_word' id='word_1_943' title='bbox 2105 4642 2132 4691; x_wconf 92' lang='lat'>6</span> <span class='ocrx_word' id='word_1_944' title='bbox 2169 4638 2297 4701; x_wconf 85' lang='grc' dir='ltr'>Θεὸς</span> <span class='ocrx_word' id='word_1_945' title='bbox 2328 4639 2413 4688; x_wconf 78' lang='grc' dir='ltr'>ἐπ’</span> <span class='ocrx_word' id='word_1_946' title='bbox 2452 4638 2645 4696; x_wconf 78' lang='grc' dir='ltr'>αὐτοὺς</span> <span class='ocrx_word' id='word_1_947' title='bbox 2683 4635 2831 4695; x_wconf 84' lang='grc' dir='ltr'>δφεις</span> <span class='ocrx_word' id='word_1_948' title='bbox 2863 4633 3231 4692; x_wconf 88' lang='grc' dir='ltr'>θανατοῦντας.</span> <span class='ocrx_word' id='word_1_949' title='bbox 3264 4632 3370 4685; x_wconf 70' lang='lat' dir='ltr'>Kal</span> 
     </span>
    </p>
   </div>
   <div class='ocr_carea' id='block_1_119' title="bbox 1832 4711 3368 4791">
    <p class='ocr_par' dir='ltr' id='par_1_119' title="bbox 1832 4711 3368 4791">
     <span class='ocr_line' id='line_1_120' title="bbox 1832 4711 3368 4791; baseline -0.008 -17"><span class='ocrx_word' id='word_1_950' title='bbox 1832 4722 2026 4791; x_wconf 82' lang='grc' dir='ltr'>ηῠξατο</span> <span class='ocrx_word' id='word_1_951' title='bbox 2057 4719 2292 4785; x_wconf 82' lang='grc' dir='ltr'>Μωῦσῆς</span> <span class='ocrx_word' id='word_1_952' title='bbox 2312 4734 2325 4748; x_wconf 81' lang='lat'><strong><em>°</em></strong></span> <span class='ocrx_word' id='word_1_953' title='bbox 2360 4718 2452 4769; x_wconf 80' lang='grc' dir='ltr'>καὶ</span> <span class='ocrx_word' id='word_1_954' title='bbox 2476 4715 2692 4785; x_wconf 82' lang='grc' dir='ltr'>ἐποίησε</span> <span class='ocrx_word' id='word_1_955' title='bbox 2715 4711 2941 4783; x_wconf 89' lang='grc' dir='ltr'>χαλκοῦν</span> <span class='ocrx_word' id='word_1_956' title='bbox 2961 4712 3102 4779; x_wconf 77' lang='grc' dir='ltr'>ὅφιν,</span> <span class='ocrx_word' id='word_1_957' title='bbox 3138 4729 3368 4780; x_wconf 84' lang='grc' dir='ltr'>προστα-</span> 
     </span>
    </p>
   </div>
   <div class='ocr_carea' id='block_1_120' title="bbox 1831 4794 3370 4871">
    <p class='ocr_par' dir='ltr' id='par_1_120' title="bbox 1831 4794 3370 4871">
     <span class='ocr_line' id='line_1_121' title="bbox 1831 4794 3370 4871; baseline -0.006 -18"><span class='ocrx_word' id='word_1_958' title='bbox 1831 4802 1973 4871; x_wconf 71' lang='grc' dir='ltr'>χθεὶς</span> <span class='ocrx_word' id='word_1_959' title='bbox 2013 4802 2115 4853; x_wconf 80' lang='grc' dir='ltr'>ὑπὸ</span> <span class='ocrx_word' id='word_1_960' title='bbox 2148 4799 2240 4850; x_wconf 89' lang='grc' dir='ltr'>τοῦ</span> <span class='ocrx_word' id='word_1_961' title='bbox 2285 4798 2437 4850; x_wconf 90' lang='grc' dir='ltr'>Θεοῦ.</span> <span class='ocrx_word' id='word_1_962' title='bbox 2480 4797 2587 4848; x_wconf 87' lang='lat' dir='ltr'>Kal</span> <span class='ocrx_word' id='word_1_963' title='bbox 2624 4798 2652 4848; x_wconf 92' lang='lat'>6</span> <span class='ocrx_word' id='word_1_964' title='bbox 2694 4794 3045 4862; x_wconf 88' lang='grc' dir='ltr'>δακνόμενος,</span> <span class='ocrx_word' id='word_1_965' title='bbox 3084 4794 3242 4862; x_wconf 84' lang='grc' dir='ltr'>ἡνίκα</span> <span class='ocrx_word' id='word_1_966' title='bbox 3286 4794 3370 4844; x_wconf 80' lang='grc' dir='ltr'>ἀν-</span> 
     </span>
    </p>
   </div>
   <div class='ocr_carea' id='block_1_121' title="bbox 1832 4874 3367 4949">
    <p class='ocr_par' dir='ltr' id='par_1_121' title="bbox 1832 4874 3367 4949">
     <span class='ocr_line' id='line_1_122' title="bbox 1832 4874 3367 4949; baseline -0.007 -14"><span class='ocrx_word' id='word_1_967' title='bbox 1832 4884 2047 4949; x_wconf 77' lang='grc' dir='ltr'>έϐλεψεν</span> <span class='ocrx_word' id='word_1_968' title='bbox 2072 4885 2149 4943; x_wconf 88' lang='grc' dir='ltr'>εἰς</span> <span class='ocrx_word' id='word_1_969' title='bbox 2172 4881 2259 4932; x_wconf 86' lang='grc' dir='ltr'>τὸν</span> <span class='ocrx_word' id='word_1_970' title='bbox 2282 4880 2421 4946; x_wconf 74' lang='grc' dir='ltr'>ὅφιν,</span> <span class='ocrx_word' id='word_1_971' title='bbox 2450 4878 2543 4946; x_wconf 75' lang='grc' dir='ltr'>ἔζη</span> <span class='ocrx_word' id='word_1_972' title='bbox 2598 4877 2729 4945; x_wconf 76' lang='grc' dir='ltr'>Περὶ</span> <span class='ocrx_word' id='word_1_973' title='bbox 2752 4875 2937 4927; x_wconf 89' lang='grc' dir='ltr'>τούτου</span> <span class='ocrx_word' id='word_1_974' title='bbox 2968 4875 3058 4926; x_wconf 90' lang='grc' dir='ltr'>τοῦ</span> <span class='ocrx_word' id='word_1_975' title='bbox 3089 4874 3259 4940; x_wconf 78' lang='grc' dir='ltr'>ὄφεως</span> <span class='ocrx_word' id='word_1_976' title='bbox 3295 4874 3367 4924; x_wconf 82' lang='grc' dir='ltr'>εί-</span> 
     </span>
    </p>
   </div>
   <div class='ocr_carea' id='block_1_122' title="bbox 1835 4953 3370 5033">
    <p class='ocr_par' dir='ltr' id='par_1_122' title="bbox 1835 4953 3370 5033">
     <span class='ocr_line' id='line_1_123' title="bbox 1835 4953 3370 5033; baseline -0.008 -16"><span class='ocrx_word' id='word_1_977' title='bbox 1835 4981 1987 5033; x_wconf 89' lang='grc' dir='ltr'>ρηται</span> <span class='ocrx_word' id='word_1_978' title='bbox 2016 4968 2071 5015; x_wconf 84' lang='grc' dir='ltr'>ὲν</span> <span class='ocrx_word' id='word_1_979' title='bbox 2096 4962 2172 5029; x_wconf 86' lang='grc' dir='ltr'>τῷ</span> <span class='ocrx_word' id='word_1_980' title='bbox 2198 4960 2524 5027; x_wconf 78' lang='grc' dir='ltr'>Εὑαγγελίῳ·</span> <span class='ocrx_word' id='word_1_981' title='bbox 2543 4958 2740 5021; x_wconf 85' lang='grc' dir='ltr'>Καθὼς</span> <span class='ocrx_word' id='word_1_982' title='bbox 2756 4958 2960 5023; x_wconf 71' lang='grc' dir='ltr'>ὕψωσε</span> <span class='ocrx_word' id='word_1_983' title='bbox 2988 4953 3242 5019; x_wconf 79' lang='grc' dir='ltr'>Μωϋσῆς</span> <span class='ocrx_word' id='word_1_984' title='bbox 3266 4955 3370 5006; x_wconf 79' lang='grc' dir='ltr'>τόν</span> 
     </span>
    </p>
   </div>
   <div class='ocr_carea' id='block_1_123' title="bbox 1830 5034 3371 5112">
    <p class='ocr_par' dir='ltr' id='par_1_123' title="bbox 1830 5034 3371 5112">
     <span class='ocr_line' id='line_1_124' title="bbox 1830 5034 3371 5112; baseline -0.007 -14"><span class='ocrx_word' id='word_1_985' title='bbox 1830 5047 1967 5112; x_wconf 65' lang='grc' dir='ltr'>ὄφιν</span> <span class='ocrx_word' id='word_1_986' title='bbox 1992 5047 2059 5097; x_wconf 81' lang='grc' dir='ltr'>ὲν</span> <span class='ocrx_word' id='word_1_987' title='bbox 2086 5043 2157 5111; x_wconf 74' lang='grc' dir='ltr'>τῇ</span> <span class='ocrx_word' id='word_1_988' title='bbox 2188 5042 2413 5109; x_wconf 78' lang='grc' dir='ltr'>ἐρήμῳ,</span> <span class='ocrx_word' id='word_1_989' title='bbox 2441 5041 2591 5092; x_wconf 82' lang='grc' dir='ltr'>οὕτω</span> <span class='ocrx_word' id='word_1_990' title='bbox 2621 5039 2710 5091; x_wconf 87' lang='grc' dir='ltr'>δεῖ</span> <span class='ocrx_word' id='word_1_991' title='bbox 2751 5035 3055 5104; x_wconf 69' lang='grc' dir='ltr'>ὑψωθῆναι</span> <span class='ocrx_word' id='word_1_992' title='bbox 3095 5034 3197 5087; x_wconf 78' lang='grc' dir='ltr'>τὸν</span> <span class='ocrx_word' id='word_1_993' title='bbox 3236 5034 3371 5087; x_wconf 72' lang='grc' dir='ltr'>Υίδν</span> 
     </span>
    </p>
   </div>
   <div class='ocr_carea' id='block_1_124' title="bbox 1830 5115 3369 5193">
    <p class='ocr_par' dir='ltr' id='par_1_124' title="bbox 1830 5115 3369 5193">
     <span class='ocr_line' id='line_1_125' title="bbox 1830 5115 3369 5193; baseline -0.006 -17"><span class='ocrx_word' id='word_1_994' title='bbox 1830 5126 1930 5177; x_wconf 82' lang='grc' dir='ltr'>τοῦ</span> <span class='ocrx_word' id='word_1_995' title='bbox 1958 5124 2283 5191; x_wconf 78' lang='grc' dir='ltr'>ἀνθρώπου.</span> <span class='ocrx_word' id='word_1_996' title='bbox 2308 5121 2669 5193; x_wconf 81' lang='grc' dir='ltr'>Πρεσϐεύεται</span> <span class='ocrx_word' id='word_1_997' title='bbox 2690 5118 2926 5185; x_wconf 85' lang='grc' dir='ltr'>Μωῦσῆς</span> <span class='ocrx_word' id='word_1_998' title='bbox 2954 5117 3086 5185; x_wconf 89' lang='grc' dir='ltr'>πρὸς</span> <span class='ocrx_word' id='word_1_999' title='bbox 3110 5116 3200 5167; x_wconf 91' lang='grc' dir='ltr'>τὸν</span> <span class='ocrx_word' id='word_1_1000' title='bbox 3226 5115 3369 5183; x_wconf 78' lang='grc' dir='ltr'>βασι-</span> 
     </span>
    </p>
   </div>
   <div class='ocr_carea' id='block_1_125' title="bbox 1829 5194 3372 5275">
    <p class='ocr_par' dir='ltr' id='par_1_125' title="bbox 1829 5194 3372 5275">
     <span class='ocr_line' id='line_1_126' title="bbox 1829 5194 3372 5275; baseline -0.007 -16"><span class='ocrx_word' id='word_1_1001' title='bbox 1829 5210 1921 5260; x_wconf 86' lang='grc' dir='ltr'>λέα</span> <span class='ocrx_word' id='word_1_1002' title='bbox 1943 5209 2049 5259; x_wconf 88' lang='grc' dir='ltr'>τῶν</span> <span class='ocrx_word' id='word_1_1003' title='bbox 2090 5210 2143 5257; x_wconf 88' lang='grc' dir='ltr'>’Λ</span> <span class='ocrx_word' id='word_1_1004' title='bbox 2154 5205 2422 5275; x_wconf 75' lang='grc' dir='ltr'>μορραίων</span> <span class='ocrx_word' id='word_1_1005' title='bbox 2444 5204 2531 5255; x_wconf 84' lang='grc' dir='ltr'>τὸν</span> <span class='ocrx_word' id='word_1_1006' title='bbox 2551 5202 2718 5271; x_wconf 86' lang='grc' dir='ltr'>Σηών.</span> <span class='ocrx_word' id='word_1_1007' title='bbox 2745 5194 2908 5261; x_wconf 76' lang='grc' dir='ltr'>Οὗτος</span> <span class='ocrx_word' id='word_1_1008' title='bbox 2928 5199 2981 5251; x_wconf 76' lang='grc' dir='ltr'>δὲ</span> <span class='ocrx_word' id='word_1_1009' title='bbox 3002 5202 3029 5251; x_wconf 93' lang='lat'>6</span> <span class='ocrx_word' id='word_1_1010' title='bbox 3054 5195 3200 5267; x_wconf 81' lang='grc' dir='ltr'>Σηὼν</span> <span class='ocrx_word' id='word_1_1011' title='bbox 3222 5197 3372 5249; x_wconf 63' lang='grc' dir='ltr'>πολεα</span> 
     </span>
    </p>
   </div>
   <div class='ocr_carea' id='block_1_126' title="bbox 1890 5283 3368 5350">
    <p class='ocr_par' dir='ltr' id='par_1_126' title="bbox 1890 5283 3368 5350">
     <span class='ocr_line' id='line_1_127' title="bbox 1890 5283 3368 5350; baseline -0.013 -7"><span class='ocrx_word' id='word_1_1012' title='bbox 1890 5299 1912 5326; x_wconf 82' lang='grc'>⁶</span> <span class='ocrx_word' id='word_1_1013' title='bbox 1937 5296 1989 5343; x_wconf 87' lang='lat' dir='ltr'>In</span> <span class='ocrx_word' id='word_1_1014' title='bbox 2034 5292 2338 5342; x_wconf 74' lang='lat' dir='ltr'>Onomastico</span> <span class='ocrx_word' id='word_1_1015' title='bbox 2383 5290 2705 5350; x_wconf 71' lang='lat' dir='ltr'>Athanasiano</span> <span class='ocrx_word' id='word_1_1016' title='bbox 2740 5288 2797 5334; x_wconf 84' lang='lat' dir='ltr'><strong><em>ad</em></strong></span> <span class='ocrx_word' id='word_1_1017' title='bbox 2835 5298 3019 5350; x_wconf 39' lang='lat' dir='ltr'>vocem.</span> <span class='ocrx_word' id='word_1_1018' title='bbox 3042 5283 3255 5350; x_wconf 71' lang='grc' dir='ltr'>θαυμάζω</span> <span class='ocrx_word' id='word_1_1019' title='bbox 3292 5283 3368 5330; x_wconf 82' lang='lat' dir='ltr'>di-</span> 
     </span>
    </p>
   </div>
   <div class='ocr_carea' id='block_1_127' title="bbox 1829 5343 3366 5411">
    <p class='ocr_par' dir='ltr' id='par_1_127' title="bbox 1829 5343 3366 5411">
     <span class='ocr_line' id='line_1_128' title="bbox 1829 5343 3366 5411; baseline -0.011 -6"><span class='ocrx_word' id='word_1_1020' title='bbox 1829 5358 1987 5405; x_wconf 72' lang='lat' dir='ltr'>ximus</span> <span class='ocrx_word' id='word_1_1021' title='bbox 2009 5356 2131 5401; x_wconf 85' lang='lat' dir='ltr'>hanc</span> <span class='ocrx_word' id='word_1_1022' title='bbox 2156 5366 2316 5398; x_wconf 69' lang='lat' dir='ltr'>vocem</span> <span class='ocrx_word' id='word_1_1023' title='bbox 2343 5363 2472 5410; x_wconf 64' lang='lat' dir='ltr'><strong>saepe</strong></span> <span class='ocrx_word' id='word_1_1024' title='bbox 2511 5349 2801 5411; x_wconf 56' lang='lat' dir='ltr'>signiﬁcqre,</span> <span class='ocrx_word' id='word_1_1025' title='bbox 2823 5358 2944 5411; x_wconf 48' lang='lat' dir='ltr'>cum:</span> <span class='ocrx_word' id='word_1_1026' title='bbox 2960 5343 3275 5411; x_wconf 59' lang='grc' dir='ltr'>αάιηίνᾳιιοηε</span> <span class='ocrx_word' id='word_1_1027' title='bbox 3290 5355 3366 5411; x_wconf 74' lang='grc' dir='ltr'>ες-</span> 
     </span>
    </p>
   </div>
   <div class='ocr_carea' id='block_1_128' title="bbox 1832 5402 3367 5471">
    <p class='ocr_par' dir='ltr' id='par_1_128' title="bbox 1832 5402 3367 5471">
     <span class='ocr_line' id='line_1_129' title="bbox 1832 5402 3367 5471; baseline -0.009 -8"><span class='ocrx_word' id='word_1_1028' title='bbox 1832 5402 1981 5471; x_wconf 59' lang='grc' dir='ltr'>ίέίινο,</span> <span class='ocrx_word' id='word_1_1029' title='bbox 2005 5414 2165 5461; x_wconf 82' lang='lat' dir='ltr'><strong><em>laudo.</em></strong></span> <span class='ocrx_word' id='word_1_1030' title='bbox 2195 5412 2294 5459; x_wconf 84' lang='lat' dir='ltr'><strong><em>lloc</em></strong></span> <span class='ocrx_word' id='word_1_1031' title='bbox 2318 5402 2461 5458; x_wconf 63' lang='lat' dir='ltr'>senéu</span> <span class='ocrx_word' id='word_1_1032' title='bbox 2486 5402 2680 5469; x_wconf 56' lang='lat' dir='ltr'>prﬁrsus</span> <span class='ocrx_word' id='word_1_1033' title='bbox 2710 5402 2796 5455; x_wconf 40' lang='lat' dir='ltr'>hic&#39;</span> <span class='ocrx_word' id='word_1_1034' title='bbox 2814 5403 3045 5466; x_wconf 77' lang='lat' dir='ltr'>explicari</span> <span class='ocrx_word' id='word_1_1035' title='bbox 3064 5402 3210 5451; x_wconf 77' lang='lat' dir='ltr'><strong>debet</strong></span> <span class='ocrx_word' id='word_1_1036' title='bbox 3233 5402 3367 5450; x_wconf 77' lang='grc' dir='ltr'>ἐθαύ-</span> 
     </span>
    </p>
   </div>
   <div class='ocr_carea' id='block_1_129' title="bbox 1901 5481 1990 5530">
    <p class='ocr_par' dir='ltr' id='par_1_129' title="bbox 1901 5481 1990 5530">
     <span class='ocr_line' id='line_1_130' title="bbox 1901 5481 1990 5530; baseline 0.045 -14"><span class='ocrx_word' id='word_1_1037' title='bbox 1901 5481 1990 5530; x_wconf 79' lang='grc' dir='ltr'>ζον.</span> 
     </span>
    </p>
   </div>
   <div class='ocr_carea' id='block_1_130' title="bbox 1835 5494 3370 5591">
    <p class='ocr_par' dir='ltr' id='par_1_130' title="bbox 1835 5494 3370 5591">
     <span class='ocr_line' id='line_1_131' title="bbox 1951 5494 1990 5520; baseline 0 0"><span class='ocrx_word' id='word_1_1038' title='bbox 1951 5494 1990 5520; x_wconf 77' lang='grc' dir='ltr'>ν.</span> 
     </span>
     <span class='ocr_line' id='line_1_132' title="bbox 1835 5494 3370 5591; baseline -0.004 -14"><span class='ocrx_word' id='word_1_1039' title='bbox 1835 5494 2133 5584; x_wconf 53' lang='grc' dir='ltr'>μαδοίζιήειίιι.</span> <span class='ocrx_word' id='word_1_1040' title='bbox 2160 5533 2235 5578; x_wconf 84' lang='grc' dir='ltr'>καὶ</span> <span class='ocrx_word' id='word_1_1041' title='bbox 2258 5532 2393 5579; x_wconf 83' lang='grc' dir='ltr'>πάλιν</span> <span class='ocrx_word' id='word_1_1042' title='bbox 2434 5527 2722 5591; x_wconf 73' lang='grc' dir='ltr'>ὀργιζόμενον</span> <span class='ocrx_word' id='word_1_1043' title='bbox 2758 5527 2837 5573; x_wconf 84' lang='grc' dir='ltr'>τὸν</span> <span class='ocrx_word' id='word_1_1044' title='bbox 2873 5526 3006 5574; x_wconf 83' lang='grc' dir='ltr'>Θεὸν.</span> <span class='ocrx_word' id='word_1_1045' title='bbox 3039 5524 3157 5573; x_wconf 80' lang='grc' dir='ltr'>Τότε</span> <span class='ocrx_word' id='word_1_1046' title='bbox 3191 5521 3316 5569; x_wconf 80' lang='grc' dir='ltr'>εἶπεν</span> <span class='ocrx_word' id='word_1_1047' title='bbox 3340 5528 3370 5571; x_wconf 73' lang='grc' dir='ltr'><strong>ὁ</strong></span> 
     </span>
    </p>
   </div>
   <div class='ocr_carea' id='block_1_131' title="bbox 1832 5588 2808 5653">
    <p class='ocr_par' dir='ltr' id='par_1_131' title="bbox 1832 5588 2808 5653">
     <span class='ocr_line' id='line_1_133' title="bbox 1832 5588 2808 5653; baseline -0.013 -9"><span class='ocrx_word' id='word_1_1048' title='bbox 1832 5598 1945 5649; x_wconf 77' lang='grc' dir='ltr'>Θεὸς</span> <span class='ocrx_word' id='word_1_1049' title='bbox 1966 5597 2025 5653; x_wconf 84' lang='grc' dir='ltr'>μή</span> <span class='ocrx_word' id='word_1_1050' title='bbox 2050 5592 2261 5648; x_wconf 77' lang='grc' dir='ltr'>ἀνελθεῖν,</span> <span class='ocrx_word' id='word_1_1051' title='bbox 2297 5604 2404 5651; x_wconf 71' lang='lat' dir='ltr'>qua)</span> <span class='ocrx_word' id='word_1_1052' title='bbox 2418 5588 2529 5653; x_wconf 60' lang='lat' dir='ltr'>sum</span> <span class='ocrx_word' id='word_1_1053' title='bbox 2552 5588 2808 5653; x_wconf 72' lang='grc' dir='ltr'>ἀσύστατα.</span> 
     </span>
    </p>
   </div>
   <div class='ocr_carea' id='block_1_132' title="bbox 1902 5649 2895 5715">
    <p class='ocr_par' dir='ltr' id='par_1_132' title="bbox 1902 5649 2895 5715">
     <span class='ocr_line' id='line_1_134' title="bbox 1902 5649 2895 5715; baseline -0.012 -11"><span class='ocrx_word' id='word_1_1054' title='bbox 1902 5669 1923 5699; x_wconf 70' lang='grc' dir='ltr'>ε</span> <span class='ocrx_word' id='word_1_1055' title='bbox 1945 5649 2045 5703; x_wconf 75' lang='grc' dir='ltr'>Ἵνα</span> <span class='ocrx_word' id='word_1_1056' title='bbox 2067 5654 2157 5703; x_wconf 69' lang='grc' dir='ltr'>ἀτιῆ</span> <span class='ocrx_word' id='word_1_1057' title='bbox 2184 5649 2363 5710; x_wconf 71' lang='grc' dir='ltr'>αὐτούς,</span> <span class='ocrx_word' id='word_1_1058' title='bbox 2386 5651 2557 5715; x_wconf 79' lang='lat' dir='ltr'>supple</span> <span class='ocrx_word' id='word_1_1059' title='bbox 2576 5649 2895 5710; x_wconf 69' lang='grc' dir='ltr'>παρέρχωθαι.</span> 
     </span>
    </p>
   </div>
  </div>
