4152 6324
803 469 980 539 μήσας
1012 468 1267 537 πρότερον
1299 468 1387 519 τὸν
1418 467 1634 536 βασιλέα
1684 468 1885 531 Μωὰϐ,
1920 468 2075 522 ἔλασε
2113 469 2212 536 τὴν
2245 466 2350 536 γῆν

799 549 986 603 αὐτοῦ.
1045 550 1131 611 Ὠς
1157 551 1213 602 δὲ
1251 550 1346 603 καὶ
1383 552 1492 611 τοῖς
1547 550 1902 620 Ἰσραηλίταις
1950 550 2233 618 συνέμιξεν
2278 551 2356 610 είς

800 633 1053 702 πόλεμον,
1088 632 1291 702 ἡττήθη
1320 631 1457 684 κατὰ
1484 633 1698 700 κράτος,
1727 634 1820 686 καὶ
1850 633 1947 695 τὰς
1991 633 2171 694 πόλεις
2194 631 2354 684 αὑτοῦ

798 714 975 776 πάσας
999 712 1184 767 ἔλαϐον
1211 715 1261 765 οί
1305 711 1648 784 Ἰσραηλῖται.
1679 714 2047 782 Συμϐαλόντες
2077 712 2133 766 δὲ
2165 712 2356 781 καὶτῷ

802 794 901 859 Ὢγ
933 792 1140 860 βασιλεῖ
1173 797 1269 863 τῆς
1303 795 1512 856 Βασάν,
1547 797 1658 857 τοῖς
1701 796 1882 858 αὐτοῖς
1911 794 2223 865 περιέϐαλον
2258 794 2356 847 αύ-

795 874 888 927 τὸν
915 878 1120 938 κακοῖς,
1158 871 1236 938 οἷς
1274 877 1367 930 καὶ
1397 877 1486 928 τὸν
1523 877 1696 946 Σηὼν,
1732 879 1823 929 καὶ
1850 878 1947 946 τὴν
1988 878 2089 945 γῆν
2136 878 2228 931 καὶ
2260 876 2356 939 τὰς

799 965 979 1028 πόλεις
999 966 1163 1037 αὑτοῦ
1192 968 1368 1031 πάσας
1395 968 1600 1020 ἔλαϐον.
1647 969 1859 1036 Πέμπει
1903 969 2150 1037 βασιλεὺς
2176 968 2356 1021 Βαλὰκ

797 1049 934 1117 πρὸς
972 1035 1198 1117 Βαλαάμ
1221 1050 1308 1103 τὸν
1345 1052 1562 1120 μάντιν,
1592 1053 1676 1104 ἵνα
1707 1035 1974 1122 ἀράσηται
1995 1051 2084 1104 τὸν
2108 1051 2252 1104 λαόν.
2299 1053 2354 1104 '0

795 1129 852 1182 δὲ
875 1130 1004 1192 Θεὸς
1024 1132 1084 1183 τὸ
1115 1132 1210 1200 μὲν
1238 1132 1446 1201 πρῶτον
1484 1133 1770 1186 ἐκώλυσεν.
1809 1133 1895 1195 Ὠς
1931 1132 1987 1184 δὲ
2021 1133 2252 1186 ἐνέκειτο
2278 1133 2354 1201 τῷ

800 1212 1020 1280 μάντει,
1062 1213 1431 1282 συνεχώρησεν
1469 1214 1721 1266 ἀπελθεῖν
1745 1214 1871 1282 μὲν,
1907 1215 1967 1266 οὐ
2011 1216 2116 1285 μὴν
2145 1215 2351 1286 ἀράσα-

800 1293 919 1345 σθαι
1011 1295 1122 1346 ἁλλ’
1150 1295 1340 1366 ἔτρεψε
1387 1297 1483 1356 τὰς
1515 1296 1756 1365 κατάρας
1815 1297 1895 1358 είς
1927 1296 2192 1364 εὐλογίας.
2240 1299 2353 1350 Ούκ

799 1372 948 1445 [555,
990 1376 1173 1444 ἐπειδὴ
1223 1377 1402 1444 ἴσχυόν
1443 1394 1495 1429 τι
1538 1380 1592 1430 al
1633 1379 1760 1446 ἀραὶ
1788 1377 1879 1430 τοῦ
1927 1378 2186 1446 μάντεως,
2239 1378 2352 1430 ἀλλ’

795 1455 978 1524 ἐπειδὴ
1003 1455 1338 1525 ταλαίπωρος
1359 1453 1425 1526 ἦν
1441 1459 1468 1510 6
1485 1457 1632 1520 λαὸς,
1650 1457 1878 1527 ἤμελλεν
1896 1459 2056 1511 αὑτοῦ
2082 1459 2352 1514 πιστεύειν

793 1538 910 1598 ταῖς
937 1539 1218 1608 κατάραις,
1246 1540 1339 1591 καὶ
1362 1541 1776 1610 κατακρίνεσθαι
1821 1543 1936 1594 ἐκεῖ
1972 1543 2058 1594 διὰ
2087 1541 2184 1611 τὴν
2217 1542 2350 1595 ίδίαν

793 1617 1090 1672 ἀσθένειαν.
1112 1615 1276 1682 Οὗτος
1304 1623 1630 1690 προφητεύει
1653 1623 1883 1690 περὶτοῦ
1906 1622 2137 1693 Χριστοῦ
2154 1624 2346 1690 λέγων·

807 1699 1096 1752 Ἆνατελεῖ
1110 1701 1333 1767 ἄστρον
1355 1703 1424 1765 ἐξ
1460 1704 1681 1765 Ἰακὼϐ,
1704 1705 1801 1757 καὶ
1826 1704 2227 1768 ἀναστήσεται
2248 1704 2351 1757 ἅν·-

795 1782 1021 1846 Ορω.ςτες
1059 1781 1126 1844 ἐξ
1161 1783 1424 1850 Ἰσραήλ.
1445 1786 1664 1853 Πνεῦμα
1691 1788 1796 1853 γὰρ
1822 1787 1955 1839 Θεοῦ
1993 1785 2222 1856 ἐγενήθη
2258 1787 2350 1838 ἐπὶ

792 1860 869 1928 τῷ
897 1862 1102 1929 μάντει.
1144 1865 1230 1925 Ὡς
1256 1865 1312 1916 δὲ
1344 1865 1582 1934 ἀπῆλθεν
1609 1869 1636 1919 6
1674 1869 1930 1937 Βαλαάμ,
1965 1869 2350 1937 ἐκπορεύουσιν

791 1942 841 1993 οί
869 1943 976 1993 υἱοὶ
1030 1945 1244 2014 Ἰσραὴλ
1270 1947 1348 2009 είς
1371 1947 1467 2008 τὰς
1493 1947 1793 2016 θυγατέρας
1813 1949 2004 2014 Μωάσ,
2028 1951 2120 2002 καὶ
2141 1950 2350 2002 τελοῦν-

791 2041 879 2077 ται
907 2024 984 2093 τῷ
1025 2026 1360 2096 Βεελφεγώρ.
1408 2029 1539 2080 Τὸτε
1571 2031 1775 2082 κελεύει
1816 2033 2054 2100 Μωῦσῆς
2087 2033 2345 2096 ἕκαστον,

792 2109 1103 2164 ἀποκτεῖναι
1138 2111 1227 2164 τὸν
1261 2113 1483 2181 ἀδελφὸν
1512 2115 2060 2186 είδωλολατρήσαντα.
2093 2118 2224 2170 Τότε
2255 2119 2349 2172 καὶ

789 2195 972 2257 Φινεὲς
1022 2197 1133 2258 υίὸς
1187 2197 1445 2268 Ἐλεάζαρ
1487 2199 1797 2270 ἐξεκέντησε
1847 2203 1935 2253 τὸν
1978 2203 2219 2272 Ζαμϐρὶν
2257 2204 2347 2256 τὸν

803 2275 1156 2346 Ἰσραηλίτην,
1215 2279 1306 2330 καὶ
1359 2281 1456 2350 τὴν
1489 2282 1663 2332 Χασϐὶ
1713 2283 1810 2350 τὴν
1865 2284 2177 2338 Μαδιανῖτιν
2231 2285 2347 2354 μετ’

790 2355 952 2408 αὑτοῦ
980 2372 993 2385 ’
1029 2359 1122 2410 καὶ
1147 2358 1424 2427 ἐλογίσθη
1454 2361 1610 2425 αὺτῷ
1640 2363 1727 2426 είς
1771 2363 2176 2432 δικαιοσύνην.
2213 2367 2344 2418 Τότε

791 2437 1142 2507 ἀριθμοῦνται
1168 2442 1214 2493 οί
1239 2441 1342 2492 υἱοὶ
1377 2443 1587 2513 Ἰσραὴλ
1616 2445 1720 2496 ἀπὸ
1745 2446 2082 2509 είκοσαέτους
2100 2449 2190 2500 καὶ
2210 2448 2344 2502 ἐπά-

790 2535 863 2570 νω
882 2557 896 2578 ,
925 2519 1015 2570 καὶ
1045 2521 1341 2589 εὑρέθησαν
1365 2522 1636 2586 ἑξακόσιαι
1663 2525 1912 2593 χιλιάδες,
1942 2528 2033 2579 καὶ
2063 2529 2344 2598 τρισχίλιοι

787 2599 976 2668 ἄνδρες
1007 2601 1097 2653 καὶ
1123 2604 1414 2671 τριάκοντα
1436 2623 1449 2635 ο
1477 2607 1524 2657 οί
1555 2607 1610 2658 δὲ
1640 2607 1857 2660 Λευῖται
1889 2613 2034 2678 τρεῖς
2063 2613 2154 2664 καὶ
2176 2613 2344 2666 εἴκοσι

789 2681 1018 2750 χιλιάδες
1041 2684 1146 2736 ἀπὸ
1172 2688 1418 2754 μηνιαίου
1453 2689 1543 2739 καὶ
1571 2690 1769 2743 ἐπάνω.
1814 2689 1960 2760 Αὕτη
1993 2695 2024 2762 ἡ
2066 2695 2344 2763 ἐπίσκεψις

786 2763 845 2844 ἐν
874 2841 880 2844 ι
907 2763 1148 2844 Ἀραϐμὼθ
1191 2767 1366 2819 Μωάϐ
1409 2771 1642 2834 ἐγένετο,
1694 2771 1862 2840 πέραν
1907 2773 2000 2824 τοῦ
2062 2776 2340 2844 Ἰορδάνου.

789 2841 893 2892 Καὶ
921 2845 1020 2895 οὐκ
1055 2840 1120 2912 ἦν
1169 2847 1224 2897 ἐν
1257 2849 1435 2909 αὐτοῖς
1471 2849 1769 2919 ἄνθρωπος.
1800 2853 1858 2915 ἐξ
1899 2847 1972 2906 ὧν
2010 2840 2344 2925 ἐπεσκέψατο

786 2921 1022 3007 Μωῦσῆς
1054 2929 1313 2996 πρότερον
1341 2932 1396 2981 ἐν
1432 2933 1496 2998 τῇ
1523 2933 1710 3001 ἐρήμῳ
1739 2936 1884 2997 Σινᾶ,
1919 2937 2055 3004 πλὴν
2094 2921 2292 3007 Ἰησοῦς
2314 2944 2342 2993 6

782 3003 875 3056 τοῦ
903 3007 1087 3090 Ναυῆ,
1130 3011 1222 3090 καὶ
1263 3011 1440 3062 Χαλὲϐ
1474 3016 1502 3064 ὀ
1535 3015 1626 3066 τοῦ
1665 3017 1900 3082 Ἰεφονεί.
1949 3003 2340 3090 Προσέρχονταί

781 3102 923 3148 τινες
951 3087 1242 3158 θυγατέρες
1269 3093 1514 3146 Σαλπαάδ
1542 3096 1640 3165 τῆς
1661 3098 1832 3167 φυλῆς
1852 3087 2141 3170 Μανασσῆ..
2163 3087 2342 3166 ἀξιοῦο

784 3185 914 3255 σαιε
931 3170 1113 3255 ἐπειδὴ
1140 3171 1302 3255 ἄπαις
1333 3176 1572 3244 ἀρρένων
1603 3178 1803 3232 παίδων
1825 3180 2090 3234 ἀπέθανεν
2107 3184 2135 3234 ὁ
2163 3185 2340 3255 πατὴρ

781 3249 975 3338 αὐτῶν,
1016 3253 1094 3312 είς
1133 3253 1298 3316 αὑτάς
1334 3256 1503 3338 ἐλθεῖν
1540 3258 1635 3326 τὴν
1684 3260 2060 3330 κληρονομίαν,
2110 3266 2202 3318 καὶ
2243 3249 2338 3338 τῆν

781 3331 1126 3400 κατάσχεσιν.
1177 3335 1510 3404 Προσέταξεν
1542 3341 1569 3391 6
1604 3339 1735 3404 Θεὸς
1764 3342 1944 3396 λαϐεῖν
1989 3346 2173 3408 αύτάς.
2225 3331 2338 3401 Κάν

778 3431 862 3498 τις
893 3414 1131 3498 ἀποθάνῃ
1169 3417 1240 3486 μὴ
1267 3417 1402 3486 ἔχων
1432 3420 1562 3481 υίὸν,
1587 3423 1618 3489 ἡ
1648 3421 1888 3494 θυγάτηρ
1910 3425 2334 3498 κληρονομείτω-

781 3495 1044 3565 θυγατρὸς
1097 3497 1153 3549 δὲ
1198 3499 1295 3550 οὐκ
1332 3500 1514 3570 οὔσης,
1556 3503 1816 3570 ἀδελφός⁶
1865 3495 2090 3573 ἀδελφοῦ
2137 3495 2192 3561 δέ
2239 3512 2336 3564 οὑκ

779 3575 948 3638 ὄντος,
982 3577 1202 3664 ἀδελφὸς
1232 3580 1324 3631 τοῦ
1363 3584 1582 3664 πατρός.
1616 3585 1888 3638 Δείκνυσιν
1914 3591 1941 3640 6
1965 3589 2094 3652 Θεὸς
2130 3593 2332 3664 Μωῦσῇ

777 3657 883 3709 ἀπὸ
931 3657 1023 3710 τοῦ
1063 3659 1220 3726 ὅρους
1255 3660 1346 3714 τοῦ
1390 3663 1553 3715 Ναυὼ
1579 3666 1676 3735 τὴν
1715 3667 1816 3736 γῆν
1856 3669 1962 3736 τῆς·
1989 3657 2331 3738 ἐπαγγελίας,

778 3754 870 3789 και
905 3743 1279 3807 χειροτονεῖται
1315 3743 1561 3812 Ἰησοῦςό
1588 3747 1678 3798 τοῦ
1726 3749 1879 3817 Ναυῆ
1921 3754 1999 3812 είς
2043 3753 2140 3822 τὴν
2171 3755 2333 3809 αὑτοῦ

776 3817 946 3881 τάξιν.
994 3820 1124 3905 Τότε
1168 3823 1462 3905 ἐντέλλεται
1506 3829 1614 3888 τοῖς
1643 3829 1776 3891 υίοῖς
1822 3832 2030 3902 Ἰσραὴλ
2066 3817 2190 3905 περὶ
2217 3837 2333 3889 ὀλο-

777 3901 1169 3969 καυτωμάτων,
1203 3902 1399 3957 θυσιῶν
1434 3907 1541 3960 τῶν
1568 3909 1688 3962 καθ’
1713 3912 1944 3982 ἡμέραν,
1975 3901 2083 3967 τῶν
2118 3901 2176 3970 ἐν
2200 3919 2330 3972 σαὸο

777 3981 978 4046 ὒάτοις,
1017 3985 1123 4038 τῶν
1146 3987 1202 4038 ἐν
1226 3987 1549 4054 νεομηνίαις,
1586 3991 1692 4043 τῶν
1731 3993 1786 4044 ἐν
1813 3993 1890 4062 τῷ
1916 3998 2117 4067 πάσχα,
2141 4001 2247 4052 τῶν
2274 4005 2330 4055 ἐν

773 4065 839 4153 τῇ
868 4064 1047 4153 ἡμέρᾳ
1083 4066 1190 4153 τῶν
1227 4068 1550 4153 ἑϐδομάδων,
1578 4073 1684 4127 τῶν
1721 4076 1778 4126 ἐν
1817 4076 1891 4146 τῷ
1927 4064 2136 4151 ἑϐδόμῳ
2179 4085 2326 4153 μηνί.

774 4146 1058 4199 Διατάσσει
1085 4150 1176 4200 καὶ
1208 4150 1333 4219 περὶ
1365 4152 1554 4220 εὐχῶν,
1594 4157 1882 4222 τουτέστιν,
1912 4154 1986 4213 ὧν
2025 4146 2088 4215 άν
2108 4146 2200 4227 ⁷τις
2237 4146 2328 4220 τάς

773 4227 1122 4309 ξηταιηΤότε
1171 4231 1534 4295 ὲξοπλίζονται
1583 4236 1786 4290 δώδεκα
1833 4242 2064 4309 χιλιάδες
2112 4248 2174 4298 ἐκ
2223 4249 2326 4303 τῶν

785 4305 1128 4391 Ἰρραηλιτῶν
1159 4310 1297 4362 κατὰ
1325 4310 1684 4374 Μαδιανιτῶν,
1729 4305 2054 4383 καὶΠΦινεές
2087 4325 2202 4391 μετ’
2227 4328 2324 4378 αύ-

770 4386 900 4449 τῶν,
942 4390 1031 4440 καὶ
1053 4389 1361 4457 ἀναιροῦσιν
1389 4394 1600 4456 αὐτοὺς,
1643 4397 1735 4448 καὶ¹
1761 4398 1915 4451 πέντε
1945 4386 2178 4468 βασιλεῖς
2207 4408 2326 4459 Μα-

769 4467 921 4559 διάμ,
958 4472 1048 4559 καὶ
1078 4473 1168 4525 τὸν
1199 4474 1420 4545 Βαλαάμ
1443 4476 1531 4559 τὸν
1562 4480 1767 4546 μάντιν.
1795 4482 1900 4534 Καὶ
1925 4467 2229 4554 ἀπήρξαντο
2246 4491 2323 4559 τῷ

769 4550 886 4621 Θεῷ
922 4553 1029 4605 τῶν
1084 4555 1309 4622 σκύλων,
1363 4558 1455 4609 καὶ
1481 4558 1546 4612 τὰ
1589 4560 1747 4613 λοιπά
1787 4550 2056 4633 διένειμαν
2090 4550 2318 4634 ἑαυτοῖς..

769 4649 1209 4735 Ιῖροσελθόντεςή
1250 4653 1385 4721 φυλὴ
1421 4655 1642 4726 Ῥουόὶμ
1671 4658 1763 4710 καὶ
1797 4659 1918 4722 Γὰδ,
1945 4662 2038 4714 καὶ
2069 4664 2129 4716 τὸ
2151 4666 2320 4735 ἥμισυ

764 4732 864 4818 τῆς
913 4733 1081 4818 φυλῆς
1129 4737 1426 4818 Μανασσῆ,
1473 4737 1634 4807 ᾔτουν
1686 4744 1835 4808 παρὰ
1891 4732 2321 4818 Μωῦσέωςατὴν

764 4814 937 4882 πέραν
977 4815 1068 4868 τοῦ
1123 4817 1377 4886 Ἰορδάνου
1417 4819 1618 4890 χώραν.
1659 4822 1716 4873 '0
1747 4823 1803 4873 δὲ
1833 4823 2021 4888 ἔδωκε,
2059 4814 2320 4900 πρότερον

764 4897 1298 4965 συνομολογησάντων
1323 4901 1542 4954 ἐκείνων
1573 4907 1949 4974 συμμαχήσειν
1977 4912 2089 4970 τοῖς
2117 4897 2319 4976 λοιποῖς

774 4977 1145 5063 Ἰσραηλίταις,
1202 4981 1292 5034 καὶ
1339 4981 1686 5054 διαϐήσεσθαι
1729 4988 1821 5040 τὸν
1881 4987 2148 5062 Ἰορδάνην
2199 4995 2316 5063 μεθ’

758 5059 952 5120 ὅπλων,
1008 5061 1145 5112 ὥστε
1195 5065 1492 5134 πολεμῆσαι
1530 5067 1668 5137 ὑπὲρ
1707 5069 1814 5120 τῶν
1851 5059 2312 5138 ἀδελφῶνάὺτῶν.

772 5141 1024 5226 Ἐνταῦθα
1051 5143 1312 5226 διηγεῖται
1339 5149 1575 5218 Μωῡσῆς
1603 5150 1710 5201 ἀπὸ
1735 5152 2005 5218 Δίγύπτου
2029 5155 2130 5217 ἕως
2157 5152 2314 5226 ἦλθον

756 5223 978 5292 ἀντικρὺ
1011 5223 1234 5294 Ὶεριχώ.
1281 5227 1605 5283 Ἐντέλλεται
1637 5233 1816 5296 αὐτοῖς
1842 5233 1982 5288 ὥστε
2010 5223 2315 5309 ἐξολοθρεῦο

757 5321 846 5356 σαι
882 5307 1052 5358 πάντα
1098 5306 1164 5358 τὰ
1197 5306 1384 5358 εἴδωλα
1419 5310 1526 5361 τῶν
1562 5313 1749 5366 ἐθνῶν.
1797 5315 1956 5384 Λέγει
2001 5306 2313 5382 αὐτοῖς-καὶ

755 5387 882 5454 περὶ
929 5387 1034 5438 τῶν
1079 5387 1238 5456 ὁρίων
1273 5393 1368 5455 τῆς
1404 5395 1523 5459 γῆς,
1568 5394 1727 5446 πόθεν
1769 5397 2038 5467 ἄρχονται,
2081 5402 2169 5453 καὶ
2209 5402 2310 5454 ποῦ

755 5469 1099 5538 πληροῦνται.
1145 5475 1508 5544 Ιῐαραγγέλλει
1545 5476 1597 5529 δὲ
1650 5480 1896 5551 καὶπερὶ
1945 5484 2042 5551 τῆς
2081 5486 2202 5554 γῆς,
2245 5483 2311 5556 ἧς

755 5551 854 5602 ἔδει
885 5554 1008 5615 τοὺς
1045 5555 1271 5620 Λευῖτας
1323 5558 1522 5621 λαϐεῖν,
1562 5561 1653 5612 καὶ
1695 5563 1820 5633 περὶ
1866 5565 1971 5616 τῶν
2019 5568 2077 5630 ἓξ
2106 5570 2310 5622 πόλεων

749 5633 857 5688 τῶν
884 5637 1341 5712 φυγαδευτηρίων,
1363 5641 1498 5696 ὥστε
1524 5643 1611 5696 τὸν
1639 5645 1902 5708 ἀκουσίως
1919 5648 2169 5705 ἀνελόντα
2197 5655 2309 5706 ἐκεῖ

1487 355 1546 409 8.
1585 352 1867 408 JOANMS
1903 348 2391 407 CHRYSOSTOMI
2421 350 2743 407 ARCIIIEP.
2781 351 3322 408 CONSTANTINOP.

3908 367 4012 424 334

2458 466 2838 534 καταφεύγειν,
2887 467 2980 519 καὶ
3027 463 3468 520 ἀπαλλάσσεσθαι
3502 461 3766 524 κινδύνου,
3807 460 4011 530 μένοντι

2455 549 2588 612 ἐκεῖ,
2612 549 2715 610 ἕως
2753 548 2816 601 ἂν
2841 548 3087 619 ἀποθάνῃ
3120 551 3148 600 6
3186 547 3361 615 ἱερεὺς
3388 547 3416 597 6
3440 545 3632 614 μέγας.
3673 542 3798 595 Ἐὰν
3818 541 3879 592 δὲ
3909 541 4014 610 ἁλῷ

2455 628 2558 692 ἔξω
2587 628 2696 681 τῶν
2716 630 2854 698 ὅρων
2877 629 2973 697 τῆς
3004 628 3154 699 [556]
3182 627 3404 690 πόλεως,
3427 625 3520 678 καὶ
3543 624 3776 695 φονεύσῃ
3801 624 3960 677 αὐτὸν
3986 625 4012 674 6

2458 710 2718 778 συγγενὴς
2774 709 2867 762 τοῦ
2923 709 3344 778 πεφονευμένου,
3383 709 3442 760 οὑ
3493 705 3652 759 δώσει
3693 705 3870 775 δίκην.
3913 707 4013 758 Καὶ

2453 789 2758 858 διαλέγεται
2785 789 2993 860 βραχέα
3042 790 3166 859 περὶ
3195 789 3303 842 τῶν
3333 789 3508 857 νόμων
3533 787 3639 839 τῶν
3675 787 3802 856 περὶ
3847 786 4013 853 φόνων

2455 874 2736 942 κειμένων.
2769 874 3160 942 Προσέρχονται
3195 874 3246 924 οἱ
3288 871 3543 940 ἄρχοντες
3567 870 3665 938 τῆς
3693 869 3868 939 φυλῆς
3897 871 4014 922 Μα-

2454 955 2625 1024 νασσῆ
2655 955 2903 1021 λέγοντες
2932 954 3006 1023 τῷ
3029 956 3264 1023 Μωῢσῇ·
3313 953 3524 1022 Ἐπειδὴ
3554 951 3696 1017 ἔδοξε
3715 952 3812 1014 τάς
3852 951 4012 1018 θυγα-

2453 1037 2615 1106 τέρας
2669 1037 2920 1089 Σαλπαάδ
2970 1037 3152 1088 λαῦεῖν
3197 1035 3426 1105 κλῆρον,
3469 1037 3517 1086 εί
3564 1033 3800 1104 συμϐαίη
3849 1034 4013 1096 αὐτὰς

2454 1117 2766 1186 γαμηθῆναι
2807 1118 2958 1187 ἀνδρὶ
2995 1117 3062 1184 ἐξ,
3092 1117 3282 1187 ἐτέρας
3312 1116 3502 1186 φυλῆς,
3550 1115 3605 1168 τί
3651 1117 3737 1168 ἵνα
3767 1114 4013 1184 γίνηται;

2451 1198 2807 1251 ἀπελεύσεται
2833 1197 2940 1268 γὰρ
2974 1201 3001 1250 ὁ
3033 1198 3233 1269 κλῆρος
3276 1198 3373 1268 τῆς
3414 1197 3686 1268 ἡμετέρας
3723 1196 3894 1266 φυλῆς
3939 1197 4015 1257 εἰς

2451 1280 2663 1350 ἐκείνην
2709 1281 2807 1350 τὴν
2863 1281 3056 1351 φυλήν.
3113 1281 3246 1333 Τότε
3303 1279 3600 1350 προσέταξε
3647 1279 3904 1348 Μωῦσῆς,
3955 1281 4014 1330 ἐκ

2449 1362 2544 1430 τῆς
2613 1362 2748 1424 ιδίας
2807 1363 2978 1432 φυλῆς
3035 1365 3268 1430 γυναῖκα
3321 1362 3616 1430 λαμϐάνειν
3663 1361 3872 1428 ἄνδρα,
3931 1359 4014 1410 ἵνα

2453 1443 2526 1511 μὴ
2580 1443 2986 1513 μεταφέρωνται
3050 1447 3106 1497 αἱ
3158 1442 3506 1515 κληρονομῖαι
3562 1443 3674 1496 ἀπὸ
3721 1442 3891 1512 φυλῆς
3939 1443 4014 1504 είς

2449 1524 2640 1594 φυλήν.

2780 1622 3045 1690 Σύνοψις
3079 1621 3184 1675 τοῦ
3218 1621 3692 1690 Δευτερονομίου.

2529 1745 2614 1805 Ὠς
2640 1746 2706 1798 ἐν’
2724 1745 3002 1814 κεφαλαίῳ
3030 1746 3294 1814 διηγεῖται
3327 1746 3502 1799 πάντα
3526 1745 3593 1798 τὰ
3630 1745 3817 1816 πρῶτα
3846 1745 4010 1798 Μωῦ-

2449 1830 2566 1896 σῆς,
2616 1829 2694 1889 είς
2741 1828 3044 1898 ὑπόμνησιν
3085 1829 3280 1892 αὐτοὺς
3312 1828 3459 1896 άγων
3493 1828 3593 1896 τῆς
3647 1844 3705 1881 τε
3755 1826 3847 1880 τοῦ
3876 1826 4010 1880 Θεοῦ

2446 1908 2782 1977 εὐεργεσίας,
2816 1909 2908 1961 καὶ
2933 1909 3031 1978 τῆς
3059 1909 3237 1962 αὐτῶν
3255 1910 3467 1972 κακίας.
3491 1909 3625 1978 Περὶ
3644 1908 3736 1961 τοῦ
3761 1909 3835 1978 μὴ
3857 1907 4009 1960 εἰδω-

2445 1986 2723 2056 λολατρεῖν
2765 1988 3100 2059 παραίνεσις.
3145 1989 3403 2042 Ἐνταῦθα
3426 1992 3597 2043 κεῖται
3645 1991 3737 2042 καὶ
3788 1989 3870 2053 τὸ,
3912 1989 4008 2056 Μὴ

2445 2071 2881 2138 προσκυνήσῃς
2910 2072 3032 2136 τοῖς
3067 2073 3331 2139 ἄστροις,
3361 2073 3398 2126 ἆ
3433 2072 3710 2140 ἀπένειμε
3739 2073 3954 2139 Κύριος
3979 2075 4009 2124 ό

2448 2154 2591 2216 Θεός
2619 2166 2734 2205 σου
2773 2152 2922 2207 πᾶσι
2958 2154 3082 2218 τοῖς
3101 2154 3302 2207 ἔθνεσι
3333 2153 3456 2219 τοῖς
3486 2153 3761 2208 ὑποκάτω
3783 2151 3890 2206 τοῦ
3911 2155 4012 2206 οὺ-

2437 2231 2650 2297 ρανοῦ.
2670 2231 2710 2283 Τ
2713 2233 2741 2284 ὸ
2779 2233 2858 2294 δὲ,
2903 2234 3217 2303 Ἀπένειμε,
3243 2235 3341 2303 οὐχ
3362 2236 3444 2287 ὃτι
3466 2233 3624 2296 αὐτὸς
3655 2232 4008 2303 προσέταξεν·

2443 2313 2643 2379 ἄπαγε·
2668 2313 2802 2366 ἀλλά
2839 2313 3020 2377 καθώς
3049 2332 3212 2384 φησιν
3245 2316 3273 2367 6
3302 2317 3565 2386 μακάριος
3598 2315 3822 2382 Παῦλοςο
3856 2318 4012 2381 Παρ-

2441 2390 2662 2445 έδωκεν
2697 2395 2916 2460 αὐτοὺς
2948 2400 2980 2449 ό
3015 2397 3158 2462 Θεὸς
3208 2399 3294 2461 είς
3346 2396 3633 2463 ἀδόκιμον
3679 2397 3856 2459 γοῦν,
3911 2399 4010 2465 οὐχ

2442 2473 2522 2526 ὅτι
2561 2475 2892 2544 παρέδωκεν,
2933 2476 3043 2530 ἀλλ’
3088 2477 3169 2529 ὃτι
3208 2477 3491 2547 ἑλομένους
3540 2476 3734 2536 αὐτοὺς
3780 2476 3878 2527 καὶ
3919 2477 4009 2529 ἀν-

2442 2556 2780 2626 επιστρόφως
2805 2557 3022 2626 ἔχοντας
3048 2558 3278 2628 ἀφῆκεν.
3305 2558 3488 2622 Οὕτως
3512 2557 3742 2612 ἐνταῦθα
3767 2558 3848 2621 τὸ,
3885 2559 4012 2612 Ἄπι

2440 2633 2671 2703 ένειμεν
2691 2639 2910 2705 αὐτοῖς,
2925 2640 3219 2702 τουτέστιν,
3239 2640 3521 2710 ἑλομένους
3544 2640 3638 2710 τὴν
3661 2640 3890 2710 πλάνην,
3914 2642 4011 2694 καὶ

2443 2717 2517 2788 μὴ
2560 2718 2908 2790 βουλομένους
2942 2722 3286 2792 ἐπιστρέψαι,
3328 2725 3555 2794 ἀφῆκεν,
3612 2723 3872 2776 Ἐνταῦθα
3923 2739 4011 2790 μι-

2440 2799 2570 2868 κρὸν
2602 2801 2877 2871 προελθὼν
2901 2803 3076 2870 λέγει·
3107 2805 3570 2873 Διαμαρτύρομαι
3602 2803 3745 2872 ὑμῖν
3771 2803 3880 2856 τόν
3911 2806 4010 2857 οὐ·

2430 2886 2620 2950 μανὸν
2659 2889 2757 2940 καὶ
2784 2888 2897 2954 τὴν
2930 2889 3065 2957 γῆν,
3110 2890 3199 2943 ὅτι
3230 2891 3493 2957 ἀπωλείᾳ
3529 2889 3873 2952 ἀπολεῖσθε,
3899 2889 4009 2944 ἐὰν

2437 2964 2739 3030 ἀποστῆτε
2762 2966 2880 3020 ἀπὸ
2910 2966 3014 3020 τοῦ
3053 2969 3222 3022 Θεοῦ.
3252 2963 3385 3021 Εἶτα
3420 2969 3685 3022 δείκνυσιν
3717 2969 3799 3020 ὅτι
3825 2968 4006 3021 οὐδενὶ

2437 3046 2605 3098 ταῦτα
2633 3049 2903 3117 παρέσχεν
2929 3051 2958 3102 6
2990 3050 3120 3113 Θεὸς
3149 3051 3289 3120 ἅπερ
3333 3051 3576 3114 ικείνοις.
3611 3051 3722 3104 Καὶ
3753 3050 4006 3122 ἀφορίζει

2436 3131 2584 3194 τρεῖς
2624 3128 2804 3193 πόλεις
2842 3129 2936 3182 τοῦ
2975 3131 3236 3201 Ἰορδάνου
3279 3133 3358 3194 είς
3402 3133 3849 3202 φυγαδευτήριον.
3881 3133 4004 3184 Ἔτι

2435 3208 2542 3259 τῶν
2568 3210 2847 3281 προτέρων
2886 3213 3081 3274 αὐτοὺς
3123 3213 3549 3282 ὑπομιμνήσκει,
3593 3213 3706 3278 καὶ,
3741 3215 4008 3282 Ἕςοαψυαι

2434 3289 2585 3342 αὐτὰ
2633 3291 2729 3342 ἐπὶ
2781 3291 2901 3344 τῶν·
2945 3294 3158 3361 χειρῶν
3196 3311 3330 3357 σου,
3369 3295 3520 3363 φησὶ,
3568 3296 3664 3349 καί
3721 3295 3818 3347 ἐπὶ
3885 3294 4005 3348 τῶν

2433 3369 2625 3435 φλιῶν
2665 3386 2782 3424 σου
2821 3372 3082 3440 γράψεις,
3131 3376 3226 3428 καί
3253 3374 3513 3440 διδάξεις
3538 3375 3643 3428 τὸν
3679 3378 3812 3429 υίόν
3857 3391 3998 3429 σου.

2435 3450 2616 3502 Εἰπὼν
2645 3452 2699 3504 δὲ
2728 3453 2763 3505 ἃ
2798 3455 3127 3522 συμϐήσεται
3155 3455 3300 3509 κακὰ
3341 3456 3434 3508 ἐὰν
3467 3456 3872 3527 παρακούσωσι,
3898 3473 3999 3509 πα-

2434 3531 2758 3600 ραθαρρύνει
2797 3535 2932 3604 πρὸς
2958 3535 3018 3587 τὸ
3074 3537 3146 3606 μὴ
3185 3537 3473 3591 δεδοικέναι
3513 3539 3638 3599 τοὺς
3686 3538 3978 3607 πολεμίους

2432 3611 2598 3663 Πάλιν
2631 3613 3033 3686 ἀναμιμνήσκει
3060 3618 3168 3670 τῶν
3201 3619 3498 3690 προτέρων.
3539 3619 3797 3674 Ἐνταῦθα
3822 3623 4000 3672 κεῖται

2431 3693 2511 3756 τὸ,
2547 3696 2810 3764 Πρόσεχε
2832 3700 3082 3765 σεαυτῷ,
3114 3700 3142 3753 δ
3167 3701 3422 3764 πολλάκις
3448 3703 3628 3766 αὐτοῖς
3663 3705 3754 3755 καὶ
3792 3703 3999 3773 προῖὼν

2431 3776 2686 3842 ἐπιλέγει,
2725 3781 2816 3831 καὶ
2846 3785 3097 3850 παραινεῖ
3126 3783 3223 3846 τὰς
3253 3783 3406 3847 νίκας
3440 3786 3511 3854 μὴ
3543 3788 3608 3855 τῇ
3633 3784 3808 3855 οἰκείᾳ
3833 3786 3994 3840 δυνά-

2434 3873 2524 3927 μει
2553 3859 2898 3927 ἐπιγράφειν,
2937 3862 3071 3916 ἀλλὰ
3095 3867 3160 3933 τῇ
3188 3864 3279 3916 τοῦ
3323 3864 3457 3918 Θεοῦ
3490 3866 3690 3936 χάριτι.
3731 3866 3995 3919 Ἐνταῦθα

2430 3941 2623 4001 κεῖται,
2670 3941 2752 3992 ὅτι
2803 3941 2854 3994 '0
2918 3945 3060 4008 Θεὸς
3127 3945 3247 4012 πῦρ
3308 3947 3756 4000 καταωίίσκον
3819 3948 3995 4000 ἐστὶν

2427 4020 2560 4092 ὅπερ
2590 4023 2618 4075 6
2650 4022 2856 4087 Παῦλος
2885 4027 2942 4076 ἐν
2967 4028 3033 4095 τῇ
3069 4026 3215 4096 πρὸς
3251 4028 3529 4098 Ἐϐραίους
3558 4029 3740 4099 ἔθηκε.
3782 4032 3992 4100 Παραι-

2427 4104 2585 4158 νεῖδέ
2621 4105 2678 4158 ἐν
2715 4105 2894 4175 ταύτῷ
2917 4107 3152 4175 Μωῦσῆς
3193 4109 3266 4178 μὴ
3294 4110 3626 4181 ἐπαίρεσθαι
3658 4112 3873 4174 αὐτούς.
3909 4112 3992 4163 οὐ

2426 4185 2535 4252 τὰρ
2569 4185 2666 4238 διὰ
2715 4185 2830 4252 τὴν
2871 4187 3264 4256 δικαιοσύνην
3307 4206 3443 4254 σου,
3499 4193 3680 4261 φησὶν,
3729 4193 3987 4259 Ἰσραὴλ,

2423 4265 2990 4332 ἐξολοθρευθήσεται
3016 4271 3085 4323 τὰ
3097 4271 3258 4336 ἐονη,
3281 4272 3440 4325 ἀλλὰ
3460 4273 3556 4325 διὰ
3577 4273 3689 4339 τὴν
3705 4274 3989 4327 ἀσέϐειαν

2421 4347 2635 4399 αὐτῶν.
2653 4348 3083 4420 Ὑπομιμνήσκει
3102 4353 3156 4404 δὲ
3177 4354 3370 4416 αὐτοὺς
3387 4357 3476 4409 καὶ
3495 4357 3590 4424 τῆς
3613 4359 3985 4426 μοσχοποιίας.

2435 4428 2692 4482 Ἐνταῦθα
2718 4431 2774 4482 δὲ
2800 4434 3002 4485 κεῖταιο
3023 4436 3445 4503 Περιτέμνεσθε
3477 4438 3591 4503 τὴν
3608 4441 3984 4507 σκληροκαρο

2419 4509 2556 4564 δίαν
2571 4511 2752 4580 ὑμῶν,
2765 4514 2862 4566 καὶ
2885 4515 2992 4566 τὸν
3005 4516 3304 4585 τράχηλον
3314 4518 3477 4586 ὑμῶν
3488 4522 3556 4573 οὐ
3571 4523 3982 4590 σκιηρυνεῖτε.

2435 4592 2794 4662 Ἐγκωμιάζει
2806 4594 2902 4664 τὴν
2922 4597 3022 4665 γῆν
3038 4599 3134 4666 τῆς
3146 4600 3491 4668 ἐπαγγελίας.
3511 4603 3770 4656 Ἐνταῦθα
3783 4609 3984 4659 κεῖται·

2419 4675 2628 4740 Φαγὼν
2643 4675 2738 4727 καί
2762 4677 2914 4728 πιὼν
2935 4677 3031 4730 καί
3056 4679 3420 4746 ἐμπλησθεὶς
3443 4683 3701 4750 πρόσεχε
3719 4686 3981 4750 σεαυτῷ·

2420 4757 2513 4805 καὶ
2537 4755 2786 4824 προλέγει
2813 4757 2881 4809 τὰ
2917 4759 3060 4811 κακὰ
3084 4762 3464 4830 παρακούουσι,
3499 4765 3590 4816 καὶ
3623 4765 3688 4816 τά
3723 4765 3912 4832 ἀγαθὰ
3935 4769 3984 4820 εί

2419 4837 2801 4892 ὑπακούσειαν.
2848 4841 2957 4892 Καὶ
2989 4840 3196 4894 κελεύει
3239 4843 3326 4896 ἐπ’
3372 4844 3494 4914 ὅρος
3537 4846 3757 4916 Γαριζὶν
3793 4848 3983 4904 δοῦναι

2415 4919 2514 4986 τὴν
2535 4919 2797 4987 εὐλογίαν,
2834 4923 2927 4974 καὶ
2952 4922 3050 4991 τὴν
3079 4923 3321 4994 κατάραν
3353 4927 3440 4978 ἐπ’
3467 4927 3590 4996 ὅρος
3613 4929 3784 4982 Γεϐάλ
3801 4947 3813 4959 ·
3845 4934 3984 4984 ἀπο-

2415 4999 2565 5052 λέσαι
2591 5001 2660 5053 τα
2701 5001 2894 5055 εἴδωλα
2924 5004 3017 5055 καὶ
3046 5005 3172 5066 τοὺς
3201 5007 3391 5070 τόπους
3415 5009 3609 5064 αὐτῶν.
3638 5011 3867 5065 Κελεύει
3904 5015 3979 5083 μὴ

2416 5084 2685 5152 πανταχοῦ
2734 5085 2921 5147 θυσίας
2958 5086 3246 5157 ἀναφέρειν
3290 5090 3367 5159 τῷ
3411 5091 3547 5160 Θεῷ,
3595 5093 3708 5145 ἀλλ’
3736 5095 3838 5156 ,είς
3888 5097 3979 5149 τὸν

2411 5165 2574 5248 τόπον
2597 5168 2655 5218 ὃν
2683 5167 2747 5220 ἂν
2778 5168 3077 5236 ἐκλέξηται.
3113 5171 3243 5238 Περὶ
3269 5173 3362 5224 τοῦ
3401 5173 3476 5244 μὴ
3508 5175 3700 5245 ζηλοῦν
3726 5177 3793 5229 τὰ
3816 5179 3974 5248 ἔθνη.

2416 5247 2548 5315 μηδέ
2562 5265 2664 5302 τινι
2681 5249 2950 5301 πείθεσθαι
2965 5251 3373 5318 συμϐουλεύοντι
3388 5256 3799 5329 εἰδωλολατρεῖν,
3814 5258 3976 5332 [53η

2414 5329 2512 5380 κᾶν
2547 5333 2744 5398 σημεῖα
2778 5334 2922 5399 ποιῇ,
2963 5334 3101 5401 μήτε
3138 5336 3296 5405 φίλῳ,
3333 5338 3466 5408 μήτε
3504 5339 3644 5409 ἄλλῳ
3678 5342 3800 5403 τινὶ,
3838 5329 3977 5398 ἀλλά

2411 5409 2698 5463 λιθοϐολεῖν
2741 5411 2831 5464 τὸν
2899 5416 3282 5481 παραινοῦντα.
3331 5421 3433 5474 κᾶν
3475 5420 3696 5488 ἀδελφὸς
3742 5418 3799 5493 ᾗ,
3870 5427 3976 5480 κᾶν

2414 5491 2562 5554 πόλις
2621 5493 3093 5566 εἰδωλολατρεύσῃ,
3142 5499 3484 5569 πανώλεθρον
3548 5502 3716 5574 αὐτὴν
3765 5491 3974 5563 ποιεῖν.

2413 5574 2544 5626 Τίνα
2584 5573 2662 5626 δεῖ
2704 5575 2921 5637 ἐσθίειν,
2966 5580 3058 5630 καὶ
3100 5580 3221 5632 τίνα
3271 5584 3648 5650 παραιτεῖσθαι
3676 5573 3973 5659 παραινεῖ.

2414 5656 2547 5724 Περὶ
2593 5657 2834 5724 ἀφέσεως
2877 5660 3050 5729 χρεῶν
3095 5663 3388 5732 νομοθετεῖ,
3433 5666 3559 5736 περὶ
3593 5656 3844 5735 ἀφέσεως
3884 5673 3980 5729 καὶ»
