4138 6306
174 352 294 405 333

173 446 398 514 Iiigatus
438 449 508 502 ab
555 448 655 503 illis
688 457 803 502 est:
845 447 1104 514 urbesque
1140 446 1251 511 ejus
1277 454 1528 511 ceperunt
1566 445 1728 494 Israe-

185 539 316 591 lita.
355 539 634 608 Congressi
686 526 1000 591 etiam-cum
1044 535 1119 604 0g
1165 549 1286 602 rege
1327 536 1513 596 Basan,
1551 533 1732 586 iisdem

184 628 362 693 ipsum
417 627 570 679 malis
615 625 924 687 affecerunt,
965 625 1113 692 queis
1153 625 1288 677 Seon
1335 622 1633 684 affecerant,
1674 635 1734 674 ac

186 725 388 768 terram
411 715 668 782 urbesque
695 714 810 781 ejus
838 727 1020 766 omnes
1043 721 1311 778 ceperunt.
1341 711 1492 763 Mittit
1519 725 1609 763 rex
1645 710 1735 762 Ba-

184 807 272 859 lac
302 807 365 860 ad
389 807 596 859 Balaam
627 814 796 858 vatem
815 845 829 868 ,
855 812 913 857 ut
940 803 1272 856 malediceret
1297 803 1563 869 populum.
1598 801 1735 854 Deus

182 906 366 948 autem
399 894 543 946 initio
578 893 785 962 quidem
830 891 1156 960 prohibebat.
1191 891 1257 944 Ut
1295 899 1466 943 autem
1513 889 1735 943 instabat

185 983 275 1035 ille
298 981 432 1050 apud
469 992 658 1044 vatem,
685 981 943 1033 concessit
963 979 1170 1048 quidem
1201 988 1255 1031 ut
1282 979 1398 1037 iret.
1431 976 1522 1030 sed
1550 991 1651 1030 non
1679 986 1734 1029 ut

184 1071 526 1126 malediceret
559 1087 572 1120 :
605 1069 695 1123 sed
734 1069 989 1122 convertit
1019 1067 1412 1121 maledictiones
1441 1067 1490 1118 in
1519 1065 1731 1119 benedi-

183 1161 418 1212 ctionem
447 1160 541 1227 (η).
579 1157 690 1210 Non
717 1156 854 1224 quod
879 1155 1140 1223 quidpiam
1179 1162 1391 1222 possent
1412 1153 1734 1207 maledictio-

185 1263 292 1302 nes
333 1248 503 1308 vatis,
533 1246 623 1299 sed
667 1245 786 1313 quia
833 1244 1054 1297 miseriis
1089 1243 1302 1298 allectus
1340 1252 1452 1297 erat
1490 1243 1729 1311 populus,

184 1337 483 1390 crediturus
507 1345 624 1389 erat
645 1335 781 1387 illius
809 1335 1275 1398 maledictionibus,
1294 1333 1499 1398 illicque
1520 1340 1732 1399 propter

185 1427 543 1479 inﬁrmitatem
583 1440 728 1478 suam
773 1423 1095 1476 damnandus
1135 1432 1265 1475 erat.
1309 1422 1402 1474 llic
1435 1423 1497 1474 de
1523 1422 1731 1474 Christo

186 1516 506 1568 vaticinatur
545 1514 724 1566 dicens
751 1530 763 1565 :
801 1514 998 1565 Orietur
1024 1513 1164 1565 stella
1193 1528 1252 1562 ea:
1277 1510 1460 1572 Jacob,
1488 1521 1531 1563 et
1565 1519 1730 1578 surget

185 1607 336 1658 homo
365 1621 425 1658 ea:
452 1604 609 1658 Israel
634 1603 813 1672 (Num.
845 1602 933 1654 24.
968 1603 1076 1669 I7).
1111 1600 1332 1667 Spiritus
1356 1601 1492 1651 enim
1527 1599 1615 1651 Dei
1639 1598 1732 1650 fuit

184 1698 238 1749 in
269 1706 410 1749 vate.
437 1695 504 1750 Ut
528 1709 653 1747 vero
687 1693 812 1746 abiit
842 1693 1072 1755 Balaam,
1105 1690 1425 1743 fornicamur
1454 1689 1542 1741 lilii
1570 1688 1726 1741 Israel

183 1801 307 1838 eum
355 1785 557 1838 ﬁliabus
600 1783 765 1846 Moab,
808 1790 862 1835 et
905 1781 1174 1834 initiantur
1219 1777 1730 1845 Beelphegor.’l‘une

185 1876 423 1943 prmeipit
445 1875 664 1944 Moyses,
693 1881 750 1926 ut
779 1873 1131 1940 unusquisque
1161 1870 1370 1923 fratrem
1397 1884 1547 1922 suum
1577 1869 1728 1922 idolis

181 1966 500 2018 servientem
549 1963 841 2018 interﬁciat.
870 1963 1015 2015 Tune
1058 1962 1279 2014 Phinees
1321 1960 1458 2012 ﬁlius
1496 1959 1726 2012 Eleazari

181 2052 422 2106 confodit
446 2052 685 2105 Zambrin
718 2052 1016 2113 lsraelitam,
1047 2059 1098 2102 ct
1125 2048 1313 2103 Chasbi
1345 2048 1724 2100 Madianitiilcm

181 2158 303 2193 cum
328 2142 419 2193 illo
445 2159 457 2192 :
489 2140 553 2192 Et
578 2149 854 2208 reputatum
880 2150 946 2191 est
977 2140 1050 2192 illi
1073 2139 1137 2189 ad
1153 2138 1398 2207 justitiam
1417 2135 1581 2206 (Psal.
1605 2136 1724 2190 105.

181 2232 300 2304 51).
333 2233 480 2286 Tune
510 2242 850 2286 numerantur
881 2231 967 2283 ﬁlii
999 2230 1153 2284 Israel
1177 2245 1203 2281 a
1233 2228 1483 2297 vigesimo
1510 2243 1647 2280 anno
1676 2237 1728 2280 et

181 2338 364 2390 supra,
391 2333 441 2376 et
465 2323 656 2375 inventi
682 2331 798 2374 sunt
820 2320 1048 2373 sexcenti
1075 2328 1127 2373 et
1155 2327 1260 2371 tres
1287 2318 1426 2370 inille
1452 2327 1502 2370 et
1520 2317 1725 2385 triginta

181 2414 301 2466 viri.
351 2413 545 2466 Levita:
584 2421 755 2465 autern
798 2421 903 2464 tres
950 2419 1000 2462 et
1036 2409 1214 2476 viginti
1243 2408 1384 2460 mille
1409 2422 1436 2458 a
1470 2419 1647 2458 mense
1675 2414 1728 2456 et

178 2518 362 2570 supra.
395 2503 488 2556 llic
527 2517 716 2554 census
750 2501 799 2553 in
835 2499 1061 2554 Araboth
1092 2499 1240 2551 Moab
1271 2498 1431 2549 factus
1465 2504 1545 2549 est
1584 2506 1726 2546 trans

179 2592 486 2646 Iordanem.
524 2590 700 2658 Neque
739 2591 788 2642 in
837 2589 937 2641 illis
966 2598 1078 2641 erat
1114 2587 1367 2654 quISpiam
1409 2601 1470 2638 cx
1504 2586 1564 2637 iis
1593 2599 1723 2652 quos

178 2688 576 2733 entnncraverat
609 2679 748 2746 prius
778 2677 980 2747 Moyses
1012 2677 1060 2729 in
1083 2676 1290 2728 deserto
1318 2674 1461 2738 Sina,
1495 2672 1724 2738 exceptis

178 2770 305 2823 Jesu
351 2769 457 2822 ﬁlio
490 2767 632 2822 Nave
657 2809 669 2830 ,
701 2766 998 2821 etChalebo
1036 2766 1140 2818 ﬁlio
1173 2765 1429 2831 Jephone.
1459 2763 1726 2816 Accedunt

177 2859 421 2926 quzedam
464 2858 582 2911 ﬁliae
621 2856 841 2925 Salpaad
885 2872 952 2910 ex
996 2856 1129 2909 tribu
1174 2855 1412 2907 Manasse
1461 2861 1721 2920 rogantes,

179 2964 299 3001 cum
334 2957 478 3015 pater
500 2962 679 3000 eorum
707 2946 825 2998 ﬁliis
852 2944 1095 2998 masculis
1120 2943 1275 2996 orbus
1304 2951 1538 2994 mortuus
1565 2949 1722 3005 esset,

181 3049 238 3088 ιιι
269 3038 335 3089 ad
365 3053 421 3090 se
451 3037 711 3090 hereditas
749 3035 946 3088 veniret
973 3045 1125 3101 atque
1156 3033 1435 3101 possessio.
1472 3030 1725 3097 Praecepit

182 3128 324 3180 Deus
355 3137 409 3179 ut
443 3126 543 3179 illa:
573 3126 890 3194 acciperent.
925 3125 991 3178 Et
1022 3126 1062 3178 si
1097 3125 1213 3192 quis
1251 3124 1364 3176 sine
1400 3122 1505 3174 ﬁlio
1531 3122 1729 3195 obiret,

182 3216 453 3269 mandavit
481 3224 537 3267 ut
567 3215 667 3268 ﬁlia
692 3223 833 3268 esset
859 3215 1010 3267 heres
1042 3232 1056 3277 ;
1086 3215 1126 3266 si
1166 3229 1262 3266 nec
1289 3214 1446 3265 ﬁliam
1475 3212 1720 3274 haberet,

181 3306 347 3359 frater
374 3321 388 3366 ;
416 3307 458 3359 si
484 3305 696 3359 fratrem
725 3320 824 3357 non
846 3305 1078 3367 haberet,
1102 3305 1261 3372 patris
1291 3303 1466 3356 frater.
1489 3301 1725 3355 Ostendit

182 3396 326 3447 Deus
349 3394 506 3462 Moysi
534 3409 597 3448 ex
615 3404 789 3448 monte
809 3394 950 3446 Navo
970 3394 1038 3463 (b)
1062 3403 1248 3447 terram
1274 3391 1649 3460 promissionis,
1674 3399 1725 3444 et

182 3484 232 3536 in
252 3485 554 3553 ejuslocum
573 3485 674 3537 dux
698 3485 1026 3537 constituitur
1050 3483 1200 3537 Iesus
1230 3482 1362 3534 filius
1390 3481 1552 3534 Nave.
1581 3480 1726 3532 Tunc

183 3574 341 3639 prmei
350 3573 484 3640 pitur
500 3572 617 3627 ﬁliis
635 3573 789 3628 Israel
807 3574 871 3626 de
887 3573 1218 3635 holocaustis,
1234 3571 1299 3625 de
1316 3571 1578 3628 sacriﬁciis
1609 3587 1727 3640 quo-

181 3665 416 3728 tidianis,
433 3665 613 3718 deillis
633 3679 745 3732 qua:
770 3664 820 3717 in
848 3664 1080 3728 sabbato,
1106 3664 1170 3717 dc
1193 3663 1292 3716 illis
1317 3679 1429 3731 qua!
1449 3664 1496 3714 in
1519 3678 1728 3715 ncome-

181 3754 284 3806 niis
306 3793 323 3816 ,
353 3753 418 3805 de
443 3753 504 3805 iis
538 3769 652 3821 quae
683 3753 732 3804 in
763 3752 950 3819 pascha
977 3791 992 3815 ,
1021 3752 1086 3805 de
1113 3753 1176 3804 iis
1201 3767 1316 3819 quae
1344 3753 1393 3803 in
1419 3752 1503 3803 die
1529 3750 1725 3803 hebdo-

181 3844 477 3908 madarum,
502 3842 567 3896 de
598 3844 660 3896 iis
679 3857 793 3911 qua:
815 3843 1038 3911 septimo
1075 3857 1274 3895 mense.
1306 3841 1545 3909 Praecipit
1571 3842 1726 3894 etiam

179 3932 246 3984 de
277 3931 414 3984 votis
444 3946 458 3991 ;
501 3931 548 3983 id
577 3940 686 3995 est,
716 3930 780 3984 de
807 3931 868 3983 iis
887 3945 1005 3999 qua:
1029 3930 1284 3998 quispiam
1317 3929 1578 3982 offerenda
1605 3943 1728 3981 con-

181 4020 588 4074 stituerit.Tunc
603 4028 871 4072 armantur
894 4019 1164 4072 duodecim
1193 4020 1337 4072 mille
1359 4019 1452 4071 viri
1485 4035 1544 4071 ex
1569 4017 1732 4070 Israe-

182 4111 293 4162 litis
321 4117 502 4161 contra
531 4109 833 4162 Madianitas
854 4149 868 4172 ,
898 4116 950 4161 et
979 4092 1202 4160 Phi'nees
1231 4123 1345 4159 cum
1375 4108 1504 4170 illis,
1535 4107 1730 4158 interﬁ-

182 4201 435 4266 ciuntque
457 4211 546 4252 cos
576 4207 628 4252 et
653 4199 878 4266 quinque
905 4213 1052 4265 reges
1071 4197 1313 4257 Madiam,
1339 4206 1391 4250 et
1413 4197 1617 4248 Balaam
1643 4212 1732 4249 va-

185 4298 316 4343 tem.
349 4287 413 4340 Et
441 4287 694 4356 primitias
718 4287 1017 4340 obtulerunt
1047 4287 1149 4339 Deo
1178 4286 1242 4339 de
1269 4286 1448 4353 spoliis
1472 4325 1486 4350 ,
1513 4296 1729 4339 caetera-

187 4394 290 4446 que
323 4377 459 4431 inter
490 4391 547 4432 se
584 4377 892 4431 diviserunt.
927 4377 1245 4431 Aceedentes
1277 4377 1440 4430 tribus
1469 4377 1649 4430 Ruben
1680 4386 1732 4432 et

184 4468 327 4527 Gad.
379 4475 433 4521 et
474 4467 686 4521 dimidia
731 4468 898 4522 tribus
937 4468 1194 4532 Manasse,
1232 4470 1529 4536 petebauta
1557 4470 1733 4539 Moyse

187 4558 483 4627 regionem,
519 4572 634 4622 qua:
668 4566 747 4609 est
785 4565 925 4610 trans
950 4557 1250 4612 Iordanem.
1287 4559 1378 4612 Ille
1417 4574 1541 4612 vero
1568 4560 1730 4622 dedit,

185 4663 308 4701 cum
342 4648 482 4716 prius
509 4647 581 4699 illi
616 4648 974 4715 promisissent
1011 4664 1068 4701 se
1097 4664 1216 4702 cum
1243 4650 1455 4717 reliquis
1486 4651 1734 4705 lsraelitis

188 4747 512 4806 pugnaturos
547 4752 695 4800 esse,
732 4735 1115 4805 Jordancmque
1150 4753 1266 4789 cum
1302 4738 1460 4790 armis
1487 4739 1735 4791 transitu-

187 4842 301 4893 ros,
339 4834 393 4876 nt
428 4825 683 4879 bellarent
717 4842 810 4893 pro
837 4826 1082 4880 fratribus
1110 4828 1236 4880 suis.
1263 4827 1355 4880 Hic
1384 4829 1732 4882 narrationem

189 4917 327 4971 texit
363 4915 564 4984 Moyses
608 4916 810 4969 itineris
849 4918 914 4970 ab
949 4916 1174 4986 ngypto
1194 4958 1207 4981 ,
1237 4917 1402 4970 donec
1426 4926 1678 4971 venerunt
1706 4933 1736 4971 e

189 5007 407 5074 regione
448 5003 676 5057 Iericho.
731 5005 985 5058 .Iubentur
1037 5008 1110 5059 illi
1165 5009 1515 5062 exterminare
1562 5011 1734 5063 omnia

189 5094 335 5148 idola
360 5093 610 5162 gentium.
638 5094 885 5162 Loquitur
907 5098 1059 5150 etiam
1084 5099 1184 5151 illis
1208 5099 1274 5152 de
1302 5100 1537 5152 terminis
1560 5110 1734 5167 terrm,

191 5185 278 5238 ubi
330 5184 582 5252 incipiant
625 5195 676 5238 et
717 5185 801 5237 ubi
841 5187 1098 5242 desinant.
1138 5190 1377 5258 Praecipit
1409 5190 1566 5244 etiam
1601 5193 1737 5245 circa

189 5281 412 5336 terram,
442 5288 596 5342 quam
635 5275 839 5329 Levitas
874 5277 1112 5345 accipere
1147 5280 1448 5346 oportebat,
1480 5279 1620 5332 etde
1645 5294 1734 5332 sex

252 5410 324 5470 (η)
357 5407 971 5476 Huc_recidi_t__illudqu_od
1011 5410 1078 5476 ait
1115 5409 1217 5476 ipse
1252 5424 1477 5476 sermone
1521 5426 1645 5476 nono
1687 5415 1734 5459 in

195 5469 428 5532 Genesim
459 5469 611 5532 Τοπιο
641 5470 722 5532 ιν,
757 5475 847 5517 col.
883 5471 998 5524 5‘38,
1026 5471 1104 5514 τὸν
1132 5472 1329 5531 Βαλαὰμ
1352 5475 1589 5532 ἠνάγκασέ
1621 5490 1736 5519 stata

193 5532 251 5576 τὰ
286 5530 513 5590 μέλλοντα
542 5530 701 5577 εἰπεῖν.

259 5588 325 5650 (b)
357 5591 662 5650 In‘vulgala,
693 5588 914 5645 Abarim,
944 5590 1205 5637 secundum
1235 5591 1520 5643 Hebraicam
1557 5593 1732 5642 verita-

198 5647 319 5699 .em.
343 5647 462 5697 Vide
493 5662 540 5695 ιιι
567 5651 660 5697 ﬁne
685 5651 916 5710 Synopsis
947 5652 1326 5699 Deuteronomii.

1194 332 1506 389 SYNOPSIS
1541 329 1941 386 SCRIPTUR/E
1977 328 2238 382 SACIt/E.

3247 348 3355 401 334

1842 442 2054 497 urbibus
2079 446 2285 516 refugii,
2315 449 2382 502 ita
2410 459 2465 503 ut
2493 454 2532 505 is
2564 453 2649 520 qui
2678 463 2866 522 praeter
2893 457 3207 511 voluntatem
3238 461 3375 514 occi-

1839 532 2020 596 disset,
2043 535 2162 587 illuc
2181 536 2504 605 confugeret,
2530 552 2581 593 et
2603 543 2715 595 sine
2742 545 2975 610 periculo
3005 555 3143 600 esset
3173 548 3240 601 ibi
3271 564 3382 603 ma-

1839 636 1990 685 nens,
2021 623 2189 677 donec
2227 637 2519 681 moreretur
2556 633 2803 684 sacerdos
2847 649 3085 701 magnus.
3114 634 3168 688 Si
3204 646 3378 691 autem

1838 720 1982 764 extra
2007 715 2252 769 terminos
2277 718 2426 771 urbis
2446 730 2742 787 caperetur,
2768 731 2819 775 ct
2845 724 3104 777 occideret
3141 741 3258 777 eum
3285 741 3378 779 co-

1837 812 2023 868 gnatus
2060 805 2216 858 occisi
2242 846 2257 871 ,
2293 806 2375 860 hie
2402 823 2502 860 non
2532 808 2680 862 daret
2707 826 2904 878 poenas.
2937 812 3002 864 Et
3026 828 3181 880 pauca
3206 814 3378 882 loqui-

1840 900 1920 943 tur
1943 892 2009 945 de
2035 893 2233 959 legibus
2259 896 2393 950 circa
2420 898 2606 950 caules.
2635 899 2899 952 Accedunt
2925 902 3182 968 principes
3213 903 3376 957 tribus

1837 979 2069 1034 ManaSSe
2090 983 2320 1037 dicentes
2356 986 2516 1054 Moysi
2546 1005 2556 1039 :
2585 986 2835 1050 Quoniam
2877 990 3039 1040 visum
3076 1001 3154 1042 est
3180 1001 3232 1042 ut
3256 991 3375 1043 ﬁliae

1836 1070 2053 1139 Salpaad
2084 1075 2378 1140 acciperent
2407 1075 2746 1128 hereditatem
2766 1117 2780 1140 ,
2808 1077 2849 1130 si
2872 1079 3141 1145 contigerit
3165 1093 3253 1131 eas
3272 1095 3372 1131 nu-

1838 1160 1958 1214 bere
1989 1163 2102 1214 viro
2127 1177 2190 1216 ex
2228 1165 2389 1217 altera
2421 1165 2580 1231 tribu,
2607 1166 2728 1233 quid
2757 1165 2841 1218 ﬁet
2864 1167 2886 1216 ἶ)
2909 1182 3020 1219 sors
3049 1169 3182 1218 enim
3209 1168 3371 1219 trilms

1835 1260 2025 1303 nostrm
2068 1253 2228 1304 exibit
2262 1252 2313 1305 in
2359 1255 2500 1306 illam
2531 1255 2739 1307 tribum.
2768 1255 2914 1308 Tunc
2951 1257 3196 1322 prmeepit
3221 1255 3367 1324 Moy-

1834 1353 1938 1402 ses,
1980 1349 2035 1390 nt
2076 1342 2154 1393 vir
2190 1341 2413 1409 quiSque
2451 1359 2511 1397 ex
2543 1358 2634 1395 sua
2674 1345 2806 1396 tribu
2848 1359 3058 1397 uxorem
3091 1346 3366 1412 acciperet,

1837 1445 1900 1481 ne
1929 1430 2334 1485 transferrentttr
2365 1433 2679 1487 hereditates
2698 1450 2727 1486 a
2757 1435 2890 1487 tribu
2917 1436 2966 1487 in
2993 1435 3203 1487 tribum.

2265 1557 2492 1596 SYNOPSIS
2520 1553 2903 1596 DEUTERONOMII

1901 1651 2055 1714 Quasi
2088 1652 2383 1703 summatim
2417 1654 2588 1718 priora
2617 1654 2787 1703 omnia
2839 1663 3012 1704 narrat
3046 1652 3247 1721 Moyses
3271 1692 3285 1716 ,
3313 1660 3368 1704 nt

1833 1738 1932 1790 illis
1965 1740 2014 1789 in
2047 1741 2345 1792 memoriam
2375 1748 2581 1792 revocet
2607 1751 2652 1792 et
2684 1741 2768 1791 Dei
2803 1740 3068 1806 beneﬁcia,
3097 1752 3147 1795 et
3180 1744 3365 1810 nequi-

1833 1828 1953 1880 tiam
1987 1829 2235 1894 ipsorum.
2284 1825 2599 1879 Atlhortatio
2629 1842 2692 1878 ne
2724 1824 2862 1879 idola
2889 1829 3086 1879 colant.
3151 1831 3242 1881 IIic
3278 1831 3360 1896 ja-

1831 1925 1912 1968 cet
1935 1917 2058 1968 iIInd
2089 1935 2100 1968 :
2133 1917 2248 1969 Non
2267 1918 2495 1970 adorabis
2515 1917 2700 1978 stellas,
2728 1933 2849 1982 quas
2865 1918 3159 1984 dispensavit
3191 1917 3363 1968 Domi-

1831 2022 1922 2056 nus
1961 2004 2097 2059 Deus
2151 2015 2262 2059 tuus
2307 2008 2530 2059 omnibus
2581 2009 2802 2075 gentibus
2830 2023 2940 2075 qua:
2987 2009 3072 2058 sub
3106 2008 3223 2059 acto
3250 2015 3363 2059 sunt

1833 2096 1851 2163 (
1886 2094 2029 2147 Deut.
2055 2096 2104 2148 4.
2150 2096 2214 2150 19
2243 2095 2261 2164 )
2290 2097 2388 2164 (a).
2418 2096 2544 2149 Illud
2576 2111 2717 2160 vero,
2745 2096 3071 2164 Dispensavit,
3116 2097 3355 2164 inlcllige,

1830 2206 1932 2242 non
1962 2187 2096 2259 quod
2126 2190 2233 2256 ipse
2255 2189 2498 2256 jusserit:
2523 2189 2688 2249 absit;
2719 2188 2808 2241 sed
2834 2188 3263 2255 quemadmodum
3291 2188 3363 2240 ait

1830 2279 2011 2332 beatus
2059 2278 2247 2330 Paulus
2275 2293 2289 2328 :
2330 2277 2554 2329 Tradidit
2597 2277 2707 2330 illos
2736 2276 2864 2328 Deus
2891 2277 2940 2327 in
2967 2278 3227 2343 reprobum
3251 2291 3363 2326 sen-

1828 2385 1935 2420 sum
1964 2370 1979 2436 (
2013 2368 2157 2419 Rom.
2208 2371 2254 2420 I.
2283 2368 2350 2421 28
2395 2367 2433 2435 ),
2470 2383 2570 2420 non
2600 2365 2734 2434 quod
2763 2363 3033 2417 tradiderit
3064 2405 3077 2426 ,
3109 2364 3197 2416 sed
3226 2363 3358 2429 quod

1829 2458 1946 2509 illos
1984 2497 1998 2520 ,
2028 2459 2112 2525 qui
2147 2460 2212 2510 ita
2243 2459 2434 2510 vellent
2469 2466 2520 2510 et
2540 2458 2651 2509 sine
2673 2472 2763 2522 spe
2788 2455 3139 2508 conversionis
3163 2466 3357 2517 essent,

1827 2547 2101 2598 dimiserit.
2148 2546 2234 2598 Sic
2270 2555 2323 2598 et
2365 2546 2464 2598 hoc
2490 2546 2605 2597 loco
2630 2585 2643 2607 ,
2676 2544 2985 2610 Dispensavit
3018 2545 3148 2612 illis,
3179 2544 3226 2595 id
3257 2553 3356 2607 est,

1826 2648 1942 2686 cum
1965 2649 2193 2687 errorem
2220 2633 2860 2701 delegissent,resipiscere
2883 2633 3357 2695 nolentes,dimisit.

1828 2722 1921 2775 llic
1948 2723 2208 2789 paululum
2239 2737 2543 2790 progressus
2588 2722 2658 2775 ait
2693 2739 2706 2774 :
2752 2722 2922 2775 Testor
2949 2721 3078 2774 vobis
3115 2724 3288 2774 ca’lum
3315 2732 3359 2774 et

1829 2825 2024 2873 terram,
2053 2828 2137 2864 vos
2167 2815 2404 2879 perituros
2431 2829 2549 2875 esse,
2578 2813 2620 2863 si
2643 2813 2962 2864 abscesseritis
2983 2829 3011 2863 η
3045 2811 3145 2864 Deo
3167 2813 3184 2878 (
3209 2812 3353 2864 Deut.

1827 2903 1882 2953 4.
1911 2899 1999 2970 26)
2023 2902 2115 2968 (b).
2150 2900 2345 2953 Deinde
2385 2900 2609 2952 ostendit
2633 2901 2790 2951 Deum
2822 2900 2947 2951 nulli
2987 2908 3123 2951 tanta
3153 2899 3358 2966 praesti-

1828 2993 1954 3045 tisse
1982 2994 2112 3044 bona
2141 3000 2329 3059 quanta
2365 2992 2483 3043 illis.
2519 2991 2584 3043 Et
2612 2990 2921 3042 determinat
2951 2996 3054 3042 tres
3097 2989 3254 3041 nrbes
3293 2988 3357 3040 ad

1825 3081 2105 3136 Iordanem
2135 3095 2230 3149 pro
2255 3081 2471 3148 refugio.
2506 3080 2687 3132 Adhuc
2711 3094 2802 3132 eos
2831 3078 2894 3130 de
2921 3078 3148 3144 pristinis
3174 3078 3356 3129 admo-

1827 3178 1956 3234 net,
1999 3171 2172 3237 aitque
2214 3185 2228 3220 :
2270 3168 2394 3236 Liga
2428 3183 2482 3219 ea
2509 3168 2558 3218 in
2585 3166 2805 3216 manibus
2834 3165 2928 3218 tuis
2950 3204 2962 3224 ,
2990 3174 3034 3216 et
3064 3166 3114 3215 in
3142 3165 3357 3231 postibus

1825 3259 2022 3322 scribes,
2051 3267 2098 3311 et
2125 3257 2316 3309 docebis
2356 3257 2513 3323 ﬁlium
2541 3265 2677 3307 tuum
2705 3254 2721 3322 (
2756 3253 2900 3307 Deut.
2943 3253 2994 3307 6.
3036 3253 3085 3307 8.
3116 3253 3147 3306 9
3191 3252 3230 3319 ).
3261 3252 3355 3306 Ubi

1827 3350 1954 3403 dixit
1981 3356 2151 3400 autem
2177 3361 2292 3415 qua:
2317 3346 2449 3398 mala
2472 3345 2534 3397 iis
2562 3354 2808 3397 eventura
2833 3343 2955 3405 sint,
2986 3341 3028 3394 si
3062 3357 3161 3393 non
3200 3340 3355 3393 obsc-

1826 3447 2084 3506 quantur,
2129 3436 2255 3504 ipsis
2302 3434 2542 3487 ﬁduciam
2594 3432 2756 3497 indit,
2808 3446 2873 3485 nc
2903 3433 3077 3484 hostes
3103 3439 3355 3483 metuant.

1831 3527 2031 3580 Rursus
2060 3525 2231 3593 priora
2263 3525 2312 3575 in
2345 3521 2647 3575 memoriam
2672 3530 2897 3574 revocat.
2925 3520 3016 3572 llic
3036 3519 3172 3586 jacet
3198 3517 3318 3570 illud
3342 3535 3354 3570 :

1837 3619 2043 3673 Attende
2075 3618 2157 3670 tibi
2184 3616 2202 3687 (
2232 3615 2364 3667 Ibid.
2397 3630 2443 3666 υ.
2478 3614 2542 3666 15
2573 3613 2611 3682 ),
2639 3612 2774 3680 quod
2824 3611 2946 3679 ipsis
2986 3609 3280 3677 frequenter
3307 3609 3357 3659 in

1830 3713 2167 3781 sequentibus
2206 3710 2394 3779 repetit
2423 3727 2435 3760 :
2467 3717 2742 3774 monetque
2768 3717 2833 3757 ne
2859 3702 3096 3755 victorias
3138 3698 3360 3766 propria:

1829 3805 2004 3858 virtuti
2055 3803 2352 3856 adscribam
2373 3842 2388 3865 ,
2415 3799 2506 3853 sed
2555 3798 2641 3851 Dei
2675 3797 2871 3864 gratim.
2917 3793 3009 3845 IIie
3031 3792 3167 3858 jacet
3195 3788 3314 3841 illud
3343 3805 3357 3839 :

1832 3894 1966 3947 Deus
1992 3893 2117 3961 ignis
2137 3907 2421 3944 consumens
2459 3897 2525 3942 est
2546 3887 2717 3957 (Deut.
2745 3886 2795 3937 4.
2813 3883 2880 3936 24
2903 3898 2916 3945 ;
2954 3880 3103 3931 IIebr.
3133 3877 3214 3930 12.
3243 3876 3357 3942 29),

1831 3985 1968 4054 quod
1997 3984 2186 4038 Paulus
2212 3984 2264 4035 in
2310 3979 2538 4049 Epistola
2578 3977 2643 4029 ad
2674 3976 2916 4028 Ilebrzeos
2959 3970 3144 4038 posuit.
3178 3968 3362 4019 IIorta-

1833 4083 1917 4125 tur
1941 4083 2115 4124 autem
2161 4071 2212 4122 in
2256 4069 2356 4122 hoc
2391 4069 2505 4135 ipso
2531 4067 2643 4118 loco
2667 4063 2870 4133 Moyses
2900 4075 2964 4113 ne
3001 4074 3057 4111 se
3093 4057 3359 4110 extollant.

1836 4161 1954 4214 Non
1985 4161 2110 4212 enim
2133 4167 2328 4227 promer
2346 4155 2592 4225 justitiam
2621 4162 2775 4216 tuam,
2801 4149 2984 4217 inquit,
3012 4145 3188 4206 Israel,
3211 4153 3364 4197 ea'ter-

1833 4250 2145 4302 minabuntur
2179 4257 2342 4316 gentes
2370 4286 2384 4308 ,
2431 4246 2515 4296 sed
2558 4251 2757 4311 propter
2804 4242 3024 4306 ipsorum
3067 4235 3364 4302 impietatem

1838 4340 2005 4408 (Deut.
2041 4338 2093 4392 9.
2127 4338 2202 4404 5).
2232 4336 2288 4388 In
2317 4333 2621 4387 memoriam
2650 4338 2821 4383 autem
2852 4326 2977 4392 ipsis
3008 4330 3214 4376 revocat
3237 4334 3368 4373 con-

1836 4407 2011 4482 flatum
2055 4427 2294 4478 vitulum.
2338 4423 2430 4475 llic
2459 4421 2644 4488 legitur
2671 4416 2793 4469 illud
2820 4431 2831 4465 :
2862 4410 3203 4464 Circumcidile
3227 4407 3367 4459 duri—

1838 4519 1954 4569 tiam
1985 4516 2145 4568 cordis
2186 4513 2348 4574 vestri,
2379 4519 2421 4563 et
2460 4507 2690 4560 cervicem
2723 4511 2930 4555 vestram
2963 4516 3024 4552 ne
3062 4495 3367 4550 indui-aueri-

1838 4609 1898 4659 tis
1929 4604 2108 4675 (Deut.
2156 4603 2240 4655 10.
2271 4600 2376 4666 16).
2404 4595 2601 4649 Laudat
2633 4601 2820 4645 terram
2866 4585 3244 4656 promissionis.
3277 4584 3371 4637 llic

1834 4695 1972 4764 jacet
1995 4692 2116 4746 illud
2152 4689 2313 4743 :Cum
2348 4684 2614 4737 comederis
2647 4691 2689 4733 et
2718 4680 2890 4732 biberis
2915 4687 2958 4730 et
2981 4685 3227 4760 saturatas
3258 4676 3368 4742 (uc-

1839 4763 1928 4850 ris,
1957 4783 2152 4835 attende
2183 4777 2304 4846 tibi(
2335 4775 2483 4827 Deut.
2504 4773 2554 4827 6.
2587 4771 2672 4825 12.
2706 4772 2772 4825 15
2800 4770 2816 4836 )
2843 4786 2855 4820 :
2880 4766 3210 4836 priedicitque
3237 4763 3376 4850 mala

1839 4849 1941 4927 non
1987 4867 2414 4935 obsequentibus,
2443 4873 2492 4917 et
2525 4864 2656 4916 bona
2699 4857 3088 4929 sLobedierint.
3136 4849 3378 4918 Prascipit

1845 4973 1899 5014 nt
1931 4966 1978 5013 in
2011 4969 2186 5012 monte
2210 4956 2419 5010 Garizin
2465 4953 2617 5006 detur
2663 4946 2951 5002 benedictio
2981 4986 2994 5009 ,
3025 4951 3076 4995 et
3114 4944 3162 4993 in
3204 4949 3379 4992 monte

1842 5051 2003 5107 Gcbal
2033 5046 2345 5102 maledictio.
2374 5043 2530 5098 Jubet
2558 5039 2754 5094 destrui
2795 5037 2927 5090 idola
2953 5045 3003 5087 et
3027 5046 3209 5086 eorum
3237 5030 3374 5081 loca.

1845 5140 2085 5208 Przecipit
2125 5153 2192 5191 ne
2221 5137 2410 5204 ubique
2453 5130 2705 5186 sacriﬁcia
2752 5128 2858 5180 Deo
2904 5123 3158 5183 offerant,
3191 5117 3282 5173 sed
3332 5117 3383 5168 in

1844 5231 1958 5283 loco
1987 5242 2138 5295 quem
2185 5227 2296 5294 ipse
2322 5223 2556 5291 elegerit.
2584 5219 2657 5271 Ne
2686 5215 2992 5269 :nmulentur
3046 5222 3254 5279 gentes,
3290 5217 3385 5295 nec

1844 5293 2064 5386 cuipiam
2091 5293 2453 5383 obtemperent
2477 5306 2715 5363 suadenti
2741 5314 2796 5357 ut
2813 5302 2950 5356 idola
2978 5293 3385 5361 colant,etiamsi

1905 5449 1976 5508 (τι)
2012 5454 2118 5493 Haec
2139 5459 2232 5493 non
2255 5444 2312 5491 ad
2336 5441 2534 5491 verbum
2575 5437 2849 5486 referuntur
2871 5441 2924 5481 ut
2945 5432 3180 5480 habentur
3204 5427 3249 5473 in
3269 5432 3390 5471 neu-

1845 5510 2126 5558 terononiio.

1905 5591 1974 5650 (b)
2005 5597 2112 5636 tunc
2133 5601 2226 5650 non
2267 5585 2333 5650 ad
2368 5584 2554 5632 literam
2595 5583 2663 5630 sic
2685 5581 2922 5629 habentur
2944 5578 2991 5624 iu
3035 5572 3242 5620 Editione
3265 5575 3392 5626 txx,

1847 5645 1933 5700 sed
1955 5645 2234 5710 compendio
2255 5645 2538 5696 referuntur.
