4138 6306
775 332 884 387 335

775 434 921 503 signa
949 435 1151 503 fixerit,
1183 452 1286 492 non
1316 441 1506 507 amico,
1539 455 1641 494 non
1664 443 1751 495 a'lii
1779 443 2027 512 cuipiam,
2058 443 2150 499 sed
2176 454 2232 500 ut
2260 449 2334 500 la-

776 523 986 590 pidibus
1011 524 1238 580 obruant
1266 527 1567 582 hortantem
1594 570 1608 594 ,
1656 532 1768 585 sive
1813 532 1972 587 frater
2018 533 2195 599 fuerit,
2223 535 2335 590 sive

774 612 933 665 etiam
965 612 1090 666 urbs
1122 614 1257 668 idola
1284 617 1506 670 coluerit
1531 656 1546 682 ,
1578 633 1692 672 eam
1721 619 2078 676 internecione
2101 623 2329 678 deleant.

775 698 953 755 Monet
981 717 1100 770 quae
1129 705 1450 760 comedenda
1478 746 1491 771 ,
1520 724 1635 776 qua:
1661 711 1952 778 respuenda
1984 713 2105 766 sint.
2139 713 2329 783 Legem

774 789 864 842 dat
892 791 960 844 de
986 793 1295 847 remissione
1318 794 1637 862 debitorum,
1661 798 1726 852 de
1747 801 2058 854 remissione
2082 813 2136 856 et
2165 803 2328 858 liber-

772 888 878 934 tate
904 895 1198 947 servorum,
1227 885 1292 940 de
1323 888 1680 958 primogenitis
1701 933 1715 954 ,
1740 893 1804 945 de
1835 893 2100 961 paschale.
2136 895 2328 965 Hicja-

769 980 857 1025 cet
902 973 1030 1026 illud
1065 993 1077 1026 :
1113 994 1131 1026 ί
1166 975 1278 1029 Non
1309 980 1506 1045 poteris
1549 981 1735 1048 pascha
1765 982 1938 1036 facere
1977 985 2027 1036 in
2073 986 2174 1037 ulla
2201 988 2330 1040 civi-

771 1069 897 1129 tate,
926 1080 1082 1133 quam
1115 1067 1365 1123 Dominus
1393 1071 1534 1125 Deus
1562 1082 1681 1127 tuus
1712 1075 1801 1127 dat
1826 1075 1922 1127 tibi
1949 1116 1963 1139 ,
1995 1077 2087 1130 sed
2112 1078 2162 1130 in
2190 1079 2322 1143 loco,

767 1169 923 1222 quem
951 1157 1170 1224 elegerit
1201 1159 1452 1213 Dominus
1481 1161 1617 1216 Deus
1646 1173 1763 1216 tuus
1787 1182 1809 1214 ι
1846 1163 2114 1232 (Βειιι.16.
2138 1166 2226 1239 5).
2253 1167 2326 1221 De

768 1243 1203 1316 hebdomadibus,
1231 1251 1295 1305 de
1323 1255 1669 1323 scenopcgiis,
1692 1255 1761 1310 de
1784 1255 2066 1324 judicibus,
2096 1260 2160 1314 de
2191 1263 2326 1330 regi-

767 1335 867 1390 bus
891 1378 905 1401 ,
934 1338 976 1390 si
1003 1339 1212 1406 quando
1260 1344 1458 1396 vellent
1510 1346 1608 1399 sibi
1651 1362 1830 1415 regem
1861 1349 2086 1418 aliquem
2124 1355 2323 1405 consti-

760 1432 934 1481 tuere.
987 1429 1060 1482 De
1115 1430 1310 1483 Levitis
1337 1473 1349 1494 ,
1380 1433 1550 1501 deque
1593 1435 1654 1489 iis
1683 1452 1800 1504 qum
1844 1439 2081 1506 accipere
2108 1440 2321 1494 debent.

763 1515 912 1581 Quod
940 1533 1041 1570 non
1070 1529 1309 1586 oporteat
1331 1522 1435 1575 illis
1464 1525 1557 1590 uti,
1590 1526 1676 1594 qui
1707 1527 2019 1593 calharistae,
2051 1545 2140 1584 seu
2173 1547 2324 1585 mun—

765 1604 977 1661 datorcs
1007 1619 1260 1664 vocantur
1289 1610 1386 1681 (α),
1433 1631 1533 1666 non
1583 1616 2012 1681 incantatorihns,
2042 1637 2147 1674 non
2190 1622 2323 1675 divi-

768 1696 1086 1762 nationibus,
1107 1715 1208 1753 non
1237 1702 1518 1768 ominibus,
1551 1713 1641 1758 aut
1679 1707 1952 1763 similibus.
1983 1710 2076 1764 llic
2095 1712 2234 1779 jacet
2257 1712 2322 1766 il-

759 1785 877 1839 lud:
901 1783 1203 1857 PrOphetam
1228 1791 1361 1845 vobis
1387 1795 1636 1848 suscitabit
1661 1796 1811 1858 Deus,
1835 1809 1884 1850 ut
1906 1815 1993 1868 ego
2016 1817 2122 1854 sum
2140 1801 2316 1870 (Deut.

760 1876 848 1931 18.
883 1879 947 1933 15
973 1879 1013 1948 ).
1051 1881 1228 1950 Deque
1253 1883 1470 1937 urbibus
1497 1887 1678 1955 refugii
1724 1891 2039 1956 praccipitur.
2071 1893 2166 1946 llic
2193 1895 2320 1963 legi-

760 1975 845 2021 tur
870 1968 994 2022 illud
1025 1986 1039 2022 :
1081 1969 1148 2023 In
1178 1988 1264 2025 ore
1308 1972 1520 2027 duorum
1568 1977 1762 2029 testium
1803 1979 1878 2031 vel
1905 1981 2050 2032 trium
2077 1991 2319 2037 statuetur

759 2073 902 2112 omne
929 2060 1340 2130 verbumann.
1375 2064 1427 2117 1.
1452 2065 1557 2130 45;
1599 2065 1750 2120 Deut.
1787 2068 1872 2123 19.
1901 2070 2007 2142 15).
2038 2073 2102 2126 Et
2125 2074 2191 2129 de
2216 2074 2315 2128 fal-

757 2149 830 2202 sis
855 2149 1102 2216 testibus,
1133 2152 1255 2221 quid
1296 2153 1368 2207 illi
1396 2155 1502 2223 pati
1530 2155 1774 2211 debeant.
1809 2158 2036 2217 lnsunte
2077 2164 2214 2219 bello
2236 2164 2316 2220 di-

753 2239 826 2291 cit
853 2253 1008 2306 quem
1047 2241 1293 2297 emittere
1343 2253 1622 2311 oporteat,
1649 2262 1750 2302 nec
1789 2248 1929 2304 terre
1954 2260 2008 2304 ut
2031 2267 2151 2307 cum
2187 2256 2314 2324 ipsis

753 2338 968 2400 mtgnet.
994 2330 1245 2386 Hortatur
1269 2349 1334 2388 ne
1360 2334 1680 2390 interﬁciant
1708 2337 1890 2394 hostes
1919 2341 1969 2394 in
2000 2357 2179 2397 eorum
2203 2362 2312 2401 ma-

755 2436 855 2476 nus
892 2422 1143 2477 cadentes
1168 2464 1182 2489 ,
1211 2428 1446 2495 exceptis
1492 2436 1693 2497 septem
1747 2432 2006 2498 gentibus.
2052 2435 2117 2489 Et
2156 2438 2312 2492 urbes

751 2511 962 2581 quidem
986 2528 1196 2582 omnes,
1226 2517 1417 2584 inquit,
1450 2532 1568 2572 cum
1599 2522 1865 2589 ceperitis,
1889 2523 1985 2577 diri
1996 2525 2101 2592 pite
2123 2566 2137 2589 ,
2169 2543 2312 2582 mas-

748 2603 1002 2673 culosque
1026 2614 1225 2660 tantum
1254 2609 1497 2665 occidite.
1537 2611 1612 2665 Ex
1645 2613 1725 2668 his
1752 2630 1878 2670 vero
1904 2655 1918 2679 ,
1954 2633 2172 2687 quorum
2203 2631 2308 2674 ter-

750 2708 860 2745 ram
890 2695 1168 2762 possidetis
1196 2738 1212 2763 ,
1244 2700 1510 2754 neminem
1536 2702 1710 2758 vivere
1732 2705 2026 2761 concedite.
2057 2709 2312 2765 Fructil-‘e-

747 2795 838 2836 ras
877 2784 1096 2839 arbores
1142 2800 1209 2841 ne
1248 2789 1434 2844 caadite
1463 2831 1477 2853 ,
1503 2791 1709 2861 inquit,
1731 2794 1795 2848 ad
1827 2795 2090 2864 ﬁgendum
2117 2800 2308 2854 vallum

751 2873 804 2926 in
851 2874 1141 2930 obsidione.
1195 2877 1250 2932 Si
1277 2881 1392 2947 quis
1421 2883 1627 2938 occisus
1670 2889 1980 2955 reperiatur,
2011 2906 2108 2944 nec
2149 2907 2309 2961 appa-

744 2973 862 3016 reat
906 2964 950 3017 is
979 2967 1067 3032 qui
1119 2967 1402 3034 interfecit,
1435 2971 1558 3038 quid
1588 2971 1882 3030 faciendum
1923 2977 1990 3030 sit
2045 2979 2160 3048 lege
2196 2991 2306 3034 sta-

749 3052 864 3103 tuit.
915 3053 968 3106 Si
1025 3054 1144 3121 quis
1199 3056 1329 3112 duas
1359 3058 1556 3113 habens
1610 3077 1823 3128 uxores,
1881 3067 2035 3118 aliam
2089 3067 2277 3135 oderit,

743 3140 899 3194 aliam
945 3141 1218 3210 dilexerit,
1268 3149 1654 3218 contigeritque
1703 3160 1759 3203 ut
1794 3166 1995 3220 perosae
2046 3155 2180 3210 ﬁlius
2235 3157 2303 3210 sit

744 3231 1124 3300 primogenitus
1156 3251 1170 3288 :
1201 3251 1269 3290 ne
1291 3236 1365 3290 illi
1391 3239 1699 3306 praeferatur
1720 3241 1762 3294 is
1791 3243 1880 3310 qui
1904 3257 1969 3296 ex
1998 3243 2188 3299 dilecta
2209 3261 2301 3299 na-

743 3334 827 3378 tus
851 3333 951 3380 est.
990 3327 1061 3382 De
1088 3328 1196 3382 lilio
1225 3329 1625 3400 inobsequente.
1659 3333 1754 3388 Hic
1772 3335 1913 3403 jacet
1941 3336 2068 3390 illud
2095 3355 2109 3390 :
2137 3324 2300 3391 Male-

741 3414 902 3468 dictus
928 3418 1092 3471 omnis
1117 3419 1203 3487 qui
1228 3422 1403 3488 pendet
1428 3423 1480 3475 in
1515 3423 1650 3491 ligno
1680 3424 1852 3494 (Deut.
1879 3427 1967 3478 2f.
1998 3427 2068 3480 2.3
2093 3428 2132 3497 ).
2168 3429 2297 3494 Quia

743 3521 870 3576 ergo
897 3509 1198 3564 maledictio
1227 3511 1429 3578 prolata
1453 3521 1569 3566 erat
1589 3513 1640 3566 in
1663 3529 1754 3568 eos
1778 3515 1864 3583 qui
1890 3531 1993 3570 non
2023 3528 2296 3572 servarent

737 3597 905 3665 legem
931 3640 946 3665 ,
999 3599 1298 3654 Maledictus
1327 3603 1486 3655 omnis
1522 3604 1607 3671 qui
1652 3621 1752 3656 non
1796 3617 1959 3659 manet
1986 3608 2038 3660 in
2068 3610 2294 3662 omnibus

734 3692 932 3760 scriptis
968 3693 1020 3744 in
1051 3695 1142 3745 hoc
1167 3693 1290 3746 libro
1310 3695 1386 3763 (b)
1414 3696 1430 3761 (
1461 3694 1572 3747 Gal.
1605 3697 1656 3750 ὅ.
1686 3697 1752 3749 15
1808 3714 1820 3760 ;
1850 3697 1998 3750 Deut.
2035 3699 2121 3750 27.
2153 3698 2244 3769 26)
2275 3716 2290 3763 ;

733 3780 798 3834 de
828 3782 940 3849 lege
964 3783 1195 3850 loquitur
1215 3783 1440 3851 Moyses,
1466 3800 1560 3838 nec
1580 3796 1786 3853 poterat
1810 3786 2054 3841 Christus
2083 3790 2133 3841 in
2157 3789 2292 3844 hanc

735 3872 1004 3926 incurrere
1034 3872 1499 3929 maledictionetn:
1535 3875 1771 3944 implevit
1809 3892 2034 3946 namque
2079 3879 2243 3948 legem
2273 3920 2287 3944 ,

733 3961 1156 4016 maledictionem
1183 3963 1554 4018 maledictione
1587 3967 1962 4032 commutavit,
1999 3982 2288 4035 suspensus

730 4051 784 4105 in
807 4052 967 4122 ligno.
998 4052 1148 4118 Quod
1189 4068 1294 4107 non
1324 4061 1570 4122 oporteat
1614 4053 1775 4108 etiam
1824 4055 2020 4109 inimici
2046 4057 2284 4125 jumenta

729 4141 1024 4211 despicere.
1056 4143 1170 4198 Alia
1199 4159 1411 4214 quoque
1437 4145 1712 4200 conStituit
1735 4187 1749 4208 ,
1791 4146 1932 4202 etde
1966 4149 2285 4217 nuptialibus

727 4233 930 4302 legibus
957 4233 1221 4301 edisserit,
1247 4249 1534 4304 poenasque
1560 4237 1834 4290 constituit
1859 4249 2040 4293 contra
2068 4239 2286 4294 violato-

726 4338 813 4377 rcs
843 4324 1124 4394 virginum.
1153 4325 1297 4392 Quos
1338 4326 1617 4395 prohibeat
1645 4327 1710 4380 ab
1755 4329 1995 4397 ingressu
2029 4329 2079 4382 in
2111 4330 2281 4384 eccle-

725 4416 858 4469 siam
886 4433 901 4478 ;
927 4416 995 4470 de
1041 4417 1157 4470 aliis
1209 4433 1418 4486 quoque
1451 4418 1591 4488 leges
1619 4418 1740 4481 fert,
1774 4419 1942 4488 deque
1987 4437 2094 4474 non
2139 4422 2280 4476 acci-

724 4508 920 4577 piendo
968 4508 1192 4562 femore.
1241 4509 1352 4563 Non
1380 4511 1728 4564 cunctandum
1755 4526 1873 4565 esse
1909 4513 1972 4565 ad
2011 4512 2278 4568 reddenda

729 4611 850 4652 vota
882 4617 896 4664 ;
934 4600 1027 4654 sed
1057 4600 1197 4670 quod
1223 4602 1338 4669 quis
1365 4601 1586 4666 voverit,
1610 4602 1784 4655 statim
1812 4603 1998 4656 solvat.
2047 4605 2122 4658 De
2163 4621 2277 4658 mu-

730 4691 859 4745 liere
880 4707 996 4760 qua:
1025 4691 1227 4760 accepit
1253 4691 1484 4745 libellum
1517 4692 1742 4761 repudii,
1771 4693 1837 4747 de
1867 4695 2189 4763 pignoribus,
2211 4696 2277 4750 de

779 4824 849 4885 (α)
873 4823 934 4892 In_
950 4825 1316 4893 penterqnomio
1337 4821 1515 4886 legitur
1537 4837 1580 4893 c.
1604 4824 1687 4893 131,
1716 4839 1760 4872 γ.
1789 4825 1846 4893 ll)
1867 4838 1877 4872 :
1899 4833 1988 4873 Nec
2013 4826 2275 4876 inveniatur

715 4884 762 4932 in
786 4883 934 4956 qui
953 4885 1116 4956 lustret
1133 4883 1301 4956 [il-221ml.
1317 4883 1471 4956 suurn,
1497 4891 1578 4932 aut
1599 4884 1766 4956 ﬁliani,
1793 4885 1970 4956 dureris
1989 4899 2074 4947 per
2097 4900 2269 4956 uiuens.

780 4945 851 5004 (b)
877 4952 984 4992 Haec
1007 4952 1062 5006 et
1081 4945 1334 5006 explicatio
1356 4948 1658 5006 subsequens
1674 4947 1910 4994 habentur
1927 4945 2274 4997 Commentario

715 5005 1028 5068 Chrysostomi
1053 5005 1101 5052 in
1124 5005 1263 5068 Epist.
1287 5006 1344 5052 ad
1367 5005 1547 5068 Galatas
1570 5007 1741 5054 Tom.V
1760 5008 1977 5054 Editionis
1998 5015 2270 5068 postremm,

712 5067 798 5114 sed
811 5065 1050 5140 pluribus
1064 5065 1304 5114 enuntiata
1325 5067 1490 5140 iisdem
1514 5079 1645 5126 sanie
1664 5068 1845 5140 verbis.
1861 5065 2071 5140 puerum
2102 5065 2273 5140 sensus

712 5126 789 5175 hic
808 5126 919 5197 esti:
947 5126 1158 5197 Christus
1181 5132 1266 5175 nos
1284 5128 1494 5197 redemit
1523 5140 1549 5174 a
1574 5128 1836 5197 maledicto
1861 5127 2002 5197 legis,
2028 5141 2053 5197 ς]
2078 5129 2272 5177 maledi-

713 5196 789 5235 cto
811 5187 994 5235 scilicet
1015 5186 1097 5234 illo
1121 5193 1259 5235 Deut.
1284 5188 1362 5242 27,
1388 5187 1464 5243 ‘26,
1490 5187 1765 5236 Maledictus
1789 5186 1936 5236 omnis
1957 5188 2036 5246 qui
2061 5202 2150 5237 non
2172 5203 2270 5237 ma-

712 5255 788 5295 net
806 5247 854 5294 in
878 5247 1088 5296 omnibus
1105 5249 1295 5318 scriptis
1319 5248 1367 5296 in
1390 5248 1476 5296 hoc
1497 5246 1617 5296 libro
1641 5263 1655 5296 :
1685 5250 1794 5319 qunia
1818 5251 1919 5309 ipse
1957 5262 1982 5296 a
2020 5248 2268 5319 lege-ser-

711 5309 860 5354 randa
885 5311 1191 5378 nosexemit;
1214 5316 1519 5378 etquopacte
1539 5310 1756 5378 excutit?
1777 5319 2040 5370 Suspensus
2123 5309 2268 5378 ligno,

711 5377 758 5414 ct
784 5370 851 5431 sic
875 5365 999 5431 aliud
1017 5365 1316 5431 n'taledictun'i
1341 5365 1422 5416 ille
1444 5371 1604 5426 subiit,
1632 5369 1743 5417 illud
1760 5365 1969 5431 nempe,
1997 5365 2269 5422 Maledictus

708 5429 858 5492 atmiis
883 5429 962 5489 qui
985 5429 1152 5492 pendet
1173 5430 1220 5477 in
1245 5429 1402 5488 ligno;
1427 5433 1506 5492 qui
1534 5438 1691 5478 tamen
1723 5430 1834 5478 illud
1861 5429 1952 5479 non
1986 5443 2228 5481 meruerat
2255 5447 2266 5480 :

709 5500 816 5563 nam
840 5489 1001 5550 legem
1020 5489 1318 5563 impleverat;
1339 5489 1629 5563 cum—autem
1655 5505 1741 5563 nos
1761 5493 1872 5563 “ejus
1890 5493 2031 5562 jussis
2047 5501 2271 5563 parentes

709 5547 870 5612 legem
896 5547 989 5612 non
1015 5547 1312 5612 impleamus,
1331 5552 1632 5600 maledictum
1657 5551 1771 5600 illud
1795 5547 1947 5612 legis,
1966 5547 2089 5612 quod
2115 5557 2161 5600 in
2185 5566 2270 5602 nos

707 5610 882 5685 cadere
899 5610 1149 5681 debuerat,
1164 5610 1254 5659 alio
1270 5613 1519 5685 maledicto
1537 5614 1637 5673 ipse
1655 5610 1929 5685 compensat
1942 5610 1994 5669 it,
2010 5626 2270 5685 suspensus

706 5670 754 5718 in
776 5669 927 5733 ligno,
949 5679 1088 5734 atque
1110 5674 1171 5721 ita
1192 5669 1571 5722 malcdictioneni
1595 5669 1922 5723 maletli'ctione
1944 5669 2262 5723 commutavit.

1514 325 1569 380 S.
1594 324 1867 383 JOANNIS
1904 319 2360 386 C'IIRYSOSTOMI
2397 332 2706 393 AllClllEP.
2747 341 3268 404 CONSTANTINOP.

3891 377 3991 431 336

2447 448 2606 542 furto,
2626 455 2694 510 de
2735 462 2980 517 mercede
3006 469 3341 536 mercenarii,
3371 469 3436 525 de
3457 473 3655 542 pupillo
3679 515 3694 540 ,
3720 474 3788 530 de
3813 476 3963 530 vidua
3980 519 3997 541 ,

2443 541 2510 634 de
2540 545 2905 617 relinquendis
2948 557 3107 622 spicis
3149 570 3204 613 et
3253 561 3367 616 uvis
3398 577 3493 630 pro
3533 541 3876 634 pauperibus.
3914 569 4000 623 llic

2436 633 2610 700 jacet,
2659 641 2796 704 quod
2839 657 2944 696 non
2977 645 3168 701 debeat
3214 664 3310 717 pro
3355 633 3828 728 iniquitateialiqua
3863 663 3996 730 plus-

2439 738 2594 791 quam
2623 730 2968 801 quadraginta
2998 737 3174 807 plagas
3212 742 3328 810 quis
3356 746 3616 815 accipcre.
3651 749 3727 804 De
3757 766 3869 805 non
3890 753 3996 806 alb-

2437 816 2610 881 gando
2657 831 2750 873 ore
2803 821 2958 876 bovis
2999 827 3322 894 triturantis,
3351 833 3416 888 de
3463 839 3770 895 suscitando
3796 843 3998 898 semine

2436 902 2580 958 fratri
2608 914 2695 976 qui
2718 910 2998 968 defunctus
3017 957 3030 980 ,
3055 918 3120 971 ab
3141 935 3204 974 eo
3233 925 3318 990 qui
3349 936 3618 995 superstes
3643 941 3723 985 est
3750 951 3765 987 :
3789 944 3844 989 et
3875 937 3994 1002 quid

2435 1009 2684 1063 passurus
2713 1003 2782 1056 sit
2801 1007 2887 1072 qui
2920 1008 3147 1063 noluerit
3172 1015 3446 1071 suscitare.
3467 1019 3542 1074 De
3564 1022 3914 1091 ponderibus,
3932 1027 3996 1082 de

2434 1092 2718 1145 mensuris.
2762 1094 2837 1149 De
2882 1102 3286 1157 exterminando
3309 1105 3581 1165 Amaleco.
3622 1112 3697 1167 De
3721 1116 3991 1182 primitiis,

2431 1178 2498 1233 de
2529 1180 2860 1241 humanitate
2888 1203 3009 1258 erga
3038 1191 3223 1248 viduas
3248 1203 3304 1249 et
3331 1199 3578 1266 pupillos.
3605 1178 3740 1259 Hine
3777 1178 3992 1261 demunt

2432 1270 2686 1341 incipiunt
2711 1276 3105 1337 maledictiones
3134 1293 3188 1340 et
3211 1283 3642 1358 benedictiones;
3671 1293 3775 1349 illa:
3800 1286 3991 1350 inobe-

2430 1360 2712 1429 dicnt't'bus,
2741 1367 2822 1420 lite
2851 1369 3704 1452 obtemperantibus.Longumque
3725 1387 3857 1439 texit
3884 1402 3993 1441 ser-

2430 1467 2638 1508 monem
2669 1457 2734 1510 de
2786 1460 2938 1513 malis
2992 1463 3132 1530 ipsos
3168 1465 3444 1523 invasuris.
3491 1471 3601 1526 Hoc
3641 1471 3860 1545 contigit
3897 1471 3994 1532 sub

2429 1542 2658 1613 Assyriis
2688 1556 2741 1600 ct
2768 1548 3086 1620 Babyloniis.
3121 1555 3246 1610 Illud
3276 1570 3470 1626 autem,
3500 1565 3636 1631 quod
3658 1561 3748 1619 filii
3778 1542 3991 1638 quoque

2427 1632 2532 1685 sint
2569 1636 2922 1705 comedendi,
2955 1642 3006 1694 in
3055 1643 3417 1702 obsidionibus
3465 1654 3704 1722 contigit.
3754 1632 3830 1711 De
3874 1632 3992 1727 ipso

2427 1739 2638 1792 quoque
2666 1726 2877 1783 Christo
2909 1732 2998 1786 hic
3043 1736 3300 1790 meminit.
3350 1738 3482 1806 Erit,
3534 1742 3719 1812 inquit,
3753 1748 3856 1800 vita
3896 1726 3992 1802 tua

2425 1815 2644 1882 pendens
2671 1830 2786 1871 ante
2814 1822 2983 1875 oculos
3013 1825 3161 1893 tuos(
3193 1825 3344 1880 Deut.
3375 1828 3461 1884 28.
3508 1831 3575 1886 66
3607 1834 3645 1900 ).
3702 1833 3799 1888 Hic
3848 1838 3992 1905 jacet

2425 1904 2547 1957 illud
2573 1923 2585 1957 :
2618 1902 2701 1960 Ne
2723 1924 2823 1976 qua
2852 1911 2998 1964 radix
3020 1916 3367 1971 amaritudinis
3394 1918 3551 1987 (Ibid.
3585 1921 3672 1977 29.
3701 1925 3813 1993 18).
3843 1902 3989 1995 quod

2423 1994 2614 2051 Paulus
2643 2013 3023 2057 commemorat
3045 2006 3094 2058 in
3125 2007 3358 2076 Epistola
3388 2012 3454 2065 ad
3490 2012 3742 2069 Hebraeos
3780 2018 3798 2088 (
3826 1994 3984 2071 Hebr.

2424 2085 2509 2138 l2.
2543 2088 2609 2141 ts
2635 2088 2675 2157 ).
2716 2089 2812 2144 Hic
2840 2091 3035 2162 legitur
3079 2097 3247 2152 illud:
3284 2118 3302 2150 ‹
3336 2101 3545 2157 Occulta
3577 2085 3798 2162 Domino
3826 2106 3940 2164 Deo
3968 2152 3984 2178 ,

2419 2179 2695 2236 manifesta
2726 2198 2852 2238 vero
2880 2185 3028 2244 vobis
3057 2197 3109 2241 et
3136 2189 3258 2244 ﬁliis
3287 2195 3494 2257 vestris.
3523 2197 3652 2264 Quia
3676 2201 3983 2256 mandatum

2419 2267 2553 2335 ejus,
2588 2271 2768 2339 inquit,
2797 2290 2900 2330 non
2926 2278 3029 2331 erit
3060 2279 3302 2336 sublime.
3335 2282 3448 2338 Non
3471 2287 3521 2340 in
3547 2290 3695 2354 caelo,
3725 2300 3784 2344 ut
3812 2293 3978 2356 dicas,

2415 2357 2545 2421 Quis
2566 2363 2880 2419 ascendetin
2905 2369 3313 2440 cailum'tneque
3344 2375 3475 2428 ultra
3501 2394 3664 2441 mare,
3695 2383 3786 2434 sed
3815 2397 3982 2450 prope

2419 2457 2470 2501 te
2497 2451 2714 2505 verbum
2739 2461 2839 2516 est,
2870 2455 2920 2509 in
2947 2472 3038 2512 ore
3059 2469 3180 2512 tuo»
3218 2461 3392 2532 (Deut.
3423 2465 3613 2520 29.29.
3642 2467 3727 2522 30.
3760 2472 3848 2523 ll.
3872 2470 3976 2533 19.;

2421 2535 2566 2591 Rom.
2596 2541 2680 2594 l0.
2711 2541 2786 2612 6).
2816 2543 2938 2599 Hmc
2967 2545 3035 2602 de
3067 2550 3217 2619 legali
3257 2554 3503 2610 mandan
3529 2557 3689 2622 dicta,
3721 2562 3789 2613 ad
3819 2561 3976 2616 ﬁdem

2418 2629 2468 2680 i‘n
2498 2627 2764 2685 Christum
2797 2635 2957 2690 traxit
2986 2637 3199 2693 Paulus.
3229 2634 3396 2697 Testes
3420 2660 3536 2699 voca
3567 2649 3699 2702 vobis
3721 2691 3734 2712 ,
3769 2651 3974 2719 inquit,

2414 2721 2590 2774 ca’lum
2618 2731 2664 2775 et
2710 2733 2894 2780 terram
2920 2767 2935 2792 ,
2968 2737 3021 2781 ut
3050 2730 3269 2801 diligatis
3303 2729 3456 2787 Deum
3506 2736 3526 2808 (
3553 2733 3698 2791 Deut.
3729 2740 3818 2796 50.
3846 2743 3910 2797 19
3934 2745 3972 2812 ).

2414 2808 2558 2866 Tunc
2593 2823 2746 2869 vocat
2771 2813 2950 2870 Jesum
2999 2817 3158 2874 lilium
3202 2821 3377 2888 Nave,
3409 2834 3460 2879 ct
3487 2825 3635 2893 jubet
3661 2826 3855 2886 ducere
3885 2808 3973 2900 po—

2409 2902 2612 2969 pulum,
2641 2918 2738 2959 nec
2767 2904 2947 2961 hostes
2970 2907 3270 2975 formidare,
3301 2927 3418 2967 cum
3449 2916 3608 2970 Deum
3633 2918 3863 2974 habeant
3885 2939 3972 2975 au-

2408 2993 2727 3048 xiliatorcm.
2756 2996 3105 3069 Prmcipitqne
3135 3013 3192 3056 ut
3223 3005 3273 3057 in
3303 3009 3627 3078 scenOpcgiis
3648 3013 3743 3065 toti
3779 3017 3971 3081 populo

2411 3081 2490 3133 lex
2522 3083 2742 3151 legatur.
2775 3087 3020 3144 Prmdicit
3053 3092 3214 3161 Moysi
3245 3096 3402 3162 Deus,
3427 3110 3543 3165 post
3586 3103 3700 3168 ejus
3743 3116 3968 3158 mortem

2419 3170 2667 3239 populum
2696 3175 2854 3230 idolis
2884 3180 3202 3235 serviturum
3225 3194 3278 3238 et
3303 3188 3626 3254 puniendum
3661 3190 3794 3245 fore.
3817 3193 3966 3259 Esto,

2409 3264 2594 3332 inquit,
2624 3265 2725 3322 hoc
2754 3271 3038 3338 canticum,
3060 3275 3198 3343 quod
3221 3287 3402 3345 contra
3432 3280 3572 3348 ipsos
3606 3284 3964 3341 testimonium

2407 3353 2557 3408 ferat.
2587 3354 2698 3409 Non
2727 3360 2866 3412 enim
2900 3376 3145 3431 umquam
3175 3365 3289 3433 ejus
3317 3368 3713 3425 oblivisccntur.
3743 3373 3810 3428 Et
3831 3378 3964 3430 scri-

2405 3446 2509 3512 psit
2537 3446 2741 3516 Moyses
2784 3451 3044 3504 canticum
3071 3494 3085 3518 ,
3131 3467 3183 3509 et
3214 3457 3459 3525 prardixit
3499 3461 3575 3515 eis
3617 3464 3752 3530 quod
3789 3465 3963 3533 inique

2400 3535 2505 3588 sint
2534 3542 2719 3593 acturi.
2765 3540 2859 3594 llic
2886 3541 3072 3611 legitur
3105 3563 3117 3597 :
3164 3564 3181 3596 ι
3215 3546 3316 3617 Ipsi
3362 3565 3447 3605 me
3473 3552 3537 3605 ad
3571 3555 3962 3612 aemulationem

2402 3640 2825 3693 provocaverunt
2853 3633 2904 3684 in
2937 3649 3040 3686 non
3075 3637 3181 3688 Deo
3207 3677 3222 3702 ,
3250 3647 3302 3691 ct
3325 3655 3422 3707 ego
3459 3641 3524 3694 ad
3567 3645 3958 3703 aemulationem

2398 3719 2694 3784 provocabo
2723 3735 2815 3774 eos
2845 3722 2895 3774 in
2923 3738 3026 3777 non
3052 3736 3208 3793 gente
3255 3747 3273 3779 ι
3311 3729 3330 3799 (
3359 3729 3512 3786 Deut.
3540 3732 3625 3786 5'2.
3657 3733 3770 3806 2t).
3799 3737 3960 3793 lube-

2400 3815 2482 3857 tur
2516 3805 2720 3875 Moyses
2747 3811 3037 3867 ascendere
3073 3815 3123 3867 in
3150 3826 3380 3871 montem
3412 3820 3646 3886 Abarim,
3679 3805 3769 3894 qui
3795 3828 3954 3881 etiam

2395 3895 2572 3950 Nabus
2602 3899 2906 3961 vocabatur.
2939 3913 2992 3956 et
3014 3905 3196 3960 videre
3223 3915 3418 3962 terram
3454 3912 3863 3978 promissionis:
3903 3927 3956 3972 et

2396 3995 2670 4054 postquam
2701 3989 2933 4058 singulas
2961 3995 3129 4049 tribus
3156 3996 3512 4055 benedixisset
3534 4044 3549 4068 ,
3575 4013 3815 4060 mortuus
3840 4017 3950 4064 est:

2393 4093 2655 4147 nemoque
2685 4081 2835 4135 novit
2863 4084 3162 4152 sepulcrum
3186 4089 3298 4155 ejus
3324 4091 3386 4144 ad
3416 4092 3551 4147 hanc
3570 4110 3736 4164 usque
3753 4098 3893 4153 diem
3911 4101 3947 4152 '.

2393 4167 2504 4222 lluc
2529 4169 2775 4225 desinunt
2796 4176 3028 4244 quinque
3051 4177 3166 4231 libri
3197 4179 3391 4250 Moysis
3412 4224 3427 4248 ,
3455 4199 3588 4253 quos
3613 4189 3758 4243 solos
3795 4205 3949 4245 acce-

2390 4267 2578 4326 perunt
2601 4259 3033 4334 admiseruntquc
3069 4267 3358 4324 Samaritae.

2722 4389 2954 4430 SYNOPSIS
2977 4392 3109 4431 LIBRI
3139 4394 3259 4434 JBSU
3290 4397 3413 4437 ιηυι
3441 4399 3600 4440 NAVE.

2452 4503 2673 4559 Jubetur
2695 4505 2848 4562 Jesus
2875 4511 3158 4579 praecipere
3193 4514 3406 4582 populo,
3438 4524 3496 4569 ut
3520 4517 3615 4587 legi
3645 4519 3736 4573 Dei
3772 4531 3948 4577 atten-

2381 4593 2489 4647 dat.
2516 4594 2668 4648 Mittit
2692 4598 3073 4664 exploratores,
3100 4603 3188 4670 qui
3217 4603 3414 4658 intrant
3442 4606 3492 4659 in
3530 4606 3762 4664 Jcricho.
3810 4612 3941 4667 Cum

2382 4683 2430 4736 id
2445 4685 2676 4739 audisset
2691 4702 2784 4740 rex
2804 4688 2966 4754 urbis,
2988 4691 3128 4744 misit
3145 4694 3231 4762 qui
3248 4695 3385 4748 viros
3403 4698 3731 4765 requirerent
3745 4716 3772 4754 a
3794 4703 3942 4759 Raab

2381 4775 2679 4841 meretrice,
2706 4793 2822 4845 quae
2848 4779 2989 4847 ipsos
3012 4795 3332 4852 susceperat.
3374 4784 3463 4839 llla
3497 4802 3621 4842 vero
3642 4790 3941 4858 explorato-

2379 4882 2466 4920 res
2491 4868 2786 4922 occultavit.
2812 4869 3018 4938 Proque
3045 4874 3129 4927 illa
3159 4875 3322 4942 gratia
3364 4877 3510 4945 petiit
3541 4893 3637 4946 pro
3661 4879 3817 4934 domo
3843 4897 3939 4936 sua

2376 4961 2619 5023 salutem,
2649 4975 2770 5014 cum
2818 4961 2943 5016 urbs
2984 4973 3135 5032 capta
3176 4967 3328 5018 foret.
3384 4967 3460 5020 llli
3514 4983 3826 5024 annuerant.
3869 4973 3941 5028 Et

2377 5065 2494 5102 cum
2542 5050 2948 5117 discessissent,
3003 5070 3118 5122 quae
3163 5064 3308 5124 gesta
3349 5068 3498 5111 erant
3543 5061 3936 5117 renuntiarunt.

2376 5139 2616 5207 Praecipit
2640 5141 2833 5208 populo
2860 5150 2914 5194 ut
2956 5142 3235 5197 Jordanem
3278 5153 3524 5211 transeat,
3549 5156 3601 5200 et
3639 5147 3779 5203 sicco
3799 5151 3934 5216 pede

2375 5232 2714 5298 transierunt,
2739 5233 3037 5302 lapidesque
3052 5234 3327 5288 duodecim
3345 5237 3394 5289 in
3411 5239 3593 5292 castris
3611 5247 3930 5299 statuerunt.

2375 5324 2483 5378 lloc
2524 5325 2699 5379 audito
2735 5340 2884 5395 reges
2911 5329 3335 5383 Amorrhtcorum
3361 5331 3447 5399 qui
3476 5339 3618 5384 trans
3644 5331 3934 5389 Jordanem

2433 5490 2448 5519 ⁸
2473 5486 2525 5535 In
2548 5485 2854 5543 Coisliniano,
2877 5488 3310 5536 Deuteronomium
3338 5487 3401 5536 ita
3423 5488 3604 5537 desinit
3631 5505 3642 5537 :
3670 5492 3924 5540 Κελεύεται

2370 5551 2577 5603 Μωῦσῆς
2606 5548 2806 5594 ἀνελθεῖν
2831 5549 2893 5600 εἰς
2916 5549 2970 5594 τὸ
2992 5548 3096 5608 ὄρος
3124 5549 3177 5594 τὸ
3225 5548 3456 5608 ’Λουρεὶμ,
3487 5551 3513 5595 ὃ
3534 5552 3611 5597 καὶ
3649 5553 3784 5599 Ναὰὸ
3823 5554 3932 5600 ἑλέ-

2400 5624 2493 5663 ετο,
2515 5609 2592 5653 καὶ
2616 5609 2708 5673 side
2725 5609 2810 5673 τὴν
2829 5614 2914 5666 γῆν
2926 5614 3022 5673 fi);
3050 5608 3338 5673 ἐπαγγελίας,
3365 5610 3441 5656 καὶ
3463 5610 3642 5673 εὐλογεῐ
3667 5613 3777 5668 τοὺς
3794 5614 3932 5670 υἱοὺς

2395 5670 2584 5731 tepetii),
2611 5669 2689 5715 καὶ
2711 5669 2903 5731 τελευτᾷ
2925 5669 3131 5726 Μωῡσῆς
3153 5669 3231 5715 καὶ
3255 5669 3490 5716 ϐάπτεται.
