4152 6324
180 340 290 397 335

176 440 484 512 ἐλευθερίας
506 446 613 499 τῶν
634 446 1004 513 δουλευόντων,
1034 449 1159 517 περὶ
1200 448 1571 517 πρωτοτόκων,
1592 445 1720 514 περὶ

174 528 273 582 τοῦ
302 530 505 600 πάσχα.
541 534 795 587 Ἐνταῦθα
824 538 998 587 κεῖται
1024 532 1104 599 τὸ,
1129 535 1210 586 Οὐ
1245 534 1482 598 δυνήσῃ
1517 532 1584 583 τὸ
1614 528 1721 581 πά-

176 634 302 687 σχα
321 620 513 673 ποιεῖν
537 634 563 662 ι
582 622 649 674 ἐν
670 622 908 691 οὐδεμιᾷ
939 622 1054 676 τῶν
1082 624 1306 675 πόλεων
1335 617 1421 674 ὧν
1457 621 1665 687 Κύριος
1688 621 1720 671 δ

179 708 327 771 Θεός
356 723 469 761 σου
497 709 705 762 δίδωσί
740 726 855 775 σοι,
894 711 1027 764 ἀλλ’
1054 714 1137 775 είς
1173 711 1277 762 τὸν
1314 711 1493 761 τόπον
1536 708 1607 760 ὃν
1646 708 1721 760 ἂν

175 795 491 862 ἐκλέξηται
520 799 731 864 Κύριος
762 803 795 852 ό
824 802 964 864 Θεός
994 814 1126 852 σου.
1155 800 1283 868 Περὶ
1312 800 1404 867 τῆς
1436 798 1539 849 τῶν
1569 797 1718 848 ἐϐδο-

174 884 378 951 μάδων,
426 888 551 956 περὶ
594 889 693 958 τῆς
737 890 842 941 τῶν
896 890 1286 958 σκηνοπηγιῶν,
1334 890 1456 957 περὶ
1498 888 1715 957 κριτῶν,

170 976 299 1043 περὶ
330 974 609 1043 βασιλέων,
641 978 693 1029 εί
722 995 847 1030 ποτε
873 978 1073 1030 ἔλθοιεν
1097 982 1172 1040 είς
1194 978 1478 1046 ἐπιθυμίαν
1511 977 1603 1029 τοῦ
1632 978 1718 1046 βα-

171 1058 414 1111 σιλεῦσαί
450 1077 587 1113 τινα.
624 1064 751 1132 Περὶ
784 1063 1038 1127 Λευῖτῶν,
1068 1065 1158 1115 καὶ
1192 1058 1263 1116 ὧν
1287 1063 1551 1131 ὀφείλουσι
1582 1063 1717 1132 λαμ-

170 1148 373 1203 ϐάνειν.
398 1153 528 1222 Περὶ
548 1153 639 1205 τοῦ
666 1156 737 1222 μὴ
754 1155 859 1207 δεῖν
878 1158 985 1218 τοῖς
1006 1156 1309 1223 λεγομένοις
1331 1156 1672 1224 καθαρισταῖς
1687 1155 1713 1192 δ

169 1240 486 1308 κεχρῆσθαι,
508 1244 540 1312 ἢ
559 1244 841 1308 ἐπαοιδοῖς,
864 1244 896 1314 ἦ
920 1245 1192 1315 μαντείαις
1214 1246 1245 1314 ἢ
1270 1244 1583 1314 κληδόσιν,ἢ
1606 1246 1713 1306 τοῖς

165 1329 448 1393 τοιούτοις.
481 1333 738 1385 Ἐνταῦθα
766 1335 938 1386 κεῖται
959 1335 1038 1398 τὸ,
1067 1334 1381 1401 Προφήτην
1405 1333 1544 1401 ὑμῖν
1570 1334 1712 1386 ἀνα-

166 1419 383 1484 στήσει
431 1424 462 1472 ό
505 1422 645 1485 Θες“ς
671 1423 749 1488 ὡς
778 1423 898 1491 ἐμέ.
941 1425 1046 1475 Kal
1081 1424 1207 1492 περὶ
1242 1423 1348 1475 τῶν
1386 1422 1713 1491 φυγαδευτη-

167 1506 298 1573 ρίων
358 1510 560 1563 πόλεων
606 1511 954 1567 διατάττεται.
1008 1512 1264 1566 Ἐνταῦθα
1330 1515 1521 1573 κεῖται,
1583 1512 1709 1563 Ἐπί

163 1603 460 1669 στόματος
500 1603 608 1657 δύο
656 1604 964 1671 μαρτύρων
1009 1602 1104 1655 καὶ
1148 1603 1321 1670 τριῶν
1355 1601 1710 1666 σταθήσεται

166 1691 287 1744 πᾶν
303 1692 487 1760 ῥῆμα.
522 1695 627 1746 Kal
656 1695 780 1761 περὶ
806 1695 911 1746 τῶν
934 1693 1527 1763 ψευδομαρτυροῦντων,
1556 1693 1607 1743 τί
1633 1693 1711 1743 δεῖ

166 1780 394 1848 πάσχειν
417 1780 631 1843 αὐτούς.
671 1781 1011 1841 Ἐπιστάντος
1046 1779 1295 1847 πολέμου,
1327 1778 1467 1845 λέγει
1496 1777 1612 1830 τίνα
1631 1777 1710 1828 δεῖ

164 1868 486 1938 ἐκπέμπειν,
547 1871 639 1922 καὶ
691 1869 765 1939 μὴ
827 1869 1040 1938 ἀφιέναι
1096 1869 1455 1938 συμπολεμεῖν
1503 1869 1705 1929 αὐτοῖς.

166 1959 428 2026 Παραινεῖ
464 1961 537 2029 μὴ
572 1960 903 2029 ἀναιρεῖσθαι
931 1960 1051 2021 τοὺς
1074 1957 1353 2027 πολεμίους
1378 1957 1704 2010 ὑποπίπτον-

163 2064 277 2109 τας,
309 2048 449 2117 πλὴν
475 2048 581 2100 τῶν
604 2048 739 2101 ἐπτά
761 2048 944 2102 ἐθνῶν.
982 2049 1087 2100 Kal
1114 2047 1211 2109 τάς
1242 2046 1339 2116 μὲν
1369 2047 1545 2109 πόλεις
1564 2047 1703 2100 ἀπά-

166 2151 281 2196 σας,
307 2134 527 2187 ἐπειδὰν
550 2134 724 2203 ἕλητε,
751 2135 899 2203 φησὶ,
934 2133 1239 2199 σκυλεύετε,
1263 2135 1328 2187 τὰ
1347 2136 1544 2205 ἄρρενα
1571 2135 1703 2204 μόνα

163 2225 527 2294 ἀναιῳῦντες.
566 2226 657 2277 Ἐκ
687 2225 743 2277 δέ
772 2224 992 2286 τούτων,
1024 2218 1097 2278 ῶν
1119 2224 1215 2293 τὴν
1236 2224 1336 2293 γῆν
1363 2225 1703 2295 κληρονομεῖ-

160 2332 236 2377 τε,
276 2315 483 2383 μηδένα
520 2314 830 2385 ζωγρήσητε
863 2316 1179 2385 ἐμπνέοντα.
1215 2316 1547 2386 Καρποφόρα
1576 2316 1701 2379 ξύλα

164 2404 234 2471 μὴ
256 2403 502 2471 τέμνετε,
528 2402 707 2473 φησὶν,
730 2403 808 2464 είς
824 2402 884 2454 τὸ
905 2403 1068 2472 πῆξαι
1094 2404 1303 2473 χάρακα
1327 2404 1383 2455 ἐν
1404 2404 1696 2475 πολιορκίᾳ.

160 2492 224 2543 Et
260 2508 346 2554 τις
385 2491 577 2562 εὑρεθῇ
609 2492 1015 2561 πεφονευμένος,
1047 2494 1074 2546 ὀ
1104 2494 1159 2546 δὲ
1188 2494 1444 2561 φονεύσας
1473 2494 1545 2564 μὴ
1581 2496 1702 2562 φαί-

160 2596 333 2641 νοιτο,
381 2580 654 2649 νομοθετεῖ
698 2582 748 2633 τί
794 2583 874 2636 δεῖ
920 2582 1178 2649 γίνεσθαι.
1232 2582 1354 2634 Ἐάν
1397 2583 1453 2636 δέ
1494 2600 1576 2645 τις
1610 2584 1701 2636 δύο

160 2669 293 2739 ἔχων
342 2672 620 2738 γυναῖκας,
671 2671 767 2741 τὴν
813 2671 908 2741 μὲν
950 2673 1169 2741 μισήσῃ,
1215 2672 1474 2743 ἀγαπήσῃ
1519 2673 1573 2726 δὲ
1603 2676 1699 2742 τήν

157 2758 371 2828 ἑτέραν,
410 2759 503 2810 καὶ
539 2758 714 2829 συμϐῇ
746 2758 834 2810 τὸν
857 2758 954 2829 τῆς
987 2758 1311 2829 μισουμένης
1343 2756 1476 2813 εἶναι
1498 2761 1700 2831 πρωτό-

155 2865 330 2911 τοκον,
378 2847 453 2917 μὴ
497 2848 859 2918 προτιμείσθω
900 2848 1059 2901 αὐτοῦ
1103 2850 1129 2901 ὁ
1181 2849 1276 2918 τῆς
1322 2851 1694 2921 ἠγαπημένης.

156 2937 287 3007 Περὶ
326 2937 444 2989 υίοῦ
490 2936 760 3000 ἀπειθοῦς.
808 2936 1064 2990 Ἐνταῦθα
1095 2941 1282 2999 κεῖται,
1319 2940 1697 3007 Ἐπικατάρα-

157 3042 255 3090 τος
284 3026 404 3091 πᾶς
440 3029 472 3079 ό
508 3029 865 3095 κρεμάμενος
886 3026 979 3079 ἐπὶ
1001 3026 1203 3088 ξύλου.
1241 3029 1388 3081 Ἐπεὶ
1415 3025 1504 3081 οὖν
1528 3030 1697 3083 ἔκειτο

155 3117 367 3187 κατάρα
400 3120 507 3177 τοῖς
542 3117 613 3186 μὴ
639 3117 960 3184 φυλάσσουσι
990 3117 1078 3168 τὸν
1108 3118 1284 3186 νόμον,
1325 3119 1696 3185 Ἐπικατάρα-

152 3222 252 3271 τος
290 3204 400 3269 πᾶς
436 3206 502 3270 ὃς
541 3207 648 3258 οὐκ
685 3206 915 3273 ἐμμένει
954 3206 1099 3259 πᾶσι
1137 3206 1256 3271 τοῖς
1283 3208 1693 3276 γεγραμμένοις

151 3296 218 3347 ἐν
254 3295 334 3358 τῷ
361 3296 575 3361 βιϐλίῳ
611 3295 812 3357 τούτῳ·
847 3295 971 3363 περὶ
1002 3294 1092 3347 τοῦ
1135 3295 1293 3364 νόμου
1327 3296 1494 3363 λέγων
1532 3298 1692 3349 Μωῦ-

155 3386 268 3453 σῆς·
321 3386 415 3438 καὶ
455 3383 549 3454 τὴν
595 3385 830 3455 κατάραν
857 3385 1066 3452 ἐκείνην
1103 3384 1201 3436 οὐκ
1230 3385 1351 3453 ἐνῆν
1392 3385 1569 3438 λαϐεῖν
1605 3386 1694 3437 τὸν

152 3476 402 3543 Χριστόψ
435 3474 711 3545 ἐπλήρωσε
739 3475 844 3545 γὰρ
872 3473 960 3525 τὸν
985 3474 1162 3542 νόμον,
1188 3475 1426 3544 κατάραν
1456 3477 1694 3546 κατάρας

152 3565 513 3633 ἀντηλλάξατο
537 3564 857 3633 κρεμασθεὶς
886 3564 974 3615 ἐπὶ
1004 3564 1177 3628 ξύλου.
1206 3566 1338 3632 Περὶ
1371 3564 1461 3616 τοῦ
1488 3568 1559 3633 μὴ
1587 3566 1694 3619 δεῖν

156 3657 289 3725 μηδὲ
346 3655 451 3707 τῶν
507 3655 708 3723 ἐχθρῶν
761 3654 826 3706 τά
876 3654 1039 3720 ἄλογα
1096 3657 1353 3723 παρορᾷν,
1403 3658 1493 3708 καὶ
1537 3656 1694 3724 ἕτερα

153 3748 447 3815 νομοθετεῖ,
479 3746 570 3797 καὶ
611 3746 733 3816 περὶ
771 3746 1015 3814 γαμικῶν
1043 3745 1338 3812 διαλέγεται
1366 3747 1560 3815 νόμων,
1602 3750 1693 3801 καὶ

152 3837 417 3906 τιμωρίας
442 3836 617 3905 τίθησι
647 3836 783 3888 κατά
808 3835 913 3887 τῶν
940 3835 1257 3904 ὑϐριζόντων
1285 3837 1362 3899 είς
1378 3837 1690 3907 παρθένους.

153 3927 313 3987 Τίνας
367 3925 561 3977 κωλύει
602 3925 673 3993 μὴ
716 3926 935 3978 εἰσιέναι
963 3925 1039 3987 είς
1072 3925 1378 3994 ἐκκλησίαν,
1428 3925 1517 3977 καὶ
1568 3925 1693 3995 περὶ

152 4016 351 4083 ἐτέρων
407 4013 695 4083 νομοθετεῖ,
744 4015 834 4066 καί
881 4014 1005 4083 περὶ
1052 4013 1144 4065 τοῦ
1190 4014 1262 4082 μὴ
1301 4014 1482 4066 λαϐεῖν
1518 4016 1688 4068 τόκον.

152 4106 286 4174 Περὶ
315 4104 405 4156 τοῦ
438 4103 511 4172 μὴ
544 4101 803 4173 χρονίζειν
835 4104 890 4155 ἐν
917 4104 1033 4163 ταῖς
1060 4103 1165 4155 τῶν
1194 4103 1361 4171 εὐχῶν
1390 4104 1691 4168 ἀποδόσεσι,

150 4194 260 4246 ἀλλ’
288 4195 425 4262 ὅπερ
452 4194 516 4246 ἀν
541 4210 621 4254 τις
641 4192 876 4262 εὗξηται,
906 4193 1098 4254 εὐθέως
1122 4193 1415 4245 ἀποτελεῖν.
1448 4194 1519 4243 Πε
1530 4193 1579 4261 pl
1597 4192 1692 4258 τῆς

150 4284 405 4351 γυναικὸς
435 4284 531 4352 τῆς
558 4281 930 4352 λαμϐανούσης
970 4281 1540 4350 βιϐλίονάποστασίου,
1568 4281 1693 4348 περὶ

149 4374 434 4443 ἐνεχύρων,
462 4372 589 4442 περὶ
618 4372 837 4441 κλοπῆς,
865 4372 989 4443 περὶ
1022 4370 1211 4440 μισθοῦ
1244 4369 1529 4440 μισθωτοῦ,
1568 4371 1692 4439 περὶ

146 4462 412 4537 όρφανοῦ,
482 4463 606 4531 περὶ
663 4463 866 4532 χήρας,
927 4463 1051 4531 περὶ
1116 4461 1207 4513 τοῦ
1270 4460 1690 4528 καταλιμπάνειν

146 4552 519 4619 σταχυολογεῖν
550 4550 643 4601 καὶ
673 4550 981 4618 ραγολογεῖν
1006 4552 1113 4611 τοῖς
1150 4550 1387 4619 πένησιν.
1436 4550 1689 4602 Ἐνταῦθα

146 4644 321 4693 κεῖται
358 4639 489 4718 περ)ἶ
518 4638 609 4689 τοῦ
647 4638 719 4708 μὴ
758 4638 863 4690 δεῖν
914 4638 1068 4689 πλέον
1109 4637 1255 4707 [338]
1293 4638 1689 4706 τεσσαράκοντα

145 4730 437 4799 λαμϐάνειν
463 4728 550 4780 τὸν
582 4726 971 4795 ἐγκαλούμενον
1004 4727 1128 4794 περὶ
1158 4726 1364 4786 ἀδικίας
1392 4726 1550 4785 τινός.
1585 4725 1689 4775 Καὶ

146 4822 269 4890 περὶ
324 4818 411 4870 τοῦ
457 4817 529 4886 μὴ
577 4815 771 4885 φιμοῦν
815 4815 939 4885 βοῦν
988 4815 1241 4875 ἀλοῶντα,
1286 4814 1379 4865 καὶ
1429 4813 1554 4882 περ)⁸
1594 4812 1687 4864 τοῦ

145 4910 377 4980 ἐγείρειν
410 4907 623 4975 σπέρμα
652 4905 726 4972 τῷ
759 4904 1007 4957 τεθνεῶτι
1045 4903 1252 4971 ἀδελφῷ
1289 4904 1375 4954 τὸν
1412 4903 1689 4955 ὑπολειπό-

147 5017 328 5069 μενον,
360 4999 449 5051 xal
481 4997 532 5049 τί
563 4997 801 5048 πείσεται
843 4998 887 5048 εἰ
931 4994 1003 5064 μὴ
1036 4994 1269 5063 βούλοιτο
1303 4995 1524 5063 ἐγεῖραι.
1555 4994 1689 5062 Περὶ

146 5088 416 5156 σταθμῶν,
456 5084 582 5155 περὶ
633 5084 858 5153 μέτρων.
900 5085 1029 5152 Περὶ
1066 5083 1156 5135 τοῦ
1195 5082 1561 5152 ἐξολοθρεῦσαι
1601 5082 1687 5133 τὸν

156 5178 418 5249 Ἀμαλήκ.
444 5178 577 5246 Περὶ
605 5174 883 5244 ἀπαρχῶν,
914 5175 1039 5242 περὶ
1067 5171 1464 5242 φιλανθρωπίας
1491 5172 1586 5238 τῆς
1611 5172 1687 5231 είς

203 5454 227 5479 ⁸
254 5452 313 5499 In
335 5450 503 5499 Bibliis
520 5451 697 5557 legﬁtur
719 5448 772 5494 οὐ
798 5448 971 5508 δυνήσῃ
998 5447 1133 5495 θῦσαι
1159 5448 1209 5493 τὸ
1234 5448 1411 5507 πάσχα.

203 5512 226 5550 b
247 5512 363 5557 Hec
378 5523 487 5557 una)
510 5511 557 5556 in
626 5507 962 5556 euleronomio
997 5509 1233 5555 habentur
1256 5521 1296 5553 c.
1326 5509 1396 5557 18.

198 5512 226 5550 δ
247 5512 363 5559 Hec
378 5523 487 5571 qua)
510 5504 962 5571 inDeuleroanid
997 5509 1233 5571 habentur
1256 5521 1296 5553 c.
1325 5504 1464 5571 μία.
1493 5504 1563 5571 10,
1602 5505 1686 5571 οὐχ

150 5564 439 5642 εδρεθήσεται
482 5571 529 5638 ἐξ
564 5571 645 5642 yol
672 5569 1007 5642 περικαθαίρων
1040 5568 1119 5614 τὸν
1160 5568 1257 5637 υίδν
1286 5564 1447 5642 αὐτοῦ,
1481 5566 1559 5635 καὶ.
1603 5566 1685 5620 τήν

142 5625 365 5692 θυγατέρα
386 5629 529 5678 αὐτοῦ
559 5631 605 5678 ἐν
632 5625 757 5691 πυρί,
783 5642 874 5676 una
898 5625 1009 5676 {oce
1035 5627 1259 5688 exprimi!
1284 5625 1592 5686 καθαρισταῖς.

1211 335 1540 394 Sl'NOPSlS
1577 332 1996 392 SCRIPTURIE
2031 335 2301 393 SACRE.

3252 356 3363 413 336

1832 448 2002 516 χήρας
2022 450 2113 502 καὶ
2134 451 2412 519 ὀρφανούς.
2450 451 2719 504 Ἐντεῦθεν
2741 450 2918 503 λοιπδν
2936 450 2989 503 al
3014 447 3240 518 κατάραι
3268 448 3363 500 καὶ

1826 537 2079 605 εὐλογίαι,
2120 540 2175 592 αί
2221 542 2315 609 μὲν
2364 541 2777 611 παρακούουσιν,
2813 542 2867 593 al
2911 541 2966 592 δέ
3007 538 3357 608 πειθομένοις.

1825 626 1930 677 Kal
1966 629 2167 696 μακρὸν
2190 630 2453 681 ἀποτείνει
2475 631 2625 697 λόγον
2663 631 2786 698 περὶ
2812 629 2916 681 τῶν
2945 629 3235 698 μελλόντων
3265 626 3360 678 αὐ-

1822 717 1947 777 τοὺς
1978 717 2303 786 διαδέχεσθαι
2323 720 2521 771 κακῶν.
2546 720 2711 770 Τοῦτο
2738 718 2929 787 συνέϐη
2953 719 3043 769 ἐπὶ
3066 716 3358 785 Ἀσσυρίων

1825 804 1917 855 καὶ
1954 805 2318 859 Βαϐυλωνίων.
2354 806 2425 856 Τὸ
2454 806 2509 857 δέ
2539 807 2660 867 τοὺς
2700 806 2846 867 υἱοὺς
2879 805 3088 871 φαγεῖν,
3121 805 3177 854 ἐν
3209 802 3358 854 πολι-

1823 894 2030 962 ορκίαις
2073 894 2250 964 ἐξέϐη.
2303 895 2404 947 Kal
2450 881 2609 947 αὐτοῦ
2656 896 2921 963 μέμνηται
2961 892 3190 945 ἐνταῦθα
3231 890 3356 961 περὶ

1821 981 1913 1032 τοῦ
1951 984 1991 1034 Χ
2003 984 2199 1050 ριστοῦ.
2231 986 2455 1048 Ἔσται,
2476 984 2654 1052 φησὶν,
2691 984 2727 1048 ἡ
2752 982 2856 1047 ζωή
2888 998 3000 1035 σου
3029 980 3353 1049 κρεμαμένη

1822 1072 1931 1138 πρὸ
1968 1073 2283 1141 ὀφθαλμῶν
2327 1090 2458 1128 σου.
2498 1074 2754 1128 Ἐνταῦθα
2798 1078 2987 1137 κεῖται,
3018 1074 3110 1137 Μή
3126 1067 3355 1137 nepita

1821 1164 2073 1229 πικρίας,
2105 1159 2163 1216 οὐ
2203 1165 2293 1215 καὶ
2327 1166 2354 1216 ὁ
2384 1165 2587 1226 Παῦλος
2621 1164 3013 1232 ἐμνημόνευσεν
3039 1164 3094 1215 ἐν
3124 1162 3189 1229 τῇ
3220 1157 3353 1228 πρὸς

1832 1252 2126 1318 Ἐϐραίους.
2164 1253 2418 1306 Ἐνταῦθα
2456 1256 2648 1313 κεῖται,
2684 1253 2757 1306 Τὰ
2794 1252 3021 1319 κρυπτὰ
3056 1250 3241 1315 Κυρίῳ
3272 1246 3353 1312 τῷ

1821 1341 1959 1406 Θεῷ,
1993 1345 2062 1394 τὰ
2100 1342 2166 1393 δὲ
2202 1343 2423 1409 φανερὰ
2463 1344 2600 1411 ὑμῖν
2637 1345 2731 1396 καὶ
2763 1342 2884 1406 τοῖς
2914 1341 3138 1403 τέκνοις
3168 1338 3350 1406 ὑμῶν.

1819 1431 1945 1484 Ὀτι
1965 1433 2000 1498 ἠ
2026 1433 2239 1499 ἐντολὴ
2261 1434 2461 1492 αὑτοῦ.
2477 1434 2686 1500 φησὶνο,
2705 1434 2809 1485 οὐκ
2822 1430 2986 1483 ἔσται
3006 1428 3347 1495 ὑπέρογκος.

1821 1523 1938 1574 Οὐκ
1959 1522 2027 1573 ἐν
2052 1523 2129 1586 τῷ
2155 1523 2401 1589 οὐρανῷ,
2425 1525 2521 1575 ἵνα
2547 1523 2737 1588 εῖπῃς,
2766 1521 2863 1585 Τίς
2887 1518 3241 1584 ἀναϐήσεται
3265 1517 3351 1578 είς

1815 1611 1918 1663 τὸν
1952 1613 2243 1678 οὐρανόν;
2285 1612 2422 1664 οὐδὲ
2459 1612 2642 1676 πέραν
2680 1609 2785 1675 τῆς
2825 1608 3157 1672 θαλάσσης,
3213 1604 3349 1657 ἀλλ’

1814 1700 1988 1768 ἐγγύς
2026 1716 2139 1753 σου
2180 1703 2245 1753 τὸ
2288 1699 2445 1768 ῥῆμά
2487 1702 2651 1752 ἐστιν
2691 1701 2758 1751 ὲν
2802 1696 2877 1761 τῷ
2922 1696 3165 1763 στόματί
3213 1708 3346 1745 σου.

1815 1791 1993 1843 Ταῦτα
2024 1792 2149 1859 περ)⁵
2174 1790 2269 1858 τῆς
2293 1788 2515 1857 νομικῆς
2544 1789 2756 1855 ἐντολῆς
2803 1786 3059 1855 εἰρημένα
3105 1783 3348 1836 εἵλκυσεν

1813 1879 1891 1939 είς
1919 1879 2015 1947 τὴν
2043 1879 2219 1931 πίστιν
2242 1877 2339 1945 τὴν
2365 1879 2443 1938 είς
2469 1875 2698 1944 Χριστὸν
2728 1878 2755 1927 ό
2778 1874 3002 1934 Παῦλος·
3034 1868 3348 1938 Διαμαρτύ-

1805 1983 1981 2034 ρομαι
2007 1967 2164 2035 ὑμῖν,
2187 1968 2337 2035 φησὶ,
2361 1966 2467 2018 τὸν
2497 1963 2753 2031 οὐρανόν
2779 1962 2874 2015 καί
2902 1962 3014 2027 τὴν
3034 1961 3166 2028 γῆν,
3194 1958 3347 2011 ὥστε

1811 2054 2045 2122 ἀγαπᾷν
2073 2056 2177 2108 τὸν
2198 2055 2361 2107 Θεόν.
2388 2052 2518 2105 Τότε
2546 2051 2695 2104 καλεῖ
2721 2052 2811 2104 τὸν
2842 2048 3041 2120 Ἰησοῦν
3065 2048 3152 2099 τὸν
3170 2046 3345 2114 Ναυῆ,

1811 2143 1903 2193 καὶ
1939 2142 2231 2196 ἐντέλλεται
2260 2140 2502 2210 ἡγεῖσθαι
2532 2139 2624 2193 τοῦ
2660 2139 2807 2203 λαοῦ,
2834 2138 2926 2192 καὶ
2958 2138 3030 2206 μὴ
3069 2135 3344 2204 φοϐεῖσθαι

1808 2231 1930 2292 τοὺς
1960 2231 2264 2300 πολεμίους,
2285 2230 2413 2282 Θεὸν
2445 2229 2660 2298 ἔχοντας
2691 2227 2895 2296 βοηθόν.
2936 2224 3037 2278 Kal
3074 2226 3347 2292 παραινεῖ,

1809 2320 1945 2372 ὥστε
1982 2322 2038 2375 ὲν
2067 2324 2186 2384 ταῖς
2226 2323 2610 2390 σκηνοπηγίαις
2640 2319 2798 2371 παντὶ
2822 2316 2898 2385 τῷ
2932 2315 3040 2384 λαῷ
3066 2315 3156 2366 τὸν
3185 2314 3343 2381 νόμον

1810 2410 2283 2478 ἀναγινώσκεσθαι.
2329 2410 2584 2479 Προλέγει
2638 2408 2715 2477 τῷ
2761 2409 2961 2475 Μωῦσῇ
3008 2408 3035 2458 ὁ
3082 2404 3229 2465 Θεὸς,
3262 2403 3343 2454 ὅτι

1811 2501 1946 2570 μετὰ
1993 2500 2215 2552 θάνατον
2271 2499 2432 2550 αὐτοῦ
2483 2501 2511 2550 ό
2562 2499 2684 2561 λαὸς
2750 2495 3203 2563 είδωλολατρήσει,
3248 2490 3343 2543 καὶ

1808 2589 2213 2656 κολασθήσεται.
2236 2588 2413 2640 Ἔστω
2442 2584 2551 2650 οῦν,
2584 2589 2764 2655 φησὶν,
2787 2588 2819 2654 ή
2854 2585 2966 2655 ᾠδὴ
3004 2583 3139 2650 αῦτη
3179 2597 3342 2633 κατα-

1809 2676 2150 2749 μαρτυροῦσα
2180 2678 2375 2731 αὐτῶν.
2421 2679 2494 2729 Οὐ
2541 2678 2646 2745 γάρ
2694 2692 2821 2727 ποτε
2867 2674 3114 2741 λήσονται
3153 2668 3338 2736 αὐτῆς.

1806 2770 1913 2821 Kal
1943 2768 2143 2837 ἔγραψε
2164 2767 2397 2835 Μωῦσῆς
2424 2766 2518 2834 τὴν
2545 2765 2703 2834 ᾠδὴν,
2736 2764 2827 2816 καὶ
2858 2764 3110 2831 προεῖπεν
3138 2759 3338 2823 αὐτοῖς,

1805 2863 1882 2915 ὅτι
1903 2860 2272 2929 ἀνομίρουσιν.
2314 2857 2566 2909 Ἐνταῦθα
2593 2859 2781 2908 κεῖταιο
2812 2853 2985 2905 Αὐτοὶ
3017 2848 3341 2916 παρεδήλω-

1804 2952 1923 3005 σάν
1939 2967 2013 3019 με
2034 2950 2124 3003 ἐπ’
2144 2952 2214 3003 οὐ
2245 2949 2384 3012 Θεῷ,
2416 2948 2573 3014 κάγὼ
2596 2942 2989 3011 παραζηλώσω
3008 2939 3224 3002 αὐτοὺς
3247 2938 3339 2991 ἐπ’

1803 3042 1912 3092 οὐκ
1942 3041 2113 3091 ἔθνει.
2164 3035 2447 3088 Κελεύεται
2490 3031 2725 3097 Μωῡσῆς
2755 3029 2989 3081 ἀνελθεῖν
3022 3028 3097 3087 είς
3130 3026 3189 3077 τὸ
3218 3025 3342 3092 ὅρος

1801 3129 1861 3180 τὸ
1896 3128 2169 3195 Ἀϐαρεὶμ,
2196 3126 2223 3177 ὃ
2250 3126 2343 3177 καὶ
2372 3122 2545 3174 Ναϐαὶ
2583 3120 2814 3186 ἐλέγετο,
2845 3117 2936 3169 καὶ
2966 3116 3088 3167 ἰδεῖν
3116 3114 3210 3182 τὴν
3238 3113 3340 3180 γῆν

1802 3218 2142 3284 ἐπαγγελίας·
2178 3215 2270 3266 καὶ
2306 3212 2598 3279 εὐλογήσας
2631 3209 2862 3275 ἑκάστην
2903 3204 3089 3273 φυλὴν,
3134 3200 3339 3253 ἐτελεύ-

1801 3321 1951 3374 τησε·
1989 3304 2079 3356 καὶ
2107 3305 2203 3355 οὐκ
2235 3299 2369 3353 εἶδεν
2400 3298 2570 3359 οὐδεὶς
2598 3296 2694 3363 τὴν
2726 3293 2900 3360 ταφὴν
2932 3287 3091 3343 αὐτοῦ
3119 3288 3218 3349 ἕως
3244 3286 3338 3355 τῆς

1799 3394 2009 3463 ἡμέρας
2038 3390 2257 3458 ταύτης.
2291 3385 2549 3441 Ἐνταῦθα
2572 3380 2953 3449 ἐτελειώθησαν
2981 3380 3049 3431 τά
3076 3378 3231 3431 πέντε
3259 3376 3339 3444 βι-

1802 3482 1923 3534 ϐλία
1946 3480 2237 3541 Μωῦσέως,
2269 3477 2305 3530 ἀ
2332 3476 2466 3545 μόνα
2493 3473 2735 3537 ἐδέξαντο
2757 3471 2804 3521 οί
2825 3470 3143 3537 Σαμαρῖται.

2083 3676 2340 3742 Σύνοψις
2372 3670 2477 3724 τοῦ
2509 3668 2701 3734 Ἰησοῦ
2731 3666 2836 3720 τοῦ
2872 3662 3062 3730 Ναυῆ.

1869 3845 2161 3898 Κελεύεται
2190 3842 2215 3881 ἀ
2250 3839 2449 3910 Ἰησοῦς
2483 3837 2780 3889 διατάττειν
2807 3833 2883 3901 τῷ
2911 3831 3043 3901 λαῷ,
3069 3830 3145 3898 τῷ
3171 3845 3229 3881 τε
3254 3828 3337 3880 νό-

1803 3954 1885 4005 μῳ
1930 3933 2023 3985 τοῦ
2064 3932 2197 3984 Θεοῦ
2232 3929 2535 3999 προσέχειν.
2567 3925 2777 3991 Πέμπει
2814 3919 3199 3977 κατασκόπους·
3229 3917 3339 3967 ela-

1797 4003 1956 4093 ῆλθον
1984 4025 2059 4082 είς
2090 4022 2187 4088 τὴν
2224 4015 2444 4085 Ἰεριχώ.
2493 4013 2747 4072 ’Λκούσας
2784 4013 2811 4061 ὁ
2847 4008 3090 4076 βασιλεὺς
3116 4004 3214 4070 τῆς
3236 4003 3335 4054 πό-

1798 4113 1950 4175 λεως,
1998 4109 2225 4177 ἔπεμψε,
2268 4104 2442 4175 ζητῶν
2490 4104 2613 4164 τοὺς
2657 4100 2850 4168 ἄνδρας
2886 4096 3035 4166 παρά
3070 4093 3232 4147 Ῥαὰϐ
3267 4093 3333 4160 τῇ

1799 4203 1969 4271 πόρνῃ
1996 4202 2059 4268 τῇ
2092 4194 2473 4264 ὑποδεξαμένῃ.
2521 4193 2586 4243 Ἦ
2622 4189 2676 4241 δὲ
2708 4187 2905 4257 ἔκρυψε
2934 4187 3054 4246 τοὺς
3075 4181 3339 4236 κατασκό-

1798 4308 1948 4354 πους.
1979 4289 2086 4341 Kal
2119 4287 2236 4339 ἀντὶ
2260 4282 2459 4352 ταύτης
2486 4282 2582 4351 τῆς
2609 4280 2821 4349 χάριτος
2848 4276 3011 4344 ᾔτησε
3040 4273 3136 4340 τὴν
3164 4287 3337 4337 σωτη-

1800 4379 1917 4449 ρίαν
1962 4376 2059 4445 τῆς
2104 4372 2275 4433 οἰκίας
2309 4370 2494 4437 αὐτῆς,
2532 4368 2657 4419 ὅταν
2702 4366 2734 4432 ή
2778 4362 2926 4422 πόλις
2957 4357 3233 4449 ληφθῇίοί
3278 4354 3334 4405 δὲ

1797 4447 2105 4521 ἐπένευσαν.
2141 4461 2249 4515 Kal
2266 4459 2579 4518 ἀπελθόντες
2605 4453 2933 4523 ἀπήγγειλαν
2957 4449 3022 4502 τά
3051 4447 3329 4515 γενόμενα.

1797 4551 2163 4618 Παραγγέλλει
2196 4547 2270 4616 τῷ
2294 4544 2428 4613 λαῷ,
2463 4544 2601 4595 ῶστε
2636 4539 2878 4608 διαϐῆναι
2914 4536 3001 4588 τὸν
3048 4532 3331 4603 Ἰορδάνην,

1798 4642 1890 4693 καὶ
1929 4638 2181 4706 διέϐησαν
2225 4634 2315 4684 ἐπὶ
2352 4631 2539 4701 ξηρᾶς,
2579 4627 2669 4679 καὶ
2706 4625 2881 4686 λίθους
2911 4622 3139 4690 ἔστησαν
3177 4619 3233 4670 ἐν
3268 4619 3334 4685 τῇ

1799 4724 2176 4797 στρατοπεδείᾳ
2218 4721 2439 4775 δώδεκα.
2492 4716 2840 4777 ’Δκούσαντες
2882 4714 2929 4765 οῑ
2973 4708 3205 4775 βασιλεῖς
3231 4706 3337 4757 τῶν

1808 4794 2142 4887 Ἀμορραίων
2173 4811 2320 4883 [5⁸59]
2345 4810 2391 4862 οἱ
2427 4809 2596 4878 πέραν
2623 4805 2714 4858 τοῦ
2750 4802 3029 4872 Ἰορδάνου,
3053 4800 3143 4852 καὶ
3171 4797 3223 4887 οἱ,
3240 4794 3336 4887 βα-

1799 4886 1961 4969 σιλεῖς
1992 4906 2087 4973 τῆς
2114 4903 2377 4969 Φοινίκης,
2404 4900 2483 4951 δτι
2512 4897 2597 4949 διὰ
2619 4895 2785 4964 ξηρᾶς
2812 4891 3061 4959 διέϐησαν
3090 4888 3179 4939 τὸν
3215 4886 3339 4954 Ἰορ-

1795 4995 1975 5063 δάνην,
1999 4990 2389 5057 κατετάκησαν,
2408 4986 2500 5038 καὶ
2523 4982 2949 5048 κατεπλάγησαν.
2976 4975 3105 5028 Τότε
3136 4974 3337 5043 Ἰησοῦς

1796 5080 2149 5154 προσταχθεὶς
2199 5077 2485 5149 μαχαίραις
2532 5073 2806 5140 πετρίναις
2849 5066 3158 5137 περιτέμνει
3214 5065 3339 5124 τοῦς

1809 5173 2107 5234 Ἰουδαίους.
2180 5169 2330 5221 Ἐπεὶ
2382 5164 2779 5231 τεσσαράκοντα
2847 5157 2941 5227 ἔτη
3003 5154 3338 5222 ἀνέστραπτο

1808 5263 2017 5332 Ἰσραὴλ
2072 5264 2126 5312 ἐν
2168 5261 2230 5326 τῇ
2288 5256 2493 5325 ἐρήμῳ,
2542 5252 2633 5305 καὶ
2675 5250 2759 5303 διά
2792 5247 2946 5300 τοῦτο
2984 5243 3337 5314 ἀπερίτμητοι

1860 5505 1880 5531 ο
1912 5499 2023 5548 Hmc
2044 5498 2282 5546 addunlur
2309 5506 2366 5539 9x
2390 5505 2491 5549 cap.
2518 5489 2593 5547 30,
2619 5502 2664 5535 ν.
2696 5488 2767 5535 H.
2827 5547 2832 5549 Α
2874 5546 2883 5549 _
2981 5543 3013 5549 __
3108 5538 3131 5549 _
3242 5537 3259 5549 ι
3289 5535 3313 5548 ,

1857 5560 1881 5597 «ι
1905 5537 2294 5607 ἱῖὖὲιῗξῖοείἷεέῖιι
2313 5537 2629 5610 Ἰζιιέᾶιιηρηέἰ
2650 5551 2718 5597 sic
2742 5546 2909 5606 incipit
2934 5560 2944 5590 :
2981 5538 3160 5597 Ἰησοῦς
3181 5537 3312 5584 nam

1798 5638 1870 5667 ται
1896 5621 1949 5667 τὸ
1974 5618 2167 5680 βιϐλίον.
2193 5613 2458 5663 Κελεύεται.
