4152 6324
818 330 927 385 337

823 431 963 503 ἦσαν
1012 432 1186 486 αὐτῶν
1226 432 1277 484 οἰ
1319 430 1553 482 πλεῖστοι
1596 428 1702 478 τῶν
1746 426 2011 495 μαχίμων,
2042 425 2090 476 οἳ
2129 425 2220 476 καὶ
2249 423 2355 474 άπ-

826 526 1037 578 ὠλοντο·
1062 522 1180 575 ἀντὶ
1203 521 1258 573 δὲ
1284 520 1479 572 τούτων
1511 516 1923 585 ἀντικατέστησε
1948 516 2072 576 τοὺς
2100 515 2246 575 υἱοὺς
2270 514 2363 565 αύ-

825 616 952 676 τῶν,
974 612 1067 675 οὓς
1088 614 1115 664 ό
1147 610 1349 678 Ἰησοῦς
1374 608 1681 678 περιέτεμε,
1701 606 1787 659 διὰ
1813 607 1873 658 τὸ
1898 603 2140 671 γενέσθαι
2169 604 2363 666 αὐτοὺς

827 702 1221 771 ἀπεριτμήτους
1266 701 1324 752 ἐν
1367 701 1431 769 τῇ
1478 697 1598 767 ὁδῷ.
1634 698 1762 749 Τότε
1806 697 2023 763 ἐποίησε
2061 695 2120 748 τὸ
2160 695 2360 763 πάσχα.

828 793 939 842 Kal
966 793 1023 842 ἐν
1047 793 1113 858 τῇ
1146 790 1326 859 ήμέρᾳ
1418 787 1613 855 ἔφαγον
1637 787 1815 854 ἄζυμα
1840 784 1945 838 ἀπὸ
1970 784 2060 836 τοῦ
2093 784 2236 836 σίτου
2264 782 2364 848 τῆς

830 880 931 947 γῆς
954 880 1182 945 ἐκείνης,
1220 878 1427 940 ἐξέλιπε
1461 876 1522 927 τὸ
1550 875 1739 943 μάννα.
1768 872 2055 927 Κελεύεται
2093 875 2121 925 ό
2163 871 2365 940 Ἰησοῦς

831 967 986 1020 λῦσαι
1016 968 1077 1019 τὸ
1101 967 1345 1034 ὑπόδημα
1371 963 1552 1026 αὐτοῦ,
1583 965 1674 1015 καὶ
1711 963 1983 1015 κυκλῶσαι
2021 962 2116 1031 τὴν
2160 960 2365 1029 Ἰεριχῶ

835 1058 969 1124 μετὰ
1001 1056 1307 1121 σαλπίγγων
1349 1055 1442 1106 καὶ
1481 1055 1577 1120 τῆς
1611 1052 1837 1104 κιϐωτοῦ
1868 1052 2073 1121 ἡμέρας
2104 1052 2259 1103 ἐπτά.
2292 1041 2365 1103 Οὖ

833 1145 1116 1212 γενομένου
1146 1144 1419 1209 αὐτόματα
1458 1142 1647 1191 ἔπεσον
1690 1140 1756 1191 τά
1791 1140 1962 1205 τείχη.
1988 1138 2152 1205 Δῆλον
2176 1134 2265 1190 οῦν
2286 1138 2366 1189 ὅτι

832 1234 1012 1286 ἔκτοτε
1042 1233 1209 1301 ἀρχὴν
1245 1231 1397 1281 ἔλαϐε
1434 1229 1647 1280 λύεσθαι
1691 1229 1749 1279 τὸ
1795 1227 2071 1280 σάϐϐατον·
2108 1224 2225 1277 ὅθεν
2262 1224 2367 1292 γάρ

834 1326 900 1377 ἄν
931 1322 1151 1390 ἄρξηταί
1176 1338 1275 1382 τις,
1298 1321 1503 1386 ἀνάγκη
1527 1320 1584 1370 τὸ
1610 1317 1871 1369 σάϐϐατον
1893 1317 2144 1381 ἐμπεσεῖν
2170 1316 2227 1366 ἐν
2249 1316 2368 1375 ταῖς

834 1413 891 1477 ἒξ
920 1413 1164 1481 ἡμέραις.
1194 1411 1325 1461 Τότε
1355 1408 1575 1470 σῴζεται
1602 1408 1693 1474 μὲν
1720 1408 1752 1474 ή
1784 1404 1947 1457 Ῥαὰϐ
1975 1402 2110 1471 μετά
2130 1402 2227 1470 τῆς
2250 1416 2369 1466 συγ·

833 1498 1044 1560 γενείας
1070 1495 1250 1562 αὐτῆς,
1288 1495 1380 1545 καὶ
1417 1495 1552 1544 οἰκεῖ
1583 1493 1639 1543 ἐν
1666 1491 1742 1560 τῷ
1776 1491 2005 1560 Ἰσραὴλ,
2032 1490 2367 1557 ἐμπιπρᾶται

833 1587 887 1637 δέ
918 1589 948 1653 ή
988 1586 1138 1647 πόλις
1161 1585 1250 1636 καὶ
1273 1583 1737 1651 ἀναθεματίζεται,
1780 1582 1870 1633 καὶ
1896 1580 2236 1648 κατηράσατο
2269 1580 2370 1647 Ἰη-

836 1675 961 1736 σοῦς
989 1674 1065 1740 τῷ
1087 1673 1448 1741 οἰκοδομοῦντι
1484 1672 1671 1740 αὐτήν.
1700 1670 1960 1736 Ἐκλεψεν
2007 1672 2070 1722 ἐκ
2114 1670 2207 1722 τοῦ
2241 1673 2362 1722 ἀνα-

835 1764 1062 1831 θέματος
1092 1764 1285 1832 Ἀχαρ,
1321 1762 1412 1814 καὶ
1438 1762 1658 1830 ἡττᾶται
1682 1761 1710 1811 0
1734 1759 1859 1822 λαὸς
1879 1758 2192 1829 προσϐαλὼν
2212 1760 2371 1826 ἑτέρα

837 1857 1005 1910 πόλει.
1040 1858 1219 1909 Δεῖται
1254 1855 1345 1907 τοῦ
1384 1853 1515 1907 Θεοῦ
1559 1853 1778 1922 Ἰησοῦς,
1815 1852 2021 1906 κελεύει
2061 1855 2089 1905 0
2126 1850 2254 1913 Θεὸς
2284 1850 2372 1914 ἐξ·

835 1945 1062 2014 αρθῆναι
1083 1944 1143 1996 τὸ
1169 1942 1430 2011 ἀνάθεμα.
1472 1941 1766 2011 Ἂνεδείχθη
1785 1944 1815 1994 0
1832 1940 2024 2010 Ἀχαρ,
2051 1940 2281 2009 ἠλέγχθη
2313 1940 2373 1991 τὸ

836 2035 1074 2103 κλέμμα,
1108 2032 1447 2100 ἐλιθοϐολήθη
1489 2032 1622 2101 μετὰ
1656 2032 1761 2084 τῶν
1798 2030 1926 2084 υἰῶν
1950 2031 2043 2083 καὶ
2069 2030 2372 2099 θυγατέρων

834 2125 863 2175 0
901 2125 1095 2191 Ἀχαρ.
1141 2121 1530 2189 Ἀνεμαχέσατο
1568 2119 1768 2188 Ἰησοῦς
1791 2119 1886 2189 τήν
1918 2119 2110 2189 μάχην,
2144 2120 2235 2171 καὶ
2266 2113 2373 2169 εἷλε

835 2214 931 2282 τὴν
950 2212 1145 2275 Γάζαν,
1174 2212 1265 2262 καὶ
1287 2209 1587 2279 ἐνεπύρισε*
1613 2208 1705 2261 καὶ
1726 2208 1915 2261 ἔπεσον
1937 2210 1992 2260 ἐν
2013 2210 2147 2277 αὐτῇ
2170 2207 2374 2260 δώδεκα

836 2300 1086 2367 χιλιάδες⁹
1120 2300 1210 2351 καὶ
1246 2299 1334 2351 τὸν
1366 2298 1582 2366 βασιλέα
1604 2298 1703 2367 τῆς
1730 2298 1931 2359 πόλεως
1956 2298 2257 2367 ἐκρέμασαν
2282 2297 2373 2349 ἐπὶ

836 2389 1009 2454 ξύλου.
1032 2390 1379 2459 Συνέρχονται
1404 2390 1699 2459 πολεμῆσαι
1722 2389 1809 2441 τὸν
1842 2388 2050 2457 Ἰσραὴλ
2074 2391 2119 2440 οἱ
2147 2388 2375 2455 βασιλεῖς

834 2478 942 2531 τῶν
982 2480 1316 2549 ’Δμορῤαίων
1348 2480 1440 2532 καὶ
1469 2480 1801 2546 Χαναναίων,
1839 2480 1930 2529 καὶ
1966 2480 2014 2529 οἰ
2057 2477 2248 2531 λοιποί.
2280 2479 2373 2530 0E-

836 2568 1052 2637 κοδομεῖ
1081 2567 1283 2637 Ἰησοῦς
1312 2568 1685 2637 θυσιαστήριον
1704 2569 1765 2620 ἐκ
1780 2567 1937 2620 λίθων
1967 2567 2267 2636 ὁλοκλήρων
2284 2568 2376 2619 καὶ

836 2660 1032 2727 γράφει
1055 2658 1115 2711 τὸ
1144 2659 1546 2727 Δευτερονόμιον
1575 2660 1705 2712 ἐκεῖ.
1735 2659 1844 2711 Καὶ
1872 2660 1919 2709 οἰ
1956 2658 2167 2727 ἡμίσεις
2200 2658 2375 2709 ἵσταν-

834 2757 923 2795 ται
953 2742 1170 2811 πλησίον
1194 2745 1285 2796 τοῦ
1323 2745 1477 2814 ὅρους
1502 2744 1691 2807 Γεϐἀλ,
1720 2745 1811 2797 καὶ
1840 2748 1886 2797 οἰ
1920 2745 2130 2813 ἡμίσεις
2157 2744 2373 2812 πλησίον

835 2831 927 2884 τοῦ
957 2833 1111 2902 δρους
1146 2833 1383 2903 Γαριζίν.
1427 2834 1698 2887 Ἐντεῦθεν
1726 2834 1793 2887 τὰ
1836 2837 1974 2887 κατά
2008 2835 2130 2896 τοὺς
2156 2834 2374 2887 Γαϐαωο

836 2921 1001 2983 νίτας.
1034 2916 1188 2973 Οὗτοι
1224 2922 1331 2991 γάρ
1362 2922 1684 2984 ἀκούσαντες
1715 2924 1840 2993 περὶ
1870 2923 1977 2975 τῶν
2015 2922 2371 2993 Ἰσραηλιτῶν,

837 3009 928 3061 καὶ
949 3008 1268 3077 φοϐηθέντες
1296 3010 1487 3071 αὐτοὺς
1508 3011 1564 3075 ἐξ
1583 3002 1656 3062 ὧν
1674 3010 1772 3078 ἤδη
1795 3009 2154 3077 κατώρθωσαν
2182 3012 2237 3063 ἐν
2264 3012 2375 3073 τοῖς

837 3096 1129 3165 πολεμίοις,
1156 3096 1397 3166 ἔρχονται
1420 3097 1552 3167 πρὸς
1580 3098 1791 3161 αὐτοὺς,
1816 3098 2013 3151 παλαιά
2039 3098 2373 3167 περιθέμενοι

838 3181 1045 3249 ἱμάτια,
1065 3182 1256 3253 ἄρτους
1276 3183 1648 3253 ἐπιφερόμενοι
1672 3184 1885 3254 ξηροὺς,
1921 3185 2173 3237 σανδάλια
2199 3202 2370 3237 πεπα⁶

837 3270 1125 3340 λαιωμένα,
1150 3272 1241 3323 καί
1262 3288 1390 3341 φασι
1414 3274 1547 3342 πρὸς
1571 3273 1661 3326 τὸν
1687 3273 1831 3334 λαὸν,
1857 3275 1936 3326 ὅτι
1960 3276 2021 3326 ἐκ
2043 3276 2145 3342 γῆς
2169 3276 2375 3346 πόρρω-

837 3359 927 3414 θεν
955 3362 1162 3429 ἥκουσι,
1194 3363 1285 3414 καὶ
1314 3363 1533 3431 σημεῖον
1572 3360 1665 3414 τοῦ
1704 3363 1887 3431 πόρρω
1927 3364 2113 3425 οἰκεῖν,
2152 3364 2217 3416 τά
2249 3366 2374 3433 ἰμά-

837 3467 942 3510 τια,
982 3451 1074 3502 καὶ
1121 3452 1245 3511 τοὺς
1290 3451 1502 3519 ἄρτους,
1545 3451 1637 3503 καὶ
1687 3451 1754 3502 τὰ
1792 3452 2044 3504 σανδάλια
2084 3450 2371 3506 ἐποιοῦντο.

850 3540 938 3591 Ἐν
969 3539 1074 3608 γὰρ
1100 3542 1165 3609 τῇ
1198 3539 1300 3609 ὀδῷ
1325 3539 1460 3592 αύτά
1492 3540 1896 3593 πεπαλαιῶσθαι
1922 3541 2121 3608 ἔλεγον·
2150 3545 2300 3613 ἥκειν
2320 3546 2374 3597 δὲ

838 3630 928 3681 ἐπὶ
959 3629 1036 3698 τῷ
1073 3630 1340 3698 συνθήκας
1377 3630 1696 3699 ποιήσασθαι
1725 3630 1860 3698 πρὸς
1899 3633 2091 3695 αὐτοὺς
2136 3635 2373 3703 εἰρήνης.

838 3719 899 3768 Ol
934 3718 989 3769 δέ
1038 3718 1110 3787 μὴ
1144 3718 1387 3787 ἐρόμενοι
1424 3718 1513 3770 τὸν
1552 3719 1700 3783 Θεὸν,
1744 3720 2058 3789 ἐποιήσαντο
2090 3723 2372 3792 συνθήκας.

848 3805 934 3866 Ὠς
960 3806 1016 3858 δὲ
1041 3806 1282 3873 ἔγνωσαν
1313 3808 1664 3877 ἠπατημένοι,
1696 3809 1787 3862 καὶ
1816 3812 1894 3863 ὃτι
1922 3811 1982 3863 οὐ
2010 3811 2211 3881 πόῤῥω,
2244 3812 2376 3865 ἀλλὰ

840 3898 1060 3968 πλησίον
1091 3896 1315 3959 οἰκοῦσι,
1364 3897 1436 3966 μὴ
1466 3897 1749 3965 δυνάμενοι
1779 3900 1973 3962 αὐτοὺς
2005 3901 2370 3970 καταπολεμῆ-

841 4005 930 4041 σαι
970 3989 1055 4041 διά
1089 3990 1212 4050 τοὺς
1237 3989 1450 4057 ὅρκους,
1479 3987 1694 4051 δούλους
1715 3990 2031 4059 ἐποιήσαντο
2060 3990 2377 4054 ξυλοκόπους

838 4093 897 4129 τε
930 4077 1022 4129 καὶ
1059 4076 1397 4145 ὑδροφόρους.
1438 4076 1696 4129 Ἐνταῦθα
1740 4077 1974 4131 ἐκϐαίνει
2006 4082 2040 4148 ή
2082 4081 2376 4150 πρόρρησις

837 4164 928 4218 τοῦ
960 4164 1101 4228 Νῶε,
1132 4166 1197 4234 ἦν
1228 4160 1366 4217 εἷπε·
1394 4167 1629 4219 Χαναὰν
1651 4166 1788 4230 παῖς
1814 4167 2061 4234 οἰκέτηςη
2097 4171 2152 4234 ἐξ
2174 4172 2375 4223 ἐκείνου

836 4258 943 4326 γάρ
995 4259 1129 4309 εἰσιν
1185 4249 1349 4310 οὗτοι.
1407 4257 1671 4309 Ἤκουσεν
1733 4257 2077 4320 Ἀδωνιϐεζὲκ
2133 4260 2376 4326 βασιλεὺς

851 4345 1214 4415 Ἰερουσαλήμ,
1248 4345 1397 4416 [340]
1423 4348 1502 4398 ὅτι
1535 4346 1675 4399 ἐάλω
1714 4346 1917 4416 Ἱεριχὼ
1955 4349 2044 4399 καὶ
2083 4350 2245 4411 Γάζα.
2285 4353 2375 4403 καὶ

837 4436 918 4486 ὅτι
967 4434 1335 4504 ηὐτομόλησαν
1374 4437 1420 4487 οἱ
1462 4435 1812 4497 Γαϐαωνῖται,
1866 4437 1955 4488 καὶ
2006 4437 2375 4505 ἐπιστρατεύει

838 4527 922 4577 ἐπ’
950 4524 1143 4587 αὐτοὺς
1180 4528 1312 4594 μετὰ
1336 4526 1425 4577 καὶ
1452 4525 1649 4594 ἐτέρων
1685 4525 1959 4593 βασιλέων.
1988 4530 2047 4581 Οί
2076 4528 2131 4580 δὲ
2155 4528 2376 4583 ἐκάλουν

837 4616 914 4675 εἰς
958 4615 1264 4683 συμμαχίαν
1305 4615 1393 4667 τὸν
1428 4614 1651 4682 Ἰησοῦν.
1684 4612 1851 4668 Ἦλθε
1888 4619 1943 4668 δὲ
1977 4620 2068 4670 καὶ
2101 4620 2373 4681 συνέϐαλε,

838 4700 930 4752 xal
963 4700 1219 4769 ἐτρέψατο
1248 4701 1456 4763 αὐτούς·
1484 4702 1573 4753 καὶ
1602 4702 1800 4754 ἀνωθεν
1831 4704 1916 4753 ἐπ’
1943 4705 2131 4765 αὐτοὺς
2174 4705 2375 4773 χάλαζα

838 4791 1161 4859 κατηνέχθη’
1188 4792 1281 4843 καὶ
1319 4792 1532 4853 πλείους
1563 4792 1765 4844 ἀνεῖλεν
1794 4794 1824 4861 ή
1856 4793 2080 4861 χάλαζα,
2120 4794 2151 4863 ἢ
2184 4796 2230 4846 οἰ
2274 4797 2374 4846 υἰοὶ

846 4881 1056 4947 Ἰσραὴλ
1098 4882 1154 4931 ἐν
1204 4880 1460 4949 μαχαίρᾳ.
1502 4882 1631 4933 Τότε
1680 4881 1805 4950 ἔστη
1850 4884 1876 4933 ὁ
1913 4882 2058 4950 ήλιος
2103 4883 2239 4936 κατὰ
2274 4885 2377 4937 Γα-

835 4964 1001 5025 ϐαὼν,
1028 4968 1118 5017 καὶ
1142 4969 1174 5035 ή
1208 4967 1396 5035 σελήνη
1422 4968 1557 5019 κατὰ
1582 4968 1832 5036 φάραγγα
1864 4969 2057 5036 Ἐλώμ·
2087 4970 2177 5022 καὶ
2202 4971 2374 5023 πάντα

834 5054 940 5106 τῶν
972 5053 1177 5123 ἐχθρῶν
1204 5055 1292 5106 τὸν
1325 5056 1449 5108 λαὸν
1478 5057 1787 5109 ἀπέκτεινεν
1822 5056 2038 5127 Ἰησοῦς,
2087 5061 2178 5112 καὶ
2220 5062 2374 5114 πέντε

838 5144 1088 5213 βασιλεῖς.
1122 5141 1245 5196 Είλε
1276 5144 1330 5196 δέ
1375 5146 1465 5197 καὶ
1506 5148 1603 5215 τὴν
1636 5147 1886 5215 Μακηλά,
1920 5149 2011 5199 καί
2039 5148 2132 5217 τὴν
2178 5150 2372 5213 Λοϐνά,

836 5230 929 5282 καὶ
976 5229 1074 5298 τὴν
1114 5231 1299 5299 Λαχὶς,
1336 5231 1428 5283 καὶ
1464 5232 1557 5299 τὴν
1598 5233 1827 5292 ’()δολάν,
1867 5236 1959 5286 καὶ
1998 5234 2091 5303 τὴν
2133 5236 2371 5305 Χεϐρὼν,

835 5315 927 5366 καὶ
968 5315 1064 5373 τὴν
1108 5316 1303 5385 Δαϐὴρ,
1337 5316 1430 5368 καὶ
1466 5317 1564 5380 τὴν
1604 5317 1832 5386 ὀρεινὴν,
1876 5321 1968 5370 καὶ
2012 5319 2107 5389 τὴν
2136 5322 2368 5389 πεδινήν.

835 5398 1097 5464 Συνῆλθον
1129 5400 1297 5468 ἕτεροι
1336 5401 1567 5467 βασιλεῖς
1616 5401 1796 5453 πολλοὶ
1842 5405 1974 5470 μετὰ
2008 5408 2371 5472 στρατοπέδων

837 5483 1104 5552 μεγάλων,
1140 5485 1232 5537 καὶ
1278 5486 1495 5548 τούτους
1535 5481 1673 5538 εἷλεν
1722 5488 1939 5555 Ἰησοῦς.
1988 5492 2262 5555 Ἔγκειται
2317 5492 2371 5543 δὲ

831 5568 1008 5621 αὐτῶν
1036 5570 1262 5623 ἐνταῦθα
1291 5571 1382 5623 καὶ
1412 5569 1476 5622 τά
1507 5571 1739 5641 ὀνόματα
1771 5575 1861 5625 καὶ
1897 5575 1952 5626 αἰ
1993 5575 2186 5633 πόλεις.
2220 5580 2309 5627 καὶ
2341 5577 2367 5625 0

1507 306 1565 363 S.
1601 307 1876 365 JOANMS
1912 306 2385 366 CHRYSOSTOMI
2419 306 2729 367 ARCHIEP.
2762 313 3297 371 CONSTANTINOP.

3904 332 4015 382 338

2460 422 2705 493 ἀριθμός.
2742 428 3140 494 Προστάσσεται
3166 431 3220 481 δὲ
3256 430 3458 499 Ἰησοῦς
3486 431 3751 485 διαδοῦναι
3776 433 3875 502 τὴν
3901 434 4004 502 γῆν

2466 514 2568 576 τοῖς
2603 515 2968 584 Ἰσραηλίταις.
2999 518 3106 569 Καὶ
3126 518 3405 587 διαγράφει
3436 521 3515 581 τίς
3534 521 3670 589 φυλὴ
3697 522 3849 583 τίνας
3874 522 4005 589 κλή-

2462 619 2587 671 ρους
2624 603 2802 666 ἔλαϐε,
2841 606 2933 657 καὶ
2962 608 3076 667 τοῖς
3097 606 3345 667 Δευῖταις
3369 607 3420 658 τί
3447 607 3592 675 δοθῇ.
3633 609 4005 677 Ἐκπέμπεται

2471 691 2674 761 Ἰησοῦς
2706 694 2803 763 τὴν
2835 694 3002 764 φυλὴν
3028 696 3249 765 Ῥουϐἰμ
3276 698 3368 748 καὶ
3386 697 3481 764 τὴν
3505 697 3610 751 Γάδ
3637 704 3726 749 καὶ
3746 699 3805 749 τὸ
3832 699 4001 766 ἥμισυ

2462 781 2633 850 φυλῆς
2660 784 2921 852 Μανασσῆ
2946 786 3024 846 εἰς
3057 786 3180 847 τοὺς
3211 785 3434 855 κλήρους
3465 787 3659 849 αὐτῶν,
3688 787 3779 848 οὓς
3812 787 4003 839 ἔλαϐον

2461 869 2540 922 ἔτι
2585 868 2782 933 ζῶντος
2820 873 3109 935 Μωῦσέως.
3156 875 3219 926 Οἱ
3261 874 3317 926 δὲ
3358 874 3691 935 ἀπελθόντες,
3734 874 3881 941 παρὰ
3908 875 4003 926 τὸν

2473 958 2739 1028 Ἰορδάνην
2788 960 3136 1030 ᾠκοδόμησαν
3176 961 3370 1030 βωμόν.
3414 962 3669 1030 Ἐτάραξε
3714 962 3871 1013 τοῦτο
3904 963 4004 1023 τὰς

2462 1046 2622 1108 ἄλλας
2672 1047 2859 1114 φυλάς.
2900 1049 3083 1117 ¹’ῼοντο
3126 1050 3233 1118 γάρ
3277 1050 3602 1111 ἀποστασίας
3634 1050 3813 1101 ἐνεκεν
3848 1049 4005 1101 τοῦτο

2464 1137 2812 1205 πεποιηκέναι
2851 1137 3062 1198 αὐτούς.
3104 1138 3382 1206 Πέμπουσι
3432 1138 3564 1205 πρὸς
3609 1139 3800 1199 αὐτοὺς
3839 1138 4007 1203 ἐγκα-

2463 1222 2694 1286 λοῦντες·
2725 1226 2772 1276 οἱ
2794 1224 2848 1276 δὲ
2878 1225 3230 1291 ἀπελογοῦντο
3250 1225 3511 1291 λέγοντες,
3540 1227 3635 1277 οὐκ
3672 1226 4005 1288 ἀποστασίας

2462 1313 2669 1364 ἐνεκεν.
2696 1313 3039 1382 οἰκοδομῆσαι
3072 1316 3161 1366 τὸν
3201 1315 3399 1383 βωμόν·
3437 1315 3547 1368 ἀλλ’
3578 1316 3660 1367 ῖνα
3696 1316 3769 1384 μὴ
3811 1315 4006 1383 ἔχωσιν

2463 1402 2513 1454 οἰ
2538 1402 2650 1470 μεθ’
2670 1403 2810 1471 ὑμᾶς
2834 1403 3107 1472 γενόμενοι
3126 1406 3248 1466 τοὺς
3268 1405 3563 1473 ἡμετέρους
3588 1406 3732 1466 υἱοὺς
3754 1408 3828 1466 ὡς
3853 1404 4008 1457 ἀλλο-

2464 1492 2642 1559 τρίους
2671 1492 2768 1560 τῆς
2802 1494 3005 1544 ἑαυτῶν
3037 1493 3366 1559 συγγενείας,
3395 1493 3481 1545 διὸ.
3513 1494 3573 1546 τὸ
3614 1495 3703 1546 τὸν
3737 1494 4007 1564 Ἰορδάνην

2469 1580 2628 1648 μέσον
2658 1581 2927 1650 ἑκατέρων
2966 1585 3094 1651 ῥεῖν·
3122 1582 3231 1634 ἀλλ’
3254 1582 3335 1634 ἵνα
3420 1584 3447 1634 0
3482 1581 3659 1651 βωμὸς
3688 1584 3766 1643 εἰς
3798 1582 4009 1651 μαρτύ-

2467 1685 2599 1734 ριον,
2630 1670 2723 1721 καὶ
2768 1668 2841 1738 μὴ
2866 1668 3025 1738 ἔχωσι
3051 1669 3223 1735 λέγειν
3251 1670 3317 1722 τὰ
3342 1671 3503 1723 τέκνα
3532 1670 3682 1738 ὑμῶν
3708 1671 3821 1733 τοῖς
3849 1670 4008 1737 ἐγγό-

2462 1773 2575 1834 νοις
2605 1757 2777 1826 ήμῶν,
2796 1756 2908 1809 Οὐκ
2938 1757 3082 1811 ἔστιν
3108 1760 3231 1827 ὑμῖν
3263 1762 3414 1829 μερὶς
3453 1761 3672 1828 Κυρίου.
3719 1759 4009 1829 Ἐπείσθη-

2468 1862 2563 1897 σαν
2592 1846 2784 1915 μηκέτι
2815 1847 3114 1916 πολεμῆσαι
3150 1850 3341 1911 αὐτοὺς
3370 1850 3424 1902 αἱ
3450 1849 3631 1901 λοιπαὶ
3664 1849 3843 1916 φυλαί.
3874 1850 4008 1900 Τότε

2468 1936 2723 2002 συγκαλεῖ
2738 1938 2860 2000 τοὺς
2892 1937 3219 2007 Ἰσραηλίτας
3248 1938 3469 2009 Ἰησοῦς,
3495 1941 3587 1993 καὶ
3608 1941 4010 2009 ὑπομιμνήσκει

2466 2025 2658 2088 αὐτοὺς
2693 2026 2800 2079 τῶν
2836 2028 2926 2080 τοῦ
2965 2027 3098 2081 Θεοῦ
3130 2028 3466 2098 εὐεργεσιῶν,
3497 2029 3590 2082 καὶ
3630 2031 3878 2097 παραινεῖ
3907 2047 4011 2096 φυ-

2468 2112 2676 2167 λάττειν
2703 2116 2794 2168 τὸν
2822 2118 3002 2187 νόμον,
3035 2118 3128 2171 καὶ
3159 2118 3408 2188 προλέγει
3436 2118 3504 2170 τὰ
3533 2117 3875 2186 διαδεξόμενα
3910 2118 4011 2170 αύ-

2466 2204 2590 2266 τοὺς
2620 2205 2782 2265 κακὰ,
2812 2207 2861 2257 εἰ
2890 2208 2961 2276 μὴ
2992 2208 3287 2275 φυλάξειεν,
3317 2209 3408 2261 καὶ
3439 2208 3675 2276 τελευτᾷ.
3703 2207 3937 2275 Τελευτᾷ
3957 2207 4011 2258 δέ

2467 2294 2561 2345 καὶ
2600 2293 2855 2363 Ἐλεάζαρ
2895 2298 2922 2348 ὁ
2957 2297 3151 2364 ἱερεὺς,
3179 2298 3270 2350 καὶ
3312 2298 3585 2364 ἰεράτευσε
3614 2297 3795 2357 Φινεὲς
3839 2296 3866 2346 0
3896 2296 4011 2355 υἱὸς

2469 2383 2629 2435 αὑτοῦ
2657 2384 2766 2436 ἀντ’
2788 2384 2967 2438 αὐτοῦ.
2998 2386 3105 2439 Καὶ
3136 2387 3589 2456 εἰδωλολάτρησαν
3613 2400 3640 2427 ι
3665 2389 3713 2439 οἱ
3749 2385 4013 2454 Ἰσραηλῖ-

2467 2486 2577 2533 ται,
2616 2474 2708 2525 καί
2730 2474 3093 2543 παρεδόθησαν
3120 2475 3196 2544 τῷ
3222 2475 3443 2543 Αἰγλὼμ
3469 2476 3675 2543 βασιλεῖ
3698 2475 3888 2538 Μωάϐ,
3918 2474 4015 2527 καὶ

2469 2560 2879 2629 κατεκυρίευσεν
2905 2563 3079 2616 αὐτῶν
3108 2564 3200 2633 ἔτη
3231 2565 3520 2618 δεκαοκτώ.

2900 2731 3159 2796 Σύνοψις
3189 2728 3305 2781 τῶν
3339 2728 3580 2797 Κριτῶν.

2551 2866 2805 2919 Ἐνταῦθα
2838 2872 3009 2921 κεῖται
3056 2868 3211 2933 ποίας
3244 2873 3339 2941 μὲν
3367 2874 3545 2936 πόλεις
3578 2867 3739 2935 εἷλον,
3766 2874 3924 2936 ποίας
3958 2877 4014 2925 δὲ

2467 2956 2680 3024 ἀφῆκαν
2715 2958 2879 3024 φόρου
2905 2959 3166 3021 ἐπιτελεῖς
3191 2963 3367 3023 αυτοῖς
3396 2959 3533 3014 εἶναι
3570 2963 3618 3013 οἱ
3662 2963 4012 3031 Ἰσραηλῖται.

2467 3045 3039 3115 Καταμαλακισθέντες
3063 3049 3169 3119 γάρ
3198 3051 3334 3120 πρὸς
3358 3052 3480 3114 τοὺς
3516 3051 3607 3105 τοῦ
3647 3052 3882 3121 πολέμου
3923 3053 4015 3104 πό-

2466 3152 2607 3197 νους,
2638 3137 2949 3207 παρέϐησαν
2995 3138 3054 3191 τὸ
3092 3140 3411 3211 πρόσταγμα
3445 3143 3537 3194 τοῦ
3569 3143 3721 3204 Θεοῦ,
3757 3143 4013 3195 κελεῦσαν

2469 3223 2673 3283 πάντας
2710 3227 2979 3289 παντελῶς
3004 3229 3170 3297 ἄρδην
3205 3231 3579 3299 ἀφανισθῆναι.
3617 3227 3819 3285 Ἦλθεν
3851 3234 4017 3299 ἀγγε-

2466 3313 2554 3376 λος
2578 3317 2725 3385 παρά
2754 3318 2951 3386 Κυρίου
2980 3319 3113 3389 πρὸς
3138 3322 3261 3383 τοὺς
3295 3322 3642 3392 Ἰσραηλίτας,
3669 3324 3762 3376 καὶ
3790 3324 4015 3391 ἤλεγξεν

2468 3401 2642 3455 αὐτῶν
2697 3406 2793 3473 τὴν
2836 3410 3192 3476 παρανομίαν.
3239 3410 3367 3463 Δέον
3417 3412 3544 3481 γὰρ,
3594 3413 3746 3480 φησὶ,
3807 3413 4015 3473 πάντας

2468 3492 2843 3560 ἀφανισθῆναι,
2874 3495 3029 3562 ὑμεῖς
3056 3494 3111 3546 δὲ
3144 3496 3236 3548 καὶ
3269 3496 3533 3564 συνθήκας
3560 3495 3741 3547 ἔθεσθε
3762 3496 3900 3564 πρὸς
3930 3498 4020 3547 αὖ·

2467 3580 2608 3642 τούςο
2636 3582 2722 3633 διὰ
2742 3583 2897 3634 τοῦτο
2921 3586 3018 3637 οὐκ
3043 3585 3403 3654 ἐξολοθρεύσει
3427 3588 3454 3637 0
3479 3585 3607 3645 Θεὸς
3633 3585 3700 3637 τά
3730 3585 4017 3638 ὑπολειπό-

2471 3684 2605 3735 μενα
2642 3668 2786 3739 ἔθνη.
2811 3670 2992 3723 Ταῦτα
3017 3672 3340 3735 ἀκούσαντες
3370 3673 3626 3727 ἔκλαυσαν
3654 3673 4015 3742 ὁμοθυμαδὸν,

2469 3758 2560 3810 καὶ
2589 3760 2873 3828 Κλαυθμὸς
2910 3764 2937 3813 ὁ
2966 3762 3123 3824 τόπος
3150 3763 3367 3832 ἐκλήθη.
3398 3764 3503 3815 Καὶ
3535 3764 3881 3831 παρηνόμουν
3922 3764 4018 3815 καὶ

2470 3847 2871 3918 εἰδωλολάτρουν
2892 3852 3145 3919 συνεχῶς,
3174 3855 3264 3906 καί
3285 3853 3617 3922 παρεδίδοντο
3638 3856 3752 3914 τοῖς
3779 3854 4015 3921 ἐχθροῖς,

2472 3936 2561 3987 καὶ
2585 3936 2982 4006 ἀπηλλάσσοντο
3007 3940 3101 4007 τῆς
3122 3940 3377 4003 δουλείας,
3405 3942 3494 3991 καὶ
3521 3940 3675 3991 πάλιν
3700 3943 3812 4001 τοῖς
3836 3941 4017 3998 αὐτοῖς

2470 4027 2725 4096 ἐπέμενον
2754 4032 2958 4092 κακοῖς.
2995 4032 3367 4101 Παρεδόθησαν
3395 4031 3609 4101 Χουσάρ
3637 4029 3823 4082 Σαθὼν
3857 4032 3884 4069 δ
3923 4030 4017 4097 βα·

2472 4119 2603 4169 σιλεῖ
2638 4119 2831 4189 Συρίας
2869 4120 2960 4188 ἔτη
3006 4127 3075 4189 η’,
3118 4122 3209 4173 καὶ
3244 4121 3441 4173 ἔσωσεν
3480 4121 3668 4183 αὐτοὺς
3698 4121 3901 4189 Κύριος
3930 4120 4016 4171 διὰ

2471 4206 2615 4277 [541]
2662 4209 2916 4278 Γοθονοὴλ
2965 4210 3057 4262 τοῦ
3108 4210 3313 4278 κριτοῦ.
3372 4211 3479 4263 Καὶ
3525 4209 3893 4279 παρεδόθησαν
3938 4209 4016 4277 τῷ

2481 4298 2695 4368 Ἐγλὼμ
2735 4302 2940 4368 βασιλεί
2967 4301 3159 4364 Μωάϐ,
3189 4303 3280 4353 καὶ
3308 4302 3536 4369 ἔκραξαν
3568 4300 3698 4370 πρὸς
3737 4301 3827 4351 τὸν
3859 4301 4013 4363 Θεὸν,

2471 4390 2563 4440 καὶ
2614 4390 2827 4457 ἤγειρεν
2875 4391 3052 4450 αὐτοῖς
3120 4389 3270 4451 Ἀὼδ,
3318 4391 3463 4451 ὅστις
3522 4389 3654 4457 δόλῳ
3700 4389 3874 4440 ἀνεῖλε
3925 4389 4014 4440 τὸν

2483 4478 2693 4545 Ἐγλὼμ
2723 4478 2814 4529 καὶ
2838 4478 2926 4529 τὸν
2953 4477 3141 4530 Μωάϐ.
3166 4478 3315 4531 Μετὰ
3335 4478 3517 4529 τοῦτον
3538 4478 3713 4546 ἔκρινε
3739 4477 4012 4546 Σομεγὰρ,

2470 4566 2685 4633 Δεϐώρα
2707 4578 2752 4629 ε,
2789 4568 2921 4635 γυνὴ
2966 4570 3246 4636 προφῆτις.
3288 4567 3643 4619 Δουλευόντων
3676 4567 3731 4617 δέ
3760 4567 3836 4635 τῷ
3863 4568 4015 4635 βασι-

2470 4658 2548 4708 λεῖ
2593 4658 2807 4709 Χαναὰν
2852 4657 2956 4708 τῶν
2994 4657 3351 4726 Ἰσραηλιτῶν,
3391 4657 3591 4710 κελεύει
3637 4656 3717 4724 τῷ
3754 4656 3943 4725 Βαράκ
3981 4659 4012 4723 ή

2471 4747 2686 4817 Δεϐώρα
2721 4747 3083 4817 στρατηγῆσαι
3110 4747 3197 4799 τὸν
3227 4747 3473 4814 πόλεμον.
3513 4746 3569 4797 Ὀ
3593 4746 3649 4799 δὲ
3677 4748 3777 4797 ούκ
3803 4747 4012 4813 ἠνείχε-

2470 4856 2547 4901 το,
2580 4841 2625 4889 εί
2660 4838 2731 4907 μὴ
2761 4840 2852 4890 καὶ
2879 4838 3015 4905 αὑτὴ
3051 4837 3346 4902 συνεξέλθοι
3373 4835 3534 4906 αύτῷ-
3568 4838 3658 4888 καὶ
3690 4836 4015 4905 συνεξῆλθεν

2470 4930 2501 4996 ή
2544 4928 2695 4997 γυνή.
2732 4927 3021 4995 Γενομένου
3068 4927 3122 4978 δὲ
3170 4926 3258 4977 τοῦ
3316 4926 3565 4994 πολέμου,
3620 4926 3910 4994 φεύγουσιν
3968 4929 4014 4977 οἰ

2469 5016 2732 5085 πολέμιοι,
2762 5016 2852 5067 καὶ
2882 5017 2907 5066 ό
2938 5014 3232 5083 στρατηγὸς
3266 5014 3423 5076 Ἰαϐὶς
3456 5015 3654 5083 Σισάρα
3681 5015 3847 5066 ἐλθὼν
3879 5016 4015 5084 πρός

2532 5171 2554 5197 ⁸
2580 5168 2632 5215 In
2673 5169 2983 5227 Lugduncusi
3013 5167 3192 5223 legitur
3232 5168 3309 5213 καὶ
3350 5164 3781 5227 εἰδωλολατροῦσιν.
3822 5164 4013 5213 Ibidem

2468 5244 2552 5289 pro
2576 5231 2763 5288 Αἰγλὼμ
2785 5230 2962 5289 legimr
2996 5228 3193 5286 Ἐγλὼμ.

2529 5287 2555 5324 h
2582 5284 2867 5334 ln‘cclilinué
2893 5284 3099 5333 Romam
3128 5284 3304 5346 légitur
3325 5285 3703 5347 Χουσαρσαθαΐμ,
3724 5286 3775 5347 _in
3800 5284 4013 5347 Yulgala

2466 5349 2726 5395 secundum
2746 5347 3026 5394 llcbraicam
3049 5343 3296 5405 Veritatem
3312 5343 3499 5394 Clmsmi
3513 5343 3789 5392 Rasalhm’m.
3813 5343 4015 5405 Lugdu-

2467 5409 2959 5470 neusomdsequinygr,
2984 5403 3305 5470 {Eoislinianus
3332 5417 3445 5453 vero
3481 5405 3630 5453 habet
3653 5406 3851 5451 Χουσὰϐ
3876 5403 4013 5470 Σύρῳ

2467 5468 2645 5528 βασιλεῖ
2669 5468 2843 5526 Συρίας.
2870 5467 2960 5511 Καὶ
2983 5466 3181 5528 ἔσωσεν.

2523 5525 2633 5630 CLIX
2651 5524 2971 5626 [ἔφηβοι-η)ιο
2992 5525 3186 5576 Coislin.
3220 5524 3297 5574 hic
3317 5526 3541 5587 Δεϐϐὡρα
3566 5524 3763 5586 Icgilm',
3782 5530 3838 5573 οι
3862 5524 4015 5586 paulo

2523 5600 2550 5630 IS
2638 5603 2656 5629 ε
2670 5602 2804 5630 ιωοα.

2464 5591 2572 5645 post
2598 5587 2804 5646 Δεϐώρα.
