4138 6306
242 341 352 396 337

248 446 420 501 erant,
450 445 505 492 et
525 450 676 507 reges
705 435 1003 500 Phoenices,
1029 447 1124 488 eos
1156 433 1298 486 sicco
1339 430 1472 498 pede
1513 428 1819 482 transivisse

247 527 562 588 Jordanem,
601 525 859 586 exterriti,
903 523 1239 591 perculsique
1268 529 1408 572 sunt.
1467 517 1617 572 Tunc
1666 517 1822 570 Jesus

245 617 429 681 jussus
455 614 640 667 cultris
675 613 893 680 lapideis
915 611 1243 666 circumcidit
1271 609 1501 662 Judzcos.
1531 608 1660 673 Quia
1691 621 1819 674 qua-

248 703 490 770 draginta
516 703 669 754 annis
700 709 937 754 versatus
965 699 1132 752 fuerat
1158 695 1320 752 lsrael
1351 699 1400 750 in
1427 697 1659 760 deserto,
1685 697 1823 750 ideo-

253 807 363 859 que
386 792 534 844 multi
564 806 745 844 eorum
778 792 1106 853 bellatorum,
1138 789 1225 856 qui
1252 789 1510 853 obierant,
1544 789 1820 842 incircum-

250 882 351 934 cisi
398 891 548 934 erant
571 879 644 949 (α)
671 897 684 943 ;
714 895 810 949 pro
835 881 936 932 illis
961 879 1232 932 substituit
1270 879 1409 931 Deus
1437 878 1572 931 filios
1598 891 1781 931 eorum
1801 918 1815 939 ,

251 987 390 1041 quos
410 973 564 1026 Jesus
581 970 1073 1046 cit-cunicidit,quod
1103 971 1198 1039 ipsi
1223 968 1574 1022 iucircumcisi
1599 968 1822 1021 mansis-

251 1070 376 1115 sent
403 1062 453 1114 in
480 1063 581 1114 via.
615 1062 759 1114 Tunc
789 1060 908 1114 fecit
932 1059 1146 1128 pascha.
1175 1059 1242 1111 Et
1275 1073 1302 1110 a
1333 1057 1418 1110 die
1444 1073 1544 1124 qua
1565 1056 1814 1110 comede-

251 1161 383 1204 runt
424 1166 604 1219 azyma
633 1166 693 1203 ex
735 1149 993 1202 frumento
1024 1157 1176 1200 terr-.e
1201 1147 1359 1211 illius,
1386 1145 1580 1200 defecit
1607 1159 1818 1198 manna.

251 1241 478 1293 Jubetur
502 1239 654 1291 .Iesus
684 1239 888 1290 solvere
913 1237 1325 1291 calceamentum
1354 1250 1526 1298 suum,
1551 1243 1604 1288 et
1628 1234 1821 1288 circui-

253 1346 314 1384 re
337 1329 549 1385 Jeriche
569 1344 686 1382 cum
715 1329 850 1382 tubis
876 1338 926 1382 et
950 1343 1069 1381 arca
1095 1336 1296 1394 septem
1321 1326 1523 1379 diebus.
1552 1325 1666 1390 Quo
1698 1341 1819 1393 per-

250 1431 398 1484 acto,
428 1434 518 1487 per
557 1433 615 1471 se
650 1419 784 1472 muri
815 1418 1133 1472 ceciderunt.
1184 1415 1513 1470 Manifestum
1537 1415 1711 1484 itaque
1740 1423 1823 1468 est

246 1509 361 1576 jam
391 1517 512 1560 tunc
544 1516 774 1574 emptum
796 1521 915 1561 esse
940 1506 1070 1560 solvi
1111 1505 1386 1558 sabbatum
1414 1521 1427 1556 :
1456 1502 1823 1571 undecumque

250 1600 396 1651 enim
425 1599 626 1650 initium
653 1598 769 1664 quis
805 1595 981 1660 ducat,
1015 1610 1233 1648 necesse
1261 1603 1344 1648 est
1369 1594 1648 1648 sabbatum
1687 1593 1819 1646 inci-

249 1689 385 1743 dere
412 1689 462 1740 in
483 1697 684 1755 septem
713 1686 830 1740 illos
853 1685 985 1740 dies.
1013 1686 1163 1740 Tunc
1184 1694 1426 1739 servatur
1450 1685 1658 1754 quidem
1680 1684 1822 1738 ltaab

250 1794 377 1830 cum
414 1777 725 1846 cognatione
751 1790 842 1830 sua
864 1817 878 1840 ,
902 1783 955 1830 et
981 1775 1179 1828 habitat
1208 1775 1258 1827 in
1287 1774 1451 1828 Israel
1470 1816 1484 1839 ,
1521 1775 1822 1827 incenditur

249 1877 430 1921 autem
459 1867 600 1930 urbs,
630 1876 683 1920 et
702 1865 1034 1920 anathemate
1061 1866 1348 1932 percutitur
1388 1882 1402 1917 :
1451 1863 1822 1930 maledixitque

249 1957 406 2011 Jesus
427 1958 474 2010 ei
505 1957 590 2025 qui
615 1957 753 2008 illam
774 1955 1135 2009 retedilicaret.
1166 1954 1390 2008 Furatus
1417 1963 1578 2008 estex
1602 1953 1822 2006 anathe-

249 2055 397 2099 mate
426 2044 620 2110 Achar,
649 2053 700 2098 et
717 2044 937 2097 vincitur
975 2043 1200 2110 populus
1239 2035 1515 2111 aggressus
1545 2044 1702 2098 aliam
1737 2059 1824 2096 ur-

251 2137 395 2190 bem.
427 2135 590 2188 Deum
624 2142 863 2202 precatur
890 2132 1044 2186 Jesus
1077 2150 1088 2184 :
1119 2132 1269 2200 jubet
1295 2131 1430 2184 [lous
1455 2132 1566 2185 tolli
1594 2133 1821 2186 anathe-

250 2240 360 2275 ma.
391 2223 755 2290 Deprehensus
791 2229 871 2274 cst
901 2221 1073 2274 Achar
1097 2261 1112 2285 ,
1143 2221 1334 2273 furttun
1362 2220 1658 2286 detectum,
1692 2221 1822 2288 lapi-

249 2313 408 2364 tlatur
433 2310 604 2363 Achar
630 2325 750 2363 cum
783 2310 904 2362 filiis
925 2317 978 2363 et.
1004 2310 1227 2363 filiabus.
1261 2309 1515 2376 Pugnavit
1533 2309 1688 2363 Jesus
1712 2325 1823 2364 cer-

253 2402 453 2454 tamine
477 2410 534 2454 et
552 2401 690 2467 cepit
713 2400 926 2462 Gazam,
958 2399 1324 2466 incenditque:
1354 2413 1414 2451 ac
1434 2398 1741 2452 ceciderunt
1769 2401 1821 2453 in

253 2491 344 2542 illa
371 2489 645 2542 duodecim
683 2489 882 2550 millia;
911 2503 1191 2556 regemque
1245 2488 1387 2542 urbis
1433 2489 1822 2556 StISpendertmt

253 2581 306 2630 in
341 2579 500 2646 ligno.
544 2577 874 2631 Conveniunt
901 2577 964 2629 ad
993 2576 1363 2631 debellandum
1397 2578 1642 2631 lsraelem
1672 2594 1822 2646 reges

253 2671 686 2723 Ainerrltmerum
715 2678 768 2722 et
793 2668 1210 2721 Chauanamrum
1241 2683 1301 2720 ac
1329 2669 1536 2736 reliqui.
1569 2668 1819 2724 [Edificat

251 2761 408 2813 Jesus
431 2760 594 2813 altare
610 2775 671 2813 ex
694 2758 950 2826 lapidibus
975 2759 1208 2826 integris,
1235 2758 1339 2811 illic
1359 2759 1819 2812 Deuterenomium

253 2852 439 2905 scribit
469 2867 480 2900 :
514 2850 831 2918 dimidiaque
857 2863 979 2918 pars
1016 2849 1192 2917 pepuli
1223 2858 1326 2903 stat
1372 2864 1534 2918 prope
1587 2858 1822 2904 montem

249 2943 440 3008 Gcbal,
471 2941 684 2994 dimidia
713 2950 886 2995 autem
917 2955 1080 3010 prope
1107 2949 1342 2994 montem
1363 2941 1594 2994 Garizin.
1626 2942 1822 2996 Dehinc

251 3048 372 3100 qum
393 3041 535 3100 gesta
558 3041 680 3085 sunt
707 3032 845 3085 circa
872 3031 1210 3085 Gabaonitas.
1254 3031 1314 3083 Hi
1345 3032 1484 3083 enim
1513 3046 1578 3084 ex
1611 3031 1820 3084 Israeli-

253 3131 426 3174 taruni
457 3121 588 3173 fama
622 3119 999 3189 perterrefacti,
1024 3119 1215 3173 auditis
1237 3120 1298 3173 iis
1328 3136 1443 3188 qua:
1464 3121 1570 3188 jam
1594 3121 1644 3173 in
1671 3120 1822 3175 bellis

253 3215 508 3281 pramlare
534 3221 830 3281 gesserant,
858 3212 997 3280 ipsos
1019 3212 1212 3264 adeunt
1231 3213 1454 3266 vetustis
1478 3212 1641 3265 induti
1663 3213 1822 3266 vesti-

250 3303 469 3367 mentis,
501 3315 660 3369 pancs
711 3302 888 3355 aridos
941 3302 1195 3365 ferentes,
1227 3301 1566 3370 sandaliaquc
1616 3312 1818 3357 vetera.

254 3392 554 3461 populoque
599 3391 781 3444 dicunt
825 3405 882 3444 se
924 3405 991 3444 ex
1037 3400 1174 3443 terra
1205 3391 1484 3459 longinqua
1511 3391 1715 3456 venire,
1744 3392 1820 3445 si-

250 3497 519 3549 gnumque
545 3481 724 3548 procul
755 3489 1074 3533 remotarum
1101 3480 1306 3533 sodium
1334 3495 1450 3535 esse
1471 3481 1779 3535 vestimenta
1800 3525 1814 3546 ,

251 3584 418 3638 panes
438 3578 491 3621 ct
516 3569 745 3621 sandalia
773 3587 784 3621 :
813 3583 933 3621 nam
966 3570 1015 3621 in
1036 3569 1190 3636 longa
1210 3571 1288 3622 via
1315 3568 1428 3623 haec
1447 3570 1635 3624 detrita
1659 3571 1819 3626 fuisse

250 3660 501 3713 dicebant
529 3675 541 3710 :
577 3659 755 3712 venire
798 3667 970 3712 autem
1011 3674 1070 3712 se
1096 3658 1161 3712 ad
1194 3670 1340 3728 pacta
1382 3674 1672 3729 pacemque
1699 3676 1818 3714 cum

252 3750 384 3818 ipsis
416 3747 663 3802 ineunda.
691 3747 768 3801 llli
815 3756 992 3802 autem
1027 3748 1134 3801 Deo
1181 3763 1285 3801 non
1328 3749 1588 3812 consulto,
1621 3751 1820 3804 foedera

252 3840 503 3891 inierunt.
557 3837 627 3891 Ut
670 3852 796 3890 vero
851 3846 1214 3905 cognoverunt
1259 3852 1316 3892 se
1357 3838 1606 3907 deceptos
1636 3839 1816 3905 fuisse,

253 3930 479 3996 illosque
509 3941 611 3980 non
662 3928 865 3995 procul,
899 3927 992 3981 sed
1042 3943 1201 3996 prope
1247 3928 1506 3993 habitare,
1535 3944 1657 3982 cum
1711 3943 1815 3983 non

253 4033 474 4086 possent
526 4018 644 4070 illos
686 4032 990 4086 oppugnare
1040 4027 1222 4069 contra
1265 4018 1587 4084 juramenta,
1635 4033 1817 4072 servos

250 4110 400 4177 ipsos
448 4109 831 4161 constituerunt
862 4108 1130 4176 lignarios,
1162 4117 1214 4160 et
1258 4122 1406 4176 aqum
1454 4108 1678 4176 bajulos.
1726 4108 1820 4161 llic

250 4201 456 4254 exitum
492 4198 648 4251 habet
676 4198 944 4267 prtedictie
988 4197 1111 4250 Nore
1143 4198 1289 4267 (Gen.
1321 4198 1373 4251 9.
1405 4195 1518 4268 25),
1551 4213 1705 4266 quam
1737 4197 1819 4250 di-

253 4291 369 4344 xit:
403 4289 641 4343 Chanaan
670 4305 789 4356 puer
812 4304 979 4341 servus
1006 4287 1080 4358 (ὁ)
1114 4307 1126 4340 :
1159 4304 1221 4342 ex
1253 4289 1343 4342 illo
1375 4304 1600 4357 namque
1633 4289 1685 4342 hi
1715 4290 1816 4342 orti

255 4381 430 4433 fuere.
481 4379 692 4433 Audivit
739 4380 1070 4432 Atlonibczec
1122 4395 1214 4432 rex
1266 4379 1556 4433 Jerusalem
1611 4389 1816 4448 captam

248 4474 417 4525 fuisse
459 4470 667 4523 Jeriche
693 4482 745 4522 et
767 4470 978 4531 Gazam,
1002 4470 1426 4537 Gabaonitasque
1453 4471 1811 4538 transfugisse,

245 4578 313 4616 ac
340 4562 525 4614 bellum
558 4561 682 4627 ipsis
705 4560 877 4612 intulit
905 4560 1020 4610 aliis
1048 4560 1143 4611 sibi
1176 4559 1434 4626 adjunctis
1461 4561 1688 4628 regibus.
1739 4559 1814 4613 llli

248 4667 380 4704 vero
402 4650 463 4702 ad
489 4651 737 4703 auxilium
768 4650 864 4702 sibi
893 4649 1163 4702 ferendum
1191 4648 1370 4702 Jesum
1411 4658 1681 4702 vocarunt.
1715 4648 1816 4702 Ve-

313 4786 388 4846 (υ)
409 4794 479 4832 .Ie.
505 4785 878 4846 Cbrysostomus,
939 4783 984 4829 tti
1009 4795 1139 4842 saepe
1164 4795 1270 4830 cum
1291 4783 1465 4830 Judtcis
1486 4782 1810 4842 concertabat,

313 4849 459 4889 iviino
486 4859 599 4889 vero
621 4797 1097 4889 Antiochimﬂeaalia
1135 4856 1229 4889 non
1261 4849 1393 4889 Lauta
1418 4843 1655 4889 religione
1680 4855 1706 4889 a
1729 4858 1810 4889 vc-

245 4840 459 4894 tita'xi'iue
486 4840 898 4901 vero'Antiot-him,
923 4840 1097 4901 legalia
1135 4856 1229 4890 non
1261 4849 1393 4890 Lauta
1418 4843 1655 4903 religione
1680 4855 1706 4890 a
1729 4840 1811 4890 ve?-

245 4909 439 4956 tcribus
480 4905 572 4952 illis
611 4906 861 4952 observata
910 4917 1038 4960 esse,
1077 4910 1253 4963 quanta
1297 4905 1521 4951 dicebant
1555 4904 1702 4952 Judaei
1739 4905 1812 4953 sui

243 4969 497 5027 temporis.
523 4979 652 5072 saqie
677 4965 873 5023 indicat;
896 4965 970 5010 hic
989 4971 1148 5011 autem
1174 4972 1238 5012 att
1258 4965 1613 5012 incircutncises
1636 4966 1814 5013 obiisse

244 5027 376 5072 illos.
397 5029 476 5072 uni
503 5029 547 5072 in
570 5040 588 5072 (
606 5033 766 5072 eset-to
789 5026 961 5072 mortui
986 5024 1190 5072 fuerant.
1221 5033 1271 5071 et
1308 5038 1415 5071 mox
1453 5027 1619 5072 nrobat
1641 5026 1810 5072 sabba-

244 5024 376 5082 illos',
397 5029 476 5087 qui
503 5029 547 5073 in
570 5024 766 5073 deserto
789 5026 961 5087 mortui
986 5024 1271 5087 l'ueraut,_et
1308 5038 1415 5071 mox
1453 5027 1619 5087 probat
1641 5026 1810 5072 sabba-

243 5100 351 5137 tum
391 5085 481 5134 u'on
517 5088 817 5134 observatum
853 5085 1027 5139 fuisse,
1051 5085 1240 5144 quando
1269 5092 1459 5144 septem
1495 5085 1668 5133 diebus
1705 5099 1812 5133 cum

241 5162 357 5205 arva
391 5161 549 5195 muros
583 5147 766 5193 Jericbo
801 5146 1094 5202 circuibant;
1133 5158 1336 5192 necesse
1375 5150 1552 5205 quippe
1592 5144 1739 5192 fuisse
1765 5148 1811 5193 iu

244 5164 268 5196 ἢ
302 5164 357 5195 (Ἡ
391 5164 549 5195 ηιυιΌδ
583 5164 766 5193 JPI'ICHU
801 5164 1093 5202 Cll'Clllllillll;
1133 5164 1336 5192 IIUCUSSB
1375 5164 1552 5205 qtuppc
1593 5164 1739 5192 IUISSU
1766 5164 1811 5193 111

244 5164 343 5258 illis
365 5215 550 5268 septem
570 5208 741 5255 diebus
765 5207 982 5268 incidere
996 5209 1265 5268 sabbatum.
1291 5208 1364 5268 sic
1398 5219 1537 5265 supra
1563 5205 1811 5268 Commen-

241 5272 368 5319 tario
405 5265 449 5314 in
491 5269 657 5314 Isaiam
696 5269 758 5314 de
793 5265 1031 5313 sacrificiis
1055 5269 1227 5324 arguit,
1255 5274 1304 5313 et
1323 5266 1585 5315 Cmnmcut.
1614 5268 1658 5312 in
1685 5265 1809 5312 Psal-

242 5345 350 5377 mos
373 5330 434 5376 de
459 5330 544 5376 hac
567 5326 669 5387 ipsa
684 5326 1093 5387 rcloqucutuhajc
1117 5325 1262 5387 habet
1290 5339 1300 5371 :
1328 5334 1508 5386 Septem
1532 5332 1686 5373 autent
1711 5325 1811 5373 die-

240 5404 353 5437 rum
369 5384 599 5451 numerus
609 5389 706 5445 iam
722 5395 826 5434 mue
849 5387 978 5451 nobis
989 5384 1119 5451 solvit
1143 5384 1398 5451 sabbatum.
1422 5396 1517 5435 Non
1539 5387 1676 5451 enim
1687 5388 1810 5446 ejus-

239 5449 378 5498 modi
403 5450 516 5511 legis
540 5455 777 5511 praecepta
801 5445 1124 5511 principaliter
1149 5447 1263 5511 data
1281 5455 1406 5496 sunt.
1432 5457 1541 5504 Qure
1566 5448 1642 5495 hic
1664 5446 1809 5511 longe

239 5512 422 5617 «1ῗῖιώ
445 5507 782 5571 'explicantur:
814 5507 920 5567 jam
943 5513 1084 5564 tunc,
1107 5508 1293 5568 inquit,
1317 5516 1524 5570 coeptum
1559 5521 1658 5558 esse
1696 5507 1809 5557 solvi

239 5587 295 5617 sit
360 5577 506 5617 «tum.

238 5577 506 5619 sabbatum.

311 5630 382 5691 (ὁ)
407 5631 527 5678 Vide
567 5643 675 5691 qua:
698 5628 903 5676 diximus
916 5640 1064 5691 supra
1087 5629 1131 5673 in
1149 5625 1357 5686 Synopsl
1378 5627 1427 5675 in
1440 5631 1661 5679 Genesim
1684 5633 1806 5681 circa

238 5689 627 5742 maledictienctu
653 5690 884 5738 (Ihaaaaai
914 5689 956 5734 in
981 5689 1246 5734 Gabaottttls
1275 5695 1580 5752 ευιιῳιριεωι,

554 5783 819 5840 ΡΑτιιοι..
870 5783 912 5841 G
927 5801 982 5839 η.
1036 5781 1185 5841 LVI.

1333 320 1656 378 SYNOPSIS
1691 317 2094 376 SCRII’TURAS
2133 321 2398 376 SACIUE.

3391 329 3500 384 338

1931 429 2006 481 nit
2050 439 2223 483 autem
2274 431 2383 494 illo,
2413 430 2696 498 prtrlioque
2737 432 3022 485 commisso
3066 432 3118 484 in
3151 430 3322 500 fugam
3378 433 3494 486 illos

1931 521 2087 574 vertit
2119 540 2130 573 :
2158 536 2217 574 ac
2244 521 2308 575 dc
2335 523 2466 575 etelo
2498 523 2548 574 in
2578 523 2696 575 illos
2718 524 2919 590 grando
2945 524 3137 579 decidit
3166 541 3177 579 :
3210 525 3492 593 pluresque

1928 611 2127 679 grando
2147 611 2357 672 occidit,
2389 627 2544 680 quam
2573 614 2663 665 lilii
2693 613 2851 666 lsrael
2886 615 3080 682 gladio.
3141 615 3289 668 Tunc
3346 616 3496 669 stetit

1929 703 2004 754 sel
2036 712 2219 754 contra
2260 701 2476 757 Gabaon
2515 711 2562 756 et
2612 703 2733 756 luna
2773 715 2955 757 contra
2993 706 3283 760 convallem
3313 707 3492 766 Elom;

1930 799 2201 861 totumque
2228 791 2560 846 inimicorum
2590 794 2837 861 populum
2871 794 3139 849 interfecit
3161 796 3334 862 Jcsus,
3369 812 3492 849 ncc-

1930 897 2032 934 non
2049 882 2277 951 quinque
2306 898 2476 952 reges.
2504 880 2654 951 Cepit
2677 894 2850 938 autem
2882 885 3130 938 Macelam
3162 893 3215 939 ct
3235 885 3492 947 Lobnam.

1929 972 2152 1036 Lachis,
2175 971 2420 1038 Odelam,
2452 973 2788 1028 Clit-breuem
2818 984 2870 1028 et
2902 975 3091 1041 Dabir,
3123 991 3177 1030 et
3205 985 3414 1031 montes
3442 986 3494 1032 et

1930 1062 2215 1130 planitiem.
2247 1063 2626 1118 Convenertmt
2651 1064 2736 1118 alii
2761 1079 2913 1132 reges
2934 1066 3080 1119 multi
3101 1081 3219 1119 cum
3243 1069 3491 1123 exerciti-

1930 1153 2026 1206 bus
2056 1154 2258 1221 magnis
2283 1169 2295 1204 :
2329 1162 2381 1207 et
2408 1153 2504 1206 hos
2532 1168 2741 1222 quoque
2767 1154 2958 1207 occidit
2978 1154 3149 1209 Iesus.
3182 1157 3381 1210 llorum
3411 1157 3496 1211 hic

1929 1245 2136 1296 nemina
2169 1253 2536 1309 recensentur,
2563 1254 2615 1297 et
2653 1246 2832 1308 urbes,
2858 1261 3236 1315 numerusque.
3278 1248 3498 1302 Jubctur

1926 1335 2080 1390 Jcsus
2136 1345 2328 1390 terram
2381 1336 2587 1390 tradere
2637 1336 2890 1389 lsraclitis
2917 1356 2928 1390 :
2961 1354 3020 1389 ac
3047 1339 3360 1392 describitur
3379 1355 3495 1408 qua:

1930 1426 2096 1480 tribus
2123 1435 2293 1479 sortes
2327 1428 2644 1494 acceperint,
2670 1435 2718 1479 et
2747 1428 2868 1494 quid
2895 1427 3089 1482 Levitis
3111 1429 3288 1482 datum
3317 1430 3487 1484 fuerit.

1929 1517 2165 1570 liemittit
2213 1516 2365 1570 Jrsus
2421 1519 2610 1570 tribum
2643 1517 2826 1571 Ruben
2866 1527 2922 1570 et
2963 1517 3073 1570 Gatl
3115 1519 3494 1588 dimidiamque

1929 1609 2118 1661 tribum
2150 1608 2386 1661 Manasse
2411 1610 2458 1660 in
2487 1617 2655 1660 sortes
2675 1620 2816 1663 suas.
2836 1623 2968 1676 quas
2991 1620 3297 1677 acceperant
3322 1611 3491 1664 adhuc

1929 1697 2140 1750 vivente
2168 1697 2368 1766 Moyse.
2411 1697 2508 1763 Qui
2536 1705 2710 1751 autem
2738 1697 3004 1762 abierunt,
3036 1713 3179 1751 aram
3213 1699 3276 1752 ad
3308 1699 3495 1754 Jorda-

1929 1803 2046 1842 nem
2086 1788 2432 1841 aedificarunt.
2466 1789 2573 1841 lloc
2611 1789 2740 1840 alias
2771 1788 2938 1841 tribus
2968 1790 3305 1856 perturbavit.
3336 1790 3494 1843 Pitta—

1927 1878 2052 1932 bant
2079 1879 2219 1932 enim
2237 1879 2356 1932 illos
2383 1878 2480 1931 hoc
2502 1877 2809 1932 defectionis
2831 1893 2986 1932 causa
3012 1879 3218 1934 fui-isse.
3245 1881 3496 1934 Miscrunt

1926 1970 2013 2038 qui
2064 1970 2206 2037 ipsos
2258 1968 2746 2037 reprehenderent:
2790 1969 2860 2021 illi
2892 1985 3015 2022 vero
3054 1984 3172 2024 sese
3213 1981 3493 2041 purgantes

1926 2061 2192 2124 dixerunt,
2231 2073 2289 2112 se
2330 2075 2431 2111 non
2459 2058 2770 2112 defectionis
2797 2073 2952 2112 causa
2985 2075 3129 2112 aram
3161 2062 3486 2123 :edilicasse;

1926 2149 2019 2204 sed
2051 2164 2116 2203 ne
2143 2148 2337 2218 posteri
2366 2149 2550 2208 vestri,
2587 2149 2823 2215 inquiunt
2849 2190 2861 2210 ,
2893 2149 3027 2203 ﬁlios
3060 2159 3267 2203 nostros
3292 2153 3492 2206 alienos

1929 2241 2152 2293 habeant
2176 2254 2203 2291 a
2227 2255 2318 2291 sua
2343 2240 2674 2308 cognatione,
2700 2255 2763 2291 co
2792 2240 2931 2308 quod
2960 2239 3203 2294 Jordanis
3234 2241 3490 2294 internic-

1926 2335 2068 2387 dium
2096 2349 2279 2387 eorum
2311 2333 2472 2396 fluat;
2505 2333 2595 2385 sed
2626 2341 2681 2384 ut
2706 2333 2770 2384 sit
2795 2347 2886 2384 ara
2915 2332 2966 2385 in
2990 2336 3366 2400 testimonium,
3399 2348 3494 2387 uec

1928 2426 2128 2495 possint
2167 2425 2345 2478 dicere
2386 2424 2474 2477 filii
2512 2426 2670 2478 vestri
2699 2424 2978 2493 nepotibus
3011 2425 3224 2489 nostris,
3249 2425 3361 2478 Non
3410 2434 3494 2478 cst

1927 2518 2076 2570 vobis
2098 2517 2268 2586 portio
2289 2517 2524 2580 Domini;
2554 2517 2734 2584 sicque
2757 2527 3128 2584 persuaserunt
3155 2517 3366 2586 reliquis
3399 2519 3493 2570 tri-

1927 2606 2098 2668 bubus
2123 2621 2189 2660 ne
2217 2607 2315 2660 sibi
2349 2607 2540 2660 bellum
2569 2606 2840 2660 inferrent.
2869 2606 3016 2661 Tunc
3037 2617 3292 2660 convocat
3316 2608 3487 2661 Israe-

1928 2697 2043 2749 litas
2073 2696 2256 2760 Jesus,
2297 2697 2528 2765 ipsusque
2556 2696 2605 2749 in
2633 2696 2939 2749 memoriam
2973 2706 3181 2750 revocat
3210 2698 3298 2749 Dei
3329 2698 3486 2750 bene-

1927 2787 2062 2852 ficia,
2095 2787 2334 2842 hortatur
2355 2797 2410 2841 tit
2437 2787 2604 2855 legem
2631 2787 2913 2841 observent
2940 2829 2954 2849 ,
2985 2789 3325 2856 prmdieitquc
3355 2789 3493 2843 mala

1926 2893 2040 2945 qurc
2083 2877 2199 2929 illos
2221 2887 2503 2944 exceptura
2526 2885 2667 2940 sunt,
2720 2877 2819 2929 nisi
2861 2878 2998 2930 illam
3055 2879 3417 2939 cusmdicrint,
3443 2890 3494 2932 et

1925 2976 2163 3020 mortuus
2182 2977 2280 3020 est.
2308 2967 2525 3020 Moritur
2552 2977 2605 3021 et
2626 2968 2844 3020 Eleazar
2873 2969 3139 3029 sacerdos.
3164 2971 3286 3022 etin
3320 2971 3492 3024 locum

1924 3058 2040 3127 ejus
2083 3057 2433 3112 sacerdotium
2465 3057 2666 3112 obtinet
2693 3057 2919 3112 Phincos
2949 3059 3084 3112 filius
3122 3061 3256 3127 ejus.
3315 3062 3376 3113 lit
3402 3061 3493 3114 filii

1925 3148 2088 3204 lsracl
2145 3147 2281 3202 idola
2333 3148 2652 3213 coluerunt,
2710 3148 2993 3216 traditique
3040 3159 3160 3202 sunt
3207 3151 3256 3202 in
3303 3165 3488 3202 manus

1926 3239 2132 3309 AEgiem
2161 3239 2300 3308 regis
2347 3238 2497 3293 Moab
2531 3239 2627 3308 (τι),
2661 3239 2747 3308 qui
2781 3239 2834 3292 in
2884 3239 3003 3293 illos
3047 3239 3326 3308 imperium
3351 3241 3489 3294 obti-

1925 3333 2037 3386 nuit
2067 3332 2218 3385 annis
2241 3331 2556 3385 octodecim.

2451 3457 2687 3498 εςΝοιιδιε
2723 3459 2963 3498 δυοιοωι.

1996 3560 2090 3611 llic
2111 3567 2352 3610 narratur
2381 3570 2511 3624 quas
2537 3555 2696 3608 urbes
2722 3555 2980 3622 ceperint,
3004 3569 3242 3624 quasque
3269 3554 3368 3607 sibi
3401 3555 3494 3608 tri—

1923 3649 2153 3703 butarias
2209 3645 2432 3699 fecerint
2484 3643 2757 3697 Israelitm.
2804 3643 2931 3696 Nam
2957 3643 3095 3698 circa
3127 3644 3250 3697 belli
3281 3644 3488 3698 labores

1921 3737 2172 3800 emolliti,
2203 3735 2515 3803 transgressi
2545 3741 2669 3787 sunt
2699 3732 2999 3786 mandatum
3049 3733 3139 3787 Dei
3161 3775 3175 3797 ,
3207 3747 3312 3801 quo
3337 3732 3490 3800 jube-

1921 3830 2111 3883 bantur
2136 3841 2319 3880 omnes
2368 3824 2727 3879 internecione
2751 3823 2948 3876 delere.
3002 3823 3157 3876 Venit
3202 3823 3417 3890 angelus
3460 3838 3490 3875 a

1925 3921 2145 3974 Domino
2184 3917 2248 3970 ad
2296 3916 2556 3970 lsraelitas
2579 3954 2592 3978 ,
2618 3915 2706 3982 qui
2739 3915 2948 3966 illorum
3002 3913 3488 3981 praevaricationem

1922 4009 2207 4077 redarguit.
2239 4006 2370 4060 Cum
2395 4005 2533 4058 enim
2567 4003 2886 4072 epertuisset
2913 4003 3030 4055 illos
3051 4002 3264 4065 delere,
3295 4002 3487 4069 inquit,

1924 4114 2016 4152 vos
2045 4098 2241 4152 foedera
2263 4111 2381 4149 cum
2416 4096 2545 4162 ipsis
2567 4093 2756 4149 iniistis
2785 4111 2796 4145 :
2833 4094 2950 4147 ideo
2988 4109 3092 4146 non
3120 4093 3492 4147 exterminabit

1927 4191 1939 4242 I
1967 4205 2062 4244 eus
2087 4189 2318 4257 reliquas
2336 4195 2537 4254 gentes.
2569 4183 2660 4238 His
2690 4185 2882 4237 auditis
2917 4185 2990 4237 illi
3015 4184 3273 4237 fleverunt
3298 4185 3486 4236 unani-

1921 4282 2097 4344 miter,
2128 4281 2377 4346 locuSqne
2406 4287 2621 4330 vocatus
2659 4284 2740 4328 est
2787 4274 2984 4328 Fletus.
3044 4274 3109 4326 Et
3159 4274 3486 4341 przcvaricati

1920 4377 2060 4433 sunt,
2083 4386 2143 4422 ac
2166 4369 2506 4422 tradebantur
2529 4366 2786 4427 hostibus,
2811 4373 2862 4417 et
2879 4379 2906 4417 a
2929 4363 3182 4417 servitute
3199 4361 3486 4416 liberaban-

1923 4473 2024 4524 tur,
2058 4473 2374 4526 rursumque
2404 4458 2585 4510 iisdem
2629 4457 2678 4507 in
2709 4455 2856 4508 malis
2887 4453 3317 4523 perseverabant.
3351 4454 3485 4508 Tra-

1918 4554 2009 4607 diti
2041 4564 2161 4606 Sttnl
2183 4550 2392 4604 (Iliusab
2411 4547 2609 4602 Sathon
2632 4547 2741 4615 regi
2767 4545 2932 4616 Syria:
2953 4547 3104 4599 annis
3131 4555 3271 4609 octo,
3298 4555 3351 4599 et
3377 4546 3482 4598 cri-

1921 4644 2029 4712 pnit
2056 4656 2148 4695 eos
2178 4641 2424 4692 Dominus
2456 4653 2549 4705 per
2574 4637 2853 4690 Gethenicl
2879 4636 3132 4702 judicem.
3192 4635 3258 4689 Et
3307 4635 3481 4689 traditi

1918 4743 2040 4786 sunt
2065 4732 2244 4797 Eglom
2270 4730 2377 4796 regi
2402 4728 2574 4792 Moab,
2597 4737 2650 4782 et
2686 4728 3047 4780 clamavertmt
3082 4727 3144 4780 ad
3180 4727 3480 4787 Dominum,

1918 4835 1969 4879 ct
1995 4822 2263 4877 suscitavit
2292 4822 2392 4874 illis
2416 4820 2547 4885 Aed,
2578 4821 2664 4888 qui
2693 4820 2815 4873 dolo
2843 4819 3034 4872 occidit
3055 4819 3238 4886 Eglom
3264 4826 3317 4870 et
3337 4817 3452 4869 Moa

1916 4913 2069 4969 bitas.
2105 4913 2227 4966 Post
2255 4910 2392 4964 hunc
2420 4911 2596 4979 pepuli
2620 4910 2779 4978 judex
2809 4909 2902 4961 fuit
2923 4910 3194 4976 Somcgar,
3215 4916 3268 4961 et
3295 4916 3476 4976 postea

1919 5006 2118 5058 Debora
2150 5003 2338 5056 mulier
2365 5004 2715 5073 prophetissa.
2747 5002 2873 5054 Cum
2903 5010 3076 5053 autem
3100 5001 3207 5068 regi
3231 5001 3476 5054 Chanaan

1916 5096 2174 5149 servirent
2201 5094 2468 5159 Israelitzr,
2498 5095 2749 5146 Baracum
2783 5091 2930 5158 jubet
2960 5088 3161 5144 Debora
3196 5106 3252 5145 se
3293 5091 3472 5145 ducent

1915 5187 2035 5240 belli
2063 5186 2316 5252 prmbere.
2349 5183 2439 5236 Ille
2469 5184 2651 5245 noluit,
2685 5182 2783 5233 nisi
2806 5189 2858 5234 et
2884 5182 2967 5234 illa
2990 5196 3108 5234 cum
3139 5183 3251 5249 ipso
3269 5183 3468 5234 exiret:

1915 5277 2174 5343 evivitquc
2205 5275 2408 5326 mulier.
2434 5273 2727 5326 Commisso
2752 5272 2953 5340 praalio,
2982 5272 3220 5340 fugerunt
3249 5272 3428 5325 hostes
3458 5288 3474 5324 ε

1916 5365 2122 5432 duxque
2148 5364 2308 5417 Jabisi
2334 5363 2508 5416 Sisara
2540 5361 2799 5415 accedens
2839 5361 2903 5414 ad
2960 5362 3236 5430 quamdam
3290 5363 3475 5415 mulie-

1980 5505 2050 5564 (ιι)
2075 5513 2181 5554 tlazc
2201 5520 2309 5567 quae
2332 5506 2393 5553 de
2419 5506 2603 5566 nglom
2620 5506 2693 5553 hic
2717 5503 2962 5564 leguntur,
2989 5517 3048 5567 ex
3072 5504 3226 5564 capite
3249 5507 3472 5567 sequenti

1914 5566 2006 5613 huc.
2047 5566 2359 5625 traussumpta
2389 5576 2501 5614 sunt
2535 5570 2580 5614 in
2606 5574 2740 5614 textu
2766 5573 2891 5622 LXX,
2917 5579 3008 5611 nec
3032 5566 3267 5625 habentur
3311 5566 3353 5610 in
3382 5574 3471 5610 Ili-.—

1913 5628 2043 5674 brteo
2071 5640 2081 5673 :
2117 5641 2225 5688 quat
2251 5623 2389 5687 porro
2412 5635 2472 5674 de
2499 5628 2684 5686 A'Iglom
2711 5628 2785 5673 hic
2816 5626 2974 5688 paucis
2999 5628 3158 5673 verbis
3177 5623 3413 5688 dicuniur
3434 5634 3477 5682 ira

1915 5689 2085 5736 eadem
2120 5685 2350 5747 EditiOuc,
2377 5685 2588 5750 pluribus
2610 5695 2856 5737 narrantur
2881 5688 2924 5732 in
2951 5685 3070 5733 libro
3101 5685 3271 5733 .ltttllt:u
3298 5704 3345 5731 ιι.

3038 5789 3104 5844 21
