4138 6306
743 317 855 373 339

741 429 850 467 rem
880 412 1074 467 Jaélem
1108 411 1298 465 dictam
1319 451 1332 473 ,
1366 410 1575 479 petebat
1602 409 1666 464 ab
1696 410 1780 462 illa
1811 418 1993 478 potum
2029 427 2041 463 :
2067 408 2152 461 illa
2183 421 2276 475 pro

741 517 872 570 aqua
895 502 974 554 lae
1000 501 1071 552 illi
1101 499 1264 553 dedit.
1287 499 1354 553 Ut
1387 507 1559 552 autem
1586 507 1701 565 post
1730 506 1907 564 potum
1941 495 2278 558 obdormivit,

740 598 1005 656 arreptum
1029 595 1228 641 vectem
1256 587 1443 640 mulier
1477 601 1571 654 per
1600 595 1830 652 tempora
1857 586 1970 652 ejus
2000 583 2277 637 transfixit.

741 676 828 730 Sic
857 685 1089 728 mortuus
1118 683 1198 728 est
1225 673 1398 728 Sisara
1424 689 1437 724 :
1465 674 1832 740 ingressusque
1873 672 2035 725 Barac
2058 671 2185 723 vidit
2219 671 2275 724 il-

740 765 846 816 lum
891 771 1171 816 mortuum.
1230 762 1376 814 Tunc
1424 761 1679 814 canticum
1729 759 2038 827 triumphale
2091 759 2282 812 cecinit

743 852 964 905 Debora.
985 851 1183 904 Rursus
1203 851 1473 903 traduntur
1499 849 1742 902 Israelitte
1759 849 1811 901 in
1835 864 2020 902 manus
2036 849 2276 908 Madiam;

739 955 861 996 nam
889 939 1185 1008 frequenter
1211 940 1369 992 Deum
1402 938 1691 991 irritabant.
1715 937 1857 990 Tune
1881 936 2113 990 Gedeoni
2142 939 2280 989 visus

739 1039 820 1082 est
861 1029 1094 1096 angelus,
1125 1028 1212 1095 qui
1243 1028 1388 1079 illum
1413 1026 1477 1078 ad
1505 1026 1693 1079 bellum
1730 1025 2028 1078 concitavit.
2080 1026 2279 1079 Dehinc

738 1118 973 1185 praecipit
993 1117 1065 1169 illi
1086 1117 1333 1169 Dominus
1362 1123 1417 1168 ut
1436 1115 1727 1168 immolaret
1753 1114 1967 1167 vitulum
1989 1114 2277 1181 saginatum

739 1207 900 1271 patris
947 1205 1047 1268 sui,
1075 1213 1129 1258 et
1164 1203 1374 1257 afferret
1416 1204 1776 1258 holocaustum
1801 1243 1814 1266 ,
1841 1204 2112 1272 Baalisque
2135 1219 2278 1256 aram

736 1296 1048 1351 destrueret.
1088 1294 1266 1348 Paruit
1305 1293 1411 1357 ille,
1435 1302 1487 1346 et
1536 1294 1725 1347 obtulit
1766 1293 2120 1347 holocaustum
2148 1293 2272 1346 Deo.

737 1384 1058 1456 Signumque
1089 1388 1217 1455 petit
1242 1386 1454 1440 Gedeon
1483 1387 1570 1453 qui
1599 1396 1652 1441 et
1671 1385 1909 1439 Jerobaal
1939 1395 2149 1438 vocatus
2172 1394 2273 1448 est,

739 1478 790 1528 in
815 1475 1008 1529 vellere
1032 1475 1244 1528 editum.
1273 1474 1595 1542 iubeturque
1615 1482 1777 1527 totum
1796 1475 2059 1528 dimittere
2078 1476 2278 1528 exerci-

737 1572 869 1626 tum,
894 1572 1256 1631 trecentosque
1279 1572 1477 1616 tantum
1501 1563 1746 1616 retinere.
1788 1563 1844 1615 Id
1867 1562 2005 1631 quod
2027 1563 2111 1617 ille
2132 1563 2272 1626 fecit,

737 1665 790 1708 et
813 1669 1122 1723 congressus
1143 1670 1261 1709 cum
1289 1654 1611 1723 lampadibus
1630 1663 1682 1706 et
1711 1652 1878 1718 tubis,
1913 1655 2089 1707 hostes
2103 1655 2276 1721 profli-

737 1744 893 1811 gavit.
915 1743 1062 1796 Tunc
1087 1743 1244 1797 occisi
1263 1752 1384 1797 sunt
1407 1742 1545 1797 Oreb
1560 1751 1612 1797 et
1627 1742 1732 1796 Zeb
1750 1742 2004 1811 principes
2030 1743 2271 1808 Madiam,

738 1849 791 1890 et
817 1837 986 1893 Zebee
1008 1848 1061 1892 et
1087 1839 1327 1893 Salmana
1356 1854 1526 1908 reges.
1567 1840 1780 1894 Gedeon
1811 1841 2038 1894 moriens
2064 1840 2274 1908 reliquit

738 1924 876 1980 ﬁlios
894 1930 1233 1996 septuaginta,
1258 1938 1309 1980 et
1329 1943 1395 1982 ex
1419 1930 1704 1982 concubina
1723 1945 1881 1983 unum
1896 1930 2271 1983 Abimelecum.

740 2015 835 2071 IIic
867 2017 1053 2071 occisis
1091 2018 1410 2087 septuaginta
1451 2019 1729 2085 fratribus,
1760 2035 1975 2088 regnum
2015 2020 2270 2074 obtinuit:

737 2120 836 2159 nec
853 2105 1014 2160 multo
1029 2108 1205 2176 elapso
1226 2117 1460 2176 tempore
1478 2109 1741 2162 fratricidii
1757 2124 1937 2176 pinnas
1956 2110 2116 2164 dedit.
2144 2109 2273 2163 Cum

738 2194 876 2247 enim
901 2195 951 2247 iu
978 2195 1156 2263 prazlio
1184 2197 1491 2250 accessisset
1513 2197 1576 2250 ad
1605 2198 1878 2264 quamdam
1901 2199 2104 2263 urbem,
2139 2199 2274 2267 frag-

737 2289 915 2336 mento
949 2283 1100 2337 mola:
1142 2293 1296 2352 caput
1325 2285 1438 2352 ejus
1478 2301 1506 2338 a
1537 2287 1753 2340 muliere
1798 2285 2120 2341 confractum
2169 2299 2270 2353 est,

734 2372 926 2441 illeque
943 2374 1099 2426 vitam
1119 2375 1312 2428 amisit.
1341 2375 1464 2429 Post
1503 2376 1768 2431 Abimelec
1792 2377 2041 2444 judicavit
2074 2377 2235 2430 Thola
2255 2418 2272 2440 ,

738 2471 857 2531 post
879 2463 1094 2516 Thalam
1120 2464 1248 2517 Jair.
1279 2465 1343 2518 Et
1362 2466 1691 2520 irritaverunt
1713 2467 1874 2520 Deum
1902 2466 1993 2521 ﬁlii
2023 2468 2196 2531 Israel,
2219 2477 2272 2521 et

740 2551 910 2605 traditi
939 2561 1060 2606 sunt
1087 2553 1136 2606 in
1161 2568 1344 2608 manus
1367 2554 1614 2609 Ammon.
1667 2555 1814 2609 Tunc
1833 2555 2072 2624 Jephthze
2099 2571 2271 2611 mere-

739 2639 881 2693 tricis
905 2639 1065 2694 ﬁlium
1091 2651 1142 2694 et
1169 2656 1198 2694 a
1224 2641 1381 2696 domo
1407 2651 1619 2710 paterna
1647 2657 1740 2711 per
1788 2643 1975 2698 fratres
2023 2643 2270 2711 ejectum,

739 2726 922 2784 ducem
951 2728 1072 2782 belli
1099 2738 1278 2783 contra
1306 2730 1439 2784 ﬁlios
1469 2733 1690 2785 Ammon
1730 2746 1847 2786 esse
1871 2741 2056 2800 rogant
2084 2731 2275 2799 princi-

737 2828 831 2882 pes
856 2817 1064 2884 populi,
1093 2817 1293 2886 ipsique
1317 2818 1589 2884 imperium
1621 2819 1849 2873 tradunt.
1885 2819 1976 2873 ille
1999 2820 2273 2888 obtempe-

737 2907 890 2971 ravit,
917 2921 978 2961 ac
1018 2907 1200 2974 legatis
1230 2908 1296 2962 ad
1323 2922 1498 2977 regem
1542 2908 1764 2961 filiorum
1806 2911 2028 2964 Ammon
2077 2909 2270 2973 missis,

731 3009 854 3048 eum
883 2996 1012 3048 nihil
1035 2996 1303 3061 suasisset,
1331 3005 1486 3050 vovet
1509 3011 1567 3050 se
1594 2997 1701 3050 Deo
1741 2997 2124 3051 immolaturum
2153 3013 2270 3052 eum

738 3084 823 3149 qui
850 3084 1045 3152 primus
1076 3085 1172 3152 ipsi
1194 3093 1506 3148 occurreret,
1536 3085 1579 3138 si
1605 3085 1802 3140 rediret
1827 3101 1894 3140 ex
1922 3086 2060 3141 bello
2088 3103 2100 3139 :
2125 3102 2272 3140 com-

737 3174 899 3228 misso
922 3173 1104 3241 praalio
1131 3187 1248 3227 eum
1279 3173 1487 3226 vicisset
1506 3173 1702 3238 hostes,
1734 3173 1888 3227 ﬁliam
1918 3189 2063 3228 suam
2090 3175 2276 3229 immo-

738 3261 812 3314 lat
835 3276 848 3312 :
874 3261 986 3329 ipsa
1010 3261 1147 3316 enim
1180 3262 1321 3330 prior
1345 3262 1570 3315 occurrit
1597 3262 1689 3317 illi.
1716 3262 1914 3316 Rursus
1941 3263 2276 3316 irritaverunt

741 3353 900 3405 Deum
919 3351 1006 3404 ﬁlii
1027 3351 1214 3418 Israel,
1245 3361 1299 3406 et
1321 3353 1492 3404 traditi
1519 3361 1641 3407 sunt
1679 3353 1730 3406 in
1753 3367 1936 3406 manus
1959 3354 2274 3422 alienigena-

739 3456 878 3494 rum.
903 3441 1048 3494 Tune
1084 3441 1313 3493 nascitur
1355 3439 1648 3508 Sampson,
1689 3450 1744 3495 et
1787 3442 1897 3495 visa
1948 3443 2166 3495 muliere
2221 3442 2272 3495 in

739 3529 1084 3594 Thamnatha,
1117 3530 1229 3598 ejus
1249 3545 1426 3584 amore
1451 3542 1632 3598 captus
1649 3539 1748 3593 est,
1773 3531 2039 3600 ipsamque
2059 3545 2275 3585 uxorem

740 3621 933 3674 ducere
962 3621 1188 3675 volebat.
1219 3621 1467 3675 Parentes
1499 3631 1669 3676 autem
1695 3623 1863 3690 primo
1901 3621 2272 3690 impediebant,

740 3712 878 3780 quod
910 3713 992 3765 illa
1021 3712 1305 3780 alienigena
1333 3721 1473 3766 esset
1501 3730 1514 3766 :
1544 3723 1597 3765 ut
1632 3721 1805 3766 autem
1830 3712 2068 3766 viderunt
2109 3714 2275 3781 ipsum

739 3801 1042 3864 instantem,
1069 3816 1171 3854 non
1195 3802 1324 3854 ultra
1344 3802 1895 3875 prohibuerunt,Cum
1919 3801 2273 3855 abiretautem

739 3890 805 3951 de
832 3890 917 3944 illa
944 3889 1354 3960 colloquuturus,
1385 3892 1614 3945 occurrit
1641 3891 1717 3944 illi
1742 3891 1823 3946 leo
1849 3906 2002 3960 quem
2037 3892 2276 3945 manibus

741 3979 848 4032 suis
874 3978 1080 4033 occidit.
1132 3979 1260 4032 Cum
1304 3989 1474 4033 autem
1502 3980 1693 4046 nuptiae
1725 3980 2047 4034 celebrandae
2076 3987 2272 4045 essent,

739 4082 946 4122 rursum
975 4067 1266 4137 profectus,
1294 4067 1435 4122 videt
1471 4068 1643 4121 favum
1673 4069 1843 4122 mellis
1882 4069 1932 4121 in
1958 4084 2049 4122 ore
2073 4069 2272 4133 leonis,

739 4172 893 4225 quem
921 4156 1216 4219 occiderat,
1247 4166 1300 4210 et
1332 4165 1604 4225 acceptum
1632 4157 1876 4218 comedit,
1906 4157 2149 4224 deditque
2187 4173 2276 4225 pa-

739 4247 973 4301 rentibus
992 4257 1046 4300 et
1070 4247 1369 4302 coneivibus
1395 4245 1502 4300 suis
1530 4262 1542 4297 :
1574 4254 1728 4314 atque
1765 4246 1982 4314 aenigma
2014 4248 2278 4312 proposuit

742 4336 867 4404 ipsis
893 4336 1070 4389 dicens
1101 4352 1115 4388 :
1158 4335 1235 4388 Ea;
1268 4351 1351 4388 ore
1379 4335 1673 4389 comedenti:
1701 4349 1921 4402 egressus
1940 4342 2009 4386 est
2033 4333 2167 4385 cibus
2188 4375 2202 4396 ,
2229 4333 2275 4385 id

739 4433 839 4488 est,
868 4439 931 4478 ex
961 4439 1053 4478 ore
1072 4424 1269 4487 leonis;
1302 4433 1347 4476 et
1373 4440 1434 4476 ea:
1456 4434 1650 4476 austero
1677 4439 1767 4491 pro
1808 4421 2134 4474 amaritudine
2166 4421 2274 4473 dul-

741 4515 859 4568 cedo
883 4512 1026 4581 (Iud.
1057 4513 1142 4565 14.
1179 4513 1286 4579 14).
1312 4512 1656 4579 Promisitque
1673 4526 1730 4564 se
1755 4511 1995 4565 daturum
2037 4511 2083 4564 ei
2110 4513 2195 4578 qui
2228 4510 2277 4563 id

742 4606 1171 4671 interpretaretur
1211 4602 1419 4671 triginta
1451 4601 1729 4666 sindonas,
1759 4610 1810 4654 et
1835 4601 2042 4669 triginta
2079 4601 2275 4661 stolas;

742 4696 820 4748 sin
863 4708 966 4747 non
1006 4700 1242 4760 possent,
1273 4691 1370 4744 sibi
1398 4690 1716 4744 tantumdem
1745 4689 1946 4743 darent.
1988 4689 2056 4743 Ut
2105 4699 2277 4742 autem

742 4784 815 4836 illi
840 4782 1127 4844 hmrebant,
1157 4788 1210 4834 et
1238 4780 1642 4847 explicationem
1667 4794 1768 4831 non
1787 4777 2136 4845 reperiebant,
2153 4792 2281 4830 uxo-

742 4873 786 4926 ri
816 4871 928 4939 ejus
951 4869 1252 4923 eomminati
1286 4877 1407 4921 sunt
1433 4875 1673 4931 mortem,
1706 4867 1803 4919 nisi
1842 4866 1907 4920 ab
1937 4867 2024 4918 illo
2051 4867 2276 4934 explica-

743 4962 938 5014 tionem
959 4957 1243 5025 aenigmatis
1265 4958 1549 5017 edisceret;
1579 4969 1696 5008 cum
1720 4954 1985 5008 didicisset
2012 4954 2118 5016 illa,
2151 4954 2276 5021 ipsis

745 5046 1067 5102 annuntiavit
1097 5060 1110 5098 :
1139 5053 1333 5098 etcum
1386 5045 1526 5095 illam
1575 5043 1969 5110 explicationem
1999 5042 2270 5104 dixissent,

744 5143 956 5209 pignora
985 5144 1316 5203 acceperunt.
1363 5133 1661 5200 Indignatus
1701 5140 1780 5183 est
1813 5131 2085 5197 Sampson.
2131 5131 2282 5182 Pater

742 5240 914 5282 autem
968 5240 1174 5295 Sponsae
1223 5233 1497 5283 metuens,
1549 5224 1686 5275 illam
1739 5221 1974 5290 pronubo
2032 5237 2125 5273 suo
2191 5220 2284 5274 de-

742 5320 879 5372 dit‘:
908 5317 959 5369 id
988 5315 1124 5384 quod
1153 5314 1316 5382 magis
1341 5312 1678 5379 Sampsonem
1706 5312 2050 5376 contristavit,
2069 5321 2120 5364 et
2139 5326 2283 5363 arre-

801 5434 815 5462 ¹
853 5428 1394 5498 Septua_ginta,‘§vi1&iv
1416 5428 1558 5498 qang
1572 5425 1924 5498 Sbrob._Alius,
1951 5426 2085 5498 cujus
2105 5437 2280 5498 nomen

740 5486 937 5538 tacetur
954 5487 1004 5536 in
1031 5487 1264 5546 Hexaplis
1289 5486 1462 5534 nostris
1481 5489 1490 5532 l
1506 5488 1550 5542 5,
1571 5488 1617 5543 2,
1641 5489 1702 5533 ἑνὶ
1713 5490 1805 5533 τῶν
1825 5487 2102 5546 συνεταίρων
2120 5486 2280 5532 αὐτοῦ.

741 5552 986 5599 Incertum
1018 5562 1074 5595 an
1105 5548 1469 5604 Chrysostnmus
1501 5549 1547 5593 in
1584 5549 1850 5606 exemplari
1874 5559 1962 5593 suo
1984 5546 2284 5605 νυμφαγωγὸν

741 5609 984 5669 habuerit,
1030 5622 1092 5656 ex
1131 5609 1291 5669 aliquo
1335 5612 1604 5665 interprete
1643 5609 1974 5669 desumptum,
2016 5620 2131 5653 num
2169 5617 2284 5653 vero

1432 309 1490 356 Β.
1526 299 1797 356 JOANNIS
1833 297 2292 355 CHRYSOSTOMI
2332 297 2638 353 ARCHIEP.
2677 298 3198 357 CONSTANTINOP.

3820 329 3932 384 340

2387 409 2489 474 ptis
2515 409 2756 478 vulpibus
2783 412 3048 478 trecentis,
3075 413 3500 483 lampadibusque
3520 427 3546 466 a
3571 423 3718 484 tergo
3747 430 3931 470 eorum

2385 499 2637 563 accensis,
2656 501 2829 554 emisit
2855 502 2904 554 in
2935 517 3148 569 campos
3193 503 3598 570 alienigenarum
3624 520 3637 553 :
3668 517 3724 556 ut
3756 513 3930 557 autem

2385 599 2702 656 campestres
2741 606 2921 644 eorum
2959 607 3157 645 messes
3196 592 3442 655 incendit,
3480 593 3551 645 illi
3598 607 3807 660 sponsae
3839 592 3934 646 do-

2385 693 2527 731 mum
2571 695 2686 733 cum
2727 682 2834 748 ipsa
2860 696 3048 749 sponsa
3079 691 3130 736 et
3157 692 3302 750 patre
3350 683 3461 750 ejus
3504 685 3926 737 combusserunt.

2384 769 2563 837 Neque
2592 770 2691 823 hoc
2735 771 2870 825 facto
2899 772 3096 825 sedavit
3135 773 3264 825 iram
3293 772 3571 839 Sampson,
3619 774 3710 827 sed
3757 774 3930 828 adhuc

2384 862 2711 930 Oppugnabat
2758 877 2866 915 eos.
2915 863 2990 915 Illi
3018 879 3141 917 vero
3190 865 3436 917 instructa
3466 875 3646 919 contra
3677 866 3926 920 Israelem

2384 955 2514 1016 acie,
2537 952 2878 1019 Sampsonem
2908 954 3165 1020 petebant;
3197 954 3336 1008 illum
3361 969 3487 1009 vero
3505 956 3729 1010 vinctum
3764 957 3926 1012 hosti-

2384 1041 2478 1094 bus
2508 1041 2829 1094 tradiderunt
2856 1042 3117 1096 Israelitaa.
3177 1043 3373 1098 Fractis
3400 1045 3485 1098 ille
3515 1048 3766 1109 .vineulis,
3796 1062 3914 1101 cum

2383 1123 2672 1177 invenisset
2697 1125 2960 1177 maxillam
2990 1125 3142 1187 asini,
3172 1127 3309 1180 mille
3344 1142 3460 1180 cum
3489 1128 3573 1181 illa
3607 1133 3750 1184 viros
3775 1133 3922 1185 occi-

2382 1211 2475 1264 dit.
2498 1211 2730 1280 Cumque
2756 1215 2842 1266 siti
2877 1213 3213 1283 afﬁigeretur,
3249 1225 3489 1283 precatus
3517 1227 3596 1271 est
3639 1220 3828 1285 Deum,
3867 1231 3923 1275 et

2382 1299 2539 1352 exivit
2561 1314 2691 1367 aqua
2721 1315 2785 1353 ex
2813 1303 3099 1364 maxilla,et
3140 1303 3286 1356 bibit.
3331 1304 3450 1358 Inde
3489 1309 3627 1360 venit
3651 1308 3716 1361 ad
3745 1325 3919 1364 ruere-

2382 1388 2560 1441 tricem
2588 1390 2857 1443 mulierem
2888 1391 2937 1442 in
2957 1389 3170 1454 Gazam,
3195 1391 3466 1462 ipsumque
3491 1395 3665 1449 hostes
3689 1397 3919 1452 circum-

2380 1477 2632 1531 dederunt
2667 1495 2678 1530 :
2708 1478 2794 1532 ille
2817 1493 2941 1532 vero
2964 1479 3130 1532 media
3151 1489 3302 1535 nocte
3321 1481 3536 1536 eductas
3561 1483 3704 1538 urbis
3742 1497 3921 1554 portas

2379 1567 2652 1634 imponens
2700 1566 2928 1621 humeris
2955 1569 3087 1632 suis,
3118 1569 3265 1623 abiit.
3324 1571 3600 1625 Adamavit
3650 1583 3768 1641 post
3808 1577 3920 1630 haec

2378 1657 2647 1709 mulierem
2674 1656 2947 1724 quamdam
2990 1657 3208 1712 Samson
3241 1659 3465 1713 Dalidam
3497 1663 3708 1716 nomine
3749 1664 3842 1731 (a),
3865 1676 3920 1718 et

2377 1746 2577 1812 accepit
2617 1759 2729 1797 eam
2759 1745 2809 1798 in
2839 1761 3074 1799 uxorem.
3121 1747 3251 1801 Huic
3297 1750 3651 1814 promiserunt
3692 1760 3918 1820 satrapa:

2377 1833 2782 1902 alienigenarum
2818 1834 2959 1888 mille
2985 1843 3038 1887 et
3064 1842 3271 1888 centum
3296 1847 3571 1905 argenteos
3590 1879 3604 1904 ,
3637 1839 3680 1891 si
3709 1839 3777 1892 ab
3802 1841 3918 1908 ipso

2377 1924 2652 1987 edisceret,
2684 1938 2786 1991 quo
2831 1933 2983 1992 pacto
3025 1934 3318 1993 expugnati:
3363 1925 3528 1980 facilis
3584 1927 3738 1983 foret.
3783 1928 3916 1983 Cum

2375 2022 2547 2068 autem
2571 2013 2655 2066 illa
2686 2012 2736 2066 id
2765 2013 3000 2068 ediscere
3027 2022 3322 2078 conaretur,
3348 2016 3514 2082 primo
3538 2017 3744 2084 quidem
3776 2019 3914 2071 illam

2374 2101 2666 2170 decipiebat
2695 2117 2707 2152 :
2734 2101 2962 2162 demum,
2989 2115 3106 2154 cum
3159 2102 3454 2168 importune
3499 2103 3582 2155 illa
3629 2104 3913 2169 insisteret,

2375 2192 2645 2246 veritatem
2675 2190 2771 2259 ipsi
2800 2190 3107 2255 enuntiavit,
3140 2206 3325 2260 nempe
3351 2207 3407 2244 se
3431 2231 3446 2254 ,
3475 2192 3523 2245 si
3556 2193 3671 2260 quis
3698 2194 3794 2247 sibi
3821 2210 3914 2247 ca-

2375 2283 2527 2351 pillos
2546 2282 2792 2344 auferret,
2819 2280 3078 2334 inﬁrmum
3108 2294 3402 2334 evasurum.
3437 2279 3525 2332 Illa
3556 2281 3787 2334 evocatis
3825 2297 3914 2332 sa-

2378 2373 2556 2440 trapis,
2584 2387 2699 2426 cum
2726 2372 2869 2424 illum
2896 2371 2961 2424 ad
2993 2385 3234 2424 somnum
3279 2370 3544 2423 inductum
3582 2369 3785 2424 tonderi
3826 2384 3916 2423 cu-

2374 2472 2575 2528 rasset,
2631 2462 2890 2516 infirmum
2955 2460 3198 2516 reddidit.
3263 2459 3435 2528 Ipsum
3499 2473 3626 2513 vero
3700 2470 3911 2527 captum

2373 2554 2682 2622 alienigenas
2729 2560 3086 2613 excaecarunt,
3114 2560 3167 2603 et
3194 2550 3482 2617 injeeerunt
3522 2548 3573 2601 in
3624 2562 3910 2602 carcerem.

2375 2642 2454 2697 Illi
2478 2657 2598 2696 vero
2626 2640 2958 2704 laetabantur,
2981 2647 3036 2693 et
3062 2638 3349 2693 eduxerunt
3368 2651 3488 2690 eum
3506 2649 3572 2690 ex
3597 2649 3830 2698 carcere,
3860 2646 3915 2690 ut

2375 2734 2474 2802 ipsi
2500 2731 2795 2786 illuderent.
2824 2731 3076 2797 Sampson
3108 2741 3281 2781 autem
3309 2726 3496 2781 acerbe
3531 2715 3908 2795 ingemiscens,

2374 2838 2493 2877 cum
2522 2821 2797 2876 Dominum
2822 2828 3056 2888 rogasset
3076 2827 3131 2870 ut
3157 2816 3254 2870 sibi
3279 2815 3413 2869 vires
3436 2814 3639 2869 inderet
3655 2856 3669 2878 ,
3689 2816 3913 2882 arreptis

2374 2913 2631 2968 columnis
2658 2910 2846 2964 domus
2873 2910 3038 2976 iisque
3061 2909 3350 2968 concussis,
3373 2904 3583 2959 domum
3607 2904 3838 2959 decussit
3861 2905 3909 2958 in

2374 3013 2644 3070 satrapas,
2676 3002 2729 3054 in
2753 3001 2979 3067 seipsum
3005 3006 3058 3050 et
3096 2997 3147 3048 in
3173 2995 3330 3048 alium
3365 2994 3607 3062 populum
3652 2994 3906 3058 multum,

2374 3093 2655 3163 pluresque
2677 3099 2798 3143 tunc
2819 3088 3008 3141 mortui
3033 3093 3154 3139 sunt
3177 3098 3330 3153 quam
3352 3083 3466 3152 ipse
3490 3082 3671 3136 vivens
3699 3083 3911 3136 occide-

2376 3191 2475 3237 rat.
2502 3180 2700 3235 Deinde
2741 3178 2933 3232 bellum
2975 3183 3183 3228 movent
3219 3173 3305 3242 qui
3336 3187 3400 3226 ex
3431 3172 3565 3225 tribu
3603 3172 3712 3224 Dan
3739 3181 3907 3233 erant,

2375 3273 2682 3338 Laisamque
2701 3266 2940 3335 capiunt,
2956 3263 3122 3333 etipsi
3140 3279 3326 3318 nomen
3346 3263 3642 3317 indiderunt
3668 3279 3681 3316 :
3712 3270 3913 3315 statue--

2375 3371 2598 3429 runtque
2625 3359 2694 3412 ibi
2719 3355 2956 3424 sculptile
2982 3353 3276 3408 colendum.
3307 3351 3398 3405 Vir
3426 3349 3624 3413 Levita,
3643 3364 3761 3402 cum
3787 3363 3913 3404 con-

2376 3451 2565 3505 cubina
2601 3449 2714 3517 ejus
2744 3447 2874 3500 irata
2899 3443 3242 3498 abscessisset
3285 3442 3336 3494 in
3367 3439 3576 3494 domum
3602 3438 3769 3506 patris
3797 3438 3911 3500 sui,

2376 3539 2639 3611 profectus
2667 3542 2826 3591 estut
2851 3534 2992 3587 illam
3021 3545 3198 3586 secum
3221 3528 3526 3590 reduceret;
3557 3541 3672 3580 cum
3700 3533 3914 3592 accepta

2376 3631 2461 3685 illa
2489 3628 2713 3690 rediret,
2740 3625 2938 3692 iterque
2959 3627 3163 3690 ageret,
3195 3617 3405 3673 divertit
3430 3617 3480 3669 in
3521 3615 3695 3670 Gabaa
3724 3614 3913 3681 Benja-

2377 3720 2504 3783 min,
2523 3716 2660 3786 apud
2681 3728 2860 3769 senem
2887 3710 3184 3781 quemdam.
3205 3708 3304 3774 Qui
3323 3710 3378 3760 in
3403 3705 3577 3760 Gabaa
3621 3711 3773 3757 erant
3815 3703 3918 3756 cir-

2377 3808 2681 3862 cumdantes
2713 3804 2960 3862 domum,
2990 3799 3234 3868 petebant
3257 3795 3538 3863 hospitem,
3572 3801 3628 3844 ut
3652 3800 3920 3845 contume-

2378 3898 2499 3951 liam
2529 3896 2622 3964 ipsi
2654 3892 2924 3947 inferrent.
2968 3889 3138 3943 Senex
3166 3896 3380 3956 paratus
3416 3892 3532 3938 erat
3557 3883 3681 3950 ipsis
3711 3880 3918 3934 tradere

2378 3988 2535 4042 ﬁliam
2568 3999 2715 4039 suam
2747 3983 3023 4050 virginem.
3055 3979 3133 4033 Illi
3157 3985 3374 4046 accepta
3399 3974 3706 4037 concubina,
3743 3973 3921 4026 illuse—

2377 4085 2499 4132 runt
2524 4075 2570 4128 ei
2588 4089 2680 4142 per
2708 4082 2866 4127 totam
2887 4079 3113 4124 noctem.
3137 4069 3424 4136 Appeteute
3439 4067 3573 4130 luce,
3592 4064 3676 4117 illa
3705 4063 3917 4116 dimissa

2377 4167 2633 4221 abierunt.
2689 4163 2778 4216 Illa
2804 4175 2933 4214 vero
2956 4173 3016 4212 ex
3050 4156 3256 4211 inducta
3297 4155 3394 4208 sibi
3425 4153 3679 4216 molestia,
3714 4168 3832 4207 cum
3855 4151 3920 4205 ad

2378 4256 2611 4316 domum,
2635 4267 2738 4318 quo
2757 4251 3039 4303 diverterat
3057 4247 3136 4299 vir
3163 4246 3296 4313 ejus,
3314 4244 3654 4313 pervenisset,
3681 4242 3920 4309 exspira-

2379 4346 2470 4396 vit.
2501 4344 2590 4395 Ille
2623 4352 2864 4406 egressus
2886 4375 2901 4398 ,
2928 4323 3045 4387 cum
3089 4343 3346 4387 mortuam
3371 4332 3675 4395 invenisset,
3698 4329 3923 4383 cadaver

2382 4435 2432 4487 in
2462 4431 2735 4486 duodecim
2769 4437 2940 4496 partes
2964 4427 3156 4489 divisit,
3188 4424 3427 4490 misitque
3457 4421 3734 4475 duodecim
3760 4421 3925 4473 tribuo

2381 4525 2494 4578 bus.
2528 4523 2738 4574 Factum
2770 4518 2980 4584 indigne
3005 4515 3233 4568 tulerunt
3261 4511 3527 4575 Israelitaa,
3551 4519 3603 4564 et
3621 4510 3808 4563 armati
3837 4523 3923 4576 pe-

2383 4614 2558 4667 tebant
2583 4625 2673 4664 eos
2699 4609 2785 4677 qui
2817 4607 3020 4660 mulieri
3056 4603 3422 4658 contumeliam
3455 4601 3704 4654 fecerant.
3737 4600 3805 4655 Ut
3829 4615 3924 4652 an-

2385 4714 2485 4758 tem
2547 4699 2850 4768 Benjainitze
2913 4697 3026 4748 illos
3074 4693 3279 4746 tradere
3343 4699 3668 4752 renuerunt,
3729 4689 3923 4743 bellum

2383 4799 2672 4845 moverunt.
2708 4788 2770 4840 Et
2797 4786 2962 4853 primo
2992 4783 3113 4836 victi
3138 4789 3287 4844 sunt,
3313 4779 3542 4833 secundo
3568 4778 3811 4831 similiter
3837 4795 3849 4828 :
3876 4778 3924 4828 in

2385 4883 2536 4936 tertio
2564 4889 2736 4932 autem
2762 4887 3042 4942 congressu
3070 4879 3230 4925 totam
3271 4869 3462 4922 tribum
3489 4868 3762 4934 Benjamin
3809 4881 3925 4934 per-

2385 4976 2678 5030 eusserunt,
2727 4973 2916 5032 prmter
2968 4968 3278 5021 sexcentos,
3307 4958 3393 5026 qui
3421 4955 3755 5024 aufugerant.
3800 4954 3925 5008 Cum

2386 5072 2558 5116 autem
2585 5055 2869 5127 periculum
2906 5059 3046 5106 esset
3075 5064 3140 5102 ne
3177 5057 3281 5103 tota
3304 5047 3467 5100 tribus
3505 5046 3704 5113 periret
3734 5044 3927 5110 (neque

2388 5175 2492 5231 ipse
2518 5180 2604 5228 pro
2629 5164 2910 5231 συνεταίρῳ,
2944 5157 3136 5231 scilicet
3167 5168 3228 5201 ex
3271 5164 3470 5222 numero
3502 5152 3699 5231 triginta
3723 5153 3934 5223 illorum,

2479 5214 3028 5292 sponsalibusiuterfuwt'
3038 5223 3160 5292 [alii2
3173 5214 3872 5292 ςΑξμῖᾳχωδρμνᾼξι-ρρθιιεινςτίι.

2447 5273 2596 5353 (uirili
2619 5273 2757 5336 tem
2786 5291 2941 5353 ετωφο
2977 5279 3242 5353 ςρίδιῑοίεωὲ
3259 5273 3623 5353 __‘.°§‘.EE‘_‘.‘:

2387 5331 2780 5408 ααέῑλίνςῑῑίέοξιιμν
2804 5350 2964 5396 mea
3166 5338 3381 5408 anim
3400 5331 3623 5408 vastata
3637 5331 3698 5408 si
3711 5331 3932 5408 esse

2387 5391 2836 5473 iiiE'EéiiiEtiiidéleIi
2859 5391 3052 5473 apponi:
3072 5391 3247 5473 Verulm
3263 5406 3449 5473 saipsop

2388 5451 2750 5522 inab-Summ.
2773 5451 2961 5524 quae-iu
2999 5459 3244 5524 Alsorech,
3271 5457 3365 5524 vel,
3387 5463 3438 5524 ut
3461 5451 3664 5524 Vulgata
3701 5452 3863 5518 habet,
3891 5451 3933 5496 iu

2389 5515 2514 5582 ?Jiiii
2535 5515 2707 5578 sorech
2733 5515 2996 5580 habitabat;
3025 5519 3248 5580 nullaque
3282 5517 3357 5563 hic
3389 5515 3672 5561 obserxatur
3699 5515 3934 5558 nominum

2391 5594 2601 5642 aﬂitiitzts.
