4152 6324
273 377 385 432 339

267 498 388 535 τινα
422 482 658 549 γυναῖκα
699 480 840 550 Ἰαὴλ
869 478 1181 548 λεγομένην,
1211 478 1326 548 ᾔτει
1360 477 1576 544 πιεῖψὴ
1605 474 1660 526 δὲ
1693 472 1832 540 γάλα

271 565 467 617 ἔδωκεν
519 564 668 632 αὐτῷ
711 565 829 616 ἀντὶ
867 563 1072 624 ὓδατος.
1114 562 1199 623 Ὠς
1253 561 1308 611 δέ
1356 557 1618 627 ἐκοιμήθη
1671 553 1828 617 πιὼν,

268 647 544 702 πάσσαλον
569 646 802 698 λαϐοῦσα
826 649 859 714 ή
885 645 1038 715 γυνὴ,
1063 644 1306 712 διήλασεν
1333 641 1418 694 διὰ
1438 641 1530 692 τοῦ
1560 638 1830 706 κροτάφου

267 728 456 783 αὐτοῦ.
495 730 606 780 Καὶ
633 727 803 789 οὕτως
833 727 1068 779 ἀπέθανε
1107 727 1327 794 Σισάρα·
1354 725 1448 776 καὶ
1472 721 1708 774 ἐπελθὼν
1737 721 1834 770 Βα-

272 811 381 880 ράκ
409 807 544 862 εἶδεν
573 811 732 863 αὐτὸν
763 809 1078 877 τεθνηκότα.
1111 808 1241 859 Τότε
1281 806 1408 880 ᾖσεν
1437 805 1576 876 ᾠδὴν
1613 803 1832 872 Δεϐώρα

269 893 559 943 ἐπινίκιον.
594 891 760 943 Πάλιν
795 890 1171 957 παραδίδονται
1205 890 1282 950 είς
1312 890 1498 957 χεῖρας
1526 886 1752 954 Μαδιάμ
1783 885 1830 936 οί

281 974 632 1044 Ἰσραηλῖται·
691 973 926 1042 συνεχῶς
974 971 1081 1040 γάρ
1139 969 1484 1040 παρώργιζον
1534 969 1623 1020 τὸν
1679 967 1827 1020 Θεόν.

269 1056 408 1108 Τότε
438 1057 514 1125 τῷ
548 1054 747 1107 Γεδεὼν
771 1054 923 1123 ὤφθη
953 1051 1197 1120 ἄγγελος,
1226 1053 1318 1104 καὶ
1344 1049 1710 1120 παρώρμησεν
1754 1050 1832 1110 εἰς

269 1136 526 1205 πόλεμον.
562 1133 693 1188 Εἶτα
717 1138 742 1188 6
767 1135 966 1204 Κύριος
995 1133 1202 1185 κελεύει
1231 1132 1387 1185 αὑτὸν
1420 1130 1576 1184 θῦσαι
1611 1130 1700 1182 τὸν
1738 1131 1831 1198 μό·-

270 1235 402 1287 σχον
431 1218 520 1270 τὸν
553 1218 790 1270 σιτευτὸν
818 1217 908 1269 τοῦ
939 1216 1137 1283 πατρὸς
1173 1213 1358 1277 αὑτοῦ,
1397 1214 1489 1265 καὶ
1527 1213 1831 1279 ἀνενεγκεῖν

267 1300 648 1368 δλοκαύτωμα,
696 1300 789 1351 καὶ
832 1300 892 1350 τὸ
930 1297 1306 1367 θυσιαστήριον
1348 1295 1689 1362 κατασκάψαι
1737 1293 1830 1344 τοῦ

269 1381 440 1434 Βάαλ.
480 1381 759 1450 Ἐποίησεν
799 1379 989 1441 οὕτως,
1024 1379 1116 1432 καὶ
1151 1380 1444 1447 ἀνήνεγκεν
1485 1376 1833 1444 όλοκαύτωμα

266 1463 350 1532 τῷ
383 1463 519 1533 Θεῷ.
546 1465 656 1516 Kal
682 1465 820 1516 αίτεῖ
844 1465 1063 1532 σημεῖον
1091 1463 1118 1513 6
1144 1460 1348 1513 Γεδεὼν
1380 1461 1408 1511 6
1435 1461 1526 1512 καὶ
1560 1459 1832 1528 Ἱεροϐαάλ

267 1544 333 1596 τὸ
377 1546 470 1597 ἐπὶ
514 1545 606 1597 τοῦ
650 1545 816 1596 πόκου
861 1544 1167 1612 γενόμενον.
1216 1543 1325 1594 Καὶ
1370 1542 1644 1594 κελεύεται
1689 1541 1832 1593 ἀπαν

269 1626 593 1695 ἀποπέμψαι
646 1626 705 1678 τὸ
753 1625 1126 1694 στρατόπεδον,
1168 1623 1513 1694 τριακοσίους
1561 1623 1617 1674 δὲ
1675 1624 1831 1692 μόνον

267 1711 584 1777 κατασχεῖν.
616 1709 722 1760 Καὶ
751 1708 1001 1777 ἐποίησεν
1033 1706 1195 1766 οὕτω,
1239 1707 1331 1759 καὶ
1368 1705 1655 1774 συμϐαλὼν
1697 1705 1832 1773 μετά

269 1791 566 1860 λαμπάδων
596 1791 688 1844 καὶ
715 1791 1043 1858 σαλπίγγων,
1072 1785 1181 1842 εἷλε
1206 1789 1330 1851 τοὺς
1353 1787 1660 1856 πολεμίους.
1698 1787 1830 1840 Τότε

269 1875 620 1945 ἀνῃρήθησαν
657 1873 818 1944 Ὠρὴϐ
849 1873 943 1925 καὶ
971 1871 1080 1941 Ζὴϐ
1110 1872 1159 1923 οί
1186 1871 1440 1941 ἄρχοντες
1470 1870 1713 1938 Μαδιάμ.
1739 1870 1832 1921 καὶ

268 1955 433 2011 Ζεϐεέ
477 1957 571 2008 καὶ
614 1955 865 2026 Σαλμανά
905 1955 954 2006 οἱ
985 1953 1238 2022 βασιλεῖς.
1283 1952 1589 2006 Ἀποθανὼν
1627 1952 1830 2006 Γεδεὼν

267 2037 559 2091 κατέλιπεν
610 2039 757 2100 υἱοὺς
787 2036 1169 2106 ἐϐδομήκοντα,
1225 2035 1316 2086 καὶ
1355 2035 1462 2087 ἀπὸ
1509 2034 1831 2098 παλλακίδος

266 2120 366 2172 ἕνα
397 2119 490 2172 τὸν
518 2118 822 2188 Ἀϐιμέλεκ.
866 2113 1031 2179 Οῦτος
1059 2117 1182 2179 τοὺς
1215 2116 1578 2186 ἐϐδομήκοντα
1607 2116 1828 2184 ἀνελὼν,

268 2201 539 2270 ἐκράτησε
597 2203 694 2270 τὴν
746 2200 1033 2269 βασιλείαν
1081 2200 1174 2252 καὶ
1232 2199 1348 2266 μετ’
1392 2198 1452 2252 ού
1502 2199 1635 2251 πολὺ
1679 2198 1831 2267 δίκην

266 2281 438 2334 ἔδωκε
477 2282 575 2350 τῆς
605 2282 1032 2348 ἀδελφοκτονίας.
1056 2278 1372 2350 Προσελθὼν
1399 2281 1504 2351 γὰρ
1533 2280 1589 2332 ἐν
1614 2281 1831 2351 πολέμῳ

265 2364 375 2415 τινὶ
406 2363 576 2424 πόλει,
605 2364 874 2432 κλάσματι
901 2361 1064 2431 μύλου
1090 2361 1320 2430 ἐθλάσθη
1345 2361 1441 2430 τὴν
1468 2362 1705 2431 κεφαλὴν
1727 2364 1830 2417 ὑπὸ

266 2445 544 2511 γυναικὸς,
588 2446 680 2496 καὶ
718 2444 970 2496 ἀπέθανε.
1017 2443 1168 2496 Μετά
1197 2443 1289 2495 τὸν
1325 2443 1607 2512 Ἀϐιμέλεκ
1650 2445 1830 2515 ἔκρινε

267 2527 446 2591 Θωλά,
480 2528 617 2596 μετά
657 2528 747 2580 τὸν
784 2526 938 2579 Θωλά
971 2527 1152 2595 Ἰαείρ.
1200 2526 1309 2578 Καὶ
1346 2526 1696 2596 παρώργισαν
1740 2528 1829 2580 τὸν

267 2610 398 2662 Θεὸν
428 2611 534 2664 υἱοὶ
573 2610 806 2679 Ἰσραὴλ,
841 2610 933 2662 καὶ
964 2608 1336 2677 παρεδόθησαν
1364 2611 1443 2671 είς
1469 2612 1653 2679 χεῖρας
1695 2611 1828 2680 Ἀμ-

269 2690 406 2759 μών.
435 2693 569 2744 Τότε
609 2692 698 2743 τὸν
738 2691 963 2758 Ἰεφθάε,
1005 2690 1117 2741 υἱὸν
1154 2690 1279 2742 ὄντα
1321 2691 1574 2757 γυναικὸς
1606 2693 1825 2760 πόρνης,

268 2773 358 2825 καὶ
405 2774 511 2825 ὑπὸ
553 2772 659 2824 τῶν
704 2771 942 2840 ἀδελφῶν
980 2771 1311 2824 ἀπελαθέντα
1350 2773 1447 2842 τῆς
1480 2773 1728 2842 πατέρων
1753 2776 1828 2826 οί-

268 2855 411 2917 κίας,
439 2855 488 2907 οἱ
520 2856 774 2923 ἄρχοντες
810 2852 903 2906 τοῦ
939 2853 1064 2906 λαοῦ
1098 2853 1304 2918 ἀξιοῦσι
1333 2855 1701 2924 στρατηγῆσαι
1734 2856 1826 2909 τοῦ

267 2936 503 3004 πολέμου
527 2936 618 2988 τοῦ
645 2936 778 3005 πρὸς
799 2937 921 2996 τοὺς
946 2935 1091 2998 υἱοὺς
1114 2935 1357 3005 Ἀμμὼν,
1381 2937 1472 2989 καὶ
1492 2937 1720 2990 διδόασιν
1741 2940 1830 2991 αὐ-

264 3017 342 3086 τῷ
365 3018 466 3087 τὴν
491 3019 684 3088 ἀρχήν.
720 3017 779 3070 '0
817 3018 872 3071 δὲ
914 3017 1169 3081 πεισθεὶς,
1203 3018 1293 3070 καὶ
1321 3019 1531 3088 πρῶτον
1562 3020 1826 3089 πρεσϐευ-

265 3101 502 3171 σάμενος
561 3101 695 3170 πρὸς
755 3101 845 3152 τὸν
899 3101 1119 3170 βασιλέα
1169 3101 1300 3154 υίῶν
1353 3102 1596 3172 ’Λμμὼν,
1628 3103 1702 3166 ὼς
1729 3103 1827 3155 οὐκ

262 3182 501 3246 ἔπειθεν,
529 3182 822 3250 εὐξάμενος
851 3182 928 3250 τῷ
955 3181 1070 3250 Θεῷ
1100 3181 1280 3235 θύσειν
1309 3182 1397 3236 τὸν
1425 3184 1637 3252 πρῶτον
1664 3184 1827 3236 ἀπαν-

259 3266 506 3334 τήσαντα
542 3263 709 3333 αὐτῷ,
749 3265 795 3316 εί
841 3264 1118 3317 ἐπανέλθοι
1157 3265 1220 3316 ἐκ
1265 3265 1358 3318 τοῦ
1401 3265 1658 3332 πολέμου,
1689 3283 1827 3334 συμ-

260 3345 442 3399 ϐαλὼν
486 3348 597 3408 τοῖς
638 3346 850 3416 ἐχθροῖς
883 3348 976 3398 καὶ
1011 3349 1252 3416 νικήσας,
1283 3345 1399 3400 θύει
1433 3347 1528 3418 τὴν
1556 3349 1827 3420 θυγατέρα

259 3427 451 3481 αὐτοῦ’
485 3426 672 3497 πρώτη
693 3427 801 3496 γὰρ
820 3427 966 3496 αύτῴ
986 3429 1294 3497 ἀπήντησεν
1315 3428 1472 3499 αῦτη.
1502 3432 1667 3485 Πάλιν
1689 3449 1826 3501 παρ-

257 3511 507 3581 ὠργισαν
544 3509 636 3561 τὸν
672 3509 802 3560 Θεὸν
848 3509 896 3560 οί
939 3509 1283 3580 Ἰσραηλῖται,
1326 3512 1419 3563 καὶ
1455 3515 1826 3585 παρεδόθησαν

259 3595 339 3655 είς
376 3595 569 3662 χεῖρας
604 3591 928 3658 ἀλλοφύλων.
957 3593 1086 3645 Τότε
1125 3593 1365 3647 τίκτεται
1392 3596 1420 3648 6
1447 3597 1700 3665 Σαμψὼν,
1734 3600 1827 3651 καὶ

261 3675 386 3728 ἰδὼν
415 3678 649 3742 γυναῖκα
679 3676 736 3727 ἐν
762 3675 1042 3744 Θαμναθᾶ,
1068 3676 1277 3748 ἠράσθη
1307 3678 1496 3746 αὐτῆς,
1523 3681 1616 3733 καὶ
1645 3681 1826 3737 λαϐεῖν

257 3755 494 3825 ἠθέλησε
529 3757 675 3824 νόμῳ
700 3757 897 3824 γάμου.
930 3759 990 3808 Οί
1015 3757 1070 3810 δὲ
1093 3761 1266 3826 γονεῖς
1290 3759 1350 3812 τὸ
1378 3760 1474 3828 μέν
1509 3761 1720 3830 πρῶτον
1744 3764 1824 3816 δι-

257 3837 498 3890 ἐκώλυον
527 3837 612 3888 διὰ
637 3837 695 3888 τὸ
722 3837 1009 3904 ἀλλόφυλον
1031 3837 1186 3891 εἶναι·
1208 3840 1283 3902 ὡς
1309 3840 1365 3892 δέ
1393 3837 1530 3895 εἶδον
1551 3844 1826 3913 ἐπικείμευ

257 3937 366 3980 νον,
393 3920 497 3970 οὐκ
525 3917 946 3987 ἠναντιώθησαν.
988 3921 1178 3973 Ἠνίκα
1204 3922 1258 3974 δὲ
1289 3923 1450 3991 ἀπῄει
1484 3925 1823 3995 διαλεχθῆναι

258 4001 387 4070 περὶ
414 3999 608 4067 αὐτῆς,
633 4001 957 4070 συνήντησεν
977 4001 1120 4070 αὐτῷ
1145 4001 1300 4067 λέων,
1325 4005 1417 4057 καὶ
1446 4007 1652 4058 ἀνεῖλεν
1674 4009 1824 4080 [5421

258 4083 422 4134 αὐτὸν
453 4084 572 4143 ταῖς
604 4085 786 4152 χερσὶν
811 4082 992 4156 αὐτοῦ.
1036 4083 1186 4136 Ἐπεὶ
1213 4083 1267 4136 δὲ
1294 4084 1399 4136 ἔδει
1426 4088 1673 4153 γενέσθαι
1700 4092 1824 4154 τοὺς

259 4164 494 4231 γάμους,
522 4163 680 4215 πάλιν
708 4164 902 4226 ἀπιὼν,
932 4166 1032 4235 ὁρᾷ
1064 4165 1250 4234 κηρίον
1282 4166 1492 4233 μέλιτος
1526 4171 1580 4220 ἐν
1600 4171 1676 4239 τῷ
1707 4174 1822 4224 στό-

260 4263 391 4314 ματι
425 4244 522 4300 τοῦ
551 4245 759 4310 λέοντος
789 4247 880 4300 τοῦ
911 4248 1250 4317 ἀνῃρημένου
1279 4249 1369 4300 ὑπ’
1391 4251 1575 4315 αὑτοῦ,
1613 4253 1704 4305 καὶ
1730 4255 1821 4307 λα-

258 4327 370 4380 ϐὼν
401 4328 593 4395 ἔφαγε,
627 4328 719 4380 καὶ
751 4328 915 4380 ἔδωκε
938 4331 1162 4391 καὶτοῖς
1190 4330 1400 4396 γονεῦσι
1427 4333 1520 4384 καὶ
1551 4337 1660 4396 τοῖς
1688 4353 1748 4387 συ
1758 4354 1821 4405 μ-

259 4411 507 4474 πολίταις
556 4409 740 4462 αὐτοῦ’
791 4412 882 4463 καὶ
941 4412 1245 4479 προέτεινεν
1302 4415 1481 4476 αὐτοῖς
1533 4419 1820 4488 πρόϐλημα

256 4492 454 4559 λέγων·
492 4492 586 4544 Ἐκ
614 4494 908 4560 στόματος
938 4494 1244 4559 ἐσθίοντος
1272 4495 1491 4563 ἐξῆλθε
1522 4499 1750 4566 βρῶσις
1769 4514 1816 4562 δ,

255 4575 553 4637 τουτέστιν,
621 4576 684 4627 ἐκ
736 4576 828 4627 τοῦ
873 4577 1137 4645 στόματος
1195 4577 1286 4629 τοῦ
1336 4577 1564 4643 λέοντος,
1619 4584 1712 4634 καὶ
1753 4586 1817 4635 ἐκ

255 4657 533 4720 σκληροῦ
555 4657 686 4710 ἀντὶ
713 4657 815 4709 τοῦ
845 4658 1055 4723 πικροῦ
1082 4659 1293 4725 γλυκύ.
1321 4660 1429 4712 Καὶ
1459 4662 1739 4730 ὑπέσχετο,
1771 4668 1817 4717 εί

256 4735 554 4799 ἐπιλύσειε,
617 4737 804 4789 δώσειν
847 4739 1026 4800 αὐτοῖς
1082 4740 1371 4808 τριάκοντα
1429 4742 1684 4806 σινδόνας,
1729 4748 1818 4798 καὶ

254 4819 551 4887 τριάκοντα
577 4819 783 4882 στολάς·
812 4822 859 4872 εί
885 4821 937 4873 δὲ
967 4822 1040 4890 μὴ
1066 4822 1358 4890 δυνηθεῖεν,
1387 4825 1707 4895 ἀπαιτήσειν
1728 4830 1818 4881 αύ-

254 4904 384 4963 τοῦς
427 4900 680 4954 τοσαῦτα.
724 4903 808 4966 Ὠς
846 4904 904 4955 δὲ
945 4905 1252 4973 διηπόρουν,
1289 4907 1382 4958 καὶ
1408 4907 1504 4976 οὐχ
1546 4909 1813 4977 εῦρισκον,

255 4983 561 5052 ἠπείλησαν
600 4985 665 5051 τῇ
703 4985 917 5049 γυναικὶ
955 4986 1116 5037 αὑτοῦ
1160 4986 1402 5049 θάνατον,
1444 4992 1491 5042 εἰ
1529 4992 1602 5058 μὴ
1658 4993 1816 5060 μάθοι

256 5065 389 5134 παρ’
423 5064 583 5119 αὑτοῦ
625 5065 684 5117 τὸ
711 5067 953 5135 αἴνιγμα·
1005 5070 1038 5137 ή
1082 5067 1138 5119 δὲ
1183 5067 1446 5137 μαθοῦσα,
1486 5072 1816 5139 ἀπήγγειλεν

321 5270 336 5293 ⁸
373 5270 497 5319 Aliis
513 5271 642 5332 jacet
683 5270 841 5319 verbis
862 5273 1063 5332 aenigma
1089 5272 1134 5320 in
1161 5275 1376 5322 editione
1397 5276 1491 5321 τῶν
1516 5276 1597 5323 0'.
1623 5275 1812 5325 Deinde

267 5334 340 5380 ιαὶ
365 5333 419 5380 ἐκ
431 5331 667 5394 σκληροῦ,
692 5335 738 5379 in
762 5331 978 5394 ediiipné
1015 5335 1110 5378 τῶν
1134 5334 1198 5382 Ο’
1238 5344 1288 5384 et
1312 5338 1368 5386 in.
1406 5336 1742 5384 'l‘heodolione
1768 5339 1813 5388 ἐξ

262 5391 458 5456 ἐσχυροῦ
480 5397 533 5439 et
549 5391 640 5439 ἀπὸ
665 5393 856 5454 ἰσχυροῦ
881 5393 1151 5454 Iegilur,ea¢
1175 5394 1370 5454 [orliJn
1394 5395 1629 5445 chraico
1651 5405 1812 5445 autem

260 5466 442 5523 legitur
472 5464 579 5515 Ti:
607 5496 619 5517 ,
652 5465 780 5524 quod
819 5462 948 5511 idem
996 5463 1250 5523 signiﬁcat.
1299 5467 1614 5524 Symmachus
1651 5475 1812 5516 tamen

260 5531 403 5580 Isaiae
428 5532 561 5589 19,4.
595 5535 674 5587 ἲν.
714 5533 915 5593 σκληρός
931 5531 1188 5593 convenit,
1216 5535 1432 5582 utetiam
1454 5547 1514 5581 eo
1536 5537 1643 5584 loco
1665 5539 1807 5587 LXX:

257 5592 577 5654 quamobrem
609 5592 983 5653 suspicor’hanc
1004 5592 1283 5654 rieclionem
1308 5608 1418 5641 esse
1443 5595 1736 5654 Symmachi,
1761 5607 1814 5648 et

260 5654 309 5700 in
335 5652 603 5700 editionem
623 5651 768 5702 τῶνΟ
783 5655 794 5673 ’
815 5666 921 5701 eam
947 5651 1256 5714 scilicel,qua
1278 5651 1622 5714 Chysostbmus
1643 5651 1812 5708 uteba-

260 5719 355 5771 tur,
381 5715 653 5775 irrepsisse.

1289 361 1617 420 SYNOPSIS
1655 354 2066 416 ΞΟΒΙΡΤΕΠΛΞ
2103 352 2371 409 SACIUE.

1938 467 2139 530 αὐτοῖς,
2178 468 2270 519 καὶ
2303 462 2545 525 είπὸντες
2580 458 2785 512 ἔλαϐον.
2826 455 3077 528 Ὠργίσθη
3106 455 3160 506 δέ
3183 455 3210 506 6
3234 453 3488 523 Σαμψών.

1946 551 2004 602 Ὀ
2032 549 2086 601 δέ
2113 547 2291 617 πατὴρ
2316 547 2414 614 τῆς
2443 544 2656 612 νύμφης
2683 540 2882 600 δείσας,
2914 539 3092 590 λαϐὼν
3127 537 3292 605 αὐτὴν
3327 536 3492 589 ἔδωκε

1933 631 2009 700 τῷ
2036 627 2384 699 νυμφαγωγῷ
2411 625 2592 679 αὑτοῦ·
2622 621 2774 674 τοῦτο
2801 621 2853 671 δέ
2882 619 3077 688 μᾶλλον
3106 619 3265 671 αὐτὸν
3294 617 3496 686 ἐλύπη-

1935 730 2046 775 σεν,
2083 712 2174 765 καὶ
2207 709 2386 763 λαϐὼν
2424 705 2765 778 τριακοσίους
2798 703 3102 764 ἀλώπεκας,
3143 703 3236 754 καὶ
3277 701 3496 769 λαμπά-

1933 796 2024 857 δας
2053 794 2274 847 ὄπισθεν
2303 792 2477 846 αὐτῶν
2511 789 2732 855 ἐξάψας,
2763 788 2969 856 ἀφῆκεν
2995 788 3072 846 είς
3102 783 3172 835 τά
3207 784 3362 836 πεδία
3388 782 3495 836 τῶν

1933 876 2261 944 ἀλλοφύλων·
2292 878 2366 936 ὼς
2399 873 2455 925 δὲ
2483 870 2797 939 ἐνεπύρισεν
2839 866 3015 919 αὐτῶν
3054 865 3121 916 τά
3155 865 3496 934 σταχυοφόρα

1933 959 2110 1022 πεδία,
2141 958 2442 1026 ἐνέπρησαν
2464 957 2654 1007 ἐκεῖνοι
2683 953 2776 1020 τὴν
2808 951 2981 1003 οἰκίαν
3005 951 3103 1018 τῆς
3131 949 3344 1017 νύμφης
3377 950 3494 1017 μετ’

1933 1041 2099 1110 αὐτῆς
2123 1041 2214 1093 καὶ
2246 1040 2340 1092 τοῦ
2372 1037 2574 1107 πατρὸς
2606 1036 2791 1102 αὐτῆς.
2824 1032 2954 1086 Οὖδέ
2985 1032 3172 1083 τούτου
3202 1033 3493 1100 γενομένου

1934 1122 2163 1191 ἐχάλασε
2198 1122 2295 1190 τὴν
2328 1120 2494 1190 ὀργὴν
2527 1120 2554 1171 6
2580 1115 2833 1186 Σαμψὼν,
2859 1115 2968 1166 ἀλλ’
3001 1114 3081 1166 ἐτι
3110 1113 3361 1182 ἐπολέμει
3393 1115 3493 1165 αύ-

1932 1205 2062 1264 τοῖς.
2117 1204 2178 1254 Οί
2226 1202 2282 1255 δὲ
2325 1201 2762 1270 παραταξάμενοι
2811 1197 2947 1248 κατά
2998 1194 3089 1247 τοῦ
3130 1196 3360 1263 Ἰσραὴλ,
3404 1197 3495 1248 τὸν

1933 1282 2164 1351 Σαμψὼν
2187 1283 2427 1352 ἐζήτουν·
2461 1282 2718 1350 δήσαντες
2748 1279 2908 1332 αὑτὸν
2932 1281 2979 1330 οἱ
3018 1277 3336 1347 Ἰσραηλῖται
3366 1295 3490 1347 παρ·

1933 1366 2138 1418 έδωκαν
2161 1368 2271 1427 τοῖς
2297 1364 2526 1434 ἐχθροῖς.
2578 1363 2634 1415 '0
2661 1363 2714 1413 δέ
2746 1361 2812 1412 τὰ
2842 1361 3014 1429 δεσμά
3049 1359 3362 1429 διαρρήξας,
3403 1363 3497 1414 καὶ

1932 1446 2105 1517 εὑρὼν
2135 1447 2356 1513 σιαγόνα
2385 1446 2526 1508 ὄνου,
2556 1445 2756 1514 χιλίους
2775 1443 3091 1495 ἀπέκτεινεν
3122 1444 3176 1494 ἐν
3204 1443 3359 1512 αὐτῇ.
3389 1443 3497 1495 Καὶ

1932 1527 2158 1595 διψήσας
2191 1527 2391 1596 ηὔξατο
2441 1527 2517 1594 τῷ
2563 1526 2699 1594 Θεῷ,
2737 1525 2828 1578 καὶ
2867 1524 3088 1593 ἐξῆλθεν
3129 1523 3270 1593 ὕδωρ
3306 1526 3368 1576 ἐκ
3398 1524 3497 1592 τῆς

1936 1611 2198 1677 σιαγόνος,
2224 1611 2315 1662 καὶ
2345 1611 2512 1662 ἔπιεν.
2538 1604 2738 1659 ἾΙλθεν
2768 1607 2974 1658 ἐκεῖθεν
3007 1609 3084 1669 εἰς
3113 1610 3342 1674 γυναῖκα
3367 1608 3498 1677 πόρ-

1933 1709 2028 1762 νην
2053 1695 2132 1753 είς
2156 1693 2350 1755 Γάζαν,
2390 1693 2481 1744 καὶ
2508 1690 2949 1760 περιεκύκ).ωσαν
2975 1689 3134 1742 αὑτὸν
3161 1691 3208 1741 οί
3237 1688 3439 1758 ἐχθροί’
3468 1690 3498 1742 6

1931 1774 1986 1827 δὲ
2015 1776 2149 1827 κατά
2173 1775 2232 1827 τὸ
2256 1775 2599 1844 μεσονύκτιον
2628 1771 2804 1824 λαϐὼν
2825 1771 2921 1833 τὰς
2950 1771 3120 1832 πύλας
3147 1772 3242 1839 τῆς
3270 1771 3492 1832 πόλεως.

1933 1858 2024 1908 καὶ
2053 1857 2163 1921 θεὶς
2190 1857 2411 1910 ἐπὶτῶν
2438 1856 2601 1925 ῶμων
2628 1854 2864 1924 ἐξῆλθεν.
2900 1854 3139 1923 Ἠράσθη
3167 1853 3300 1922 μετὰ
3323 1852 3496 1905 ταῦτα

1932 1943 2184 2006 γυναικός
2213 1958 2357 2003 τινος
2386 1943 2414 1992 6
2442 1939 2675 2009 Σαμψὼν
2711 1938 2930 2006 ὀνόματι
2958 1936 3202 2001 Δαλιδᾶς,
3245 1937 3337 1990 καὶ
3371 1938 3495 1989 ἐλα-

1933 2021 2024 2073 ϐεν
2054 2023 2223 2092 αὐτὴν
2256 2025 2334 2084 εἰς
2363 2027 2613 2090 γυναῖκα.
2654 2021 2834 2091 Ταύτῃ
2867 2021 2922 2073 δέ
2963 2021 3256 2088 ὑπέσχοντο
3300 2021 3348 2072 οί
3404 2037 3497 2072 σα·-

1932 2105 2134 2174 τράπαι
2164 2104 2268 2157 τῶν
2295 2106 2603 2173 ἀλλοφύλων
2625 2104 2825 2173 χιλίους
2850 2105 2942 2156 καὶ
2966 2103 3155 2154 ἐκατὸν
3178 2102 3492 2172 ἀργυρίους,

1932 2189 1980 2238 εί
2007 2187 2166 2252 μάθοι
2187 2187 2316 2256 παρ’
2335 2187 2517 2252 αὐτοῦ,
2549 2188 2662 2250 πῶς
2689 2187 2752 2240 ἂν
2782 2185 3245 2252 εὐκαταγώνιστος
3268 2185 3491 2251 γένοιτο.

1942 2269 2029 2332 Ὠς
2053 2269 2108 2321 δέ
2130 2271 2385 2339 ἐπειρᾶτο
2413 2270 2620 2339 μαθεῖν,
2639 2270 2699 2321 τὸ
2731 2269 2826 2338 μέν
2857 2268 3067 2339 πρῶτον
3095 2267 3263 2337 αὐτὴν
3291 2268 3492 2337 ήπάτα·

1930 2349 2079 2413 τέλος
2121 2351 2198 2413 δὲ,
2245 2352 2318 2413 ὼς
2361 2351 2756 2422 κατειργάσατο
2793 2350 2971 2412 αὐτὸν,
3015 2346 3164 2401 εἶπεν
3210 2349 3346 2417 αὐτῇ
3396 2349 3496 2416 τὴν

1931 2439 2207 2510 ἀλήθειαν,
2244 2442 2324 2493 ὅτι
2375 2441 2467 2493 ἐάν
2507 2457 2589 2501 τις
2631 2435 2791 2490 αὑτοῦ
2829 2436 3064 2506 περιέ).οι
3106 2435 3230 2497 τοὺς
3263 2435 3491 2506 βοστρύ-

1929 2540 2074 2592 χους,
2101 2517 2405 2593 ἀσθενήσειῖ
2455 2523 2516 2574 ἸΙ
2540 2522 2594 2572 δέ
2616 2521 2888 2573 καλέσασα
2915 2519 3039 2581 τοὺς
3073 2519 3374 2587 σατράπας,
3401 2517 3496 2569 καὶ

1929 2607 2235 2676 κοιμήσασα
2263 2605 2442 2668 αὑτὸν,
2478 2605 2700 2672 ἐποίησε
2729 2602 3064 2672 ξυρισθῆναι,
3093 2601 3184 2652 καὶ
3211 2598 3492 2668 ἠσθένησε.

1929 2690 2039 2742 Καὶ
2089 2688 2340 2750 λαϐόντες
2395 2688 2554 2740 αὐτὸν
2597 2689 2644 2739 οἱ
2687 2684 2992 2753 ἀλλόφυλοι,
3044 2681 3355 2748 ἐτύφλωοαν
3403 2681 3494 2732 καὶ⁸

1931 2776 2177 2830 ἐνέϐαλον
2208 2778 2286 2838 είς
2315 2776 2373 2828 τό
2411 2776 2793 2844 δεσμωτήριον.
2826 2771 2890 2826 Οἱ
2918 2773 2973 2825 δέ
2999 2771 3371 2841 ηὑφραίνοντο,
3402 2773 3495 2823 καὶ

1929 2862 2191 2932 ἐξήγαγον
2219 2862 2380 2916 αὑτὸν
2419 2864 2481 2914 ἐκ
2509 2860 2602 2914 τοῦ
2624 2859 3012 2929 δεσμωτηρίου,
3048 2860 3125 2920 είς
3153 2859 3212 2910 τὸ
3236 2858 3495 2927 ἐμπαῖξαι

1929 2949 2093 3020 αὐτῷ·
2123 2952 2150 3003 6
2180 2950 2234 3002 δὲ
2265 2949 2455 3018 πικρὸν
2484 2947 2762 3010 στενάξας,
2797 2946 2888 3000 καὶ
2926 2945 3021 2998 τοῦ
3053 2945 3255 3015 Κυρίου
3287 2946 3494 3016 δεηθεὶς

1927 3037 2066 3089 ὥστε
2121 3036 2398 3104 ἐνισχῦσαι
2448 3034 2629 3095 αὑτὸν,
2687 3033 2795 3085 τῶν
2845 3032 3037 3084 κιόνων
3069 3031 3362 3101 λαϐόμενος
3397 3032 3493 3085 τοῦ

1927 3122 2094 3185 οίκου,
2124 3123 2216 3175 καὶ
2243 3120 2613 3184 διασαλεύσας,
2644 3121 2942 3189 κατήνεγκε
2969 3118 3059 3172 τὸν
3085 3115 3228 3170 οἷκον
3258 3121 3347 3171 ἐπὶ
3369 3121 3494 3183 τοὺς

1929 3208 2209 3278 σατράπας
2239 3208 2331 3260 καὶ
2353 3206 2540 3259 ἐαυτὸν
2571 3207 2662 3258 καὶ
2690 3205 2875 3273 ἕτερον
2906 3204 3032 3256 λαὸν
3059 3205 3245 3266 πολὺν,
3273 3205 3365 3258 καὶ
3391 3207 3495 3258 ἁπ-

1930 3293 2118 3347 έθανον
2150 3293 2381 3355 πλείους,
2422 3292 2453 3361 ἢ
2494 3294 2605 3346 ὅσοι
2641 3291 2905 3345 ἀπέθανον
2949 3291 3038 3343 ὑπ’
3069 3292 3231 3344 αὑτοῦ
3272 3293 3489 3356 ζῶντος.

1931 3380 2080 3452 1545]
2110 3380 2264 3434 Μετά
2290 3379 2459 3432 ταῦτα
2493 3377 2968 3448 ἐπιστρατεύουσιν
3011 3379 3060 3431 οἱ
3092 3380 3154 3430 ἐκ
3191 3379 3288 3448 τῆς
3322 3378 3493 3448 φυλῆς

1928 3468 2053 3528 Δάν,
2087 3469 2176 3519 καὶ
2209 3466 2398 3518 ἔλαϐον
2417 3465 2515 3536 τὴν
2543 3464 2770 3528 Δαῖσάν,
2794 3465 2887 3517 καὶ
2916 3464 3272 3535 ἐπωνόμασαν
3301 3466 3490 3535 αὐτὴν,

1928 3556 2022 3608 καὶ
2059 3554 2290 3624 ἔστησαν
2328 3555 2444 3606 ἐκεῖ
2473 3539 2705 3620 γλυπτὸν
2740 3551 3013 3622 λατρείαν.
3057 3553 3218 3623 Ἀνὴρ
3240 3554 3490 3624 Λευῖτης,

1926 3641 2266 3711 όργισθείσης
2314 3640 2460 3710 αὐτῷ
2519 3641 2617 3707 τῆς
2675 3638 2953 3707 παλλακῆς
3006 3639 3189 3696 αὑτοῦ.
3243 3640 3332 3692 καὶ
3382 3641 3490 3692 ἀπ-

1927 3728 2182 3794 ελθούσης
2237 3730 2316 3790 είς
2361 3727 2451 3779 τὸν
2508 3721 2653 3777 οἷκον
2703 3724 2794 3776 τοῦ
2845 3723 3049 3792 πατρὸς
3099 3724 3285 3791 αὐτῆς,
3328 3726 3489 3794 ἀπῄει

1927 3815 2233 3877 καταλέξων
2296 3814 2463 3881 αὐτὴν
2519 3811 2715 3880 ἐαυτῷ·
2783 3810 2876 3863 καὶ
2936 3809 3115 3861 λαϐὼν
3168 3812 3334 3879 αὐτὴν
3393 3813 3488 3862 ἐπ-

1928 3902 2172 3970 ανῆλθεψ
2228 3902 2283 3951 ἐν
2329 3901 2383 3952 δέ
2429 3901 2493 3968 τῇ
2538 3898 2640 3967 ὁδῷ
2696 3897 2984 3949 κατέλυσεν
3029 3898 3107 3958 εἰς
3160 3896 3344 3949 Γαϐαά
3392 3898 3490 3967 τὴν

1928 3987 2181 4054 Βενιαμὶν
2231 3985 2380 4053 παρά
2422 4001 2525 4034 τινι
2569 3982 2864 4052 πρεσϐύτῃ.
2915 3985 2976 4034 ΟΞ
3016 3983 3072 4035 δέ
3113 3984 3169 4035 ἐν
3203 3986 3266 4051 τῇ
3306 3985 3488 4036 Γαϐαὰ

1928 4074 2274 4144 περιστάντες
2317 4073 2414 4141 τὴν
2455 4072 2628 4123 οἰκίαν
2667 4072 2896 4140 ἐκείνην,
2939 4070 3161 4139 ἐζήτουν
3193 4071 3282 4122 τὸν
3319 4071 3484 4135 ξένον,

1927 4162 2012 4214 ἵνα
2038 4159 2389 4229 ἐξυϐρίσωσιν
2424 4159 2502 4218 εἰς
2533 4158 2712 4209 αὐτόν.
2755 4157 2812 4208 ’0
2845 4157 3152 4225 πρεσϐύτης
3177 4157 3390 4226 ἕτοιμος
3419 4154 3485 4227 ἦν

1923 4248 2020 4317 τὴν
2053 4245 2322 4313 θυγατέρα
2345 4243 2506 4296 αὑτοῦ
2545 4243 2725 4295 δοῦναι
2755 4243 2934 4304 αὐτοῖς
2970 4243 3065 4314 τὴν
3105 4243 3384 4313 παρθένον.
3423 4248 3486 4296 υἱ

1921 4334 1976 4386 δὲ
2008 4332 2259 4394 λαϐόντες
2292 4331 2388 4400 τὴν
2423 4328 2718 4398 παλλακὴν,
2752 4328 3035 4392 ἐνέπαιξαν
3068 4330 3201 4398 αύτῇ
3238 4330 3363 4399 ὃλην
3392 4331 3486 4399 τὴν

1924 4419 2112 4471 νύκτα.
2143 4418 2227 4478 Ὡς
2259 4416 2314 4467 δέ
2338 4415 2480 4484 πρωῒ
2503 4415 2741 4482 γέγονεν,
2775 4415 2998 4482 ἀφέντες
3031 4415 3196 4484 αὐτὴν
3222 4416 3484 4484 ἀπῆλθον.

1932 4509 1996 4560 Ἦ
2034 4507 2090 4559 δέ
2132 4504 2236 4557 ὑπὸ
2265 4505 2361 4574 τῆς
2392 4505 2672 4574 ἐπηρείας,
2705 4503 2930 4555 ἐλθοῦσα
2972 4505 3119 4572 παρά
3152 4505 3249 4572 τὴν
3287 4504 3482 4566 οἰκίαν,

1921 4592 2048 4643 ἔνθα
2090 4593 2353 4659 κατήγετο
2385 4591 2411 4640 6
2442 4590 2575 4656 ἀνὴρ
2615 4589 2800 4656 αὐτῆς,
2837 4589 3106 4653 ἐξέψυξεν.
3145 4588 3400 4651 Ἐξελθὼν
3427 4592 3484 4644 δὲ

1920 4684 2144 4742 ἐκεῖνος,
2175 4680 2265 4731 καὶ
2293 4677 2465 4746 εὑρὼν
2496 4677 2661 4746 αὐτὴν
2687 4679 2903 4745 νεκράν,
2943 4677 3134 4729 διεῖλεν
3161 4680 3237 4739 είς
3260 4679 3485 4733 δεκαδύο

1923 4767 2082 4836 μέρη,
2113 4767 2205 4818 καὶ
2235 4765 2445 4833 ἔπεμψε
2488 4767 2605 4825 ταῖς
2637 4762 2840 4814 δώδεκα
2874 4764 3083 4830 φυλαῖς.
3130 4764 3389 4827 Χαλεπῶς
3425 4768 3481 4819 δὲ

1919 4852 2151 4921 ἤνεγκαν
2195 4851 2255 4901 τὸ
2295 4850 2534 4916 γεγονὸς,
2583 4848 2676 4901 καὶ
2709 4849 3111 4918 ἐξοπλισάμενοι
3158 4852 3318 4919 ᾔτουν
3357 4855 3480 4916 τοὺς

1919 4939 2298 5007 ἐνυϐρίσαντας
2329 4938 2390 4989 τὸ
2416 4937 2652 5004 γύναιον.
2693 4937 2776 4998 Ὠς
2807 4937 2860 4989 δὲ
2889 4938 2986 4989 οὐκ
3008 4938 3242 4990 ἐδίδοσαν
3262 4941 3478 5004 ἐκεῖνοι,

1920 5027 2313 5094 συνεκρότησαν
2345 5024 2594 5092 πόλεμον.
2625 5023 2732 5074 Καὶ
2768 5022 2828 5074 τὸ
2867 5023 2962 5091 μὲν
3005 5023 3216 5092 πρῶτον
3241 5026 3478 5094 ἡττήθη-

1920 5130 2035 5172 σαν,
2081 5112 2173 5163 καὶ
2210 5108 2478 5178 δεύτερον,
2522 5109 2578 5161 ἐν
2623 5109 2677 5160 δέ
2712 5110 2776 5177 τῇ
2815 5108 2969 5178 τρίτῃ
3017 5109 3252 5179 συμϐολῇ
3299 5113 3476 5163 πᾶσαν

1917 5199 2012 5268 τὴν
2041 5196 2208 5265 φυλὴν
2238 5196 2490 5263 Βενιαμὶν
2525 5194 2848 5261 κατέκοψαν,
2887 5194 3023 5260 πλὴν
3055 5195 3346 5257 ἑξακοσίων
3371 5198 3475 5248 τῶν

1915 5285 2298 5353 διαφυγόντων.
2342 5284 2426 5344 Ὠς
2456 5283 2510 5334 δὲ
2534 5282 2901 5334 ἐκινδύνευσεν
2929 5286 2960 5351 ή
2989 5283 3127 5352 φυλὴ
3152 5284 3346 5345 τελέως
3371 5286 3476 5336 ἀπ-

1915 5372 2127 5424 ολέσθαι
2163 5370 2304 5437 (οὔτε
2343 5371 2448 5439 γὰρ
2484 5365 2624 5437 εἶχον
2665 5365 2807 5422 οὗτοι
2848 5373 3125 5436 γυναῖκας,
3162 5371 3253 5421 καὶ
3285 5371 3332 5421 οἱ
3373 5373 3476 5423 υἱοὶ

1928 5456 2138 5525 Ἰσραὴλ
2165 5455 2386 5524 ὤμοσαν
2412 5455 2468 5518 ἐξ
2495 5454 2668 5505 αὐτῶν
2699 5455 2771 5523 μὴ
2796 5455 2984 5507 δώσειν
3011 5457 3232 5521 αὐτοῖς),
3264 5455 3472 5518 ἐλόντες

1913 5543 2037 5602 τοὺς
2079 5542 2150 5610 μὴ
2190 5540 2685 5606 συστρατεύσαντας
2717 5543 2893 5602 αὐτοῖς
2920 5541 3056 5592 κατά
3085 5540 3189 5590 τῶν
3217 5541 3471 5610 Βενιαμι-

1912 5629 2038 5688 τῶν,
2068 5630 2162 5688 τὰς
2192 5627 2410 5679 ἐκείνων
2438 5627 2732 5697 παρθένους
2763 5628 2961 5678 ἕδοσκαν
3001 5628 3180 5689 αὐτοῖς
3213 5645 3470 5697 τετρακο-

1917 5715 2050 5775 σίαςο
2093 5715 2164 5775 ὼς
2202 5714 2256 5765 δὲ
2311 5714 2545 5766 ἐνέλιπον
2586 5714 2682 5773 ἔτι,
2731 5713 2917 5780 ἑορτῆς
2963 5713 3306 5781 τελοδμένης,
3348 5731 3469 5770 συν.
