4152 6324
703 354 808 408 341

697 461 982 530 ιχὼρησαν
1029 464 1206 526 αὺτοῖς
1247 463 1548 527 ἐξελθοῦσιν
1589 469 1902 538 ἀφαρπάσαι
1946 471 2263 540 παρθένους,

699 544 800 595 οὐκ
831 545 1048 597 εἰδότων
1080 545 1185 596 τῶν
1219 547 1441 613 γονέων.

1169 661 1214 711 Σ
1217 660 1434 727 ύνοψις
1461 659 1572 728 τῆς
1609 661 1793 717 Ῥούθ.

743 769 841 862 -ῚΙ
873 771 1167 862 ἓοεμμὴν,
1219 774 1574 862 ἀποθανύντος
1621 777 1757 847 αὐτῇ
1799 778 1892 830 τοῦ
1931 777 2139 848 ἀνδρὸς,
2177 783 2266 834 καὶ

699 851 806 903 τῶν
835 851 988 913 υἱῶν,
1033 855 1125 906 καὶ
1165 853 1255 906 τοῦ
1304 856 1460 925 λιμοῦ
1506 858 1820 922 παυθέντος,
1855 860 1919 911 δι’
1957 861 2016 912 ὃν
2057 863 2146 914 καὶ
2187 866 2265 926 εἰς

699 932 796 1002 τὴν
826 935 1101 987 Μωαϐῖτιν
1131 937 1466 1007 κατῴκησεν,
1502 940 1714 1009 ἔρχεται
1740 943 1818 1004 είς
1847 941 1943 1012 τὴν
1986 944 2261 1005 Ἰουδαίαν,

699 1017 790 1067 καὶ
839 1019 871 1086 ή
921 1017 1018 1086 μὲν
1062 1019 1158 1088 μία
1201 1021 1369 1084 αὐτῆς
1412 1022 1593 1090 νύμφη
1635 1023 1859 1094 ἐπείσθη
1899 1027 2076 1093 μεῖναι
2107 1028 2165 1079 ἐν
2197 1031 2262 1098 τῇ

698 1099 1018 1153 Μωαϐιτῶν
1063 1103 1094 1171 ἡ
1135 1102 1190 1154 δὲ
1229 1103 1383 1174 ἄλλη,
1486 1106 1651 1173 ὄνομα
1681 1107 1855 1167 Ῥοὺθ,
1885 1107 2053 1161 πολλά
2087 1125 2264 1177 παρα-

698 1179 956 1252 καλούσῃ,
987 1182 1128 1234 ῶστε
1159 1188 1360 1253 μεῖναι,
1398 1188 1496 1238 οὐκ
1533 1184 1693 1250 εἶξεν,
1722 1188 1856 1240 ἀλλὰ
1880 1189 2263 1259 συνηκολούθη-

698 1277 776 1314 σε.
811 1264 916 1315 Καὶ
955 1269 1206 1333 γαμεῖται
1239 1267 1314 1335 τῷ
1350 1268 1518 1330 Βοὼζ,
1548 1271 1920 1338 ἀγχιστεύοντι
1956 1272 2049 1341 τὴν
2088 1272 2261 1341 Νοεμ-

699 1345 825 1413 μὴν,
854 1347 945 1396 καὶ
977 1347 1146 1398 τίκτει
1181 1349 1272 1400 τὸν
1305 1349 1479 1417 Ὀϐὴδ,
1507 1353 1535 1402 6
1564 1352 1618 1403 δὲ
1666 1353 1823 1422 Ὀϐὴδ
1849 1354 1938 1406 τὸν
1986 1355 2199 1420 Ἰεσσαὶ,
2232 1357 2260 1407 6

694 1424 750 1476 δὲ
793 1427 988 1480 Ἰεσσαὶ
1019 1429 1180 1480 Δαυῒδ
1198 1430 1287 1481 τὸν
1317 1431 1559 1499 βασιλέα.

1009 1547 1273 1614 Σύνοψις
1312 1549 1414 1601 τοῦ
1449 1552 1950 1616 Τετριιϐιισιλείου.

778 1657 1005 1714 Ἐλκανᾶ
1035 1666 1293 1729 γυναῖκας
1317 1667 1450 1734 έχων
1475 1665 1584 1728 δύο,
1612 1666 1715 1718 ἀπὸ
1741 1666 1841 1735 τῆς
1871 1668 1994 1736 μιᾶς
2021 1667 2119 1719 οὐκ
2145 1662 2256 1735 εἶχε

695 1744 908 1806 παῖδας.
943 1745 1030 1807 Ὠς
1063 1745 1118 1798 δὲ
1147 1748 1342 1815 ἀνῆλθε
1370 1749 1526 1801 θῦσαι
1554 1750 1610 1800 ἐν
1641 1748 1858 1819 Σηλὼμ,
1897 1749 2257 1818 προσεύχεται

695 1825 726 1893 ὴ
758 1826 912 1894 γυνὴ,
958 1829 1050 1878 καὶ
1081 1827 1251 1879 τίκτει
1298 1829 1389 1880 τὸν
1421 1831 1693 1900 Σαμουὴλ,
1731 1832 1825 1883 καὶ
1849 1831 2062 1884 δίδωσιν
2098 1833 2258 1884 αὐτὸν

693 1908 770 1968 είς
798 1908 888 1960 τὸν
910 1904 1054 1960 οἶκον
1082 1910 1284 1979 Κυρίου
1311 1910 1589 1979 διηνεκῶς,
1616 1912 1796 1974 καθὼς
1831 1912 2032 1983 ηὔξατο
2065 1914 2192 1984 πρὶν
2221 1914 2252 1983 ἢ

694 1989 972 2044 συλλαϐεῖν
1015 1992 1194 2046 αὐτόν.
1226 1988 1332 2045 Ἦν
1375 1994 1428 2045 δὲ
1467 1995 1643 2064 ἱερεὺς
1681 1995 1800 2047 τότε
1832 1997 1860 2048 6
1894 1995 2060 2048 Ἡλεί.
2107 1998 2167 2047 οί
2199 1995 2256 2047 δὲ

693 2075 798 2127 υἱοὶ
852 2075 996 2127 Ἠλεὶ
1049 2076 1199 2140 Ὀφνὶ¹
1246 2079 1339 2128 καὶ
1383 2077 1584 2140 Φινεὲς,
1635 2078 1809 2147 λοιμοὶ
1857 2077 1950 2131 καὶ
1995 2077 2254 2148 μοχθηροὶ

692 2157 818 2220 νέοι,
853 2159 1350 2227 μεταλαμϐάνοντες
1388 2161 1452 2212 ἐκ
1479 2159 1586 2211 τῶν
1616 2159 1835 2220 θυσιῶν,
1867 2161 1997 2230 πρὶν
2027 2160 2058 2228 ἢ
2089 2177 2253 2229 προσ-

691 2240 966 2308 ενεχθῆναι
1007 2241 1142 2310 Θεῷ.
1203 2242 1261 2294 Ὁ
1305 2241 1360 2293 δὲ
1403 2242 1548 2294 Ἦλεὶ
1595 2242 1851 2312 εύλόγησε
1892 2244 1991 2312 τὴν
2033 2243 2248 2306 Ἀνναν,

693 2328 782 2378 καὶ
807 2326 962 2396 ἔσχεν
995 2327 1072 2379 ἐτι
1103 2330 1249 2394 Ipsi;
1279 2328 1444 2390 υίοὺς,
1471 2328 1668 2380 καὶδύο
1693 2327 2014 2397 θυγατέρας,
2039 2329 2250 2382 καὶΣα-

694 2414 857 2483 μουὴ)
909 2413 1150 2467 ἐπεδίδου
1197 2413 1333 2482 πρὸς
1365 2414 1586 2484 ἀρετήν.
1643 2414 1700 2466 '0
1731 2414 1787 2466 δὲ
1845 2414 1989 2467 Ἠλεὶ
2014 2415 2251 2478 ἀκούσας

689 2504 794 2554 τῶν
823 2503 1024 2555 παίδων
1048 2503 1115 2554 τά
1144 2503 1468 2574 τολμήματα
1503 2503 1625 2571 (καὶ
1652 2503 1756 2572 γὰρ
1787 2499 1878 2555 καί
1912 2504 2249 2573 ἐμοιχῶντο),

691 2592 746 2663 {5
758 2590 841 2661 M]
864 2591 1157 2660 ἐπετίμησε
1179 2591 1321 2661 λόγῳ
1345 2608 1358 2622 ·
1383 2591 1431 2642 οί
1451 2591 1507 2642 δὲ
1533 2591 1631 2642 οὐκ
1649 2586 1813 2656 εἶξαν.
1848 2591 2249 2661 Προφητεύεται

689 2679 768 2748 τῷ
810 2678 953 2730 Ἠλεὶ
980 2679 1007 2730 6
1055 2677 1270 2746 ὄλεθρος
1299 2676 1397 2746 τῆς
1428 2677 1603 2739 οίκίας
1637 2677 1799 2729 αὐτοῦ
1846 2679 1940 2730 καί
1977 2677 2086 2731 τῶν
2120 2679 2250 2732 υἱῶν

689 2766 776 2817 διὰ
801 2767 898 2835 τὴν
931 2765 1202 2836 ἁμαρτίαν
1223 2764 1330 2816 τῶν
1360 2765 1514 2817 νέων.
1543 2764 1800 2835 Δηλοῦται
1840 2765 1894 2818 δὲ
1919 2765 2012 2818 καὶ
2037 2765 2114 2835 τῷ
2145 2767 2247 2817 Σα-

694 2853 863 2922 μουὴλ
887 2853 918 2922 ή
941 2852 1310 2922 ἀπαραίτητος
1340 2851 1475 2920 ὀργὴ
1500 2850 1590 2902 τοῦ
1627 2851 1781 2909 Θεοῦ,
1809 2852 1899 2904 καὶ
1921 2853 2248 2920 ἀπαγγέλλει

691 2940 783 2991 καὶ
811 2937 970 3000 αὐτὸς
1001 2937 1077 3006 τῷ
1113 2937 1278 2990 Ἠλεί.
1326 2936 1726 3006 Συμϐἀλλουσιν
1769 2939 1815 2989 οἱ
1853 2938 2139 3006 ἀλλόφυλοι
2171 2939 2249 3007 τῷ

691 3023 924 3094 Ἰσραὴλ,
951 3024 1043 3075 καὶ
1070 3021 1356 3091 τρέπουσιν
1375 3021 1534 3073 αὐτὸν
1565 3025 1645 3083 είς
1662 3023 1837 3092 φυγὴν
1863 3024 2001 3092 μετὰ
2032 3025 2123 3076 τοῦ
2147 3039 2250 3076 πα-

689 3111 864 3173 τάξαι.
910 3111 995 3173 Ὠς
1016 3111 1071 3162 δέ
1107 3110 1201 3163 καὶ
1226 3111 1322 3179 τὴν
1353 3108 1582 3162 κιϐωτὸν
1625 3108 1888 3180 ἐξήγαγον
1940 3112 2043 3164 υἱοὶ
2083 3113 2246 3176 Ἠλεὶ,

688 3193 831 3252 οὗτοι
857 3199 953 3269 μὲν
988 3199 1271 3251 πίπτουσιν
1301 3200 1357 3249 ἐν
1389 3195 1466 3265 τῷ
1499 3196 1720 3266 πολέμῳ
1763 3197 1897 3266 μετά
1935 3199 2026 3250 καὶ
2050 3199 2249 3269 ἐτέρων

689 3286 916 3349 πολλῶν,
971 3286 1070 3355 τὴν
1118 3285 1172 3337 δὲ
1221 3282 1449 3336 κιϐωτὸν
1501 3281 1867 3350 λαμϐάνουσιν
1905 3284 1953 3335 οί
1980 3284 2245 3352 πολέμιοι.

687 3370 856 3428 *Ηλθέ
885 3391 965 3436 τις
986 3370 1155 3423 ταῦτα
1178 3369 1532 3437 ἀπαγγέλλων
1562 3368 1638 3438 τῷ
1675 3368 1819 3420 Ἠλεί
1839 3387 1852 3398 ·
1881 3371 1908 3421 6
1932 3369 1986 3422 δὲ
2009 3389 2248 3424 καταπε-

689 3461 794 3515 σὼν
821 3464 883 3514 ἐκ
911 3460 1003 3514 τοῦ
1032 3459 1218 3528 δίφρου
1276 3457 1438 3510 αὑτοῦ
1478 3455 1764 3526 συνετρίϐη
1816 3457 1908 3508 καὶ
1943 3458 2211 3513 ἀπέθανεν
2231 3479 2244 3492 ε

685 3548 921 3601 ἀπέθανε
946 3547 1000 3598 δὲ
1021 3547 1113 3598 καὶ
1131 3548 1163 3615 ἡ
1179 3544 1368 3596 τούτου
1393 3543 1597 3613 νύμφη,
1621 3543 1785 3613 ἡνίκα
1811 3543 1981 3596 ταῦτα
1997 3546 2243 3614 ἤκουσεν.

687 3637 1023 3705 Είσήνεγκαν
1067 3635 1115 3685 οί
1147 3630 1429 3698 ἀλλόφυλοι
1454 3630 1552 3698 τὴν
1597 3630 1826 3683 κιϐωτὸν
1871 3633 1950 3694 είς
1981 3633 2070 3685 τὸν
2101 3629 2247 3688 οἷκον

685 3723 900 3790 Δαγών·
919 3724 947 3773 6
967 3721 1021 3772 δὲ
1039 3721 1306 3773 κατέπεσε
1333 3717 1602 3786 δεύτερον,
1628 3720 1722 3769 καὶ
1750 3719 2055 3789 συνετρίϐη.
2085 3722 2248 3774 Ἐπα-

683 3810 958 3880 τάχθησαν
1007 3807 1061 3858 δὲ
1096 3805 1189 3857 καὶ
1242 3805 1290 3855 οί
1340 3802 1528 3872 ἄνδρες
1574 3803 1654 3865 είς
1700 3804 1798 3866 τάς
1843 3805 2002 3873 ’έδρας
2047 3807 2245 3860 αὐτῶν.

683 3893 861 3951 Ἦσαν
892 3896 946 3948 δὲ
973 3895 1020 3946 οί
1056 3891 1296 3956 Ἀζώτιοι
1325 3885 1485 3952 οὗτοι,
1507 3890 1598 3942 καὶ
1630 3889 1732 3960 μῦς
1757 3893 2022 3948 ἀνέδωκεν
2043 3896 2073 3964 ή
2098 3895 2248 3967 χώρα

685 3987 879 4040 αὐτῶν.
917 3981 1325 4036 Ἀποστέλλουσι
1353 3979 1451 4048 τὴν
1476 3978 1703 4032 κιϐωτὸν
1727 3981 1807 4043 εἰς
1835 3981 1934 4034 Γέθ
1951 3998 1965 4011 ·
1997 3983 2045 4034 οί
2072 3983 2127 4036 δὲ
2155 3985 2246 4037 καὶ

684 4075 836 4128 αὐτοὶ
863 4071 1196 4140 ἐπλήγησαν.
1223 4067 1534 4137 Πέμπουσιν
1555 4066 1720 4136 αὐτὴν
1747 4069 1825 4130 είς
1853 4070 2164 4124 Ἀσκαλῶνα
2196 4076 2244 4137 ⁸,

684 4163 842 4214 κάκεῖ
866 4159 1054 4228 γέγονε
1090 4155 1336 4216 θάνατος.
1389 4152 1886 4222 Συμϐουλευθέντες
1913 4156 1968 4209 δέ
2008 4158 2112 4210 ὑπὸ
2141 4159 2247 4213 τῶν

687 4249 929 4318 μάντεων
986 4242 1162 4298 αὐτῶν
1194 4280 1209 4304 ,
1254 4238 1496 4292 ποιοῦσιν
1525 4238 1684 4309 ἔδρας
1729 4244 1968 4311 χρυσᾶς,
2004 4245 2096 4297 καὶ
2145 4247 2249 4316 μῦς

685 4333 934 4406 χρυσοῦς,
970 4331 1064 4384 καὶ
1094 4327 1366 4388 ἐπιθέντες
1401 4326 1598 4406 αὐτοὺς
1638 4327 1822 4398 ἀμάξῃ
1860 4331 1993 4399 μετὰ
2032 4332 2130 4401 τῆς
2165 4351 2248 4386 κι-

685 4419 856 4473 ϐωτοῦ
890 4416 1189 4480 ὑπέζευξαν
1221 4414 1383 4483 βόας,
1403 4405 1477 4464 ὧν
1515 4411 1583 4464 τὰ
1610 4413 1773 4466 τέκνα
1811 4416 2138 4471 ἀπέκλεισαν
2170 4422 2248 4482 είς

683 4506 942 4560 οἰκίσκον.
987 4505 1051 4555 Αί
1084 4503 1140 4556 δὲ
1190 4502 1352 4574 ὀρθὴν
1404 4499 1777 4570 ἐπορεύθησαν
1811 4502 1888 4564 είς
1942 4503 2244 4573 Βεθσαμῦς.

685 4593 935 4662 Δέχονται
957 4590 1126 4659 αὐτὴν
1155 4591 1202 4641 οί
1228 4588 1416 4658 ἀνδρες
1436 4588 1655 4648 ἐκεῖνοι,
1681 4587 1774 4639 καὶ
1803 4586 2078 4657 θύουσιτῷ
2107 4591 2244 4660 Θεῷ,

685 4679 932 4750 ὁρώντων
955 4676 1062 4730 τῶν
1101 4674 1393 4744 σατραπῶν
1436 4672 1543 4725 τῶν
1576 4671 1905 4740 ἀλλοφύλων.
1950 4673 2034 4736 Ὠς
2057 4675 2113 4726 δέ
2150 4676 2246 4727 οὐκ

685 4767 986 4836 ὴσμένισαν
1011 4766 1061 4826 ιι,
1087 4763 1381 4824 τουτέστιν,
1406 4760 1465 4812 ού
1493 4759 1865 4828 συνεχάρησαν
1889 4760 1938 4811 οί
1969 4760 2071 4811 vlo".
2098 4759 2249 4829 Ἰεχο-

685 4857 817 4919 νίου,
875 4853 1080 4921 γίνεται
1109 4850 1288 4919 πληγὴ
1329 4847 1539 4918 μεγάλη
1573 4847 1629 4898 ἐν
1657 4845 1733 4915 τῷ
1782 4845 1930 4914 λαῷ·
1967 4847 2060 4899 καὶ
2085 4849 2248 4917 φοδη-

686 4945 867 5002 θέντες
894 4941 941 4992 οί
965 4939 1071 4991 ἀπὸ
1088 4936 1390 5005 Βεθσαμῦς,
1423 4933 1842 4988 ἀποστέλλουσιν
1869 4932 1927 4997 ἐξ
1950 4934 2125 4986 αὐτῶν
2149 4937 2248 5005 τὴν

686 5031 914 5082 κιϐωτὸν
942 5030 1019 5090 είς
1052 5027 1141 5079 τὸν
1194 5021 1346 5078 οἷκον
1381 5023 1692 5094 Ἀμιναδάϐ.
1748 5023 1880 5075 Τότε
1909 5025 2247 5094 ἐπέστρεψαν

687 5118 820 5186 πρὸς
850 5117 940 5167 τὸν
962 5116 1091 5166 Θεὸν
1121 5117 1170 5166 οί
1199 5113 1546 5183 Ἰσραηλῖται,
1575 5113 1666 5163 καὶ
1684 5111 2025 5179 ἐπολέμησαν
2054 5113 2248 5176 αὐτοὺς

686 5203 734 5253 οἱ
763 5200 1064 5267 ἀλλόφυλοι,
1097 5201 1189 5250 καὶ
1209 5199 1538 5267 ήττήθησαν,
1559 5195 1648 5248 τοῦ
1674 5197 1922 5267 Σαμουὴλ
1955 5197 2246 5268 εὐξαμένου

688 5290 828 5358 ὑπὲρ
862 5285 1057 5349 αὐτῶν,
1088 5286 1180 5336 καὶ
1209 5285 1397 5335 ἕλαϐοι
1428 5285 1558 5352 παρ’
1581 5282 1759 5333 αὐτῶν
1794 5282 1890 5346 τὰς
1924 5283 2102 5347 πόλεις
2127 5326 2140 5350 ,
2185 5284 2249 5347 ἀς

751 5491 773 5518 ³
804 5489 857 5536 ln
883 5489 1025 5536 Coisl.
1075 5489 1329 5534 Βαϐυλῶνα
1372 5485 1451 5532 hic
1493 5484 1630 5544 lapsu
1655 5479 1886 5542 graphico
1925 5483 2133 5546 positum
2163 5487 2249 5537 fuit

689 5564 777 5613 pro
809 5550 1104 5613 ξΑσκαλῶνα.

753 5611 780 5651 b
809 5611 892 5658 Illa
935 5621 1057 5655 voce
1094 5612 1298 5655 utuntur
1319 5605 1437 5657 LXX
1472 5607 1791 5665 interpretes,
1819 5619 1958 5667 quam
1985 5607 2136 5666 [ηυδε
2161 5621 2235 5655 cx.

691 5673 840 5732 plicat
883 5671 1253 5732 Chryspslomus
1277 5681 1362 5728 per
1388 5668 1728 5729 συνεχάρησαν,
1771 5667 2093 5730 congralulali.
2123 5676 2247 5728 sum,

692 5727 768 5781 ιρι
795 5745 886 5781 una
901 5727 1045 5781 Ιαίιιιὶ
1064 5735 1185 5778 sunt.

1362 349 1418 406 S.
1460 348 1740 406 JOANNIS
1778 350 2266 412 CIIRYSOSTOM]
2305 356 2624 410 ARCIIIEP.
2667 351 3212 414 CONSTANTINOP.

3822 357 3930 408 342

2374 470 2518 542 εἶχον
2545 472 2742 526 αὐτῶν.
2782 474 2866 534 ὀς
2899 471 2953 523 δὲ
2975 471 3210 539 ἐγήρασε
3242 463 3511 534 Σαμουὴλ,
3541 465 3588 513 οί
3617 463 3673 513 δὲ
3701 462 3805 514 υἱοὶ
3839 459 3932 512 αύ-

2371 559 2462 610 τοῦ
2501 560 2599 610 οὐκ
2623 558 2943 628 ἐπορεύοντο
2977 559 3034 608 ἐν
3065 558 3131 625 τῇ
3155 553 3258 621 ὁδῷ
3285 551 3470 611 αὑτοῦ,
3496 548 3851 614 συναχθέντες
3882 546 3930 598 οι

2372 646 2610 698 Ἰουδαῖοι
2644 645 2852 697 αίτοῦσι
2888 643 3128 712 βασιλέα.
3158 639 3428 706 Ἧλγησεν
3453 636 3546 687 ἐπὶ
3573 635 3744 702 τούτῳ
3765 636 3794 683 6
3831 635 3929 683 Σα-

2370 730 2560 800 μουὴλ,
2594 731 2686 782 καί
2715 747 2876 797 φησιν
2910 728 3056 796 αύτῷ
3078 729 3105 779 6
3135 726 3290 786 Θεόςο
3330 727 3411 776 Οὐ
3433 723 3508 776 σὲ
3532 719 3930 786 ἐξουδενήκιι-

2366 832 2490 876 σιν,
2519 818 2656 869 ἀλλ’
2685 817 2806 884 ἐμὲ.
2845 815 3024 867 Τοῦτο
3055 811 3167 866 οὖν
3203 809 3660 877 διαμαρτύρομαι
3701 804 3927 868 αὐτοῖς,

2365 903 2432 954 τὸ
2449 902 2728 971 δικαίωμα
2757 902 2862 955 τοῦ
2881 899 3189 965 ,ϐασιλέως
3209 915 3220 927 ·
3250 896 3544 956 τουτέστιν,
3573 895 3701 961 ὅσης
3723 892 3927 960 ὀφείλει

2365 989 2490 1058 παρ’
2541 990 2716 1040 αὐτῶν
2763 989 3049 1057 τυγχάνειν
3095 983 3394 1054 θεραπείας
3451 979 3850 1049 διεμαρτύρατο
3898 979 3926 1028 6

2365 1075 2642 1144 Σαμουὴλ·
2673 1076 2720 1126 οἱ
2744 1075 2799 1127 δέ
2832 1075 3110 1127 ἐπέκειντο
3148 1069 3440 1130 αίτοῦντες.
3490 1066 3790 1119 Ἀπὼλοντο
3815 1077 3838 1103 ε
3871 1067 3922 1115 αἱ

2362 1159 2472 1212 ὸνοι
2504 1163 2633 1223 Κεὶς
2664 1160 2758 1212 τοῦ
2799 1159 3002 1230 πατρὸς
3046 1156 3215 1210 Σαούλ
3235 1173 3249 1186 ·
3285 1153 3526 1223 ἔπεμψεν
3564 1153 3726 1204 αὑτὸν
3757 1155 3784 1204 6
3817 1168 3924 1202 πα-

2362 1247 2464 1315 τὴρ
2501 1247 2896 1316 ἐπιζητήσοντα
2938 1244 3155 1306 ταύτας.
3207 1242 3292 1303 Ὠς
3339 1239 3396 1292 δὲ
3432 1240 3528 1308 οὐχ
3559 1237 3800 1307 εὕρισκε,
3830 1236 3923 1286 τοῦ

2361 1331 2652 1383 ἀκολούθου
2701 1330 2849 1399 αὐτῷ
2898 1326 3417 1398 συμϐουλεύσαντος,
3447 1325 3752 1392 εἰσέρχεται
3790 1322 3924 1389 πρὸς

2359 1418 2449 1469 τὸν
2474 1417 2726 1488 Σαμουὴλ
2771 1416 3063 1487 ἐρωτήσων
3101 1415 3229 1484 περί
3257 1413 3442 1466 αὑτοῦ.
3486 1411 3524 1462 Γ
3528 1410 3740 1478 νωρίζει
3763 1407 3925 1460 αὑτὸν

2359 1505 2387 1556 6
2419 1504 2549 1566 Θεὸς
2576 1503 2654 1572 τῷ
2679 1503 2931 1572 Σαμουὴλ
2963 1503 3156 1570 λέγων,
3190 1502 3271 1554 ὅτι
3313 1497 3513 1551 Τοῦτον
3546 1499 3729 1566 χρῖσον
3767 1495 3923 1564 βασι-

2359 1590 2474 1646 λέα.
2504 1591 2816 1660 Προσῆλθεν
2851 1591 2880 1643 6
2904 1589 3073 1642 Σαοὺλ
3118 1587 3336 1658 ἐρωτῶν
3376 1585 3467 1638 τὸν
3517 1583 3786 1652 Σαμουὴλ,
3819 1581 3922 1633 ποῦ

2359 1675 2442 1745 εἴη
2471 1679 2500 1729 6
2533 1677 2746 1746 βλέπων
2765 1693 2778 1707 ·
2814 1675 2958 1730 οὕτω
2982 1675 3090 1746 γὰρ
3119 1673 3346 1728 ἐκάλουν
3374 1673 3499 1731 τοὺς
3524 1672 3824 1738 προφήτας.
3865 1669 3923 1718 'U

2358 1763 2412 1816 δὲ
2437 1763 2561 1834 ἔφη,
2593 1763 2751 1816 αὑτὸν
2790 1758 2952 1825 εἶναι,
3008 1762 3101 1814 καὶ
3135 1757 3422 1827 ἀναγαγὼν
3448 1756 3606 1810 αὑτὸν
3654 1757 3733 1817 είς
3766 1756 3923 1820 Βαμᾶ

2360 1849 2552 1920 (θυσία
2583 1844 2780 1920 γὰρῆν
2805 1849 2883 1918 τῷ
2923 1848 3094 1918 λαῷ),
3143 1848 3236 1900 καὶ
3262 1845 3537 1906 ἑστιάσας,
3569 1842 3672 1894 ὑπὸ
3725 1842 3824 1910 τὴν
3849 1842 3924 1890 ἕω

2357 1934 2630 1988 κατελθὼν
2665 1936 2780 2005 μετ’
2812 1933 2975 2000 αύτρῦ
3006 1933 3260 2005 κατέχεεν
3289 1929 3453 1984 αὐτοῦ
3489 1929 3579 1981 τὸν
3609 1925 3779 1997 φακὸν
3826 1924 3921 1978 τοῦ

2357 2021 2554 2086 ἐλαίου,
2587 1999 2680 2074 καί.
2710 2020 3083 2089 καταφιλήσας
3100 1999 3260 2071 αύτὸν
3287 2012 3440 2069 εἶπεν
3470 2014 3634 2084 αὐτῷ,
3669 2015 3751 2066 ὅτι
3787 2015 3853 2065 Ἀ
3865 2030 3922 2079 ρ-

2355 2106 2464 2173 ξεις
2484 2108 2576 2160 τοῦ
2606 2107 2756 2171 λαοῦ,
2785 2108 2878 2161 καὶ
2905 2105 3104 2177 σημεῖά
3127 2121 3247 2158 τινα
3268 2103 3390 2166 δοὺς
3409 2101 3708 2172 ἐξέπεμψεν
3733 2101 3919 2160 αὑτὸν,

2354 2196 2446 2250 καὶ
2476 2196 2877 2268 προεφήτευσεν
2907 2197 2934 2248 6
2957 2193 3147 2247 Σαούλ.
3196 2190 3344 2263 [545]
3383 2191 3590 2260 Ἐρωτᾷ
3625 2188 3712 2242 τὸν
3747 2186 3921 2240 Σαοὺλ

2352 2283 2380 2334 6
2407 2283 2600 2345 οἰκεῖος
2623 2281 2810 2344 αὑτοῦ,
2835 2281 2935 2333 ποῦ
2957 2279 3194 2350 ἀπῆλθεν
3219 2291 3233 2310 δ
3265 2279 3294 2329 6
3326 2276 3381 2329 δέ
3409 2273 3580 2328 εἶπεν·
3617 2275 3707 2335 Είς
3735 2273 3922 2339 ἐπιζή-

2351 2385 2505 2436 τησιν
2531 2369 2637 2420 τῶν
2660 2370 2815 2420 ὄνων.
2839 2367 3134 2433 Συνάγεται
3163 2366 3190 2416 6
3212 2362 3338 2424 λαὸς
3364 2362 3444 2422 είς
3465 2361 3740 2428 Μασσηφᾶ
3757 2375 3771 2389 ·
3800 2376 3918 2427 χει·

2357 2457 2648 2523 ροτονεῖται
2676 2453 2866 2505 Σαούλ.
2902 2451 3288 2506 Ἐπανίσταται
3315 2449 3342 2500 6
3391 2445 3734 2516 Ἀμμανιτῶν
3769 2445 3921 2513 βασι-

2352 2540 2475 2603 λεὺς
2500 2543 2611 2605 τοῖς
2634 2539 2982 2602 Γαλααδίταις
3003 2555 3016 2566 ⁸
3044 2536 3432 2608 πρεσϐεύονται
3461 2535 3594 2604 πρὸς
3612 2533 3700 2585 τὸν
3724 2531 3916 2584 Σαούλ·

2353 2627 2520 2681 ἐλθὼν
2562 2628 2935 2698 συνεμάχησεν
2965 2626 3165 2689 αὐτοῖς,
3217 2623 3310 2675 καὶ
3339 2617 3452 2674 εἷλε
3481 2621 3604 2684 τοὺς
3631 2619 3921 2689 πολεμίους

2354 2716 2494 2769 κατά
2525 2717 2742 2787 κράτος.
2776 2712 3120 2784 Εύωχοῦνται
3171 2714 3227 2764 ἐν
3257 2707 3572 2775 Γαλγάλοις.
3620 2708 3729 2759 Καὶ
3778 2708 3920 2777 δημι

2352 2805 2541 2873 ηγορεῖ
2568 2803 2702 2873 πρὸς
2726 2802 2815 2855 τὸν
2847 2800 2973 2854 λαὸν
2993 2801 3022 2852 6
3051 2796 3454 2868 Σαμουήλ.Τότε
3480 2794 3646 2860 λέγει·
3671 2793 3923 2860 Μόσχον

2348 2891 2510 2956 τινὸς
2537 2891 2775 2959 suasca,
2820 2890 2855 2956 ἢ
2899 2889 3041 2942 ὄνον
3069 2886 3231 2951 τινὸς
3257 2886 3508 2952 suasca;
3541 2883 3919 2951 Παραγγείλας

2350 2980 2404 3033 δὲ
2428 2978 2606 3042 αὐτοῖς
2631 2977 2923 3031 ὑπακούειν
2950 2975 3027 3045 τῷ
3073 2974 3212 3042 Θεῷ,
3261 2973 3495 3043 εὔχεται,
3552 2972 3643 3023 καὶ
3677 2971 3831 3033 ὑετὸς
3860 2971 3920 3021 ἐν

2351 3065 2528 3133 ἡμέρα
2555 3061 2812 3133 θερισμοῦ
2840 3062 3065 3129 γίνεται.
3109 3058 3379 3128 Ἐφοϐήθη
3404 3059 3432 3109 6
3459 3057 3606 3119 λαὸς,
3641 3059 3734 3107 καὶ
3769 3055 3920 3123 ὠμο-

2350 3150 2582 3218 λόγησσν
2613 3148 2987 3219 ἡμαρτηκέναι
3015 3147 3335 3217 αίτήσαντες
3368 3143 3606 3212 βασιλέα.
3647 3142 3704 3192 '0
3733 3141 3788 3192 δὲ
3814 3142 3920 3193 Σα-

2354 3237 2522 3305 μουὴλ
2551 3236 2712 3289 πάλιν
2732 3236 3004 3302 παραινεῖ,
3029 3231 3169 3285 ὥστε
3196 3229 3509 3284 ἀκολουθεῖν
3529 3230 3640 3288 τοῖς
3662 3226 3754 3278 τοῦ
3780 3225 3919 3277 Θεοῦ

2351 3323 2783 3392 προστάγμασιν.
2814 3320 3017 3372 Κόπτει
3062 3319 3184 3380 τοὺς
3223 3314 3550 3383 ἀλλοφύλους
3584 3316 3611 3364 6
3633 3312 3822 3365 Σαούλ.
3855 3313 3920 3363 Οἱ

2349 3413 2403 3464 δὲ
2428 3409 2847 3480 παροξυνθέντες
2874 3405 3319 3477 ἐπιστρατεύουσι
3345 3402 3479 3471 μετά
3498 3399 3737 3462 πλείονος
3760 3399 3921 3452 δυνά-

2351 3515 2515 3567 μεως.
2545 3495 2837 3562 Φεύγουσιν
2867 3494 2916 3546 οί
2949 3492 3299 3563 Ἰσραηλῖται,
3329 3488 3795 3557 καταλιμπάνεται
3822 3486 3918 3555 μό-

2350 3601 2435 3646 νος
2461 3587 2488 3636 6
2511 3584 2698 3636 Σαούλ.
2740 3581 3024 3650 Ἀναφέρει
3051 3579 3412 3632 ὁλοκαύτωσιν
3445 3575 3523 3643 τῷ
3550 3573 3688 3642 Θεῷ,
3725 3573 3800 3641 μὴ
3830 3586 3921 3623 πε-

2351 3671 2595 3740 ριμείνας
2626 3669 2717 3721 τὸν
2747 3665 2996 3738 Σαμουὴλ
3020 3706 3034 3729 ,
3071 3665 3382 3734 περιμεῖναι
3418 3661 3475 3713 δὲ
3514 3659 3660 3729 αὐτῷ
3702 3675 3924 3728 παρηγ-

2350 3757 2552 3824 γέλκει.
2593 3756 2850 3825 Ἔρχεται
2899 3755 2926 3806 6
2980 3751 3255 3821 Σαμουὴλ,
3308 3747 3646 3818 δυσχεραίνει
3680 3746 3816 3816 πρὸς
3859 3746 3923 3798 τὸ

2350 3841 2589 3911 γεγονὸς,
2625 3841 2838 3894 ἀπειλεῖ
2869 3839 3017 3908 αὐτῷ
3045 3836 3340 3890 κατάλυσιν
3384 3835 3482 3903 τῆς
3513 3831 3785 3902 βασιλείας
3825 3832 3923 3884 a6-

2350 3928 2442 3982 τοῦ
2469 3945 2482 3959 ·
2515 3930 2592 3991 είς
2614 3927 2721 3997 γὰρ
2745 3927 2930 3996 ἕτερον
2956 3925 3125 3995 αὐτὴν
3167 3919 3575 3992 μετατίθεσθαι·
3632 3919 3723 3971 τὸν
3757 3917 3922 3972 Δαυῖδ

2351 4016 2473 4085 ἐφη.
2499 4014 2825 4084 Καθημένου
2852 4012 2946 4065 τοῦ
2970 4010 3144 4065 Σαοὺλ
3175 4011 3231 4061 ἐν
3262 4007 3338 4078 τῷ
3371 4007 3562 4077 βουνῷ,
3595 4006 3689 4058 καὶ
3724 4004 3920 4068 ἐξακο·

2351 4105 2478 4156 σίων
2504 4101 2619 4172 μετ’
2644 4099 2829 4166 αὐτοῦ,
2859 4099 3032 4169 λάθρα
3077 4096 3330 4150 Ἰωνάθαν
3369 4097 3398 4147 6
3441 4094 3553 4156 υίὸς
3580 4091 3743 4144 αὑτοῦ
3781 4092 3922 4160 μετὰ

2347 4190 2442 4244 τοῦ
2478 4190 2608 4243 ίδίου
2639 4187 2823 4249 παιδὸς
2854 4185 3092 4239 ἐπελθὼν
3115 4187 3225 4247 τοῖς
3243 4183 3475 4253 ἐχθροῖς,
3507 4182 3719 4250 ἀναιρεῖ
3740 4196 3916 4241 τινας.

2363 4277 2506 4331 Ἰδὼν
2535 4277 2590 4330 δὲ
2615 4275 2840 4345 ἀντικρὺ
2867 4276 2896 4327 6
2928 4273 3117 4336 Σαοὺλ,
3150 4272 3242 4324 καί
3270 4268 3692 4339 τεταραγμένοις
3719 4268 3917 4318 ἐπιπε-

2351 4365 2477 4428 σὼν,
2509 4365 2635 4433 νικᾷ
2665 4363 2803 4414 κατά
2857 4361 3078 4430 κράτος,
3134 4358 3227 4410 καὶ
3283 4356 3486 4425 ὥρκισε
3521 4355 3726 4424 μηδένα
3771 4353 3920 4417 τινὸς

2349 4451 2642 4519 γεύσασθαι
2672 4449 2774 4509 ἓως
2808 4447 3066 4516 ἐσπέρας.
3103 4445 3161 4497 '0
3195 4443 3450 4495 Ἰωνάθαν
3482 4441 3581 4492 ούκ
3605 4439 3919 4502 ἐπακούσας

2349 4537 2612 4604 ἐγεύσατο
2637 4534 2869 4603 μέλιτος.
2896 4531 3260 4600 Προσέρχεται
3285 4530 3312 4579 6
3343 4525 3512 4578 Σαοὺλ
3538 4525 3805 4594 ἐρωτῆσαι
3829 4524 3924 4577 τὸν

2347 4626 2500 4686 Θεὸν,
2527 4626 2572 4674 εί
2600 4623 2707 4674 δέοι
2745 4619 3024 4682 ἐπιδιῶξαι
3047 4618 3219 4669 ὀπίσω
3244 4616 3351 4667 τῶν
3381 4613 3612 4684 ἐχθρῶν.
3644 4613 3756 4664 Ούκ
3778 4613 3922 4665 ἀπο-

2348 4713 2587 4782 κρίνεται
2621 4707 2768 4776 αὐτῷ
2811 4709 2839 4760 6
2871 4705 3018 4768 Θεός.
3071 4703 3309 4771 Συνῆκεν
3359 4702 3661 4772 ἁμάρτημα
3698 4699 3922 4768 γεγενῆ-

2349 4798 2470 4851 σθαι
2492 4799 2548 4849 ἐν
2578 4795 2653 4863 τῷ
2683 4792 2813 4861 λαῷ.
2863 4793 2948 4853 Ὠς
2985 4792 3040 4843 δὲ
3070 4789 3348 4858 ἀνεδείχθη
3393 4785 3664 4848 Ἰωνάθαν,
3703 4786 3922 4854 ἕτοιμος

2348 4881 2416 4954 ἦν
2438 4883 2596 4935 αὑτὸν
2633 4879 2860 4933 ἀνελεῖν.
2899 4877 2956 4930 ’0
2991 4876 3047 4930 δὲ
3075 4875 3201 4937 λαὸς
3227 4873 3460 4939 ἐξείλετο
3494 4872 3655 4925 αὐτὸν
3675 4871 3784 4923 τῶν
3806 4890 3924 4940 χει⁴

2354 4971 2460 5042 ρῶν
2490 4967 2675 5021 αὑτοῦ.
2706 4963 3077 5036 Παραγγέλλει
3099 4965 3126 5016 6
3157 4960 3406 5030 Σαμουὴλ
3445 4958 3520 5028 τῷ
3550 4957 3741 5022 Σαοὺλ,
3775 4958 3924 5010 ὥστε

2351 5055 2793 5124 καταπολεμῆσαι
2861 5051 2951 5104 τὸν
3023 5048 3306 5119 Ἀμαλὴκ,
3369 5046 3463 5098 καὶ
3524 5045 3924 5114 ἀναθεματίσαι

2352 5147 2548 5206 πάντα,
2585 5145 2677 5195 καὶ
2706 5141 2930 5212 μηδενὸς
2961 5136 3268 5205 φείσασθαι.
3305 5137 3360 5188 Ὀ
3390 5135 3443 5187 δέ
3468 5135 3803 5203 παρήκουσε,
3826 5135 3926 5186 καὶ

2353 5232 2770 5302 περιεποιήσατο
2807 5227 2895 5279 τὸν
2947 5224 3114 5290 ’Λγὰγ
3166 5223 3255 5274 τὸν
3309 5221 3527 5289 βασιλέα
3575 5221 3786 5281 αὐτῶν,
3828 5221 3926 5270 καὶ

2354 5322 2597 5388 ποίμνια,
2625 5319 2717 5369 καὶ
2746 5315 3014 5385 βουκόλια.
3063 5309 3261 5363 Ἐλθὼν
3289 5307 3425 5360 εἶδεν
3453 5311 3479 5359 6
3511 5307 3779 5377 Σαμουὴλ,
3809 5307 3927 5372 Cup-

2352 5409 2534 5475 γίσοη,
2562 5406 2650 5457 καί
2685 5420 2877 5472 φησιν·
2922 5402 3002 5453 Οὐ
3037 5398 3190 5451 θέλει
3228 5396 3440 5462 Κύριος
3481 5393 3926 5457 ὁλοκαυτώσεις

2353 5494 2450 5546 καί
2489 5494 2722 5556 θυσίας,
2767 5491 2845 5554 ὼς
2881 5487 2944 5540 τὸ
2983 5485 3240 5540 ἀκοῦσαι
3282 5482 3389 5550 τῆς
3429 5480 3633 5550 φωνῆς
3695 5481 3922 5533 αὑτοῦ·

2416 5671 2436 5698 ε
2471 5667 2849 5734 Ἀπώλωτωδὶο
2871 5665 2918 5713 in
2958 5666 3097 5713 textu
3133 5663 3230 5708 τῶν
3264 5664 3336 5719 0',
3375 5658 3422 5707 id
3467 5662 3561 5716 est,
3611 5656 3923 5717 abem-(Ibunt,

2353 5729 2614 5790 depcrdilar
2638 5732 2788 5777 cram.
