4138 6306
270 373 374 426 341

277 489 417 542 enim
449 487 517 538 illi
547 486 790 539 mulieres
821 483 1102 550 habebant,
1136 483 1330 552 filiique
1354 482 1830 549 lsraeljurarerant

278 594 338 630 se
367 578 497 629 ﬁlias
534 590 655 629 suas
682 590 785 627 non
814 574 939 642 ipsis
969 575 1018 626 in
1043 589 1233 626 uxores
1259 573 1472 624 daturos
1509 572 1673 638 esse),
1698 572 1828 624 occi-

278 669 352 720 sis
379 668 479 720 illis
504 667 732 734 quicum
756 666 886 734 ipsis
933 666 1126 718 bellum
1172 679 1275 716 non
1330 671 1604 732 gesserant
1649 671 1831 714 contra

283 757 619 823 lleujamitas,
644 756 850 809 illorum
871 755 1006 808 filias
1028 755 1256 823 virgines
1279 754 1684 822 quadringentas
1707 751 1832 818 ipsis

282 847 581 900 dederunt:
608 861 724 898 cum
755 853 929 898 autem
959 843 1154 898 residui
1205 853 1382 896 essent
1417 843 1505 911 qui
1539 858 1638 894 non
1677 841 1833 893 hahe-

282 952 404 990 reut
448 949 636 989 uxores
660 975 674 994 ,
705 935 829 988 dum
856 934 1042 986 festum
1076 931 1455 994 celebraretur,
1484 933 1833 998 permiserunt

279 1031 360 1084 eis
391 1039 445 1082 ut
471 1029 698 1100 virgines
718 1034 981 1095 raperent,
1010 1024 1186 1078 insciis
1213 1024 1532 1092 parentibus.

767 1147 997 1189 εῐιιοιιειε
1026 1147 1156 1186 LIBRI
1189 1146 1345 1185 liUTlI.

351 1245 624 1301 Noemmln
645 1286 660 1311 ,
688 1245 801 1297 viro
829 1257 926 1296 suo
951 1242 1174 1310 ﬁliisque
1204 1241 1423 1295 mortuis
1443 1281 1458 1304 ,
1488 1249 1725 1294 cessante
1756 1239 1833 1292 fa-

281 1351 368 1389 me
389 1376 402 1399 ,
434 1335 502 1388 ob
527 1349 681 1402 quam
713 1333 763 1386 in
795 1331 1123 1385 Moabitidem
1164 1330 1627 1398 transmigraverat
1649 1369 1663 1392 ,
1696 1330 1836 1382 venit

283 1427 334 1477 in
357 1425 608 1486 Judaiam,
633 1425 848 1491 ejusque
868 1423 1030 1475 altera
1060 1436 1242 1485 nurus,
1267 1422 1374 1488 ipsa
1396 1419 1668 1481 suadente,
1693 1434 1837 1471 man-

280 1515 352 1568 sit
378 1515 426 1567 iu
458 1513 768 1575 Moabitide;
795 1512 957 1564 altera
988 1525 1146 1574 vero,
1175 1511 1258 1563 cui
1299 1523 1488 1562 nomen
1527 1508 1706 1572 Ruth,
1738 1509 1834 1575 ipsi

280 1604 461 1657 multis
499 1602 722 1656 hortanti
765 1610 819 1654 ut
860 1608 1124 1662 maneret,
1165 1614 1266 1653 non
1305 1598 1714 1667 obtemperavit,
1742 1597 1834 1650 sed

282 1703 504 1762 sequuta
543 1701 625 1746 est
665 1692 827 1745 illam.
869 1691 1152 1759 ansitque
1180 1690 1385 1753 Boozo,
1414 1690 1502 1757 qui
1531 1688 1702 1741 affinis
1726 1695 1838 1741 erat

280 1783 573 1847 Noemmin,
601 1792 654 1836 et
681 1783 879 1852 peperit
903 1781 1070 1846 Ohed,
1094 1780 1239 1836 Obed
1268 1788 1442 1834 autem
1468 1778 1650 1844 Jessm,
1675 1778 1835 1833 Jessat

287 1875 450 1929 David
479 1888 674 1943 regem.

506 1999 740 2039 SYNOPSIS
766 1999 1008 2048 ουΑτυηιι
1035 1998 1290 2037 ιιΒιιοιιωι
1320 1996 1612 2036 REGNORUI.

355 2095 547 2148 Eleana
584 2109 773 2148 uxores
814 2092 1010 2146 habens
1039 2092 1168 2146 duas
1189 2133 1202 2156 ,
1232 2107 1297 2145 ex
1325 2090 1487 2144 altera
1518 2105 1620 2143 non
1655 2102 1834 2141 susce-

281 2195 431 2251 perat
467 2184 676 2237 liheros.
712 2183 776 2237 Ut
810 2193 982 2236 autem
1024 2181 1258 2235 ascendit
1293 2180 1636 2233 sacriﬁcatum
1668 2179 1716 2230 in
1743 2178 1836 2233 Se-

281 2275 410 2336 lom,
443 2286 686 2340 precatur
713 2274 797 2327 illa
826 2273 1031 2333 mulier,
1059 2282 1110 2326 et
1141 2272 1274 2340 parit
1299 2271 1614 2332 Samuelem,
1644 2270 1838 2338 ipsum-

280 2379 384 2432 que
429 2364 572 2416 dedit
608 2363 671 2416 ad
721 2363 930 2416 domum
978 2363 1177 2415 Domini
1227 2371 1513 2429 perpetuo,
1545 2371 1599 2413 ut
1629 2368 1839 2413 voverat

280 2461 563 2520 antequam
591 2452 732 2505 illum
754 2453 1070 2519 conciperet.
1095 2450 1239 2502 Tunc
1261 2460 1432 2503 autem
1455 2450 1699 2503 sacerdos
1727 2459 1838 2502 erat

282 2543 380 2596 Eli.
415 2542 526 2594 Filii
567 2552 738 2595 autem
778 2542 890 2604 Eli,
932 2541 1102 2609 Ophni
1141 2550 1194 2594 ct
1230 2540 1486 2603 Phinecs,
1518 2539 1756 2592 scelerati
1785 2547 1835 2591 et

281 2632 505 2699 improbi
547 2632 766 2699 juvenes
792 2640 971 2695 erant,
998 2632 1085 2699 qui
1115 2629 1180 2683 de
1207 2629 1427 2683 victimis
1460 2638 1634 2698 partes
1658 2642 1834 2682 sume-

278 2724 408 2776 bant
446 2734 723 2791 antequam
764 2722 1073 2774 offerrentur
1098 2721 1222 2774 Deo.
1256 2721 1332 2773 Eli
1362 2729 1532 2774 autem
1573 2718 1838 2772 benedixit

279 2813 486 2865 Annam
508 2852 522 2876 ,
553 2827 669 2879 quze
697 2820 804 2865 tres
830 2810 998 2864 adhuc
1031 2810 1161 2863 filios
1190 2808 1404 2871 habuit,
1432 2817 1486 2861 et
1509 2807 1638 2861 duas
1668 2808 1833 2871 ﬁlias,

279 2902 597 2970 Saumelque
639 2902 688 2953 in
728 2902 916 2953 virtute
962 2899 1286 2968 proficiebat.
1332 2898 1408 2950 Eli
1453 2911 1608 2965 porro
1648 2897 1836 2950 auditis

281 2993 509 3044 filiorum
539 2989 851 3042 facinoribus
872 2987 890 3056 (
911 2987 1304 3041 mmchabautur
1326 2987 1464 3041 enim
1485 2987 1524 3054 ),
1555 2985 1837 3053 increpavit

279 3097 376 3134 eos
402 3079 598 3144 verbo;
631 3079 701 3132 illi
734 3093 856 3133 vero
900 3093 1001 3132 non
1041 3078 1489 3145 obtemperarunt.
1533 3075 1836 3129 Prrcdieitur

283 3170 364 3223 illi
395 3169 650 3236 pernicies
672 3168 859 3221 domus
884 3183 989 3220 sum
1015 3176 1068 3220 et
1097 3167 1320 3219 filiorum
1352 3167 1418 3219 ob
1459 3174 1724 3233 peccatum
1747 3167 1832 3232 ju-

278 3275 497 3312 venutn.
527 3259 753 3311 Samucli
790 3272 993 3327 quoque
1030 3257 1366 3310 denuntiatur
1403 3254 1726 3322 inexpiabilis
1761 3254 1835 3307 ira

280 3350 420 3412 Dei;
457 3349 502 3400 id
548 3349 644 3416 ipsi
687 3349 895 3402 Samuel
935 3347 1222 3401 denuntiat.
1269 3347 1504 3415 Pugnant
1533 3345 1835 3413 alienigena:

278 3453 401 3491 cum
431 3437 636 3502 lsracle,
659 3453 809 3506 quem
837 3452 1026 3490 c:esum
1051 3437 1099 3490 in
1126 3437 1297 3506 fugam
1321 3445 1544 3489 vertunt.
1574 3434 1638 3489 Ut
1663 3444 1835 3487 autem

277 3543 456 3581 arcam
482 3527 774 3582 eduxerunt
814 3529 900 3580 lilii
943 3527 1053 3592 Eli,
1084 3527 1178 3594 ipsi
1209 3526 1402 3579 cadunt
1443 3526 1493 3578 in
1539 3525 1675 3578 bello
1718 3539 1835 3577 eum

277 3621 397 3671 aliis
429 3620 600 3670 multis
622 3660 635 3680 ,
665 3634 834 3672 arcam
879 3633 1000 3670 vero
1043 3617 1254 3684 capiunt
1293 3616 1488 3670 hostes.
1517 3616 1666 3670 Venit
1696 3617 1836 3683 quis-

279 3712 419 3777 piam
451 3711 534 3777 qui
576 3708 685 3761 Iure
723 3712 1042 3761 renuntiaret
1079 3707 1193 3770 Eli;
1226 3707 1312 3759 illc
1342 3721 1466 3759 vero
1496 3721 1559 3759 ex
1591 3705 1716 3759 sella
1744 3706 1836 3760 de-

280 3801 462 3866 lapsus
487 3803 695 3850 attritus
728 3806 808 3851 est
845 3805 899 3848 et
924 3797 1051 3849 obiit
1080 3813 1092 3848 :
1123 3805 1323 3848 mortua
1366 3809 1570 3863 quoque
1607 3803 1687 3848 est
1725 3795 1835 3862 ejus

278 3903 448 3942 nurus
473 3905 589 3941 cum
624 3887 733 3941 hrcc
762 3887 975 3940 audivit.
1010 3886 1295 3939 lutulcrunt
1323 3885 1629 3956 alienigena:
1658 3900 1832 3940 arcam

277 3980 332 4032 iu
362 3978 572 4030 donuuu
602 3977 842 4045 Dagouis,
870 3975 957 4044 qui
985 3974 1228 4043 delapsus
1255 3983 1334 4027 est
1359 3975 1436 4028 bis
1464 3985 1515 4028 et
1539 3974 1834 4029 confractus

276 4069 394 4120 fuit.
432 4067 666 4120 Percussi
708 4076 827 4118 sunt
855 4067 1009 4119 etiam
1041 4065 1136 4117 viri
1177 4065 1228 4116 in
1270 4064 1556 4132 podicibus.
1589 4066 1646 4117 lli
1681 4080 1834 4132 porro

275 4167 433 4213 erant
461 4159 622 4210 Azotii
644 4197 657 4219 ,
690 4167 740 4210 ct
771 4171 944 4210 mures
972 4156 1184 4224 protulit
1217 4155 1421 4208 illorum
1457 4170 1597 4222 ager.
1630 4155 1834 4208 Mittunt

272 4265 454 4304 arcam
485 4249 534 4300 in
562 4248 696 4302 Geth
722 4264 735 4311 ;
768 4247 816 4300 hi
843 4261 1047 4315 quoque
1078 4246 1238 4314 plagis
1265 4245 1434 4299 allecti
1460 4254 1597 4298 sunt.
1628 4246 1835 4300 Mittunt

273 4353 488 4405 quoque
519 4337 656 4390 illam
689 4336 999 4390 Ascalonem
1024 4353 1037 4391 :
1065 4345 1118 4390 ct
1145 4336 1249 4389 illic
1275 4350 1479 4404 quoque
1513 4350 1654 4389 mors
1684 4351 1834 4405 gras-

273 4437 448 4482 satur.
477 4429 876 4482 Cousuleutibus
911 4437 1083 4480 autem
1125 4427 1331 4479 illorum
1361 4428 1593 4487 vatibus,
1627 4427 1837 4495 podices

273 4533 496 4579 aureos,
527 4533 805 4585 muresque
837 4532 1022 4571 aureos
1050 4516 1296 4581 conflant,
1329 4525 1381 4569 et
1407 4518 1638 4585 plaustro
1665 4517 1833 4585 impo-

272 4609 409 4662 sitos
433 4623 549 4662 cum
579 4624 720 4671 arca,
749 4623 931 4660 vaccas
967 4609 1167 4677 jugant,
1196 4623 1413 4675 quarum
1443 4607 1628 4659 vitulos
1657 4608 1705 4659 in
1735 4607 1833 4660 do-

274 4700 520 4755 muncula
549 4699 881 4754 conchulunt.
910 4698 1014 4749 Illa:
1040 4713 1165 4750 vero
1193 4707 1327 4750 recta
1358 4697 1436 4748 via
1470 4706 1836 4763 processerunt

273 4796 332 4847 in
363 4793 686 4860 Bethsamys.
718 4791 992 4858 Excipiunt
1023 4790 1161 4840 illam
1193 4788 1286 4839 viri
1316 4788 1451 4839 illius
1484 4787 1577 4839 loci
1601 4827 1612 4847 .
1643 4797 1696 4840 et
1730 4787 1834 4840 Deo

272 4883 605 4945 sacn’lieaut,
647 4881 938 4933 videntibus
978 4879 1382 4944 alienigenarum
1427 4876 1666 4942 satrapis.
1703 4875 1833 4929 Cant

274 4987 406 5026 vero
435 4987 534 5023 non
567 4971 763 5038 placide
794 4970 1109 5036 exeipcrent,
1135 4967 1305 5029 idest,
1332 4981 1432 5018 non
1467 4981 1564 5017 una
1598 4966 1834 5018 laetaren-

275 5077 364 5118 tur
391 5063 477 5115 lilii
504 5061 787 5123 Jechouiaz,
823 5062 965 5127 plaga
999 5075 1182 5126 magna
1217 5058 1460 5124 populum
1493 5056 1688 5108 invadit
1715 5055 1788 5122 (a)
1818 5074 1831 5109 :

271 5171 340 5208 ac
368 5162 658 5205 metuentes
687 5150 718 5201 ii
743 5188 757 5213 ,
788 5149 875 5217 qui
918 5147 1229 5215 Bethsamyu
1267 5145 1592 5208 incolebant,
1621 5145 1833 5196 mittunt

269 5261 453 5299 arcam
487 5245 535 5296 in
565 5241 775 5294 domum
805 5238 1112 5290 Amiuadab.
1147 5237 1292 5289 'l‘uuc
1333 5233 1574 5288 conversi
1615 5242 1733 5284 sunt
1767 5233 1830 5286 ad

273 5339 443 5389 Deum
472 5330 715 5386 Israelita!
735 5371 748 5392 ,
777 5337 827 5382 et
859 5327 1177 5394 alienigenas
1207 5326 1301 5379 sibi
1332 5325 1520 5377 bellum
1550 5322 1832 5374 inferentes

269 5428 574 5498 profligant,
603 5419 845 5476 Samuele
873 5435 964 5485 pro
1003 5417 1126 5485 ipsis
1153 5425 1356 5480 orante,
1387 5424 1439 5468 et
1463 5422 1711 5480 ceperunt
1740 5427 1827 5464 ur-

337 5537 408 5590 (a)
436 5542 545 5587 qua?
564 5530 784 5590 dicuntur
807 5527 867 5572 de
885 5525 1270 5590 filiisteehouim,
1290 5537 1382 5569 nou
1407 5521 1577 5589 suntin
1603 5520 1831 5590 tleluaieo

268 5580 556 5648 ιιιέιίιίδυςι
594 5591 699 5636 iure
738 5588 871 5648 plaga
915 5586 1224 5648 liethsauntas
1256 5591 1456 5643 spectat,
1497 5582 1575 5641 qui
1612 5580 1831 5648 sacrificia

267 5645 469 5717 quidem
506 5645 791 5717 et‘vietitnas
814 5645 1118 5714 olvtuieruutg
1142 5645 1226 5693 sed
1253 5658 1463 5706 percussi
1501 5651 1660 5690 tamen
1700 5647 1826 5694 sunt,

267 5705 327 5768 (ἰ)
352 5714 479 5776 quod
504 5710 724 5760 vidissent
748 5721 909 5756 arcum
938 5705 1134 5754 Domini.

1347 371 1667 428 SYNUI’SIS
1704 370 2105 425 Stillll‘TUlizE
2143 371 2411 425 SACRA'J.

3385 382 3494 434 342

1932 483 2055 543 bes,
2091 497 2221 550 quas
2269 483 2365 536 sibi
2409 482 2748 534 abstulerant.
2788 480 2919 534 Cum
2967 496 3088 533 vero
3129 481 3490 533 consenuisset

1931 570 2173 632 Samuel,
2210 571 2400 639 filiique
2437 570 2551 638 ejus
2591 585 2693 622 non
2738 570 3064 624 ambularent
3095 571 3144 622 in
3173 571 3251 621 via
3286 571 3481 636 ipsius,

1932 663 2227 730 congregati
2254 662 2417 714 Juda-i
2448 677 2620 730 regem
2649 668 2847 727 petunt.
2873 661 3059 714 Dolore
3082 660 3176 713 hac
3195 662 3260 712 de
3283 677 3337 714 re
3359 659 3484 712 affe-

1933 760 2046 805 ctus
2071 762 2152 804 cst
2173 753 2402 814 Samuel,
2433 753 2608 819 aitque
2639 751 2710 803 illi
2755 751 2888 805 Deus
2922 768 2934 803 :
2967 751 3083 803 Non
3113 760 3158 803 te
3185 761 3486 819 contempse-

1935 851 2082 905 runt,
2111 841 2194 894 sed
2221 859 2311 894 me.
2347 841 2454 893 Hoc
2489 843 2648 908 itaque
2677 842 2909 907 testiﬁcor
2947 841 3066 906 ipsis
3086 881 3101 904 ,
3127 841 3216 908 jus
3255 842 3382 908 regis
3410 840 3488 909 (Ι.

1937 930 2060 998 Reg.
2093 932 2142 986 8.
2173 932 2223 984 'l.
2253 931 2309 997 9)
2339 950 2351 983 :
2385 932 2430 983 id
2458 941 2569 995 est,
2601 939 2848 999 quantum
2887 930 2952 984 ab
2985 930 3108 997 ipsis
3138 929 3483 983 ministerium

1935 1021 2172 1087 accipere
2200 1036 2286 1073 rex
2313 1021 2516 1074 debeat.
2547 1019 2755 1073 Samuel
2783 1018 3086 1072 testiﬁcatus
3114 1027 3192 1070 est
3221 1037 3232 1070 :
3265 1017 3338 1072 illi
3363 1034 3486 1071 vero

1940 1120 2174 1176 petentes
2203 1110 2481 1162 instabant.
2517 1109 2808 1176 Deperdita:
2836 1117 2983 1162 erant
3019 1107 3179 1160 asina:
3213 1107 3301 1160 Kis
3328 1112 3488 1175 patris

1937 1199 2058 1256 Saiil
2092 1219 2104 1254 :
2135 1200 2274 1254 misit
2315 1201 2454 1253 illum
2497 1211 2673 1268 pater,
2709 1200 2795 1268 qui
2835 1199 2946 1253 illas
2987 1199 3326 1266 perquireret.
3352 1197 3482 1250 Cum

1938 1301 2109 1345 autem
2139 1307 2239 1344 non
2271 1291 2526 1343 inveniret
2546 1331 2559 1354 ,
2587 1289 2889 1344 Consulente
2919 1289 3109 1342 famulo
3135 1302 3230 1342 suo
3257 1286 3365 1340 adit
3386 1287 3484 1340 Sa-

1939 1381 2190 1444 muelem,
2220 1381 2573 1434 sciseitaturus
2601 1380 2666 1434 de
2697 1395 2754 1434 rc
2789 1380 2890 1432 illa.
2925 1379 3094 1447 Ipsum
3131 1377 3322 1432 iudicat
3351 1379 3486 1430 Deus

1935 1468 2160 1523 Samueli
2198 1468 2376 1522 dicens
2406 1485 2417 1520 :
2451 1468 2597 1522 llunc
2632 1470 2823 1537 inunge
2864 1483 3058 1537 regem.
3098 1468 3329 1522 Accessit
3358 1468 3479 1521 Saiil

1938 1558 2231 1613 Samuelem
2275 1558 2599 1626 interrogans
2622 1599 2636 1620 ,
2676 1557 2762 1611 ubi
2800 1568 2938 1611 esset
2978 1558 3196 1621 videns;
3232 1558 3307 1610 sic
3343 1560 3484 1610 enim

1939 1649 2220 1718 prophetas
2266 1649 2534 1701 vocabant.
2580 1648 2668 1700 Ille
2709 1663 2833 1701 vero
2879 1646 3179 1715 respondit,
3219 1661 3276 1700 se
3317 1647 3482 1715 ipsum

1938 1752 2074 1800 esse,
2098 1748 2150 1792 et
2169 1737 2443 1790 adductum
2469 1738 2609 1789 illum
2633 1738 2681 1788 in
2711 1736 2882 1800 Dama,
2910 1737 2993 1789 ubi
3016 1736 3324 1788 sacriﬁcium
3349 1737 3484 1802 apud

1941 1827 2185 1896 populum
2221 1836 2362 1890 erat,
2391 1827 2628 1880 convivio
2665 1827 2894 1892 excepit,
2932 1835 2984 1878 et
3021 1826 3350 1878 illucescente
3388 1841 3482 1878 an-

1940 1932 2056 1970 rora
2081 1957 2094 1980 ,
2127 1916 2335 1985 quando
2360 1931 2476 1969 eum
2517 1916 2604 1967 illo
2639 1915 3024 1978 descendebat,
3055 1914 3234 1967 effudit
3264 1915 3312 1966 in
3343 1914 3485 1966 illum

1939 2006 2234 2060 lenticulam
2273 2006 2410 2070 olei,
2452 2006 2723 2074 ipsumque
2764 2005 2999 2058 osculans
3037 2003 3112 2057 sic
3146 2004 3331 2056 cfl‘atus
3361 2013 3439 2056 est
3473 2023 3483 2055 :

1941 2094 2225 2166 imperabis
2256 2095 2475 2163 populo,
2504 2105 2554 2146 et
2593 2094 2755 2161 signis
2790 2093 3094 2161 quibusdam
3125 2094 3287 2154 datis,
3316 2094 3489 2149 emisit

1940 2187 2120 2251 illum,
2151 2194 2204 2239 et
2243 2186 2568 2254 prophetarit
2604 2184 2746 2236 Saiil.
2798 2183 3084 2250 lnterrogat
3127 2183 3334 2236 Sat'ileut
3374 2183 3488 2249 ejus

1941 2276 2331 2345 propinquns‘,
2379 2290 2602 2344 quonam
2647 2275 2895 2339 abiissct;
2935 2274 3021 2342 qui
3065 2274 3365 2342 respondit,
3407 2274 3484 2325 Ad

1939 2365 2368 2433 perquisitionem
2421 2366 2704 2418 asinarum.
2758 2365 3115 2433 Congregatur
3167 2365 3383 2432 popuhu
3437 2364 3485 2414 in

1941 2455 2206 2524 Masscpha
2243 2474 2255 2509 :
2287 2472 2374 2509 rex
2405 2457 2737 2509 constituitur
2774 2456 2916 2509 Saiil.
2960 2456 3156 2508 Bellqu
3194 2464 3367 2507 movet
3400 2471 3486 2506 rex

1940 2547 2347 2598 Ammanitarum
2376 2558 2553 2599 contra
2583 2546 2876 2600 Galaadiaas
2907 2563 2918 2597 :
2950 2545 3017 2597 illi
3052 2546 3246 2613 legatos
3282 2546 3494 2598 mittunt

1937 2639 2000 2689 ad
2024 2636 2145 2690 Saul
2169 2654 2182 2688 :
2202 2638 2287 2704 qui
2313 2637 2465 2689 motis
2481 2637 2666 2689 castris
2691 2651 2779 2703 pra
2799 2635 2920 2688 lium
2944 2649 3060 2688 eum
3085 2636 3184 2688 illis
3206 2634 3486 2694 conuuisit,

1939 2737 1987 2779 et
2023 2726 2199 2780 hostes
2234 2727 2445 2777 (minim
2486 2725 2792 2793 profligavit.
2818 2725 3120 2777 Ct)l.\li\illtlt
3148 2725 3403 2777 celebrant
3441 2727 3488 2774 iu

1939 2817 2185 2883 Calgalis.
2211 2817 2557 2869 (Iuncionatnr
2585 2816 2774 2882 populo
2801 2816 3024 2868 Samuel.
3050 2815 3194 2866 'I‘unc
3223 2815 3349 2865 dixit
3376 2831 3386 2864 :
3416 2816 3487 2862 Au

1937 2907 2144 2958 vitulum
2192 2907 2505 2970 cuiuspiam,
2545 2923 2609 2955 an
2651 2905 2841 2956 asinum
2888 2904 3164 2971 cujuspiam
3207 2904 3373 2968 accepi
3415 2903 3486 2966 (l.

1941 2999 2062 3065 licg.
2108 2998 2187 3052 1‘2.
2226 2998 2319 3065 5)?
2363 2997 2601 3050 Hortalus
2651 2996 2763 3048 illos
2805 3005 2856 3047 ut
2898 2995 3003 3047 Deo
3041 2996 3483 3060 obsequerentur.

1940 3100 2212 3158 precatur,
2254 3099 2305 3140 et
2344 3089 2509 3156 pluvia
2547 3088 2594 3138 iu
2639 3087 2721 3138 die
2767 3086 2951 3137 messis
2987 3084 3257 3136 delabitur.
3295 3081 3490 3133 Timuit

1940 3180 2179 3248 populus,
2203 3178 2575 3243 confessusque
2595 3183 2674 3225 est
2697 3189 2752 3224 se
2776 3187 3018 3240 peceassc
3042 3170 3265 3237 petendo
3288 3184 3487 3234 regem.

1939 3272 2145 3328 Samuel
2186 3277 2356 3321 autem
2395 3281 2572 3319 rursus
2612 3264 2866 3325 hortatur,
2893 3272 2947 3313 ut
2991 3261 3079 3313 Dei
3114 3267 3369 3328 pra-cepta
3399 3273 3485 3310 se-

1938 3371 2177 3432 quantur.
2215 3357 2542 3425 Alienigenas
2564 3352 2714 3406 οωιιίι
2740 3351 2884 3406 Saitl.
2913 3350 2987 3403 Illi
3015 3359 3183 3402 autem
3213 3347 3484 3413 indignati,

1938 3453 2129 3506 bellum
2175 3448 2525 3517 redintegrant
2563 3460 2679 3497 cum
2723 3441 3003 3509 majoribus
3039 3440 3218 3507 copiis.
3265 3437 3488 3505 Fugiunt

1940 3544 2183 3598 Israelita:
2204 3579 2218 3602 ,
2254 3539 2395 3593 solus
2426 3536 2733 3603 relinquitur
2763 3531 2906 3585 Saiil.
2936 3529 3098 3584 Oﬁcrt
3127 3528 3484 3581 holocaustum:

1941 3636 2047 3688 Deo
2091 3648 2191 3686 non
2231 3637 2531 3698 exspectato
2567 3624 2842 3688 Samuele,
2873 3623 2961 3691 qui
2991 3632 3042 3674 ut
3072 3635 3128 3674 se
3164 3627 3489 3684 exspectaret

1939 3729 2277 3794 pra:reperat.
2308 3719 2459 3773 Venit
2486 3715 2731 3779 Samuel,
2765 3713 2972 3780 indigne
3014 3711 3112 3764 fert
3151 3709 3198 3762 id
3229 3709 3364 3775 quod
3394 3723 3486 3774 ge-

1937 3827 2074 3869 stmu
2107 3824 2235 3876 erat,
2270 3811 2494 3862 minatur
2524 3806 2620 3875 ipsi
2658 3805 2799 3872 regni
2829 3801 3222 3855 dissolutionem
3248 3813 3261 3858 ;
3292 3798 3341 3849 in
3369 3797 3489 3847 alte-

1939 3921 2051 3960 rum
2095 3903 2285 3973 quippe
2329 3895 2742 3953 transferendum
2784 3907 2931 3954 esse;
2975 3889 3219 3942 Dat-idem
3260 3887 3483 3938 dicebat.

1936 3996 2064 4050 Cum
2093 3993 2300 4048 sederet
2327 3989 2450 4043 Saiil
2482 3989 2531 4040 in
2560 3986 2691 4039 colle
2720 3998 2836 4037 cum
2874 3979 3131 4034 sexcentis
3163 3977 3288 4029 viris
3308 4017 3323 4042 ,
3352 3976 3486 4028 clam

1937 4086 2194 4142 Jonathan
2224 4083 2359 4135 ﬁlius
2379 4079 2492 4149 ejus
2512 4092 2629 4132 cum
2651 4075 2840 4128 famulo
2859 4087 2955 4125 suo
2982 4073 3183 4124 irruens
3209 4069 3259 4121 in
3285 4068 3483 4131 hostes,

1937 4175 2187 4244 quosdam
2217 4171 2424 4226 occidit.
2459 4168 2511 4223 ld
2541 4181 2657 4221 cum
2686 4163 2886 4218 videret
2921 4160 3043 4215 Saiil
3067 4203 3079 4225 ,
3115 4160 3219 4228 jam
3251 4159 3486 4212 turbatos

1938 4269 2150 4322 adortus
2179 4265 2362 4322 vincit.
2393 4271 2444 4315 et
2470 4274 2584 4312 cum
2613 4258 2908 4326 juramento
2934 4252 3095 4307 edixit
3131 4267 3197 4305 ne
3229 4247 3485 4319 quispiam

1939 4372 2101 4426 uSque
2126 4356 2190 4408 ad
2219 4365 2484 4420 vesperam
2511 4346 2700 4416 aliquid
2734 4352 2983 4414 gustaret.
3013 4341 3269 4396 Jmathan
3293 4355 3408 4392 cum
3434 4337 3484 4390 id

1939 4464 2042 4503 non
2079 4445 2344 4505 audisset,
2384 4441 2448 4494 de
2483 4439 2637 4492 melle
2669 4433 2893 4505 gustavit
2946 4429 3158 4486 Accedit
3181 4427 3303 4482 Saiil
3328 4428 3487 4478 inter-

1939 4549 2212 4607 rogaturus
2249 4535 2407 4585 Deuiu
2447 4545 2564 4582 num
2599 4535 2864 4595 oporteret
2902 4523 3076 4576 hostes
3114 4518 3331 4585 insequi.
3372 4514 3484 4568 Non

1939 4606 2219 4695 respondet
2244 4623 2336 4691 ipsi
2362 4623 2515 4674 Dcus.
2543 4617 2900 4682 lntcllcxitquc
2923 4612 3007 4664 ille
3033 4617 3294 4676 peceatum
3315 4606 3366 4657 in
3389 4620 3485 4672 p0-

1941 4720 2061 4788 pulo
2091 4717 2279 4770 factmn
2311 4728 2445 4766 esse.
2490 4709 2556 4763 Ut
2599 4718 2770 4762 autem
2812 4701 3167 4769 deprehensus
3209 4705 3289 4751 est
3324 4696 3484 4750 Jona-

1939 4814 2086 4874 than,
2117 4821 2326 4877 paratus
2354 4815 2466 4859 erat
2492 4803 2554 4856 ad
2583 4795 2919 4854 occidendum
2951 4793 3111 4845 illum.
3136 4790 3237 4844 Sed
3268 4790 3487 4857 populus

1939 4905 2132 4958 (‘Xt‘lltll
2155 4914 2272 4954 eunt
2303 4898 2364 4950 de
2405 4895 2637 4947 manibus
2662 4891 2791 4955 ejus.
2826 4883 3063 4950 Prareipit
3087 4881 3296 4936 Samuel
3320 4881 3484 4943 Saiili,

1939 5006 1996 5049 ιιι
2021 4993 2245 5048 debellet
2276 4983 2606 5040 Amalecitas,
2631 4978 2805 5030 omnia
2835 4976 3036 5043 perdat,
3067 4983 3116 5026 et
3148 4971 3340 5025 nemini
3371 4985 3487 5037 par-

1937 5096 2038 5141 cat.
2073 5085 2164 5136 Ille
2203 5092 2325 5131 vero
2363 5091 2463 5126 non
2511 5071 2715 5138 paruit,
2765 5067 3088 5132 servavitque
3133 5067 3272 5131 Agag
3313 5077 3491 5127 regem

1937 5188 2138 5232 eorum,
2165 5179 2214 5220 et
2244 5179 2446 5235 greges,
2477 5171 2529 5216 et
2561 5171 2812 5213 armenta.
2849 5157 3072 5210 Veniens
3100 5152 3308 5207 Samuel
3342 5152 3490 5209 vida,

1939 5267 2099 5317 iratus
2135 5268 2213 5311 est
2237 5298 2250 5322 ,
2279 5265 2330 5308 et
2362 5254 2432 5306 ait
2463 5269 2474 5303 :
2507 5250 2623 5303 Non
2662 5258 2761 5300 tam
2800 5247 2901 5298 vult
2942 5244 3075 5296 Ηιιίδ
3116 5240 3400 5293 holocausta
3453 5251 3496 5290 it

1935 5349 2210 5418 sacriﬁcia,
2239 5359 2385 5413 quant
2416 5350 2467 5394 ut
2501 5338 2730 5392 audiatur
2767 5351 2860 5387 v0.1;
2898 5335 3002 5402 ejus
3029 5348 3046 5384 :
3076 5346 3182 5382 ecce
3211 5328 3338 5380 enim
3383 5327 3498 5377 obc-

1936 5443 2121 5498 dientia
2168 5439 2340 5493 melior
2378 5445 2449 5488 est
2530 5447 2676 5500 quant
2715 5429 2908 5482 victima
2935 5428 3019 5492 (1.
3069 5423 3192 5491 Περ.
3239 5420 3321 5474 15.
3371 5421 3495 5487 ‘22).

2000 5577 2011 5605 ¹
2043 5573 2145 5620 Vox
2175 5570 2398 5618 ttchraica
2425 5571 2498 5612 est
2519 5568 2776 5621 Tamquam
2804 5555 2969 5617 Aquila
2991 5559 3231 5621 uuam,“
3259 5557 3428 5604 vert.t,
3458 5550 3499 5593 al

1937 5646 2027 5686 υδῑ-
2054 5619 2268 5692 υαίνιίηδι
2295 5639 2345 5676 ιιι
2371 5627 2512 5692 1³³1)ξί
2537 5619 2680 5680 etiam
2706 5623 3166 5689 Vulgata.Josephus
3191 5619 3352 5675 habet,
3395 5631 3445 5667 in:
3473 5646 3490 5672 ;.

1943 5688 2153 5757 patruus.
2180 5701 2257 5740 aut
2278 5703 2412 5737 uvam
2429 5688 2550 5742 ιλιαδ,
