4152 6324
737 489 918 558 φύλων
943 485 1290 552 συνεξελθεῖν,
1313 485 1700 545 ὑποπτεύοντες
1726 482 1886 535 αὐτὸν
1911 479 2205 548 προδιδόναι
2227 477 2285 528 τὸ

741 571 1135 644 στρατόπεδον),
1167 571 1406 640 εὑρίσκει
1427 573 1524 638 τὴν
1547 568 1784 621 Σεκελὰκ
1807 564 2285 636 ἐμπεπρησμένην,

738 662 832 712 καὶ
868 659 962 720 τὰς
991 659 1250 724 γυναῖκας
1275 656 1506 724 οὐδαμοῦ
1528 671 1541 683 '
1606 655 1925 723 ἀπήχθησαν
1974 653 2078 719 γὰρ
2129 651 2288 716 αἰχμ-

738 746 950 797 άλωτοι.
998 744 1281 814 Ἐρόμενος
1310 743 1366 793 δὲ
1400 742 1490 793 τὸν
1527 741 1676 803 Θεὸν,
1708 743 1755 792 εἰ
1791 741 1898 791 δέοι
1944 738 2286 801 καταδιῶξαι,

667 847 675 855 ·
736 829 976 890 εἰπόντος
999 829 1077 880 ὃτι
1106 828 1233 889 δέοι,
1268 827 1573 889 κατεδίωξε.
1617 826 1724 878 Καὶ
1760 823 1943 894 μαθὼν
1989 822 2139 892 παρά
2165 838 2289 874 παι-

735 916 846 967 δίου
866 913 1180 981 Αἰγυπτίου,
1216 912 1316 964 ποῦ
1349 911 1874 981 στρατοπεδεύονται,
1915 907 2064 978 [348]
2097 908 2290 959 ἐπιπε-

738 999 844 1052 σὼν
883 999 1233 1068 ρᾳθυμοῦσιν,
1286 997 1549 1060 ἐπάταξεν
1583 997 1817 1057 αὐτοὺς,
1861 995 1955 1046 καὶ
2007 993 2072 1044 τά
2121 990 2290 1044 σκῦλα

737 1088 913 1150 ἔλαϐε,
953 1087 1045 1138 καὶ
1076 1085 1337 1154 διένειμεν
1360 1086 1417 1148 ἐξ
1451 1086 1567 1152 ἴσης
1617 1086 1727 1145 τοῖς
1749 1099 1806 1134 τε
1838 1082 2171 1150 πολεμήσασι
2201 1081 2291 1132 καὶ

736 1176 846 1235 τοῖς
871 1173 1224 1242 ἀπομείνασιν
1249 1171 1459 1223 ἐπὶτῶν
1490 1169 1714 1222 σκευῶν.
1757 1169 1841 1230 Ὠς
1874 1168 1929 1219 δέ
1959 1169 1986 1219 6
2031 1168 2166 1236 πρὸς
2201 1166 2291 1218 τὸν

749 1259 961 1328 Ἰσραὴλ
982 1258 1166 1324 γέγονε
1191 1257 1418 1324 πόλεμος
1439 1254 1547 1306 τῶν
1570 1253 1894 1320 ἀλλοφύλων,
1919 1253 2103 1303 πίπτει
2122 1251 2291 1303 Σαοὺλ

737 1347 830 1399 καὶ
867 1345 1139 1409 Ἰωνάθαν,
1173 1345 1266 1395 καὶ
1303 1346 1349 1394 οί
1389 1342 1479 1394 δύο
1505 1341 1651 1393 ἄλλοι
1693 1341 1797 1391 υἱοὶ
1823 1338 1984 1390 αὐτοῦ
2005 1355 2018 1367 ·
2070 1339 2163 1389 καὶ
2195 1337 2290 1388 λα-

738 1431 920 1494 ϐόντες
944 1430 1102 1482 αὐτὸν
1134 1431 1180 1480 οἱ
1211 1428 1476 1496 πολέμιοι,
1515 1425 1855 1494 προσέπηξαν
1877 1425 1952 1493 τῷ
1980 1423 2145 1490 τείχει
2170 1422 2292 1473 Βιθ-

739 1517 870 1580 σάν,
926 1520 958 1586 ἦ
1001 1518 1114 1568 ἐστι
1144 1513 1488 1575 Σκυθόπολις.
1547 1513 1816 1574 Ἐλθόντες
1866 1512 1921 1563 δὲ
1958 1511 2005 1561 οί
2045 1510 2150 1560 ἀπὸ
2189 1509 2291 1560 Ίά-

737 1606 834 1674 (in;
855 1617 901 1662 ι,
921 1603 1107 1655 ἔλαϐόν
1129 1619 1188 1654 τε
1217 1599 1369 1653 αὐτὸν
1403 1602 1494 1651 καὶ
1523 1599 1612 1650 τὸν
1647 1597 1916 1658 ’ίωνάθαν,
1951 1595 2043 1647 καὶ
2065 1594 2286 1662 ἔθαψαν.

1289 1748 1614 1802 Βασιλειῶν
1657 1749 1734 1811 β’.

811 1860 1065 1930 Ἔρχεται
1110 1876 1190 1917 τις
1223 1857 1575 1923 ἀπαγγέλλων
1629 1854 1706 1924 τῷ
1732 1855 1913 1916 Δαυῒδ,
1956 1855 2036 1906 ὅτι
2083 1852 2290 1904 ἀνεῖλεν

738 1948 898 2010 αὐτὸς
927 1946 1018 1998 τὸν
1057 1944 1252 1997 Σαούλ·
1312 1943 1404 1995 καὶ
1459 1941 1663 1998 ἀνεῖλεν
1705 1941 1864 1992 αὐτὸν
1902 1942 1930 1992 6
1971 1938 2131 1992 Δαυῖδ
2155 1954 2168 1967 ·
2199 1937 2291 1989 καὶ

738 2034 1000 2103 ἐθρήνησε
1030 2031 1121 2083 τὸν
1155 2028 1323 2080 Σαοὺλ
1365 2029 1457 2080 καὶ
1504 2029 1592 2078 τὸν
1619 2026 1892 2086 Ἰωνάθαν,
1923 2025 2014 2077 καὶ
2052 2024 2289 2093 χρίουσιν

738 2120 897 2173 αὐτὸν
932 2121 1006 2180 είς
1041 2117 1279 2185 βασιλέα.
1322 2116 1430 2166 Καὶ
1450 2113 1759 2166 ἀποστέλλει
1793 2113 1926 2181 πρὸς
1965 2112 2089 2171 τοὺς
2125 2109 2290 2170 Ἰαϐἐς

738 2206 967 2268 Γαλαὰδ,
999 2203 1230 2255 ἐπαινῶν
1263 2203 1458 2263 αὐτοὺς
1481 2202 1559 2252 ὅτι
1588 2200 1791 2266 ἔθαψαν
1836 2199 1924 2250 τὸν
1958 2197 2143 2249 Σαούλ.
2183 2195 2289 2247 Καὶ

750 2291 1001 2360 ’Λϐεννὴρ
1035 2291 1062 2341 6
1097 2288 1394 2357 στρατηγὸς
1439 2286 1531 2338 τοῦ
1578 2285 1745 2338 Σαοὺλ
1798 2284 2107 2336 ἐϐασίλευσε
2137 2283 2164 2321 b
2195 2280 2287 2333 τοῦ

749 2377 961 2446 Ἰσραὴλ
993 2376 1103 2428 υἱὸν
1139 2372 1308 2426 Σαοὺλ
1349 2372 1439 2425 τὸν
1486 2369 1854 2439 Μεμφιϐοσθέ,
1889 2369 1992 2421 Τοῦ
2022 2369 2075 2420 δέ
2123 2367 2288 2419 ’ἰούδα

739 2464 1052 2522 ἐϐασίλευσε
1083 2461 1263 2513 Δαυῖδ.
1314 2461 1398 2520 Ὠς
1438 2459 1492 2511 δὲ
1532 2457 1814 2526 συνέτυχον
1848 2457 2093 2526 ἀλλήλοις
2131 2455 2286 2508 Ὶωάϐ

739 2556 765 2604 ό
793 2551 884 2603 τοῦ
914 2548 1093 2611 Δαυτδ,
1119 2549 1212 2600 καὶ
1245 2547 1503 2613 Ἀϐεννῆρ
1531 2548 1557 2597 6
1585 2545 1675 2597 τοῦ
1698 2543 1886 2604 Σαοὺλ,
1916 2543 2008 2596 καὶ
2039 2559 2288 2611 συνεκρο-

737 2640 873 2708 τήθη
923 2638 1150 2702 πόλεμος
1200 2635 1305 2687 ἀπὸ
1357 2634 1590 2695 παιδὶας,
1647 2631 1968 2686 κατεδίωκεν
2017 2630 2212 2700 Ἀσαὴλ
2259 2631 2287 2682 6

739 2726 960 2793 ἀδελφὸς
1003 2724 1156 2776 Ἰωάϐ
1190 2723 1278 2776 τόν
1319 2723 1573 2790 Ἀϐεννὴρ
1595 2736 1607 2747 '
1649 2721 1741 2771 καὶ
1762 2718 2016 2780 πολλάκις
2042 2718 2285 2769 κελεύον-

737 2831 822 2873 τος
866 2812 1158 2879 ἀναχωρεῖν
1187 2849 1200 2873 ,
1253 2809 1348 2860 οὐκ
1381 2809 1650 2876 ἠνέσχετο.
1686 2806 1816 2857 Τότε
1873 2807 2084 2874 ἀναιρεῖ
2130 2804 2286 2856 αὐτὸν

751 2898 1026 2965 Ἀϐεννήρ,
1064 2897 1154 2947 καὶ
1190 2895 1419 2955 καλέσας
1443 2894 1533 2944 τὸν
1555 2893 1710 2945 Ὶωάϐ
1738 2894 1984 2960 παραινεῖ
2007 2889 2284 2943 καταπαῦ-

739 3001 828 3034 σαι
851 2984 937 3034 τὸν
971 2981 1220 3049 πόλεμον.
1244 2983 1352 3034 Καὶ
1377 2976 1442 3048 ἦν
1466 2980 1695 3046 πόλεμος
1728 2980 1993 3046 ἀναμέσον
2021 2976 2112 3027 τοῦ
2140 2978 2285 3028 οἴκου

737 3068 906 3122 Σαοὺλ
940 3068 1030 3118 καὶ
1058 3065 1149 3117 τοῦ
1178 3067 1324 3117 οίκου
1353 3065 1541 3116 Δαυῒδ·
1572 3065 1663 3116 καὶ
1709 3066 1736 3114 6
1789 3064 1887 3131 μὲν
1918 3063 2146 3129 ἠσθένει,
2180 3063 2208 3113 6
2232 3061 2286 3113 δὲ

738 3152 1104 3224 ἐκραταιοῦτο.
1151 3151 1425 3219 Λαμϐἀνει
1476 3151 1575 3219 τὴν
1623 3148 1900 3217 παλλακὴν
1938 3147 2030 3198 τοῦ
2064 3146 2232 3198 Σαοὺλ
2261 3149 2288 3199 6

751 3239 1038 3305 ’Λϐεννήρ·
1087 3236 1398 3288 ἐνεκάλεσεν
1449 3233 1874 3303 ὁΜεμφιϐοσθέ.
1927 3232 2207 3302 Θυμωθεὶς
2260 3232 2289 3282 6

751 3325 1003 3394 ’Λϐεννὴρ
1043 3325 1245 3391 πέμπει
1281 3322 1417 3390 πρὸς
1466 3323 1555 3373 τὸν
1593 3320 1754 3372 Δαυῒδ
1782 3361 1795 3384 ,
1828 3320 2286 3388 ἐπαγγελλόμενος

739 3411 950 3463 ἅπαντα
972 3410 1061 3461 τὸν
1088 3409 1213 3460 λαὸν
1237 3406 1384 3473 αὐτῷ
1413 3405 1768 3475 παραδώσειν.
1804 3405 1912 3455 Καὶ
1955 3404 2170 3456 ἐλθόντα
2193 3405 2287 3454 αὐ-

739 3497 827 3548 τὸν
875 3495 1007 3564 πρὸς
1038 3501 1216 3558 αὐτὸν,
1252 3494 1517 3545 εἱστίασεν
1550 3495 1576 3544 6
1623 3491 1800 3541 Δαυῖδ.
1857 3491 1942 3550 Ὠς
1973 3490 2027 3540 δέ
2061 3491 2284 3558 ῆκουσεν

739 3581 897 3634 πόθεν
929 3585 990 3633 ἐκ
1010 3581 1240 3649 πολέμου
1269 3578 1564 3646 ἐπανῆλθεν
1589 3580 1616 3629 6
1641 3576 1818 3638 Ἰωάϐ,
1861 3576 2284 3643 μεταπεμψάμε-

738 3680 824 3729 νος
856 3667 942 3718 τὸν
959 3666 1213 3733 Ἀϐεννῆρ
1237 3664 1630 3730 ἐδολοφόνησεν,
1662 3662 1887 3715 ἐκδικῶν
1915 3661 1975 3712 τὸ
2003 3660 2094 3713 τοῦ
2131 3661 2283 3711 ἀδελ-

739 3751 836 3820 φοῦ
872 3747 1026 3819 αἷμα.
1057 3750 1256 3802 Μαθὼν
1282 3752 1308 3800 6
1332 3749 1490 3798 Δαυῒδ
1523 3750 1822 3816 καταρᾶται
1852 3747 1942 3799 τὸν
1972 3746 2127 3799 Ίωάϐ
2147 3785 2160 3808 ,
2195 3748 2286 3799 καὶ

740 3839 924 3908 θρηνεῖ
948 3838 1036 3888 τὸν
1063 3835 1339 3903 Ἀϐεννὴρ,
1371 3833 1461 3884 καὶ
1485 3831 1622 3900 μετά
1647 3833 1841 3900 πολλῆς
1874 3833 2062 3884 θάπτει
2087 3833 2183 3900 τῆς
2207 3850 2285 3883 τι-

742 3925 865 3990 μῆς.
913 3922 1093 3990 Ῥιχάν
1143 3924 1234 3973 καὶ
1276 3920 1478 3981 Βανέας
1513 3928 1535 3956 ο
1586 3916 1756 3984 λάθρα
1804 3917 1892 3968 τὸν
1938 3919 2284 3986 Μεμφιϐοσθὲ

739 4010 1011 4068 ἀνελόντες
1038 4004 1197 4077 ἦλθον
1226 4006 1356 4074 πρὸς
1395 4005 1482 4055 τὸν
1512 4004 1689 4064 Δαυῒδ,
1731 4004 1804 4064 ὡς
1844 4004 2286 4073 εὐδοκιμήσαντες

737 4095 824 4146 διά
849 4094 936 4144 τὸν
981 4095 1154 4159 φόνον,
1223 4091 1280 4143 Ὀ
1331 4092 1386 4142 δέ
1425 4090 1614 4150 αὐτοὺς
1653 4090 1843 4143 ἀνεῖλε.
1900 4091 2030 4141 Τότε
2081 4091 2286 4156 γίνεται

739 4180 933 4240 παντὸς
971 4179 1061 4230 τοῦ
1091 4177 1218 4228 λαοῦ
1261 4176 1507 4244 βασιλεὺς
1551 4177 1578 4225 6
1613 4175 1769 4228 Δαυῒδ
1792 4215 1805 4238 ,
1839 4178 1930 4227 καὶ
1954 4175 2167 4244 ἔρχεται
2209 4179 2287 4239 εἰς

752 4264 1096 4335 Ἰερουσαλὴμ
1119 4262 1255 4330 πρὸς
1278 4261 1366 4312 τὸν
1383 4261 1717 4322 ἰεϐουσαῖον,
1755 4263 1845 4311 καὶ
1868 4261 2161 4313 κωλύουσιν
2187 4263 2285 4314 αὺ-

737 4353 826 4402 τὸν
857 4352 902 4400 οί
926 4349 1083 4417 χωλοὶ
1116 4347 1391 4410 εἰσελθεῖν,
1421 4347 1510 4397 καὶ
1539 4346 1796 4414 λαμϐάνει
1827 4346 1922 4415 τὴν
1950 4347 2122 4418 ἄκραν
2149 4387 2162 4411 ,
2195 4349 2287 4400 καὶ

739 4435 1082 4503 ᾠκοδόμησεν
1113 4431 1284 4499 ἐαυτῷ
1312 4428 1473 4483 οἷκον.
1496 4431 1792 4500 Συνέπραξε
1817 4431 1872 4484 δέ
1895 4432 2039 4499 αὐτῷ
2067 4435 2156 4483 καί
2180 4434 2286 4484 Χυ-

741 4521 853 4590 ράμ
885 4522 910 4570 6
942 4519 1192 4587 βασιλεὺς
1231 4518 1424 4587 Τύρου.
1463 4517 1861 4585 Ἐπανέστησαν
1908 4520 1954 4570 οί
1984 4518 2281 4584 ἀλλόφυλοι,

739 4608 830 4658 καὶ
858 4605 1082 4668 ἐξελθὼν
1113 4599 1405 4671 κατέκοψεν
1432 4605 1623 4664 αὐτοὺς
1655 4605 1681 4653 6
1718 4603 1892 4653 Δαυῖδ.
1939 4605 2022 4665 Ὦς
2047 4603 2100 4654 δὲ
2130 4605 2284 4656 πάλιν

736 4691 987 4742 ἐπέθεντο
1011 4727 1025 4752 ,
1076 4688 1337 4740 κωλύεται
1372 4690 1517 4756 παρὰ
1544 4687 1636 4739 τοῦ
1669 4687 1802 4739 Θεοῦ
1856 4690 1931 4750 είς
1968 4691 2284 4757 συνάντησιν

735 4778 912 4836 αὐτοῖς
942 4774 1197 4827 ἀνελθεῖν.
1223 4775 1360 4825 Ἀλλ’
1402 4777 1504 4826 Ἐν
1528 4774 1606 4836 τῷ
1635 4774 1892 4826 ἀκοῦσαί
1929 4791 2029 4839 σε,
2067 4776 2228 4844 φησὶν
2257 4779 2283 4828 ό

736 4863 885 4933 [549]
904 4862 1052 4925 Θεὸς,
1075 4862 1187 4927 τὴν
1207 4861 1414 4928 φωνὴν
1443 4861 1545 4913 τοῦ
1568 4862 1818 4928 σεισμοῦ
1842 4862 1946 4915 τοῦ
1981 4863 2286 4930 κλαυθμῶ-

734 4965 855 5012 γος,
873 4950 1004 5000 τότε
1026 4948 1287 5016 πολέμει.
1313 4949 1441 4998 Τότε
1466 4948 1571 5016 γὰρ
1596 4948 1971 5016 παραδίδονταί
1998 4966 2096 5001 σοι.
2134 4951 2285 5002 Ἀνά-

733 5051 818 5101 γει
834 5035 930 5101 τὴν
955 5036 1179 5085 κιϐωτὸν
1204 5037 1231 5086 6
1264 5033 1441 5092 Δαυῖδ,
1458 5035 1548 5084 καὶ
1567 5034 1891 5101 ἀποθνήσκει
1912 5033 2061 5097 Ὀζᾶ,
2082 5037 2160 5086 ὅτι
2212 5036 2286 5100 ἐξ·

732 5123 898 5174 ἐτεινε
922 5121 1019 5188 τὴν
1049 5125 1202 5188 χεῖρα
1219 5123 1380 5173 αὐτοῦ
1414 5122 1546 5188 πρὸς
1579 5121 1675 5189 τὴν
1700 5121 1943 5173 κιϐωτόν.
2001 5123 2087 5184 Ὠς
2111 5123 2164 5174 δὲ
2194 5126 2285 5174 ἀν-

734 5207 944 5274 ήγετοή
977 5206 1222 5266 κιϐωτὸς,
1263 5207 1486 5274 ὠρχεῖτο
1511 5209 1537 5258 6
1563 5206 1740 5269 Δαυῒδ,
1763 5207 1855 5258 καὶ
1883 5207 2228 5278 ἐξουθένησεν
2253 5212 2284 5277 ή

733 5291 978 5361 Μελχὼλ.
1008 5291 1140 5342 Τότε
1172 5290 1487 5358 βουλόμενος
1515 5294 1542 5343 6
1563 5291 1721 5343 Δαυῒδ
1758 5293 2100 5362 οἰκοδομῆσαι
2137 5293 2282 5357 ναὸν,

793 5435 816 5461 ⁸
851 5434 1018 5488 ἰάϐης.
1041 5431 1165 5478 Infra
1207 5430 1366 5484 Ἰαϐἐς.

742 5556 744 5559 ι
793 5493 818 5531 b
842 5493 964 5540 Nota
989 5492 1188 5539 verbum
1217 5491 1474 5551 βασιλεύειν
1497 5492 1652 5540 active
1693 5500 1956 5554 sumptum,
1983 5508 2082 5554 pro.
2116 5509 2282 5556 regem

729 5558 890 5675 Lugii:
920 5612 1037 5675 e_dit.
1061 5611 1226 5675 _Rom_.r
1247 5612 1441 5675 Bqavo'z,_
1464 5616 1514 5657 Pl
1548 5612 1743 5672 Ῥηχάϐ.
1770 5614 1965 5664 Coislin.
2007 5615 2165 5675 Ἰχαάϐ
2205 5618 2282 5661 καὶ

731 5671 922 5724 Βανέας.
939 5670 1158 5731 Lugdun.
1191 5670 1349 5731 Ῥιχάν
1372 5673 1446 5717 καί
1470 5670 1651 5726 Βενέας.

1407 373 1464 428 S.
1495 370 1775 429 JOA‘NNIS
1805 365 2292 423 CHRYSOSTOMI
2332 367 2645 424 ARCIIIEP.
2675 370 3221 429 CONSTANTINOP.

3856 399 3967 452 346

2398 479 2660 532 κωλύεται
2689 481 2792 534 ὑπὸ
2817 483 2910 534 τοῦ
2931 485 3115 536 Νάθαν
3142 483 3234 536 τοῦ
3267 488 3565 557 προφήτου,
3610 487 3703 540 καὶ
3740 490 3961 560 εὔχεται

2397 566 2731 636 εὐχαριστῶν
2773 570 2907 638 πρὸς
2943 572 3032 623 τὸν
3065 572 3195 623 Θεὸν
3223 614 3238 635 ,
3284 574 3622 644 εὐχαριστῶν
3663 575 3799 646 ὑπὲρ
3852 578 3958 630 τῶν

2397 651 2732 718 ἐπαγγελιῶν
2760 647 2832 706 ὧν
2869 656 3115 725 ἤκουσεν.
3155 657 3417 720 Ἐπάταξε
3450 659 3612 710 Δαυῒδ
3637 662 3757 724 τοὺς
3799 663 3956 714 ἀλλος

2397 737 2591 804 φύλους
2621 739 2712 791 καὶ
2737 740 2828 791 τὸν
2857 741 3028 794 Μωάϐ
3057 742 3148 793 καὶ⁵
3179 743 3303 801 τοὺς
3333 743 3553 812 Σύρους,
3603 747 3692 796 καὶ
3716 746 3785 799 τὰ
3814 748 3956 801 ὅπλα

2395 821 2462 873 τὰ
2505 826 2697 892 χρυσᾶ,
2727 823 2762 877 ἃ
2795 825 3003 891 ἐλαϐεν,
3033 828 3258 896 ἤνεγκεν
3285 829 3364 890 είς
3405 829 3774 900 Ἰερουσαλὴμ,
3807 833 3956 905 ἅπερ

2397 906 2619 977 ὕστερον
2663 909 2821 961 ἔλαϐε
2871 911 3174 980 Σουσακεὶμ
3215 912 3462 980 βασιλεὺς
3507 916 3800 980 Αἰγύπτου.
3845 920 3954 972 Καὶ

2397 991 2567 1044 πολλά
2588 995 2895 1063 ἀναθέματα
2927 997 3190 1067 ἀνέθηκεν
3215 1000 3242 1050 6
3275 999 3454 1052 Δαυῖδ.
3498 1001 3660 1063 Ἀξιοῖ
3678 1003 3769 1054 τὸν
3795 1005 3952 1074 Μεμ-

2397 1077 2597 1142 φιϐαάλ
2657 1080 2767 1131 υίὸν
2831 1081 3081 1134 Ἰωνάθαν
3141 1085 3414 1153 τραπέζης
3480 1086 3794 1156 βασιλικῆς,
3861 1092 3955 1141 καὶ

2396 1163 2570 1216 πάντα
2608 1164 2676 1216 τὰ
2721 1163 2812 1216 τοῦ
2843 1165 3011 1219 Σαοὺλ
3051 1166 3261 1222 δίδωσιν
3288 1168 3450 1238 αὐτῷ.
3493 1173 3602 1224 Καὶ
3633 1173 3844 1225 κελεύει
3877 1175 3954 1242 τῷ

2397 1248 2562 1316 Σίϐᾳ,
2611 1250 2668 1312 ὃς
2702 1246 2770 1319 ἦν
2815 1251 2961 1320 αὐτῷ
2993 1251 3177 1315 δοῦλος
3211 1256 3504 1324 πατρικὸς,
3553 1257 3822 1311 δουλεύειν
3875 1260 3954 1328 τῷ

2397 1335 2725 1402 Μεμφιϐαάλ
2771 1338 2906 1405 μετά
2931 1339 3040 1390 τῶν
3079 1340 3282 1392 τέκνων
3310 1343 3494 1397 αὐτοῦ.
3527 1345 3737 1411 Πέμπει
3767 1346 3824 1399 δέ
3859 1351 3953 1401 καὶ

2397 1421 2532 1486 πρὸς
2557 1421 2645 1472 τὸν
2679 1422 2902 1489 βασιλέα
2933 1423 3063 1476 υίῶν
3107 1425 3326 1494 Ἀμμὼν
3351 1430 3762 1496 παρακαλέσων,
3801 1433 3951 1484 ἐπει-

2396 1503 2458 1572 δὴ
2491 1503 2734 1573 τεθνήκει
2763 1506 2924 1559 αὑτοῦ
2955 1511 2982 1560 6
3014 1511 3212 1578 πατήρ.
3243 1511 3300 1562 '0
3329 1511 3382 1562 δὲ
3411 1512 3513 1564 ὑπὸ
3543 1515 3648 1566 τῶν
3673 1517 3952 1584 ἀρχόντων

2397 1588 2558 1641 αὐτοῦ
2591 1591 2954 1655 ἀναπεισθεὶς,
2979 1594 3228 1664 ἀτιμάζει
3256 1598 3380 1660 τοὺς
3418 1599 3817 1664 ἀποσταλέντας
3844 1604 3956 1656 ὑπὸ

2395 1673 2488 1726 τοῦ
2532 1675 2693 1728 Δαυῒδ
2734 1679 2812 1740 είς
2854 1680 3212 1749 παράκλησιν.
3253 1683 3523 1736 Ἐντεῦθεν
3547 1685 3749 1752 γίνεται
3784 1689 3952 1740 πόλε·

2400 1779 2497 1830 μος
2515 1779 2527 1789 ⁵
2559 1765 2650 1816 καὶ
2675 1764 2734 1816 τὸ
2762 1766 2858 1834 μὲν
2891 1768 3102 1837 πρῶτον
3130 1769 3339 1839 ἔπεμψε
3364 1771 3452 1824 τὸν
3491 1773 3665 1837 ’Ῑωάϐ,
3699 1769 3817 1827 εἶτα
3848 1772 3951 1846 ἦλ-

2397 1848 2487 1900 θεν
2513 1850 2682 1935 λαύτὸς
2713 1853 2741 1903 6
2774 1852 2966 1917 Δανῖδ,
2997 1855 3090 1907 καὶ
3131 1856 3389 1926 τρέπεται
3415 1860 3537 1920 τοὺς
3572 1860 3820 1935 ἐχθρούς.
3869 1863 3954 1917 Τὰ

2397 1933 2535 1986 κατά
2559 1935 2645 1987 τὸν
2669 1936 2866 2005 Οὐρίαν
2895 1939 3142 1991 ἐντεῦθεν
3176 1943 3268 1993 καὶ
3299 1942 3395 2011 τὴν
3429 1933 3723 2012 Βηρσαϐεέ,
3769 1949 3864 1998 καὶ
3890 1949 3953 1999 τὸ

2396 2019 2600 2072 παιδίον
2643 2021 2703 2073 τὸ
2747 2022 3086 2092 τελευτῆσαν.
3137 2026 3270 2078 Μεθ’
3319 2027 3347 2079 6
3389 2027 3624 2081 τίκτεται
3673 2031 3950 2099 Σολομὼν.

2396 2105 2624 2174 Πολεμεῖ
2648 2109 2676 2160 6
2705 2109 2857 2160 Ὶωαϐ
2879 2110 2977 2177 τὴν
3001 2110 3261 2176 Ῥαυάθά,
3295 2117 3386 2164 καὶ
3426 2114 3560 2181 μετά
3587 2115 3646 2166 τὸ
3675 2119 3953 2185 κρατῆσαι

2394 2193 2490 2260 τῆς
2516 2193 2718 2254 πόλεως
2738 2234 2750 2257 ,
2803 2195 3004 2263 πέμπει
3032 2197 3120 2247 ἐπὶ
3151 2198 3242 2249 τὸν
3273 2197 3462 2261 Δαυῒδ,
3499 2200 3813 2269 βουλόμενος
3851 2205 3952 2272 τὴν

2394 2277 2546 2346 νίκην
2569 2279 2755 2348 ἐκείνῳ
2775 2281 3164 2349 ἐπιγραφῆναι.
3195 2281 3325 2350 Ἐρᾷ
3353 2285 3380 2334 6
3411 2285 3520 2346 υίὸς
3550 2287 3708 2338 Δαυῒδ
3736 2289 3788 2339 Ἀ
3801 2290 3954 2355 μνῶν

2392 2361 2490 2429 τῆς
2537 2363 2763 2432 ἀδελφῆς
2805 2365 2966 2416 αὐτοῦ
3015 2367 3111 2435 τῆς
3157 2367 3384 2437 Θάμαρ,
3427 2371 3517 2419 καὶ
3561 2375 3953 2441 προσποιηθεὶς

2393 2447 2578 2509 νόσον,
2639 2449 2892 2501 ἐλθοῦσαν
2942 2452 3106 2521 αὐτὴν
3161 2453 3240 2514 είς
3297 2453 3580 2522 ἐπίσκεψιν
3639 2457 3947 2526 ἐξύϐρισεν.

2407 2535 2664 2597 Ἀκούσας
2706 2535 2761 2588 δὲ
2801 2537 2829 2587 6
2877 2537 3099 2605 ἁδελφὸς
3139 2540 3307 2608 αὐτῆς
3358 2541 3740 2611 Ἀϐεσσαλὼμ,
3792 2546 3954 2598 καλεῖ

2399 2620 2534 2687 μετά
2561 2620 2734 2674 ταῦτα
2760 2622 2847 2673 τὸν
2879 2623 3098 2691 βασιλέα
3133 2627 3211 2686 είς
3240 2626 3477 2676 ἑστίασιν
3497 2641 3510 2654 '
3537 2628 3609 2690 ῶς
3639 2629 3692 2679 δὲ
3723 2630 3822 2680 οὐκ
3855 2627 3952 2699 ἦλ-

2394 2703 2483 2756 θεν
2513 2707 2738 2769 ἐκεῖνος,
2769 2707 2918 2775 ἠξίου
2946 2711 3068 2770 τοὺς
3107 2707 3236 2776 γοῦν
3269 2711 3522 2778 ἀδελφοὺς
3557 2713 3747 2766 ἐλθεῖν,
3794 2715 3952 2767 Ἐπεὶ

2391 2791 2446 2843 δὲ
2467 2787 2646 2860 ἦλθον,
2684 2795 3011 2863 παρήγγειλε
3042 2799 3150 2855 τοῖς
3176 2797 3366 2848 ἑαυτοῦ
3397 2799 3600 2862 παισὶν,
3623 2801 3712 2850 καὶ
3735 2801 3952 2851 ἀνεῖλον

2392 2879 2448 2927 ἐν
2479 2879 2733 2947 αὐτῷτῴ
2766 2881 2970 2948 ἀρίστῳ
3013 2881 3100 2932 τὸν
3154 2881 3382 2950 Ἀμνὼν.
3438 2885 3520 2947 Ὠς
3566 2885 3619 2935 δὲ
3665 2887 3900 2954 ἤκουσεν
3925 2893 3953 2940 6

2392 2963 2571 3022 Δαυῒδ,
2605 2965 2897 3032 ἐπένθησεν
2931 2968 3148 3031 ἱκανῶς,
3179 2970 3270 3019 καὶ
3298 2968 3554 3038 ὠργίζετο
3583 2971 3658 3038 τῷ
3689 2972 3950 3024 Ἀϐεσσα-

2393 3046 2526 3116 λώμ.
2569 3051 2626 3100 ὐ
2661 3050 2717 3100 δὲ
2760 3052 2999 3121 ἀπέδρα’
3047 3053 3136 3104 καὶ
3187 3055 3321 3121 μετά
3369 3055 3459 3124 ἔτη
3497 3055 3638 3122 τρία,
3685 3057 3773 3108 ὅτε
3822 3062 3954 3111 καθ-

2392 3133 2566 3201 υφῆκε
2604 3135 2701 3202 τῆς
2739 3136 2905 3205 ὀργῆς
2944 3139 2971 3188 6
3017 3137 3300 3207 βασιλεὺς,
3350 3139 3621 3208 σοφίζεται
3667 3143 3820 3194 Ἰωάϐ
3863 3146 3954 3196 διὰ

2393 3219 2644 3283 γυναικὸς
2691 3221 3044 3284 Θεκωῖτιδος,
3097 3225 3188 3276 καὶ
3238 3225 3407 3277 πείθει
3454 3228 3813 3293 ἐπαναγαγεῖν
3858 3231 3953 3285 τὸ]

2404 3303 2769 3374 Ἀϐεσσαλώμ.
2813 3306 3198 3360 Ἐπανελθόντα
3231 3310 3287 3362 δὲ
3315 3311 3412 3363 οὐκ
3447 3311 3704 3380 ἠθέλησεν
3736 3314 3951 3377 εὐθέως

2395 3390 2518 3442 ίδεῐν
2569 3394 2597 3442 6
2641 3392 2839 3460 πατὴρ,
2893 3394 3006 3445 ἀλλ’
3043 3390 3110 3464 ἦν
3153 3396 3243 3446 δύο
3274 3399 3362 3465 ἔτη
3409 3401 3465 3449 ἐν
3505 3399 3856 3468 Ἰερουσαλὴμ
3894 3403 3952 3466 ἐξ

2391 3476 2559 3542 ὄψεως
2605 3475 2697 3527 τοῦ
2747 3478 3029 3543 βασιλέως.
3085 3479 3214 3530 Τότε
3267 3482 3419 3532 καλεῖ
3460 3485 3549 3535 τὸν
3592 3485 3778 3535 Ίωά6’
3829 3489 3858 3536 6
3894 3487 3950 3536 δὲ

2390 3561 2484 3628 οὐχ
2531 3562 2852 3630 ὑπήκουσεν.
2903 3561 3033 3617 Εἶτα
3063 3565 3354 3636 ἐνέπρησεν
3402 3568 3564 3619 αὐτοῦ
3611 3570 3702 3620 τὸν
3750 3571 3948 3637 ἀγρὸν,

2393 3651 2482 3700 καὶ
2521 3649 2689 3710 οὕτως
2733 3651 3092 3717 ἀναγκασθεὶς
3121 3647 3249 3722 ἦλθε
3276 3654 3406 3723 πρὸς
3439 3656 3528 3707 τὸν
3569 3657 3949 3727 Ἀϐεσσαλὼμ,

2393 3737 2482 3787 καὶ
2513 3735 2835 3798 ἀποσταλεὶς
2883 3737 2974 3788 ὑπ’
3015 3738 3176 3791 αὐτοῦ
3208 3741 3340 3809 πρὸς
3395 3743 3482 3793 τὸν
3525 3742 3766 3810 βασιλέα,
3817 3763 3952 3796 κατ-

2391 3824 2614 3892 ήλλαξεν
2688 3825 2878 3886 αὐτὸν,
2949 3827 3042 3877 καὶ
3103 3829 3361 3896 εἰσήγαγε
3414 3828 3503 3880 τὸν
3571 3832 3947 3902 ’Λϐεσσαλώμ.

2406 3909 2652 3978 Ἐποίησε
2677 3911 2730 3961 δὲ
2755 3910 2902 3979 αὐτῷ
2935 3912 3153 3980 ἅρματα
3200 3914 3292 3965 καὶ
3340 3914 3533 3976 ἵππους
3569 3916 3948 3987 ’Δ6εσσαλὼμ,

2393 3995 2483 4044 καὶ
2521 3997 2646 4056 τοὺς
2679 3996 3003 4063 ἐρχομένους
3048 3996 3323 4064 κρίνεσθαι
3378 4001 3512 4066 μετά
3560 4000 3754 4069 πολλῆς
3809 4004 3952 4054 ἀπο-

2391 4079 2674 4148 δεχόμενος
2699 4081 2864 4149 τιμῆς
2884 4120 2898 4144 ,
2928 4081 3112 4150 ἐπῄνει
3165 4082 3260 4150 μὲν
3291 4083 3364 4144 ὡς
3393 4083 3569 4135 δίκαια
3593 4085 3767 4150 λέγειν
3797 4087 3953 4155 ἕχον-

2391 4181 2507 4226 τας,
2541 4164 2676 4216 ἐλέει
2719 4165 2774 4217 δέ
2818 4166 2892 4227 ὠς
2929 4166 3138 4228 οὐδενὸς
3173 4166 3321 4230 ὄντος
3344 4167 3436 4218 τοῦ
3479 4169 3677 4236 ἀμῦναι
3709 4170 3950 4240 δυναμέ-

2392 4267 2502 4311 νου,
2531 4251 2623 4301 καὶ
2650 4249 2829 4315 ἐλεγε-
2855 4252 2950 4315 Τίς
2979 4251 3341 4317 καταστήσει
3361 4270 3435 4320 με
3472 4254 3677 4320 κριτὴν
3706 4257 3805 4309 ἐπὶ
3839 4259 3952 4324 τῆς

2393 4335 2503 4403 γῆς
2520 4353 2538 4400 ;
2576 4338 2667 4389 καὶ
2692 4337 2862 4399 οὕτως
2898 4338 3154 4406 ᾠκειοῦτο
3178 4340 3267 4391 τὸν
3296 4340 3440 4392 λαόν.
3482 4343 3866 4397 Ἐπανίσταται
3895 4349 3954 4402 δὲ

2406 4422 2752 4491 Ἀὄεσσαλὼμ
2788 4423 2863 4491 τῷ
2897 4425 3055 4477 Δαυῖδ
3075 4442 3089 4457 ·
3120 4427 3148 4476 6
3177 4427 3233 4478 δὲ
3266 4428 3498 4489 ἀκούσας
3528 4429 3723 4496 ἔφυγεν
3753 4432 3816 4481 ἐκ
3850 4433 3953 4500 τῆς

2403 4508 2783 4578 Ἰερουσαλὴμ,
2816 4510 2968 4576 ἀφεὶς
3003 4511 3100 4572 τὰς
3151 4512 3427 4576 παλλακὰς
3459 4515 3621 4566 αὐτοῦ
3654 4518 3709 4566 ἐν
3739 4521 3806 4588 τῇ
3845 4521 3949 4570 πό-

2391 4593 2486 4645 λει.
2517 4594 2845 4662 Βουλομένου
2877 4596 2970 4646 τοῦ
2993 4596 3112 4648 Ἐθι
3141 4598 3570 4666 συμπορεύεσθαι
3600 4601 3767 4670 αὐτῷ,

2389 4679 2456 4740 τὸ,
2480 4680 2577 4746 μὲν
2610 4680 2822 4748 πρῶτον
2857 4681 3108 4745 ἐκώλυεν,
3150 4684 3269 4734 ἐπεὶ
3311 4674 3366 4735 δέ
3409 4679 3545 4736 εἶδεν
3573 4689 3951 4756 ἐπικείμενον,

2390 4765 2585 4818 εἴασεν.
2622 4765 2706 4826 Ὠς
2753 4766 2808 4817 δὲ
2848 4765 3100 4835 διέϐησαν
3141 4767 3231 4819 τὸν
3262 4770 3610 4839 χειμάρρουν,
3645 4776 3953 4842 προσέταξε

2387 4854 2498 4910 τοῖς
2528 4849 2758 4916 ἱερεῦσιν
2791 4852 3126 4920 ἀποστρέψαι
3151 4855 3249 4921 τὴν
3277 4854 3502 4906 κιϐωτὸν
3531 4859 3607 4917 είς
3643 4859 3741 4926 τὴν
3767 4860 3950 4916 πόλιν,

2390 4935 2558 4996 Αὐτὸς
2579 4935 2633 4985 δὲ
2663 4937 2973 5011 περιμένειν
3000 4940 3192 5000 αὐτοὺς
3216 4938 3316 5007 ἔφη
3346 4942 3477 5009 πρὸς
3507 4945 3570 5011 τῇ
3601 4943 3776 5014 ἐλαία,
3810 4950 3869 4999 ετ
3900 4966 3953 5000 τι

2390 5022 2558 5090 ἔχοιεν
2621 5023 2730 5074 τῶν
2804 5024 2895 5075 τοῦ
2976 5024 3231 5092 βασιλέως
3297 5029 3617 5098 ἀπορρήτων
3686 5032 3950 5097 ἐξειπεῖν.

2403 5109 2641 5177 Ἀπαντᾷ
2668 5109 2743 5177 τῷ
2779 5109 2942 5161 Δαυῒδ
2986 5113 3013 5162 6
3053 5114 3241 5167 Χουσί.
3281 5115 3337 5165 Ὀ
3360 5116 3415 5167 δὲ
3441 5117 3752 5170 ἀπέστειλεν
3783 5122 3956 5175 αὐτὸν

2390 5193 2465 5260 τῷ
2510 5194 2785 5262 Ἀχιτόφελ
2816 5197 3381 5267 ἐναντιωθησόμενον,
3427 5202 3485 5263 ὃς
3532 5199 3599 5271 ῆν
3642 5204 3956 5272 σύμϐουλος

2390 5279 2464 5347 τῷ
2514 5281 2880 5350 Ἀϐεσσαλώμ.
2932 5283 3019 5345 Ὠς
3061 5285 3118 5336 δὲ
3159 5286 3399 5353 ἀπῆλθεν
3435 5290 3621 5351 αὐτὸς,
3669 5290 3896 5358 ἔρχεται
3925 5297 3959 5348 6

2393 5367 2542 5430 Σιϐᾶ,
2577 5368 2669 5418 καὶ
2699 5371 3076 5438 κατηγορήσας
3105 5372 3198 5422 τοῦ
3229 5373 3486 5424 δεσπότου
3525 5375 3686 5426 αὐτοῦ
3714 5379 3958 5447 Μεμφι-

2391 5451 2556 5515 ϐαὰλ,
2589 5453 2662 5513 ὡς
2711 5453 3026 5522 βουλομένου
3073 5456 3237 5508 αὐτοῦ
3286 5457 3633 5525 βασιλεῦσαι,
3676 5463 3958 5531 λαμϐάνει

2457 5676 2482 5710 σι
2519 5675 2702 5734 Ῥοδάθ,
2727 5678 2776 5724 iu
2799 5678 2914 5727 edit.
2944 5681 3079 5729 Hom.
3109 5681 3328 5730 Ῥαϐϐάθ.
3353 5683 3548 5732 Coislin.
3587 5683 3777 5732 Ῥανιὶθ.
