4138 6306
202 384 317 439 345

214 496 309 535 sus
350 481 510 536 David
551 481 616 536 ab
639 481 868 537 exercitu
892 481 1020 551 (non
1050 481 1188 533 enim
1211 480 1449 534 sinebant
1497 481 1666 548 ipsum
1690 495 1777 534 sa-

215 583 383 642 trapa:
419 573 830 641 alienigenarum
863 586 1044 626 secum
1076 571 1129 624 in
1176 571 1410 639 prazlium
1456 569 1744 638 procedere
1765 609 1779 634 ,

213 663 548 730 suspicantes
595 676 661 715 ne
709 661 997 715 exercitum
1041 675 1193 714 suum
1243 657 1529 730 proderet),
1587 658 1784 712 invenit

212 750 432 805 Secelac
475 751 774 814 incensam,
819 750 1154 818 sublatasque
1209 749 1451 803 mulieres
1496 767 1509 803 :
1562 751 1780 817 captiva:

213 857 446 910 namque
472 842 712 895 abductae
740 841 962 896 fuerant.
993 840 1317 908 lnterrogato
1338 850 1511 894 autem
1538 841 1678 905 Deo,
1710 855 1776 894 an

213 935 421 1002 insequi
451 934 698 996 deberet,
732 934 927 1002 illoque
972 932 1323 1000 respondente
1347 973 1360 996 ,
1389 932 1603 993 debere,
1638 932 1778 985 inse-

211 1032 467 1092 sequutus
491 1024 610 1077 illos
631 1033 731 1078 est.
761 1024 955 1076 Etcum
977 1021 1245 1075 didicisset
1270 1037 1298 1075 a
1327 1035 1488 1090 puero
1507 1020 1774 1090 Aigyptio,

211 1113 430 1168 ubinam
461 1122 973 1177 castrametarentur,
1015 1112 1249 1178 segniter
1282 1121 1497 1179 agentes
1525 1110 1776 1164 invadens

213 1203 475 1271 percussit
500 1203 618 1255 illos
636 1241 650 1266 ,
679 1209 733 1254 et
775 1201 939 1268 spolia
971 1201 1208 1268 accepit,
1235 1208 1286 1252 et
1313 1200 1498 1268 :cqnali
1526 1208 1669 1252 sorte
1696 1198 1776 1252 di-

210 1295 338 1347 visit
358 1294 462 1347 illis
486 1293 572 1361 qui
606 1299 978 1361 pugnaverant,
1010 1301 1062 1345 et
1090 1291 1194 1346 illis
1215 1291 1303 1358 qui
1326 1291 1376 1342 in
1406 1291 1544 1344 vasis
1570 1304 1776 1343 manse-

210 1391 352 1436 rant.
396 1383 524 1436 Cum
553 1383 889 1435 commissum
919 1389 1091 1435 autem
1135 1380 1372 1448 prmlium
1417 1378 1600 1432 fuisset
1641 1379 1775 1432 inter

210 1471 462 1524 lsraelem
491 1480 543 1524 et
568 1470 887 1538 alienigenas
906 1510 920 1531 ,
949 1469 1190 1522 cecidere
1229 1469 1353 1522 Saﬁl
1393 1477 1446 1521 et
1473 1466 1734 1522 Jonathan
1755 1508 1770 1533 ,

207 1571 264 1614 et
287 1561 395 1615 duo
422 1561 506 1613 alii
536 1561 624 1612 filii
647 1560 761 1628 ejus
791 1577 803 1612 :
834 1569 888 1613 et
911 1569 1122 1628 captum
1147 1559 1314 1627 ipsum
1347 1558 1526 1612 hostes
1548 1572 1772 1626 suspen-

207 1651 402 1705 derunt
427 1652 476 1704 in
513 1665 662 1703 muro
700 1649 911 1703 Bithsan
936 1691 948 1713 ,
989 1664 1106 1717 qua:
1144 1657 1225 1702 est
1252 1648 1612 1718 Scythopolis.
1666 1647 1771 1701 Vc-

207 1744 418 1796 nientes
446 1751 617 1795 autem
649 1742 744 1793 viri
778 1741 842 1795 de
869 1741 1024 1795 Jabes
1044 1781 1059 1805 ,
1089 1747 1407 1809 acceperunt
1443 1754 1561 1794 eum
1589 1747 1642 1793 et
1676 1737 1768 1792 Jo-

208 1831 404 1884 natban
426 1873 440 1894 ,
472 1839 524 1884 et
551 1831 892 1898 sepelierunt.

709 1957 985 1997 RECNORUH
1025 1957 1174 1995 LIBER
1213 1955 1270 1995 ll.

279 2058 436 2112 Venit
463 2058 721 2127 quispiam
749 2058 1063 2111 annuntians
1090 2058 1270 2111 Davidi
1292 2098 1304 2122 ,
1333 2073 1390 2113 se
1416 2057 1624 2113 Saﬁlem
1671 2072 1766 2112 oc-

204 2149 401 2203 cidisse
429 2167 440 2200 :
465 2159 516 2202 et
539 2148 798 2202 interfecit
827 2149 971 2202 illum
1001 2149 1196 2213 David;
1228 2149 1462 2218 luxitque
1482 2150 1690 2204 Sai'tlem
1713 2161 1768 2204 et

202 2238 467 2291 Jonathan
493 2280 508 2300 ,
536 2248 589 2291 et
622 2239 867 2292 intinctus
895 2249 973 2292 est
1004 2239 1054 2291 in
1084 2254 1282 2307 regem.
1326 2239 1479 2293 Mittit
1524 2239 1589 2293 ad
1621 2240 1768 2293 habi-

204 2338 404 2382 latores
430 2328 586 2381 Jabes
616 2328 812 2382 Galaad
835 2369 847 2390 ,
880 2328 1096 2382 laudans
1120 2329 1235 2382 illos
1260 2329 1400 2398 qum
1431 2330 1766 2397 sepeliissont

201 2417 435 2472 Saulcm.
457 2419 519 2471 Et
545 2419 788 2471 Abenner
809 2419 910 2470 dux
934 2419 1102 2472 Saulis
1130 2435 1304 2487 regem
1327 2420 1533 2475 lsraelis
1564 2423 1762 2476 consti-

205 2509 300 2560 tuit
334 2507 750 2574 Mcmpbibostbe
779 2508 851 2577 (a)
897 2507 1058 2560 tilium
1102 2509 1294 2563 Sai‘tlis.
1339 2510 1499 2564 David
1531 2527 1654 2566 vero
1681 2528 1762 2566 re-

202 2599 384 2662 gnavit
435 2599 482 2648 in
518 2597 723 2650 Judam.
761 2598 826 2651 Ut
874 2610 1049 2652 autem
1100 2610 1442 2654 occurrerunt
1491 2602 1587 2653 sibi
1631 2602 1762 2656 Joab

205 2688 439 2751 Davidis,
469 2697 521 2740 et
553 2688 798 2740 Abeuner
821 2687 993 2742 Saulis
1014 2691 1202 2753 duces,
1238 2699 1290 2744 et
1315 2692 1655 2745 commissura
1681 2701 1763 2746 est

201 2776 436 2845 pratlium
464 2792 492 2828 a
531 2777 840 2843 jnventute,
889 2788 1237 2846 persequutus
1267 2789 1348 2832 est
1393 2782 1550 2835 Asaél
1603 2781 1763 2835 frater

199 2867 333 2920 .loab
363 2868 611 2921 Ahenuer
640 2885 653 2919 :
685 2885 789 2936 quo
816 2882 954 2936 saepe
979 2869 1195 2936 jubente
1225 2878 1280 2922 ut
1321 2871 1628 2934 recederet,
1661 2887 1760 2925 no—

199 2957 294 3011 luit
321 2958 427 3011 ille.
462 2957 603 3011 Tunc
642 2959 832 3012 occidit
859 2975 977 3012 cum
1019 2959 1282 3025 Abenner,
1315 2971 1368 3014 et
1393 2970 1577 3016 vocato
1597 2963 1761 3016 Joabo

200 3049 443 3102 hortatur
472 3059 527 3102 ut
571 3049 841 3116 prarliandi
893 3049 1048 3104 finem
1093 3050 1270 3104 faciat.
1300 3051 1608 3121 Bellumque
1646 3061 1762 3107 erat

200 3139 336 3191 inter
362 3139 578 3190 domum
607 3139 778 3191 Saulis
804 3147 854 3190 et
881 3138 1092 3191 domum
1124 3140 1305 3191 David.
1340 3139 1408 3192 Et
1438 3141 1526 3192 ille
1549 3141 1757 3208 quidem

198 3230 500 3294 deliciebat,
535 3229 617 3282 hic
643 3244 768 3282 vero
795 3230 1221 3283 confirmabatur.
1251 3229 1604 3285 Concubinam
1627 3231 1758 3284 Sail-

198 3319 262 3371 lis
302 3320 403 3372 sibi
453 3320 611 3371 sumit
657 3319 903 3374 Abenucr
933 3338 943 3373 :
977 3320 1274 3388 objurgavit
1318 3319 1755 3388 Memphibostbe.

201 3409 366 3464 Iratus
408 3409 655 3461 Abenner
700 3409 858 3461 mittit
886 3409 951 3462 ad
1005 3409 1288 3474 Davidem,
1340 3411 1652 3479 promittens
1700 3425 1758 3463 se

199 3505 363 3548 totum
399 3497 469 3548 illi
493 3497 740 3564 populum
767 3497 1031 3550 daturum.
1061 3497 1368 3552 Vcnieutcm
1406 3497 1468 3552 ad
1491 3514 1547 3553 se
1574 3499 1758 3552 convi-

200 3594 286 3640 vio
312 3589 519 3656 excepit
548 3588 728 3642 David.
779 3588 844 3643 Ut
872 3599 1046 3643 autem
1092 3589 1143 3642 id
1173 3589 1375 3642 audivit
1399 3605 1519 3643 cum
1562 3606 1591 3644 e
1616 3590 1756 3644 bello

199 3694 444 3733 reversus
464 3679 707 3745 estJoah,
727 3689 999 3733 evocatura
1031 3681 1368 3734 Abennernm
1391 3681 1514 3733 dolo
1543 3681 1754 3744 occidit,

198 3778 253 3819 ut
278 3768 586 3837 sanguinem
624 3767 802 3820 fratris
839 3770 918 3822 sui
961 3770 1324 3823 ulcisceretur.
1367 3771 1445 3823 Re
1487 3783 1755 3839 comperta

198 3857 362 3910 David
394 3857 659 3911 maledicit
686 3858 884 3920 Joabo,
915 3868 968 3911 et
994 3859 1133 3926 luget
1161 3859 1494 3912 Abennerum
1517 3901 1532 3925 ,
1555 3875 1614 3914 ac
1637 3875 1754 3914 cum

199 3952 400 4002 honore
430 3949 590 4002 multo
619 3949 825 4015 sepelit.
857 3948 1044 4002 lcltaah
1071 3959 1122 4002 et
1158 3949 1357 4003 Danaas
1402 3950 1535 4003 clam
1581 3952 1757 4005 occiso

197 4041 618 4109 Memphibosthe
646 4049 902 4094 venerunt
925 4040 990 4094 ad
1025 4041 1183 4094 David
1211 4083 1224 4100 ,
1253 4056 1315 4095 ac
1331 4041 1374 4094 si
1397 4042 1593 4095 caedem
1623 4044 1756 4094 hanc

198 4132 450 4198 prazclare
490 4131 797 4199 gessissent.
851 4131 943 4184 llle
990 4146 1116 4184 vero
1143 4131 1238 4183 bos
1283 4130 1561 4183 interfecit.
1609 4131 1756 4184 Tunc

199 4223 356 4275 totius
384 4221 561 4288 populi
590 4236 677 4274 rex
702 4220 929 4273 efficitur
974 4219 1136 4272 David
1155 4259 1168 4284 ,
1215 4228 1269 4272 et
1293 4219 1435 4272 venit
1458 4218 1749 4272 Jerusalem

196 4312 258 4362 ad
279 4312 605 4374 Jebuszeum,
635 4309 1027 4378 impediuntque
1052 4309 1195 4362 illum
1225 4308 1395 4362 claudi
1425 4324 1490 4362 ne
1515 4309 1752 4372 intraret,

195 4415 651 4478 ctceprtarcenmt
672 4403 947 4459 a+diticavit
969 4403 1066 4460 sibi
1083 4403 1316 4457 domum.
1351 4399 1478 4452 Cum
1508 4398 1598 4452 illo
1622 4413 1756 4466 quo-

195 4512 296 4562 que
323 4495 495 4549 fwdus
525 4495 749 4548 habebat
776 4491 1001 4564 Chyram
1034 4508 1124 4546 rex
1163 4491 1308 4560 Tyri.
1341 4491 1540 4544 Bellum
1587 4505 1756 4543 move-

198 4594 318 4637 runt
375 4587 715 4652 alienigena,
773 4593 827 4637 et
866 4598 1112 4651 egressus
1163 4582 1294 4634 fudit
1340 4597 1430 4634 eos
1463 4581 1640 4634 David.
1690 4581 1759 4634 Ut

197 4687 370 4728 autem
405 4690 580 4727 rursus
628 4677 961 4737 invaserunt,
1010 4689 1038 4726 a
1089 4675 1197 4727 Deo
1228 4675 1550 4740 prohibetur,
1599 4689 1663 4726 ne
1705 4674 1755 4727 in

197 4781 474 4819 occursum
503 4765 709 4817 illorum
735 4774 834 4817 eat.
857 4764 957 4816 Sed
981 4763 1103 4815 Cum
1125 4763 1369 4822 audieris,
1397 4763 1565 4830 inquit
1596 4764 1752 4827 Deus,

256 4918 326 4978 (a)
354 4917 410 4964 ln
434 4914 652 4975 Vulgata,
678 4914 898 4978 rlsbosrt't.
929 4917 1008 4962 Hic
1030 4928 1145 4978 vero
1171 4913 1529 4978 alcnmlt‘bostltc
1563 4930 1653 4964 non
1693 4916 1758 4963 la-

199 4992 280 5038 lsu
310 4975 548 5039 graphice
588 4977 789 5035 posittnn
838 4976 1367 5039 l'uisse_vitletttr:nan_i
1411 4975 1580 5039 eodem
1619 4979 1758 5025 modo

196 5036 422 5097 Scriptum
445 5037 519 5084 bis
541 5045 701 5097 postea
726 5036 1149 5097 oecurrit.rVerum
1171 5036 1420 5097 exemplar
1443 5037 1755 5097 Cbrysostomi

199 5096 400 5168 multum
427 5096 877 5168 variabat,‘era_tque
917 5096 995 5168 illo
1020 5103 1240 5168 tempore
1262 5096 1378 5168 mira
1411 5096 1755 5165 exemplarium

197 5161 468 5210 diversitas.
498 5157 629 5204 Multa
654 5154 912 5204 lectionum
936 5154 1202 5205 discrimina
1227 5156 1442 5218 proferre
1468 5159 1512 5202 in
1537 5154 1755 5216 promptu

201 5229 346 5276 esset,
383 5220 589 5265 maxime
615 5230 729 5278 vero
766 5219 812 5264 in
852 5218 1121 5278 nominibus
1145 5219 1361 5278 prepriis.
1382 5224 1497 5278 llaec
1522 5230 1660 5276 porro
1685 5218 1755 5265 le-

198 5283 306 5335 ctio,
333 5277 723 5338 Mrmplribostltc,
749 5291 840 5325 non
880 5276 1094 5324 insolens
1130 5276 1278 5326 fuisie
1320 5277 1523 5332 videtur,
1547 5279 1757 5337 quando-

199 5341 738 5401 qnidem'l‘hcodoretus
762 5340 903 5401 etiam
942 5338 1113 5385 eodem
1152 5339 1292 5385 modo
1332 5339 1451 5399 legit
1488 5339 1755 5401 Quajstione

199 5398 355 5449 octava
396 5403 443 5448 in
475 5399 735 5448 secundum
772 5398 944 5446 librum
985 5406 1176 5457 Itegum,
1208 5407 1258 5446 et
1279 5398 1547 5455 Quit-Stione
1571 5398 1757 5446 decima

199 5472 359 5520 quarta
399 5465 444 5510 in
486 5461 708 5507 emmlem
747 5459 935 5520 librum.
964 5458 1090 5520 tinde
1130 5459 1270 5520 etiam
1305 5458 1533 5508 inferatur
1561 5472 1663 5505 eam
1689 5460 1757 5506 Ie-

200 5518 402 5570 titionem
440 5521 485 5567 in
526 5523 630 5578 ejus
666 5519 926 5580 exemplari
964 5518 1131 5580 fuisse.
1154 5518 1333 5580 Verum
1359 5528 1518 5580 autem
1545 5522 1647 5578 ejus
1671 5534 1754 5565 no-

201 5596 309 5630 men
336 5597 441 5631 erat
465 5589 600 5639 r1133
629 5587 762 5644 tum,
800 5578 1015 5634 fsboseth,
1049 5585 1102 5627 ut
1124 5578 1270 5626 habet
1295 5579 1494 5640 Vulg-ala
1515 5581 1755 5630 :librariu-

200 5661 300 5696 1·11;ιι
336 5659 500 5698 autem
538 5651 669 5709 lapsu
711 5651 936 5710 scriptum
959 5650 1060 5702 fuit.
1098 5649 1478 5710 rtlcmpltt'bosthc,
1507 5651 1631 5711 quod
1656 5659 1758 5698 erat

203 5722 371 5758 nomen
395 5712 473 5759 filii
497 5711 726 5758 Jonath:e.

1298 366 1616 422 SYNOPSIS
1652 364 2050 421 ΒΟΠΙΡΤυΒίΕ
2087 367 2354 423 SiCli/E.

3351 394 3463 450 346

1893 492 2055 532 vocem
2083 481 2308 533 tremoris
2335 483 2479 549 ﬂetus
2500 484 2536 545 ‘,
2560 492 2675 535 tunc
2700 485 2929 553 prwlium
2957 488 3205 541 committe
3225 488 3303 558 (2.
3326 489 3451 560 Reg.

1885 568 1938 622 5.
1969 567 2083 638 24).
2111 569 2259 624 Tunc
2282 571 2422 624 enim
2447 571 2718 626 tradentur
2749 574 2860 626 tibi.
2896 577 3119 630 Amovet
3144 592 3321 632 arcam
3347 579 3447 635 Da—

1883 658 2003 723 vid,
2039 667 2093 712 et
2118 660 2340 713 moritur
2364 660 2464 713 Oza
2484 701 2499 723 ,
2529 662 2649 729 quia
2680 663 2917 716 extendit
2962 681 3174 718 manum
3208 681 3354 719 suam
3387 669 3453 720 ad

1882 761 2077 800 arcam.
2103 747 2230 801 Cum
2255 757 2430 802 autem
2455 750 2735 803 duceretur
2757 766 2900 817 arca,
2932 753 3156 806 saltabat
3184 756 3372 820 David,
3400 767 3453 810 et

1881 836 2121 905 despexit
2145 853 2265 891 eum
2297 839 2542 892 Melchol.
2587 840 2733 893 Tune
2759 857 2876 894 cum
2908 842 3065 895 vellet
3089 843 3249 897 David
3291 845 3450 898 a-dili-

1880 939 2003 980 care
2032 928 2302 996 templum,
2333 928 2640 996 prohibetur
2667 944 2695 982 a
2725 929 2927 983 Nathan
2957 931 3240 999 propheta,
3262 943 3315 987 et
3336 950 3449 1002 pre-

1879 1026 2032 1071 catur
2059 1017 2253 1086 gratias
2280 1033 2441 1087 agens
2473 1020 2600 1084 Deo,
2628 1020 2843 1087 gratias,
2868 1019 3101 1088 inquam,
3134 1022 3200 1076 de
3227 1025 3449 1090 promis-

1879 1107 2118 1161 sionibus
2138 1123 2268 1176 quas
2296 1109 2515 1162 audivit.
2547 1110 2814 1164 Percussit
2845 1111 3005 1164 David
3038 1112 3362 1181 alienigenas
3390 1124 3448 1169 et

1878 1197 2120 1252 Moabum
2149 1207 2202 1252 et
2228 1198 2409 1268 Syros,
2440 1207 2494 1252 et
2521 1213 2668 1251 arma
2704 1214 2861 1252 aurea
2889 1215 3007 1268 qua:
3036 1203 3273 1268 accepit,
3305 1211 3444 1254 attu-

1878 1285 1939 1339 lit
1965 1287 2368 1356 Jerosolymam,
2399 1303 2514 1355 qua:
2557 1287 2766 1341 demmn
2811 1289 3025 1343 abstulit
3066 1291 3300 1344 Susacim
3344 1307 3436 1345 rex

1877 1374 2110 1444 Egypti.
2125 1377 2386 1445 Multaque
2403 1377 2731 1431 anathemata
2747 1380 3072 1432 consecravit
3094 1380 3267 1433 David-
3289 1381 3442 1435 Mem-

1877 1466 2179 1534 phibaalum
2210 1466 2375 1519 filium
2416 1466 2654 1520 Jonathze
2683 1466 2925 1535 dignatur
2964 1483 3141 1523 mensa
3181 1471 3320 1538 regia
3341 1512 3357 1533 ,
3387 1483 3442 1524 et

1877 1555 2053 1608 omnia
2082 1571 2200 1623 qua:
2229 1555 2294 1609 ad
2323 1554 2533 1610 Saﬂlem
2565 1556 3005 1623 pertinebantdat
3033 1559 3151 1627 ipsi.
3181 1560 3441 1629 Jubetque

1874 1641 2071 1710 Sibam,
2101 1644 2187 1713 qui
2237 1653 2353 1699 erat
2392 1659 2580 1698 servus
2623 1654 2871 1712 paternus
2897 1686 2911 1711 ,
2954 1647 3320 1715 Mcmpbibaali
3361 1651 3439 1718 (a)

1873 1735 2072 1788 servire
2098 1749 2215 1788 cum
2241 1734 2360 1788 ﬁliis
2382 1735 2512 1788 suis.
2540 1735 2696 1788 Mittit
2720 1744 2891 1788 autem
2921 1738 2985 1789 ad
3014 1753 3188 1807 regem
3212 1739 3436 1793 filiorum

1873 1825 2125 1888 Ammon,
2171 1825 2258 1893 qui
2293 1826 2691 1879 consolarentur
2728 1839 2869 1886 eum,
2893 1826 3012 1894 quia
3056 1838 3294 1879 mortuus
3325 1837 3437 1881 erat

1875 1926 2025 1986 pater
2053 1917 2188 1985 ejus.
2238 1917 2333 1970 Ille
2377 1933 2502 1971 vero
2542 1916 2884 1970 suadentibus
2925 1918 3262 1986 optimatibus
3291 1921 3467 1986 ejus,

1871 2006 2130 2060 dedecore
2156 2004 2320 2059 afficit
2347 2020 2440 2060 eos
2463 2007 2548 2073 qui
2577 2020 2604 2057 a
2631 2005 2831 2059 Davide
2857 2006 2998 2059 missi
3029 2017 3176 2060 erant
3201 2007 3264 2061 ad
3289 2009 3434 2061 illum

1870 2096 2266 2149 consolandum.
2293 2093 2429 2149 Hinc
2459 2096 2629 2149 oritur
2667 2095 2860 2149 bellum
2900 2113 2912 2147 :
2940 2103 2995 2149 et
3028 2097 3197 2164 primo
3223 2097 3434 2165 quidem

1871 2188 2031 2243 mittit
2056 2187 2277 2241 Joabum
2305 2205 2319 2240 :
2349 2187 2539 2241 deinde
2567 2187 2710 2240 venit
2736 2187 2848 2255 ipse
2889 2188 3049 2240 David
3071 2229 3085 2252 ,
3114 2197 3166 2242 et
3196 2190 3436 2243 inimicos

1870 2278 2031 2347 fugat.
2064 2278 2196 2331 Hinc
2229 2293 2290 2332 ea
2321 2293 2440 2346 qua:
2484 2277 2547 2331 ad
2576 2276 2753 2332 Uriam
2784 2287 2836 2330 et
2874 2278 2938 2330 ad
2970 2279 3229 2333 Bersabee
3269 2280 3433 2348 perti-

1870 2379 2017 2433 nent,
2044 2377 2096 2422 et
2123 2367 2186 2420 ad
2214 2368 2470 2421 infantem
2498 2369 2586 2435 qui
2619 2376 2856 2420 mortuus
2884 2376 2982 2421 Cal.
3019 2369 3309 2436 l’ustcaque
3338 2385 3431 2420 na-

1869 2460 2032 2512 scitur
2058 2458 2326 2511 Salomon.
2357 2457 2634 2524 Oppugnat
2661 2457 2790 2508 Joah
2820 2457 3040 2518 llavath,
3075 2466 3126 2509 et
3158 2468 3429 2525 postquam

1869 2550 2048 2602 urbem
2081 2548 2386 2614 occupavit,
2436 2548 2592 2598 mittit
2631 2547 2694 2598 ad
2728 2547 2906 2609 David,
2952 2548 3130 2601 volens
3163 2550 3430 2603 victoriam

1868 2639 1962 2708 ipsi
1986 2638 2231 2692 adscribi.
2257 2639 2410 2691 Amat
2435 2637 2571 2690 filius
2597 2638 2755 2690 David
2785 2641 2987 2690 Amnon
3016 2654 3249 2693 sororem
3279 2656 3427 2694 suam

1866 2728 2119 2790 Thamar,
2151 2736 2202 2781 et
2232 2728 2479 2780 simulato
2519 2727 2732 2788 morbo,
2777 2729 3072 2780 venientem
3105 2729 3241 2781 illam
3271 2730 3335 2782 ad
3374 2746 3431 2784 sc

1869 2817 2185 2871 visitandum
2227 2815 2543 2869 contumelia
2588 2815 2769 2868 afficit.
2812 2815 2921 2882 Qua
2951 2833 3009 2870 re
3052 2819 3224 2871 audita
3271 2821 3431 2873 frater

1867 2909 1981 2977 ejus
2008 2908 2340 2970 Abessalom,
2374 2907 2558 2958 invitat
2585 2918 2763 2975 postea
2795 2923 2968 2976 regem
2998 2909 3059 2961 ad
3087 2911 3384 2962 comivium
3413 2928 3425 2961 :

1865 3012 2090 3064 cumque
2132 3011 2223 3050 rex
2269 3013 2371 3048 non
2412 2997 2646 3060 veniret,
2688 3005 2836 3063 rogat
2879 2996 3068 3050 fratres
3099 3007 3153 3049 ut
3198 2999 3424 3051 veniant.

1863 3087 1993 3142 Cum
2026 3095 2199 3140 autem
2233 3086 2514 3148 venissent,
2549 3085 2636 3138 illo
2667 3085 2886 3152 jubente
2917 3088 3052 3139 servi
3087 3087 3248 3153 ipsius
3293 3089 3430 3140 inter

1867 3175 2231 3246 prandendmn
2272 3174 2576 3227 occiderunt
2611 3178 2924 3226 Amnonem.
2957 3174 3022 3228 Ut
3059 3190 3182 3228 vero
3211 3191 3301 3228 rex
3333 3193 3427 3229 au-

1864 3265 2013 3329 divit,
2043 3263 2263 3316 multum
2302 3261 2451 3328 luxit,
2495 3271 2548 3316 et
2578 3261 2739 3314 iratus
2768 3263 2863 3314 fuit
2892 3261 2942 3315 in
2975 3263 3304 3315 Abessalon].
3337 3265 3427 3318 Ille

1863 3363 2036 3407 autem
2065 3352 2296 3421 aufugit;
2325 3361 2377 3405 et
2430 3361 2549 3419 post
2578 3361 2683 3404 tres
2716 3366 2900 3414 annos,
2930 3366 3048 3404 cum
3080 3351 3256 3404 sedata
3285 3362 3428 3407 esset

1864 3445 1939 3498 ira
1965 3446 2124 3512 regis,
2154 3451 2328 3495 astute
2349 3440 2590 3510 providet
2617 3439 2747 3494 Joab
2762 3443 3425 3510 permuliercm’l‘becoiti-

1863 3536 1984 3590 dem
2003 3575 2017 3599 ,
2042 3535 2331 3602 suadetque
2361 3534 2468 3601 regi
2503 3542 2560 3584 ut
2585 3533 2890 3585 Abessalon:
2920 3541 3150 3586 revocet.
3181 3533 3423 3586 Redeun-

1863 3637 1967 3682 tem
1996 3627 2162 3679 noluit
2186 3634 2332 3692 pater
2357 3625 2530 3676 statim
2559 3623 2765 3687 videre;
2789 3622 2880 3675 sed
2904 3621 3108 3676 duobus
3137 3624 3286 3676 annis
3315 3639 3421 3676 n-a-

1863 3717 2025 3773 nebat
2063 3720 2112 3770 in
2166 3715 2457 3770 Jerusalem
2502 3723 2652 3768 extra
2695 3722 3031 3779 conspectum
3074 3713 3230 3781 regis.
3278 3712 3426 3765 Tunc

1862 3816 2016 3860 vocat
2047 3805 2302 3868 Joabmn;
2339 3803 2426 3857 ille
2469 3819 2593 3856 vero
2636 3819 2738 3855 non
2780 3802 3177 3869 obtemperavit.
3225 3802 3424 3855 Deinde

1867 3899 2008 3951 illius
2048 3910 2230 3964 agrum
2273 3895 2524 3958 incendit,
2556 3903 2610 3947 et
2635 3895 2710 3946 sic
2738 3901 2950 3946 coactus
2979 3893 3117 3945 venit
3146 3893 3210 3944 ad
3255 3892 3424 3946 Abew

1864 3989 2027 4040 Salom
2061 4003 2075 4039 :
2105 3993 2158 4038 et
2186 3984 2251 4037 ab
2283 3984 2371 4036 illo
2399 3985 2588 4035 missus
2610 3982 2677 4034 ad
2706 3998 2902 4049 regem,
2932 3983 3101 4049 ipsum
3127 3997 3244 4033 cum
3277 3990 3424 4049 patre

1862 4075 2248 4138 reconciliavit,
2279 4082 2332 4125 ct
2360 4073 2424 4124 ad
2453 4073 2596 4124 illum
2627 4072 2861 4124 adduxit.
2888 4070 3031 4123 Fecit
3051 4080 3224 4122 autem
3259 4071 3425 4123 Abes-

1863 4167 2028 4218 salom
2056 4165 2154 4218 sibi
2195 4177 2381 4217 currus
2409 4173 2460 4216 et
2487 4162 2722 4230 equites,
2758 4170 2810 4214 ct
2835 4175 2924 4215 eos
2952 4161 3040 4230 qui
3070 4159 3134 4213 ad
3168 4160 3423 4228 judicium

1861 4253 2188 4308 accedebant
2207 4268 2325 4305 eum
2355 4253 2518 4304 multo
2547 4251 2839 4318 excipiebat
2863 4249 3080 4312 honore,
3105 4260 3157 4302 et
3177 4249 3424 4303 laudabat

1863 4345 2011 4415 quasi
2039 4345 2126 4413 qui
2164 4343 2302 4413 justa
2331 4341 2508 4396 dicere
2544 4349 2788 4411 possent,
2833 4341 3179 4393 miserahatur
3211 4350 3420 4402 autem,

1862 4436 2010 4508 quasi
2040 4449 2197 4490 nemo
2224 4443 2364 4489 esset
2403 4433 2491 4503 qui
2537 4441 2714 4502 posset
2739 4432 2857 4484 illos
2894 4429 3205 4495 defendere,
3241 4445 3304 4483 ac
3334 4431 3418 4483 di-

1926 4601 1941 4631 ι
1957 4600 2036 4646 Hic
2059 4596 2203 4656 longe
2226 4593 2410 4642 variant
2433 4594 2726 4651 interpretes
2746 4602 2760 4664 ξ
2789 4588 3017 4664 tlebrmus
3040 4587 3186 4666 habet
3207 4569 3420 4670 ξψ-ῃικ

1863 4674 2077 4723 amna
2127 4671 2318 4719 νωκηε
2360 4665 2505 4716 ftzj
2544 4672 2699 4707 vocem
2737 4656 2946 4705 incessus
2982 4656 3032 4705 iu
3073 4656 3304 4718 capitibus
3323 4676 3423 4712 mo-

1861 4751 2041 4787 rorum.
2069 4733 2236 4794 Aquila
2265 4739 2321 4794 ¹υι
2359 4730 2669 4794 Symmachus,
2691 4740 2800 4794 ea?»
2839 4734 3061 4794 διᾳΰῄμιτος
3102 4742 3136 4776 ιν
3173 4743 3336 4794 nam,
3355 4751 3424 4781 τεη

1909 4814 2096 4861 operiatur-1,
2126 4787 2398 4860 Strepitum'
2429 4788 2671 4861 transitus
2699 4787 2752 4834 iit
2791 4787 3022 4854 capitibus
3062 4787 3301 4849 praesit'tw.
3322 4806 3419 4840 um.

1863 4826 2307 4919 VI’.i§3i§I's-3:}ii3mz
2342 4826 2604 4908 gradientis
2656 4847 2701 4894 in
2744 4826 3421 4910 ειιειῖιιιὶηεννῇνδνῖδῖῖ

1863 4916 2192 4977 ||1L:gq~r¢w_niv
2225 4922 2539 4977 τοὺ-σνμὶιῑιιξμσιῦ
2571 4922 2639 4957 ἀπὸ
2675 4925 2736 4977 τνςῦ
2765 4917 2893 4977 niteo-ag
2916 4926 2979 4958 τοῦ
2990 4916 3242 4966 κλαυθμῶνος
3263 4924 3421 4977 vorent

1863 4968 2172 5031 conclusionis
2217 4985 2246 5018 a
2288 4971 2392 5017 luco
2434 4970 2585 5029 ﬂetus.
2633 4968 2912 5031 sed_alius,
2961 4979 3014 5016 ut
3063 4979 3327 5031 notamnns
3375 4974 3422 5021 in

1865 5029 2102 5100 illexaplis,
2128 5032 2218 5079 hoc
2241 5031 2345 5078 loco
2365 5045 2464 5090 pro,
2479 5043 2723 5100 συγκλιισξοῦ,
2740 5029 2902 5098 habet.
2917 5030 3423 5093 σνσσιισμηῡ.(11ιι“γδοδιυ-

1863 5115 1968 5150 mus
1987 5090 2118 5151 vero,
2142 5109 2206 5142 τοῦ
2229 5109 2387 5150 σιισμ-οὓ.
2411 5099 2489 5139 Ila:
2512 5104 2628 5152 vero
2650 5090 3150 5152 Ιεᾳιίοηρδισυσσιισμοῡ,
3172 5090 3422 5152 θιζσιισμοθ,

1863 5159 2094 5214 tremoris,
2123 5154 2199 5200 vel
2229 5150 2568 5207 cortunotionis,
2595 5150 2742 5209 magis
2775 5151 3006 5214 accedunt
3028 5153 3084 5214 ad
3119 5150 3424 5213 significatio;

1862 5210 1972 5271 nem
1996 5210 2128 5267 vocis
2148 5219 2311 5272 mw,
2335 5225 2475 5273 quam
2500 5225 2739 5271 mortem.
2762 5210 3086 5260 conclusionis.

1926 5283 1998 5342 (a)
2021 5281 2092 5328 sic
2115 5296 2308 5344 quoque
2342 5280 2465 5342 legit
2494 5280 2835 5344 Tlieodoretus,
2869 5282 3138 5344 Quaestione
3175 5284 3427 5340 trigesima

1864 5339 2012 5404 prima
2060 5344 2104 5388 in
2133 5339 2324 5391 'librum
2365 5339 2625 5404 secundum
2671 5347 2862 5404 Regum.
2890 5339 3009 5404 Illud
3043 5350 3203 5390 autem
3231 5357 3421 5400 nomen,

1867 5402 2095 5464 ξιιιμᾳεαά),
2123 5404 2292 5453 factum
2321 5410 2394 5450 est
2433 5403 2600 5464 partim
2633 5415 2694 5447 ex
2721 5402 2826 5464 ejus
2850 5403 3060 5464 nomine,
3086 5411 3136 5449 ttt
3161 5403 3423 5450 habebatur

1862 5461 1984 5525 apud
2010 5471 2113 5511 l..\x
2129 5473 2417 5523 tnterpretes
2431 5461 2488 5525 in?
2507 5461 2845 5509 librosccundo
2860 5463 3062 5522 Regum,
3079 5475 3256 5525 nempe
3282 5471 3422 5525 Mem-

1864 5522 2137 5585 pht'ltosllm,
2171 5522 2335 5585 partim
2363 5537 2420 5569 ex
2450 5524 2660 5580 ejusdem
2683 5525 2834 5585 altero
2859 5524 3048 5585 nomine
3072 5523 3194 5585 quod
3223 5522 3421 5585 habetur

1866 5581 2013 5645 primo
2052 5581 2181 5632 libi-tr
2213 5585 2590 5644 I'at‘alij:tnm-non
2629 5597 2730 5641 cap.
2756 5584 2813 5645 9,
2841 5598 2884 5628 v.
2913 5582 2988 5638 40,
3017 5581 3259 5629 Meribual.
3287 5587 3423 5645 Error

1863 5641 2021 5693 autem
2045 5648 2152 5694 ιιιυυ
2177 5641 2693 5705 perm-vina“'rit,quia
2714 5644 2910 5702 primum
2936 5655 3126 5697 notnt'tt,
3147 5641 3424 5704 Memphim-

1865 5719 2126 5768 atttu‘,.;tp::tt
2153 5704 2372 5765 utullus.)
2397 5706 2451 5750 λιιι
2482 5705 2773 5752 [δὶδιοδυιιιυιιι
2800 5704 3064 5750 tt'uubtctal.
