4138 6306
785 345 893 400 347

773 443 927 497 cebat
985 458 999 494 :
1057 441 1179 506 Quis
1233 454 1309 492 me
1358 441 1618 491 constituet
1668 439 1890 508 judiccm
1944 451 2092 504 super
2138 441 2318 486 terram

778 531 853 600 (2.
891 530 1018 598 Reg.
1050 530 1134 581 15.
1173 525 1268 597 ΔΗ
1298 537 1349 580 et
1375 527 1451 580 sic
1490 526 1734 595 populum
1761 526 1859 580 sibi
1887 522 2200 580 conciliavit.
2232 521 2320 575 ln-

779 620 943 686 surgit
977 618 1282 671 Abessalom
1319 625 1498 670 contra
1526 615 1806 680 Davidem;
1838 630 1937 684 qua
1966 629 2026 670 re
2055 624 2318 684 comperta

775 710 864 764 ille
892 706 1020 776 fugit
1049 722 1112 760 ex
1155 705 1444 759 Jerusalem
1463 746 1477 769 ,
1505 705 1734 759 dimissis
1763 707 1814 758 in
1851 705 1982 759 urbe
2017 703 2321 759 concubinis

783 798 912 851 suis.
958 795 1076 850 Ethi
1132 795 1394 848 volentem
1441 808 1615 849 secum
1669 795 1815 849 abire
1862 793 2030 862 primo
2079 793 2317 856 cohibet,

783 884 971 938 deinde
997 883 1083 937 ubi
1117 882 1397 936 instantem
1433 882 1593 947 vidit,
1634 881 1685 936 id
1725 881 1976 950 permisit.
2008 879 2107 934 Ubi
2146 888 2319 934 autem

773 971 1078 1017 torrentem
1116 971 1450 1037 trajecerant,
1493 971 1711 1038 imperat
1751 968 2107 1023 sacerdotibus
2150 977 2204 1021 ut
2231 981 2318 1021 re-

787 1060 979 1112 ducant
1006 1073 1178 1113 arcam
1219 1061 1269 1110 in
1298 1059 1499 1112 urbem.
1533 1059 1646 1127 lpse
1671 1072 1796 1112 vero
1825 1071 1881 1112 se
1903 1066 2320 1124 exspectaturum

787 1162 882 1201 eos
906 1148 1031 1201 dicit
1058 1149 1106 1200 in
1138 1149 1252 1201 loco
1281 1146 1542 1201 Olivarunr
1575 1147 1673 1216 (a),
1702 1147 1745 1199 si
1772 1146 1894 1214 quid
1925 1145 2147 1201 habeant
2171 1160 2321 1200 area-

787 1249 973 1289 norum
1013 1237 1149 1304 regis
1187 1236 1482 1290 dicendum.
1525 1237 1760 1289 Occurrit
1799 1236 1973 1290 Davidi
2011 1234 2188 1290 Chusi.
2231 1237 2323 1291 Ille

786 1337 914 1375 vero
941 1323 1083 1376 misit
1118 1339 1235 1377 eum
1281 1331 1336 1376 ut
1374 1322 1702 1391 Aehitopheli
1742 1323 2050 1387 obsisteret,
2087 1324 2173 1392 qui
2212 1333 2323 1378 erat

787 1411 884 1478 ipsi
926 1411 1228 1466 Abessalom
1253 1428 1282 1465 a
1311 1412 1558 1466 consiliis.
1601 1412 1669 1467 Ut
1705 1421 1877 1466 autem
1922 1412 2172 1466 abscessit
2203 1411 2319 1477 ille,

789 1500 932 1552 venit
974 1499 1115 1566 Siba,
1159 1502 1244 1570 qui
1288 1511 1528 1555 accusata
1565 1501 1689 1554 hero
1713 1514 1808 1555 suo
1849 1501 2190 1570 Memphibaal
2228 1500 2321 1572 (ὁ),

791 1590 937 1655 quasi
967 1605 1182 1657 regnare
1227 1593 1411 1654 vellet,
1451 1598 1610 1642 totum
1654 1591 1842 1657 accipit
1878 1605 1906 1642 a
1939 1590 2147 1645 Davide.
2179 1590 2326 1645 Tunc

791 1675 962 1732 Semei
992 1678 1253 1731 maledicit
1280 1679 1492 1741 Davidi;
1528 1679 1686 1732 David
1728 1688 1897 1732 autem
1938 1680 2188 1734 Abessam
2228 1692 2322 1731 vo-

793 1768 983 1820 lentem
1010 1767 1153 1820 illum
1184 1769 1421 1822 occidere
1441 1769 1686 1822 cohibuit.
1715 1768 1865 1822 Venit
1883 1767 2043 1823 Chusi
2067 1769 2130 1822 ad
2156 1767 2322 1822 Abes-

794 1855 982 1919 saloru,
1017 1856 1393 1925 persuadetque
1422 1858 1494 1910 illi
1515 1874 1572 1911 se
1599 1858 1903 1911 benevolum
1933 1858 2029 1925 ipsi
2054 1858 2320 1912 accedere.

793 1944 1027 2012 Cumque
1047 1947 1318 1999 consilium
1343 1947 1622 2015 agitaretur
1647 1947 1711 2000 de
1733 1946 1884 1999 rebus
1911 1947 2169 2015 gerendis,
2198 1947 2322 2001 hor-

792 2036 937 2086 tatur
956 2036 1259 2090 Abessalom
1281 2038 1608 2106 Achitophel,
1636 2047 1692 2092 ut
1709 2053 1825 2092 cum
1845 2039 2144 2094 concubinis
2165 2041 2324 2108 patris

786 2127 870 2181 sui
887 2133 1058 2179 coeat.
1090 2125 1144 2180 ld
1169 2127 1255 2180 ille
1284 2127 1407 2181 fecit
1435 2130 1485 2182 in
1511 2130 1701 2184 solario
1721 2129 1926 2193 domus,
1956 2139 2011 2183 ut
2037 2145 2219 2184 omnes
2243 2130 2322 2183 vi-

787 2211 996 2265 derent.
1021 2213 1176 2266 Addit
1195 2214 1334 2266 aliud
1357 2215 1661 2277 consilium;
1685 2227 1740 2269 ut
1757 2217 1854 2270 sibi
1877 2217 2158 2270 liccatcum
2181 2218 2323 2272 mille

793 2301 919 2352 viris
957 2301 1202 2355 Davidem
1235 2303 1444 2371 aggredi
1475 2313 1525 2356 et
1561 2319 1764 2358 necare.
1797 2304 1864 2358 Ut
1902 2314 2073 2358 autem
2113 2315 2324 2360 vocatus

795 2399 876 2442 est
899 2389 1080 2458 Chusi,
1114 2401 1169 2446 ut
1195 2394 1467 2447 consilium
1497 2402 1548 2448 et
1577 2394 1684 2462 ipse
1710 2396 1873 2457 daret,
1898 2396 1941 2449 is
1969 2396 2324 2466 Acbitophelis

786 2485 1104 2538 sententiam
1132 2484 1335 2547 evertit,
1367 2484 1589 2538 suadens
1616 2494 1670 2537 ut
1697 2486 1898 2539 interim
1927 2487 2323 2554 supersederet,

793 2569 884 2622 sed
911 2581 1087 2637 postea
1114 2587 1229 2625 cum
1257 2588 1443 2640 magno
1466 2584 1712 2641 apparatu
1738 2575 1981 2629 Davidetn
2012 2575 2320 2630 adoriretur.

795 2657 989 2728 illaque
1013 2664 1272 2715 sententia
1299 2665 1462 2731 magis
1491 2665 1708 2732 placuit,
1744 2667 1852 2720 Deo
1894 2668 2090 2721 scilicet
2114 2669 2184 2722 ita
2211 2668 2322 2722 dis-

795 2758 1061 2814 pensante.
1094 2752 1239 2805 Tunc
1266 2753 1406 2805 misit
1431 2754 1608 2817 Chusi,
1642 2764 1694 2808 et
1721 2771 1811 2823 per
1838 2756 1969 2811 ﬁlios
1993 2754 2320 2812 sacerdotum

797 2834 908 2887 haec
949 2837 1122 2890 Davidi
1162 2842 1432 2893 nuntiavit.
1463 2842 1768 2912 Aehitophel
1807 2856 1998 2910 autem,
2027 2846 2174 2913 cujus
2199 2861 2319 2900 sen-

795 2924 955 2975 tentia
995 2925 1237 2993 despecta
1273 2927 1472 2993 fuerat,
1513 2945 1630 2983 sese
1668 2935 2023 3000 strangulavit.
2068 2936 2323 2989 Feruntur

795 3010 975 3063 Davidi
1025 3015 1183 3066 multa
1227 3015 1380 3068 dona.
1429 3017 1738 3071 lnstruetum
1788 3029 1958 3074 autem
2005 3022 2321 3090 exercitum,

792 3100 964 3163 emisit
988 3101 1168 3156 dicens
1192 3121 1204 3156 :
1231 3103 1428 3158 Parcite
1447 3108 1649 3173 puerulo
1670 3125 1775 3162 meo
1792 3109 2072 3164 Abessalom
2093 3112 2167 3180 (2.
2197 3113 2321 3184 Reg.

794 3188 879 3241 18.
901 3189 976 3258 5).
1001 3191 1171 3259 Ipsum
1197 3195 1333 3248 enim
1361 3196 1411 3249 in
1428 3197 1618 3251 bellum
1639 3201 1781 3254 exire
1807 3215 1907 3254 non
1937 3204 2321 3270 permittebant.

794 3276 1034 3332 Praelium
1061 3285 1418 3349 committitur,
1451 3288 1724 3357 multisque
1747 3291 2048 3346 cadentibus
2075 3294 2325 3349 occiditur

793 3367 950 3418 etiam
997 3369 1318 3435 Abessalom,
1346 3388 1374 3424 a
1415 3387 1560 3426 coma
1604 3376 1774 3429 arbori
1818 3378 2021 3432 cuidam
2061 3381 2322 3450 alligatus.

795 3453 889 3508 Illo
908 3458 1080 3511 occiso
1105 3471 1274 3513 cessat
1295 3462 1503 3515 bellum.
1527 3465 1678 3519 Mittit
1702 3465 1858 3520 Chusi
1883 3468 2011 3523 Joab
2037 3472 2122 3540 qui
2146 3472 2322 3528 Davidi

791 3543 1060 3598 victoriam
1108 3550 1324 3602 nuntiet.
1371 3550 1484 3617 Quo
1525 3553 1608 3607 ille
1651 3555 1825 3609 audito
1862 3556 2067 3627 lugebat
2113 3571 2325 3630 propter

792 3630 985 3697 ﬁlium,
1011 3633 1180 3688 donec
1217 3636 1477 3705 ingressus
1511 3640 1639 3695 Joab
1667 3643 1809 3696 illum
1851 3648 2096 3714 mutavit,
2127 3649 2325 3719 ipsique

793 3724 988 3782 suasit,
1020 3733 1072 3776 ut
1110 3725 1228 3777 lzeto
1253 3727 1502 3797 hilarique
1529 3733 1670 3785 vultu
1712 3735 1996 3789 exercitum
2039 3739 2320 3809 exciperet.

794 3809 1096 3877 Fugientem
1142 3813 1383 3869 lsraelem
1427 3835 1517 3872 rex
1562 3821 1873 3887 advocabat;
1913 3826 2107 3882 Abessa
2151 3838 2322 3885 autem

795 3897 948 3963 illos,
974 3897 1081 3965 jam
1108 3900 1158 3952 id
1190 3903 1238 3954 in
1270 3907 1533 3973 proposito
1557 3909 1834 3976 habentes,
1863 3928 1926 3967 eo
1953 3915 2164 3971 adduxit
2189 3927 2243 3972 ut
2269 3933 2325 3974 se

795 3986 974 4039 Davidi
997 3989 1328 4056 subjicerent.
1355 3994 1480 4047 Cum
1508 4000 1841 4064 pertransiret
1865 4001 2163 4068 Jordanem,
2187 4008 2325 4061 venit

795 4075 1002 4140 Semei,
1050 4091 1198 4131 suum
1250 4082 1501 4136 conﬁtens
1549 4096 1833 4153 peccatum.
1897 4089 2110 4146 Volebat
2152 4103 2323 4149 autem

795 4165 991 4218 Abessa
1019 4166 1158 4218 illum
1208 4168 1523 4235 interﬁcere,
1572 4173 1621 4228 id
1664 4177 1922 4243 prohibuit
1965 4179 2144 4236 David.
2177 4182 2328 4238 Venit

794 4253 950 4305 etiam
979 4254 1324 4322 Memphibaai
1352 4261 1614 4325 squalidus
1633 4303 1646 4327 ,
1678 4265 1900 4320 sordidis
1930 4267 2138 4322 indutus
2165 4273 2326 4325 vesti-

799 4341 914 4404 hus,
949 4341 1165 4396 densum
1217 4345 1411 4398 habens
1457 4361 1760 4419 mystacem,
1807 4370 2002 4424 ungues
2047 4359 2327 4414 ostendens

797 4430 978 4499 longos
1007 4433 1044 4495 ⁸,
1076 4447 1192 4499 qua:
1216 4436 1387 4487 omnia
1413 4436 1608 4492 doloris
1635 4442 1777 4509 signa
1821 4455 1996 4508 erant,
2025 4447 2092 4501 ob
2135 4447 2325 4502 bellum

795 4529 974 4573 contra
1005 4521 1243 4573 Davidem
1273 4533 1486 4576 mowm.
1515 4526 1863 4598 interrogabat
1886 4547 1978 4585 rex
2001 4548 2095 4587 cur
2115 4550 2215 4589 non
2241 4552 2329 4592 ve-

802 4609 964 4661 nisset
991 4623 1185 4662 secum.
1219 4609 1503 4678 Respondit
1531 4615 1616 4669 ille
1640 4631 1696 4671 se
1723 4633 1930 4687 rogasse
1954 4620 2126 4675 Sibam
2157 4622 2296 4679 famu
2314 4659 2327 4665 -

802 4697 907 4750 lum
937 4713 1109 4762 suum,
1134 4706 1189 4751 ut
1216 4713 1272 4752 se
1296 4699 1530 4767 jumeuto
1559 4705 1867 4773 imponeret,
1898 4710 2112 4764 claudus
2141 4713 2329 4782 quippe

801 4795 914 4840 erat
953 4787 1295 4854 Memphibaal
1326 4807 1340 4843 :
1368 4790 1511 4843 illum
1552 4809 1674 4847 vero
1714 4798 1960 4851 noluisse.
2004 4799 2148 4854 Tunc
2183 4801 2329 4869 jubet

800 4891 893 4930 rex
920 4877 1063 4930 illum
1105 4891 1223 4930 cum
1253 4878 1375 4932 Siba
1399 4894 1577 4948 agrum
1604 4883 1852 4940 dividere.
1884 4888 2098 4943 Benelli
2139 4905 2327 4960 porro,

798 4967 886 5035 qui
916 4966 1039 5022 belli
1062 4975 1294 5035 tempore
1314 4969 1472 5022 multa
1499 4971 1593 5039 ipsi
1620 4975 2019 5042 ministraverat,
2043 4992 2217 5032 secum
2239 4981 2330 5034 ad-

798 5055 991 5110 ducere
1011 5057 1234 5110 volebat.
1266 5057 1355 5110 ille
1383 5072 1506 5112 vero
1526 5064 1777 5114 recusavit
1803 5068 1870 5116 ob
1898 5075 2213 5121 senectutem
2242 5084 2254 5121 :
2280 5077 2332 5123 et

801 5157 979 5196 secum
1008 5145 1210 5212 accepit
1240 5159 1332 5199 rex
1360 5145 1520 5199 ﬁlium
1550 5146 1708 5216 ipsius
1748 5151 1877 5205 loco.
1910 5152 2055 5207 Tunc
2082 5156 2332 5211 scinditur

800 5236 1090 5298 exercitus,
1122 5250 1346 5306 parsque
1381 5236 1549 5291 Sabee
1592 5253 1646 5293 se
1687 5240 1847 5295 dedit.
1888 5243 2142 5313 Mittitque
2172 5247 2329 5301 David

858 5380 872 5409 ¹
899 5377 953 5425 In
994 5376 1202 5443 Fdltione
1245 5382 1442 5444 Romana
1483 5375 1672 5436 legitur,
1698 5390 1844 5439 neque
1879 5392 2054 5444 ungues
2082 5383 2328 5440 subsecuit,

794 5451 851 5485 ne
886 5451 941 5486 ne
966 5441 1146 5487 curavit
1168 5441 1436 5506 mgstacem.

853 5451 928 5556 2a)
951 5505 1055 5544 Haec
1079 5508 1172 5543 nun
1190 5496 1415 5556 videntur

878 5500 928 5554 η)
951 5505 1055 5544 Haec
1079 5508 1172 5543 nun
1197 5496 1414 5543 videntur
1438 5508 1695 5544 consonare
1718 5511 1824 5546 cum
1845 5506 1978 5549 textu
2018 5501 2155 5550 LXX.

853 5555 925 5616 (ἡ)
944 5560 993 5605 In
1011 5555 1479 5622 exemplaribusaliis
1501 5561 1604 5604 Lxx
1618 5565 1670 5622 et_
1694 5560 1738 5622 in
1763 5559 2185 5622 Editiouettomana
2209 5561 2329 5622 legi-

797 5615 1273 5680 tut‘,.tICI)tpftiDOSl/te,
1287 5617 1371 5666 sed
1381 5615 1469 5665 alia
1484 5617 1770 5678 exemplaria
1781 5619 2087 5682 Meniphibaul
2099 5615 2326 5674 ιιεωιωί-ὐ,

1482 328 1535 383 S.
1565 326 1837 384 JOANNIS
1871 318 2332 383 CHRYSOSTOMI
2361 319 2670 378 ARCHIEP.
2701 324 3218 380 CONSTANTINOP.

3873 329 3983 384 348

2425 432 2697 486 Amessam
2717 435 2806 502 qui
2829 433 3052 488 debellet
3076 450 3192 488 eum
3218 452 3230 488 :
3254 432 3384 489 J'oab
3405 446 3528 488 vero
3547 433 3823 487 Amcssam
3846 433 3970 485 dolo

2425 522 2636 587 occidit,
2669 523 2956 591 urbemque
2990 525 3042 577 in
3068 539 3223 592 quam
3259 524 3562 592 confugerat
3598 522 3767 578 Sabee
3809 521 3968 575 obse-

2425 608 2519 663 dit.
2541 610 2640 676 Qui
2663 610 2713 663 in
2729 611 2937 665 civitate
2956 621 3122 677 erant,
3137 611 3388 666 suadente
3410 611 3645 675 muliere,
3669 610 3966 664 abscissum

2423 700 2765 768 caputSabee
2803 700 2967 755 Joabo
2992 716 3055 754 ex
3098 715 3246 754 muro
3293 701 3621 769 projecerunt
3651 717 3664 754 :
3692 708 3854 767 atque
3896 699 3967 751 ita

2425 785 2564 840 bello
2589 787 2793 840 liberati
2815 797 2954 840 sunt.
2987 788 3174 842 Fames
3198 788 3250 841 in
3276 798 3409 842 terra
3437 787 3645 842 advenit
3671 805 3686 845 :
3717 787 3784 841 ad
3808 801 3966 854 quam

2425 874 2801 944 proﬂigandam
2841 890 3057 930 necesse
3094 885 3204 931 erat
3237 879 3505 946 quospiam
3534 891 3596 930 ex
3633 875 3808 931 Saulis
3842 890 3965 943 pro-

2423 964 2574 1032 genie
2591 965 2724 1018 tradi
2740 964 3058 1019 Gabaonitis.
3081 965 3225 1019 Tunc
3240 965 3664 1034 Mempbibaalum
3687 973 3969 1019 conservat

2426 1051 2608 1116 David,
2634 1052 2702 1106 ob
2730 1053 3080 1120 juramentum
3123 1053 3415 1108 Jouathano
3445 1052 3753 1121 prtestitum.
3783 1051 3970 1105 Tradit

2428 1154 2602 1197 autem
2633 1144 2804 1197 Saulis
2846 1145 2984 1197 ﬁlios
3007 1153 3058 1198 et
3083 1152 3298 1212 nepotes
3316 1183 3330 1209 ,
3358 1144 3642 1212 sepelitque
3677 1142 3890 1198 Saulem
3914 1151 3970 1196 et

2423 1229 2770 1284 Jonathanum
2815 1231 2866 1283 in
2906 1232 3143 1298 sepulcro
3186 1230 3295 1285 Cis.
3342 1231 3481 1284 Bella
3519 1239 3812 1284 moventur.
3861 1230 3966 1283 Da-

2425 1319 2598 1374 videm
2625 1319 2869 1373 cohibent
2897 1321 2974 1372 sui
3011 1334 3078 1373 ne
3107 1327 3288 1384 exeat,
3340 1335 3406 1373 ne
3447 1320 3579 1373 forte
3619 1319 3966 1388 periclitetur.

2424 1407 2574 1462 Tunc
2615 1408 2743 1461 dicit
2789 1409 3048 1461 decimum
3094 1409 3372 1476 septimum
3426 1407 3708 1461 Psalmum.
3761 1407 3968 1461 Reeen-

2425 1507 2607 1551 sentur
2637 1497 2788 1550 fortia
2827 1499 3176 1564 praeclaraque
3219 1505 3361 1566 gesta
3388 1497 3574 1550 ducum
3615 1496 3846 1550 Davidis.
3876 1496 3969 1550 Ju-

2424 1587 2575 1642 betur
2619 1587 2750 1642 Joab
2792 1588 3036 1656 populum
3079 1602 3413 1653 enumerare,
3456 1597 3874 1656 enumeratque:
3913 1597 3969 1642 et

2425 1685 2573 1731 erant
2598 1677 2800 1732 lsraelis
2834 1687 3089 1747 nongenta
3117 1678 3280 1733 millia
3302 1719 3316 1743 ,
3345 1689 3398 1733 et
3422 1678 3564 1734 Juda:
3586 1679 3968 1749 quadringenta

2426 1766 2588 1819 millia
2617 1766 2904 1830 hominum,
2929 1769 3158 1822 omnium
3185 1769 3508 1824 bellatorum.
3526 1769 3672 1824 Tune
3689 1771 3833 1824 venit
3854 1770 3968 1824 Gad

2425 1854 2677 1922 propheta
2725 1855 2988 1922 cptionem
3035 1857 3107 1909 illi
3149 1857 3280 1911 dans
3321 1872 3387 1912 ex
3432 1857 3594 1912 tribus
3641 1859 3962 1922 ultiouibus,

2425 1959 2577 2012 quam
2605 1945 2783 2000 subire
2823 1946 3020 2009 mallet,
3051 1961 3116 1999 an
3150 1955 3253 2001 tres
3290 1961 3454 2004 annos
3499 1949 3676 2015 famis,
3704 1963 3771 2002 an
3805 1950 3964 2004 trium

2424 2031 2625 2086 dierum
2658 2034 2828 2103 fugam
2857 2036 3164 2089 instantibus
3190 2037 3439 2100 hostibus,
3462 2051 3524 2090 an
3545 2047 3648 2091 tres
3677 2037 3790 2092 dies
3818 2053 3962 2092 mor-

2425 2123 2560 2178 tiferi
2611 2125 2798 2178 morbi.
2852 2125 2940 2179 Ille
2990 2141 3112 2180 vero
3162 2135 3266 2181 tres
3317 2127 3430 2181 dies
3478 2127 3730 2181 mortiferi
3786 2129 3958 2181 morbi

2425 2215 2766 2281 perptavit,
2813 2218 3106 2282 mortuique
3151 2224 3271 2268 sunt
3313 2229 3341 2268 a
3386 2217 3636 2269 matutino
3680 2231 3850 2285 usque
3894 2217 3959 2270 ad

2426 2303 2626 2371 prandii
2681 2314 2883 2371 tempus
2935 2305 3259 2374 septuaginta
3308 2305 3449 2360 mille
3500 2305 3755 2360 homines.
3815 2307 3964 2362 Tunc

2431 2391 2590 2445 David
2617 2392 2747 2445 dixit
2778 2409 2791 2445 :
2835 2393 2962 2446 Ecce
2987 2409 3074 2462 ego
3117 2395 3343 2464 peccavi,
3391 2403 3436 2447 et
3464 2411 3552 2463 ego
3592 2403 3760 2462 pastor
3798 2396 3964 2462 inique

2425 2482 2502 2550 egi
2526 2497 2544 2534 :
2571 2481 2621 2533 hi
2647 2483 2730 2551 qui
2755 2498 2874 2551 grex
2895 2493 3027 2546 sunt,
3051 2483 3167 2550 quid
3197 2484 3449 2551 fecerunt?
3470 2482 3584 2535 Fiat
3601 2500 3776 2537 manus
3800 2492 3888 2536 tua
3911 2486 3962 2535 in

2425 2588 2503 2625 me
2529 2581 2575 2626 et
2601 2574 2652 2624 in
2679 2575 2878 2625 domum
2904 2574 3059 2642 patris
3083 2575 3176 2626 mei
3201 2575 3273 2643 (2.
3313 2574 3436 2644 Reg.
3469 2574 3555 2626 ει.
3585 2574 3695 2642 17).
3727 2573 3962 2628 Cessavit

2427 2661 2644 2729 punitio,
2675 2674 2726 2716 et
2747 2663 2956 2728 jubetur
2982 2663 3140 2716 David
3161 2677 3303 2716 aram
3324 2662 3523 2731 erigere
3548 2662 3598 2715 in
3620 2677 3737 2716 area
3759 2662 3956 2725 Ornire,

2424 2757 2479 2803 et
2509 2750 2578 2804 ibi
2616 2751 2929 2812 sacriﬁcare,
2975 2751 3023 2803 id
3053 2751 3188 2819 quod
3228 2751 3317 2804 ille
3355 2749 3477 2805 fecit
3503 2750 3600 2819 (a).
3636 2748 3792 2804 Ornia
3824 2752 3960 2804 ﬁlius

2427 2837 2587 2891 David
2613 2839 2858 2891 convivio
2885 2839 3077 2906 exeipit
3105 2839 3323 2893 Joabum
3353 2847 3406 2892 et
3430 2839 3782 2901 Abiatbarem,
3812 2845 3960 2907 quasi

2423 2937 2750 2996 regnaturus.
2799 2930 3087 2996 Ingreditur
3129 2930 3416 2996 Bersabee,
3459 2930 3742 2984 secundum
3782 2932 3956 2983 consi-

2425 3015 2550 3068 lium
2595 3017 2796 3069 Nathan
2841 3019 3124 3086 prophetae,
3156 3030 3208 3073 et
3237 3020 3287 3073 id
3330 3021 3598 3074 annuntiat
3628 3020 3842 3082 Davidi;
3885 3021 3960 3072 lo-

2424 3115 2616 3172 quente
2660 3106 2744 3157 illa
2786 3106 3049 3174 ingressus
3100 3116 3179 3160 est
3224 3106 3458 3172 Nathan;
3507 3107 3557 3160 id
3611 3107 3960 3160 moliebantur

2426 3194 2625 3248 scilicet
2653 3203 2708 3248 ut
2732 3195 2974 3250 Salomon
3002 3205 3260 3265 regnaret.
3307 3195 3512 3265 Egressi
3556 3205 3674 3251 sunt
3717 3197 3960 3265 imposito

2426 3297 2484 3337 su
2493 3299 2579 3352 pra
2601 3286 3004 3357 regiammulam
3022 3285 3316 3340 Salomone.
3335 3285 3480 3340 Tunc
3497 3285 3693 3340 Natban
3710 3286 3958 3355 propheta

2425 3379 2478 3426 et
2501 3372 2706 3426 Sadduc
2743 3374 2988 3428 sacerdos
3027 3375 3266 3428 abierunt
3310 3375 3358 3427 in
3405 3373 3565 3439 Gion,
3595 3385 3959 3443 unxeruntque

2425 3461 2569 3514 illum
2594 3475 2655 3516 ac
2695 3461 2979 3516 dixerunt:
3020 3461 3162 3515 Vivat
3197 3479 3284 3516 rea:
3309 3463 3382 3532 (5.
3413 3464 3538 3532 Reg.
3581 3464 3630 3516 l.
3661 3463 3774 3532 59).
3811 3464 3960 3518 Venit

2424 3548 2681 3604 Jonathan
2731 3552 2867 3604 ﬁlius
2905 3550 3216 3615 Abiatharis,
3260 3561 3313 3605 et
3355 3552 3585 3620 epulanti
3630 3551 3804 3605 Ornias
3851 3553 3959 3606 haec

2427 3639 2699 3693 nuntiavit.
2728 3640 2792 3693 Et
2817 3639 2903 3692 alii
2932 3640 3142 3708 quidem
3183 3638 3448 3709 fugerunt,
3479 3640 3662 3695 Ornias
3690 3655 3815 3694 vero
3840 3656 3959 3694 ron-

2429 3729 2558 3796 fugit
2582 3728 2646 3781 ad
2672 3743 2813 3781 aram
2833 3769 2850 3794 ,
2879 3737 3117 3782 metuens
3147 3728 3497 3783 Salomonem.
3531 3729 3675 3782 Tunc
3703 3729 3876 3783 educit
3901 3729 3958 3781 il-

2427 3820 2533 3869 lum
2557 3817 2698 3883 inde,
2715 3825 2769 3871 et
2785 3819 2996 3870 veniens
3012 3816 3198 3873 Ornias
3218 3818 3447 3872 adoravit
3467 3833 3660 3886 regem.
3682 3819 3958 3873 Moriturus

2430 3909 2611 3974 David,
2641 3909 2874 3962 hortatur
2897 3908 3248 3976 Salomonem,
3275 3918 3327 3963 ut
3346 3909 3599 3964 custodiat
3623 3910 3791 3979 legem
3819 3910 3906 3964 Dei
3933 3926 3948 3965 :

2430 4000 2505 4053 sic
2545 3999 2684 4053 enim
2734 3998 2878 4052 illum
2924 4000 3294 4066 promissiones
3333 4013 3448 4053 esse
3499 4007 3954 4065 consequuturum.

2429 4087 2674 4155 Praecipit
2697 4089 2856 4141 etiam
2889 4089 3025 4141 circa
3053 4088 3186 4141 Joab
3208 4098 3260 4141 et
3287 4087 3478 4152 Semei,
3511 4097 3569 4140 ut
3595 4088 3716 4140 illos
3741 4087 3958 4140 ulcisca-

2489 4175 2558 4236 (a)
2582 4183 2682 4245 huc
2711 4175 3445 4245 desinitpodexutugdunensis,
3470 4176 3546 4245 qui
3586 4173 3699 4243 libri
3725 4175 3960 4245 tertiiini-

2430 4234 2550 4284 tium
2565 4237 2634 4283 sic
2655 4235 2781 4283 ducit
2805 4249 2816 4282 :
2839 4235 3039 4284 Adonias
3050 4234 3346 4294 [ilius’navid
3368 4234 3569 4283 convivio
3590 4234 3833 4294 excipiens
3855 4242 3957 4281 Joa-

2431 4296 2555 4350 bum,
2581 4302 2673 4342 etc.
2690 4302 2807 4352 Mox,
2831 4294 2976 4342 Ornia
3000 4293 3123 4353 [ilius
3147 4294 3315 4352 David,
3337 4297 3404 4342 sic
3425 4293 3612 4344 Coislin.
3627 4293 3962 4353 Antiquissima

2429 4354 2572 4403 lectio
2607 4354 2873 4410 est,0rnia.
2908 4356 3133 4403 Hebraiee
3167 4360 3336 4406 num.
3369 4361 3474 4402 Lxx
3491 4354 3709 4402 Editionis
3733 4361 3957 4409 Romanae,

2433 4421 2623 4478 Adonim
2637 4423 2719 4473 sed
2734 4422 3105 4480 lectio,0rnia,iu
3117 4423 3446 4471 vetustissimis
3457 4421 3811 4482 exemplaribus
3819 4421 3960 4482 habe-

2430 4490 2578 4540 tur,et
2593 4485 2660 4531 sic
2671 4482 3136 4542 legit'l'heodoretus.
3150 4482 3486 4542 Procopiusait,
3501 4480 3795 4542 binomiuem
3812 4480 3955 4529 fuisse

2430 4543 2671 4591 Arioniam.
2695 4540 2873 4590 Verum
2896 4556 2956 4590 ex
2996 4540 3306 4590 similitudine
3327 4540 3568 4589 literarum
3584 4547 3617 4590 Ἴ
3639 4547 3689 4588 et
3704 4547 3736 4596 Ἰ
3760 4540 3928 4590 factum
3945 4574 3958 4597 ,

2431 4619 2484 4658 ut
2501 4611 2634 4659 modo
2655 4611 2874 4667 Adonias,
2898 4609 3035 4670 modo
3055 4612 3214 4657 Ornias
3235 4610 3433 4667 dicatur,
3454 4609 3574 4670 quod
3599 4609 3711 4658 alibi
3733 4608 3959 4670 saepeob-

2431 4677 2662 4719 servatur.
2686 4677 2793 4716 Nam
2828 4669 2954 4730 quod
2991 4677 3175 4730 spectat
3210 4668 3714 4730 adcommutationem
3737 4668 3960 4718 vocalium

2432 4740 2463 4778 Α
2478 4765 2489 4786 ,
2513 4739 2563 4778 et
2584 4738 2635 4785 0,
2663 4742 2720 4777 ea
2743 4742 2827 4788 pro
2845 4727 2989 4776 nihilo
3012 4729 3086 4776 hic
3109 4729 3323 4776 habenda
3347 4738 3436 4787 est,
3456 4737 3505 4777 ut
3521 4729 3632 4777 alibi
3655 4727 3876 4789 pluribus
3893 4735 3961 4775 est

2430 4787 2854 4850 commonstratum.
2880 4790 2934 4850 lp
2958 4789 3216 4850 exemplari
3235 4789 3562 4850 Cbrysostomi.
3586 4794 3642 4837 ut
3658 4787 3850 4849 ‘quuet,
3869 4788 3963 4835 inec

2431 4862 2539 4912 qua:
2561 4849 2751 4912 Adouize
2773 4849 2873 4912 sive
2887 4845 3045 4912 Orruiae
3064 4845 3341 4912 convivium
3356 4855 3585 4910 spectant,
3608 4845 3794 4912 necnon
3819 4855 3960 4912 totum

2434 4907 2574 4968 caput
2598 4911 2794 4978 primum
2825 4907 2931 4978 libri
2967 4909 3091 4978 tertii
3132 4916 3305 4978 Regum
3343 4907 3414 4978 et.
3433 4921 3540 4978 pars
3562 4909 3762 4978 secundi
3785 4909 3961 4978 capitis,

2432 4966 2639 5017 secundo
2678 4969 2794 5014 libro
2832 4968 3046 5026 adjuncta
3067 4966 3270 5026 fuerant,
3294 4968 3416 5029 quod
3437 4966 3487 5015 in
3509 4966 3948 5029 multisexemplarl

2433 5029 2523 5076 bus
2546 5035 2655 5075 tunc
2683 5025 3039 5083 observabatur,
3062 5034 3113 5075 et
3136 5025 3403 5076 nominatim
3427 5030 3472 5075 in
3497 5040 3654 5086 exemi
3675 5025 3760 5076 lari
3789 5025 3962 5073 Diodori

2433 5088 2695 5152 Tarsensis,
2714 5088 2794 5147 qui
2814 5086 3136 5152 _Chr_ysostt_)mi_
3149 5088 3292 5152 nostri
3316 5094 3576 5152 praceptor
3599 5086 3713 5152 fuit;
3733 5091 3785 5134 ut
3798 5087 3964 5152 ξὶίψζυ

2436 5148 2579 5208 estin
2610 5145 2989 5208 nom‘cujusd’am
3029 5147 3209 5208 Codicis
3234 5145 3390 5208 Anegii,
3437 5145 3487 5196 et
3522 5149 3566 5194 in
3605 5147 3756 5194 altera
3792 5145 3964 5208 Codipis

2434 5205 2716 5260 Coisliuiani,
2740 5203 2856 5266 quas
2877 5207 2923 5251 in
2947 5207 3164 5266 ttexaplis
3187 5203 3431 5266 edidimus.
3455 5212 3715 5266 Postrema.
3737 5216 3844 5266 qua:
3869 5203 3964 5262 tle-

2437 5269 2647 5331 aiorest,
2671 5267 2739 5312 sic
2761 5265 2903 5331 habet
2930 5280 2940 5312 :
2970 5275 3020 5313 In
3047 5265 3321 5331 Hexaploet
3344 5266 3402 5331 in_
3418 5265 3785 5331 accru'otioribus
3810 5275 3963 5331 exem-

2435 5325 2669 5387 le‘ibus.
2693 5324 3204 5387 SCCIIQduleegnm'wit
3227 5326 3339 5375 liber
3372 5325 3538 5376 desinit
3575 5326 3622 5373 in
3653 5325 3964 5387 narrationem

2436 5383 2494 5434 'de
2517 5385 2655 5446 plaga
2673 5384 2844 5452 populi,
2858 5383 2969 5452 etin
2991 5383 3414 5452 emptionem-arcte
3433 5395 3588 5434 Ornw.
3622 5383 3797 5452 Iertiu‘s
3819 5389 3966 5452 «idem

2436 5442 2694 5506 Regnofun't
2716 5444 2829 5492 iiber
2851 5443 2935 5491 im‘t
2958 5442 3229 5506 abitistoriu
3253 5445 3312 5495 de
3336 5445 3498 5506 Abisag
3515 5442 3822 5506 Smtautititie,
3846 5449 3887 5490 ct
3909 5442 3966 5488 de

2436 5499 2611 5568 manu
2631 5503 2820 5568 ejusque
2852 5504 3116 5568 tyrannide.
3143 5505 3373 5568 Diodorus
3393 5499 3548 5568 authm
3569 5504 3775 5554 secundo
3803 5499 3965 5568 Regno-

2435 5560 2677 5628 rumtibro
2699 5560 2962 5628 lueeetium
2994 5563 3228 5628 coujtmgit
3258 5578 3400 5628 usque
3436 5564 3498 5616 ad
3538 5570 3735 5615 mortem
3763 5560 3968 5619 Doridis,

2433 5624 2736 5685 sintilitcrque
2764 5622 3086 5675 Theodorum}
