4152 6324
814 472 908 522 καὶ
949 471 1045 538 τῆς
1088 470 1363 539 τραπέζης
1405 467 1695 519 ἀπολαύειν
1750 466 1848 534 τῆς
1905 463 2200 532 βασιλικῆς.
2243 461 2351 514 Καὶ

814 555 1135 623 ἀποθνήσκει
1162 553 1559 623 τεσσαράκοντα
1593 551 1686 619 ἐτη
1720 550 2058 617 βασιλεύσας.

1365 635 1696 690 Βασιλειῶν
1731 641 1799 702 γ’.

895 726 1126 792 Ἀναιρεῖ
1155 723 1244 774 τὸν
1284 723 1496 791 ὐρνίαν
1529 722 1556 771 ὁ
1583 720 1851 786 Σολομῶν,
1885 719 1963 769 ὅτι
1991 717 2088 787 τὴν
2127 715 2353 769 ’Λϐισάκ

810 813 999 879 ᾔτησε,
1043 813 1135 861 καὶ
1183 810 1270 860 τὸν
1312 809 1566 876 Ἀϐιάθαρ
1619 806 1837 868 ἐξέϐαλε
1885 806 1980 872 τῆς
2038 806 2348 872 ἱερωσύνης.

811 895 918 946 Καὶ
942 894 1223 962 ἐπληρώθη
1253 896 1285 962 ή
1309 893 1446 945 κατὰ
1489 893 1579 944 τοῦ
1623 891 1766 941 Ἠλεὶ
1795 888 2017 956 ἀπειλή·
2056 889 2114 952 ἐξ
2146 888 2351 939 ἐκείνου

810 979 918 1049 γάρ
957 978 1159 1044 κατῆγε
1191 978 1249 1028 :6
1272 978 1439 1042 γένος.
1488 977 1682 1030 Ἀνείλε
1713 975 1767 1026 δὲ
1795 979 1885 1026 καὶ
1914 974 2004 1024 τὸν
2044 972 2198 1027 Ἰωάϐ
2217 991 2232 1005 ·
2262 975 2352 1024 τὸν

809 1063 866 1117 δὲ
910 1064 1135 1115 Σαδδοὺκ
1165 1063 1252 1114 τὸν
1287 1063 1432 1130 ίερέα
1467 1063 1583 1114 ἀντὶ
1611 1061 1700 1112 τοῦ
1742 1061 1998 1129 Ἀϐιάθαρ
2026 1060 2352 1126 κατέστησεν

814 1150 979 1218 ἱερέα.
1006 1148 1193 1199 Δίδωσι
1223 1147 1279 1199 δὲ
1315 1148 1342 1198 6
1381 1145 1627 1212 Σολομῶν
1666 1145 1988 1213 πρόσταγμα
2025 1145 2102 1212 τῷ
2137 1142 2349 1212 Σεμεεὶ,

813 1233 951 1285 ὥστε
984 1234 1041 1284 ἐν
1077 1237 1144 1300 τῇ
1175 1232 1322 1284 πόλει
1363 1231 1540 1299 μένειν
1571 1230 1739 1280 διόλου
1762 1247 1773 1260 ·
1802 1231 1849 1280 εί
1878 1229 1932 1280 δέ
1962 1246 2086 1282 ποτε
2128 1229 2348 1292 ἐξέλθοι,

810 1318 910 1368 οὐκ
941 1316 1241 1385 ἀτιμωρητὶ
1283 1317 1437 1367 τοῦτο
1483 1316 1743 1380 ποιήσειν,
1788 1315 1924 1367 ἀλλὰ
1964 1315 2187 1366 θανάτου
2219 1315 2348 1366 61:0-

815 1403 1104 1472 στήσεσθαι
1128 1401 1345 1470 ζημίαν.
1387 1401 1680 1452 Ἀπὼλοντο
1705 1401 1850 1470 αὐτῷ
1873 1401 2043 1452 δοῦλοι
2066 1418 2078 1432 ·
2100 1401 2128 1450 6
2159 1399 2212 1452 δὲ
2242 1401 2352 1450 ἐπι-

818 1489 1104 1556 λαθόμενος
1159 1487 1250 1538 τοῦ
1289 1488 1717 1556 προστάγματος,
1749 1486 1931 1555 ἐξῆλθε
1963 1485 2231 1556 ζητήσειν,
2259 1484 2349 1538 καὶ

817 1573 998 1643 μαθὼν
1039 1574 1067 1624 ό
1119 1571 1360 1640 Σολομῶν
1398 1571 1599 1622 ἀνεῖλεν
1646 1572 1820 1623 αὐτόν.
1866 1571 1993 1640 Περὶ
2028 1571 2123 1638 τῆς
2163 1571 2348 1638 σοφίας

813 1659 1148 1727 Σολομῶντος
1189 1657 1431 1726 διήγησις
1451 1695 1465 1719 ,
1489 1658 1614 1726 περὶ
1643 1657 1736 1724 τῆς
1769 1659 1985 1726 εἰρήνης
2015 1658 2108 1726 τῆς
2142 1657 2227 1709 ἐπ’
2248 1657 2346 1708 αὑ-

811 1744 926 1806 τοῦ,
951 1745 1075 1812 περὶ
1103 1746 1196 1811 τῆς
1224 1743 1561 1803 πολυτελείας
1588 1744 1682 1809 τῆς
1718 1742 1810 1794 τοῦ
1846 1744 2082 1812 ἀρίστου,
2108 1743 2199 1794 καὶ
2223 1744 2350 1812 περὶ

812 1831 1068 1900 ἁρμάτων
1087 1870 1100 1890 ,
1133 1832 1254 1900 περὶ
1279 1830 1384 1881 τῶν
1415 1831 1591 1881 ἵππων
1610 1871 1624 1893 ,
1677 1831 1802 1898 περὶ
1841 1830 2036 1891 παντὸς
2074 1830 2162 1881 τοῦ
2193 1830 2348 1881 πλού-

812 1933 928 1969 του.
967 1917 1113 1966 Αίτεῖ
1160 1915 1403 1983 Σολομῶν
1443 1915 1628 1980 σοφίαν
1675 1914 1822 1983 παρὰ
1869 1914 1960 1966 τοῦ
2010 1913 2160 1968 Θεοῦ.
2219 1915 2348 1967 Τότε

814 2003 984 2070 κρίνει
1028 2006 1144 2060 ταῖς
1171 2001 1380 2067 γυναιξὶ
1422 2003 1539 2060 ταῖς
1574 2001 1707 2067 ὑπὲρ
1734 2000 1822 2052 τοῦ
1871 2001 2079 2053 παιδίου
2127 2001 2348 2070 προσελ-

811 2088 1032 2150 θοᾶσαις
1060 2088 1222 2155 αὐτῷ.
1263 2086 1426 2138 Πάλιν
1473 2086 1597 2154 περὶ
1645 2087 1742 2154 τῆς
1792 2086 1977 2154 σοφίας
2011 2087 2347 2156 Σολομῶντος

812 2175 983 2241 λόγος,
1025 2178 1150 2244 περὶ
1196 2179 1292 2244 τῆς
1345 2175 1683 2237 πολυτελείας
1714 2176 1810 2244 τῆς
1845 2177 2116 2245 τραπέζης
2149 2177 2309 2229 αὑτοῦ
2331 2215 2347 2240 ,

815 2262 905 2312 καὶ
927 2261 1066 2320 τίνες
1087 2260 1450 2327 ἐλειτούργουν
1473 2260 1668 2326 ταύτην
1699 2260 1846 2327 αὑτῷ
1877 2261 1972 2329 τὴν
1993 2262 2343 2332 λειτουργίαν.

826 2347 1154 2398 ’Λποστέλλει
1195 2347 1327 2415 πρὸς
1367 2347 1578 2416 Χειράμ
1615 2346 1704 2398 τὸν
1749 2347 1966 2415 βασιλέα
2001 2347 2196 2415 Τύρου,
2224 2350 2349 2409 τοὺς

811 2431 1128 2500 δρυοτόμους
1160 2432 1320 2483 αἰτῶν
1364 2433 1452 2483 ἐπὶ
1507 2432 1699 2501 μισθῷ·
1753 2432 1780 2483 6
1811 2433 1872 2502 δὴ
1922 2434 2205 2502 παρέσχεν.
2244 2434 2350 2484 Ἐν-

810 2511 979 2562 ταῦθα
1013 2513 1244 2577 ἔγκειται
1269 2513 1372 2564 τῶν
1400 2513 1772 2582 ἐργαζομένων
1794 2515 1820 2565 6
1859 2514 2101 2582 ἀριθμὸς,
2132 2515 2222 2565 καὶ
2250 2514 2347 2582 τῆς

813 2593 1216 2660 ἑτοιμασθείσης
1244 2595 1320 2654 είς
1345 2594 1432 2645 τὸν
1461 2595 1580 2647 ναὸν
1628 2595 1753 2661 ῦλης
1784 2595 1841 2644 :6
1885 2595 2100 2661 πλῆθος.
2138 2591 2264 2647 Εἶτα
2314 2597 2346 2662 ’ή

811 2674 1059 2742 οίκώμὴ
1104 2674 1194 2725 τοῦ
1251 2674 1392 2726 ναοῦ.
1430 2674 1655 2742 Εῦχεται
1703 2679 1730 2727 6
1755 2676 1998 2744 Σολομῶν
2028 2677 2082 2726 ἐν
2107 2676 2180 2744 τῷ
2215 2675 2344 2743 ναῷ,

813 2755 903 2804 καὶ¹
935 2755 1069 2815 θύει,
1117 2757 1206 2805 καὶ
1253 2755 1545 2819 ἐγκαινίζει
1590 2758 1678 2808 τὸν
1722 2752 1884 2809 οἶκον.
1937 2757 2346 2824 Ἐπαγγέλλεται

810 2835 986 2900 ἀγαθᾶ
1032 2835 1174 2902 αύτῴ
1204 2837 1230 2885 ὁ
1279 2835 1425 2897 Θεὸς,
1458 2837 1548 2887 ἐὰν
1595 2838 1799 2906 φυλάξῃ
1850 2838 1914 2888 τά
1962 2839 2348 2905 προστάγματα

811 2917 991 2977 αὐτοῦ,
1025 2917 1113 2968 καὶ
1139 2917 1341 2967 ἀπειλεῖ
1361 2917 1632 2980 τάναντία,
1669 2918 1760 2968 ἐὰν
1790 2919 2026 2986 παραϐῇ.
2045 2915 2147 2968 Ἦν
2176 2919 2229 2968 δὲ
2253 2918 2347 2968 αύ-

811 2999 886 3065 τῷ
903 2998 1028 3059 ναῦς
1063 2998 1274 3065 χρυσίον
1320 2996 1572 3064 φέρουσα.
1617 2997 1694 3048 Τὰ
1748 2998 1884 3049 κατὰ
1913 2998 2006 3064 τὴν
2040 2998 2346 3065 βασίλισσαν

819 3080 1007 3139 Νότου,
1037 3080 1130 3147 τὴν
1162 3078 1414 3130 ἐλθοῦσαν
1451 3079 1674 3130 ἀκοῦσαι
1699 3079 1797 3146 τῆς
1835 3080 2020 3146 σοφίας
2059 3079 2239 3132 αὐτοῦ.
2269 3080 2347 3132 Τά

811 3160 948 3212 κατά
996 3161 1077 3210 τὸν
1131 3159 1350 3210 πλοῦτον
1403 3158 1562 3210 αὑτοῦ
1608 3160 1699 3210 τὸν
1734 3160 1920 3228 μέγαν,
1969 3162 2034 3211 τά
2079 3162 2202 3229 περὶ
2243 3161 2347 3212 τῶν

811 3240 985 3291 ὅπλων
1040 3241 1143 3292 τῶν
1201 3239 1412 3308 χρυσῶν
1453 3234 1525 3292 ὧν
1571 3239 1807 3308 ἐποίησε,
1845 3241 1912 3291 τά
1955 3242 2080 3310 περ)⁸
2124 3243 2221 3310 τῆς
2264 3241 2349 3309 βαι

811 3321 1006 3382 σιλείας
1037 3322 1219 3381 αὑτοῦ,
1258 3323 1414 3373 πόθεν
1436 3323 1524 3373 καὶ
1553 3323 1708 3389 μέχρι
1740 3321 1839 3372 ποῦ
1871 3326 2198 3392 παρέτεινεν.
2235 3325 2346 3375 Ἐν·

810 3401 994 3451 τεῦθεν
1030 3404 1151 3468 περὶ
1173 3402 1268 3469 τῆς
1294 3403 1726 3467 είδωλολατρείας
1745 3403 1926 3460 αὑτοῦ,
1948 3405 2035 3452 καὶ
2065 3405 2159 3469 τῆς
2185 3419 2346 3470 προσ·

811 3487 1077 3549 κρούσεως
1112 3479 1174 3548 ἧς
1204 3483 1564 3550 προσέκρουσε
1611 3483 1684 3548 τῷ
1717 3483 1849 3549 Θεῷ.
1898 3483 2168 3534 Ἐντεῦθεν
2191 3484 2342 3535 ἀπει-

808 3563 873 3629 λή
891 3564 1020 3630 πρὸς
1052 3564 1228 3620 αὐτὸν,
1255 3565 1343 3613 καὶ
1364 3565 1457 3630 τῆς
1491 3564 1760 3630 βασιλείας
1786 3565 2100 3632 παράλυσις,
2129 3567 2343 3634 εἰρήνης

809 3643 1127 3710 ἀφανισμός.
1176 3643 1555 3695 Ἐπανίσταται
1596 3643 1701 3712 γὰρ
1754 3645 1896 3712 αὐτῷ
1941 3645 2088 3712 Ἀδέρ
2116 3647 2144 3696 6
2192 3646 2344 3696 Ἰδου-

813 3725 986 3787 μαῖος,
1021 3724 1109 3773 καὶ
1134 3725 1160 3773 6
1199 3723 1458 3792 Ἐσδρώμ.
1499 3726 1871 3776 Ἐπανίσταται
1895 3726 2037 3794 αύτῷ
2061 3727 2150 3777 καὶ
2179 3728 2205 3777 6
2226 3725 2344 3778 δοῦ-

811 3801 897 3862 λος
926 3802 1084 3852 αὑτοῦ
1123 3802 1415 3872 Ἱεροϐοάμ.
1460 3805 1710 3871 Ἔρχεται
1763 3807 1894 3873 πρὸς
1941 3807 2028 3855 τὸν
2074 3805 2347 3874 Ἰεροϐσάμ

824 3883 975 3950 ’Λχιᾶ
1006 3886 1032 3934 6
1063 3885 1358 3952 προφήτης,
1395 3886 1485 3936 καὶ
1505 3885 1710 3936 δίδωσιν
1743 3886 1886 3955 αύτῴ
1913 3888 2191 3956 διαρρῆξαι
2223 3889 2345 3956 ἱμά-

810 3983 920 4016 τιον
951 3966 1261 4033 τελαμῶνας
1303 3976 1327 4004 ι
1371 3967 1518 4028 δέκα,
1570 3967 1888 4035 προμηνύων
1923 3969 2088 4037 αὐτῷ,
2120 3971 2198 4020 ὅτι
2225 3971 2346 4022 καθ·

812 4047 919 4106 έξει
947 4046 1011 4096 τά
1043 4047 1169 4097 δέκα
1225 4047 1488 4115 σκῆπτρα.
1534 4049 1613 4108 Ὠ,
1645 4049 1698 4098 δέ
1736 4049 1920 4116 ἤθελεν
1959 4051 2116 4101 αὑτὸν
2145 4051 2346 4102 ἀνελεῖν

810 4129 838 4176 ὁ
871 4127 1132 4194 Σολομῶν,
1175 4128 1369 4193 ἔφυγεν
1421 4130 1497 4188 εἰς
1551 4131 1839 4194 Αἴγυπτον.
1902 4131 2226 4199 Ἐπανῆλθεν
2252 4135 2344 4184 ἀπ’

813 4205 1082 4269 Αἰγύπτου
1126 4207 1416 4276 Ἱεροϐοάμ,
1464 4209 1819 4272 ἀποθανόντος
1871 4213 2225 4280 Σολομῶντος.
2291 4214 2346 4266 Ὁ

816 4287 866 4337 δὲ
884 4286 1004 4347 λαός
1032 4287 1333 4353 προσελθὼν
1354 4288 1426 4356 τῷ
1454 4289 1680 4355 Ῥοϐοόιμ
1711 4292 1806 4358 υίῴ
1834 4292 2344 4361 Σο).ομῶντος.ήξίου

817 4368 1170 4437 ἐλαφροτέραν
1196 4370 1372 4430 αὐτοῖς
1403 4371 1644 4435 γενεσθαι
1678 4374 1773 4439 τὴν
1798 4374 1967 4441 ἀρχὴν
2001 4374 2096 4441 τῆς
2121 4374 2212 4425 τοῦ
2249 4376 2343 4426 Σο-

812 4448 1095 4514 λομῶντος.
1140 4451 1194 4501 ’0
1217 4451 1270 4502 δὲ
1311 4451 1412 4502 61:6
1438 4452 1543 4501 τῶν
1575 4453 1878 4521 συντρόφων
1924 4454 2084 4505 αὑτοῦ
2119 4455 2249 4506 νέων
2270 4473 2346 4507 τι·

810 4529 913 4581 νῶν
956 4530 1312 4592 ἀναπεισθεὶς,
1367 4532 1623 4600 ήπείλησε
1680 4535 1771 4584 καὶ
1819 4533 2116 4602 βαρυτέραν
2167 4537 2346 4598 αὐτοῖς

810 4611 1064 4677 ποιήσειν.
1119 4611 1300 4662 Ἔνθεν
1335 4612 1734 4679 ἀπεσχίσθησαν
1766 4615 1820 4665 αἱ
1866 4615 1994 4665 δέκα
2021 4615 2200 4684 φυλαὶ,
2256 4620 2346 4668 καὶ

807 4691 1149 4745 ἐϐασίλευσαν
1182 4693 1260 4758 ἐφ’
1303 4693 1506 4743 ἑαυτῶν
1551 4695 1636 4743 τὸν
1685 4693 1974 4761 Ἱεροϐοάμ.
2016 4698 2118 4746 Καὶ
2170 4697 2346 4764 βουλό-

809 4789 965 4843 μενον
1012 4773 1424 4841 ἐπιστρατεῦσαι
1455 4773 1596 4840 αύτῷ
1640 4773 1726 4822 τὸν
1766 4775 1994 4842 Ῥοϐοαμ
2031 4778 2291 4829 ἐκώλυσεν
2320 4781 2346 4831 6

804 4855 952 4914 Θεός.
987 4855 1069 4916 Ὠς
1095 4854 1147 4905 δὲ
1175 4853 1322 4923 [555]
1347 4853 1662 4923 ὴρρώστησε
1706 4856 1764 4904 :6
1808 4856 2010 4906 παιδίον
2048 4859 2340 4926 Ἱεροϐοὰμ,

804 4935 1007 5000 πέμπει
1036 4936 1130 5002 τὴν
1151 4938 1377 5001 γυναῖκα
1407 4935 1568 4985 αὑτοῦ
1612 4936 1741 5001 πρὸς
1781 4937 1930 5003 Ὰχιὰ
1948 4938 2034 4988 τὸν
2065 4941 2343 5007 προφήτην

805 5013 1136 5080 πευσομένην
1171 5016 1296 5083 περί⁵
1321 5019 1416 5084 τῆς
1457 5017 1629 5065 νόσου.
1675 5017 1732 5066 Ὀ
1762 5016 1816 5067 δὲ
1847 5015 2014 5080 εἶπεν,
2038 5020 2116 5070 ὅτι
2141 5019 2341 5070 ἀποθα-

803 5098 990 5155 νεῖται,
1052 5095 1143 5145 καὶ
1186 5096 1467 5149 ἀπέθανεν.
1515 5097 1721 5165 ’Ἱστησι
1775 5098 2030 5166 δαμάλεις
2076 5104 2280 5169 χρυσᾶς
2317 5105 2342 5155 6

814 5174 1107 5242 Ἰεροϐοάμ,
1147 5175 1272 5244 μίαν
1304 5177 1358 5226 ἐν
1394 5178 1608 5245 Βαιθὴλ,
1645 5180 1733 5228 καὶ
1762 5180 1887 5246 μίαν
1919 5183 1975 5232 ἐν
1996 5182 2119 5245 Δάν,
2162 5184 2246 5234 ἵνα
2270 5184 2342 5251 μὴ

802 5258 1153 5309 ἀναϐαίνωσιν
1181 5258 1258 5317 εἰς
1295 5257 1636 5326 Ἰερουσαλὴμ
1681 5263 1707 5312 6
1737 5261 1879 5323 λαός.
1912 5264 2134 5325 Θύοντος
2166 5265 2220 5316 δέ
2248 5267 2343 5316 αύ-

863 5395 884 5419 η
910 5380 1224 5429 Coisliuianns
1240 5380 1386 5427 codex
1415 5380 1871 5451 ἱμάτιονντε).αμῶνος
1895 5389 2341 5451 mendose.l.ugdu-

804 5453 965 5496 m'nsin
987 5452 1250 5509 τελαμῶνας
1272 5452 1400 5505 δέκα,
1423 5450 1468 5496 in
1495 5449 1683 5509 fascias,
1699 5451 1744 5500 in
1763 5455 1956 5505 lacinias
1969 5458 2144 5507 decem,
2160 5449 2342 5508 Dig-m3

801 5513 1027 5570 fungum.
1055 5508 1269 5579 lucifugis.
1294 5513 1361 5556 sic
1385 5514 1426 5556 οἱ
1451 5515 1491 5557 Ο
1509 5512 1533 5556 ’.
1558 5513 1679 5579 Ιίιις)
1705 5520 1863 5579 αιιιρεη
1891 5517 1976 5562 hoc
2000 5519 2044 5562 in
2075 5516 2339 5579 exempla“

800 5569 912 5623 ("Im
927 5575 1121 5634 5115mm:
1145 5569 1287 5636 Γι-ιίξςιξ
1315 5591 1323 5615 ;
1353 5583 1454 5615 nam
1482 5579 1531 5616 ul
1564 5574 1704 5634 ιηοιιο
1721 5573 1954 5636 dicebam,
1981 5579 2099 5625 mira
2128 5569 2232 5630 (ιι-σί
2254 5596 2339 5628 cx-

800 5631 1135 5690 cznpluriorum
1169 5630 1452 5677 lilblicorum
1479 5629 1695 5678 varietas.

1479 354 1535 409 ὃ.
1577 350 1853 408 JOANNIS
1888 348 2374 405 CIIRYSOSTOHI
2409 345 2724 404 ABCIIIEP.
2762 347 3285 404 CONSTANTINOP

3888 367 3996 421 350

2460 461 2552 513 τοῦ
2573 463 2708 525 ἐκεῖ,
2745 462 2852 513 ἰδοὺ
2885 460 3162 529 ἅνθρωπος
3185 459 3277 512 τοῦ
3303 458 3434 512 Θεοῦ
3468 459 3653 523 ἐλθὼν,
3686 467 4005 531 προφητεύει

2453 543 2522 595 τά
2547 543 2687 595 κατά
2721 544 2811 594 τὸν
2852 543 3077 594 Ἰωσίαν.
3100 543 3209 595 Καὶ
3231 541 3496 611 ἐξηράνθη
3525 545 3557 611 ἡ
3587 545 3706 612 χεὶρ
3725 544 3822 596 τοῦ
3852 544 4003 612 βασι-

2455 622 2608 686 λέως,
2632 623 2724 676 καὶ
2762 625 2971 696 ἐρράγη
2999 624 3057 674 :6
3091 623 3484 692 θυσιαστήριον.
3525 617 3810 691 Δεηθέντος
3829 627 3882 678 δέ
3912 628 4000 679 τοῦ

2454 708 2727 773 προφήτου
2760 703 2850 754 τοῦ
2881 704 3036 764 Θεοῦ,
3088 704 3298 771 ύγίανεν
3326 708 3352 756 6
3379 705 3642 771 βασιλεύς.
3677 706 3704 744 ιι
3735 707 3837 757 Καὶ
3852 724 4001 776 gap-

2455 784 2635 836 εκάλει
2683 783 2774 835 τὸν
2822 786 3102 853 προφήτην
3144 785 3453 853 ἐστιαθῆναι
3508 787 3820 855 παράὺτῷ.
3862 789 3919 840 Ὀ
3947 789 3999 840 δέ

2450 865 2548 916 οὐκ
2572 864 2846 933 ἠνέσχετο,
2883 866 3202 935 πρόσταγμα
3250 868 3525 933 φυλάττων
3557 869 3648 920 τοῦ
3683 868 3834 932 Θεοῦ,
3864 872 4000 937 ὅπερ

2451 944 2671 1014 ὕστερον
2718 946 2992 1014 παραϐὰς,
3034 947 3266 1016 ἀνῃρέθη
3305 948 3406 999 ὑπὸ
3437 947 3528 1000 τοῦ
3573 950 3796 1010 λέοντος.
3835 952 3890 1003 '0
3946 952 4000 1003 δὲ

2461 1025 2735 1094 Ἰεροϐοὰμ
2777 1027 2857 1079 ἐτι
2887 1026 3116 1095 ἐπέμενε
3147 1031 3210 1096 τῇ
3247 1029 3411 1094 κακίᾳ
3457 1029 3636 1093 αὑτοῦ,
3669 1032 3762 1082 καὶ
3805 1033 3834 1083 6
3875 1033 3996 1084 Ῥο-

2450 1105 2592 1174 6οάμ
2621 1108 3072 1177 εἰδωλολάτρησεν
3089 1107 3178 1175 ἐτη
3207 1109 3380 1162 πάντα
3404 1110 3498 1178 τῆς
3521 1110 3786 1178 βασιλείας
3813 1113 3997 1165 αὐτοῦ.

2465 1186 2656 1239 Ἐλθὼν
2677 1189 2979 1256 Σουσακε“ιμ
2997 1199 3018 1225 ε
3041 1189 3196 1239 ἔλαϐε
3223 1191 3343 1252 τοὺς
3373 1189 3688 1260 θησαυρούς.
3707 1192 3853 1245 Μετὰ
3875 1193 4001 1246 τοῦ·

2449 1285 2539 1319 τον
2572 1269 2837 1335 βασιλεύει
2876 1270 3058 1332 Ἀϐιᾶς
3088 1273 3116 1322 6
3148 1272 3258 1332 υἱὸς
3287 1273 3472 1336 αὑτοῦ,
3509 1275 3598 1325 καὶ
3641 1276 3773 1341 μετά
3809 1275 3999 1327 τοῦτον

2447 1349 2475 1397 6
2508 1349 2623 1410 υίὸς
2679 1349 2770 1401 τοῦ
2819 1351 2968 1404 ’Δϐιά
3001 1353 3029 1402 6
3075 1352 3223 1402 ’Λσᾶ.
3278 1353 3428 1404 Μετά
3475 1354 3532 1405 δὲ
3581 1355 3668 1405 τὸν
3723 1355 3998 1424 Ἰεροϐοαμ

2451 1427 2716 1494 βασιλεύει
2741 1432 2768 1482 6
2793 1430 2905 1492 υίὸς
2928 1431 3089 1483 αὑτοῦ
3127 1432 3303 1483 ’Λδάϐ·
3332 1433 3392 1483 ὃν
3419 1434 3618 1487 ἀνελὼν
3647 1435 3790 1488 Βασᾶ
3811 1437 3997 1487 ἐϐασί-

2447 1509 2622 1571 λευσε,
2661 1512 2749 1563 καὶ
2779 1512 3028 1580 ἐπολέμει
3049 1513 3139 1564 τὸν
3165 1514 3314 1566 Ἀσά.
3359 1515 3414 1568 Ὀ
3435 1516 3488 1566 δὲ
3505 1519 3569 1585 τῇ
3601 1517 3876 1588 συμμαχίᾳ
3901 1518 3996 1571 τοῦ

2448 1590 2617 1658 Σύρου
2649 1591 2811 1661 ’Ἄδερ
2853 1593 3207 1662 χρησάμενος,
3257 1597 3702 1665 ἐπικρατέστερος
3754 1599 3993 1664 γέγονεν.

2460 1671 2543 1731 Ὠς
2567 1672 2620 1722 δὲ
2649 1673 2876 1741 πονηρὸς
2903 1669 2967 1742 ἦν
2993 1677 3019 1725 6
3051 1674 3215 1735 Βασᾶ,
3246 1677 3455 1727 ἀπειλεῖ
3484 1677 3626 1746 αὐτῷ
3645 1679 3672 1728 6
3703 1679 3832 1739 Θεὸς
3853 1681 3997 1732 κακά

2449 1752 2677 1819 μεγάλα.
2721 1753 3096 1815 ’Λποθανόντος
3131 1755 3187 1808 δὲ
3220 1755 3382 1808 αὑτοῦ
3427 1759 3763 1811 ἐϐασίλευσεν
3806 1762 3933 1812 Ἐλᾶ
3968 1763 3996 1812 6

2447 1833 2557 1894 υίὸς
2614 1833 2796 1897 αὑτοῦ,
2837 1835 2894 1886 ὃν
2942 1835 3138 1886 ἀνελὼν
3181 1838 3392 1907 Ζαμϐρὶ
3431 1835 3506 1900 εἷς
3555 1841 3659 1892 τῶν
3698 1843 3993 1910 ἀρχόντων,

2446 1913 2772 1980 ἐϐασίλευσε,
2835 1916 2926 1968 καὶ
2958 1916 3255 1985 ὼλόθρευσε
3305 1920 3393 1970 τὸν
3445 1917 3588 1973 οἷκον
3620 1923 3782 1976 Βασᾶ.
3821 1924 3906 1985 Ὠς
3939 1925 3992 1974 δέ

2447 1997 2539 2048 καὶ
2580 1996 2790 2066 Ζαμϐρὶ
2836 1997 3099 2050 ἀπέθανεν
3152 2001 3338 2052 ἐαυτὸν
3370 2003 3669 2070 ἐμπρήσας,
3726 2005 3994 2072 βασιλεύει

2459 2078 2671 2147 ’Λμϐρί.
2705 2079 2793 2140 Ὠς
2821 2079 2874 2131 δὲ
2915 2079 3148 2132 ἀπέθανε
3182 2083 3274 2134 καὶ
3299 2076 3470 2149 οὗτος,
3510 2085 3995 2155 βασιλεύειἈχαάϐ

2445 2163 2474 2212 6
2530 2162 2642 2223 υἱὸς
2693 2160 2878 2214 αὑτοῦ.
2929 2162 3204 2216 Βασιλεύει
3258 2166 3286 2216 6
3336 2166 3447 2228 υίὸς
3511 2168 3642 2219 ’Λσᾶ
3706 2170 3990 2236 Ἰωσαφάτ.

2458 2243 2690 2295 Ἀπειλεῖ
2733 2244 2913 2306 Ἠλίας
2935 2246 2962 2297 6
2991 2246 3271 2316 προφήτης
3303 2247 3379 2315 τῷ
3415 2249 3610 2316 Ἀχαὰϐ
3636 2250 3734 2320 τὴν
3765 2254 3994 2320 γενομέ-

2446 2341 2540 2392 νην
2557 2324 2852 2394 ἀνομϐρίαν
2873 2326 2963 2378 ἐπὶ
2998 2327 3122 2395 τρία
3150 2327 3240 2396 ἐτη
3278 2329 3368 2380 καὶ
3407 2331 3576 2398 μῆνας
3609 2331 3686 2394 ἐξ.
3720 2332 3853 2384 Τότε
3880 2334 3994 2386 δια-

2445 2407 2698 2476 τρέφεται
2719 2407 2804 2461 διὰ
2824 2408 2928 2460 τῶν
2962 2409 3204 2478 κοράκων
3231 2412 3260 2461 6
3293 2412 3589 2480 προφήτης.
3633 2413 3896 2467 Ἐνταῦθα
3919 2417 3990 2467 τὰ

2446 2487 2584 2540 κατὰ
2609 2488 2704 2556 τήν
2737 2489 2906 2557 χήραν
2922 2489 3016 2558 τήν
3049 2491 3104 2540 ἐν
3131 2490 3442 2560 Σαρέφθοις,
3473 2493 3540 2544 τά
3575 2492 3709 2544 κατά
3739 2494 3828 2546 τὸν
3853 2512 3996 2564 καμ-

2443 2567 2623 2637 ψάκην
2647 2568 2739 2621 τοῦ
2771 2569 2966 2634 ἐλαίου,
2995 2571 3085 2622 καὶ
3132 2572 3230 2640 τὴν
3258 2572 3438 2641 ὑδρίαν
3475 2572 3568 2624 τοῦ
3609 2574 3856 2643 ἀλεύρου,
3896 2578 3991 2628 καὶ

2446 2649 2534 2700 τὸν
2586 2647 2815 2702 θάνατον
2861 2651 2952 2703 τοῦ
2990 2651 3220 2714 παιδίου,
3253 2654 3343 2704 καὶ
3387 2654 3484 2723 τὴν
3511 2656 3574 2708 ἐκ
3616 2656 3707 2710 τοῦ
3760 2656 3992 2710 θανάτου

2447 2731 2680 2799 ἔγερσιν.
2725 2733 3128 2785 Ἀποστέλλεται
3173 2734 3307 2806 πρὸς
3344 2735 3434 2788 τὸν
3478 2737 3674 2805 ’Δχαάϐ
3711 2740 3739 2790 6
3783 2739 3988 2801 Ἠλίας,

2447 2812 2537 2863 καὶ
2569 2815 2710 2864 ποιεῖ
2748 2813 2845 2880 τήν
2885 2813 3092 2875 θυσίαν,
3127 2815 3220 2867 καὶ
3253 2816 3542 2884 καταφέρει
3572 2819 3628 2869 :6
3670 2817 3778 2887 πῦρ
3805 2818 3865 2882 ἐξ
3895 2820 3991 2871 o6-

2449 2893 2626 2961 ρανοῦ,
2668 2895 2758 2944 καὶ
2788 2895 3061 2946 ἀναλίσκει
3089 2897 3272 2962 αὐτήν.
3309 2899 3436 2948 Τότε
3469 2898 3642 2950 λαϐὼν
3671 2901 3792 2962 τοὺς
3826 2903 3991 2969 ίερεῖς

2444 2973 2534 3024 τοῦ
2561 2973 2700 3024 Βαάλ
2732 2973 3024 3039 ἀπέσφαξε.
3070 2975 3200 3026 Τότε
3232 2977 3630 3042 εὐαγγελίζεται
3671 2979 3746 3048 τῷ
3787 2981 3994 3049 ’Δχαὰϐ

2445 3055 2532 3107 τὸν
2571 3055 2737 3106 ὑετόν.
2776 3057 2882 3106 Καὶ
2925 3055 3154 3107 ἀνελθὼν
3197 3058 3274 3117 είς
3320 3058 3410 3109 τὸν
3461 3059 3746 3128 Κάρμηλον
3789 3062 3993 3131 ηὔξατο

2459 3135 2657 3198 Ἠλίας,
2711 3135 2801 3188 καὶ
2834 3138 3096 3204 ποιεῖτὴν
3125 3136 3329 3188 θυσίαν·
3376 3140 3482 3192 ἰδοὺ
3524 3142 3689 3202 ὑετός.
3748 3144 3989 3196 Ἀπειλεῖ

2444 3217 2518 3285 τῷ
2559 3217 2707 3284 Ἠλία
2738 3216 2960 3268 θάνατον
3005 3217 3284 3286 Ἰεζάϐελή
3316 3223 3445 3289 γυνή
3485 3221 3576 3273 τοῦ
3621 3221 3839 3288 Ἀχαά6,
3869 3225 3898 3276 6
3933 3225 3991 3276 δὲ

2446 3296 2656 3365 ἔρχεται
2676 3299 2752 3357 είς
2777 3297 2872 3366 τὴν
2899 3297 3119 3372 ἔρημον,
3146 3300 3236 3349 καὶ
3260 3300 3555 3367 κοιμηθεὶς,
3577 3303 3666 3352 καὶ
3690 3303 3988 3372 διεγερθεὶς

2445 3377 2545 3428 61:6
2583 3376 2807 3443 ἀγγέλου
2862 3376 3012 3437 Θεοῦ,
3068 3371 3220 3445 εὗρεν
3255 3379 3544 3446 ἐγκρυφίαν
3593 3371 3857 3449 ὀλυρίτην,
3896 3387 3989 3437 καὶ

2444 3455 2627 3524 φαγὼν
2672 3455 2850 3516 αὑτὸν,
2894 3455 3184 3532 ἐνίσχυσεν.
3227 3458 3310 3509 Ἑν
3341 3460 3516 3532 ἐκείνῃ
3542 3465 3603 3528 τῇ
3642 3461 3833 3530 βρώσει
3864 3481 3992 3517 τεσ-

2447 3536 2970 3606 σαράκονταήμέρας
2998 3531 3154 3604 ἦλθεν
3175 3537 3252 3599 εἰς
3280 3539 3497 3609 Χωρήϐ.
3529 3543 3656 3592 Τότε
3681 3542 3842 3609 λέγει·
3874 3547 3988 3598 Κύ-

2446 3634 2546 3685 ριε,
2576 3617 2640 3669 τὰ
2657 3616 3010 3685 θυσιαστήριά
3045 3633 3134 3668 σου
3159 3618 3517 3688 κατέσκαψαν.
3555 3623 3632 3674 Τὰ
3681 3622 3846 3693 ζεύγη
3880 3627 3991 3679 τῶν

2446 3698 2582 3765 βοῶν
2609 3699 2765 3765 ἀφεὶς
2785 3700 2812 3750 6
2844 3698 3132 3760 Ἐλισσαῖος
3159 3700 3434 3752 ἀκολουθεῖ
3464 3702 3537 3770 τῷ
3572 3705 3740 3773 Ἠλία.
3778 3708 3990 3759 Ἐντεῦ-

2447 3779 2538 3830 θεν
2557 3780 2612 3832 :6
2635 3781 2876 3850 διήγημα
2903 3781 2963 3830 :6
2993 3779 3130 3830 κατά
3151 3780 3237 3832 τὸν
3259 3781 3546 3849 ἀμπελῶνα
3573 3785 3662 3836 τοῦ
3690 3786 3990 3840 Ναϐουθαί·

2447 3861 2540 3912 καὶ
2566 3862 2595 3928 ἡ
2619 3861 2810 3927 ἀπειλὴ
2843 3859 2981 3912 κατά
3017 3859 3246 3926 Ἰεζάϐελ
3267 3862 3357 3913 καὶ
3399 3863 3612 3930 Ἀχααϐ,
3643 3866 3732 3916 καὶ
3761 3869 3792 3933 ή
3823 3870 3996 3920 κατά-

2447 3941 2588 4002 νυξις
2639 3940 2728 3992 τοῦ
2798 3940 3014 4010 Ἀχαάϐ.
3069 3940 3292 4009 Ἐπῆλθε
3347 3943 3421 4011 τῷ
3482 3945 3690 4014 Ἰσραὴλ
3741 3948 3770 3997 ό
3818 3947 3993 4016 Σύρος

2450 4023 2609 4092 ’Λδερ
2653 4021 2786 4089 μετά
2839 4021 3218 4093 τριακονταδύο
3267 4023 3547 4090 βασιλέων·
3593 4028 3621 4078 6
3659 4027 3714 4078 δὲ
3769 4029 3992 4097 ἐχειρώ-

2447 4120 2574 4155 σατο
2598 4102 2809 4166 αὐτούς.
2839 4104 2945 4155 Καὶ
2969 4103 3215 4172 δεύτερον
3240 4105 3660 4175 ἐπιστρατεύσας
3697 4111 3991 4177 περιέπεσε

2446 4185 2621 4253 πληγῇ
2659 4183 2882 4254 μεγάλῃ.
2928 4184 3010 4245 Ὠς
3036 4185 3090 4235 δὲ
3119 4185 3261 4253 ἐώρα
3287 4187 3473 4239 ἐαυτὸν
3501 4193 3556 4240 ἐν
3587 4189 3826 4257 κινδύνῳ,
3852 4192 3989 4259 ισχῆ-

2448 4283 2520 4334 μα
2571 4265 2914 4332 περιθέμενος
2947 4265 3190 4326 ἐλεεινὸν,
3223 4266 3432 4334 ἔρχεται
3464 4270 3594 4336 πρὸς
3632 4269 3720 4319 τὸν
3761 4272 3988 4338 ’Λχαάϐ,

2443 4345 2621 4396 δοῦλον
2650 4343 2793 4415 [354]
2828 4345 3013 4395 ἐαυτὸν
3045 4345 3345 4408 ἀποκαλῶν,
3382 4349 3470 4398 καὶ
3513 4350 3802 4417 ἀγαπητῶς
3851 4352 3992 4419 ἔχων

2443 4427 2710 4494 σωτηρίας
2754 4427 2952 4492 τυχεῖν.
3018 4425 3074 4477 '0
3111 4425 3164 4477 δὲ
3203 4426 3482 4479 ἀνεϐίϐασέ
3510 4446 3567 4480 τε
3613 4430 3772 4482 αὑτὸν
3801 4433 3895 4484 ἐπὶ
3933 4433 3995 4484 :6

2441 4506 2614 4574 ἀρμα,
2653 4506 2746 4556 καὶ
2775 4505 2937 4572 τιμῆς
2966 4503 3219 4568 ἀξιώσας,
3245 4507 3541 4577 ἐξέπεμψεν
3563 4512 3640 4572 είς
3669 4511 3766 4579 τὴν
3781 4513 3993 4564 οίκείαν

2444 4586 2566 4654 γῆν.
2594 4587 2844 4655 Ἔρχεται
2874 4587 2901 4635 6
2937 4588 3218 4655 προφήτης
3251 4589 3489 4655 ἐγκαλῶν
3519 4590 3653 4660 ὑπὲρ
3683 4593 3887 4644 τούτων
3917 4595 3996 4662 τῷ

2447 4667 2666 4736 βασιλεῖ,
2696 4668 2786 4718 καὶ
2812 4665 3033 4718 θάνατον
3070 4668 3322 4723 ἀπειλῶν.
3361 4670 3672 4724 Βουλεύεται
3697 4675 3725 4724 6
3763 4675 3995 4742 Ἀχαά6,

2446 4749 2492 4797 εἰ
2524 4747 2627 4798 δέοι
2666 4748 3081 4815 ἐπιστρατεῦσαι
3126 4751 3235 4809 τοῖς
3265 4749 3470 4817 Σύροις·
3523 4753 3613 4803 καὶ
3660 4755 3997 4822 συμϐουλεύ-

2447 4846 2630 4890 σαντος
2667 4827 2759 4879 τοῦ
2805 4829 3068 4894 Ἰωσαφὰτ
3096 4829 3354 4895 βασιλέως
3394 4831 3576 4894 Ἰούδα,
3611 4836 3997 4903 μετάπεμπτος

2444 4911 2643 4976 γίνεται
2668 4911 2904 4978 Μιχαίας
2931 4911 2958 4961 6
2987 4911 3280 4978 προφήτης,
3309 4913 3400 4962 καί
3430 4913 3718 4982 ἐρωτηθεὶς
3739 4917 3998 4984 προλέγει

2444 4993 2742 5061 συμφορὰς,
2774 4991 3216 5060 είπολεμήσειεν.
3266 4994 3614 5062 Ὀργίζεταιό
3655 4997 3999 5064 Ἀχαά6·τύ-

2440 5093 2563 5127 πτει
2595 5075 2680 5127 τὸν
2732 5073 2966 5140 Μιχαίαν
3006 5073 3253 5136 Σεδεκίας
3295 5076 3322 5126 6
3371 5077 3832 5144 ψευδοπροφήτης.
3885 5079 3996 5129 Κεφ

2442 5160 2493 5209 λε
2506 5159 2648 5208 ύεται
2667 5156 2863 5224 ’Λχααϐ
2885 5155 3162 5223 τηρεῖσθαι
3187 5158 3419 5225 Μιχαίαν
3432 5159 4013 5228 τὸνιίευδοπροφήτην,

2442 5240 2542 5297 ἓως
2573 5238 2634 5288 ἂν
2663 5238 2689 5287 6
2720 5236 2948 5304 πόλεμος
2965 5236 3098 5304 λάϐῃ
3143 5238 3308 5299 τέλος.
3360 5239 3570 5306 Ἐξῆλθε
3609 5238 4003 5306 μαχεσόμενος,

2445 5321 2531 5371 καί
2569 5335 2694 5385 φησι
2718 5318 2791 5384 τῷ
2828 5317 3109 5384 Ἰωσαφάτ·
3154 5319 3206 5368 Ἀ
3219 5320 3494 5388 μείψωμεν
3516 5320 3574 5370 :6
3597 5320 3776 5386 σχῆμα
3794 5322 3890 5372 καὶ
3914 5322 4006 5374 τὸν

2446 5400 2744 5469 ἱματισμόν·
2791 5399 2967 5451 λαϐὼν
3013 5400 3121 5461 ἐγὼ
3151 5400 3242 5452 τὸν
3282 5409 3391 5466 σον,
3434 5399 3742 5469 ἀντιδίδωμί
3787 5419 3873 5454 σοι
3913 5404 4004 5458 τὸν

2501 5519 2524 5556 b
2552 5521 2633 5564 Hic
2658 5520 2834 5566 deﬁunt
2862 5519 3061 5577 paucula
3087 5519 3230 5567 verba
3257 5521 3301 5566 in
3327 5527 3530 5580 utroque
3551 5523 3735 5569 (οὐξι-ο.

2503 5583 2523 5608 ο
2565 5580 2574 5623 Ι
2606 5581 2674 5625 XX
2696 5580 2989 5647 i_n'crur(:lv‘s
3002 5581 3443 5647 ξουσακίμιιαῂοιιι,
3470 5589 3522 5647 ιιι.
3541 5585 3611 5630 sic
3633 5587 3780 5632 etiam
3805 5583 4005 5647 Lugdu-

2447 5654 2606 5688 ncnsix
2631 5642 2802 5687 cudcx.
2828 5639 2935 5690 Cois
2960 5639 3146 5688 inianus
3174 5652 3290 5688 vero
3312 5642 3569 5696 Σουσακήν.
