4138 6306
152 366 267 421 349

160 485 272 528 uir.
301 478 353 523 et
396 468 538 522 circa
578 466 715 519 filios
756 462 1000 524 Benelli,
1033 470 1091 513 ut
1133 459 1254 512 illos
1284 459 1335 511 in
1386 456 1589 509 honore
1634 452 1732 505 ha-

165 560 312 621 beat,
342 568 395 612 et
436 572 635 611 mensa:
673 554 831 623 regiae
875 560 1150 604 consortes
1192 548 1366 601 faciat.
1414 547 1734 612 Moriturquc

164 657 443 717 postquam
472 660 641 699 annos
660 642 1002 713 quadraginta
1028 624 1361 707 regnaverat.

662 787 943 827 REGNORUM
974 785 1125 823 LIBER
1165 785 1238 822 Ill.

235 906 445 961 Occidit
472 905 686 958 Orniam
716 902 987 965 Salomon,
1016 900 1137 969 quia
1170 899 1446 952 Abisacam
1474 897 1698 965 petierat
1717 938 1731 958 .

162 1006 219 1051 ct
250 996 589 1050 Abiatharem
638 994 790 1060 rjccit
831 1006 893 1045 ex
940 990 1255 1045 sacerdotio.
1295 987 1615 1055 lmpletaque
1654 996 1736 1040 est

162 1085 513 1139 comminatio
552 1095 735 1136 contra
779 1082 861 1135 Eli
893 1082 1047 1143 data;
1077 1094 1140 1133 ex
1184 1079 1274 1131 illo
1302 1093 1527 1145 namque
1568 1090 1735 1144 genus

162 1175 400 1228 ducebat
439 1173 711 1227 Abiathar.
756 1170 953 1224 Occidit
999 1178 1172 1222 autem
1219 1168 1476 1229 Joabum;
1529 1167 1733 1219 Sadduc

166 1274 344 1317 autern
373 1263 644 1316 constituit
666 1260 995 1313 sacerdotem
1028 1274 1123 1326 pro
1145 1258 1451 1310 Abiathare.
1486 1258 1731 1322 Praecep-

168 1362 279 1405 tum
312 1353 403 1405 dat
431 1352 603 1405 Semei
631 1351 900 1413 Salomon,
933 1358 987 1401 ut
1013 1362 1221 1415 semper
1249 1348 1299 1399 in
1331 1345 1458 1401 urbe
1485 1355 1730 1399 maneat:

166 1445 209 1495 si
240 1450 417 1495 autem
440 1452 587 1494 exeat
613 1455 883 1508 umquam,
914 1440 961 1491 id
992 1454 1092 1491 non
1124 1440 1335 1505 impune
1363 1437 1613 1497 futurum.
1638 1436 1731 1490 sed

165 1545 338 1587 morte
367 1532 723 1587 mulctandum
752 1546 890 1585 esse.
920 1532 1048 1585 Cum
1077 1543 1258 1583 servos
1280 1529 1594 1597 perdidisset
1616 1529 1727 1589 ille,

166 1624 401 1676 mandati
431 1623 624 1677 oblitus
644 1662 656 1686 ,
687 1636 930 1690 egressus
956 1629 1035 1674 est
1066 1628 1119 1671 ut
1149 1626 1562 1686 quaereretzquo
1588 1631 1733 1670 com-

170 1724 323 1781 perto
373 1714 620 1767 Salomon
664 1711 924 1764 interfecit
974 1724 1114 1763 eum.
1164 1709 1235 1760 De
1281 1705 1533 1773 sapientia
1584 1705 1730 1760 Salo-

168 1804 342 1855 monis
372 1804 657 1866 enarratio,
691 1802 755 1855 de
786 1813 912 1868 pace
955 1814 1070 1866 qum
1100 1795 1212 1863 ejus
1240 1804 1474 1862 tempore
1507 1793 1635 1857 fuit,
1667 1792 1731 1846 de

164 1896 557 1964 magnificentia
589 1892 812 1961 prandii,
842 1892 907 1943 de
930 1889 1191 1952 curribus,
1217 1886 1283 1940 de
1310 1887 1479 1954 equis,
1503 1884 1570 1938 de
1589 1884 1729 1937 omni

162 2000 362 2053 genere
391 1985 712 2036 divitiarum.
746 1982 879 2035 Petit
908 1979 1157 2034 Salomon
1196 1976 1509 2046 sapientiam
1541 1990 1568 2027 a
1601 1975 1726 2029 Deo.

163 2076 317 2128 Tune
345 2076 548 2143 judirat
577 2074 644 2128 de
673 2073 876 2127 duabus
917 2069 1224 2126 mulieribus
1252 2085 1368 2138 quae
1416 2068 1561 2122 illum
1592 2067 1728 2121 circa

163 2164 421 2218 infantem
451 2164 706 2217 adierant.
756 2164 985 2216 Rursum
1030 2160 1097 2214 de
1139 2158 1396 2228 sapientia
1438 2158 1730 2212 Salomonis

162 2254 429 2322 loquitur;
458 2254 524 2307 de
561 2254 762 2306 lautitia
796 2267 991 2306 mensa:
1036 2251 1150 2318 ejus
1173 2291 1186 2313 ,
1229 2260 1281 2303 et
1308 2248 1517 2318 quinam
1548 2247 1728 2316 hujus-

162 2346 309 2398 mutii
352 2344 527 2399 ofticio
574 2345 935 2413 fungerentur.
982 2343 1138 2396 Mittit
1184 2343 1245 2394 ad
1295 2342 1506 2395 Chiram
1553 2354 1727 2408 regem

165 2437 318 2506 Tyri,
342 2438 589 2505 lignarios
605 2448 787 2503 petens
809 2436 1155 2488 conductitios
1184 2450 1196 2485 :
1228 2433 1312 2486 ille
1334 2446 1460 2484 vero
1488 2432 1727 2500 praebuit.

163 2527 263 2579 Hic
285 2528 457 2595 agitur
483 2527 547 2579 de
575 2541 854 2594 operarmn
885 2540 1125 2587 numero,
1153 2531 1205 2575 et
1234 2522 1298 2575 de
1326 2522 1558 2573 materize
1582 2520 1728 2588 copia

160 2618 225 2669 ad
257 2618 667 2670 exstructionem
688 2617 861 2683 templi
894 2624 1069 2685 parata
1096 2631 1107 2667 :
1130 2614 1363 2679 sequitur
1388 2611 1578 2665 deinde
1598 2621 1727 2664 teni-

162 2708 238 2775 pli
270 2709 616 2761 constructio.
651 2708 901 2760 Precatnr
942 2706 1189 2759 Salomon
1224 2705 1273 2757 in
1307 2704 1521 2772 templo,
1550 2713 1600 2757 et
1629 2704 1726 2755 im-

162 2798 348 2859 molat,
372 2796 693 2863 domumque
717 2796 944 2847 dedicat.
978 2795 1242 2846 Promittit
1268 2792 1343 2845 illi
1374 2791 1509 2844 bona
1539 2793 1676 2845 Deus
1707 2832 1721 2857 ,

162 2887 207 2938 si
231 2887 544 2940 custodierit
571 2887 811 2938 mandata
847 2886 1028 2952 ipsius,
1051 2894 1101 2936 et
1126 2883 1452 2935 contrarium
1474 2882 1727 2947 minatur,

162 2975 209 3027 si
235 2976 609 3043 pravaricatus
648 2974 825 3027 fuerit.
855 2973 980 3025 Erat
1003 2982 1178 3025 autem
1211 2971 1279 3022 illi
1309 2971 1456 3025 navis
1490 2986 1607 3039 qua:
1638 2986 1727 3024 au-

161 3080 283 3117 rum
314 3065 559 3119 vehebat.
589 3064 818 3118 Historia
846 3064 1039 3133 reginae
1084 3063 1282 3126 Austri,
1312 3077 1427 3131 qua:
1458 3063 1598 3115 venit
1624 3104 1637 3126 ,
1674 3072 1727 3116 ut

162 3154 379 3207 audiret
406 3154 718 3223 sapientiam
745 3155 878 3222 ejus.
912 3154 986 3207 De
1031 3152 1329 3221 ingentibus
1368 3151 1482 3220 ejus
1511 3152 1725 3216 divitiis,

164 3245 237 3297 de
266 3245 427 3297 armis
450 3245 623 3298 aureis
653 3259 767 3313 qua:
797 3245 907 3310 ipse
933 3242 1090 3305 fecit;
1125 3241 1190 3294 de
1216 3241 1359 3309 regni
1408 3240 1521 3309 ejus
1547 3241 1727 3293 limiti-

161 3336 288 3387 bus.
322 3335 451 3387 llinc
475 3336 539 3388 de
591 3334 882 3388 idololatria
927 3333 1042 3401 ejus
1072 3341 1124 3386 et
1166 3332 1231 3385 de
1273 3330 1585 3391 offensione,
1626 3346 1727 3399 qua

164 3423 333 3475 Deum
365 3423 602 3476 offendit.
635 3423 764 3475 llinc
791 3423 946 3475 mina:
967 3422 1219 3474 adversus
1247 3420 1391 3473 illum
1421 3419 1686 3472 intentata:
1711 3460 1727 3484 ,

164 3515 421 3581 regnique
443 3514 555 3581 ejus
585 3514 793 3575 solutio,
827 3527 1029 3581 paxque
1058 3512 1282 3563 sublata.
1322 3510 1560 3563 Rebellat
1588 3512 1727 3563 enim

161 3612 347 3655 centra
399 3603 542 3655 illum
591 3604 732 3656 Ader
777 3604 1055 3665 ldunimus,
1104 3610 1155 3653 et
1200 3601 1442 3653 Esdrom.
1488 3601 1728 3655 llehellat

162 3695 324 3746 etiam
355 3706 537 3747 contra
591 3694 732 3748 illum
784 3694 1063 3748 Jeroboam
1102 3706 1285 3746 servus
1317 3691 1450 3760 ejus.
1488 3691 1637 3744 Venit
1663 3691 1727 3745 ad

159 3783 446 3838 Jeroboam
500 3785 662 3838 Achia
718 3785 991 3852 propheta.
1024 3783 1215 3851 datque
1256 3782 1329 3835 illi
1382 3781 1727 3835 scindendum

159 3873 538 3927 vestimentum
589 3874 639 3927 in
673 3874 888 3927 lacinias
922 3873 1105 3928 decem
1130 3914 1144 3939 ,
1196 3872 1613 3942 prtesigniiicans
1653 3872 1727 3926 illi

159 3960 307 4029 qunti
336 3960 517 4014 decem
545 3971 749 4029 sceptra
775 3962 1047 4015 habiturus
1078 3971 1237 4014 esset.
1268 3961 1396 4013 Cum
1430 3975 1587 4028 porro
1616 3962 1725 4014 vel-

162 4050 239 4105 let
260 4050 507 4105 Salomon
533 4052 675 4105 illum
708 4048 968 4115 occidere,
993 4050 1124 4120 fugit
1154 4051 1203 4102 in
1236 4049 1543 4119 Egyptum.
1570 4050 1727 4103 Redit

161 4142 234 4197 ab
262 4141 489 4213 Egypto
531 4142 834 4207 Jeroboam,
890 4148 1099 4195 mortuo
1140 4140 1443 4193 Salomone.
1496 4138 1727 4207 Pepulus

160 4242 341 4286 autem
369 4234 552 4286 adiens
580 4232 818 4286 Roboam
850 4232 1013 4285 filium
1060 4230 1377 4294 Salomonis,
1406 4230 1623 4299 rogabat
1653 4229 1727 4283 le-

161 4322 316 4376 viore
344 4321 442 4375 frui
473 4322 712 4390 imperio,
745 4336 900 4391 quam
925 4321 1022 4375 sub
1042 4320 1359 4383 Salomone;
1399 4320 1485 4373 ille
1514 4334 1638 4372 vero
1660 4334 1724 4373 ex

164 4413 656 4479 Consiliojuveuum
686 4411 1031 4481 quorumdam
1058 4451 1071 4475 ,
1116 4411 1202 4478 qui
1236 4424 1351 4463 cum
1378 4410 1491 4478 ipso
1517 4408 1725 4463 educati

163 4502 398 4565 fuerant,
430 4503 657 4555 minatus
683 4511 763 4555 est
787 4516 844 4555 se
871 4502 1108 4569 graviore
1130 4514 1346 4552 usurum
1373 4499 1611 4565 imperio.
1645 4500 1726 4552 ln-

165 4593 233 4647 de
258 4592 437 4646 divisa:
463 4601 583 4645 sunt
611 4590 792 4644 decem
824 4590 1012 4655 tribus,
1063 4597 1117 4643 et
1154 4602 1331 4655 regem
1373 4587 1472 4642 sibi
1526 4589 1724 4642 consti-

165 4694 380 4741 tuerunt
413 4686 713 4740 Jeroboam.
741 4683 974 4737 Roboam
1005 4696 1130 4736 vero
1153 4682 1420 4735 volentem
1447 4691 1627 4734 contra
1661 4681 1723 4733 il-

165 4776 277 4829 lum
300 4790 510 4829 movere
544 4774 738 4827 bellum
769 4773 904 4825 Deus
922 4771 1175 4824 cohibuit.
1202 4769 1334 4823 Cum
1371 4781 1544 4823 autem
1561 4783 1725 4838 argro-

164 4874 304 4919 taret
328 4865 458 4917 lius
489 4863 789 4925 Jeroboam,
818 4862 976 4915 mittit
1002 4874 1217 4913 uxorem
1246 4875 1391 4913 suam
1423 4858 1486 4911 ad
1506 4860 1724 4912 Achiam

164 4953 501 5023 prophetam,
525 4954 591 5007 de
639 4952 826 5005 morbo
868 4952 1248 5005 sciscitaturam
1274 4967 1285 5000 :
1316 4949 1405 5003 ille
1441 4964 1568 5003 vero
1594 4950 1727 5003 dixit

164 5058 285 5096 esse
315 5044 644 5104 moriturum,
669 5052 721 5095 et
750 5050 991 5095 mortuus
1016 5050 1095 5095 est
1118 5038 1211 5109 (a).
1238 5038 1724 5093 StatuitJeroboam

168 5133 364 5186 vitulas
394 5146 598 5194 aureas,
623 5132 842 5185 alteram
871 5133 922 5183 in
944 5129 1161 5192 Bzethel,
1188 5129 1406 5181 alteram
1431 5129 1480 5181 in
1512 5128 1639 5193 Dan,
1662 5144 1727 5183 ne

168 5223 392 5290 populus
414 5222 723 5275 ascenderet
752 5221 802 5273 in
832 5220 1147 5273 Jerusalem.
1182 5218 1311 5272 Cum
1341 5227 1515 5271 autem
1542 5219 1727 5270 imum-

168 5316 299 5367 laret
330 5313 420 5377 ibi,
453 5326 573 5365 ecce
604 5311 761 5364 homo
788 5311 883 5365 Dei
928 5311 1143 5364 veniens
1173 5309 1451 5377 prophetat
1490 5309 1556 5362 de
1584 5308 1725 5362 Josia

227 5445 301 5505 ()
326 5451 435 5492 Haec
450 5456 559 5505 qua:
587 5442 959 5505 deaegritudine
983 5440 1061 5505 filii
1084 5439 1351 5488 Jeroboami
1373 5439 1591 5505 dicuntur
1615 5452 1723 5499 per-

167 5498 325 5555 tinent
358 5504 415 5551 ad
455 5498 597 5560 caput
631 5498 862 5551 XlVliliri
888 5503 1016 5550 tertii
1043 5508 1248 5560 Regum.
1275 5507 1325 5547 et
1350 5506 1455 5558 post
1479 5498 1726 5546 vitularum

166 5578 418 5613 aurearum
450 5560 631 5613 cultum
669 5563 904 5611 habentur
942 5565 988 5609 in
1020 5562 1233 5617 Hebraeo,
1260 5563 1307 5607 in
1330 5560 1562 5619 Vulgatis,
1584 5568 1726 5620 atque

167 5629 215 5674 iu
240 5624 487 5687 hexaplari
506 5626 736 5675 mitione.
755 5623 843 5673 Sed
861 5624 909 5671 in
927 5624 1029 5672 aliis
1049 5624 1221 5670 Grzeeis
1238 5623 1526 5668 tzditionitius
1540 5623 1727 5670 inversa

162 5692 299 5739 sunt,

1214 341 1530 400 SYNOPSIS
1565 335 1968 395 SCRIPTURIE
2006 336 2273 393 SACRIE.

3300 369 3411 423 350

1847 466 1987 521 rege.
2020 459 2084 507 Et
2124 456 2333 509 exaruit
2357 458 2492 525 regis
2539 471 2743 519 manus,
2769 465 2820 509 et
2850 465 2999 525 rupta
3028 469 3109 513 est
3129 473 3240 513 ara.
3268 458 3403 511 Pro.

1841 541 1996 609 pheta
2026 554 2199 597 autem
2232 545 2392 599 Deum
2417 554 2685 613 precante,
2719 561 2809 599 rex
2836 560 2991 599 sanus
3016 546 3182 600 factus
3208 557 3306 600 est.
3333 548 3399 601 Et

1840 632 2055 699 rogabat
2086 635 2393 702 prophetam
2426 645 2481 687 ut
2530 636 2830 704 epularetur
2855 635 2992 703 apud
3017 650 3093 689 se.
3142 637 3232 690 Ille
3274 653 3399 690 vero

1840 725 2071 790 nolebat,
2108 727 2196 779 Dei
2238 735 2557 795 prreceptum
2586 741 2823 789 servans,
2870 727 3005 794 quod
3044 742 3162 780 cum
3216 737 3397 794 postea

1842 824 2205 885 transgressus
2251 827 2432 883 esset,
2466 817 2673 871 occisus
2723 828 2803 871 est
2834 833 2862 872 a
2909 822 3077 871 leone.
3118 819 3397 872 Jeroboain

1839 914 2011 959 autem
2040 907 2209 961 adhuc
2252 908 2497 961 manebat
2524 909 2573 959 in
2618 908 2885 976 impietate
2910 923 3019 968 sua,
3073 918 3125 961 et
3161 908 3393 961 Rohoam

1840 993 1978 1045 idola
2012 994 2171 1047 coluit
2212 995 2456 1048 erunibus
2488 996 2605 1048 vita:
2630 1009 2738 1049 sua:
2764 997 2939 1049 anuis.
2972 996 3201 1049 Veniens
3232 996 3395 1049 Susa-

1838 1084 1938 1135 cim
1968 1086 2164 1150 accepit
2200 1085 2492 1139 thesauros.
2524 1086 2647 1139 lost
2682 1088 2816 1138 hune
2846 1096 3025 1153 regnat
3065 1088 3223 1139 Abias
3255 1088 3390 1141 lilius

1838 1174 1971 1239 ejus,
2001 1183 2053 1227 et
2084 1185 2198 1241 post
2224 1175 2361 1229 hunc
2385 1177 2485 1226 Asa
2517 1175 2819 1228 liliusAhia.
2854 1175 2975 1228 Post
2997 1175 3273 1229 .lernhoam
3304 1192 3390 1230 re-

1836 1272 1960 1330 gnat
1994 1264 2128 1315 lilius
2150 1264 2264 1330 ejus
2293 1264 2441 1317 Adab
2472 1264 2544 1335 ()
2574 1282 2586 1316 :
2611 1280 2765 1332 quem
2796 1281 2913 1317 eum
2937 1266 3216 1319 occidisset
3238 1267 3392 1332 Basa,

1837 1352 2072 1419 regnavit
2099 1363 2150 1406 et
2169 1353 2395 1406 bellabat
2421 1362 2601 1407 contra
2622 1355 2744 1406 Asa.
2771 1354 2862 1406 llic
2890 1354 3085 1406 auxilio
3107 1369 3230 1406 usus
3256 1356 3396 1409 Adcr

1837 1441 1953 1511 Syri
1984 1446 2225 1509 superior
2249 1444 2362 1498 fuit.
2412 1445 2541 1510 Quia
2590 1460 2713 1498 vero
2759 1445 3027 1514 improbus
3069 1458 3181 1499 erat
3224 1448 3391 1511 Busa,

1838 1537 2065 1586 minatur
2094 1535 2189 1602 ipsi
2236 1534 2373 1587 Deus
2406 1536 2537 1588 mala
2571 1536 2819 1604 ingentia.
2856 1537 2944 1589 Illo
2966 1548 3171 1590 mortuo
3203 1554 3391 1606 regna-

1837 1625 1905 1677 vit
1935 1624 2025 1677 Ela
2050 1623 2185 1677 lius
2216 1624 2347 1691 ejus,
2379 1640 2532 1692 quem
2560 1640 2676 1677 cum
2708 1626 2988 1678 occidissirt
3015 1626 3221 1679 Zambri
3260 1643 3394 1681 unus

1837 1716 2150 1782 principum,
2202 1714 2439 1781 regnavit
2482 1714 2614 1781 ipse,
2667 1723 2720 1767 et
2746 1714 2936 1767 delevit
2979 1718 3191 1768 domum
3223 1716 3391 1769 Baszr.

1836 1804 1903 1858 Ut
1945 1816 2120 1856 autem
2149 1804 2355 1856 Zambri
2382 1818 2587 1871 quoque
2616 1814 2849 1856 mortuus
2880 1814 2979 1867 est,
3012 1819 3128 1857 cum
3162 1805 3393 1873 scipsum

1834 1896 2169 1957 incendisset,
2194 1903 2376 1963 regnat
2395 1894 2594 1947 Ambri.
2614 1895 2743 1947 Cum
2768 1903 2939 1948 autem
2971 1895 3054 1949 hic
3075 1898 3227 1949 etiam
3247 1914 3392 1950 mor-

1836 1995 1953 2038 tuus
2001 1995 2168 2048 esset,
2200 1997 2384 2054 regnat
2415 1986 2626 2038 Achaab
2663 1987 2799 2039 filius
2827 1988 2960 2053 ejus.
3009 1987 3214 2055 Regnat
3270 1987 3391 2040 Josa

1838 2077 1960 2144 phat
1984 2077 2117 2128 lilius
2150 2079 2218 2129 As
2239 2094 2285 2128 .
2320 2076 2543 2128 Minatur
2570 2077 2708 2129 Elius
2734 2078 2986 2145 prephcta
3013 2078 3260 2130 Achaaho
3297 2095 3398 2135 Stc

1835 2169 2043 2219 citatem
2063 2207 2076 2228 ,
2101 2182 2215 2234 qtne
2250 2184 2341 2233 per
2371 2176 2477 2219 tres
2522 2184 2689 2221 annos
2733 2176 2783 2218 et
2815 2180 2904 2221 sex
2933 2183 3140 2220 menses
3167 2168 3399 2223 duravit.

1834 2257 1981 2309 Time
2011 2273 2104 2323 per
2134 2269 2319 2308 corvos
2356 2256 2515 2308 alitur
2566 2257 2838 2323 -.
2884 2256 2976 2308 llic
3029 2267 3149 2308 sunt
3194 2276 3255 2313 ea
3286 2275 3405 2327 quae

1837 2345 2179 2415 pertineutad
2211 2346 2413 2397 viduam
2438 2345 2877 2411 Sillcphlitllln,
2902 2360 3017 2412 qua:
3038 2347 3099 2397 ad
3129 2346 3402 2417 lecythum

1834 2436 1958 2501 olei,
1984 2445 2038 2489 ct
2069 2451 2183 2504 qum
2218 2434 2283 2487 ad
2310 2436 2544 2504 hydriam
2578 2438 2773 2495 larium,
2803 2435 2863 2486 ad
2895 2446 3115 2486 mortem
3149 2439 3317 2503 pueri,
3341 2448 3392 2489 ct

1834 2529 2301 2581 :ulsuscitationem
2327 2545 2386 2579 ex
2419 2538 2608 2579 morte.
2643 2527 2861 2578 Mittitur
2888 2527 2953 2578 ad
2988 2528 3198 2579 Achaab
3230 2528 3390 2591 Elias,

1834 2630 1887 2672 et
1916 2619 2134 2671 hostiam
2164 2618 2337 2682 offert,
2364 2616 2594 2670 demittit
2629 2618 2800 2683 ignem
2829 2615 2892 2667 de
2918 2617 3069 2677 cado,
3115 2626 3166 2668 et
3193 2632 3388 2669 consu-

1834 2708 1928 2761 mit
1958 2709 2118 2760 illam.
2152 2705 2301 2759 Tune
2329 2715 2567 2771 arreptos
2596 2703 2896 2755 sacerdotes
2928 2703 3093 2755 Baalis
3118 2704 3391 2771 jugulavit.

1834 2797 2083 2850 Achaabo
2116 2796 2344 2862 pluviam
2376 2794 2710 2861 prmuuulial.
2739 2791 2800 2844 Et
2835 2808 3127 2845 conscenso
3151 2793 3393 2848 (Im-melo

1837 2894 2075 2953 precatus
2111 2895 2190 2937 est
2223 2884 2361 2936 Elias
2382 2922 2395 2946 ,
2448 2890 2501 2935 ct
2552 2882 2865 2935 sacrificium
2897 2880 3047 2935 offert
3078 2899 3088 2933 :
3123 2898 3243 2936 ecce
3274 2886 3391 2952 pln-

1836 2979 1935 3030 via.
1968 2975 2190 3028 Minatur
2217 2973 2341 3025 Elia:
2369 2981 2590 3025 mortem
2615 2972 2826 3025 Jezabel
2855 2986 2984 3023 uxor
3007 2973 3259 3025 Achaahi.
3295 2973 3387 3026 Ille

1834 3078 2006 3121 autem
2033 3067 2173 3119 venit
2207 3068 2254 3118 in
2285 3066 2572 3124 desertum,
2603 3076 2653 3117 et
2682 3080 2799 3116 eum
2838 3064 3172 3117 dormivisset
3195 3067 3392 3118 excita-

1836 3168 2020 3225 lttsque
2051 3165 2190 3209 esset
2219 3157 2284 3207 ab
2328 3156 2512 3223 angelo
2572 3154 2662 3207 Dei
2692 3195 2704 3216 ,
2765 3152 2967 3206 invenit
2998 3154 3388 3207 subeincritiuni

1834 3264 2021 3317 panem
2046 3263 2109 3300 ex
2137 3248 2300 3315 olyra,
2322 3260 2476 3312 quem
2506 3259 2625 3297 eum
2644 3243 2957 3296 comedisset
2980 3244 3254 3297 roboratus
3274 3254 3349 3297 est
3378 3263 3390 3296 :

1833 3354 1952 3391 cum
1985 3338 2072 3389 illo
2103 3337 2220 3388 cibo
2267 3334 2610 3402 quadraginta
2653 3332 2837 3385 diebus
2867 3333 3007 3384 venit
3054 3334 3102 3384 in
3159 3332 3367 3386 Choreb

1834 3429 1979 3480 'lunc
2005 3426 2075 3477 ait
2100 3443 2111 3477 :
2145 3426 2379 3487 Domino,
2408 3437 2527 3474 aras
2558 3431 2671 3473 tuas
2697 3420 3042 3473 suffodisrunt.
3066 3420 3210 3489 Jugis
3230 3421 3387 3474 boum

1834 3516 2065 3568 dimissis
2109 3514 2356 3566 Elissmus
2386 3512 2620 3578 sequitur
2664 3509 2855 3561 Eliain.
2890 3509 3019 3562 llinc
3066 3509 3277 3562 historia
3312 3512 3391 3563 vi-

1835 3621 1949 3660 nea:
1987 3604 2242 3658 Nabuthae
2274 3619 2286 3655 :
2324 3612 2376 3653 et
2404 3601 2558 3653 mina:
2590 3610 2768 3652 contra
2801 3598 3093 3652 chabelem
3122 3607 3173 3652 et
3196 3601 3391 3652 Achaa.

1833 3699 1956 3752 bum
2008 3712 2021 3751 :
2069 3693 2405 3761 compunctio
2454 3690 2708 3744 Aehaahi.
2764 3690 3111 3757 lrrnptionem
3166 3691 3285 3743 fecit
3337 3695 3391 3745 in

1833 3787 2081 3843 lsraelem
2108 3784 2271 3854 Syrus
2323 3782 2466 3836 Ader
2503 3797 2621 3834 cum
2668 3781 2874 3848 triginta
2905 3779 3110 3832 duobus
3137 3782 3347 3846 regibus
3375 3799 3388 3833 :

1833 3878 2047 3933 Achaab
2070 3892 2194 3931 vero
2220 3876 2411 3929 devicit
2448 3890 2559 3929 eos.
2589 3872 2718 3927 Cum
2766 3871 2997 3926 secundo
3028 3872 3391 3926 Adershellnm

1834 3969 2131 4032 intulisset,
2393 3964 2781 4030 admodumque
2828 3962 3127 4029 profligatus
3178 3973 3274 4015 est.
3319 3963 3385 4017 Ut

1832 4069 2006 4113 autem
2032 4073 2089 4111 se
2112 4057 2241 4109 vidit
2267 4057 2316 4108 in
2341 4055 2574 4123 periculo
2613 4054 2829 4114 verSari,
2864 4052 3147 4105 miserabili
3179 4053 3392 4107 indutus

1831 4159 1979 4201 veste
2016 4146 2318 4199 Achaabum
2342 4144 2488 4209 adiit,
2517 4158 2723 4196 servum
2765 4158 2822 4195 se
2848 4157 3059 4205 vocans,
3084 4151 3135 4195 et
3166 4143 3390 4196 salutem

1831 4236 2081 4304 consequi
2114 4245 2411 4303 perOptans.
2440 4232 2529 4285 llle
2556 4246 2681 4284 vero
2710 4246 2831 4283 eum
2875 4233 2924 4283 in
2951 4248 3105 4283 eurru
3137 4247 3231 4284 suo
3260 4247 3389 4285 con-

1833 4326 2087 4381 scendere
2113 4324 2288 4392 jussit,
2315 4332 2366 4375 et
2407 4322 2608 4374 honore
2657 4321 2900 4373 affectum
2934 4320 2983 4373 in
3020 4329 3209 4373 terrain
3240 4338 3389 4375 suam

1834 4417 2056 4472 remisit.
2079 4415 2233 4469 Venit
2260 4413 2509 4482 pr0pheta
2560 4427 2737 4480 regem
2779 4426 2938 4478 super
2966 4411 3045 4464 his
3071 4412 3354 4480 ohjnrgans
3372 4453 3387 4479 ,

1834 4519 2121 4573 necemque
2165 4503 2430 4556 minitans.
2476 4500 2750 4554 Consultat
2799 4500 3051 4563 Achaah,
3102 4517 3167 4553 an
3203 4502 3391 4555 debeat

1837 4598 1985 4668 Syris
2027 4596 2219 4649 bellum
2268 4594 2495 4647 inferre:
2528 4604 2577 4645 et
2624 4608 2687 4644 ex
2719 4592 2938 4645 consilio
2964 4590 3213 4660 Josaphat
3253 4595 3392 4661 regis

1830 4691 2005 4752 Jndaa,
2038 4688 2321 4741 accersitur
2362 4684 2601 4737 Michwas
2632 4683 2904 4751 propheta,
2928 4685 3014 4750 qui
3044 4685 3392 4753 interrogatus

1831 4780 2154 4834 calamitates
2203 4776 2475 4844 praedicit,
2505 4774 2547 4826 si
2582 4773 2773 4825 bellum
2824 4773 3099 4826 inferatur.
3146 4773 3389 4828 Irascitur

1832 4871 2044 4927 Achaab
2067 4890 2077 4923 :
2204 4868 2369 4921 lneam
2399 4868 2613 4935 perculit
2638 4865 2884 4919 Sedecias
2912 4867 3386 4934 pseudopmpheta.

1832 4962 1985 5017 anet
2024 4959 2237 5013 Arhaah
2290 4958 2488 5011 servari
2520 4955 2786 5008 Michazam
2835 4956 3339 5024 pseudoprophetam
3370 5000 3387 5023 ,

1834 5055 2003 5108 donec
2029 5052 2150 5105 belli
2186 5052 2302 5103 finis
2328 5059 2487 5102 esset.
2513 5049 2627 5100 Exit
2645 5048 2707 5099 ad
2734 5064 2993 5116 pugnam,
3032 5058 3083 5101 et
3107 5050 3391 5119 Josaphato

1833 5147 1994 5200 dixit:
2018 5145 2274 5197 Mntemus
2304 5141 2533 5193 habitum
2561 5149 2613 5193 et
2632 5141 2944 5193 vestimenta
2972 5156 2985 5201 ;
3016 5142 3266 5207 accipiam
3295 5158 3392 5211 ego

1836 5246 1943 5303 tua,
1973 5244 2023 5289 et
2055 5248 2167 5287 mea
2211 5232 2298 5283 tibi
2344 5230 2509 5282 trado.
2564 5230 2654 5282 llis
2684 5230 2928 5296 peractis,
2958 5244 3075 5282 eum
3110 5234 3389 5299 praecepis-

1836 5337 1917 5383 set
1942 5342 2029 5380 rex
2062 5324 2227 5393 Syria:
2251 5321 2498 5374 militibus
2516 5319 2644 5384 suis,
2678 5328 2733 5371 ut
2758 5319 2931 5372 missis
2961 5322 3202 5375 oumibus
3231 5337 3387 5375 unum

1896 5484 1965 5542 ()
1979 5481 2029 5528 In
2043 5486 2147 5542 tht
2163 5478 2484 5542 Interpretum
2502 5474 2710 5542 editione
2730 5473 2926 5542 igitur,
2941 5487 3090 5525 .
3103 5484 3207 5542 meo
3217 5480 3392 5542 quippe

1834 5535 2021 5591 nomina
2044 5540 2240 5587 multum
2280 5535 2518 5584 variabant
2552 5537 2599 5582 in
2626 5535 2981 5595 exeuiplaribus
3009 5541 3192 5585 armi-is.
3217 5535 3393 5585 Verum

1834 5617 2007 5652 nomen
2034 5610 2109 5649 est
2130 5600 2283 5647 nadah
2304 5596 2561 5645 secundum
2587 5597 2860 5644 Ilebraicain
2898 5604 3144 5647 veritatem
3169 5604 3285 5656 .
3310 5600 3392 5646 Sic

1836 5682 1886 5725 et
1910 5672 2026 5722 infra
2162 5683 2248 5720 rex
2270 5669 2408 5731 Syria:
2429 5673 2504 5716 est
2521 5665 2750 5714 Bcnada-l.
