4138 6306
791 357 894 412 351

790 466 964 523 regem
985 449 1194 506 Israelis
1217 450 1265 502 in
1290 447 1430 502 bello
1454 447 1801 511 adorirentur,
1827 445 1896 498 illi
1919 443 2154 497 ridentes
2191 439 2334 496 Iosa-

794 541 918 609 pltat
947 536 1287 608 regemJuda,
1315 543 1370 589 et
1396 543 1636 603 putantes
1663 547 1779 586 esse
1805 546 1981 600 regem
2005 529 2163 584 Israel
2192 530 2336 598 (nam

796 631 957 686 vestis
986 631 1124 698 ipsos
1145 625 1392 696 decepit),
1421 623 1870 679 circumsistebant
1904 623 2047 675 illum
2071 661 2085 685 ,
2113 629 2171 673 ut
2195 618 2337 673 occi-

798 719 1002 773 derent.
1027 715 1122 770 Ille
1150 729 1279 768 vero
1302 714 1538 767 clamans
1565 726 1594 765 a
1635 711 1868 780 periculo
1893 710 2158 764 eximitur.
2191 708 2340 760 Alius

796 815 969 859 autem
996 803 1294 872 sagittarius
1315 801 1454 856 feriit
1476 800 1796 863 Achaabum,
1823 806 1876 852 et
1905 797 2118 866 sanguis
2153 811 2338 849 mana-

795 894 902 956 bat,
933 906 1088 960 quem
1107 889 1384 943 abluerunt
1412 890 1461 943 in
1481 889 1641 952 fonte,
1672 898 1725 941 et
1753 886 2056 940 meretrices
2077 900 2134 939 se
2160 885 2341 938 ablue-

798 989 918 1034 rttnt
959 981 1009 1033 in
1032 979 1281 1048 sanguine
1310 979 1422 1045 ejus
1446 1017 1461 1043 ,
1486 991 1745 1044 canesque
1773 976 2034 1029 linxerunt
2056 989 2197 1027 eum.
2239 973 2341 1026 Re-

797 1071 973 1140 gnavit
997 1078 1120 1138 post
1163 1068 1462 1124 Achaabum
1488 1065 1743 1120 Ochozias
1774 1063 1908 1116 filius
1928 1063 2061 1131 ejus.
2084 1061 2213 1128 Quia
2242 1076 2339 1116 au-

800 1169 903 1212 tem
931 1156 1179 1226 .Iosaphat
1226 1159 1422 1210 amicus
1473 1153 1586 1221 ejus
1610 1153 1723 1216 fuit,
1753 1166 1936 1220 pmnas
1976 1150 2149 1214 dedit;
2182 1150 2251 1203 ita
2287 1158 2343 1203 ut

797 1263 958 1319 opera
970 1248 1086 1318 ejus
1113 1245 1564 1315 interpellarentur
1588 1240 1686 1312 (a).

1383 1390 1652 1430 REGNOBUH
1681 1391 1748 1428 IV.

866 1506 1144 1576 Egrotans
1167 1505 1419 1560 Ochozias
1443 1506 1580 1558 misit
1599 1506 1892 1558 consultum
1910 1505 2139 1569 Baalcm,
2167 1512 2338 1557 utrum

797 1605 1126 1652 surrecturus
1153 1606 1327 1651 esset:
1359 1606 1409 1652 et
1435 1596 1628 1650 nuntiis
1650 1611 1928 1650 occurrens
1956 1597 2093 1648 Elias
2115 1595 2341 1663 prophe-

796 1698 868 1753 ta,
895 1689 1048 1757 jussit
1074 1701 1343 1757 regressus
1371 1689 1610 1740 nuntiare
1656 1691 1822 1754 ipsum
1849 1701 1952 1740 non
1980 1698 2338 1739 surrecturum

793 1790 930 1830 esse.
955 1776 1083 1830 Cum
1105 1775 1370 1830 didicisset
1391 1784 1563 1828 autem
1591 1773 1844 1828 Ochozias
1873 1788 1988 1826 esse
2026 1773 2208 1834 Eliam,
2243 1773 2340 1825 mi-

799 1867 867 1918 sit
895 1865 1388 1933 quinquagenarium
1421 1865 1587 1932 primo
1635 1872 1690 1917 et
1715 1862 1977 1926 secundo;
2021 1876 2138 1915 cum
2168 1871 2338 1915 autem

799 1966 1018 2024 uterque
1070 1970 1187 2008 cum
1250 1954 1619 2023 quinquaginta
1671 1956 1778 2006 suis
1839 1953 1956 2021 igne
2002 1960 2340 2020 consumptus

802 2045 1002 2106 fuisset,
1033 2059 1149 2098 cum
1181 2045 1331 2098 tertio
1354 2043 1562 2111 iubetur
1593 2043 1731 2095 Elias
1782 2042 2125 2104 descendere,
2160 2049 2212 2094 et
2251 2056 2336 2094 re-

797 2149 915 2202 gem
947 2132 1126 2186 adiens
1155 2131 1285 2186 dixit
1334 2133 1480 2184 illum
1538 2145 1654 2186 esse
1681 2130 2011 2184 moriturum.
2043 2131 2167 2183 Post
2201 2128 2339 2182 hunc

801 2234 981 2292 regnat
1005 2223 1164 2277 frater
1192 2221 1304 2291 ejus
1341 2221 1519 2276 Joram
1555 2242 1567 2275 :
1598 2237 1698 2274 non
1745 2222 1884 2274 enim
1923 2229 2037 2273 erat
2081 2220 2152 2273 illi
2181 2219 2337 2272 filius.

810 2311 943 2366 IIine
970 2312 1254 2380 assumptio
1281 2311 1403 2364 Elia:
1433 2311 1483 2364 in
1507 2311 1712 2365 caelum.
1739 2311 1982 2363 Videntes
2003 2310 2088 2362 lilii
2113 2310 2338 2377 prephe-

801 2412 967 2454 tarum
989 2400 1255 2454 Elissmum
1279 2400 1417 2454 sicco
1444 2399 1574 2467 pede
1599 2399 1880 2452 Iordanem
1914 2407 2333 2466 praetereuntem,

798 2490 1042 2544 dixerunt
1077 2489 1335 2557 quievisse
1383 2488 1621 2554 spiritum
1654 2487 1780 2540 Elia:
1808 2501 1966 2554 super
1991 2485 2158 2555 ipsum
2188 2527 2200 2549 ,
2249 2500 2338 2539 ro-

799 2588 1024 2648 gantque
1055 2577 1189 2631 mitti
1217 2577 1306 2647 qui
1337 2577 1501 2630 Eliam
1534 2578 1929 2646 perquirercnt:
1961 2576 2047 2630 ille
2096 2576 2340 2645 prohibe-

803 2667 909 2730 bat,
937 2666 1250 2735 demumque
1299 2666 1513 2720 annuit:
1545 2666 1638 2719 sed
1682 2668 1767 2734 qui
1800 2666 1940 2719 missi
1987 2666 2191 2720 fuerant
2235 2679 2339 2720 non

799 2757 1129 2809 invenerunt.
1166 2757 1343 2823 Aquas
1371 2756 1420 2807 in
1451 2753 1658 2808 Jericho
1682 2769 1835 2806 sanas
1857 2753 2025 2808 reddit
2057 2754 2336 2818 Elissaeus;

800 2857 919 2897 cum
944 2842 1145 2897 veniret
1171 2843 1220 2895 in
1245 2842 1442 2895 Bazthel
1470 2882 1485 2906 ,
1517 2843 1762 2910 puerulos
1789 2857 1846 2896 se
1872 2842 2148 2896 irridentes
2176 2841 2339 2896 malc-

801 2933 947 2995 dicit,
966 2932 1143 3001 illique
1163 2932 1228 2984 ab
1249 2931 1382 2985 ursis
1413 2932 1809 2985 interficiuntur.
1834 2932 1939 2985 Rex
1963 2932 2109 2985 Moab
2129 2933 2336 2985 solitum

797 3021 1027 3092 pendere
1056 3022 1302 3074 tributum
1355 3022 1554 3074 abnuit.
1583 3024 1780 3075 Bellum
1817 3024 1911 3090 ipsi
1957 3022 2115 3075 infert
2162 3022 2336 3076 Iuram

803 3128 892 3167 rex
917 3111 1045 3165 .Iuda
1066 3121 1332 3180 assumpto
1361 3126 1537 3165 secum
1564 3112 1786 3166 Ochuzia
1814 3128 1934 3181 rege
1961 3112 2141 3176 Israel,
2172 3123 2224 3167 et
2253 3129 2340 3167 re-

802 3216 868 3270 ge.
892 3200 1055 3256 Edoni
1087 3201 1184 3273 (ὁ).
1213 3202 1341 3254 Cum
1375 3210 1548 3254 autem
1583 3218 1684 3254 non
1736 3203 2024 3255 invenirent
2050 3219 2236 3271 aquam
2286 3206 2337 3258 in

803 3290 1033 3353 deserto,
1074 3301 1127 3344 et
1156 3290 1220 3343 de
1251 3291 1354 3342 vita
1378 3291 1816 3359 periclitarentur,
1849 3295 2152 3346 consulente
2168 3293 2338 3347 Ocho-

797 3381 877 3436 zia
905 3381 1118 3434 veniunt
1142 3381 1202 3433 ad
1251 3381 1541 3435 Elissteum.
1579 3381 1672 3435 Ille
1701 3397 1827 3436 vero
1867 3383 2105 3436 irascitur
2143 3393 2323 3438 contra

798 3483 974 3538 regem
1003 3469 1176 3531 Israel,
1216 3485 1308 3523 nec
1331 3485 1387 3522 sc
1415 3470 1557 3523 illum
1589 3471 1851 3538 respicere
1875 3472 2010 3524 velle
2047 3471 2195 3533 dixit,
2239 3475 2334 3525 nisi

798 3556 850 3610 in
873 3557 1089 3626 gratiam
1121 3559 1257 3626 regis
1283 3558 1450 3611 Judze.
1505 3558 1682 3627 Neque
1725 3569 1921 3613 tantum
1957 3576 2203 3628 aquarum
2249 3577 2338 3616 co-

797 3646 936 3714 piam
964 3643 1198 3714 prtedicit
1218 3686 1233 3708 ,
1271 3646 1360 3698 sed
1405 3646 1562 3698 etiam
1593 3647 1862 3698 victoriam
1893 3658 2074 3701 contra
2099 3649 2336 3700 Moabiti-

795 3734 934 3796 dem,
969 3733 1018 3785 id
1049 3732 1186 3800 quod
1234 3734 1390 3786 etiam
1419 3732 1632 3786 evenit:
1667 3734 1716 3786 in
1760 3742 2056 3802 tantamque
2085 3734 2336 3791 deductus

797 3831 880 3877 est
906 3822 1253 3876 calamitatem
1301 3836 1394 3876 rex
1437 3822 1820 3888 Moabitarum,
1877 3833 1935 3877 ut
1964 3826 2118 3878 etiam
2172 3826 2334 3879 lilium

800 3921 1054 3966 tnactaret
1068 3927 1221 3980 supra
1251 3927 1476 3965 murum.
1515 3913 1609 3966 Hic
1633 3914 1803 3981 agitur
1824 3913 1888 3966 de
1918 3915 2156 3978 muliere,
2186 3915 2335 3983 cujus

795 4004 967 4058 oleum
1010 4003 1484 4070 superabundavit,
1525 4011 1574 4057 et
1603 4002 1667 4056 de
1691 4003 2032 4066 Snnamitide,
2061 4005 2145 4057 cui
2174 4005 2333 4058 filium

796 4093 988 4144 salvum
1024 4091 1245 4144 reddidit
1305 4092 1568 4155 Elissteus,
1624 4102 1677 4145 et
1727 4100 1985 4144 mortuum
2039 4095 2326 4148 suscitavit.

795 4179 953 4233 Fame
979 4182 1377 4247 superveniente
1398 4182 1792 4234 amaritudinem
1821 4182 2029 4236 abstulit
2072 4199 2100 4236 a
2128 4184 2328 4250 lebete,

791 4281 845 4324 ct
870 4271 920 4323 in
953 4270 1162 4322 nomine
1201 4271 1288 4322 Dei
1332 4279 1541 4323 centum
1572 4272 1710 4322 viros
1766 4272 2013 4323 enutrivit
2043 4287 2106 4325 ex
2149 4276 2329 4342 viginti

793 4359 1013 4427 panibus
1043 4359 1370 4413 hordeaceis.
1417 4359 1582 4427 Lepra
1613 4360 1829 4413 affectus
1856 4369 1936 4412 est
1971 4360 2197 4414 Neeman
2225 4363 2328 4417 dux

793 4450 929 4518 regis
958 4451 1140 4514 Syrim,
1183 4451 1267 4517 qui
1299 4450 1554 4503 accedens
1590 4449 1654 4502 ad
1685 4465 1858 4517 regem
1888 4450 2041 4502 Israel
2072 4451 2326 4505 medelam

793 4539 1027 4607 petebat;
1061 4539 1147 4590 ille
1173 4554 1297 4592 vero
1321 4539 1505 4591 anxius
1521 4537 1671 4592 scidit
1692 4539 1996 4592 veStimenta
2022 4554 2132 4592 sua.
2157 4539 2326 4608 Ipsum

851 4696 922 4754 (α)
944 4693 997 4741 In
1019 4699 1193 4755 GPIBOO,
1218 4701 1325 4742 ῐδιαι
1347 4701 1461 4755 diam.
1482 4706 1523 4742 τὸ
1546 4701 1750 4748 δωπῆναι
1764 4706 1810 4742 τὰ
1826 4705 1910 4755 in:
1924 4706 2042 4755 αὑτοῦ.
2066 4699 2201 4742 FOI‘lP
2223 4709 2326 4745 me-

789 4753 880 4802 lius
906 4753 1018 4801 haec
1055 4754 1198 4800 verba
1236 4754 1539 4812 quadrarent.
1565 4755 1802 4812 praetulisse
1842 4753 2064 4816 particula
2103 4758 2322 4816 negandi,

788 4827 848 4863 σῦι
865 4823 970 4863 tam
989 4822 1166 4875 δίκην-,εδ
1189 4822 1462 4875 ξῳπήναῃά
1493 4824 1579 4875 tm
1593 4824 1714 4875 absab,
1737 4826 1825 4860 non
1845 4813 1974 4861 dedit
1997 4813 2190 4875 paruas;
2201 4813 2325 4875 quod

785 4886 928 4939 opera
950 4874 1050 4939 ejus
1065 4871 1198 4939 illud
1212 4871 1546 4939 Δἰηιρςεᾴξνςξηιξ
1557 4873 1680 4939 quod
1716 4871 2005 4939 conseruaret
2030 4887 2136 4939 eum
2162 4871 2326 4939 verbis

785 4933 878 4994 illis
900 4930 1092 4994 Paralip.
1114 4933 1187 4981 19.
1210 4933 1264 4979 2:
1288 4930 1338 4994 Et
1360 4930 1540 4980 idcirco
1559 4930 1683 4994 {rem
1704 4932 1893 4992 quidem
1914 4933 2098 4984 Domini
2120 4938 2326 4986 mereba-

784 4993 851 5040 ris
867 5005 884 5039 :
904 4994 985 5040 sed
1009 4990 1124 5040 bene
1142 5005 1285 5051 Opera
1306 4990 1487 5038 inventa
1508 4999 1612 5038 sunt
1632 4991 1679 5038 t'n
1703 4990 1762 5038 te.

847 5050 913 5112 (b)
937 5058 1046 5098 Haec
1083 5050 1177 5098 non
1213 5051 1444 5112 quadram
1474 5053 1562 5099 nisi
1598 5064 1704 5112 cum
1737 5052 1846 5101 Cod.
1874 5052 2012 5102 Eoisl.
2040 5055 2085 5101 in
2106 5067 2201 5112 quo
2223 5059 2322 5105 cvi-

783 5110 954 5159 denter
989 5112 1210 5158 mendum
1232 5110 1336 5157 ’est.
1366 5118 1470 5157 Nam
1492 5114 1570 5165 qui
1595 5110 1772 5157 bellum
1798 5112 2003 5160 intulere
2027 5110 2324 5165 atoabitarum

781 5173 904 5232 regi,
934 5177 1238 5232 eranttorant
1262 5183 1351 5232 rex,
1377 5171 1540 5227 Israel,
1566 5185 1588 5217 a
1613 5184 1706 5230 quo
1724 5172 1968 5219 defecerat
1998 5187 2083 5221 rex
2114 5179 2324 5224 Moabita-

783 5230 902 5285 rttt'n,
928 5230 1144 5290 Josaphat
1165 5243 1251 5290 rex
1271 5231 1400 5284 .Iutla,
1428 5236 1478 5276 et.
1499 5244 1588 5279 rex
1614 5231 1762 5278 Ldom.
1791 5234 2011 5279 Fortassis
2036 5237 2174 5282 etiam
2199 5237 2242 5282 id
2260 5252 2320 5285 ex

783 5293 1012 5353 varietate
1040 5289 1392 5353 exemplarium
1417 5296 1621 5353 ortum;
1636 5303 1741 5353 nam
1765 5300 1936 5351 quanta
1974 5293 2050 5340 illa
2085 5304 2229 5353 esset,
2255 5300 2322 5344 vi-

779 5351 910 5400 desis
934 5352 979 5398 in
1005 5347 1223 5408 Ilexaplis
1245 5349 1300 5395 ad
1328 5356 1467 5408 caput
1490 5350 1591 5397 XIV
1614 5351 1715 5398 libri
1737 5347 1864 5398 tertii
1890 5359 2082 5408 ttegum.
2106 5356 2196 5402 Sed
2220 5347 2320 5404 ine-

781 5411 870 5458 Iius
892 5411 1111 5458 credatur
1151 5408 1195 5456 id
1232 5408 1362 5469 lapsu
1398 5410 1621 5468 graphice
1655 5412 1897 5458 accidisse.
1935 5415 2163 5461 Librarius
2195 5429 2322 5463 enim

775 5472 1414 5532 quispianrprimoJoramum
1438 5481 1606 5528 regem
1623 5471 1734 5532 Ju_da
1755 5485 1837 5532 pro
1851 5484 1968 5527 rege
1988 5473 2130 5522 Israel
2152 5487 2320 5532 tmte-

775 5529 1059 5596 citabeirlde
1079 5530 1198 5596 alius
1219 5529 1457 5577 Ochoziatn
1481 5541 1649 5590 regem
1671 5529 1819 5578 IsraeI
1839 5545 1922 5591 pro
1939 5529 2185 5593 Josaphato
2203 5549 2320 5596 rege

771 5588 799 5638 δ
806 5591 894 5639 uda
912 5590 1228 5639 substituerit.

1545 335 1602 389 S.
1639 332 1907 390 .IOANNIS
1939 325 2398 387 CIIRYSOSTOMI
2435 327 2745 387 ABCIIIEP.
2782 333 3302 398 CONSTANTINOP.

3905 359 4009 412 352

2445 445 2669 498 accersit
2691 445 2959 512 Elissaaus,
2979 450 3229 523 iubetque
3256 456 3492 526 immergi
3515 460 3566 511 in
3589 457 3881 516 Iordanem
3903 478 3990 519 se-

2446 534 2602 600 pties.
2632 535 2722 590 Ille
2748 553 2871 592 vero
2901 541 3067 608 primo
3087 545 3293 612 quidem
3320 548 3586 617 neglexit,
3613 565 3710 604 nec
3727 552 3984 607 medelam

2448 621 2568 675 inde
2586 627 2834 692 Speravit.
2862 627 3077 683 Demum
3105 633 3269 686 servis
3288 635 3395 689 suis
3413 636 3760 704 hortantibus,
3780 639 3991 695 immer-

2446 710 2582 778 gitur
2609 721 2661 765 et
2685 723 2900 768 curatur
2926 732 2941 768 :
2973 717 3210 787 donaque
3257 721 3507 777 offerebat
3533 725 3770 790 Elissam,
3801 730 3888 796 qui
3909 730 3990 783 illa

2453 805 2670 870 respuit.
2699 805 3077 862 Abscedentent
3127 811 3271 864 illum
3301 812 3603 881 insequutus
3641 816 3782 871 Giesi
3810 832 3991 872 servus

2447 891 2669 955 Elissaei,
2701 896 2849 962 quasi
2889 898 2955 951 ab
2982 899 3196 954 Elissaeo
3224 902 3431 967 missus,
3461 919 3488 957 a
3531 904 3758 960 Neeman
3807 910 3992 975 accipit

2447 982 2551 1035 duo
2574 983 2764 1037 talenta
2790 997 3056 1053 argentea,
3080 990 3251 1044 etduo
3271 992 3599 1048 vestimenta.
3620 996 3698 1049 Ad
3718 997 3988 1052 Elisstrnm

2448 1086 2572 1126 vero
2602 1089 2859 1140 reversus,
2881 1086 3083 1144 gestum
3108 1081 3371 1137 occultare
3405 1086 3653 1139 tentabat.
3680 1087 3772 1141 Ille
3814 1099 3986 1144 autem

2447 1175 2657 1216 servum
2692 1165 2986 1234 redarguit,
3017 1179 3068 1222 et
3098 1170 3148 1223 in
3183 1187 3386 1239 pmnam
3409 1175 3862 1246 innnisitlepram.
3895 1180 3989 1235 Ve-

2448 1253 2596 1306 niunt
2625 1254 2710 1306 ﬁlii
2740 1255 3107 1323 prophetarum
3139 1274 3330 1314 caesum
3353 1262 3490 1332 ligna
3510 1264 3947 1322 adardiﬂcandum
3971 1290 3984 1324 :

2449 1352 2504 1396 ut
2538 1360 2665 1398 vero
2690 1345 2886 1400 ferrum
2913 1350 3066 1402 unius
3083 1365 3148 1404 ex
3175 1352 3362 1420 capqu
3385 1353 3599 1419 excidit,
3628 1367 3896 1411 exsectum
3924 1360 3986 1412 Ii-

2445 1445 2602 1500 gnum
2631 1434 2846 1489 immisit
2877 1437 3141 1504 Elissazus,
3175 1449 3228 1494 et
3252 1441 3444 1496 ferrum
3471 1459 3624 1513 supra
3651 1461 3841 1515 aquam
3861 1449 3982 1503 sub.

2447 1521 2604 1572 latum
2641 1530 2740 1574 est.
2790 1523 2903 1578 Rex
2945 1525 3106 1594 Syrias
3142 1528 3336 1582 bellum
3378 1533 3619 1588 movebat
3660 1536 3712 1587 in
3744 1535 3986 1592 Israelem

2447 1616 2506 1660 ut
2532 1610 2845 1677 pnedixerat
2884 1612 3155 1669 Elissazus.
3195 1616 3272 1670 Re
3297 1629 3559 1688 comperta
3582 1620 3790 1686 ,Itostis
3831 1626 3988 1679 mittit

2447 1705 2667 1750 turmam
2695 1699 2916 1753 militum
2946 1703 2996 1755 in
3027 1703 3320 1759 Elissaaum.
3347 1708 3508 1762 Deum
3533 1723 3748 1780 rogante
3769 1715 3986 1782 prophe-

2445 1795 2494 1838 ta
2515 1826 2529 1850 ,
2561 1789 2797 1842 excitate
2826 1793 3183 1857 percutiuntur
3209 1795 3241 1848 ii
3270 1798 3356 1864 qui
3397 1809 3669 1864 venerunt,
3710 1813 3762 1855 et
3790 1803 3986 1858 inducit

2445 1891 2537 1932 eos
2561 1879 2612 1932 in
2629 1881 2830 1934 medios
2860 1882 3115 1950 inimicos,
3146 1901 3422 1954 regemque
3447 1890 3585 1958 ipsos
3613 1893 3871 1958 perimere
3895 1908 3986 1948 vo-

2445 1969 2636 2021 lentem
2664 1969 2874 2024 cohibet
2920 1971 3197 2039 Elissaeas,
3247 1976 3337 2028 sed
3364 1977 3512 2043 jubet
3556 1979 3818 2034 alimentis
3854 1981 3986 2036 datis

2445 2057 2659 2110 remitti.
2701 2058 2863 2112 Tanta
2895 2064 3292 2128 superveniente
3347 2065 3521 2132 fame,
3573 2077 3632 2122 ut
3672 2080 3829 2137 caput
3855 2073 3985 2125 asini

2443 2145 2812 2216 quinquaginta
2846 2149 3009 2216 siclis,
3041 2161 3094 2205 et
3121 2162 3301 2221 quarta
3330 2169 3450 2222 pars
3473 2157 3586 2211 eabi
3614 2162 3866 2215 stercoris
3891 2177 3981 2216 co-

2445 2235 2735 2291 lumbarum
2753 2240 2980 2308 quinque
2999 2241 3142 2295 siclis
3163 2244 3492 2312 venderetur,
3507 2248 3707 2302 accedit
3726 2251 3791 2303 ad
3813 2266 3984 2319 regem

2443 2325 2630 2380 mulier
2651 2327 2867 2381 alteram
2900 2331 3171 2386 mulierem
3213 2333 3472 2399 incusans,
3505 2338 3642 2406 quod
3679 2353 3797 2392 cum
3823 2341 3984 2394 filium

2444 2427 2594 2468 suum
2620 2430 2797 2470 secum
2822 2419 3155 2483 comedisset,
3187 2423 3620 2492 promisissetque
3648 2441 3708 2481 se
3745 2430 3905 2482 etiam
3930 2429 3986 2482 fi-

2444 2504 2570 2558 lium
2600 2519 2751 2560 suum
2778 2509 2827 2560 in
2857 2508 3027 2562 cibum
3056 2511 3388 2578 praebituram
3411 2527 3546 2578 esse,
3575 2517 3848 2582 promissis
3881 2534 3984 2574 non

2444 2597 2692 2650 Stetisset.
2721 2597 2868 2651 Tunc
2917 2599 3071 2653 scidit
3098 2616 3189 2654 rex
3227 2603 3537 2658 vestimenta
3566 2620 3680 2670 sua,
3735 2608 3983 2677 misitque

2444 2687 2611 2740 virum
2657 2689 2744 2757 qui
2786 2702 2941 2758 caput
2987 2691 3191 2746 Elisstei
3243 2704 3556 2762 amputaret.
3589 2696 3834 2751 Prtedicit
3864 2715 3984 2767 pro-

2444 2777 2601 2846 pheta
2630 2780 2679 2832 ei
2707 2781 2794 2848 qui
2830 2795 2886 2834 se
2937 2790 3292 2849 convenerat,
3343 2785 3427 2838 die
3453 2787 3680 2839 crastina
3705 2787 3820 2841 fore
3849 2790 3983 2842 selu-

2445 2868 2643 2920 tionem
2669 2870 2858 2923 famis:
2887 2885 3008 2923 cum
3035 2883 3207 2925 autem
3253 2874 3340 2926 ille
3378 2888 3481 2927 non
3507 2876 3766 2942 crederet,
3801 2880 3982 2931 vatici-

2445 2966 2599 3010 natur
2618 2958 2665 3010 ei
2694 2968 2936 3011 mortem.
2971 2959 3187 3027 Leprosi
3225 2973 3449 3028 quatuor
3486 2965 3554 3017 ob
3588 2965 3776 3018 famem
3812 2969 3861 3018 in
3892 2967 3983 3021 de-

2444 3046 2796 3111 Sperationem
2816 3047 3044 3111 adducti,
3065 3062 3182 3102 sese
3207 3049 3442 3103 hostibus
3460 3052 3653 3105 dedere
3671 3054 3980 3119 decernunt,

2444 3145 2497 3192 et
2516 3139 2579 3191 ad
2606 3148 2774 3191 castra
2803 3140 3090 3204 venientes,
3121 3139 3203 3192 illa
3240 3141 3447 3209 quidem
3481 3142 3779 3197 hominibus
3801 3160 3977 3208 vacua,

2445 3229 2666 3286 tentoria
2687 3245 2813 3284 vero
2853 3230 3047 3284 divitiis
3074 3232 3225 3299 plena
3255 3233 3580 3286 invenerunt.
3614 3235 3690 3287 Ac
3717 3249 3841 3288 eum
3864 3234 3976 3288 diri-

2444 3327 2677 3393 puissent
2700 3337 2890 3396 quanta
2928 3336 3136 3396 gestare
3168 3336 3426 3397 poterant,
3457 3328 3507 3381 id
3553 3329 3657 3396 regi
3688 3329 3976 3381 nuntiatum

2444 3426 2712 3468 venerunt.
2740 3415 2807 3467 Et
2835 3417 3001 3482 primo
3022 3416 3231 3484 quidem
3255 3431 3344 3470 rex
3366 3416 3538 3468 dolum
3567 3417 3782 3469 subesse
3808 3417 3978 3482 suspi-

2442 3505 2656 3558 cabatur
2699 3507 2917 3558 :missis
2949 3515 3117 3558 autem
3163 3506 3454 3572 equitibus,
3508 3519 3628 3557 cum
3675 3519 3786 3558 rem
3837 3515 3978 3556 certo

2442 3594 2815 3661 comperisset,
2865 3595 3035 3647 emisit
3065 3594 3311 3661 populum
3339 3593 3404 3646 ad
3450 3593 3736 3661 diripienda
3769 3603 3978 3648 castra:

2441 3683 2767 3752 cessavitque
2798 3685 2978 3737 fames.
3010 3683 3108 3747 Qui
3137 3698 3260 3737 vero
3286 3697 3388 3736 non
3418 3681 3711 3736 crediderat
3740 3683 3978 3742 Elissam.

2440 3790 2469 3828 a
2500 3776 2647 3829 turba
2670 3776 2845 3844 populi
2871 3777 3203 3831 conculcatus
3223 3774 3440 3827 interiit.
3466 3773 3706 3826 Przdicit
3732 3773 3981 3826 Elissmns

2441 3865 2677 3928 mulieri,
2707 3865 2856 3931 cujus
2881 3863 3045 3916 ﬁlium
3087 3877 3114 3914 a
3149 3871 3318 3915 morte
3362 3862 3737 3925 suscitaverat,
3779 3871 3977 3928 septem

2441 3968 2694 4006 annorum
2748 3955 2976 4018 famem,
3032 3953 3369 4020 hortaturque
3411 3951 3550 4004 illam
3597 3959 3651 4002 ut
3691 3965 3720 4002 a
3765 3951 3978 4018 regione

2443 4047 2794 4112 transmigret.
2843 4046 3120 4111 Postquam
3162 4050 3334 4094 autem
3378 4039 3874 4107 transmigraverat,
3905 4040 3979 4088 Ia-

2440 4152 2651 4205 ntesque
2677 4137 2932 4199 cessavit,
2961 4148 3168 4187 reversa
3193 4140 3273 4185 est
3310 4144 3588 4198 regemque
3620 4128 3804 4181 adiens
3831 4141 3979 4194 roga-

2438 4229 2508 4280 vit
2538 4237 2593 4281 ut
2619 4228 2808 4296 praedia
2837 4242 2928 4279 sua
2958 4225 3054 4278 sibi
3083 4223 3496 4276 restituerentur.
3527 4218 3636 4271 Rex
3658 4217 3823 4286 Syria:
3858 4217 3978 4268 mit-

2437 4319 2498 4371 tit
2542 4317 2604 4369 ad
2653 4318 3196 4382 Eliss:ettm.rogatum
3243 4327 3309 4364 an
3348 4325 3379 4364 c
3422 4309 3605 4362 morbo
3647 4319 3977 4361 surrecturus

2435 4419 2591 4464 e~set.
2623 4409 2714 4461 Ille
2741 4417 2915 4460 autem
2941 4405 3120 4458 nuntio
3145 4404 3294 4465 dixit,
3323 4417 3423 4458 non
3451 4411 3806 4455 surrecturum
3831 4417 3970 4464 esse,

2433 4499 2635 4566 ipsique
2675 4497 2830 4550 etiam
2875 4494 3111 4563 prmdixit
3139 4494 3483 4546 lsraelitarum
3515 4492 3820 4559 perniciem.
3847 4490 3976 4544 Cum

2431 4601 2603 4641 autem
2631 4589 2721 4642 ille
2748 4585 3000 4650 obiisset,
3049 4584 3283 4653 regnavit
3331 4585 3379 4636 in
3417 4582 3533 4650 ejus
3575 4582 3745 4634 locum
3793 4581 3970 4635 Azaél.

2432 4678 2636 4730 Mortuo
2677 4677 2800 4729 item
2847 4674 3059 4729 .Ioramo
3105 4687 3227 4741 rege
3251 4671 3420 4732 .Iuda,
3465 4671 3536 4723 illi
3581 4670 3813 4724 succedit
3839 4668 3975 4722 ﬁlius

2431 4770 2543 4833 ejus
2590 4766 2864 4820 Ochozias.
2904 4764 3112 4817 Missum
3140 4763 3384 4816 Elissutus
3410 4775 3568 4814 unum
3595 4775 3658 4813 ex
3706 4759 3825 4813 ﬁliis
3853 4775 3974 4828 pro-

2432 4859 2704 4928 phetarum
2727 4899 2740 4920 ,
2774 4857 2916 4924 jubet
2940 4869 3134 4921 ungere
3159 4853 3325 4918 Jehu,
3356 4853 3441 4920 qni
3484 4866 3603 4904 cum
3631 4866 3847 4919 regnum
3878 4865 3971 4903 oc-

2428 4959 2689 5019 cupassel,
2719 4948 2985 5002 Joramum
3006 4945 3215 5008 occidit,
3238 4954 3290 4998 et
3314 4943 3518 5012 projicit
3544 4957 3663 4996 eum
3692 4944 3740 4995 in
3764 4943 3970 4995 vineam

2428 5039 2714 5100 Nabuthze,
2777 5051 2932 5105 quam
2987 5043 3322 5101 usurpaverat
3371 5041 3517 5100 pater
3565 5031 3782 5084 Jorami.
3835 5031 3963 5083 Cum

2429 5128 2704 5181 occidisset
2721 5129 2873 5180 etiam
2892 5124 3190 5187 Ochoziam,
3211 5123 3420 5175 intravit
3439 5121 3489 5174 in
3510 5121 3768 5174 civitatem
3791 5117 3968 5172 Israel.

2428 5218 2634 5273 Iezabel
2674 5228 2849 5270 autem
2891 5225 3073 5268 ornata
3098 5213 3410 5280 respiciebat
3437 5225 3468 5265 e
3491 5211 3636 5264 turri.
3667 5210 3777 5262 Rex
3806 5224 3968 5262 eunu-

2427 5310 2541 5362 chis
2593 5309 2842 5377 praecepit
2883 5315 2939 5358 ut
2981 5303 3121 5358 illam
3165 5303 3567 5375 praecipitarent.
3621 5299 3829 5366 Dejecta
3878 5297 3962 5350 illa

2430 5411 2632 5457 mortua
2681 5409 2782 5454 est.
2827 5397 3028 5451 Occidit
3082 5397 3236 5449 etiam
3281 5394 3412 5448 Jchu
3457 5391 3785 5458 septuaginta
3829 5387 3964 5439 filios

2426 5493 2655 5547 Achaabi
2675 5532 2690 5555 ,
2720 5493 2945 5557 itemque
2975 5487 3161 5540 fratres
3202 5482 3439 5537 Ochozia:
3465 5521 3481 5545 ,
3510 5478 3809 5532 sacerdotes
3832 5492 3965 5544 quo-

2430 5599 2529 5652 que
2561 5583 2748 5640 Baalis.
2780 5593 2832 5637 et
2860 5581 3066 5634 Baalem
3099 5577 3359 5633 contrivit.
3388 5573 3537 5628 Tunc
3560 5571 3715 5627 Azaél
3739 5567 3965 5624 concidit
