4152 6324
166 357 268 413 351

1224 338 1554 397 8ΥΝοΡ818
1590 339 1883 398 SCIHPTU
1893 340 2003 397 RE
2039 340 2304 397 SACRAS.

3259 357 3369 412 352

165 460 319 526 ἐμόν.
345 454 435 518 Ὦς
456 452 514 506 δέ
550 452 736 521 γέγονε
757 453 931 513 τοῦτο,
953 451 1044 503 καὶ
1065 450 1115 503 οί
1147 450 1466 519 στρατιῶται
1504 452 1717 521 ἑντολὴν
1823 452 2061 519 διώξαςό
2090 452 2230 513 nec:
2260 453 2289 503 6
2330 455 2456 516 παῖς
2502 452 2592 506 τοῦ
2631 453 2948 516 Ἐλισσαίου,
2990 450 3061 514 ὡς
3090 451 3237 521 παρά
3274 452 3370 503 τοῦ

166 541 482 608 εἰλήφεισαν
516 535 662 603 παρὰ
687 532 780 585 τοῦ
834 531 1089 601 βασιλέως
1125 532 1217 584 τοῦ
1255 533 1477 595 ἑαυτῶν,
1518 533 1722 593 πάντας

1834 532 2137 585 Ἐλισσαίου
2161 533 2445 601 πεμφθεὶς,
2474 533 2734 601 λαμϐάνει
2763 533 2912 602 παρά
2940 532 3031 583 τοῦ
3052 530 3266 599 Νεεμάν
3289 533 3369 583 δι-

168 619 422 687 ἁφέντες,
461 615 604 683 μόνῳ
629 612 705 682 τῷ
730 611 936 681 βασιλεῖ
954 610 1046 662 τοῦ
1096 612 1307 681 Ἰσραὴλ
1335 612 1618 664 συνάπτειν
1644 613 1722 673 είς
1823 610 2084 665 τάλαντον
2118 614 2398 682 ἀργυρίου,
2425 614 2517 666 καὶ
2537 615 2628 665 δύο
2664 613 2871 673 στολάς.
2918 612 3112 665 Ἐλθὼν
3144 612 3201 664 δὲ
3236 612 3370 680 πρὸς

169 699 431 766 πόλεμον,
457 696 653 756 ἰδόντες
678 693 765 745 τὸν
815 690 1075 758 Ἰωσαφὰτ
1094 691 1184 744 τὸν
1220 691 1438 766 βασιλέα
1466 692 1556 742 τοῦ
1596 690 1725 743 Ἰού·-

169 780 257 840 δα,
289 765 383 830 καὶ
407 775 717 842 νομίσαντες
763 772 920 825 αὐτὸν
947 771 1039 823 τοῦ
1081 771 1291 839 Ἰσραὴλ
1323 765 1458 823 εἶναι
1503 770 1582 839 (:6
1618 769 1726 839 γὰρ

1837 690 2134 745 Ἐλισσαῖον
2152 695 2403 762 ἐπειρᾶτο
2429 694 2707 762 κρύπτειν.
2734 695 2790 745 Ὀ
2807 694 2860 745 66
2889 692 3160 762 διήλεγξεν
3188 693 3366 754 αὑτὸν,

1828 769 1923 824 καλ⁸
1952 775 2212 843 τιμωρίαν
2245 775 2399 828 ἔλαϐε
2450 776 2547 843 τὴν
2599 776 2819 844 λέπραν.
2848 777 3130 844 Ἐρχονται
3178 776 3227 825 οἱ
3267 776 3372 826 υἱοὶ

174 859 366 927 σχῆμα
398 856 590 917 αὐτοὺς
615 852 931 922 ἠπάτησεν),
967 850 1223 904 ἑκύκλουν
1255 850 1437 916 αυτὸν,
1465 850 1670 903 ἀνελεῖν
1698 861 1725 891 ι
1826 852 1936 906 τῶν
1970 853 2257 924 προφητῶν
2317 855 2475 922 κόψαι
2516 854 2645 917 ξύλα
2683 856 2814 925 πρὸς
2849 855 3149 923 οἰκοδομήν.
3179 854 3263 915 Ὠς
3314 853 3372 906 66

173 938 443 997 θέλοντες.
496 935 551 987 '0
572 934 626 986 66
653 931 972 1002 ἀναϐοήσας,
1020 930 1303 999 ἀπηλλάγη
1327 930 1420 982 τοῦ
1462 930 1724 984 κινδύνου.

175 1019 406 1087 Ἕτερος
434 1015 488 1067 δέ
517 1030 597 1077 τις
628 1013 843 1081 τοξότης
866 1011 1019 1063 έϐαλε
1044 1012 1132 1062 :6v
1171 1010 1511 1087 Ἀχαάϐ,νκα“ι
1537 1010 1724 1080 κατέρο

177 1101 265 1169 ρει
285 1086 350 1150 :6
377 1092 529 1165 αἷμα.
560 1096 733 1164 Ὅπερ
758 1092 1065 1147 ἀπέπλυναν
1103 1093 1159 1143 ἐν
1189 1094 1253 1161 τῇ
1287 1086 1493 1163 κυρήνῃ
1512 1091 1569 1161 (ί.
1590 1092 1724 1163 κρή-

175 1179 294 1250 νῃ),
327 1178 419 1231 καὶ
461 1178 514 1230 αἱ
550 1175 737 1245 πόρναι
770 1172 1073 1228 ,ἐλούσαντο
1116 1174 1173 1223 ἐν
1210 1172 1287 1240 τῷ
1318 1172 1505 1241 αἵματι
1545 1171 1732 1240 αὐτοῦ,

179 1260 280 1312 καὶ
329 1260 375 1310 οί
422 1256 576 1318 κύνες
629 1254 833 1320 ἑλειξαν
883 1252 1033 1306 αὑτό.
1066 1252 1405 1304 Ἐϐασίλευσε
1459 1252 1593 1321 μετὰ
1644 1253 1736 1307 τὸν

194 1338 403 1409 “xu”
436 1336 675 1407 ὀχηξίας
706 1336 734 1376 b
758 1336 785 1387 ὁ
808 1335 920 1397 υίὸς
961 1332 1143 1387 αὑτοῦ.
1186 1334 1270 1396 Ὧς
1293 1334 1350 1386 δὲ
1382 1333 1532 1401 φίλος
1571 1335 1737 1390 αι’)τοῦ

185 1420 411 1486 γέγονεν
448 1416 730 1485 Ἰωσαφὰτ,
783 1415 947 1467 ἑδωκε
998 1414 1172 1482 δίκην,
1218 1412 1277 1464 :6
1325 1414 1740 1486 διακοπῆναιτά

191 1501 329 1569 ἔργα
353 1496 532 1552 αὐτοῦ.

743 1574 1067 1629 Βασιλειῶν
1116 1584 1184 1629 0'.

274 1660 649 1730 Ἀρῤωστήσας
687 1657 929 1727 Ὀχοζίας
974 1655 1211 1725 ἔπεμψεν
1244 1656 1515 1727 ἐρωτῆσαι
1561 1662 1619 1713 ἐν
1665 1659 1740 1729 τῷ

194 1743 361 1805 Βάαλ,
398 1744 445 1795 ει
464 1744 838 1811 ἀναστήσεται,
861 1738 953 1793 καὶ
982 1740 1291 1807 ἀπαντήσας
1335 1739 1520 1803 Ἠλίας
1552 1743 1580 1793 6
1612 1758 1742 1810 προ-

196 1826 369 1894 φήτης
394 1826 501 1885 τοῖς
520 1821 881 1883 ἀποσταλεῖσι,
900 1820 1177 1872 ἐκέλευσεν
1200 1821 1529 1884 ἀπελθόντας
1551 1825 1739 1886 εἰπεῖν,

195 1907 279 1959 ὅτι
308 1905 405 1958 οὐκ
429 1904 802 1972 ἀναστήσεται.
833 1899 1031 1954 Μαθὼν
1055 1900 1111 1951 δὲ
1143 1901 1408 1971 Ὀχοζίας,
1437 1903 1518 1954 ὅτι
1563 1902 1743 1964 Ἠλίας

200 1987 367 2049 ἐστὶν,
382 1983 587 2053 έπεμψε
610 1983 698 2035 τὸν
734 1980 1196 2052 πεντηκόνταρχον
1222 1982 1432 2052 πρῶτον
1449 1983 1540 2035 καὶ
1561 1981 1742 2034 δεύτε-

206 2083 315 2139 ρον·
341 2066 415 2128 ὡς
432 2066 488 2118 66
538 2064 883 2135 ἀνηλώθησαν
916 2062 1018 2114 61:6
1042 2064 1132 2117 :06
1162 2064 1328 2134 πυρὸς
1350 2064 1574 2127 ἕκαστος
1610 2065 1745 2133 μετά

203 2149 308 2200 τῶν
338 2147 687 2215 πεντήκοντα,
732 2142 867 2214 μετά
903 2141 998 2196 τοῦ
1045 2144 1226 2214 τρίτου
1257 2144 1528 2197 κελεύεται
1558 2144 1747 2197 κατελ-

206 2227 315 2279 θεῖν
334 2228 361 2278 ό
403 2226 599 2289 Ἠλίας,
621 2225 713 2277 καὶ
744 2222 910 2277 ἐλθὼν
950 2224 1082 2293 πρὸς
1110 2225 1198 2276 τὸν
1229 2224 1450 2294 βασιλέα
1471 2221 1639 2287 εἶπεν,
1667 2226 1748 2276 6::

207 2310 567 2363 ἀποθανεῖται.
606 2307 758 2361 Μετά
790 2307 973 2359 τοῦτον
1005 2306 1270 2375 βασιλεύει
1291 2307 1319 2358 6
1339 2306 1560 2375 ἁδελφὸς
1587 2306 1748 2359 αὐτοῦ

218 2390 436 2459 Ἰωράμ·
465 2389 525 2441 οὐ
552 2387 658 2458 γὰρ
688 2382 757 2456 ἦν
782 2386 927 2456 αὐτῷ
956 2386 1084 2448 υίός.
1130 2387 1453 2457 Ἐντεῦθενή
1490 2386 1751 2456 ἀνάληψις

208 2469 299 2523 τοῦ
350 2468 525 2521 Ἠλίου
549 2468 629 2530 είς
658 2467 749 2519 τὸν
770 2466 1010 2537 οὐρανόν.
1053 2468 1267 2530 Ἰδόντες
1297 2469 1401 2520 υίο¹ι
1428 2467 1533 2519 τῶν
1546 2484 1753 2537 προφη-

208 2550 317 2602 τῶν
344 2550 433 2602 τὸν
468 2548 762 2600 Ἐλισσαῖον
790 2546 877 2599 διὰ
910 2546 1077 2617 ξηρᾶς
1122 2549 1179 2599 ἐν
1216 2547 1293 2617 τῷ
1340 2548 1574 2619 Ἰορδάνῃ
1614 2546 1746 2616 βαδί-

212 2648 397 2694 σαντα,
432 2624 603 2681 εῐπον·
653 2629 1122 2681 Ἐπαναπέπαυται
1141 2629 1201 2680 :6
1216 2628 1427 2698 πνεῦμα
1468 2630 1642 2680 Ἠλίου
1668 2628 1748 2680 ἐπ’

212 2712 390 2777 αὐτὸν,
431 2713 523 2764 καὶ
565 2710 802 2774 ἀξιοῦσιν
832 2709 970 2762 ὥστε
996 2710 1297 2779 ἐπιπέμψαι
1325 2713 1404 2772 εἰς
1439 2711 1754 2781 ἐπιζήτησιν

212 2792 306 2844 τοῦ
359 2792 555 2844 Ἠλίου·
587 2792 614 2843 6
642 2790 697 2844 66
724 2790 1063 2844 διεκώλυσεν·
1097 2790 1316 2861 ὕστερον
1356 2791 1412 2843 66
1453 2792 1756 2862 συνεχώρη-

217 2888 325 2925 σεν·
361 2873 411 2924 οἱ
442 2871 498 2925 66
527 2869 847 2934 ἀπελθόντες
876 2871 971 2941 οὐχ
998 2865 1173 2941 εὗρον.
1222 2872 1382 2924 Ἰᾶται
1407 2872 1475 2923 τά
1505 2874 1562 2924 ἑν
1601 2872 1756 2941 Ἱερι-

216 2952 294 3023 χὼ
324 2952 509 3006 ῦδατα·
548 2952 915 3022 ἀπερχόμενος
960 2953 1040 3016 είς
1072 2952 1290 3022 Βαιθὴλ,
1328 2952 1396 3005 τὰ
1441 2952 1758 3021 διασύροντα

212 3035 375 3088 αὑτὸν
432 3034 612 3086 παιδία
642 3035 960 3104 καταρᾶται,
1023 3035 1116 3087 καὶ
1149 3036 1443 3103 ἀναιρεῖται
1492 3035 1594 3087 ὑπὸ
1652 3036 1759 3089 τῶν

216 3118 451 3185 ἄρκτων.
493 3115 550 3167 ’0
597 3113 767 3168 Μωάϐ
816 3114 1063 3183 βασιλεὺς
1113 3116 1320 3183 ἀπέστη
1352 3116 1447 3168 τοῦ
1473 3115 1644 3168 τελεῖν
1670 3116 1760 3168 :6v

218 3195 441 3249 εἰωθότα
463 3194 640 3263 φόρον.
678 3196 1081 3263 Ἐπιστρατεύει
1108 3198 1192 3249 ἐπ’
1210 3197 1367 3251 αὑτὸν
1404 3197 1603 3269 Ἰωρὰμ
1625 3199 1653 3250 6
1676 3196 1763 3265 βα-

222 3277 398 3337 σιλεὺς
434 3274 662 3345 Ἰσραὴλ,
691 3275 1005 3344 προσλαϐὼν
1030 3278 1121 3329 καὶ
1143 3278 1232 3329 τὸν
1257 3277 1518 3345 Ἰωσαφὰτ
1545 3277 1762 3346 βασιλέα

239 3356 458 3418 Ἰούδαθ,
486 3356 580 3407 καὶ
608 3355 695 3407 τὸν
728 3355 900 3425 Ἐδὼμ
943 3355 1179 3424 βασιλέα.
1198 3357 1284 3418 Ὠς
1309 3357 1363 3408 66
1388 3358 1482 3426 οὐχ
1514 3357 1764 3428 εῦρισκον

220 3438 362 3508 ὕδωρ
377 3440 435 3490 ἑν
447 3439 511 3505 τῇ
532 3434 735 3505 ἐρήμῳ.
758 3435 867 3488 ἀλλ’
886 3436 1210 3489 ἐκινδύνευον
1225 3436 1371 3508 [655]
1385 3437 1760 3508 διαφθαρῆναι,

222 3517 709 3588 συμϐουλεύσαντος
731 3515 968 3585 Ὀχοζίου
998 3517 1242 3587 ἔρχονται
1266 3520 1400 3587 πρὸς
1444 3520 1760 3573 Ἐλισσαῖον.

233 3600 293 3653 '0
320 3599 374 3651 δέ
396 3596 662 3669 ὀργίζεται
705 3597 837 3666 πρὸς
876 3598 965 3649 τὸν
1003 3598 1221 3666 βασιλέα
1263 3600 1493 3669 Ἰσραὴλ,
1524 3602 1617 3652 καὶ
1656 3601 1763 3653 οὐδ’

225 3680 291 3734 ἂν
321 3680 445 3732 [δεῖν
473 3678 632 3731 αὐτὸν
660 3677 782 3747 ἔφη,
809 3679 856 3730 εί
891 3678 966 3746 μὴ
1003 3678 1087 3730 διά
1119 3680 1208 3731 τὸν
1232 3680 1449 3747 βασιλέα
1491 3682 1763 3734 Ἰούδα.ού

230 3762 382 3831 μόνον
408 3760 462 3812 δέ
490 3758 674 3821 ὕδατος
696 3758 946 3825 ἀφθονίαν
968 3760 1218 3826 προεῖπεν
1239 3760 1416 3823 αὐτοῖς
1440 3762 1604 3829 ἥξειν,
1635 3761 1767 3814 ἀλλὰ

221 3842 318 3895 καὶ
341 3840 711 3909 τὴνκράτησιν
732 3837 829 3905 τῆς
852 3837 1204 3902 Μωαϐίτιδος,
1235 3840 1418 3909 ὥσπερ
1432 3842 1524 3893 καὶ
1554 3842 1764 3908 γέγονε·

221 3922 320 3977 καὶ
368 3923 447 3984 είς
484 3917 746 3989 τοσαύτην
779 3918 1055 3988 συμφορὰν
1087 3915 1245 3988 ἦλθεν
1281 3920 1309 3970 6
1346 3921 1643 3974 Μωαϐιτῶν
1675 3922 1765 3992 βα-

226 4002 425 4066 σιλεὺς,
459 4000 597 4054 ὥστε
620 3999 707 4052 τὸν
738 4000 848 4051 υίὸν
870 4000 1030 4051 αὐτοῦ
1074 3999 1269 4067 σφάξαι
1298 4000 1499 4053 ἄνωθεν
1538 4002 1642 4054 άπὸ
1675 4002 1765 4055 τοῦ

225 4083 455 4152 τείχους.
498 4078 756 4133 Ἐνταῦθα
790 4078 995 4149 ήγυνὴ,
1094 4080 1155 4131 :6
1196 4080 1370 4132 ἑλαιον
1401 4081 1766 4150 ἐπερίσσευσε,

229 4164 323 4217 καὶ
350 4164 383 4231 ἡ
423 4162 756 4230 Σουμανῖτις,
794 4155 827 4231 ᾖ
873 4159 963 4211 τὸν
990 4159 1103 4210 υἱὸν
1145 4160 1428 4229 ἐχαρίσατο
1460 4159 1767 4229 εὐξάμενος,

229 4245 325 4297 καὶ
361 4241 690 4295 ἀποθανόντα
713 4240 992 4308 ἀνέστησε.
1038 4238 1209 4306 Λιμοῦ
1243 4240 1529 4308 γενομένου
1562 4243 1660 4310 τήν
1712 4259 1771 4295 τε

229 4325 451 4393 πικρίαν
476 4322 657 4390 ἀφεῖλε
682 4321 778 4390 τὴν
791 4322 847 4373 ἐν
877 4320 953 4389 τῷ
985 4320 1169 4389 λέϐητι
1199 4321 1505 4391 γενομένην,
1533 4323 1626 4376 καὶ
1646 4323 1772 4375 ἑκα-

228 4408 320 4459 τὸν
361 4403 555 4473 ἄνδρας
604 4402 822 4471 ἔθρεψεν
854 4403 909 4454 ἐν
948 4401 1165 4468 ὀνόματι
1204 4401 1335 4454 Θεοῦ
1373 4403 1476 4454 ἀπὸ
1526 4404 1772 4471 κριθίνων

230 4486 407 4555 ἀρτων
432 4484 647 4537 εἴκοσιν.
686 4481 993 4552 Ἐλεπρώθη
1035 4482 1249 4550 Νεεμάν
1285 4485 1312 4534 6
1352 4485 1652 4553 στρατηγὸς
1678 4485 1769 4537 τοῦ

231 4563 490 4634 βασιλέως
511 4565 710 4633 Σύρων·
737 4564 830 4615 καὶ
856 4561 1021 4615 ἐλθὼν
1055 4562 1191 4630 πρὸς
1216 4562 1304 4615 τὸν
1322 4562 1544 4630 βασιλέα
1559 4563 1773 4634 Ἰσραὴλ

228 4647 410 4716 ἐζήτει
441 4645 747 4715 θεραπείαν·
776 4646 803 4697 6
826 4643 880 4697 66
900 4644 1163 4713 διηπόρει,
1193 4645 1282 4694 καὶ
1298 4644 1540 4714 διέρρηξε
1561 4646 1625 4697 τά
1655 4646 1776 4714 ίμά-

226 4744 321 4781 τια
360 4725 549 4778 αὐτοῦ.
586 4724 1006 4793 Μεταπέμπεται
1052 4724 1209 4777 αὑτὸν
1242 4726 1268 4775 ό
1322 4723 1635 4786 Ἐλισσαῖος.
1686 4726 1777 4778 καὶ

227 4805 442 4861 κελεύει
471 4804 818 4874 βαπτισθῆναι
846 4806 901 4858 ἐν
923 4804 998 4874 τῷ
1028 4804 1259 4876 Ἰορδάνῃ
1297 4804 1534 4873 ἕϐδομον.
1565 4806 1620 4857 Ὀ
1637 4805 1691 4856 δὲ
1718 4807 1776 4857 τὸ

232 4888 335 4958 μὲν
362 4883 811 4956 πρῶτονῶκνησε,
835 4884 1157 4954 καὶήπίστει
1179 4885 1589 4954 θεραπευθῆναι·
1620 4884 1775 4937 ὓστε-

232 4985 327 5038 ρον
362 4967 421 5019 δέ
455 4966 557 5018 ὑπὸ
580 4964 689 5017 τῶν
730 4965 927 5018 παίδων
972 4966 1131 5018 αὑτοῦ
1166 4966 1549 5036 παρακληθεὶς,
1584 4965 1778 5033 βαπτί-

229 5050 384 5113 ζεται
401 5048 493 5098 καὶ
509 5044 881 5115 θεραπεύεται,
907 5048 1000 5097 καὶ
1024 5046 1190 5098 ἐδίδου
1212 5046 1358 5114 δῶρα
1383 5046 1459 5115 τῷ
1474 5047 1772 5115 Ἐλισσαίῳ.

239 5129 304 5181 Ὀ
338 5128 394 5180 66
423 5128 520 5179 οὐκ
551 5125 755 5195 ήθελεν.
782 5126 868 5187 Ὠς
891 5125 945 5177 66
970 5125 1203 5193 ἀπῆλθεν
1232 5127 1259 5177 6
1285 5126 1583 5196 ἄνθρωπος,
1610 5144 1778 5179 κατα-

291 5264 323 5293 ⁸
354 5262 495 5315 00181.
525 5262 740 5310 ἀνελθεῖν.

292 5323 324 5362 b
346 5324 541 5373 Coislin.
580 5322 745 5376 Ὀζίας.
773 5318 996 5382 nendum
1034 5324 1127 5382 est.
1163 5319 1438 5382 Legendum
1474 5320 1704 5380 Ὀχοζίας,
1730 5326 1783 5369 ut

224 5383 382 5443 habe:
404 5382 643 5443 ngriun.,
666 5389 717 5429 et
733 5387 794 5443 Au:
814 5381 931 5443 infra
959 5380 1150 5443 legilqy.

296 5445 320 5472 °
344 5442 427 5490 Sic
449 5438 685 5503 Ligdum,
708 5440 912 5503 Coislin:
930 5452 1046 5503 vcrp
1097 5439 1275 5503 1:006“:
1302 5442 1327 5485 ὁ
1350 5439 1568 5503 βασιλεὺς
1613 5438 1780 5503 Ἰούδᾳ,

223 5498 604 5563 προσλαϐὼνίδὲ
626 5498 722 5563 ’καὶ
743 5499 822 5545 τὸν
862 5498 1087 5563 ⁸’(ὶχοζίαν
1115 5498 1307 5563 βασιλέα
1350 5498 1553 5563 Ἰσραῄλ,
1589 5500 1667 5543 καὶ
1704 5500 1783 5544 :6v

469 5557 659 5612 Videtis
682 5570 788 5623 qua:
809 5558 871 5607 ad
914 5556 1337 5619 iiiterpretaliuucm
1382 5556 1593 5606 Latinam
1624 5563 1780 5606 notata

234 5633 352 5671 iam.
424 5632 512 5669 σιτ.

220 5627 352 5673 sum.
380 5620 512 5672 Εοιτ.

1830 932 2083 999 ἐξέπεσεν
2102 936 2217 997 ἑνὸς
2244 934 2303 987 :6
2330 937 2563 1005 σιδήριον
2595 937 2659 986 ἐκ
2686 936 2777 986 τοῦ
2810 934 3042 994 στελεοῦ,
3078 934 3253 1003 ῥίπτει
3278 933 3368 996 ξύ-

1830 1012 1921 1068 λον
1936 1016 2242 1078 ἀποκλάσας
2273 1017 2301 1069 6
2342 1017 2655 1080 Ἐλισσαῖος,
2684 1017 2775 1068 καὶ⁷
2795 1016 3178 1085 ἐμετεωρίζετο
3208 1015 3267 1067 :6
3289 1032 3373 1066 σι-

1834 1097 2013 1165 δήριον
2039 1097 2130 1149 ἐπὶ
2157 1096 2247 1148 τοῦ
2278 1095 2483 1160 ὓδατος.
2518 1096 2771 1158 Βασιλεὺς
2792 1097 2983 1165 Συρίας
3010 1095 3259 1164 ἐπολέμει
3282 1094 3374 1146 τὸν

1848 1176 2076 1245 Ἰσραήλ,
2110 1176 2456 1245 προλέγοντος
2503 1178 2649 1247 αὐτῷ
2694 1178 2785 1228 :06
2823 1176 3135 1228 Ἐλισσαίου.
3175 1174 3375 1227 Μαθὼν

1836 1256 1865 1307 6
1893 1257 2162 1325 πολέμιος,
2216 1257 2420 1325 πέμπει
2454 1259 2763 1327 στράτευμα
2802 1258 2892 1308 ἐπὶ
2929 1257 3018 1307 τὸν
3060 1256 3373 1308 Ἐλισσαῖον.

1838 1337 2143 1407 Εὐξαμένου
2171 1339 2227 1392 66
2269 1338 2362 1392 :06
2411 1341 2703 1408 προφήτου,
2737 1339 3054 1407 πλήττονται
3078 1338 3304 1407 ἀορασὶᾳ
3328 1339 3375 1388 οἱ

1839 1418 2098 1483 ἐλθόντες,
2133 1420 2226 1472 καὶ
2240 1421 2441 1487 είσάγει
2471 1420 2663 1481 αὐτοὺς
2691 1421 2767 1480 είς
2803 1421 2991 1488 μέσους
3013 1421 3133 1482 τοὺς
3156 1419 3378 1488 ἐχθροὺς

1840 1499 2034 1562 αὐτῶν,
2065 1501 2157 1553 καὶ
2186 1500 2500 1570 βουλόμενον
2528 1501 2617 1553 τὸν
2658 1501 2875 1569 βασιλέα
2915 1501 3120 1553 ἀνελεῖν
3161 1501 3373 1564 αὐτοὺς,

1839 1580 2157 1633 διεκώλυσεν
2206 1584 2234 1633 6
2300 1582 2626 1643 Ἐλισσαῖος·
2681 1583 3025 1643 ἑστιάσαντας
3076 1582 3132 1633 66
3189 1581 3378 1642 αὐτοὺς

1840 1661 2115 1715 ἐκέλευσεν
2166 1663 2452 1732 ἐκπέμψαι.
2488 1662 2657 1732 Λιμοῦ
2705 1662 3091 1724 καταλαϐόντος
3139 1660 3377 1731 ἰσχυροῦ,

1841 1742 1915 1803 ὡς
1941 1740 2175 1810 κεφαλὴν
2199 1743 2318 1794 ϐνου
2366 1744 2699 1812 πεντήκοντα
2745 1742 2956 1805 σίκλων,
3006 1742 3099 1794 καὶ
3130 1744 3380 1811 τέταρτον

1842 1821 2007 1874 κάϐου
2039 1823 2239 1891 κόπρου
2272 1824 2600 1893 περιστερῶν
2622 1825 2778 1875 πέντε
2814 1824 3004 1875 σίκλων
3029 1818 3183 1885 εἶναι,
3213 1838 3382 1889 προσ-

1844 1901 2058 1972 έρχεται
2079 1903 2211 1971 γυνὴ
2233 1904 2309 1971 τῷ
2349 1904 2552 1972 βασιλεῖ
2584 1902 2881 1969 ἐγκαλοῦσα
2918 1904 3076 1971 ἑτέρᾳ
3118 1906 3270 1970 γυνῇ,
3299 1903 3379 1953 6::

1846 1982 1933 2035 :6v
1956 1984 2066 2035 υἱὸν
2087 1984 2254 2053 αὐτῆς
2271 1984 2651 2052 καταφαγοῦσα
2680 1985 2794 2052 μετ’
2821 1986 3006 2053 αὐτῆς,
3031 1984 3123 2035 καὶ
3152 1984 3239 2033 τὸν
3256 1983 3382 2035 ῐδιον

1847 2063 2180 2134 ὑποσχομένη
2197 2064 2468 2133 παρέξειν,
2483 2066 2629 2133 ήγνω
2637 2066 2765 2133 μόνη
2775 2083 2829 2116 σε
2849 2066 2974 2132 περὶ
2989 2066 3082 2128 τὴν
3102 2064 3381 2117 ἀντίδοσιν.

1846 2144 1976 2196 Τότε
1995 2145 2237 2215 διέρρηξε
2265 2146 2330 2198 τά
2360 2146 2541 2215 ἱμάτια
2580 2146 2741 2197 αὐτοῦ
2775 2147 2803 2197 6
2833 2144 3098 2214 βασιλεὺς,
3130 2146 3220 2195 καὶ
3243 2144 3385 2209 πέμ-

1848 2241 1939 2276 πει
1955 2226 2045 2278 ἑπὶ
2064 2227 2150 2278 τὸν
2165 2226 2459 2278 Ἐλισσαῖον
2487 2226 2700 2293 ἀφελεῖν
2722 2224 2880 2277 αὐτοῦ
2903 2225 2996 2294 τὴν
3012 2226 3266 2293 κεφαλήν.
3288 2225 3385 2276 Λέ-

1846 2322 1932 2373 γει
1953 2308 2272 2376 όπροφήτης
2300 2308 2376 2376 τῷ
2401 2308 2699 2359 ἐλθόντιέπ’
2729 2307 2908 2366 αὑτὸν,
2934 2308 3013 2358 ὅτι
3042 2306 3224 2373 αὔριον
3238 2305 3386 2358 ἔσται

1847 2385 1941 2437 τοῦ
1974 2386 2128 2456 λιμοῦ
2158 2389 2190 2455 ή
2221 2387 2387 2448 λύσις,
2443 2388 2525 2448 Ὦς
2551 2386 2607 2439 66
2653 2387 2941 2455 διηπίστει,
2972 2388 3218 2457 προλέγει
3242 2387 3388 2455 αύτῷ

1852 2466 2091 2521 θάνατον.
2118 2468 2318 2538 Λεπροῖ
2339 2468 2595 2537 τέσσαρες
2623 2467 2971 2537 ἀπειρηκότες
2988 2466 3062 2536 τῷ
3094 2466 3253 2535 λιμῷ,
3271 2466 3389 2534 βου-

1848 2546 2089 2601 λεύονται
2116 2548 2440 2618 παραδοῦναι
2466 2550 2686 2611 ἑαυτοὺς
2723 2552 2830 2610 τοῖς
2862 2550 3153 2617 πολεμίοις,
3186 2549 3279 2599 καὶ
3306 2548 3391 2599 ἐλ-

1854 2628 2030 2691 θόντες
2050 2631 2126 2690 είς
2158 2629 2252 2698 τὴν
2295 2628 2657 2699 παρεμϐολὴν,
2699 2630 2991 2699 ἀνθρώπων
3026 2630 3120 2698 μὲν
3148 2632 3299 2680 κενὸν
3332 2628 3392 2679 :6

1850 2708 2047 2779 χωρίον
2078 2703 2249 2779 εῦρον,
2287 2710 2383 2771 τάς
2407 2710 2464 2761 66
2496 2710 2693 2777 σκηνάς
2723 2709 2897 2761 αὐτῶν
2927 2710 3147 2778 πλήρεις
3167 2707 3393 2762 πλούτου

1853 2790 2067 2844 πολλοῦ.
2122 2790 2229 2842 Καὶ
2277 2788 2664 2856 διαρπάσαντες
2708 2789 2848 2859 ἅπερ
2890 2789 3142 2856 ἠδύναντο
3189 2787 3390 2856 φέρειν,

1855 2873 2094 2934 ἐλθόντες
2123 2870 2451 2939 ἀπήγγειλαν
2478 2870 2554 2939 τῷ
2578 2870 2796 2938 βασιλεῖ.
2831 2871 2939 2922 Καὶ
2966 2871 3025 2922 :6
3058 2870 3154 2938 μὲν
3179 2870 3394 2939 πρῶτον

1855 2952 2000 3004 δόλον
2030 2950 2373 3002 ὑπώπτευσεν
2400 2944 2535 3001 εἶναι
2569 2950 2626 3001 :6
2650 2952 2875 3019 πρᾶγμα
2900 2952 2927 3000 ό
2959 2950 3201 3017 βασιλεύς
3219 2966 3232 2979 ·
3264 2951 3397 3002 ἀπο-

1859 3032 2068 3092 στείλας
2104 3030 2158 3081 66
2195 3032 2373 3090 ίππεῖς
2398 3030 2489 3081 καὶ
2523 3028 2700 3097 μαθὼν
2735 3029 2793 3080 :6
2816 3029 2998 3097 σαφὲς,
3038 3030 3279 3098 ἐπαφῆκε
3303 3030 3395 3081 τὸν

1858 3111 1980 3164 λαὸν
2006 3114 2069 3179 τῇ
2110 3109 2206 3176 τῆς
2246 3109 2587 3179 παρεμϐολῆς
2620 3110 2887 3179 διαρπαγῇ
2910 3126 2921 3138 ·
2952 3110 3043 3161 καὶ
3086 3110 3242 3178 ἐλύθη
3272 3113 3300 3162 6
3326 3110 3396 3161 λι-

1863 3192 1978 3261 μός.
2005 3191 2111 3243 Καὶ
2132 3191 2159 3241 6
2179 3190 2523 3258 διαπιστήσας
2549 3190 2625 3257 τῷ
2662 3190 2939 3259 Ἐλισσαίῳ
2972 3191 3074 3241 ὑπὸ
3113 3190 3202 3242 τοῦ
3242 3190 3397 3260 ὄχλου

1863 3272 2229 3341 συμπατηθεὶς
2252 3271 2503 3323 ἀπέθανε.
2534 3271 2789 3340 Προλέγει
2827 3274 2891 3340 τῇ
2921 3272 3136 3338 γυναικὶ
3161 3273 3189 3323 6
3222 3272 3399 3324 Ἐλισ-

1864 3357 2030 3417 σαῖος,
2056 3352 2202 3423 [556]
2228 3347 2293 3422 ἧς
2324 3352 2646 3418 ἐζωοποίησε
2674 3351 2763 3403 τὸν
2800 3352 2928 3413 υἱὸν,
2959 3353 3183 3420 ἑπταετῆ
3224 3352 3397 3419 λιμὸν,

1863 3435 1954 3487 καὶ
1983 3435 2233 3501 παραινεῖ
2266 3431 2655 3500 μετοικίζεσθαι
2694 3433 2756 3481 ὲκ
2800 3428 2897 3498 τῆς
2942 3430 3120 3499 χώρας
3168 3432 3397 3500 ἐκείνην.

1874 3513 1958 3575 Ὦς
1986 3514 2039 3565 66
2064 3512 2359 3581 μετῴκησε,
2391 3513 2482 3563 καὶ
2506 3509 2777 3563 ἐπαύσατο
2803 3512 2829 3561 6
2852 3510 3023 3577 λιμὸς,
3061 3511 3217 3563 πάλιν
3239 3512 3403 3564 ἐπαν-

1863 3592 2007 3662 ῆλθε,
2033 3593 2124 3643 καὶ
2157 3589 2517 3660 προσελθοῦσα
2544 3591 2619 3658 τῷ
2650 3590 2851 3657 βασιλεῖ
2872 3590 2966 3659 τὴν
2986 3590 3091 3641 τῶν
3114 3590 3403 3660 κτημάτων

1862 3674 1978 3743 ⁴ᾔτει
2007 3673 2333 3725 δεσποτείαν.
2373 3673 2429 3723 Ὀ
2458 3671 2701 3739 βασιλεὺς
2724 3670 2913 3739 Συρίας
2936 3671 3245 3723 ἀποστέλλει
3271 3670 3406 3741 πρὸς

1864 3755 1952 3807 τὸν
1991 3753 2283 3804 Ἐλισσαῖον
2314 3752 2640 3820 πευσόμενος
2672 3754 2718 3803 εί
2742 3753 2989 3819 φεύξεται
3018 3752 3111 3822 τήν
3138 3752 3309 3817 νόσον,
3346 3754 3405 3804 ἐν

1865 3829 1899 3907 ᾖ
1930 3833 2223 3900 κατείχετο.
2266 3831 2323 3883 '0
2352 3833 2407 3884 66
2428 3832 2502 3899 τῷ
2525 3832 2723 3883 ἐλθόντι
2753 3828 2919 3895 εἶπεν,
2942 3834 3021 3885 ὅτι
3054 3834 3112 3884 οὐ
3132 3829 3406 3900 διαφεύξε-

1868 3932 1972 3977 ται,
1999 3915 2089 3966 καὶ
2111 3914 2501 3981 προεφήτευσεν
2526 3913 2667 3981 αὐτῷ
2694 3914 2783 3964 καὶ¹
2810 3913 2904 3982 τήν
2926 3914 3030 3965 τῶν
3069 3914 3406 3984 Ἰσραηλιτῶν

1868 3996 2157 4048 ἀπώλειαν.
2191 3994 2275 4055 Ὠς
2304 3992 2357 4043 66
2387 3993 2650 4045 ἀπέθανεν
2681 3996 2901 4056 ἐκεῖνος,
2932 3994 3268 4046 ἐϐασίλευσεν
3293 3994 3406 4046 ἀντ’

1868 4073 2029 4128 αὑτοῦ
2074 4074 2289 4142 Ἀζαήλ.
2332 4073 2417 4134 Ὠς
2451 4073 2505 4125 66
2545 4075 2636 4126 καλ⁸
2669 4074 2865 4142 Ἰωρὰμ
2893 4074 3231 4143 ἐτελεύτησεν
3256 4079 3282 4127 6
3312 4075 3408 4143 βα-

1872 4156 2048 4215 σιλεὺς
2086 4152 2271 4215 Ἰούδα,
2313 4153 2607 4221 διαδέχεται
2650 4155 2808 4205 αὑτὸν
2836 4155 2863 4204 6
2899 4154 3008 4215 υίὸς
3049 4154 3207 4207 αὐτοῦ
3262 4157 3410 4223 Ὀχο-

1871 4235 2007 4299 ζίας.
2039 4233 2261 4303 Πέμψας
2291 4236 2319 4286 6
2354 4234 2647 4297 Ἐλισσαῖος
2674 4236 2766 4287 ἕνα
2794 4236 2896 4286 τῶν
2922 4235 3048 4287 υἱῶν
3069 4237 3172 4287 τῶν
3204 4252 3412 4304 προφη-

1868 4318 1995 4380 τῶν,
2042 4315 2289 4367 ἑκέλευσε
2331 4318 2511 4385 χρῖσαι
2564 4314 2681 4377 Ἰοῦ,
2727 4316 2817 4366 καὶ
2864 4315 3177 4383 βασιλεύσας
3230 4320 3257 4367 ό
3312 4316 3409 4368 Ἰοῦ

1872 4400 2080 4466 ἀναιρεῖ
2106 4398 2193 4447 :6v
2237 4396 2451 4463 Ἰωρὰμ,
2496 4397 2585 4446 καὶ
2618 4394 2793 4461 ῥίπτει
2823 4396 2978 4447 αὑτὸν
3010 4399 3087 4457 είς
3123 4397 3211 4448 :6v
3238 4398 3413 4463 ἀμπε-

1873 4478 2013 4530 λῶνα
2052 4474 2343 4535 Ναϐουθαὶ,
2385 4474 2442 4526 ὃν
2480 4475 2719 4543 ἥρπασεν
2762 4478 2789 4527 ό
2837 4477 3013 4544 πατὴρ
3049 4476 3142 4528 τοῦ
3193 4478 3408 4546 Ἰωράμ.

1887 4562 1970 4622 Ὦς
1997 4559 2049 4610 66
2076 4558 2245 4611 ἀνεῖλε
2270 4557 2361 4607 καὶ
2383 4556 2469 4606 :6v
2485 4555 2745 4623 Ὀχοζίαν,
2769 4557 3009 4625 εἰσῆλθεν
3039 4560 3117 4619 είς
3148 4561 3243 4627 τὴν
3261 4560 3412 4611 πόλιν

1888 4638 2117 4710 Ἰσραήλ.
2149 4638 2209 4688 'H
2231 4637 2285 4687 66
2319 4635 2547 4698 Ἰεζάϐελ
2567 4638 2890 4706 κοσμηθεῖσα
2918 4641 3254 4709 παρέκυπτεν
3281 4642 3416 4694 ἀνω-

1878 4720 1985 4773 θεν.
2026 4720 2081 4770 Ὀ
2110 4718 2167 4768 δὲ
2195 4715 2437 4785 βασιλεὺς
2463 4712 2579 4767 εἷπε
2602 4720 2707 4778 τοῖς
2739 4720 3005 4786 εὐνούχοις
3042 4720 3187 4789 ῥῖψαι
3227 4722 3412 4788 αὐτὴν,

1879 4801 1971 4852 καὶ
1998 4798 2209 4869 ριφεῖσα
2231 4796 2515 4849 ἀπέθανεν.
2558 4797 2861 4849 ’Λπέκτεινε
2897 4800 2951 4851 66
2984 4803 3011 4852 6
3045 4800 3140 4851 Ἰοῦ
3173 4802 3263 4851 καὶ
3295 4804 3416 4864 τοὶς

1879 4880 2238 4947 ἑϐδομήκοντα
2291 4878 2434 4938 υἱοὺς
2475 4878 2690 4945 Ἀχαάϐ,
2739 4873 2844 4930 εἷλε
2874 4882 2964 4931 καὶ
2999 4883 3120 4941 τοὺς
3164 4882 3417 4948 ἀδελφο.ς

1893 4959 2151 5029 Ὀχοζίου,
2183 4959 2352 5009 ἀνεῖλε
2376 4958 2430 5008 66
2459 4961 2547 5010 καὶ
2581 4961 2704 5019 τοὺς
2733 4962 2890 5028 ἱερεῖς
2914 4961 3008 5011 τοῦ
3034 4963 3192 5026 Βάαλ,
3218 4965 3308 5015 καὶ
3330 4966 3419 5015 τὸν

1883 5041 2028 5093 Βάαλ
2058 5038 2355 5106 συνέτριψε.
2386 5039 2514 5090 Τότε
2541 5041 2568 5090 6
2609 5040 2802 5107 Ἀζαὴλ
2849 5042 3134 5093 συνέκοπτε
3168 5044 3254 5094 τὸν
3292 5045 3419 5107 Ἰεζ-

1886 5124 2037 5192 ραήλ.
2083 5119 2456 5179 ’ἀποθανόντος
2489 5120 2544 5170 66
2593 5119 2683 5170 :06
2728 5120 2846 5183 Ἰοῦ,
2896 5122 3157 5190 βασιλεύει
3198 5127 3422 5193 Ἰωάχαζ

1886 5204 1996 5265 υἱὸς
2024 5200 2204 5254 αὐτοῦ.
2240 5200 2318 5250 Τὰ
2360 5200 2499 5251 κατά
2533 5201 2622 5251 τὸν
2667 5202 2814 5264 Ἰωὰς
2848 5207 2933 5253 τὸν
2966 5204 3182 5271 βασιλέα
3234 5207 3419 5270 Ἰούδα,

1885 5287 1975 5338 καὶ
2009 5284 2095 5335 τὸν
2148 5281 2297 5350 ἱερέα
2335 5282 2526 5345 Ίωδαὲ,
2572 5284 2661 5333 καὶ
2701 5284 2793 5353 τὴν
2848 5286 2886 5336 Γ
2889 5286 3112 5341 οθολίαν.
3152 5288 3422 5356 Παρεδόθη

1884 5368 1994 5427 τοῖς
2041 5364 2246 5432 ἐχθροῖς
2287 5362 2515 5432 Ἰσραὴλ,
2552 5365 2643 5414 καὶ
2681 5365 2835 5417 πάλιν
2876 5370 2903 5418 ὁ
2936 5368 3060 5429 Θεὸς
3098 5368 3425 5436 ῲκτείρησεν

1886 5446 2095 5506 αὐτούς.
2142 5445 2226 5505 Ὠς
2283 5443 2338 5495 66
2384 5444 2645 5496 ἀπέθανεν
2714 5447 2953 5515 Ἰωάχαζ,
3015 5449 3277 5516 βασιλεύει
3333 5449 3424 5501 τοῦ

1900 5525 2110 5596 Ἰσραὴλ
2138 5526 2285 5586 Ἰωὶις
2306 5526 2333 5576 ὁ
2357 5526 2467 5585 υἱὸς
2482 5526 2664 5589 αὑτοῦ,
2688 5530 2777 5579 καὶ
2803 5529 2966 5580 ἐλθὼν
3000 5531 3131 5597 πρὸς
3149 5530 3236 5581 τὸν
3259 5532 3428 5582 Ἐλισ-

1892 5613 2035 5663 σαῖον
2060 5608 2286 5660 ἔκλαιεν.
2331 5607 2387 5660 '0
2441 5608 2495 5660 66
2544 5611 2865 5677 προσέταξεν
2907 5611 3070 5679 αὐτῷ,
3101 5612 3257 5665 πέντε
3306 5614 3429 5681 βέλη
