4138 6306
273 332 383 388 353

264 433 552 492 10111οὗ1010
577 470 590 486 .
620 433 824 489 Mortuo
849 432 982 488 Jeliu
1021 440 1205 502 regnat
1244 431 1469 488 Joaclias
1511 432 1648 488 ﬁlius
1687 433 1821 503 ejus.

266 525 497 580 Historia
522 538 706 580 eorum
735 538 852 593 qua:
883 531 1121 593 spectant
1138 522 1203 576 ad
1225 520 1438 576 Joasum
1464 536 1640 591 regem
1666 522 1822 585 Juda,

264 615 331 669 ad
362 614 690 669 sacerdotem
716 612 881 668 Jodaé
902 654 917 680 ,
946 622 999 668 et
1018 613 1083 667 ad
1107 611 1428 667 Gotholiam.
1462 611 1623 666 Israel
1656 611 1824 665 hosti-

265 704 363 757 bus
394 702 618 758 traditur
640 744 656 769 ,
688 717 1006 771 rursumque
1042 702 1180 757 Deus
1223 702 1469 756 misertus
1496 710 1576 756 est
1620 717 1825 757 eorum.

272 794 475 848 Mortuo
501 804 677 848 autem
722 794 984 849 Joachazo
1009 833 1024 857 ,
1062 794 1299 863 regnavit
1335 794 1385 847 in
1416 794 1664 848 Israelem
1702 794 1828 848 Joas

267 885 404 937 illius
430 886 579 952 ejus,
607 885 696 954 qui
719 884 935 939 veniens
960 882 1024 937 ad
1055 883 1326 937 Elissaeum
1358 882 1535 937 ﬂebat.
1564 883 1658 938 1110
1686 899 1829 951 prte-

259 975 407 1042 cepit
432 973 480 1028 ei
502 1014 515 1037 ,
551 984 605 1028 ut
648 974 873 1042 arreptis
900 974 1132 1042 quinque
1179 973 1382 1041 sagittis
1421 972 1744 1041 jacularetur
1772 973 1822 1027 in

266 1071 480 1116 terram.
508 1061 639 1116 Cum
662 1071 838 1115 autem
868 1060 1032 1114 tribus
1060 1060 1271 1114 emissis
1291 1068 1543 1124 cessaret,
1572 1060 1705 1112 dixit
1735 1063 1780 1113 ei
1812 1079 1825 1114 :

263 1153 369 1208 Ter
395 1154 658 1222 percuties
688 1152 893 1222 Syriam
925 1167 938 1207 :
969 1152 1012 1205 si
1036 1151 1316 1219 quinquies
1336 1150 1606 1219 jaculatus
1640 1165 1785 1204 esses
1811 1192 1824 1213 ,

263 1257 430 1312 usque
471 1244 537 1298 ad
565 1242 1070 1298 consummationem
1117 1241 1465 1309 percussisses
1506 1255 1643 1293 eam.
1691 1240 1828 1293 Illor-

262 1343 386 1388 tuus
414 1334 659 1389 Elissmus
702 1332 954 1401 sepelitur
974 1371 987 1395 ,
1021 1340 1074 1385 et
1098 1330 1361 1399 projectus
1412 1338 1655 1382 mortuus
1684 1330 1828 1399 quis-

262 1424 405 1490 piam
452 1421 502 1476 in
548 1422 847 1491 sepulcrum
897 1421 1031 1489 ejus,
1058 1420 1306 1473 surrexit.
1357 1417 1561 1471 Mortuo
1609 1419 1821 1482 Azaélc,

260 1511 500 1581 regnavit
544 1510 681 1564 lilius
720 1510 863 1565 Ader
903 1511 953 1563 in
981 1509 1096 1577 ejus
1128 1508 1319 1561 locum.
1368 1506 1491 1560 Joas
1545 1515 1625 1560 ter
1662 1508 1826 1576 Syros

261 1601 538 1669 percussit,
573 1610 629 1655 et
657 1609 895 1655 mortuus
918 1608 1035 1664 est,
1064 1607 1350 1667 regnatquc
1373 1597 1655 1651 Jeroboam
1686 1598 1826 1652 ﬁlius

258 1692 397 1760 ejus.
430 1690 633 1744 Mortuo
662 1690 785 1745 item
812 1689 970 1744 Joaso
1011 1703 1135 1757 rege
1178 1687 1313 1741 Juda
1337 1728 1350 1750 ,
1381 1688 1620 1755 regnavit
1669 1691 1825 1741 Ame-

258 1780 369 1833 sias
400 1779 535 1833 filius
566 1780 680 1847 ejus
712 1794 726 1831 :
758 1779 845 1847 qui
891 1793 1009 1832 cum
1058 1778 1407 1846 percussisset
1453 1776 1620 1830 Edom
1648 1819 1661 1842 ,
1694 1792 1822 1832 con-

255 1881 474 1936 gressus
503 1877 585 1922 est
611 1883 729 1921 cum
760 1867 919 1922 Joaso
946 1881 1068 1934 rege
1092 1865 1323 1919 lsraelis.
1376 1865 1472 1918 Hic
1501 1877 1672 1919 autem
1702 1870 1825 1920 vicit

259 1973 413 2020 cum,
460 1968 512 2011 et
553 1958 825 2027 ingressus
863 1966 943 2011 est
988 1957 1392 2028 Jerosolymam.
1440 1957 1643 2010 Mortuo
1671 1957 1822 2011 Jero-

258 2047 721 2116 boamo,regnavit
771 2048 821 2101 in
874 2048 1122 2102 Israelem
1175 2046 1454 2101 Zacharias
1500 2047 1636 2102 ﬁlius
1682 2049 1817 2115 ejus.

259 2138 521 2192 Defuncto
544 2139 669 2192 item
700 2139 908 2192 Amesia
937 2153 1059 2207 rege
1087 2137 1249 2201 Juda,
1282 2140 1522 2207 regnavit
1570 2141 1815 2205 Azarias,

257 2226 350 2296 qui
380 2238 431 2281 et
458 2227 629 2281 Ozias.
662 2227 770 2281 Hoc
809 2236 1060 2296 regnante
1101 2226 1415 2295 prophetare
1453 2229 1613 2296 cmpit
1659 2227 1817 2283 Osee.

257 2315 516 2369 Zacharia
560 2316 923 2375 occiso.Selus
955 2315 1033 2385 (a)
1066 2318 1302 2385 regnavit
1332 2317 1380 2368 in
1411 2316 1676 2370 Israelem.
1725 2318 1819 2371 llic

257 2421 390 2461 usus
417 2416 498 2461 est
522 2408 829 2461 commilitio
853 2408 1016 2462 1³11010
1043 2410 1180 2476 regis
1205 2408 1544 2477 Assyriorum
1573 2409 1717 2462 mille
1743 2418 1819 2461 ta-

250 2496 416 2550 lentis
441 2496 538 2565 ipsi
576 2496 731 2550 datis.
760 2496 851 2550 1110
879 2496 1332 2559 10011110,1110110110
1372 2498 1607 2564 regnavit
1634 2497 1681 2549 in
1705 2498 1817 2564 ejus

256 2585 453 2638 locum.
487 2586 807 2640 PostOziam
853 2586 1089 2654 regnavit
1119 2588 1168 2637 in
1196 2584 1382 2638 Judani
1427 2585 1638 2639 Jotliam
1680 2585 1816 2639 ﬁlius

253 2676 393 2744 ejus.
437 2674 551 2740 Quo
582 2684 788 2728 mortuo
818 2676 1057 2744 regnavit
1087 2675 1262 2728 Achaz
1292 2674 1432 2727 ﬁlius
1460 2674 1688 2728 Jotham.
1720 2676 1817 2731 1110

255 2773 513 2833 regnante
534 2764 723 2817 Raasin
743 2764 907 2835 Syrus
927 2771 979 2816 et
1000 2763 1198 2816 Phaces
1218 2763 1352 2815 ﬁlius
1374 2763 1625 2816 Ilomelia:
1643 2779 1820 2818 ascen-

252 2855 469 2909 derunt.
520 2854 694 2908 Acbaz
720 2864 895 2907 autem
939 2854 1081 2907 misit
1109 2853 1175 2905 ad
1206 2852 1624 2921 Theglapbassar
1651 2857 1813 2925 Assy-

255 2948 418 3009 rium,
451 2946 514 2999 ad
544 2947 911 3001 commilitium
943 2961 1191 3001 evocans.
1221 2946 1312 2999 1110
1340 2955 1516 2999 autem
1563 2949 1778 3001 veniens
1799 2988 1813 3010 ,

251 3036 397 3103 cepit
424 3036 769 3099 Damascum,
798 3044 852 3089 et
882 3035 1076 3089 Raasin
1105 3036 1316 3089 occidit.
1347 3036 1598 3089 Ascendit
1638 3048 1812 3089 autem

251 3135 312 3178 et
342 3124 673 3178 Saltnauasar
713 3126 960 3194 Assyrius
990 3124 1056 3177 ad
1103 3122 1237 3179 Osce
1265 3125 1428 3177 lilium
1457 3125 1571 3187 Eia,
1599 3126 1685 3193 qui
1725 3126 1818 3179 fuit

254 3218 330 3270 illi
360 3232 561 3271 servus.
600 3216 664 3271 Ut
695 3218 838 3270 novit
876 3226 1049 3271 autem
1102 3216 1348 3284 Assyrius
1392 3216 1537 3268 illum
1562 3216 1814 3269 defectio-

256 3323 382 3362 nem
411 3308 674 3376 cogitare;
707 3307 922 3360 miserat
942 3307 1134 3376 quippe
1159 3307 1356 3374 legatos
1380 3307 1446 3358 ad
1488 3305 1813 3375 AithiOpem,

252 3399 465 3454 obsedit
490 3414 607 3452 eum
635 3411 686 3454 et
727 3400 890 3451 vinxit
937 3414 1055 3451 eum
1086 3433 1099 3457 ,
1130 3408 1387 3466 captaque
1408 3397 1648 3451 Samaria
1676 3399 1815 3452 aliis-

250 3506 358 3561 que
389 3491 602 3545 urbibus
623 3531 638 3554 ,
664 3491 882 3559 populos
910 3489 1172 3542 transtulit
1217 3489 1265 3540 in
1296 3489 1563 3557 Assyrios.
1595 3489 1687 3541 1110
1728 3504 1815 3540 ac-

252 3583 458 3636 cusatio
487 3580 705 3635 habetur
741 3580 950 3633 lsraelis
974 3586 1027 3632 et
1054 3577 1221 3632 Judae.
1251 3577 1349 3643 Qui
1370 3577 1579 3630 adducti
1607 3577 1814 3631 fuerant

251 3689 321 3727 ex
371 3673 635 3742 Babylone
682 3671 733 3724 iu
762 3670 1049 3724 Samariam
1076 3709 1091 3731 ,
1135 3678 1191 3720 ut
1220 3668 1513 3721 habitarent
1557 3669 1661 3733 ibi,
1691 3670 1811 3736 quia

255 3778 363 3817 non
418 3762 667 3816 timebant
727 3761 930 3822 Deum,
979 3759 1427 3812 interficiebantur
1472 3773 1500 3810 a
1550 3759 1809 3812 leonibus.

252 3854 407 3905 Tunc
448 3851 668 3904 mittitur
698 3849 948 3903 sacerdos
978 3847 1131 3909 inde,
1164 3850 1250 3915 qui
1296 3848 1449 3899 docet
1490 3847 1605 3900 illos
1648 3849 1810 3915 legem

254 3945 351 3996 Dei
385 3960 397 3995 :
425 3951 476 3997 et
505 3942 578 3996 illi
601 3941 759 3995 Deum
788 3938 1059 4001 timebant,
1090 3938 1329 4005 idolaque
1350 3937 1610 3990 colebant.
1642 3938 1813 3990 111810-

252 4036 334 4087 ria
368 4031 608 4086 Ezechiae
635 4037 689 4085 et
714 4029 1051 4099 Assyriorum
1084 4067 1098 4090 ,
1127 4042 1243 4095 qua:
1282 4028 1435 4079 etiam
1478 4028 1527 4079 in
1561 4028 1691 4079 Isaia
1722 4028 1814 4079 ha-

253 4123 466 4176 bentur.
512 4118 736 4173 Historia
791 4117 1046 4171 Mauassis
1071 4125 1123 4168 et
1161 4116 1442 4182 impietatis
1486 4115 1813 4183 caediumque

252 4215 392 4282 ejus.
415 4211 484 4267 Ut
510 4220 684 4263 autem
704 4222 940 4263 mortuus
960 4216 1060 4267 est,
1081 4205 1310 4273 regnavit
1336 4206 1470 4257 lilius
1492 4204 1603 4274 ejus
1620 4206 1806 4258 Amon.

254 4305 373 4371 Quo
404 4312 628 4363 mortuo,
662 4300 897 4369 regnavit
924 4299 1095 4353 Josias
1125 4297 1260 4350 ﬁlius
1287 4297 1399 4363 ejus
1427 4311 1441 4346 :
1466 4296 1531 4349 de
1555 4312 1660 4364 quo
1691 4312 1813 4365 pro-

250 4395 415 4466 pheta
443 4391 684 4462 praedixit
709 4391 1023 4446 Jeroboamo
1061 4404 1213 4442 servo
1243 4388 1537 4441 Salomonis
1558 4428 1572 4453 ,
1602 4389 1812 4456 quando

247 4499 446 4540 manus
474 4483 611 4552 regis
635 4481 779 4535 arida
822 4479 955 4533 facta
996 4488 1094 4533 est.
1131 4479 1225 4532 llic
1268 4479 1573 4546 expurgavit
1596 4479 1812 4532 Jerusa-

256 4576 385 4636 lem,
419 4573 635 4641 loeaque
653 4571 825 4625 omnia
846 4609 860 4631 ,
890 4568 1067 4622 eﬁ‘odit
1096 4569 1207 4621 loca
1236 4568 1591 4635 sepulcrorum
1620 4568 1668 4619 in
1692 4568 1810 4635 1101-

256 4665 359 4718 bus
407 4664 705 4722 sacerdotes
748 4661 1045 4724 idolorum,
1095 4659 1338 4713 contrivit
1386 4658 1544 4710 idola.
1598 4657 1672 4709 De
1724 4659 1812 4710 illo

252 4754 453 4809 dictum
484 4760 596 4816 est,
638 4751 861 4805 similem
883 4750 931 4803 ei
974 4762 1077 4802 non
1118 4747 1277 4799 fuisse
1306 4754 1457 4798 antea
1488 4760 1661 4812 regem
1682 4784 1698 4809 ,
1724 4747 1810 4813 qui

246 4856 547 4897 conversus
596 4840 750 4893 fuerit
784 4839 850 4893 ad
900 4838 1175 4892 Dominum
1219 4836 1271 4888 in
1318 4843 1427 4887 toto
1473 4833 1632 4887 corde
1680 4851 1808 4897 suo,

256 4946 312 4990 et
336 4936 385 4988 in
414 4943 519 4987 tota
545 4932 717 4985 anima
741 4944 854 4983 sua.
896 4930 1008 4982 Hoc
1037 4935 1286 4996 regnante
1316 4923 1629 4992 prophetare
1656 4925 1812 4991 cmpit

256 5023 519 5079 Jeremias
547 5037 560 5073 :
596 5020 852 5088 liujusque
880 5028 1116 5085 tempore
1141 5025 1255 5069 erat
1281 5013 1410 5067 Olda
1458 5014 1809 5081 prophetissa.

258 5117 391 5169 Cum
421 5123 593 5166 autem
621 5109 902 5164 occidisset
929 5123 1047 5160 eum
1076 5108 1281 5160 Pharao
1312 5104 1555 5167 Nechao,
1580 5106 1813 5171 regnavit

259 5206 485 5263 Joachas
506 5204 644 5258 ﬁlius
669 5203 780 5270 ejus
801 5213 896 5268 pro
918 5214 1000 5252 eo.
1026 5198 1228 5251 Pharao
1257 5207 1429 5249 autem
1458 5194 1556 5247 hoc
1583 5194 1809 5260 dejecto,

258 5308 315 5353 et
361 5300 413 5352 in
455 5295 736 5365 Egyptum
780 5289 1033 5350 abducto,
1083 5287 1169 5340 ubi
1216 5286 1375 5341 etiam
1412 5292 1649 5337 mortuus
1695 5293 1808 5349 est,

545 5423 805 5479 un.habet,
821 5416 1008 5475 Azart'a,
1034 5430 1137 5479 pro,
1164 5413 1411 5479 Zacharia.
1438 5413 1492 5461 In
1514 5412 1618 5460 aliis
1642 5423 1811 5479 exem-

321 5434 371 5492 (a
417 5438 476 5478 Lu
545 5432 805 5479 un.babet,
821 5432 1008 5475 Azarta,
1034 5432 1137 5478 pro,
1164 5432 1411 5492 locutura.
1440 5432 1492 5461 tu
1514 5432 1618 5460 auis
1642 5432 1811 5482 0110111-

262 5432 471 5545 010111018
481 5432 688 5549 ῗὲειωτ.
703 5483 904 5549 Sullam,
916 5492 1017 5549 pr_o_,
1037 5477 1186 5547 Seius.
1196 5476 1388 5549 bonﬁlnc
1406 5482 1583 5549 autem,
1603 5472 1815 5549 sed‘ejus

261 5533 644 5599 Ξῦῐέὲξὶοἰ-ἶῗέιὶέ
668 5533 743 5594 est.
761 5533 938 5605 auxilio
950 5540 1126 5605 puum,
1150 5535 1416 5605 sive‘tjbul,
1440 5535 1572 5605 regis
1594 5533 1813 5605 Assyrio-

260 5594 385 5658 rum.
400 5594 488 5661 sed
513 5594 617 5658 erat
633 5608 679 5653 in
700 5600 1052 5664 exemplaribus
1068 5594 1237 5645 Graecis
1256 5594 1481 5642 librorum
1501 5601 1678 5655 [legum
1695 5594 1813 5639 mira

263 5674 523 5721 lectionum
544 5668 763 5717 varicus.

554 5777 818 5835 Ρηειοι..
865 5777 979 5833 Gn.
1022 5771 1174 5831 LVI.

1353 319 1673 377 SYNOPSIS
1708 320 2112 379 SCRIPTUR/E
2149 323 2410 380 SACRAC.

3381 357 3489 410 354

1936 438 2208 491 constituit
2238 454 2416 509 regem
2459 439 2616 495 Jositn
2663 440 2827 496 ﬁlium
2870 444 3119 509 Eliacim,
3173 449 3262 518 qui
3289 460 3340 503 et
3370 452 3488 505 Joa-

1934 524 2107 591 cbim,
2139 534 2190 581 et
2218 536 2371 581 terrze
2419 530 2670 583 tributum
2718 532 2986 600 imposuit.
3015 535 3251 592 Joachitn
3299 542 3493 609 primus

1934 614 1988 667 in
2017 625 2325 684 potestatem
2354 619 2883 677 Nabucliodonosoris
2913 627 3173 692 redactus,
3208 644 3354 685 extra
3379 650 3492 686 mu-

1934 720 2023 759 ros
2048 706 2285 774 dejectus
2310 719 2411 763 est.
2442 710 2517 763 De
2549 712 2639 765 illo
2668 713 2741 765 ait
2783 714 3039 770 Jcrcmias
3073 736 3084 770 :
3118 719 3230 772 Erit
3270 724 3468 774 mortici
3486 756 3493 762 -

1935 810 2053 847 num
2078 797 2188 864 ejus
2212 800 2487 869 projectum
2516 801 2568 853 in
2595 812 2769 856 certum
2794 805 2893 858 diei
2912 848 2925 870 ,
2957 818 3001 859 et
3028 809 3077 860 in
3106 812 3270 880 frigus
3293 816 3449 865 noctis
3476 831 3493 867 :

1933 891 1987 937 et.
2014 894 2136 939 tunc
2162 885 2437 955 Sepultum
2460 891 2588 943 asini
2620 894 2881 961 sepelietur
2902 896 3029 965 (Jer.
3052 900 3139 953 36.
3159 900 3246 954 30.
3276 903 3364 955 ‘22.
3388 905 3495 971 19).

1934 972 2064 1028 Νο10
2096 984 2375 1045 postquam
2419 978 2705 1035 dissolutus
2752 993 2806 1037 et
2848 996 3128 1055 corruptus
3177 999 3323 1055 erat,
3376 1003 3498 1048 tttuc

1934 1064 2170 1131 sepultus
2212 1075 2311 1121 est.
2343 1067 2550 1125 Mortuo
2579 1071 2798 1126 Eliacim
2845 1076 2956 1129 sive
2998 1077 3235 1133 Joacliim
3270 1082 3378 1135 tilio
3402 1083 3495 1135 Jo-

1933 1152 2059 1217 siaa,
2100 1164 2285 1223 regnat
2327 1156 2563 1212 Joaebim
2608 1160 2744 1213 1111118
2794 1162 2936 1230 ejus,
2971 1180 3133 1233 nepos
3175 1168 3349 1223 Josite.
3399 1171 3495 1227 lle

1934 1254 2091 1307 porro
2119 1242 2352 1297 Joachim
2376 1287 2389 1310 ,
2421 1248 2577 1300 etiam
2606 1248 2885 1304 Jecbonias
2912 1256 3289 1321 appellabatur.
3314 1259 3492 1328 Neque

1934 1331 2065 1384 ultra
2099 1348 2189 1386 rex
2220 1334 2433 1403 IEgypti
2465 1337 2628 1392 exivit
2677 1339 2743 1392 de
2771 1350 2907 1394 terra
2939 1357 3052 1396 sua.
3104 1345 3233 1398 Cum
3264 1349 3495 1403 venisset

1930 1429 2104 1475 autem
2150 1423 2641 1481 Nabuchodonosor
2685 1438 2738 1482 et
2784 1430 3050 1485 obsideret
3104 1436 3325 1504 urbem,
3372 1440 3491 1507 quia

1929 1514 2072 1565 venit
2100 1513 2165 1565 ad
2195 1528 2312 1567 eum
2342 1530 2462 1569 cum
2511 1528 2678 1571 matre
2707 1534 2800 1572 sua
2830 1520 3067 1574 Joacbim
3100 1525 3186 1592 qui
3215 1535 3267 1578 et
3298 1527 3490 1581 ,10011οο

1930 1603 2064 1668 0108,
2088 1603 2441 1683 abduxiteum
2463 1607 2513 1659 in
2537 1608 2881 1677 Babylonem,
2904 1621 2957 1664 et
2975 1614 3249 1668 constituit
3272 1616 3487 1671 fratrem

1928 1692 2091 1758 patris
2119 1691 2234 1761 ejus
2266 1694 2432 1748 ﬁlium
2461 1696 2618 1751 Josiae
2645 1712 2823 1767 regem
2851 1702 2901 1753 in
2926 1700 3242 1757 Jerusalem.
3276 1706 3370 1759 llic
3396 1724 3492 1760 au-

1930 1791 2032 1835 tem
2062 1792 2177 1836 erat
2200 1783 2540 1850 Matthanias,
2568 1787 2656 1855 qui
2696 1798 2750 1841 et
2790 1789 3055 1843 Sedecias.
3089 1792 3156 1846 Ut
3184 1804 3358 1846 autem
3402 1798 3490 1851 ille

1928 1873 2299 1939 praevaricatus
2320 1884 2400 1928 est
2420 1884 2601 1929 contra
2630 1892 2804 1945 regem
2827 1879 3129 1949 Babylonis,
3152 1885 3295 1937 venit
3315 1885 3489 1941 Nabu.

1926 1961 2281 2028 cbodonosor,
2315 1974 2367 2017 et
2395 1966 2602 2019 obsedit
2629 1966 2922 2023 Jerusalem
2954 1988 2967 2024 :
2997 1987 3097 2040 qua
3128 1984 3277 2043 capta
3325 1987 3375 2029 et
3405 1980 3489 2031 in-

1926 2064 2105 2114 censa,
2124 2050 2395 2105 Sedeciam
2420 2066 2739 2110 exeat-catum
2759 2068 2810 2112 et
2828 2060 3054 2113 vinctum
3075 2061 3287 2117 abduxit
3318 2066 3485 2120 10130-

1924 2139 2187 2209 bylonem.
2208 2142 2483 2196 Godoliam
2501 2161 2624 2199 vero
2638 2149 3074 2219 constituitsuper
3094 2167 3186 2207 eos
3208 2155 3295 2223 qui
3314 2157 3481 2210 relicti

1924 2229 2130 2283 fuerant
2159 2231 2210 2285 in
2239 2231 2552 2288 Jerusalem.
2588 2236 2873 2307 Postquam
2903 2250 3076 2294 autem
3110 2243 3253 2299 illum
3293 2248 3484 2301 occidit

1924 2321 2128 2387 lsmael,
2152 2326 2368 2392 profecti
2389 2326 2461 2380 illi
2488 2328 2685 2381 residui
2714 2331 2933 2399 ingressi
2957 2336 3149 2389 suntin
3173 2336 3478 2406 Egyptum.

1924 2412 2108 2466 Postea
2165 2431 2289 2468 vero
2313 2417 2642 2472 Joachimum
2672 2420 2721 2473 in
2755 2421 3020 2491 Babylone
3044 2428 3206 2479 multo
3231 2428 3477 2497 dignatus

1920 2513 2000 2556 est
2036 2505 2233 2559 honore
2264 2508 2444 2562 Evilad
2472 2509 2715 2565 Marodac
2747 2514 2762 2543 ί
2795 2529 2885 2567 rex
2916 2514 3215 2585 Babylonis.

1992 2597 2231 2667 Regnum
2254 2601 2426 2667 itaque
2450 2602 2721 2668 Samarize,
2753 2605 2933 2673 utjam
2963 2606 3159 2660 dictum
3188 2619 3299 2675 est,
3328 2611 3486 2666 desiit

1921 2686 1972 2739 in
2000 2686 2188 2741 080001
2221 2689 2384 2743 filium
2414 2692 2500 2744 Eia
2534 2734 2548 2755 ,
2600 2693 2688 2762 qui
2720 2695 2987 2749 occiderat
3028 2698 3285 2751 Phaecam
3320 2702 3483 2755 filium

1922 2777 2191 2832 Romelim.
2224 2780 2571 2853 Jerosolymae
2612 2800 2737 2839 vero
2764 2801 2984 2855 regnum
3013 2787 3169 2843 desiit
3221 2792 3269 2845 in
3324 2792 3485 2846 Sede-

1919 2866 2050 2919 ciam
2085 2887 2097 2920 :
2130 2869 2216 2937 qui
2246 2871 2501 2925 abductus
2543 2873 2592 2925 in
2640 2874 2955 2943 Babylonem
2984 2915 2999 2939 ,
3029 2879 3195 2931 oculis
3219 2881 3436 2934 orbatus
3456 2926 3470 2945 ,

1920 2954 1972 3008 in
2003 2958 2222 3011 vinculis
2251 2959 2343 3013 fuit
2375 2976 2468 3028 per
2489 2977 2655 3015 annos
2681 2964 2859 3029 viginti
2888 2978 3110 3031 septem.
3138 2968 3470 3024 Joachimuni

1921 3062 2044 3099 vero
2072 3058 2249 3116 postea
2277 3051 2462 3103 extulit
2491 3067 2580 3105 rex
2604 3052 2905 3122 Babylonis,
2940 3054 3081 3108 dedit
3107 3057 3201 3125 ipsi
3225 3064 3477 3116 thronum

1918 3152 2073 3206 supra
2121 3153 2270 3207 reges
2298 3140 2387 3207 qui
2437 3141 2554 3194 istic
2583 3153 2769 3207 erant,
2802 3153 2852 3195 et
2900 3145 3208 3199 comedebat
3240 3157 3481 3214 putabat-

1917 3244 2018 3296 que
2047 3243 2164 3282 cum
2195 3230 2285 3282 illo
2315 3232 2560 3286 omnibus
2604 3233 2789 3287 diebus
2818 3234 2937 3287 vita:
2983 3250 3111 3289 suae.
3160 3238 3272 3292 1100
3302 3252 3476 3295 autem

1918 3319 2109 3372 desinit
2152 3320 2323 3384 liber,
2370 3336 2491 3375 cum
2535 3323 2738 3377 scilicet
2790 3332 2944 3393 capta
2995 3327 3124 3381 urbe
3170 3330 3396 3397 populus
3426 3334 3473 3384 in

1917 3411 2270 3478 captivitatem
2300 3413 2553 3467 abductus
2580 3422 2681 3467 est.

1985 3500 2101 3554 Jam
2122 3517 2249 3555 vero
2272 3510 2437 3555 restat
2461 3511 2517 3555 ut
2546 3504 2757 3557 nomina
2781 3518 2960 3573 regum
2984 3506 3177 3560 Judmac
3205 3517 3259 3563 ct
3284 3511 3439 3565 lsrael
3460 3554 3473 3571 ,

1917 3606 2032 3659 que
2060 3594 2386 3660 singulorum
2410 3592 2603 3648 fuerint
2628 3606 2774 3664 gesta
2802 3637 2817 3663 ,
2868 3598 2957 3666 qui
2987 3599 3103 3651 ﬁnis
3129 3641 3141 3662 ,
3168 3611 3297 3669 quot
3323 3604 3472 3658 annis

1918 3683 2256 3751 regnaveriut
2282 3698 2345 3737 ex
2377 3685 2523 3739 111800
2559 3685 2706 3739 libris
2738 3700 3107 3743 recenseamus
3128 3730 3142 3754 ,
3177 3690 3275 3744 hoc
3299 3701 3501 3761 pacto..

1988 3773 2063 3842 (a)
2098 3772 2220 3825 Post
2271 3774 2556 3841 perniciem
2604 3774 2777 3827 Saulis
2823 3776 2911 3844 qui
2955 3789 3264 3847 regnaverat
3305 3784 3458 3835 anuis

1916 3860 2280 3930 quadraginta,
2310 3873 2494 3932 regnat
2525 3865 2685 3917 David
2720 3867 2767 3917 in
2793 3881 3001 3919 omnem
3034 3869 3282 3923 Israelem
3308 3882 3359 3924 et
3388 3873 3473 3926 Ju-

1914 3952 2033 4004 dam
2081 3952 2231 4004 annis
2275 3953 2655 4021 quadraginta;
2700 3955 2902 4008 scilicet
2944 3957 2993 4008 in
3026 3958 3269 4010 Chebron
3321 3963 3473 4015 annis

1915 4052 2115 4110 septem
2138 4082 2150 4103 ,
2180 4044 2231 4095 in
2266 4051 2376 4095 toto
2400 4052 2575 4095 autem
2605 4044 2797 4097 Israele
2834 4053 2887 4097 et
2909 4044 3039 4098 Juda
3066 4049 3219 4100 annis
3267 4049 3471 4117 triginta

1917 4132 2101 4185 tribus.
2142 4130 2210 4185 Et
2256 4130 2379 4186 fecit
2427 4141 2628 4200 rectum
2662 4136 2708 4185 in
2759 4134 2992 4201 perfecto
3020 4136 3201 4189 corde.
3241 4137 3347 4190 Sub
3376 4139 3473 4193 1100

1915 4233 2065 4277 erant
2094 4223 2360 4291 propheta:
2386 4223 2590 4277 Natban
2618 4232 2671 4277 et
2698 4224 2829 4278 Gad.
2858 4225 3106 4278 Salomon
3141 4228 3276 4281 ﬁlius
3311 4229 3468 4282 David

1914 4316 2151 4382 regnavit
2177 4327 2333 4382 supra
2383 4328 2592 4366 omnem
2645 4314 2896 4381 populum
2942 4323 2995 4367 et
3026 4316 3135 4382 ipse
3162 4319 3312 4369 annis
3342 4334 3471 4384 qua.

1913 4405 2149 4473 draginta
2185 4423 2196 4456 :
2225 4415 2277 4459 et
2303 4405 2426 4458 fecit
2453 4405 2664 4457 malum.
2712 4405 2821 4456 Sub
2852 4405 2952 4457 hoc
2981 4408 3140 4457 etiam
3172 4417 3323 4459 erant
3354 4425 3472 4475 pro-

1915 4496 2084 4563 pheta:
2125 4495 2326 4548 Nathan
2375 4504 2427 4546 et
2475 4494 2605 4547 Gad.
2638 4494 2870 4546 Robuatn
2912 4495 3047 4546 1111118
3076 4496 3185 4562 ejus
3238 4500 3474 4565 regnavit

1914 4588 2063 4639 annis
2085 4588 2474 4653 septemdecim,
2494 4592 2546 4636 et
2568 4584 2688 4636 fecit
2708 4585 2920 4637 malum.
2942 4584 3050 4637 Sub
3071 4585 3170 4638 hoc
3191 4586 3465 4640 discissum

1914 4685 1994 4728 est
2018 4690 2234 4743 regnum
2258 4716 2269 4737 ,
2294 4685 2346 4727 et
2367 4683 2667 4725 manserunt
2713 4688 2832 4725 cum
2860 4688 2923 4725 eo
2954 4674 3004 4724 in
3034 4672 3322 4727 Jerusalem
3350 4676 3465 4726 dua:

1917 4768 2099 4829 tribus,
2127 4765 2258 4818 Juda
2300 4772 2351 4817 et
2396 4763 2682 4829 Benjamiu.
2720 4762 2772 4813 111
2812 4762 3046 4815 Sattiaria
3096 4774 3268 4816 autent
3307 4765 3469 4815 tribus

1914 4860 2115 4913 decem.
2144 4856 2253 4909 Sub
2284 4856 2382 4907 1100
2411 4861 2559 4906 erant
2595 4853 2863 4921 propheta:
2911 4853 3103 4905 Acliias
3130 4853 3376 4905 Silonites
3414 4863 3467 4905 et

1915 4949 2083 5003 Addo.
2132 4947 2259 5000 Aliia
2302 4945 2439 4997 filius
2478 4944 2589 5011 ejus
2643 4944 2880 5011 regnavit
2926 4942 3079 4995 annis
3132 4943 3318 4996 tribus.
3364 4943 3468 4997 Ne-

1915 5058 2013 5111 que
2043 5049 2152 5092 erat
2200 5054 2292 5090 cor
2336 5038 2447 5104 ejus
2485 5045 2539 5089 ut
2580 5034 2770 5097 David,
2800 5033 2888 5085 sed
2936 5032 3218 5085 ambulavit
3268 5033 3319 5086 in
3353 5049 3461 5101 pec-

1918 5141 2032 5186 cato
2081 5130 2241 5197 patris
2297 5128 2395 5180 sui.
2443 5127 2552 5180 Sub
2595 5126 2695 5179 1100
2749 5124 2902 5177 etiam
2951 5131 3065 5175 erat
3131 5122 3280 5175 Addo
3342 5138 3461 5191 pro-

1919 5225 2095 5292 pheta.
2121 5222 2221 5273 Asa
2257 5219 2393 5272 ﬁlius
2423 5219 2535 5285 ejus
2580 5216 2730 5268 annis
2759 5213 3096 5283 quadraginta
3126 5224 3315 5274 uno,et
3348 5214 3463 5266 fecit

1916 5322 2149 5369 rectum:
2196 5312 2288 5364 sed
2333 5310 2501 5364 adhuc
2552 5315 2703 5361 erant
2748 5305 2973 5359 excelsa.
3021 5304 3128 5357 Sub
3170 5304 3274 5355 hoc
3310 5307 3466 5355 erant

1979 5468 1995 5497 ί
2018 5464 2145 5513 Vera
2169 5462 2312 5512 lectio
2337 5468 2429 5518 est,
2455 5460 2792 5510 Evilmerodac.
3032 5516 3041 5521 _
3244 5515 3255 5521 _
3292 5514 3305 5521 _
3440 5511 3469 5521 ,.

1978 5526 2047 5587 (u)
2071 5534 2189 5587 Quae,
2211 5514 2478 5587 sequuntur
2500 5522 2742 5587 habentur
2770 5522 2817 5565 in
2855 5516 3207 5587 Syn_or§l_,_qua1
3232 5514 3473 5587 Athanasii

1978 5531 2047 5587 (α)
2071 5534 2179 5582 Quae
2211 5531 2478 5585 sequuntur
2502 5531 2736 5568 trahentur
2770 5532 2817 5565 10
2855 5531 3073 5625 sineret,
3100 5531 3207 5577 qua:
3232 5531 3463 5582 mnanasn

1915 5588 2108 5635 nomine
2151 5583 2509 5647 circumfertur,_
2536 5589 2678 5647 Tomo
2715 5580 2773 5636 2,
2800 5592 2847 5639 p.
2912 5578 2977 5625 15.
2996 5576 3118 5625 Vide
3147 5586 3204 5622 ea
3228 5586 3334 5635 quae
3352 5572 3463 5620 dixt-

1916 5660 2021 5697 mus
2044 5648 2090 5692 in
2115 5645 2316 5692 Diatriba
2342 5642 2473 5691 initio
2496 5642 2635 5701 hujus
2658 5648 2935 5701 SynOpseos.

3042 5759 3119 5816 22
