4138 6306
666 318 777 371 355

650 411 863 465 Azarias
891 410 1023 465 illius
1048 411 1192 465 Oded
1213 453 1226 477 ,
1267 421 1320 466 ct
1364 414 1551 466 Anami
1575 454 1589 476 ,
1634 414 1924 483 prophetae.
1956 414 2205 483 Josaphat

647 500 785 555 ﬁlius
821 501 933 567 ejus
959 516 1123 555 annos
1153 502 1328 570 viginti
1342 499 1669 569 quinque,ct
1687 503 1808 558 fecit
1839 514 2035 558 rectum
2067 521 2080 567 ;
2114 504 2206 558 sed

645 590 851 643 excelsa
869 590 1040 644 adhuc
1074 601 1243 645 erant.
1274 590 1461 646 Postea
1504 608 1628 646 vero
1667 595 1719 645 in
1742 592 2204 661 reprehensionem

650 679 934 749 iniquitatis
982 680 1235 747 incurrit,
1266 683 1388 751 quia
1418 683 1619 736 amicus
1659 692 1774 737 erat
1799 683 2039 737 chozite
2067 684 2205 752 regis

649 770 808 824 Israel
831 812 844 833 ,
873 779 926 824 et
950 770 999 824 in
1029 771 1248 840 negotiis
1274 772 1555 839 plurimum
1584 788 1705 825 cum
1731 773 1823 827 illo
1843 774 2204 827 communica-

650 859 753 912 hat.
798 860 905 914 Sub
949 860 1047 913 hoc
1075 871 1224 914 erant
1251 861 1519 929 propheta:
1564 859 1712 913 Elias
1747 901 1763 925 ,
1812 863 2079 924 Elissaaus,
2112 861 2205 913 Mi-

648 949 821 1002 eliaeas
850 958 903 1003 et
930 948 1064 1004 Jehu
1096 950 1232 1003 filius
1260 951 1445 1004 Anemi
1463 990 1476 1013 ,
1500 960 1555 1004 et
1581 950 1723 1004 Oziel
1748 950 1883 1003 ﬁlius
1909 950 2196 1013 Zachariae,

647 1050 701 1094 et
745 1040 959 1093 Eliadad
1000 1039 1297 1094 ﬁliusAdite
1339 1056 1404 1094 ex
1451 1041 1688 1094 Marissa.
1721 1040 1898 1095 Joram
1930 1040 2064 1094 ﬁlius
2091 1040 2203 1108 ejus

645 1133 797 1181 annis
825 1137 977 1194 octo,
1008 1138 1061 1184 et
1086 1129 1207 1183 fecit
1250 1131 1462 1183 malum.
1497 1130 1686 1184 Habuit
1708 1132 1848 1184 enim
1894 1146 2109 1183 uxorem
2140 1130 2201 1180 ﬁ-

649 1218 767 1270 liam
799 1219 1030 1272 Achaab.
1059 1219 1167 1273 Sub
1194 1220 1294 1272 hoc
1320 1228 1471 1273 erant
1500 1220 1636 1273 Elias
1664 1229 1717 1272 et
1743 1220 2010 1273 Elissams.
2035 1218 2206 1273 Oche-

646 1307 752 1360 zias
781 1308 915 1361 ﬁlius
943 1309 1056 1376 ejus
1086 1323 1225 1363 anno
1248 1325 1352 1362 uno
1377 1316 1464 1373 ,et
1504 1308 1626 1363 fecit
1653 1310 1866 1363 malum.
1918 1310 2042 1363 Post
2081 1324 2200 1362 eum

646 1405 812 1450 mater
837 1397 950 1466 ejus
977 1398 1217 1452 Gotholia
1261 1414 1427 1451 annos
1455 1408 1675 1467 septem.
1705 1400 1827 1453 Joas
1859 1400 1993 1453 ﬁlius
2023 1400 2199 1453 Ocho-

642 1484 741 1539 zia:
781 1501 947 1541 annos
998 1488 1358 1557 quadraginta.
1414 1489 1508 1543 Hic
1550 1490 1740 1543 occidit
1784 1490 2085 1542 Zachariam
2112 1499 2204 1555 ,et

644 1575 766 1630 fecit
787 1584 985 1630 rectum
1016 1577 1065 1630 in
1098 1586 1209 1631 toto
1236 1577 1395 1632 corde
1424 1593 1519 1631 suo
1540 1619 1555 1643 ,
1590 1577 1760 1632 donec
1787 1579 1952 1632 Jodaé
1981 1580 2057 1632 vir
2079 1594 2200 1647 pru.

643 1666 775 1721 dens
803 1669 1032 1733 viveret,
1062 1677 1115 1721 et
1159 1669 1462 1723 institueret
1505 1671 1694 1738 ipsum.
1721 1670 1868 1723 Ilunc
1892 1670 2201 1724 occiderunt

647 1759 782 1814 servi
828 1760 990 1823 ipsius
1027 1761 1077 1813 in
1113 1760 1272 1813 domo
1318 1760 1567 1813 Maéloth.
1594 1760 1700 1814 Sub
1729 1761 1829 1815 hoc
1872 1761 2200 1830 prophetavit

645 1850 929 1905 Zacharias
952 1850 1087 1904 ﬁlius
1108 1849 1290 1905 Jodaé.
1320 1852 1566 1904 Amesias
1597 1850 1733 1904 ﬁlius
1763 1851 1876 1920 ejus
1904 1853 2058 1905 annis
2098 1866 2199 1905 no-

645 1940 1018 1996 vemdecim,et
1047 1939 1164 1993 fecit
1187 1950 1385 1994 rectum
1416 1941 1466 1993 in
1497 1941 1784 2009 principio;
1816 1940 1906 1995 sed
1938 1956 2039 1994 non
2067 1941 2201 1995 sicut

649 2029 831 2083 David.
876 2028 1062 2082 Adhuc
1081 2029 1220 2081 enim
1255 2029 1475 2097 populus
1515 2030 1816 2083 immolabat
1843 2032 1892 2083 in
1940 2031 2196 2095 excelsis,

644 2127 698 2171 et
728 2118 872 2172 lucos
899 2134 1001 2171 non
1026 2118 1259 2172 abstulit.
1283 2117 1394 2172 Sub
1422 2118 1521 2171 hoc
1564 2120 1719 2171 etiam
1750 2119 2200 2187 prophetaverunt

646 2206 933 2275 propheta},
965 2221 1185 2274 quorum
1219 2207 1428 2259 nomina
1452 2208 1645 2274 scripta
1682 2224 1783 2260 non
1811 2216 1952 2262 sunt.
1984 2208 2195 2260 Postea-

644 2312 799 2365 quam
834 2311 961 2350 vero
987 2312 1100 2360 eos,
1123 2297 1214 2364 qui
1240 2297 1290 2350 in
1321 2297 1439 2352 Seir
1465 2296 1803 2357 habitabant.
1838 2300 2113 2365 percussit,
2148 2298 2197 2350 in

646 2387 945 2454 superbiam
995 2387 1164 2440 elatus
1225 2397 1343 2449 est,
1393 2386 1531 2440 idola
1583 2386 1927 2440 habitantium
1991 2387 2042 2439 in
2085 2386 2201 2441 Seir

646 2478 828 2539 coluit.
862 2488 913 2531 et
941 2477 993 2530 iu
1039 2493 1225 2531 manus
1251 2478 1477 2531 hostium
1502 2477 1748 2539 traditus,
1793 2491 2069 2544 percussus
2098 2486 2197 2530 est.

648 2567 893 2632 Azarias,
921 2568 1005 2635 qui
1032 2576 1084 2620 et
1102 2567 1256 2620 Ozias
1279 2606 1293 2630 ,
1317 2582 1482 2619 annos
1527 2567 1896 2635 quinquaginta
1934 2567 2069 2620 duos
2092 2608 2107 2631 ,
2148 2576 2200 2621 ct

647 2659 797 2712 initio
821 2657 959 2726 quod
984 2666 1182 2710 rectum
1205 2666 1319 2709 erat
1342 2654 1461 2709 fecit
1488 2696 1502 2720 ,
1530 2656 1664 2709 sicut
1695 2667 1840 2724 pater
1860 2657 1974 2724 ejus
2001 2673 2014 2708 :
2044 2668 2201 2709 caete-

645 2765 761 2803 rum
806 2748 1012 2803 excelsa
1062 2762 1163 2799 non
1196 2746 1428 2800 abstulit.
1460 2746 1591 2799 Cum
1631 2760 1881 2813 prospere
1928 2761 2036 2799 rem
2082 2762 2204 2815 age-

646 2849 765 2905 ret,
811 2840 980 2893 elatus
1024 2849 1107 2892 est
1154 2839 1370 2899 animo,
1427 2846 1481 2890 et
1547 2838 1709 2891 voluit
1751 2838 1863 2905 ipse
1890 2838 2102 2891 adolere
2150 2839 2200 2891 in

649 2929 886 2998 templo,
938 2927 1076 2997 quod
1124 2927 1251 2981 solis
1297 2926 1656 2979 sacerdotibus
1709 2926 1915 2979 licebat.
1958 2925 2079 2979 Ideo
2125 2926 2201 2980 le-

650 3035 741 3088 pra
798 3032 1075 3087 percussus
1125 3027 1240 3078 est,
1297 3025 1569 3085 postquam
1607 3017 1876 3079 audisset,
1925 3016 2043 3071 Non
2065 3027 2204 3069 mum

648 3121 718 3163 est
737 3152 752 3175 ,
785 3109 908 3162 Ozia
931 3150 944 3169 ,
977 3109 1177 3162 adolere
1206 3107 1420 3161 Domino
1441 3148 1454 3171 ,
1484 3107 1537 3159 id
1562 3108 1693 3177 quod
1720 3108 1839 3161 solis
1872 3107 2205 3160 sacerdotibus

647 3202 761 3253 licet
788 3198 861 3270 (2.
895 3198 1070 3251 Parat.
1102 3198 1191 3251 26.
1226 3196 1335 3266 18).
1355 3195 1463 3250 Sub
1486 3197 1584 3250 hoc
1608 3206 1720 3250 erat
1740 3196 1897 3249 Isaias
1926 3195 2202 3263 propheta.

646 3289 853 3344 Jotham
883 3288 1022 3341 ﬁlius
1051 3286 1164 3355 ejus
1207 3301 1373 3340 annos
1420 3284 1651 3339 sedecim
1681 3286 1917 3355 regnavit
1943 3324 1957 3347 ,
1988 3292 2042 3338 et
2083 3285 2206 3338 fecit

651 3390 847 3435 rectum
876 3380 1011 3434 sicut
1036 3388 1183 3447 pater
1213 3378 1373 3445 ipsius
1404 3395 1416 3431 :
1446 3387 1694 3431 ueterum
1719 3376 1923 3431 excelsa
1950 3391 2055 3430 non
2082 3376 2204 3430 abs-

652 3472 786 3524 tulit.
836 3467 943 3523 Sub
970 3467 1071 3522 hoc
1111 3475 1225 3520 erat
1268 3466 1446 3519 Isaias.
1492 3465 1667 3519 Achaz
1708 3465 1845 3517 ﬁlius
1882 3465 1996 3531 ejus
2039 3477 2205 3515 annos

651 3562 969 3621 sedecim,et
999 3557 1118 3611 fecit
1144 3556 1360 3609 malum.
1378 3555 1486 3609 Sub
1508 3555 1607 3607 hoc
1635 3566 1783 3607 erant
1807 3553 1962 3606 Isaias
1984 3561 2036 3606 et
2059 3550 2206 3605 Oded

649 3651 944 3719 prophetae.
986 3646 1208 3701 Ezekias
1258 3647 1396 3700 ﬁlius
1420 3646 1536 3714 ejus
1562 3645 1803 3714 regnavit
1827 3644 1979 3696 anuis
2026 3643 2204 3711 viginti

655 3756 863 3804 novem,
899 3748 952 3793 et
990 3737 1114 3793 fecit
1140 3736 1280 3806 quod
1310 3745 1509 3790 rectum
1541 3746 1652 3789 erat
1681 3737 1814 3788 sicut
1846 3734 2004 3787 David
2032 3733 2205 3801 perfe-

657 3843 761 3887 cte.
791 3830 884 3884 llic
909 3829 1123 3882 abstulit
1150 3838 1447 3895 serpentem
1476 3841 1675 3879 :rneum
1703 3867 1717 3889 ,
1740 3841 1893 3893 quem
1921 3823 2207 3893 suspende-

650 3934 731 3977 rat
756 3923 946 3976 Muses.
988 3920 1096 3974 Sub
1120 3920 1218 3973 hoc
1240 3918 1565 3973 Senacherib
1599 3928 1651 3971 et
1673 3918 1936 3985 Bapsaces
1964 3918 2164 3986 Assyrii
2191 3957 2206 3981 ,

652 4013 791 4083 quod
822 4012 1274 4080 blasphemassent
1294 4050 1308 4072 ,
1338 4010 1572 4077 percussi
1602 4016 1754 4073 sunt,
1790 4017 2075 4075 posteaque
2108 4022 2206 4059 una

654 4116 808 4160 nocte
850 4117 1094 4172 egressus
1137 4102 1352 4170 angelus
1399 4108 1609 4154 centum
1662 4101 1926 4166 octoginta
1978 4098 2209 4167 quinque

656 4194 815 4247 millia
845 4191 1115 4244 hominum
1148 4189 1359 4243 occidit.
1405 4189 1685 4241 Moriturus
1712 4188 1966 4241 Ezechias
1990 4187 2055 4240 ad
2083 4202 2209 4256 pro-

654 4282 978 4352 rogationem
1004 4279 1124 4332 vitae
1147 4293 1313 4332 annos
1352 4276 1649 4346 quindecim
1691 4277 1909 4344 accepit.
1946 4275 2211 4328 Manasses

654 4375 794 4427 illius
823 4372 938 4439 ejus
966 4384 1133 4423 annos
1161 4370 1535 4438 quinquaginta
1567 4368 1818 4435 quinque,
1843 4366 2074 4434 fecitque
2101 4382 2212 4419 ma-

656 4468 782 4517 lum.
818 4462 1169 4527 Quaecumque
1218 4458 1501 4512 demolitus
1546 4457 1716 4512 fuerat
1762 4458 2051 4520 Ezechias,
2102 4458 2214 4525 ipse

658 4555 921 4617 restituit,
962 4561 1015 4605 et
1054 4550 1221 4604 factus
1264 4560 1344 4603 est
1377 4549 1525 4604 Judas
1560 4548 1693 4602 alter
1719 4547 2027 4611 Jeroboam;
2058 4548 2127 4600 ita
2158 4557 2217 4601 ut

659 4647 772 4713 ejus
802 4658 956 4696 causa
985 4641 1123 4695 idem
1150 4654 1303 4709 passa
1330 4640 1398 4693 sit
1434 4639 1725 4693 Jerusalem
1746 4679 1761 4705 ,
1789 4639 1927 4706 quod
1956 4638 2209 4693 Samaria.

662 4737 733 4789 De
749 4736 837 4787 illo
855 4732 1049 4785 dictum
1068 4739 1149 4784 est
1167 4770 1180 4793 ,
1203 4730 1298 4793 Qui
1322 4745 1523 4796 peccare
1539 4729 1650 4797 fecit
1670 4727 1859 4779 Judam
1880 4729 1956 4796 (4.
1980 4726 2104 4795 Reg.
2123 4727 2211 4779 2|.

658 4826 724 4881 16
744 4824 785 4894 ).
816 4824 936 4877 Ideo
968 4822 1205 4889 captivus
1231 4819 1488 4872 abductus
1530 4827 1612 4871 est
1646 4820 1696 4871 iu
1727 4816 2070 4887 Babylonem.
2110 4817 2213 4871 Sed

660 4917 713 4967 in
741 4912 1059 4980 captivitate,
1093 4919 1148 4962 ut
1178 4910 1229 4961 in
1261 4906 1674 4976 Paralipomenis
1694 4908 1945 4974 scriptum
1976 4915 2075 4973 est,
2101 4920 2215 4974 po:-

664 5005 913 5057 nitentem
944 4999 1153 5053 reduxit
1195 5000 1330 5051 Deus
1356 4999 1409 5052 in
1434 4998 1745 5061 Jerusalem,
1780 5012 2102 5066 regnumque
2129 5014 2217 5052 re—

663 5092 950 5161 cuperavit.
981 5088 1347 5144 Ptenitentiam
1380 5090 1554 5156 itaque
1580 5102 1759 5155 agens,
1792 5088 2143 5155 populumque
2163 5096 2221 5140 ut

671 5184 774 5235 Deo
804 5181 1024 5233 serviret
1061 5178 1256 5231 docens
1285 5218 1297 5239 ,
1340 5176 1487 5229 obiit.
1522 5177 1576 5229 In
1608 5178 1818 5231 civitate
1848 5189 2020 5230 tamen
2060 5177 2219 5230 David

660 5285 767 5324 non
817 5277 900 5323 est
944 5268 1179 5335 sepultus
1200 5304 1219 5331 ,
1272 5266 1364 5321 sed
1397 5268 1447 5319 in
1477 5266 1630 5319 horto
1670 5281 1765 5319 suo
1789 5305 1803 5330 ,
1834 5267 1884 5318 in
1915 5268 2067 5320 horto
2093 5266 2216 5320 Oza.

671 5365 830 5414 Amos
860 5360 995 5412 ﬁlius
1021 5358 1134 5426 ejus
1158 5359 1393 5425 regnavit
1419 5372 1586 5411 annos
1616 5358 1769 5420 duos,
1796 5367 1849 5409 et
1876 5356 1997 5412 fecit
2026 5358 2220 5411 malum

666 5455 725 5508 Sit
745 5461 798 5503 ut
823 5459 969 5519 pater
996 5450 1112 5517 ejus
1140 5447 1406 5501 Manasses
1425 5488 1439 5510 ,
1465 5457 1516 5501 et
1549 5448 1859 5503 occiderunt
1886 5447 2054 5515 ipsum
2083 5450 2221 5501 servi

658 5544 799 5613 ejus,
839 5540 1177 5607 sepultusque
1204 5547 1283 5590 est
1321 5537 1373 5589 in
1398 5538 1551 5590 horto
1581 5538 1686 5591 Oza
1711 5578 1726 5602 ,
1759 5538 1809 5590 in
1843 5552 1944 5605 quo
1987 5538 2223 5607 sepultus

657 5645 738 5686 ρει
775 5638 827 5682 et
855 5638 1000 5699 pater
1040 5628 1221 5697 ipsius.
1270 5625 1440 5681 Josias
1475 5626 1611 5679 ﬁlius
1643 5628 1753 5696 ejus
1784 5628 2017 5694 regnavit
2060 5628 2216 5682 annis

1358 301 1411 356 S.
1454 302 1724 357 JOANNIS
1766 302 2234 359 CllRYSOSTOMl
2276 304 2587 363 ARCI'IIEP.
2629 308 3158 370 CONSTANTINOP.

3759 343 3872 396 35G

2319 418 2524 486 triginta
2554 435 2678 474 uno.
2716 422 2862 477 Ilunc
2889 427 3111 494 pepulus
3139 443 3311 498 regem
3338 434 3551 499 creavit,
3584 449 3705 489 cum
3732 446 3878 492 esset

2313 521 2567 561 annorum
2599 520 2738 574 octo,
2768 510 2996 581 fecitque
3021 525 3246 581 rectum,
3269 527 3321 571 et
3349 522 3631 576 ambulavit
3651 525 3704 578 in
3726 526 3873 579 omni

2314 598 2394 649 via
2422 598 2615 661 David,
2646 615 2743 654 nec
2778 602 3059 657 declinavit
3110 607 3175 659 ad
3219 607 3487 664 dexteram
3530 614 3608 667 vel
3636 615 3700 669 ad
3745 616 3872 670 sini.

2311 694 2495 737 stram.
2526 686 2733 742 Etenim
2764 699 2815 743 et
2838 692 2987 746 lucos
3017 695 3238 749 succidit
3265 737 3279 761 ,
3310 708 3357 752 et
3384 702 3556 754 omnia
3586 704 3866 761 simulacra

2311 774 2534 826 sustulit.
2566 775 2695 830 Cum
2723 794 2977 833 annorum
3009 792 3151 836 esset
3177 784 3404 839 sedecim
3425 829 3440 852 ,
3471 788 3637 858 legem
3678 795 3860 861 quaesi-

2312 864 2421 925 vit,
2454 873 2507 917 et
2544 879 2664 917 cum
2707 877 2828 922 ante
2866 871 3155 938 neglectam
3188 873 3505 939 invenisset,
3540 879 3637 947 legi
3659 880 3817 947 jussit
3850 893 3865 928 :

2311 965 2373 1004 ac
2398 953 2589 1020 pascha
2636 956 2941 1022 praedicavit
2980 960 3399 1031 celebravitque,
3428 965 3564 1018 sicut
3614 968 3868 1035 scriptum

2308 1050 2407 1093 est.
2436 1040 2586 1095 Hunc
2607 1044 2799 1098 occidit
2821 1046 3022 1100 Pharao
3051 1048 3260 1103 Nechao
3285 1051 3351 1105 ad
3380 1053 3718 1121 Euphratem,
3746 1072 3866 1109 cum

2310 1132 2583 1185 contentio
2630 1134 2767 1187 inter
2813 1135 2928 1189 illos
2956 1147 3068 1190 orta
3093 1149 3250 1192 esset.
3292 1140 3457 1208 Hujus
3486 1154 3719 1212 tempore
3749 1146 3869 1199 fue-

2308 1233 2431 1274 runt
2456 1223 2723 1291 propheta:
2753 1224 3011 1280 Jeremias
3055 1236 3109 1281 et
3133 1230 3428 1298 Snphonias
3454 1275 3467 1292 .
3500 1244 3551 1286 et
3577 1235 3706 1289 Olda
3739 1252 3868 1303 pro-

2310 1311 2539 1378 phetissa
2563 1329 2692 1367 uxor
2715 1314 2876 1369 Selle.
2906 1315 3135 1371 Joachaz
3168 1319 3303 1374 ﬁlius
3327 1322 3439 1387 ejus
3464 1324 3699 1391 regnavit
3720 1341 3867 1378 men-

2307 1414 2392 1454 ses
2416 1407 2525 1455 tres
2550 1441 2562 1464 ,
2608 1411 2661 1455 et
2703 1401 2822 1456 fecit
2868 1406 3062 1458 malum
3086 1447 3100 1472 ,
3130 1418 3182 1461 et
3212 1411 3474 1465 transtulit
3514 1427 3631 1465 eum
3661 1413 3868 1467 Pharao

2306 1490 2536 1545 Nechao.
2564 1491 2672 1546 Sub
2701 1492 2800 1546 hoc
2830 1509 3038 1563 quoque
3065 1496 3192 1549 vixit
3216 1497 3493 1552 Jeremias.
3526 1498 3749 1554 Eliakim
3782 1505 3863 1555 al-

2304 1586 2386 1632 ter
2411 1579 2547 1633 ﬁlius
2575 1580 2753 1647 Josiaz,
2782 1583 2867 1651 qui
2898 1592 2951 1635 et
2981 1582 3197 1638 Joakim
3228 1596 3427 1641 mutato
3458 1588 3667 1642 nomine
3692 1591 3865 1643 dictus

2306 1676 2423 1730 est,
2462 1669 2701 1737 regnavit
2740 1672 2892 1725 annis
2922 1672 3165 1726 undecim
3192 1714 3206 1739 ,
3237 1684 3289 1728 et
3332 1675 3455 1731 fecit
3476 1677 3613 1746 quod
3658 1680 3855 1733 malum

2306 1768 2441 1813 erat.
2464 1758 2670 1812 Joakim
2701 1760 2788 1829 qui
2829 1771 2881 1816 et
2919 1762 3234 1829 Jechonias,
3268 1765 3410 1821 ﬁlius
3449 1769 3592 1837 ejus,
3627 1772 3868 1839 regnavit

2305 1862 2516 1901 menses
2543 1856 2671 1912 tres,
2703 1860 2756 1903 et
2785 1850 2903 1904 fecit
2933 1851 3071 1920 quod
3094 1855 3286 1907 malum
3314 1866 3445 1920 erat,
3476 1858 3866 1928 trauslatusque

2304 1945 2385 1990 cst
2414 1937 2463 1989 in
2492 1937 2830 2008 Babylonem.
2865 1941 3093 1995 Matthan
3128 1943 3261 1997 ﬁlius
3301 1945 3434 2013 ejus.
3482 1946 3629 2002 Hunc
3683 1949 3866 2002 Nabu-

2304 2025 2637 2081 chodonosor
2666 2030 2938 2083 constituit
2967 2046 3143 2100 regem
3170 2074 3182 2097 ,
3213 2043 3264 2085 et
3291 2044 3490 2087 mutato
3518 2039 3728 2092 nomine
3768 2038 3868 2093 Se-

2305 2117 2505 2171 deciam
2546 2119 2858 2187 appellavit,
2893 2123 3233 2191 regnavitque
3274 2126 3424 2177 annis
3460 2125 3738 2181 duodecim
3760 2167 3776 2193 ,
3807 2138 3864 2183 et

2304 2207 2427 2261 fecit
2448 2208 2661 2261 malum.
2685 2209 2795 2263 Sub
2816 2210 2915 2263 hoc
2938 2227 3144 2281 quoque
3166 2224 3276 2266 erat
3297 2214 3569 2269 Jeremias.
3589 2217 3867 2288 [lucusque

2308 2297 2513 2349 duravit
2531 2312 2745 2365 regnum
2768 2298 2793 2353 J
2803 2300 2920 2365 uda,
2946 2310 3171 2372 tuncque
3193 2304 3499 2358 subversum
3530 2316 3630 2369 est,
3657 2310 3789 2362 sicut
3812 2319 3869 2363 et

2305 2401 2521 2452 regnum
2547 2387 2814 2442 Samariae.
2844 2388 2980 2444 Urbs
3003 2407 3224 2460 namque
3247 2402 3395 2461 capta
3431 2406 3531 2461 est,
3564 2405 3614 2449 et
3635 2399 3877 2452 universi

2306 2478 2356 2530 iu
2383 2476 2701 2548 Babylonem
2726 2481 2912 2547 captivi
2941 2495 3059 2534 cum
3083 2488 3219 2535 vasis
3240 2483 3448 2537 abducti
3471 2495 3611 2540 sunt.
3628 2485 3869 2557 Suntque

2306 2581 2457 2635 reges
2482 2569 2660 2637 viginti
2691 2584 2822 2623 unus
2845 2610 2858 2633 ,
2899 2587 3001 2623 nun
3052 2583 3389 2626 annumerata
3423 2574 3683 2629 Gotbolia.

2373 2657 2591 2711 Nomina
2618 2672 2796 2728 regum
2827 2661 2913 2728 qui
2946 2660 3149 2714 fuerunt
3175 2663 3223 2714 in
3252 2664 3507 2728 Samaria,
3540 2675 3594 2718 et
3619 2680 3737 2735 qua:
3767 2680 3865 2734 ge-

2306 2759 2404 2811 sta,
2440 2750 2527 2817 qui
2570 2750 2686 2803 ﬁnis
2724 2750 2976 2819 cujusque
3026 2750 3198 2815 fuerit,
3231 2763 3282 2807 et
3310 2763 3437 2822 quot
3487 2756 3639 2808 annis
3675 2757 3869 2823 singuli

2306 2838 2641 2907 regnaverint
2666 2840 2748 2893 his
2775 2841 2970 2908 accipe.
3001 2840 3279 2895 Jeroboam
3327 2844 3459 2897 ﬁlius
3483 2843 3686 2897 Nabath
3714 2846 3871 2897 annis

2305 2927 2393 2981 24.
2424 2927 2517 2980 Hic
2538 2927 2756 2981 discisso
2779 2943 2939 2997 regno
2964 2930 3253 2984 ascendens
3281 2946 3344 2985 ex
3373 2931 3600 3001 Egypto
3624 2973 3637 2995 ,
3666 2934 3871 3001 primus

2308 3020 2545 3088 regnavit
2575 3022 2624 3072 in
2650 3018 2900 3083 Samaria,
2931 3030 2985 3075 et
3005 3021 3126 3075 fecit
3147 3023 3361 3086 malum,
3396 3023 3462 3076 ita
3488 3034 3542 3076 ut
3566 3025 3763 3078 nullum
3790 3026 3869 3078 si-

2308 3109 2483 3162 milem
2525 3108 2784 3163 habuerit.
2816 3108 3025 3163 Veritus
3080 3125 3144 3164 ne
3174 3126 3390 3180 regnum
3430 3112 3525 3180 ipsi
3552 3112 3866 3182 eriperetur,

2307 3214 2492 3252 aureas
2524 3198 2737 3252 buculas
2758 3199 2886 3252 duas
2915 3198 3052 3265 fecit,
3077 3210 3129 3254 et
3148 3201 3395 3269 populum
3422 3202 3626 3255 seduxit
3650 3202 3865 3257 dicens:

2312 3287 2382 3341 lli
2405 3297 2518 3341 sunt
2552 3288 2643 3352 dii,
2671 3289 2753 3356 qui
2774 3290 3048 3342 eduxerunt
3069 3305 3156 3342 nos
3182 3306 3244 3343 ca:
3269 3300 3399 3342 terra
3417 3289 3629 3360 £gypti
3657 3292 3705 3359 (ι
3738 3290 3867 3359 Reg.

2312 3378 2525 3448 12.28).
2544 3377 2937 3432 lnstituitenim
2956 3380 3088 3434 festa
3107 3389 3156 3432 et
3183 3381 3515 3434 sacerdotes:
3547 3380 3610 3432 Et
3639 3380 3719 3433 hic
3748 3397 3869 3449 pec-

2309 3486 2421 3522 care
2439 3469 2555 3538 fecit
2572 3467 2734 3522 Israel
2759 3468 2831 3536 (2.
2865 3469 2988 3538 Reg.
3016 3471 3099 3523 Η.
3133 3471 3209 3539 8).
3238 3471 3251 3522 Ι
3261 3487 3407 3540 psum
3432 3488 3655 3542 namque
3684 3488 3872 3528 omnes

2310 3569 2491 3627 postea
2537 3574 2685 3628 reges
2730 3559 2914 3613 imitati
2955 3572 3095 3614 sunt.
3126 3561 3289 3630 Hujus
3319 3573 3552 3631 tempore
3597 3564 3871 3634 prophetae

2310 3659 2460 3701 erant
2489 3648 2679 3702 Achias
2704 3649 2971 3713 Silonites,
3004 3660 3058 3704 et
3091 3652 3175 3719 qui
3208 3661 3386 3704 contra
3419 3652 3588 3720 ipsum
3617 3667 3775 3719 super
3793 3654 3874 3706 al-

2312 3749 2421 3791 tare
2447 3738 2761 3793 vociferatus
2786 3749 2885 3793 est.
2905 3739 3103 3793 Nabth
3141 3740 3277 3793 ﬁlius
3308 3742 3420 3810 ejus
3442 3743 3678 3810 regnavit
3701 3758 3872 3797 annos

2311 3828 2463 3894 duos,
2486 3837 2539 3881 et
2571 3827 2921 3891 fet-itmalum,
2951 3844 3119 3898 neque
3142 3830 3276 3883 alius
3303 3845 3366 3883 ex
3409 3845 3598 3899 genere
3628 3832 3745 3899 ejus
3783 3846 3871 3884 re-

2314 3919 2507 3986 gnavit.
2535 3918 2742 3970 Zamhri
2787 3918 3006 3971 alterius
3034 3919 3241 3987 generis
3271 3935 3434 3973 annus
3468 3921 3550 3973 i2.
3584 3920 3747 3972 Baasa
3788 3935 3875 3973 re-

2313 4009 2490 4077 gnavit
2517 4023 2682 4060 annos
2712 4008 2803 4073 24,
2834 4017 2885 4061 et
2911 4006 3033 4061 fecit
3062 4009 3197 4076 quod
3248 4009 3443 4062 malum
3474 4019 3605 4064 erat.
3638 4009 3747 4063 Sub
3773 4010 3875 4063 hoc

2315 4099 2583 4169 propheta:
2636 4108 2788 4153 erant
2839 4099 2999 4163 Elias,
3045 4080 3311 4162 Elissaeas,
3366 4100 3626 4161 Michazas,
3685 4110 3738 4153 et
3782 4100 3873 4169 qui

2314 4190 2559 4243 Achaaho
2588 4189 2653 4242 de
2699 4190 2849 4258 Syria
2878 4198 2931 4242 et
2973 4188 3039 4243 de
3082 4188 3187 4242 ﬁlio
3230 4190 3369 4243 Ader
3408 4190 3589 4258 proliln
3610 4190 3771 4258 tavit,
3819 4198 3878 4243 et

2316 4281 2401 4348 qui
2423 4280 2634 4347 proprio
2656 4278 2805 4347 jussu
2849 4280 3171 4342 vulneratus,
3217 4280 3517 4332 Achaabum
3568 4280 3873 4348 redarguit:

2317 4383 2378 4420 ac
2407 4377 2656 4435 praeterea
2687 4381 2923 4420 seorsum
2966 4368 3111 4420 multi
3144 4368 3513 4435 prophetarum
3558 4370 3670 4423 ﬁlii.
3696 4368 3880 4423 Ocho-

2319 4456 2424 4508 zias
2451 4456 2589 4508 ﬁlius
2626 4456 2741 4523 ejus
2769 4456 2919 4508 annis
2956 4455 3189 4517 duobus,
3227 4465 3278 4509 et
3330 4456 3448 4511 fecit
3493 4458 3631 4525 quod
3683 4459 3878 4511 malum

2318 4557 2449 4601 erat.
2472 4545 2579 4599 Sub
2607 4546 2703 4599 hoc
2721 4554 2873 4598 erant
2898 4545 3037 4598 Elias
3058 4554 3111 4599 et
3131 4546 3376 4600 Elissaeus
3406 4563 3420 4601 :
3448 4562 3566 4601 nam
3587 4548 3701 4617 ejus
3720 4551 3880 4616 quin-

2319 4635 2665 4703 quagenarios
2718 4634 2835 4703 igne
2882 4635 3139 4702 percussit
3169 4635 3309 4689 Elias
3356 4638 3407 4689 in
3456 4639 3618 4691 verbo
3650 4639 3879 4691 Domini.

2321 4729 2496 4783 Joram
2527 4728 2661 4780 illius
2690 4726 2900 4781 Achaab
2928 4728 3078 4780 annis
3105 4727 3382 4783 duodecim
3415 4728 3877 4793 :etfecitmalum,

2322 4833 2490 4885 neque
2518 4818 2652 4868 ultra
2682 4816 2815 4869 alius
2845 4832 2908 4870 ex
2938 4831 3131 4884 genere
3166 4818 3326 4884 ipsius
3360 4819 3609 4887 regnavit.
3643 4818 3752 4872 Sub
3781 4820 3883 4873 hoc

2324 4908 2466 4961 Elias
2486 4916 2784 4974 assumptus
2816 4915 2896 4959 est
2921 4922 2934 4959 :
2963 4906 3214 4960 Elissaeus
3240 4923 3367 4961 vero
3396 4909 3585 4961 mansit
3625 4922 3789 4977 usque
3813 4908 3881 4959 ad

2322 4999 2598 5053 Jeroboam
2628 4998 2787 5051 ﬁlium
2814 4996 2936 5051 Joas
2964 5013 3139 5065 regem
3170 4998 3349 5052 lsrael.
3374 4999 3481 5053 Sub
3511 4998 3609 5052 hoc
3647 5007 3796 5052 erant
3817 4999 3883 5050 ﬁ-

2326 5090 2379 5141 lii
2410 5089 2804 5157 prophetarum.
2834 5086 2968 5140 Jehu
3003 5087 3067 5140 de
3091 5088 3190 5139 alia
3218 5089 3398 5155 stirpe,
3427 5088 3561 5141 ﬁlius
3605 5087 3882 5151 Namesse,

2327 5181 2477 5234 annis
2502 5180 2590 5231 22.
2607 5180 2700 5232 Hic
2721 5178 3109 5245 sustulitgenus
3122 5178 3373 5243 Aebaabi,
3390 5187 3441 5231 et
3462 5179 3741 5247 prophetas
3756 5177 3883 5231 Baal

2328 5286 2419 5339 per
2435 5271 2650 5323 insidias
2672 5270 2881 5332 occidit,
2901 5278 3227 5337 statuamque
3249 5269 3385 5325 illius
3405 5269 3665 5324 contrivit.
3685 5269 3886 5321 Etcum

2330 5364 2379 5415 in
2409 5364 2549 5416 hisce
2574 5360 2783 5414 fecisset
2808 5360 2944 5429 quod
2977 5371 3176 5413 rectum
3206 5369 3338 5423 erat,
3371 5360 3552 5414 habuit
3584 5360 3894 5427 promissio-

2329 5466 2470 5515 nem,
2494 5450 2631 5519 quod
2660 5450 2821 5517 ipsius
2842 5449 2929 5502 ﬁlii
2949 5447 3015 5503 ad
3040 5457 3275 5517 quartam
3303 5463 3467 5516 usque
3494 5448 3891 5516 generationem

2330 5539 2524 5593 sessuri
2555 5547 2733 5591 essent
2759 5552 2917 5605 super
2948 5537 3213 5591 thronum.
3245 5538 3470 5591 Joaehaz
3497 5537 3633 5590 filius
3662 5538 3777 5607 ejus
3798 5555 3895 5594 an-

2334 5644 2429 5681 nos
2468 5626 2861 5698 septemdecim,
2887 5626 3113 5699 fecitque
3142 5626 3277 5698 quod
3302 5627 3493 5681 malum
3512 5635 3644 5682 erat.
3670 5629 3897 5685 Jerusa-
