4152 6324
265 349 372 403 355

264 446 527 518 ἐπορεύθη
555 450 611 499 ἐν
639 450 702 515 τῇ
732 448 966 516 ἁμαρτίᾳ
997 446 1087 498 τοῦ
1117 447 1319 516 πατρὸς
1356 445 1537 498 αὐτοῦ.
1572 444 1679 495 Καὶ
1720 442 1811 493 ἐπὶ

260 534 446 586 τούτου
484 529 553 601 ἦν
591 532 753 585 Ἀδδὼ
800 534 827 584 6
872 532 1170 603 προφήτης.
1189 531 1316 583 Ἀσά
1340 533 1367 583 6
1395 531 1505 593 υίὸς
1529 528 1689 581 αὐτοῦ
1720 528 1809 596 ἐτη

262 625 372 687 μα’,
402 618 496 669 καὶ
526 617 742 685 ἐποίησε
774 616 833 668 τὸ
854 616 1005 679 εύθές
1022 631 1038 648 ·
1066 616 1176 667 ἀλλ’
1202 615 1279 667 ἐτι
1301 612 1365 685 ἧν
1390 614 1456 667 τά
1478 614 1672 683 ὑψηλά.
1692 613 1813 664 Ἐπὶ

258 703 444 755 τούτου
498 698 632 772 ἦσαν
675 700 922 770 Ἀζαρίας
984 702 1093 763 υἱὸς
1130 701 1314 770 Ὠδὴδ,
1364 703 1456 753 καὶ
1491 699 1711 766 ’Δναμὶ,
1763 697 1810 748 οι

258 789 549 857 προφῆται.
570 788 828 853 Ἰωσαφάτ
856 787 968 849 υἱὸς
1011 785 1173 838 αὐτοῦ
1201 786 1292 854 ἐτη
1334 785 1430 847 κε’,
1470 786 1559 837 καὶ
1590 783 1811 849 ἐποίησε

256 872 317 924 τὺ
340 873 523 933 εὐθές·
552 872 685 924 ἀλλά
716 872 782 924 τὰ
804 872 978 941 ὑψηλά
1000 872 1077 924 ἐτι
1101 873 1326 943 ὑπῆρχε.
1359 873 1461 923 Καὶ
1490 870 1623 939 μετά
1644 869 1811 921 ταῦτα

261 958 464 1027 μέμψιν
496 956 649 1027 ἔσχεν
681 958 921 1026 ἀνομίας.
953 958 1031 1009 ὅτι
1059 957 1295 1024 ἐφιλίασε
1320 957 1395 1026 τῷ
1434 958 1643 1027 Ὀχοζίᾳ
1670 955 1813 1025 βασι-

258 1044 335 1095 λεῖ
379 1043 607 1112 Ἰσραὴλ,
636 1044 726 1095 καὶ
775 1042 1122 1112 ἐκοινώνησεν
1169 1042 1313 1111 αὐτῷ
1342 1044 1419 1104 είς
1450 1044 1626 1094 πλεῖον
1679 1059 1809 1110 πρα-

255 1131 538 1200 γματείας.
557 1132 677 1181 Ἐπὶ
702 1130 888 1183 τούτου
936 1127 1072 1199 ἦσαν
1116 1132 1387 1199 προφῆται
1426 1131 1621 1191 Ἠλίας,
1639 1130 1810 1180 Ἐλισ-

257 1219 391 1279 σαιὲ,
438 1216 695 1285 Μιχαίας,
749 1218 839 1267 καὶ
880 1217 979 1267 Ἰού
1028 1220 1054 1268 6
1086 1217 1176 1267 τοῦ
1215 1217 1415 1284 Ἀνεμὶ,
1452 1217 1544 1267 καὶ
1579 1214 1757 1283 Ὀζιὴλ
1782 1214 1809 1265 6

254 1302 344 1354 τοῦ
374 1301 659 1369 Ζαχαρίου,
694 1302 786 1353 καὶ
823 1302 1063 1355 Ἐλιάδαδ
1094 1305 1120 1354 6
1149 1303 1238 1355 τοῦ
1281 1303 1426 1355 Ἀδιά
1464 1302 1569 1354 ἀπὸ
1602 1300 1810 1369 Μαρίσκ-

256 1405 370 1456 σης.
393 1386 590 1456 Ἰωρὰμ
632 1389 660 1440 6
695 1388 805 1449 υἱὸς
835 1388 996 1439 αὑτοῦ
1026 1387 1118 1458 ἔτη
1149 1395 1219 1457 η’,
1249 1391 1339 1441 καὶ
1368 1389 1585 1456 ἐποίησε
1625 1387 1682 1439 16
1710 1404 1808 1438 πο-

254 1474 433 1541 νηρόν.
466 1470 588 1541 Εῐχε
619 1472 727 1542 γάρ
756 1476 984 1538 γυναῖκα
1020 1473 1287 1543 θυγατέρα
1331 1474 1547 1541 Ἀχαάϐ.
1579 1474 1685 1524 Καὶ
1720 1473 1809 1524 ἐπὶ

252 1559 438 1610 τούτου
467 1555 601 1627 ἦσαν
644 1560 824 1621 Ἠλίας
855 1560 945 1610 καὶ
978 1559 1289 1619 Ἐλισσαῖος.
1308 1557 1550 1627 Ὀχοζίας
1584 1557 1691 1620 υἱὸς
1714 1558 1808 1609 αύ-

251 1645 341 1696 τοῦ
371 1644 489 1707 ἔτος
522 1652 589 1709 α’,
617 1648 707 1697 καὶ
736 1646 953 1716 ἐποίησε
982 1647 1042 1697 τὸ
1074 1645 1321 1714 πονηρόν.
1356 1645 1486 1697 Μετ’
1509 1644 1667 1695 αὐτὸν
1714 1643 1750 1693 Γ
1751 1660 1807 1693 0-

251 1730 398 1781 θολία
428 1733 458 1799 ἡ
490 1734 667 1801 μήτηρ
710 1731 892 1792 αὐτοῦ,
924 1732 1015 1799 ἔτη
1062 1732 1383 1791 ἐπτά.Ἰωᾶς
1419 1729 1528 1791 υίὸς
1571 1727 1805 1797 Ὀχοζίου

251 1818 340 1885 ἔτη
373 1824 442 1885 μ’.
482 1811 644 1880 Οὗτος
673 1818 924 1885 ἐφόνευσε
953 1817 1039 1868 τὸν
1071 1816 1360 1885 Ζαχαρίαν,
1392 1816 1483 1869 καὶ
1510 1815 1725 1885 ἐποίησε
1749 1814 1806 1867 16

248 1905 398 1966 εύθές
448 1907 504 1956 ἐν
555 1904 647 1972 ὅλῃ
692 1908 756 1974 τῇ
800 1905 941 1973 ψυχῇ
987 1903 1167 1963 αὑτοῦ,
1203 1905 1302 1965 ἐως
1342 1902 1512 1955 Ἰωδαὲ
1539 1906 1565 1955 6
1593 1902 1806 1964 συνετὸς

245 1991 360 2060 ἔζη,
395 1991 488 2043 καὶ
517 1990 775 2058 ἐφώτισεν
797 1990 972 2041 αὐτόν.
992 1989 1189 2041 Τοῦτον
1212 1990 1532 2042 ἀπέκτειναν
1561 1992 1606 2041 οἱ
1633 1988 1803 2041 δοῦλοι

245 2076 407 2130 αὐτοῦ
445 2078 501 2128 ἐν
532 2078 662 2146 οἴκῳ
687 2076 934 2129 Μαελώθ.
954 2076 1073 2127 Ἐπὶ
1100 2076 1288 2130 τούτου
1322 2078 1686 2147 ἐπροφήτευσε
1712 2075 1807 2128 Ζα-

245 2165 435 2233 χαρίας
476 2163 587 2225 υίὸς
625 2162 1092 2231 Ἰωδαέ.’Λμεσίας
1131 2164 1241 2225 υἱὸς
1285 2164 1444 2215 αὑτοῦ
1474 2163 1566 2229 ἔτη
1598 2162 1679 2228 ιθ⁶,
1713 2165 1803 2215 καὶ

244 2250 463 2316 ἐποίησε
490 2249 547 2299 16
570 2247 720 2309 εὺθές
749 2249 804 2299 ἐν
834 2248 993 2317 ἀρχῇ,
1020 2247 1129 2299 ἀλλ’
1150 2249 1245 2317 οὐχ
1272 2249 1342 2310 ὼς
1368 2249 1675 2302 Δαυῖδ.Ἕτι
1697 2248 1803 2318 γάρ

241 2338 268 2387 6
312 2335 434 2395 λαὸς
482 2334 757 2395 ἐθυσίαζεν
790 2336 844 2385 ἐν
874 2337 983 2395 τοῖς
1017 2334 1256 2402 ὑψηλοῖς,
1304 2336 1394 2386 καὶ
1437 2338 1505 2386 τά
1548 2335 1679 2404 άλση
1705 2336 1803 2387 οὐκ

241 2422 416 2490 ἐξῆρε.
450 2421 557 2471 Καὶ
586 2421 675 2470 ἐπὶ
703 2418 889 2471 τούτου
923 2420 1328 2487 ἐπροφήτευσαν
1361 2420 1658 2489 προφῆται,
1687 2420 1800 2473 ἀλλ’

240 2508 338 2559 οὐκ
366 2507 680 2576 ἐγράφησαν
708 2507 773 2557 τά
807 2506 1040 2573 ὀνόματα
1074 2505 1270 2561 αὐτῶν.
1302 2506 1453 2558 Μετὰ
1478 2506 1645 2557 ταῦτα
1677 2507 1800 2574 μέν-

238 2609 316 2644 τοι
359 2593 613 2662 Ἀμεσίας
647 2591 887 2655 πατάξας
928 2594 1050 2654 τοὺς
1098 2595 1153 2645 ἐν
1205 2593 1388 2663 Σηεὶρ,
1435 2592 1666 2662 ἐπήρθη,
1709 2593 1800 2644 καὶ

238 2678 527 2747 ὲλάτρευσε
544 2680 652 2739 τοῖς
670 2678 900 2739 εἰδώλοις
924 2676 1069 2748 [359]
1083 2678 1186 2729 τῶν
1204 2679 1383 2747 Σηεὶρ,
1407 2679 1501 2731 καὶ
1522 2679 1797 2747 ἐπατάχθη

240 2763 560 2833 παραδοθεὶς
604 2767 714 2825 τοῖς
762 2762 990 2831 ἐχθροῖς.
1011 2764 1262 2831 Ἀζαρίας
1295 2766 1322 2814 6
1363 2765 1454 2814 καὶ
1489 2762 1667 2825 Ὀζίας
1706 2764 1797 2833 ἐτη

236 2850 332 2918 νβ’,
358 2850 452 2902 καὶ
479 2851 698 2916 ἐποίησε
729 2849 866 2900 κατὰ
890 2848 984 2917 τὴν
1010 2848 1180 2918 ἀρχὴν
1202 2847 1262 2900 16
1287 2849 1458 2910 εὺθὲς,
1482 2849 1555 2911 ὡς
1575 2852 1602 2901 6
1621 2850 1800 2920 πατὴρ

235 2935 428 2987 αὐτοῦ’
477 2934 614 3003 πλὴν
652 2934 717 2986 τά
764 2933 939 3002 ὑψηλά
972 2934 1069 2985 οὐκ
1116 2933 1324 3003 ἐξῆρεν.
1352 2933 1711 3003 Εὗοδούμενος
1742 2935 1799 2987 δὲ

234 3021 473 3091 ἐπήρθη,
519 3022 611 3072 καὶ
653 3020 911 3089 ἠθέλησεν
959 3019 1135 3087 ἐαυτῷ
1181 3019 1439 3089 θυμιᾶσαι
1470 3023 1527 3073 ἐν
1561 3020 1636 3090 τῷ
1665 3021 1796 3091 ναῷ,

233 3108 367 3176 ὅπερ
421 3108 601 3175 μόνοις
648 3110 757 3169 τοῖς
807 3106 1041 3175 ἱερεῦσιν
1063 3105 1254 3170 ἔξεστι.
1285 3106 1373 3157 Διὸ
1398 3108 1491 3159 καὶ
1518 3107 1797 3178 ἐλεπρώθη

231 3194 497 3255 ἀκούσας·
548 3195 628 3245 Οὐ
660 3192 784 3256 σοὶ,
834 3190 1003 3254 Ὀζία,
1052 3190 1330 3258 θυμιᾶσαι
1377 3192 1455 3256 τῷ
1505 3194 1714 3259 Κυρίῳ,
1766 3193 1797 3247 ὃ

228 3281 438 3346 μόνοις
463 3279 583 3343 τοῖς
606 3278 867 3345 ἱερεῦσιν
894 3279 1147 3342 ἔξεστιν.
1168 3277 1287 3329 Ἐπὶ
1306 3277 1492 3329 τούτου
1520 3280 1799 3348 προφήτης

240 3365 711 3433 Ἦσαῒας.’1ωθάμ
763 3366 791 3416 6
838 3364 948 3426 υίὸς
997 3364 1158 3417 αὑτοῦ
1196 3364 1537 3416 ἐϐασίλευσεν
1579 3364 1670 3434 ἐτη
1701 3373 1796 3427 ις’,

231 3455 319 3502 καί
372 3451 594 3520 ἐποίησε
635 3451 696 3502 16
730 3450 882 3512 εὑθές
915 3452 987 3511 ώς
1034 3453 1061 3502 6
1110 3450 1285 3520 πατὴρ
1317 3450 1476 3502 αὐτοῦ
1500 3465 1515 3480 ’
1562 3450 1699 3520 πλὴν
1730 3452 1796 3503 τά

231 3538 408 3605 ὑψηλά
446 3540 543 3590 οὐκ
584 3538 759 3607 ἐξῆρε.
798 3539 905 3590 Καὶ
932 3539 1021 3589 ἐπὶ
1049 3539 1232 3589 τούτου
1261 3534 1327 3608 ἦν
1370 3539 1796 3606 Ἠσαῖας.“Αχάζ

229 3622 340 3684 υἱδς
370 3624 537 3676 αὑτοῦ
569 3625 662 3691 ἐτη
694 3631 786 3687 ις’,
815 3627 907 3677 καὶ
935 3624 1155 3693 ἐποίησε
1188 3625 1244 3677 τὸ
1269 3625 1517 3695 πονηρόν.
1555 3624 1693 3678 Kak
1706 3628 1796 3677 ἐπὶ

228 3710 415 3762 τούτου
471 3707 536 3777 ἦν
578 3711 799 3771 Ἡσαΐας
849 3712 940 3761 καὶ
981 3705 1126 3777 Ὠδὴδ
1174 3710 1724 3780 προφῆται.Ἑζεκίας
1769 3716 1797 3764 6

229 3796 338 3861 υίὸς
370 3796 537 3847 αὑτοῦ
582 3798 672 3865 ἔτη
716 3796 814 3857 κθ’,
848 3798 939 3847 καὶ
985 3796 1202 3864 ἐποίησε
1245 3797 1304 3847 τὸ
1348 3797 1499 3859 εὺθὲς
1530 3799 1603 3859 ὼς
1634 3798 1793 3850 Δαυῖδ

226 3883 464 3944 τελείως.
500 3878 660 3943 Οὗτος
689 3883 932 3934 καθεῖλεν
969 3883 1090 3949 ὅφιν
1116 3884 1370 3951 χαλκοῦν,
1420 3885 1476 3935 ὃν
1521 3887 1791 3955 ἐκρέμασε

229 3968 627 4036 Μωῦσῆς.⁹Επὶ
676 3967 860 4019 τούτου
908 3969 1247 4036 Σεναχηρεὶμ
1294 3970 1385 4019 καὶ
1424 3970 1697 4038 Ῥαψάκης
1746 3973 1793 4022 οἱ

240 4053 514 4122 Ἀσσύριοι
564 4051 996 4121 βλασφημοῦντες
1039 4053 1418 4122 ἐπατάχθησαν
1476 4055 1572 4123 μὲν
1618 4056 1788 4117 αὐτοὶ,

229 4139 361 4205 μετά
410 4138 584 4190 ταῦτα
619 4140 675 4189 ἐν
717 4141 811 4207 μιᾷ
854 4139 909 4189 δὲ
940 4138 1092 4190 νυκτὶ
1134 4139 1371 4206 χιλιάδας
1424 4146 1534 4210 ρπε¹
1563 4142 1790 4206 ἐξελθών

226 4225 457 4290 ἄγγελος
512 4225 706 4276 ἀνεῖλε.
752 4224 971 4276 Μέλλων
1017 4225 1070 4276 δὲ
1118 4225 1365 4288 Ἐζεκίας
1412 4227 1787 4296 ἀποθνήσκειν,

226 4310 379 4361 ἔλαϐε
412 4310 732 4379 προσθήκην
763 4310 855 4378 ἐτη
885 4317 963 4362 ιε’.
1002 4311 1292 4379 Μανασσῆς
1320 4314 1346 4363 6
1380 4314 1487 4373 υἱὸς
1509 4314 1669 4366 αὑτοῦ
1698 4315 1789 4384 ἔτη

223 4404 309 4457 νε’,
360 4397 459 4448 καὶ⁵
505 4397 725 4464 ἐποίησε
781 4395 839 4447 16
886 4396 1133 4464 πονηρόν.
1161 4395 1299 4450 Ὅσα
1352 4398 1406 4449 δὲ
1454 4401 1789 4468 κατέσκαψεν

236 4481 498 4544 Ἐζεκίας,
535 4480 707 4532 ταῦτα
742 4475 891 4542 οὗτος
925 4483 1196 4550 ἀνήγειρε,
1231 4483 1321 4533 καὶ
1370 4484 1587 4550 γέγονεν
1634 4484 1787 4549 ἀλλος

233 4566 513 4635 Ἱεροϐοάμ
559 4566 634 4635 τῷ
674 4568 861 4634 Ἰούδα,
895 4567 1031 4619 ὥστε
1071 4569 1135 4619 δι’
1163 4568 1322 4620 αὑτὸν
1353 4571 1541 4622 παθεῖν
1571 4573 1666 4639 τὴν
1702 4575 1789 4625 Ἰε-

225 4655 523 4721 ρουσαλὴμ,
561 4655 633 4715 ὡς
678 4655 775 4722 τὴν
826 4656 1152 4725 Σαμάρειαν.
1196 4659 1305 4709 Καὶ
1356 4659 1461 4727 γὰρ
1507 4660 1593 4710 ἐπ’
1624 4661 1785 4712 αὐτοῦ

217 4740 550 4809 ὲ).ἐχοη,”ος
591 4740 879 4807 ἐξήμαρτε
920 4743 1023 4791 τὸν
1064 4742 1306 4795 Ἰούδαν.
1351 4744 1439 4795 Διὸ
1476 4745 1565 4797 καὶ
1599 4747 1788 4813 αἰχμά-

218 4825 378 4888 λωτος
409 4825 634 4894 ἀπήχθη
662 4828 738 4888 εις
760 4826 1067 4878 Βαϐυλῶνα.
1088 4827 1223 4878 Ἀλλ’
1248 4830 1305 4879 ἐν
1334 4832 1398 4899 τῇ
1422 4830 1783 4899 αἰχμαλωσίᾳ,

218 4912 286 4971 ὡς
309 4915 363 4962 ἐν
386 4916 500 4973 τοῖς
521 4913 1011 4981 Παραλειπομένοις
1030 4912 1351 4981 γέγραπται,
1382 4918 1786 4984 μετανοήσαντα

220 4998 371 5049 αὑτὸν
397 4997 762 5066 μετέστρεψεν
783 5001 809 5049 6
828 4999 955 5060 Θεὸς
976 5001 1054 5060 είς
1087 4999 1454 5069 Ἰερουσαλὴμ,
1495 5002 1584 5052 καὶ
1625 5003 1784 5055 πάλιν

218 5082 540 5135 ἀντελάϐετο
580 5084 676 5150 τῆς
706 5082 991 5150 βασιλείας.
1018 5084 1304 5136 Μετανοῶν
1327 5085 1380 5136 δὲ
1408 5087 1499 5136 καὶ
1522 5086 1783 5139 διδάσκων

216 5170 299 5221 τὸν
319 5171 448 5222 λαὸν
469 5170 739 5221 δουλεύειν
758 5171 833 5238 τῷ
853 5172 989 5240 Θεῷ,
1010 5172 1375 5242 ἐτελεύτησεν.
1400 5174 1511 5224 Οὐκ
1536 5174 1704 5241 ἐτάφη
1728 5176 1782 5226 δὲ

217 5256 269 5307 ἐν
308 5256 459 5307 πόλει
503 5254 686 5316 Δαυῖδ,
708 5256 818 5307 ἀλλ’
842 5258 897 5309 ἐν
918 5257 994 5325 τῷ
1038 5258 1195 5325 κήπῳ
1233 5257 1416 5321 αὑτοῦ,
1446 5260 1603 5327 κήπῳ
1635 5257 1782 5321 Ὀζᾶ.

226 5343 403 5412 Ἀμὼς
423 5346 451 5395 6
473 5343 588 5403 υἱὸς
607 5343 767 5394 αὐτοῦ
794 5342 884 5412 ἐτη
911 5344 975 5411 β’,
1001 5344 1092 5395 καὶ
1113 5344 1330 5412 ἐποίησε
1354 5345 1412 5395 τὸ
1434 5347 1683 5413 πονηρὸν,
1710 5347 1782 5407 ώς

216 5430 242 5480 6
265 5432 443 5499 πατὴρ
470 5429 974 5500 αὑτοῦιΜανασσῆς,
1000 5433 1089 5482 καὶ
1110 5431 1313 5483 ἀνεῖλον
1347 5433 1504 5483 αὑτὸν
1528 5435 1575 5485 οἱ
1599 5434 1783 5494 παῖδες

216 5516 393 5577 αὑτοῦ,
414 5516 512 5567 καὶ
538 5514 708 5583 ἐτάφη
734 5518 788 5566 ἐν
813 5521 973 5585 κήπῳ
1006 5516 1151 5579 Ὀζᾶ,
1177 5517 1303 5569 ἔνθα
1327 5518 1418 5568 καὶ
1442 5520 1468 5569 6
1496 5519 1675 5587 πατὴρ
1696 5520 1789 5569 αύ-

214 5601 318 5653 τοῦ.
337 5600 549 5661 Ἰωσίας
569 5603 595 5653 6
620 5602 731 5663 υίὸς
753 5600 912 5652 αὑτοῦ
939 5602 1028 5670 ἔτη
1054 5602 1153 5654 λα’.
1183 5602 1379 5654 Τοῦτον
1400 5607 1426 5654 6
1447 5603 1570 5664 λαὸς
1598 5606 1782 5674 ήγειρε

216 5684 443 5753 βασιλέα,
473 5686 601 5740 ὄντα
643 5688 777 5739 ἐτῶν
819 5694 887 5756 η’,
916 5688 1007 5739 καὶ
1031 5687 1247 5757 ἐποίησε
1269 5687 1328 5739 16
1351 5689 1501 5751 εὐθὲς
1539 5692 1596 5741 ἐν
1630 5690 1775 5765 πάσῃ

1323 330 1654 389 SYNOPSIS
1692 324 2107 386 SCRIPTURE
2145 323 2411 383 SACRE.

3354 334 3463 389 356

1913 437 2015 506 ὁδῷ
2056 438 2235 502 Δαυῖδ,
2259 439 2351 491 καὶ
2376 438 2473 490 οὐκ
2494 436 2701 506 ἀπέστη
2724 433 2889 502 δεξιᾷ,
2917 430 3034 485 οὐδὲ
3058 431 3335 502 ἀριστερᾷ.
3363 433 3474 487 Καὶ

1912 525 2017 593 γὰρ
2036 525 2127 575 καὶ
2146 525 2211 577 τά
2230 525 2365 593 άλση
2384 524 2625 591 ἐξέκοψε,
2648 524 2741 575 καὶ
2757 521 2825 574 τὰ
2843 520 3031 573 εἴδωλα
3051 520 3225 571 πάντα
3240 517 3469 573 καθεῖλε.

1913 608 2197 677 Γενόμενος
2222 609 2276 661 δὲ
2302 610 2435 660 ἐτῶν
2459 615 2553 673 ις’,
2578 609 2665 659 τόν
2686 623 2743 659 τε
2765 605 2925 675 νόμον
2967 604 3226 673 ζητήσας,
3256 604 3345 656 καὶ
3382 604 3471 657 εὑ-

1914 692 2021 763 ρὼν
2062 694 2435 764 ἀμεληθέντα,
2478 692 2886 760 ἀναγνωσθῆναι
2930 689 3196 757 πεποίηκε
3220 728 3234 753 ,
3282 687 3373 739 καὶ
3410 687 3471 743 16

1912 776 2093 845 πάσχα
2128 779 2370 848 ἐποίησε,
2397 778 2491 831 καὶ
2523 775 2800 846 ἐκήρυξεν,
2826 775 2902 837 ὡς
2925 773 3251 844 γέγραπται.
3276 770 3470 825 Τοῦτον

1909 863 1963 915 δὲ
1984 865 2154 915 ἀνεῖλε
2178 863 2372 934 Φαραὼ
2415 863 2610 933 Νεχαὼ
2637 863 2727 915 ἐπ)¹
2757 861 2851 914 τοῦ
2876 862 3155 931 Εὐφράτου
3181 859 3474 929 φιλονεικήο

1912 965 2075 1001 σαντα
2099 950 2231 1018 πρὸς
2251 950 2427 1002 αὐτόν.
2446 950 2567 1001 Ἐπὶ
2601 949 2786 1000 τούτου
2820 947 3082 1015 Ἱερεμίας
3104 946 3196 998 καὶ
3216 945 3471 1011 Σοφονίας

1908 1026 2043 1100 ἦσαν
2067 1035 2113 1084 οἱ
2139 1034 2429 1102 προφῆται,
2458 1034 2549 1087 καὶ
2584 1031 2784 1101 Ὀλδάή
2821 1032 3089 1101 προφῆτις
3110 1029 3245 1099 γυνὴ
3283 1028 3469 1096 Σελλῆ.

1922 1115 2145 1185 Ἰωάχαζ
2173 1120 2282 1179 υίὸς
2302 1119 2463 1170 αὑτοῦ
2488 1118 2660 1187 μῆνας
2682 1120 2849 1187 τρεῖς,
2883 1118 2975 1169 καὶ
2998 1116 3216 1185 ἐποίησε
3239 1115 3297 1166 16
3320 1131 3473 1180 πονη-

1912 1200 2023 1270 ρὸν,
2053 1204 2143 1255 καὶ
2186 1206 2509 1273 μετέστησεν
2548 1202 2707 1255 αὑτὸν
2750 1201 2944 1273 Φαραὼ
2988 1199 3213 1268 Νεχαώ’
3250 1201 3339 1252 καὶ
3382 1202 3471 1251 ἐπὶ

1908 1286 2097 1338 τούτου
2121 1283 2188 1356 ἦν
2222 1288 2504 1357 Ἱερεμίας.
2525 1290 2801 1358 Ἐλιακεὶμ
2821 1289 3003 1356 ἕτερος
3025 1287 3135 1348 υἱὸς
3170 1285 3389 1349 Ἰωσίου,
3413 1285 3471 1346 ὃς

1917 1374 2302 1443 μετωνομάσθη
2344 1376 2612 1443 Ἰωακεὶμ,
2641 1375 2732 1444 ἐτη
2753 1380 2846 1439 ια’,
2870 1374 2962 1425 καὶ
2984 1372 3201 1440 ἐποίησε
3226 1372 3285 1423 τὸ
3307 1387 3471 1438 πονη-

1912 1457 2020 1525 ρόν.
2042 1459 2290 1527 Ἰωακε“ιμ
2329 1462 2355 1511 6
2400 1462 2490 1512 καὶ
2522 1462 2789 1529 Ἰεχονίας,
2808 1462 2842 1511 νό
2864 1460 2975 1521 υἱὸς
2997 1457 3183 1519 αὐτοῦ,
3212 1457 3381 1526 μῆνας
3402 1455 3469 1523 γ’,

1908 1543 2000 1593 καὶ
2038 1543 2255 1611 ἐποίησε
2300 1545 2359 1595 16
2398 1548 2627 1615 πονηρὸν
2662 1547 2753 1599 καὶ
2787 1545 3002 1615 ἀπήχθη
3043 1546 3122 1607 είς
3160 1542 3466 1597 Βαϐυλῶνα.

1907 1626 2131 1680 Ματθάν
2157 1630 2184 1679 6
2201 1630 2309 1691 υίὸς
2334 1632 2515 1683 αὐτοῦ.
2544 1632 2740 1683 Τοῦτον
2762 1631 3222 1699 Ναϐουχοδονόσορ
3250 1628 3468 1699 ἐποίησε

1908 1712 2149 1780 βασιλέα,
2188 1713 2334 1784 [560]
2370 1717 2461 1767 καὶ
2499 1716 2844 1785 μετωνόμασε
2872 1717 3033 1767 αὑτὸν
3054 1713 3331 1766 Σεδεκίαν.
3358 1716 3469 1766 Καὶ
3521 1731 3532 1745 ·

1906 1799 2245 1853 ἐϐασίλευσεν
2274 1802 2366 1870 ἐτη
2402 1803 2486 1871 ιβ’,
2516 1805 2605 1855 καὶ
2638 1804 2859 1872 ἐποίησε
2882 1803 2942 1854 τὸ
2967 1801 3218 1871 πονηρόν.
3251 1803 3357 1854 Καὶ
3378 1804 3469 1855 ἐπὶ

1905 1886 2090 1937 τούτου
2142 1882 2207 1954 ἦν
2252 1886 2703 1955 Ἱερεμίας.”Εως
2754 1887 2939 1939 τούτου
2988 1889 3019 1956 ή
3078 1886 3320 1954 βασιλεία
3373 1886 3466 1939 τοῦ

1918 1969 2102 2036 Ἰούδα,
2127 1972 2214 2024 καὶ
2244 1972 2528 2041 κατελύθη,
2560 1972 2743 2040 ὥσπερ
2767 1973 2859 2023 καὶ
2882 1972 2979 2039 τῆς
3010 1970 3337 2041 Σαμαρείας.
3359 1971 3467 2022 Καὶ

1904 2058 2011 2129 γὰρ
2042 2062 2073 2128 η
2109 2060 2259 2119 πόλις
2297 2060 2455 2123 ἑάλω,
2493 2060 2583 2111 καὶ
2614 2060 2810 2121 πάντες
2841 2057 3161 2127 ἀπήχθησαν
3185 2056 3466 2128 αἰχμάλω-

1903 2163 1982 2197 τοι
2022 2149 2098 2208 εἰς
2134 2145 2421 2197 Βαϐυλῶνα
2455 2144 2590 2215 μετά
2616 2144 2839 2197 σκευῶν.
2872 2145 2989 2196 Εἰσὶ
3016 2143 3071 2195 δὲ
3099 2143 3334 2215 βασιλεῖς
3358 2150 3466 2210 ια’,

1905 2232 2060 2292 ἐκτὸς
2095 2232 2363 2293 Γοθολίας.

1987 2332 2245 2400 Ὀνόματα
2277 2332 2383 2385 τῶν
2416 2332 2670 2401 βασιλέων
2715 2331 2819 2384 τῶν
2868 2332 3166 2401 γενομένων
3196 2333 3253 2384 ἐν
3281 2332 3466 2401 Σαμα-

1905 2418 2044 2487 ρείᾳ,
2079 2418 2169 2468 καὶ
2209 2421 2353 2469 ποῖον
2399 2420 2491 2488 τῆς
2544 2419 2770 2471 ἑκάστου
2800 2418 3047 2487 πράξεως
3072 2418 3262 2485 γέγονε
3292 2417 3462 2481 τέλος,

1902 2504 1994 2555 καὶ
2023 2502 2160 2553 πόσα
2187 2503 2280 2571 ἐτη
2312 2504 2537 2565 ἕκαστος
2581 2504 2943 2566 ἐϐασίλευσεν,
2980 2502 3465 2571 οὖτως.”1εροϐοάμ

1902 2589 2013 2649 υίὸς
2048 2588 2232 2640 Ναϐἀθ
2265 2589 2357 2657 ἐτη
2387 2591 2480 2642 κδ’.
2519 2584 2682 2650 Οὗτος
2714 2590 3020 2659 σχισθείσης
3051 2589 3149 2657 τῆς
3192 2589 3466 2657 βασιλείας

1902 2673 2133 2725 ἀνελθὼν
2160 2675 2249 2725 ἀπ’
2277 2674 2549 2740 Αἰγύπτου
2590 2676 2802 2744 πρῶτος
2828 2673 3169 2727 ἐϐασίλευσεν
3204 2676 3261 2726 ἐν
3285 2676 3467 2743 Σαμα-

1904 2758 2043 2828 ρείᾳ,
2078 2760 2169 2811 καὶ
2195 2761 2412 2827 ἐποίησε
2458 2760 2517 2811 16
2564 2760 2793 2829 πονηρὸν
2824 2762 2898 2821 ώς
2925 2761 3098 2822 οὐδεὶς
3128 2760 3328 2829 ἕτερος.
3370 2762 3467 2813 Φο-

1902 2846 2157 2915 ϐούμενος
2186 2847 2291 2915 γάρ
2328 2848 2399 2917 μὴ
2429 2848 2763 2917 καταληφθῇ,
2801 2848 3021 2919 ἐποίησε
3053 2849 3309 2918 δαμάλεις
3334 2866 3465 2919 χρυ-

1902 2934 1999 2995 σᾶς
2029 2933 2141 2996 δύο,
2183 2936 2275 2985 καὶ
2300 2935 2542 3003 ήπάτησε
2577 2935 2665 2985 τὸν
2695 2934 2819 2987 λαὸν
2853 2935 3054 3003 λέγων·
3102 2932 3277 2991 Οὗτοί
3310 2936 3466 2989 εισιν

1899 3024 1952 3074 οὶ
2002 3021 2144 3086 θεοὶ,
2189 3024 2239 3073 οὶ
2289 3022 2689 3089 ἀναγαγόντες
2725 3022 2879 3091 ἡμᾶς
2906 3024 2973 3077 ἐκ
3011 3023 3124 3091 τῆς
3144 3026 3462 3092 Αἰγύπτου.

1913 3109 2209 3161 Ἐπλάσατο
2241 3110 2332 3161 καὶ
2376 3110 2564 3179 ἐορτάς
2603 3112 2695 3161 καὶ
2732 3110 2943 3181 ἱερέας’
2987 3111 3095 3163 Καὶ
3145 3106 3321 3177 οὗτος
3364 3112 3462 3176 ἐξ-

1897 3193 2117 3261 ήμαρτε
2141 3197 2245 3247 τὸν
2279 3196 2543 3262 ’Ῑσραῖίλο
2571 3197 2725 3265 Αὐτῷ
2778 3198 2882 3267 γὰρ
2928 3199 3126 3262 πάντες
3154 3201 3203 3251 οι
3232 3197 3345 3268 μετ’
3369 3200 3464 3251 αὐ-

1898 3278 1986 3331 τὸν
2018 3281 2505 3351 κατηκολούθησαν.
2523 3282 2643 3334 Ἐπὶ
2675 3283 2860 3335 τούτου
2887 3278 2955 3353 ἦν
2976 3286 3254 3354 προφήτης
3284 3285 3466 3353 Ἀχίας

1897 3369 1925 3418 6
1957 3369 2246 3438 Σιλονίτης,
2278 3372 2367 3422 καὶ
2411 3372 2439 3422 6
2488 3370 2945 3441 ἐπικαλεσάμενος
2977 3374 3067 3424 ἐπὶ
3090 3374 3151 3425 16
3179 3371 3467 3444 θυσιαστή-

1902 3473 2013 3523 ριον
2038 3458 2155 3507 κατ’
2178 3457 2360 3509 αὑτοῦ.
2382 3457 2575 3522 Ναϐἀθ
2596 3460 2705 3519 υἱὸς
2730 3459 2891 3512 αὑτοῦ
2923 3460 3014 3529 ἐτη
3047 3460 3111 3529 β’,
3139 3459 3229 3511 καὶ
3251 3460 3463 3531 ἐποίησε

1897 3543 1956 3593 16
1979 3542 2228 3612 πονηρὸν,
2264 3543 2355 3596 καὶ
2401 3545 2499 3596 οὐκ
2532 3544 2609 3596 ἔτι
2642 3563 2723 3606 τις
2770 3548 2830 3597 ἐκ
2864 3546 3051 3613 γένους
3094 3547 3255 3599 αὑτοῦ
3286 3547 3465 3600 ἐϐασί-

1897 3627 2072 3679 λευσε.
2102 3629 2314 3697 Ζαμϐρ)⁵
2342 3630 2524 3699 ἐτέρου
2556 3631 2741 3697 γένους
2772 3632 2864 3701 ἐτη
2907 3632 2988 3700 ιβ’.
3028 3632 3215 3684 Βαασᾶ
3242 3632 3332 3701 ἐτη
3364 3634 3459 3697 κδ’,

1898 3716 1989 3765 καὶ
2036 3714 2257 3784 ἐποίησε
2284 3715 2344 3766 16
2374 3715 2627 3786 πονηρόν.
2646 3717 2766 3768 Ἐπὶ
2808 3718 2994 3769 τούτου
3026 3719 3295 3788 προφῆται
3326 3715 3462 3789 ἦσαν

1908 3800 2107 3863 Ἠλίας,
2138 3801 2229 3852 καὶ
2278 3800 2587 3866 Ἐλισσαῖος,
2618 3804 2709 3854 καὶ
2742 3804 2996 3872 Μιχαίας,
3042 3805 3135 3856 καί⁵
3177 3807 3206 3856 6
3252 3822 3461 3875 προφη-

1892 3883 2085 3945 τεύσας
2106 3884 2184 3951 τῷ
2214 3885 2414 3954 Ἀχαάϐ
2437 3888 2560 3954 περὶ
2586 3889 2680 3955 τῆς
2706 3888 2898 3957 Συρίας
2920 3890 3008 3940 καὶ
3030 3888 3121 3941 τοῦ
3143 3890 3258 3941 υἱοῦ
3288 3891 3457 3962 Ἀδέρ,

1893 3970 1985 4021 καὶ
2033 3973 2059 4022 6
2114 3973 2354 4035 πατάξας
2402 3975 2563 4026 αὐτὸν
2608 3975 2913 4044 τραύματι,
2966 3978 3056 4027 καὶ
3108 3977 3325 4043 ἐλέγξας
3370 3977 3461 4028 τὸν

1906 4056 2125 4124 Ἀχαάϐ,
2157 4058 2247 4107 καὶ
2276 4057 2457 4108 πολλοὶ
2487 4059 2603 4110 καθ’
2627 4062 2848 4121 ἑαυτοὺς
2881 4062 2985 4111 υἱοὶ
3012 4062 3118 4111 τῶν
3146 4061 3454 4131 προφητῶν.

1906 4142 2145 4209 Ὀχοζίας
2175 4142 2286 4204 υἱὸς
2313 4144 2472 4195 αὑτοῦ
2504 4144 2594 4213 ἐτη
2630 4145 2695 4213 β’,
2731 4148 2824 4197 καὶ
2865 4148 3085 4215 ἐποίησε
3114 4149 3172 4198 τὸ
3206 4150 3455 4218 πονηρόν.

1892 4229 1999 4280 Καὶ
2030 4231 2115 4282 ἐπὶ
2153 4231 2339 4282 τούτου
2368 4228 2505 4300 ἦσαν
2553 4233 2731 4294 Ἠλίας
2778 4233 2870 4287 καὶ
2907 4234 3234 4298 Ἐλισσαῖος·
3294 4239 3456 4291 αὐτοῦ

1890 4315 1997 4383 γάρ
2042 4319 2164 4377 τοὺς
2209 4320 2700 4389 πεντηκονταρχους
2735 4321 2996 4384 ἐπάταξεν
3026 4325 3081 4375 ἐν
3110 4325 3239 4393 πυρὶ
3278 4324 3457 4387 Ἠλίας

1890 4403 1947 4453 ἐν
1984 4405 2185 4472 ῥήματι
2219 4405 2659 4477 Κυρίου.’1ωράμ
2698 4410 2806 4470 υίὸς
2849 4410 3048 4478 Ἀχαάϐ
3100 4411 3191 4480 ἐτη
3239 4411 3324 4480 ιβ’,
3366 4415 3456 4465 καὶ

1890 4489 2108 4558 ἐποίησε
2146 4492 2205 4542 16
2235 4493 2486 4561 πονηρὸν,
2517 4497 2608 4546 καὶ
2632 4496 2812 4548 οὐκέτι
2838 4514 2918 4558 τις
2947 4497 3039 4550 τοῦ
3075 4500 3259 4564 γένους
3289 4500 3452 4552 αὐτοῦ

1889 4576 2218 4629 ἐϐασίλευσε.
2259 4581 2365 4631 Καὶ
2393 4582 2419 4631 6
2451 4581 2548 4648 μὲν
2589 4581 2771 4644 Ἠλίας
2800 4583 3074 4651 ἀνελήφθη
3106 4585 3197 4635 ἐπὶ
3222 4585 3408 4638 τούτου
3437 4604 3449 4617 ·

1888 4661 1915 4710 6
1960 4662 2014 4712 δέ
2054 4662 2345 4725 Ἐλισσαῖος
2382 4665 2644 4733 διέμεινεν
2689 4667 2791 4729 ἓως
2834 4668 3128 4738 Ἰεροϐοάμ,
3154 4671 3265 4723 υίὸν
3306 4671 3453 4735 Ἰωάς

1892 4747 2147 4815 βασιλέως
2192 4749 2602 4818 ’1σραήλ.⁷Ησαν
2623 4752 2677 4803 δὲ
2705 4753 2797 4805 καὶ
2821 4755 2911 4805 ἐπὶ
2938 4754 3123 4807 τούτου
3151 4760 3197 4808 οἱ
3225 4759 3326 4810 υἱοὶ
3346 4760 3452 4812 τῶν

1887 4835 2196 4902 προφητῶν.
2232 4835 2333 4886 Ἰού
2364 4836 2547 4904 ἐτέρου
2577 4837 2781 4903 γένους,
2806 4840 2918 4902 υίὸς
2939 4841 3218 4911 Ναμεσσῆ,
3238 4843 3327 4912 ἐτη
3348 4844 3448 4913 κβ’.

1888 4915 2050 4981 Οὗτος
2077 4921 2250 4972 ἀνεῖλε
2286 4921 2343 4972 16
2368 4923 2519 4987 γένος
2557 4925 2757 4992 Ἀχαάϐ
2787 4928 2879 4977 καὶ⁵
2901 4927 3025 4989 τοὺς
3053 4930 3334 4998 προφήτας
3358 4931 3450 4983 τοῦ

1888 5006 2030 5059 Βάαλ
2075 5010 2131 5057 ἐν
2160 5008 2234 5074 τῷ
2274 5010 2604 5079 πτερνισμῶ,
2639 5014 2731 5064 καὶ⁴
2761 5014 2860 5081 τὴν
2901 5016 3096 5084 στήλην
3130 5016 3290 5067 αὑτοῦ
3324 5034 3449 5069 συν-

1886 5092 2085 5159 έτριψε.
2128 5094 2235 5144 Καὶ
2266 5095 2322 5143 ἐν
2351 5094 2553 5157 τούτοις
2581 5100 2803 5165 ποιήσας
2831 5098 2889 5149 16
2913 5099 3081 5161 εὑθές,
3114 5100 3235 5169 ἔσχε
3279 5103 3450 5169 ἐπαγ-

1884 5178 2086 5243 γελίαν,
2118 5178 2196 5228 ὃτι
2230 5179 2346 5229 Υἱοὶ
2380 5180 2622 5250 τέταρτοι
2667 5184 2973 5235 καθίσονταί
3018 5202 3097 5237 σοι
3124 5187 3212 5237 ἐπὶ
3239 5186 3447 5256 θρόνου.

1900 5264 2107 5331 Ἰοαχάζ
2133 5266 2244 5327 υἱὸς
2274 5268 2435 5319 αὐτοῦ
2480 5270 2571 5338 ἐτη
2622 5272 2707 5332 ιζ’,
2743 5273 2834 5323 καὶ¹
2862 5271 3077 5339 ἐποίησε
3106 5272 3165 5324 16
3197 5275 3446 5344 πονηρὸν,

1884 5350 1975 5401 καὶ
2010 5350 2311 5421 ἐπολέμησε
2337 5356 2433 5423 τὴν
2462 5356 2826 5426 Ἰερουσαλὴμ,
2856 5358 2948 5410 καὶ
2975 5357 3128 5410 ἔλαϐε
3151 5360 3210 5411 τὸ
3231 5362 3448 5429 χρυσίον

1884 5435 1976 5487 καὶ
2029 5436 2094 5486 τά
2134 5437 2318 5505 σκεύη.
2355 5440 2632 5511 Ἰεροϐοάμ
2683 5443 2796 5504 υἱὸς
2850 5443 3009 5495 αὑτοῦ
3057 5443 3147 5513 ἔτη
3202 5453 3310 5514 μα’,
3357 5448 3449 5499 καὶ

1886 5521 2105 5589 ἐποίησε
2154 5523 2212 5573 τὸ
2253 5525 2501 5593 πονηρόν.
2537 5528 2805 5596 Ζαχαρίας
2836 5529 2947 5590 υἱὸς
2974 5529 3133 5580 αὑτοῦ
3169 5530 3340 5598 μῆνας
3373 5542 3446 5595 ς’,

1884 5607 1978 5658 καὶ
2003 5608 2222 5677 ἐποίησε
2252 5612 2311 5663 τὸ
2344 5631 2472 5683 πονη
2485 5615 2743 5682 ρόν.Ἒως
2768 5615 2951 5668 τούτου
2975 5617 3224 5683 γεγόνασι
3248 5616 3341 5669 τοῦ
3360 5619 3445 5685 γέ-

1886 5710 2006 5754 νους
2045 5692 2143 5744 Ἰοῦ
2181 5697 2283 5747 υἱοὶ
2318 5699 2576 5768 τέταρτοι.
2613 5701 2847 5770 Σελλοὺμ
2886 5701 3065 5771 ἐτέρου
3094 5702 3299 5769 γένους,
3337 5704 3449 5770 υίὸς
