4152 6324
674 342 784 396 357

669 451 852 517 Ἰαϐὶς,
880 450 1085 521 ἡμέρας
1130 448 1192 509 λ’.
1224 448 1315 502 καὶ
1360 449 1578 517 ἐποίησε
1607 449 1665 501 τὸ
1691 448 1939 517 πονηρόν.
1975 445 2211 512 Μαναὴμ

656 538 815 595 ἄλλου
842 537 1049 606 γένους,
1079 536 1193 598 υίὸς
1222 536 1411 606 Γαδδὴ,
1442 536 1532 605 ἐτη
1567 543 1634 600 κ’,
1663 536 1757 589 καὶ
1787 535 2003 604 ἐποίησε
2035 533 2092 584 τὸ
2120 548 2214 583 πο-

658 626 837 697 νηρόν.
855 625 975 678 Ἐπὶ
1001 622 1189 678 τούτου
1231 624 1454 686 Ἡσαΐας
1498 625 1589 678 καὶ
1628 624 1782 691 Ὠσηὲ
1828 619 1964 692 ἦσαν
2011 636 2217 692 προφηε

660 711 923 773 τεύοντες.
949 710 1117 763 Φακεὲ
1144 709 1301 763 ἄλλου
1330 709 1534 777 γένους,
1570 710 1684 773 υίὸς
1708 710 1995 780 Ῥωμελίου
2026 709 2117 778 ξτη
2145 714 2209 760 κ’.

663 793 830 861 Οὗτος
870 795 1065 863 ἔσφαξε
1094 796 1184 848 τὸν
1212 797 1464 855 Φακείαν,
1493 797 1587 851 καὶ
1630 798 1845 865 εποίησε
1876 796 1935 849 τὸ
1962 794 2212 863 πονηρόν.

673 883 791 934 Ἐπὶ
823 881 1009 933 τούτου
1056 877 1192 950 ἦσαν
1237 882 1461 943 Ἡσαΐας
1504 883 1596 935 καὶ
1630 883 1781 951 Ὠσηὲ
1825 885 1871 935 οἱ
1923 884 2215 951 προφῆται.

672 968 828 1036 Ὠσηέ
852 968 1033 1037 ἑτέρου
1062 966 1268 1033 γένους,
1295 969 1403 1029 υίὸς
1434 968 1584 1028 Ἰιλᾶ,
1615 968 1707 1039 ἐτη
1732 968 1794 1021 θ’.
1831 962 1992 1030 Οὗτος
2020 967 2217 1032 έσςαξε

659 1055 748 1106 τὸν
785 1053 980 1116 Ψακεὲ,
1014 1054 1104 1105 καὶ
1133 1054 1351 1123 ἐποίησε
1379 1054 1439 1107 τό
1473 1055 1723 1124 πονηρὸν,
1756 1055 1893 1124 πλὴν
1941 1055 2035 1123 οὐχ
2067 1055 2142 1117 ώς
2169 1056 2217 1107 οί

661 1138 766 1207 πρὸ
793 1136 977 1191 αὐτοῦ.
1007 1138 1311 1208 (”Υστερος)
1361 1139 1515 1207 Ὠσηὲ
1546 1141 1731 1208 γέγονε
1762 1141 2009 1208 βασιλεὺς
2037 1142 2220 1208 Σαμα-

666 1227 828 1295 ρείας.
850 1227 963 1280 Ἐπ’
990 1225 1150 1277 αὑτοῦ
1190 1226 1295 1294 γὰρ
1330 1226 1619 1284 πέπαυται.
1664 1229 1753 1279 καὶ
1784 1226 2028 1279 ἀπώλετο
2056 1231 2088 1297 ἡ
2116 1228 2219 1280 Σα-

664 1312 883 1380 μάρεια.
931 1308 1078 1381 [361}
1125 1314 1215 1364 ml
1259 1311 1437 1365 λοιπὸν
1478 1313 1747 1383 ’Λσσύριοι
1794 1312 2117 1382 κατῴκησαν
2163 1315 2220 1365 ἐν

662 1399 816 1467 αὐτῇ.
837 1398 923 1461 Ἐξ
961 1391 1033 1450 ὧν
1074 1400 1330 1468 αἱρετικοὶ
1363 1400 1693 1468 Σαμαρεῖται
1719 1399 2000 1466 γεγόνασι,
2028 1400 2222 1453 καλού-

666 1503 811 1553 μενοι
843 1472 1279 1539 ΣαδουκαῖοιὶβΕν
1320 1488 1526 1548 τούτοις
1558 1476 1649 1539 οὖν
1678 1484 1772 1539 καὶ
1811 1486 2034 1557 τελευτᾷ
2056 1489 2084 1540 6
2115 1488 2221 1550 πᾶς

666 1572 862 1634 σκοπὸς
889 1570 995 1624 τῶν
1023 1571 1240 1642 βιϐλίων
1262 1571 1369 1624 τῶν
1398 1571 1712 1625 Βασιλειῶν.

1030 1755 1510 1823 Παραλειπόμενα
1529 1754 1771 1817 βιϐλίον
1797 1753 1864 1807 α’.

734 1906 1179 1976 Παραλειπόμενα
1232 1906 1494 1966 καλεῖται,
1547 1906 1730 1974 ἐπειδὴ
1782 1905 1950 1958 πολλά
1999 1907 2057 1957 ἐν
2108 1906 2227 1967 ταῖς

664 1992 966 2054 Βασιλείαις
991 1990 1419 2063 παραλειφθέντα
1452 1992 1757 2060 περιέχεται
1788 1994 1843 2044 ἐν
1879 1992 2086 2054 τούτοις
2116 1994 2227 2054 τοῖς

668 2080 1064 2148 βιϐλίοις.”Εστι
1094 2081 1149 2133 δὲ
1178 2081 1234 2133 ἐν
1266 2080 1438 2149 τούτῳ
1462 2080 1538 2147 τῷ
1573 2080 1769 2149 πρώτῳ
1790 2080 2104 2148 γενεαλογία
2125 2098 2226 2132 πα-

668 2166 773 2216 σῶν
808 2164 984 2231 φυλῶν
1011 2165 1117 2217 ἀπὸ
1152 2164 1320 2233 Ἀδὰμ
1340 2166 1443 2227 ἓως
1463 2165 1569 2218 τῶν
1600 2165 1861 2233 βασιλέων
1888 2165 2027 2218 κατὰ
2056 2166 2225 2233 φυλάς

666 2251 758 2304 καὶ
792 2250 927 2302 κατὰ
954 2250 1155 2318 δήμους
1200 2251 1293 2301 καὶ
1338 2252 1475 2302 κατά
1522 2252 1753 2320 πατριὰς
1792 2253 1881 2303 καὶ
1920 2256 2035 2304 κατ’
2062 2249 2223 2305 οἷκον.

667 2336 828 2398 Τίνας
853 2353 908 2388 τε
938 2334 1089 2398 ἔταξε
1128 2334 1233 2387 τῶν
1262 2335 1497 2388 Λευῖτῶν
1530 2336 1689 2388 Δαυῖδ
1721 2339 1777 2388 ἐν
1811 2338 1987 2399 αὐλοῖς
2017 2340 2107 2389 καὶ
2142 2356 2226 2389 κι-

666 2420 853 2492 νύραις
882 2421 1027 2491 ᾅδειν
1054 2420 1130 2491 τῷ
1160 2419 1297 2489 Θεῷ,
1326 2420 1419 2472 καὶ
1445 2422 1595 2484 τίνας
1620 2421 1801 2487 ἔταξεν
1833 2424 1889 2473 ἐν
1919 2424 2029 2483 τοῖς
2054 2422 2230 2491 ἔργοις

668 2508 759 2561 τοῦ
791 2507 939 2564 ναοῦ.
981 2507 1248 2577 Πρότερος
1292 2506 1399 2575 γὰρ
1444 2507 1603 2569 αὐτὸς
1632 2507 1719 2558 τὸν
1747 2506 1871 2558 ναὸν
1903 2506 2103 2569 κτίζειν
2131 2508 2230 2577 ἧρ-

671 2596 812 2661 ξατο.
842 2596 948 2648 Kal
979 2595 1140 2662 ἕτερά
1171 2612 1288 2647 τινα
1311 2593 1657 2662 λεπομερῶς
1691 2593 1950 2661 βασιλέων
1988 2594 2080 2647 καὶ
2124 2594 2230 2647 τῶν

669 2683 866 2750 γενεῶν
887 2681 961 2734 διέ
973 2698 1172 2749 ρχεται.
1206 2679 1299 2743 Οἷς
1329 2680 1621 2733 συναπτέον
1646 2680 1739 2732 καὶ
1766 2680 1956 2745 ταῦτα,
1982 2682 2061 2734 ὅτι
2089 2680 2233 2747 γίνει

670 2788 756 2821 ται
785 2766 915 2835 ὁμοῦ
944 2768 1048 2819 τῶν
1079 2769 1135 2818 ἐν
1167 2767 1513 2834 Ἰερουσαλὴμ
1542 2766 1966 2833 βασιλευσάντων
2003 2766 2109 2818 ἀπὸ
2136 2766 2229 2819 τοῦ

670 2853 829 2907 Δαυῒδ
849 2852 914 2905 τὰ
945 2852 1116 2905 πάντα
1154 2849 1245 2920 ἐτη
1279 2852 1399 2904 υοδ¹.
1423 2852 1484 2903 Οί
1510 2852 1565 2904 δὲ
1598 2850 1829 2920 βασιλεῖς
1858 2852 2055 2913 πάντες
2081 2850 2233 2919 γεγόο

672 2959 821 2995 νασιν
851 2941 906 3004 ἐξ
924 2941 1039 2999 ἐνὸς
1060 2938 1245 3005 γένους
1272 2938 1361 2989 τοῦ
1392 2936 1569 2999 Δαυῖδ,
1604 2939 1693 2989 καὶ
1715 2938 1764 2989 οἱ
1798 2939 1891 3005 μὲν
1914 2938 2234 3005 ἐποιήσαντο

670 3030 729 3081 τὸ
762 3028 931 3088 εύθὲς,
973 3026 1076 3078 εἰσὶ
1123 3025 1195 3075 θ”
1241 3024 1289 3075 οἳ
1330 3024 1384 3076 δὲ
1414 3023 1474 3075 τὸ
1508 3024 1736 3094 πονηρὸν
1771 3024 2109 3091 ἐποιήσαντο,
2143 3023 2227 3091 ιβ’,

671 3115 838 3184 χωρὶς
864 3111 1040 3181 μέντοι
1078 3109 1343 3171 Γοθολίας.
1369 3109 1486 3159 Τῶν
1518 3110 1571 3161 δὲ
1603 3110 1659 3159 ἐν
1682 3108 1960 3177 Σαμαρείᾳ
1993 3106 2234 3176 βασιλευ-

675 3198 879 3251 σάντων
893 3196 1125 3264 γίνονται
1146 3193 1278 3263 ὁμοῦ
1299 3195 1364 3246 τά
1386 3194 1561 3247 πάντα
1582 3193 1676 3261 ἔτη
1703 3192 1809 3256 σξθ⁹
1829 3196 1919 3246 καί
1942 3192 2145 3263 ἡμέραι
2167 3194 2231 3245 λ’·

674 3284 908 3355 βασιλεῖς
944 3281 1038 3352 μὲν
1064 3280 1126 3349 ιβ’
1154 3283 1216 3333 ἐκ
1243 3279 1511 3349 διαφόρων
1537 3277 1679 3331 ὀκτὼ
1705 3280 1902 3347 γενεῶν
1928 3280 2231 3346 γεγόνασιν·

670 3372 719 3424 οί
750 3371 806 3424 δὲ
839 3369 1033 3430 πάντες
1061 3367 1377 3436 ἐποιήσαντο
1400 3365 1460 3418 τὸ
1493 3367 1745 3436 πονηρὸν,
1770 3364 1909 3419 κατά
1935 3365 2030 3437 τὴν
2060 3368 2236 3438 ἁμαρ-

670 3458 789 3510 τίαν
828 3454 1125 3526 Ἰεροϐοάμ.

1033 3625 1515 3693 Παραλειπόμενα
1539 3622 1781 3687 βιϐλίον
1806 3621 1869 3690 β’.

753 3787 840 3838 Ἐν
870 3785 935 3853 τῇ
962 3781 1107 3834 δευτέ
1118 3799 1183 3851 ρᾳ
1212 3780 1373 3849 βίϐλῳ
1400 3778 1507 3831 τῶν
1538 3776 2027 3847 Παραλειπομένων
2054 3776 2231 3843 παρά-

677 3891 853 3939 γονται
883 3870 1106 3939 πράξεις
1146 3866 1419 3935 βασιλέων.
1452 3866 1570 3917 Εἰσὶ
1602 3865 1657 3916 δὲ
1683 3865 1730 3915 οί
1759 3863 1963 3925 ταύτας
1994 3863 2235 3933 ἀναγρά⁸

673 3959 867 4024 ψαντες
897 3956 943 4005 οἱ
978 3952 1116 4005 κατὰ
1146 3953 1366 4020 καιροὺς
1394 3949 1543 4010 ὄντες
1565 3948 1856 4017 προφῆται.
1876 3949 2042 4017 ’Υπὲρ
2063 3948 2118 4000 δὲ
2140 3948 2231 4001 τοῦ

674 4042 955 4107 γινώσκειν
988 4041 1050 4091 ἐκ
1084 4038 1277 4108 μέρους
1301 4038 1423 4098 τοὺς
1446 4034 1880 4103 συγγράψαντας,
1905 4035 2233 4103 σημειωτέον

675 4123 825 4188 οὗτος
855 4126 922 4195 (ί.
954 4125 1054 4191 ὅτι)
1094 4123 1189 4193 μὲν
1219 4121 1442 4192 πράξεις
1468 4120 1735 4188 ἐγκεινται
1762 4120 1989 4172 ἐνταῦθα
2018 4122 2235 4174 πάντων

674 4214 778 4266 τῶν
823 4212 1078 4281 βασιλέων
1120 4208 1330 4280 Ἰσραὴλ
1371 4209 1464 4260 καὶ
1510 4206 1703 4259 Ἰούδα·
1738 4207 1851 4275 ἦτοι
1881 4208 1936 4259 αί
1976 4208 2235 4277 παραλει-

678 4304 886 4371 φθεῖσαι
916 4300 1012 4369 τῆς
1048 4301 1285 4368 ἱστορίας
1308 4298 1413 4350 τῶν
1452 4296 1730 4366 βασιλέων.
1760 4296 1822 4347 Ol
1854 4296 1910 4347 δὲ
1953 4296 2050 4357 τὰς
2096 4297 2235 4350 ἀπά-

680 4405 774 4448 σας
799 4386 974 4438 αὐτῶν
1002 4383 1223 4455 πράξεις
1248 4384 1640 4452 ἱστορήσαντες.
1662 4382 1794 4433 εἰσὶν
1816 4374 1957 4433 οῦτοι
1979 4398 1992 4411 ·
2018 4382 2087 4433 τά
2111 4385 2235 4451 περὶ

677 4473 768 4526 τοῦ
800 4472 957 4524 Δαυῒδ
1003 4470 1202 4539 ἔγραψε
1249 4468 1516 4539 Σαμουὴλ,
1562 4468 1652 4519 καὶ
1695 4467 1879 4519 Ναθάν
1912 4467 2005 4519 καὶ
2048 4468 2151 4520 Γὰδ
2186 4470 2233 4521 οί

681 4561 977 4629 προφῆται·
1024 4557 1091 4609 τά
1138 4556 1262 4626 περὶ
1304 4554 1659 4623 Σολομῶντος,
1696 4554 1880 4606 Ναθάν
1926 4556 2017 4606 καὶ
2055 4555 2235 4623 Ἀχίας

680 4645 979 4715 προφῆται·
1035 4642 1103 4695 τὰ
1158 4640 1285 4711 περὶ
1321 4640 1629 4709 Ἰεροϐοάμ.
1688 4638 1900 4707 Σαμέας
1951 4639 2042 4691 καὶ
2076 4640 2236 4692 Ἀδδὼ

681 4732 949 4801 προφῆται
968 4745 981 4759 ·
1011 4728 1077 4781 τά
1108 4731 1232 4796 περὶ
1260 4726 1430 4787 Ἀϐιά,
1449 4725 1609 4777 ’Ᾱδδὼ
1630 4726 1658 4777 6
1687 4726 1987 4794 προφήτης.
2008 4726 2086 4778 Τἀ
2111 4727 2236 4795 περὶ

694 4818 841 4875 Ἀσα,
865 4817 921 4866 ἐν
948 4814 1024 4882 τῷ
1056 4814 1241 4882 βιϐλίῳ
1262 4812 1432 4878 λόγων
1460 4811 1586 4879 περὶ
1613 4810 1719 4862 τῶν
1743 4810 2001 4877 βασιλέων
2031 4812 2197 4864 Ἰούδα
2220 4829 2232 4841 ·

681 4905 745 4956 τα
787 4901 912 4972 περὶ
948 4898 1347 4965 Ἰωσαφὰτ,Ἰοὺ
1389 4898 1417 4949 6
1458 4898 1755 4965 προφήτης,
1784 4896 1877 4947 τοῦ
1920 4898 2146 4966 Ἀναμὴ,
2180 4898 2237 4961 ὃς

682 4986 991 5056 κατέγραψε
1019 4984 1218 5053 βιϐλίον
1248 4983 1418 5049 λόγων
1456 4983 1561 5034 τῶν
1601 4981 1857 5049 βασιλέων
1898 4982 2127 5055 Ἰσραήλ.
2160 4984 2239 5036 Τά

681 5076 805 5143 περὶ
847 5072 1018 5134 ’1ωάς,
1051 5070 1140 5123 ἐπὶ
1168 5070 1266 5140 τὴν
1293 5068 1506 5137 γραφὴν
1536 5068 1643 5119 τῶν
1684 5067 1962 5136 βασιλέων.
1989 5068 2069 5120 Τά
2112 5070 2239 5139 περὶ

693 5162 935 5231 Ἀμεσία.
964 5160 1054 5212 ἐπὶ
1085 5158 1284 5227 βιϐλίου
1318 5155 1574 5227 βασιλέων
1598 5156 1761 5209 Ἰούδα
1790 5156 1881 5209 καὶ
1910 5156 2139 5228 Ἰσραήλ.
2160 5159 2240 5211 Τὰ

681 5247 809 5316 περ)⁸
850 5244 1247 5308 Ὀζίου,’ίεσίας
1286 5242 1411 5311 (sic)
1458 5244 1488 5295 6
1526 5244 1825 5312 προφήτης.
1857 5242 1936 5294 Τά
1970 5244 2097 5313 περὶ
2130 5245 2239 5296 Ἰω-

682 5336 823 5401 θάμ,
867 5334 957 5386 ἐπὶ
1000 5331 1198 5402 βιϐλίου
1247 5330 1501 5400 βασιλέων
1541 5330 1709 5382 Ἰούδα
1753 5330 1848 5383 καὶ
1886 5331 2114 5400 Ἰσραήλ.
2159 5332 2240 5383 Τὰ

682 5422 807 5489 περὶ
827 5418 1019 5488 Ἄχας,
1052 5418 1142 5469 ἐπὶ
1170 5416 1368 5486 βιϐλίον
1402 5415 1660 5485 βασιλέων
1696 5416 1861 5468 Ἰούδα
1882 5417 1973 5468 καὶ
2001 5418 2033 5467 Ἰ
2045 5418 2235 5487 σραήλ.

682 5506 758 5556 Ἱά
782 5505 906 5572 περὶ
934 5501 1195 5565 Ἐζεκίου,
1211 5501 1436 5564 Ἡσαΐας
1454 5500 1567 5562 υίὸς
1597 5500 1650 5552 ’Δ
1662 5498 1775 5568 μὼς
1798 5503 1825 5553 6
1844 5502 2137 5569 προφήτης.
2159 5501 2239 5554 Τά

681 5590 808 5660 περὶ
832 5590 1113 5657 Μανασσῆ,
1140 5587 1231 5639 ἐπὶ
1259 5586 1431 5653 λόγων
1455 5586 1567 5637 τῶν
1586 5585 1853 5655 ὁρώντων,
1874 5586 1952 5637 Τά
1983 5586 2108 5654 περὶ
2136 5587 2239 5638 Ἰωο

687 5679 821 5740 σίου,
868 5672 960 5729 ἐπὶ
994 5676 1195 5748 βιϐλίου
1239 5672 1499 5743 βασιλέων
1541 5673 1705 5727 Ἰούδα
1745 5673 1838 5725 καὶ
1890 5674 2120 5743 Ἰσραήλ,
2160 5673 2236 5725 Ti

1311 335 1369 390 S.
1404 334 1686 391 JOANNIS
1719 329 2195 389 CHRYSOSTOMI
2237 328 2549 387 ARCIIIEP.
2592 331 3133 388 CONSTANTINOP.

3763 351 3886 405 358

2320 446 2445 514 περὶ
2504 448 2775 516 Ἰωακεὶμ.
2823 448 2913 500 ἐπὶ
2985 446 3186 515 βιϐλίου
3262 443 3520 513 βασιλέων
3565 444 3733 497 Ἰούδα
3789 443 3893 495 καὶ

2332 531 2561 601 Ἰσραήλ.
2587 534 2629 583 Τ
2632 531 2770 584 αῦτα
2802 532 2942 585 ἔστιν
2968 533 3147 602 εὑρεῖν
3171 531 3313 584 οὕτω
3343 531 3648 601 τεταγμένα
3685 534 3742 583 ἐν
3771 532 3893 592 τοῖς

2326 618 2819 688 Παραλειπομένοις
2854 620 2959 672 τῶν
2994 619 3272 689 βασιλέων.

2603 770 2749 843 [362]
2794 773 3048 841 Ἔσδρας
3068 774 3310 838 ,ϐιϐλίον
3335 781 3404 827 α’.

2396 898 2627 967 Ἔσδρας
2657 900 2896 953 καλεῖται
2920 902 2979 953 τὸ
3010 900 3227 970 βιϐλίον,
3257 902 3439 971 ἐπειδὴ
3474 901 3632 965 αὐτὸς
3648 902 3899 972 Ἔσδρας

2325 984 2498 1053 ἱερεὺς
2535 985 2609 1036 ὣν
2640 989 2730 1039 καὶ
2759 987 3121 1058 ἀναγνώστης,
3153 989 3420 1058 ἐξηγεῖται
3450 989 3544 1041 καὶ
3583 990 3898 1056 συγγράφει

2323 1070 2417 1138 τὴν
2460 1071 2711 1123 ἐπάνοδον
2743 1072 2849 1124 τῶν
2885 1074 3011 1126 υίῶν
3057 1074 3268 1144 Ἰσραὴλ
3300 1076 3363 1126 ὲκ
3397 1075 3648 1143 Περσίδος
3685 1077 3766 1135 είς
3797 1074 3899 1143 τὴν

2336 1155 2682 1227 Ἰερουσαλὴμ
2706 1159 3021 1229 γενομένην.
3054 1160 3245 1226 Γέγονε
3275 1161 3329 1212 δέ
3360 1162 3393 1229 ἡ
3418 1160 3671 1220 ἐπάνοδος
3693 1160 3900 1228 προτέ-

2328 1256 2433 1309 ρως
2468 1242 2563 1310 μὲν
2594 1245 2656 1294 ἐκ
2695 1243 2787 1295 τοῦ
2833 1245 3270 1313 προστάγματος,
3302 1245 3489 1296 ἔπειτα
3520 1245 3573 1296 δὲ
3601 1246 3901 1297 κελεύσαν-

2322 1342 2414 1388 τος
2455 1325 2631 1394 Κύρου
2660 1330 2753 1380 καὶ
2778 1329 2998 1398 Δαρείου
3030 1330 3137 1382 τῶν
3171 1330 3429 1398 βασιλέων
3456 1333 3512 1382 ὲν
3539 1333 3681 1399 χειρὶ
3716 1330 3901 1399 Ἰησοῦ

2324 1412 2416 1463 τοῦ
2453 1414 2708 1477 Ἰωσεδὲκ,
2745 1416 2838 1469 καὶ
2869 1418 3068 1486 Ἔσδρα
3115 1420 3206 1471 καὶ
3250 1418 3568 1488 Ζοροϐάϐελ,
3603 1419 3652 1470 οἳ
3694 1419 3903 1487 ἤρισαν

2326 1498 2689 1568 προϐλήμασι,
2725 1502 2968 1571 τεθείσης
3016 1505 3359 1571 ἐπαγγελίας,
3411 1505 3629 1571 αἰτῆσαι
3682 1505 3774 1555 τὸν
3829 1522 3908 1556 νι-

2326 1585 2505 1638 κῶντα
2528 1588 2663 1657 ὅπερ
2687 1588 2779 1640 ἐὰν
2804 1590 3000 1660 θελήσῃ
3026 1592 3175 1661 παρά
3201 1593 3291 1645 τοῦ
3315 1593 3572 1661 βασιλέως
3588 1606 3635 1647 α.
3656 1592 3763 1645 Τοῦ
3784 1593 3907 1644 τοί-

2327 1691 2419 1726 νυν
2462 1675 2577 1738 ἐνὸς
2625 1678 2863 1740 είπόντος
2894 1682 3045 1747 νικᾷν
3082 1680 3172 1733 τὸν
3216 1677 3386 1741 οἶνον,
3422 1683 3513 1733 καὶ
3561 1680 3653 1733 τοῦ
3705 1682 3907 1748 ἐτέρου

2328 1760 2566 1822 εἰπόντος
2600 1765 2752 1833 νικᾷν
2786 1764 2873 1817 τὸν
2908 1765 3147 1833 βασιλέα.
3180 1770 3207 1821 ὁ
3236 1754 3533 1837 Ζοροϐάϐελ
3557 1764 3705 1821 εἶπεν
3736 1770 3904 1837 νικᾷν

2328 1848 2426 1911 τὰς
2473 1853 2753 1916 γυναῖκας,
2805 1852 2943 1921 ὑπὲρ
2987 1852 3043 1906 δὲ
3094 1855 3266 1909 πάντα
3317 1856 3412 1925 τὴν
3462 1855 3735 1923 ἀλήθειαν.
3788 1858 3906 1909 Καὶ

2330 1937 2513 2008 ἐπειδὴ
2559 1939 2728 1991 ταῦτα
2770 1941 3003 2009 εἰρηκὼς
3033 1944 3298 2013 νενίκηκε,
3329 1946 3421 1997 καὶ
3447 1945 3636 2013 ἤκουσε
3670 1945 3908 2013 αἰτήσαο

2332 2024 2453 2076 σθαι
2486 2025 2513 2076 ὃ
2547 2025 2810 2093 βούλεται,
2838 2027 3033 2096 ἠξίωσε
3066 2030 3224 2093 αὐτὸς
3257 2031 3517 2100 ἀφεθῆναι
3553 2030 3649 2100 τὴν
3694 2034 3904 2100 αἰχμα-

2330 2110 2543 2173 λωσίαν,
2577 2112 2669 2164 καὶ
2700 2112 3107 2184 οἰκοδομηθῆναι
3136 2114 3233 2184 τὴν
3273 2115 3639 2185 Ἰερουσαλήμ.
3668 2117 3781 2168 Καὶ
3808 2117 3909 2183 γέ-

2330 2212 2482 2263 γονεν
2504 2197 2576 2258 ὡς
2604 2196 2820 2266 ἠξίωσε,
2843 2200 2934 2251 καὶ
2964 2200 3157 2270 ἀφείθη
3192 2204 3224 2270 ἡ
3252 2202 3607 2271 αίχμαλωσία.
3632 2201 3764 2253 Τότε
3793 2203 3909 2274 γὰρ

2332 2282 2617 2352 ἐπληρώθη
2659 2287 2753 2336 καὶ
2801 2285 2867 2337 τὰ
2907 2286 2947 2338 o'
2979 2285 3119 2354 ἔτηιι
3145 2287 3241 2355 τῆς
3270 2288 3457 2357 ὀργῆς.
3494 2289 3612 2340 Είσὶ
3634 2288 3825 2341 τοίνυν
3861 2295 3909 2343 εἱ

2333 2371 2624 2434 ἀναϐάντες
2647 2373 2751 2424 ἀπὸ
2771 2373 2870 2441 τῆς
2890 2375 3257 2442 αίχμαλωσίας
3277 2375 3381 2428 ἀπὸ
3422 2375 3588 2428 Ἰούδα
3620 2375 3711 2428 καὶ
3744 2376 3911 2429 Βενι-

2334 2458 2495 2526 αμὶν,
2545 2459 2635 2510 καὶ
2675 2460 2724 2509 οἱ
2772 2459 3009 2521 Λευῖται,
3040 2461 3128 2513 τὸν
3172 2461 3400 2530 ἀριθμὸν
3438 2462 3693 2531 μυριάδες
3730 2462 3770 2514 δ’
3806 2466 3908 2516 καὶ

2334 2543 2596 2612 δισχίλιοι,
2629 2543 2782 2596 ἵπποι
2810 2546 2902 2608 τλ’,
2935 2546 3144 2616 ἡμίονοι
3173 2546 3307 2616 σμε’,
3341 2548 3572 2617 κάμηλοι
3606 2548 3734 2610 υλε’,
3774 2555 3912 2603 παῖ-

2335 2631 2420 2693 δες
2437 2631 2611 2683 αὐτῶν
2626 2633 2719 2684 καὶ
2735 2633 3013 2686 παιδίσκαι
3034 2634 3203 2698 ,ζτ>.δ’,
3221 2638 3269 2687 οἱ
3291 2635 3501 2705 ᾅδοντες
3519 2642 3583 2700 σ’,
3600 2636 3709 2688 δνοι
3732 2639 3821 2705 ,ςίζ
3836 2640 3910 2700 κ’,

2337 2721 2428 2772 καὶ
2454 2721 2501 2771 οί
2535 2720 2631 2788 μὲν
2654 2720 3053 2790 οἰκοδομοῦντες
3075 2718 3210 2793 ἦσαν
3228 2724 3546 2794 Ζοροϐάϐελ,
3570 2726 3662 2777 καὶ
3695 2727 3913 2793 Ἰησοῦς

2336 2808 2365 2859 6
2396 2806 2484 2858 τοῦ
2519 2807 2776 2868 Ἰωσεδὲκ,
2816 2808 2909 2862 καὶ
2942 2809 3199 2879 Νεεμίας.
3230 2811 3287 2862 Ὀ
3330 2810 3386 2861 δὲ
3421 2812 3648 2879 Ἔσδρας
3695 2813 3914 2883 εὐφυὴς

2338 2894 2394 2944 ἐν
2419 2892 2495 2962 τῷ
2522 2893 2686 2961 νόμῳ,
2723 2894 2880 2957 αὐτὸς
2914 2896 3274 2966 προσεκόμισε
3324 2896 3411 2948 τὸν
3455 2896 3632 2964 νόμον,
3666 2898 3763 2965 καὶ
3810 2904 3915 2951 αν-

2338 2979 2494 3048 έγνω.
2520 2982 2611 3033 καὶ
2636 2980 2928 3033 διετύπωσε
2955 2983 3133 3035 πάντα
3152 2982 3219 3034 τὰ
3247 2983 3384 3035 κατά
3415 2982 3473 3035 τὸ
3503 2984 3641 3051 ἱερὸν
3664 2986 3759 3036 καὶ
3779 2989 3914 3049 τοὶς

2338 3067 2583 3128 Λευῖτας.
2621 3066 2788 3129 Αὐτὸς
2819 3066 2983 3133 ἔδειξε
3026 3068 3115 3120 τὸν
3165 3068 3345 3135 νόμον,
3396 3070 3487 3121 καὶ
3523 3071 3791 3137 πεποίηκε
3826 3073 3919 3125 ἐκ·

2340 3152 2594 3223 ϐληθῆναι
2635 3152 2733 3214 τάς
2774 3153 3073 3220 ἀλλογενεῖς
3101 3157 3357 3220 γυναῖκας
3394 3154 3517 3216 τοὺς
3552 3153 3820 3219 λαϐόντας
3856 3162 3917 3210 ἐν

2339 3238 2513 3307 καιρῷ
2560 3239 2657 3306 τῆς
2699 3239 3084 3308 αἰχμαλωσίας.
3117 3240 3222 3292 Kal
3266 3240 3511 3304 ἐξέϐαλον
3554 3242 3774 3305 πάντες,
3818 3247 3920 3296 καὶ

2338 3324 2789 3395 ἐκαθαρίσθησαν,
2822 3327 2915 3379 καὶ
2954 3327 3169 3396 ἐποίησε
3216 3326 3275 3378 τὸ
3326 3326 3505 3396 πάσχα
3534 3328 3801 3396 νομίμως,
3838 3328 3920 3392 ὡς

2337 3410 2664 3482 γέγραπται,
2697 3414 2789 3466 καὶ
2812 3413 2908 3482 τὴν
2940 3412 3208 3484 νηστείαν,
3233 3414 3323 3466 καὶ
3354 3412 3495 3465 οὕτω
3524 3413 3829 3471 τελειοῦται
3856 3417 3923 3469 τὸ

2340 3497 2550 3564 πρῶτον
2589 3497 2788 3566 βιϐλίον
2816 3491 3033 3567 Ἔσδρα.

2804 3670 3066 3736 Ἔσδρας
3092 3671 3333 3732 βιϐλίον
3364 3667 3429 3739 β’.

2419 3801 2505 3852 Ἐν
2536 3798 2707 3867 τούτῳ
2752 3797 2827 3867 τῷ
2876 3798 3060 3869 βιϐλίῳ
3084 3798 3150 3851 τά
3182 3799 3319 3851 αὐτὰ
3352 3801 3448 3869 μὲν
3481 3800 3559 3870 τῷ
3590 3803 3801 3874 πρώτῳ
3830 3804 3928 3859 λέ-

2338 3904 2422 3955 γει
2446 3890 2473 3939 6
2499 3887 2729 3955 Ἔσδρας
2762 3887 2885 3956 περὶ
2916 3886 3014 3954 τῆς
3045 3886 3320 3948 ἐπανόδου,
3347 3887 3513 3955 χωρὶς
3541 3888 3645 3939 τῶν
3670 3892 3928 3963 προϐλη-

2339 3974 2551 4027 θέντων.
2585 3974 2692 4026 Kal
2722 3973 2786 4024 τὰ
2817 3972 2983 4024 πλείω
3010 3972 3066 4023 δὲ
3095 3971 3364 4040 ἐξηγεῖται
3392 3976 3515 4042 περὶ
3542 3974 3781 4041 Νεεμίου
3817 3980 3922 4032 τοῦ

2340 4060 2590 4129 εὐνούχου
2612 4078 2623 4089 ·
2654 4061 2732 4111 ὅτι
2764 4059 2922 4120 αὐτὸς
2949 4058 3145 4126 ἠξίωσε
3188 4060 3312 4129 περὶ
3355 4059 3455 4128 τῆς
3495 4062 3783 4131 οἰκοδομῆς
3820 4068 3921 4119 τοῦ

2340 4147 2483 4216 ίεροῦ
2507 4165 2519 4177 ·
2562 4146 2654 4199 καὶ
2692 4146 2771 4197 ὅτι
2814 4146 2909 4214 μὲν
2942 4146 3173 4215 Ἔσδρας
3210 4147 3563 4213 ἀνεγίνωσκε,
3605 4149 3821 4216 Ἰησοῦς
3862 4154 3925 4207 δὲ

2340 4234 2432 4287 καὶ
2460 4234 2659 4294 Βανέας
2683 4232 2775 4285 καὶ
2805 4231 3074 4301 Σαραϐίας
3102 4226 3237 4301 ἦσαν
3266 4233 3737 4296 συνετίζοντεςτδν
3757 4237 3922 4294 λαόν.

2340 4322 2448 4374 Καὶ
2484 4322 2510 4372 ὁ
2553 4322 2647 4389 μὲν
2680 4320 2911 4387 Ἔσδρας
2946 4320 3327 4386 ἀναγινώσκων
3363 4321 3645 4374 διέστειλεν
3684 4327 3746 4377 ἐν
3785 4328 3924 4380 ἐπι-

2342 4411 2517 4477 στήμῃ
2555 4407 2782 4475 Κυρίου·
2831 4408 2857 4456 6
2894 4406 2949 4457 δὲ
2996 4405 3121 4467 λαὸς
3152 4406 3349 4474 συνῆκε
3382 4410 3439 4458 ἐν
3467 4411 3531 4478 τῇ
3576 4409 3922 4478 ἀναγνώσει,

2341 4495 2429 4547 καὶ
2449 4494 2663 4562 ἐποίησε
2690 4493 2748 4544 τὸ
2771 4492 2969 4561 πάσχα,
2999 4492 3089 4543 καὶ
3116 4494 3171 4543 ὲν
3190 4493 3267 4560 τῷ
3295 4491 3502 4561 ἑϐδόμῳ
3530 4495 3656 4563 μηνὶ
3681 4498 3926 4569 ἐποίησε

2339 4580 2435 4649 τὴν
2464 4578 2713 4649 νηστείαν
2744 4581 2835 4631 καὶ
2867 4580 2964 4646 τὴν
3006 4578 3391 4647 σκηνοπηγίαν,
3422 4577 3497 4640 ὡς
3540 4580 3870 4650 γέγραπται
3904 4604 3921 4619 ·

2344 4653 2490 4728 "bu,
2524 4666 2831 4735 φησ“ιν,-οὑκ
2858 4663 3151 4728 ἐποίησαν
3174 4663 3356 4728 οὓτως
3379 4664 3496 4716 ἀπὸ
3522 4664 3640 4717 τῶν
3668 4668 3929 4737 ἡμερῶν

2353 4751 2543 4817 Ἰησοῦ
2575 4750 2678 4802 τοῦ
2702 4748 2888 4814 Ναυῆ.
2926 4747 3156 4816 Ἔσδρας
3188 4748 3243 4800 δὲ
3272 4749 3529 4818 ἑωρακὼς
3554 4754 3927 4822 ὲπιμιγείσας

2342 4840 2601 4906 γυναῖκας
2653 4834 2934 4897 Ἀζωτίους
2976 4835 3087 4893 τοῖς
3132 4832 3428 4903 Ἑϐραίοις,
3475 4836 3653 4889 ἔπεισε
3698 4842 3928 4909 πάντας

2344 4921 2765 4989 ἐπαγγείλασθαι
2810 4920 3089 4987 φυλάττειν
3120 4919 3209 4971 τὸν
3252 4919 3409 4989 νόμον
3453 4923 3545 4974 τοῦ
3589 4924 3750 4982 Θεοῦ.
3803 4932 3927 4984 Καὶ

2344 5011 2561 5076 ἐξέϐαλε
2610 5010 2706 5072 τὰς
2750 5012 3031 5075 γυναῖκας,
3087 5006 3161 5069 ὡς
3207 5010 3521 5078 παράνομον
3568 5012 3767 5081 γάμον,
3823 5021 3929 5072 καὶ

2343 5099 2557 5167 ὤμοσαν
2588 5096 2818 5165 φυλάξαι
2862 5095 2950 5146 τὸν
2991 5094 3171 5163 νόμον.
3208 5096 3315 5146 Καὶ
3346 5096 3515 5160 οὕτως
3546 5100 3925 5167 άγιασθέντες

2344 5186 2435 5237 καὶ
2465 5183 2612 5255 [365]
2659 5181 3080 5251 καθαρισθέντες
3117 5181 3509 5252 εὐφράνθησαν,
3565 5186 3657 5237 καὶ
3694 5188 3927 5260 ἀπῆλθε

2344 5274 2566 5333 ἕκαστος
2592 5274 2671 5332 είς
2700 5271 2788 5321 τὸν
2816 5265 2963 5321 οἷκον
2991 5266 3173 5321 αὐτοῦ.
3210 5270 3517 5339 Ἰστορεῖται
3547 5271 3602 5324 δὲ
3633 5275 3929 5333 καὶτοῦτο

2344 5357 2588 5428 περὶτοῦ
2630 5355 2864 5426 Ἔσδρα,
2916 5357 2995 5408 ὅτι
3036 5354 3417 5425 ἀπολλυμένων
3453 5357 3560 5408 τῶν
3602 5358 3832 5426 βιϐλίων
3862 5367 3930 5433 ἐξ

2345 5444 2599 5512 ἀμελείας
2627 5442 2718 5495 τοῦ
2746 5441 2871 5495 λαοῦ
2902 5442 2988 5494 διὰ
3010 5441 3102 5510 τὴν
3126 5441 3475 5513 πολυχρόνιον
3498 5446 3892 5515 αἰχμαλωσίαν
3909 5493 3927 5520 ,

2407 5621 2432 5648 ⁸
2454 5618 2565 5666 Περι·
2590 5617 2832 5666 tantillum
2856 5619 3041 5665 variant
3061 5617 3109 5662 in
3134 5615 3340 5676 Synopsi
3364 5617 3533 5664 altera.

2408 5680 2435 5719 ιι
2460 5680 2629 5727 Altera
2651 5678 2885 5741 Synopsis
2907 5679 3131 5733 ἑξήκοντα
3154 5676 3234 5731 ἔτη
3256 5676 3418 5736 habet,
3442 5678 3582 5729 male.
