4138 6306
329 396 445 451 357

315 516 426 559 tetu
476 507 813 575 expugnavit,
846 520 1026 557 aurum
1057 514 1109 557 et
1150 518 1270 556 vasa
1317 502 1550 555 abstulit.
1600 500 1879 554 Jerohoam

316 596 461 649 tinus
491 611 604 663 ejus
631 596 782 649 annis
802 595 889 658 II,
936 594 1162 662 fecitque
1193 593 1407 645 malum.
1439 589 1720 643 Zacharias
1747 589 1881 642 filius

314 700 440 751 ejus
468 686 736 738 mensibus
771 700 860 737 sex
881 727 895 751 ,
939 682 1163 750 fecitque
1189 681 1404 733 malum.
1434 680 1694 732 IIaCteuus
1719 693 1881 747 genus

316 774 457 829 Jchu
480 792 644 843 usque
665 776 727 829 ad
751 782 990 842 quartam
1015 772 1406 842 generationem
1437 770 1661 823 duravit.
1686 768 1879 822 Selium

315 882 389 920 es
419 868 516 920 alia
546 862 878 934 stirpc,[ilius
895 862 1303 931 Jabis,regnavit
1332 861 1444 913 dies
1475 860 1702 927 triginta,
1726 866 1779 910 et
1802 857 1877 909 fe-

316 958 398 1010 eit
421 956 560 1025 Quod
592 956 785 1008 malum
822 963 952 1007 erat.
1000 955 1234 1005 Manaem
1265 967 1330 1003 ex
1355 950 1458 1002 alio
1486 964 1708 1017 genere,
1748 948 1883 999 ﬁlius

316 1043 525 1111 (hdie,
555 1061 719 1099 annos
760 1044 959 1111 viginti,
993 1052 1044 1094 et
1069 1041 1190 1095 fecit
1217 1040 1355 1109 quod
1381 1040 1576 1093 malum
1608 1046 1739 1092 erat.
1775 1037 1883 1089 IIu-

314 1139 408 1205 jus
438 1146 670 1201 tempore
701 1135 1077 1201 prephetarunt
1123 1132 1284 1186 Isaias
1320 1138 1373 1185 et
1399 1130 1553 1184 Osee.
1590 1128 1793 1182 Phaeee
1819 1128 1885 1179 de

320 1226 428 1279 alia
460 1228 641 1293 stirpe,
675 1226 808 1277 Iilius
834 1224 1104 1285 Rotnelite,
1135 1237 1301 1273 annos
1342 1220 1543 1285 viginti.
1578 1219 1670 1271 llic
1696 1217 1886 1270 occidit

319 1314 626 1376 Phakeiaut,
659 1324 712 1367 et
751 1314 872 1365 fecit
916 1312 1130 1364 malum.
1165 1310 1272 1364 Sub
1319 1309 1417 1362 hoc
1458 1318 1608 1361 erant
1635 1308 1793 1359 l~aias
1834 1315 1887 1359 et

316 1402 462 1457 Osee
490 1402 773 1471 prophette.
806 1402 940 1453 0308
969 1400 1153 1453 exalia
1208 1399 1389 1464 stirpe,
1430 1397 1563 1449 [ilius
1607 1391 1749 1453 Elas.
1795 1409 1888 1446 an-

318 1509 424 1547 nos
452 1508 656 1547 uovem.
678 1493 770 1545 llic
785 1491 973 1545 occidit
1002 1504 1177 1558 regem
1199 1488 1423 1546 Phacee.
1446 1496 1499 1539 et
1519 1484 1641 1539 fecit
1669 1484 1884 1536 malum:

318 1598 507 1636 verum
556 1598 658 1635 non
688 1582 821 1635 sicut
849 1580 1156 1633 decessores
1194 1578 1328 1645 ejus.
1370 1576 1505 1630 Osee
1536 1576 1749 1628 ultimus
1792 1573 1889 1627 fuit

317 1690 417 1729 rex
449 1673 716 1727 Samarire.
746 1672 801 1725 In
831 1672 973 1724 illum
1001 1671 1140 1723 enim
1173 1668 1444 1722 desierunt
1473 1682 1642 1735 reges,
1674 1675 1723 1718 et
1765 1681 1886 1734 per-

318 1769 383 1820 iit
421 1766 675 1829 Samaria,
703 1778 857 1833 quam
892 1763 1140 1828 deinceps
1165 1759 1521 1812 inhabitarunt
1552 1755 1769 1826 Assyrii.
1809 1754 1889 1809 Ex

315 1860 512 1927 quibus
541 1858 639 1910 orti
671 1866 794 1909 sunt
823 1853 1056 1907 hmrctici
1109 1854 1405 1907 Samarittr,
1428 1849 1515 1917 qui
1546 1856 1602 1903 et
1652 1846 1888 1901 Saduczei

312 1960 593 2003 vocantur.
611 1948 664 2001 In
684 1948 795 2000 lirec
812 1946 1004 2001 desinit
1027 1952 1162 1996 totus
1183 1956 1372 2008 scopus
1388 1939 1639 1992 librorum
1658 1938 1876 2005 Regum.

629 2093 1045 2141 panaurousua,
1076 2091 1227 2128 LIBER
1274 2089 1458 2127 rnuws
1486 2073 1580 2140 (α).

394 2214 787 2281 Paralipomena
814 2217 1084 2271 vocantur,
1111 2207 1234 2274 quia
1259 2205 1415 2257 multa
1438 2205 1489 2255 iu
1518 2203 1666 2256 libris
1684 2202 1891 2270 Regno-

323 2320 445 2357 rum
498 2301 850 2371 pnetermissa
884 2300 934 2352 in
966 2298 1111 2350 hisce
1159 2296 1305 2349 libris
1335 2294 1696 2348 continentur.
1729 2291 1892 2346 Ilabe-

316 2404 408 2445 tur
438 2401 608 2443 autem
636 2392 683 2441 in
706 2390 873 2455 primo
898 2390 994 2439 hoc
1024 2386 1159 2439 libro
1186 2384 1419 2438 omnium
1444 2382 1669 2435 tribuum
1700 2395 1892 2448 genea-

316 2484 460 2550 logia
500 2482 565 2534 ab
609 2481 772 2532 Adam
808 2492 969 2546 usque
995 2476 1058 2529 ad
1092 2491 1242 2544 reges
1288 2473 1576 2527 secundum
1626 2472 1792 2525 tribus
1837 2481 1891 2524 et

316 2573 545 2640 populos
572 2582 624 2623 et
660 2571 879 2621 familias
930 2579 981 2621 et
1011 2568 1217 2621 domos.
1241 2566 1383 2631 Quos
1412 2579 1475 2616 ex
1507 2562 1702 2615 Levitis
1742 2561 1889 2613 insli-

320 2664 485 2717 tuerit
520 2661 678 2714 David
707 2660 771 2711 ad
799 2657 1089 2710 canendum
1124 2657 1249 2717 Deo,
1276 2664 1330 2706 et
1354 2668 1485 2721 quos
1513 2649 1794 2704 instituerit
1821 2648 1886 2701 ad

317 2755 501 2821 templi
533 2768 714 2820 Opera.
747 2752 861 2818 Ipse
892 2763 1115 2815 namque
1138 2744 1282 2814 prior
1296 2742 1551 2811 templum
1567 2741 1783 2794 fundare
1812 2740 1889 2792 in-

315 2846 481 2913 cepit.
512 2844 622 2896 Alia
654 2855 861 2910 quoque
894 2838 1186 2891 minutatim
1217 2836 1284 2887 de
1328 2834 1541 2903 regibus
1570 2841 1623 2885 et
1663 2846 1886 2901 genera-

318 2934 550 2988 tionibus
573 2931 836 2984 edisserit.
872 2928 1071 2992 Ouibus
1098 2926 1196 2978 hoc
1220 2921 1636 2991 subjungeudum
1657 2929 1759 2985 est,
1791 2935 1887 2972 an-

320 3040 425 3078 nos
470 3035 652 3075 omnes
700 3033 883 3073 eorum
930 3018 1019 3085 qui
1070 3019 1121 3070 in
1180 3014 1472 3069 Jerusalem
1524 3021 1808 3082 regnarunt
1857 3024 1890 3065 ιι

329 3114 549 3177 Davidc,
575 3124 693 3167 esse
720 3110 1137 3179 quadringentos
1168 3106 1492 3175 septuaginta
1521 3116 1762 3172 quatuor.
1778 3104 1887 3158 Re.-

318 3222 417 3276 ges
442 3212 615 3259 autem
640 3215 827 3258 omnes
868 3203 1073 3253 fuerunt
1116 3214 1177 3250 ex
1210 3212 1308 3250 uua
1340 3197 1503 3265 stirpe
1546 3194 1755 3248 Davidis
1788 3213 1800 3247 :
1834 3202 1889 3247 et

315 3292 575 3367 quiquod
608 3308 807 3350 rectum
842 3302 956 3347 erat
986 3291 1220 3345 fecerunt
1247 3303 1433 3341 novem
1466 3296 1586 3339 sunt
1612 3304 1623 3337 :
1648 3285 1731 3352 qui
1762 3300 1887 3337 vero

317 3384 540 3445 malum.
572 3383 870 3445 duodecim,
907 3390 1124 3448 excepta
1155 3379 1421 3433 Gotholia.
1453 3378 1646 3430 Eorum
1687 3386 1882 3439 autem,

317 3477 481 3542 quiin
512 3476 747 3529 Samaria
792 3480 1107 3542 regnarunt,
1136 3484 1322 3523 omnes
1361 3470 1482 3521 anni
1527 3477 1649 3521 sunt
1677 3467 1885 3521 ducenti

315 3565 588 3631 sexaginta
633 3580 820 3616 novem
851 3574 903 3615 et
934 3563 1140 3630 triginta
1169 3560 1285 3612 dies
1312 3576 1323 3610 :
1372 3558 1753 3625 duodecimque
1806 3574 1886 3611 re-

314 3668 416 3719 ges
444 3669 503 3704 ex
529 3664 646 3706 octo
675 3652 895 3705 diversis
918 3650 1167 3717 stirpibus
1207 3649 1414 3701 fuerunt
1446 3665 1460 3712 ;
1503 3664 1687 3703 omnes
1712 3656 1884 3701 autem

314 3742 560 3794 fecerunt
599 3742 813 3802 tnalum,
855 3740 1141 3792 Secundum
1189 3748 1456 3806 peccatum
1492 3738 1813 3791 Jeroboami.

620 3888 1042 3934 PAIIALIPOIIENA,
1100 3886 1249 3923 LIBER
1289 3885 1565 3923 SECUNDUS.

393 4008 448 4061 In
478 4006 711 4060 secundo
736 4006 869 4059 libro
900 4004 1337 4072 Paralipomenon
1368 4014 1708 4056 recensentur
1740 4012 1885 4070 gesta

315 4114 521 4166 regum.
568 4099 666 4163 Qui
722 4108 896 4149 autem
965 4096 1050 4148 illa
1120 4093 1549 4161 descripserunt,
1620 4093 1886 4160 propheta:

318 4191 396 4243 illi
428 4190 633 4241 luerunt
658 4188 743 4254 qui
788 4186 1007 4240 diversis
1039 4184 1184 4237 fuere
1215 4183 1557 4252 temporibus.
1604 4183 1669 4237 Ut
1712 4193 1886 4235 autem

316 4279 615 4343 singulatim
646 4276 842 4330 sciatur
864 4275 1072 4342 quinam
1105 4274 1216 4327 lucc
1245 4274 1571 4341 scripserint,
1595 4273 1884 4327 observan-

316 4370 448 4421 dum
479 4377 557 4419 est
600 4366 684 4419 hic
718 4376 864 4435 gesta
914 4364 1092 4417 haberi
1142 4363 1377 4415 omnium
1424 4378 1604 4430 regum
1637 4362 1790 4415 Israel
1835 4370 1888 4416 et

314 4460 451 4513 Juda
478 4476 491 4517 ;
522 4474 580 4510 ea
601 4457 799 4509 scilicet
818 4471 933 4523 qua:
957 4456 1307 4523 prmtermissa
1335 4462 1456 4506 sunt
1478 4454 1526 4505 iu
1560 4453 1773 4506 historia
1802 4469 1887 4506 re-

314 4564 461 4616 gum.
495 4549 591 4613 Qui
633 4561 789 4615 porro
833 4548 1008 4599 omnia
1051 4547 1283 4613 ipsorum
1320 4554 1464 4613 gesta
1495 4544 1888 4612 descripserunt

321 4637 374 4689 Ιιί
405 4644 527 4689 sunt
557 4654 567 4688 :
601 4634 809 4687 Davidis
841 4642 985 4701 gesta
1029 4634 1354 4699 scripserunt
1400 4632 1611 4686 Samuel
1638 4673 1651 4697 ,
1682 4633 1885 4686 Natltan

312 4738 369 4779 et
400 4726 509 4780 Gad
536 4724 801 4794 prephetm
832 4741 842 4774 :
877 4723 1194 4781 Salomonis,
1223 4721 1422 4773 Nathan
1451 4732 1501 4774 et
1550 4722 1739 4775 Achias
1761 4738 1884 4791 pro-

316 4817 495 4883 phetre
526 4834 538 4869 :
563 4816 883 4876 .Icroboami,
910 4815 1125 4865 Semeas
1146 4822 1196 4863 et
1217 4811 1363 4863 Addo
1386 4811 1689 4878 prophetae:
1716 4812 1882 4877 Ahiae,

318 4905 475 4960 Addo
520 4904 793 4971 pr0pheta.
840 4908 954 4955 Asze
981 4912 1125 4971 gesta
1160 4902 1417 4953 habentur
1446 4901 1494 4952 in
1524 4901 1657 4952 lihro
1686 4915 1887 4955 sermo-

320 5012 446 5048 num
494 4994 559 5047 de
601 4994 811 5059 regibus
848 4992 982 5045 Juda
1020 5011 1031 5043 :
1076 4990 1345 5058 Josaphati
1378 5030 1391 5052 ,
1442 4987 1574 5041 .It-hu
1600 4991 1876 5061 propheta,

320 5088 458 5140 Iilius
502 5085 733 5145 Aname,
784 5084 871 5151 qui
901 5083 1108 5148 scripsit
1148 5082 1333 5133 librum
1362 5093 1662 5134 sermonum
1706 5093 1883 5145 regum

318 5175 498 5229 Israel.
529 5174 655 5240 Quae
702 5172 826 5226 Joas
871 5172 1068 5239 gessit,
1100 5171 1261 5224 relata
1310 5178 1433 5222 sunt
1479 5169 1528 5221 in
1573 5167 1883 5234 scripturam

320 5268 644 5335 Ilegnorum.
678 5262 804 5329 Quae
849 5262 1107 5323 Amasias,
1157 5261 1205 5312 in
1238 5260 1425 5313 librum
1460 5273 1639 5326 regum
1674 5256 1801 5335 Iuda
1833 5263 1887 5308 et

319 5330 499 5413 Israel.
533 5356 659 5421 Quae
679 5355 850 5413 Ozias,
870 5352 1078 5418 scripsit
1105 5352 1265 5404 Isaias
1292 5350 1567 5419 propheta.
1613 5349 1739 5415 Qua:
1764 5330 1887 5401 Ioa-

319 5450 487 5513 tham,
521 5448 571 5499 in
601 5446 735 5499 libro
760 5458 938 5511 regum
970 5440 1102 5495 Juda
1140 5450 1191 5493 et
1219 5440 1398 5495 Israel.
1427 5439 1555 5506 Quae
1594 5439 1792 5504 Achaz,
1832 5437 1885 5491 in

380 5621 456 5729 (az
479 5630 589 5676 tmte
634 5620 921 5688 sequuntur,
945 5614 1006 5661 de
1048 5609 1170 5683 libro
1216 5611 1368 5672 primo
1408 5608 1792 5679 Paralipomenon
1817 5607 1887 5655 di.

380 5699 411 5729 ι.
453 5694 540 5729 ere
562 5679 798 5726 habentur
835 5690 880 5723 in
920 5682 1109 5729 Syuopsi
1149 5671 1228 5720 illa
1250 5709 1261 5729 ,
1287 5684 1395 5729 qua:
1419 5670 1663 5720 Athanasii
1693 5668 1886 5717 neruine

312 5668 540 5741 cta‘,vfere
562 5668 798 5741 habentur
835 5679 880 5741 in
914 5668 1125 5741 'Syuopsi
1149 5668 1232 5720 illa'
1250 5709 1261 5729 ,
1287 5684 1395 5733 qua:
1419 5668 1663 5720 Athanasii
1693 5668 1886 5717 neruine

309 5735 579 5805 conparet,
605 5738 693 5788 sed
712 5739 909 5787 brevius
925 5735 1179 5784 recensita.

1409 388 1725 444 SYNOPSIS
1761 385 2162 441 SCRIPTUIUE
2201 387 2464 444 ΞΑίῖῐῖίΕ.

3445 401 3554 457 358

1992 500 2123 553 libro
2151 518 2327 569 regum
2349 502 2480 555 .Inda
2498 513 2548 556 et
2571 502 2749 557 Israel.
2780 503 2908 571 Quae
2929 501 3196 563 Ezechias,
3232 502 3388 558 Isaias
3411 502 3546 554 Illius

1988 591 2148 643 Amos
2175 593 2446 659 preplieta.
2478 593 2603 657 Qua:
2646 593 2911 647 Manasscs
2932 635 2946 659 ,
2997 593 3045 646 in
3078 593 3209 645 libro
3237 592 3543 645 videntium.

1986 684 2113 746 Qum
2140 682 2395 747 Josias,in
2425 684 2557 737 libro
2592 700 2770 752 regum
2796 684 2927 738 Juda
2956 695 3008 738 et
3035 684 3215 739 Israel.
3248 685 3372 747 Qum
3419 682 3543 735 Joa-

1987 772 2148 835 chim,
2182 773 2231 823 in
2265 772 2398 823 libro
2426 788 2603 840 regum
2631 772 2763 826 .Inda
2794 783 2845 826 et
2874 772 3050 826 Israel.
3083 774 3204 825 llaec
3244 774 3319 823 .~ic
3366 771 3542 838 dispo-

1987 862 2082 912 sita
2130 862 2465 915 inveniuntur
2494 863 2543 914 in
2577 863 2983 931 Paralipomenis
3026 879 3226 932 regum.

2386 1012 2606 1060 ssnaas,
2653 1011 2802 1050 LIBER
2830 1012 3014 1051 ramus
3044 996 3142 1067 (η).

2064 1130 2255 1182 Esdras
2282 1141 2495 1183 vocatur
2523 1132 2605 1183 hic
2628 1131 2778 1196 liber,
2809 1132 2925 1195 quia
2960 1132 3069 1198 ipse
3097 1132 3290 1185 Esdras
3306 1131 3554 1186 saettrdos

1989 1236 2105 1271 cum
2130 1232 2267 1273 es~et
2292 1230 2345 1273 et
2369 1222 2549 1284 lector,
2577 1231 2787 1275 enarrat
2812 1237 2872 1275 ac
2888 1222 3135 1276 describit
3162 1224 3385 1276 reditum
3418 1224 3546 1277 ﬁlio-

1991 1325 2104 1361 rum
2136 1308 2292 1363 Israel
2320 1327 2381 1362 ex
2413 1310 2627 1363 Perside
2658 1312 2704 1363 in
2742 1311 3049 1365 Ierusalem.
3092 1311 3207 1365 Fuit
3230 1323 3403 1367 autem
3437 1318 3543 1368 red‘

1994 1399 2096 1452 itus
2127 1402 2294 1467 primo
2324 1402 2531 1468 quidem
2558 1417 2619 1453 ex
2645 1402 2794 1469 jussu
2842 1402 2959 1472 Cyri
2992 1412 3043 1456 et
3095 1403 3232 1457 Darii
3276 1419 3458 1473 regum
3504 1406 3549 1459 iu

1993 1506 2148 1542 tnanu
2188 1491 2312 1545 Iesu
2354 1492 2441 1544 lilii
2472 1492 2693 1545 .Iosedec
2720 1503 2773 1545 et
2802 1492 2982 1545 Esdrre
3004 1502 3159 1560 atque
3188 1493 3547 1560 Zorobabelis,

1992 1583 2079 1648 qui
2122 1583 2261 1635 circa
2284 1584 2624 1650 qumstionem
2671 1584 2948 1650 quamdam
2980 1584 3388 1649 contendebant,
3421 1584 3554 1639 faeta

1993 1674 2341 1740 promissione
2365 1715 2380 1736 ,
2432 1675 2597 1743 utqui
2646 1676 2875 1728 vinceret
2912 1692 2940 1728 a
2973 1692 3092 1745 rege
3118 1676 3368 1744 quidquid
3400 1676 3555 1729 vellet

1998 1772 2219 1829 peteret.
2249 1762 2381 1815 Cum
2428 1780 2560 1816 unus
2595 1780 2718 1833 ergo
2739 1764 2956 1817 dixisset
2986 1765 3170 1818 fortius
3195 1781 3311 1818 esse
3341 1766 3551 1830 vinum;

1993 1852 2124 1904 alter
2150 1851 2416 1905 fortiorem
2446 1869 2563 1905 esse
2592 1869 2789 1921 regem,
2822 1852 3111 1907 Zorobabel
3139 1856 3411 1907 contendit
3450 1857 3555 1907 for-

1994 1941 2151 1995 tiores
2173 1958 2292 1996 esse
2322 1944 2590 2006 mulieres,
2615 1945 2991 2009 veritatemque
3012 1959 3168 2011 super
3186 1946 3356 1997 omnia
3376 1946 3556 1999 excel-

1995 2031 2121 2086 lere.
2144 2032 2266 2085 Iltre
2287 2033 2403 2100 quia
2428 2034 2671 2102 loquutus
2693 2034 3002 2097 Zorohahel,
3031 2036 3197 2087 victor
3214 2053 3265 2087 ei
3280 2038 3378 2089 asit
3400 2053 3414 2088 :
3437 2052 3556 2089 cum

1988 2120 2164 2189 jussus
2194 2131 2333 2175 esset
2365 2132 2541 2190 petere
2571 2124 2709 2191 quod
2762 2124 2938 2188 vellet,
2991 2125 3136 2190 petiit
3186 2135 3239 2178 ut
3280 2128 3556 2192 captivitas

1994 2214 2304 2279 solveretur,
2328 2223 2383 2267 et
2407 2214 2698 2269 Jerusalem
2749 2214 3119 2270 a‘dilicaretur.
3165 2218 3337 2284 Atque
3382 2217 3450 2270 ita
3502 2229 3558 2272 ut

1994 2304 2143 2372 petiit
2194 2302 2388 2357 factum
2436 2314 2536 2369 est,
2568 2304 2889 2373 dimissaque
2939 2314 3019 2358 est
3067 2307 3359 2374 captivitas.
3407 2306 3555 2361 Tunc

1993 2394 2131 2446 enim
2162 2395 2413 2461 temporis
2434 2394 2700 2460 adimplcti
2726 2404 2875 2447 erant
2896 2397 3222 2464 septuaginta
3248 2397 3338 2449 ine
3365 2398 3485 2449 anni
3516 2398 3553 2451 ¹.

1994 2483 2125 2536 Sunt
2154 2485 2328 2549 itaque
2348 2484 2416 2535 illi
2437 2486 2524 2551 qui
2545 2484 2609 2535 de
2640 2484 2939 2551 captivitate
2966 2485 3313 2537 ascenderunt
3342 2484 3553 2539 deJuda

1991 2580 2043 2623 et
2083 2571 2377 2639 Benjamin,
2427 2587 2487 2625 ac
2539 2572 2753 2636 Levitm,
2808 2586 3028 2625 numero
3057 2573 3397 2640 quadraginta
3452 2573 3557 2626 duo

1992 2660 2178 2722 millia,
2211 2660 2329 2727 equi
2363 2662 2581 2713 trecenti
2630 2662 2862 2727 triginta,
2914 2662 3039 2714 muli
3085 2662 3292 2714 ducenti
3337 2663 3531 2730 quadra

1990 2752 2132 2819 ginta
2159 2752 2406 2819 quinque,
2434 2751 2620 2804 cameli
2648 2751 3007 2820 quadringenti
3036 2752 3247 2821 triginta
3285 2755 3513 2822 quinque
3542 2795 3557 2814 ,

1991 2844 2125 2896 servi
2158 2858 2337 2895 eorum
2366 2852 2418 2896 et
2447 2842 2651 2895 ancilla:
2679 2852 2879 2909 septem
2909 2842 3067 2895 millia
3105 2844 3320 2894 trecenti
3352 2843 3556 2910 triginta

1990 2943 2232 3003 quatuor,
2266 2943 2509 2987 cantores
2532 2932 2762 2991 ducenti.
2794 2932 2924 2985 asini
2952 2948 3043 2985 sex
3072 2933 3211 2985 mille
3239 2934 3550 2999 Septingenti

1990 3031 2042 3076 et
2068 3022 2265 3091 viginti.
2294 3022 2388 3087 Qui
2419 3021 2747 3074 a‘tIiIicaliant
2780 3030 2955 3075 autem
2994 3031 3143 3074 erant
3181 3021 3473 3075 Zoroliabel
3504 3032 3553 3075 et

1988 3111 2141 3168 Jesus
2175 3114 2310 3166 filius
2336 3112 2556 3166 Josedec
2578 3122 2627 3165 et
2656 3111 2915 3164 Neemias.
2946 3110 3141 3164 Esdras
3169 3126 3293 3164 vero
3321 3127 3439 3164 cum
3470 3128 3553 3165 ess

1989 3212 2068 3257 set
2096 3204 2145 3256 in
2175 3204 2286 3271 lege
2317 3202 2535 3270 peritus,
2562 3202 2728 3269 legem
2754 3201 2967 3268 protulit
2990 3209 3144 3268 atque
3171 3200 3325 3269 legit,
3357 3202 3555 3255 consti-

1991 3293 2191 3361 tuitque
2217 3301 2403 3345 cuncta
2435 3293 2498 3343 ad
2530 3291 2781 3359 templum
2809 3299 2863 3343 et
2888 3291 2953 3342 ad
2982 3290 3191 3345 Levitas
3220 3292 3550 3359 pertinentia.

1989 3384 2104 3451 Ipse
2135 3384 2299 3451 legem
2323 3381 2584 3447 ostendit;
2614 3384 2817 3434 curavit
2836 3380 3161 3450 alienigenas
3182 3396 3370 3434 uxores
3396 3380 3551 3448 abjici

1987 3474 2053 3526 ab
2084 3474 2163 3534 iis,
2195 3474 2278 3541 qui
2311 3489 2400 3526 eas
2431 3482 2667 3540 tempore
2690 3470 3003 3539 captivitatis
3028 3471 3302 3523 duxerant.
3332 3469 3556 3538 Alijece—

1989 3573 2110 3617 rnut
2135 3575 2308 3618 autem
2336 3579 2542 3624 omnes,
2573 3572 2623 3616 et
2651 3561 2883 3615 ntundati
2914 3570 3054 3623 sunt,
3078 3571 3130 3615 et
3158 3561 3439 3615 celebravit
3462 3576 3553 3629 pa—

1990 3658 2135 3715 scha.
2164 3656 2453 3709 secundum
2487 3656 2675 3722 legem.
2710 3662 2765 3707 ut
2788 3656 3037 3721 scriptum
3068 3661 3167 3714 est,
3193 3667 3393 3707 necnon
3413 3652 3554 3721 jeju-

1992 3747 2159 3809 nium,
2185 3757 2235 3799 et
2263 3748 2339 3799 sic
2370 3746 2657 3797 absolvitur
2690 3745 2888 3812 primus
2918 3742 3112 3795 Esdras
3142 3742 3290 3795 liber.

2413 3892 2572 3929 SECUN
2585 3892 2674 3928 ους
2728 3891 2876 3927 LIBER
2915 3890 3112 3927 εδοιιε.

2063 4008 2115 4060 In
2146 4008 2243 4060 hoc
2273 4008 2404 4061 libro
2438 4006 2622 4060 eadem
2646 4006 2755 4074 ipsa
2785 4022 2902 4074 qua:
2928 4005 2977 4057 in
3008 4006 3175 4071 primo
3206 4005 3329 4058 dicit
3366 4006 3555 4059 Esdras

1990 4097 2055 4151 de
2079 4097 2269 4156 reditu,
2318 4096 2379 4147 iis
2410 4096 2662 4162 exceptis,
2692 4111 2807 4162 qua:
2836 4093 3218 4162 problematuni
3251 4110 3395 4148 more
3417 4095 3552 4150 dit-ta

1992 4185 2217 4238 fuerant.
2254 4185 2405 4236 Plura
2432 4200 2556 4237 vero
2582 4184 2646 4236 tle
2678 4183 2887 4237 Neemia
2916 4184 3159 4237 eunucho
3191 4195 3385 4248 narrat,
3418 4186 3555 4253 quod

1991 4275 2104 4343 ipse
2152 4274 2325 4343 templi
2356 4274 2757 4327 :t-diiicationem
2799 4275 3035 4341 petierit;
3078 4285 3129 4327 et
3160 4275 3421 4341 quomodo
3462 4275 3555 4327 Es~

1990 4366 2112 4418 dras
2130 4366 2337 4432 quidem
2367 4366 2582 4433 legeret,
2616 4364 2767 4418 Jesns
2787 4380 2909 4418 vero
2935 4375 2987 4417 et
3015 4365 3214 4416 Baneas
3236 4374 3286 4416 et
3313 4366 3557 4418 Sarabias

1993 4456 2238 4525 populum
2272 4455 2559 4508 erudirent.
2594 4456 2654 4506 Et
2680 4454 2871 4507 Esdras
2901 4453 3110 4520 quidem
3160 4453 3337 4520 legens
3365 4453 3555 4506 distin~

1991 4547 2066 4600 xit
2091 4547 2141 4599 io
2173 4546 2389 4599 scientia
2430 4545 2634 4597 Domini
2668 4562 2679 4595 :
2717 4543 2935 4613 populus
2968 4553 3140 4595 autem
3174 4544 3432 4597 intellexit
3478 4548 3554 4598 Ie-

1990 4638 2242 4696 ctionem,
2272 4644 2324 4689 et
2352 4634 2637 4687 celebravit
2668 4631 2951 4699 pascha,et
2974 4632 3201 4699 septimo
3222 4648 3403 4688 mense
3438 4634 3559 4688 fecit

1987 4728 2241 4796 jejunium
2275 4734 2321 4777 et
2345 4721 2733 4789 scenopegiam,
2754 4730 2809 4772 ut
2832 4720 3082 4788 scriptum
3114 4732 3192 4774 est
3224 4738 3237 4773 :
3269 4721 3387 4774 Non
3424 4725 3554 4791 ferc-

1989 4826 2106 4868 runt
2141 4815 2206 4865 ad
2235 4814 2363 4865 hunc
2392 4813 2591 4876 modum
2620 4830 2649 4863 α
2673 4812 2843 4864 diebus
2868 4811 3102 4879 Iesu/itii
3131 4811 3273 4865 Nave
3294 4814 3368 4881 (2.
3404 4814 3556 4867 Esdr.

1990 4906 2043 4957 8.
2074 4905 2134 4956 I7
2159 4904 2175 4970 )
2218 4902 2414 4954 Esdras
2437 4917 2562 4954 vero
2582 4916 2700 4954 cum
2730 4902 2947 4955 vidisset
2965 4904 3173 4955 Azotias
3192 4906 3435 4956 mulieres
3461 4904 3559 4956 lle.

1992 4992 2148 5045 bracis
2172 4992 2418 5058 conjugio
2442 4990 2671 5059 junctas,
2707 4991 2951 5044 omnibus
2979 4993 3236 5059 persuasit
3265 5004 3317 5043 ut
3340 4994 3557 5059 promit-

1991 5090 2162 5134 terent
2191 5094 2249 5133 se
2274 5081 2439 5149 legem
2476 5080 2568 5133 Dei
2599 5088 2921 5135 servaturos.
2944 5081 3006 5133 Et
3033 5080 3186 5148 rjecit
3227 5082 3340 5133 illas
3370 5081 3555 5133 mulie~

1990 5187 2112 5235 res,
2150 5181 2413 5239 tamquam
2465 5171 2801 5239 illegitimas,
2831 5180 2884 5224 et
2933 5170 3179 5239 jurarunt
3224 5171 3447 5223 universi
3496 5185 3555 5224 se

1992 5262 2163 5330 legem
2190 5271 2513 5316 servaturos.
2564 5263 2734 5329 Atque
2766 5262 2834 5314 ita
2866 5258 3173 5314 sanctiﬁcati
3215 5271 3266 5313 et
3297 5260 3548 5326 mundati,

1988 5351 2149 5405 Izetati
2185 5360 2329 5413 sunt,
2372 5360 2426 5405 et
2471 5349 2711 5403 abierunt
2783 5349 2972 5417 singuli
3020 5351 3069 5403 in
3126 5352 3335 5401 domum
3380 5364 3551 5405 suam.

2054 5487 2067 5517 ¹
2097 5484 2262 5534 Altera
2284 5485 2518 5546 Synepsis,
2535 5483 2786 5546 sexaginta
2808 5482 2898 5534 ira:
2920 5481 3053 5546 armi;
3074 5482 3216 5546 ritate.

2051 5548 2125 5617 (a)_
2148 5548 2271 5617 Huic
2298 5541 2515 5617 s'yno'psi'
2532 5541 2674 5617 primi
2702 5544 2822 5617 libri.
2842 5541 3304 5617 lfsdraausimilisest
3342 5549 3558 5617 synopsis

1992 5606 2215 5675 ejusdem
2228 5606 2350 5675 libri,
2368 5620 2475 5675 qua:
2488 5608 2617 5675 inter
2634 5620 2785 5675 opera
2797 5606 3037 5675 Athanasii
3064 5606 3321 5675 reperitur.
3341 5606 3421 5660 Qui
3444 5617 3560 5675 vero

1989 5658 2169 5731 [ii-imus
2368 5658 2493 5715 liber
2517 5668 2595 5715 hic
2616 5658 2803 5719 dicitur,
2831 5672 2903 5711 est
2928 5658 3193 5731 in_Vulgata
3212 5658 3401 5723 tertius,
3430 5672 3478 5711 et
3508 5666 3564 5713 ad

1994 5725 2173 5780 calcem
2197 5729 2449 5779 Bibliorum
2474 5731 2654 5790 positus
2678 5734 2813 5775 extra
2829 5725 3096 5773 canonicos.
