4138 6306
647 369 760 424 359

644 475 895 532 Narratur
921 482 1092 529 autem
1123 483 1175 527 et
1205 473 1304 526 hoc
1332 477 1397 527 de
1427 472 1614 538 Esdra,
1645 474 1781 542 quod
1808 489 1928 528 cum
1959 473 2076 527 libri
2107 488 2200 541 per

645 567 897 622 incuriam
921 565 1093 635 populi
1116 575 1166 618 et
1195 564 1492 619 diuturnam
1519 567 1870 634 captivitatem
1900 567 2194 634 periissem,

643 658 756 729 ipse
781 660 916 723 illos,
949 672 1066 710 eum
1093 657 1172 710 vir
1198 667 1339 711 esset
1359 657 1566 712 honesti
1597 657 1883 722 studiosus,
1914 657 2201 711 industrius

642 759 695 802 et
723 749 888 802 lector
909 789 923 813 ,
948 747 1084 817 apud
1127 763 1186 802 se
1231 749 1404 801 omnia
1432 748 1770 810 custodierit,
1801 762 1862 800 ac
1893 748 2199 815 protulerit,

643 853 704 891 ac
732 852 940 892 rursum
969 837 1214 901 ediderit,
1246 847 1400 905 atque
1427 838 1502 890 sic
1532 837 1691 889 libros
1717 837 2023 890 servaverit.

1215 945 1365 982 LIBER
1402 943 1622 982 ESTHER.

715 1020 810 1075 llic
834 1021 966 1078 liber
995 1021 1188 1074 Esther
1211 1030 1442 1081 vocatur,
1476 1020 1593 1086 quia
1634 1033 1727 1086 per
1755 1018 2027 1072 Estheram
2067 1018 2202 1072 Deus

642 1125 764 1164 mox
796 1111 1026 1164 funditus
1053 1112 1311 1179 perituros
1338 1109 1547 1163 Judmos
1575 1110 1820 1172 servavit,
1860 1109 2023 1162 Aman
2056 1123 2200 1171 vero,

642 1201 732 1267 qui
781 1199 998 1252 insidias
1051 1197 1479 1259 maehinabatur,
1543 1199 1819 1263 percussit.
1886 1198 2204 1250 Artaxerxes

643 1289 782 1342 enim
811 1303 902 1342 rex
930 1287 1228 1348 Persanmi,
1258 1285 1523 1354 repudiata
1551 1299 1712 1340 uxore
1738 1300 1851 1349 sua,
1873 1286 2026 1338 aliam
2050 1285 2101 1338 in
2123 1300 2204 1338 re-

643 1393 748 1446 gno
771 1393 886 1441 suo,
917 1393 1033 1446 qua:
1061 1379 1292 1430 omnium
1336 1385 1474 1430 esset
1517 1375 1860 1445 pulcherrima
1911 1384 1963 1428 et
2013 1374 2201 1428 formo-

643 1469 870 1532 sissima,
901 1468 997 1520 sibi
1025 1467 1268 1536 quaesivit
1299 1479 1543 1526 uxorem;
1575 1475 1623 1519 et
1657 1466 1865 1518 inventa
1885 1473 1964 1517 est
1991 1464 2200 1527 Esther,

641 1558 854 1613 natione
876 1558 1082 1612 Judzea.
1108 1557 1182 1610 Illi
1205 1565 1455 1625 cognatus
1480 1565 1592 1610 erat
1613 1556 1822 1609 nomine
1847 1554 2204 1607 Mardochaeus

643 1664 704 1702 ex
739 1648 1036 1716 captivitate
1062 1661 1177 1715 qure
1207 1645 1304 1699 sub
1333 1646 1546 1700 Sedecia
1575 1645 1706 1698 facta
1737 1644 1906 1698 fuerat
1939 1644 1989 1697 in
2020 1644 2202 1697 eadem

643 1738 876 1805 regione.
900 1736 1007 1790 Rex
1025 1736 1199 1804 itaque
1225 1750 1340 1788 cum
1373 1734 1643 1789 extulisset
1668 1749 1880 1787 suorum
1904 1732 2201 1802 quemdam,

644 1829 903 1880 Amanum
933 1827 1162 1890 nomine,
1192 1826 1417 1894 jusserat
1452 1825 1594 1878 illum
1622 1823 1687 1876 ab
1709 1823 1948 1876 omnibus
1975 1822 2201 1876 adorari.

643 1917 748 1970 Sed
791 1933 907 1969 cum
950 1915 1309 1970 Mardochazns
1355 1915 1604 1984 religione
1643 1929 1763 1982 erga
1806 1915 1967 1966 Deum
2008 1922 2201 1978 motus,

642 2006 910 2060 hominem
939 2021 1039 2059 non
1068 2005 1325 2066 adoraret,
1348 2020 1458 2058 rem
1489 2003 1697 2071 indigne
1718 2005 1832 2056 tulit
1854 2005 2038 2067 Aman,
2061 2018 2207 2056 cum-

643 2111 747 2166 que
785 2095 1052 2149 didicisset
1102 2096 1269 2164 ipsum
1309 2109 1425 2148 esse
1466 2093 1700 2148 Judaeum
1727 2136 1740 2157 ,
1792 2094 1897 2162 regi
1931 2093 2204 2146 Artaxerxi

642 2184 924 2253 persuadet
954 2193 1010 2237 ut
1051 2185 1246 2252 scripto
1289 2183 1467 2252 jubeat
1511 2183 1782 2236 universos
1828 2183 1880 2236 in
1921 2197 2082 2252 regno
2109 2198 2206 2235 suo

643 2274 854 2330 Judzeos
879 2291 984 2328 uno
1008 2274 1095 2328 die
1123 2275 1315 2328 mensis
1334 2273 1627 2328 duodecimi
1659 2274 1862 2342 penitus
1889 2283 1938 2328 et
1971 2272 2204 2327 funditus

645 2365 829 2419 deleri.
863 2364 940 2418 Re
964 2373 1232 2432 comperta
1259 2363 1636 2429 Mardochaeus,
1677 2364 1804 2416 luxit
1839 2373 1892 2417 et
1926 2364 2202 2431 jejunavit,

641 2463 798 2524 atque
822 2455 1059 2509 Esthera:
1087 2455 1228 2508 misit
1266 2469 1455 2524 rogans
1483 2470 1635 2524 Opem
1673 2455 1850 2510 ferret.
1893 2457 2083 2510 Esther
2113 2458 2207 2510 ita-

640 2561 747 2614 que
767 2547 1049 2614 prmmissis
1071 2546 1271 2614 jejunio
1298 2555 1353 2600 et
1375 2547 1760 2615 precationibus
1784 2546 1849 2600 ad
1881 2547 2062 2613 Deum,
2086 2564 2204 2601 mu-

642 2635 794 2689 liebri
819 2649 876 2688 se
901 2635 1095 2688 mundo
1119 2635 1319 2688 ornavit
1344 2653 1360 2688 :
1391 2649 1486 2688 nec
1509 2643 1689 2689 vocata
1713 2635 1903 2705 (neque
1927 2638 2066 2690 enim
2093 2646 2207 2690 erat

640 2723 838 2776 licitum
869 2737 973 2776 non
999 2725 1195 2775 vocatis
1222 2723 1367 2776 adire
1396 2723 1620 2792 regem),
1647 2734 1875 2777 attamen
1905 2725 2114 2778 intravit
2137 2725 2201 2779 ad

641 2828 838 2882 regem,
873 2827 974 2866 non
1006 2822 1304 2880 exspectata
1350 2814 1600 2880 temporis
1637 2815 2044 2881 Opportunitale,
2083 2831 2202 2882 spe-

641 2917 765 2957 rans
802 2901 1156 2972 precationem
1195 2902 1599 2969 opportunitatis
1636 2903 1751 2955 loco
1791 2903 2037 2958 futuram.
2075 2904 2201 2957 Cum

642 3003 815 3050 autem
847 3010 938 3049 rex
967 2995 1294 3048 insolentiam
1337 2992 1456 3047 iacti
1487 2994 1781 3056 miraretur,
1816 2994 1900 3046 illa
1929 2995 1980 3047 in
2011 3003 2200 3048 terram

641 3101 752 3155 pra:
786 3093 926 3139 metu
953 3085 1183 3152 collapsa
1211 3093 1308 3138 est.
1343 3085 1408 3137 At
1446 3085 1585 3153 regis
1629 3086 1952 3140 iracundiam
1987 3088 2122 3142 Deus
2152 3087 2201 3140 in

641 3190 852 3228 suavem
883 3173 1126 3228 affectum
1169 3184 1222 3228 et
1260 3174 1709 3228 mansuetudinem
1755 3177 1996 3240 mutavit,
2039 3177 2106 3230 ita
2147 3187 2202 3229 ut

639 3279 860 3334 surgens
883 3273 1194 3332 prostratam
1233 3263 1372 3317 illam
1401 3265 1643 3332 erigeret,
1678 3273 1731 3318 et
1771 3275 1966 3319 metum
2008 3281 2204 3335 ponere

641 3353 958 3417 hortaretur,
993 3354 1096 3406 imo
1116 3354 1380 3421 optionem
1411 3353 1559 3406 daret
1585 3353 1790 3421 petendi
1822 3355 2067 3423 quidquid
2098 3356 2205 3410 vel-

641 3443 735 3497 let.
767 3442 854 3497 Illa
887 3451 942 3495 ut
971 3460 1060 3496 rex
1089 3458 1206 3497 cum
1245 3446 1445 3496 Amano
1480 3443 1546 3496 ad
1587 3444 1880 3496 convivium
1916 3459 2066 3498 suum
2110 3461 2202 3498 ve-

640 3532 757 3584 nire
787 3529 1112 3598 dignaretur,
1151 3545 1254 3584 non
1280 3534 1463 3594 semel,
1495 3533 1588 3585 sed
1623 3534 1853 3586 secundo
1879 3549 2085 3601 quoque
2113 3550 2203 3602 pe-

641 3621 739 3673 tiit.
773 3621 936 3673 Aman
963 3635 1070 3686 pra:
1085 3619 1272 3687 gaudio
1293 3619 1492 3674 eﬁ'hsns
1511 3635 1573 3673 ac
1589 3623 1835 3690 gestiens,
1859 3623 1995 3691 quod
2013 3622 2201 3692 dignus

641 3713 923 3768 haberetur
957 3727 984 3764 a
1017 3713 1192 3781 regina
1230 3713 1435 3776 vocari,
1479 3711 1649 3764 adhuc
1690 3713 1913 3780 amplius
1951 3713 2201 3768 adversus

639 3804 1028 3860 Mardochzeum
1055 3803 1352 3872 erigebatur
1381 3820 1394 3855 :
1426 3803 1728 3872 curavitque
1756 3804 1951 3871 lignum
1979 3804 2201 3859 sublime

640 3896 830 3959 excidi,
858 3897 1042 3949 volens
1068 3897 1119 3949 in
1159 3910 1222 3949 eo
1259 3903 1509 3964 sequente
1534 3895 1619 3948 die
1648 3895 1968 3963 suspendere
1994 3895 2200 3949 Mardo-

641 3988 868 4043 chzeum.
901 3987 1010 4041 Rex
1039 4001 1165 4040 vero
1197 3985 1331 4038 bona
1359 3983 1582 4053 quadam
1617 3985 1965 4052 providentia,
1994 3995 2198 4039 noctem

639 4079 780 4134 illam
808 4079 955 4131 duxit
983 4079 1295 4137 insomnem,
1329 4086 1379 4130 et
1404 4091 1522 4129 cum
1549 4075 1780 4130 dormire
1809 4076 2199 4144 nequiret,jus-

634 4167 710 4222 sit
733 4167 829 4220 sibi
856 4166 1263 4220 commentarios
1305 4175 1538 4219 actorum
1569 4179 1780 4219 suorum
1819 4165 1932 4235 legi.
1967 4165 2201 4235 Cumque

642 4256 965 4323 legerentur,
996 4263 1207 4308 ventum
1237 4264 1316 4308 est
1344 4254 1408 4308 ad
1435 4270 1552 4308 eum
1594 4255 1787 4320 locum,
1818 4256 1867 4308 in
1913 4269 2017 4323 quo
2073 4257 2205 4311 scri-

639 4351 782 4411 ptum
805 4353 917 4397 erat
935 4342 1242 4396 beneﬁcium
1267 4344 1420 4412 regia
1442 4343 1765 4396 Mardochmo
1778 4344 2040 4397 collatum.
2062 4345 2199 4399 Duos

640 4433 780 4486 enim
805 4432 1072 4486 eunuchos
1121 4432 1229 4502 regi
1275 4432 1618 4497 insidiantes,
1665 4434 1771 4502 regi
1816 4434 2118 4500 prodiderat
2147 4444 2199 4487 et

639 4521 959 4576 convicerat.
989 4519 1082 4574 llic
1111 4535 1204 4573 rex
1243 4520 1310 4574 ob
1341 4519 1652 4574 Mardochzei
1678 4521 1907 4575 ofﬁcium
1935 4531 2082 4590 grato
2116 4522 2196 4574 af-

639 4608 804 4660 fectus
829 4609 1024 4671 animo,
1052 4607 1320 4677 quaarehat
1342 4623 1568 4678 quonam
1595 4610 1736 4661 illum
1761 4609 1960 4664 honore
1983 4625 2076 4678 pro
2098 4610 2198 4664 hoc

640 4694 894 4748 beneﬁcio
916 4697 1157 4750 donaret.
1185 4696 1312 4751 Cum
1341 4707 1516 4753 autem
1548 4713 1701 4752 mane
1721 4699 1785 4752 ad
1811 4715 1930 4752 eum
1959 4700 2199 4769 ingrede-

641 4793 782 4838 retur
805 4786 994 4849 Aman,
1023 4787 1208 4853 quaerit
1234 4788 1298 4842 ab
1321 4787 1410 4842 illo
1447 4804 1562 4855 rex,
1589 4804 1816 4857 quonam
1854 4799 1907 4844 et
1933 4792 2071 4859 quali
2099 4791 2197 4844 ho-

641 4887 769 4926 nore
789 4872 976 4939 dignus
1004 4873 1073 4924 sit
1101 4873 1164 4936 is,
1194 4876 1278 4941 qui
1315 4890 1488 4944 regem
1517 4877 1774 4931 beneﬁcio
1806 4877 2084 4932 affecisset.
2115 4879 2194 4933 Ad

641 4961 743 5014 hoc
771 4961 955 5022 Aman,
983 4975 1100 5013 cum
1127 4973 1186 5014 se
1209 4963 1550 5017 arbitraretur
1573 4980 1692 5019 eum
1720 4981 1857 5033 esse,
1889 4967 1954 5021 de
1975 4983 2079 5038 quo
2104 4984 2194 5022 rex

641 5052 926 5119 quzerebat,
955 5051 1163 5120 dignum
1191 5067 1310 5106 esse
1347 5053 1478 5106 dixit
1514 5056 1600 5123 qui
1640 5058 1901 5112 secundus
1927 5075 2018 5113 rex
2039 5075 2195 5115 voca-

641 5148 803 5195 retur.
827 5140 936 5193 Rex
978 5142 1130 5210 igitur
1158 5141 1542 5196 Mardochteum
1574 5145 1664 5198 illo
1693 5146 1894 5199 honore
1919 5149 2194 5216 celebrari,

641 5239 694 5286 et
718 5232 884 5285 Aman
915 5239 1036 5286 ante
1065 5233 1203 5286 illum
1227 5234 1510 5303 procedere
1535 5235 1708 5302 jussit.
1734 5237 1926 5292 Esther
1951 5254 2077 5294 vero
2104 5257 2197 5310 op—

641 5322 1011 5392 portunitatem
1048 5335 1195 5377 nacta
1239 5339 1333 5393 pro
1373 5324 1567 5380 Judazis
1605 5328 1792 5380 oravit.
1839 5329 2034 5384 Deinde
2075 5347 2194 5385 cum

642 5426 735 5467 rex
760 5427 986 5467 maerore
1010 5411 1225 5468 aii'ectus
1255 5424 1466 5483 propter
1493 5416 1762 5486 indignum
1787 5427 1969 5472 contra
1986 5421 2197 5475 Judzeos

643 5499 902 5562 edictum,
955 5509 1008 5554 et
1059 5498 1308 5557 adversus
1363 5505 1616 5558 Amanum
1659 5507 1823 5561 iratus
1862 5523 2034 5575 esset,
2086 5511 2197 5578 ipse

644 5591 833 5654 Aman,
863 5607 984 5662 rege
1019 5591 1255 5658 absente,
1294 5594 1528 5648 Estherte
1566 5596 1892 5664 supplicavit,
1932 5599 1997 5652 ad
2026 5614 2195 5668 genua

645 5682 782 5739 illius
811 5685 1155 5752 procumbens
1185 5693 1340 5754 atque
1366 5686 1603 5741 adorans.
1627 5686 1757 5754 Rex,
1784 5702 1902 5744 cum
1929 5689 2194 5758 ingressus

1375 359 1425 414 S.
1468 358 1738 414 JOANNIS
1774 356 2240 414 CHRYSOSTOMI
2279 355 2587 411 ARCHIEP.
2627 357 3148 413 CONSTANTINOP.

3760 369 3903 424 360

2311 473 2511 526 videret
2541 475 2800 528 Amanum
2823 490 2990 544 genua
3016 477 3206 544 reginae
3230 477 3549 546 contingere,
3576 477 3899 546 suspicatus

2307 563 2444 631 qttod
2472 564 2807 632 turpitudinis
2831 581 2984 619 causa
3012 566 3063 619 id
3099 566 3326 632 faceret,
3349 567 3503 635 jussit
3529 571 3692 621 Aman
3727 569 3782 622 in
3817 567 3897 618 li-

2306 668 2432 722 gno,
2462 654 2604 723 quod
2641 655 2970 709 Mardochteo
3009 666 3300 724 paraverat,
3343 658 3622 724 suspendi;
3657 658 3898 727 scripsit

2306 753 2476 795 autem
2495 752 2551 796 ut
2571 743 2954 813 Judteiquidem
2969 760 3150 800 omnes
3172 747 3526 800 incolumitate
3547 747 3893 809 fruerentur,

2308 834 2487 887 hostes
2514 849 2642 888 vero
2680 851 2860 888 eorum
2892 837 2958 889 ab
2994 837 3096 890 illis
3137 837 3576 890 interimerentur.
3606 837 3898 890 Numerus

2306 936 2479 978 autem
2509 941 2690 979 eorum
2712 928 2797 995 qui
2828 942 2855 979 a
2884 927 3076 980 Judaeis
3096 929 3253 981 occisi
3283 939 3422 992 sunt,
3453 929 3545 981 fuit
3564 928 3896 998 quindecim

2308 1016 2525 1068 millium
2557 1034 2570 1069 :
2614 1016 2833 1085 ideoque
2873 1017 2987 1071 festi
3030 1017 3132 1071 illis
3159 1018 3273 1071 dies
3311 1017 3453 1072 fuere
3502 1018 3611 1070 dies
3646 1028 3899 1087 quartus

2306 1105 2559 1169 decimus,
2593 1118 2646 1159 et
2687 1109 2901 1176 quintus
2930 1107 3162 1161 decimus
3193 1109 3388 1161 mensis
3418 1108 3728 1170 duodecimi,
3776 1109 3896 1175 qui

2307 1205 2521 1248 vocatur
2548 1195 2707 1248 Adar.
2739 1196 2964 1250 Vocatur
2989 1207 3161 1250 autem
3191 1198 3274 1250 illa
3297 1198 3410 1252 dies
3438 1199 3662 1265 ipsorum
3688 1199 3896 1265 lingua

2308 1283 2500 1336 Phura.
2530 1285 2858 1354 Quapropter
2904 1288 2987 1340 illa
3035 1288 3120 1341 die
3163 1288 3329 1341 Juda-i
3363 1289 3617 1340 Amanum
3645 1288 3900 1340 combu-

2309 1381 2447 1436 runt,
2480 1382 2531 1426 et
2559 1374 2746 1428 festum
2770 1376 2907 1429 diem
2933 1387 3092 1444 agunt
3123 1377 3304 1430 salutis
3327 1377 3553 1445 ipsorum
3587 1377 3907 1429 memoria-

2310 1461 2432 1516 lem.
2457 1460 2510 1516 in
2539 1462 2722 1533 hisque
2753 1467 3058 1518 terminatur
3080 1467 3232 1520 liber.

2900 1572 3048 1610 LIBER
3087 1573 3262 1611 TOBIT.

2379 1642 2532 1696 Tobit
2557 1654 2773 1697 vocatur
2804 1645 2884 1699 hic
2907 1647 3054 1710 liber,
3087 1647 3206 1715 quia
3231 1647 3390 1714 ipsius
3415 1646 3566 1699 Tobit
3593 1646 3908 1701 historiam

2308 1734 2555 1787 continet.
2583 1733 2706 1787 Erat
2729 1744 2900 1788 autem
2922 1735 3074 1789 Tobit
3099 1735 3164 1790 de
3191 1737 3323 1789 tribu
3356 1735 3704 1803 Nephthalim,
3738 1737 3902 1791 fuit-

2309 1838 2411 1890 qne
2453 1824 2502 1876 in
2544 1825 2894 1892 captivitatem
2936 1826 3211 1890 adductus,
3241 1835 3292 1879 et
3317 1826 3539 1894 degebat
3577 1829 3623 1880 in
3651 1829 3912 1884 civitate

2308 1911 2512 1976 Ninive,
2538 1913 2834 1966 misericors
2853 1928 2914 1966 ac
2942 1914 3234 1982 religiosus.
3267 1916 3468 1969 Etenim
3491 1931 3606 1970 cum
3627 1917 3676 1968 in
3698 1921 3908 1985 capti—-

2307 2005 2466 2057 vitate
2491 2014 2652 2070 esset,
2679 2020 3006 2058 communem
3037 2021 3221 2073 panem
3246 2021 3308 2060 ex
3329 2007 3569 2075 gentibus
3597 2022 3697 2060 non
3722 2022 3911 2062 corn—

2309 2093 2435 2157 edit,
2477 2094 2568 2148 sed
2611 2096 2841 2162 seipsum
2894 2096 3188 2150 custodivit.
3252 2098 3376 2150 Erat
3425 2109 3594 2151 autem
3639 2115 3904 2154 annomc

2310 2185 2584 2252 prmfectus
2613 2185 2748 2254 apud
2793 2202 2967 2255 regem
3012 2187 3406 2250 Encmasarum,
3437 2197 3492 2242 et
3534 2189 3775 2256 deposuit
3833 2191 3904 2244 in

2307 2275 2472 2328 Media
2495 2276 2676 2329 decem
2703 2277 2891 2330 talenta
2917 2278 3051 2344 apud
3081 2275 3382 2331 Gabaelem.
3413 2277 3499 2330 lsti
3528 2293 3686 2346 porro
3707 2278 3903 2333 Tobit

2308 2365 2534 2421 studium
2561 2375 2671 2419 erat
2698 2366 2980 2436 sepeliendi
3013 2375 3248 2419 mortuos
3269 2383 3333 2420 ex
3355 2367 3567 2420 Judteis.
3602 2367 3761 2435 Hujus
3797 2371 3902 2421 rei

2308 2457 2470 2524 gratia
2494 2456 2696 2509 delatus
2735 2456 2799 2509 ad
2835 2471 3012 2524 regem
3040 2456 3358 2520 Achirelem,
3401 2457 3519 2526 fuga
3549 2458 3642 2510 sibi
3669 2472 3910 2511 consu—

2312 2545 2426 2598 luit.
2460 2545 2854 2614 Regressusque
2879 2561 2909 2600 e
2941 2545 3056 2615 fuga
3078 2587 3091 2608 ,
3133 2562 3250 2600 cum
3285 2557 3602 2600 mortuorum
3642 2548 3909 2615 aliquem

2308 2634 2600 2702 sepelisset.
2626 2643 2774 2688 extra
2810 2649 2987 2688 muros
3012 2635 3343 2698 obdormivit,
3368 2646 3420 2688 et
3449 2651 3565 2689 cum
3602 2650 3692 2703 pro
3720 2651 3909 2690 more

2308 2738 2405 2776 suo
2434 2733 2642 2790 apertos
2671 2722 2890 2777 haberet
2916 2725 3051 2778 inter
3075 2724 3436 2778 dormiendum
3465 2725 3658 2788 oculos,
3690 2740 3908 2791 passe-

2307 2812 2452 2866 ribus
2477 2827 2702 2880 superne
2728 2815 2778 2866 in
2806 2815 2983 2867 oculos
3019 2815 3132 2881 ejus
3158 2825 3361 2869 stercus
3393 2816 3769 2875 emittentibus,
3802 2818 3909 2868 al-

2309 2899 2551 2967 buginem
2587 2900 2866 2964 contraxit,
2910 2916 3075 2969 neque
3109 2902 3241 2954 ultra
3281 2902 3510 2955 videbat.
3539 2903 3658 2955 Erat
3688 2914 3906 2958 autem

2308 2987 2587 3041 Ecbatanis
2629 2988 2730 3041 ﬁlia
2761 2988 3003 3057 Raguclis
3032 2991 3236 3058 cognati
3267 2991 3427 3059 ipsius
3454 2991 3607 3046 Sarra
3633 2993 3905 3048 nomine.

2308 3076 2451 3131 lianc
2471 3078 2676 3132 daemon
2706 3079 3012 3133 Asmodteus
3033 3095 3133 3133 non
3164 3081 3493 3149 permittebat
3519 3090 3574 3134 ut
3596 3082 3907 3151 quisquam

2309 3184 2524 3224 uxorem
2568 3169 2784 3224 duceret
2817 3189 2830 3224 :
2858 3171 2964 3239 jam
3011 3171 3150 3224 enim
3195 3181 3394 3239 septem
3451 3173 3724 3239 occiderat,
3789 3179 3908 3244 qui

2308 3259 2448 3312 illam
2475 3274 2716 3327 sponsam
2745 3269 3072 3328 acceperant.
3103 3261 3324 3329 Propter
3354 3259 3488 3315 hanc
3515 3277 3716 3314 causam
3743 3277 3909 3320 cum

2307 3348 2648 3402 vehementer
2686 3349 2990 3402 contristata
3043 3359 3199 3414 esset,
3246 3351 3446 3414 oravit;
3497 3351 3734 3418 misitque
3804 3353 3904 3407 illi

2309 3436 2447 3490 Deus
2494 3438 2852 3490 auxiliatorem
2912 3437 3227 3504 Raphaelem
3280 3439 3663 3507 archangelum.
3709 3439 3907 3496 Tobit

2306 3527 2479 3593 igitur,
2507 3541 2624 3579 cum
2649 3526 2756 3578 ﬁlio
2777 3541 2872 3580 suo
2896 3527 3072 3581 Tobize
3098 3528 3406 3595 prurciperet
3439 3543 3503 3581 ne
3529 3528 3621 3582 sibi
3651 3529 3906 3587 aliunde

2305 3630 2543 3680 uxorem,
2573 3631 2724 3684 quam
2752 3632 2814 3670 ex
2847 3617 2985 3670 tribu
3029 3627 3078 3670 et
3125 3619 3437 3687 cognatione
3479 3633 3570 3671 sua
3597 3618 3840 3674 duceret
3881 3669 3904 3690 ,

2305 3704 2393 3758 dat
2419 3705 2490 3757 illi
2521 3705 2926 3774 chirographum
2954 3707 3134 3760 decem
3163 3708 3496 3771 talentorum,
3526 3708 3904 3778 prtecipitque

2304 3803 2362 3848 ut
2390 3794 2540 3848 abeat
2569 3803 2620 3848 et
2655 3804 2854 3864 repetat
2896 3795 3002 3848 illa.
3046 3795 3205 3848 Filius
3231 3805 3426 3859 autem,
3457 3812 3570 3849 cum
3602 3811 3696 3848 nec
3723 3798 3900 3853 viam

2306 3893 2503 3949 nosset,
2533 3899 2629 3937 nec
2669 3882 2932 3937 hominem
2965 3883 3029 3937 ad
3059 3900 3213 3953 quem
3256 3895 3368 3938 erat
3408 3885 3900 3952 proﬁciscendum,

2305 3989 2543 4043 egressus
2573 3984 2652 4029 est
2681 3985 2738 4028 ut
2765 3977 2861 4028 via:
2885 3975 2980 4028 sibi
3007 3977 3203 4029 socium
3237 3985 3513 4044 qutereret,
3542 3985 3592 4027 et
3621 3975 3710 4027 Dei
3729 3991 3900 4043 pro-

2305 4067 2530 4121 videntia
2559 4066 2739 4120 incidit
2769 4067 2819 4120 in
2849 4066 3185 4135 Raphaelem,
3219 4067 3308 4134 qui
3339 4066 3562 4118 hominis
3591 4064 3758 4117 forma
3806 4068 3900 4120 fo-

2305 4157 2377 4210 ris
2404 4157 2591 4220 stabat,
2625 4157 2896 4225 pretioque
2934 4157 3076 4209 illum
3115 4156 3382 4218 conduxit,
3415 4172 3478 4209 eo
3503 4154 3636 4224 quod
3668 4171 3727 4208 se
3769 4161 3899 4213 via:

2305 4245 2458 4316 hujus
2485 4262 2702 4316 gnarum
2729 4261 2844 4300 esse
2882 4247 3096 4301 diceret.
3138 4247 3430 4301 Comitatus
3467 4249 3633 4315 itaque
3669 4257 3754 4300 est
3815 4250 3900 4302 il-

2304 4339 2409 4390 lum
2431 4337 2773 4406 archangelus
2803 4338 2853 4390 in
2885 4341 3057 4405 specie
3084 4338 3330 4402 hominis,
3359 4340 3446 4407 qui
3479 4339 3689 4392 Azarias
3712 4338 3898 4394 dice-

2303 4440 2466 4482 retur.
2490 4428 2616 4482 Cum
2648 4438 2820 4481 autem
2845 4428 2908 4481 ad
2939 4429 3203 4497 Tigridem
3240 4445 3403 4499 usque
3429 4429 3633 4483 ﬂuvium
3669 4445 3899 4497 perve-

2303 4519 2521 4582 nissent,
2547 4517 2752 4571 volebat
2771 4517 2960 4572 Tobias
2987 4519 3036 4571 in
3064 4519 3206 4573 illum
3233 4521 3434 4573 lavandi
3455 4520 3614 4589 gratia
3635 4519 3893 4576 descen-

2301 4609 2445 4674 dere,
2474 4619 2524 4663 et
2548 4625 2666 4664 mox
2690 4610 2844 4676 piscis
2868 4611 3048 4680 ingens
3073 4612 3268 4666 insiluit
3295 4614 3343 4664 in
3373 4627 3606 4679 puerum.
3624 4612 3896 4681 Angelus

2301 4716 2427 4754 vero
2465 4702 2729 4770 praecepit,
2765 4710 2821 4754 ut
2853 4703 3047 4770 piscem
3091 4703 3228 4756 hunc
3264 4703 3678 4770 apprehenderct
3720 4716 3783 4758 et
3828 4711 3899 4762 in

2302 4791 2465 4844 frusta
2495 4800 2718 4852 secaret,
2754 4801 2910 4859 atque
2943 4792 3079 4844 illius
3110 4791 3290 4857 hepar,
3317 4805 3410 4844 cor
3434 4800 3486 4845 et
3514 4791 3664 4846 bilem
3695 4792 3896 4850 desu-

2302 4890 2488 4943 meret,
2520 4891 2573 4932 et
2602 4888 2853 4933 servaret.
2899 4879 3133 4946 Rogaute
3173 4891 3353 4946 postea
3398 4895 3580 4947 puero,
3611 4881 3660 4934 in
3697 4898 3896 4949 quem

2301 4986 2452 5024 usum
2496 4970 2580 5024 illa
2621 4970 2805 5034 forent,
2857 4970 3173 5038 respondit:
3217 4969 3392 5039 Hepar
3428 4981 3481 5025 et
3518 4987 3606 5027 cor
3641 4972 3897 5032 incensa

2301 5060 2590 5113 daemonem
2639 5058 2891 5128 fugabunt
2919 5075 2930 5111 :
2960 5058 3076 5111 bilis
3111 5073 3238 5112 vero
3263 5060 3530 5113 oculorum
3560 5061 3896 5129 albuginem

2301 5153 2619 5222 repurgabit.
2662 5150 2826 5218 Hujus
2861 5164 2961 5218 ope
3005 5159 3057 5204 et
3097 5152 3320 5205 consilio
3353 5152 3544 5206 Tobias
3577 5151 3730 5204 ﬁliam
3757 5152 3899 5210 Ra-

2300 5243 2466 5311 guelis
2493 5243 2700 5297 Sarram
2731 5254 2942 5294 uxorem
2977 5240 3144 5304 duxit,
3176 5257 3294 5296 cum
3336 5242 3425 5296 illo
3458 5241 3629 5297 sumtu
3654 5241 3896 5299 daemo-

2302 5350 2422 5390 nem
2449 5335 2693 5402 l'ugasset,
2717 5333 2804 5401 qui
2832 5333 2882 5386 in
2909 5335 3268 5402 superioribus
3299 5334 3507 5404 Egypti
3535 5335 3776 5404 partibus
3810 5342 3899 5395 ab

2301 5424 2484 5493 angelo
2515 5423 2700 5491 ligatus
2740 5431 2839 5475 est.
2881 5423 3012 5475 Dum
3053 5431 3226 5477 autem
3266 5439 3384 5477 cum
3425 5438 3585 5477 uxore
3621 5439 3901 5484 maneret

2301 5513 2512 5576 Tobias,
2556 5511 2793 5564 Azariam
2837 5521 3097 5582 tamquam
3127 5513 3390 5567 hominem
3427 5512 3478 5566 in
3506 5512 3726 5566 Mediam
3763 5519 3898 5571 mi-

2304 5601 2370 5655 sit
2399 5618 2412 5652 :
2441 5615 2664 5668 cumque
2705 5614 2798 5666 per
2829 5601 2971 5654 illum
3014 5601 3197 5655 decem
3227 5601 3418 5654 talenta
3454 5600 3771 5668 recepisset.
3816 5611 3899 5665 ad

2306 5700 2502 5760 patrem
2534 5707 2631 5744 una
2661 5707 2779 5745 cum
2811 5691 2899 5746 illo
2933 5701 2985 5747 et
3024 5706 3184 5747 uxore
3216 5707 3307 5746 sua
3350 5706 3593 5745 reversus
3622 5703 3729 5746 est.
3758 5693 3892 5752 Re.
