4152 6324
274 355 384 412 359

259 474 417 536 αὐτὸς
450 474 703 544 Ἔσδρας,
737 473 1017 542 φιλόκαλος
1043 474 1117 528 ὢν
1160 476 1251 528 καὶ
1283 477 1503 546 εὐφυὴς,
1540 477 1633 528 καί
1680 476 1809 529 ἀνα-

256 556 522 623 γνώστης.
555 554 781 621 ἐφύλαξε
806 556 999 620 πάντα,
1042 558 1133 608 καί
1153 556 1334 609 λοιπὸν
1363 559 1686 627 προήνεγκε,
1719 557 1811 608 καὶ

260 636 419 690 πάλιν
446 638 726 689 ἐκδέδωκε·
763 638 853 689 καὶ
886 637 1024 689 οὕτω
1054 636 1371 699 διασώζεται
1402 637 1469 689 τά
1493 637 1691 705 βιϐλία.

810 771 1028 838 Ἔσθὴρ
1058 771 1319 835 βιϐλίον.

341 883 539 953 Ἐσθὴρ
568 884 802 937 καλεῖται
836 886 893 937 τὸ
928 885 1146 953 βιϐλίον,
1170 882 1465 951 ἐπειδὴδιά
1492 881 1586 950 τῆς
1616 880 1810 948 Ἐσθὴρ

261 965 289 1016 6
309 964 439 1026 Θεὸς
462 964 747 1034 μέλλοντας
776 965 1063 1017 ἀπολέσθαι
1089 964 1333 1032 παγγενῆ
1352 965 1475 1024 τοὺς
1508 961 1806 1022 Ἰουδαίους,

260 1046 457 1106 αὐτοὺς
486 1047 580 1115 μὲν
617 1046 854 1111 διέσωσε,
888 1046 974 1098 τὸν
1012 1047 1068 1098 δέ
1106 1046 1275 1115 Ἀμάν
1320 1043 1693 1097 ἐπιϐουλεῦσαι
1725 1042 1808 1093 θε-

261 1126 496 1195 λήσαντα
529 1129 811 1191 ἐπάταξεν.
854 1127 1210 1198 Ἀρταξέρξης
1235 1130 1341 1197 γάρ
1374 1128 1401 1178 ὁ
1438 1126 1685 1194 βασιλεὺς
1714 1124 1809 1192 τὴν

263 1208 394 1259 ἰδίαν
429 1208 667 1260 ἐκϐαλὼν
704 1211 952 1275 γυναῖκα,
990 1205 1244 1278 ἐζήτησεν
1278 1211 1333 1259 tv
1362 1210 1425 1276 τῇ
1455 1207 1693 1277 βασιλείᾳ
1717 1207 1810 1256 αὐ-

260 1288 350 1339 τοῦ
394 1288 491 1356 τὴν
542 1289 754 1343 πάντων
802 1291 1088 1357 καλλίστην
1136 1286 1296 1341 οὖσαν
1342 1290 1433 1341 καὶ
1479 1288 1808 1359 ὡραιοτέραν

260 1368 438 1420 λαϐεῖν
472 1370 643 1435 ἐαυτῷ
680 1374 926 1437 γυναῖκα·
971 1373 1063 1423 καὶ
1107 1371 1300 1441 εὑρέθη
1336 1370 1530 1438 Ἑσθὴρ
1560 1369 1619 1420 τὸ
1659 1370 1808 1434 γένος

271 1450 494 1503 Ἰουδαία
524 1452 878 1520 τυγχάνουσα.
910 1448 1015 1504 Ἦν
1044 1453 1099 1504 δὲ
1132 1454 1223 1504 καὶ
1249 1450 1585 1519 Μαρδοχαῖος
1616 1465 1808 1516 συγγε-

257 1531 351 1599 νὴς
384 1532 554 1599 αὐτῆς
582 1533 686 1584 ἀπὸ
720 1534 813 1602 τῆς
839 1534 1209 1602 αἰχμαλωσίας
1241 1532 1341 1600 τῆς
1386 1531 1680 1599 γενομένης
1719 1530 1808 1581 ἐπὶ

258 1612 504 1664 Σεδεκίου
531 1614 587 1664 ἐν
616 1614 749 1683 αὐτῇ
791 1616 855 1683 τῇ
899 1613 1071 1683 χώρᾳ.
1118 1614 1174 1665 Ὀ
1216 1608 1305 1664 οὖν
1354 1610 1598 1681 βασιλεὺς
1640 1610 1808 1679 μέγαν

256 1695 487 1763 ποιήσας
513 1695 603 1747 τὸν
622 1695 905 1764 λεγόμενον
946 1694 1134 1763 Ἀμάν,
1157 1693 1403 1745 ἐκέλευσε
1431 1691 1635 1753 πάντας
1651 1690 1808 1743 αὐτὸν

257 1780 597 1846 προσκυνεῖν.
645 1777 801 1829 Ἀλλά
831 1776 922 1828 τοῦ
946 1775 1283 1846 Μαρδοχαίου
1308 1778 1372 1844 τῇ
1397 1774 1530 1843 πρὸς
1558 1772 1687 1825 Θεὸν
1714 1772 1809 1823 λα-

258 1857 412 1927 τρεία
450 1857 523 1927 μὴ
572 1857 990 1927 προσκυνοῦντος
1031 1857 1119 1908 τὸν
1161 1856 1463 1925 ἄνθρωπον,
1507 1853 1747 1923 ὠργίσθη
1781 1855 1808 1905 6

271 1937 459 2006 Ἀμάν,
487 1940 576 1990 καὶ
606 1939 787 2008 μαθὼν
812 1940 891 1990 ὅτι
927 1938 1173 1999 Ἰουδαῖός
1206 1940 1348 1999 ἐστι,
1390 1936 1565 1989 πείθει
1597 1936 1685 1986 τὸν
1712 1934 1808 2003 βα-

262 2020 407 2071 σιλέα
444 2021 819 2090 Ἀρταξέρξην,
849 2021 940 2072 καὶ
968 2020 1167 2089 γράφει
1197 2019 1334 2071 ὥστε
1367 2020 1570 2079 πάντας
1594 2016 1716 2077 τοὺς
1752 2017 1807 2065 ἐν

259 2105 322 2169 τῇ
356 2101 599 2170 βασιλείᾳ
619 2102 779 2153 αὐτοῦ
814 2101 1094 2161 Ἰουδαίους
1114 2100 1421 2169 όλορρίζους
1441 2097 1728 2151 ἀπολέσθαι
1751 2098 1807 2148 ἐν

266 2184 358 2251 μιᾷ
388 2183 569 2252 ἡμέρᾳ
594 2182 668 2251 τῷ
694 2182 971 2252 δωδεκάτῳ
999 2182 1143 2251 μηνί.
1177 2181 1342 2233 Τοῦτο
1366 2181 1541 2233 τοίνυν
1571 2176 1752 2247 μαθὼν
1781 2180 1807 2230 6

261 2264 613 2333 Μαρδοχαῖος,
640 2266 868 2328 ἐπένθει,
906 2266 998 2317 καὶ
1030 2264 1316 2333 νηστεύων,
1360 2260 1682 2333 προύπεμψε
1710 2261 1806 2330 τὴν

273 2348 466 2419 Ἔσθὴρ
494 2350 655 2414 ἀξιῶν
687 2351 833 2421 παρά
860 2351 1024 2419 αὐτῆς
1046 2351 1292 2419 βοήθειαν
1318 2350 1583 2417 γενέσθαι.
1626 2349 1683 2399 'H
1708 2348 1807 2400 τοί-

261 2452 353 2488 νυν
390 2436 584 2505 Ἐσθὴρ
612 2436 967 2505 νηστεύσασα,
1003 2439 1095 2489 καὶ
1124 2436 1391 2505 εὐξαμένη
1423 2435 1500 2505 τῷ
1524 2434 1660 2504 Θεῷ,
1689 2434 1806 2487 ἐκόο

262 2539 463 2591 σμησεν
495 2524 688 2593 ἑαυτὴν
725 2524 801 2593 τῷ
841 2524 1125 2593 γυναικείῳ
1164 2525 1382 2593 κόσμῳ,
1435 2524 1527 2575 καὶ
1568 2523 1639 2592 μὴ
1674 2523 1805 2591 κλη-

260 2608 405 2659 θεῖσα
425 2609 546 2675 (οὐκ
567 2605 632 2678 ἦν
657 2608 762 2679 γὰρ
787 2610 902 2672 ἐξὸν
935 2609 1007 2679 μὴ
1030 2609 1316 2679 κληθεῖσαν
1343 2609 1641 2677 εἰσελθεῖν),
1660 2609 1806 2677 ὅμως

255 2693 467 2761 εἰσῆλθε
494 2694 641 2764 παρά
666 2696 755 2748 τὸν
784 2695 967 2764 καιρὸν
1002 2694 1137 2764 πρὸς
1168 2695 1256 2746 τὸν
1301 2694 1538 2762 βασιλέα,
1570 2694 1687 2745 ἀντὶ
1712 2691 1804 2744 τοῦ

257 2779 444 2847 καιροῦ
465 2784 528 2849 τῇ
556 2782 684 2849 εὑχῇ
714 2781 1006 2851 θαρροῦσα.
1041 2775 1173 2831 Εἶτα
1191 2780 1281 2831 τοῦ
1308 2779 1569 2847 βασιλέως
1599 2779 1808 2847 θαυμά-

256 2866 431 2929 (aveo;
458 2867 514 2917 τὸ
544 2866 707 2930 ξένον,
741 2867 929 2919 ἔπεσεν
959 2866 1134 2935 ἐκείνη
1172 2867 1275 2917 ἀπὸ
1308 2865 1400 2917 τοῦ
1435 2865 1619 2933 φόϐου.
1662 2864 1721 2919 Ὀ
1750 2866 1806 2917 δὲ

252 2953 381 3015 Θεὸς
417 2953 671 3023 μετέϐαλε
703 2954 791 3005 τὸν
829 2954 996 3023 θυμὸν
1028 2952 1120 3006 τοῦ
1163 2952 1424 3022 βασιλέως
1458 2955 1537 3015 εἰς
1563 2952 1804 3005 διάθεσιν

257 3039 346 3090 καὶ
376 3039 673 3107 πραότητα·
712 3040 803 3090 καὶ
832 3038 1064 3101 ἀναστὰς
1103 3038 1365 3091 ἐϐάστασε
1412 3040 1508 3107 τὴν
1546 3040 1803 3106 γυναῖκα,

257 3126 349 3176 καί
381 3125 671 3193 παρεκάλει
696 3125 861 3193 αὐτὴν
890 3126 961 3194 μὴ
987 3124 1281 3192 φοϐεῖσθαι,
1310 3124 1443 3177 ἀλλά
1465 3125 1555 3177 καί
1578 3125 1804 3192 ἠξίωσεν

257 3211 422 3281 αὐτὴν
447 3211 731 3269 αἰτεῖσθαι,
773 3210 825 3261 εἴ
862 3227 913 3261 τι
960 3210 1217 3279 βούλοιτο.
1272 3210 1332 3263 Ἢ
1365 3212 1420 3263 δὲ
1465 3212 1556 3265 ἐπὶ
1595 3211 1805 3264 δεῖπνον

256 3298 480 3367 ἠξίωσεν
514 3297 684 3349 ἐλθεῖν
718 3297 872 3349 αὐτόν
902 3314 958 3349 τε
998 3297 1085 3349 τὸν
1119 3296 1338 3365 βασιλέα
1358 3298 1452 3349 καὶ
1480 3298 1569 3349 τὸν
1615 3297 1801 3365 Ἀμάν,

255 3387 349 3453 οὐχ
383 3384 547 3447 ἀπαξ,
573 3383 707 3435 ἀλλά
741 3385 830 3435 καὶ
857 3384 1121 3453 δεύτερον.
1170 3386 1224 3436 Ὀ
1253 3385 1349 3453 μὲν
1371 3380 1461 3436 οὖν
1504 3384 1670 3452 Ἀμὰν
1695 3383 1807 3434 δια-

256 3471 436 3539 χυθεὶς
461 3471 553 3522 καὶ
576 3470 857 3538 γανωθεὶς,
901 3472 974 3533 ὡς
1004 3472 1108 3523 ὑπὸ
1140 3470 1235 3539 τῆς
1260 3470 1523 3539 βασιλίδος
1562 3469 1807 3531 ἀξιωθεὶς

254 3558 532 3627 κληθῆναι,
565 3558 642 3610 ἔτι
682 3558 875 3627 μᾶλλον
906 3560 1137 3627 ἐπήρετο
1157 3558 1297 3611 κατά
1326 3556 1416 3610 τοῦ
1442 3556 1802 3627 Μαρδοχαίου,

253 3647 343 3695 καὶ
396 3644 614 3712 ἐποίησε
667 3643 817 3706 ξύλον
850 3645 1081 3711 κοπῆναι
1140 3644 1300 3712 μέγα,
1358 3643 1675 3712 βουλόμενος
1716 3642 1805 3693 τὸν

252 3730 586 3797 Μαρδοχαῖον
618 3731 682 3798 τῇ
716 3731 837 3797 ἐξῆς
868 3729 1049 3799 ἡμέρᾳ
1077 3732 1132 3780 ὲν
1164 3728 1311 3798 αὐτῴ
1334 3729 1624 3798 κρεμάσαι.
1662 3729 1718 3779 Ὀ
1749 3728 1805 3779 δέ

254 3814 497 3883 βασιλεὺς
543 3817 681 3868 κατά
724 3831 843 3868 τινα
880 3816 1131 3888 πρόνοιαν
1169 3816 1408 3884 ἀγαθὴν,
1456 3815 1807 3885 ἀγρυπνήσας

255 3900 465 3970 ἐκείνην
491 3899 586 3970 τὴν
612 3899 798 3963 νύκτα,
822 3903 911 3953 καί⁵
942 3900 1014 3971 μὴ
1042 3901 1330 3971 δυνάμενος
1377 3902 1618 3953 ὑπνῶσαί
1637 3941 1651 3963 ,
1689 3900 1807 3952 ἐκέ-

255 3986 442 4040 λευσεν
495 3987 955 4057 ἀναγινώσκεσθαι
1011 3990 1158 4059 αὐτῷ
1210 3988 1314 4041 τῶν
1360 3989 1607 4058 πράξεων
1645 3988 1805 4039 αὐτοῦ

263 4076 319 4127 τὰ.
352 4076 731 4146 ὑπομνήματα.
770 4077 1304 4146 Ἀναγινωσκομένων
1340 4076 1395 4127 δὲ
1435 4074 1643 4134 αὐτῶν,
1682 4066 1805 4142 εὗρε

251 4163 447 4231 πρᾶξιν
473 4162 678 4232 ἀγαθὴν
712 4164 789 4225 εἰς
818 4164 975 4215 αὐτὸν
1006 4162 1300 4232 γενομένην
1331 4163 1433 4213 ὑπὸ
1471 4162 1562 4213 τοῦ
1596 4162 1807 4230 Μαρδο-

250 4252 422 4317 χαίου.
453 4247 553 4301 Δύο
590 4250 696 4317 γὰρ
717 4250 995 4320 εὐνούχους
1024 4251 1308 4319 μέλλοντας
1340 4249 1705 4302 ἐπιϐουλεύειν
1732 4248 1805 4317 τῷ

253 4335 459 4403 βασιλεῖ
496 4338 827 4406 κατήνεγκεν
856 4338 1001 4407 αὐτῷ
1017 4336 1092 4407 τῷ
1120 4338 1327 4409 βασιλεῖ
1355 4339 1447 4389 καὶ
1474 4337 1711 4406 ἤλεγξεν.
1750 4337 1807 4387 '0

249 4423 427 4477 τοίνυν
464 4424 709 4492 βασιλεὺς
755 4423 1149 4493 ἀποδεξάμενος
1193 4425 1291 4493 τὴν
1347 4424 1660 4495 προαίρεσιν
1713 4421 1806 4475 τοῦ

250 4509 610 4578 Μαρδοχαίου,
661 4508 839 4579 ἐζήτει
875 4512 1037 4579 τιμὴν
1072 4509 1227 4574 ἀξίαν
1258 4509 1335 4578 τῷ
1378 4509 1597 4575 τοιούτῳ
1630 4526 1807 4579 παραο

252 4598 413 4661 σχεῖν.
446 4595 530 4656 Ὠς
556 4596 611 4648 δὲ
628 4595 839 4663 εἰσῆλθε
869 4595 1012 4666 πρωῒ
1040 4596 1173 4666 πρὸς
1205 4594 1407 4648 αὐτὸνὸ
1436 4594 1624 4663 Ἀμάν,
1648 4596 1808 4645 ἐπυν-

252 4684 437 4735 θάνετο
468 4682 612 4755 [564]
637 4687 665 4737 ό
698 4685 943 4752 βασιλεὺς
994 4684 1154 4738 αὐτοῦ
1177 4727 1189 4744 ,
1228 4685 1413 4747 ὁποίας
1450 4685 1542 4736 καὶ
1572 4684 1807 4753 πηλίκης

250 4770 410 4839 τιμῆς
442 4770 590 4832 ἄξιός
618 4772 763 4824 ἐστιν
804 4775 833 4825 6
872 4772 961 4824 τὸν
990 4772 1209 4840 βασιλέα
1240 4772 1622 4841 εὐεργετήσας.
1665 4771 1720 4823 Ὀ
1752 4771 1808 4822 δὲ

263 4855 431 4925 Ἀμάν
454 4855 689 4923 νομίζων
716 4858 841 4929 περὶ
860 4857 1022 4910 αὐτοῦ
1046 4857 1409 4910 πυνθάνεσθαι
1440 4856 1529 4908 τὸν
1567 4856 1803 4925 βασιλέα,

252 4940 398 4997 εἶπεν
426 4944 571 5008 ἀξιον
605 4939 739 4996 εἶναι
786 4946 875 4996 τὸν
905 4945 1143 4998 τοιοῦτον
1178 4945 1425 5015 δεύτερον
1457 4944 1679 5012 βασιλέα
1712 4962 1808 4996 κα-

254 5030 473 5083 λεῖσθαι.
515 5030 572 5081 ὐ
608 5029 705 5098 μὲν
728 5025 819 5081 οῦν
848 5030 1095 5097 βασιλεὺς
1121 5030 1327 5083 κελεύει
1355 5030 1444 5082 τὸν
1473 5031 1807 5099 Μαρδοχαῖον

254 5120 349 5186 τῆς
382 5115 637 5184 τοιαύτης
686 5115 977 5183 ἀξιωθῆναι
1014 5117 1196 5185 τιμῆς,
1236 5118 1327 5169 καὶ
1371 5116 1460 5167 τὸν
1503 5115 1669 5182 Ἀμάν
1708 5115 1778 5182 ἐμ

255 5205 487 5275 προσθεν
518 5203 679 5256 αὐτοῦ
720 5206 1057 5272 περιπατεῖν.
1109 5205 1175 5256 Ἠ
1221 5204 1277 5255 δέ
1316 5203 1513 5273 Ἐσθὴρ
1542 5203 1807 5274 πρόφασιν

256 5292 507 5361 εὑροῦσα,
536 5290 731 5359 ἠξίωσε
762 5290 886 5358 περί
919 5289 1024 5342 τῶν
1066 5290 1350 5343 Ἰουδαίων.
1376 5286 1505 5343 Εἶτα
1534 5289 1626 5341 τοῦ
1660 5290 1809 5358 βασι-

256 5377 387 5439 λέως
420 5375 749 5445 λυπηθέντος
780 5375 871 5427 ἐειτλ⁵
897 5374 973 5443 τῷ
1001 5375 1297 5444 παρανόμῳ
1318 5375 1695 5445 προστάγματι
1733 5372 1809 5440 τῷ

256 5464 395 5515 κατά
415 5463 525 5515 τῶν
556 5462 835 5521 Ἰουδαίων,
862 5461 952 5512 καὶ
980 5458 1320 5527 ὀργισθέντος
1336 5460 1472 5512 κατὰ
1492 5458 1585 5511 τοῦ
1618 5458 1805 5527 Ἀμὰν,

256 5549 413 5610 αὐτὸς
437 5550 467 5601 6
510 5547 679 5617 Ἀμάν
716 5545 1007 5615 παρεκάλει
1052 5544 1146 5612 τὴν
1186 5544 1421 5615 Ἐσθὴρ,
1462 5546 1687 5608 ἀπόντος
1717 5546 1808 5597 τοῦ

315 5711 343 5741 ⁸
368 5710 581 5772 ίόίρωω
602 5708 809 5757 habetur
842 5708 889 5756 in
913 5708 1063 5756 altera
1087 5705 1310 5767 S_\'n0psi.

1289 362 1614 420 SYNOPSIS
1641 360 2048 420 SCRIPTURIE
2090 357 2357 415 SACRjE.

3367 348 3479 407 360

1927 474 2203 542 βασιλέως,
2231 472 2540 525 ἐπικύπτων
2573 466 2661 518 καὶ
2690 464 3000 535 προσκυνῶν
3031 462 3095 514 τΞι
3132 463 3328 527 γόνατα
3376 460 3467 509 αὐ-

1918 562 2037 628 τῆς.
2084 561 2139 611 Ὀ
2166 562 2218 611 δέ
2248 558 2493 628 βασιλεὺς
2528 556 2620 607 καὶ
2667 552 2922 623 ἑωρακὼς
2962 551 3049 602 τὸν
3093 549 3262 618 ’Λμάν
3302 546 3464 598 απτό-

1922 664 2078 716 μενον
2101 644 2209 697 τῶν
2240 645 2395 713 ίχνῶν
2425 644 2524 711 τῆς
2551 641 2881 710 βασιλίσσης,
2913 637 3209 704 ὑπονοήσας
3237 630 3472 701 αἰσχρῶς

1917 732 2075 783 αὐτὸν
2104 730 2257 782 τοῦτο
2290 732 2477 792 ποιεῖν,
2508 728 2787 779 ἐκέλευσεν
2829 724 2988 778 αὐτὸν
3038 722 3135 791 μὲν
3176 719 3263 771 τὸν
3303 716 3472 785 Ἀμάν

1918 820 1996 879 εἰς
2029 819 2088 869 τὸ
2118 818 2290 883 ξύλον,
2319 818 2452 884 ὅπερ
2480 812 2546 883 ῆν
2576 814 2861 883 ἑτοιμάσας
2882 811 2957 879 τῷ
2981 806 3325 877 Μαρδοχαίῳ,
3356 820 3474 870 κρε-

1921 904 2210 973 μασθῆναιο
2243 902 2440 971 γράφει
2485 902 2539 951 δὲ
2572 899 2748 951 ἄνεσιν
2783 900 2878 966 μὲν
2918 896 3057 964 ἔχειν
3108 892 3309 953 πάντας
3350 890 3474 949 τοὺς

1931 989 2230 1050 Ἰουδαίους,
2257 990 2381 1048 τοὺς
2419 987 2474 1038 δέ
2510 986 2733 1053 ἐχθροὺς
2768 981 2945 1034 αὐτῶν
2972 977 3319 1047 ἀναιρεθῆναι
3346 975 3472 1043 παρ’

1917 1074 2109 1126 αὐτῶν.
2167 1074 2272 1125 Καὶ
2313 1074 2361 1123 οἰ
2409 1073 2505 1141 μὲν
2532 1070 2901 1139 ἀναιρεθέντες
2930 1066 3035 1117 εἰσὶ
3067 1063 3243 1133 μύριοι
3282 1078 3475 1112 πεντα-

1918 1160 2189 1229 κισχίλιοι.
2232 1158 2422 1223 Γέγονε
2445 1157 2499 1207 δὲ
2528 1156 2685 1224 ἑορτὴ
2716 1158 2782 1224 τῇ
2817 1154 2877 1204 ιδ’
2910 1152 3000 1203 καὶ
3033 1150 3093 1201 ιε’
3156 1152 3214 1199 ἐν
3243 1146 3317 1215 τῷ
3348 1147 3475 1215 μηνὶ

1917 1246 1993 1312 τῷ
2020 1244 2321 1312 δωδεκάτῳ,
2360 1244 2506 1303 ὅστις
2561 1240 2804 1292 καλεῖται
2839 1236 3027 1305 Ἀδαρ.
3071 1234 3337 1287 Καλεῖται·
3362 1232 3415 1282 δὲ
3442 1232 3474 1298 ή

1917 1330 2095 1398 ἡμέρα
2147 1328 2282 1397 αὐτη
2333 1331 2399 1396 τῇ
2451 1327 2553 1395 ἰδίᾳ
2594 1325 2858 1392 διαλέκτῳ
2910 1322 3086 1374 αὐτῶν
3133 1318 3328 1387 Φουρά.
3378 1319 3474 1367 Δια

1915 1415 2067 1467 τοῦτο
2101 1414 2237 1467 κατά
2269 1414 2365 1481 τὴν
2394 1413 2601 1482 ἡμέραν
2642 1411 2841 1479 ταύτην
2883 1409 3121 1461 καίουσιν
3152 1409 3199 1458 οἱ
3239 1405 3474 1456 Ἰουδαῖοι

1916 1504 2003 1555 τὸν
2047 1502 2237 1571 Ἀμάν.
2269 1501 2361 1553 καί
2412 1499 2758 1569 ἑορτάζουσι,
2799 1497 3136 1567 μνημόσυνον
3177 1490 3339 1545 οὖσαν
3378 1491 3474 1559 τῆς

1918 1588 2187 1657 σωτηρίας
2213 1587 2407 1639 αὐτῶν.
2432 1586 2538 1637 Καὶ
2561 1588 2616 1638 ἐν
2632 1584 2837 1645 τούτοις
2863 1582 3011 1640 τέλος
3039 1582 3149 1649 ἔχει
3175 1581 3234 1631 τὸ
3254 1577 3472 1643 βιϐλίον.

2476 1694 2655 1763 Τωϐἰτ
2674 1708 2939 1771 βιϐλίον.

1985 1816 2160 1867 Τωϐἰτ
2189 1816 2430 1869 καλεῖται
2458 1814 2516 1866 τὸ
2550 1812 2770 1882 βιϐλίον,
2807 1810 2991 1879 ἐπειδὴ
3018 1809 3115 1878 τὴν
3157 1810 3284 1877 περὶ
3310 1807 3473 1859 αὐτοῦ

1913 1900 2006 1952 τοῦ
2032 1901 2208 1952 Τωϐὶτ
2249 1900 2484 1969 ἱστορίαν
2515 1898 2775 1967 περιέχει.
2823 1897 2978 1948 Ἔστι
3024 1896 3079 1948 δὲ
3107 1897 3133 1947 6
3162 1894 3339 1946 Τωϐἰτ
3368 1894 3477 1946 ἀπὸ

1919 1986 2016 2055 μὲν
2046 1986 2217 2053 φυλῆς
2242 1985 2574 2053 Νεφθαλείμ,
2601 1984 2790 2050 γέγονε
2817 1983 2873 2034 δέ
2909 1984 2965 2033 ἐν
2999 1984 3065 2050 τῇ
3109 1979 3475 2049 αἰχμαλωσίᾳ,

1915 2072 2008 2123 καί.
2034 2066 2100 2140 ἦν
2134 2072 2190 2121 tv
2217 2073 2279 2139 τῇ
2318 2069 2504 2121 Νινευῒ
2535 2069 2779 2139 ἐλεήμων
2810 2068 2902 2120 καὶ
2934 2067 3205 2137 θεοσεϐής.
3240 2066 3345 2117 Καὶ
3369 2065 3477 2134 γὰρ

1915 2158 1974 2209 ἐν
2001 2160 2065 2225 τῇ
2096 2156 2439 2225 αἰχμαλωσίᾳ
2472 2154 2775 2222 γενόμενος,
2800 2155 2899 2203 οὐκ
2929 2151 3080 2221 ήσθιε
3111 2151 3284 2203 κοινὸν
3314 2150 3477 2220 ἄρτον

1914 2242 2021 2294 ἀπὸ
2046 2241 2151 2292 τῶν
2174 2241 2361 2298 ἐθνῶν.
2394 2240 2505 2292 ἀλλ’
2536 2238 2722 2290 ἑαυτὸν
2772 2240 3120 2306 συνετήρησε.
3152 2233 3259 2288 Ἷῐν
3296 2238 3349 2288 δὲ
3385 2238 3478 2288 καὶ

1914 2328 2219 2397 ἀγοραστὴς
2243 2327 2336 2378 τοῦ
2372 2326 2628 2395 βασιλέως
2670 2324 3058 2392 Ἐνεμασάρου,
3091 2323 3183 2374 καί
3216 2322 3490 2391 παρέθετο.

1914 2418 1970 2468 ἐν
2004 2418 2067 2483 τῇ
2100 2414 2307 2482 Μηδείᾳ
2339 2413 2551 2481 Γαϐαὴλ
2575 2411 2805 2462 τάλαντα
2830 2416 2880 2462 ι’.
2927 2404 3093 2470 Οὗτος
3126 2406 3218 2460 οῦν
3244 2411 3271 2460 6
3298 2410 3474 2460 Τωϐὶτ

1916 2500 2145 2565 σπουδὴν
2171 2496 2279 2567 εἶχε
2306 2499 2528 2552 θάπτειν
2562 2498 2685 2558 τοὺς
2718 2496 3158 2563 ἀποθνήσκοντας
3204 2495 3310 2547 τῶν
3349 2495 3488 2546 Ἰού--

1912 2586 2092 2637 δαὲων.
2126 2584 2439 2651 Διαϐληθεὶς
2462 2584 2515 2634 δέ
2534 2582 2607 2651 τῷ
2626 2582 2831 2652 βασιλεῖ
2868 2580 3136 2651 Ἀχειρὴλ,
3165 2580 3351 2647 ἔφυγε.
3369 2581 3477 2632 Καὶ

1915 2671 2241 2734 ἐπανελθὼν,
2277 2673 2368 2723 καί
2397 2671 2569 2737 θάψας
2618 2669 2737 2721 τινά
2770 2668 2873 2720 τῶν
2909 2667 3303 2729 ἀποθανόντων,
3338 2667 3477 2717 ἐκοι-

1918 2758 2061 2827 μήθη
2090 2758 2190 2820 ἔξω
2223 2756 2313 2808 τοῦ
2357 2758 2585 2825 τείχους,
2637 2756 2731 2807 καὶ
2777 2755 2852 2815 ὡς
2908 2753 3065 2806 είωθε
3117 2754 3473 2822 κοιμώμενος,

1914 2844 2283 2913 ἀνεῳγμένους
2308 2838 2418 2912 εἶχε
2441 2846 2561 2906 τοὺς
2586 2842 2916 2911 ὀφθαλμοὺς,
2950 2840 3239 2911 στρουθίων
3266 2840 3319 2891 δέ
3342 2840 3474 2907 ἀφο.

1914 2932 2213 2984 δευσάντων
2248 2932 2450 2984 ἄνωθεν
2473 2932 2549 2991 εἰς
2575 2930 2700 2991 τούς
2724 2928 3031 2997 ὀφθαλμοὺς
3061 2926 3245 2991 αὐτοῦ,
3272 2924 3476 2978 λευκώ-

1918 3036 2059 3087 ματα
2090 3018 2234 3087 ἔσχε,
2267 3016 2359 3069 καὶ
2396 3016 2575 3068 οὐκέτι
2605 3014 2849 3067 ἔϐλεπεν.
2894 3010 3001 3066 Ἦν
3047 3013 3101 3065 δέ
3131 3013 3223 3066 καὶ
3253 3015 3307 3064 ἐν
3351 3014 3473 3064 Ἐκ-

1915 3104 2161 3164 ϐατάνοις
2216 3103 2457 3171 θυγάτηρ
2512 3101 2602 3154 τοῦ
2662 3099 2928 3169 Ῥαγουὴλ
2976 3099 3266 3167 συγγενοῦς
3312 3098 3483 3151 αὐτοῦ

1914 3189 2095 3258 Σάρρα
2134 3188 2373 3256 ὀνόματι.
2396 3186 2609 3255 Ταύτην
2634 3186 2941 3255 γαμηθῆναι
2982 3186 3080 3237 οὐκ
3126 3185 3422 3255 ἐπέτρεπεν
3448 3189 3479 3237 6

1912 3274 2117 3341 δαίμων
2163 3272 2475 3341 Ἀσμοδαῖος
2495 3288 2509 3303 ⁸
2540 3271 2676 3323 ἐπτά
2707 3271 2834 3337 γοῦν
2866 3270 2989 3339 ἐξῆς
3018 3270 3274 3333 λαϐόντας
3309 3270 3474 3341 αὐτὴν

1914 3360 2193 3412 ἀπέκτεινε
2228 3364 2243 3381 ‘
2278 3358 2392 3429 [καί
2412 3360 2551 3412 πάνυ
2572 3357 2893 3427 λυπηθεῖσα·
2917 3358 3054 3409 ἐπτά
3084 3357 3191 3429 γὰρ
3218 3357 3473 3421 λαϐόντας

1915 3447 2040 3515 ἐξῆς
2072 3447 2238 3515 αὐτήν
2267 3445 2593 3516 ἀπέκτεινε].
2628 3446 2735 3497 Καὶ
2778 3445 2916 3497 πάνυ
2951 3445 3249 3515 λυπηθεῖσα
3278 3448 3310 3514 ἡ
3348 3448 3472 3509 παῖς

1913 3535 2133 3603 ηῦξατο·
2166 3535 2259 3586 καὶ
2289 3522 2605 3588 ἀπέστειλεν
2635 3535 2767 3603 αὐτῇ
2799 3533 2987 3602 βοηθὸν
3017 3536 3044 3584 6
3064 3534 3193 3595 Θεὸς
3225 3535 3315 3586 τὸν
3338 3535 3471 3604 ἀρχ-

1914 3620 2139 3687 άγγελον
2193 3620 2453 3690 Ῥαφαήλ.
2532 3620 2592 3671 ὐ
2642 3619 2819 3670 τοίνυν
2869 3619 3046 3670 Τωϐἰτ
3106 3621 3474 3689 παραγγείλας

1914 3704 1992 3775 τῷ
2027 3705 2126 3774 υἱῷ
2152 3707 2312 3757 αὐτοῦ
2336 3705 2518 3775 Τωϐίᾳ
2562 3705 2634 3774 μὴ
2671 3705 2851 3757 λαϐεῖν
2886 3705 3179 3774 ἀλλαχόθεν
3221 3710 3469 3774 γυναῖκα.

1915 3794 1963 3843 εἰ
1999 3791 2071 3861 μὴ
2104 3793 2167 3843 ἐκ
2190 3792 2283 3859 τῆς
2315 3791 2487 3860 φυλῆς
2530 3791 2693 3843 αὐτοῦ
2739 3792 2832 3842 καὶ
2876 3790 2970 3843 τοῦ
3008 3792 3228 3859 γένους,
3263 3792 3472 3844 δίδωσιν

1916 3878 2061 3945 αὐτῷ
2092 3877 2151 3928 τὸ
2176 3870 2541 3946 χειρόγραφον
2570 3877 2677 3928 τῶν
2698 3877 2827 3929 δέκα
2854 3877 3147 3938 ταλάντων,
3177 3877 3269 3929 καὶ
3291 3877 3470 3929 ἐντέλ-

1914 3963 2062 4013 λεται
2111 3962 2256 4029 αὐτῷ
2305 3961 2555 4013 ἀπελθεῖν
2591 3963 2683 4013 καὶ
2728 3962 3047 4029 ἀπαιτῆσαι.
3089 3962 3316 4027 Ἀγνοῶν
3357 3963 3410 4014 δὲ
3445 3968 3473 4014 6

1916 4050 2043 4108 παῖς
2076 4048 2174 4115 τήν
2231 4047 2344 4098 ὁδὸν
2378 4045 2526 4117 [565]
2568 4048 2661 4099 καὶ
2714 4047 2803 4098 τὸν
2848 4047 3147 4116 ἄνθρωπον,
3196 4048 3471 4116 ἐξέρχεται

1917 4132 2148 4202 ζητῆσαι
2186 4132 2577 4201 συνοδοιπόρον.
2606 4133 2759 4185 Κατὰ
2784 4133 2918 4185 Θεοῦ
2959 4134 3212 4204 πρόνοιαν
3234 4134 3479 4204 εὑρίσκει.

1913 4219 2005 4271 τὸν
2053 4218 2312 4287 Ῥαφαὴλ,
2340 4218 2413 4279 ὡς
2443 4218 2724 4289 ἄνθρωπον
2752 4221 2957 4273 ἑστῶτα
2979 4220 3100 4285 ἔξω,
3133 4222 3225 4274 καὶ
3255 4220 3473 4290 μισθοῦο

1914 4322 2003 4357 ται
2035 4305 2196 4356 αὐτὸν
2232 4303 2456 4369 λέγοντα
2484 4304 2679 4358 εἰδέναι
2718 4307 2815 4374 τὴν
2849 4306 2984 4359 ὁδόν.
3011 4311 3026 4328 ·
3060 4307 3189 4377 [Καὶ
3208 4309 3470 4360 συνοδεύει

1914 4391 2057 4460 αὐτῷ
2072 4394 2099 4443 6
2121 4390 2343 4458 ἄγγελος
2364 4392 2436 4454 ὡς
2453 4392 2732 4462 ἄνθρωπον
2747 4393 2968 4460 λέγοντα
2989 4394 3179 4445 εἰδέναι
3196 4395 3291 4462 τὴν
3310 4394 3469 4462 όδόν.]

1916 4479 2023 4529 Καὶ
2057 4476 2323 4529 συνοδεύει
2378 4477 2574 4545 αὐτῷό
2603 4477 2936 4545 ἀρχάγγελος
2980 4479 3215 4547 Ῥαφαὴλ
3263 4479 3336 4541 ὡς
3379 4481 3470 4533 ἇν-

1916 4563 2127 4631 θρωπος
2159 4564 2444 4631 λεγόμενος
2489 4562 2758 4631 Ἀζαρίας.
2799 4563 3085 4615 Ἐλθόντων
3111 4565 3165 4616 δέ
3201 4565 3377 4616 αὐτῶν
3392 4568 3469 4628 εἰς

1914 4651 2002 4701 τὸν
2053 4651 2256 4719 Τίγρην
2309 4650 2570 4718 ποταμὸν,
2634 4650 2894 4720 ἠθέλησεν
2947 4654 3127 4714 ὀπαῖς
3180 4654 3259 4714 εἰς
3312 4654 3470 4704 αὐτὸν

1915 4736 2216 4805 καταϐῆναι
2245 4736 2337 4786 καὶ
2364 4735 2684 4798 λούσασθαι,
2736 4739 2827 4788 καὶ
2872 4737 3031 4799 εὐθὺς
3079 4738 3227 4806 ίχθύς
3262 4740 3468 4807 ἐπεπή-

1914 4824 2042 4890 δησε
2068 4822 2146 4891 τῷ
2172 4821 2438 4890 παιδαρίῳ
2471 4822 2657 4889 μέγας.
2703 4822 2759 4874 'O
2790 4822 2844 4874 δὲ
2877 4822 3101 4890 ἄγγελος
3140 4819 3290 4878 εἶπεν
3323 4826 3469 4892 αὐτῷ

1916 4908 2263 4959 ἐπιλαϐέσθαι
2293 4906 2382 4958 τοῦ
2422 4906 2599 4975 ἰχθύος
2632 4907 2724 4959 καί
2760 4910 2942 4976 τεμεῖν
2980 4909 3141 4962 αὐτὸν
3170 4912 3261 4962 καὶ
3290 4911 3469 4962 λαϐεῖν

1915 4994 1973 5045 τό
1996 5010 2053 5044 τε
2079 4988 2229 5062 ἧπαρ
2253 4992 2347 5043 καὶ
2369 4993 2466 5061 τὴν
2497 4992 2719 5061 καρδίαν
2744 4992 2907 5045 αὐτοῦ
2934 4994 3026 5045 καὶ
3051 4996 3147 5064 τὴν
3174 4996 3352 5065 χολὴν,
3380 5000 3471 5047 καὶ

1914 5077 2085 5129 ταῦτα
2123 5078 2326 5146 τηρεῖν.
2364 5072 2498 5128 Εἶτα
2527 5076 2923 5147 πυνθανομένου
2969 5078 3062 5132 τοῦ
3118 5082 3337 5142 παιδὸς,
3391 5084 3471 5141 εἰς

1914 5165 1965 5215 τί
1995 5167 2235 5232 χρήσιμα
2265 5161 2455 5226 ταῦτα,
2480 5163 2684 5225 ἐκεῖνος
2720 5162 2840 5232 ἔφη·
2873 5164 2945 5215 Τὸ
2977 5160 3128 5235 ἧπαρ
3156 5166 3302 5233 καὶὴ
3333 5184 3468 5233 καρ-

1915 5248 2001 5301 δία
2029 5249 2347 5317 θυμιώμενα
2370 5246 2548 5312 διώξει
2592 5250 2684 5300 τὸν
2712 5248 2957 5318 δαίμοναο
2987 5252 3018 5319 ή
3049 5250 3104 5302 δὲ
3143 5251 3269 5320 χολὴ
3300 5252 3467 5303 καθα-

1919 5338 2056 5406 ρίσει
2081 5336 2148 5389 τά
2175 5335 2520 5404 λευκώματα.
2566 5336 2622 5389 '0
2666 5337 2762 5406 μὲν
2785 5332 2875 5389 οῦν
2902 5340 3027 5400 παῖς
3066 5339 3357 5408 συμϐουλίᾳ
3380 5341 3469 5391 καὶ

1918 5423 2172 5493 συνεργίᾳ
2207 5420 2301 5473 τοῦ
2348 5421 2577 5487 ἀγγέλου
2626 5420 2889 5491 λαμϐάνει
2926 5422 3022 5492 τὴν
3071 5424 3161 5477 τοῦ
3205 5425 3470 5493 Ῥαγουὴλ

1917 5508 2187 5578 θυγατέρα
2216 5507 2313 5577 τὴν
2335 5509 2547 5578 Σάρραν
2595 5511 2857 5574 γυναῖκα,
2890 5510 3200 5579 διωχθέντος
3242 5512 3331 5563 τοῦ
3358 5511 3472 5564 δαι-

1978 5648 2005 5687 ιι
2037 5647 2114 5695 Sic
2136 5650 2237 5696 fere
2262 5650 2412 5697 altera
2434 5648 2684 5709 Synopsis.

1984 5714 1999 5730 '
2020 5711 2134 5768 Quae
2157 5710 2341 5758 uncinis
2362 5711 2643 5759 inclusimus
2662 5712 2856 5760 omnino
2867 5710 3107 5773 ejicienda
3125 5712 3363 5762 videnlur.
3388 5713 3471 5765 l-Iu.
