4152 6324
694 357 799 410 361

693 461 875 532 μονίου
911 463 966 513 ἐν
989 463 1063 531 τῷ
1098 465 1399 536 θυμιάματι
1439 472 1629 542 τούτῳ,
1672 476 1761 527 καὶ
1804 477 2044 541 δεθέντος
2072 481 2149 544 είς
2181 483 2246 533 τὰ

691 547 935 615 ἀνώτερα
973 549 1109 620 μέρη
1137 552 1411 620 Αἰγύπτου
1467 557 1570 610 ὑπὸ
1621 560 1712 611 τοῦ
1746 563 1993 629 ἀγγέλου.
2041 566 2245 628 Μείνας

691 633 748 685 δὲ
789 634 923 703 μετὰ
972 635 1071 703 τὴς
1125 639 1378 705 γυναικὸς
1430 643 1458 694 6
1511 643 1742 707 Τωϐίας,
1793 647 2106 700 ἀποστέλλει
2154 653 2246 703 τὸν

706 721 974 789 Ἀζαρίαν,
1009 722 1085 784 ὼς
1131 725 1410 794 ἄνθρωπον
1447 728 1605 790 ὄντα,
1642 731 1720 792 εἰς
1752 732 1848 801 τὴν
1891 734 2122 803 Μηδίαν,
2152 738 2245 789 καὶ

692 809 994 878 ἀπαιτήσας
1021 810 1225 873 ἐκεῖνος
1247 813 1314 866 τὰ
1343 814 1472 868 δέκα
1506 817 1738 871 τάλαντα
1774 819 2075 892 ὑπέστρεψε
2108 823 2242 892 μετά

690 893 789 962 τῆς
819 897 1068 961 γυναικὸς
1086 898 1178 950 καὶ
1206 900 1368 952 αὑτοῦ
1383 902 1473 954 τοῦ
1499 903 1725 970 ἀγγέλου
1747 905 1879 973 πρὸς
1898 907 1989 958 τὸν
2013 909 2238 978 πατέρα.

703 981 1070 1051 Ὑποστρέψας
1101 983 1156 1036 δὲ
1182 986 1209 1036 6
1243 989 1387 1048 παῖς,
1433 989 1638 1057 ἐγχρίει
1675 994 1739 1059 τῇ
1771 991 1895 1061 χολῇ
1934 993 2026 1044 τοῦ
2065 993 2244 1062 ἰχθύος

689 1066 814 1127 τοὺς
868 1067 1173 1138 ὀφθαλμοὺς
1229 1071 1320 1122 τοῦ
1374 1073 1594 1140 πατρὸς,
1635 1077 1725 1127 καὶ
1767 1076 2159 1130 ἀποπίπτουσιν
2186 1080 2240 1130 αἰ

688 1152 916 1216 λεπίδες,
949 1156 1040 1207 καί
1087 1157 1245 1219 εὐθὺς
1283 1159 1556 1226 ἀνέϐλεψε.
1602 1161 1728 1212 Ὅτε
1777 1163 1872 1230 μὲν
1903 1163 2180 1233 ἐτυφλώθη
2214 1169 2241 1219 6

688 1237 884 1302 Τωϐἰτ,
923 1234 990 1308 ἦν
1014 1240 1149 1292 ἐτῶν
1189 1248 1267 1309 νη¹
1289 1281 1303 1302 ,
1335 1244 1419 1294 ὅτε
1458 1243 1512 1295 δὲ
1545 1245 1822 1314 ἀνέϐλεψε,
1869 1244 1935 1316 ἦν
1975 1250 2109 1301 ἐτῶν
2134 1249 2237 1313 Eg’.

684 1324 794 1375 Kal
837 1323 1015 1376 λοιπὸν
1051 1325 1340 1394 βλέψαντος
1374 1329 1536 1381 αὐτοῦ
1558 1371 1571 1394 ,
1607 1332 1946 1401 ἐφανέρωσεν
1993 1335 2178 1387 ἐαυτὸν
2203 1337 2240 1401 ,ό

683 1408 929 1476 ἄγγελος,
957 1411 1036 1462 ὅτι
1066 1411 1162 1464 οὐκ
1201 1413 1480 1481 ἄνθρωπος
1507 1411 1595 1486 ἦν,
1622 1416 1753 1469 ἀλλὰ
1788 1419 1938 1488 παρὰ
1975 1419 2067 1472 τοῦ
2105 1420 2236 1473 Θεοῦ

683 1494 956 1562 ἀπεστάλη
986 1497 1066 1559 είς
1118 1496 1366 1568 βοήθειαν
1413 1501 1588 1554 αὐτῶν
1639 1519 1697 1555 τε
1749 1505 1843 1557 καὶ
1889 1506 1983 1575 τῆς
2032 1506 2235 1576 Σάρρα.

680 1578 930 1648 Γηράσας
963 1579 1018 1632 δέ
1051 1583 1078 1633 6
1108 1582 1307 1648 Τωϐἰτ,
1339 1586 1670 1656 παρήγγειλε
1691 1587 1768 1657 τῷ
1803 1588 1900 1658 υἱῷ
1932 1590 2093 1643 αὑτοῦ
2119 1592 2237 1644 Τω-

681 1664 791 1733 ϐίᾳ,
823 1665 1070 1719 ἀπελθεῖν
1103 1669 1180 1729 εἰς
1205 1668 1301 1736 τὴν
1325 1671 1535 1740 Μηδίαν
1560 1672 1645 1725 διὰ
1664 1674 1762 1742 τὴν
1785 1675 2046 1745 ἐσομένην
2073 1693 2238 1729 καταο

680 1751 913 1821 στροφὴν
941 1753 1039 1820 τῆς
1061 1752 1244 1805 Νινευῒ
1286 1756 1421 1807 κατὰ
1451 1757 1508 1809 τὸ
1543 1757 1694 1828 ῥῆμα
1723 1760 1874 1813 Ἰωνᾶ
1903 1759 1996 1813 τοῦ
2028 1765 2236 1832 προφή-

676 1853 789 1900 του,
841 1838 932 1890 καὶ
976 1837 1210 1892 ἐκλιπὼν
1239 1840 1474 1894 ἀπέθανε
1520 1843 1654 1895 ἐτῶν
1686 1844 1761 1897 ὢν
1792 1853 1915 1916 ρνεθ.
1961 1847 2018 1898 Ὀ
2045 1847 2101 1898 δέ
2125 1847 2234 1909 υίὸς

677 1922 839 1974 αὑτοῦ
878 1922 1070 1987 Τοϐίας
1102 1925 1349 1981 ἀπελθὼν
1394 1929 1474 1991 εἰς
1515 1929 1613 1999 τὴν
1644 1931 1874 2000 Μηδίαν,
1919 1933 2011 1986 καὶ
2061 1932 2233 2001 θάψας

675 2007 798 2070 τοὺς
823 2008 1113 2079 πενθερούς
1150 2012 1332 2075 αὐτοῦ,
1374 2015 1466 2066 καὶ
1498 2014 1733 2079 ἀκούσας
1775 2019 2026 2088 περὶτῆς
2066 2035 2233 2072 κατα-

676 2094 912 2163 στροφῆς
944 2093 1146 2159 Νινευῒ,
1205 2098 1440 2151 ἀπέθανε
1478 2101 1571 2153 καὶ
1617 2103 1772 2165 αὐτὸς
1805 2102 1882 2173 ρξ’
1955 2103 2089 2158 ἐτῶν
2134 2103 2226 2157 ὧν.

676 2179 785 2231 Καὶ
808 2179 865 2232 ἐν
894 2179 1100 2243 τούτοις
1127 2183 1275 2245 τέλος
1301 2184 1410 2248 ἔχει
1437 2187 1527 2238 καὶ
1551 2187 1706 2240 τοῦτο
1726 2187 1783 2239 τὸ
1817 2187 2038 2256 βιϐλίον.

1196 2325 1435 2377 meum
1487 2326 1705 2379 Ῑουδίθ.

752 2455 935 2509 Ἰουδὶθ
967 2457 1209 2512 καλεῖται
1236 2459 1297 2510 τὸ
1327 2459 1546 2527 βιϐλίον,
1575 2462 1758 2532 ἐπειδὴ
1797 2465 2228 2536 πολεμουμένους

673 2543 765 2595 xal
798 2543 1281 2613 πολιορκουμένους
1311 2546 1415 2597 ὑπὸ
1458 2547 1548 2599 τοῦ
1589 2548 1902 2618 Ὀλοφέρνου
1930 2553 2055 2616 τοῦς
2081 2555 2227 2617 υἱοὺς

683 2629 895 2698 Ἰσραὴλ
918 2629 945 2678 ὁ
970 2629 1100 2692 Θεὸς
1125 2630 1212 2683 διὰ
1238 2633 1334 2699 τῆς
1363 2631 1544 2684 Ἰουδιο
1575 2636 1693 2696 τοὺς
1722 2635 1821 2703 μὲν
1851 2637 2009 2700 λαοὺς
2036 2638 2222 2702 ἔσωσε,

669 2715 758 2766 τὸν
801 2715 856 2766 δέ
897 2716 1213 2785 Ὀλοφέρνην
1245 2717 1528 2781 ἐπάταξεν.
1573 2719 1636 2771 'H
1683 2721 1740 2773 δέ
1795 2724 2001 2794 ἱστορία
2045 2726 2181 2795 αὕτη
2209 2741 2220 2753 ·

669 2799 1175 2870 Ναϐουχοδονόσορό
1208 2802 1451 2870 βασιλεὺς
1508 2803 1616 2856 τῶν
1661 2807 2226 2880 Ἀσσυρίων,πόλεμον

669 2887 804 2954 ἔχων
835 2886 969 2955 πρὸς
1002 2886 1269 2956 Ἀρφάξαδ
1296 2888 1518 2956 βασιλέα
1547 2890 1762 2959 Μήδων,
1799 2892 1966 2962 ᾔτησε
2006 2913 2223 2966 συμμα-

672 2972 792 3040 χίαν
830 2971 980 3042 παρά
1025 2972 1132 3025 τῶν
1180 2972 1346 3025 ἐθνῶν
1385 2974 1597 3028 πάντων
1648 2976 1752 3038 ἓως
1793 2978 2086 3045 Αἰγύπτου.
2133 2985 2223 3055 Μή

666 3057 968 3110 δεδωκότων
1019 3057 1073 3110 δέ
1120 3058 1329 3125 αὐτῶν,
1377 3059 1488 3110 ἀλλ’
1543 3061 1933 3131 ἀντειρηκότων
1971 3067 2183 3118 πάντων
2205 3105 2222 3132 ,

671 3145 808 3209 μετά
859 3143 916 3194 τὸ
969 3143 1183 3211 νικῆσαι
1229 3145 1319 3196 καὶ
1369 3146 1745 3214 περιγενέσθαι
1798 3148 1890 3200 τοῦ
1935 3151 2219 3221 Ἀρφάξαδ,

666 3227 816 3280 ἔθετο
855 3226 996 3280 κατὰ
1039 3228 1143 3280 τῶν
1179 3229 1252 3298 μὴ
1279 3229 1583 3283 δεδωκότων
1633 3231 1883 3300 πόλεμον.
1936 3237 2042 3288 Καὶ
2090 3239 2224 3291 ἀπέ-

669 3313 840 3366 στειλε
880 3314 970 3366 τδν
1008 3315 1330 3386 Ὀλοφέρνην
1361 3317 1497 3386 μετά
1545 3319 1820 3389 δυνάμεως
1866 3322 2062 3394 πολλῆς
2106 3326 2221 3378 κατ’

665 3400 860 3454 αὐτῶν.
901 3399 980 3452 Τά
1016 3402 1110 3470 μὲν
1135 3396 1227 3454 οὖν
1255 3402 1388 3455 ἄλλα
1421 3404 1598 3456 πάντα
1636 3405 1759 3476 έθνη
1799 3406 1988 3470 ἔλαϐε,
2035 3412 2222 3464 καὶτὰ

665 3487 854 3539 εἴδωλα
889 3487 1064 3540 αὐτῶν
1101 3489 1439 3559 συνέτριψεν.
1477 3492 1539 3541 OE
1566 3491 1620 3545 δὲ
1655 3493 1757 3544 υἱοὶ
1792 3495 2003 3565 Ἰσραὴλ
2048 3498 2222 3567 ἠσφα-

662 3573 875 3628 λίσαντο
907 3576 1147 3638 ἑαυτοὺς,
1186 3579 1275 3629 καὶ
1314 3578 1412 3647 οὐχ
1441 3579 1752 3648 ὑπήκουσαν
1790 3581 1867 3651 τῷ
1909 3584 2216 3657 Ὀλοφέρνη,

662 3659 783 3713 οὔτε
811 3661 1150 3732 ἐφοϐήθησαν
1172 3662 1333 3717 αὐτοῦ
1353 3663 1451 3733 τὴν
1475 3665 1720 3735 ἀπειλήν.
1758 3668 1815 3718 'U
1839 3669 2014 3723 τοίνυν
2046 3673 2222 3740 ἱερεὺς

675 3747 923 3816 ἰωακείμ
951 3747 1150 3816 ἔγραψε
1183 3751 1295 3812 τοῖς
1333 3750 1390 3802 ἐν
1421 3750 1689 3823 Βετυλούᾳ
1712 3754 1910 3822 φράξαι
1944 3756 2037 3825 τὴν
2069 3756 2218 3830 [366]

660 3832 779 3886 ὁδὸν
813 3833 1144 3904 ὐλοφέρνου,
1176 3834 1361 3903 ἐπειδὴ
1385 3835 1592 3888 ἐκεῖθεν
1624 3832 1692 3906 ἦν
1721 3839 1891 3892 αὑτοῦ
1918 3842 2106 3911 ήὸδὸς,
2129 3846 2220 3896 καὶ

662 3919 919 3989 ἔφραξαν.
974 3921 1083 3972 Καὶ
1126 3922 1155 3972 6
1200 3921 1297 3991 μέν
1352 3921 1673 3992 Ὀλοφέρνης
1723 3926 2088 3994 παρετάσσετο
2141 3931 2219 3992 εἰς

664 4006 913 4076 πόλεμον.
963 4008 1159 4078 Ἀχιὼρ
1188 4008 1244 4061 δέ
1286 4009 1314 4060 ὁ
1359 4009 1656 4080 ἡγούμενος
1688 4013 1795 4063 τῶν
1836 4014 1964 4066 υἰῶν
2000 4017 2219 4086 ’Δμμὼν

665 4093 1035 4145 συνεϐούλευσε
1057 4094 1133 4163 τῷ
1173 4095 1463 4164 Ὀλοφέρνῃ
1493 4098 1566 4165 μὴ
1588 4095 1839 4166 πολεμεῖν
1856 4100 1915 4150 τὸ
1940 4100 2087 4166 ἔθνος
2113 4103 2218 4156 τῶν

675 4179 936 4250 Ἐϐραίων
964 4180 1048 4231 διὰ
1084 4180 1144 4232 τὸ
1174 4181 1563 4250 ὑπερασπίζειν
1592 4183 1768 4236 αὐτῶν
1799 4185 1889 4238 τὸν
1929 4187 2078 4240 Θεόν.
2111 4191 2218 4242 Kal

663 4264 931 4335 ὀργισθεὶς
993 4265 1312 4337 Ὀλοφέρνης
1373 4267 1712 4336 ἀπέστρεψεν
1763 4270 1922 4323 αὐτὸν
1981 4276 2058 4337 εἰς
2123 4275 2219 4327 Βε-

662 4352 841 4413 τουλᾶ,
872 4351 1167 4421 ἀπειλήσας
1200 4353 1441 4422 ἀναιρεῖν
1472 4353 1632 4406 αὑτὸν
1660 4355 1706 4405 εί
1739 4357 2072 4425 περιγένοιτο
2111 4361 2218 4415 τῶν

675 4437 952 4507 Ἐϐραίων.
1005 4440 1061 4490 Ὀ
1104 4439 1200 4507 μέν
1226 4434 1319 4491 οὖν
1364 4437 1558 4510 ’Δχιὼρ
1586 4435 1652 4508 ἦν
1689 4440 1918 4494 Βετουλᾶ
1950 4443 2216 4498 ἀναπαυό-

664 4541 839 4592 μενος.
881 4526 936 4576 Ὀ
973 4525 1029 4578 δὲ
1074 4525 1393 4596 ὐλοφέρνης
1421 4525 1721 4593 ἐπολιόρκει
1749 4527 1844 4597 τὴν
1879 4528 2046 4590 πόλιν,
2081 4549 2214 4603 προ-

660 4610 976 4662 καταλαϐὼν
1007 4611 1074 4664 τά
1114 4610 1299 4665 ὕδατα.
1342 4612 1479 4681 Ἤδη
1515 4612 1570 4663 δὲ
1608 4611 1700 4663 τοῦ
1731 4612 1861 4664 λαοῦ
1907 4614 2215 4678 ἐκλυθέντος

658 4694 744 4746 διὰ
775 4696 833 4746 τὺ
857 4695 1025 4763 δίψος,
1056 4697 1146 4747 καὶ
1189 4696 1484 4765 μελλόντων
1513 4696 1756 4750 ἐκδοῦναι
1789 4698 1886 4768 τήν
1929 4701 2077 4754 πόλιν
2109 4703 2215 4757 τῶν

658 4783 947 4852 ἀρχόντων,
999 4784 1179 4835 Ἰουδίθ
1207 4783 1548 4837 ἀποϐαλοῦσα
1566 4785 1631 4836 τὰ
1659 4788 1754 4855 τῆς
1786 4788 2006 4856 χηρείας
2030 4791 2215 4857 ἱμάτια

660 4867 892 4936 (ἐπένθει
921 4867 1027 4937 γὰρ
1051 4869 1138 4921 τὸν
1171 4869 1356 4940 ἄνδρα,
1392 4871 1484 4922 καί
1507 4872 1571 4922 δι’
1599 4870 1718 4923 ὅλου
1744 4872 2074 4940 νηστεύουσα
2101 4871 2213 4944 ἦν),

658 4954 954 5024 ἐκόσμησεν
1004 4954 1197 5022 ἑαυτὴν
1225 4956 1299 5017 ὼς
1330 4955 1562 5024 νύμφην,
1613 4957 1705 5008 καὶ
1749 4957 1916 5010 πολλὰ
1968 4977 2216 5029 παρακαο

657 5037 887 5098 λέσασα,
927 5037 1063 5090 ὥστε
1095 5039 1168 5106 μὴ
1214 5038 1457 5092 ἐκδοῦναι
1490 5041 1586 5109 τὴν
1621 5041 1772 5094 πόλιν
1811 5043 1964 5113 ἄχρις
1997 5047 2214 5114 ήμερῶν

660 5124 723 5187 ε’,
751 5124 969 5192 ἐξῆλθεν
1003 5125 1136 5194 αὐτὴ
1172 5126 1304 5194 πρὸς
1339 5126 1430 5178 τὸν
1463 5127 1805 5198 Ὀλοφέρνην,
1843 5131 1935 5182 καὶ
1961 5133 2024 5200 τῇ
2055 5134 2214 5202 σοφίᾳ

658 5208 822 5277 αὐτῆς
854 5210 1177 5277 ἁπατήσασα
1210 5209 1389 5270 αὑτὸν,
1421 5213 1485 5280 τῇ
1515 5213 1672 5283 τρίτῃ
1715 5213 1898 5283 ἡμέρᾳ
1937 5215 2214 5283 ἀπεκεφά-

658 5293 801 5345 λισεν
855 5295 1013 5346 αὑτὸν
1064 5294 1150 5364 [τῇ
1193 5296 1351 5366 τρίτῃ
1389 5297 1620 5366 ήμέρα],
1668 5299 1998 5366 ἀγνοούντων
2055 5317 2215 5371 στρα-

657 5379 860 5431 τιωτῶν
907 5378 1098 5442 αὑτοῦ,
1142 5383 1232 5432 καὶ
1267 5379 1406 5432 οὕτω
1451 5381 1634 5434 λοιπὸν
1665 5384 1770 5436 ἀπὸ
1806 5385 1898 5436 τοῦ
1925 5386 2132 5455 τείχους
2163 5389 2210 5438 οἰ

658 5465 866 5518 πολῖται
915 5464 1226 5533 ἁφάψαντες
1267 5466 1364 5536 τὴν
1415 5466 1652 5537 κεφαλήν
1707 5469 2054 5540 Ὀλοφέρνου,
2102 5475 2212 5535 τοῖς

654 5552 816 5605 αὑτοῦ
875 5555 1196 5621 στρατηγοῖς
1254 5552 1550 5616 ὑπέδειξαν.
1615 5555 1893 5610 Ἐντεῦθεν
1939 5559 1987 5609 οἰ
2043 5557 2148 5625 γὰρ
2184 5573 2209 5599 ιι

717 5711 743 5741 ⁸
767 5711 860 5760 Pro
880 5712 963 5775 γάρ
984 5715 1078 5776 leg.
1109 5715 1202 5774 μέν.

1391 356 1448 408 S.
1484 356 1764 415 JOANNIS
1803 362 2275 420 CIIRYSOSTOMI
2317 366 2629 422 ARCHIEP.
2673 369 3212 426 CUNSTANTINOP.

3811 392 3928 448 362

2368 484 2636 553 Ἀσσύριοι
2685 484 2914 551 ἔφυγον,
2963 489 3011 537 οἰ
3062 484 3116 537 δέ
3160 485 3265 536 υἱοὶ
3317 483 3530 553 Ἰσραὴλ
3578 483 3921 551 πανταχόθεν

2356 557 2745 638 συνδραμόντες
2779 571 3084 636 κατέκοψαν
3113 571 3238 634 τοὺς
3284 567 3612 638 ’Δσσυρίους.
3643 568 3918 630 Σωθέντες

2352 654 2404 706 δέ
2440 655 2533 706 καὶ
2578 655 2967 715 σκυλεύσαντες
3014 655 3141 715 τοὺς
3190 653 3494 722 πολεμίους,
3538 652 3798 705 δεδώκασι
3840 655 3910 724 τῇ

2353 738 2539 790 Ἰουδίθ
2577 740 2750 791 πάντα
2783 741 2849 792 τὰ
2889 738 2979 792 τοῦ
3041 737 3379 808 Ὀλοφέρνου.
3425 737 3571 806 Αὐτὴ
3620 736 3676 788 δὲ
3721 736 3908 790 Ἰουδὶο

2351 825 2653 876 ἀπελθοῦσα
2686 827 2762 887 είς
2789 825 3138 896 Ἰερουσαλὴμ
3167 825 3392 893 ἀνέθηκε
3412 823 3582 876 πάντα
3599 822 3675 890 τῷ
3695 823 3907 892 Κυρίῳ,

2352 911 2444 960 καὶ
2470 911 2837 980 ἐπιστρέψασα
2867 912 2943 972 εἰς
2961 911 3051 964 τὸν
3079 905 3222 963 οἷκον
3256 910 3444 976 αὐτῆς,
3474 907 3573 977 τὴν
3604 908 3770 977 αὐτὴν
3792 906 3915 976 εἶχε

2350 995 2600 1064 ἄσκησιν,
2652 996 2744 1048 καὶ
2786 996 3048 1065 διέμεινεν
3073 995 3176 1058 ἕως
3206 994 3431 1048 θανάτου
3467 995 3629 1062 χήρα,
3681 993 3911 1063 μηδενὸς

2351 1079 2516 1148 αὐτὴν
2543 1080 2810 1150 ἰσχύοντος
2838 1083 3020 1132 πεῖσαι
3050 1079 3185 1149 πρὸς
3213 1079 3389 1148 γάμον
3422 1077 3613 1131 ἐλθεῖν.
3643 1077 3910 1131 ’Δπέθανι

2347 1165 2402 1216 δέ
2423 1164 2630 1233 ζήσασα
2657 1165 2830 1228 καλῶς
2857 1168 2914 1218 ἐν
2933 1168 2996 1235 τῇ
3026 1164 3220 1236 χηρείᾳ
3247 1162 3416 1232 αὐτῆς
3440 1162 3576 1218 ἐτῶν
3593 1169 3689 1234 ρεθ.
3715 1164 3823 1216 Καὶ
3844 1165 3915 1217 ἐν

2347 1249 2552 1313 τούτοις
2584 1249 2732 1313 τέλος
2761 1250 2870 1319 ἔχει
2894 1249 2955 1303 τὸ
2982 1249 3201 1319 βιϐλίον.

2928 1368 3056 1424 Ἰὼϐ
3075 1369 3335 1434 βιϐλίον.

2429 1491 2547 1544 Ἰὼϐ
2579 1493 2819 1546 καλεῖται
2851 1492 2911 1544 τὸ
2947 1491 3146 1560 βιϐλίον
3170 1531 3184 1556 ,
3225 1490 3409 1561 ἐπειδὴ
3442 1491 3542 1562 τήν
3587 1491 3704 1543 κατ’
3737 1489 3910 1544 αὐτὸν

2349 1576 2584 1646 ἰστορίαν
2611 1576 2878 1647 περιέχει,
2922 1576 3038 1639 πῶς
3066 1593 3124 1628 τε
3158 1574 3387 1628 πέπονθε
3439 1573 3750 1644 πειρασθεὶς
3793 1573 3906 1626 ὑπὸ

2343 1661 2436 1714 τοῦ
2483 1661 2726 1715 διαϐόλου
2753 1701 2767 1724 ,
2811 1663 2905 1716 καὶ
2949 1661 3175 1732 νικήσας
3213 1658 3370 1713 αὑτὸν
3402 1662 3460 1713 ἐν
3500 1659 3576 1730 τῷ
3610 1660 3906 1730 ὑπομεῖναι

2343 1747 2579 1810 εὐσεϐῶς
2619 1749 2716 1809 τὰς
2745 1746 3121 1816 ἐπενεχθείσας
3148 1745 3294 1815 αὐτῷ
3334 1745 3573 1816 πληγάς·
3608 1747 3701 1799 καὶ
3735 1745 3903 1798 διπλᾶ

2343 1834 2518 1887 πάντα
2545 1834 2801 1900 ἀπέλαϐε,
2833 1837 2926 1888 καὶ
2962 1834 3182 1902 γέγονεν
3207 1833 3535 1904 ἐνδοξότερος
3561 1832 3700 1903 ὑπὲρ
3743 1832 3772 1885 δ
3804 1828 3901 1902 ἦν.

2342 1920 2580 1973 Πέπονθε
2605 1920 2663 1973 δέ
2683 1920 2818 1973 ἐτῶν
2841 1920 2914 1973 ὢν
2939 1927 2998 1985 o',
3034 1919 3264 1990 ἐπέζησε
3296 1919 3352 1973 δέ
3389 1919 3523 1990 μετά
3550 1919 3649 1983 τὰς
3683 1918 3905 1990 πληγὰς

2343 2004 2433 2073 ἐτη
2468 2012 2559 2075 ρο’,
2586 2006 2660 2068 ὼς
2689 2003 2823 2058 εἶναι
2849 2005 2916 2058 τὰ
2941 2006 3119 2059 πάντα
3151 2006 3248 2075 τῆς
3276 2006 3419 2074 ζωῆς
3453 2006 3610 2058 αὐτοῦ
3646 2005 3739 2074 ἐτη
3781 2013 3899 2074 σμ’.

2340 2091 2531 2158 Γέγονε
2575 2092 2630 2144 δὲ
2673 2092 2791 2145 Ἰὼϐ
2835 2093 2938 2163 πρὸ
2981 2093 3293 2156 Μωῦσέως·
3341 2093 3448 2145 ἀπὸ
3495 2093 3602 2163 γὰρ
3646 2093 3903 2164 Ἀϐραὰμ

2339 2180 2584 2248 πέμπτος
2616 2174 2703 2249 ἦν,
2733 2179 2951 2246 ἔγγονος
3010 2177 3196 2233 Ἠσαῦ.
3239 2177 3337 2232 Διά
3365 2179 3421 2231 δέ
3460 2178 3556 2249 τήν
3595 2179 3902 2249 γενομένην

2337 2267 2457 2317 κατ’
2485 2265 2647 2317 αὐτοῦ
2678 2265 2890 2334 πληγὴν
2927 2260 3089 2334 ἦλθον
3123 2264 3256 2335 πρὸς
3283 2264 3442 2318 αὐτὸν
3469 2264 3608 2334 φίλοι
3640 2280 3902 2334 παρακα-

2337 2351 2445 2404 λεῖν
2461 2352 2640 2415 αὐτὸν,
2671 2352 2762 2405 καὶ
2783 2350 3029 2404 τοσοῦτον
3053 2351 3368 2420 φιλονείκως
3386 2353 3478 2404 καὶ
3500 2352 3737 2422 ἀνηλεῶς
3757 2351 3900 2420 πρὸς

2337 2437 2497 2489 αὑτὸν
2524 2437 2832 2506 διετέθησαν
2880 2440 2991 2499 τοῖς
3038 2436 3233 2505 λόγοις,
3291 2436 3428 2490 ὥστε
3477 2439 3569 2490 καὶ
3618 2437 3897 2507 ἁμαρτίαν

2336 2523 2514 2585 αὐτοῖς
2539 2525 2599 2575 τὸ
2628 2525 2856 2593 πρᾶγμα
2873 2522 3205 2593 λογισθῆναι.
3238 2523 3294 2577 Ὀ
3315 2523 3372 2575 δέ
3409 2522 3526 2576 Ἰὼϐ
3550 2524 3897 2594 παρεκάλεσε

2333 2607 2423 2658 τὸν
2452 2607 2582 2660 Θεὸν
2603 2609 2741 2679 ὑπὲρ
2766 2609 2963 2672 αὐτῶν,
2994 2610 3085 2661 καὶ
3115 2609 3461 2680 συνεχωρήθη
3503 2610 3702 2671 αὐτοῖς.
3737 2609 3893 2662 Εἰσὶν

2334 2689 2424 2746 οὖν
2448 2693 2523 2763 τῷ
2563 2693 2678 2745 Ἰὼϐ
2707 2694 2938 2762 διάλογοι
2961 2694 3093 2763 πρὸς
3108 2696 3231 2756 τοὺς
3253 2695 3436 2763 φίλους
3451 2693 3500 2766 η’
3516 2714 3528 2726 ·
3551 2694 3642 2748 τοῦ
3668 2695 3896 2762 Ἐλιφάζ

2333 2778 2468 2849 πρὸς
2511 2779 2670 2832 αὑτὸν
2696 2783 2869 2848 τρεῖς·
2923 2779 3016 2832 τοῦ
3066 2779 3264 2850 Σωφάρ
3297 2778 3428 2850 πρὸς
3451 2780 3610 2833 αὑτὸν
3640 2779 3732 2832 δύο
3752 2796 3765 2808 ·
3795 2783 3896 2835 καὶ

2331 2863 2420 2916 τοῦ
2453 2863 2650 2917 Βαλδάδ
2676 2866 2844 2935 τρεῖς.
2872 2865 2990 2917 Ἔτι
3019 2865 3074 2918 δὲ
3107 2865 3200 2917 καὶ
3228 2864 3320 2916 τοῦ
3370 2865 3575 2928 Ἐλιοὺζ
3595 2865 3685 2916 τοῦ
3715 2865 3900 2934 Βαρα-

2332 2950 2454 3020 χιὴλ
2479 2950 2571 3002 τοῦ
2604 2950 2871 3013 Βουζίτου.
2904 2951 3011 3002 Καὶ
3043 2949 3223 3002 λοιπὸν
3263 2951 3290 3001 6
3337 2948 3534 3019 Κύριος
3566 2949 3894 3018 χρηματίζει

2331 3035 2406 3106 τῷ
2446 3036 2565 3089 Ἰὼϐ
2596 3037 2684 3090 διὰ
2722 3037 2978 3100 λαίλαπος
3010 3038 3103 3090 καὶ
3129 3037 3375 3106 νεφέλης.
3419 3037 3792 3107 Ἀποκρίνεται
3827 3039 3894 3091 δὲ

2331 3123 2426 3175 καὶ
2466 3122 2582 3175 Ἰὼϐ
2611 3123 2686 3192 τῷ
2716 3123 2904 3195 Κυρίῳ
2935 3121 3023 3176 διὰ
3061 3123 3232 3192 λόγων
3268 3123 3380 3176 δύο.
3414 3123 3523 3176 Καὶ
3549 3122 3707 3177 τοῦτο
3736 3124 3895 3188 τέλος

2331 3207 2440 3277 ἔχει
2477 3208 2538 3261 τδ
2562 3208 2781 3276 βιϐλίον.

2357 3267 2558 3378 ὡστι
2609 3310 2665 3363 δὲ
2711 3312 2738 3362 6
2797 3311 2994 3373 σκοπὸς
3029 3310 3191 3364 αὐτοῦ
3225 3311 3369 3374 ἅπας
3419 3311 3554 3381 πρὸς
3613 3311 3894 3381 ὑπομονὴν

2331 3394 2722 3465 ἐκκαλούμενος
2754 3395 2902 3466 [567]
2938 3397 3063 3457 τοὺς
3089 3399 3146 3448 ἐν
3178 3400 3496 3469 πειρασμοῖς
3527 3398 3890 3463 περιπίπτον-

2327 3497 2444 3543 τας,
2484 3481 2586 3534 κᾶν
2615 3481 2752 3532 πάνυ
2789 3483 2876 3533 ἐπ’
2911 3480 3159 3550 εὐσεϐείᾳ
3184 3482 3647 3552 μεμαρτύρηνται,
3684 3482 3777 3536 και
3809 3483 3892 3555 μὴ

2330 3565 2770 3629 σκανδαλίζεσθαι
2794 3605 2808 3628 ,
2839 3565 2954 3618 ἀλλ’
2982 3565 3299 3634 ἐπιφωνεῖν·
3347 3568 3399 3619 ὀ
3437 3568 3646 3634 Κύριος
3679 3567 3888 3631 ἔδωκε,

2329 3654 2362 3705 ὁ
2379 3653 2586 3719 Κύριος
2604 3653 2879 3720 ἀφείλετο
2896 3668 2908 3681 ·
2940 3653 3019 3716 ὡς
3043 3650 3121 3716 τῷ
3141 3653 3335 3720 Κυρίῳ
3362 3653 3588 3717 ἔδοξεν,
3609 3654 3764 3706 οὕτω
3785 3654 3889 3707 καί

2327 3737 2590 3806 ἐγένετο·
2623 3738 2714 3806 εἴη
2752 3737 2820 3791 τὸ
2860 3738 3044 3806 ὄνομα
3079 3739 3298 3806 Κυρίου
3330 3739 3736 3806 εὐλογημένον
3764 3740 3891 3793 ἀπὸ

2327 3824 2433 3877 τοῦ
2468 3825 2584 3879 νῦν
2618 3824 2718 3878 καί
2742 3825 2852 3890 ἕως
2881 3823 2987 3878 τοῦ
3028 3822 3266 3890 αἰῶνος·
3295 3823 3374 3877 ἐτι
3405 3825 3497 3876 καὶ
3531 3826 3610 3890 τὸ,
3643 3825 3896 3892 Γυμνὸς

2327 3907 2583 3977 ἐξῆλθον·
2605 3911 2672 3963 ἐκ
2701 3911 2930 3975 κοιλίας
2947 3911 3169 3978 μητρός
3198 3927 3335 3978 μου,
3369 3911 3592 3979 γυμνὸς
3621 3910 3714 3962 καὶ
3739 3912 3889 3963 ἀπε-

2325 3998 2610 4063 λεύσομαι
2634 3996 2787 4049 ἐκεῖ·
2822 3996 2917 4048 καὶ
2949 3995 3195 4049 ἐντεῦθεν
3220 3995 3403 4049 λοιπὸν
3427 3995 3711 4065 μανθάνειν
3740 3997 3886 4066 πόση

2327 4081 2424 4150 τῆς
2463 4082 2734 4151 ὑπομονῆς
2777 4084 2812 4151 η
2854 4081 3118 4149 ὠφέλεια·
3166 4082 3257 4134 καὶ
3293 4082 3399 4152 γὰρ
3443 4081 3685 4134 ἐντεῦθεν
3723 4083 3890 4134 κάκεῖ

2325 4166 2422 4233 τὴν
2454 4166 2871 4234 μισθαποδοσίαν
2921 4166 3176 4236 λήψονται
3228 4166 3302 4228 ὡς
3341 4165 3477 4220 Ἰὼϐ.
3526 4165 3646 4220 Ἔτι
3682 4167 3736 4219 δὲ
3789 4167 3893 4219 καὶ

2327 4251 2575 4322 ἀναδείξῃ
2622 4255 2650 4304 6
2699 4253 2828 4316 Θεὸς
2881 4252 3204 4320 ἀπείραστος
3242 4251 3465 4314 κακῶν,
3524 4252 3770 4320 πειράζει
3822 4253 3889 4304 δὲ

2326 4337 2546 4388 οὐδένα·
2575 4337 3022 4406 παραχωροῦντος
3064 4336 3120 4388 δέ
3155 4336 3247 4389 τοῦ
3283 4336 3414 4388 Θεοῦ
3452 4336 3743 4404 πειρασμοὶ
3770 4339 3888 4398 τοῖς

2325 4421 2625 4490 ἀνθρώποις
2646 4421 2747 4473 ὑπὸ
2771 4421 3033 4489 δαιμόνων
3057 4423 3391 4491 ἐπέρχονται,
3417 4421 3502 4475 διὰ
3535 4421 3631 4490 τὴν
3648 4421 3886 4474 ἑκάστου

2325 4509 2547 4577 δοκιμὴν
2603 4508 2696 4560 καὶ
2740 4507 3032 4563 τελείωσιν.
3085 4508 3220 4561 Φασί
3264 4508 3323 4578 δέ
3389 4507 3704 4576 Σολομῶντα
3757 4523 3888 4559 συν.

2324 4595 2598 4664 τεταχέναι
2623 4595 2718 4647 καὶ
2744 4594 2900 4647 τοῦτο
2935 4594 2995 4646 τὸ
3022 4593 3243 4663 βιϐλίον,
3273 4596 3321 4646 εἰ
3353 4594 3425 4664 μή
3459 4595 3565 4663 ἄρα
3604 4593 3886 4656 Μωῡσέως

2325 4681 2439 4732 ἐστὶ
2470 4680 2821 4750 σύγγραμμα.
2873 4681 2935 4732 Ἢ
2963 4680 3059 4749 μὲν
3082 4680 3305 4750 περιοχή
3337 4678 3428 4731 τοῦ
3466 4678 3667 4748 βιϐλίου
3694 4678 3886 4730 τοῦτον

2325 4768 2432 4836 ἔχει
2477 4768 2566 4820 τὸν
2615 4769 2829 4836 τρόπον.
2895 4769 2959 4820 Ἦ
3008 4768 3062 4820 δέ
3111 4766 3574 4835 ἀνακεφαλαίωσίς
3621 4768 3764 4819 ἐστιν
3818 4769 3886 4821 ἐν

2322 4854 2547 4915 τούτοις.
2594 4853 2680 4905 Ἑν
2721 4853 3024 4923 προοιμίοις
3056 4854 3171 4922 μὲν,
3219 4853 3292 4914 ὡς
3332 4848 3399 4921 ἦν
3441 4851 3558 4905 Ἰὼϐ
3607 4851 3764 4904 οἰκῶν
3820 4853 3885 4904 ἐν

2323 4937 2473 5008 χώρᾳ
2528 4941 2592 5008 τῇ
2658 4937 2898 4990 Αύσίτιδι
2936 4954 2950 4969 ·
3013 4933 3130 4990 εἶτα
3188 4937 3457 5008 μαρτυρία
3512 4939 3610 5007 τῆς
3655 4937 3884 5007 Γραφῆς

2325 5025 2449 5091 περὶ
2485 5024 2580 5092 τῆς
2623 5023 2829 5092 ἀγαθῆς
2865 5021 3023 5074 αὑτοῦ
3054 5022 3355 5086 πολιτείας·
3403 5022 3496 5076 καὶ
3526 5023 3605 5075 ὅτι
3643 5017 3778 5092 ἦσαν
3825 5026 3882 5076 οῖ

2324 5111 2426 5160 υἱοὶ
2463 5108 2608 5176 αὐτῷ
2639 5111 2710 5172 ζ’,
2754 5109 2845 5162 καὶ
2879 5109 3171 5179 θυγατέρες
3206 5113 3257 5174 ς’
3285 5125 3301 5140 ·
3346 5110 3438 5162 καὶ
3472 5110 3598 5180 περὶ
3643 5108 3881 5178 ἀριθμοῦ

2321 5196 2428 5246 τῶν
2451 5194 2658 5264 κτηνῶν
2687 5194 2868 5248 αὐτοῦ.
2891 5195 3000 5247 Καὶ
3025 5195 3104 5247 ὅτι
3138 5195 3490 5265 πορευόμενοι
3509 5197 3555 5247 οί
3584 5195 3685 5247 υίοί
3706 5193 3880 5247 αὑτοῦ

2323 5285 2455 5354 πρὸς
2487 5283 2762 5353 ἀλλήλους,
2808 5284 3021 5336 ἐποίουν
3050 5287 3209 5338 πότον
3237 5283 3356 5337 καθ’
3385 5285 3616 5352 ἑκάστην
3662 5282 3889 5352 ἡμέραν,

2324 5370 2417 5420 σὺν
2436 5372 2552 5430 ταῖς
2578 5369 2749 5437 τρισὶν
2781 5367 3032 5435 ἀδελφαῖς
3066 5369 3261 5422 αὐτῶν.
3290 5369 3392 5421 Καὶ
3421 5367 3701 5420 ἐπέστελλε
3750 5366 3883 5421 Ἰὼϐ

2322 5455 2415 5506 καὶ
2453 5453 2737 5521 ἐκαθάριζε
2779 5455 2904 5516 τοὺς
2952 5455 3101 5517 υἰοὺς
3148 5455 3330 5518 αὐτοῦ,
3379 5453 3697 5525 προσφέρων
3742 5453 3882 5524 περὶ

2322 5538 2496 5590 αὐτῶν
2513 5538 2696 5589 θυσίαν
2712 5538 2787 5606 τῷ
2804 5539 3010 5608 Κυρίῳ.
3039 5539 3230 5608 Πρώτη
3257 5538 3529 5608 μαρτυρία
3548 5537 3639 5590 τοῦ
3664 5535 3881 5607 Κυρίου

2325 5624 2446 5691 περὶ
2475 5622 2565 5673 τοῦ
2605 5621 2723 5674 Ἰὼϐ
2753 5624 2886 5692 πρὸς
2921 5624 3011 5676 τὸν
3044 5611 3305 5686 διάϐολον,
3337 5624 3526 5692 πρώτη
3557 5622 3886 5691 φθονολογία

2321 5707 2411 5758 τοῦ
2425 5706 2663 5759 διαϐόλου
2689 5709 2816 5776 περὶ
2837 5707 2954 5761 Ἰὼϐ
2977 5708 3108 5778 πρὸς
3126 5707 3215 5761 τὸν
3226 5707 3445 5781 Κύριον.
3468 5708 3702 5763 Ἔδωκεν
3723 5705 3886 5773 ἐξω-
