4138 6306
221 381 335 434 361

206 508 397 549 versus
421 508 546 548 vero
581 494 760 549 oculos
786 496 944 563 patris
971 497 1090 552 felle
1127 498 1283 566 piscis
1307 501 1509 563 oblinit,
1541 512 1593 555 et
1620 503 1758 555 deci-

206 582 346 636 dnnt
381 597 644 651 squamze,
681 593 735 638 et
784 600 903 639 mox
944 588 1109 639 visum
1159 590 1354 655 recepit
1392 603 1571 643 senex.
1606 590 1761 644 Tobit

209 686 373 739 porro
392 686 506 726 cum
526 682 816 728 exciccatus
832 684 909 730 est
923 690 1174 729 annorum
1192 686 1302 730 erat
1322 678 1414 743 58,
1430 693 1547 732 cum
1577 689 1751 763 autern

206 761 379 813 visum
397 764 592 829 recepit
619 777 871 816 annorum
890 764 975 817 66.
1001 764 1128 817 Tum
1145 765 1350 817 demum
1379 781 1497 819 cum
1514 767 1665 821 Tobit
1682 770 1761 820 vi-

204 847 381 911 deret,
402 851 615 918 angelus
636 866 751 904 sese
769 852 1130 919 manifesmvit,
1151 856 1285 920 qttod
1308 856 1462 909 homo
1480 874 1579 910 non
1597 868 1753 923 esset,

208 936 304 989 sed
338 952 366 989 a
401 938 506 992 Deo
535 940 743 1000 missus,
776 950 829 991 ut
858 941 980 1008 ipsis
1007 952 1057 994 et
1092 943 1262 996 Sarra:
1282 960 1432 1012 opem
1457 946 1634 999 ferret.
1658 947 1755 1001 Ubi

205 1036 338 1077 vero
378 1038 534 1079 senex
576 1025 739 1080 factus
777 1038 915 1081 esset
942 1027 1111 1091 Tobit,
1144 1031 1505 1097 praecepitﬁlio
1536 1048 1629 1087 suo
1655 1034 1758 1087 To-

203 1110 332 1178 biae,
374 1122 429 1167 ut
463 1117 513 1168 in
545 1115 761 1168 Mediam
802 1117 987 1183 abiret,
1026 1118 1161 1185 quod
1191 1121 1413 1174 futurum
1433 1131 1643 1176 essetut
1672 1123 1758 1176 Ni-

203 1202 329 1255 nive
350 1203 631 1257 secundum
656 1206 868 1258 verbum
895 1206 1040 1259 Jonaa
1066 1209 1331 1276 prepheta:
1347 1212 1752 1279 subverteretur,

202 1297 259 1342 et
299 1289 548 1345 deﬁciens
592 1301 824 1346 mortuus
871 1304 952 1346 est
990 1310 1241 1349 annorum
1294 1300 1413 1352 155.
1446 1301 1608 1354 Filius
1632 1317 1756 1355 vero

201 1378 319 1445 ejus
346 1379 537 1435 Tobias
565 1382 613 1433 in
644 1382 860 1435 Mediam
890 1384 1144 1451 migravit,
1179 1386 1264 1439 ubi
1298 1387 1504 1441 tandem
1540 1391 1756 1458 sepultis

202 1479 395 1520 socero
420 1475 475 1521 et
501 1481 676 1535 socru,
704 1478 755 1523 et
779 1470 844 1524 de
878 1468 1079 1524 Ninivae
1118 1474 1318 1526 excidio
1342 1484 1584 1542 percepta
1619 1476 1756 1530 fama

202 1564 447 1609 mortuus
473 1564 552 1610 est
575 1571 827 1611 annorum
862 1559 980 1614 107.
1018 1560 1083 1613 Ει
1119 1561 1169 1614 in
1199 1563 1308 1615 haec
1335 1563 1525 1617 desinit
1554 1564 1701 1618 liber.

732 1682 879 1721 uasa
916 1683 1098 1723 JUDITH
1144 1671 1235 1739 (α).

274 1771 375 1826 llic
414 1772 541 1827 liber
569 1773 746 1829 Judith
776 1787 1009 1843 vocatur,
1047 1781 1165 1849 quia
1205 1782 1339 1837 ﬁlios
1368 1784 1525 1837 Israel
1560 1785 1626 1839 ab
1653 1786 1758 1840 Ho-

202 1858 459 1928 lopherne
501 1863 823 1933 impugnatos
848 1876 901 1921 et
946 1867 1187 1922 obsessos
1209 1911 1223 1934 ,
1283 1871 1417 1925 Deus
1455 1873 1567 1941 ejus
1595 1888 1753 1941 opera

202 1947 476 2016 liberavit;
507 1952 994 2025 Holophernemque
1021 1961 1296 2027 percussit.
1327 1963 1551 2017 llistoria
1582 1975 1753 2020 autem

201 2037 305 2092 hoc
324 2054 383 2093 se
414 2040 570 2095 habet
595 2043 769 2098 modo.
791 2044 1265 2102 Nabuchodonosor
1287 2066 1377 2104 rex
1401 2054 1751 2122 Assyriorum,

200 2142 322 2181 cum
348 2128 539 2183 bellum
565 2142 771 2201 gereret
797 2134 1048 2192 adversus
1072 2139 1351 2205 Arphaxad
1377 2157 1550 2210 regem
1580 2144 1756 2198 Medo-

200 2230 341 2279 rum,
370 2216 437 2270 ab
455 2220 697 2274 omnibus
725 2223 961 2290 gentibus
984 2240 1145 2293 usque
1170 2227 1234 2279 ad
1262 2228 1543 2298 IEgyptum
1564 2233 1751 2287 auxilia

200 2306 443 2370 petierat.
473 2306 601 2361 Cum
627 2318 798 2363 autem
827 2326 979 2365 nemo
1005 2315 1248 2368 auxilium
1283 2319 1525 2383 misisset,
1553 2321 1644 2375 sed
1666 2337 1753 2376 rc-

203 2392 444 2447 nnissent
470 2409 671 2457 omnes.
706 2408 1036 2468 posteaquam
1066 2403 1269 2457 vicisset
1299 2415 1349 2458 et
1380 2407 1751 2474 Arphaxadum

202 2477 342 2534 bello
385 2494 713 2551 superasset,
754 2488 944 2540 bellum
988 2489 1160 2542 intulit
1198 2493 1259 2544 iis
1288 2493 1378 2560 qui
1425 2496 1549 2548 nihil
1575 2497 1752 2551 auxilii

200 2566 453 2621 miserant
487 2587 498 2620 :
527 2570 770 2640 misitque
810 2574 1193 2643 Holophernem
1222 2579 1473 2635 adversus
1514 2598 1604 2637 eos
1632 2600 1749 2639 cum

200 2668 390 2722 magno
420 2659 669 2711 exercitu.
699 2660 791 2714 llic
819 2663 946 2717 alias
974 2665 1184 2733 quidem
1203 2682 1384 2722 omnes
1406 2682 1587 2739 gentes
1613 2674 1752 2729 bello

198 2743 357 2810 cepit,
390 2754 441 2797 et
471 2745 606 2801 idola
634 2748 858 2816 ipsarum
880 2754 1151 2822 confregit.
1175 2754 1420 2812 Israelita:
1438 2768 1611 2814 autem
1634 2777 1751 2817 sese

199 2833 646 2901 communierunt,
702 2853 799 2892 nec
845 2838 1164 2909 llolopherni
1217 2845 1520 2914 obsequuti,
1582 2864 1751 2917 neque

200 2920 359 2972 minis
394 2922 531 2976 illius
568 2927 828 2993 perterriti
874 2940 1016 2983 sunt.
1058 2929 1281 3001 Scripsit
1309 2935 1480 3005 itaque
1507 2938 1749 2994 sacerdos

197 3005 402 3062 Joaltim
429 3011 627 3065 civibus
653 3013 897 3084 Betyluaa,
928 3027 981 3070 ut
1007 3020 1139 3072 viam
1169 3022 1486 3091 Holopherni
1512 3027 1752 3082 obstrue-

199 3108 345 3162 rent;
375 3100 541 3155 isthac
562 3103 699 3157 enim
729 3104 828 3159 iter
853 3107 1079 3163 facturus
1108 3121 1250 3175 erat;
1282 3124 1332 3166 et
1358 3116 1743 3172 obstruxerunt.

199 3186 559 3257 llulophernes
588 3192 744 3262 igitur
760 3197 924 3250 aciem
944 3198 1182 3254 instruxit
1200 3202 1263 3254 ad
1291 3218 1534 3272 pugnam.
1554 3207 1749 3263 Achior

198 3285 369 3332 autem
402 3280 643 3350 princeps
670 3284 1083 3343 Atnmonitarum
1111 3300 1292 3344 auctor
1318 3303 1430 3346 erat
1459 3295 1746 3364 llolopher-

198 3364 268 3427 ni,
302 3381 367 3420 ne
390 3369 528 3436 genti
556 3368 891 3427 Hebraeorum
933 3376 1123 3431 bellum
1155 3380 1383 3445 inferret,
1413 3398 1477 3437 eo
1501 3386 1639 3453 quod
1672 3388 1746 3441 illi

198 3464 226 3502 a
267 3452 372 3506 Deo
417 3465 829 3526 protegerentur.
874 3461 1171 3531 indignatus
1214 3452 1570 3537 llolophernes
1607 3474 1747 3529 misit

199 3552 314 3592 eum
355 3541 588 3597 Betulam
613 3587 628 3611 ,
677 3547 938 3605 interitum
981 3552 1052 3606 illi
1090 3558 1432 3614 comminatus
1464 3562 1507 3615 si
1542 3564 1745 3630 quando

197 3623 448 3682 llebrzeos
475 3632 724 3687 vinceret.
748 3636 943 3692 Achior
960 3641 1130 3709 itaque
1151 3644 1201 3695 in
1225 3644 1402 3698 Betula
1425 3623 1740 3715 quiescebat.

196 3712 557 3783 llolophernes
583 3736 707 3775 vero
735 3726 996 3780 civitatem
1036 3729 1324 3797 obsidebat,
1362 3744 1413 3787 et
1441 3712 1557 3803 jam
1584 3754 1743 3807 aquas

196 3803 331 3859 illius
352 3821 713 3877 occupaverat.
745 3813 874 3868 Cum
904 3817 987 3870 siti
1014 3818 1120 3887 jam
1156 3820 1471 3892 aﬂligereiur
1498 3803 1737 3896 populus,

194 3902 245 3944 et
268 3893 529 3960 principes
548 3898 809 3954 civitatem
835 3904 1069 3959 tradituri
1097 3920 1272 3962 essent
1294 3951 1309 3976 ,
1337 3893 1513 3967 Juditb
1534 3893 1741 3984 deposi;

194 3978 259 4031 tis
287 3980 549 4037 viduitatis
580 3986 808 4042 vestibus
828 3991 846 4053 (
862 3993 1098 4046 maritum
1127 3998 1262 4049 enim
1297 4010 1554 4056 mortuum
1596 3978 1739 4074 luge-

191 4064 294 4131 l;at,
323 4073 620 4139 etquotidie
646 4077 951 4148 jejunabat),
978 4084 1199 4153 seipsam
1232 4088 1393 4143 instar
1418 4108 1622 4159 sponsas
1646 4064 1735 4149 or-

192 4159 365 4225 navit,
413 4170 467 4215 et
519 4165 694 4219 multis
732 4169 1002 4225 adhortata
1055 4179 1309 4243 primores
1360 4182 1622 4251 civitatis,
1672 4202 1737 4241 ne

190 4246 449 4303 civitatem
495 4252 558 4306 ad
587 4269 750 4323 usque
780 4261 1006 4329 quinque
1041 4265 1152 4318 dies
1189 4267 1321 4321 hosti
1354 4246 1634 4340 traderent,
1670 4276 1734 4329 ad

190 4331 576 4406 llolophernem
608 4359 813 4411 egressa
848 4359 949 4414 est,
978 4361 1029 4404 et
1055 4368 1170 4405 cum
1201 4369 1289 4408 sua
1318 4358 1457 4411 illum
1486 4363 1733 4429 sapientia

189 4423 517 4496 decepisset,
557 4435 705 4489 tertia
743 4437 860 4503 die,
902 4441 1255 4509 ignorantibus
1298 4449 1412 4516 ejus
1448 4423 1729 4518 militibus,

188 4511 351 4579 ipsum
382 4521 554 4588 capite
577 4527 851 4580 truncavit.
878 4529 943 4581 Et
966 4532 1041 4586 sic
1065 4533 1272 4589 demum
1297 4538 1456 4605 cives,
1481 4555 1733 4610 suspenso

188 4598 529 4670 llolophernis
548 4613 739 4682 capite,
766 4615 933 4681 ipsum
973 4620 1085 4686 ejus
1124 4622 1342 4677 tribunis
1369 4630 1728 4685 ostenderunt.

188 4689 312 4745 llinc
364 4695 563 4766 Assyrii
612 4702 875 4771 fugerunt;
924 4707 1171 4764 Israelita:
1212 4729 1335 4766 vero
1387 4718 1730 4787 uudcquaque

185 4792 551 4839 concurrentes
586 4789 826 4861 Assyrios
865 4797 1203 4852 trucidarunt.
1251 4801 1473 4856 Liberali
1515 4807 1725 4877 itaque,

183 4866 502 4939 direptisque
543 4874 769 4932 hostium
817 4885 1036 4947 castris,
1086 4904 1201 4953 quae
1235 4889 1300 4942 ad
1344 4866 1726 4960 Hol0phernetn

186 4957 535 5019 pertinuerant
561 4965 733 5017 omnia
777 4967 999 5025 Judithte
1038 4972 1310 5029 dederunt.
1342 4978 1452 5046 Ipsa
1479 4957 1603 5035 vero
1635 4985 1727 5037 Ju-

182 5042 284 5096 dith
316 5046 695 5119 Jerosolymam
742 5058 988 5125 proiecta,
1035 5066 1207 5117 omnia
1256 5042 1473 5123 Domino
1515 5072 1721 5139 obtulit,

181 5129 492 5206 domumque
517 5156 741 5208 reversa,
774 5146 824 5199 in
864 5151 1047 5206 eodem
1088 5157 1293 5221 pietatis
1318 5163 1572 5215 exercitio
1600 5181 1721 5233 per-

180 5227 431 5279 severavit
453 5267 468 5293 ,
514 5245 575 5285 ac
610 5233 762 5288 vidua
800 5236 864 5289 ad
915 5252 1131 5295 mortem
1163 5261 1325 5315 usque
1348 5253 1535 5305 mansit
1564 5291 1579 5317 ,
1601 5227 1720 5310 Ine-

180 5324 361 5381 ntoqne
415 5318 485 5372 illi
542 5325 750 5391 nuptias
797 5330 1110 5393 persuadere
1163 5339 1346 5401 potuit.
1394 5339 1589 5394 Mortua
1640 5354 1720 5398 est

178 5410 340 5457 autem
363 5447 377 5468 ,
407 5418 679 5479 postquam
720 5414 771 5467 in
805 5417 1051 5473 viduitate
1090 5423 1305 5480 honeste
1337 5430 1577 5496 vixisset,
1621 5451 1716 5489 an-

180 5502 270 5545 nos
286 5507 493 5551 emensa
510 5509 717 5556 centum
735 5512 787 5557 et
802 5506 1049 5577 quinque.
1069 5510 1133 5564 Et
1150 5513 1200 5565 in
1220 5515 1330 5569 haec
1355 5518 1543 5574 desinit
1564 5522 1711 5578 liber.

236 5650 304 5714 (α)
328 5653 503 5707 iisdem
526 5658 631 5712 fere
654 5665 814 5714 verbis
834 5672 1017 5719 constat
1039 5668 1186 5721 altera
1210 5680 1440 5738 Synopsis.

1286 369 1600 427 SYNOPSIS
1636 370 2038 430 SCRIPTURAS
2075 376 2335 433 SACRE.

3323 409 3433 465 362

2467 506 2611 543 Lillth
2633 506 2736 545 108.

1935 611 2053 681 (πμ
2063 614 2128 667 ob
2156 616 2430 683 inscriptus
2459 629 2539 671 est
2569 620 2652 675 hic
2677 623 2828 687 liber,
2856 627 2972 691 quia
3001 626 3112 696 ejus
3138 628 3408 686 historiam

1863 708 2244 771 complectitur,
2294 724 2479 776 nempe
2518 727 2633 778 quae
2682 728 2956 781 perpessus
2998 721 3063 770 sit
3111 728 3337 776 tentatus
3381 739 3409 776 a

1862 791 2069 846 diabolo
2094 835 2109 859 ,
2154 806 2207 848 et
2249 799 2509 864 quomodo
2551 801 2760 864 vicerit,
2793 803 3063 873 illatasque
3103 808 3279 877 plagas
3327 812 3410 880 pie

1862 882 2159 935 toleraverit
2183 925 2197 949 ,
2230 886 2543 954 domumque
2572 890 2745 942 omnia
2772 891 2992 958 duplicia
3022 899 3271 964 receperit
3298 940 3312 961 ,
3345 900 3409 953 il-

1862 966 2199 1037 lustriorque,
2223 989 2375 1040 quam
2405 985 2578 1038 antea,
2608 976 2773 1030 factus
2798 980 2880 1031 sit.
2906 981 3094 1035 Passus
3114 995 3283 1039 autem
3308 1000 3406 1050 est,

1860 1070 1977 1107 cum
2002 1066 2142 1110 esset
2160 1074 2411 1114 annorum
2435 1066 2778 1132 septuaginta,
2804 1066 2929 1119 vixit
2951 1085 3072 1122 vero
3096 1084 3209 1139 p0st
3233 1074 3413 1144 plagas

1861 1143 2009 1195 anuis
2042 1153 2250 1199 centum
2281 1157 2329 1200 et
2360 1152 2682 1219 septuaginta
2708 1194 2721 1216 ,
2756 1154 2822 1205 ita
2852 1163 2906 1208 ut
2943 1171 3124 1211 omnes
3148 1164 3266 1215 vita:
3295 1143 3409 1231 ejus

1861 1232 1980 1283 anni
2012 1234 2113 1285 sint
2144 1235 2350 1289 ducenti
2392 1239 2751 1309 quadraginta.
2801 1243 2917 1297 Fuit
2945 1255 3117 1300 autem
3156 1248 3254 1303 Job
3289 1262 3409 1307 ante

1862 1318 2089 1388 Moysem
2112 1338 2124 1385 ;
2148 1332 2259 1376 erat
2285 1327 2420 1378 enim
2449 1328 2661 1394 quintus
2686 1330 2751 1383 ah
2776 1332 3073 1387 Abrahatno
3098 1352 3161 1390 ex
3190 1343 3413 1403 posteris

1861 1407 2014 1461 Esau.
2064 1408 2142 1463 Ob
2187 1412 2453 1480 plagarum
2494 1417 2837 1471 calamitatem
2866 1433 3120 1476 venerunt
3158 1426 3220 1479 ad
3264 1428 3407 1481 illttm

1860 1497 2161 1549 consolandi
2189 1502 2348 1567 gratia
2377 1503 2551 1555 amici.
2588 1506 2757 1573 Atque
2783 1509 2849 1560 ita
2876 1512 3198 1567 contentiose
3222 1524 3272 1568 et
3296 1517 3408 1570 sine

1860 1585 2314 1641 commiseratione
2342 1604 2458 1641 cum
2490 1591 2579 1645 illo
2612 1595 2783 1647 verbis
2821 1608 3077 1665 egerunt,
3120 1612 3168 1654 ut
3202 1603 3323 1657 illud
3356 1607 3404 1658 in

1862 1683 2131 1738 peccatum
2163 1675 2287 1741 ipsis
2314 1687 2604 1744 reputatum
2635 1679 2808 1735 fuerit.
2845 1684 2945 1737 Job
2972 1701 3096 1740 vero
3125 1690 3283 1744 Deum
3313 1708 3412 1760 pro

1861 1758 1962 1812 illis
2002 1770 2245 1829 precatus
2281 1772 2396 1830 est,
2428 1775 2479 1818 et
2518 1769 2787 1823 remissum
2832 1773 2957 1840 ipsis
2997 1783 3078 1828 est
3114 1758 3403 1844 peccatum.

1859 1847 1991 1902 Sunt
2014 1850 2201 1920 diaIOgi
2232 1852 2351 1919 Job,
2380 1869 2512 1923 quos
2536 1871 2650 1910 cum
2681 1862 2859 1914 amicis
2882 1862 3078 1929 habuit,
3109 1876 3226 1921 octo
3254 1884 3266 1919 :
3297 1871 3403 1922 Eli-

1860 1938 1991 2005 phaz
2016 1954 2140 1992 vero
2169 1941 2233 1994 ad
2258 1941 2357 1997 Job
2388 1953 2492 1998 tres
2515 1986 2530 2010 ,
2563 1946 2766 2015 Sophar
2791 1949 2893 2005 duo
2915 1993 2929 2016 ,
2959 1953 3151 2009 Baldad
3182 1967 3304 2012 tres.
3337 1960 3403 2015 Et

1860 2027 2005 2081 Eliuz
2030 2045 2233 2100 quoque
2256 2032 2347 2086 ﬁlii
2381 2035 2650 2091 Barachiel
2686 2040 2877 2094 Bttzitm
2898 2059 3029 2098 unus
3048 2055 3126 2099 est
3145 2048 3401 2119 dialogus.

1858 2115 2075 2170 Demum
2122 2119 2369 2176 Dominus
2410 2123 2596 2179 Jobum
2625 2127 2903 2197 alloquitur
2932 2148 3026 2200 per
3052 2115 3310 2192 turbinem
3351 2150 3402 2196 et

1859 2204 2071 2259 nubem.
2104 2207 2403 2278 Respondet
2432 2228 2557 2268 vero
2588 2216 2840 2283 Domino,
2872 2232 2922 2275 et
2959 2223 3040 2279 bis
3074 2226 3238 2294 ipsum
3266 2231 3402 2285 allo-

1857 2296 2048 2360 quitur.
2081 2294 2267 2365 Sicque
2295 2303 2601 2357 terminatur
2625 2306 2779 2360 liber.

1928 2382 2124 2451 Scopus
2150 2397 2321 2440 autem
2348 2390 2461 2457 ejus
2492 2401 2628 2446 totus
2657 2405 2735 2448 est
2772 2397 2837 2449 ad
2875 2401 3172 2466 patientiam
3205 2406 3401 2464 hortari

1856 2485 1947 2525 eos
1972 2474 2058 2541 qui
2081 2474 2131 2526 in
2164 2477 2486 2534 calamitates
2512 2481 2765 2550 incidunt,
2800 2488 3001 2543 etiamsi
3028 2506 3268 2562 magnum
3295 2499 3401 2565 pie-

1856 2563 1976 2614 tatis
2015 2564 2363 2620 testimonium
2406 2584 2513 2638 prze
2553 2573 2839 2640 scierant;
2888 2588 2942 2631 ut
2968 2579 3067 2636 hoc
3096 2583 3263 2651 ipsmn
3293 2563 3396 2645 illis

1855 2648 2169 2706 oﬁ'endiculo
2199 2668 2298 2708 non
2330 2656 2429 2718 sit;
2459 2658 2551 2712 sed
2581 2661 2691 2714 htec
2718 2665 2979 2729 proferant
3006 2687 3019 2722 :
3050 2648 3289 2729 Dominus
3314 2677 3400 2731 ἀθ-

1855 2739 1946 2805 dit,
1968 2738 2213 2796 Dominus
2237 2745 2439 2798 abstulit
2462 2763 2479 2799 :
2501 2748 2626 2801 sicut
2653 2749 2862 2806 Domino
2883 2756 3097 2824 placuit,
3122 2762 3191 2814 ita
3216 2767 3400 2831 factm»

1852 2838 1923 2880 est
1941 2844 1959 2891 ;
1986 2830 2049 2881 sit
2073 2846 2253 2885 nomen
2281 2833 2479 2887 Domini
2501 2836 2805 2892 benedictum
2831 2859 2891 2895 ea:
2912 2845 3003 2898 hoc
3026 2864 3159 2901 nunc
3181 2862 3224 2903 et
3248 2870 3402 2922 usque

1854 2917 1904 2968 in
1932 2920 2166 2972 saeculum
2216 2922 2350 2990 (Job
2388 2926 2438 2978 1.
2475 2926 2535 2980 21
2569 2928 2621 2996 );
2664 2930 2974 3003 insuperqtte
3003 2937 3126 2993 illud
3159 2958 3173 2993 :
3218 2917 3399 3000 Nudus

1852 3020 2073 3072 egressus
2112 3025 2219 3061 sum
2262 3011 2322 3062 de
2360 3021 2495 3066 utero
2523 3018 2691 3070 matris
2733 3036 2880 3085 mete,
2912 3034 2958 3075 et
3000 3028 3162 3082 nudus
3188 3044 3402 3087 revertar

1852 3096 1971 3149 illuc
1997 3097 2231 3170 (Ibidem)
2256 3118 2269 3164 ;
2297 3112 2451 3172 atque
2479 3105 2596 3161 hinc
2622 3110 2829 3165 demum
2855 3116 3083 3172 ediscant
3116 3134 3304 3189 quanta
3331 3129 3399 3181 sit

1852 3186 2112 3252 patientia:
2156 3190 2349 3245 utilitas
2381 3210 2394 3246 :
2423 3196 2613 3249 etenim
2655 3198 2775 3253 inde
2814 3206 3106 3259 mercedem
3133 3186 3398 3279 accepturi

1850 3282 1971 3327 sunt
1999 3275 2131 3328 sicut
2155 3276 2272 3331 Job.
2304 3279 2367 3334 Ut
2392 3283 2546 3336 etiam
2575 3290 2817 3343 ostendat
2847 3291 3005 3346 Deum
3033 3275 3399 3357 intentatorem

1849 3364 2102 3418 malorqu
2125 3382 2260 3433 esse,
2288 3372 2652 3443 neminemque
2677 3386 2908 3438 tentare:
2940 3385 3028 3436 sed
3053 3386 3158 3440 Deo
3180 3395 3396 3456 permit-

1850 3459 1991 3505 tente
2028 3457 2335 3512 tentationes
2381 3459 2676 3517 hominibus
2715 3482 2811 3536 per
2847 3469 3111 3526 daemonas
3140 3479 3390 3546 excitari,

1847 3541 1910 3593 ad
1939 3542 2261 3611 singulorum
2298 3549 2650 3614 probationem
2680 3556 3169 3629 perfectionemque.
3200 3566 3395 3620 Narra-

1850 3637 1932 3681 tur
1959 3629 2289 3687 Salomonem
2320 3634 2457 3691 hunc
2483 3639 2817 3697 adornavisse
2861 3646 3087 3716 librum,
3130 3654 3223 3706 nisi
3261 3654 3397 3712 forte

1847 3717 2008 3785 ipsius
2036 3720 2227 3792 Moysis
2252 3725 2323 3777 sit
2351 3742 2500 3795 opus.
2530 3729 2651 3784 llaec
2679 3738 3008 3792 continentur
3033 3741 3082 3793 in
3116 3742 3212 3797 hoc
3237 3747 3394 3814 lihro,

1844 3809 1992 3877 cujus
2020 3813 2185 3877 capita
2218 3814 2292 3867 sic
2320 3819 2509 3870 resumi
2542 3834 2774 3886 possunt.
2809 3824 2860 3878 In
2888 3831 3102 3884 exordio
3131 3846 3390 3902 narratur,

1844 3898 1978 3966 quod
2004 3899 2102 3953 Job
2130 3902 2385 3958 habitaret
2406 3908 2454 3959 itt
2482 3918 2615 3963 terra
2644 3913 2877 3968 Ausitidc
2904 3934 2917 3968 :
2945 3919 3131 3975 deinde
3157 3898 3391 3993 sequitur

1845 3989 2192 4044 testimonium
2223 3992 2504 4062 Scriptura:
2540 3998 2605 4053 de
2636 4002 2797 4068 probo
2823 4006 2936 4074 ejus
2964 4012 3084 4065 vitae
3116 3989 3347 4073 instituto
3372 4038 3386 4084 ;

1841 4078 1977 4144 quod
2005 4079 2136 4134 ﬁlios
2169 4081 2382 4138 haberet
2410 4098 2631 4154 septem.
2660 4093 2896 4163 ﬁliasque
2924 4113 3049 4163 sex;
3079 4104 3143 4157 de
3171 4078 3391 4162 numero

1840 4180 2084 4233 pecorum
2113 4171 2244 4239 ejus.
2274 4174 2422 4240 Quod
2453 4177 2543 4231 ﬁlii
2574 4181 2686 4247 ejus
2711 4200 2807 4237 una
2835 4193 3229 4259 convenientes,
3258 4214 3387 4253 con-

1839 4256 2029 4310 vivium
2051 4260 2279 4327 quotidie
2295 4265 2620 4322 celebrarent
2638 4286 2753 4324 cum
2778 4276 2940 4330 tribus
2960 4283 3225 4339 sororibus
3245 4290 3384 4343 suis:

1839 4352 1889 4397 et
1917 4346 2052 4413 quod
2082 4349 2307 4403 mitteret
2332 4352 2430 4408 Job
2455 4366 2505 4409 et
2536 4360 2811 4415 mundaret
2838 4365 2969 4421 ﬁlios
2997 4384 3138 4437 suos,
3163 4375 3387 4432 offerens

1838 4446 1933 4498 pro
1973 4434 2077 4489 illis
2118 4440 2431 4495 sacriﬁcium
2476 4445 2711 4500 Domino.
2762 4450 2989 4508 Primum
3036 4461 3384 4521 testimonium

1838 4519 2040 4575 Domini
2080 4525 2343 4581 diabolum
2381 4531 2691 4600 alloquentis
2727 4539 2863 4593 circa
2891 4542 3076 4599 Jobum
3117 4519 3381 4617 :primum

1835 4608 2024 4662 invidia
2054 4613 2260 4679 plenum
2292 4615 2481 4671 diaboli
2510 4622 2822 4691 colloquium
2854 4644 2969 4684 cum
3001 4608 3221 4692 Domino
3246 4642 3382 4696 circa

1832 4694 2040 4750 Jobum.
2088 4700 2239 4755 Dedit
2274 4704 2522 4761 Dominus
2552 4720 2858 4778 potestatem
2887 4720 3095 4776 diabolo
3124 4728 3173 4781 in
3207 4694 3379 4786 omnia

1833 4799 1948 4851 qum
1969 4786 2033 4839 ad
2056 4787 2241 4843 Jobum
2272 4797 2607 4861 pertinerent,
2633 4802 2745 4868 ipso
2765 4805 2895 4861 .Iobo
2920 4819 3113 4866 tantutn
3138 4834 3371 4886 excepto.

1834 4871 2006 4927 Primo
2044 4878 2269 4932 nuntiari
2300 4894 2447 4937 curat
2474 4885 2709 4943 diabolus
2736 4892 2869 4949 Jobo
2892 4938 2906 4962 ,
2933 4915 3094 4968 equos
3123 4915 3175 4957 et
3205 4871 3379 4961 asinos

1830 4960 1942 5027 ejus
1970 4972 2148 5032 captos
2173 5008 2186 5027 .
2215 4982 2496 5040 servosque
2527 4991 2799 5042 percussos
2827 4984 3005 5041 fuisse.
3051 4992 3121 5046 De
3147 5000 3377 5051 secundo

1830 5052 2030 5114 nuntio,
2054 5055 2139 5122 qui
2162 5055 2293 5111 Jobo
2316 5060 2445 5115 dixit
2471 5082 2481 5113 :
2509 5064 2627 5133 Igne
2647 5082 2967 5141 consumptze
2984 5089 3107 5131 sunt
3126 5098 3253 5138 oves
3277 5095 3377 5141 tua:

1827 5154 1945 5192 cum
1985 5147 2297 5208 pastoribus.
2332 5152 2403 5205 De
2434 5155 2588 5208 tertio
2618 5160 2799 5214 nuntio
2822 5203 2835 5226 ,
2864 5167 2948 5231 qui
2988 5174 3215 5226 narravit
3242 5176 3376 5231 Joho

1825 5237 2002 5296 captos
2038 5236 2265 5290 camelos
2288 5277 2304 5303 ,
2344 5249 2397 5293 et
2435 5256 2599 5297 cresos
2638 5250 2882 5305 custodes
2926 5253 3107 5323 fuisse.
3150 5267 3374 5326 Quartus

1824 5319 2034 5372 nuntius
2062 5321 2249 5377 Jobum
2278 5327 2417 5390 adit,
2455 5343 2730 5402 narratque
2760 5343 3021 5398 corruisse
3048 5348 3256 5404 domum
3278 5394 3291 5417 ,
3320 5365 3372 5407 ct

1778 5452 1781 5453 ν
1822 5420 2099 5475 oppressos
2127 5428 2309 5469 omnes
2338 5418 2471 5471 lilios
2501 5421 2612 5487 ejus
2650 5425 2828 5479 t’uiSse.
2873 5431 2927 5484 ln
2957 5438 3194 5491 onmibus
3224 5441 3367 5497 hisce

1883 5564 2086 5649 (αλοξε
2103 5580 2367 5649 ξθίιιιμοιιξγ
2382 5586 2532 5649 usque
2549 5577 2605 5625 ad
2625 5581 2787 5648 verba,
2804 5584 3079 5635 terminatur
3098 5588 3229 5649 liber,
3243 5597 3368 5643 siuti-

1822 5625 1940 5673 liter'
1954 5625 2191 5737 habebitur
2227 5632 2270 5677 in
2297 5625 3369 5705 altera'SynopsiVica‘tcra-vcr'owmrin‘i;

1819 5693 2006 5737 δνιιυιηδι
2032 5701 2055 5733 :I
2108 5699 2219 5737 'uttt.

1820 5699 2006 5746 syttupm
2032 5699 2219 5738 absunt.
