4138 6306
799 380 910 434 363

795 485 1302 538 calamitatibus'non
1326 483 1558 550 peccavit
1576 482 1673 536 Job
1694 497 1814 550 erga
1839 482 2134 534 Dominum.
2155 479 2346 533 Secun-

797 575 921 627 dum
950 572 1302 628 testimonium
1344 571 1547 624 Domini
1586 571 1846 624 diabolum
1875 571 2185 636 alloquentis
2207 608 2222 630 ,
2248 582 2350 635 quo

797 662 912 716 Jobi
942 664 1105 714 virtus
1132 661 1456 722 celebratur;
1495 668 1548 712 et
1585 658 1869 712 secundum
1908 657 2100 710 invidia
2139 658 2346 723 plenqu

795 753 984 805 diaboli
1008 750 1319 818 colloquium
1341 763 1458 802 cum
1483 749 1697 800 Domino
1719 748 1854 800 circa
1877 746 2085 800 Jobum.
2125 739 2190 795 Et
2213 757 2349 809 quo-

793 843 952 899 modo
969 844 1242 899 tradiderit
1269 841 1515 892 Dominus
1542 839 1751 899 Jobum,
1784 853 1883 889 una
1916 844 2114 889 tantum
2145 844 2345 886 servata

796 933 967 984 anima
1001 945 1094 984 seu
1123 930 1246 981 vita.
1294 928 1547 996 Egressus
1577 926 1814 979 diabolus
1840 924 2026 977 Jobum
2060 923 2279 991 percutit
2317 936 2346 974 a

797 1021 1014 1090 pedibus
1043 1034 1204 1086 usque
1240 1017 1304 1071 ad
1331 1025 1519 1085 caput;
1564 1016 1856 1083 sedensque
1887 1015 1985 1068 Job
2025 1015 2073 1066 in
2115 1023 2346 1066 stercore

799 1110 1007 1163 radebat
1035 1109 1250 1162 saniem.
1281 1108 1474 1161 Suadet
1507 1106 1639 1159 Jobo
1671 1122 1801 1158 uxor
1835 1105 1946 1172 ejus
1971 1146 1983 1169 ,
2015 1115 2069 1157 ut
2108 1105 2345 1172 loquatur

791 1209 972 1254 contra
1012 1200 1286 1253 Dominum
1313 1239 1327 1262 ,
1355 1209 1404 1251 et
1435 1196 1690 1249 moriatur
1719 1214 1730 1247 :
1760 1195 2005 1262 illamque
2037 1194 2134 1247 Job
2162 1210 2343 1262 repre-

793 1291 988 1344 hendit.
1023 1291 1310 1343 Audieruut
1338 1298 1443 1340 tres
1469 1288 1620 1338 amici
1648 1285 1786 1346 Jobi,
1811 1285 2025 1353 Eliphaz
2050 1285 2344 1337 Thremani-

792 1389 960 1432 tarum
988 1395 1077 1432 rex
1100 1421 1112 1440 ,
1141 1377 1334 1431 Baldad
1375 1375 1691 1429 Sacheorum
1723 1383 1972 1442 tyrannus
1995 1413 2011 1438 ,
2052 1381 2104 1425 et
2143 1372 2344 1439 Sephar

791 1469 1106 1522 Nemeorum
1140 1475 1438 1519 remeuncta
1464 1480 1579 1532 qure
1610 1463 1704 1530 ipsi
1731 1462 2042 1515 acciderant.
2075 1461 2138 1514 Et
2163 1475 2339 1514 acces-

787 1566 970 1611 serunt
1011 1557 1076 1609 ad
1118 1555 1259 1608 illum
1303 1554 1488 1622 singuli
1527 1569 1589 1606 ex
1639 1553 1848 1620 regione
1876 1565 2003 1612 sua,
2030 1559 2086 1603 ut
2113 1552 2344 1604 viserent

787 1648 930 1702 illum
952 1665 965 1700 :
985 1649 1177 1715 illoque
1194 1652 1476 1712 conspecto
1495 1643 1759 1696 sciderunt
1773 1642 1958 1711 singuli
1977 1651 2172 1695 vestem
2193 1655 2339 1693 suam

785 1740 853 1793 ob
881 1748 1073 1792 tantam
1104 1738 1474 1790 calamitatem.
1520 1734 1642 1787 Post
1669 1733 1872 1801 plagam
1905 1740 2076 1785 autem
2102 1730 2200 1784 Job
2233 1731 2339 1798 pri-

785 1843 901 1882 mus
928 1827 1132 1896 aperuit
1153 1840 1212 1878 os
1238 1841 1410 1889 suum,
1439 1832 1487 1876 et
1515 1822 1782 1875 maledixit
1801 1822 1902 1874 diei
1925 1836 1986 1874 ac
2007 1822 2142 1872 nocti
2166 1821 2214 1872 in
2240 1835 2337 1886 qua

785 1930 937 1973 natus
956 1928 1086 1971 erat.
1111 1917 1242 1970 Hine
1264 1915 1390 1968 illud
1417 1931 1429 1966 :
1455 1914 1596 1968 Sicut
1615 1928 1781 1966 servus
1801 1914 1883 1979 qui
1909 1913 2040 1963 timet
2063 1912 2334 1972 dominum,

783 2009 854 2061 sic
880 2010 996 2060 data
1020 2017 1088 2059 est
1111 2005 1197 2058 lux
1220 2006 1280 2058 iis
1303 2005 1386 2072 qui
1411 2005 1462 2055 in
1489 2002 1820 2054 amaritudine
1846 2009 2121 2064 versantur,
2144 2001 2227 2067 qui
2253 2001 2340 2052 de-

780 2100 999 2152 siderant
1027 2107 1232 2150 mortem
1253 2137 1267 2160 ,
1293 2110 1379 2147 nec
1408 2093 1643 2146 obtinent.
1689 2091 1828 2145 Mors
1857 2093 1987 2144 enim
2020 2091 2124 2143 viro
2150 2091 2336 2158 requies

783 2190 900 2258 (Job
919 2189 1072 2243 5.19.
1087 2188 1174 2243 20.
1193 2187 1280 2240 2|.
1297 2186 1408 2254 25).
1427 2185 1708 2252 Excipiens
1730 2183 1872 2235 illum
1901 2182 2099 2250 primus
2119 2181 2336 2248 Eliphaz

779 2280 1128 2334 Tlttemanites
1150 2278 1273 2330 dicit
1296 2275 1428 2329 Jobo
1459 2293 1471 2326 :
1507 2293 1525 2324 ‹
1559 2274 1614 2327 ln
1647 2272 1950 2326 memoriam
1981 2284 2188 2333 revoca,
2221 2271 2335 2336 quis

780 2369 1004 2422 mundus
1053 2366 1298 2434 perierit,
1345 2375 1432 2418 aut
1477 2363 1805 2432 quandonam
1848 2374 2062 2414 veraces
2105 2358 2336 2412 funditus

779 2455 965 2524 perditi
988 2455 1109 2508 sint.
1155 2453 1364 2507 Ferocia
1389 2452 1670 2506 draconum
1694 2450 1946 2504 exstincta
1974 2456 2084 2502 est:
2106 2461 2336 2517 myrme-

773 2545 960 2598 coleou
979 2554 1150 2597 autem
1171 2541 1343 2609 periit,
1363 2557 1426 2594 eo
1444 2541 1583 2610 quod
1606 2555 1707 2592 non
1727 2540 1942 2592 haberet
1958 2553 2129 2592 escam
2150 2539 2332 2590 :catuli

774 2635 981 2687 leonum
1008 2647 1124 2686 sese
1147 2631 1366 2684 invicem
1393 2638 1723 2698 separaruut.
1757 2628 1844 2682 Sic
1871 2644 1972 2680 non
2000 2636 2080 2681 est
2100 2627 2333 2680 mortalis

776 2722 1002 2775 mundus
1031 2722 1080 2774 in
1108 2730 1389 2788 conspectu
1415 2718 1654 2782 Domini,
1685 2731 1853 2785 neque
1878 2732 1940 2770 ex
1963 2716 2206 2784 operibus
2228 2715 2333 2768 suis

775 2810 1068 2877 iuculpatus
1091 2809 1169 2861 vir
1194 2827 1210 2857 ι
1235 2807 1348 2875 (Job
1372 2808 1421 2859 4.
1442 2805 1602 2859 7.10.
1631 2806 1880 2872 11.17).‹
1905 2805 2080 2866 Stulti,
2107 2823 2123 2853 ι
2146 2803 2330 2870 inquit,

781 2920 799 2950 ι
813 2900 932 2954 licet
948 2897 1175 2953 radicem
1193 2897 1588 2965 ponant,statim
1603 2894 1936 2948 devorabitur
1950 2894 2113 2946 victus
2127 2907 2334 2955 eorum;

772 2990 1015 3059 quoniam
1034 2991 1170 3057 quod
1194 2989 1264 3042 illi
1285 2995 1682 3056 congregarunt,
1701 2986 1823 3053 justi
1842 2984 2116 3038 comedent
2143 3003 2159 3034 ι
2182 2982 2329 3054 (Cap.

772 3083 824 3136 5.
855 3097 901 3134 υ.
934 3081 985 3133 5.
1017 3079 1091 3147 5).
1129 3097 1146 3128 ι
1180 3077 1400 3142 Ιιοιιιο,›
1435 3076 1618 3144 inquit,
1652 3095 1669 3126 ι
1710 3076 1938 3127 nascitur
1965 3074 2026 3126 ad
2059 3074 2286 3127 laborem
2313 3113 2326 3132 .

771 3171 896 3239 pulli
953 3179 1124 3223 autem
1181 3170 1443 3222 vulturum
1495 3167 1600 3221 alte
1657 3166 1853 3219 volant.
1923 3165 2330 3233 Comprehendit

769 3271 941 3316 autem
981 3261 1228 3313 Dominus
1263 3259 1524 3326 sapientes
1564 3257 1615 3311 in
1651 3255 1920 3324 prudentia
1966 3270 2145 3309 eorum
2168 3296 2180 3317 ,
2212 3271 2329 3308 con-

770 3352 942 3408 silium
993 3361 1164 3402 autem
1204 3348 1552 3415 versipellium
1595 3346 1832 3414 dissipat.
1885 3345 2215 3398 lnnocentem
2261 3361 2324 3398 ex

770 3439 1168 3493 necessitatibus
1212 3438 1396 3504 eripiet
1437 3437 1686 3489 Dominus
1712 3476 1725 3497 ,
1768 3444 1819 3488 et
1862 3435 1911 3488 in
1956 3435 2179 3501 septimo
2221 3450 2322 3487 non

767 3535 943 3595 tanget
984 3543 1101 3579 eum
1143 3526 1356 3580 malum.
1398 3525 1474 3579 Tu
1509 3540 1635 3579 vero
1665 3535 1832 3579 tecum
1863 3536 2042 3594 reputa
2063 3567 2076 3590 ,
2107 3541 2174 3578 an
2201 3526 2321 3595 quid

768 3616 1156 3685 perpetraveris
1191 3634 1206 3666 ι
1243 3614 1397 3684 (Ibid.
1429 3632 1474 3667 υ.
1505 3615 1554 3667 7.
1593 3614 1675 3668 15.
1710 3615 1796 3668 19.
1823 3614 1935 3683 27).

837 3705 1008 3760 Prima
1053 3705 1167 3759 Jobi
1209 3706 1273 3758 ad
1319 3706 1531 3773 Elipbaz
1571 3707 1842 3774 responsio
1872 3723 1884 3758 :
1918 3725 1935 3756 α
1970 3707 2022 3761 Si
2054 3723 2179 3762 vero
2209 3710 2323 3777 quis

761 3794 1063 3863 appendens
1087 3795 1406 3862 appenderet
1448 3796 1576 3848 iram
1616 3811 1784 3851 meam
1808 3837 1820 3858 ,
1848 3805 1899 3850 et
1935 3796 2141 3851 dolores
2177 3815 2322 3853 meos

761 3887 968 3940 tolleret
998 3886 1047 3938 in
1078 3895 1270 3940 statera
1299 3888 1509 3955 pariter,
1541 3887 1717 3955 utique
1743 3901 1899 3940 arena
1928 3888 2087 3942 maris
2111 3889 2319 3957 gravior

756 3977 858 4029 erit
885 3995 902 4026 ι
925 3975 1070 4045 (Cap.
1092 3977 1141 4028 6.
1162 3976 1275 4030 v.2.
1296 3977 1370 4046 '5).
1395 3976 1519 4030 item
1541 3977 1695 4030 illud;
1722 3996 1739 4026 ‹
1761 3977 1890 4031 Num
1912 3977 2100 4032 frustra
2122 3981 2318 4033 clama-

758 4065 832 4118 bit
858 4080 1051 4133 onager
1068 4106 1080 4129 ,
1107 4067 1204 4118 nisi
1227 4082 1375 4120 escas
1397 4068 1705 4135 requirens?
1725 4067 1983 4137 Numquid
2007 4078 2058 4122 et
2082 4081 2318 4138 erumpet

754 4155 804 4208 in
832 4169 1010 4208 vocem
1033 4154 1146 4219 bos,
1171 4170 1287 4208 cum
1313 4155 1500 4208 habeat
1521 4156 1570 4208 in
1595 4172 1832 4225 praesepe
1856 4157 2036 4212 cibos?
2059 4158 2314 4229 Numquid

755 4244 1002 4298 fortitudo
1030 4245 1257 4313 lapidum
1283 4245 1532 4300 fortitudo
1557 4261 1695 4310 mea,
1722 4256 1812 4300 aut
1833 4263 2017 4302 carnes
2043 4265 2172 4302 mea:
2193 4260 2314 4302 sunt

751 4353 911 4391 tenete
939 4354 958 4389 ι
988 4335 1146 4406 (Ibid.
1167 4337 1443 4404 v.5.12)?i
1470 4337 1627 4404 Quasi
1646 4339 2066 4392 tentatioestvita
2087 4340 2313 4392 hominis

749 4443 909 4494 super
930 4436 1145 4491 terram,
1167 4436 1253 4480 aut
1275 4427 1709 4495 sicutquotidiani
1729 4429 2034 4481 mercenarii
2055 4427 2156 4481 vita
2173 4428 2305 4495 ejus.

746 4520 800 4573 Si
832 4536 928 4589 ego
968 4521 1214 4589 peccavi,
1241 4520 1362 4588 quid
1391 4530 1571 4587 potero
1597 4519 1807 4574 facere?
1830 4520 1928 4585 Qui
1950 4521 2052 4573 scis
2082 4529 2306 4573 mentem

747 4610 1012 4663 hominum
1037 4652 1050 4673 ,
1083 4626 1242 4676 quare
1285 4610 1499 4678 posuisti
1533 4626 1617 4664 me
1661 4618 1715 4662 ut
1752 4610 1998 4679 loquerer
2025 4609 2305 4664 adversum

747 4707 795 4751 te
833 4716 851 4748 ι
885 4698 1033 4768 (Cap.
1067 4699 1114 4749 7.
1147 4715 1194 4751 υ.
1229 4699 1278 4752 1.
1309 4698 1441 4761 20)?

813 4787 939 4840 Post
961 4787 1034 4838 Eli
1043 4787 1173 4854 phaz
1195 4787 1454 4841 secundus
1477 4789 1742 4858 excipiens
1765 4787 1957 4842 Baldad
1979 4788 2303 4843 Saucheotes

741 4875 928 4930 Jobum
954 4876 1031 4928 sic
1055 4875 1336 4943 alloquitur
1363 4896 1374 4930 :
1411 4895 1428 4928 ι
1465 4877 1744 4946 Usquequo
1774 4878 2047 4948 loqueris?
2075 4879 2300 4948 Spiritus

741 4966 1078 5033 tnultiloquus
1102 4967 1149 5018 in
1175 4980 1266 5019 ore
1286 4976 1389 5020 tuo.
1416 4968 1676 5036 Numquid
1700 4970 1950 5023 Dominus
1973 4970 2160 5038 injuste
2183 4980 2300 5039 aget

735 5055 1014 5125 judicans?
1045 5065 1132 5106 aut
1157 5056 1242 5122 qui
1272 5057 1444 5108 omnia
1472 5058 1592 5111 facit
1611 5099 1623 5120 ,
1653 5074 1754 5112 non
1784 5059 2052 5112 exhibebit
2081 5060 2131 5113 id
2159 5061 2297 5128 quod

735 5147 929 5215 justum
951 5151 1032 5197 est
1064 5161 1082 5194 ι
1115 5143 1261 5211 (Cap.
1283 5143 1334 5197 8.
1367 5161 1414 5197 υ.
1433 5144 1488 5197 2.
1508 5146 1603 5214 3)?
1633 5146 1757 5200 ltetn
1791 5147 1913 5200 illud
1937 5166 1950 5200 :
1975 5167 1992 5198 ε
2021 5148 2164 5202 Sicut
2192 5164 2294 5202 non

735 5236 871 5289 viret
899 5249 1122 5304 papyrus
1152 5233 1265 5286 sine
1293 5248 1423 5302 aqua
1446 5274 1460 5298 ,
1494 5252 1590 5290 nec
1614 5238 1803 5291 crescit
1833 5240 1962 5306 prati
1992 5238 2153 5293 herba
2181 5242 2296 5296 sine

735 5335 894 5393 potu;
930 5339 1046 5376 nam
1078 5322 1246 5377 adhuc
1274 5324 1325 5377 in
1355 5338 1447 5377 sua
1477 5326 1654 5379 radice
1682 5329 1958 5392 consistit,
1990 5344 2086 5384 nec
2108 5330 2291 5384 deme-

736 5424 872 5467 tetur
891 5455 903 5474 ,
932 5422 984 5467 et
1009 5422 1286 5480 antequam
1315 5412 1466 5467 cadat
1495 5413 1656 5469 herba
1685 5416 1965 5471 siccabitur
1995 5437 2007 5472 :
2036 5420 2112 5472 sic
2137 5429 2293 5473 erunt

736 5505 1012 5558 novissima
1036 5505 1208 5556 omnia
1231 5518 1433 5569 eorum,
1455 5505 1542 5573 qui
1566 5504 1945 5562 obliviscuntur
1973 5510 2062 5564 Dei
2091 5530 2107 5560 ι
2129 5509 2285 5581 (Ibid.

735 5594 862 5647 v.11
900 5593 1036 5660 43).

804 5683 974 5736 l’ritna
1021 5680 1291 5750 responsio
1320 5679 1436 5736 Jobi
1481 5680 1544 5733 ad
1588 5681 1871 5739 Baldadum
1904 5703 1915 5739 :
1955 5705 1972 5738 σ
2016 5688 2147 5745 Vere
2177 5693 2286 5745 scio

1519 369 1578 425 S.
1607 367 1879 424 JOANNIS
1916 366 2378 424 CHRYSOSTOMI
2415 367 2724 422 ARCHIEP.
2766 365 3282 422 (ZONSTANTINOP.

3903 366 3992 420 364

2459 478 2596 544 quod
2639 479 2707 531 ita
2746 479 2813 530 sit
2845 495 2857 529 :
2889 479 3147 547 quomodo
3174 479 3311 532 enim
3347 479 3448 534 erit
3485 480 3660 548 justus
3689 479 3850 531 homo
3877 474 3993 543 apud

2459 564 2730 616 Dominum
2756 581 2773 612 ι
2796 564 2940 635 (Cap.
2960 569 3012 619 9.
3035 583 3079 620 v.
3099 566 3193 634 2)?
3210 567 3481 636 Etiamque
3502 567 3650 629 illud,
3675 584 3695 616 σ
3720 565 3820 631 Qui
3841 573 3993 616 cxten-

2455 655 2527 705 dit
2547 656 2729 707 caelum
2755 657 2916 720 solus,
2949 666 3001 708 et
3030 657 3258 710 ambulat
3282 673 3437 725 super
3464 673 3610 711 mare
3641 668 3900 724 tamquam
3923 669 3993 706 su-

2455 759 2546 812 per
2566 747 2940 811 pavimentum,
2956 747 3042 814 qui
3062 746 3184 800 fecit
3203 747 3409 800 Pleiada
3434 756 3484 801 et
3501 747 3794 814 Hesperum
3809 763 3830 794 ι
3854 743 3990 806 (Ibid.

2453 836 2594 888 9.v.8
2622 836 2695 898 9).
2722 853 2740 885 ι
2764 837 3098 904 Quisjudicio
3114 838 3203 891 Dei
3219 838 3454 892 resistet?
3470 836 3616 904 Quod
3636 837 3678 889 si
3693 837 3853 888 etiam
3868 833 3994 886 fuero

2448 924 2635 992 justus,
2657 941 2716 979 os
2733 941 2904 980 meum
2925 928 3078 995 impia
3101 929 3338 995 loquetur
3361 948 3374 979 :
3397 930 3596 980 etiamsi
3621 927 3769 980 fuero
3785 925 3895 977 sine
3910 925 3996 975 cri-

2451 1016 2609 1077 mine,
2628 1030 2816 1082 pravus
2830 1017 3042 1070 evadain
3059 1016 3240 1087 i(Ibid.
3256 1018 3395 1070 v.19.
3411 1017 3519 1085 20).
3539 1017 3688 1070 Circa
3707 1014 3852 1076 illud,
3867 1013 3992 1065 «Vita

2451 1119 2566 1157 mea
2586 1105 2748 1157 levior
2767 1115 2846 1158 est
2870 1120 3104 1159 cursore.
3124 1105 3380 1175 Numquid
3401 1107 3616 1159 navibus
3634 1113 3718 1159 est
3737 1103 3992 1172 vestigium

2451 1192 2566 1255 vi.e,
2591 1202 2681 1246 aut
2704 1195 2889 1262 aquilae
2915 1197 3153 1261 volantis,
3177 1198 3458 1265 querentis
3474 1212 3646 1251 escam
3670 1193 3832 1265 (Ibid.
3851 1212 3895 1248 υ.
3914 1194 3990 1250 25.

2447 1283 2575 1351 26)?
2604 1284 2861 1339 Memento
2884 1285 3019 1353 quod
3041 1287 3201 1340 lutum
3224 1288 3413 1342 finxisti
3436 1303 3538 1351 me,
3561 1297 3614 1342 et
3637 1290 3686 1340 in
3709 1297 3902 1341 terram
3921 1302 3996 1340 me

2449 1377 2633 1430 iterum
2661 1386 2955 1432 convertes.
3003 1377 3187 1433 Nonne
3217 1380 3348 1434 sicut
3384 1381 3462 1433 lac
3495 1378 3722 1433 mulsisti
3749 1385 3868 1435 me?
3901 1388 3998 1431 etc.

2448 1465 2630 1518 Essem
2661 1475 2921 1533 tamquam
2951 1481 3052 1521 non
3084 1468 3317 1522 fuissem.
3345 1465 3449 1520 Cur
3473 1471 3536 1522 de
3562 1477 3715 1521 utero
3743 1468 3794 1520 in
3823 1481 3996 1519 monu-

2446 1567 2675 1609 mentum
2705 1573 2806 1610 nou
2837 1572 2950 1610 sum
2983 1558 3264 1612 translatus
3287 1577 3304 1608 ›
3327 1557 3470 1627 (Cap.
3494 1558 3577 1611 10.
3606 1573 3653 1610 υ.
3673 1558 3726 1611 9.
3763 1556 3849 1610 10.
3877 1556 3996 1623 19)?

2517 1647 2635 1699 Post
2685 1647 2897 1715 Eliphaz
2933 1647 3125 1700 Baldad
3152 1689 3166 1710 ,
3206 1657 3259 1700 et
3288 1657 3404 1717 post
3434 1647 3625 1700 Baldad
3658 1646 3870 1714 Sephar
3894 1647 3993 1700 Me-

2445 1749 2609 1800 tuens,
2633 1736 2920 1789 secundum
2945 1737 3043 1790 sibi
3070 1737 3337 1806 proprium
3362 1737 3632 1800 ordinem;
3666 1729 3737 1790 it'a
3766 1746 3824 1790 ut
3845 1753 3995 1790 unus-

2443 1823 2662 1892 quisque
2703 1839 2884 1878 eorum
2928 1838 3162 1894 speraret
3205 1841 3262 1880 se
3307 1827 3520 1880 meliora
3562 1827 3826 1880 dicturum
3852 1826 3994 1880 Joho.

2449 1930 2466 1960 α
2491 1913 2763 1978 Quimulta
2786 1914 2929 1979 dicit,
2959 1916 3182 1969 vicissim
3209 1915 3402 1969 audiet.
3435 1935 3452 1966 ι
3479 1915 3606 1970 Item
3632 1917 3759 1970 illud
3785 1934 3798 1969 :
3837 1936 3854 1968 ι
3887 1918 3996 1971 Ful-

2442 2002 2580 2068 gebit
2622 2003 2778 2056 iacies
2822 2011 2906 2056 tua
2954 2014 3214 2072 tamquam
3253 2021 3385 2074 aqua
3427 2021 3571 2074 pura.
3624 2007 3801 2061 Exues
3831 2019 3995 2062 autem

2442 2091 2648 2143 sordem
2667 2132 2681 2153 ,
2713 2100 2765 2145 et
2794 2107 2894 2146 non
2929 2092 3149 2156 timebis,
3183 2103 3234 2148 et
3259 2093 3486 2149 laborem
3514 2096 3846 2150 Oblivisceris
3876 2107 4000 2150 tam-

2442 2196 2594 2244 quam
2627 2184 2838 2234 tluetum
2866 2185 2950 2252 qui
2981 2186 3231 2252 pnelerit.
3261 2184 3438 2240 Oratio
3462 2187 3599 2241 enim
3624 2196 3710 2241 tua
3738 2197 3994 2259 tamquam

2440 2269 2647 2323 Lucifer
2671 2273 2766 2324 erit
2798 2291 2815 2322 ι
2840 2273 2982 2341 (Cap.
3016 2275 3100 2330 11.
3127 2291 3172 2328 υ.
3195 2276 3248 2329 2.
3283 2276 3481 2346 15-17).

2510 2360 2678 2413 Prima
2721 2362 2833 2416 Jobi
2882 2365 2944 2417 ad
2988 2364 3275 2434 Sepharem
3329 2370 3644 2435 respOusio:
3682 2388 3699 2421 ι
3737 2370 3849 2425 Vos
3878 2387 3995 2438 ergo

2440 2448 2541 2501 soli
2568 2453 2692 2503 estis
2725 2451 2990 2516 homines;
3023 2463 3113 2508 aut
3133 2456 3398 2509 vobiscum
3431 2459 3682 2511 morietur
3707 2460 3994 2527 sapientia?

2438 2537 2503 2591 Et
2533 2539 2655 2592 mihi
2683 2542 2890 2607 quidem
2921 2557 3013 2596 cor
3034 2543 3180 2612 juxta
3210 2560 3301 2597 vos
3331 2547 3428 2599 erit
3456 2566 3472 2598 ι
3499 2548 3516 2618 (
3539 2547 3663 2607 Cap.
3693 2550 3781 2602 12.
3817 2550 3869 2601 2.
3904 2549 3988 2608 5).

2438 2630 2586 2683 Circa
2619 2632 2741 2685 illud
2771 2652 2783 2685 :
2810 2651 2826 2683 t
2856 2634 2981 2700 Quis
3006 2650 3107 2688 non
3129 2638 3372 2704 cognovit
3393 2639 3440 2690 in
3467 2640 3712 2692 omnibus
3734 2639 3837 2704 his,
3862 2644 3991 2709 quod

2440 2735 2623 2773 manus
2649 2721 2853 2775 Domini
2882 2723 3004 2777 fecit
3033 2723 3191 2778 haec?
3213 2726 3341 2792 Quia
3369 2728 3417 2779 in
3447 2743 3602 2780 manu
3632 2729 3746 2796 ejus
3777 2741 3858 2783 est
3882 2733 3990 2784 aui-

2437 2823 2519 2859 ma
2550 2810 2779 2864 omnium
2807 2813 3108 2878 viventium,
3144 2825 3197 2868 et
3222 2818 3437 2883 spiritus
3465 2819 3634 2872 omnis
3660 2819 3908 2875 hominis.
3940 2822 3991 2878 Si

2436 2898 2756 2966 prohibuerit
2783 2917 3000 2971 aquam.
3029 2905 3245 2958 siccabit
3273 2917 3463 2960 terram
3493 2950 3507 2970 ,
3540 2919 3594 2962 et
3621 2910 3663 2963 si
3695 2911 3992 2978 dimiserit,

2435 2989 2661 3057 perdidit
2687 3002 2928 3046 evertens
2955 3009 3067 3047 eam
3094 2994 3278 3064 i(Ibid.
3299 3014 3346 3050 v.
3365 2999 3652 3069 9.10.15).
3670 3001 3820 3056 Circa
3841 3003 3987 3057 illud:

2441 3096 2458 3127 ε
2488 3077 2613 3144 Quis
2639 3081 2738 3132 erit
2764 3083 2987 3136 mundus
3016 3097 3043 3134 a
3075 3083 3272 3137 sorde?
3302 3087 3367 3138 At
3394 3103 3567 3146 nemo.
3595 3091 3693 3144 etsi
3722 3107 3858 3146 unus
3884 3093 3991 3146 dies

2431 3168 2497 3220 sit
2531 3167 2631 3220 vita
2663 3170 2774 3236 ejus
2805 3186 2962 3238 super
2993 3179 3203 3226 terram.
3239 3173 3327 3227 Est
3356 3176 3528 3230 arbori
3589 3192 3729 3246 spes.
3764 3183 3820 3233 Si
3852 3183 3987 3233 enim

2433 3259 2604 3312 excisa
2653 3259 2837 3326 fuerit,
2871 3261 3038 3316 adhuc
3075 3264 3378 3333 pullulabit,
3411 3276 3464 3320 et
3501 3283 3712 3337 germen
3742 3271 3857 3339 ejus
3889 3289 3987 3325 non

2431 3350 2653 3404 deficiet.
2688 3350 2778 3404 Vir
2802 3367 2923 3405 vero
2941 3368 3057 3406 cum
3081 3365 3314 3409 mortuus
3339 3357 3510 3422 fuerit,
3535 3359 3691 3413 abiit:
3715 3371 3766 3414 et
3793 3374 3987 3416 morta-

2429 3438 2491 3490 lis
2511 3453 2626 3491 eum
2647 3440 2912 3505 ceciderit,
2938 3457 3038 3494 non
3062 3444 3194 3496 ultra
3220 3453 3297 3497 est
3327 3464 3343 3495 ι
3368 3445 3601 3515 (Capti.
3621 3465 3667 3503 υ.
3687 3451 3806 3503 4.5.
3823 3452 3984 3519 7.10).

2500 3527 2702 3581 Initium
2761 3531 3066 3584 secundum.
3130 3533 3344 3602 Eliphaz
3399 3535 3586 3590 Jobum
3645 3540 3980 3607 alloquitur:

2433 3635 2449 3665 ι
2488 3616 2744 3686 Numquid
2773 3620 2984 3687 sapiens
3022 3624 3419 3689 responsionem
3446 3624 3589 3678 dabit
3615 3627 3849 3681 scientiae
3878 3631 3984 3696 Spi-

2429 3707 2599 3760 ritus?
2628 3711 2824 3776 Arguat
2854 3719 2903 3763 te
2930 3726 2990 3763 os
3018 3721 3160 3765 tuum
3187 3753 3202 3778 ,
3234 3723 3286 3767 et
3313 3728 3415 3766 non
3447 3729 3562 3784 ego.
3608 3735 3625 3767 ι
3660 3716 3788 3770 lllud
3819 3720 3940 3772 item
3965 3759 3982 3784 ,

2433 3819 2449 3849 σ
2486 3799 2611 3866 Quis
2647 3802 2786 3852 enim
2823 3815 2940 3854 cum
2972 3805 3038 3854 sit
3073 3803 3260 3866 homo,
3292 3804 3394 3858 erit
3431 3805 3765 3874 iuculpatus?
3791 3823 3857 3862 an
3887 3811 3988 3864 erit

2419 3889 2590 3957 justus
2619 3897 2768 3941 natus
2793 3890 2858 3942 de
2883 3889 3103 3944 muliere
3139 3910 3158 3942 ›
3188 3892 3334 3962 (Cap.
3364 3894 3446 3948 15.
3472 3911 3518 3948 υ.
3549 3893 3602 3947 2.
3635 3894 3686 3948 6.
3717 3896 3844 3965 ηγρ

2493 3979 2734 4031 Secunda
2766 3981 3036 4046 responsio
3063 3979 3180 4034 Jobi
3210 3982 3273 4034 ad
3310 3981 3557 4052 Eliphaz:
3592 4004 3608 4035 ι
3641 3986 3830 4040 Audivi
3862 3989 3985 4041 talia

2423 4070 2583 4123 multa
2614 4087 2628 4125 ε
2663 4071 3025 4125 consolatores
3055 4073 3312 4126 malorum
3347 4091 3548 4129 omnes.
3594 4077 3726 4131 Ecce
3757 4079 3809 4131 in
3840 4081 3985 4133 caelis

2419 4169 2498 4212 est
2526 4161 2675 4213 testis
2705 4175 2873 4224 meus,
2907 4170 2958 4214 et
2982 4163 3224 4216 conscius
3252 4179 3400 4218 meus
3431 4167 3481 4218 in
3511 4167 3751 4220 excelsis.
3785 4168 3870 4221 Sit
3897 4186 3987 4222 au-

2420 4261 2520 4304 tem
2553 4251 2849 4320 redargutio
2887 4253 3000 4306 viro
3033 4268 3208 4307 coram
3255 4255 3472 4309 Domino
3510 4280 3527 4308 ι
3553 4257 3696 4329 (Cap.
3731 4260 3816 4314 16.
3849 4278 3898 4313 υ.
3928 4263 3980 4314 2.

2415 4339 2501 4392 20.
2537 4339 2651 4409 22).
2677 4341 2808 4393 lllud
2838 4342 2980 4406 item,
3016 4361 3034 4392 ι
3063 4343 3278 4396 Noctem
3308 4347 3479 4413 posuit
3509 4347 3560 4400 in
3589 4348 3748 4402 diem.
3779 4349 3912 4403 Nam
3941 4354 3983 4406 si

2422 4429 2751 4496 sustinuero,
2783 4429 3015 4485 infernus
3045 4433 3142 4486 erit
3169 4432 3295 4486 mihi
3323 4433 3527 4490 domus.
3557 4436 3777 4491 Mortem
3811 4442 3983 4508 appel-

2413 4518 2512 4572 lavi
2536 4527 2757 4587 patrem,
2778 4529 2997 4573 matrem
3021 4532 3195 4576 autem
3219 4537 3389 4577 meam
3413 4533 3465 4578 et
3486 4540 3723 4581 sororem
3750 4529 3929 4584 tabem
3960 4549 3978 4581 ι

2413 4609 2561 4677 (Cap.
2594 4610 2677 4662 17.
2707 4626 2753 4664 υ.
2786 4610 2990 4680 12-11).

2486 4701 2726 4756 Secundo
2752 4719 2930 4756 rursus
2972 4704 3237 4772 excipiens
3277 4705 3473 4761 Baldad
3512 4708 3583 4761 ait
3624 4709 3690 4763 ad
3732 4711 3930 4765 Jobum
3965 4731 3979 4768 :

2418 4810 2436 4840 ι
2469 4790 2752 4860 Quousque
2778 4807 2879 4844 non
2907 4794 3174 4847 cessabis?
3199 4794 3331 4860 Quid
3358 4797 3495 4849 enim
3523 4836 3537 4860 ,
3567 4799 3608 4851 si
3645 4808 3695 4851 tu
3737 4814 3982 4855 mortuus

2405 4879 2564 4932 fueris
2589 4921 2603 4944 ,
2652 4880 3070 4936 inhabitabilisne
3111 4885 3213 4937 erit
3251 4900 3312 4939 ea
3351 4901 3469 4954 quae
3512 4889 3610 4943 sub
3655 4892 3787 4944 caelo
3836 4903 3922 4946 est
3957 4914 3977 4945 ι

2408 4971 2568 5038 (Cap.
2595 4971 2675 5024 18.
2703 4987 2746 5026 v.
2775 4973 2827 5024 2.
2860 4971 2957 5044 b)?
2985 4973 3285 5041 Respondet
3313 4978 3543 5031 secundo
3572 4980 3671 5033 Jult
3703 4981 3939 5035 Baldad”
3965 5003 3978 5036 :

2418 5082 2437 5114 ι
2467 5062 2746 5131 Usquequo
2775 5066 3063 5118 molestiam
3094 5066 3295 5121 facietis
3323 5070 3512 5123 anima-
3540 5088 3692 5138 mear,
3719 5077 3980 5130 occidetis

2405 5169 2489 5206 me
2530 5154 2853 5207 ratiociniis?
2896 5155 3166 5223 loquimini
3209 5167 3388 5211 contra
3432 5176 3516 5214 me
3557 5162 3671 5214 sine
3715 5164 3925 5231 pudore
3956 5186 3975 5217 ο

2402 5243 2546 5313 (Cap.
2584 5243 2664 5297 19.
2694 5261 2740 5298 v.
2770 5243 2823 5296 2.
2852 5245 2884 5297 5
2919 5244 2978 5312 )‘P
3007 5245 3100 5299 Hic
3129 5246 3278 5312 illud,
3312 5267 3328 5297 ε
3365 5248 3596 5304 Gloriam
3627 5267 3798 5307 meam
3830 5271 3860 5308 a
3893 5274 3980 5310 me

2398 5333 2609 5386 abstulit
2634 5374 2649 5398 ,
2675 5348 2921 5385 coronam
2949 5335 3161 5398 sustulit
3189 5335 3254 5390 de
3283 5337 3450 5404 capite
3481 5355 3598 5391 meo
3630 5381 3652 5403 ,
3678 5351 3734 5395 et
3770 5346 3978 5400 excidit

2400 5429 2664 5489 tamquam
2691 5420 2932 5474 arborem
2964 5435 3112 5490 Spem
3138 5439 3328 5478 meam.
3363 5444 3379 5474 ι
3405 5425 3533 5478 Item
3561 5427 3689 5482 illud
3715 5448 3730 5483 :
3763 5450 3781 5482 ι
3812 5436 3858 5487 Α
3889 5452 3978 5489 me

2398 5510 2586 5564 fratres
2628 5511 2729 5563 mei
2774 5521 3138 5577 recesserunt,
3183 5513 3384 5566 alienos
3424 5529 3758 5583 agnoverunt
3802 5526 3979 5594 magis

2396 5616 2550 5669 quam
2579 5615 2663 5654 me
2691 5615 2703 5650 :
2733 5600 2883 5653 amici
2912 5616 3038 5654 vero
3065 5602 3166 5654 mei
3196 5602 3640 5660 immisericordes
3667 5607 3790 5665 facti
3825 5626 3972 5668 sunt.

2397 5694 2616 5746 Servum
2649 5707 2819 5745 meum
2845 5690 3056 5754 vocavi,
3084 5698 3136 5744 et
3165 5705 3267 5744 non
3294 5694 3564 5762 reSpondit
3591 5712 3605 5750 :
3632 5707 3684 5754 et
3715 5702 3972 5772 rogabam
