4152 6324
215 414 319 467 363

201 517 318 574 ϐίαν
360 520 389 572 6
421 519 618 588 Κύριος
650 522 730 590 τᾷ
763 523 1008 589 διαϐόλῳ,
1055 524 1364 578 πάντα-ὃσα
1396 521 1463 594 ἦν
1495 525 1569 592 τῷ
1601 525 1739 591 Ἰὼϐ,

199 604 351 664 ἐκτὸς
377 606 543 656 αὐτοῦ
582 607 758 674 μόνου.
798 609 1014 678 Πρῶτον
1035 609 1435 674 εὐαγγελίζεται
1454 612 1480 661 6
1503 610 1742 672 διάϐολος

198 689 268 757 τῷ
305 688 421 741 Ἰὼϐ
457 692 583 758 περὶ
618 694 716 760 τῆς
756 695 1122 761 αἰχμαλωσίας
1159 694 1265 746 τῶν
1313 696 1487 745 ἵππων
1511 697 1602 746 καὶ
1635 695 1739 746 τῶν

198 773 341 835 δνων,
371 776 465 826 καὶ
508 776 602 828 τοῦ
631 778 912 846 παταγμοῦ
954 778 1061 829 τῶν
1093 779 1312 830 παίδων.
1348 779 1478 847 Περὶ
1499 780 1589 830 τοῦ
1621 781 1739 832 δευ-

198 859 344 926 τέρου
369 861 621 926 ἀγγέλου,
649 863 705 922 6;
727 859 843 914 εἷπε
869 863 1001 929 πρὸς
1036 863 1173 914 Ἰώϐ⁶
1204 863 1626 932 Ἐμπεπύρισταί
1647 881 1737 916 σου

198 945 257 994 τὰ
279 946 545 1012 πρόϐατα,
561 950 651 999 καὶ
670 951 717 1000 οί
734 949 1101 1015 ποιμαίνοντες
1125 949 1278 1000 αὐτά.
1301 950 1431 1018 Περὶ
1452 949 1540 1000 τοῦ
1557 950 1736 1018 τρίτου

199 1028 446 1093 ἀγγέλου,
488 1031 545 1092 ὃς
582 1028 698 1082 εἷπε
747 1033 880 1100 πρὸς
919 1032 1036 1083 Ἰὼϐ
1067 1033 1193 1102 περὶ
1225 1035 1323 1101 τῆς
1372 1033 1737 1101 αἰχμαλωσίας

198 1111 296 1162 τῶν
327 1116 586 1183 καμήλων
609 1116 699 1166 καὶ
722 1115 812 1166 τοῦ
838 1116 1122 1184 παταγμοῦ
1151 1117 1256 1167 τῶν
1293 1118 1512 1169 παίδων.
1541 1118 1739 1187 Τέταρ-

197 1211 280 1257 τος
315 1198 541 1265 ᾶγγελος
584 1200 796 1268 ἔρχεται
835 1199 968 1268 πρὸς
1000 1202 1189 1264 αὑτὸν,
1230 1202 1307 1253 ὅτι
1351 1203 1667 1270 Συνεπτώθη
1702 1205 1734 1271 ἡ

197 1282 350 1346 οἰκία,
385 1286 480 1336 καὶ
506 1285 912 1354 ἐθανατώθησαν
935 1287 1130 1348 πάντες
1153 1289 1200 1338 οί
1233 1288 1337 1339 υἱοί
1357 1305 1468 1340 σου.
1499 1288 1585 1340 Ἐν
1607 1289 1736 1340 πᾶσι

196 1366 396 1430 τούτοις
428 1372 542 1430 τοῖς
569 1370 966 1439 συμϐεϐηκόσιν
1002 1371 1180 1440 αὐτῷ,
1219 1373 1337 1423 οὐδὲ
1369 1373 1577 1441 ἥμαρτε
1620 1372 1736 1424 Ἰὼϐ

197 1451 431 1504 ἐναντίον
457 1455 678 1523 Κυρίου.
720 1456 826 1507 Καὶ
857 1456 1080 1525 δευτέρα
1120 1457 1390 1526 μαρτυρία
1412 1457 1504 1508 τοῦ
1533 1458 1734 1526 Κυρίου

195 1537 321 1604 πρὸς
347 1538 438 1589 τὸν
469 1539 724 1604 διάϐολον,
765 1542 1174 1608 ὲγκωμιάζουσα
1201 1541 1290 1592 τὸν
1330 1541 1465 1602 Ἰὼϐ,
1494 1543 1586 1594 καὶ
1619 1542 1736 1592 δευ-

195 1622 317 1688 τέρα
351 1622 666 1691 φθονολογία
696 1624 786 1676 τοῦ
842 1625 1083 1678 διαϐόλου
1115 1629 1238 1695 περὶ
1302 1626 1420 1678 Ἰὼϐ
1461 1627 1593 1696 πρὸς
1644 1627 1735 1679 τὸν

196 1705 409 1775 Κύριον.
439 1707 548 1760 Καὶ⁵
577 1707 648 1770 ώς
673 1708 895 1761 ἀπέδοτο
939 1711 1135 1781 Κύριος
1171 1712 1259 1762 τὸν
1294 1710 1432 1774 Ἰὼϐ,
1475 1711 1733 1778 φυλαττο-

197 1791 354 1858 μένης
374 1793 474 1860 τῆς
500 1793 693 1860 ψυχῆς.
731 1792 986 1856 Ἐξελθὼν
1018 1794 1072 1846 δὲ
1101 1797 1128 1846 6
1167 1795 1404 1857 διάϐολος
1432 1795 1617 1845 ἔπαισε
1647 1793 1734 1845 τον

206 1874 316 1926 Ἰὼϐ
337 1877 446 1928 ἀπὸ
473 1877 643 1928 ποδῶν
680 1879 781 1939 ἕως
805 1879 1060 1947 κεφαλῆς.
1092 1882 1197 1931 Καὶ
1228 1879 1452 1940 καθίσας
1493 1878 1611 1930 Ἰὼϐ
1646 1879 1736 1930 ἐπὶ

195 1962 286 2028 τῆς
331 1963 564 2030 κοπρίας
594 1962 706 2025 ἕξεε
732 1965 820 2016 τὸν
856 1965 1042 2034 ίχῶρα.
1081 1964 1404 2017 Ἐντέλλεται
1432 1965 1507 2033 τῷ
1539 1963 1658 2015 Ἰὼϐ
1701 1965 1733 2033 ἡ

195 2047 321 2116 γυνὴ
367 2047 531 2099 αὐτοῦ
577 2049 745 2100 εἰπεῖν
783 2051 860 2109 είς
898 2050 1117 2120 Κύριον,
1147 2053 1237 2102 καὶ
1268 2051 1614 2118 τελευτῆσαι·
1644 2051 1735 2102 καὶ

195 2134 410 2203 ἐπιτιμᾷ
450 2136 609 2205 αὐτῇ.
663 2137 929 2188 Ἤκουσαν
966 2137 1012 2188 οἱ
1061 2139 1205 2204 τρεῖς
1269 2136 1403 2203 φίλοι
1450 2135 1542 2186 τοῦ
1593 2135 1730 2198 Ἰὼϐ,

206 2219 422 2286 Ἐλιφὰζ
447 2222 475 2273 6
516 2221 858 2289 Θαιμανιτῶν
887 2220 1134 2289 βασιλεὺς
1154 2260 1168 2282 ,
1200 2220 1401 2273 Βαλδὰδ
1429 2222 1456 2272 6
1489 2220 1735 2288 Σαυχέων

195 2307 464 2375 τύραννος,
514 2309 710 2377 Σωφὰρ
757 2311 783 2359 6
836 2308 1093 2378 Μηναίων
1150 2307 1396 2376 βασιλεὺς
1445 2309 1619 2359 πάντα
1668 2306 1736 2358 τὰ

195 2392 473 2445 ἰπελθὸντα
497 2392 659 2461 αὐτῷ.
676 2394 780 2445 Καὶ
800 2393 1152 2462 παρεγένοντο
1179 2393 1313 2463 πρὸς
1337 2393 1492 2444 αὐτὸν
1514 2393 1736 2453 ἕκαστος

195 2478 252 2527 ὲκ
276 2477 373 2544 τῆς
405 2478 539 2539 ιδίας
569 2476 768 2546 χώρας,
799 2477 891 2529 τοῦ
948 2478 1340 2546 ἐπισκέψασθαι
1396 2478 1582 2537 αὐτὸν,
1642 2476 1733 2528 καὶ

195 2563 495 2628 ἐπιγνόντες
527 2564 704 2624 αὑτὸν,
731 2563 1006 2633 διέρρηξεν
1027 2565 1251 2626 ἕκαστος
1286 2561 1382 2630 τὴν
1421 2561 1608 2631 στολὴν
1636 2562 1734 2612 αὺ-

194 2648 279 2700 τοῦ
309 2649 398 2700 ἐπὶ
424 2649 500 2717 τῷ
540 2650 714 2701 πάθει.
744 2649 896 2702 Μετὰ
924 2651 979 2702 δὲ
998 2651 1094 2718 τὴν
1118 2648 1324 2718 πληγὴν
1356 2647 1566 2718 πρῶτον
1593 2646 1736 2717 ἤνοι-

195 2735 276 2797 ξεν
321 2733 438 2786 Ἰὼϐ
455 2735 514 2786 τὸ
539 2734 708 2802 στόμα
723 2735 903 2799 αὐτοῦ,
934 2735 1025 2786 καὶ
1057 2733 1395 2803 κατηράσατο
1411 2733 1505 2802 τὴν
1527 2733 1735 2802 ἡμέραν

196 2819 279 2869 καὶ
318 2819 415 2886 τὴν
458 2817 626 2870 νύκτα
662 2813 786 2890 ένῇ
837 2819 1116 2887 ἐγεννήθη.
1169 2819 1300 2887 Περὶ
1349 2818 1458 2879 τοῦ,
1511 2819 1736 2885 ’Ὠσπερ

195 2902 453 2969 θεράπων
466 2902 743 2968 δεδοικὼς
764 2904 865 2956 τὸν
884 2905 1103 2970 κύριον,
1117 2904 1266 2956 οὕτω
1285 2903 1514 2957 δέδοται
1528 2903 1647 2968 τοῖς
1670 2904 1738 2954 ἐν

197 2989 391 3054 πικρίᾳ
423 2987 566 3056 φῶς,
603 2988 659 3041 ot
699 2989 1012 3056 ιμείρονται
1045 2990 1148 3043 τοῦ
1193 2988 1480 3053 θανάτου,
1524 2990 1621 3041 καὶ
1665 2991 1735 3042 οὐ

193 3072 573 3140 τυγχάνουσι.
613 3072 758 3144 [568]
784 3074 1041 3139 Θάνατος
1062 3075 1170 3143 γὰρ
1186 3074 1355 3141 ἀνδρὶ
1376 3074 1733 3138 ἀνάπαυσις.

206 3156 511 3211 ’Υπολαϐὼν
542 3160 748 3229 πρῶτος
788 3160 1006 3227 Ἐλιφὰζ
1023 3163 1050 3212 6
1079 3160 1407 3229 Θαιμανίτης
1432 3160 1574 3226 λέγει
1604 3159 1738 3228 πρὸς

206 3245 318 3297 Ἰώϐ
336 3261 349 3274 ⁸
382 3247 692 3313 Μνήσθητι
715 3248 804 3310 τίς
823 3247 1077 3313 καθαρὸς
1099 3246 1182 3298 ὢν
1217 3247 1503 3307 ἀπώλετο,
1527 3247 1564 3313 ἣ
1597 3247 1738 3298 πότε

195 3333 460 3399 ἀληθινοὶ
477 3333 758 3400 ὀλόρριζοι
781 3332 1106 3387 ἀπώλοντο.
1134 3334 1262 3386 ’Ὁτι
1285 3334 1575 3401 γαυρίαμα
1605 3333 1740 3399 δρα-

196 3420 417 3471 κόντων
460 3419 748 3486 ἐσϐέσθη·
783 3419 1208 3487 μυρμηκολέων
1254 3419 1322 3472 δὲ
1358 3418 1539 3472 ὤλετο
1585 3419 1741 3486 παρὰ

197 3505 258 3557 τὸ
287 3505 371 3573 μὴ
427 3507 591 3575 ἐχειν
632 3507 857 3574 βοράν·
910 3509 1165 3576 σκύμνοι
1213 3508 1473 3560 λεόντων
1531 3509 1740 3560 ἔλιπον

198 3589 522 3657 ἀλλήλους.
550 3593 643 3657 Ὠς
669 3595 778 3646 οὐκ
802 3592 931 3649 ἔστι
952 3592 1168 3660 ,βροτὸς
1197 3593 1448 3660 καθαρὸς
1470 3593 1742 3646 ἐναντιον

198 3677 432 3742 Κυρίου,
453 3677 550 3729 καί
569 3677 686 3730 ἀπὸ
706 3677 822 3729 τῶν
838 3678 1024 3745 ἔργων
1045 3678 1228 3732 αὐτοῦ
1247 3678 1544 3744 ἄμεμπτος
1567 3678 1737 3744 ἀνήρ.

195 3764 252 3814 Οί
273 3763 546 3830 ἄφρονες,
580 3763 853 3831 φησὶ,κᾶν
868 3762 1031 3829 ῥίζας
1048 3763 1341 3826 βάλωσιν,
1362 3764 1740 3830 εὐθέωςβρω-

201 3848 436 3911 θήσεται
460 3849 498 3914 ή
519 3847 710 3899 δίαιτα
748 3847 962 3909 αὐτῶν,
981 3847 1124 3899 διότι
1153 3846 1191 3899 ἄ
1216 3847 1428 3899 ἐκεῖνοι
1475 3848 1739 3914 συνήγα-

203 3949 319 3999 γον,
354 3933 569 3985 δίκαιοι
602 3932 854 3986 ἔδονται.
897 3933 1244 3998 Ἀνθρωπος,
1289 3934 1441 4000 φησὶ,
1465 3933 1739 3999 γεννᾶται

200 4022 376 4082 κόπῳ,
402 4017 498 4070 καὶ
519 4017 761 4070 νεοσσοὶ
780 4016 981 4085 γυπῶν
999 4019 1206 4084 ὑψηλὰ
1232 4018 1524 4071 πέτονται.
1548 4016 1740 4070 Κατα-

201 4105 480 4172 λαμϐάνει
520 4103 585 4156 66
614 4107 824 4170 Κύριος
847 4103 984 4168 τοὺς
1000 4105 1226 4171 σοφοὺς
1245 4104 1312 4155 ἐν
1333 4104 1616 4172 φρονήσει
1641 4108 1744 4160 αὺ-

203 4188 438 4253 τῶν,καὶ
455 4189 789 4254 τὰς-,ϐουλὰς
820 4188 935 4241 τῶν
957 4191 1354 4241 πολυπλόκων
1381 4188 1603 4254 ἐξιστᾷ.
1639 4191 1745 4243 Τὸν

203 4273 388 4338 ἀθῷον
418 4275 484 4339 ἐξ
524 4273 797 4343 ἀναγκῶν
823 4275 1108 4338 ἐξελεῖται
1145 4275 1376 4341 Κύριος,
1420 4275 1518 4327 καί
1554 4277 1621 4327 ἐν
1664 4276 1744 4340 τῷ

202 4359 419 4429 ἑϐδόμῳ
443 4362 513 4412 οὐ
538 4360 623 4428 μὴ
655 4359 866 4427 ἅψεται
894 4360 1078 4413 αὑτοῦ
1103 4361 1305 4412 κακόν.
1338 4360 1420 4412 Σὺ
1464 4359 1530 4412 δὲ
1569 4361 1744 4429 γνῶθι

205 4444 475 4505 σεαυτὸν,
505 4444 559 4496 ει
584 4460 638 4496 τι
664 4443 943 4511 ἔπραξας.

270 4536 462 4607 Πρώτη
486 4537 618 4606 πρὸς
654 4537 872 4605 Ἔλιφὰζ
894 4537 986 4590 τοῦ
1025 4539 1143 4591 Ἰὼϐ
1176 4539 1434 4602 ἀντίλεξις
1453 4554 1466 4567 ·
1483 4541 1609 4607 περὶ
1629 4539 1741 4604 τοῦ,

202 4618 264 4668 Εί
295 4617 403 4684 γάρ
434 4635 520 4682 τις
558 4617 739 4670 ἱστῶν
771 4621 991 4683 στήσαι
1022 4637 1135 4687 μου
1165 4621 1275 4686 τὴν
1311 4619 1514 4687 ὀργὴν,
1549 4620 1652 4683 τὰς
1679 4619 1746 4670 δὲ

208 4698 420 4761 ὀδύνας
445 4716 563 4765 μου
589 4698 722 4765 ἆραι
739 4701 808 4751 ἐν
827 4697 972 4767 ζυγῷ
1001 4700 1390 4768 ὁμοθυμαδὸν,
1423 4700 1517 4752 καὶ
1537 4699 1612 4764 δὴ
1639 4699 1745 4767 ἆμ-

204 4795 311 4845 μου
349 4780 644 4843 παραλίας
670 4781 966 4847 ,ϐαρύτερα
988 4781 1176 4836 ἕσται.
1207 4782 1338 4848 Περὶ
1364 4779 1480 4842 τοῦ,
1509 4780 1604 4846 Μὴ
1638 4781 1745 4849 Αρὰρ

207 4857 479 4924 διακενῆς
509 4859 849 4924 κεκράξεται
874 4862 1010 4926 ὄνος
1033 4863 1250 4929 ἄγριος,
1277 4863 1414 4915 ἀλλ’
1433 4861 1469 4928 ἣ
1494 4862 1565 4915 τὰ
1585 4862 1746 4914 σιτία

208 4937 418 5004 ῠιτῶνς
446 4940 513 4991 El
541 4939 608 4990 66
639 4941 734 4991 καὶ
751 4942 923 5009 ῥήξει
940 4943 1147 5010 φωνὴν
1172 4943 1364 5012 (βοῦς)
1395 4944 1489 4995 ἐπὶ
1519 4942 1746 5010 φάτνης

210 5022 356 5087 ἔχων
373 5020 446 5073 τὰ
462 5020 739 5088 ,ϐρώματα
758 5038 771 5085 ;
790 5022 882 5087 Μὴ
906 5023 1080 5091 ἰσχὺς
1098 5027 1278 5077 λίθων
1301 5025 1396 5076 καὶ
1425 5025 1596 5092 ἰσχύς
1607 5041 1747 5090 μου;

211 5106 263 5153 a2
293 5101 513 5168 σάρκες
535 5105 650 5170 μού
672 5105 787 5156 εισι
813 5103 1059 5170 χάλκεαι
1070 5124 1088 5169 ;
1115 5107 1254 5171 Ὅτι,
1290 5108 1516 5174 Ὥσπερ
1548 5122 1748 5172 πειρα-

212 5185 407 5252 τήριόν
435 5185 603 5238 ἐστιν
641 5188 672 5238 ὁ
710 5176 848 5250 βιῖς
885 5187 1195 5252 ἀνθρώπου
1222 5189 1318 5241 ἐπὶ
1352 5187 1460 5254 τῆς
1488 5187 1618 5255 τῆς,
1650 5187 1745 5239 καὶ

212 5265 403 5334 ὥσπερ
437 5267 677 5335 μισθίου
701 5268 1090 5334 αὐθημερινοῦ
1119 5271 1156 5334 ή
1187 5269 1296 5336 ζωὴ
1325 5270 1526 5323 αὐτοῦ·
1555 5271 1654 5327 ὅτι.
1681 5271 1749 5323 Ει

213 5347 317 5414 ἐγὼ
333 5348 612 5416 ἥμαρτον,
635 5348 690 5400 τί
704 5347 1031 5414 δυνήσομαι
1055 5349 1272 5414 πρᾶξαι
1291 5368 1308 5413 ;
1328 5353 1465 5412 Ὅτι,
1486 5349 1750 5403 Ἐπιστά-

213 5444 383 5494 μενος
422 5430 526 5482 τὸν
561 5429 709 5482 νοῦν
753 5429 867 5481 τῶν
905 5427 1243 5495 ἀνθρώπων,
1295 5431 1448 5484 διατί
1490 5431 1628 5484 ἔθου
1677 5447 1748 5498 με

218 5510 642 5584 κατεντευκτήν
657 5526 677 5572 ;

281 5603 434 5655 Μετὰ
445 5604 500 5656 δὲ
544 5604 764 5671 Ἐλιφὰζ
783 5604 1028 5674 δεύτερος
1046 5604 1322 5656 ὑπολαϐὼν
1346 5605 1546 5658 Βαλδὰδ
1569 5607 1596 5656 6
1619 5607 1750 5657 Σαυ-

220 5683 413 5753 Ῑεώτης
458 5685 602 5752 λέγει
640 5685 772 5754 πρὸς
827 5685 978 5738 Ἰὼϐο
1011 5685 1188 5752 Μέχρι
1232 5686 1392 5750 τίνος
1428 5686 1715 5752 λαλήσεις
1729 5702 1748 5747 ;

1237 368 1558 467 SYNOPSIS
1593 411 2003 469 SCRIPTUR/E
2045 410 2304 467 SACﬂzE.

1842 525 2076 591 Πνεῦμα
2099 523 2477 590 πολυρρῆμον
2492 523 2557 575 ἐν
2578 521 2654 586 τῷ
2680 521 2925 590 στόματί
2945 535 3078 574 σου.
3100 517 3196 585 Μὴ
3225 519 3256 569 6
3271 521 3380 571 Κύ-

1829 621 1961 670 ριος
1988 605 2257 669 ἀδικήσει
2291 605 2535 670 κρίνων;
2568 604 2604 669 ἣ
2644 607 2675 656 ό
2700 605 2771 656 τὰ
2803 603 2996 654 πάντα
3024 600 3277 666 ποιήσας
3307 604 3379 652 οὺ

1837 685 2074 748 παρέξει
2113 684 2176 734 τὸ
2208 683 2470 745 δίκαιον;
2505 684 2637 749 Περὶ
2661 683 2774 743 τοῦ,
2808 683 3032 748 Ὠσπερ
3065 684 3134 733 οὐ
3175 680 3379 732 θάλλει

1837 764 2107 830 πάπυρος
2133 765 2276 815 ἄνευ
2302 764 2534 825 ὕδατος,
2566 763 2602 828 ἢ
2629 763 2882 829 ὑψοῦται
2910 761 3206 824 βούτομος
3233 759 3378 812 ἄνευ

1836 847 2016 897 πότου
2034 861 2047 876 ⁶
2076 845 2162 897 ἐτι
2189 845 2295 910 γὰρ
2321 841 2403 894 ὢν
2425 843 2520 894 ἐπὶ
2546 841 2732 908 ῥίζαν,
2766 845 2835 894 οὐ
2859 841 2941 908 μὴ
2967 838 3228 906 θερισθῇ.
3259 839 3377 905 Πρὸ

1836 923 1940 976 τοῦ
1973 924 2082 992 γὰρ
2115 923 2323 976 πεσεῖν
2365 920 2566 975 πᾶσαν
2607 923 2877 988 ,βοτάνην
2909 921 3338 986 ξηρανθήσεται
3360 934 3374 948 ’

1837 1005 2022 1068 οὕτως
2057 1005 2224 1056 ἔσται
2255 1004 2324 1055 τὰ
2355 1003 2580 1069 ἔσχατα
2619 1003 2811 1055 πάντα
2847 1003 2962 1054 τῶν
2993 1002 3376 1052 ἐπιλανθανο-

1830 1085 2026 1152 μένων
2061 1087 2164 1137 τοῦ
2194 1085 2358 1138 Θεοῦ.

1903 1176 2098 1245 Πρώτη
2123 1178 2213 1229 τοῦ
2259 1177 2373 1228 Ἰὼϐ
2403 1177 2535 1246 πρὸς
2564 1177 2763 1229 Βαλδὰδ
2797 1175 3084 1238 ἀντίλεξις·
3111 1177 3211 1237 ὅτι,
3253 1176 3376 1228 Ἐπ’

1834 1257 2112 1321 ἀληθείας
2139 1258 2285 1322 οῖδα,
2311 1259 2397 1310 ὅτι
2425 1259 2607 1322 οὕτως
2631 1258 2762 1309 ἐστί
2776 1275 2788 1288 ο
2822 1256 2944 1322 πῶς
2965 1259 3070 1324 γὰρ
3095 1257 3258 1309 ἔσται
3286 1256 3375 1307 δί-

1834 1352 1996 1400 καιος
2027 1336 2259 1406 [βροτὸς]
2291 1339 2446 1404 παρὰ
2474 1340 2667 1406 Κυρίῳ
2685 1353 2703 1401 ;
2735 1340 2867 1406 Περὶ
2888 1337 3000 1400 τοῦ,
3035 1339 3087 1388 '0
3114 1339 3376 1400 τανύσας

1833 1418 1938 1468 τὸν
1962 1418 2217 1482 οὐρανὸν
2234 1421 2433 1484 μόνος,
2465 1420 2561 1471 καὶ
2589 1417 2920 1485 περιπατῶν
2939 1417 3037 1468 ἐπὶ
3065 1417 3376 1481 θαλάσσης

1833 1497 1909 1560 ὡς
1929 1498 2017 1548 ἐπ’
2033 1497 2308 1563 ἐδάφους,
2337 1498 2521 1551 ποιῶν
2544 1498 2796 1551 Πλειάδα
2827 1497 3247 1562 καὶἝσπερον.
3285 1498 3376 1559 Τίς

1833 1579 2106 1646 κρίματος
2138 1580 2281 1631 Θεοῦ
2314 1579 2732 1644 ἀντιστήσεται
2751 1595 2770 1641 ;
2806 1577 2940 1630 Ἐάν
2977 1594 3039 1629 τε
3072 1578 3177 1644 γὰρ
3207 1572 3253 1628 ὦ
3292 1575 3377 1627 δί-

1833 1677 2014 1724 καιος,
2043 1661 2109 1712 τὸ
2128 1663 2315 1728 στόμα
2331 1678 2446 1728 μου
2464 1663 2615 1714 ἀσεὸ
2617 1661 2768 1725 ήσει·
2792 1659 2903 1712 κάν
2919 1675 2980 1710 τε
2997 1654 3042 1710 ὦ
3061 1658 3374 1724 ἄμεμπτος,

1832 1744 2075 1808 σκολιὸς
2104 1743 2492 1809 ἀποϐήσομαι.
2525 1742 2659 1811 Περὶ
2684 1740 2774 1792 τοῦ
2793 1758 2805 1770 ’
2841 1741 2902 1792 '0
2919 1741 3058 1803 ,βίος
3079 1739 3193 1806 μού
3213 1739 3378 1789 ἐστιν

1831 1823 2220 1888 ἐλαφρότερος
2253 1822 2526 1890 δρομέως.
2560 1825 2626 1874 Εὶ
2668 1822 2763 1874 καὶ
2791 1821 2917 1872 ἐστὶ
2963 1819 3180 1872 ναυσὶν
3209 1820 3377 1884 ίχνος

1832 1902 1996 1964 ὀδοῦ,
2030 1903 2067 1968 ἢ
2095 1903 2269 1955 ἀετοῦ
2294 1902 2616 1970 πετομένου
2637 1901 2946 1968 ζητοῦντος
2960 1899 3150 1965 ,ϐοράν
3173 1916 3190 1961 ;
3217 1899 3378 1962 Μνή-

1832 1986 2025 2048 σθῃτι,
2043 1983 2127 2035 ὅτι
2159 1985 2354 2049 πηλόν
2369 2001 2444 2050 με
2464 1983 2755 2047 ἔπλασας,
2775 1985 2859 2047 είς
2883 1982 2949 2034 δὲ
2970 1981 3085 2049 γῆν
3099 1998 3174 2048 με
3196 1979 3377 2032 πάλιν

1831 2065 2241 2132 ἀποστρέφεις.
2277 2065 2345 2116 Ἦ
2364 2067 2473 2130 οὐχ
2494 2063 2692 2130 ὥσπερ
2721 2065 2871 2131 γάλα
2886 2081 2960 2130 με
2981 2063 3259 2131 ἧμελξας,
3284 2061 3377 2114 καὶ

1829 2146 1896 2198 τὰ
1943 2145 2085 2214 ἑξῆς.
2128 2146 2346 2211 Ὥσπερ
2379 2147 2659 2213 ἐγινόμην
2692 2148 2800 2198 οὐκ
2838 2145 2938 2197 ὢν.
2967 2146 3125 2196 Διατί
3173 2144 3239 2195 ἐκ
3277 2158 3378 2210 γα-

1831 2225 2010 2290 στρὸς
2039 2229 2125 2289 είς
2145 2226 2350 2292 μνῆμα
2375 2228 2483 2278 οὐκ
2513 2225 2906 2291 άπηλλάγηνς
2938 2227 3016 2278 ὃτι
3043 2223 3184 2295 [sic].

1901 2324 2056 2376 Μετά
2101 2324 2321 2391 Ἐλιφὰξ
2348 2324 2570 2386 Βαλδὰδ,
2601 2324 2734 2392 μετὰ
2764 2324 2964 2376 Βαλδὰδ
2986 2323 3180 2393 Σωφὰρ
3205 2324 3232 2374 6
3259 2323 3378 2390 Μη-

1831 2408 1975 2468 ναῖος
2014 2407 2149 2458 κατά
2179 2406 2274 2476 τὴν
2309 2407 2508 2459 οἰκείαν
2556 2407 2721 2470 τάξιν,
2772 2406 2901 2459 ὥσθ’
2930 2406 3152 2458 ἕκαστον
3197 2404 3376 2456 αὐτῶν

1834 2486 2142 2553 περιμένειν
2163 2485 2230 2538 τὰ
2257 2489 2535 2556 κρείττονα
2558 2487 2734 2554 λέγειν
2759 2487 2892 2556 πρὸς
2917 2487 3006 2539 τὸν
3037 2485 3174 2538 Ἰώϐ.
3219 2487 3277 2536 Ὀ
3305 2483 3376 2536 τὰ

1832 2566 2027 2618 πολλὰ
2065 2566 2273 2634 λέγων,
2311 2567 2408 2619 καί
2454 2568 2900 2620 ἀντακούσεται.
2951 2568 3079 2635 Περὶ
3112 2564 3206 2617 τοῦ
3231 2582 3243 2594 ·
3295 2567 3376 2617 ὅτι

1845 2647 2204 2715 Ἀναλάμψει
2222 2664 2336 2701 σου
2368 2648 2434 2700 τὸ
2457 2649 2776 2712 πρόσωπον
2797 2648 2993 2715 ὥσπερ
3020 2647 3170 2713 ὕδωρ
3202 2649 3378 2698 καθα-

1824 2733 1957 2795 ρόν.
2016 2729 2273 2794 Ἐκδύσῃ
2317 2729 2384 2781 66
2415 2731 2629 2794 ῥύπον,
2673 2730 2768 2782 καὶ
2801 2732 2871 2783 οὺ
2899 2729 3242 2797 φοϐηθήσῃ,
3279 2727 3374 2779 καί

1833 2810 1938 2860 τὸν
1967 2811 2153 2863 κόπον
2166 2808 2425 2876 ἐπιλήσῃ
2439 2808 2636 2877 ὥσπερ
2658 2811 2813 2878 κῦμα
2838 2812 3150 2877 παρελθόν.
3181 2809 3252 2862 Ἦ
3269 2806 3377 2876 γὰρ

1833 2895 1980 2961 εὐχή
2014 2906 2128 2946 σου
2156 2894 2234 2958 ὼς
2265 2893 2412 2964 [569]
2437 2894 2753 2962 ἑωσφόρος.

1905 2987 2097 3057 Πρώτη
2120 2987 2211 3038 τοῦ
2247 2987 2363 3038 Ἰὼϐ
2395 2987 2526 3056 πρὸς
2545 2988 2736 3055 Σωφὰρ
2757 2986 3034 3051 ἀντίλεξιςο
3064 2989 3164 3050 ὅτι,
3197 2986 3378 3055 Ὑμεῖς

1829 3070 1999 3137 μόνοι
2026 3068 2164 3119 ἐστὲ
2186 3069 2494 3132 ἅνθρωποι,
2525 3069 2560 3132 ἣ
2579 3071 2706 3133 μεθ’
2735 3067 2898 3135 ὑμῶν
2912 3070 3254 3132 τελευτήσει
3276 3085 3379 3120 σο-

1835 3149 1974 3215 φία;
2002 3148 2181 3215 Κάμοί
2203 3147 2317 3213 μὲν
2342 3147 2551 3214 καρδία
2576 3147 2702 3200 καθ’
2727 3146 2879 3214 ὑμᾶς
2909 3150 3092 3201 ἔσται.
3119 3146 3377 3214 Περὶτοῦ,

1841 3231 1934 3296 Τίς
1978 3232 2086 3282 οὐκ
2113 3229 2262 3296 ἔγνω
2300 3230 2367 3280 ἐν
2400 3228 2546 3282 πᾶσι
2591 3229 2841 3292 τούτοις,
2877 3229 2964 3280 ὅτι
2998 3230 3123 3295 χεὶρ
3164 3229 3379 3295 Κυρίου

1835 3313 2084 3379 ἐποίησε
2105 3311 2322 3374 ταῦτα;
2344 3312 2468 3363 Ὀτι
2494 3311 2562 3363 ἐν
2587 3309 2659 3376 τῇ
2680 3311 2825 3378 χειρὶ
2851 3310 3029 3363 αὑτοῦ
3046 3309 3212 3376 ψυχὴ
3234 3309 3380 3361 πάν-

1837 3410 1954 3445 των
1984 3391 2099 3444 τῶν
2127 3392 2369 3453 ζώντων,
2413 3392 2508 3444 καί
2549 3391 2778 3459 πνεῦμα
2809 3391 3028 3456 παντὸς
3050 3389 3376 3457 ἀνθρώπου.

1851 3478 2002 3539 Ἐὰν,
2047 3476 2196 3544 φησὶ,
2229 3475 2294 3526 τὸ
2322 3474 2475 3541 ὕδωρ
2505 3475 2768 3540 κωλύσῃ,
2820 3473 3066 3540 ξηρανεῒ
3087 3473 3199 3527 τὴν
3230 3473 3346 3539 γῆν
3365 3490 3377 3502 ·

1837 3560 1942 3611 ἐὰν
1965 3558 2032 3610 δὲ
2073 3556 2307 3623 ἐπαφῇ,
2357 3555 2667 3609 ἀπώλεσεν
2707 3555 2898 3621 αὐτὴν
2949 3553 3376 3620 καταστρέψας.

1840 3640 1974 3708 Περὶ
2000 3637 2116 3699 τοῦ,
2159 3638 2249 3702 Τίς
2295 3636 2549 3702 καθαρὸς
2589 3637 2756 3689 ἔσται
2803 3635 2920 3689 ἀπὸ
2957 3636 3177 3701 ῥύπου;
3231 3635 3380 3686 Ἀλλ’

1839 3720 2051 3784 οὐθεὶς,
2084 3718 2191 3770 ἐὰν
2219 3716 2331 3770 κᾶν
2363 3719 2464 3784 μία
2499 3717 2687 3784 ἡμέρα
2711 3719 2742 3769 ό
2779 3718 2917 3781 ,βίος
2940 3715 3123 3769 αὑτοῦ
3148 3715 3243 3767 ἐπὶ
3274 3712 3382 3779 τῆς

1839 3801 1970 3868 γῆς.
2001 3801 2128 3862 Καὶ,
2160 3799 2385 3864 Δένδρῳ
2413 3798 2581 3850 ἐστὶν
2607 3799 2780 3862 ἐλπίς
2803 3813 2817 3827 ·
2846 3797 2952 3850 ἐὰν
2978 3796 3094 3864 μὲν
3131 3793 3378 3861 ἐκκοπῇ.

1839 3884 1936 3934 καὶ
1967 3882 2148 3934 πάλιν
2171 3880 2438 3944 ἀνθήσει,
2467 3879 2561 3930 καὶ
2584 3882 2616 3932 ό
2647 3878 2948 3946 ράδαμνος
2974 3877 3157 3930 αὐτοῦ
3196 3879 3265 3930 οὐ
3296 3876 3380 3944 μὴ

1839 3963 2076 4028 ἐκλίπῃ.
2121 3961 2295 4026 Ἀνὴρ
2339 3960 2405 4012 δὲ
2449 3961 2812 4024 τελευτήσας
2837 3959 3050 4027 ᾤχετο·
3080 3959 3282 4010 πεσὼν
3315 3957 3384 4008 66

1834 4042 2072 4110 βροτὸς,
2103 4043 2298 4094 οὐκέτι
2327 4040 2436 4093 ἔνι.

1911 4135 2144 4205 Δευτέρα
2169 4133 2306 4205 ἀρχὴ
2335 4134 2514 4186 πάλιν.
2554 4131 2773 4199 Ἐλιφάζ
2799 4131 2930 4200 πρὸς
2965 4129 3108 4183 Ἰώϐ·
3142 4132 3241 4192 ὃτι,
3269 4133 3382 4183 H25-

1843 4235 2011 4284 τερον
2036 4217 2226 4284 σοφὸς
2253 4215 2572 4282 ἀπόκρισιν
2595 4213 2769 4266 δώσει
2795 4211 3094 4278 συνέσεως
3120 4212 3383 4279 πνεῦμαε

1856 4299 2118 4363 Ἐλέτξαι
2145 4314 2216 4351 σε
2246 4299 2354 4365 τὰρ
2384 4297 2450 4350 τὸ
2482 4298 2672 4364 στόμα
2704 4311 2838 4356 σου,
2863 4296 2959 4348 καὶ
2980 4293 3064 4361 μὴ
3090 4293 3220 4362 ἐγώ.
3250 4295 3384 4364 Περὶ

1843 4380 1954 4437 τοῦ.
1991 4382 2077 4443 Τίς
2103 4380 2209 4446 γὰρ
2238 4377 2322 4430 ὢν
2343 4378 2579 4444 βροτὸς,
2609 4377 2774 4430 ἔσται
2807 4375 3132 4444 ἄμεμπτος
3154 4376 3190 4441 ἣ
3217 4376 3382 4427 ἔσται

1845 4459 2070 4523 δίκαιος
2097 4458 2383 4526 γεννητὸς
2400 4460 2678 4527 γυναικός
2697 4473 2716 4520 ἰ

1913 4554 2145 4624 Δευτέρα
2195 4551 2455 4615 ἀντίλεεις
2514 4549 2629 4604 Ἰὼϐ
2674 4549 2808 4620 πρὸς
2860 4547 3096 4615 Ἐλιφάζ.
3143 4549 3385 4612 Ἀκήκοα

1845 4635 1952 4702 γὰρ
1997 4632 2236 4684 τοιαῦτα
2283 4630 2494 4684 πολλά.
2545 4629 2994 4696 Παρακλήτορες
3031 4629 3137 4697 τὰρ
3189 4627 3388 4681 κακῶν

1845 4714 2078 4776 πάντες.
2121 4713 2262 4766 Ἰδοὺ
2291 4713 2358 4764 ἐν
2378 4711 2650 4777 οὐρανοῖς
2675 4716 2706 4764 ό
2720 4711 2945 4778 μάρτυς
2961 4727 3101 4778 μου·
3133 4713 3164 4763 ό
3181 4709 3248 4762 δὲ
3274 4728 3384 4764 συ-

1844 4796 2060 4860 νίστωρ
2096 4811 2212 4860 μου
2255 4793 2323 4845 ἐν
2367 4794 2665 4860 ὑψίστοις.
2703 4793 2808 4857 Em
2835 4791 2902 4843 66
2945 4792 3191 4857 ἐλεγχος
3217 4791 3385 4856 ἀνδρὶ

1845 4877 2120 4929 ἐναντίον
2144 4876 2381 4941 Κυρίου.
2405 4874 2540 4944 Περ)⁸
2561 4873 2674 4934 τοῦ,
2701 4873 2816 4939 Τὴν
2843 4873 3026 4924 νύκτα
3049 4875 3134 4934 εὶς
3162 4873 3387 4939 ἡμέραν

1847 4959 2082 5012 τέθεικε.
2121 4957 2259 5009 Ἐὰν
2303 4956 2408 5023 γὰρ
2449 4955 2762 5023 ὑπομείνω,
2797 4953 2943 5018 ᾅδης
2979 4970 3096 5020 μου
3134 4957 3165 5006 ό
3201 4949 3383 5017 οἶκος.

1851 5040 2112 5091 Θάνατον
2128 5041 2235 5104 τὰρ
2257 5036 2588 5089 ἐπεκάλεσα
2608 5034 2827 5101 πατέρα
2843 5053 2958 5103 μου
2983 5031 3149 5093 εἶναι,
3168 5035 3390 5102 μητέρα

1848 5120 1913 5171 δὲ
1933 5117 2317 5183 καὶάδελφήν
2340 5133 2455 5184 μου
2489 5117 2765 5181 σαπρίαν.

1917 5214 2170 5282 Δεύτερος
2205 5212 2260 5263 δὲ
2301 5210 2455 5264 πάλιν
2495 5209 2774 5261 ὑπολαϐὼν
2811 5210 3028 5272 Βαλδέιδ,
3077 5209 3220 5275 λέγει
3254 5211 3386 5278 πρὸς

1861 5295 1978 5346 Ἰώϐ
1995 5309 2006 5321 ·
2041 5292 2222 5358 Μέχρι
2252 5292 2411 5354 τίνος
2430 5292 2498 5342 οὺ
2520 5291 2724 5355 παύσῃ
2745 5305 2763 5352 ;
2788 5289 2851 5341 Τί
2876 5291 3000 5356 γὰρ,
3023 5290 3126 5340 ἐὰν
3146 5290 3224 5343 σὺ
3246 5290 3387 5341 ἀπο-

1851 5377 2057 5440 θάνῃς.
2082 5375 2358 5437 ἀοίκητος
2377 5372 2413 5435 ἡ
2444 5370 2544 5424 ὑπ’
2575 5373 2851 5436 οὑρανόν;
2867 5371 3097 5437 Δευτέρα
3121 5368 3236 5421 Ἰὼϐ
3258 5371 3388 5437 πρὸς

1852 5454 2051 5508 Βαλδάδ
2068 5468 2080 5481 °
2117 5455 2259 5516 Ἕως
2283 5452 2443 5515 τίνος
2471 5451 2725 5518 ἔγκοπον
2749 5450 3024 5516 ποιήσετε
3046 5449 3156 5515 τὴν
3183 5449 3389 5516 ψυχήν

1844 5555 1983 5603 μου,
2023 5533 2119 5585 καὶ
2151 5531 2474 5597 καθαιρεῖτέ
2505 5548 2580 5598 με
2618 5529 2956 5598 λογισμοῖςε
3004 5530 3390 5583 καταλαλεῖτέ

1847 5635 1962 5684 μου
1989 5618 2097 5668 οὐκ
2128 5615 2541 5679 αἰσχυνόμενοι
2564 5631 2580 5673 ;
2607 5613 2738 5680 Περὶ
2765 5610 2879 5672 τοῦ,
2915 5609 3031 5678 Τὴν
3068 5611 3254 5674 δόξαν
3272 5627 3388 5678 μου

1854 5699 1920 5760 ἐξ
1940 5697 2080 5766 ἐμοῦ
2110 5695 2317 5760 ἐξεῖλε,
2353 5694 2556 5762 ἀφεῖλε
2585 5693 2650 5745 δὲ
2670 5691 2965 5760 στέφανον
2981 5693 3096 5746 ἀπὸ
3126 5691 3388 5761 κεφαλῆς
