4152 6324
762 388 875 444 365

757 520 895 570 μου,
928 499 1178 566 ἐξέκοψε
1209 498 1276 551 δὲ
1306 498 1507 567 ὥσπερ
1533 501 1779 567 δένδρον
1806 502 1917 569 τὴν
1934 504 2150 557 ἐλπίδα
2172 522 2308 572 μου.

761 582 896 652 Περὶ
923 582 1033 643 τοῦ,
1065 583 1146 634 ὃτι
1208 580 1322 633 Ἀπ’
1342 582 1487 648 ἐμοῦ
1520 583 1770 651 ἀδελφοί
1791 602 1910 651 μου
1940 586 2312 651 ἀπέστησαν,

760 664 1032 731 έτνωσαν
1065 662 1420 727 ἀλλοτρίους
1445 661 1483 728 ἣ
1510 662 1611 731 ἐμέ
1632 680 1645 694 ·
1671 665 1833 731 φίλοι
1861 664 1928 717 δέ
1957 682 2076 733 μου
2109 666 2315 719 ἀνελε-

759 742 980 811 ήμονες
1019 743 1319 810 γεγόνασι.
1357 742 1692 811 Θεράποντά
1728 762 1847 811 μου
1882 745 2163 807 ἐκάλεσα,
2218 744 2316 799 καὶ

760 827 872 891 οὐχ
896 823 1208 888 ὑπήκουσε
1229 840 1241 853 ·
1268 824 1364 876 καί
1392 825 1657 878 ἱκέτευον
1672 828 1785 891 thr
1804 826 2051 895 γυναῖκά
2061 846 2198 893 μου,
2215 829 2312 881 καί

761 908 833 957 οὐ
862 904 1193 973 προσέσχε·
1224 908 1722 974 προσεκαλούμην
1742 907 1809 959 δέ
1829 908 1995 972 υίοὺς
2021 911 2314 962 παλλακί-

759 984 881 1037 δων
925 1004 1063 1054 μου,
1112 988 1199 1050 είς
1249 987 1355 1038 τὸν
1386 985 1566 1039 αίῶνα
1614 987 1681 1039 δὲ
1732 989 2178 1056 ἀπεποιήσαντό
2215 1008 2309 1058 με.

774 1066 1095 1130 Ἐλεήσατέ
1112 1082 1206 1133 με,
1220 1066 1529 1133 ἐλεήσατε,
1546 1064 1591 1120 ὦ
1604 1070 1784 1135 φίλοι.
1800 1071 1956 1122 Διατί
1965 1087 2040 1137 με
2054 1070 2309 1131 διώκετε,

759 1146 960 1216 ὥσπερ
986 1152 1017 1202 ό
1042 1151 1284 1216 Κύριος;
1316 1150 1407 1213 Τίς
1430 1151 1538 1217 γὰρ
1558 1149 1633 1202 ἂν
1652 1149 1782 1216 δοίη
1806 1151 2096 1218 γραφῆναι
2115 1152 2186 1204 τὰ
2197 1152 2309 1218 ῥή-

755 1229 913 1295 ματά
940 1247 1051 1295 μου
1074 1246 1092 1291 ,'
1125 1230 1287 1297 Παρὰ
1302 1232 1520 1297 Κυρίου
1550 1231 1735 1284 ταῦτά
1756 1250 1856 1299 μοι
1884 1234 2307 1300 συνετελέσθη.

772 1311 832 1362 '0
853 1313 960 1379 γὰρ
992 1312 1296 1379 ὀφθαλμός
1318 1329 1435 1379 μου
1454 1311 1670 1378 ἑώρακε
1692 1314 1787 1367 καὶ
1813 1316 1922 1366 οὑκ
1954 1314 2162 1378 ἄλλος.
2204 1315 2311 1367 Ῥί-

758 1391 866 1452 (ar
896 1395 1078 1460 λόγου
1107 1395 1440 1460 εὑρήσομεν
1457 1394 1525 1447 ἐν
1555 1392 1734 1458 αὑτῷ.
1783 1396 2165 1463 Εὑλαϐήθητε
2212 1397 2311 1455 καὶ

757 1474 925 1542 ὑμεῖς
960 1474 1076 1527 ἀπὸ
1104 1476 1598 1544 ἐπικαλύμματος.

828 1568 1084 1639 Δεύτερον
1114 1569 1274 1622 πάλιν
1293 1568 1573 1621 ὑπολαϐὼν
1603 1569 1798 1639 Σωφὰρ
1816 1571 1958 1638 λέγει
1991 1573 2126 1642 πρὸς
2157 1573 2305 1626 Ἰώϐ·

762 1650 883 1717 Οὐχ
911 1649 1099 1714 οὕτως
1129 1649 1546 1717 ὑπελάμϐανον
1558 1650 1822 1716 ἀντερεῖν
1844 1668 1916 1705 σε
1945 1653 2145 1705 ταῦτα.
2176 1654 2307 1723 Περὶ

763 1728 877 1793 τοῦ,
901 1730 1262 1797 Εὑφροσύνη
1280 1730 1511 1784 ἀσεϐῶν
1521 1730 1723 1798 πτῶμα
1736 1732 2020 1793 ἐξαίσιον
2042 1733 2304 1801 χαρμονὴ

758 1810 826 1863 δέ
852 1814 1207 1879 παρανόμων
1229 1811 1510 1864 ἀπώλεια.
1548 1813 1680 1864 Ὅτε
1703 1812 1769 1864 δὲ
1797 1813 1960 1865 δοκεῖ
1976 1813 2091 1881 ἤδη
2133 1816 2307 1880 ἐστη-

751 1892 971 1957 ρίχθαι,
1000 1894 1129 1944 τότε
1157 1895 1243 1956 είς
1274 1892 1443 1958 τέλος
1472 1894 1793 1948 ἀπολεῖται.
1822 1896 1951 1964 Περὶ
1983 1895 2096 1955 τοῦ.
2138 1897 2306 1950 Ὀστᾶ

756 1971 939 2025 αὑτοῦ
956 1972 1426 2039 ἀνεπλήσθησαν
1446 1974 1715 2041 νεότητος
1739 1977 1944 2030 αὑτοῦ.
1966 1979 2074 2031 Καὶ
2092 1980 2307 2041 ὅτι,“Αν

759 2053 1067 2120 γλυκανθῇ
1113 2053 1183 2105 ἐν
1224 2053 1302 2118 τῷ
1338 2057 1585 2121 στόματι
1624 2058 1808 2110 αὑτοῦ
1856 2060 2053 2122 κακία,
2094 2061 2306 2127 κρύψει

756 2134 949 2201 αὐτὴν
990 2134 1106 2187 ὑπὸ
1140 2134 1255 2200 thr
1299 2135 1584 2203 γλῶσσαν
1621 2139 1823 2191 αὑτοῦ.
1876 2141 2098 2207 Ὥσπερ
2151 2140 2303 2209 χολὴ

755 2216 1013 2278 ἀσπίδος
1034 2216 1103 2267 ἐν
1121 2216 1328 2282 γαστρί
1357 2215 1562 2282 αὐτῆς,
1603 2218 1753 2269 οὕτω
1786 2220 2045 2284 πλοῦτος
2080 2220 2148 2284 ἐξ
2176 2220 2304 2274 ἀδί-

756 2312 877 2348 κων
909 2296 1314 2363 συναγόμενος
1350 2296 1788 2362 ὲξεμεθήσεται.
1840 2300 1980 2359 Ὅτι,
2020 2302 2121 2364 Είς
2163 2300 2305 2353 κενὰ

758 2376 856 2428 καὶ
879 2375 1097 2442 μάταια
1127 2376 1430 2439 ἐκοπίασε,
1451 2377 1731 2445 συνάγων
1756 2380 2019 2433 πλοῦτον
2036 2382 2103 2443 ἐξ
2128 2378 2197 2436 οὗ
2229 2383 2301 2435 οὑ

753 2462 1045 2529 ⁴γεύσεται.
1072 2459 1211 2523 Ὅτι,
1236 2458 1487 2512 Πολλῶν
1508 2459 1816 2513 ἀδυνάτων
1834 2462 2035 2527 οἴκους
2061 2464 2299 2517 ἔθλασε.

760 2544 981 2610 Τρῶσαι
1013 2540 1217 2602 αὐτὸν,
1244 2542 1396 2611 φησὶ,
1424 2542 1603 2604 τόξον
1627 2542 1929 2610 χάλκειον,
1959 2546 2056 2597 καί
2080 2544 2305 2608 διεξέλο

754 2626 842 2677 θοι
863 2624 960 2675 διὰ
987 2622 1278 2688 στόματος
1298 2623 1481 2676 αὐτοῦ
1497 2623 1704 2688 βέλος.
1734 2626 1948 2691 ΙἈστρα
1971 2624 2121 2697 [570]
2144 2625 2211 2677 δέ
2236 2626 2305 2679 ἐν

751 2705 998 2769 διαίταις
1046 2704 1229 2756 αὑτοῦ
1288 2704 1818 2772 περιπατήσουσιν.
1891 2706 2052 2773 Αὕτη
2099 2706 2207 2775 γὰρ
2262 2707 2303 2775 ἡ

746 2785 916 2851 μερίς
947 2782 1255 2850 ἀνθρώπου
1284 2784 1540 2847 ἀσεϐοῦς
1564 2784 1721 2851 παρὰ
1740 2787 1977 2851 Κυρίου.

822 2880 1054 2950 Δευτέρα
1078 2880 1170 2931 τοῦ
1221 2879 1339 2931 Ἰὼϐ
1372 2880 1505 2949 πρὸς
1528 2881 1727 2951 Σωφάρ
1765 2881 2028 2945 ἀντίλεξις
2050 2896 2065 2911 ·
2115 2884 2305 2937 Ἀκού-

750 2978 918 3023 σατε,
955 2960 1253 3014 ἀκούσατέ
1278 2978 1396 3029 μου
1442 2960 1558 3013 τῶν
1584 2963 1797 3029 λόγων,
1827 2964 1926 3015 ἵνα
1964 2959 2003 3032 ᾖ
2042 2963 2126 3031 μὴ
2170 2966 2301 3030 παρ’

752 3040 916 3113 ὑμῶν
955 3041 1352 3110 παράκλησις.
1402 3044 1463 3095 Τί
1493 3042 1602 3110 γάρ
1614 3059 1633 3105 ;
1674 3044 1759 3110 μὴ
1804 3046 2089 3111 ἀνθρώπῳ
2123 3064 2238 3113 μου
2263 3048 2300 3114 ἡ

751 3124 1021 3193 ὕλεγξιω
1054 3122 1155 3175 Διὰ
1181 3123 1239 3175 τί
1279 3123 1385 3192 γὰρ
1414 3124 1648 3188 ἀσεϐεῖς
1680 3123 1839 3188 ζῶσι,
1868 3128 2303 3180 πεπαλαίωνται

751 3208 821 3262 δέ
847 3208 944 3261 καὶ
968 3207 1035 3259 ἐν
1051 3206 1288 3268 πλούτῳ
1310 3204 1408 3257 καὶ
1433 3206 1717 3272 εὐθηνίᾳ;
1743 3207 1998 3273 Διεσώθη
2017 3208 2083 3261 δὲ
2109 3208 2305 3261 αὑτῶν

750 3289 822 3343 ἐν
848 3287 1060 3357 γαστρὶ
1091 3285 1340 3353 ἔχουσα.
1378 3286 1551 3338 Ὅπου
1578 3288 1747 3354 Λέγει
1775 3290 1806 3341 ὀ
1833 3290 2058 3356 ἀσεϐὴς
2090 3288 2169 3354 τῷ
2191 3294 2303 3344 Κυ-

746 3372 886 3439 ρίῳ·
929 3369 1249 3436 Ἀπόστηθι
1280 3368 1379 3421 ἀπ’
1419 3369 1584 3435 ἐμοῦ,
1618 3369 1794 3433 όδούς
1825 3387 1939 3423 σου
1984 3371 2202 3424 ειδέναι
2231 3375 2302 3425 οὐ

745 3452 1066 3517 βούλομαι.
1102 3450 1164 3501 Τί
1205 3448 1407 3511 ἱκανὸς
1433 3448 1519 3499 ὅτι
1551 3449 1952 3517 ϐουλεύσομαι
1981 3452 2173 3514 αὺτῷ;
2200 3453 2303 3505 Πό-

750 3546 923 3598 τερον
939 3528 1072 3596 οὐχί
1097 3532 1130 3581 ό
1146 3528 1360 3593 Κύριός
1380 3528 1548 3579 ἐστιν
1570 3531 1600 3579 ό
1619 3527 1919 3581 διδάσκων
1933 3532 2186 3584 σύνεσιν
2202 3532 2298 3585 καὶ

748 3610 1120 3677 ἐπιστήμην;
1150 3609 1338 3673 Αὐτὸς
1373 3608 1440 3661 δὲ
1490 3612 1715 3675 πόνους
1761 3611 2067 3680 διακρίνει.
2125 3616 2299 3668 Ὥστε

750 3690 882 3747 οἶδα
911 3690 1084 3759 ὑμᾶς,
1117 3690 1206 3743 ὅτι
1238 3692 1424 3759 τόλμῃ
1455 3692 1723 3760 έγκεισθέ
1753 3711 1873 3761 μοι.
1906 3696 2016 3746 Καὶ
2040 3695 2165 3765 περὶ
2183 3696 2298 3761 τοῦ,

752 3774 874 3829 Ποῦ
897 3775 1063 3825 ἐστιν
1083 3768 1243 3837 οἶκος
1270 3772 1608 3839 ἀρχόντων;
1631 3776 1731 3838 Εις
1756 3774 1982 3842 ἡμέραν
2007 3777 2302 3844 ἀπωλείας

751 3854 1076 3924 κουφίζεται
1134 3859 1165 3908 ό
1215 3856 1502 3922 πονηρός’
1552 3856 1650 3908 καί
1702 3858 1892 3911 ὀπίσω
1943 3860 2127 3914 αὑτοῦ
2184 3861 2302 3929 πᾶς

747 3940 1054 4005 ἅνθρωπος
1078 3937 1493 3992 ἀπελεύσεται.

819 4021 1011 4090 Τρίτος
1057 4019 1215 4071 πάλιν
1246 4016 1529 4071 ὑπολαϐὼν
1577 4016 1800 4086 Ἐλιφὰζ
1835 4018 2011 4087 λέγει·
2045 4023 2300 4091 Πότερον

746 4115 881 4183 οὐχὶ
904 4119 936 4168 ό
961 4116 1173 4182 Κύριός
1196 4114 1366 4167 ἐστιν
1402 4116 1434 4166 ό
1461 4111 1760 4165 διδάσκων
1780 4115 2033 4167 σύνεσιν
2056 4116 2154 4170 καί
2180 4119 2302 4171 ἐπι-

746 4199 1021 4265 στήμην;
1068 4197 1127 4249 Τί
1173 4196 1281 4264 γὰρ
1303 4196 1471 4263 μέλει
1520 4193 1598 4257 τῷ
1639 4197 1851 4262 Κυρίῳ,
1885 4196 1993 4249 ἐὰν
2018 4198 2098 4251 σὺ
2144 4195 2302 4267 ἦσθα

748 4278 870 4343 τοῖς
886 4278 1077 4346 ἔργοις
1103 4277 1403 4345 ἄμεμπτος
1424 4292 1442 4338 ;
1471 4276 1731 4329 Ἐνταῦθα
1756 4277 1902 4343 λέγει
1929 4278 2151 4347 Ἐλιφὰζ
2164 4283 2301 4350 πρὸς

758 4360 898 4424 Ἰὼϐ,
922 4362 1001 4413 ὃτι
1045 4358 1241 4428 Χήρας
1260 4358 1691 4423 ἐξαπέστειλας
1708 4358 1905 4423 κενὰς,
1926 4360 2221 4428 ὀρφανοὺς
2232 4363 2301 4415 δέ

746 4442 1074 4506 ἐκάκωσας.
1103 4444 1211 4495 Καὶ
1246 4442 1434 4506 εἶπας,
1472 4442 1536 4493 Τί
1566 4440 1716 4507 ἔγνω
1738 4445 1769 4495 ό
1793 4444 2078 4510 ἰσχυρός
2114 4449 2177 4498 Ol
2199 4446 2298 4500 λέ-

747 4542 977 4595 γοντες,
1012 4524 1077 4577 Τί
1102 4524 1343 4591 ποιήσει
1375 4523 1518 4593 ἡμῖν
1547 4524 1792 4589 Κύριος;
1821 4525 1916 4577 καὶ
1944 4525 2002 4576 τί
2020 4526 2298 4590 ἐπάξεται

745 4606 890 4673 ἡμῖν
928 4611 960 4660 ό
989 4605 1228 4659 πάντων
1263 4604 1526 4673 κρατῶν;
1560 4605 1693 4673 Περὶ
1714 4604 1827 4670 τοῦ,
1859 4608 2127 4674 Καθαρὸν
2151 4610 2297 4664 ἀπο-

750 4688 927 4740 δώσει
957 4704 1029 4740 σε
1068 4689 1281 4754 Κύριος
1319 4686 1519 4754 ὥσπερ
1553 4686 1812 4754 ἄργυρον
1856 4691 2293 4759 πεπυρωμένον.

757 4769 1117 4837 Ἀνάϐλεψον
1143 4773 1230 4835 είς
1259 4768 1364 4822 τὸν
1396 4770 1655 4836 οὐρανὸν
1954 4772 2298 4843 Εὑξαμένου

742 4848 810 4902 δέ
841 4867 954 4902 σου
1000 4853 1147 4916 πρὸς
1172 4853 1376 4913 αὑτὸν,
1411 4852 1827 4905 εισακούσεταί
1864 4869 2001 4919 σου,
2035 4857 2134 4909 καὶ
2175 4858 2299 4912 δια-

744 4933 988 4998 manu"
1014 4932 1082 4983 ἐν
1103 4933 1384 4999 καθαραῖς
1409 4933 1581 5002 χερσί
1607 4950 1740 4986 σου.

815 5026 983 5095 Τρίτη
1020 5024 1110 5077 τοῦ
1169 5023 1287 5076 Ἰὼϐ
1336 5027 1598 5092 ἀντίλεξις
1635 5028 1770 5097 πρὸς
1812 5030 2047 5101 Ἐλιφάζ.
2079 5034 2185 5087 Καὶ
2218 5034 2294 5104 δὴ

744 5104 897 5169 οἶδα,
933 5107 1020 5159 ὅτι
1043 5108 1237 5174 χειρός
1268 5124 1379 5172 μου
1402 5110 1441 5173 ἠ
1469 5109 1843 5179 ἐλεημοσύνη
1868 5115 1983 5181 μού
2017 5116 2165 5179 ἐστι,
2199 5118 2299 5170 καὶ

745 5191 785 5255 ἡ
812 5193 939 5256 χεὶρ
962 5188 1144 5241 αὐτοῦ
1169 5187 1379 5254 ,βαρεῖα
1403 5189 1607 5255 γέγονε
1631 5191 1722 5243 ἐπ’
1734 5191 1853 5260 ἐμῷ
1880 5196 2204 5265 στεναγμῷ.
2228 5202 2299 5252 El

743 5272 815 5324 ἐν
833 5270 1033 5337 πολλῇ
1054 5270 1224 5336 ίσχύτ
1238 5268 1625 5323 ἐπελεύσεταί
1644 5290 1745 5337 μοι
1763 5276 2000 5340 σκότος.
2040 5279 2298 5347 Ἀ’σεϐεῖς

744 5355 886 5420 ὅρον
900 5352 1293 5419 ὑπερέϐησαν,
1311 5352 1404 5404 καί
1426 5351 1686 5420 γυμνοὺς
1702 5358 1971 5423 πολλοὺς
1987 5360 2298 5429 ἐκοᾲιισαν

743 5430 890 5483 ἄνευ
924 5429 1184 5497 ἱματίων.
1233 5430 1574 5498 Ἀναφανείη
1623 5430 1696 5483 τὰ
1726 5433 1883 5498 φυτὰ
1935 5438 2130 5491 αὐτῶν
2177 5442 2297 5495 ἀπὸ

744 5505 855 5576 τῆς
877 5505 1055 5574 ξηρά’
1087 5507 1382 5587 ἀγκαλζδα
1401 5506 1508 5575 γὰρ
1539 5507 1812 5574 ὀρφανῶν
1838 5510 2137 5579 ἥρπασαν.

812 5600 1005 5671 Τρίτος
1044 5600 1328 5655 ὑπολαϐὼν
1386 5601 1590 5655 Βαλδὰδ
1629 5602 1807 5669 λέγει·
1854 5606 1915 5658 Ὀ
1970 5612 2154 5664 ποιῶν
2182 5613 2295 5680 thr

740 5684 1072 5752 σύμπασαν
1106 5684 1176 5740 ἐν
1204 5687 1463 5754 ὑψίστῳ.
1494 5685 1587 5753 Mh
1616 5685 1722 5755 γάρ
1750 5705 1839 5752 τις
1865 5692 2175 5759 ὑπολάϐοι,
2205 5697 2293 5750 ὅτι

1472 388 1529 442 S.
1568 386 1845 440 JOANNIS
1881 388 2357 446 CHRYSOSTOMI
2396 389 2710 447 ARCIIIEP.
2745 389 3281 447 CONSTANTINOP.

3865 410 3981 462 366

2416 508 2546 560 ἐστὶ
2578 507 2948 574 παρέ.ίκυσις
2966 507 3276 573 σπείραντι
3298 508 3359 567 (ί.
3390 503 3715 573 πειραταῖς).
3746 503 3878 569 Πῶς
3904 503 3979 557 δὲ

2410 589 2641 654 δίκαιος
2664 588 2885 656 ,βροτὸς
2908 588 3109 640 ἔναντι
3134 587 3350 652 Κυρίου
3370 600 3387 647 ;
3418 585 3552 637 Ἐὰν
3571 585 3639 637 δέ
3665 584 3978 652 ἄνθρωπος

2410 671 2660 737 σαπρία,
2687 671 2786 722 καὶ
2815 671 2865 721 ει
2901 668 3031 732 υίὸς
3054 667 3364 734 ἀνθρώπου
3381 663 3625 730 σκώληξ
3645 682 3661 730 ;

2484 776 2652 846 Τρίτη
2681 775 2772 829 τοῦ
2811 775 2931 828 Ἰὼϐ
2955 775 3089 846 πρὸς
3128 773 3332 827 Βαλδὰδ
3354 771 3640 835 ἀντίλεξις⁸
3682 773 3799 825 Τίνι
3826 772 3976 839 μέλ-

2413 863 2541 923 λεις
2562 857 2811 923 ,ϐοηθεῖν
2827 874 2846 919 ;
2874 855 2911 921 ἣ
2942 858 3056 907 τίνι
3076 855 3613 918 ἐπακολουθήσεις;
3641 854 3764 919 Οὐχ
3797 847 3845 917 ᾧ
3868 869 3975 920 με-

2411 941 2594 1007 γίστη
2619 939 2906 1005 δύναμις;
2935 938 2984 988 Γ
2988 934 3176 1002 υμνὸς
3199 933 3307 1001 γὰρ
3342 937 3375 987 ό
3405 934 3552 999 ᾅδης
3581 931 3833 986 ἐνώπιον
3859 936 3971 985 αὑ-

2410 1020 2537 1072 τοῦ.
2601 1020 2652 1070 Ὀ
2706 1015 3001 1085 κρεμάζων
3054 1014 3168 1082 γῆν
3199 1013 3288 1066 ἐπ’
3336 1015 3602 1079 οὐδενὸς,
3661 1013 3973 1080 δεσμεύων

2411 1100 2567 1166 ὕδωρ
2598 1100 2666 1152 ἐν
2686 1099 2965 1166 νεφέλαις
2993 1096 3199 1149 αὑτοῦ.
3230 1094 3637 1163 Προστάγματι
3667 1095 3735 1148 δὲ
3762 1093 3971 1148 ἐθανά-

2410 1197 2565 1234 τωσε
2596 1180 2888 1249 δράκοντα
2917 1177 3284 1243 ἀποστάτην.

2486 1276 2692 1345 Μηκέτι
2724 1276 3043 1344 προσθέντος
3083 1276 3176 1327 καὶ
3216 1274 3307 1326 τοῦ
3342 1275 3540 1344 Σωφὰρ
3583 1274 3801 1342 τρίτως,
3854 1271 3969 1324 ἀλλ’

2411 1358 2909 1426 ὐποσιωπησάντων
2942 1357 3036 1408 καὶ
3078 1356 3186 1408 τῶν
3235 1355 3493 1423 μειζόνων
3529 1355 3642 1417 δύο,
3676 1355 3753 1418 ώς
3784 1355 3967 1406 οὐκέτι

2409 1438 2563 1506 λόγον
2604 1438 2834 1508 ἑχόντων
2862 1440 2918 1489 ὲν
2954 1437 3200 1506 στόματι,
3229 1436 3315 1488 διὰ
3340 1436 3401 1487 τὸ
3431 1435 3615 1487 θέσθαι
3647 1435 3854 1487 δίκαιον
3878 1435 3970 1487 τὸν

2422 1518 2559 1582 Ἰὼϐ,
2594 1519 2946 1571 ὲπισυνάπτει
2968 1519 3028 1571 τὸ
3054 1517 3178 1587 περὶ
3217 1514 3380 1570 αὐτοῦ
3412 1515 3692 1586 προοίμιον
3716 1515 3969 1586 δεύτερον

2420 1600 2539 1651 Ἰώϐ
2559 1616 2571 1628 ·
2606 1602 2843 1653 κάκεῖνοι
2866 1600 3238 1668 σιωπήσαντες
3270 1597 3552 1650 ἁκούουσιν
3579 1597 3967 1666 ὠφελούμενοι.

2406 1680 2513 1748 Ζῇ,
2540 1684 2691 1752 φησι,
2716 1684 2951 1749 Κύριος,
2983 1680 3049 1746 ὃς
3074 1681 3225 1732 οὕτω
3240 1696 3317 1747 με
3343 1679 3597 1747 κέκρικε,
3624 1680 3721 1733 καί
3750 1684 3784 1732 ό
3811 1695 3968 1731 παν-

2407 1763 2698 1831 τοκράτωρ
2714 1781 2853 1831 μου,
2876 1766 2908 1815 ό
2930 1761 3219 1828 πικράνας
3243 1779 3361 1829 μου
3378 1759 3493 1827 τὴν
3517 1759 3729 1827 ψυχήν
3749 1776 3764 1789 ·
3839 1759 3971 1827 μὴν

2406 1843 2492 1896 ἐτι
2521 1843 2630 1909 τῆς
2649 1842 2840 1909 πνοῆς
2860 1844 3140 1906 ἐνούσης,
3163 1841 3395 1910 πνεῦμα
3415 1841 3484 1893 δὲ
3504 1840 3663 1894 θεῖον
3681 1840 3745 1893 τὸ
3761 1840 3972 1908 περιόν

2401 1942 2501 1993 μοι
2529 1925 2597 1977 ὲν
2611 1926 2760 1991 ῥισὶ,
2790 1924 2875 1992 μὴ
2903 1925 3202 1987 λαλήσειν
3224 1941 3342 1991 μου
3383 1923 3455 1976 τὰ
3482 1923 3655 1990 χείλη
3686 1922 3966 1989 ἀνομίαν.

2418 2004 2745 2074 Ἀναγγελῶ
2772 2005 2929 2072 ὑμῖν,
2955 2004 3012 2055 τί
3049 2004 3217 2055 ἐστιν
3237 2004 3306 2054 ἐν
3354 2004 3500 2069 χειρὶ
3532 2004 3769 2070 Κυρίου.
3817 2002 3969 2056 Ἰδοὺ

2403 2087 2479 2152 δὴ
2507 2087 2727 2152 πάντες
2755 2087 2970 2147 οἴδατε,
3005 2086 3092 2137 ὅτι
3126 2085 3267 2137 κενὰ
3297 2084 3494 2147 κενοῖς
3525 2085 3963 2138 ἐπιϐουλεύετε.

2404 2169 2563 2233 Αὕτη
2597 2171 2633 2235 ἡ
2662 2168 2830 2236 μερὶς
2857 2167 3167 2231 ἀνθρώπου
3198 2164 3346 2235 [571]
3373 2165 3630 2229 ἀσεϐοῦς
3652 2165 3810 2231 παρὰ
3846 2168 3967 2218 Κυ-

2395 2252 2554 2318 ρίου.
2588 2251 2705 2302 Ὅτι
2733 2250 2841 2301 ἐὰν
2865 2250 3077 2301 πολλοὶ
3113 2249 3394 2317 γένωνται
3419 2251 3471 2300 οἱ
3496 2244 3839 2305 υίοὶαὺτοῐ,
3876 2248 3966 2312 είς

2402 2331 2646 2399 σφαγὴν
2666 2331 2907 2383 ἔσονται
2923 2348 2937 2360 ’
2968 2330 3154 2396 χήρας
3177 2328 3243 2380 δέ
3256 2327 3453 2381 αὐτῶν
3478 2323 3678 2393 οὐδεὶς
3697 2328 3960 2392 ἐλεήσει.

2416 2414 2547 2466 Ἐὰν
2580 2414 2813 2481 συνάγῃ
2845 2415 2877 2466 ό
2907 2412 3133 2477 ἀσεϐὴς
3168 2411 3271 2463 ἴσα
3304 2409 3379 2479 γῆ
3421 2411 3727 2477 ἀργύριονο
3780 2412 3965 2475 τόπος

2403 2496 2540 2548 ὅθεν
2571 2496 2830 2563 γίνεται;
2875 2494 3053 2557 τόπος
3079 2492 3147 2543 δέ
3186 2493 3439 2558 χρυσίου
3464 2491 3602 2544 ὅθεν
3639 2491 3963 2555 διηθεῖται;

2402 2575 2651 2642 Σίδηρος
2684 2575 2800 2642 μὲν
2820 2574 2885 2626 ἐκ
2912 2572 3024 2642 ῆς
3054 2574 3295 2640 γίνεται,
3327 2572 3550 2639 χαλκὸς
3578 2572 3644 2624 δέ
3676 2574 3780 2623 ίσα
3815 2575 3965 2635 λίθῳ

2400 2655 2755 2726 λατομεῖται.
2786 2654 2915 2710 Πᾶν
2950 2657 3141 2722 τίμιον
3159 2693 3173 2714 ,
3207 2656 3368 2724 φησὶν
3388 2695 3402 2716 ,
3434 2651 3554 2707 εἷδέ
3573 2672 3689 2722 μου
3712 2653 3745 2704 ό
3761 2653 3978 2720 ὀφθαλ.

2396 2738 2533 2807 μός.
2606 2738 2668 2792 Ἡ
2689 2737 2756 2790 δέ
2779 2738 2962 2805 σοφία
2983 2735 3166 2788 αὑτοῦ
3187 2737 3367 2788 πόθεν
3390 2734 3598 2801 εὑρέθη
3620 2749 3638 2795 ;
3668 2736 3965 2796 Ἀϐυσσος

2400 2817 2549 2885 εἷπε,
2569 2822 2688 2874 οὑκ
2716 2820 2886 2873 ἐστιν
2917 2820 2983 2870 ἐν
3019 2819 3183 2886 ἐμοί’
3224 2820 3317 2870 καί
3355 2817 3634 2871 θάλασσα
3670 2812 3818 2876 εἶπε,
3840 2816 3965 2866 Οὐκ

2400 2900 2530 2953 ἐστι
2568 2902 2693 2967 μετ’
2732 2900 2897 2968 ἐμοῦ.
2929 2902 3228 2952 Ἕλκυσον
3264 2899 3485 2965 σοφίαν
3524 2897 3673 2963 ὑπὲρ
3700 2896 3774 2947 τὰ
3813 2893 3965 2947 ἐσώ-

2401 2998 2563 3034 τατα.
2589 2983 2709 3034 Οὐκ
2756 2980 3109 3046 ίσωθήσεται
3136 2979 3288 3045 αὐτῇ
3331 2976 3605 3037 τοπάζιον
3634 2977 3960 3040 Αἰθιοπίας,

2401 3062 2496 3114 καί
2539 3064 2771 3129 χρυσίῳ
2809 3061 3043 3128 καθαρῷ
3095 3063 3166 3114 οὑ
3207 3058 3832 3127 συμϐασταχιὶήσεται.
3896 3057 3963 3110 Ὁ

2401 3144 2610 3208 Κύριος
2635 3144 2702 3196 εὖ
2726 3141 3069 3208 συνέστησε
3090 3140 3277 3207 αὐτῆς
3298 3142 3410 3206 τὴν
3439 3141 3579 3193 ὀδόν
3597 3157 3610 3170 ·
3641 3139 3824 3203 αὐτὸς
3848 3139 3964 3205 γὰρ

2401 3224 2514 3289 thr
2539 3223 2639 3277 ὑπ’
2660 3223 2917 3291 οὐρανὸν
2952 3222 3157 3277 πᾶσαν
3178 3220 3380 3291 ἐφορᾷ,
3406 3222 3574 3284 είδὼς
3596 3219 3667 3273 τὰ
3691 3220 3761 3272 ἐν
3786 3217 3859 3285 τῇ
3883 3220 3964 3287 τῇ

2400 3303 2615 3367 πάντα,
2661 3306 2892 3373 ἀνέμων
2938 3303 3223 3372 σταθμὸν,
3272 3302 3503 3357 ὑδάτων
3528 3303 3728 3370 μέτρα.
3773 3296 3983 3355 Εἶπενσ

2399 3385 2709 3451 ἀνθρώπῳ⁶
2728 3384 2874 3439 Ἰδοὺ
2901 3388 2937 3453 ή
2966 3384 3264 3439 θεοσέϐειά
3296 3386 3425 3437 ἐστι
3445 3384 3648 3451 σοςςία.

2490 3494 3011 3561 ’Δποσιωπησάντων
3035 3492 3090 3543 δὲ
3117 3492 3221 3544 τῶν
3248 3490 3435 3561 τριῶν,
3459 3491 3715 3559 προσθεὶς
3754 3489 3877 3542 Ἰὼϐ
3903 3492 3964 3544 ἐν

2399 3573 2477 3643 τῷ
2505 3574 2771 3645 προοιμίῳ
2803 3573 2979 3639 λέγει·
3011 3574 3105 3637 Τίς
3133 3572 3208 3625 ἆν
3221 3589 3297 3640 με
3325 3573 3449 3638 θείη
3483 3573 3631 3623 κατὰ
3653 3570 3818 3638 μῆνα
3850 3570 3966 3639 ἐμ-

2400 3658 2662 3725 προσθεν
2702 3653 2955 3723 ἡμερῶν,
2990 3647 3075 3705 ὧν
3102 3670 3177 3721 με
3204 3657 3235 3706 ό
3266 3653 3409 3717 Θεὸς
3451 3652 3788 3721 ἐφύλαξενς
3818 3652 3967 3705 Ὅτε

2401 3738 2570 3805 ηῧγει
2603 3739 2634 3789 ό
2665 3736 2891 3804 λύχνος
2910 3732 3093 3786 αὑτοῦ
3120 3733 3268 3799 ὑπὲρ
3300 3732 3566 3801 κεφαλῆς
3584 3750 3721 3801 μου,
3750 3732 3969 3795 ἐξεπο-

2394 3820 2656 3889 ρευόμην
2678 3817 2905 3884 ὄρθριος
2923 3816 2991 3867 ἐν
3012 3816 3201 3877 πόλει,
3226 3816 3294 3866 ἐν
3313 3813 3379 3866 δέ
3403 3814 3710 3878 πλατείαις
3734 3813 3969 3867 ἐτίθετό

2396 3917 2514 3970 μου
2537 3903 2569 3953 ό
2598 3899 2826 3967 δίφρος.
2854 3894 3120 3949 Διέσωσα
3145 3897 3251 3963 γὰρ
3275 3894 3509 3961 πτωχὸν
3538 3894 3605 3945 ἐκ
3637 3894 3832 3962 χειρὸς
3857 3895 3969 3947 δυ-

2400 3981 2612 4036 νατῶν.
2656 3978 2915 4048 Εὑλογία
2945 3975 3378 4045 ἀπολλυμένων
3423 3977 3513 4027 ἐπ’
3547 3975 3651 4042 ἐμὲ
3691 3974 3963 4028 ἐπέλθοι.

2414 4060 2755 4131 Ὀφθαλμὸς,
2793 4063 2979 4135 φησὶν,
2998 4059 3161 4126 ἤμην
3184 4056 3442 4125 τυφλῶν,
3458 4057 3609 4121 ποῦς
3628 4055 3695 4107 δέ
3721 4054 3962 4122 χωλῶν,

2400 4143 2594 4211 πατὴρ
2610 4141 2675 4194 δὲ
2703 4140 3030 4195 ἀδυνάτων.
3056 4139 3386 4206 Συνέτριψα
3414 4138 3480 4190 δέ
3487 4139 3685 4205 μύλας
3706 4136 3960 4197 ἀδίκων,

2399 4226 2469 4279 ἐκ
2507 4225 2573 4278 δὲ
2598 4225 2792 4293 μέσου
2825 4222 2941 4276 τῶν
2969 4222 3227 4274 ὀδόντων
3266 4218 3460 4273 αὐτῶν
3511 4219 3787 4286 ἅρπαγμα
3826 4217 3965 4281 ἐξέ-

2399 4322 2627 4360 σπασα.
2669 4307 2893 4371 Ὠσπερ
2948 4302 3023 4371 γῆ
3070 4300 3309 4369 διψῶσα
3357 4298 3802 4368 προσδεχομένη
3846 4301 3967 4351 τὸν⁸

2399 4388 2593 4451 ὑετὸν,
2622 4388 2805 4451 οὕτως
2836 4382 3002 4440 οὗτοι
3048 4384 3159 4451 τὴν
3189 4384 3341 4453 ἐμὴν
3378 4382 3614 4436 λαλιάν.
3648 4380 3964 4447 [fateami-

2397 4486 2547 4523 rovr
2573 4470 2653 4534 ὡς
2674 4467 2968 4532 ,ϐασιλεὺς
2996 4467 3065 4519 ἐν
3086 4464 3456 4534 μονοζώνοις.
3498 4464 3781 4530 Ἆφρόνων
3813 4462 3964 4523 υἱοὶ,

2396 4550 2497 4604 καὶ
2513 4550 2703 4618 ἄτιμοι
2734 4549 2947 4616 ὄνομα·
2972 4548 3108 4601 νυνὶ
3128 4546 3197 4600 δέ
3230 4546 3437 4613 κιθάρα
3460 4546 3571 4614 ἐγώ
3600 4548 3713 4613 ειμι
3733 4543 3962 4608 αὐτῶν,

2398 4636 2497 4688 καὶ
2534 4634 2639 4703 ἐμὲ
2671 4635 2981 4701 θρύλλημα
3024 4630 3295 4699 ἔχουσιν.
3339 4629 3480 4684 Ἀπό
3524 4628 3594 4681 δὲ
3630 4626 3965 4693 προσώπου

2393 4737 2511 4787 μου
2544 4719 2655 4771 οὐκ
2698 4715 3016 4783 ἐφείσαντο
3047 4715 3323 4765 πτύελον.
3353 4713 3601 4778 Ἦγησαι
3639 4709 3704 4762 δέ
3740 4724 3813 4775 με
3849 4710 3968 4762 (cra

2399 4799 2590 4867 πηλῷ,
2632 4798 2701 4851 ἐν
2730 4795 2807 4865 γῇ
2844 4797 2942 4849 καὶ
2979 4794 3183 4857 σποδῷ
3230 4811 3341 4857 μου
3373 4794 3411 4858 ἠ
3452 4794 3636 4859 μερίς.
3685 4790 3840 4857 Χειρὶ
3892 4792 3970 4844 δέ

2399 4879 2647 4949 κραταιᾷ
2666 4896 2741 4947 με
2760 4878 3189 4945 ἐμαστίγωσας.
3225 4875 3523 4943 Ἀδελφὸς,
3552 4876 3684 4943 φησὶ
3703 4915 3717 4935 ,
3740 4872 3970 4941 γέγονα

2398 4961 2711 5029 Σειρήνων,
2740 4957 2969 5026 ἑταῖρος
2992 4957 3059 5009 δὲ
3076 4957 3399 5024 στρουθῶν.
3419 4959 3488 5009 El
3507 4955 3969 5021 ἐξηκολούθησε

2398 5045 2437 5111 ἡ
2458 5042 2669 5109 καρδία
2701 5058 2818 5108 μου
2848 5036 3081 5107 γυναικί
3111 5037 3328 5104 ἀνδρὸς
3357 5038 3578 5104 ἐτέρου,
3603 5034 3804 5104 ἀρέσαι
3837 5034 3968 5099 ἄρα

2398 5125 2495 5178 καὶ
2526 5125 2564 5192 ἠ
2610 5121 2761 5190 γυνή
2795 5137 2911 5187 μου
2941 5118 3136 5186 ἑτέρῳ.
3174 5119 3369 5186 Θυμός
3410 5123 3517 5187 γὰρ
3552 5115 3764 5182 ἀνδρὸς
3805 5115 3969 5168 ἀκα-

2396 5208 2685 5274 τάσχετος
2701 5201 2805 5256 τοῦ
2827 5198 3033 5270 μιᾶναι
3048 5200 3251 5266 αὑτοῖς
3263 5201 3529 5270 γυναῖκα.
3551 5202 3615 5252 El
3639 5196 3971 5264 ὑπερεῖδον

2396 5289 2625 5357 γυμνὸν
2664 5284 3108 5352 ἀπολλύμενον,
3144 5284 3241 5335 καὶ
3271 5285 3382 5336 οὐκ
3413 5282 3715 5357 ἠμφίασα,
3735 5278 3859 5332 ἀπὸ
3894 5280 3970 5333 δὲ

2398 5355 2617 5436 κουρᾶς
2648 5366 2852 5435 ἀμνῶν
2872 5382 2991 5434 μου
3021 5366 3130 5417 οὐκ
3148 5363 3593 5432 ἐθερμάνθησαν
3606 5364 3661 5414 οί
3684 5355 3825 5429 ὦμοι
3857 5364 3972 5415 αὐ-

2397 5452 2532 5515 τῶν,
2563 5448 2858 5514 ἀποσταίη
2888 5446 3003 5515 ἄρα
3029 5450 3062 5502 ό
3086 5442 3244 5515 ὧμός
3272 5464 3388 5514 μου
3417 5444 3531 5499 ἀπὸ
3569 5444 3679 5509 τῆς
3716 5444 3973 5511 κλειδός

2390 5552 2528 5604 μου.
2558 5537 2625 5587 El
2658 5535 2765 5601 γὰρ
2788 5532 3078 5601 ἐπιχαρὴς
3116 5532 3405 5598 ἐγενόμην
3436 5525 3692 5593 πτώματι
3728 5525 3973 5593 ἐχθρῶν

2388 5633 2528 5684 μου,
2559 5616 2652 5668 καὶ
2680 5612 2809 5669 εἷπε
2841 5617 2876 5681 ἠ
2905 5613 3113 5679 καρδία
3125 5629 3258 5684 μου,
3280 5605 3451 5676 Εὖγε,
3482 5607 3737 5660 ἀκοῦσαι
3759 5607 3879 5675 ἄρα
3900 5609 3973 5660 τὸ

2396 5693 2501 5761 οὖς
2529 5716 2647 5767 μου
2682 5698 2792 5765 thr
2834 5693 3097 5762 κατάραν
3137 5709 3255 5760 μου
3321 5691 3385 5743 El
3422 5688 3509 5758 μὴ
3541 5688 3737 5757 ῥήξας
3768 5691 3977 5756 αὐτὴν
