4138 6306
220 390 333 446 3ϋὸ

202 499 425 539 uxorem
463 498 635 539 meam
658 522 673 548 ,
718 492 772 537 et
811 497 913 537 non
953 484 1172 537 attendit
1205 500 1218 535 :
1249 483 1555 538 invocabam
1583 492 1756 536 autem

204 575 345 627 ﬁlios
364 574 774 628 concubinarum
799 588 1053 638 mearum,
1081 574 1153 625 illi
1175 588 1298 627 vero
1321 589 1405 627 me
1436 574 1486 626 in
1509 575 1759 625 sacculum

203 664 431 716 aversati
459 672 599 717 sunt.
630 664 943 716 Miseremini
975 664 1106 724 mei,
1134 664 1482 726 miseremini,
1512 678 1545 715 o
1583 664 1756 717 amici.

200 756 378 819 Quare
420 770 503 809 me
541 757 910 824 persequimini
937 797 951 821 ,
988 758 1120 809 sicut
1150 756 1436 818 Dominus?
1464 755 1590 819 Quis
1617 753 1755 807 enim

201 843 294 898 det
337 856 390 898 ut
432 846 727 899 scribantur
766 847 922 899 verba
965 846 1122 899 mea?
1165 847 1208 898 A
1242 846 1462 897 Domino
1488 843 1613 896 milii
1648 843 1760 895 huic

202 945 563 989 consummata
607 946 747 990 sunt.
783 936 977 991 Oculus
1015 940 1153 990 enim
1195 949 1342 989 meus
1366 934 1531 996 vidit,
1571 941 1622 985 et
1655 947 1756 984 non

202 1025 358 1075 alios.
404 1023 652 1076 Radicem
694 1025 948 1077 sermonis
990 1024 1313 1077 inveniemus
1350 1023 1398 1074 in
1436 1037 1543 1074 eo:
1576 1029 1756 1073 cavete

201 1114 365 1165 etiam
396 1128 486 1166 vos
514 1130 541 1165 a
571 1115 796 1179 tegmine
828 1132 845 1163 ι
874 1114 1018 1184 (Cap.
1050 1114 1134 1167 19.
1166 1131 1211 1167 υ.
1235 1114 1287 1167 9.
1326 1114 1405 1165 10.
1437 1112 1519 1164 15.
1554 1113 1635 1164 14.
1662 1110 1757 1164 16-

204 1201 291 1255 is.
320 1201 496 1255 21-23.
531 1201 740 1271 26-29).

273 1289 513 1343 Secundo
575 1302 756 1341 rursus
814 1290 1080 1357 excipiens
1138 1289 1341 1357 Sopliar
1400 1288 1533 1342 Jobo
1590 1287 1755 1340 dicit:

210 1394 229 1427 ι
260 1378 372 1430 Non
416 1378 489 1431 sic
538 1379 777 1445 putabam
827 1387 876 1432 te
923 1387 1102 1432 contra
1147 1394 1537 1447 responsurum.
1573 1397 1592 1427 ι
1626 1377 1759 1431 Hinc

204 1468 333 1521 illud
375 1481 389 1521 :
436 1486 453 1517 ‹
511 1467 709 1521 Lsetitia
766 1469 1041 1536 impiorum
1102 1469 1246 1521 ruina
1307 1468 1523 1536 insignis
1568 1483 1581 1519 :
1628 1482 1757 1535 gau-

204 1556 348 1608 diuzn
380 1572 504 1609 vero
540 1556 833 1624 iniquorum
866 1565 946 1609 est
977 1557 1215 1625 perditio.
1260 1557 1388 1608 Cum
1417 1564 1589 1608 autem
1618 1556 1757 1607 visus

202 1645 362 1699 fuerit
386 1647 490 1712 jain
518 1646 754 1698 firmatus
781 1661 913 1709 esse,
939 1655 1058 1699 tunc
1085 1647 1133 1697 in
1158 1646 1313 1699 finem
1339 1644 1548 1712 peribit.
1581 1664 1598 1694 ι
1625 1642 1756 1695 Illud

200 1734 360 1787 etiam
392 1753 405 1787 :
438 1752 455 1783 ι
490 1734 616 1786 Ossa
648 1733 759 1799 ejus
802 1734 1009 1800 impleta
1051 1742 1171 1786 sunt
1210 1733 1481 1800 juventute
1519 1732 1653 1799 ejus.
1699 1731 1752 1784 Si

199 1822 459 1874 dulcuerit
510 1821 562 1874 in
613 1836 703 1872 ore
744 1821 855 1887 ejus
910 1822 1198 1888 malignitas
1228 1861 1242 1881 ,
1293 1819 1584 1872 abscondet
1635 1833 1749 1871 eam

200 1910 303 1962 sub
333 1910 503 1977 lingua
532 1925 644 1961 sua.
694 1908 837 1961 Sicut
867 1910 931 1962 fel
962 1910 1155 1978 aSpidis
1195 1912 1243 1961 in
1273 1918 1456 1962 ventre
1497 1908 1609 1975 ejus
1633 1948 1645 1971 ,
1678 1908 1754 1960 sic

203 2000 403 2052 divitia:
449 2000 624 2068 inique
668 2008 993 2067 congregatae
1034 2007 1361 2053 evomentur.
1404 1998 1457 2050 In
1486 2013 1675 2049 vanum
1704 2006 1757 2051 et

201 2090 395 2142 frustra
426 2089 694 2151 laboravit,
721 2089 969 2157 colligens
994 2089 1201 2141 divitias
1224 2104 1286 2141 ex
1318 2088 1506 2155 quibus
1532 2104 1632 2139 non
1661 2102 1755 2155 gu-

200 2180 376 2232 stabit.
414 2179 688 2232 Multorum
716 2180 853 2231 enim
885 2179 1245 2246 impotentium
1274 2179 1458 2232 domos
1484 2180 1748 2231 contrivit.

202 2268 453 2320 Volneret
483 2283 599 2320 enni
627 2283 781 2321 arcus
806 2282 992 2331 arreus,
1022 2277 1075 2321 et
1102 2280 1424 2336 pertranseat
1452 2284 1544 2335 per
1565 2283 1753 2335 corpus

198 2357 315 2424 ejus
334 2357 583 2423 jaculum.
614 2359 765 2409 Astra
789 2366 960 2409 autem
987 2358 1035 2409 in
1063 2358 1406 2410 tabernaculis
1427 2358 1539 2423 ejus
1561 2358 1744 2410 ambu-

197 2447 400 2498 labant.
436 2447 555 2499 llmc
584 2466 600 2496 ι
622 2447 760 2499 enim
788 2463 804 2495 ι
835 2457 908 2498 est
937 2447 1113 2515 portio
1135 2446 1230 2498 viri
1260 2448 1400 2514 impii
1424 2463 1449 2497 a
1477 2448 1699 2497 Domino
1726 2464 1743 2495 ι

196 2534 347 2603 (ϐαρ.
371 2534 458 2588 20.
479 2553 524 2587 υ.
547 2535 601 2589 2.
621 2537 672 2589 5.
696 2537 748 2589 7.
770 2538 851 2588 ii.
875 2536 955 2587 i2.
984 2538 1068 2590 ii.
1092 2537 1174 2590 ιδ.
1198 2537 1280 2590 is.
1308 2538 1390 2589 is.
1412 2537 1498 2589 2i.
1521 2537 1607 2589 25.
1636 2535 1746 2604 29).

268 2625 506 2679 Secunda
564 2628 837 2694 reSpOnsio
878 2626 993 2679 Jobi
1050 2626 1115 2679 ad
1160 2627 1363 2693 Sopliar
1411 2644 1422 2677 :
1475 2646 1493 2677 ι
1531 2626 1745 2688 Audite,

194 2716 375 2769 audite
401 2717 555 2769 verba
586 2732 720 2774 mea,
751 2726 805 2769 iit
830 2717 899 2768 sit
930 2717 1054 2769 milii
1081 2717 1371 2769 consolatio
1397 2730 1498 2768 non
1520 2731 1547 2768 a
1577 2716 1745 2768 vobis.

196 2804 339 2870 Quid
392 2804 854 2871 enim?Niimquid
892 2820 1009 2858 eum
1070 2806 1281 2859 homine
1331 2815 1413 2859 est
1454 2806 1750 2873 redarguiio

192 2896 357 2948 mea?
380 2894 552 2960 Quare
583 2895 724 2962 impii
748 2896 945 2959 vivunt,
975 2906 1362 2965 senueruntque
1404 2897 1452 2949 in
1481 2897 1676 2949 divitiis
1698 2907 1751 2950 et

195 2986 589 3055 prosperitate?
626 2986 777 3040 Salva
822 2988 986 3039 evasit
1038 3002 1311 3054 prmgnans
1365 2987 1499 3053 apud
1551 2987 1683 3040 illos.
1725 3005 1743 3037 ι

191 3074 296 3129 Ubi
319 3092 337 3123 ι
368 3074 502 3128 Dicit
532 3093 547 3123 ι
569 3075 755 3140 impius
776 3092 795 3124 ι
829 3076 1075 3128 Domino:
1099 3076 1306 3128 Recede
1326 3091 1475 3127 ame.
1506 3076 1612 3127 vias
1637 3084 1749 3126 tuas

190 3165 335 3218 scire
365 3164 504 3217 nolo.
556 3164 682 3228 Quis
732 3174 811 3217 cst
851 3165 937 3217 ille
981 3175 1184 3232 potens.
1214 3166 1330 3233 quia
1352 3165 1637 3218 serviemus
1660 3166 1750 3217 ei?

190 3254 384 3307 Annon
418 3254 666 3306 Dominus
696 3263 797 3316 est,
828 3255 913 3322 qui
958 3254 1112 3307 docet
1144 3254 1461 3307 intellectum
1492 3263 1547 3307 et
1575 3255 1746 3307 scien-

195 3344 376 3398 tiam?
408 3345 521 3413 Ipse
545 3360 669 3398 vero
725 3345 935 3398 labores
970 3344 1239 3411 dijudicat.
1287 3344 1464 3413 Itaque
1506 3346 1615 3398 scio
1656 3360 1749 3399 vos

190 3436 445 3489 audacter
475 3436 599 3487 mihi
629 3436 887 3489 insistere.
930 3455 948 3486 ι
983 3436 1106 3488 Item
1130 3435 1289 3499 illud,
1338 3454 1356 3485 ι
1396 3434 1495 3489 Ubi
1544 3444 1624 3489 est
1651 3435 1748 3487 do-

190 3541 317 3580 mus
342 3526 666 3593 principum?
692 3525 746 3578 In
774 3526 912 3579 diem
943 3526 1248 3593 perditionis
1271 3528 1568 3579 sublevatur
1594 3527 1746 3579 inali-

188 3632 331 3686 gnus
359 3634 374 3667 :
400 3624 451 3669 et
482 3625 597 3683 post
626 3618 767 3669 illum
797 3617 965 3669 omnis
987 3616 1143 3670 homo
1172 3617 1334 3669 abibit
1366 3635 1383 3666 ι
1413 3616 1557 3685 (Cap.
1581 3617 1667 3669 2|.
1700 3633 1745 3668 ii.

186 3707 244 3758 2.
284 3707 333 3758 4.
367 3706 418 3757 7.
456 3705 539 3756 io.
574 3706 656 3756 ii.
684 3705 766 3758 ιδ.
788 3704 877 3755 22.
906 3706 992 3755 27.
1020 3706 1107 3759 2s.
1132 3706 1216 3758 so.
1251 3704 1359 3775 33).

265 3794 446 3847 Tertio
468 3795 650 3847 iterum
669 3795 939 3861 excipiens
958 3794 1170 3861 Elipliaz
1195 3796 1265 3846 ait
1294 3812 1305 3846 :
1335 3812 1352 3843 ι
1377 3794 1561 3847 Nonne
1586 3795 1751 3845 Domi-

189 3901 295 3939 nus
316 3895 415 3946 est,
436 3887 522 3953 qui
546 3885 696 3937 docet
721 3886 1037 3937 intellectum
1054 3894 1105 3938 et
1126 3886 1432 3937 scientiam?
1452 3885 1584 3949 Quid
1607 3888 1748 3937 enim

187 3984 344 4028 eiirat
365 3973 613 4025 Dominus
636 3974 676 4026 si
704 3982 756 4025 tu
785 3972 919 4025 fuisti
941 3974 990 4025 in
1008 3973 1252 4041 operibus
1271 3972 1578 4040 inculpatis?
1608 3992 1627 4023 ι
1657 3973 1749 4024 llic

186 4064 330 4118 Jobo
349 4064 475 4117 dicit
502 4064 717 4129 Elipliaz
749 4081 759 4113 :
791 4081 809 4113 ι
847 4063 1038 4116 Viduas
1059 4064 1297 4115 dimisisti
1329 4078 1550 4122 vacuas,
1580 4063 1749 4129 pupil-

189 4157 274 4209 los
312 4165 487 4209 autem
535 4155 785 4208 afﬂixisti.
842 4156 902 4208 Et
950 4155 1124 4209 dixisti
1156 4155 1323 4219 :Quid
1377 4155 1520 4206 novit
1563 4153 1748 4206 fortis?

187 4245 293 4309 Qui
320 4244 517 4307 dicunt,
542 4244 673 4311 Quid
704 4245 855 4297 faciet
885 4245 1034 4297 nobis
1063 4245 1344 4297 Dominus?
1368 4254 1421 4296 et
1450 4244 1571 4311 quid
1596 4243 1749 4296 indu-

187 4344 280 4389 cet
329 4334 481 4387 nobis
519 4334 904 4402 Omnipotens?
942 4353 960 4385 ›
1028 4333 1154 4387 Item
1192 4333 1318 4387 illud
1350 4351 1363 4388 :
1404 4352 1421 4384 ι
1460 4334 1652 4387 Purum
1699 4344 1747 4387 te

186 4426 383 4479 reddet
417 4425 665 4478 Dominus
704 4426 838 4478 sicut
872 4436 1141 4493 argentum
1172 4426 1290 4495 igne
1315 4426 1607 4493 probatum.
1638 4425 1745 4478 Re-

188 4516 343 4583 spice
373 4515 421 4566 in
443 4515 627 4566 caelum
667 4513 923 4568 hilariter.
967 4517 1096 4569 Cum
1128 4523 1368 4583 precatus
1394 4525 1565 4569 autem
1590 4514 1747 4567 lueris

187 4619 337 4663 eum,
374 4603 615 4655 exaudiet
647 4610 1159 4668 te,etservaberisin
1190 4604 1439 4657 munditia
1489 4618 1737 4656 manuum

190 4704 401 4747 tuarum
440 4709 458 4742 ι
499 4692 645 4760 (ϐαρ.
672 4692 757 4745 22.
786 4710 832 4745 υ.
860 4693 910 4745 2.
944 4694 996 4746 5.
1027 4694 1081 4747 9.
1107 4693 1191 4746 15.
1218 4693 1302 4745 17.
1332 4691 1520 4747 25-27.
1547 4692 1658 4759 50).

262 4783 441 4835 Tertia
493 4781 608 4833 Jobi
657 4782 721 4835 ad
776 4782 989 4850 Eliphaz
1034 4782 1345 4850 responsio:
1377 4800 1395 4833 ι
1429 4782 1495 4834 Ει
1536 4780 1745 4848 quidem

186 4872 328 4933 scio,
354 4869 471 4937 quia
498 4870 828 4938 eleemosyna
852 4872 917 4923 de
946 4885 1101 4923 manu
1150 4884 1265 4922 mea
1308 4878 1388 4922 est
1417 4887 1428 4921 :
1465 4878 1518 4922 et
1561 4884 1747 4922 manus

186 4961 311 5029 ejus
337 4958 507 5027 gravis
534 4958 664 5010 facta
692 4968 769 5010 est
793 4974 949 5025 super
968 4960 1214 5028 gemitum
1240 4973 1435 5013 meum.
1454 4957 1507 5013 Si
1534 4960 1583 5010 in
1615 4958 1749 5011 mul-

188 5060 243 5104 ta
278 5051 471 5101 virtute
502 5047 868 5114 supervenient
895 5049 1019 5100 mihi
1043 5049 1271 5102 tenebras
1299 5067 1315 5099 ι
1341 5048 1486 5116 (Cap.
1515 5049 1598 5101 25.
1620 5062 1665 5099 υ.
1689 5048 1743 5099 2.

187 5141 391 5208 6.17)!
429 5158 447 5190 ι
474 5139 618 5205 Iinpii
668 5138 946 5191 terminum
987 5140 1293 5208 transgressi
1340 5147 1551 5203 sunt,et
1580 5143 1746 5191 nudos

186 5232 392 5287 mullos
418 5230 646 5284 dormire
668 5229 898 5282 fecerunt
933 5230 1048 5283 sine
1072 5230 1420 5284 vestimentis.
1446 5232 1744 5295 Appareant

184 5324 391 5394 planta:
432 5336 613 5375 eorum
654 5320 717 5374 de
752 5331 886 5375 terra
914 5321 1072 5374 arida:
1099 5341 1110 5374 :
1138 5323 1437 5377 fasciculum
1476 5323 1613 5375 enim
1647 5337 1742 5390 pu-

184 5413 440 5482 pillorum
470 5421 751 5479 rapuerunt
787 5430 805 5462 ι
836 5410 981 5480 (Cap.
1012 5410 1097 5463 24.
1128 5428 1174 5463 υ.
1199 5412 1250 5464 2.
1280 5414 1415 5479 7-9).

258 5500 444 5553 Tertio
464 5499 729 5567 excipiens
750 5499 942 5553 Baldad
970 5499 1096 5553 dicit
1120 5516 1132 5552 :
1164 5518 1181 5549 ι
1214 5502 1309 5567 Qui
1338 5502 1460 5555 facit
1490 5500 1743 5555 universi-

183 5599 355 5645 tatem
387 5591 439 5643 in
469 5591 749 5644 altissimo.
799 5591 875 5647 Ne
908 5591 1023 5661 quis
1061 5592 1354 5660 suspicetur
1396 5607 1515 5645 esse
1541 5605 1742 5644 moram

180 5682 394 5752 piratis.
426 5680 700 5746 Quomodo
733 5683 873 5736 enim
907 5682 1006 5737 erit
1030 5681 1199 5749 justus
1249 5682 1406 5735 homo
1432 5697 1607 5736 coram
1641 5682 1739 5735 Do-

1289 374 1604 430 SYNOPSIS
1641 373 2038 429 SCRIPTUM
2074 376 2336 433 SACIUE.

3318 400 3427 453 366

1874 485 2046 538 mino?
2062 485 2114 538 Si
2138 502 2260 539 vero
2280 490 2433 541 homo
2450 484 2689 556 putredo,
2710 499 2763 544 et
2784 489 2919 545 Illius
2934 489 3163 545 hominis
3181 492 3368 546 vermis
3395 511 3413 546 i

1866 572 2013 643 (cap.
2042 575 2129 627 25.
2148 590 2193 626 υ.
2218 576 2338 629 2—4.
2357 576 2445 643 6)?

1934 661 2107 715 Tertia
2135 664 2251 717 Jobi
2274 664 2338 718 ad
2369 665 2565 719 Baldad
2600 668 2872 734 responsio
2906 685 2918 721 :
2958 687 2977 718 α
3005 669 3170 734 Quem
3203 673 3413 739 adjutu-

1865 765 1957 803 rus
1978 751 2069 803 es?
2091 760 2144 804 et
2177 769 2331 820 quem
2359 755 2637 822 sequeris?
2675 755 2856 809 Nonne
2891 771 3009 810 eum
3050 760 3131 812 cui
3189 762 3411 816 maxima

1864 842 2136 908 potestas?
2164 842 2341 896 Nudus
2374 862 2393 894 ι
2419 846 2557 897 enim
2587 863 2604 895 ι
2641 855 2720 897 est
2751 845 2981 899 infernus
3009 862 3183 901 coram
3209 865 3291 903 eo.
3317 854 3413 915 Qui

1865 930 2134 996 suspendit
2164 939 2352 983 terram
2379 934 2430 985 in
2458 933 2698 994 nihilum,
2725 935 2890 1002 ligans
2916 951 3099 1003 aquam
3120 939 3168 988 iii
3186 938 3408 994 nubibus

1863 1020 1989 1070 suis.
2013 1019 2281 1087 Praecepto
2302 1030 2473 1074 autem
2503 1024 2723 1091 peremit
2742 1024 3021 1077 draconem
3040 1026 3360 1079 desertorem
3393 1046 3411 1078 ι

1866 1109 2009 1175 (Cap.
2042 1109 2126 1161 26.
2148 1126 2192 1161 υ.
2218 1111 2269 1163 2.
2290 1113 2339 1165 5.
2367 1112 2475 1166 6—8.
2507 1112 2613 1182 15).

1933 1196 2059 1251 Cum
2093 1199 2296 1267 Sophar
2326 1202 2478 1254 tertio
2500 1202 2637 1269 loqui
2669 1217 2771 1255 non
2800 1204 3186 1271 aggrederetur,
3221 1207 3325 1259 imo
3358 1218 3411 1259 et

1864 1288 1951 1341 alii
1981 1289 2084 1341 duo
2128 1291 2331 1357 priores
2375 1301 2629 1357 tacerent,
2660 1305 2835 1360 utp0ie
2864 1295 2950 1358 qui
2995 1310 3095 1348 non
3150 1296 3404 1350 haberent

1863 1376 1985 1445 quid
2024 1380 2246 1447 amplius
2284 1380 2533 1441 dicerent,
2569 1396 2633 1433 eo
2676 1382 2813 1448 quod
2858 1382 2957 1435 Job
2994 1398 3051 1436 se
3075 1384 3268 1450 justum
3294 1400 3412 1439 esse

1864 1476 2114 1532 poneret,
2143 1467 2403 1519 subnectit
2448 1468 2677 1521 secundo
2720 1470 2820 1523 Job
2860 1471 3041 1525 eadem
3080 1473 3143 1525 de
3182 1488 3238 1526 re
3283 1490 3407 1541 pro-

1861 1556 2076 1608 oemium
2096 1573 2105 1605 :
2123 1555 2194 1608 illi
2214 1571 2336 1608 vero
2358 1572 2473 1609 cum
2493 1559 2698 1611 silentio
2725 1565 2890 1626 ipsum
2908 1562 3146 1623 audiunt,
3176 1576 3272 1614 nec
3294 1565 3407 1616 sine

1862 1644 2101 1697 utilitate.
2140 1644 2357 1709 «Vivit,»
2392 1647 2575 1713 inquit,
2606 1648 2984 1714 iDominusqui
3014 1652 3089 1700 sic
3117 1651 3413 1717 mejndica-

1860 1734 1953 1796 vit,
1986 1741 2038 1786 et
2064 1733 2405 1800 Omnipotens
2426 1775 2440 1800 ,
2473 1736 2560 1802 qui
2593 1736 2763 1788 affecit
2790 1738 3133 1790 amaritudine
3183 1740 3412 1790 animam

1860 1838 2027 1875 meam
2060 1841 2072 1871 τ
2101 1837 2217 1876 cum
2238 1823 2407 1875 adliuc
2435 1825 2625 1877 Iialitiis
2643 1842 2785 1877 meus
2804 1826 3070 1887 iminaiiet,
3095 1828 3410 1896 spiritusque

1860 1911 2065 1962 divinus
2100 1922 2341 1978 superest
2388 1914 2437 1963 in
2460 1914 2676 1966 naribus
2698 1916 2860 1976 meis,
2893 1915 3024 1966 labia
3050 1932 3161 1967 mea
3194 1933 3295 1967 non
3337 1918 3413 1968 lo-

1859 2009 2081 2068 quentur
2108 2000 2300 2068 iniqua.
2333 2001 2667 2055 Annuntiabo
2710 2004 2857 2055 vobis
2901 2003 3024 2070 quid
3071 2004 3140 2055 sit
3173 2005 3222 2056 in
3256 2019 3410 2057 manu

1861 2096 2086 2147 Domini.
2118 2096 2251 2148 Ecce
2277 2112 2458 2150 omnes
2489 2098 2673 2161 nostis,
2700 2098 2816 2165 quia
2851 2114 2977 2150 vana
2997 2098 3144 2149 vanis
3164 2098 3411 2151 insidiose

1858 2184 2101 2251 adjicitis.
2138 2185 2258 2238 lla-c
2288 2188 2457 2253 portio
2500 2197 2578 2240 est
2629 2187 2854 2240 hominis
2897 2188 3039 2254 impii
3090 2202 3118 2239 a
3166 2188 3406 2240 Domino.

1856 2272 2002 2337 Quod
2031 2274 2072 2325 si
2098 2274 2244 2326 multi
2273 2275 2465 2327 fuerint
2496 2277 2587 2327 lilii
2618 2276 2753 2342 ejus,
2790 2277 2840 2327 in
2875 2277 3189 2329 occisionem
3220 2286 3404 2329 erunt:

1859 2362 2022 2413 viduis
2052 2372 2222 2415 autem
2254 2379 2433 2416 eorum
2480 2380 2633 2417 nemo
2656 2367 2983 2418 miserebitur
3016 2384 3033 2415 ι
3077 2364 3219 2435 (ϐαρ.
3243 2365 3329 2417 27.
3359 2382 3404 2418 v.

1855 2451 2461 2521 2-4.11-15.14.15.).‹
2487 2455 2540 2508 Si
2558 2456 2823 2523 eollegerit
2843 2457 3025 2522 impius
3048 2466 3101 2507 ut
3119 2466 3182 2507 tei
3197 2472 3306 2508 ram
3326 2472 3409 2509 ar-

1854 2552 2063 2611 gentum
2091 2560 2103 2595 :
2133 2544 2277 2596 locus
2299 2545 2432 2597 unde
2450 2545 2525 2610 ﬁt,
2550 2547 2663 2613 quis
2681 2546 2795 2598 est?
2816 2549 2929 2613 quis
2947 2546 3089 2598 locus
3112 2546 3243 2611 auri,
3263 2546 3402 2599 unde

1857 2633 2194 2699 percolatur?
2222 2632 2435 2685 Ferrum
2462 2634 2669 2701 quidem
2701 2634 2763 2686 de
2790 2644 2923 2687 terra
2950 2634 3023 2693 fit,
3054 2649 3125 2686 ius
3150 2644 3319 2687 autem
3350 2644 3406 2688 ut

1856 2719 1986 2788 lapis
2012 2720 2246 2772 caiditur.
2271 2720 2435 2774 Omne
2463 2723 2768 2789 pretiosum,
2798 2742 2813 2771 i
2838 2724 3019 2790 inquit,
3043 2742 3059 2773 i
3081 2724 3409 2776 viditoculus

1858 2824 2023 2862 meus.
2046 2810 2311 2877 Sapientia
2340 2823 2509 2865 autem
2539 2813 2652 2880 ejus
2683 2814 2818 2866 unde
2853 2815 3057 2865 inventa
3088 2814 3204 2866 est?
3235 2814 3403 2881 Abys-

1856 2915 1943 2953 sus
1966 2901 2115 2963 dixit,
2135 2901 2245 2953 Non
2267 2911 2341 2954 est
2368 2904 2418 2954 in
2437 2918 2519 2955 me
2548 2897 2938 2963 ;etmaredixit,
2955 2897 3065 2950 Non
3082 2907 3400 2954 estmei-uin.

1858 2991 2075 3042 Attralie
2127 2992 2432 3057 sapientiam
2489 3006 2649 3056 super
2700 3007 2757 3043 ea
2796 3008 2911 3058 qum
2959 2992 3182 3044 maxime
3230 2992 3406 3044 intima

1853 3088 1991 3129 sunt.
2026 3078 2137 3131 Non
2157 3082 2447 3147 :rqiiabitur
2473 3082 2517 3132 ei
2550 3082 2806 3146 topaziuin
2832 3081 3116 3146 Eiliiopim
3142 3121 3155 3142 ,
3189 3090 3243 3132 et
3272 3096 3401 3132 auro

1855 3184 1984 3236 puro
2021 3185 2121 3222 non
2150 3169 2466 3223 conferetur.
2504 3171 2754 3222 Dominus
2802 3170 2933 3221 bene
2962 3170 3229 3222 constituit
3269 3171 3404 3221 viam

1854 3258 1984 3325 ejus.
2022 3258 2134 3327 Ipse
2162 3260 2297 3311 enim
2335 3275 2487 3311 omne
2532 3259 2670 3328 quod
2702 3259 2798 3310 sub
2827 3259 2957 3310 cavlo
3002 3269 3080 3309 est
3130 3257 3397 3324 perspicit,

1857 3356 1976 3399 nota
2001 3347 2196 3400 habens
2223 3349 2393 3399 omnia
2425 3363 2538 3415 qua:
2562 3348 2610 3398 in
2636 3356 2792 3408 terra,
2820 3354 3092 3399 ventorum
3124 3346 3375 3397 Iibramcn
3401 3378 3404 3383 -

1856 3448 1985 3500 tum,
2012 3453 2258 3505 aquarum
2292 3452 2582 3490 mensuras.
2619 3437 2755 3489 Dixit
2786 3437 2979 3488 lioniini
3012 3452 3022 3484 :
3059 3436 3189 3488 liece
3235 3435 3403 3486 cultus

1856 3528 1943 3581 Dei
1976 3536 2054 3580 est
2083 3528 2331 3593 sapientia
2369 3546 2385 3576 ι
2411 3526 2554 3595 (Cap.
2582 3526 2665 3578 27.
2692 3543 2740 3579 υ.
2768 3526 2848 3577 16.
2880 3535 2923 3576 et
2954 3523 3075 3588 Cap.
3102 3522 3191 3576 28.
3215 3538 3259 3573 v.
3283 3522 3403 3575 1.2.

1857 3618 2055 3670 ιο.·ιε›..
2096 3618 2175 3669 ii.
2208 3616 2287 3668 is.
2318 3615 2609 3669 19.2525.
2639 3616 2752 3684 28).

1925 3707 2029 3758 Illis
2057 3716 2228 3758 autem
2254 3706 2419 3757 tribus
2450 3705 2739 3758 tacentibus
2775 3703 3025 3769 adjiciens
3059 3702 3156 3755 Job
3194 3703 3243 3753 in
3280 3715 3401 3768 pro-

1855 3797 2013 3853 minio
2038 3796 2167 3848 dicit
2196 3812 2206 3844 :
2242 3812 2259 3843 ι
2297 3794 2425 3857 Quis
2455 3810 2535 3847 me
2565 3803 2719 3861 ponat
2747 3794 2795 3845 in
2827 3808 3007 3845 mense
3039 3793 3261 3859 priorem
3292 3790 3402 3843 dic-

1855 3901 1990 3945 rum,
2022 3886 2209 3953 quibus
2254 3899 2336 3937 me
2369 3885 2503 3936 Deus
2532 3882 2896 3935 custodiebat?
2924 3882 3052 3934 Cum
3097 3879 3405 3947 Splendebat

1857 3978 2065 4029 lucerna
2094 3975 2207 4041 ejus
2251 3988 2409 4040 super
2458 3982 2612 4039 caput
2642 3988 2836 4034 meum,
2883 3971 3085 4023 exibam
3120 3970 3404 4021 matutinus

1856 4067 1904 4119 in
1924 4066 2151 4128 civitate,
2187 4064 2237 4116 in
2282 4064 2467 4130 plateis
2514 4071 2685 4113 autem
2740 4060 3027 4127 ponebatur
3076 4058 3201 4111 milii
3253 4059 3400 4110 sella.

1854 4157 2065 4211 Servavi
2094 4156 2232 4208 enim
2263 4169 2547 4221 pauperem
2582 4152 2646 4205 de
2688 4168 2842 4203 manu
2889 4150 3196 4218 potentium.
3238 4149 3404 4202 Bene-

1854 4247 2012 4300 dictio
2043 4247 2369 4313 pereuntium
2403 4259 2560 4309 super
2585 4258 2667 4295 me
2697 4243 2887 4294 veniat.
2917 4240 3111 4293 Oculus
3139 4240 3206 4292 fiii
3228 4253 3399 4292 cazco-

1853 4350 1989 4395 ruin,
2016 4344 2068 4387 et
2097 4348 2187 4401 pes
2216 4332 2517 4385 claudorum
2541 4372 2555 4394 ,
2602 4342 2748 4399 pater
2790 4342 2960 4383 autem
3015 4330 3395 4397 impotentium.

1853 4425 2094 4493 Confregi
2119 4425 2283 4476 molas
2314 4424 2604 4490 iniquorum
2637 4421 2737 4473 :de
2760 4420 2930 4472 medio
2952 4418 3182 4471 dentium
3213 4431 3394 4469 eorum

1854 4517 2085 4584 rapinam
2115 4514 2300 4582 eripui.
2341 4512 2486 4566 Sicut
2531 4520 2667 4563 terra
2713 4508 2893 4560 sitiens
2941 4506 3229 4572 suscipiens
3287 4505 3402 4573 plu-

1852 4606 2008 4665 viam,
2038 4605 2113 4657 sic
2142 4604 2190 4655 lii
2219 4618 2390 4657 meum
2416 4614 2728 4654 sermonem.
2770 4595 3073 4647 Habitabant
3116 4595 3263 4663 quasi
3309 4610 3396 4648 rex

1854 4696 1903 4748 in
1933 4695 2178 4748 accinctis
2209 4713 2225 4744 ι
2260 4693 2407 4758 (Cap.
2438 4691 2524 4743 29.
2554 4704 2601 4741 υ.
2628 4688 2681 4739 2.
2712 4688 2762 4739 5.
2796 4688 2845 4737 7.
2876 4685 2959 4738 12.
2991 4686 3074 4738 15.
3101 4685 3285 4739 15-17.
3310 4684 3399 4737 23.

1850 4783 1981 4853 25).
2032 4801 2049 4832 ι
2085 4783 2370 4836 Stultorum
2416 4779 2503 4830 lilii
2530 4820 2541 4841 ,
2574 4779 2885 4845 nomineque
2929 4774 3182 4843 ignobiles
3220 4794 3231 4825 :
3262 4791 3401 4829 nunc

1850 4884 2023 4927 autem
2050 4872 2242 4923 cithara
2290 4870 2490 4921 illorum
2526 4884 2622 4935 ego
2653 4884 2795 4929 sum,
2828 4876 2880 4920 et
2925 4882 3007 4919 me
3038 4867 3259 4919 fabulam
3302 4865 3397 4918 lia-

1852 4966 1992 5018 bent.
2023 4961 2128 5015 Nec
2162 4962 2209 5013 in
2239 4961 2423 5013 faciem
2459 4975 2627 5013 meam
2669 4970 3013 5027 pepercerunt
3050 4972 3255 5025 spuere.
3290 4957 3393 5011 Rc-

1852 5053 2041 5123 putasti
2084 5062 2258 5105 autem
2308 5069 2389 5105 me
2432 5054 2566 5105 sicut
2613 5052 2774 5104 lutum
2812 5070 2824 5104 :
2857 5052 2907 5103 in
2954 5059 3088 5103 terra
3130 5059 3182 5103 et
3220 5049 3398 5101 cinere

1851 5144 2021 5212 portio
2052 5158 2187 5194 mea.
2222 5142 2370 5194 Manu
2398 5152 2569 5193 autem
2603 5141 2798 5209 potenti
2829 5156 2911 5193 me
2949 5139 3237 5208 ﬂagellasti.
3274 5138 3398 5190 Fra-

1851 5242 1950 5297 ter,
2005 5231 2211 5299 inquit,
2255 5230 2323 5283 fui
2374 5233 2646 5294 Sirenum,
2690 5231 2965 5297 sociusque
2994 5230 3342 5281 Strutliionum
3376 5250 3392 5274 ο

1853 5324 2024 5393 (Cap.
2083 5323 2169 5376 50.
2222 5322 2427 5377 8-10.
2472 5323 2556 5376 19.
2611 5322 2698 5375 21.
2748 5320 2885 5388 29).
2948 5338 2966 5369 i
3019 5320 3072 5373 Si
3125 5327 3396 5385 Sequiituut

1849 5421 1929 5465 est
1976 5427 2067 5465 cor
2118 5428 2293 5466 meum
2342 5426 2557 5465 uxorem
2606 5411 2699 5463 viri
2749 5410 2982 5471 alterius,
3021 5410 3220 5476 placeat
3264 5420 3396 5472 quo-

1848 5517 1948 5569 que
1991 5516 2122 5554 uxor
2170 5517 2280 5555 mea
2329 5502 2500 5556 alteri.
2540 5501 2708 5555 Furor
2750 5501 2889 5555 enim
2946 5500 3041 5552 viri
3077 5496 3396 5559 indomitus,

1850 5590 2234 5644 commaculare
2287 5591 2386 5644 illis
2430 5606 2665 5644 uxorem.
2699 5590 2754 5645 Si
2784 5590 2994 5657 despexi
3037 5586 3229 5640 nudum
3273 5600 3393 5654 per-

1850 5689 2083 5745 euntem,
2115 5690 2166 5735 et
2192 5695 2295 5734 non
2339 5682 2518 5749 operui
2561 5696 2702 5746 eum,
2730 5689 2781 5735 et
2810 5680 2873 5733 de
2904 5689 3113 5731 tonsura
3142 5690 3391 5744 agnorum
