4138 6306
753 352 863 406 367

749 462 988 504 meorum
1011 460 1112 499 non
1139 443 1376 499 calefacti
1404 453 1524 498 sunt
1555 444 1758 497 humeri
1809 457 1986 496 eorum
2006 482 2018 502 ,
2061 439 2296 492 discedat

749 539 1000 592 humerus
1023 533 1507 600 meusajunctura.
1539 533 1687 598 Quod
1730 532 1772 585 si
1814 533 2022 599 gavisus
2079 544 2192 581 sum
2236 527 2301 579 de

751 627 898 680 ruina
924 625 1252 678 inimicorum
1281 637 1538 686 meorum,
1570 631 1622 676 et
1650 622 1780 675 dixit
1804 637 1896 674 cor
1918 635 2112 681 meum,
2135 619 2296 686 Euge,

749 713 926 766 audiat
951 713 1092 765 auris
1119 726 1239 765 mea
1285 711 1702 764 maledictionem
1735 727 1923 763 meam.
1979 710 2060 771 Et,
2108 709 2150 762 si
2197 724 2298 759 non

748 801 991 857 scindens
1021 816 1134 852 eam
1165 800 1386 858 reddidi.
1425 799 1551 852 nihil
1598 799 1859 866 accipiens
1895 813 1924 848 a
1969 797 2224 857 debitore,
2255 797 2299 850 si

748 906 907 959 snper
933 905 1015 943 me
1040 905 1282 957 umquam
1317 900 1453 942 terra
1495 890 1729 957 gemuit,
1768 902 1862 954 pro
1898 886 2157 939 frumento
2184 901 2298 952 ger-

748 983 909 1034 minet
961 982 1085 1034 mihi
1140 983 1300 1034 urtica
1337 1002 1355 1032 ›
1406 980 1547 1051 (Cap.
1583 983 1668 1036 51.
1703 997 1750 1034 v.
1790 980 1940 1033 9-11.
1973 979 2058 1034 19.
2086 978 2172 1032 20.
2203 979 2289 1030 22.

747 1070 835 1124 29.
857 1071 941 1124 57.
975 1072 1061 1125 58.
1093 1071 1205 1139 ιο).

822 1163 893 1214 De
925 1162 1103 1214 Eliuzo
1141 1163 1247 1214 lilio
1286 1161 1552 1214 Baraehiel
1585 1161 1794 1213 Buzita:
1833 1158 2095 1226 quomodo
2135 1159 2297 1209 iratus

747 1250 905 1304 fuerit
933 1251 984 1302 in
1015 1250 1202 1302 Jobum
1225 1291 1238 1314 ,
1269 1250 1404 1318 quod
1450 1265 1504 1303 se
1535 1249 1730 1302 diceret
1757 1247 1952 1314 justum
1985 1261 2159 1299 coram
2195 1247 2296 1297 Do-

746 1342 907 1394 tuino.
951 1359 968 1389 ι
1005 1340 1282 1408 Excipiens
1312 1342 1455 1392 liliuz
1484 1340 1620 1393 ﬁlius
1649 1339 1913 1392 Barachiel
1944 1338 2148 1391 Buzit-cs
2169 1379 2181 1397 ,
2213 1337 2295 1388 di-

745 1430 820 1482 xit
855 1447 864 1479 :
895 1429 1078 1482 Junior
1110 1430 1316 1496 quidem
1348 1445 1462 1482 sum
1493 1438 1646 1481 {et-ate
1679 1446 1690 1479 :
1719 1442 1881 1494 quare
1910 1427 2076 1494 quievi
2110 1427 2297 1477 timens

745 1519 1055 1570 aru-mntiare
1076 1518 1222 1570 vobis
1243 1519 1511 1570 scientiam
1536 1532 1723 1570 meam.
1747 1535 1768 1563 ν
1792 1516 1938 1583 (Cap.
1972 1516 2121 1568 52.0.
2139 1516 2191 1568 2.
2218 1515 2292 1584 6).

745 1607 1044 1675 Exsurgens
1066 1607 1210 1659 Eliuz
1242 1607 1568 1673 impudenter
1595 1616 1773 1658 contra
1814 1605 2001 1658 Jobuin
2034 1605 2291 1670 [equitur,

745 1697 910 1748 tribus
940 1697 1041 1749 illis
1072 1697 1356 1749 tacentibus
1391 1714 1403 1747 :
1441 1696 1671 1748 «Rursus
1700 1697 1912 1762 loquar;
1947 1694 2128 1762 plenus
2157 1694 2295 1746 enim

745 1800 857 1838 sum
881 1785 1053 1838 verbis
1079 1803 1097 1835 ι
1122 1784 1222 1854 (Ib.
1243 1801 1290 1838 υ.
1310 1785 1512 1848 17.18).
1543 1786 1676 1837 Dixit
1704 1785 1849 1836 Eliuz
1875 1784 1938 1836 ad
1967 1784 2063 1836 Job
2093 1802 2103 1834 :
2139 1803 2155 1832 ι
2179 1781 2297 1850 Spi-

744 1875 874 1926 ritus
896 1874 1102 1926 divinus
1117 1873 1301 1940 estqui
1327 1890 1409 1926 me
1431 1874 1549 1926 fecit
1578 1891 1589 1923 :
1623 1874 1836 1938 spiratio
1856 1883 2028 1924 autem
2049 1873 2296 1939 Omnipo-

745 1963 900 2016 tentis
928 1978 1046 2032 qua:
1083 1978 1167 2016 me
1208 1963 1380 2016 docet.
1417 1964 1469 2017 Si
1500 1963 1711 2031 poteris,
1755 1963 1819 2015 da
1849 1963 1970 2015 mihi
2001 1965 2296 2031 responsio-

745 2066 882 2104 nem.
916 2055 1130 2104 Avertat
1162 2051 1426 2104 hominem
1458 2053 1524 2104 ab
1553 2051 1840 2118 iniquitate.
1862 2052 2097 2119 Pepercit
2123 2062 2294 2104 autem

742 2141 928 2193 animus
955 2143 1068 2208 ejus
1097 2157 1123 2193 a
1155 2153 1342 2202 morte,
1361 2153 1408 2194 et
1439 2157 1504 2194 ne
1528 2141 1678 2194 cadat
1698 2142 1782 2194 ille
1813 2142 1862 2194 in
1883 2142 2297 2210 bello.Coarguit

741 2240 915 2281 autem
945 2229 1089 2281 illum
1119 2231 1170 2282 in
1203 2231 1452 2297 languore
1477 2244 1635 2298 super
1662 2230 1838 2283 cubili.
1882 2231 2171 2283 Reum-abit
2198 2247 2292 2282 au-

744 2319 844 2361 tem
876 2310 991 2378 ejus
1018 2325 1209 2378 corpus
1229 2353 1242 2373 ,
1275 2313 1410 2364 sicut
1438 2313 1710 2365 tectorium
1742 2313 1791 2363 in
1825 2315 2019 2380 pariete
2041 2353 2053 2373 ,
2086 2324 2138 2366 et
2176 2329 2294 2367 ossa

741 2398 854 2466 ejus
877 2399 1112 2467 implebit
1129 2400 1370 2453 medulla.
1389 2400 1554 2464 Tunc,
1571 2420 1588 2452 ι
1609 2401 1791 2468 inquit,
1812 2420 1828 2451 ι
1853 2402 2114 2454 accusabit
2137 2401 2295 2455 homo

743 2489 974 2558 seipsum
1004 2489 1186 2543 dicens
1217 2489 1433 2555 :Qualia
1463 2490 1790 2543 efﬁciebam?
1816 2506 1916 2543 non
1939 2491 2146 2559 dignam
2176 2506 2297 2559 pec-

743 2580 875 2632 catis
925 2580 1053 2633 meis
1095 2581 1490 2648 castigationem
1539 2581 1729 2634 intulit.
1767 2600 1785 2630 ι
1821 2581 2005 2633 Adlmc
2049 2581 2295 2646 laquutus

744 2677 824 2721 est
849 2669 998 2722 Eliuz
1026 2670 1088 2721 ad
1120 2670 1308 2723 Jobqu
1341 2690 1352 2723 :
1389 2689 1405 2720 ι
1440 2671 1665 2724 Auribus
1694 2673 1921 2738 percipe,
1949 2671 2067 2734 Job,
2099 2683 2151 2725 et
2175 2672 2289 2725 audi

743 2773 829 2811 me
856 2777 868 2811 :
900 2759 1219 2823 obtumesce,
1249 2771 1300 2814 et
1328 2763 1527 2831 loquar.
1552 2763 1604 2815 Si
1629 2773 1706 2814 est
1735 2763 1825 2814 tibi
1857 2777 2051 2826 sermo,
2077 2778 2289 2829 respon-

742 2849 810 2902 de
837 2851 963 2903 mihi
997 2869 1009 2903 :
1038 2852 1156 2905 volo
1206 2852 1344 2905 enim
1391 2853 1674 2905 examinari
1724 2867 1752 2904 a
1798 2862 1848 2903 te
1885 2853 2134 2919 justitiam
2180 2868 2293 2905 ser-

742 2939 914 2992 monis
941 2940 1038 2992 mei
1075 2959 1092 2990 ι
1117 2941 1263 3010 (Cap.
1296 2943 1380 2995 55.
1403 2959 1446 2995 υ.
1468 2943 1518 2994 4.
1539 2944 1590 2995 5.
1623 2942 1804 2994 17-19.
1836 2941 2027 2994 24.27.
2063 2944 2146 2995 51.
2180 2941 2286 3012 32).

744 3027 929 3082 Adhuc
953 3029 1206 3098 adjiciens
1235 3033 1377 3084 Eliuz
1409 3032 1560 3085 tertio
1591 3032 1716 3084 dicit
1744 3049 1754 3082 :
1792 3050 1810 3080 ς
1848 3033 2035 3086 Audite
2062 3049 2143 3086 me
2165 3075 2178 3095 ,
2205 3051 2292 3086 sa-

745 3118 976 3186 pientes,
1010 3121 1203 3172 bonum
1236 3131 1315 3173 est
1343 3129 1398 3172 ut
1426 3121 1512 3188 qui
1543 3122 1813 3174 scientiam
1844 3121 2054 3186 habent,
2084 3123 2294 3175 auribus

741 3210 1033 3277 percipiant
1078 3228 1090 3262 :
1137 3211 1258 3278 quia
1304 3210 1445 3261 auris
1486 3224 1764 3263 sermones
1811 3211 2012 3276 probat.
2061 3231 2078 3262 ι
2109 3212 2294 3265 Adhuc

741 3299 873 3352 dixit
916 3300 1059 3351 Eliuz
1093 3315 1104 3349 :
1140 3317 1157 3348 ι
1190 3299 1317 3365 Quis
1354 3299 1432 3350 vir
1461 3307 1516 3350 ut
1544 3298 1661 3362 Job,
1707 3299 1890 3352 bibens
1925 3301 2291 3354 subsannatio-

744 3402 862 3442 nem
896 3390 1030 3441 sicut
1056 3389 1284 3456 aquam?
1327 3389 1413 3456 qui
1447 3405 1613 3457 neque
1643 3390 1905 3456 peccavit,
1937 3405 2105 3457 neque
2137 3391 2292 3457 impie

742 3481 887 3548 egit?
915 3479 1087 3549 [Absit
1113 3496 1140 3531 a
1173 3479 1275 3550 me]
1306 3495 1483 3532 coram
1514 3480 1882 3547 Omnipoteute
1911 3483 2118 3533 turbare
2141 3482 2291 3549 justi-

745 3570 886 3622 tiam.
911 3570 1010 3622 Sed
1035 3565 1203 3622 reddit
1241 3570 1435 3622 homini
1459 3570 1646 3637 cuique
1667 3570 1950 3622 secundum
1976 3586 2133 3638 opera
2154 3573 2288 3638 ejus.

738 3661 933 3728 Impius
959 3669 1036 3713 est
1064 3661 1151 3728 qui
1182 3661 1303 3714 dicit
1329 3663 1435 3726 regi
1466 3678 1480 3713 :
1515 3661 1688 3729 Inique
1714 3663 1844 3729 agis.
1872 3682 1889 3712 ι
1916 3663 1999 3724 Ει,
2021 3680 2037 3710 ι
2063 3663 2159 3727 Qui
2189 3678 2289 3715 non

740 3760 822 3802 est
849 3750 1044 3803 veritus
1073 3750 1256 3802 l'aciem
1283 3751 1333 3802 in
1361 3759 1645 3818 conspectu
1678 3766 1813 3803 meo.
1845 3751 2094 3810 Dominus
2121 3755 2291 3805 omnia

739 3841 969 3907 inspicit,
999 3841 1085 3907 qui
1117 3841 1516 3908 comprehendit
1543 3858 1646 3894 non
1675 3843 2015 3909 vestigabilia,
2045 3844 2288 3910 gloriosa,

739 3939 792 3984 et
817 3931 1089 3999 magnilica
1112 3971 1125 3993 ,
1158 3947 1381 3999 quorum
1419 3947 1520 3984 non
1552 3943 1632 3987 est
1659 3949 1927 3987 numerus.
1959 3935 2049 3988 Vir
2087 3936 2292 4002 sapiens

740 4022 939 4075 audivit
982 4023 1196 4075 verbum
1247 4038 1419 4076 meum
1454 4042 1465 4075 :
1499 4024 1597 4078 Job
1640 4035 1812 4078 autem
1858 4041 1961 4079 non
2010 4028 2292 4095 prudenter

743 4113 986 4181 loquutus
1009 4123 1093 4165 est
1129 4132 1147 4162 ο
1176 4112 1321 4181 (Cap.
1354 4115 1439 4166 54.
1473 4130 1519 4168 υ.
1542 4114 1593 4166 2.
1629 4117 1679 4168 5.
1706 4117 1754 4168 7.
1787 4117 1837 4169 8.
1865 4117 1948 4169 10.
1985 4119 2065 4170 il.
2101 4117 2181 4170 18.
2206 4119 2287 4172 19.

738 4205 826 4257 ει.
857 4205 940 4258 54.
970 4205 1290 4271 55).Ουῐιι“ιο
1317 4205 1568 4274 adjiciens
1614 4208 1755 4258 Iiliuz
1794 4209 1917 4260 dicit
1959 4209 2020 4260 ad
2067 4209 2287 4262 Jolnun:

747 4313 767 4344 ‹
800 4295 971 4357 Quare
1002 4294 1097 4347 hoc
1126 4295 1432 4348 existimasti
1464 4297 1512 4348 in
1540 4297 1779 4363 judicio?
1807 4297 1881 4349 Tu
1912 4299 2026 4365 quis
2051 4313 2108 4350 es
2127 4338 2139 4359 ,
2172 4301 2289 4366 quia

743 4382 934 4447 dixisti,
950 4382 1127 4435 Justus
1141 4398 1252 4435 sum
1273 4385 1615 4450 iuconspectu
1634 4385 1866 4438 Domini?
1886 4387 2060 4453 i(Cap.
2081 4387 2218 4440 55.υ.
2235 4387 2288 4454 2)

739 4471 983 4536 Quintum
1007 4472 1181 4539 adjicit
1199 4473 1343 4525 Eliuz
1365 4474 1584 4526 orationi
1607 4490 1735 4539 suae,
1755 4484 1807 4527 et
1829 4491 1993 4542 neque
2009 4475 2106 4527 Job
2125 4492 2291 4544 neque

740 4575 844 4616 tres
874 4564 1024 4616 amici
1054 4573 1298 4616 accusant
1323 4579 1441 4616 eum
1473 4574 1526 4616 ut
1551 4564 1786 4617 atlteum.
1815 4565 2139 4617 Manifestum
2167 4580 2292 4633 ergo

741 4655 862 4707 hinc
889 4665 988 4719 eet,
1018 4665 1122 4707 tres
1151 4655 1265 4707 illos
1290 4656 1592 4722 resipuisse.
1618 4655 1939 4723 Dicitqnead
1961 4655 2058 4708 Joh
2082 4673 2093 4708 :
2127 4675 2143 4705 (
2167 4655 2292 4709 Sus-

740 4745 844 4796 tine
890 4760 973 4798 me
1003 4745 1263 4812 paululum
1291 4745 1480 4804 adhuc,
1511 4754 1566 4797 ut
1591 4754 1639 4797 te
1662 4745 1876 4797 doceam
1903 4761 1916 4807 ;
1947 4745 2114 4797 adhuc
2151 4746 2288 4797 enim

734 4845 819 4888 est
863 4837 912 4887 in
953 4852 1036 4888 me
1064 4837 1139 4888 vis
1173 4836 1412 4904 loquendi
1448 4855 1465 4885 ι
1495 4835 1641 4903 (Cap.
1675 4837 1759 4889 56.
1789 4853 1834 4888 υ.
1865 4835 1899 4886 2
1925 4838 1961 4890 ὶ.
1992 4837 2077 4886 Ait
2107 4836 2287 4888 Eliuz:

750 4941 767 4972 ι
807 4923 1032 4976 Auribus
1058 4923 1170 4975 haec
1197 4925 1425 4992 percipe,
1463 4924 1576 4976 Job.
1613 4924 1723 4988 Sta,
1753 4924 1896 4977 disce
1925 4924 2164 4976 virtutem
2194 4925 2290 4975 Do-

744 5013 887 5064 mini.
919 5013 1173 5080 Numquid
1208 5015 1338 5066 liber
1367 5024 1455 5066 aut
1496 5015 1666 5068 scriba
1710 5014 1909 5066 adstitit
1951 5013 2077 5074 tibi;
2111 5023 2198 5065 aut
2226 5013 2291 5065 ab

745 5102 984 5163 aquilone
1013 5101 1381 5153 uubes’coloris
1406 5103 1548 5153 aurei
1581 5122 1597 5152 ι
1620 5101 1766 5169 (Cap.
1788 5103 1874 5154 57.
1896 5117 1940 5154 v.
1967 5103 2049 5154 14.
2069 5101 2156 5153 20.
2176 5101 2290 5168 22)?

814 5184 950 5241 Deus
973 5204 1086 5241 sese
1111 5188 1362 5241 exhibens
1381 5189 1564 5242 Jobum
1592 5191 1786 5258 justum
1809 5191 2055 5250 declarat,
2081 5192 2294 5244 docens-

745 5295 844 5346 que
875 5281 1178 5347 mysterium
1205 5280 1418 5341 Christi,
1445 5282 1516 5332 ait
1536 5283 1598 5333 ad
1626 5282 1808 5335 Jobum
1844 5301 1854 5334 :
1886 5302 1902 5332 ι
1932 5283 2056 5346 Quis
2083 5293 2160 5335 est
2186 5283 2288 5347 hic,

743 5370 829 5437 qui
877 5369 1012 5422 celat
1058 5385 1140 5422 me
1191 5371 1500 5432 consilium,
1549 5374 1882 5439 continetque
1927 5388 2196 5426 sermones
2242 5373 2291 5425 iu

742 5461 945 5514 corde?
994 5478 1012 5509 ι
1060 5460 1300 5526 Dialogus
1332 5460 1535 5513 Domini
1579 5479 1589 5512 :
1639 5481 1656 5511 ‹
1694 5463 1869 5530 Scpivi
1922 5478 2063 5514 mare
2109 5464 2288 5529 portis.

747 5548 861 5602 Dixi
888 5558 1063 5602 autem
1094 5549 1189 5612 illi,
1222 5549 1501 5618 Hucusque
1531 5551 1726 5614 venies,
1762 5561 1813 5604 et
1841 5569 1941 5604 non
1969 5552 2289 5620 praeteribis:

742 5637 838 5695 sed
867 5638 918 5691 iu
951 5640 1117 5704 teipso
1141 5638 1561 5691 comminuentnr
1591 5638 1774 5693 ﬂuctus
1806 5641 1894 5693 tui.
1933 5659 1947 5690 υ
1983 5640 2164 5694 Sermo
2191 5640 2292 5691 Do-

1474 335 1535 391 S.
1573 334 1843 391 JOANNIS
1872 328 2336 386 'CIJRYSOSTOMI
2375 329 2684 386 ARCIIIEP.
2725 331 3249 389 CONSTANTINOP.

3866 350 3968 406 368

2409 439 2534 490 mini
2566 458 2577 493 :
2612 458 2630 489 ‹
2664 442 2741 494 An
2772 452 2825 495 tu
2855 457 3069 496 sumens
3103 444 3269 496 lutum
3296 442 3530 498 formasti
3559 445 3798 498 animai?
3827 447 3960 515 Ape-

2407 529 2611 582 riuntur
2641 531 2732 584 tibi
2779 543 2922 586 metu
2951 543 3114 602 porta:
3145 535 3370 587 mortis?
3411 544 3501 587 aut
3533 537 3733 589 ostiarii
3779 536 3957 592 iul’erui

2407 618 2643 672 videntes
2687 629 2735 672 te
2785 621 3111 674 timuerunt?
3157 622 3289 675 Num
3342 623 3530 676 venisti
3578 625 3643 676 ad
3691 626 3958 678 thesauros

2408 709 2542 760 nivis
2566 750 2580 772 ,
2613 718 2701 761 aut
2748 711 3022 764 thesauros
3050 713 3319 780 grandinis
3356 712 3572 765 vidisti?
3604 714 3751 768 Unde
3789 725 3955 768 autem

2406 801 2640 866 procedit
2694 803 2924 868 pruina?
2972 804 3098 867 Quis
3156 807 3471 870 praeparavit
3529 807 3724 858 ﬂuxum
3775 807 3956 873 pluvia!

2405 891 2745 945 vehementi?
2779 913 2800 944 θ
2835 894 3174 962 lusuperque,
3209 913 3228 944 ‹
3261 895 3388 960 Quis
3430 906 3510 948 est
3546 896 3737 963 pluvia:
3770 897 3956 964 pater?

2405 980 2480 1034 Ex
2512 982 2659 1047 cujus
2691 992 2839 1034 utero
2871 984 3105 1049 procedit
3135 984 3371 1052 glacies?
3399 985 3640 1036 Pruiuam
3671 985 3718 1036 in
3745 986 3880 1039 cmio
3908 995 3956 1037 et

2403 1071 2584 1138 glebas
2633 1073 2767 1124 roris
2816 1073 2932 1140 quis
2975 1073 3227 1140 peperit?
3273 1073 3495 1126 Vocahis
3541 1082 3714 1126 autem
3769 1075 3952 1127 nubem

2403 1176 2562 1224 voce,
2610 1172 2663 1215 et
2694 1173 2923 1216 tremore
2962 1178 3110 1231 aqua:
3139 1164 3323 1216 validm
3365 1163 3573 1216 obediet
3613 1165 3741 1216 tibi?
3787 1165 3954 1218 Mittes

2403 1250 2618 1304 fulmina
2650 1260 2702 1304 et
2738 1253 2928 1304 ibunt?
2957 1253 3084 1317 Quis
3113 1253 3257 1306 dedit
3285 1253 3590 1305 mulieribus
3617 1263 3836 1306 textura:
3877 1270 3955 1306 sa-

2402 1341 2697 1408 pientiam?
2727 1341 2853 1405 Quis
2880 1343 3188 1409 pra‘paravit
3212 1357 3372 1395 corvo
3399 1341 3613 1393 escam?
3656 1341 3788 1393 Pulli
3819 1343 3953 1394 enim

2402 1429 2514 1497 ejus
2541 1431 2899 1482 clamaverunt
2922 1430 2984 1482 ad
3013 1430 3287 1482 Dominum
3313 1439 3569 1491 errantes,
3597 1430 3792 1481 cibaria
3819 1444 3955 1496 qua--

2401 1529 2576 1572 rentes
2597 1538 2612 1569 ι
2647 1517 2793 1586 (Cap.
2821 1521 2909 1571 58.
2935 1535 2981 1572 υ.
3010 1518 3060 1571 2.
3092 1521 3141 1572 8.
3171 1520 3254 1571 11.
3281 1519 3364 1570 14.
3399 1520 3480 1570 17.
3507 1518 3595 1570 22.
3624 1519 3713 1570 24.
3745 1517 3835 1572 25.
3868 1518 3952 1572 28.

2400 1608 2489 1661 29.
2512 1610 2597 1661 54.
2628 1609 2738 1676 41).
2778 1626 2794 1657 ι
2833 1608 3004 1660 Peuua
3049 1609 3229 1660 volans
3269 1607 3537 1674 procedet,
3574 1609 3615 1660 si
3657 1610 3954 1676 conceperit

2401 1699 2542 1750 asida
2561 1708 2613 1751 et
2642 1713 2816 1751 nessa.
2839 1698 3116 1764 Relinquet
3138 1697 3186 1749 in
3213 1708 3352 1750 terra
3377 1712 3468 1750 ova
3492 1714 3602 1750 sua.
3628 1698 3759 1752 Cum
3784 1709 3955 1753 tacere

2403 1787 2524 1840 iecit
2545 1790 2591 1841 ei
2619 1789 2754 1841 Deus
2779 1788 3107 1855 sapientiam,
3137 1787 3366 1839 irridebit
3388 1802 3602 1854 equum.
3633 1787 3710 1840 Ex
3736 1789 3952 1841 scientia

2401 1887 2485 1930 tua
2517 1880 2657 1930 stetit
2684 1879 2932 1946 accipiter
2952 1918 2967 1942 ,
2999 1879 3174 1930 vultur
3198 1889 3373 1929 autem
3413 1893 3570 1944 super
3601 1878 3780 1929 nidqu
3807 1893 3952 1930 suum

2401 1968 2586 2020 sedens
2617 1980 2846 2021 moratur
2882 1988 2900 2020 ι
2931 1967 3075 2035 (Cap.
3100 1968 3186 2022 59.
3207 1969 3663 2022 υ.15.14.17.18.
3703 1970 3795 2022 26.
3818 1970 3925 2039 27).

2471 2055 2656 2109 Adhuc
2682 2057 2926 2125 loquutus
2947 2068 3028 2109 est
3050 2059 3300 2111 Dominus
3321 2058 3452 2112 Jobo
3473 2079 3486 2110 :
3508 2077 3525 2108 ε
3549 2059 3681 2112 Num
3701 2061 3952 2126 judicium

2401 2160 2516 2198 cum
2547 2146 2918 2213 Omnipotente
2944 2146 3242 2214 judicabis?
3269 2159 3320 2200 et
3339 2148 3425 2215 qui
3456 2150 3624 2216 arguit
3653 2149 3953 2212 Dominum,

2400 2237 2739 2304 respondebit
2763 2237 2903 2305 ipsi?
2940 2255 2958 2287 ι
2991 2237 3258 2305 Loqnutus
3282 2247 3362 2291 est
3387 2237 3485 2290 Job
3519 2239 3772 2291 Domino:
3800 2259 3819 2288 ι
3850 2240 3955 2308 Ego

2399 2325 2604 2392 judicor
2632 2327 3006 2389 commonitus,
3039 2337 3090 2380 et
3123 2341 3350 2394 arguens
3381 2327 3683 2388 Dominum,
3715 2341 3837 2383 cum
3867 2343 3955 2380 au-

2399 2418 2487 2470 dio
2509 2419 2629 2470 talia
2654 2418 2786 2488 i(lb.
2808 2436 2855 2472 υ.
2877 2420 3090 2488 52.34).
3109 2419 3377 2488 Loquutus
3393 2429 3471 2473 est
3493 2421 3740 2473 Dominus
3769 2419 3832 2473 ad
3859 2420 3954 2474 Job

2399 2509 2465 2563 de
2492 2510 2628 2564 nube
2649 2511 2877 2564 secundo
2900 2526 3157 2579 apparens
3177 2513 3256 2566 ei:
3290 2531 3308 2562 ι
3333 2514 3558 2580 Acciuge
3575 2514 3713 2566 sicut
3729 2514 3808 2566 vir
3826 2514 3955 2567 lum-

2400 2599 2522 2652 bum
2542 2608 2706 2653 tuum.
2729 2600 3067 2670 luterrogabo
3087 2611 3260 2655 autem
3281 2616 3348 2664 te,
3371 2613 3423 2655 tu
3448 2619 3572 2656 vero
3591 2603 3716 2656 mihi
3741 2619 3956 2673 reSpou-

2399 2689 2482 2742 de.
2519 2708 2539 2740 ί
2574 2690 2759 2744 Sermo
2799 2692 3041 2744 Domini:
3076 2711 3093 2742 ‹
3115 2692 3417 2747 Conﬁtebor
3455 2694 3592 2762 quod
3642 2695 3807 2761 possit
3831 2697 3954 2749 dex-

2400 2790 2509 2834 tera
2534 2793 2619 2834 tua
2642 2781 2864 2835 salvare.
2893 2782 3084 2835 Verum
3111 2783 3289 2851 utique
3311 2783 3489 2835 bestia:
3515 2784 3650 2850 apud
3681 2795 3728 2837 te
3753 2785 3952 2838 {mnum

2399 2870 2532 2922 sicut
2561 2871 2724 2923 boves
2756 2870 3055 2923 comedunt.
3093 2871 3268 2924 Virtus
3293 2881 3466 2924 autem
3498 2873 3612 2939 ejus
3653 2888 3813 2941 super
3843 2889 3958 2926 um-

2398 2959 2554 3012 bilico
2580 2962 2800 3013 ventris.
2828 2961 3006 3013 Erexit
3029 2962 3248 3014 caudam
3271 2963 3404 3015 sicut
3422 2977 3752 3030 cupressum.
3781 2963 3955 3016 Costa:

2398 3051 2546 3116 ejus,
2573 3059 2733 3103 costa:
2766 3067 2925 3103 tenes:
2959 3071 2971 3104 :
3001 3054 3147 3118 Spiua
3177 3064 3350 3105 autem
3381 3053 3491 3119 ejus
3532 3052 3727 3105 ferrum
3778 3052 3952 3106 fusile.

2399 3139 2508 3191 Sub
2551 3141 2693 3192 oumi
2737 3155 2930 3206 genere
2971 3140 3216 3193 arborum
3263 3140 3470 3192 dormit.
3509 3141 3676 3193 Duces
3699 3151 3894 3204 autem,
3931 3159 3950 3190 ο

2401 3231 2600 3298 inquit,
2629 3249 2648 3282 ι
2682 3231 2889 3285 leonem
2933 3232 3120 3296 hamo,
3164 3241 3216 3284 et
3258 3231 3621 3300 circumpones
3669 3233 3957 3299 eapistrum

2399 3325 2535 3374 circa
2563 3337 2746 3375 nasum
2773 3323 2908 3390 ejus.
2954 3321 3121 3375 O—mue
3157 3332 3330 3375 autem
3363 3323 3610 3388 navigans
3635 3322 3961 3375 conveniens

2401 3427 2502 3462 non
2533 3412 2700 3463 ferent
2725 3411 2913 3479 pellem
2946 3427 3099 3463 unam
3127 3409 3307 3463 caudae
3328 3409 3439 3477 ejus
3461 3409 3609 3478 (Cap.
3637 3411 3724 3463 40.
3749 3426 3795 3463 υ.
3817 3410 3875 3463 2.
3899 3410 3962 3464 9-

2399 3503 2484 3555 15.
2514 3503 2590 3556 16.
2623 3503 2711 3556 20.
2745 3503 2833 3556 2t.
2866 3501 2978 3569 26).
3006 3502 3150 3554 l’utat
3181 3502 3386 3569 quidem
3417 3503 3612 3554 ferrum
3644 3503 3812 3568 paleas
3833 3540 3848 3562 ,
3879 3517 3961 3554 ωε

2395 3605 2567 3646 autem
2613 3596 2744 3646 sicut
2795 3595 2988 3661 lignum
3034 3594 3313 3660 putt-idum.
3363 3593 3474 3645 Non
3503 3593 3789 3645 vulnerabit
3826 3609 3960 3646 eum

2396 3699 2550 3736 arcus
2576 3698 2751 3736 amens
2778 3703 2795 3732 ι
2823 3682 2968 3753 (Cap.
2999 3685 3084 3736 41.
3113 3699 3160 3736 υ.
3196 3684 3279 3736 18.
3313 3682 3422 3748 19).

2468 3774 2557 3827 llis
2579 3775 2799 3828 cessavit
2828 3775 2966 3842 loqui
2993 3774 3124 3826 Job:
3153 3793 3169 3823 ι
3196 3773 3326 3826 Novi
3349 3773 3485 3842 quod
3510 3774 3681 3827 omnia
3703 3783 3876 3843 potes,
3904 3786 3964 3830 et

2399 3865 2522 3917 nihil
2545 3865 2634 3918 tibi
2655 3865 2977 3933 impossibile
2997 3873 3094 3918 est.
3120 3866 3246 3930 Quis
3257 3866 3400 3919 enim
3420 3875 3497 3917 est
3513 3866 3596 3934 qui
3617 3874 3664 3918 te
3680 3866 3806 3918 celat
3830 3881 3966 3919 con-

2397 3955 2606 4009 silium?
2629 3956 2804 4007 l‘utavi
2825 3965 2997 4007 autem
3019 3971 3101 4007 me
3119 3964 3312 4007 terram
3331 3955 3622 4008 etcinerem
3649 3976 3665 4005 ι
3688 3953 3832 4023 (Cap.
3860 3957 3961 4010 42.

2398 4060 2444 4098 υ.
2477 4045 2529 4096 2.
2567 4045 2618 4097 5.
2643 4044 2721 4108 6).
2763 4043 3009 4113 Coarguit
3036 4045 3282 4096 Dominus
3311 4044 3524 4111 Eliphaz
3547 4044 3959 4109 'l'haetnauitem,

2400 4136 2522 4202 quia
2556 4139 2793 4201 peccavit
2825 4136 2934 4202 ipse
2955 4144 3008 4186 et
3029 4133 3132 4185 duo
3159 4134 3311 4185 amici
3334 4133 3465 4200 ejus,
3492 4135 3608 4200 quia
3636 4149 3734 4185 non
3760 4133 3967 4201 IOqun-

2401 4237 2483 4279 tus
2509 4236 2590 4278 est
2612 4241 2786 4279 coram
2816 4226 2925 4278 Deo
2954 4225 3263 4277 verum.i|ic
3286 4226 3518 4292 expiatio
3549 4227 3603 4276 lit
3634 4225 3779 4277 trium
3809 4229 3966 4278 ami-

2396 4332 2577 4370 corum
2610 4332 2704 4385 per
2732 4316 2831 4369 Job
2871 4317 3194 4368 sacerdotem
3222 4316 3330 4368 Dei.
3362 4315 3508 4379 Quod
3536 4309 3732 4368 auXerit
3770 4316 3968 4370 Domi-

2399 4423 2496 4461 nus
2526 4407 2710 4460 Jobmn
2736 4447 2748 4468 ,
2777 4417 2827 4459 et
2859 4415 3106 4473 precante
3141 4407 3228 4457 illo
3256 4420 3347 4471 pro
3373 4405 3557 4456 amicis
3583 4405 3718 4465 suis,
3761 4402 3965 4458 Domi-

2399 4514 2498 4552 nus
2519 4498 2899 4552 condonaverit
2928 4495 3003 4548 eis
3034 4503 3324 4562 peccatum.
3355 4494 3423 4547 Ut
3450 4494 3718 4547 audierunt
3737 4503 3968 4559 omnes,

2398 4589 2485 4656 qui
2528 4603 2591 4641 ex
2629 4601 2820 4654 genere
2863 4584 2977 4638 Jobi
3011 4593 3194 4646 erant,
3235 4594 3570 4636 accesserunt
3608 4583 3668 4635 ad
3705 4598 3828 4635 eum
3858 4625 3875 4646 ,
3915 4596 3968 4640 et

2399 4679 2740 4731 comederunt
2770 4691 2832 4729 ac
2861 4677 3110 4730 biberunt
3138 4675 3275 4743 apud
3313 4691 3428 4728 eum
3451 4717 3466 4738 ,
3499 4676 3742 4743 illumque
3773 4675 3970 4730 admi-

2399 4769 2498 4821 rati
2529 4767 2787 4819 dederuut
2815 4766 2860 4818 ei
2890 4765 3078 4833 singuli
3107 4779 3298 4832 agnum
3323 4779 3498 4824 unum,
3541 4777 3594 4816 et
3627 4763 3972 4820 tetradraeh-

2399 4872 2540 4909 mum
2594 4871 2830 4908 aureum.
2890 4854 3149 4920 Scriptum
3219 4862 3300 4907 est
3357 4868 3476 4906 eum
3535 4865 3971 4912 resurrecturum

2399 4961 2516 4999 esse
2554 4960 2673 4998 eum
2704 4947 2765 4997 iis
2808 4958 2937 5012 quos
2966 4943 3298 4996 resuscitabit
3331 4943 3605 4996 Dominus.
3637 4944 3687 4996 lu
3715 4943 3792 4996 his
3824 4960 3976 5001 (ξυμ-

2400 5037 2593 5086 tinetur
2617 5035 2694 5086 vis
2720 5034 2890 5085 omnis
2920 5032 3034 5084 libri
3059 5031 3176 5084 Job.

2875 5181 3138 5218 SAPIENTJA
3177 5179 3478 5218 SALOMONIS.

2471 5280 2734 5348 Sapientia
2763 5278 3059 5332 Salomonis
3089 5288 3303 5330 vocatur
3328 5277 3411 5330 hic
3436 5277 3567 5331 liber
3596 5294 3611 5332 :
3642 5293 3755 5330 nam
3786 5283 3976 5337 etiam

2403 5371 2540 5423 hunc
2567 5384 2594 5419 a
2621 5368 2903 5420 Salomone
2933 5367 3183 5434 scriptum
3213 5380 3329 5418 esse
3354 5365 3552 5418 dicunt.
3587 5366 3842 5421 Continel
3881 5387 3970 5424 an-

2402 5467 2506 5513 tem
2553 5459 2844 5511 doctrinam
2882 5456 3096 5524 iustitiae
3116 5494 3129 5518 ,
3161 5464 3215 5508 et
3242 5469 3339 5523 qua
3371 5456 3570 5508 ratione
3599 5464 3975 5522 cognoscendi

2404 5550 2509 5604 sint
2552 5559 2673 5600 tunc
2703 5544 2960 5614 improbi,
2995 5554 3118 5597 tunc
3145 5545 3288 5611 probi
3319 5544 3411 5596 viri
3441 5560 3454 5595 :
3483 5544 3547 5596 ad
3579 5544 3687 5596 lucc
3715 5549 3978 5616 prophe-

2407 5649 2526 5690 nam
2555 5636 2618 5690 de
2643 5634 2872 5690 Christo.
2910 5635 3069 5689 Docet
3096 5633 3254 5688 etiam
3284 5631 3446 5686 multo
3469 5645 3588 5687 esse
3611 5646 3743 5702 opus
3768 5633 3978 5697 labore
