4152 6324
169 491 442 546 ἀπέδωκα
469 504 518 552 ι,
547 494 724 547 οὐθὲν
736 494 934 547 λαϐὼν
954 493 1072 546 ἀπὸ
1089 490 1540 559 χρεωφειλέτου,
1570 494 1620 543 εὶ
1640 492 1730 544 ἐπ’

169 572 296 640 ἐμοί
312 572 352 637 ἡ
384 572 458 640 γῆ
474 573 779 637 ἐστέναξέ,
805 573 934 626 ἀντὶ
953 572 1144 639 πυροῦ
1165 571 1400 633 ἐξέλθοι
1416 587 1515 638 μοι
1537 570 1732 637 κνίδη.

241 672 323 724 Τὰ
351 674 480 742 περὶ
519 673 726 737 Ἐλιοὺζ
765 672 858 726 τοῦ
893 673 1169 744 Βαραχιὴλ
1211 671 1302 725 τοῦ
1333 672 1583 735 Βουζίτου
1607 689 1620 702 '
1663 671 1737 735 ὼς

169 753 416 822 ὠργίσθη
444 752 521 822 τῷ
554 753 691 815 Ἰὼϐ,
722 755 802 807 ὃτι
832 755 1105 824 ἀπέφηνεν
1140 752 1334 805 ἑαυτὸν
1355 752 1558 804 δίκαιον
1589 753 1735 804 ἐναν-

169 837 282 887 τίον
325 836 550 904 Κυρίου.
601 836 914 888 ’Υπολαϐὼν
956 836 1166 898 Ἐλιοίιζ
1195 837 1223 888 6
1263 834 1356 887 τοῦ
1404 833 1678 903 Βαραχιὴλ
1707 836 1734 887 6

170 917 452 985 Βουζίτης,
482 913 628 968 εἷπε·
653 918 942 984 Νεώτερός
963 921 1077 985 ειμι
1105 916 1186 980 τῷ
1212 916 1407 984 χρόνῳ
1425 931 1438 945 ·
1472 915 1562 966 διὸ
1582 917 1733 981 ησύ-

167 1013 353 1064 χασα,
406 1000 682 1066 φοϐηθείς
722 1001 828 1053 τοῦ
869 999 1010 1067 ὑμῖν
1047 998 1390 1066 ἀναγγεῖλαι
1437 996 1548 1062 τὴν
1586 995 1736 1062 ἐμὴν

169 1080 530 1146 ἐπιστήμην.
573 1079 896 1143 Ἐξαναστὰς
924 1079 1134 1143 Ἐλιοὺεζ⁹
1160 1082 1216 1132 ὲν
1243 1079 1483 1146 ἀναιδείᾳ
1505 1078 1734 1132 ,καταλέ-

168 1179 254 1226 γει
302 1161 397 1213 τοῦ
441 1161 580 1223 Ἰὼϐ,
625 1163 732 1214 τῶν
775 1163 940 1230 τριῶν
973 1162 1506 1231 ἀποσιωπησάντωψ
1546 1159 1735 1211 Πάλιν

166 1243 423 1306 λαλιὶσω
439 1262 451 1274 ο
473 1243 707 1311 πλήρης
728 1243 833 1313 γάρ
850 1247 963 1312 εἰμι
978 1243 1263 1312 ῥήματος.
1295 1239 1426 1294 Εἷπε
1443 1243 1497 1294 δὲ
1526 1243 1734 1305 Ἑλιοὺζ

170 1325 304 1393 πρὸς
345 1324 460 1377 Ἰώϐ
483 1342 494 1354 ·
525 1325 761 1394 Πνεῦμα
788 1325 944 1378 θεῖον
964 1324 1031 1377 τὸ
1058 1322 1323 1391 ποιῆσάν
1346 1340 1445 1390 με,
1477 1322 1634 1388 πνοὴ
1665 1322 1732 1373 δὲ

172 1403 651 1472 Παντοκράτορος
665 1407 702 1471 ἡ
729 1405 1103 1459 διδάσκουσα
1125 1423 1219 1473 με.
1263 1405 1397 1457 Ἐὰν
1428 1404 1598 1470 δύνῃ,
1628 1403 1732 1467 δός

162 1502 262 1551 μοι
287 1486 621 1552 ἀπόκρισιν.
655 1486 1048 1554 Ἀποστρέψαι
1070 1487 1375 1553 ἄνθρωπον
1389 1486 1457 1548 ἐξ
1477 1485 1728 1549 ἀδικίας.

181 1566 488 1632 Ἐφει’σατο
516 1567 582 1619 δὲ
603 1566 711 1635 τῆς
734 1568 939 1636 ψυχῆς
959 1569 1141 1622 αὐτοῦ
1169 1569 1286 1621 ἀπὸ
1321 1565 1595 1627 θανάτου,
1632 1564 1730 1618 κτσζ

162 1644 246 1713 μὴ
287 1649 499 1702 πεσεῖν
518 1651 704 1702 αὑτὸν
723 1651 792 1702 ἐν
820 1649 1073 1718 πολέμῳ.
1099 1650 1344 1719 Ἦλεγξε
1368 1649 1434 1702 δὲ
1454 1649 1634 1701 αὐτὸν
1664 1648 1732 1699 ἐν

163 1731 426 1796 μαλακίᾳ
444 1731 540 1782 ἐπὶ
555 1732 776 1796 κοίτης.
806 1733 1151 1785 Ἀνανεώσει
1169 1731 1235 1784 δέ
1247 1730 1431 1783 αὐτοῦ
1449 1730 1514 1782 τὸ
1538 1747 1566 1781 ο
1583 1729 1727 1797 ῶμα,

165 1812 367 1880 ὥσπερ
389 1812 649 1879 ἀλοιφὴν
685 1812 832 1884 [572]
866 1814 961 1866 ἐπὶ
998 1815 1222 1882 τοίχου,
1258 1813 1327 1866 τὰ
1353 1812 1420 1864 δέ
1449 1810 1597 1865 ὀστᾶ
1627 1813 1732 1863 αὐ-

168 1895 270 1946 τοῦ
297 1893 598 1962 ἐμπλήσει
625 1894 874 1962 μυελοῦ.
916 1894 1068 1954 Τότε,
1109 1895 1291 1964 φησὶν,
1324 1893 1730 1962 άπομέμψεται

166 1975 348 2040 αὐτὸς
383 1973 572 2039 ἐαυτῷ
603 1975 825 2044 λέγων’
868 1971 972 2028 Οἷα
1005 1976 1374 2029 συνετέλουν
1386 1991 1404 2038 ;
1441 1979 1560 2028 Οὐκ
1593 1974 1731 2037 ἄξια

167 2056 356 2123 ἦτασέ
375 2073 451 2124 με
475 2051 560 2110 ὧν
588 2057 867 2126 ἥμαρτον.
908 2059 1028 2110 Ἔτι
1072 2057 1327 2127 ἐλάλησεν
1362 2056 1568 2120 Ἐλιοὺζ
1596 2057 1730 2126 πρὸς

179 2138 299 2189 Ἰώϐ
321 2154 332 2165 ·
362 2138 691 2202 Ἑνωτίζου.
715 2139 730 2208 Ῐ
751 2137 914 2210 Ἰὼϐ],
940 2140 1037 2192 καὶ
1056 2139 1236 2192 ἄκουέ
1254 2157 1372 2207 μου
1391 2157 1402 2169 ·
1418 2139 1731 2206 κώφευσον

167 2220 260 2272 καί
287 2220 561 2288 λαλήσω.
589 2224 657 2274 Εί
690 2223 820 2275 ἔστι
847 2239 945 2275 σοι
985 2224 1182 2291 λόγος,
1214 2223 1569 2289 ἀποκρίθητέ
1594 2239 1693 2290 μοι
1712 2238 1725 2251 ·

167 2299 316 2354 θέλω
366 2304 476 2369 γὰρ
546 2303 1068 2372 δικαιολογηθῇναί
1109 2317 1242 2358 σοι.
1307 2305 1426 2356 Ἔτι
1477 2303 1730 2374 προσθεὶς

181 2383 389 2446 Ἐλιοὺξ
435 2385 616 2454 τρίτον
664 2385 842 2451 λέγει·
903 2386 1227 2438 Ἀκούσατέ
1261 2403 1400 2453 μου,
1451 2384 1648 2453 σοφοὶ,
1677 2387 1730 2437 οί

166 2465 550 2533 ἐπιστάμενοι
576 2467 968 2521 ἐνωτίσασθαι
1011 2469 1198 2520 καλόν
1216 2486 1230 2500 ο
1265 2467 1351 2521 ὅτι
1381 2463 1488 2533 οὖς
1511 2468 1730 2535 λόγους

166 2548 478 2616 δοκιμάζει.
523 2550 641 2602 Ἔτι
685 2545 835 2602 εἶπεν
894 2551 1101 2614 Ἐλιούζ
1126 2569 1138 2581 ·
1196 2552 1291 2614 Τίς
1336 2550 1488 2617 ἀνὴρ
1530 2549 1728 2615 ῶσπερ

179 2629 317 2688 Ἰὼϐ,
337 2633 532 2682 πίνων
550 2631 963 2698 μυκτηρισμὸν
991 2631 1191 2698 ὥσπερ
1209 2631 1362 2696 ὕδωρ
1385 2634 1488 2695 ;ού
1495 2649 1531 2698 χ
1555 2632 1730 2698 άμαρ⁴

169 2712 299 2774 τὼν,
322 2711 465 2764 οὐδὲ
486 2712 823 2778 ἀσεϐήσας
846 2712 960 2783 [Μή
971 2731 1067 2782 μοι
1095 2715 1210 2782 εῑηί
1236 2713 1331 2766 καὶ
1347 2715 1546 2767 ἔναντι
1561 2717 1729 2767 Παν-

168 2795 521 2863 τοκράτορος
571 2795 813 2863 ταράξαι
861 2797 927 2850 τὸ
975 2796 1224 2852 δίκαιον.
1279 2799 1429 2849 Ἀλλ’
1461 2794 1730 2849 ἀποδιδοῖ

167 2876 457 2944 ἀνθρώπῳ
490 2879 639 2930 καθὰ
681 2878 838 2929 ποιεῖ
872 2878 1128 2943 ἕκαστος
1166 2877 1386 2932 αὐτῶν.
1427 2877 1670 2944 Ἀσεϐἡς
1697 2878 1729 2928 ὀ

165 2957 356 3025 λέγων
378 2957 642 3019 βασιλεῖ,
673 2958 1032 3026 Πιιρανομεῖς
1062 2957 1435 3025 παρανομῶν.
1469 2957 1598 3021 Καὶ,
1633 2958 1724 3020 Ὃς

168 3041 275 3090 οὐκ
313 3037 693 3104 ἐπαισχυνθῇ
725 3040 1042 3107 πρόσωπον
1085 3040 1361 3092 ἐναντίον
1419 3056 1555 3106 μου.
1604 3038 1730 3089 Ὀτι

167 3121 379 3186 Κύριος
417 3119 612 3171 πάντα
654 3119 855 3188 ἐφορᾷ,
900 3121 1366 3188 καταλαμϐάνων
1405 3119 1730 3184 ἀνεξιχνία-

165 3217 301 3262 cm,
329 3199 548 3262 ἐνδοξά
566 3217 626 3252 τε
641 3202 736 3253 καί
755 3202 1010 3266 ἐξαίσια,
1036 3196 1122 3254 ὦν
1148 3204 1256 3254 οὐκ
1278 3202 1447 3254 ἐστιν
1467 3199 1726 3267 ἀριθμός.

179 3281 347 3347 Ἀνὴρ
376 3281 564 3349 σοφὸς
615 3281 836 3348 ιίκήκοέ
861 3300 978 3350 μου
1018 3283 1082 3335 τὸ
1116 3281 1314 3350 ρῇμαο
1364 3282 1484 3334 Ἰὼϐ
1519 3282 1586 3333 δὲ
1620 3282 1728 3332 οὐκ

167 3359 236 3409 ἐν
277 3359 526 3412 συνέσει
587 3359 869 3426 ἐλάλησε.
917 3360 1184 3431 Τέταρτον
1224 3360 1476 3430 προσθεὶς
1523 3359 1729 3420 Ἐλιοῦξ

167 3441 311 3506 λέγει
341 3441 480 3511 πρὸς
508 3441 624 3494 Ἰὼϐ
646 3459 656 3470 ·
689 3444 748 3496 Τι’
778 3441 952 3494 τοῦτο
978 3441 1186 3509 ἡγήσω
1215 3443 1285 3494 ἐν
1310 3440 1618 3510 κρίσει;Σὺ
1641 3441 1729 3504 τίς

166 3520 237 3586 εἴ,
273 3524 362 3577 ὅτι
406 3522 598 3590 εἶπας,
631 3527 861 3590 Δίκαιός
898 3529 1012 3594 ειμι
1055 3527 1332 3579 ἐναντίον
1363 3525 1614 3590 Κυρίου;
1657 3524 1729 3576 Τὸ

170 3611 417 3679 πέμπτον
457 3611 712 3680 προσθεὶς
763 3611 970 3675 Ἐλιοὺζ
1001 3611 1078 3680 τῷ
1107 3611 1266 3681 λόγῳ,
1299 3612 1390 3664 καὶ
1425 3609 1546 3663 οὔτε
1584 3609 1724 3670 Ἰὼϐ,

167 3691 287 3744 οὔτε
341 3694 389 3744 οἱ
422 3694 568 3762 τρεῖς
617 3693 758 3760 φίλοι
797 3694 1216 3763 προσποιοῦνται
1253 3693 1413 3744 αὐτὸν
1439 3691 1513 3752 ὠς
1549 3691 1723 3744 ἄθεον.

169 3775 332 3842 Δῆλον
364 3771 458 3826 οὖν
482 3776 546 3826 ὲκ
571 3774 709 3834 τότε,
740 3775 819 3826 ὄτι
855 3776 1180 3844 μετενόησαν
1210 3775 1257 3825 οἱ
1287 3777 1453 3844 τρεῖς.
1503 3771 1606 3824 Καὶ
1641 3771 1727 3822 λέ-

167 3872 250 3921 γει
281 3857 418 3924 πρὸς
455 3855 602 3908 Ἰώϐο
640 3855 858 3909 Μεῖνόν
882 3873 958 3925 με
990 3856 1200 3924 μικρὸν
1229 3856 1335 3918 ἔτι,
1382 3855 1477 3907 ἵνα
1512 3853 1728 3915 διδάξω

166 3953 272 3989 σε·
305 3940 394 3991 ἔτι
439 3939 547 4006 γὰρ
577 3939 646 3991 ἐν
669 3939 798 4007 ἐμοί
833 3939 960 3990 ἐστι
1009 3941 1226 4006 λέγειν.
1267 3934 1432 3990 Εἶπεν
1485 3934 1722 3997 Ἑλιούζ·

180 4020 476 4080 Ἐνωτίζου
511 4021 713 4083 ταῦτα,
761 4021 893 4075 Ἰὼϐ.
937 4021 1135 4088 Στ-ἦθι,
1167 4020 1450 4076 νουθετοῦ
1476 4018 1730 4087 δύναμιν

169 4103 412 4170 Κυρίου.
449 4102 545 4168 Μὴ
574 4103 788 4167 ,ϐίϐλος
830 4103 868 4168 ἣ
915 4106 1370 4170 γραμματεύσας
1410 4117 1507 4153 σοι
1550 4101 1728 4169 παρέο

167 4202 352 4252 στηκε
368 4201 386 4248 ;
413 4185 448 4251 ἢ
481 4184 597 4237 άπὸ
619 4184 811 4250 ,Βοῤῥᾶ
832 4186 982 4252 νέφη
1009 4183 1512 4253 χρυσαυγίζοντας

249 4288 634 4358 Ἐμφανισθεὶς
662 4290 689 4341 6
711 4289 839 4350 Θεὸς
855 4289 1050 4342 δικαιοῖ
1068 4291 1155 4341 τὸν
1185 4288 1325 4350 Ἰὼϐ,
1352 4289 1446 4341 καὶ
1465 4289 1728 4340 διδάσκων

167 4371 226 4422 τὸ
250 4373 546 4440 μυστήριον
571 4369 662 4422 τοῦ
685 4371 937 4441 Χριστοῦ,
967 4369 1083 4424 εἷπε
1104 4371 1235 4440 πρὸς
1264 4369 1380 4422 Ἰὼϐ
1403 4388 1414 4399 ο
1440 4371 1532 4434 Τίς
1552 4364 1726 4432 οὗτος

169 4456 198 4504 ό
233 4454 511 4518 κρύπτων
536 4469 654 4519 μου
687 4451 949 4518 βουλὴν,
997 4451 1271 4518 συνέχων
1306 4451 1374 4502 δὲ
1399 4450 1632 4517 ῥήματα
1661 4450 1727 4500 ἐν

171 4535 416 4602 καρδίας
451 4535 702 4601 Διάλογος
733 4537 955 4604 Κυρίου,
989 4537 1069 4588 ὃτι
1103 4534 1370 4602 Ἐφραξα
1408 4533 1728 4586 θάλασσαν

169 4620 411 4680 πύλαις.
443 4614 598 4668 Εἷπα
625 4616 692 4667 δὲ
711 4615 884 4683 αὐτῇ,
917 4617 1098 4685 Μέχρι
1132 4618 1343 4670 τούτου
1362 4616 1605 4681 ἐλεύσῃ,
1629 4615 1724 4666 καί

169 4702 278 4768 οὐχ
315 4699 650 4765 ὑπερϐήσῃ,
690 4699 826 4751 ἀλλ’
864 4698 934 4750 ἐν
972 4697 1197 4764 σεαυτῇ
1250 4697 1728 4764 διατριϐήσονταί

169 4799 282 4836 σου
311 4782 382 4833 τὰ
415 4782 662 4847 κύματα.
697 4781 866 4846 Λόγος
896 4780 1119 4849 Κυρίου,
1142 4781 1222 4832 ὅτι
1279 4780 1360 4832 Σὺ
1389 4780 1586 4832 λαϐὼν
1614 4795 1728 4844 πη-

169 4867 298 4924 λὸν,
331 4865 603 4928 ἔπλασας
634 4862 816 4925 ζῶονς
851 4863 1204 4931 Ἀνοίτονταί
1236 4875 1332 4914 σοι
1362 4863 1521 4928 φόϐῳ
1545 4863 1727 4913 πύλαι

170 4947 465 5006 θανάτου;
504 4945 760 5012 πυλωροὶ
791 4944 1031 5018 δὲιάδου
1070 4943 1297 5008 ἰδόντες
1328 4959 1401 4995 σε
1431 4943 1726 5009 ἕπτηξαι·;

175 5030 313 5087 Ἔτι,
345 5024 566 5091 Ἶίλθες
602 5027 698 5078 ἐπὶ
742 5027 1083 5094 θησαυροὺς
1127 5027 1345 5094 χιόνος,
1388 5027 1727 5093 θησαυροὺς

171 5111 234 5162 δὲ
269 5108 532 5179 χαλάζης
555 5108 851 5175 ἐώρακας;
885 5111 1075 5163 Πόθεν
1103 5109 1170 5163 δὲ
1210 5110 1590 5177 ἐκπορεύεται
1626 5109 1728 5162 πά-

172 5210 319 5260 χνη;
355 5193 446 5255 τίς
478 5191 544 5242 δὲ
579 5191 863 5258 ἡτοίμασε
907 5192 1058 5256 ὐετῷ
1095 5193 1292 5259 λάϐρῳ
1327 5194 1547 5258 ῥύσιν;
1585 5194 1724 5254 Ἔτι,

177 5278 266 5339 Τίς
304 5274 472 5326 ἐστιν
509 5272 682 5326 ὑετοῦ
732 5272 960 5340 πατήρ;
1003 5275 1102 5327 Ἕκ
1157 5276 1410 5342 γαστρὸς
1455 5274 1521 5325 δὲ
1567 5275 1726 5338 τίνος

170 5357 590 5423 ἐκπορεύσεται
619 5356 1030 5422 κρύσταλλος;
1059 5356 1383 5424 Πάχνηνδὲ
1402 5357 1470 5408 ἐν
1495 5357 1726 5423 οἰζρανῷ

172 5435 260 5486 καί
286 5433 528 5498 βώλους
547 5433 768 5500 δρόσου
793 5437 884 5498 τίς
907 5435 1140 5498 τέτοκε;
1165 5435 1529 5499 Καλέσειςδέ
1547 5435 1717 5502 νέφος

171 5514 357 5582 φωνῇ,
398 5515 495 5568 καί
546 5515 735 5583 τρόμῳ
793 5515 1008 5580 ὕδατος
1053 5516 1273 5585 λάϐρου
1329 5516 1726 5570 έπακούσεταί

230 5714 267 5776 ⁸,
283 5711 325 5762 Ε
345 5713 512 5762 Bibliis
529 5714 704 5776 supple
725 5713 810 5770 τήν
830 5715 1106 5776 συγγραφήν.

1224 375 1554 430 SYNOPSXS
1595 374 2004 434 SCRIPTURE
2047 379 2314 436 SACRAS.

3285 389 3396 446 368

1839 507 1994 557 σου;
2027 496 2395 562 Ἀποστελεῖς
2440 495 2767 563 κεραυνοὺς
2817 494 2913 547 καί
2968 492 3392 560 πορεύσονταις

1843 576 1935 637 Τίς
1971 575 2186 631 δέδωκε
2230 579 2505 646 γυναιξίν
2549 577 2898 645 ὑφάσματος
2944 575 3198 641 cog/ar;
3253 575 3394 638 Ἔτι.

1840 654 1938 720 Τίς
1977 658 2262 725 ἡτοίμασε
2296 661 2497 725 κόρακι
2521 657 2750 724 ,βοράν;
2790 655 3046 710 Νεοσσοὶ
3073 654 3181 723 γὰρ
3211 655 3396 709 αὐτοῦ

1835 735 1983 802 πρὸς
2007 738 2223 803 Κύριον
2249 738 2568 805 κεκράγασι
2613 737 3006 804 πλανώμενοι,
3035 734 3108 786 τὰ
3137 733 3274 786 σῖτα
3303 734 3394 799 ζη-

1835 817 2098 882 τοῦντες.
2130 820 2268 880 Ὅτι,
2296 818 2521 884 Πτέρυε
2545 818 2836 884 πετομένη
2858 815 3081 876 ἐλάσει,
3107 815 3214 868 ἐὰν
3243 818 3395 868 συλ-

1834 896 1986 963 λάϐῃ
2033 899 2212 951 άσιδα
2245 899 2342 951 καὶ
2382 897 2603 963 νῆσσα.
2650 898 2890 966 Ἀφήσει
2922 899 3007 960 εὶς
3058 895 3173 964 γῆν
3206 895 3278 948 τὰ
3311 895 3395 947 ὼά

1834 977 2036 1042 αὐτῆς.
2084 980 2217 1032 Ὅτε
2247 979 2658 1044 κατεσιώπησε
2695 977 2844 1043 αὐτῇ
2886 980 2917 1030 ό
2954 977 3096 1040 Θεὸς
3148 978 3391 1043 σοφίαν,

1835 1059 1929 1110 καὶ
1951 1061 2413 1128 καταγελάσεται
2437 1061 2641 1113 ἵππου.
2664 1060 2790 1120 Καὶ,
2817 1061 2915 1112 Ἐκ
2941 1057 3045 1124 τῆς
3062 1059 3394 1124 ἐπιστήμης

1833 1140 2088 1204 ἕστηκεν
2121 1142 2304 1208 ἱέραξ,
2337 1142 2462 1212 γὺψ
2490 1141 2558 1194 δὲ
2582 1143 2678 1194 ἐπί
2717 1140 2970 1205 νοσσιᾶς
2999 1140 3184 1193 αὑτοῦ
3223 1145 3394 1193 καθε-

1833 1222 1998 1286 σθείς
2028 1223 2337 1284 αὐλίζεται.

1907 1327 2025 1377 Ἔτι
2063 1327 2286 1396 ὲλάλησε
2329 1328 2530 1397 Κύριος
2563 1327 2639 1395 τῷ
2670 1325 2789 1379 Ἰώϐ
2820 1345 2832 1356 ·
2867 1325 2962 1389 Μὴ
3002 1323 3204 1391 κρίσιν
3246 1325 3394 1392 μετὰ

1833 1408 2039 1460 ἱκανοῦ
2069 1410 2310 1475 κρι’νῃς;
2339 1410 2602 1476 ἐλέγχων
2638 1407 2706 1459 δὲ
2751 1408 2896 1460 Θεὸν
2928 1405 3392 1472 ἀποκριθήσεται

1833 1488 2016 1556 αὑτῇ;
2050 1491 2303 1559 Ἐλάλησε
2344 1490 2461 1542 Ἰὼϐ
2485 1490 2562 1556 τῷ
2588 1489 2790 1558 Κυρίῳ,
2815 1490 2914 1549 ὅτι,
2958 1485 3096 1555 Ἐγὼ
3125 1489 3394 1554 κρίνομαι

1833 1573 2316 1638 νουθετούμενος,
2367 1573 2463 1623 καὶ
2511 1571 2774 1638 ἐλέγχων
2826 1570 3082 1636 Κύριον,
3137 1569 3389 1621 ἀκούων.

1845 1651 2098 1721 Ἐλάλησε
2138 1652 2336 1722 Κύριος
2377 1651 2510 1722 πρὸς
2544 1651 2662 1704 Ἰὼϐ
2708 1653 2771 1703 ὲκ
2807 1649 2896 1702 τοῦ
2927 1651 3115 1716 νέφους
3147 1649 3392 1717 δεύτερον

1831 1735 2183 1803 ἐμφανισθεὶς
2225 1735 2372 1805 [575]
2403 1733 2584 1803 αὐτῷ·
2625 1732 2818 1786 Ζῶσαι
2858 1731 3056 1798 ὥσπερ
3096 1731 3247 1797 ἀνὴρ
3278 1730 3391 1796 τὴν

1832 1819 2030 1885 ὀσφύν
2046 1831 2182 1871 σου.
2223 1818 2530 1885 Ἐρωτήσω
2550 1818 2615 1870 δέ
2632 1832 2724 1879 σε,
2744 1817 2824 1870 σὺ
2848 1817 2911 1870 δέ
2938 1834 3035 1884 μοι
3054 1816 3386 1882 ἀπόκριναι.

1830 1899 2001 1965 Λόγος
2023 1901 2225 1968 Κυρίου
2252 1915 2266 1929 ο
2302 1900 2677 1969 Όμολογήσω
2708 1902 2818 1967 ἀρα
2842 1899 2928 1952 ὅτι
2951 1900 3197 1952 δύναται
3225 1898 3262 1963 ἠ
3298 1897 3392 1950 δε-

1831 1980 1928 2044 ξιά
1957 1995 2073 2033 σου
2113 1979 2375 2052 [σῶσαι].
2427 1983 2607 2034 Ἀλλὰ
2637 1981 2711 2048 δὴ
2741 1981 2868 2033 ίδοὺ
2895 1981 3067 2048 θηρία
3105 1979 3261 2045 παρὰ
3291 1978 3392 2032 σοι

1830 2064 2048 2130 χόρτον
2063 2062 2166 2113 ῑσα
2185 2062 2743 2117 Βουσὶνέσθίουσιν.
2784 2062 2850 2115 Ἦ
2873 2061 2939 2113 δὲ
2969 2061 3217 2127 δύναμις
3232 2058 3391 2123 αὐτῷ

1829 2139 1926 2190 ἐπὶ
1960 2139 2229 2206 ὀμφαλοῦ
2256 2141 2525 2207 γαστρός.
2565 2141 2861 2205 Ἔστησεν
2892 2139 3074 2204 οὐρὰν
3092 2138 3171 2199 ώς
3204 2136 3391 2188 κυπά-

1823 2234 2066 2287 ρισσον.
2101 2223 2168 2274 Αἱ
2193 2221 2445 2289 πλευραί
2486 2221 2692 2284 αὐτοῦ,
2733 2220 2983 2284 πλευραὶ
3015 2219 3318 2286 χάλκειαι·
3347 2217 3387 2281 ἡ

1829 2302 1896 2353 δὲ
1913 2301 2083 2370 ῥάχις
2112 2303 2293 2356 αὐτοῦ
2323 2302 2572 2368 σίδηρος
2602 2302 2802 2369 χυτός.
2841 2302 2908 2353 ’Υ
2907 2301 2983 2353 πὸ
3013 2300 3079 2353 δὲ
3107 2298 3298 2352 πάντα
3318 2301 3390 2351 τὰ

1829 2384 2043 2453 δένδρα
2071 2384 2358 2453 κοιμᾶται.
2393 2384 2578 2448 Ἀξεις
2598 2384 2684 2445 δέ,
2714 2383 2863 2451 φησὶ,
2896 2381 3112 2435 λέοντα
3133 2381 3200 2433 ἐν
3227 2381 3390 2450 ἀγκί-

1829 2484 2016 2533 στρῳ⁸
2060 2466 2399 2533 περιθήσεις
2430 2465 2498 2517 δὲ
2529 2466 2816 2533 φορϐαίαν
2834 2463 2960 2531 περὶ
2985 2464 3099 2528 τὴν
3119 2463 3257 2528 ῥῖνα
3284 2463 3390 2514 αὑο

1829 2548 1954 2601 τοῦ.
1996 2546 2124 2601 Πᾶν
2166 2548 2234 2599 δὲ
2281 2545 2518 2600 πλωτὸν
2550 2545 2851 2600 συνελθὸν
2889 2547 2960 2598 οὐ
2984 2544 3069 2613 μὴ
3099 2543 3386 2611 ἐνέγκωσι

1823 2632 2067 2698 ,βύρσαν
2093 2630 2238 2698 μίαν
2264 2628 2443 2697 οὐρᾶς
2471 2628 2655 2681 αὑτοῦ
2718 2627 2958 2696 Ἡγεῐται
2987 2626 3101 2695 μὲν
3136 2625 3387 2692 σίδηρον

1829 2713 2042 2780 ἄχυρα,
2084 2711 2315 2779 χαλκὸν
2360 2711 2428 2764 δὲ
2467 2709 2670 2779 ὥσπερ
2694 2710 2883 2774 ξύλον
2913 2709 3158 2777 σαθρόν.
3187 2709 3270 2760 Οὐ
3298 2706 3385 2776 μὴ

1828 2793 2023 2861 τρώσῃ
2047 2793 2234 2846 αὐτὸν
2260 2794 2438 2857 τόξον
2466 2793 2766 2862 χάλκειον.

1901 2897 2043 2958 Ἕως
2067 2889 2189 2959 ὧοε,
2218 2897 2308 2948 καί
2337 2895 2609 2948 ἐπαύσατο
2634 2895 2811 2962 λέγειν
2839 2893 2957 2948 Ἰώϐ
2981 2910 2996 2925 ο
3028 2888 3169 2946 Οἶδα
3193 2890 3388 2947 πάντα

1829 2983 2105 3047 δύνασαι,
2137 2982 2421 3037 ἀδυνατεῖ
2442 2983 2507 3035 δέ
2536 2999 2632 3036 σοι
2664 2982 2860 3036 οὐδέν.
2897 2981 2993 3044 Τίς
3025 2978 3134 3048 γάρ
3161 2979 3332 3032 ἐστιν
3353 2979 3387 3031 ὁ

1829 3069 2107 3136 κρύπτων
2140 3084 2214 3120 σε
2251 3068 2534 3132 ,βουλήν;
2582 3069 2829 3136 ’Ἡγημαι
2875 3066 2943 3118 δὲ
2976 3063 3234 3133 ἐμαυτὸν
3271 3061 3386 3132 γῆν

1828 3156 1926 3206 καὶ
1970 3153 2220 3208 σποδόν.
2257 3153 2483 3221 Ἤλεγξε
2513 3153 2712 3223 Κύριος
2759 3152 2978 3220 Ἐλιφὰξ
3003 3151 3091 3203 τὸν
3123 3146 3382 3219 Θαιμανί-

1827 3259 1924 3312 την
1948 3285 1962 3309 ,
1997 3243 2078 3295 ὅτι
2118 3243 2330 3311 ἥμαρτε
2375 3241 2533 3304 αὐτὸς
2565 3242 2656 3294 καὶ
2683 3242 2731 3293 οί
2774 3239 2865 3292 δύο
2900 3239 3039 3308 φίλοι
3070 3237 3231 3291 αὑτοῦ
3253 3279 3267 3301 ,
3304 3238 3386 3292 ὅτι

1827 3331 1928 3383 οὐκ
1964 3330 2224 3400 ὲλάλησεν
2259 3329 2486 3383 ἐνώπιον
2519 3329 2723 3398 Κυρίου
2768 3327 2993 3398 ἀληθὲς,
3037 3326 3158 3380 οὐδὲ
3200 3325 3387 3394 ῶσπερ

1829 3417 2078 3487 Θεράπων
2117 3416 2280 3470 αὑτοῦ
2323 3415 2462 3470 Ἰὼϐ.
2503 3415 2762 3467 Ἐνταῦθα
2799 3414 3021 3482 ίλασμὸς
3063 3412 3171 3468 τῶν
3215 3413 3386 3482 τριῶν

1829 3503 1995 3571 φίλων
2023 3504 2110 3555 διὰ
2142 3502 2258 3556 Ἰὼϐ
2286 3501 2376 3555 τοῦ
2410 3501 2595 3571 ἱερέως
2623 3500 2716 3553 τοῦ
2742 3498 2896 3552 Θεοῦ.
2933 3500 3019 3562 Ὠς
3045 3497 3247 3567 ηῦξησε
3269 3497 3352 3550 Κύ
3374 3528 3386 3537 -

1831 3607 1943 3657 ριος
1969 3589 2058 3641 τὸν
2104 3588 2220 3640 Ἰώϐ
2240 3605 2252 3618 ·
2281 3588 2573 3656 εὐξαμένου
2601 3587 2656 3638 δὲ
2687 3583 2849 3637 αὑτοῦ
2880 3585 2971 3636 καὶ
2997 3583 3125 3652 περ)⁸
3158 3583 3259 3636 τῶν
3293 3583 3387 3650 φί-

1829 3677 1934 3727 λων
1979 3674 2179 3737 αὑτοῦ,
2232 3675 2437 3744 ἀφῆκεν
2494 3674 2674 3734 αὐτοῖς
2707 3671 2904 3740 Κύριος
2958 3670 3250 3740 ἁμαρτίαν.
3299 3669 3386 3733 Ὡς

1830 3763 2063 3830 ἥκουσαν
2095 3762 2292 3823 πάντες
2325 3763 2386 3812 ἐκ
2415 3759 2507 3812 τοῦ
2539 3760 2726 3826 γένους
2761 3758 2877 3810 Ἰὼϐ
2901 3799 2914 3819 ,
2945 3759 3036 3811 καὶ
3059 3753 3220 3826 ἦλθον
3252 3755 3387 3826 πρὸς

1832 3849 2008 3911 αὑτὸν,
2037 3849 2126 3901 καὶ
2165 3847 2361 3916 ἔφαγον
2388 3847 2480 3899 καὶ
2509 3846 2657 3897 ἔπιον
2693 3846 2820 3914 παρ’
2852 3844 2998 3912 αὑτῷ
3016 3882 3029 3905 ,
3057 3844 3148 3897 καὶ
3177 3842 3387 3912 θαυμά-

1834 3951 2019 3997 σαντες
2049 3934 2208 3986 αὑτδν
2254 3933 2457 3985 ἔδωκαν
2509 3931 2655 4001 αὐτῷ
2685 3930 2912 3993 ἕκαστος
2965 3929 3177 3998 ἀμνάδα
3235 3931 3382 3997 μίαν,

1832 4019 1923 4071 καὶ
1977 4020 2381 4088 τετράδραχμον
2432 4015 2682 4086 χρυσοῦν.
2732 4016 2817 4076 Ὠς
2867 4015 3173 4083 γέγραπται
3225 4012 3387 4065 αὑτὸν

1830 4105 2221 4174 ἀναστήσεσθαι
2269 4103 2382 4172 μεθ’
2407 4096 2479 4154 ὧν
2529 4102 2557 4151 6
2587 4101 2786 4170 Κύριος
2837 4100 3133 4174 ἀνίστησιν.
3175 4099 3260 4151 Ἐν
3304 4091 3384 4161 οἷς

1831 4193 1923 4242 καὶ
1952 4193 1984 4260 ἠ
2015 4173 2241 4259 δύναμις
2271 4189 2456 4242 ἅπασα
2483 4187 2576 4240 τοῦ
2609 4187 2809 4256 βιϐλίου
2845 4173 3050 4274 Ἰώδ]

2299 4409 2485 4476 Σοφία
2513 4405 2916 4474 Σολομῶντος.

1898 4580 2066 4648 Σοφία
2117 4576 2455 4646 Σολομῶντος
2512 4575 2756 4628 καλεῖται
2788 4574 2846 4625 τὸ
2897 4571 3128 4640 βιϐλίον’
3162 4572 3251 4623 καὶ
3281 4570 3385 4640 γὰρ

1831 4667 2095 4721 καὶτοῦτο
2114 4705 2128 4726 ,
2177 4663 2332 4732 φασὶ.
2364 4660 2608 4732 Σολομὼν
2636 4663 2781 4712 ἐστιν
2828 4661 2855 4710 ὁ
2889 4653 3118 4729 γράψας.
3149 4657 3300 4708 Ἔστι
3330 4657 3384 4709 δὲ

1829 4756 1886 4806 ἐν
1929 4751 2072 4821 αὑτῷ
2100 4749 2408 4802 διδασκαλία
2455 4746 2831 4814 δικαιοσύνης,
2864 4745 2957 4797 καὶ
3000 4743 3062 4796 τὸ
3105 4743 3387 4812 γνωρίζειν

1828 4840 1951 4902 τούς
2003 4855 2062 4889 τε
2107 4835 2337 4904 φαύλους
2376 4833 2570 4905 ἄνδρας
2621 4833 2712 4885 καὶ
2745 4831 2868 4893 τοὺς
2908 4830 3262 4892 σπουδαίους,
3294 4829 3386 4880 καὶ

1832 4923 2131 4996 προφητεία
2179 4922 2304 4992 περὶ
2333 4920 2585 4992 Χριστοῦ.
2625 4919 2734 4972 Καὶ
2759 4919 2839 4970 ὅτι
2872 4915 3048 4984 πολλῷ
3095 4916 3239 4982 πόνῳ
3292 4915 3386 4965 καὶ

1829 5011 1974 5080 πόθῳ
1999 5007 2350 5078 κατορθοῦται
2376 5006 2552 5074 σοφία.
2583 5007 2705 5057 Ἔτι
2733 5004 2788 5056 δὲ
2830 5004 2920 5056 καὶ
2954 5000 3266 5070 φυσιολογία
3293 5014 3387 5068 με·

1831 5098 1955 5169 ρική
1979 5115 1992 5128 ⁸
2032 5096 2125 5148 καὶ
2174 5093 2312 5146 κατὰ
2342 5091 2569 5146 εἰδώλων
2602 5093 2696 5144 καὶ
2729 5091 2835 5142 τῶν
2874 5088 3011 5141 αὐτὰ
3056 5085 3384 5154 γλυφόντων,

1830 5185 1921 5236 καὶ
1965 5183 2022 5234 ὲν
2073 5182 2252 5241 αὐτοῖς
2307 5178 2632 5241 ἐλπιζόντων
2659 5216 2673 5241 ,
2720 5178 2810 5230 καὶ
2858 5174 3255 5243 λατρευόντωνο
3293 5173 3382 5224 καὶ

1832 5269 1995 5337 ὕμνος
2060 5267 2155 5319 σὺν
2231 5266 2609 5336 ἐξομολογήσει
2668 5263 2771 5316 τῶν
2840 5258 3217 5329 γεγενημένων
3275 5261 3383 5320 τοῖς

1842 5354 2194 5426 Ἰσραηλίταις
2222 5352 2534 5422 θαυμασίων
2561 5349 2786 5401 ἐνώπιον
2817 5348 2922 5400 τῶν
2953 5344 3157 5414 ἐχθρῶν
3185 5343 3383 5407 αὐτῶν,

1828 5441 1980 5511 παρὰ
2008 5441 2100 5494 τοῦ
2127 5440 2280 5493 Θεοῦ.
2313 5439 2376 5490 'H
2410 5439 2503 5506 μὲν
2532 5431 2624 5488 οὖν
2649 5434 2876 5504 περιοχὴ
2901 5431 2992 5484 τοῦ
3032 5430 3231 5500 βιϐλίου
3261 5427 3385 5480 τοῦ-

1825 5548 1914 5584 τον
1945 5530 2053 5599 ἔχει
2085 5527 2175 5580 τὸν
2217 5526 2434 5596 τρόπον.
2478 5523 2540 5574 Ἡ
2578 5523 2634 5574 δὲ
2658 5518 3126 5588 άνακεφαλαίωσίς
3154 5517 3297 5567 ἐστιν
3325 5514 3386 5566 ὲν

1826 5615 2049 5678 τούτοις.
2092 5614 2178 5665 Ἐν
2207 5611 2508 5681 προοιμίοις
2563 5608 2661 5677 μὲν
2713 5606 2991 5676 προτροπὴ
3047 5599 3251 5654 δικαίου
3306 5600 3385 5662 εἱς

1831 5701 2158 5765 θεοσέϐειαν,
2189 5699 2282 5752 καὶ
2311 5697 2524 5766 ἔλεγχος
2554 5693 2778 5754 ἀσεϐοῦς
2813 5692 3146 5760 βλασφήμου.
3175 5685 3268 5754 Μὴ
3291 5683 3385 5752 (7}-
