4152 6324
770 356 883 413 369

767 468 881 520 ,που
906 465 1035 538 γάρ,
1068 469 1200 540 φησὶ
1223 510 1238 535 ,
1287 469 1425 536 τοὺς
1462 470 1878 538 ἀντιχρίστους
1900 509 1914 532 ,
1959 468 2171 534 οἵτινές
2202 469 2320 521 εἰσι

769 549 1022 618 θάνατος
1072 553 1246 606 Πόθεν
1292 555 1340 606 οἰ
1371 554 1585 617 ἀσεϐεῖς
1631 554 1721 606 ἐπὶ
1757 553 1834 622 τῷ
1881 553 2188 623 σταυρῶσαι
2230 551 2322 604 τὸν

771 635 976 708 Κύριον
1003 637 1098 706 τῆς
1118 637 1273 706 δόξης
1307 634 1468 707 ἦλθον
1487 678 1501 701 ,
1534 639 1621 690 τὸν
1651 638 1816 690 αἰῶνα
1861 638 2047 690 τοῦτον
2098 636 2324 706 προκρί-

770 737 975 783 ναντες.
1005 722 1120 775 Ὅτι
1145 725 1238 776 καὶ
1265 725 1388 786 τοὺς
1432 724 1757 784 ἀποστόλους
1787 723 2011 786 ἐδίωξαν
2052 723 2145 774 καὶ
2182 721 2323 773 ἀπέ-

771 822 1004 860 κτειναν.
1024 807 1146 859 ’Ὁτι
1172 808 1309 868 τινὲς
1327 807 1535 859 ἔσονται
1562 809 1610 858 οί
1633 806 2031 871 ἐξουθενοῦντες
2053 806 2140 859 τὸν
2163 806 2324 876 νόμον

771 888 864 940 τοῦ
885 890 1106 960 Κυρίου,
1135 892 1227 943 καὶ
1250 891 1390 954 τινὲς
1417 893 1464 943 οἰ
1494 891 1850 958 ὑποταγέντες
1875 888 2037 958 αύτῷ.

843 976 962 1029 Ὅτι
989 977 1104 1030 οὐδὲ
1137 977 1369 1045 πλήθους
1409 977 1739 1030 ἀσεϐούντων
1772 978 1850 1036 εἰς
1880 977 2111 1046 Χριστὸν
2141 975 2320 1043 φείσε-

771 1078 860 1112 ται
909 1065 936 1114 6
972 1061 1121 1124 Θεός.
1168 1062 1314 1123 Ἐνὸς
1359 1063 1465 1131 γὰρ
1493 1062 1696 1114 δικαίου
1741 1061 2082 1122 πιστεύοντος
2106 1060 2324 1130 Χριστῷ

774 1146 923 1215 μέλει
949 1145 1024 1216 τῷ
1048 1146 1162 1216 Θεῷ
1181 1186 1194 1208 ,
1223 1147 1322 1198 κᾶν
1349 1148 1464 1208 νέος
1487 1146 1748 1218 ἀποθάνῃ.
1779 1144 1976 1213 Γῆρας
2003 1148 2110 1213 γὰρ
2132 1148 2326 1214 τίμιον

771 1234 842 1285 οὐ
880 1233 945 1284 τὸ
980 1234 1400 1299 πολυχρόνιον.
1436 1234 1498 1284 Εἰ
1552 1233 1644 1285 καὶ
1695 1231 1892 1301 ἀσεϐὴς
1940 1231 2190 1298 τελευτὴν
2231 1229 2322 1282 τοῦ

771 1315 913 1389 [574]
935 1316 1268 1379 πιστεύοντος
1279 1318 1320 1368 Χ
1332 1317 1493 1387 ριστῷ
1509 1316 1872 1379 ἐξουθένωσεν,
1889 1317 1999 1370 ἀλλ’
2017 1316 2323 1382 ἐκλέγονται

771 1400 878 1454 ἀπὸ
917 1401 1168 1470 Χριστοῦ.
1201 1403 1263 1453 Ol
1294 1401 1506 1463 ἀσεϐεῖς
1538 1401 1715 1470 ἀτίμῳ
1743 1400 1991 1470 πτώματι
2025 1400 2323 1470 παραδοθή-

775 1503 975 1547 σονται,
995 1489 1083 1538 καὶ
1107 1487 1312 1558 μεγάλῃ
1333 1487 1506 1556 κρίσει
1527 1487 2021 1557 καταϐληθήσονται
2038 1487 2084 1539 οἱ
2101 1486 2322 1538 διῶκται

771 1573 877 1625 τῶν
918 1573 1010 1625 τοῦ
1045 1573 1275 1644 Χριστοῦ
1300 1573 1496 1627 δούλων
1519 1614 1532 1638 ,
1564 1574 1622 1624 ἐν
1647 1576 1711 1643 τῇ
1748 1575 1956 1644 κρίσει,
1995 1573 2189 1634 ἰδόντες
2226 1571 2323 1641 τὴν

770 1654 924 1720 δόξαν
956 1655 1118 1708 αὐτοῦ
1149 1655 1241 1707 xal
1273 1655 1448 1708 αὐτῶν
1474 1696 1488 1720 ,
1537 1657 1631 1707 καὶ
1685 1656 1906 1716 ἑαυτοὺς
1952 1655 2029 1717 εἰς
2082 1654 2318 1706 κόλασιν.

774 1734 893 1787 Ὀτι
921 1737 948 1787 ό
997 1736 1220 1798 πλοῦτος
1251 1736 1384 1806 μετά
1414 1736 1723 1798 ἀλαζονείας
1767 1735 2130 1805 συμϐέϐληται
2171 1737 2319 1805 ήμῖν.

769 1814 867 1879 Τίς
916 1816 1050 1887 ὀργὴ
1097 1817 1204 1869 τῶν
1236 1818 1568 1871 ἀσεϐούντων
1617 1819 1694 1880 εἰς
1731 1816 1981 1884 Χριστόν.
2014 1816 2322 1886 Προτροπαὶ

769 1904 880 1962 τοῖς
909 1903 1129 1973 ἄρχουσι
1163 1902 1254 1955 τοῦ
1296 1903 1508 1974 Ἰσραὴλ
1534 1943 1548 1966 ,
1585 1903 1722 1956 ὥστε
1764 1901 2034 1954 πιστεύειν
2065 1901 2281 1971 Χριστῷ
2303 1918 2317 1931 ·

769 1987 967 2058 μᾶλλον
991 1988 1045 2040 δὲ
1074 1988 1368 2058 παράθεσις
1389 1992 1499 2051 τοῖς
1519 1990 1742 2058 ἄρχουσι
1769 1989 1866 2057 τῆς
1894 1987 2181 2057 καθολικῆς
2209 1987 2323 2039 Ἐκ-

767 2073 993 2143 κλησίας
1017 2112 1030 2138 ,
1071 2073 1184 2136 πῶς
1223 2075 1408 2144 ἄρχειν
1459 2074 1568 2138 δεῖ,
1609 2073 2043 2144 ἀποστραφέντος
2090 2072 2317 2126 ἐκείνου.

769 2159 864 2222 Τίς
886 2162 917 2230 ή
955 2161 1131 2228 σοφία,
1165 2162 1192 2214 ό
1214 2161 1336 2223 Υἱὸς
1358 2161 1450 2213 τοῦ
1473 2162 1625 2215 Θεοῦ.
1649 2164 1757 2215 Καὶ
1787 2163 1900 2225 πῶς
1931 2164 1958 2214 6
1985 2162 2154 2228 Λόγος
2186 2161 2319 2231 σὰρξ

767 2243 956 2311 γέγονε
978 2286 992 2308 ,
1019 2246 1111 2297 καὶ
1136 2247 1438 2314 ἐσκήνωσεν
1462 2249 1516 2299 ἐν
1543 2249 1691 2316 ἡμῖν.
1719 2249 1837 2300 Ὀτι
1879 2245 2031 2314 κάγὼ
2064 2249 2322 2315 ὁμοιοπα-

766 2328 864 2398 θὴς
891 2330 1017 2398 ὑμῖν
1041 2329 1115 2382 ῶν
1143 2331 1425 2400 ἄνθρωπος
1458 2334 1520 2384 ἐκ
1545 2332 1841 2393 κελεύσεως
1864 2331 1997 2384 Θεοῦ
2030 2333 2319 2383 πεπαίδευ-

767 2433 884 2485 μαι.
918 2418 1050 2488 Περί
1075 2417 1306 2488 Χριστοῦ
1325 2435 1340 2450 ο
1376 2422 1446 2488 τῇ
1483 2419 1642 2490 σοφίᾳ
1668 2419 1758 2472 τοῦ
1787 2419 1920 2471 Θεοῦ
1948 2459 1963 2481 ,
1995 2421 2075 2472 ὅτι
2101 2420 2318 2472 πάντων

765 2501 862 2572 τὴν
905 2503 1100 2569 γνῶσιν
1127 2503 1182 2567 ἐξ
1213 2505 1378 2572 αὐτῆς
1405 2504 1590 2573 ἔσχον·
1636 2507 1730 2556 Ἑν
1776 2507 1886 2572 γὰρ
1935 2505 2082 2572 χειρὶ
2136 2505 2318 2559 αὐτοῦ

767 2589 864 2641 καί
891 2589 1058 2656 ἡμεῖς
1082 2590 1179 2643 καὶ
1210 2593 1261 2642 οί
1287 2591 1450 2658 ,λόγοι
1490 2590 1674 2658 ἡμῶν.
1699 2591 1792 2652 Τίς
1816 2593 1847 2660 ή
1881 2591 2057 2659 σοφία,
2082 2591 2174 2644 κα)⁸
2204 2592 2318 2655 πῶς

764 2676 845 2735 εἰς
879 2673 1192 2744 ἀνθρώπους
1224 2671 1371 2745 ἦλθε.
1404 2678 1520 2730 Μία
1551 2677 1660 2744 γὰρ
1704 2672 1861 2730 οὖσα
1908 2677 2101 2730 πάντα
2128 2677 2320 2730 δύνα-

765 2776 878 2820 ται,
911 2760 1006 2813 καί
1030 2759 1297 2828 μένουσα
1322 2761 1391 2812 ἐν
1418 2761 1569 2829 αὐτῇ
1596 2762 1666 2815 τὰ
1699 2760 1891 2814 πάντα
1919 2762 2173 2822 καινίζει.
2210 2763 2318 2833 Τὴν

769 2845 978 2912 σοφίαν.
1001 2847 1180 2914 φησὶν,
1203 2847 1265 2898 ἐκ
1294 2847 1538 2915 νεότητος
1561 2847 1789 2916 φιλήσας
1812 2885 1826 2908 ,
1850 2847 2026 2899 πάντα
2046 2847 2114 2898 τὰ
2142 2847 2320 2914 ἀγαθά

764 2928 826 2992 ἐξ
870 2931 1036 3000 αὐτῆς
1079 2931 1232 3000 ἔσχον
1281 2932 1514 3000 σαρκικὰ
1555 2932 1648 2985 καὶ
1700 2933 2057 3002 πνευματικά.
2095 2933 2218 2987 ’Ότι
2260 2933 2321 2987 τὸ

767 3017 990 3086 μέγεθος
1023 3018 1116 3086 τῆς
1163 3018 1351 3085 σοφίας
1403 3018 1650 3085 ἐγνωκὼς
1707 3021 1949 3090 ἐνέτυχον
1996 3021 2072 3090 τῷ
2110 3021 2316 3092 Κυρίῳ,

763 3101 905 3155 ὥστε
933 3120 1020 3171 μοι
1051 3102 1265 3172 δοθῆναι
1311 3104 1370 3158 τὸ
1425 3105 1575 3171 ἅγιον
1619 3106 1840 3175 Πνεῦμα
1871 3107 1930 3158 τὸ
1980 3105 2209 3176 φωτίζον
2251 3124 2318 3176 με

764 3188 892 3256 περὶ
945 3189 1130 3259 αὐτῆς.
1166 3191 1273 3242 Καὶ
1329 3191 1620 3260 ἐπέμφθη,
1680 3192 1763 3244 ἵνα
1816 3193 2148 3263 συγκοπιάςῃ
2207 3211 2315 3263 μοι.

763 3275 1046 3342 Λογισμοὶ
1092 3277 1196 3346 γὰρ
1227 3275 1455 3343 θνητῶν
1476 3278 1682 3332 δειλοί.
1708 3280 1839 3349 Περὶ
1866 3280 1972 3332 τῶν
2019 3280 2192 3350 ἔργων
2223 3280 2320 3350 τῆς

768 3361 976 3430 σοφίας.
1012 3362 1130 3425 Πῶς
1153 3364 1242 3414 τὸν
1276 3364 1691 3433 πρωτόπλαστον
1722 3365 2054 3433 διεφύλαξεν,
2095 3366 2154 3429 ἐξ
2182 3368 2318 3419 ὅσων

763 3448 948 3500 κακῶν
989 3448 1146 3512 σώζει
1170 3449 1292 3510 τοὺς
1311 3449 1658 3513 πιστεύοντας
1691 3452 1835 3521 αύτῷ
1856 3451 1883 3502 6
1914 3451 2044 3514 Θεὸς
2063 3491 2076 3512 ,
2102 3453 2194 3504 καί⁵
2219 3453 2318 3504 ὅσα

764 3530 944 3598 ἀγαθά
969 3532 1210 3602 παρέχει.
1235 3527 1356 3586 Οίον
1377 3534 1469 3585 τὸν
1488 3534 1632 3597 Νῶε,
1655 3535 1744 3588 τὸν
1772 3536 2037 3605 Ἀϐρααμ,
2063 3536 2153 3589 τὸν
2175 3537 2316 3599 Λὼτ,

762 3617 853 3668 τὸν
893 3617 1115 3680 Ἰακὼϐ,
1159 3619 1248 3670 τὸν
1292 3618 1518 3687 Ἰωσὴφ,
1547 3621 1672 3682 τοὺς
1721 3621 2086 3691 Ἰσραηλίτας,
2121 3622 2212 3685 οὓς
2254 3625 2317 3676 ἐκ

762 3701 942 3771 χειρός
973 3703 1080 3753 τῶν
1107 3704 1409 3770 Αἰγυπτίων
1439 3706 1763 3775 ἐξερρύσατο
1799 3708 1884 3761 διὰ
1913 3709 2152 3772 Μωσέως
2177 3749 2191 3771 ,
2224 3711 2317 3762 καὶ

763 3789 830 3840 ἐκ
868 3789 1066 3856 πέτρας
1107 3789 1405 3859 ἀκροτόμου
1443 3792 1595 3860 ἐδόθη
1621 3794 1798 3856 αὐτοῖς
1826 3793 1985 3865 ὕδωρ.
2023 3797 2108 3858 Ὠς
2133 3799 2243 3859 τοῖς
2272 3796 2314 3860 ζ’

762 3874 971 3926 ἔθνεσιν
1022 3875 1302 3927 ἀπέστειλε
1351 3880 1587 3946 σφῆκας,
1632 3877 1975 3951 μακροθυμίᾳ
2012 3881 2067 3932 δὲ
2105 3881 2318 3950 χρώμε-

763 3977 852 4022 νος
877 3999 891 4022 ,
928 3962 1018 4012 καὶ
1051 3961 1258 4025 τούτοις
1303 3963 1467 4015 ἐδίδου
1495 3964 1655 4016 τόπον
1693 3967 1974 4034 μετανοίας
1995 4004 2011 4028 ,
2051 3969 2316 4022 παιδεύων

757 4047 850 4100 διά
879 4047 1078 4100 τούτων
1105 4048 1192 4101 τὸν
1230 4049 1356 4102 λαὸν
1389 4046 1528 4103 εἰναι
1561 4051 1949 4121 φιλάνθρωπον.
1981 4054 2133 4107 Κατά
2173 4072 2315 4108 στοι-

761 4133 1090 4202 χειολατρῶν
1117 4172 1130 4193 ,
1168 4135 1479 4205 βατράχων,
1521 4138 1741 4207 σφηκῶν
1767 4177 1780 4200 ,
1828 4139 1977 4208 μυῶν
2000 4181 2014 4203 ,
2058 4142 2311 4211 ἀκρίδων,

764 4219 1021 4287 σκνιφῶν,
1053 4219 1246 4288 ὄφεων.
1274 4222 1426 4274 Κατά
1460 4224 1869 4292 εἰδωλολατρῶν,
1896 4228 1958 4278 ἐκ
1993 4229 2186 4295 χρυσοῦ
2223 4230 2315 4281 καὶ

759 4305 1024 4377 ἀργύρου,
1065 4307 1096 4376 ἢ
1127 4307 1304 4372 λίθων,
1348 4309 1379 4380 ἢ
1411 4309 1578 4373 ξύλων
1617 4311 1843 4363 εἰδώλων
1874 4317 2314 4384 κατεσκευασμέ-

761 4408 886 4444 νων.
920 4394 1039 4444 Ὂτι
1075 4394 1189 4445 ἐστὶ
1221 4396 1460 4463 σωτηρία
1503 4395 1591 4447 διά
1621 4395 1774 4459 ξύλου
1823 4399 1934 4460 τοῖς
1980 4400 2309 4454 πιστεύουσι.

760 4477 844 4528 Τά
875 4479 1000 4547 περὶ
1031 4479 1139 4530 τῶν
1172 4480 1542 4543 εἰδωλοποιῶν,
1567 4481 1597 4551 ἢ
1634 4482 2057 4552 ζωγραφούντων
2102 4486 2310 4543 εἴδωλα.

765 4564 898 4633 Περὶ
928 4564 1138 4617 πάντων
1166 4565 1272 4618 τῶν
1306 4566 1488 4618 κακῶν
1519 4568 1623 4619 τῶν
1643 4569 1698 4619 ἐν
1721 4569 2145 4640 εἰδωλολατρεία.
2183 4571 2318 4641 Περὶ

761 4651 989 4712 ἀσεϐοῦς
1016 4651 1307 4722 θρησκείας
1325 4693 1338 4716 ,
1364 4654 1454 4706 καὶ
1481 4654 1579 4706 ὅσα
1607 4654 1663 4705 ἐν
1690 4655 1822 4726 αὐτῇ
1861 4656 2020 4709 κακά.
2053 4657 2185 4728 Περὶ
2220 4658 2311 4710 τοῦ

767 4737 1070 4806 κεραμέως,
1094 4738 1313 4791 καὶτῶν
1335 4739 1646 4810 κεραμικῶν
1666 4740 1913 4794 εἰδώλων.
1942 4743 2075 4813 Περὶ
2100 4744 2314 4798 πάντων

763 4821 871 4874 τῶν
917 4821 1146 4874 εἰδώλων
1191 4823 1287 4891 τῆς
1341 4825 1446 4876 τῶν
1493 4826 1656 4878 ἐθνῶν
1709 4827 1975 4898 λατρείας.
2028 4831 2158 4900 Περὶ
2208 4830 2315 4882 τῶν

763 4906 1025 4975 ἐχθίστων
1057 4907 1208 4970 ζώων
1230 4948 1244 4970 ,
1268 4909 1440 4976 ὄφεων
1465 4951 1478 4973 ,
1508 4910 1796 4981 αἰλούρων,
1832 4913 1923 4964 καὶ
1960 4913 2065 4964 τῶν
2093 4916 2313 4984 ὁμοίων.

767 4992 892 5043 ’Ότι
921 4993 1279 5062 εὐηργέτησεν
1304 4997 1330 5047 6
1349 4995 1476 5056 Θεὸς
1499 4996 1586 5047 τὸν
1620 4998 1831 5066 Ἰσραὴλ
1882 4999 1999 5050 ἀντὶ
2033 4999 2314 5071 βατράχων

763 5079 1189 5148 όρτυγομήτραν.
1223 5081 1343 5132 Ὅτι
1389 5082 1480 5132 καὶ
1513 5083 1601 5133 ἐπὶ
1630 5083 1900 5152 δήγματος
1933 5085 2106 5153 ὄφεων
2140 5103 2313 5157 σωτη-

768 5163 858 5233 ρία
885 5162 975 5215 τοῦ
1004 5164 1131 5216 λαοῦ
1165 5181 1257 5216 σου
1303 5165 1368 5218 δι’
1395 5166 1566 5232 ὄφεως
1623 5167 1818 5236 χαλκοῦ
1852 5173 2261 5241 ἐσταυρωμένου
2295 5190 2309 5204 ·

763 5251 886 5310 τοὺς
912 5248 967 5299 δὲ
1003 5249 1223 5319 ἐχθροὺς
1254 5252 1428 5304 αὐτῶν
1464 5251 1528 5304 δι’
1551 5252 1724 5321 ὄφεων
1765 5255 1856 5307 καὶ
1889 5257 2034 5324 μυῶν
2064 5259 2313 5312 ἀπέκτει-

765 5350 874 5386 νεν.
904 5334 1024 5386 Ὅτι
1069 5335 1311 5402 ἀγγέλων
1338 5337 1538 5407 τροφήν
1587 5338 1826 5408 ἐψώμισε
1872 5341 1964 5393 τὸν
2002 5342 2126 5395 λαὸν
2176 5346 2313 5413 πρὸς

766 5420 942 5472 πᾶσαν
977 5421 1165 5490 ήδονὴν
1196 5420 1494 5489 ἰσχύουσαν,
1531 5426 1621 5477 καὶ
1659 5424 1792 5494 πρὸς
1838 5427 2012 5478 πᾶσαν
2052 5430 2312 5498 ἁρμονίας

764 5503 967 5571 γεῦσιν.
1002 5507 1118 5558 ’Ότι
1143 5507 1379 5575 χάλαζαν
1404 5510 1715 5575 Αἰγυπτίοις
1746 5513 1878 5581 μετά
1904 5531 1971 5565 πυ
1984 5515 2070 5583 ρὸς
2103 5515 2310 5585 έπεμψε

765 5589 901 5658 πρὸς
943 5591 1232 5663 διαφθοράν
1278 5597 1646 5664 γεννημάτων.
1681 5598 1797 5650 ’Ότι
1844 5603 1954 5662 τοῖς
2000 5601 2310 5666 Αἰγυπτίοις

767 5673 971 5743 ἔπεμψε
1005 5677 1317 5748 ψηλαφητδν
1351 5683 1567 5745 σκότος,
1604 5683 1695 5734 καὶ
1734 5683 1800 5736 τὰ
1846 5685 1903 5736 ἐν
1931 5685 2077 5754 αὐτῷ
2116 5689 2284 5740 κακά·

1497 352 1556 409 S.
1593 351 1873 409 JOANNIS
1907 349 2390 411 CHRYSOSTOMI
2421 353 2740 412 ARCIIIEP.
2779 352 3325 410 CONSTANTINOP.

3879 364 3996 419 370

2426 471 2532 534 τοῖς
2561 471 2616 524 δὲ
2663 472 2828 534 ὁσίοις
2873 471 3037 524 αὑτοῦ
3075 470 3188 540 φῶς
3221 472 3279 523 ἐν
3331 467 3587 538 Αἰγύπτῳ
3612 506 3626 530 ,
3659 465 3752 520 καὶ
3807 465 3865 520 ἐν
3914 471 3984 539 τῇ

2421 555 2610 625 ἐρήμῳ
2639 557 2826 609 στῦλον
2858 556 3022 626 πυρός
3044 571 3057 585 ·
3086 556 3179 609 καὶ
3211 555 3329 608 ἀντὶ
3374 554 3470 623 μέν
3510 552 3736 608 θανάτου
3774 551 3986 622 νηπίων

2435 639 2647 710 Ἰσραὴλ
2673 680 2686 702 ,
2722 639 2828 692 τῶν
2854 640 3160 706 Αἰγυπτίων
3213 638 3567 709 πρωτοτόκων
3616 637 3842 698 θάνατος
3888 638 3984 691 καὶ

2423 725 2854 792 καταποντισμός
2877 743 2888 755 ·
2930 723 3079 796 [575]
3109 725 3224 778 ἀντὶ
3245 725 3302 778 δὲ
3341 723 3567 778 θανάτου
3603 723 3981 794 πρωτοτόκων,

2426 810 2665 879 σωτηρία
2705 811 2916 878 Ἰσραὴλ
2946 810 3010 861 δι’
3040 811 3268 879 αἵματος
3299 808 3588 879 προϐάτου.
3619 807 3725 861 Καὶ
3758 807 3852 859 ἐπὶ
3883 809 3982 876 μὲν

2425 893 2635 962 θανάτῳ
2663 894 2882 946 δικαίων
2916 896 2971 946 ἐν
3003 897 3189 964 ἐρήμῳ
3211 934 3224 957 ,
3267 893 3476 962 Ἀαρὼν
3523 893 3835 957 ἐξιλάσατο,
3868 894 3982 944 Κυ-

2428 980 2526 1049 ρίῳ
2572 980 3003 1048 προσευξάμενος
3041 981 3133 1032 καὶ
3186 980 3485 1048 θυμιάσας·
3529 979 3622 1030 ἐπὶ
3668 977 3723 1029 δέ
3767 977 3980 1046 θανάτῳ

2422 1066 2730 1133 Αἰγυπτίων
2764 1067 2819 1118 ἐν
2842 1061 3074 1135 Ἐρυθρᾷ
3125 1065 3392 1135 θαλάσσῃ,
3423 1064 3730 1132 ἀνελεήμων
3771 1063 3939 1131 θυμὸς
3961 1103 3978 1124 ,

2423 1153 2516 1202 τοῦ
2536 1152 2591 1203 δὲ
2613 1151 2739 1202 λαοῦ
2766 1150 3058 1220 παράδοξος
3088 1149 3377 1219 ὁδοιπορία.
3416 1148 3535 1200 Ὀτι
3561 1147 3646 1200 διὰ
3678 1147 3982 1216 μισοξενίαν

2425 1237 2620 1289 ἔπαθον
2642 1236 2808 1288 ταῦτα
2841 1238 2888 1287 οἰ
2918 1234 3215 1300 Αἰγύπτιοι,
3239 1234 3313 1296 ὡς
3339 1234 3429 1286 καὶ
3456 1235 3504 1286 οἰ
3532 1233 3830 1301 Σοδομῖται.
3858 1234 3980 1284 Ὀτι

2423 1323 2491 1376 τὰ
2519 1325 2754 1392 στοιχεῖα
2783 1323 3062 1375 ὑπόκειται
3091 1325 3154 1391 τῇ
3181 1322 3298 1392 θεία
3327 1321 3504 1391 κρίσει
3542 1319 3774 1390 Χριστοῦ
3800 1358 3814 1381 ,
3844 1319 3983 1389 πρὸς

2423 1410 2451 1461 ὃ
2486 1410 2729 1479 βούλεται
2757 1409 3122 1479 ῥυθμιζόμενα
3144 1448 3157 1470 ,
3187 1409 3260 1470 ὼς
3292 1408 3476 1478 χορδαὶ
3506 1407 3731 1474 κιθάρας
3778 1406 3852 1475 τῷ
3900 1424 3984 1459 κι-

2425 1493 2712 1565 θαρίζοντι.
2755 1495 2841 1546 Ἐν
2888 1489 2969 1556 οἷς
3006 1497 3151 1547 πᾶσα
3178 1493 3402 1562 δύναμις
3434 1493 3531 1562 τῆς
3577 1492 3774 1560 Σοφίας
3822 1492 3984 1546 Σολο-

2425 1582 2632 1652 μῶντος
2666 1581 2761 1645 τῆς
2791 1581 3090 1652 λεγομένης
3123 1581 3452 1652 Παναρέτου.

2830 1757 3133 1825 Παροιμίαι
3177 1756 3577 1826 Σολομῶντος.

2491 1877 2782 1948 Παροιμίαι
2816 1876 3150 1946 Σολομῶντος
3178 1877 3236 1930 τὸ
3269 1876 3475 1946 βιϐλίον·
3499 1876 3762 1940 καλεῖται,
3791 1878 3982 1948 ἐπειδὴ

2421 1964 2515 2017 καὶ
2554 1964 2754 2025 ταύτας
2784 1962 3029 2032 Σολομῶν
3075 1965 3217 2016 ἐστιν
3255 1964 3283 2014 6
3333 1962 3566 2033 λαλήσας
3593 1963 3687 2016 καὶ
3738 1963 3976 2033 γράψας.

2420 2045 2584 2112 Οὗτος
2621 2049 2676 2101 δὲ
2714 2049 3086 2117 διαδεξάμενος
3109 2048 3204 2118 τὴν
3236 2047 3507 2116 βασιλείαν
3535 2048 3696 2102 Δαυῖδ
3741 2049 3835 2101 τοῦ
3872 2065 3980 2102 πα-

2419 2137 2543 2204 τρὸς
2590 2134 2786 2197 αύτοῦ,
2827 2135 3026 2204 ηὔξατο
3075 2135 3148 2204 τῷ
3195 2133 3312 2203 Θεῷ
3352 2133 3534 2186 λαϐεῖν
3587 2134 3776 2202 σοφίαν
3839 2136 3980 2204 ὑπὲρ

2421 2220 2645 2273 πλοῦτον
2671 2263 2685 2286 ,
2722 2223 2813 2273 καὶ
2845 2222 2980 2291 ὑπὲρ
3023 2221 3228 2289 ἄμυναν
3276 2219 3499 2290 ἐχθρῶν.
3548 2219 3737 2272 Λαϐὼν
3775 2221 3981 2281 τοίνυν,

2421 2309 2513 2360 καὶ
2541 2309 2824 2378 γενόμενος
2856 2308 3014 2375 σοφὸς
3056 2307 3191 2376 ὑπὲρ
3229 2308 3434 2368 πάντας
3480 2307 3605 2369 τοὺς
3658 2307 3764 2377 πρὸ
3811 2307 3980 2359 αὐτοῦ

2420 2395 2512 2445 καὶ
2547 2395 2663 2462 μετ’
2697 2394 2855 2447 αὑτὸν
2885 2392 3201 2462 ἀνθρώπους
3225 2431 3238 2454 ,
3267 2391 3595 2460 θαυμασθείς
3611 2409 3669 2445 τε
3695 2394 3784 2445 ἐπὶ
3813 2395 3983 2446 πᾶσιν

2417 2474 2499 2542 οἷς
2532 2480 2749 2548 ἐποίησε
2782 2479 2876 2531 καὶ
2913 2480 3157 2548 ἐλάλησε,
3192 2478 3486 2548 τρισχιλίας
3534 2479 3629 2546 μὲν
3667 2478 3982 2548 παραϐολὰς

2420 2560 2512 2612 καὶ
2547 2561 2980 2629 πεντακισχιλίας
3009 2561 3149 2630 ᾠδὰς
3178 2559 3429 2629 ἐλάλησε·
3464 2560 3554 2612 καὶ
3592 2559 3981 2630 ἐφυσιολόγησε

2420 2647 2546 2716 περὶ
2591 2648 2803 2700 πάντων
2856 2648 2962 2698 τῶν
3009 2664 3069 2699 τε
3112 2649 3172 2699 ἐκ
3222 2646 3323 2715 γῆς
3362 2646 3679 2715 φυομένων,
3716 2647 3809 2699 καὶ
3849 2647 3984 2717 περὶ

2419 2734 2632 2786 πάντων
2660 2735 2763 2787 τῶν
2793 2733 2959 2797 ζώων.
2980 2733 3287 2802 Συνέγραψε
3312 2733 3388 2797 δὲ,
3420 2733 3493 2795 ώς
3529 2732 3626 2799 μέν
3655 2732 3793 2794 τινές
3822 2749 3980 2800 φασι,

2418 2819 2542 2888 τρία
2575 2821 2706 2889 μόνα
2738 2819 2935 2888 βιϐλία.
2976 2817 3143 2872 Τοῦτό
3172 2837 3250 2883 τε,
3281 2820 3373 2870 καὶ
3401 2820 3489 2871 τὸν
3527 2818 3976 2888 Ἐκκλησιαστὴν,

2421 2905 2597 2957 καὶτὸ
2629 2901 2816 2975 1’ᾼσμα
2859 2905 2964 2957 τῶν
3000 2907 3284 2975 ᾀσμάτων·
3312 2905 3385 2966 ὼς
3440 2904 3496 2956 δέ
3541 2920 3710 2966 τινες,
3749 2904 3842 2956 καὶ
3881 2904 3982 2974 τὴν

2421 2989 2618 3058 Σοφίαν
2644 2992 2741 3061 τὴν
2775 2990 3268 3059 ἀπογεγραμμένην
3299 2990 3394 3042 καὶ
3413 2988 3706 3057 λεγομένην
3733 2989 3983 3057 Πανάρεο

2419 3093 2508 3128 τον
2530 3093 2542 3106 ·
2575 3077 2799 3146 γνησίαν
2836 3079 2943 3147 γάρ
2976 3077 3138 3128 αὐτοῦ
3178 3078 3270 3130 καὶ
3299 3076 3498 3143 ταύτην
3537 3075 3781 3142 λέγουσιν
3815 3071 3982 3128 εἰναι.

2420 3158 2530 3210 Καὶ
2564 3157 2748 3210 τοῦτον
2788 3159 2883 3227 μὲν
2915 3158 3206 3227 Παροιμίαι
3245 3157 3566 3226 ἐπέγραψεν.
3621 3155 3738 3208 Εἰσὶ
3772 3157 3826 3208 δέ
3875 3173 3986 3208 πα-

2421 3239 2626 3309 ροιμίαι
2655 3241 2799 3306 λόγοι
2835 3241 3004 3308 σοφοὶ,
3033 3241 3107 3302 ὡς
3142 3239 3458 3308 αἰνίγματα,
3491 3237 3644 3291 ἅτινα
3671 3238 3852 3307 ἕτερον
3879 3239 3984 3306 μέν

2419 3338 2471 3373 τι
2510 3322 2728 3374 αὐτόθεν
2779 3323 3037 3390 δηλοῦντά
3078 3325 3260 3381 ἐστιν.
3313 3322 3493 3388 ἕτερον
3546 3321 3600 3373 δέ
3655 3321 3710 3372 ἐν
3752 3322 3984 3390 ὑπονοίᾳ

2420 3403 2854 3470 ἐπαγγέλλονται.
2890 3403 3008 3453 Τῶν
3042 3403 3096 3454 δὲ
3125 3403 3375 3455 τοιούτων
3421 3401 3556 3463 εἶδός
3602 3403 3736 3453 εἰσιν
3781 3403 3835 3454 αἰ
3879 3421 3986 3454 πα-

2421 3485 2648 3555 ροιμίαι.
2677 3483 2831 3536 υῦτω
2856 3485 2962 3552 γὰρ
2989 3484 3081 3535 καὶ
3103 3485 3150 3534 οἱ
3182 3484 3415 3553 μαθηταὶ
3442 3482 3534 3535 τοῦ
3562 3485 3762 3552 Κυρίου
3797 3483 3987 3550 λέγου-

2420 3582 2503 3619 σιν
2528 3568 2584 3618 ἐν
2612 3565 2686 3634 τῷ
2713 3566 2851 3618 κατὰ
2892 3566 3140 3634 Ἰωάννην
3161 3565 3493 3634 Εύαγγελίῳ,
3529 3564 3615 3616 ὅτε
3642 3563 3733 3616 τοῦ
3773 3565 3984 3632 Κυρίου

2419 3649 2586 3701 πολλὰ
2613 3649 2891 3719 εἰρηκότος
2915 3686 2929 3709 ,
2966 3649 3225 3717 πρότερον
3278 3647 3697 3716 ἐγκεκρυμμένῃ
3746 3647 3983 3716 διανοίᾳ,

2419 3729 2639 3800 ὕστερόν
2691 3748 2850 3798 φασιν
2899 3729 3073 3798 αὐτῷ’
3115 3730 3225 3782 Ἴδε
3265 3727 3379 3781 νῦν
3420 3729 3723 3796 παρῤηονίᾳ
3745 3729 3983 3794 λαλεῖς,

2417 3812 2514 3865 καί
2534 3813 2847 3880 παροιμίαν
2872 3811 3152 3877 οὐδεμίαν
3185 3809 3378 3877 λέγεις
3399 3825 3411 3839 ’
3437 3809 3510 3870 ὼς
3535 3809 3639 3861 τῶν
3671 3811 3986 3878 παροιμιῶν

2421 3896 2494 3964 μὴ
2519 3897 2580 3946 ἐκ
2605 3895 2856 3964 φανεροῦ,
2889 3892 3022 3945 ἀλλά
3055 3891 3445 3962 κεκρυμμένως
3467 3890 3784 3959 λεγομένων.
3821 3891 3985 3942 Ἐπεὶ

2416 3973 2508 4028 οὖν
2540 3978 2596 4027 ἐν
2627 3975 2702 4043 τῷ
2731 3975 2915 4044 βιϐλίῳ
2942 3973 3113 4043 τούτῳ
3137 3974 3369 4025 πλεῖστοι
3401 3971 3545 4039 λόγοι
3573 3971 3797 4024 τοιοῦτοί
3814 3974 3984 4037 εἰσιν,

2415 4057 2502 4110 διὰ
2521 4057 2675 4109 τοῦτο
2705 4056 3003 4126 Παροιμίας
3032 4054 3232 4123 ἔγραψε
3267 4055 3326 4122 (ί.
3349 4052 3642 4122 ἐπέγραψε)
3668 4052 3725 4103 τὸ
3750 4051 3980 4118 βιϐλίον.

2428 4137 2722 4207 Ὠνομάσθη
2767 4137 2821 4188 δὲ
2871 4138 3170 4206 παροιμία,
3219 4134 3402 4204 ἐπειδὴ
3438 4136 3586 4202 παρά
3625 4134 3800 4201 πάσης
3852 4134 3982 4186 ὀδοῦ

2415 4220 2728 4289 ἐγράφησαν
2753 4221 2800 4271 οί
2835 4219 3058 4270 τοιοῦτοι
3099 4219 3264 4284 λόγοι,
3307 4215 3438 4284 πρὸς
3467 4213 3746 4282 διόρθωσιν
3776 4217 3866 4266 καὶ
3900 4217 3982 4268 δι-

2414 4303 2706 4354 δασκαλίαν
2737 4300 2840 4353 τῶν
2871 4304 2926 4351 ἐν
2955 4303 3072 4360 ταῖς
3104 4300 3236 4360 όδοῖς
3269 4297 3657 4367 πορευομένων.
3688 4296 3840 4367 Παρὰ
3875 4298 3983 4360 τὰς

2413 4383 2564 4444 ὁδοὺς
2588 4383 2642 4433 δὲ
2693 4384 2987 4451 ἐγράφοντο
3013 4423 3026 4444 ,
3070 4381 3188 4432 ἐπεὶ
3223 4379 3295 4448 μὴ
3335 4379 3528 4439 πάντες
3575 4378 3805 4447 ἐχώρουν
3848 4381 3983 4443 τοὺς

2415 4464 2514 4532 τῆς
2544 4464 2792 4532 ἀληθείας
2818 4463 3037 4530 λόγους·
3090 4463 3173 4514 ἵνα
3205 4461 3303 4514 κᾶν
3347 4461 3674 4530 διερχόμενοι
3714 4462 3802 4512 καὶ
3849 4461 3981 4529 βλέ-

2416 4562 2604 4607 ποντες
2637 4546 2942 4614 διερευνῶσι
2994 4545 3061 4596 τά
3113 4543 3464 4613 γεγραμμένα
3491 4583 3504 4605 ,
3553 4545 3641 4596 καί
3667 4543 3802 4596 οὕτω
3835 4562 3976 4596 παι-

2413 4625 2671 4679 δεύωνται
2709 4629 2755 4677 οἰ
2797 4626 3088 4694 ἄνθρωποι.
3123 4625 3276 4687 Τινὲς
3318 4625 3444 4693 γοῦν
3482 4625 3746 4694 ὁρίζονται
3794 4625 3977 4689 αὑτὰς

2413 4707 2611 4770 οὕτως,
2647 4708 2795 4778 ῥῆμα
2829 4708 3079 4778 παρόδιον
3105 4708 3210 4760 ἀπό
3243 4724 3382 4769 τινος
3415 4706 3528 4768 ἐνὸς
3561 4711 3637 4768 εἰς
3671 4707 3833 4759 πολλά
3875 4724 3981 4776 με-

2412 4790 2902 4859 ταλαμϐανόμενον.
2951 4791 3133 4842 Ἔστιν
3187 4786 3276 4843 οὖν
3328 4791 3384 4840 ἐν
3429 4788 3504 4857 τῷ
3555 4789 3738 4858 βιϐλίῳ
3792 4791 3982 4859 τούτῳ

2415 4874 2611 4940 γνῶσις
2658 4872 2843 4938 σοφίας
2875 4873 2965 4923 καὶ
3006 4872 3279 4932 παιδείας,
3326 4871 3504 4940 νόησις
3556 4871 3722 4937 λόγων
3767 4874 3982 4940 φρονή-

2417 4972 2583 5015 σεως,
2613 4955 2838 5022 στροφαὶ
2881 4952 3070 5018 λόγων,
3117 4952 3452 5021 δικαιοσύνης
3494 4952 3721 5021 ἀληθοῦς
3745 4953 3939 5020 νόησις
3960 4991 3981 5016 ,

2414 5037 2651 5104 κρίματα
2671 5035 3034 5097 κατευθύνειν,
3066 5033 3214 5104 [576]
3244 5035 3334 5086 καὶ
3371 5035 3663 5101 ἐπαγγελία
3689 5033 3780 5086 τοῦ
3809 5037 3978 5098 γινώ-

2416 5136 2561 5170 σκειν
2588 5121 2648 5170 ἐκ
2674 5118 2874 5170 τούτων
2900 5117 3238 5186 παραϐολὰς,
3271 5119 3451 5187 ῥήσεις
3483 5117 3677 5185 σοφῶν,
3709 5116 3980 5184 αἰνίγμα-

2412 5215 2500 5259 τα,
2539 5201 2838 5259 σκοτεινοὺς
2870 5198 3077 5264 λόγους.
3111 5199 3212 5250 Καὶ
3253 5198 3356 5250 εἰσί
3389 5198 3613 5264 γνώσεις
3656 5197 3837 5264 σοφίας
3872 5199 3979 5250 καὶ

2413 5282 2674 5343 παιδείας.
2718 5281 2930 5349 Ἐπειδὴ
2980 5281 3086 5350 γάρ
3135 5281 3386 5350 Ἕλληνες
3441 5281 3538 5350 μὲν
3588 5280 3772 5346 σοφίαν
3815 5279 3979 5350 ἔχειν

2412 5364 2849 5431 ἐπαγγέλλονται,
2882 5365 3138 5431 αἱρετικοί
3155 5364 3210 5415 δὲ
3227 5363 3500 5433 νομίζουσι
3528 5362 3769 5415 παιδείαν
3795 5361 3976 5431 ἔχειν,

2411 5447 2498 5498 διὰ
2536 5445 2692 5498 τοῦτο
2736 5438 2888 5505 οὗτος
2936 5447 3030 5516 τὴν
3059 5447 3228 5518 ἀληθῆ
3275 5449 3461 5515 σοφίαν
3496 5446 3589 5498 καὶ
3619 5444 3860 5497 παιδείαν
3892 5446 3979 5499 διε-

2409 5530 2626 5590 δὰσκει,
2659 5529 2741 5580 ἵνα
2783 5527 2855 5597 μή
2883 5532 2947 5598 τῇ
2978 5531 3261 5600 ὁμωνυμίᾳ
3295 5531 3390 5597 τῆς
3439 5528 3624 5594 σοφίας
3664 5529 3741 5588 εἰς
3775 5526 3844 5580 τά
3879 5545 3979 5581 σο-

2413 5612 2653 5680 φίσματα
2684 5611 2789 5662 τῶν
2830 5613 3091 5681 Ἑλλήνων
3137 5615 3230 5665 καὶ
3273 5612 3379 5664 τῶν
3417 5611 3701 5682 αἱρετικῶν
3745 5611 3982 5684 ἐμπέσῃ

2417 5709 2518 5754 τις.
2544 5694 2647 5745 Καὶ
2676 5693 2780 5763 γὰρ
2813 5694 3063 5762 ’Έλληνες
3101 5695 3195 5763 μὲν
3228 5693 3459 5761 οἰόμενοί
3498 5709 3638 5755 τινες
3665 5689 3827 5757 εῖναι,
3867 5697 3986 5747 καὶ
