4138 6306
250 292 369 351 369

252 407 308 452 et
336 397 601 454 desiderio
623 402 689 454 ad
718 400 1124 472 comparandam
1156 401 1485 470 sapientiam.
1512 399 1591 452 Ad
1617 400 1727 451 haec
1751 398 1818 453 dc

250 489 568 557 quibusdam
595 501 799 545 natura:
836 491 1069 560 partibus
1095 491 1408 558 disputatur,
1437 490 1666 557 itemque
1687 502 1817 542 con-

251 586 338 631 tra
382 579 542 644 idola,
586 590 640 634 et
685 581 897 634 illorum
940 580 1252 648 sculptores,
1298 590 1353 634 et
1389 587 1570 633 contra
1610 592 1702 632 eos
1728 578 1817 646 qui

245 681 400 737 spem
442 669 492 721 in
523 669 623 722 illis
664 677 882 738 ponunt,
913 669 1131 739 ipsaque
1177 669 1375 722 colunt.
1408 668 1669 721 Prmterea
1722 668 1815 737 by-

245 772 408 809 mnus
433 771 552 811 cum
582 757 913 811 confessione
941 757 1257 811 mirabilium
1283 757 1667 825 operationum,
1698 770 1816 825 qua:

244 846 504 902 lsraelitis
548 863 725 902 coram
771 850 1003 917 ipsorum
1034 849 1259 902 inimicis
1284 864 1313 900 a
1343 849 1453 902 Deo
1498 849 1643 902 factae
1671 860 1811 903 sunt.

244 937 375 992 lianc
418 939 590 1005 itaque
618 940 981 1007 complectitur
1010 938 1095 991 hic
1114 938 1264 992 liber.
1297 937 1677 1006 Recapitulatio
1717 953 1815 990 au-

244 1034 357 1079 tem
389 1027 465 1081 sic
491 1027 667 1082 habet.
706 1027 762 1081 in
792 1028 1059 1096 prooemiis
1084 1027 1382 1081 adhortatio
1405 1026 1533 1095 justi
1559 1026 1625 1079 ad
1650 1027 1815 1095 pieta-

242 1125 380 1182 tem,
407 1126 460 1171 et
490 1116 833 1184 reprehensio
860 1118 1003 1186 impii
1034 1117 1350 1186 blasphemi.
1375 1117 1527 1182 Nam,
1551 1116 1635 1171 Ne
1656 1134 1813 1171 antu-

242 1204 387 1269 leris,
436 1206 631 1275 inquit,
672 1208 1026 1273 anticltristos,
1065 1207 1149 1276 qui
1175 1217 1291 1261 sunt
1319 1207 1433 1274 ipsa
1459 1223 1613 1261 mors.
1662 1206 1811 1262 Unde

241 1292 443 1349 factum
487 1296 575 1359 sit,
616 1295 756 1365 quod
801 1295 944 1365 impii
973 1311 1039 1350 eo
1062 1295 1389 1362 devenerint,
1435 1304 1494 1349 ut
1534 1296 1811 1349 Dominum

240 1383 432 1450 gloriae
456 1384 842 1453 cruciﬁgerent,
871 1384 995 1438 dum
1024 1399 1258 1453 przesens
1285 1386 1536 1439 saeculum
1559 1384 1631 1437 illi
1657 1394 1806 1439 ante-

240 1471 469 1527 ferrent.
501 1473 651 1540 Quod
682 1476 840 1528 etiam
880 1476 977 1543 ipsi
1007 1476 1275 1543 apostolos
1303 1475 1601 1544 persequuti
1627 1475 1732 1529 sint
1755 1483 1809 1528 et

238 1562 553 1617 occiderint.
582 1563 730 1629 Quod
778 1562 939 1617 futuri
978 1564 1084 1617 sint
1119 1564 1329 1633 quidam
1367 1565 1453 1633 qui
1494 1564 1663 1633 legem
1700 1564 1805 1617 Do-

240 1652 375 1706 mini
401 1661 765 1719 contemnant,
795 1654 1007 1723 quidam
1034 1669 1158 1708 vero
1185 1655 1271 1708 alii
1300 1655 1407 1708 sint
1436 1654 1507 1708 illi
1534 1655 1807 1723 obtempe-

239 1742 429 1795 raturi.

315 1829 466 1896 Quod
509 1830 645 1885 Deus
689 1832 1005 1887 multitudini
1046 1847 1261 1894 eorum.
1307 1833 1396 1902 qui
1442 1833 1493 1887 in
1533 1832 1800 1888 Christum

238 1921 405 1991 impie
444 1930 638 1991 agunt,
683 1938 787 1977 non
827 1924 897 1977 sit
936 1924 1251 1993 parciturus.
1298 1923 1463 1978 Unius
1498 1924 1639 1977 enim
1675 1924 1803 1992 justi

234 2012 453 2067 Christo
472 2013 739 2068 credentis
766 2028 889 2067 cura
917 2022 999 2067 est
1024 2014 1156 2081 Deo,
1183 2013 1390 2068 etiamsi
1419 2015 1470 2067 in
1501 2014 1805 2067 adolescen-

234 2102 313 2155 tia
336 2102 613 2155 moriatur.
641 2101 881 2156 Senectus
897 2106 1030 2157 enim
1051 2103 1340 2157 venerabilis
1360 2113 1429 2155 est
1448 2119 1546 2155 non
1568 2103 1802 2154 diuturna

233 2189 391 2263 (Cap.
417 2192 470 2246 4.
493 2192 571 2261 8).
602 2193 713 2247 Etsi
738 2194 929 2261 impius
954 2203 1179 2249 mortem
1204 2196 1320 2263 ejus
1344 2196 1431 2264 qui
1454 2194 1668 2249 Christo
1687 2210 1802 2249 cre-

232 2284 316 2337 dit
342 2286 655 2349 contemnit,
679 2292 733 2338 at
757 2285 831 2338 illi
853 2286 1116 2353 eliguntur
1139 2286 1190 2338 in
1216 2286 1447 2339 Christo.
1478 2284 1625 2355 ltnpii
1655 2287 1798 2355 igno-

230 2373 477 2428 miniosae
518 2374 684 2428 ruinae
715 2374 986 2429 tradentur
1007 2416 1021 2436 ,
1060 2386 1113 2429 et
1142 2389 1332 2444 magno
1355 2376 1553 2444 judicio
1583 2392 1642 2430 ac
1667 2392 1797 2431 con-

232 2463 567 2517 demnationi
595 2464 942 2532 subjicientur
971 2465 1038 2529 ii,
1071 2464 1158 2532 qui
1183 2464 1374 2519 Christi
1405 2479 1590 2518 servos
1614 2480 1795 2533 persc-

231 2558 490 2620 quuntur,
519 2552 757 2606 videntes
782 2552 1003 2621 gloriam
1031 2552 1146 2621 ejus
1175 2562 1228 2606 et
1256 2553 1510 2621 ipsorum,
1542 2568 1703 2622 seque
1730 2554 1795 2607 ad

229 2642 552 2711 supplicium
581 2642 710 2710 rapi.
739 2641 890 2709 Quod
921 2642 1117 2695 divitice
1146 2657 1265 2696 cum
1296 2645 1594 2713 arrogantia
1641 2645 1795 2699 nobis

229 2731 508 2785 accedant.
551 2731 679 2797 Qua:
722 2732 791 2786 sit
833 2733 908 2785 ira
944 2732 1037 2786 Dei
1071 2733 1124 2785 in
1153 2747 1246 2787 eos
1271 2734 1359 2802 qui
1391 2734 1549 2802 impie
1578 2744 1796 2803 egerunt

228 2818 287 2873 in
336 2818 623 2874 Christum.
682 2821 1036 2883 Adhortatio,
1084 2822 1190 2875 imo
1243 2823 1417 2889 potius
1467 2823 1793 2877 denuntiatio

226 2906 557 2978 principibus
599 2909 788 2974 lsrael,
835 2919 894 2963 ut
936 2909 1147 2964 Christo
1189 2910 1441 2976 credant;
1485 2912 1591 2965 imo
1618 2913 1793 2981 potius

226 3003 564 3073 denuntiatio
586 3004 909 3073 principibus
928 3004 1217 3059 Catholica:
1240 3005 1509 3069 Ecclesiae,
1529 3006 1791 3074 quomodo

224 3106 418 3162 regere
434 3092 659 3147 debeant
679 3102 797 3162 post
824 3094 966 3147 illius
984 3094 1312 3149 abscessum.
1341 3094 1468 3161 Qua:
1494 3095 1561 3148 sit
1585 3096 1785 3164 sapien-

223 3183 337 3248 tia,
383 3197 571 3252 nempe
616 3182 780 3238 Filius
826 3184 940 3238 Dei.
986 3184 1052 3238 Et
1095 3183 1359 3253 quomodo
1392 3184 1622 3239 Verbum
1666 3199 1790 3241 caro

224 3273 433 3329 tactum
460 3276 551 3341 sit,
576 3275 735 3344 inque
756 3275 909 3330 nobis
936 3273 1268 3330 habitaverit.
1298 3275 1429 3343 Quia
1456 3291 1574 3345 ego,
1600 3278 1786 3347 inquit,

222 3364 415 3419 eadem
466 3379 584 3433 qua:
634 3379 729 3420 vos
774 3379 960 3433 passus
1004 3380 1157 3430 sum,
1185 3364 1345 3419 homo
1389 3380 1510 3420 cum
1558 3367 1691 3435 sim,
1722 3382 1788 3422 ex

217 3455 374 3523 jussu
437 3455 529 3509 Dei
591 3454 880 3524 disciplina:
943 3456 1204 3510 subditus.
1274 3456 1349 3512 De
1395 3456 1658 3511 Christo:
1706 3458 1787 3511 Ex

225 3546 489 3615 sapientia
519 3548 650 3613 Dei,
682 3548 886 3615 inquit,
915 3549 1150 3602 omnium
1192 3550 1547 3618 cognitionem
1576 3550 1744 3605 habeo
1770 3569 1783 3603 :

220 3636 296 3690 In
325 3653 478 3691 manu
506 3638 636 3690 enim
664 3638 829 3702 illius,
860 3646 906 3691 et
931 3651 1022 3691 nos
1049 3654 1251 3703 sumus,
1284 3648 1332 3693 et
1357 3655 1607 3693 sermones
1631 3640 1786 3693 nostri

222 3724 390 3795 (Cap.
420 3726 473 3779 7.
498 3726 616 3795 l6).
646 3726 773 3794 Quae
803 3728 871 3781 sit
899 3727 1155 3797 sapientia
1174 3768 1190 3794 ,
1223 3736 1277 3783 et
1304 3728 1570 3797 quomodo
1606 3729 1657 3783 in
1686 3729 1785 3783 ho-

220 3816 397 3869 mines
422 3816 647 3870 venerit.
690 3814 818 3871 Cum
845 3817 974 3871 enim
1008 3817 1156 3869 unica
1184 3817 1284 3881 sit,
1310 3818 1478 3870 omnia
1516 3829 1707 3886 potest,
1736 3828 1785 3871 et

216 3920 339 3957 cum
358 3906 411 3958 in
431 3906 591 3975 seipsa
610 3915 826 3967 maneat,
846 3905 1013 3959 omnia
1032 3914 1197 3959 tamen
1215 3907 1415 3959 innovat
1435 3906 1484 3977 (Ι
1491 3907 1590 3960 bid.
1606 3923 1653 3959 υ.
1666 3908 1781 3977 2⁵1).

216 3994 564 4063 Sapientiam,
597 3995 785 4064 inquit,
811 3988 841 4049 ἁ
866 3994 1137 4063 juventute
1158 3997 1351 4059 amavi,
1375 4007 1428 4050 et
1450 3996 1622 4049 omnia
1644 3996 1781 4049 bona

217 4101 282 4139 ex
319 4086 408 4140 illa
438 4087 646 4155 accepi,
690 4087 920 4141 carnalia
949 4094 1005 4141 et
1044 4084 1354 4155 Spiritualia.
1400 4088 1615 4157 Cognita
1643 4088 1783 4141 enim

219 4177 581 4247 magnitudine
611 4178 914 4247 sapientiae,
946 4177 1202 4246 postulavi
1228 4193 1257 4230 a
1290 4178 1514 4231 Domino
1542 4186 1594 4231 ut
1630 4178 1781 4232 dare-

221 4277 308 4321 tur
336 4268 463 4321 mihi
490 4267 715 4338 Spiritus
737 4282 969 4331 sanctus,
998 4271 1084 4337 qui
1115 4285 1200 4325 me
1227 4269 1293 4323 de
1324 4270 1411 4323 illa
1440 4270 1777 4325 illuminaret.

220 4358 289 4411 Et
310 4358 503 4413 missus
526 4369 627 4426 est,
655 4370 711 4413 ut
736 4376 940 4415 mecum
968 4361 1249 4414 laboraret.
1277 4360 1611 4430 Cogitationes
1636 4378 1782 4415 nam-

217 4462 323 4515 que
350 4448 634 4501 mortalium
661 4449 848 4502 timida:
873 4461 986 4503 sunt
1011 4450 1173 4519 (Cap.
1202 4449 1255 4504 9.
1284 4451 1349 4503 14
1366 4452 1405 4518 ).
1438 4451 1512 4504 De
1537 4448 1781 4518 operibus

218 4536 517 4605 sapientiae.
563 4536 839 4603 Quomodo
883 4539 1108 4605 primum
1139 4537 1406 4592 hominem
1451 4540 1778 4605 custodierit,

218 4641 283 4679 ex
308 4626 518 4693 quantis
542 4628 695 4681 malis
719 4628 853 4681 Deus
872 4627 1152 4681 credentes
1182 4628 1279 4680 sibi
1302 4639 1494 4692 servet,
1517 4638 1572 4683 et
1590 4640 1779 4699 quanta

218 4715 326 4770 illis
360 4715 492 4768 bona
537 4725 748 4785 praestet
771 4757 785 4781 ,
814 4724 871 4770 ut
900 4716 1078 4771 videre
1119 4725 1200 4770 est
1237 4717 1287 4769 in
1316 4717 1459 4783 Noe,
1491 4717 1777 4783 Abraham,

217 4804 321 4861 Lot
341 4846 355 4867 ,
386 4803 581 4871 Jacob,
605 4804 803 4873 Joseph
826 4846 842 4871 ,
874 4814 926 4860 et
970 4805 1023 4858 in
1062 4804 1305 4859 lsraelitis
1326 4845 1340 4867 ,
1373 4820 1506 4873 quos
1534 4822 1595 4859 ex
1623 4821 1780 4859 manu

217 4894 591 4963 Egyptiorum
618 4895 809 4962 eripuit
834 4907 925 4964 per
950 4894 1181 4965 Moysem
1202 4937 1215 4959 ,
1246 4905 1299 4949 et
1326 4910 1459 4962 aqua
1489 4912 1553 4949 ex
1582 4910 1780 4964 prteru-

218 4997 309 5057 pta
344 4994 485 5055 petra
517 4986 735 5053 potavit.
768 4985 1040 5051 Quomodo
1075 4996 1279 5054 septem
1317 4985 1559 5053 gentibus
1595 5001 1781 5054 vespas

218 5076 448 5139 miserit,
479 5085 533 5129 et
558 5075 773 5129 lenitate
803 5075 1263 5143 misericordiaque
1294 5088 1437 5138 usus,
1471 5075 1571 5127 illis
1601 5086 1781 5143 postea

215 5182 315 5235 per
345 5166 430 5219 illa
463 5166 714 5235 populum
746 5165 992 5219 erudiens
1012 5206 1026 5229 ,
1059 5175 1115 5219 ut
1155 5166 1404 5233 benignus
1431 5174 1571 5217 esset
1598 5175 1651 5217 et
1678 5164 1779 5217 hu-

217 5270 431 5311 manus.
474 5255 666 5310 Contra
711 5254 1017 5309 adoratores
1055 5256 1470 5317 elementorum,
1506 5266 1773 5315 ranarum,

220 5346 545 5416 sciniphum,
573 5347 822 5411 murium,
851 5346 1169 5398 locustarum
1191 5386 1205 5408 ,
1235 5359 1533 5412 vesparum,
1565 5356 1781 5410 serpen-

218 5449 356 5494 tum.
389 5439 583 5492 Contra
613 5436 920 5492 adoratores
962 5435 1218 5488 idolorum
1250 5449 1313 5488 ex
1346 5448 1507 5497 auro,
1539 5441 1776 5501 argento,

219 5529 388 5599 ligno,
423 5526 701 5595 lapidibus.
734 5524 883 5592 Quod
908 5538 1003 5593 per
1030 5524 1225 5589 lignum
1254 5523 1395 5574 salus
1425 5522 1494 5574 sit
1522 5521 1779 5574 credenti-

218 5616 342 5675 bus.
374 5620 448 5675 Dc
472 5619 824 5688 sculptoribus
844 5619 925 5672 vel
950 5616 1234 5685 pictoribus
1260 5615 1539 5669 idolorum.
1569 5615 1643 5669 De
1666 5629 1779 5671 om-

539 5706 805 5767 ΡΑτιιοι..
853 5704 966 5762 Gri.
1018 5698 1165 5760 LVI.

1256 288 1564 347 SYNOPSIS
1599 285 1999 344 SCRIPTUR/E
2034 289 2300 347 SACRE.

1933 323 1999 344 m
2036 323 2300 347 ῠηυιιωσ

1924 399 2076 453 nibus
2116 400 2423 454 idololatria‘.
2457 404 2622 457 malis.
2660 404 2733 458 De
2778 404 2935 475 impia
2965 408 3248 477 religione,
3278 424 3328 465 et
3358 323 3496 483 (3::

1924 486 1999 540 illi
2025 488 2188 542 insint
2216 490 2371 543 mala.
2416 491 2488 545 De
2515 492 2674 561 figulo
2698 503 2752 547 et
2783 494 3031 551 fictilibus
3057 499 3226 553 idolis.
3269 503 3341 555 De
3369 515 3484 558 om-

1920 576 2074 631 nibus
2099 577 2252 631 idolis
2269 620 2285 644 ,
2315 595 2431 648 qua:
2458 596 2486 634 a
2512 582 2754 649 gentibus
2780 583 3053 651 coluntur,
3082 588 3471 646 inimicissima-

1918 681 2035 720 rum
2081 667 2387 735 bestiarum,
2438 682 2783 740 serpentum,
2830 685 3160 742 catorutn,et
3199 682 3471 738 similium.

1919 756 2068 823 Quod
2097 757 2276 811 lsraeli
2312 759 2449 813 Deus
2486 761 2795 816 beneficium
2841 767 3159 831 contulerit,
3192 785 3286 838 pro
3329 776 3469 827 ranis

1918 848 2244 903 coturnicem
2270 852 2502 905 mittens.
2531 852 2680 917 Quod
2706 864 2887 910 contra
2915 872 3147 913 morsum
3173 873 3471 930 serpentum

1917 950 2014 1004 per
2040 951 2245 992 aeneum
2273 950 2572 1008 serpentem
2602 943 2654 995 in
2685 958 2843 999 cruce
2871 960 3186 1015 suspensum
3215 952 3358 1005 salus
3383 967 3469 1019 po-

1916 1025 2040 1091 pulo
2082 1025 2216 1080 facta
2244 1028 2345 1093 sit;
2387 1030 2578 1084 inimici
2609 1047 2735 1086 vero
2771 1034 3001 1107 ipsorum
3041 1052 3135 1105 per
3164 1039 3393 1094 locustas
3418 1051 3467 1094 vt

1916 1126 2092 1167 mures
2136 1116 2295 1170 occisi
2339 1117 2465 1170 sint.
2512 1119 2660 1183 Quod
2708 1123 2953 1190 populum
2991 1126 3295 1194 angelorum
3340 1131 3463 1183 cibo

1914 1202 2138 1266 aluerit,
2185 1219 2566 1277 quamcumque
2616 1210 2934 1279 voluptatem
2982 1212 3247 1279 habente,
3300 1228 3355 1270 et
3399 1221 3466 1271 ad

1913 1306 2295 1363 quemcumque
2320 1307 2525 1365 gustum
2548 1302 2960 1356 accommodato.
2990 1304 3137 1371 Quod
3160 1308 3468 1375 grandinem

1912 1397 2028 1436 cum
2059 1386 2178 1454 igne
2203 1387 2267 1439 ad
2290 1389 2702 1457 corrumpendas
2728 1390 2904 1461 fruges
2932 1394 2982 1446 in
3006 1394 3283 1466 Egyptios
3310 1400 3469 1454 mise-

1912 1475 2000 1526 rit.
2044 1474 2193 1540 Quod
2223 1468 2510 1545 palpabiles
2553 1480 2795 1535 tenebras
2840 1482 2889 1535 iu
2930 1482 3206 1553 [Egyptios
3244 1487 3465 1551 miserit,

1908 1570 1963 1615 et
1980 1578 2096 1630 qua:
2118 1566 2167 1617 in
2195 1579 2257 1618 ea
2283 1580 2341 1620 re
2372 1566 2579 1621 inerant
2600 1569 2734 1622 mala
2757 1588 2772 1622 ε
2798 1574 2993 1625 sanctis
3013 1588 3137 1627 vero
3162 1577 3271 1630 suis
3298 1576 3467 1631 lucem

1910 1650 1962 1703 in
1986 1651 2236 1722 IEgypto,
2264 1664 2319 1709 et
2345 1656 2643 1709 columnam
2666 1658 2799 1727 ignis
2829 1660 2880 1712 iu
2904 1662 3222 1718 solitudine:
3251 1673 3306 1719 et
3325 1667 3465 1735 quod

1910 1750 2123 1809 propter
2152 1744 2317 1798 occidi
2339 1744 2516 1812 jussos
2539 1746 2892 1802 lsraelitarutn
2920 1750 3163 1817 infantes,
3190 1750 3466 1824 Egyptia-

1905 1846 2023 1886 rnm
2050 1833 2424 1903 primogenitos
2452 1852 2615 1903 mors,
2638 1849 2694 1892 et
2714 1840 2856 1907 ipsos
2874 1840 3150 1911 AEgyptios
3168 1845 3463 1901 subtnorsio

1905 1924 2178 1978 sustulerit
2202 1942 2215 1977 :
2242 1937 2298 1979 ut
2321 1941 2415 1994 pro
2441 1937 2609 1982 morte
2630 1931 3093 1999 primogenitorum
3121 1935 3263 1989 salus
3282 1937 3464 1991 lsraeli

1906 2026 2000 2077 per
2026 2014 2333 2082 sanguinem
2363 2017 2483 2085 agni
2512 2032 2763 2073 concessa
2796 2022 2884 2075 sit.
2934 2023 3001 2075 Et
3031 2039 3126 2092 pro
3167 2034 3339 2081 morte
3372 2027 3462 2096 ju-

1904 2112 2105 2155 stornm
2150 2104 2200 2155 in
2238 2104 2555 2171 solitudine,
2605 2108 2778 2162 Aaron
2809 2110 3086 2165 Dominum
3129 2114 3370 2181 precibus
3407 2124 3465 2169 et

1902 2190 2119 2244 incenso
2169 2192 2427 2259 placarit:
2462 2210 2557 2263 pro
2603 2207 2772 2250 morte
2825 2214 2949 2251 vero
2993 2199 3359 2271 Egyptiorum
3406 2205 3460 2258 in

1902 2281 2036 2334 mari
2063 2281 2276 2348 Rubro,
2307 2284 2463 2338 fuerit
2492 2286 2566 2339 ira
2602 2287 2691 2340 Dei
2736 2287 2933 2357 absque
2978 2291 3376 2359 misericordia,
3404 2305 3461 2348 et

1900 2371 2000 2424 iter
2043 2373 2219 2440 populi
2265 2373 2515 2428 insolens.
2565 2377 2715 2439 Quod
2758 2389 2973 2446 prepter
3018 2380 3458 2437 inhumanitatem

1899 2474 2022 2528 erga
2066 2460 2295 2516 advenas
2322 2465 2458 2517 mala
2489 2465 2586 2517 ista
2614 2467 2752 2533 passi
2782 2468 3168 2538 sintEgyptii,
3201 2474 3457 2539 quemad-

1900 2548 2113 2602 modum
2140 2560 2193 2603 et
2226 2547 2531 2606 Sodomita.
2563 2553 2712 2620 Quod
2754 2556 3013 2610 elementa
3042 2558 3222 2612 divino
3257 2559 3457 2616 Christi

1893 2638 2092 2707 judicio
2148 2642 2394 2708 subsint,
2437 2642 2502 2695 ad
2560 2644 2699 2697 illius
2760 2646 3038 2714 imperium
3082 2652 3454 2717 parata,sicut

1897 2728 2109 2783 chordae
2152 2730 2367 2785 cithara:
2408 2733 2660 2787 citharam
2708 2736 2952 2803 pulsanti.
2998 2737 3053 2791 In
3097 2738 3180 2794 bis
3210 2755 3453 2810 compre-

1898 2818 2143 2874 henditur
2167 2822 2248 2876 vis
2288 2824 2461 2877 omnis
2489 2823 2771 2892 Sapientia:
2799 2825 3094 2883 Salomonis
3131 2845 3249 2899 quae
3286 2831 3456 2887 Pana-

1896 2919 2037 2963 I'CIOS
2065 2919 2299 2964 vocatur.

2137 3054 2400 3099 PAIKBIIE
2438 3058 2532 3099 SEU
2572 3062 2862 3103 PROVERBIA
2902 3065 3202 3107 SALOMONIS‘.

1963 3178 2236 3233 Partemia:
2269 3195 2361 3233 seu
2389 3181 2668 3235 Proverbia
2708 3183 3005 3238 Salomonis
3032 3196 3246 3240 vocatur
3276 3185 3360 3243 hic
3388 3188 3451 3241 l3-

1893 3266 1986 3320 ber
2009 3307 2025 3331 ,
2050 3266 2169 3335 quia
2201 3267 2288 3321 ilia
2313 3269 2560 3323 Salomon
2587 3280 2642 3325 et
2671 3269 2830 3335 dixit,
2862 3281 2917 3327 et
2945 3273 3176 3343 scripsit.
3205 3274 3301 3329 llic
3325 3291 3445 3329 vero

1890 3372 2009 3411 cum
2056 3374 2273 3426 regnum
2302 3360 2464 3413 David
2502 3362 2662 3428 patris
2703 3365 3056 3432 suscepisset,
3085 3375 3328 3433 precatus
3367 3377 3450 3421 est

1892 3448 2056 3501 Demn
2087 3456 2142 3499 ut
2170 3448 2478 3515 sapientiam
2522 3450 2784 3519 acciperet
2809 3452 2978 3520 potius
3000 3493 3014 3517 ,
3046 3469 3203 3522 quam
3240 3454 3450 3508 divitias

1888 3546 1942 3591 et
1971 3537 2198 3589 hostium
2241 3537 2511 3592 ultionem.
2544 3539 2687 3594 Hanc
2732 3555 2850 3593 cum
2893 3542 3220 3610 accepisset,
3246 3552 3301 3597 et
3338 3557 3448 3612 pne

1889 3627 2134 3680 omnibus
2156 3628 2469 3682 mortalibus
2497 3629 2584 3696 qui
2612 3638 2733 3682 ante
2756 3639 2811 3684 et
2850 3640 2966 3698 post
3005 3632 3171 3698 ipsum
3201 3630 3408 3687 fuerunt
3429 3673 3445 3694 ,

1888 3715 2098 3783 sapiens
2149 3723 2331 3769 esset:
2363 3731 2425 3770 ac
2454 3731 2571 3770 cum
2615 3717 2668 3771 in
2721 3719 2966 3774 omnibus
3008 3718 3161 3775 dictis
3190 3721 3447 3791 factisque

1888 3806 1997 3860 suis
2024 3806 2356 3860 admirationi
2400 3817 2571 3873 esset,
2614 3810 2709 3861 tria
2758 3810 2916 3863 millia
2962 3811 3362 3879 parabolarum,
3392 3822 3447 3867 et

1887 3894 2115 3964 quinque
2157 3896 2320 3949 millia
2364 3897 2565 3950 cantica
2616 3898 2953 3966 proloquutus
2981 3909 3061 3952 est
3092 3915 3104 3951 :
3139 3900 3444 3968 disputavit-

1886 4000 1988 4053 que
2006 3985 2073 4039 de
2094 3986 2359 4049 omnibus,
2390 3994 2496 4039 tam
2527 3986 2593 4040 de
2622 3987 2685 4040 iis
2710 4002 2825 4055 quae
2854 4002 2919 4041 ex
2945 3996 3079 4041 terra
3107 3992 3427 4057 proveniunt

1885 4091 2042 4145 quam
2080 4077 2147 4131 de
2181 4078 2350 4130 onuiis
2374 4078 2581 4146 generis
2606 4078 2973 4131 animantibus.
3004 4078 3222 4147 Scripsit
3244 4088 3439 4145 autem,

1887 4174 1942 4218 ut
1969 4166 2175 4234 quidam
2204 4168 2353 4219 aiunt
2376 4208 2389 4229 ,
2419 4176 2527 4221 tres
2552 4177 2751 4221 tantum
2792 4169 2988 4232 libros,
3018 4168 3155 4223 hunc
3180 4170 3440 4233 videlicet,

1886 4256 2257 4322 Ecclesiasten,
2283 4266 2338 4311 et
2359 4257 2632 4313 Canticum
2659 4258 2987 4313 Canticorum
3013 4277 3028 4324 ;
3057 4271 3114 4313 ut
3139 4271 3310 4315 autem
3329 4264 3443 4331 qui-

1886 4346 2004 4400 dam
2030 4347 2208 4399 dicunt
2237 4349 2393 4400 etiam
2422 4348 2759 4415 Sapientiam,
2791 4364 2907 4416 quze
2934 4350 3010 4403 sic
3039 4351 3357 4417 inscribitur,
3390 4361 3447 4405 et

1886 4436 2173 4491 Panaretus
2218 4437 2443 4489 dicitur:
2472 4454 2591 4489 nam
2641 4437 2741 4491 hoc
2780 4439 2937 4491 etiam
2976 4453 3283 4507 germanum
3327 4442 3445 4510 ejus

1886 4545 2003 4583 esse
2031 4545 2161 4598 Opus
2205 4529 2461 4581 dictitant.
2496 4527 2642 4581 llunc
2686 4543 2843 4597 porro
2881 4529 3152 4584 Pannonia:
3195 4544 3287 4585 seu
3313 4532 3446 4586 Pro-

1884 4621 2059 4673 verbia
2093 4619 2375 4685 inscripsit.
2406 4617 2537 4671 Sunt
2564 4629 2735 4670 autem
2765 4619 3032 4686 parcentia:
3054 4620 3208 4673 verba
3236 4622 3443 4689 sapien—

1887 4714 1971 4766 tia:
1992 4753 2006 4770 .
2033 4714 2175 4765 velut
2199 4711 2495 4777 :enigmata,
2527 4726 2641 4779 qua:
2670 4726 2735 4763 cx
2761 4727 2818 4763 se
2856 4712 3065 4779 quidem
3117 4712 3254 4765 aliud
3290 4714 3441 4766 exhi-

1882 4804 2039 4865 bent,
2072 4800 2210 4853 aliud
2255 4816 2377 4852 vero
2422 4816 2517 4868 per
2564 4801 2911 4866 suspicionem
2964 4802 3211 4854 indicant.
3240 4801 3437 4854 iiorum

1884 4899 2059 4943 autem
2089 4888 2290 4955 species
2317 4899 2437 4941 sunt
2462 4890 2757 4957 proverbia.
2787 4889 2871 4941 Sic
2900 4891 3037 4940 enim
3064 4889 3303 4956 discipuli
3332 4891 3439 4943 Do-

1886 4982 2013 5034 tnini
2044 4982 2324 5048 loquuntur
2346 4981 2395 5033 in
2421 4980 2708 5047 Evangelio
2733 4979 2970 5044 Joannis,
3001 4979 3227 5048 quando,
3260 4982 3438 5034 Domi-

1885 5083 1954 5123 no
1991 5070 2150 5123 multa
2185 5070 2407 5123 obscure
2448 5069 2687 5132 dicente,
2717 5068 2926 5121 tandem
2970 5070 3149 5122 dicunt
3186 5071 3233 5123 ei
3266 5088 3279 5123 :
3309 5072 3438 5124 Ecce

1885 5174 2016 5211 nunc
2042 5160 2208 5227 palam
2234 5162 2465 5227 loqueris,
2487 5167 2532 5209 et
2552 5158 2861 5226 proverbium
2890 5159 3083 5211 nullum
3110 5161 3233 5211 dicis
3257 5161 3435 5228 (Joan.

1885 5249 1971 5301 i6.
1995 5248 2106 5317 29),
2140 5258 2194 5300 ut
2221 5248 2476 5314 intelligas
2507 5247 2778 5315 proverbia
2801 5289 2813 5308 ,
2848 5264 2951 5300 non
2976 5257 3157 5317 aperto
3181 5290 3195 5313 ,
3223 5248 3314 5302 sed
3342 5250 3438 5303 ob-

1884 5352 2040 5390 scuro
2083 5351 2243 5391 sensu
2292 5336 2416 5389 dici.
2453 5336 2707 5401 Quoniam
2759 5337 2914 5404 igitur
2954 5336 3083 5389 tales
3130 5337 3438 5406 plerumque

1884 5440 2003 5482 sunt
2032 5432 2083 5483 in
2112 5430 2209 5488 hoc
2237 5431 2370 5483 libro
2395 5431 2696 5493 sententiae,
2725 5428 2841 5482 ideo
2867 5428 3136 5483 Parmmige
3166 5444 3258 5482 seu
3302 5430 3436 5482 Pro-

1884 5523 2061 5576 verbia
2108 5520 2388 5589 inscriptus
2414 5520 2499 5573 hic
2533 5519 2667 5573 liber
2693 5528 2792 5573 est.
2830 5518 2925 5572 Est
2946 5530 3118 5573 autem
3151 5520 3271 5574 inde
3298 5519 3435 5574 dicta

1885 5614 2177 5685 pauentia,
2205 5612 2344 5682 quod
2392 5628 2485 5682 per
2534 5612 2643 5666 vias
2692 5610 2820 5666 tales
2862 5610 3134 5665 sententiae
3180 5612 3435 5668 conscribi

3016 5704 3091 5761 23
