4138 6306
694 325 798 381 371

691 429 859 484 solitae
885 438 1085 494 essent,
1118 430 1182 484 ad
1212 429 1598 486 correctionem
1643 438 1697 483 et
1723 430 2016 484 doctrinam
2043 441 2251 492 eorum,

692 519 777 587 qui
829 517 928 572 iter
979 519 1334 572 instituerent.
1364 518 1463 572 Per
1490 519 1600 571 vias
1646 527 1820 572 autem
1867 517 2248 579 scribebantur,

689 609 809 678 quia
837 624 941 664 non
965 623 1149 664 omnes
1178 609 1408 663 veritatis
1435 624 1707 664 sermones
1731 608 2009 677 capiebant
2041 625 2053 658 :
2088 616 2144 660 ut
2169 608 2250 659 vel

685 699 737 750 in
771 698 1088 752 transeundo
1107 707 1159 752 et
1178 700 1294 752 talia
1317 698 1708 767 conspicienda,
1732 714 1848 766 quae
1865 698 2059 766 scripta
2077 703 2254 750 essent

681 790 1062 858 exquirerent,
1092 799 1246 858 atque
1277 790 1345 842 ita
1373 788 1705 843 erudirentur
1747 788 2004 841 homines.
2031 787 2251 852 Quidam

682 889 860 932 autem
891 879 1170 948 parasmias
1199 879 1263 932 ad
1299 879 1438 931 hunc
1469 878 1679 932 modqu
1721 877 2013 930 deﬁniunt:
2043 876 2248 929 Dictum

684 969 986 1039 parodium,
1028 984 1120 1024 seu
1150 970 1202 1023 in
1253 969 1332 1022 via
1361 969 1617 1038 positum,
1645 969 1711 1022 ab
1759 983 1864 1022 uno
1913 968 2138 1037 quodam
2185 967 2250 1021 ad

687 1064 848 1116 multa
879 1061 1206 1116 translatum.
1235 1061 1330 1115 Est
1358 1062 1512 1132 igitur
1553 1062 1604 1114 in
1645 1060 1744 1115 hoc
1784 1061 1916 1115 libro
1942 1061 2123 1114 notitia
2161 1075 2249 1113 sa-

686 1153 895 1220 pientiai
924 1161 976 1206 et
1004 1151 1311 1220 disciplinae,
1344 1151 1642 1206 intellectus
1676 1165 1977 1205 sermonum
2016 1151 2248 1220 pruden-

684 1242 789 1306 ti:e,
820 1241 1050 1310 stropha:
1091 1241 1392 1307 verborum,
1430 1241 1646 1309 justitizn
1675 1255 1814 1294 vera:
1839 1240 2156 1306 intellectus,
2184 1241 2248 1294 ad

684 1333 1021 1404 tlirigendum'
1035 1332 1248 1403 judicia,
1274 1341 1328 1386 et
1350 1332 1653 1402 pollicitatio
1677 1333 2158 1400 cognoscendarum
2182 1347 2246 1386 ex

687 1425 798 1478 istis
829 1424 1213 1492 parabolarum,
1243 1424 1501 1477 dictorum
1527 1423 1862 1492 sapientium,
1891 1424 2242 1492 mnigmatum,

685 1524 738 1569 et
757 1515 1095 1570 obscurorum
1137 1530 1461 1570 sermonum.
1498 1516 1561 1568 Et
1595 1525 1717 1569 sunt
1754 1515 1954 1570 notitize
1978 1516 2248 1585 sapientiae

685 1613 738 1661 et
765 1604 1072 1674 disciplinac.
1103 1604 1232 1658 Cum
1260 1605 1398 1658 enim
1425 1612 1478 1658 et
1501 1603 1670 1659 Graeci
1710 1605 2020 1673 sapientiam
2051 1604 2247 1660 habere

685 1698 1052 1766 polliceantur,
1093 1705 1145 1750 et
1180 1696 1410 1751 haeretici
1438 1697 1630 1750 habere
1661 1711 1718 1751 se
1747 1696 2079 1766 disciplinam
2109 1697 2248 1750 arbi-

681 1795 922 1852 trentur;
956 1785 1075 1841 ideo
1117 1785 1203 1840 hic
1233 1801 1406 1842 veram
1457 1787 1766 1856 sapientiam
1812 1801 1871 1842 ac
1915 1787 2243 1856 disciplinam

683 1879 836 1934 docet
859 1896 872 1945 ;
897 1896 962 1935 ne
986 1895 1050 1934 ex
1071 1879 1410 1934 simllitudine
1440 1879 1668 1934 nominis
1690 1878 1979 1948 sapientiaz,
1996 1881 2045 1932 in
2066 1879 2245 1947 sephi-

681 1977 849 2025 amata
875 1969 1177 2025 Graecorum
1209 1981 1261 2024 et
1290 1970 1656 2026 haereticorum
1684 1969 1802 2039 quis
1829 1969 2040 2024 incidat.
2072 1969 2243 2024 Graeci

681 2060 820 2115 enim
851 2069 1033 2128 putant
1061 2075 1118 2114 se
1146 2059 1241 2114 hac
1267 2060 1320 2114 in
1353 2075 1408 2114 re
1433 2070 1705 2130 prmstare,
1734 2075 1796 2114 ac
1824 2059 2054 2113 Dicentes
2078 2077 2129 2112 se
2158 2076 2243 2112 sa-

680 2151 864 2220 pientes
894 2167 998 2204 esse
1022 2192 1035 2216 ,
1066 2151 1207 2204 stulti
1239 2151 1358 2221 [acti
1385 2161 1500 2204 sunt
1525 2151 1544 2220 (
1575 2151 1723 2204 Rom.
1758 2153 1806 2204 1.
1836 2151 1967 2220 22).
2001 2150 2242 2204 llmretici

680 2254 808 2295 vero
834 2240 1066 2294 eruditos
1095 2255 1213 2294 esse
1253 2255 1312 2295 se
1360 2241 1497 2305 rati,
1525 2241 1695 2295 aversi
1729 2249 1850 2295 sunt
1891 2250 1943 2294 et
1987 2249 2239 2308 peccant,

681 2330 894 2399 proprio
934 2329 1132 2398 judicio
1174 2329 1525 2385 condemnati.
1554 2331 1775 2400 Sapiens
1823 2345 1951 2383 vero
1989 2331 2031 2383 si
2069 2331 2242 2382 divina

681 2419 885 2486 eloquia
927 2418 1188 2482 audierit,
1218 2419 1502 2486 sapientior
1545 2420 1663 2472 erit.
1695 2419 1900 2472 Etenim
1932 2419 1974 2471 si
2016 2419 2241 2487 legitima

682 2509 773 2563 Dei
800 2507 1019 2563 audierit
1046 2519 1098 2563 et
1117 2509 1444 2571 custodierit,
1472 2519 1524 2563 et
1551 2510 1600 2562 in
1623 2510 1894 2578 disciplina
1922 2512 2122 2563 Domini
2153 2526 2244 2564 ne-

680 2598 881 2668 gligens
908 2613 1009 2652 non
1033 2598 1207 2663 fuerit,
1228 2613 1323 2653 nec
1346 2598 1544 2652 fallacia
1570 2600 1792 2667 quadam
1823 2599 2040 2653 allectus
2067 2600 2239 2665 fuerit,

681 2689 819 2743 ﬁlius
845 2691 1050 2758 sapiens
1076 2690 1278 2754 evadet,
1321 2700 1372 2745 ct
1402 2690 1635 2745 eruditus
1668 2691 1852 2755 factus,
1882 2692 2054 2744 statim
2084 2693 2242 2744 etiam

681 2779 1034 2848 cegnitionem
1075 2780 1168 2833 Dei
1199 2781 1433 2848 accipiet.
1469 2781 1577 2834 Hac
1621 2782 1758 2834 enim
1795 2782 2056 2850 sapientes
2096 2781 2244 2833 insti-

682 2878 916 2924 tuuntur.
947 2870 1258 2925 Sermonum
1289 2885 1414 2923 vero
1448 2871 1759 2939 prudentum
1792 2872 2087 2925 intellectus
2109 2913 2122 2933 ,
2149 2871 2244 2924 do-

681 2960 846 3012 ctrina
873 2969 953 3014 est
981 2959 1046 3014 de
1077 2960 1190 3013 solo
1220 2975 1345 3014 vero
1393 2960 1520 3014 Deo.
1552 2960 1854 3014 Graecorum
1900 2976 2125 3031 namque
2152 2961 2240 3014 alii

681 3063 874 3116 corpus
918 3063 1035 3104 esse
1080 3050 1324 3104 dixerunt
1383 3051 1575 3115 Deum,
1608 3051 1694 3104 alii
1740 3052 2032 3106 simulacris
2085 3053 2241 3105 etiam

681 3138 852 3206 ipsum
877 3139 1252 3194 assimilarunl.
1283 3141 1523 3195 Hmretici
1555 3156 1680 3195 vero
1709 3151 1760 3195 et
1791 3143 1885 3209 ipsi
1919 3143 1967 3195 in
2016 3143 2120 3197 veri
2153 3157 2242 3196 co-

680 3231 911 3298 gnitione
958 3231 1316 3300 desipuerunt.
1345 3232 1625 3302 Propterea
1671 3233 1754 3286 hic
1781 3234 1847 3287 de
1898 3249 2020 3288 vera
2064 3234 2242 3302 cogni-

679 3323 822 3378 tione
850 3322 944 3377 Dei
990 3323 1102 3377 h:ec
1130 3334 1341 3377 enarrat
1371 3341 1382 3375 :
1417 3324 1554 3392 quod
1586 3325 1793 3391 quidem
1827 3325 2102 3377 inelTabilis
2131 3325 2198 3378 sit
2224 3341 2238 3376 :

685 3431 703 3464 ε
733 3413 913 3468 Gloria
938 3413 1028 3467 Dei
1049 3413 1322 3468 abscondit
1343 3414 1558 3467 verbum
1582 3429 1597 3480 ;
1637 3433 1654 3465 ι
1685 3415 1750 3467 de
1773 3414 2097 3483 providentia
2117 3428 2244 3467 vero

677 3505 792 3574 ejus
844 3506 920 3560 sic
983 3505 1260 3574 loquitur:
1299 3525 1316 3557 ‹
1370 3503 1424 3558 1η
1479 3507 1623 3560 omni
1677 3506 1792 3560 loco
1845 3506 1982 3559 oculi
2035 3505 2240 3559 Domini

677 3595 1102 3663 contemplantur
1142 3595 1307 3648 bonos
1348 3605 1399 3648 et
1435 3596 1599 3648 malos
1625 3613 1641 3646 ι
1682 3594 1860 3662 (Prov.
1884 3595 1971 3649 25.
1995 3596 2049 3648 2.
2077 3608 2122 3648 et
2154 3597 2238 3650 15.

677 3684 756 3756 5).
791 3686 857 3739 Et
903 3687 1090 3739 iterum
1117 3705 1126 3739 :
1165 3702 1184 3735 α
1218 3686 1373 3739 Dives
1415 3695 1467 3741 et
1496 3702 1692 3754 pauper
1712 3687 1846 3741 alter
1875 3687 2023 3740 alteri
2052 3701 2240 3740 occur-

677 3785 904 3832 rerunt:
939 3787 1184 3844 utrosque
1224 3793 1348 3831 vero
1399 3777 1516 3832 fecit
1558 3778 1843 3832 Dominus:
1866 3776 2015 3846 (Cap.
2040 3777 2133 3830 22.
2158 3777 2238 3843 2).

682 3868 768 3932 Et,
798 3885 815 3918 ι
852 3867 979 3922 Dum
999 3867 1317 3922 conveniunt
1348 3867 1630 3922 ﬁenerator
1659 3883 1721 3921 ac
1741 3867 1965 3931 debitor,
1991 3878 2240 3936 utrosque

678 3955 980 4026 speculatur
1010 3957 1259 4011 Dominus
1290 3976 1307 4008 ι
1345 3957 1493 4026 (Cap.
1523 3956 1743 4025 29.15).
1775 3955 1861 4021 Et,
1889 3975 1906 4005 ι
1939 3956 2069 4010 Sunt
2098 3957 2239 4010 enim

678 4050 730 4100 in
760 4054 1043 4114 conspectu
1070 4029 1343 4101 oculorum
1371 4048 1460 4101 Dei
1487 4048 1582 4100 via:
1609 4047 1725 4110 viri,
1758 4056 1810 4099 et
1836 4062 2018 4100 omnes
2044 4045 2239 4100 orbitas

677 4137 792 4204 ejus
807 4137 1103 4205 speculatur
1130 4134 1239 4203 »(Ο.
1265 4137 1441 4203 5.21).
1476 4137 1736 4190 .ludicium
1755 4152 1961 4206 quoque
1975 4137 2087 4206 ejus
2103 4151 2240 4190 com-

679 4237 957 4292 memorat,
989 4228 1168 4282 dicens
1194 4245 1206 4280 :
1242 4246 1259 4278 ‹
1291 4227 1552 4282 Sacriﬁcia
1583 4229 1859 4296 impiorum
1888 4228 2237 4280 abominatio-

675 4335 771 4374 nes
819 4328 939 4374 sunt
979 4319 1222 4374 Domini:
1271 4329 1389 4373 vota
1437 4329 1611 4374 autem
1665 4329 1807 4374 recte
1859 4319 2236 4373 ambulantium

675 4419 888 4480 accepta
931 4419 1053 4464 sunt
1081 4411 1214 4480 apud
1243 4426 1362 4466 eum
1395 4430 1412 4463 ›
1450 4410 1614 4481 (Cap.
1653 4411 1738 4466 15.
1769 4412 1860 4478 8).
1897 4411 1964 4464 Et
2004 4411 2187 4463 iterum
2221 4426 2233 4461 :

683 4521 700 4552 ι
738 4502 928 4555 Domos
957 4502 1369 4555 conviciatorum
1401 4501 1620 4570 dissipat
1646 4501 1917 4566 Dominus,
1945 4503 2115 4553 ﬁrmat
2145 4515 2238 4552 au-

677 4602 781 4645 tem
811 4592 1086 4645 terminum
1115 4591 1281 4644 vidua:
1310 4611 1327 4641 ι
1362 4591 1509 4660 (Cap.
1546 4592 1629 4646 15.
1656 4590 1769 4660 25).
1803 4590 2079 4659 Opiﬁcium
2111 4604 2240 4643 vero

678 4682 818 4737 illius
861 4697 964 4735 non
1007 4681 1344 4750 simpliciter,
1379 4681 1468 4735 sed
1513 4696 1577 4734 eo
1620 4681 1757 4750 quod
1790 4696 1882 4748 per
1905 4680 2134 4735 Verbum
2175 4695 2236 4733 ac

675 4774 982 4844 sapientiam
1025 4789 1172 4826 suam
1205 4782 1389 4827 cuncta
1429 4773 1614 4837 faciat;
1647 4774 1733 4842 qui
1774 4774 2076 4840 petissimus
2125 4772 2234 4826 veri

675 4865 767 4919 Dei
806 4863 1081 4918 character
1107 4873 1186 4918 est
1211 4905 1224 4927 ,
1253 4863 1391 4932 quod
1435 4865 1500 4915 sit
1544 4864 1658 4915 Filii
1704 4864 1880 4916 Pater.
1913 4863 2000 4916 Ait
2039 4863 2231 4931 igitur:

682 4975 700 5007 ι
729 4956 995 5023 Sapientia
1025 4955 1160 5008 Deus
1183 4954 1418 5010 fundavit
1443 4964 1636 5008 terram
1671 4972 1687 5003 ι
1725 4953 1892 5023 (Cap.
1917 4955 1968 5008 3.
2004 4953 2133 5021 19).
2169 4953 2236 5006 Ει

672 5047 862 5099 iterum
900 5060 911 5094 :
949 5063 965 5094 ι
1003 5045 1137 5097 Deus
1168 5045 1288 5098 fecit
1329 5046 1571 5112 regiones
1611 5053 1664 5098 et
1705 5045 1908 5099 deserta
1941 5055 1992 5097 et
2019 5045 2235 5098 summi-

674 5147 807 5188 tates
855 5134 1112 5188 habitatas
1155 5136 1308 5202 ejus,
1357 5153 1474 5204 (μιτο
1518 5137 1614 5189 sub
1677 5137 1806 5189 ocello
1858 5145 1956 5190 est.
2014 5135 2232 5201 Quando

673 5227 1000 5294 praeparabat
1039 5225 1245 5289 crelum,
1271 5224 1478 5278 aderam
1529 5227 1645 5294 ipsi,
1669 5237 1721 5280 et
1771 5227 2045 5294 separabat
2085 5227 2230 5279 thro-

672 5331 796 5368 num
849 5330 1002 5369 suum
1047 5331 1201 5384 supra
1249 5325 1452 5380 ventos,
1497 5316 1703 5380 quando
1751 5317 1947 5368 validas
2010 5316 2232 5370 faciebat

672 5407 898 5475 desuper
927 5406 1109 5470 nubes,
1139 5423 1254 5459 cum
1278 5422 1341 5460 eo
1367 5422 1510 5459 eram
1537 5415 1723 5459 cuncta
1749 5422 2088 5475 componens.
2123 5408 2231 5475 Ego

672 5509 813 5549 eram
839 5495 890 5548 in
913 5511 1009 5562 qua
1036 5496 1320 5558 laetabatur,
1352 5497 1568 5564 singulis
1589 5495 1774 5548 diebus
1794 5496 2006 5548 hctahar
2029 5498 2076 5549 in
2104 5511 2230 5550 con-

671 5597 848 5651 specm
881 5585 1016 5638 illius
1048 5603 1063 5635 ι
1101 5584 1260 5653 (Cap.
1293 5586 1344 5640 8.
1379 5585 1447 5638 26
1470 5586 1574 5639 -'50
1598 5585 1638 5654 ).
1670 5583 1909 5653 Strophm
1951 5588 2226 5640 verborum

669 5686 790 5730 s'unt
819 5677 870 5730 in
902 5676 1002 5730 isto
1030 5677 1162 5730 libro
1195 5694 1205 5728 :
1237 5692 1358 5731 nam
1386 5677 1426 5728 si
1458 5677 1572 5745 quis
1603 5692 1663 5732 ea
1695 5685 1871 5732 mente
1902 5686 2106 5743 verset,
2141 5693 2225 5731 re-

1393 315 1447 373 S.
1487 315 1760 373 JOANNIS
1787 309 2257 373 CHRYSOSTOMI
2296 308 2604 368 ARCHIEP.
2645 313 3168 372 CONSTAN‘TINOP.

3823 330 3932 384 372

2364 423 2558 479 serabit
2586 436 2638 481 et
2669 427 2900 482 inveniet
2929 430 3242 484 sententiam
3274 430 3326 484 in
3357 429 3482 498 ipsis
3523 430 3701 485 sitam.
3736 429 3920 497 Qualia

2354 524 2478 567 sunt
2504 515 2654 572 lizec:
2687 518 3014 573 «Incolumis
3055 521 3220 574 evasit
3259 521 3324 574 ab
3367 529 3497 574 testu
3545 521 3685 574 ﬁlius
3727 522 3920 575 intelli-

2353 619 2520 672 gens;
2551 609 2905 676 corrumpitur
2928 618 3103 663 autem
3133 625 3162 664 a
3191 619 3346 663 vento
3371 612 3423 663 in
3455 626 3628 665 messe
3653 612 3789 666 ﬁlius
3821 611 3926 666 ini-

2353 711 2485 762 quus
2523 715 2541 746 ι
2577 697 2738 767 (Cap.
2773 698 2857 752 10.
2893 698 2990 766 6).
3042 699 3108 752 Ει
3154 700 3339 753 iterum
3375 717 3386 750 :
3440 718 3458 749 ι
3509 699 3746 754 Sollicito
3790 715 3916 754 cura

2352 800 2469 853 qua:
2500 786 2550 838 in
2581 799 2707 854 agro
2734 797 2855 840 sunt
2887 788 3091 852 viridia,
3123 798 3175 842 et
3204 789 3418 842 herbam
3450 789 3706 853 demetas,
3734 799 3788 843 et
3814 789 3913 844 fte-

2352 889 2474 926 num
2501 887 2806 929 montanum
2836 877 3040 944 collige,
3068 886 3123 931 ut
3148 892 3272 931 oves
3297 878 3488 932 habeas
3515 879 3578 932 ad
3618 879 3862 932 vestitum
3891 899 3910 930 ι

2352 964 2510 1032 (Cap.
2553 967 2638 1019 27.
2673 967 2760 1021 25.
2801 968 2928 1035 26).
2962 969 3029 1022 Et
3058 986 3240 1024 rursus
3272 988 3284 1022 :
3324 989 3342 1021 ί
3379 970 3432 1025 Si
3462 973 3678 1024 conviva
3715 973 3915 1025 sederis

2350 1055 2414 1108 ad
2441 1071 2642 1110 etnnam
2667 1058 2714 1110 in
2743 1073 2923 1112 mensa
2955 1068 3273 1128 magnatum,
3305 1070 3479 1115 mente
3509 1061 3770 1130 intelligas
3797 1078 3914 1130 qua:

2350 1157 2684 1214 apponuntur
2713 1149 2801 1203 tibi
2841 1169 2859 1200 ι
2906 1150 3069 1219 (Cap.
3101 1151 3189 1205 23.
3219 1152 3241 1204 l
3276 1153 3410 1220 ):et
3451 1153 3553 1206 alia
3594 1154 3909 1206 consimilia.

2351 1237 2501 1291 Vera:
2535 1239 2752 1307 justitiae
2791 1240 2963 1294 dictus
2989 1251 3070 1294 est
3105 1242 3398 1296 intellectus
3433 1260 3446 1296 :
3478 1244 3724 1311 quoniam
3763 1243 3913 1298 diﬁ'e-

2349 1340 2527 1383 renter
2573 1330 2781 1398 quidam
2819 1332 3035 1400 justitiae
3081 1333 3392 1387 vocabulum
3440 1333 3745 1401 accipiunt;
3792 1335 3911 1388 aliis

2348 1420 2643 1474 dicentibus
2662 1423 2916 1490 justitiam
2945 1438 3062 1478 esse
3082 1465 3095 1489 ,
3129 1433 3185 1478 ut
3213 1425 3394 1478 reddat
3419 1426 3534 1494 quis
3564 1426 3701 1494 quod
3729 1435 3908 1480 custo-

2347 1510 2595 1564 diendum
2623 1512 2825 1579 accepit
2851 1529 2862 1564 :
2896 1513 3012 1566 aliis
3039 1527 3164 1566 vero
3188 1556 3202 1575 ,
3234 1516 3276 1567 si
3315 1514 3510 1568 malum
3539 1515 3788 1569 reddatur
3815 1532 3910 1584 pro

2349 1600 2487 1652 malo
2507 1641 2519 1661 ,
2550 1610 2604 1652 et
2641 1600 2832 1653 bonum
2865 1616 2961 1669 pro
2992 1602 3146 1656 bono.
3184 1603 3488 1671 llujusmodi
3516 1615 3693 1659 autem
3724 1605 3910 1660 deﬁni-

2347 1691 2516 1744 tiones
2543 1701 2802 1744 accurata:
2833 1707 2937 1745 non
2969 1703 3109 1745 sunt.
3141 1693 3215 1747 Ne
3241 1693 3438 1748 dixeris
3461 1696 3632 1758 enim,
3667 1695 3781 1762 Quo
3821 1696 3909 1750 ille

2345 1795 2467 1850 erga
2499 1796 2582 1834 me
2608 1797 2731 1835 usus
2761 1789 2841 1835 est
2877 1782 3034 1835 modo
3056 1824 3070 1848 ,
3103 1782 3286 1836 eodem
3316 1793 3432 1836 utar
3456 1800 3553 1853 ego
3577 1825 3591 1848 ,
3629 1800 3812 1852 pcenas
3843 1786 3909 1839 de

2345 1870 2436 1923 illo
2476 1885 2680 1924 sumam
2720 1885 2816 1939 pro
2852 1871 3040 1940 injuria
3079 1887 3179 1940 qua
3211 1887 3292 1925 me
3325 1871 3516 1926 aﬁ'ecit.
3550 1873 3909 1939 Quamobrem

2345 1961 2430 2013 hic.
2454 2000 2466 2023 ,
2497 1975 2613 2029 qua:
2638 1975 2759 2014 vera
2805 1961 2874 2014 sit
2912 1960 3111 2030 justitia
3137 2002 3150 2025 ,
3182 1961 3336 2015 docet
3364 1978 3376 2014 :
3405 1976 3518 2015 eam
3549 1963 3794 2016 videlicet
3813 1977 3908 2016 ve-

2344 2064 2454 2102 ram
2482 2063 2599 2104 esse
2622 2049 2880 2118 justitiam
2907 2091 2921 2114 ,
2951 2049 2994 2102 si
3025 2051 3304 2117 unicuique
3325 2051 3462 2118 quod
3493 2065 3644 2103 suum
3674 2060 3755 2105 est
3782 2052 3909 2104 red-

2343 2140 2513 2194 datur.
2549 2160 2565 2191 ‹
2596 2140 2914 2209 Cumprimis
2957 2141 3160 2195 honora
3201 2142 3477 2195 Dominum
3510 2143 3576 2196 de
3614 2143 3772 2211 justis
3808 2145 3908 2196 tuis

2344 2232 2628 2298 laboribus,
2651 2242 2703 2286 et
2724 2233 2980 2301 primitias
2996 2234 3068 2287 illi
3087 2233 3150 2286 da
3172 2233 3238 2288 de
3257 2235 3358 2288 tuis
3377 2234 3589 2302 justitire
3610 2234 3862 2289 fructibus
3884 2255 3903 2287 ι

2345 2325 2508 2391 (Cap.
2553 2326 2604 2378 5.
2636 2323 2729 2393 9).
2771 2325 2968 2378 Deinde
3006 2325 3204 2378 honora
3252 2342 3424 2394 regem
3455 2365 3470 2390 ,
3515 2334 3568 2380 et
3604 2327 3908 2396 parentibus

2344 2414 2576 2468 debitum
2605 2416 2797 2470 exhibe
2823 2416 3052 2470 ofﬁcium
3075 2458 3088 2480 ,
3115 2418 3356 2472 omnibus
3384 2433 3509 2472 vero
3533 2419 3672 2486 quod
3699 2435 3907 2488 aequum

2343 2513 2441 2556 est.
2470 2504 2534 2556 Et
2555 2504 2639 2558 hic
2663 2506 2871 2573 quidem
2898 2521 3032 2560 unus
3058 2517 3139 2561 est
3167 2515 3337 2578 typus.
3367 2509 3512 2563 Alter
3538 2524 3684 2572 vero,
3711 2519 3768 2562 ut
3791 2511 3905 2562 ani-

2345 2607 2482 2645 niam
2527 2609 2674 2647 suam
2705 2596 2924 2664 quisque
2949 2596 3198 2664 justiﬁcet
3221 2639 3234 2662 ,
3270 2599 3678 2667 :nquabilitatem
3722 2608 3906 2654 custo-

2343 2683 2554 2749 diendo,
2584 2686 2652 2738 ita
2685 2695 2738 2740 ut
2765 2687 2814 2740 in
2847 2688 3306 2757 intequabilitatem
3351 2705 3453 2744 non
3496 2691 3764 2755 declinet,
3813 2691 3906 2744 sed

2343 2776 2530 2829 rationi
2558 2777 2918 2846 obtemperet,
2955 2779 3035 2832 Ne
3063 2782 3196 2833 malo
3231 2782 3437 2834 consilio
3459 2822 3473 2845 ,
3503 2798 3601 2849 quo
3629 2784 3908 2850 juventutis

2344 2867 2570 2918 doctrina
2613 2869 2904 2935 repudiatur
2926 2908 2942 2931 ,
2988 2871 3202 2938 capiaris
3236 2870 3402 2939 (Cap.
3432 2871 3488 2923 2.
3517 2872 3600 2926 16.
3635 2873 3735 2940 17)
3769 2890 3781 2924 :
3814 2873 3906 2926 sed

2345 2971 2461 3010 cum
2488 2959 2708 3012 consilio
2730 2960 2903 3013 omnia
2931 2960 3108 3024 facias,
3136 2969 3189 3014 et
3209 2962 3551 3030 cogitationes
3580 2972 3681 3016 tua:
3706 2962 3810 3016 sint
3825 2963 3908 3030 ju-

2342 3047 2496 3112 dicia,
2524 3050 2591 3102 ita
2617 3059 2670 3102 ut
2699 3051 2928 3120 seipsum
2951 3051 3173 3121 quisque
3196 3053 3412 3121 judicet,
3440 3063 3491 3108 et
3520 3068 3677 3109 omne
3701 3055 3908 3109 deside-

2343 3139 2476 3191 rium
2504 3139 2724 3208 probum
2765 3141 2989 3195 habeat:
3027 3141 3185 3195 Omne
3211 3144 3404 3212 quippe
3431 3145 3687 3212 justorum
3715 3146 3909 3199 deside-

2342 3229 2471 3280 rium
2501 3229 2678 3282 bonum
2703 3240 2773 3283 est
2796 3229 2948 3301 (Cap.
2972 3233 3056 3284 H.
3076 3232 3146 3286 23
3166 3230 3215 3301 );
3245 3243 3315 3294 et,
3347 3232 3757 3300 Concupiscentia
3777 3236 3906 3303 justi

2345 3331 2546 3390 accepta
2578 3332 2648 3374 est
2692 3323 2851 3391 (Cap.
2889 3323 2972 3377 10.
3000 3323 3127 3392 21).
3176 3323 3326 3388 Quod
3365 3333 3538 3377 autem
3583 3325 3904 3378 iracundiam

2343 3421 2560 3479 spectat,
2588 3413 2671 3465 Ne
2697 3415 2765 3466 sis
2793 3416 2983 3467 amicus
3003 3456 3017 3480 ,
3060 3415 3261 3484 inquit,
3285 3416 3389 3468 viro
3425 3417 3644 3484 furioso,
3671 3426 3717 3468 et
3747 3418 3906 3470 amico

2343 3503 2583 3557 iracundo
2607 3521 2669 3557 ne
2692 3505 2939 3560 cohabiles
2961 3505 3106 3575 (Cap.
3138 3506 3226 3559 22.
3254 3505 3366 3575 2-5).
3395 3507 3603 3560 Omnem
3626 3508 3756 3560 enim
3781 3509 3907 3560 iram

2342 3613 2485 3650 suam
2517 3597 2691 3649 emittit
2720 3598 2959 3666 insipiens
2993 3614 3010 3651 .°
3040 3598 3238 3666 sapiens
3267 3614 3380 3651 vero
3408 3599 3546 3651 illam
3575 3614 3636 3651 ea:
3663 3609 3802 3666 parte
3828 3615 3908 3651 re-

2343 3691 2510 3742 condit
2537 3689 2555 3759 (
2575 3689 2701 3757 Cap.
2730 3690 2818 3744 29.
2850 3691 2907 3743 11
2934 3689 2972 3758 ).
3000 3689 3099 3757 Qui
3126 3690 3358 3760 seipsum
3382 3690 3446 3744 ad
3473 3689 3611 3744 hunc
3639 3691 3908 3758 componit

2341 3779 2556 3833 modum
2581 3820 2594 3844 ,
2625 3788 2681 3833 et
2717 3779 2948 3848 singulas
2979 3780 3233 3849 cujusque
3260 3780 3425 3848 partis
3453 3782 3644 3833 anima:
3672 3781 3908 3833 actiones

2343 3883 2497 3923 sanas
2517 3879 2569 3923 et
2589 3872 2839 3922 innocuas
2862 3868 3107 3932 custodit,
3139 3870 3182 3922 is
3202 3869 3412 3922 demum
3431 3883 3610 3922 veram
3634 3868 3911 3936 agniturus

2341 3971 2421 4015 est
2441 3960 2720 4025 justitiam.
2747 3959 2950 4014 Judicia
2975 3974 3102 4014 vero
3125 3960 3353 4029 dirigere
3381 3968 3464 4015 est
3489 3960 3746 4028 imprimis
3766 3960 3912 4026 juste

2341 4050 2626 4104 secundum
2651 4049 2820 4119 legem
2843 4049 2934 4104 Dei
2956 4049 3212 4118 judicare,
3240 4059 3295 4102 ut
3319 4052 3422 4102 ait:
3453 4067 3471 4098 ι
3495 4049 3652 4115 Aperi
3677 4061 3737 4101 os
3761 4058 3908 4102 tuum

2339 4141 2501 4196 verbo
2525 4140 2635 4206 Dei,
2653 4151 2704 4194 et
2732 4156 2857 4195 sane
2878 4141 2943 4195 de
2972 4141 3215 4195 omnibus
3233 4140 3427 4207 judica.
3459 4140 3750 4205 Pauperem
3777 4155 3912 4193 vero

2340 4242 2390 4287 et
2412 4232 2725 4286 imbecillem
2748 4231 2974 4302 dijudica
3003 4251 3020 4284 ›
3049 4232 3197 4300 (Cap.
3217 4233 3303 4286 51.
3332 4233 3383 4285 8.
3413 4231 3488 4298 9).
3513 4249 3529 4280 ‹
3555 4230 3651 4297 Qui
3679 4246 3911 4300 namque

2338 4323 2467 4376 dicit
2491 4321 2556 4376 de
2583 4322 2763 4390 impio,
2792 4321 2970 4376 Justus
2996 4328 3096 4385 est,
3127 4321 3464 4375 exsecrabilis
3489 4329 3569 4374 est
3595 4320 3823 4388 pOpulis,
3856 4332 3912 4375 et

2338 4411 2551 4465 odiosus
2577 4411 2712 4464 inter
2738 4419 2942 4479 gentes.
2970 4410 3255 4463 Personam
3283 4411 3422 4464 enim
3451 4410 3500 4462 in
3526 4409 3725 4478 judicio
3752 4425 3908 4464 reve-

2338 4501 2440 4554 reri
2468 4499 2659 4553 bonum
2692 4515 2795 4552 non
2823 4508 2904 4554 est
2932 4519 2950 4552 ι
2984 4499 3132 4568 (Cap.
3160 4501 3248 4553 24.
3276 4499 3362 4553 24.
3393 4499 3520 4568 25).
3553 4499 3664 4552 Hoc
3687 4498 3905 4567 quidem

2337 4592 2508 4661 palam
2539 4602 2590 4646 et
2619 4600 2799 4660 aperte
2823 4591 3103 4646 dicendum
3130 4601 3210 4645 est
3235 4609 3247 4645 :
3275 4591 3484 4656 deinde,
3515 4600 3572 4644 ut
3596 4591 3735 4659 quod
3756 4591 3904 4658 judi-

2337 4686 2472 4737 cium
2506 4684 2555 4737 in
2587 4683 2719 4737 alios
2749 4684 3004 4752 quiSpiam
3037 4681 3256 4751 profert,
3286 4682 3512 4750 idipsum
3542 4683 3592 4734 in
3624 4695 3742 4736 sese
3767 4681 3914 4734 diri-

2337 4786 2456 4843 gat,
2488 4789 2649 4842 seque
2680 4775 2790 4842 ipse
2819 4775 3083 4827 examinet
3111 4790 3123 4824 :
3158 4771 3511 4840 corripiatque
3538 4772 3581 4824 si
3610 4769 3928 4825 excesserit

2339 4866 2412 4917 ira
2445 4882 2456 4917 :
2487 4865 2749 4928 cohibeat,
2782 4865 2822 4916 si
2851 4862 3216 4917 vehementior
3244 4860 3402 4914 fuerit
3429 4861 3860 4928 concupiscentia
3909 4875 3925 4911 :

2335 4958 2558 5020 excitet,
2589 4957 2630 5008 si
2659 4955 2931 5008 dormierit
2958 4954 3035 5005 vis
3063 4953 3345 5017 ratiocinii,
3376 4952 3554 5007 dicens
3585 4970 3596 5004 :
3633 4954 3922 5018 Quousque

2337 5047 2491 5114 piger,
2512 5049 2650 5113 jaces
2673 5043 2822 5111 (Cap.
2859 5042 2908 5096 6.
2935 5040 3042 5108 9)?
3076 5043 3146 5095 lta
3172 5043 3309 5095 enim
3337 5058 3395 5096 se
3415 5043 3555 5110 juste
3580 5056 3786 5110 gerens,
3813 5055 3920 5094 ac-

2335 5145 2645 5203 CuSatorque
2671 5135 2747 5188 sui
2774 5133 2959 5196 factus,
2985 5133 3451 5200 rectumjudicium
3478 5132 3715 5200 proferre
3736 5131 3883 5186 dicet
3908 5175 3925 5199 ,

2335 5241 2431 5280 nec
2458 5225 2632 5278 audiet
2657 5225 2723 5276 ab
2745 5223 2850 5275 alio
2879 5238 2890 5272 :
2927 5222 3022 5287 Qui
3049 5224 3198 5275 alium
3229 5223 3374 5275 doces
3398 5265 3411 5287 ,
3436 5222 3648 5289 teipsum
3676 5237 3773 5272 non
3800 5223 3895 5272 do-

2333 5317 2453 5369 ces?
2478 5319 2563 5384 qui
2586 5315 2680 5376 ais,
2711 5312 2828 5364 Non
2859 5313 3197 5377 masc/laberis,
3227 5313 3488 5365 masc/toris
3515 5311 3688 5378 (Rom.
3717 5309 3770 5361 2.
3804 5312 3899 5365 21.

2332 5402 2944 5475 22)?Quemadmodum
2987 5404 3125 5457 enim
3170 5406 3257 5472 qui
3303 5405 3401 5458 iter
3454 5403 3610 5465 facit,
3661 5403 3702 5455 si
3755 5415 3908 5458 recta

2332 5497 2596 5567 gradiatur
2635 5494 2715 5545 via
2742 5534 2756 5558 ,
2803 5493 2866 5545 ad
2910 5492 3066 5547 ﬁnem
3095 5494 3188 5546 vire
3221 5493 3496 5561 pervenit:
3530 5491 3604 5544 sic
3635 5491 3720 5559 qui
3755 5504 3905 5546 recta

2333 5585 2745 5657 profertjudicia
2769 5627 2781 5648 ,
2823 5585 2993 5653 justus
3035 5594 3350 5653 aguoscetur
3391 5594 3443 5637 et
3472 5584 3701 5651 sapiens.
3734 5583 3906 5637 Para-

2333 5678 2466 5730 bola:
2491 5685 2662 5730 autem
2692 5673 2937 5730 dicuntur
2957 5689 3244 5740 sermones,
3266 5674 3412 5743 quasi
3437 5673 3689 5742 imagines
3713 5686 3908 5732 eorum
