4152 6324
250 397 355 452 371

244 510 584 575 Φάσκοντες
618 505 766 563 εἶναι
803 511 979 579 σοφοὶ
1003 552 1015 572 ,
1059 512 1501 580 ἐμωράνθησαν.
1533 508 1804 581 Αίρετικοί.

244 591 299 644 δὲ
330 592 675 645 παιδεύεσθαι
716 594 1022 660 νομίζοντες
1049 595 1476 663 ἐξεστράφησαν,
1510 593 1601 646 καὶ
1631 593 1806 661 ἀμαρ-

245 675 496 727 τάνουσιν
522 676 673 738 ὄντες
694 676 1160 741 αύτοκατάκριτοι.
1193 676 1312 728 Τῶν
1344 677 1400 728 δὲ
1444 676 1603 728 θείων
1635 674 1807 740 λόγων

246 753 485 814 ἀκούσας
522 754 683 819 σοφὸς
706 794 719 816 ,
750 754 1049 824 σοφώτερος
1081 754 1250 807 ἔσται.
1279 754 1397 806 Τῶν
1435 754 1541 822 γὰρ
1566 751 1808 822 νομίμων

248 832 341 884 τοῦ
390 834 524 885 Θεοῦ
573 836 829 897 ἀκούσας,
863 835 1157 889 καὶταῦτα
1192 836 1448 903 φυλάξας,
1501 834 1591 886 ἐπί
1635 850 1695 885 τε
1741 835 1806 902 τῇ

247 914 465 984 παιδείᾳ
516 916 722 984 Κυρίου
779 917 851 987 μὴ
907 917 1280 987 ὀλιγωρήσας,
1347 916 1477 987 μηδὲ
1535 913 1811 976 ἐλκυσθείς

246 995 430 1065 ἀπάτῃ
457 1038 470 1059 ,
512 997 624 1058 υἱὸς
677 997 836 1065 σοφὸς
879 1001 1204 1067 γενήσεται,
1264 998 1357 1050 καί.
1390 995 1810 1065 πεπαιδευμένος

249 1077 539 1146 γενόμενος
565 1078 765 1146 ταχέως
794 1078 886 1130 καὶ
915 1079 1009 1146 τὴν
1034 1078 1182 1149 παρά
1201 1078 1330 1131 Θεοῦ
1364 1079 1562 1145 γνῶσιν
1581 1076 1808 1140 δέξεται.

250 1158 437 1229 Ταύτῃ
464 1159 573 1229 γὰρ
616 1162 664 1211 οἰ
710 1160 859 1226 σοφοὶ
910 1160 1269 1214 παιδεύονται.
1297 1159 1499 1231 Νόησις
1535 1157 1591 1211 δὲ
1643 1158 1813 1226 λόγων

255 1243 567 1312 φρονήσεως
592 1244 623 1311 ή
656 1242 781 1311 περὶ
807 1240 903 1294 τοῦ
933 1243 1089 1311 μόνου
1116 1244 1208 1296 καὶ
1230 1242 1485 1314 ἀληθινοῦ
1516 1242 1664 1305 ὄντος
1679 1240 1814 1294 Θεοῦ

253 1322 590 1376 διδασκαλία.
640 1324 762 1375 Ἐπί
791 1322 898 1393 γὰρ
945 1324 1211 1393 Ἐλλήνων
1259 1326 1306 1377 οἰ
1362 1326 1460 1395 μὲν
1518 1324 1674 1394 σῶμα
1724 1323 1815 1377 τὸν

252 1406 385 1460 Θεὸν
415 1402 585 1468 εἷπον,
628 1409 676 1461 οἱ
710 1407 765 1459 δὲ
797 1407 1032 1470 εἰδώλοις
1064 1410 1224 1461 αὑτὸν
1245 1409 1441 1478 ὁμοίως
1466 1408 1813 1478 ἐλάτρευσαν.

255 1488 530 1556 Αἰρετικοὶ
559 1489 613 1541 δὲ
642 1490 734 1541 καὶ
762 1489 911 1541 αὐτοὶ
934 1491 1057 1559 περὶ
1084 1491 1177 1542 τοῦ
1207 1490 1355 1551 ὄντος
1377 1490 1814 1560 παρεφρόνησαν.

257 1572 354 1624 Διά
380 1570 536 1623 τοῦτο
561 1565 713 1633 οὗτος
737 1571 832 1641 τὴν
861 1572 1035 1641 ἀληθῆ
1067 1573 1193 1635 περί
1218 1572 1350 1625 Θεοί
1376 1573 1574 1641 γνῶσιν
1612 1570 1822 1641 ἐξηγεῖ-

257 1670 346 1705 ται
376 1693 389 1713 ,
426 1652 486 1705 τὸ
520 1650 615 1721 μὲν
644 1652 1011 1722 ἀνέκφραστον
1050 1654 1213 1707 αὑτοῦ
1249 1655 1451 1724 λέγων,
1485 1655 1638 1719 Δόξα
1673 1653 1819 1707 Θεοῦ

258 1734 509 1801 κρύπτει
563 1734 777 1802 λόγον’
815 1734 874 1786 τὸ
910 1734 964 1787 δέ
998 1737 1351 1807 προνοητικὸν
1406 1736 1567 1789 αὑτοῦ
1610 1751 1773 1804 φησιν
1802 1752 1814 1765 ·

270 1816 369 1868 Ἑν
425 1816 604 1869 παντὶ
660 1817 818 1882 τόπῳ
858 1817 1148 1886 ὀφθαλμοί
1194 1819 1413 1887 Κυρίου
1454 1818 1822 1873 σκοπεύουσι

262 1899 487 1964 κακούς
517 1914 579 1950 τε
602 1897 699 1953 καὶ
737 1898 1013 1964 ἀγαθούς.
1044 1900 1151 1951 Kal
1173 1900 1365 1964 πάλιν,
1394 1900 1695 1965 Πλούσιος
1727 1896 1824 1952 καί

266 1981 498 2048 πτωχὸς
542 1980 942 2047 συνήντησαν
977 1981 1303 2050 ἀλλήλοις,
1345 1981 1717 2051 ἀμφοτέρους
1757 1978 1825 2032 δὲ

263 2064 554 2130 ἐποίησεν
587 2065 619 2115 ό
648 2065 878 2129 Κύριος.
916 2064 1043 2126 Kal,
1070 2064 1393 2119 Δανειστοῢ
1415 2065 1513 2119 καί
1547 2079 1824 2133 χρεωφει-

264 2145 443 2198 λέτου
478 2145 769 2210 ἀλλήλοις
794 2146 1237 2211 συνελθόντων,
1273 2147 1613 2213 ἐπισκοπὴν
1650 2144 1826 2199 ποιεῖ-

268 2243 362 2281 ται
399 2226 742 2294 ἀμφοτέρων
767 2230 797 2279 ὁ
822 2228 1052 2293 Κύριος.
1091 2229 1220 2291 Kal,
1258 2226 1541 2282 Ἑνώπιον
1567 2226 1677 2297 γάρ
1709 2229 1826 2281 εἰσι

268 2312 386 2366 τῶν
414 2313 517 2366 τοῦ
552 2313 696 2366 Θεοῦ
727 2312 1043 2381 ὀφθαλμῶν
1066 2314 1191 2368 όδοί
1218 2315 1435 2382 ἀνδρός
1460 2331 1475 2347 ο
1518 2316 1605 2380 εἰς
1634 2312 1701 2367 δὲ
1726 2311 1829 2366 πά-

268 2409 387 2459 σας
415 2394 651 2461 τροχιὰς
690 2394 873 2447 αὑτοῦ
897 2396 1199 2450 σκοπεύει.
1236 2396 1344 2449 Kal
1372 2397 1429 2448 τὸ
1460 2396 1557 2467 μὲν
1588 2393 1825 2466 κριτικὸν

271 2475 435 2528 αύτοῦ
482 2492 642 2545 φησι*
689 2478 899 2530 Θυσίαι
930 2476 1163 2531 ἀσεϐῶν
1212 2478 1528 2547 βδέλυγμα
1574 2478 1825 2545 Κυρίου·

271 2558 443 2625 εὐχαὶ
480 2558 547 2610 δὲ
578 2559 1061 2613 κατευθυνόντων
1087 2561 1283 2614 δεκταὶ
1336 2562 1470 2629 παρ’
1516 2558 1692 2624 αὐτῷ.
1723 2560 1831 2613 Kal

274 2641 434 2693 πάλιν
454 2656 468 2670 ·
494 2641 709 2705 Οἶκους
728 2640 1023 2707 ὑϐριστῶν
1047 2640 1325 2708 κατασπᾷ
1340 2644 1549 2710 Κύριος
1571 2681 1586 2707 ,
1610 2642 1832 2708 ἔστησε

274 2720 341 2773 δὲ
380 2720 545 2788 δριον
575 2721 765 2789 χήρας
813 2722 1113 2792 (legebatur
1142 2726 1195 2777 in
1231 2723 1336 2777 Ms.
1378 2723 1617 2794 χώρας).
1669 2724 1741 2776 Τὸ
1777 2722 1833 2775 δέ

274 2804 660 2875 δημιουργικὸν
694 2805 852 2857 αὐτοῦ
902 2807 999 2876 ούχ
1055 2807 1273 2871 ἁπλῶς,
1324 2807 1435 2861 ἀλλ’
1482 2808 1561 2860 ότι
1606 2806 1692 2861 διὰ
1738 2806 1833 2859 τοῦ

276 2887 408 2940 ἰδίου
438 2888 593 2955 λόγου
622 2889 714 2940 καὶ
747 2890 842 2959 τῆς
885 2890 1073 2956 σοφίας
1103 2891 1279 2944 πάντα
1317 2892 1459 2943 ποιεῖ
1480 2907 1493 2921 ·
1525 2890 1552 2943 ὃ
1604 2891 1835 2961 μάλιστα

275 2969 668 3040 χαρακτηρίζει
707 2970 793 3023 τὸν
842 2971 1089 3041 ἀληθινὸν
1120 2972 1284 3038 Θεὸν,
1340 2974 1421 3027 ὄτι
1469 2973 1599 3026 Υίοῦ
1649 2973 1836 3042 Πατήρ

278 3055 417 3106 ἐστι.
442 3052 602 3119 Λέγει
651 3051 811 3119 γοῦν·
871 3053 923 3105 '0
964 3054 1106 3119 Θεὸς
1145 3053 1217 3121 τῇ
1263 3056 1448 3123 σοφίᾳ
1486 3055 1837 3124 ἐθεμελίωσε

278 3134 392 3201 τὴν
422 3132 557 3202 γῆν.
590 3135 698 3186 Kal
736 3135 928 3201 πάλιν,
974 3136 1026 3187 '0
1061 3137 1201 3203 Θεὸς
1232 3137 1481 3204 ἐποίησε
1511 3136 1703 3207 χώρας
1741 3137 1837 3191 καί

280 3214 597 3281 ἀοικήτους
618 3258 631 3277 ,
652 3216 747 3268 καὶ
771 3216 923 3283 ἄκρα
948 3219 1262 3285 οἰκούμενα
1292 3216 1398 3284 τῆς
1427 3220 1528 3274 ὑπ’
1558 3223 1655 3286 οὺς
1667 3222 1834 3273 ανόν.

291 3298 502 3351 Ἠνίκα
546 3296 813 3365 ἡτοίμαζε
843 3298 949 3349 τὸν
979 3300 1267 3368 οὐρανὸν,
1300 3301 1705 3369 συμπαρήμην
1735 3304 1839 3355 αὺ-

284 3380 395 3445 τῷ,
434 3379 530 3433 καί
559 3380 655 3432 ὅτε
684 3378 924 3447 ἀφώριζε
965 3382 1070 3433 τόν
1105 3383 1289 3436 αὑτοῦ
1330 3385 1543 3449 θρόνον
1578 3382 1669 3436 ἐπ’
1706 3384 1840 3437 ἀνέ-

284 3478 443 3529 μων,
475 3461 657 3527 ἡνίκα
703 3462 917 3527 ἰσχυρὰ
957 3462 1140 3516 ἐποίει
1190 3464 1261 3517 τὰ
1306 3465 1429 3517 ἀνω
1466 3465 1646 3533 νέφη,
1682 3466 1842 3534 ἤμην

287 3545 420 3611 παρ’
444 3542 602 3607 αὐτῷ
644 3543 992 3611 ἁρμόζουσα.
1036 3545 1171 3613 Ἐγὼ
1207 3546 1367 3613 ἤμην
1396 3541 1435 3617 ᾗ
1465 3549 1839 3617 προσέχαιρε,

288 3627 416 3679 καθ’
450 3624 675 3691 ἡμέραν
712 3625 777 3676 δὲ
805 3628 1205 3695 εὐφραινόμην
1223 3630 1292 3680 ἐν
1318 3629 1612 3697 προσώπῳ
1637 3630 1840 3683 αὐτοῦ.

290 3708 527 3777 Στροφαὶ
554 3707 724 3775 λόγων
747 3709 986 3777 εἴρηνται
1010 3748 1022 3771 ,
1059 3710 1241 3780 ἐπειδὴ
1272 3712 1514 3781 στρέφων
1544 3728 1625 3773 τις
1651 3713 1845 3775 αὐτοὺς

290 3793 354 3860 τῇ
391 3790 597 3858 διανοίᾳ
620 3830 634 3853 ,
683 3792 881 3856 ἀνοίγει
926 3791 1017 3843 καὶ
1047 3791 1285 3861 εὑρίσκει
1313 3794 1401 3846 τὸν
1444 3796 1499 3846 ἐν
1543 3796 1724 3858 αὐτοῖς
1752 3796 1846 3862 ἐγ-

292 3872 540 3941 κείμενον
569 3871 709 3923 νοῦν.
743 3866 843 3923 om
876 3873 978 3923 εἰσι
1004 3889 1017 3903 ·
1052 3874 1305 3942 Δωσώθη
1336 3875 1452 3929 ἀπὸ
1492 3877 1596 3930 τοῦ
1627 3878 1849 3945 καύμα-

291 3969 394 4019 τος
427 3953 557 4018 υίὸς
586 3953 823 4021 νοήμων
841 3970 853 3983 ο
881 3955 1277 4024 ἀνεμόφθορος
1311 3958 1530 4026 γίνεται
1560 3959 1628 4012 ἐν
1650 3958 1850 4027 ἀμήτφ

294 4037 422 4101 υίὸς
450 4035 806 4104 παράνομος.
838 4038 943 4090 Kal
970 4037 1148 4099 πάλιν,
1193 4038 1499 4107 Ἐπιμελοῦ
1528 4040 1645 4095 τῶν
1676 4043 1743 4094 ἐν
1772 4039 1850 4105 τῷ

294 4118 478 4184 πεδίῳ
514 4115 758 4184 χλωρῶν
780 4159 793 4181 ,
824 4118 919 4170 καί
965 4118 1152 4185 κερεῖς
1191 4121 1346 4174 πόαν
1367 4162 1381 4184 ,
1420 4122 1517 4175 καί
1547 4122 1850 4191 συνάγαγε

295 4203 513 4268 χόρτον
536 4200 784 4267 ὀρεινὸν,
815 4201 913 4252 ἵνα
941 4201 1086 4268 ἔχῃς
1110 4204 1371 4269 πρόϐατα
1397 4208 1483 4270 είς
1512 4208 1846 4274 ἱματισμόν.

298 4284 404 4335 Kal
434 4281 628 4344 πάλιν,
667 4282 805 4334 Ἐὰν
844 4284 1096 4349 καθίσῃς
1120 4283 1383 4338 δειπνεῖν
1419 4287 1516 4339 ἐπὶ
1568 4287 1849 4355 τραπέξης

295 4362 645 4427 δυναστῶν,
693 4360 915 4428 νοητῶς
958 4365 1080 4417 νόει
1135 4366 1207 4419 τὰ
1254 4368 1683 4436 παρατιθέμενὰ
1718 4383 1847 4422 σοι’

296 4446 390 4497 καὶ
444 4444 512 4496 τά
549 4445 705 4511 ὅμοια
752 4444 975 4507 τούτοις.
1028 4447 1377 4517 Δικαιοσύνης
1431 4448 1661 4518 ἀληθοῦς
1704 4450 1849 4522 [377-]

296 4528 479 4595 νόησις
519 4526 751 4596 εἴρηται,
776 4526 957 4595 ἐπειδή
989 4543 1131 4589 τινες
1165 4528 1472 4597 ἐξειλήφασι
1503 4531 1562 4583 τὸ
1606 4530 1808 4585 δίκαιον
1833 4546 1845 4563 ⁸

295 4609 402 4662 τῶν
440 4610 536 4678 μὲν
563 4610 823 4675 λεγόντων
848 4648 863 4673 ,
886 4608 1095 4662 Δίκαιόν
1121 4611 1266 4673 ἐστι,
1294 4612 1353 4663 τὸ
1385 4612 1681 4665 ἀποδιδόναι
1710 4614 1849 4683 ἅπερ

298 4690 453 4743 ελαὸέ
498 4707 581 4751 τις
620 4689 882 4757 φυλάξαι·
933 4690 1040 4742 τῶν
1088 4691 1177 4757 δὲ,
1206 4692 1264 4745 τὸ
1303 4693 1499 4746 διδόναι
1540 4695 1703 4747 κακὸν
1732 4697 1850 4749 ἀντί

298 4771 468 4825 κακοῦ
499 4812 513 4832 ,
567 4773 657 4850 καὶ
706 4771 902 4837 ἀγαθὸν
937 4772 1055 4825 ἀντὶ
1094 4773 1317 4841 ἀγαθοῦ.
1356 4776 1643 4844 Συμϐαίνει
1684 4777 1740 4829 δὲ
1777 4776 1850 4850 μὴ

298 4854 545 4925 ἀκριϐεῖς
579 4849 714 4905 εἶναι
745 4854 868 4916 τοὺς
898 4854 1166 4919 τοιούτους
1199 4857 1373 4926 ὅρους.
1406 4858 1496 4926 Μὴ
1531 4859 1688 4929 εῐπῃς
1723 4858 1849 4930 γὰρ,

303 4939 399 4991 Ὃν
428 4936 630 5005 τρόπον
678 4936 941 5004 ἐχρήσατό
991 4952 1099 5005 μοι,
1139 4939 1409 5007 χρήσομαι
1438 4938 1603 5009 αὐτῷ,
1636 4940 1852 5010 τίσομαι

298 5018 354 5072 δέ
380 5017 545 5070 αὑτὸν
588 5017 623 5069 ἆ
663 5032 729 5084 με
756 5016 996 5087 ἠδίκησε.
1035 5017 1132 5072 Διά
1166 5019 1321 5072 τοῦτο
1360 5016 1510 5084 οὗτος
1547 5024 1643 5092 τὴν
1682 5024 1854 5096 ἀληθῆ

303 5100 644 5168 ίικαιοσύνην
668 5098 904 5151 διδάσκει
946 5100 1182 5164 τούτοις·
1211 5102 1271 5154 τὸ
1304 5103 1498 5173 ἀληθὲς
1525 5104 1727 5159 δίκαιον
1746 5146 1760 5171 ,
1792 5108 1854 5161 τὸ

302 5181 610 5235 ἀποδιδόναι
661 5180 877 5248 ἐκάστῳ
928 5180 986 5232 τὸ
1042 5180 1187 5235 ἴδιον.
1239 5186 1699 5253 Προηγουμένως
1741 5188 1855 5255 μὲν

304 5266 439 5333 τίμα
469 5261 579 5314 τόν
615 5262 831 5327 Κύριον
860 5261 976 5314 ἀπὸ
1022 5262 1147 5316 σῶν
1188 5264 1431 5318 δικαίων
1472 5267 1671 5320 πόνων
1694 5306 1709 5331 ,
1756 5271 1855 5324 καί

303 5344 578 5411 ἀπάρχου
631 5341 787 5406 αὐτῷ
829 5342 947 5396 ἀπὸ
997 5344 1124 5397 σῶν
1168 5346 1407 5414 καρπῶν
1445 5348 1851 5419 δικαιοσύνης.

309 5427 535 5478 Ἔπειτα
566 5424 699 5492 τίμα
730 5423 964 5492 βασιλέα,
994 5427 1085 5477 καὶ
1115 5429 1225 5487 τοῖς
1265 5429 1362 5497 μὲν
1400 5429 1612 5496 γονεῦσι
1646 5431 1705 5484 τὸ
1727 5433 1858 5487 καθ-

304 5510 435 5588 ηξιον
463 5507 731 5568 ἀποδίδου,
781 5511 888 5569 τοῖς
927 5508 981 5560 δὲ
1026 5511 1158 5562 πᾶσι
1195 5511 1256 5563 τὸ
1287 5512 1415 5567 ἴσον.
1446 5515 1551 5568 Kal
1577 5510 1726 5581 οὗτος
1761 5519 1857 5588 μὲν

311 5584 385 5652 εἰς
410 5590 597 5652 τύπος.
626 5589 881 5659 Δεύτερος
915 5590 970 5644 δὲ
994 5630 1008 5654 ,
1038 5592 1276 5647 δικαιοῦν
1317 5595 1411 5665 τὴν
1441 5596 1616 5668 ψυχήν
1644 5584 1855 5663 ἐαυτοῦ,

311 5671 404 5741 τὴν
435 5673 650 5743 ἰσότητα
685 5671 966 5740 φυλάττειν
990 5713 1005 5738 ,
1034 5674 1171 5728 ὥστε
1201 5679 1274 5749 μή
1306 5678 1503 5733 κλίνειν
1551 5684 1630 5745 εἰς
1678 5684 1856 5737 ἀνισό-

1290 395 1621 454 SYNOPSIS
1660 390 2070 452 SCRIPTUM
2116 392 2384 450 SACRE.

3360 384 3473 442 372

1910 524 2065 577 τητα·
2091 507 2223 560 ἀλλά
2254 506 2332 577 τῷ
2359 506 2454 576 μὲν
2486 504 2702 573 λογικῷ,
2728 504 2821 570 Μή
2850 517 2923 556 σε
2946 497 3463 565 καταλάϐῃβουλὴ

1912 591 2065 659 κακὴ
2099 630 2114 656 ,
2162 592 2201 658 ἠ
2254 589 2667 645 ἀπολείπουσα
2722 586 3114 638 διδασκαλίαν
3170 582 3465 647 νεότητος,

1913 673 2046 727 ἀλλὰ
2074 674 2209 744 μετὰ
2247 672 2437 742 βουλῆς
2466 671 2638 723 πάντα
2677 670 2856 731 ποίει,
2883 669 2972 720 καὶ
3001 669 3049 720 οἱ
3092 665 3333 733 λογισμοί
3374 679 3466 715 σου

1914 755 2155 810 ἔστωσαν
2182 755 2453 826 κρίματαο
2483 752 2622 805 ὥστε
2654 752 2854 822 κρίνειν
2882 750 3067 802 ἑαυτὸν
3097 748 3341 806 ἕκαστον,
3378 744 3471 797 καὶ

1914 838 2010 909 τὴν
2054 841 2151 909 μὲν
2178 837 2470 907 ἐπιθυμίαν
2501 836 2677 887 πᾶσαν
2710 833 2849 902 ἔχειν
2888 830 3124 901 άγαθήν’
3170 826 3473 895 Ἐπιθυμία

1917 924 2022 992 γὰρ
2054 920 2298 973 δικαίων
2327 916 2493 971 πᾶσα
2526 915 2714 983 ἀγαθὴ
2737 955 2750 977 ,
2794 914 2890 966 καί
2930 912 3207 979 ἐπιθυμία
3238 909 3470 992 δικαίου

1916 988 2115 1069 tam.
2150 1000 2303 1054 Κατὰ
2332 999 2386 1052 δὲ
2415 998 2472 1051 τὸ
2502 997 2747 1067 θυμικὸν,
2780 996 2872 1061 Μὴ
2905 994 3026 1047 ισθι
3051 992 3277 1058 ἑταῖρος
3299 988 3470 1055 ἀνδρί

1917 1082 2166 1153 θυμώδει
2188 1123 2202 1147 ,
2229 1081 2384 1149 φίλῳ
2422 1079 2488 1132 δὲ
2521 1080 2734 1146 ὀργίλῳ
2753 1077 2838 1146 μὴ
2882 1074 3268 1136 συναυλίζου.
3298 1073 3475 1125 Ὄλον

1919 1166 2028 1235 γὰρ
2056 1163 2162 1217 τὸν
2183 1162 2372 1232 θυμόν
2403 1161 2632 1229 ἐκφέρει
2661 1158 2844 1212 αὑτοῦ
2866 1158 3066 1226 ἄφρων
3084 1172 3096 1187 ο
3132 1157 3161 1208 ό
3192 1154 3257 1206 δὲ
3286 1157 3475 1235 σοφὸς

1919 1234 2247 1315 ταμιεύεται
2290 1243 2437 1297 κατὰ
2462 1241 2658 1311 μέρος.
2693 1240 2845 1293 Οῦτω
2888 1240 2944 1292 δὲ
2983 1236 3169 1291 ἐαυτὸν
3204 1234 3474 1307 ῥυθμίζων

1921 1328 2234 1399 ἅνθρωπος,
2268 1327 2363 1396 τὴν
2415 1325 2545 1377 ἰδίαν
2608 1324 2837 1376 ἑκάστου
2900 1321 3095 1392 μέρους
3149 1322 3247 1387 τῆς
3300 1316 3475 1399 ψυχῆς

1924 1398 2118 1479 πρᾶξιν
2150 1408 2275 1477 ὑγιῆ
2326 1406 2419 1461 καί.
2471 1406 2626 1475 ἀσινῆ
2684 1403 2977 1471 φυλάττων,
3012 1401 3162 1453 ἔσται
3199 1398 3476 1467 γινώσκων

1920 1492 2019 1561 τὴν
2050 1490 2222 1560 ἀληθῆ
2244 1488 2598 1557 δικαιοσύνην.
2616 1487 2869 1555 Κρίματα
2894 1484 2949 1535 δὲ
2976 1480 3317 1535 κατευθύνειν
3341 1479 3475 1561 ἐστὶ,

1924 1559 2344 1645 προηγουμένως
2390 1570 2484 1638 μὲν
2533 1569 2735 1638 κρίνειν
2788 1566 3008 1626 δικαίως
3056 1562 3196 1616 κατὰ
3240 1562 3329 1615 τὸν
3384 1559 3479 1645 τοῦ

1923 1644 2056 1707 Θεοῦ
2103 1655 2262 1722 νόμον
2288 1691 2302 1715 ,
2342 1651 2414 1713 ὥς
2448 1667 2577 1719 φησι
2602 1665 2613 1679 ·
2656 1651 2879 1715 Ἀνοιτε
2934 1646 3048 1700 σὸν
3089 1647 3281 1715 στόμα
3323 1644 3481 1712 λόγῳ

1928 1737 2073 1791 Θεοῦ
2098 1775 2112 1799 ,
2146 1735 2240 1789 καί
2286 1734 2450 1802 κρῖνε
2484 1732 2707 1796 πάντας
2754 1730 2952 1799 ὑγιῶς.
2984 1729 3249 1799 Διάκρινε
3279 1727 3347 1781 δὲ
3381 1726 3482 1779 πέ-

1925 1836 2075 1887 νητα
2107 1818 2204 1873 καὶ
2236 1815 2481 1883 ἀσθενῆ.
2541 1816 2592 1867 '0
2627 1817 2733 1883 γὰρ
2777 1814 2959 1867 εἰπὼν
2989 1814 3095 1868 τόν
3142 1810 3327 1879 ἀσεϐῆ
3350 1846 3368 1875 ,
3399 1808 3483 1863 δί-

1927 1901 2093 1967 καιός
2120 1900 2288 1955 ἐστιν
2311 1940 2325 1963 ,
2357 1899 2784 1967 ἐπικατάρατος
2809 1898 2931 1963 τοῖς
2960 1896 3128 1962 λαοῖς
3166 1895 3264 1949 καὶ
3291 1908 3485 1965 μισησ-

1927 1986 2029 2050 τὸς
2060 1986 2147 2050 εἰς
2174 1983 2337 2050 ἔθνη.
2372 1982 2666 2035 Αὶδεῒσθαι
2705 1983 2809 2052 γὰρ
2844 1983 3165 2049 πρόσωπον
3191 1981 3257 2032 ἐν
3295 1978 3486 2046 κρίσει

1928 2070 2000 2121 οὐ
2027 2067 2235 2120 καλόν.
2258 2066 2426 2118 Τοῦτο
2458 2066 2554 2135 μὲν
2581 2067 2644 2118 ἐκ
2678 2065 2770 2117 τοῦ
2793 2064 3023 2134 φανεροῦ
3052 2062 3238 2133 ῥητέον
3255 2078 3269 2093 ο
3299 2063 3488 2113 ἔπειτα

1928 2150 1984 2203 δὲ
2016 2149 2101 2202 ἵνα
2126 2150 2259 2218 ὅπερ
2288 2148 2504 2218 ἐτέρους
2537 2149 2708 2219 κρίνει
2737 2164 2849 2211 τις,
2892 2146 3048 2200 τοῦτο
3072 2146 3163 2199 καί
3192 2146 3273 2207 εἰς
3298 2140 3487 2196 ἑαυτὸν

1929 2232 1989 2285 τὸ
2018 2231 2189 2301 κρίμα
2216 2230 2516 2303 κατευθύνῃ
2536 2270 2551 2294 ,
2580 2230 2673 2283 καί
2696 2230 2883 2283 ἐαυτὸν
2906 2228 3196 2299 δοκιμάζῃ,
3225 2223 3487 2293 ἐπιτιμῶν

1936 2314 2031 2384 μὲν
2055 2312 2248 2382 ἐαυτῷ,
2281 2311 2375 2365 ἐὰν
2409 2311 2699 2382 πλεονεκτῇ
2732 2312 2760 2363 6
2802 2312 2999 2381 θυμός*
3036 2310 3242 2379 ἐπέχων
3272 2308 3327 2360 δὲ
3350 2347 3365 2372 ,
3393 2305 3488 2358 ἐὰν

1934 2396 2228 2465 περισσεύῃ
2272 2395 2304 2464 ή
2329 2393 2590 2464 ἐπιθυμία
2613 2412 2625 2425 ·
2659 2394 2933 2464 διεγείρων
2957 2394 3032 2459 δέ,
3051 2393 3142 2445 ἐὰν
3171 2389 3403 2457 ἀφυπνοῖ
3429 2387 3490 2441 τὸ

1933 2476 2254 2545 λογιστικὸν,
2289 2474 2493 2542 λέγων·
2516 2476 2662 2541 Ἕως
2680 2474 3087 2542 πότε,όκνηρὲ,
3112 2474 3449 2527 κατάκεισαι
3472 2486 3487 2532 ;

1935 2558 2088 2612 Οὕτω
2120 2556 2227 2629 γὰρ
2253 2558 2441 2610 ἑαυτὸν
2469 2556 2688 2619 δικαίως
2712 2558 2858 2626 ἄγων
2880 2598 2893 2620 ,
2924 2559 3016 2611 καὶ
3044 2557 3340 2625 κατήγορος
3367 2555 3490 2607 ἐαυ-

1936 2640 2027 2695 τοῦ
2075 2640 2381 2711 γινόμενος,
2432 2640 2605 2710 κρίμα
2648 2640 2992 2693 κατευθύνειν
3040 2640 3369 2710 μαθήσεται,
3400 2640 3492 2689 καὶ

1935 2725 2034 2777 ούκ
2079 2724 2362 2777 ἀκούσεται
2410 2726 2537 2793 παρ’
2571 2724 2785 2793 ἑτέρου*
2844 2726 2893 2776 Ὀ
2937 2723 3236 2777 διδάσκων
3271 2722 3490 2789 ἕτερον,

1937 2808 2193 2862 σεαυτόν
2224 2807 2294 2859 οὐ
2317 2802 2652 2869 διδάσκεις;
2695 2808 2727 2859 ό
2763 2805 2975 2874 λέγων,
3019 2805 3112 2873 Μὴ
3138 2805 3492 2874 μοιχεύσῃς.

1933 2890 2232 2959 μοιχεύεις
2248 2905 2267 2953 ;
2303 2888 2508 2957 Ὥσπερ
2556 2886 2663 2957 γὰρ
2709 2890 2736 2940 6
2787 2887 2982 2940 ὁδεύων
3015 2889 3107 2941 καὶ
3155 2886 3494 2941 κατευθύνων

1938 2974 2036 3042 τὴν
2070 2972 2187 3026 ὁδὸν
2216 2969 2402 3040 φθάνει
2442 2972 2520 3033 εἰς
2565 2971 2626 3023 τὸ
2664 2970 2813 3034 τέλος
2835 2986 2847 2999 ·
2879 2970 3049 3034 οὕτως
3094 2974 3121 3024 6
3154 2968 3495 3023 κατευθύνων

1941 3063 2180 3133 κρίματα
2198 3101 2211 3126 ,
2235 3061 2436 3122 δίκαιος
2461 3061 2829 3131 γνωσθήσεται
2859 3061 2952 3113 καί
2980 3062 3158 3128 σοφός.
3192 3058 3497 3129 Παραϐολαὶ

1940 3147 1996 3200 δὲ
2028 3145 2273 3213 λέγονται
2306 3144 2489 3211 λόγοι.
2542 3142 2729 3213 ὥσπερ
2776 3144 2979 3206 εἰκόνες
3019 3142 3129 3196 τῶν
3170 3142 3494 3211 λεγομένων.

1956 3228 2042 3294 Ἐξ
2070 3226 2244 3281 αὐτῶν
2285 3226 2391 3295 γὰρ
2436 3225 2521 3277 διὰ
2548 3226 2644 3293 τὴν
2671 3226 2961 3295 ὁμοιότητα
2988 3226 3048 3278 τὸ
3085 3226 3368 3295 λεγόμενον
3399 3239 3500 3277 κα·

1942 3309 2360 3379 ταλαμδάνεται.
2421 3307 2573 3358 Οῦτω
2618 3306 2726 3377 γὰρ
2761 3310 2789 3360 6
2836 3308 3035 3389 Képloc
3073 3306 3289 3375 ἔλεγεν,
3341 3306 3416 3369 ὡς

1945 3395 2168 3462 Μάρκος
2216 3390 2345 3461 φησί
2380 3408 2390 3420 ·
2429 3391 2547 3444 Τίνι
2592 3389 2857 3459 ὁμοιώσω
2904 3390 3017 3455 τὴν
3042 3390 3367 3454 βασιλείαν
3393 3388 3501 3442 τοῦ

1947 3477 2114 3539 Θεοῦ,
2152 3474 2188 3541 ἢ
2219 3476 2287 3527 ἐν
2316 3475 2455 3541 ποίᾳ
2493 3473 2802 3543 παραϐολῇ
2831 3473 3247 3542 παραϐάλωμαι
3281 3470 3501 3539 αὑτήν;

1946 3561 2021 3622 ώς
2055 3558 2160 3611 τῶν
2192 3557 2330 3609 κατὰ
2358 3557 2611 3625 ὁμοίωσιν
2648 3556 2949 3625 λεγομένων
2980 3554 3287 3625 παραϐολῆς
3315 3552 3498 3623 οὔσης.

1949 3644 2056 3696 Kal
2078 3642 2183 3711 γάρ
2208 3640 2397 3706 λέγων,
2429 3639 2620 3704 Ὁμοία
2644 3639 2813 3692 ἐστὶν
2837 3638 2874 3705 ὴ
2901 3639 3185 3702 βασιλεία
3208 3637 3311 3690 τοῦ
3333 3635 3497 3700 Θεοῦ,

1951 3725 2170 3795 ὕστερον
2199 3723 2453 3793 ἐπέφερε,
2488 3723 2589 3775 Διὰ
2624 3722 2797 3776 τοῦτο
2824 3722 2893 3774 ἐν
2917 3720 3276 3790 παραϐολαῖς
3303 3719 3503 3785 αὐτοῖς

1950 3805 2134 3861 λαλῶ.
2184 3807 2336 3860 Είσίν
2387 3804 2534 3877 [578]
2584 3799 2675 3858 οῦν
2730 3804 2970 3857 τοιαῦται
3027 3805 3083 3857 αἰ
3145 3803 3445 3872 παραδολαί
3484 3818 3499 3833 °

1954 3890 2179 3957 Ὥσπερ
2200 3889 2406 3954 ἔξοδος
2437 3888 2637 3956 χιόνος
2664 3888 2732 3941 ἐν
2760 3886 2958 3956 ἀμητῷ
2988 3888 3331 3956 κατάκαυμα
3353 3887 3501 3956 ὠφε-

1950 3971 2081 4037 λεῖ,
2121 3972 2305 4036 οὕτως
2332 3971 2581 4039 ἅγγελος
2622 3969 2831 4034 πιστὸς
2873 3969 3012 4035 τοὺς
3036 3971 3505 4033 ἀποστείλαντας

1953 4054 2156 4107 αὐτόν.
2189 4052 2297 4105 Kal
2343 4052 2501 4104 πάλιν
2528 4066 2539 4080 ·
2581 4052 2800 4116 Ὥσπερ
2829 4051 3050 4118 ἄνεμοι,
3087 4051 3183 4107 καί
3210 4052 3379 4119 νέφη,
3407 4050 3507 4102 καὶ

1953 4134 2143 4196 ὑετοὶ,
2191 4134 2374 4197 οὕτως
2410 4137 2462 4187 οἱ
2519 4133 2880 4201 καυχώμενοι
2912 4135 3008 4186 ἐπὶ
3047 4134 3211 4188 δόσει
3259 4132 3501 4201 ψευδεῖ·

1956 4217 2047 4270 καὶ
2084 4215 2151 4268 τὰ
2181 4216 2339 4283 ὅμοια
2378 4214 2600 4277 τούτοις.
2655 4216 2865 4283 Ῥήσεις
2906 4216 2962 4268 δέ
3015 4215 3190 4285 σοφῶν
3227 4218 3329 4268 εἰσι
3359 4214 3507 4282 λόγοι

1954 4298 2014 4350 οὐ
2050 4296 2445 4366 σεσοφισμένοι,
2477 4296 2594 4348 ούδέ
2621 4298 2677 4348 ἐν
2711 4297 2780 4365 τῷ
2806 4296 3013 4365 πιθανῷ
3034 4298 3370 4361 ἀπατῶντες,
3393 4297 3505 4349 ἀλλ’

1956 4379 2318 4452 ήκριὸωμένοι
2341 4397 2353 4411 ·
2382 4378 2476 4447 οὐχ
2509 4379 2581 4442 ὼς
2622 4380 2759 4431 κατὰ
2794 4380 3084 4450 πρόσταξιν
3120 4381 3173 4433 δὲ
3207 4380 3505 4448 λεγόμενοι,

1956 4464 2067 4518 ἀλλ’
2102 4464 2177 4526 ώς
2207 4464 2333 4531 παρ’
2370 4462 2546 4515 αὐτῶν
2581 4462 2906 4528 γνωσθέντες
2930 4503 2944 4525 ,
2984 4464 3074 4516 καὶ
3105 4464 3178 4526 ώς
3210 4463 3507 4530 ἀποφάσεις

1959 4545 2135 4600 αὐτῶν
2169 4545 2589 4615 προσφερόμενοι
2619 4561 2631 4573 ⁸
2663 4539 2762 4594 οἶοί
2796 4547 2896 4596 εἱσι
2917 4563 2930 4575 ·
2975 4546 3226 4611 Καρδίας
3269 4548 3509 4613 εὐφραι-

1957 4626 2209 4695 νομένης
2229 4668 2241 4689 ,
2266 4628 2584 4692 πρόσωπον
2611 4626 2813 4679 θάλλει
2835 4642 2847 4658 ·
2872 4627 2939 4678 ἐν
2956 4627 3024 4679 δὲ
3052 4630 3268 4691 λύπαις
3297 4630 3505 4694 οὔσης.

1958 4707 2377 4776 σκυθρωπάζει.
2414 4710 2539 4771 Kal,
2574 4709 2789 4776 Καρδία
2830 4709 2970 4777 ὀρθὴ
3005 4709 3157 4776 ζητεῖ
3186 4711 3472 4776 αἴσθησιν
3493 4726 3506 4741 ·

1959 4792 2151 4858 στόμα
2178 4790 2243 4842 δὲ
2273 4790 2637 4843 ἀπαιδεύτων
2668 4791 2949 4859 γνώσεται
2980 4790 3150 4844 κακά.
3172 4792 3297 4851 Καὶ,
3323 4792 3509 4856 Μῑσος

1958 4873 2163 4941 ἐγείρει
2195 4873 2424 4937 νεῖκος·
2463 4873 2689 4936 πάντας
2728 4872 2794 4924 δὲ
2833 4873 2967 4938 τοὺς
2992 4872 3074 4940 μὴ
3100 4872 3503 4941 φιλονεικοῦν-

1957 4971 2063 5018 τας
2092 4955 2379 5006 καλύπτει
2416 4954 2602 5020 pulla.
2649 4955 2789 5016 Kal.
2828 4957 2922 5018 Ὃς
2963 4954 3317 5022 καταφρονεῖ
3363 4954 3502 5023 πράη

1959 5052 2178 5105 τματος
2201 5074 2215 5098 ,
2249 5035 2833 5103 καταφρονηθήσεται
2855 5036 2952 5091 ὑπ’
2988 5037 3169 5089 αὑτοῦ
3190 5051 3201 5063 ·
3235 5040 3265 5089 ό
3304 5036 3369 5089 δὲ
3408 5054 3504 5105 5:0-

1961 5118 2243 5183 ϐούμενος
2279 5115 2555 5183 ἐντολὴν,
2597 5113 2773 5183 οὗτος
2816 5120 3081 5185 ὑγιαίνει.
3119 5118 3235 5170 Τῶν
3272 5120 3368 5185 μὲν
3407 5119 3509 5185 γὰρ

1961 5199 2131 5252 ἄλλων
2180 5196 2477 5267 ἀνθρώπων
2520 5200 2567 5249 οἰ
2613 5199 2758 5265 λόγοι
2788 5200 2924 5251 κατὰ
2955 5201 3198 5252 πλεῖστον
3228 5200 3514 5267 ἀμφίϐολοι

1962 5280 2311 5349 τυγχάνουσιν
2337 5281 2484 5343 ὄντες
2507 5299 2518 5311 ⁸
2548 5283 2594 5334 οἰ
2618 5282 2672 5332 δέ
2705 5281 2810 5332 τῶν
2839 5282 3033 5349 σοφῶν,
3065 5279 3163 5333 οἷοι
3190 5285 3323 5335 εἰσιν
3347 5274 3511 5342 οὗτοι,

1962 5362 2176 5430 ἀληθεῖς
2228 5364 2401 5424 εἰσιν,
2439 5362 2530 5413 καὶ
2582 5365 2913 5433 πανταχόθεν
2962 5364 3323 5434 ἡκρίϐωνται,
3376 5364 3517 5419 ὥστε

1967 5444 2099 5515 μηδὲ
2136 5444 2506 5509 ἀντιλέγεσθαι
2536 5445 2749 5508 αύτούς.
2788 5446 2894 5498 Kal
2921 5448 2967 5498 οί
3006 5447 3102 5515 μὲν
3136 5446 3281 5499 ἄλλοι
3313 5446 3519 5516 ἀνορω-

1964 5544 2053 5579 ποι
2088 5526 2195 5579 ἀπὸ
2250 5525 2342 5579 τοῦ
2398 5528 2580 5590 τέλους
2610 5527 2930 5599 γνωρίζουσι
2984 5530 3045 5581 τὸ
3098 5532 3358 5598 πρᾶγμαο
3410 5525 3519 5583 οἷόν

1965 5610 2130 5670 ἐστιν,
2161 5608 2238 5661 ὅτι
2273 5611 2301 5659 6
2326 5608 2503 5671 ἄδικος
2528 5608 2722 5677 φαῦλός
2763 5612 2907 5675 ἐστι,
2936 5612 3030 5663 καί
3053 5614 3079 5663 6
3115 5612 3297 5679 μοιχὸς
3331 5612 3389 5662 ού
3418 5629 3519 5664 κα-

1964 5690 2052 5753 λός
2076 5708 2088 5721 ·
2120 5688 2277 5743 τοῦτο
2323 5688 2377 5742 δὲ
2430 5692 2521 5742 καὶ
2568 5691 2725 5743 παντὶ
2754 5690 2906 5760 δῆλον
2945 5692 3008 5744 ἂν
3037 5693 3139 5761 εἴη.
3177 5693 3235 5743 υἱ
3283 5692 3338 5744 δὲ
3368 5695 3520 5762 σοφοὶ
