4138 6306
261 380 375 435 373

247 498 370 551 qua:
400 482 666 535 dicuntur.
702 480 776 535 Ex
809 479 936 549 ipsis
959 479 1101 534 enim
1130 493 1221 548 per
1254 476 1649 531 similitudinem
1675 472 1815 542 quod

249 573 444 627 dicitur
475 571 801 638 intelligitur.
832 571 906 625 Ita
936 584 1161 640 namque
1186 569 1438 621 Dominus
1461 610 1477 634 ,
1507 575 1564 620 ut
1585 567 1658 619 ait
1684 566 1817 618 Mar-

246 676 365 723 cus,
396 660 524 713 dicit
548 679 561 714 :
587 660 680 714 Cui
708 660 992 713 assimilabo
1015 674 1220 728 regnum
1258 657 1355 711 Dei
1376 658 1400 710 .9
1427 666 1512 708 aut
1539 672 1638 725 qua
1668 671 1817 724 para-

244 752 363 804 bula
390 754 695 806 adumbrabo
717 752 843 807 illud
866 752 1055 820 (Marc.
1084 751 1137 805 4.
1156 749 1289 819 30)?
1317 757 1495 816 utpote
1517 762 1635 801 cum
1667 760 1815 814 para-

243 841 369 895 [μοις.
392 842 461 895 sit
481 842 547 896 de
571 842 727 896 rebus
758 856 851 911 per
874 840 1265 896 similitudinem
1294 838 1467 895 dictis.
1495 836 1626 891 Cum
1648 836 1814 889 dixis-

241 941 330 983 εει
352 932 496 985 enim
529 948 543 984 :
578 931 756 985 Simile
778 940 851 984 est
878 945 1082 1000 regnum
1109 928 1221 993 Dei,
1254 926 1444 981 deinde
1467 926 1661 991 intulit,
1690 924 1815 979 Ideo

240 1023 301 1074 in
326 1022 580 1091 parabolis
608 1023 781 1091 loquor
806 1022 907 1075 illis
933 1018 1140 1091 (Matth.
1174 1019 1259 1073 15.
1290 1019 1377 1072 51.
1404 1019 1473 1073 55
1497 1026 1544 1072 et
1573 1017 1681 1087 15).
1710 1015 1817 1069 Hu-

236 1114 477 1183 jusmodi
513 1115 689 1183 itaque
716 1121 843 1167 sunt
870 1111 1134 1182 parabolae
1167 1129 1179 1164 :
1218 1128 1237 1162 ι
1262 1110 1411 1163 Sicut
1434 1107 1649 1163 emlssio
1678 1106 1816 1160 nivis

238 1220 301 1259 III
324 1220 496 1259 messe
520 1206 712 1258 allevat
734 1213 917 1258 aestum
941 1244 955 1267 ,
984 1203 1061 1256 sic
1085 1202 1297 1255 nuntius
1325 1198 1491 1253 ﬁdelis
1517 1199 1580 1252 iis
1604 1198 1693 1268 qui
1718 1197 1815 1250 mi-

238 1304 432 1348 serunt
474 1309 597 1348 eum
626 1312 644 1345 ι
679 1292 879 1365 (Prov.
909 1292 1000 1346 25.
1030 1291 1151 1360 15).
1196 1289 1263 1343 Et
1301 1303 1510 1343 rursum
1544 1306 1557 1341 :
1611 1307 1628 1338 ι
1666 1286 1816 1342 Sicut

240 1388 413 1453 venti,
441 1396 496 1441 et
521 1386 696 1440 nubes
722 1394 775 1441 et
804 1386 993 1456 pluvia!
1018 1424 1033 1449 ,
1061 1384 1137 1437 sic
1163 1382 1249 1451 qui
1277 1381 1570 1450 gloriantur
1595 1379 1646 1433 in
1674 1379 1815 1433 dono

238 1476 487 1533 mendaci
521 1495 538 1528 ι
574 1475 736 1547 (Ibid.
768 1492 817 1529 v.
850 1475 990 1544 14),
1022 1481 1077 1528 et
1105 1472 1186 1526 his
1214 1472 1430 1525 similia.
1472 1470 1616 1524 Dicta
1656 1483 1815 1538 porro

235 1570 539 1635 sapientum
584 1574 738 1631 sunt,
788 1580 890 1619 non
933 1562 1257 1632 sophismata
1289 1560 1568 1615 verborum
1595 1600 1608 1622 ,
1643 1572 1813 1626 neque

236 1673 515 1712 sermones
536 1655 916 1725 probabilitatis
937 1654 1113 1721 specie
1128 1651 1471 1719 decipieutes,
1501 1648 1595 1703 sed
1623 1649 1730 1703 veri
1760 1656 1815 1703 et

234 1748 509 1801 accurati:
538 1762 641 1800 non
663 1746 810 1815 quasi
836 1744 1073 1814 jussione
1092 1742 1363 1811 cujusdam
1392 1739 1574 1805 habiti,
1600 1738 1692 1794 sed
1720 1754 1813 1808 per

234 1853 299 1893 se
346 1838 458 1892 noti
483 1878 498 1903 ,
537 1848 592 1892 et
629 1836 777 1906 quasi
822 1835 1100 1891 sententiae
1141 1848 1325 1887 eorum
1367 1831 1575 1901 prolati.
1615 1830 1811 1897 Quales

232 1940 405 1985 stult:
438 1949 457 1981 ‹
480 1930 653 1986 Corde
692 1931 937 1992 Iattante,
964 1927 1118 1981 lloret
1141 1927 1345 1988 vultus;
1378 1938 1498 1978 cum
1538 1933 1715 1977 autem
1758 1922 1808 1975 in

234 2021 450 2075 tristitia
472 2030 575 2085 est,
599 2019 913 2089 deprimitur
933 2037 952 2070 ι
985 2016 1163 2087 (Prov.
1193 2016 1277 2070 15.
1304 2015 1423 2083 15).
1455 2014 1520 2067 Ει
1549 2031 1567 2064 ι
1600 2012 1703 2067 Cor
1728 2027 1811 2067 re-

230 2124 381 2171 ctum
408 2113 599 2182 quzerit
623 2125 867 2175 sensum;
896 2124 958 2164 os
982 2117 1158 2163 autem
1188 2106 1692 2175 indisciplinatorum
1720 2119 1809 2159 co-

229 2214 456 2271 gnoscet
484 2203 619 2256 mala
648 2221 666 2254 ι
699 2200 838 2272 (Ibid
881 2216 927 2253 v.
954 2200 1065 2270 14).
1098 2200 1182 2265 Ει,
1211 2216 1229 2249 ‹
1253 2197 1442 2252 Odium
1469 2197 1808 2252 excitatcon-

233 2295 532 2349 tentionem
567 2311 579 2346 :
622 2308 808 2347 omnes
846 2301 1024 2346 autem
1060 2304 1186 2352 eos,
1228 2290 1316 2359 qui
1355 2288 1669 2343 contentiosi
1702 2301 1804 2341 non

230 2396 379 2449 sunt,
404 2386 634 2455 contegit
655 2384 886 2438 amicitia
911 2402 929 2435 ι
961 2382 1141 2453 (Prov.
1170 2382 1256 2437 10.
1284 2380 1393 2450 12).
1425 2380 1511 2446 Et,
1546 2397 1564 2431 ι
1592 2379 1689 2446 Qui
1714 2393 1805 2431 ne-

228 2479 433 2548 gotium
458 2478 750 2531 contemnit
766 2483 1134 2531 contemnetur
1154 2475 1221 2529 ab
1241 2473 1385 2543 ipso:
1404 2473 1491 2542 qui
1512 2485 1638 2526 vero
1658 2485 1804 2524 man-

227 2568 415 2621 datum
438 2576 668 2633 veretur,
701 2567 786 2620 ille
812 2581 971 2620 sanus
997 2575 1075 2619 est
1098 2583 1115 2616 s
1149 2562 1298 2633 (Cap.
1324 2564 1409 2617 15.
1432 2561 1541 2632 15).
1567 2561 1801 2614 Aliorum

229 2672 464 2727 namque
508 2657 776 2711 hominum
825 2669 1099 2710 sermones
1142 2662 1197 2709 ut
1245 2652 1525 2721 plttrimum
1571 2650 1799 2719 ambigui

228 2757 358 2801 sunt
388 2764 401 2799 :
432 2747 750 2815 sapientium
780 2761 925 2810 vero,
954 2745 1136 2814 quales
1162 2753 1284 2798 sunt
1311 2741 1543 2807 isti,veri
1571 2750 1715 2805 sunt,
1749 2750 1802 2794 et

228 2838 377 2892 oinni
406 2852 469 2891 ex
498 2850 644 2906 parte
670 2837 925 2899 accurali,
958 2836 1027 2888 ita
1054 2844 1109 2887 ut
1137 2834 1350 2887 minime
1381 2834 1508 2900 ipsis
1532 2830 1801 2886 contradi-

226 2939 400 2983 catur.
434 2929 493 2982 Et
519 2929 607 2982 alii
635 2928 842 2997 quidem
875 2928 1116 2981 homines
1144 2942 1209 2980 ex
1242 2927 1343 2979 line
1368 2925 1544 2994 operis
1571 2940 1681 2977 rem
1706 2923 1797 2977 de-

226 3021 474 3085 clarant;
503 3020 799 3089 cujusntodi
830 3029 911 3074 est
942 3018 1068 3072 illud
1101 3036 1111 3071 :
1148 3017 1361 3084 Iniquus
1388 3031 1473 3070 res
1502 3026 1583 3069 est
1614 3014 1749 3068 mala
1779 3031 1793 3077 ;

224 3124 279 3164 et
308 3111 549 3166 moechus
578 3126 791 3179 pravum
819 3109 943 3178 quid
972 3118 1073 3173 est,
1099 3108 1236 3177 quod
1261 3106 1430 3161 cuivis
1459 3106 1793 3161 manifestum

222 3212 331 3257 est.
372 3201 651 3270 Sapientes
680 3208 852 3253 autem
892 3200 1095 3252 initium
1124 3212 1344 3266 operum
1381 3197 1712 3266 praedicunt,
1743 3204 1797 3251 et

221 3293 376 3362 quasi
403 3292 641 3362 symbola
667 3292 825 3345 animi
851 3300 1046 3344 motum
1073 3290 1443 3358 pramuntiant,
1468 3298 1523 3342 nt
1551 3290 1792 3359 quisque,

222 3383 420 3449 agnitis
450 3383 707 3437 malorum
742 3381 1011 3451 principiis
1034 3422 1047 3445 ,
1081 3380 1181 3434 sibi
1214 3390 1395 3434 caveat
1422 3420 1436 3443 ,
1474 3379 1645 3448 qualia
1673 3388 1795 3433 sunt

220 3473 470 3540 superius
506 3472 644 3526 dicta
677 3488 689 3524 :
727 3471 912 3525 Odium
949 3472 1157 3525 suscitat
1191 3472 1585 3535 contentionem,
1625 3486 1793 3524 omnes

224 3573 391 3615 autem
408 3603 423 3625 ,
454 3563 539 3630 qui
564 3578 661 3614 non
697 3562 998 3614 contendunt
1018 3602 1032 3624 ,
1060 3562 1271 3631 contegit
1297 3561 1533 3614 amicitia.
1556 3560 1791 3616 Conten-

226 3656 393 3707 tiosus
420 3654 562 3707 enim
591 3668 653 3706 ex
682 3653 802 3707 odio
829 3654 1041 3706 malitia:
1072 3652 1226 3721 hujus
1254 3653 1566 3719 principium
1599 3652 1789 3717 habet,

228 3760 326 3803 nec
353 3744 611 3813 quispiam
633 3744 822 3798 dixerit
843 3744 1225 3797 contentiosum
1254 3756 1312 3796 se
1334 3741 1572 3810 diligere.
1595 3741 1792 3797 Contra

224 3835 312 3903 qui
341 3836 707 3888 contentiosus
740 3849 841 3887 non
868 3842 947 3887 est
971 3874 985 3897 ,
1013 3831 1311 3887 dilectionis
1338 3832 1583 3886 indicium
1614 3834 1787 3888 habet.

224 3923 335 3981 Nec
364 3918 753 3979 contentiosum
796 3924 1055 3991 quispiam
1085 3922 1277 3977 dixerit
1304 3937 1425 3976 eum
1465 3924 1552 3992 qui
1581 3923 1748 3993 diligit
1773 3966 1787 3988 ,

226 4022 282 4068 It
318 4028 531 4067 rursum
564 4011 782 4065 dieitur:
808 4011 873 4064 In
895 4015 1307 4082 concupiscentiis
1330 4023 1399 4067 est
1424 4016 1585 4066 omnis
1606 4015 1790 4068 otiosus

227 4101 411 4171 (Prov.
436 4103 519 4156 15.
541 4104 593 4169 4)
615 4119 627 4165 ;
647 4112 715 4161 et,
738 4102 1020 4155 Iracundus
1041 4106 1223 4172 absque
1242 4106 1449 4157 consilio
1478 4105 1580 4173 agit
1611 4104 1787 4175 (Prov.

229 4194 314 4249 Ib.
356 4194 418 4246 17
441 4191 484 4263 ).
525 4192 652 4245 Nam
696 4192 853 4245 otiosi
891 4194 1119 4246 animam
1157 4194 1417 4262 signillcat
1454 4194 1503 4247 in
1546 4194 1790 4248 omnibus

223 4282 669 4351 concupiscentiis
696 4296 814 4336 esse
843 4282 1137 4335 demersam
1160 4324 1173 4349 ,
1205 4294 1256 4337 et
1295 4283 1600 4337 iracundum
1625 4323 1637 4347 ,
1670 4284 1786 4339 nul-

216 4375 332 4429 lum
384 4384 582 4427 rectum
634 4373 828 4429 habere
881 4376 1156 4429 consilium
1209 4376 1455 4431 ostendit.
1508 4376 1568 4431 lli
1616 4377 1789 4447 itaque

223 4464 383 4528 Plane
410 4479 583 4517 mores
608 4465 912 4529 declarant,
942 4478 993 4518 et
1021 4468 1243 4520 artiouis
1275 4468 1583 4536 principium
1608 4510 1621 4533 ,
1650 4467 1790 4523 unde

221 4556 484 4619 ordiatur,
511 4556 635 4608 dum
666 4557 843 4620 aiunt,
876 4558 1055 4611 odium
1100 4559 1405 4626 prmcederc
1437 4562 1575 4613 rixas
1606 4577 1619 4613 :
1653 4562 1789 4614 cari-

219 4655 386 4701 tatem
415 4659 535 4699 esse
563 4646 874 4714 principiqu
906 4657 958 4699 et
988 4662 1199 4699 causam
1228 4688 1239 4703 .
1271 4664 1369 4716 qua
1404 4651 1633 4703 vitantur
1662 4665 1787 4704 eon—

219 4738 524 4792 tintiones:
557 4739 667 4791 otio
696 4738 880 4806 pr:eire
913 4753 1122 4806 pravam
1154 4756 1194 4789 vi
1220 4740 1506 4807 luptatcm;
1539 4742 1790 4796 iracundo

216 4827 415 4895 punire
441 4827 645 4881 consilii
675 4828 901 4896 inepiatn
935 4845 948 4879 :
976 4838 1028 4881 et
1052 4844 1262 4882 causam
1286 4845 1448 4898 quare
1471 4831 1589 4897 quis
1614 4830 1788 4899 despi-

215 4918 412 4979 ciatnr,
444 4930 565 4969 esse
591 4926 947 4982 contemptum
982 4918 1110 4986 legis
1136 4935 1148 4972 :
1177 4918 1315 4986 quod
1345 4919 1624 4973 sanitatem
1653 4936 1790 4989 pra:-

220 5005 377 5061 eedat
399 5007 556 5059 timor
582 5007 671 5060 Dei
695 5024 707 5059 ε
738 5008 858 5060 item
885 5007 1022 5076 quod
1054 5007 1365 5075 principium
1396 5010 1641 5076 perniciei
1670 5012 1786 5063 ani-

220 5106 322 5145 me
354 5090 449 5154 sit,
480 5104 581 5142 non
609 5091 873 5143 custodire
894 5105 954 5144 os
984 5106 1135 5144 suum
1159 5131 1173 5157 ,
1205 5090 1342 5159 quod
1374 5093 1560 5145 terrori
1595 5102 1789 5160 prreeat

215 5181 510 5235 temeritas.
541 5180 595 5233 Si
624 5194 688 5233 eo
714 5180 870 5234 modo
899 5181 1102 5250 singula
1129 5180 1268 5235 dicta
1298 5181 1615 5248 espeuderis
1644 5227 1655 5244 ,
1690 5185 1785 5238 de-

214 5273 523 5338 prehendes
546 5288 605 5327 ea
636 5273 754 5326 ideo
784 5287 911 5328 esse
932 5275 1120 5340 scripta
1154 5283 1309 5342 atque
1344 5275 1542 5341 prolata
1571 5317 1583 5337 ,
1616 5285 1671 5328 ut
1699 5277 1784 5343 qui

222 5364 487 5417 audierint
536 5364 792 5417 bonorum
848 5363 1210 5433 malorumque
1262 5365 1515 5432 principia
1566 5367 1735 5420 edocti
1769 5409 1782 5431 ,

226 5468 380 5523 prava
426 5454 659 5522 fugiant,
705 5454 838 5508 bona
883 5463 1186 5522 operentur.
1220 5453 1518 5523 {Enigtnata
1551 5472 1707 5524 porro
1734 5467 1787 5511 et

227 5544 431 5599 obscuri
462 5558 768 5604 sermones,
800 5544 868 5596 ita
896 5553 1049 5597 caute
1078 5554 1198 5597 sunt
1231 5547 1418 5613 posita,
1453 5558 1508 5599 ut
1547 5563 1665 5600 cum
1697 5550 1782 5617 qui

226 5631 406 5700 legerit
437 5648 667 5688 ιιιωτοτε
696 5632 948 5695 alliciant,
976 5632 1115 5700 quod
1146 5635 1272 5688 nihil
1300 5637 1474 5689 statim
1504 5637 1786 5692 exhibeant

224 5725 527 5795 nullumque
557 5739 769 5780 sensum
798 5722 1131 5781 subindiccnt
1163 5741 1173 5779 :
1209 5734 1440 5783 attamen
1469 5727 1591 5783 dum
1623 5745 1779 5784 accu-

1374 360 1693 418 SYNOPSIS
1730 357 2134 415 SCRIPTURE
2172 359 2435 415 SACRJS.

3393 385 3502 439 374

1924 481 2038 527 rate
2065 472 2455 541 expenduntur,
2489 488 2636 528 suam
2684 477 3001 531 sententiam
3031 479 3281 534 indicant.
3313 480 3497 546 Qualia

1923 573 2076 616 sunt:
2109 582 2125 614 ι
2151 562 2493 633 Sanguisugzr.
2510 575 2616 620 tres
2638 576 2789 620 erant
2812 567 2933 621 lilia:
2954 568 3237 624 admodum
3260 570 3491 633 dilectui;

1924 666 1978 710 et
1998 655 2079 709 hcc
2106 665 2213 710 tres
2241 666 2293 710 et
2319 667 2499 726 quarta
2534 672 2635 711 non
2662 658 2846 712 dicunt
2872 700 2886 725 ,
2916 660 3055 713 Satis
3075 672 3177 715 e5t.
3209 661 3451 716 Internus
3478 703 3495 727 ,

1923 753 1976 800 et
2000 760 2150 799 amor
2180 746 2416 800 mulieris
2447 756 2498 800 et
2526 756 2754 801 tartarus
2779 790 2793 813 ,
2822 757 2877 803 et
2903 759 3039 803 terra
3066 767 3183 820 qu:e
3212 766 3317 805 non
3344 761 3491 805 satu-

1923 848 2070 893 ratur
2090 852 2245 907 aqua,
2270 854 2403 907 aqua
2427 848 2479 893 et
2501 839 2636 908 ignis
2654 856 2938 910 numquam
2967 841 3170 908 dicunt,
3198 842 3339 897 Satis
3365 850 3449 897 est
3470 860 3501 895 s-

1922 928 1942 999 (
1970 928 2124 983 Prov.
2155 930 2244 985 50.
2271 932 2353 986 15.
2385 932 2505 1001 16).
2553 933 2618 985 Ει
2644 933 2832 987 iterum
2865 953 2877 986 :
2917 953 2935 985 ι
2968 935 3090 988 Tria
3117 944 3242 990 sunt
3267 951 3383 1005 qua:
3410 936 3494 989 in-

1922 1020 2135 1075 tellectu
2164 1021 2292 1074 mihi
2330 1031 2451 1075 sunt
2488 1022 2833 1091 impossibilia
2856 1064 2871 1089 ,
2905 1033 2959 1078 ct
2990 1034 3234 1093 quartum
3266 1040 3369 1079 non
3397 1039 3493 1079 co-

1918 1124 2115 1179 gnosco
2146 1128 2159 1165 :
2191 1112 2409 1179 vestigia
2455 1113 2641 1181 aquila:
2681 1114 2905 1167 volantis
2929 1155 2942 1177 ,
2990 1124 3043 1169 et
3080 1117 3188 1170 vias
3228 1116 3492 1185 serpentis

1919 1211 2078 1266 supra
2104 1208 2307 1268 petram
2336 1239 2351 1264 ,
2393 1211 2444 1254 et
2474 1202 2584 1255 vias
2619 1202 2764 1257 navis
2796 1205 2845 1257 in
2880 1204 3011 1257 mari
3045 1206 3217 1259 euntis
3246 1247 3261 1271 ,
3292 1216 3345 1261 et
3375 1206 3491 1259 vias

1919 1288 2018 1343 viri
2048 1289 2099 1343 in
2123 1289 2478 1344 adolescentia
2515 1309 2532 1342 ι
2564 1292 2721 1359 (Ibid.
2742 1310 2789 1346 v.
2818 1294 3045 1365 18.19);
3072 1304 3127 1350 et
3146 1310 3489 1365 qurecumque

1921 1380 2183 1449 ejusmodi
2216 1391 2338 1435 sunt
2365 1384 2640 1451 mnigmata
2676 1402 2687 1436 :
2722 1384 2823 1437 alia
2869 1400 3095 1455 namque
3132 1386 3309 1441 statim
3351 1385 3487 1439 indi-

1917 1480 2041 1525 cant
2063 1512 2077 1535 ,
2111 1472 2270 1525 aliam
2300 1481 2473 1525 tamen
2506 1476 2820 1528 sententiam
2852 1475 3104 1530 exhibent
3138 1492 3149 1527 :
3180 1484 3234 1530 et
3258 1475 3483 1530 obscura

1916 1560 2128 1630 quidem
2165 1571 2325 1625 sunt,
2364 1564 2729 1618 absconditum
2773 1582 2900 1619 vero
2930 1581 3143 1621 sensum
3175 1566 3389 1621 habent.
3421 1566 3489 1619 Et

1916 1652 2285 1721 compendium
2316 1655 2528 1722 quidem
2566 1655 2680 1709 libri
2723 1655 3130 1711 Proverbiorum
3160 1655 3226 1710 ad
3258 1656 3398 1710 hunc
3425 1670 3484 1709 se

1916 1742 2073 1797 habet
2102 1745 2337 1800 modum.

1997 1834 2381 1904 Recapitulatio
2423 1847 2597 1890 autem
2638 1836 2752 1904 ejus
2784 1837 2863 1890 bis
2909 1838 3394 1906 comprehenditur.
3428 1838 3484 1894 In

1915 1927 2187 1993 procemiis
2207 1927 2376 1996 agitur
2397 1926 2461 1981 de
2484 1927 2610 1996 ipsis
2628 1928 2931 1983 Proverbiis
2952 1928 3239 1983 Salomonis
3261 1929 3353 1997 ﬁlii
3376 1929 3481 1981 Da-

1913 2016 2015 2081 vid,
2043 2016 2126 2083 qui
2152 2017 2372 2086 regnavit
2398 2017 2451 2070 in
2482 2015 2785 2083 Jerusalem,
2814 2017 2880 2069 ad
2904 2018 3156 2071 sciendam
3184 2018 3480 2087 sapientiam

1912 2117 1956 2159 et
1986 2106 2307 2176 disciplinam
2331 2107 2481 2178 (Cap.
2504 2108 2722 2175 1.1.2).
2755 2107 2905 2173 Quod
2937 2108 3245 2177 principium
3275 2109 3483 2177 sapien-

1913 2198 1998 2252 tia:
2023 2199 2091 2252 sit
2120 2200 2277 2253 timor
2305 2200 2506 2253 Domini
2532 2198 2690 2269 (Ibid.
2712 2218 2756 2254 v.
2784 2202 2860 2269 7).
2891 2200 2964 2255 De
2988 2201 3262 2256 audiendis
3279 2202 3482 2273 legibus

1912 2290 2094 2356 patris,
2118 2298 2174 2345 et
2198 2290 2263 2344 dc
2286 2304 2390 2344 non
2421 2291 2716 2359 respuenda
2738 2292 3015 2360 disciplina
3047 2293 3249 2346 matris.
3280 2294 3353 2347 De
3374 2306 3477 2347 non

1909 2380 2155 2447 errando,
2191 2388 2248 2435 et
2279 2380 2416 2450 quod
2450 2397 2553 2435 non
2580 2381 2648 2436 sit
2675 2382 2756 2435 via
2784 2383 3106 2451 capessenda
3144 2398 3262 2436 cum
3299 2384 3361 2436 iis
3388 2384 3477 2453 qui

1907 2481 2195 2539 operantur
2232 2472 2405 2542 iniqua
2440 2490 2453 2527 :
2494 2488 2776 2528 commune
2805 2488 3030 2542 namque
3053 2473 3374 2543 marsupium
3404 2473 3474 2527 ilii

1909 2562 2197 2630 possident.
2222 2563 2489 2633 Sapientia
2540 2563 2593 2618 in
2634 2564 2863 2619 exitibus
2893 2564 3180 2633 praedicat;
3212 2565 3353 2634 impii
3383 2580 3472 2617 au-

1908 2660 2011 2705 tem
2048 2651 2273 2707 oderunt
2298 2667 2532 2707 sensum.
2563 2653 2819 2721 Quoniam
2851 2669 2937 2709 me
2964 2663 3207 2717 vocante,
3245 2671 3349 2708 non
3379 2669 3475 2708 au-

1904 2739 2136 2807 dierunt,
2184 2741 2303 2795 ideo
2350 2757 2470 2796 cum
2519 2744 2787 2799 vocabunt
2833 2758 2939 2807 me,
2988 2759 3093 2797 non
3142 2743 3350 2797 audiam
3382 2762 3474 2799 cus

1904 2830 2064 2898 (Ibid.
2109 2848 2156 2885 v.
2196 2833 2284 2887 21.
2314 2832 2426 2901 28).
2458 2834 2584 2888 Item
2633 2834 2779 2897 illud,
2812 2835 2998 2901 Accipe
3040 2834 3174 2887 dicta
3203 2836 3471 2888 mandato-

1901 2938 2031 2983 rum,
2064 2932 2109 2976 et
2136 2923 2305 2976 audiet
2330 2926 2624 2992 sapientiam
2656 2927 2793 2978 auris
2822 2935 2925 2986 tua,
2958 2936 3010 2978 ut
3048 2927 3295 2994 intelligas
3312 2928 3469 2996 justi-

1900 3013 2018 3064 tiam
2057 3022 2101 3065 et
2116 3014 2363 3083 judicium
2389 3012 2538 3083 (Cap.
2566 3014 2618 3068 2.
2646 3017 2694 3069 1.
2725 3015 2778 3068 2.
2811 3015 2884 3085 9).
2914 3015 2997 3068 Va:
3015 3018 3099 3085 qui
3127 3017 3472 3085 derelinquunt

1899 3104 2002 3154 vias
2042 3112 2221 3168 rectas,
2252 3113 2297 3156 et
2343 3104 2650 3158 delectantur
2690 3106 2742 3158 in
2769 3106 3085 3159 subrersione
3128 3107 3262 3159 mala
3306 3106 3467 3175 (Ibid.

1898 3210 1944 3246 v.
1972 3193 2056 3247 15.
2090 3192 2202 3264 14).
2232 3194 2362 3248 Illud
2391 3196 2571 3261 etiam,
2604 3195 2685 3250 Ne
2723 3206 2769 3249 te
2814 3196 3159 3267 apprehendat
3204 3199 3469 3251 consilium

1898 3286 2104 3348 malum,
2132 3296 2185 3338 ut
2212 3287 2432 3341 invenias
2456 3288 2657 3341 semitas
2679 3289 2891 3358 justitite
2915 3290 3093 3359 planas
3114 3289 3279 3360 (Ibid.
3308 3305 3354 3343 v.
3380 3291 3465 3346 i9.

1896 3374 2008 3447 20).
2034 3376 2184 3441 Item,
2215 3377 2291 3432 Ne
2322 3378 2648 3433 obliviscaris
2680 3379 2809 3448 legis
2838 3379 3154 3446 custodiam,
3186 3390 3243 3434 ut
3268 3381 3466 3450 longa:-

1896 3483 1992 3522 vus
2014 3469 2087 3522 sis
2114 3468 2165 3522 in
2212 3484 2359 3538 pace.
2393 3469 2543 3536 Quod
2576 3478 2685 3523 toto
2726 3470 2885 3525 corde
2928 3470 3121 3524 debeas
3152 3471 3201 3524 in
3242 3471 3467 3524 Domino

1895 3558 2183 3623 conlidere,
2220 3574 2316 3612 nec
2353 3574 2471 3613 esse
2500 3560 2729 3627 prudens
2758 3560 2807 3613 in
2843 3561 3144 3628 temetipso,
3171 3560 3264 3615 sed
3295 3560 3465 3615 bono-

1895 3664 2015 3703 rare
2050 3649 2326 3703 Dominum
2355 3665 2418 3703 ex
2457 3650 2611 3719 justis
2653 3650 2938 3703 laboribus.
2970 3650 3120 3717 Quod
3151 3666 3254 3704 non
3297 3652 3463 3720 negli—

1895 3741 2062 3811 genda
2086 3742 2154 3796 sit
2178 3740 2451 3811 disciplina
2483 3742 2687 3796 Domini
2710 3759 2724 3806 ;
2770 3740 2905 3795 Nam
2931 3759 3073 3812 quem
3094 3743 3257 3813 diligit
3284 3742 3463 3797 Domi-

1894 3848 1987 3885 nus
2016 3835 2225 3903 castigat
2256 3831 2405 3903 (Cap.
2440 3834 2491 3887 5.
2518 3832 2628 3900 12).
2664 3833 2748 3898 Ει,
2778 3834 2969 3887 Beatus
3003 3832 3162 3886 homo
3186 3834 3275 3902 qui
3314 3835 3462 3888 inve-

1895 3922 2031 3975 nerit
2076 3924 2409 3990 sapientiam.
2441 3922 2593 3989 Quod
2642 3937 2747 3975 non
2780 3921 2975 3976 debeas
3004 3922 3227 3976 emolliri
3275 3937 3338 3976 ac
3363 3924 3464 3975 dil-

1894 4011 2081 4075 ﬂuere,
2111 4013 2202 4066 sed
2251 4028 2461 4067 servare
2505 4013 2783 4066 consilium
2832 4022 2885 4067 et
2932 4013 3361 4082 intelligentiam;
3410 4026 3463 4068 ut

1894 4102 1961 4153 sit
2006 4102 2205 4154 medela
2232 4102 2375 4154 carui
2410 4110 2530 4155 tum.
2564 4102 2711 4166 Quod
2760 4117 2861 4155 non
2907 4102 3101 4156 debeas
3134 4103 3388 4157 desistere
3434 4122 3461 4155 a

1895 4193 2151 4247 beneﬁcio
2191 4193 2439 4262 indigenti
2483 4194 2800 4261 praestando,
2829 4211 2947 4247 cum
2995 4194 3239 4248 habuerit
3277 4212 3463 4249 manus

1896 4292 1980 4336 tua
2014 4282 2151 4336 unde
2181 4284 2275 4351 ipsi
2312 4298 2466 4351 opem
2493 4282 2644 4347 ferat,
2676 4299 2847 4352 neque
2876 4284 3163 4337 machinari
3210 4285 3343 4337 mala
3372 4286 3462 4336 ad-

1894 4386 2078 4425 versus
2104 4371 2329 4424 anticum
2363 4381 2529 4435 tuum,
2554 4371 2673 4439 quia
2706 4372 3006 4425 immundus
3035 4388 3209 4425 coram
3238 4374 3463 4427 Domino

1893 4460 2064 4513 omnis
2098 4460 2306 4528 iniquus
2351 4462 2470 4513 erit.
2519 4459 2648 4525 Quia
2696 4459 2942 4511 Dominus
2983 4461 3209 4526 superbis
3256 4463 3459 4527 resistit,

1894 4551 2162 4605 humilibus
2184 4560 2345 4602 autem
2366 4551 2452 4601 dat
2476 4550 2689 4619 gratiam
2716 4548 2876 4617 (Ibid.
2896 4564 2942 4601 v.
2967 4550 3079 4617 54).
3108 4550 3179 4604 De
3204 4550 3460 4605 audienda

1893 4641 2170 4710 disciplina
2200 4640 2386 4708 patris.
2427 4640 2551 4692 Item
2583 4638 2733 4705 illud,
2770 4637 2894 4704 Fili,
2918 4640 3063 4692 dictis
3092 4640 3212 4693 meis
3242 4642 3456 4702 attende,

1892 4744 1938 4787 et
1966 4732 2101 4786 omni
2125 4732 2350 4783 custodia
2373 4747 2513 4783 serva
2542 4746 2627 4783 cor
2654 4740 2811 4793 tuum,
2832 4739 2887 4784 et
2916 4730 3168 4785 Dominus
3194 4741 3365 4786 rectas
3388 4733 3462 4785 fa-

1894 4825 1997 4878 ciet
2039 4822 2237 4876 orbitas
2260 4831 2375 4875 tuas
2410 4822 2556 4891 (Cap.
2586 4823 2638 4877 4,
2665 4822 2754 4877 20.
2796 4822 2885 4878 25.
2912 4822 3025 4892 27).
3065 4823 3213 4889 Quod
3242 4838 3346 4877 non
3377 4833 3461 4876 at-

1893 4914 2212 4970 tendendum
2244 4930 2416 4982 prava:
2447 4914 2687 4975 mulieri;
2725 4913 2842 4967 Vias
2870 4915 2999 4966 enim
3030 4914 3140 4965 vita:
3164 4930 3260 4965 non
3292 4914 3457 4983 ingre-

1894 5006 2063 5069 ditur;
2094 5004 2152 5057 ab
2180 5006 2287 5074 ejus
2315 5005 2560 5058 consortio
2605 5015 2650 5058 te
2690 5004 2867 5072 procul
2912 5020 3104 5057 remove
3138 5002 3288 5074 (Cap.
3318 5006 3368 5059 5.
3405 5005 3457 5061 6.

1892 5096 1967 5165 8).
2011 5095 2135 5149 Itcm
2179 5095 2342 5148 illud:
2378 5094 2499 5149 Bibe
2538 5112 2691 5162 aquas
2738 5111 2799 5147 ex
2842 5096 2972 5147 vasis
3015 5096 3148 5161 tuis;
3192 5104 3278 5161 et,
3322 5095 3462 5150 Fons

1892 5201 2034 5253 aqua:
2060 5194 2155 5237 tua:
2180 5186 2241 5237 sit
2267 5184 2351 5237 tibi
2395 5185 2557 5237 suavis
2590 5182 2745 5254 (Ibid.
2779 5200 2826 5236 ιν.
2861 5184 2946 5238 15.
2968 5184 3078 5253 18).
3108 5182 3173 5236 1η
3198 5185 3304 5253 ejus
3330 5186 3459 5237 enitr.

1893 5277 2137 5343 sapientia
2167 5292 2386 5339 versans,
2421 5276 2648 5326 diuturne
2672 5290 2787 5343 ages
2819 5273 2977 5341 (Ibid.
3006 5290 3051 5327 v.
3084 5274 3192 5341 19).
3232 5272 3371 5327 Vade
3395 5292 3427 5324 ιι
3460 5297 3466 5313 ι

1894 5367 2172 5435 formicam,
2208 5383 2236 5419 ο
2268 5366 2405 5433 piger
2434 5362 2761 5425 adolescens,
2788 5374 2831 5417 ct
2864 5376 2966 5417 esto
3010 5364 3319 5431 sapientior:
3345 5364 3470 5429 quia

1893 5459 2099 5510 multum
2139 5460 2188 5511 in
2227 5473 2379 5509 inesse
2411 5470 2553 5522 parat
2586 5473 2832 5509 acervum.
2872 5458 2941 5510 De
2977 5472 3040 5509 co
3082 5456 3168 5523 qui
3203 5456 3346 5508 vadit
3393 5458 3458 5509 ad

1892 5566 2065 5615 apem,
2104 5550 2163 5601 Et
2195 5550 2327 5600 disce
2360 5548 2607 5615 quomodo
2647 5548 2901 5617 operatrix
2947 5548 3008 5599 sit
3033 5545 3183 5614 (Cap.
3213 5546 3263 5599 6.
3299 5546 3349 5600 6.
3376 5548 3453 5613 8).

1893 5641 2022 5694 Illud
2052 5642 2207 5695 etiam
2239 5658 2249 5691 :
2276 5640 2557 5710 Usquequo,
2586 5642 2739 5708 piger,
2760 5640 2901 5707 jaccs
2930 5637 3089 5706 (Ibid.
3123 5653 3169 5690 v.
3199 5638 3296 5704 9)?
3328 5639 3458 5692 i’an-

1896 5730 2057 5785 Iulum
2106 5731 2323 5793 dormis,
2372 5731 2634 5799 paululum
2680 5744 2805 5783 vero
2852 5728 3023 5783 sedes.
3072 5726 3197 5782 Ideo
3241 5740 3458 5799 repente
