4138 6306
722 376 832 433 375

717 489 890 540 veniet
935 481 1191 552 pernicies
1242 490 1325 534 tua
1374 477 1521 550 (Cap.
1555 475 1874 545 6.10.15).
1915 477 1987 529 De
2033 471 2270 528 custodia

719 575 890 641 legum
941 571 1103 640 patris
1133 590 1145 623 :
1181 570 1326 636 Quod
1355 569 1556 622 lucerna
1585 568 1932 621 mandatorum
1975 567 2070 620 sint
2109 573 2154 619 et
2185 565 2273 619 (ua:

716 673 761 717 et
791 665 868 715 via
895 664 1004 715 tiin
1031 659 1201 732 (Ibid.
1235 676 1281 713 υ.
1313 659 1438 729 25).
1478 658 1606 712 Illud
1645 659 1801 712 etiam
1847 677 1859 710 :
1907 656 2128 725 Deponet
2161 655 2271 722 quis

703 757 878 824 ignem
919 753 970 804 in
1013 753 1144 816 sinu,
1171 751 1456 805 vestimenta
1499 758 1660 802 autem
1707 765 1794 802 sua
1837 763 1937 800 non
1983 746 2274 799 comburet?

717 855 804 898 aut
846 842 1115 896 ambulabit
1144 859 1290 910 super
1318 841 1552 893 carbones
1581 841 1728 909 ignis,
1761 839 1907 908 pedes
1953 848 2118 891 autem
2157 852 2272 890 suos

713 950 815 986 non
839 933 1058 986 incendet
1088 933 1244 1003 (Ibid.
1277 948 1324 984 υ.
1354 931 1439 984 27.
1471 929 1601 999 28)?
1644 930 1739 995 Qui
1774 929 2058 997 ingreditur
2075 927 2138 981 ad
2161 942 2273 982 mu-

715 1022 898 1076 lierem
933 1022 1284 1089 conjugatam,
1313 1035 1415 1072 non
1448 1019 1699 1072 innocens
1729 1019 1829 1072 erit
1871 1015 2029 1085 (Ibid.
2064 1031 2109 1070 υ.
2141 1015 2270 1083 29).

717 1111 868 1173 Item,
902 1110 1019 1162 Non
1061 1109 1324 1186 mirum.si
1351 1109 1459 1176 quis
1489 1108 1676 1173 furtum
1715 1107 1900 1176 faciens
1930 1105 2273 1174 deprehenda-

715 1209 827 1262 tur;
858 1199 1055 1265 furatur
1083 1199 1212 1250 enim
1235 1207 1285 1249 ut
1307 1197 1509 1266 impleat
1539 1200 1756 1249 animam
1783 1213 1926 1250 suam
1952 1199 2272 1250 esurientem:

712 1293 930 1342 ntachus
965 1300 1128 1341 autem
1159 1289 1218 1341 ob
1244 1289 1462 1356 inopiam
1492 1289 1667 1342 mentis
1695 1289 1860 1357 perdet
1886 1289 2106 1341 animam
2131 1303 2272 1340 suam

715 1377 875 1447 (Ibid.
898 1393 943 1430 υ.
976 1376 1062 1431 50.
1095 1376 1207 1444 52).
1235 1377 1384 1442 Item,
1417 1375 1534 1430 Cale
1557 1375 1840 1441 Dominum,
1871 1386 1917 1429 et
1949 1385 2118 1445 potens
2156 1378 2272 1441 eris,

713 1480 758 1524 et
797 1469 988 1523 custodi
1028 1469 1264 1522 mandata
1303 1485 1430 1534 mea,
1461 1479 1506 1523 et
1542 1469 1759 1522 describe
1791 1469 1881 1522 illa
1910 1470 1962 1522 in
2007 1467 2274 1521 latitudine

713 1563 877 1615 cordis
907 1562 999 1625 tui,
1021 1571 1072 1614 ut
1099 1561 1380 1613 custodiant
1405 1569 1450 1612 te
1474 1578 1504 1612 a
1533 1561 1736 1614 muliere
1765 1561 1927 1613 aliena
1956 1569 2000 1612 et
2024 1559 2275 1613 meretrice

714 1649 864 1719 (Cap.
886 1651 938 1702 7.
964 1648 1018 1702 2.
1040 1651 1092 1704 ’5.
1127 1648 1202 1720 5).
1233 1649 1381 1716 Quod
1412 1649 1603 1704 debeas
1635 1649 1920 1718 praedicare
1941 1650 2271 1718 sapientiam,

714 1755 832 1809 qua:
860 1741 910 1795 in
943 1740 1166 1794 excelsis
1191 1741 1474 1793 verticibus
1504 1747 1602 1806 est,
1635 1739 1754 1808 quia
1782 1740 2056 1808 pretiosior
2085 1747 2166 1794 est
2191 1753 2276 1792 ar-

723 1839 904 1899 gento,
935 1840 988 1885 et
1036 1831 1340 1900 generosior
1387 1845 1513 1884 auro
1559 1831 1777 1898 probato
1809 1849 1820 1883 :
1855 1840 1908 1884 et
1951 1831 2086 1900 quod
2119 1832 2275 1884 timor

716 1921 924 1976 Domini
971 1921 1093 1974 odio
1138 1920 1326 1974 habeat
1368 1920 1672 1988 injustitiam
1729 1919 1876 1988 (Cap.
1908 1920 2042 1975 8.1.
2084 1920 2137 1971 2.
2185 1921 2270 1973 11.

716 2011 829 2079 15).
863 2010 994 2064 Illud
1036 2011 1179 2069 item,
1227 2008 1470 2062 Dominus
1499 2010 1678 2062 ereavit
1720 2026 1797 2063 me
1842 2010 2036 2062 initiunt
2083 2011 2274 2062 viarum

715 2116 921 2154 suarum
945 2101 994 2153 in
1018 2116 1170 2167 opera
1190 2117 1282 2153 sua
1302 2099 1458 2169 (Ibid.
1483 2117 1527 2152 υ.
1547 2099 1661 2166 22).
1683 2101 1809 2153 Item
1836 2100 1990 2152 illud:
2015 2100 2275 2170 Sapientia

714 2190 979 2258 wdiﬁcavit
1000 2190 1091 2242 sibi
1110 2189 1307 2242 domum
1328 2188 1472 2260 (Cap.
1491 2190 1542 2243 9.
1561 2191 1633 2257 1).
1655 2189 1800 2253 Item,
1821 2191 1986 2259 Argue
2005 2192 2275 2258 sapientem

715 2288 760 2331 et
779 2289 823 2331 te
844 2279 1030 2347 diliget.
1055 2279 1112 2331 Si
1133 2281 1328 2348 sapiens
1356 2279 1527 2346 fueris,
1545 2278 1824 2346 tibimetipsi
1849 2280 1943 2332 eris
1969 2288 2016 2331 et
2038 2280 2275 2347 proximis

720 2369 850 2431 tuis;
880 2369 922 2419 si
961 2377 1124 2419 autem
1169 2369 1423 2433 improbus
1465 2369 1691 2429 evaseris,
1716 2368 1852 2419 solus
1895 2368 2092 2420 Itauries
2121 2368 2270 2419 mala.

715 2455 900 2509 Mulier
937 2457 1088 2509 stulta
1126 2465 1170 2507 et
1201 2455 1370 2507 audax
1407 2456 1513 2508 cibo
1555 2456 1789 2523 indigebit
1844 2455 2074 2523 (Ibid.o.
2103 2455 2155 2509 8.
2189 2455 2271 2508 12.

717 2547 827 2613 15).
869 2546 1146 2616 Paupertas
1176 2547 1332 2598 virum
1351 2548 1578 2598 ltumiliat
1607 2563 1623 2598 :
1655 2547 1788 2613 ﬁlius
1812 2556 1972 2598 autem
2000 2547 2276 2616 disciplinis

717 2637 956 2691 educatus
980 2639 1176 2706 sapiens
1205 2638 1312 2690 erit.
1345 2637 1586 2689 Memoria
1601 2637 1727 2704 justi
1755 2651 1866 2687 cum
1895 2636 2141 2692 laudibus.
2179 2636 2276 2702 Qui

715 2729 937 2781 ambulat
969 2730 1277 2797 simpliciter,
1302 2729 1521 2780 ambulat
1547 2727 1868 2789 conﬁdenter.
1897 2725 1992 2790 Qui
2032 2743 2092 2779 ea:
2135 2726 2275 2782 labiis

717 2821 906 2888 profert
942 2822 1258 2887 sapientiam,
1286 2822 1423 2888 virga
1464 2822 1670 2887 percutit
1707 2821 1864 2872 uirum
1892 2820 2039 2872 corde
2067 2819 2274 2872 destitu-

716 2922 839 2962 tum.
877 2908 993 2961 I’ias
1032 2910 1142 2961 uitw
1185 2911 1398 2961 custodit
1428 2909 1728 2978 disciplina;
1757 2919 1924 2977 tegunt
1975 2918 2138 2962 autem
2174 2908 2275 2961 ini-

715 3003 954 3056 micitiam
979 3003 1111 3055 labia
1142 3003 1304 3070 justa.
1333 3001 1533 3056 Stultus
1580 3011 1827 3070 perpetrat
1875 3001 2043 3062 mala;
2092 3017 2146 3053 os
2186 3015 2276 3052 au-

717 3104 814 3146 tem
846 3094 972 3164 justi
1010 3094 1162 3146 stillat
1206 3095 1498 3162 sapientiam
1537 3092 1683 3161 (Cap.
1710 3093 1794 3146 10.
1828 3094 1879 3146 4.
1911 3093 1961 3145 7.
1985 3092 2036 3147 9.
2073 3091 2271 3146 10.15.

717 3186 806 3237 17.
853 3186 939 3238 18.
990 3184 1078 3238 25.
1109 3182 1217 3253 51).
1251 3183 1443 3236 Contra
1497 3182 1832 3245 idololalras,
1875 3183 1962 3251 qui
2009 3197 2073 3235 ex
2123 3195 2270 3246 auro,

717 3284 771 3328 et
801 3283 1037 3344 argento,
1071 3283 1159 3326 aut
1208 3273 1464 3342 lapidibus
1516 3282 1606 3326 aut
1654 3274 1826 3342 lignis,
1875 3272 2011 3326 idola
2058 3271 2273 3325 faciunt.

717 3363 866 3428 Quod
905 3379 999 3432 per
1029 3364 1225 3431 lignum
1255 3363 1395 3416 salus
1424 3364 1490 3415 sit
1519 3361 1872 3415 credentibus.
1892 3359 2040 3415 Circa
2070 3376 2161 3414 eos
2187 3362 2273 3429 qui

720 3451 857 3506 idola
884 3451 1132 3516 conflant,
1165 3461 1217 3504 et
1237 3467 1354 3504 eum
1383 3451 1470 3519 qui
1498 3451 1634 3503 idola
1662 3450 1844 3518 pingit.
1882 3449 1954 3504 De
1981 3449 2133 3503 malis
2158 3463 2273 3502 om-

721 3542 875 3594 nibus
920 3555 1012 3608 per
1063 3540 1410 3593 idololatriam
1457 3540 1636 3606 partis.
1688 3539 1760 3591 De
1807 3539 1966 3606 impio
2017 3539 2178 3601 cultu,
2224 3546 2279 3591 et

721 3642 913 3700 quanta
947 3632 995 3684 in
1024 3645 1088 3684 eo
1111 3631 1266 3683 mala.
1296 3630 1368 3683 De
1393 3631 1570 3698 figulo,
1602 3637 1654 3682 et
1677 3628 1742 3682 de
1772 3628 1924 3682 idolis
1956 3626 2167 3698 ﬂglinis.
2201 3627 2276 3682 De

724 3719 879 3773 idolis
921 3718 1164 3771 omnibus
1201 3733 1317 3786 qua:
1362 3719 1637 3770 coluerunt
1663 3719 1902 3785 gentiles.
1933 3717 2007 3771 De
2044 3716 2276 3771 infestis-

721 3810 869 3862 simis
910 3807 1240 3872 animalibus,
1272 3809 1619 3875 serpentibus,
1654 3807 1860 3869 felibus,
1901 3815 1956 3860 et
1998 3806 2273 3860 similibus.

725 3899 875 3966 Quod
913 3899 1050 3952 Deus
1077 3897 1342 3953 beneficus
1375 3897 1548 3951 lsraeli
1597 3912 1689 3965 pro
1727 3896 1868 3950 ranis
1900 3895 1997 3964 ipsi
2041 3896 2276 3949 coturni-

721 4003 836 4043 cem
862 3987 1082 4043 dederit.

1075 4121 1260 4183 Multa,
1292 4130 1344 4172 ut
1368 4132 1522 4191 puto,
1565 4121 1926 4173 desiderantur.

1274 4287 1503 4327 SYNOPSIS
1543 4285 1726 4324 SIIMCI.

793 4431 868 4486 De
896 4430 1084 4485 timore
1110 4429 1222 4494 Dei,
1244 4429 1382 4498 quod
1413 4428 1563 4482 irasci
1592 4443 1693 4481 non
1720 4437 1980 4496 eporteat,
2003 4427 2140 4497 quod
2167 4429 2280 4484 sine

727 4523 990 4594 hypocrisi
1020 4521 1372 4576 accedendum
1401 4523 1466 4574 sit
1491 4522 1555 4574 ad
1585 4522 1780 4574 Deum:
1811 4521 1875 4575 de
1908 4520 2280 4574 tentationibus

725 4622 777 4666 et
806 4612 871 4666 de
897 4611 1184 4680 patientia:
1217 4611 1281 4664 de
1318 4610 1618 4678 parentibus
1656 4608 1992 4672 honorandis,
2028 4608 2094 4662 de
2119 4607 2282 4677 aequi-

723 4711 862 4756 tate:
886 4701 1024 4770 quod
1045 4716 1149 4755 non
1175 4711 1413 4769 oporteat
1435 4715 1670 4768 quaerere
1697 4700 2031 4769 profundiora
2055 4701 2137 4765 iis,
2163 4714 2279 4769 quas

720 4791 867 4857 jussa
898 4798 1038 4854 sunt,
1070 4788 1135 4843 de
1169 4790 1500 4856 eleemosyna
1536 4797 1587 4840 et
1622 4788 1934 4856 pupillorum
1966 4788 2276 4855 patrocinio.

733 4881 806 4934 Ile
846 4878 1120 4948 sapientia,
1151 4878 1218 4932 de
1245 4878 1441 4946 pudore
1472 4879 1626 4931 noxio
1647 4887 1698 4931 et
1729 4879 1839 4930 utili
1868 4896 1879 4930 :
1913 4877 2072 4930 multa
2101 4878 2186 4932 hic
2214 4878 2280 4932 de

725 4972 882 5024 noxio
908 4970 1168 5025 edisserit.
1215 4969 1363 5036 Quod
1410 4983 1511 5021 non
1541 4977 1779 5035 Oporteat
1821 4967 2087 5021 desiderio
2116 4981 2276 5035 pecu-

727 5060 931 5114 niarum
958 5075 1014 5113 se
1042 5059 1256 5124 dedere,
1279 5073 1447 5127 neque
1473 5066 1652 5126 putare
1680 5071 1774 5110 nos
1804 5058 2016 5124 impune
2042 5072 2277 5126 peccare,

727 5151 935 5204 etiamsi
967 5164 1070 5202 non
1120 5151 1295 5202 statim
1341 5163 1524 5217 pmnas
1551 5147 1766 5201 demus:
1800 5148 2004 5214 patiens
2033 5148 2170 5201 enim
2203 5156 2284 5202 est

727 5243 884 5308 Deus,
915 5249 1228 5311 oportetque
1257 5241 1400 5292 illum
1433 5241 1660 5308 placare.
1700 5239 1774 5292 De
1803 5238 2084 5292 verborum
2115 5237 2280 5292 futili-

727 5341 849 5397 tate,
880 5332 945 5387 de
971 5332 1233 5401 superbia,
1263 5330 1328 5383 de
1357 5330 1635 5397 probandis
1663 5329 1865 5392 amicis,
1887 5327 1952 5381 de
1986 5328 2278 5396 disciplina,

724 5423 790 5477 de
837 5423 991 5476 rebus
1040 5417 1251 5476 utilibus
1299 5420 1590 5474 audiendis.
1635 5421 1706 5472 De
1753 5434 1854 5471 non
1906 5418 2186 5486 peccando,
2217 5419 2282 5470 de

727 5526 829 5566 non
877 5511 1197 5576 mentiendo,
1229 5511 1294 5564 de
1337 5509 1565 5561 futilibus
1615 5523 1715 5559 non
1766 5505 2020 5569 dicendis,
2063 5506 2128 5558 de
2177 5521 2278 5557 non

727 5599 967 5654 Iterantlo
997 5614 1239 5654 sermone
1269 5600 1319 5652 in
1353 5599 1684 5667 precatione;
1727 5597 1776 5650 id
1807 5605 1906 5660 est,
1941 5610 2055 5663 qua:
2085 5597 2280 5661 promi-

728 5690 860 5744 seris
886 5689 1015 5754 Deo,
1044 5705 1108 5742 nc
1147 5688 1374 5742 differas.
1408 5689 1479 5741 De
1510 5687 1747 5749 muliere,
1776 5685 1840 5738 de
1868 5683 2094 5749 famulis,
2123 5698 2277 5751 peco-

1409 366 1464 422 S.
1503 362 1775 421 .IOANNIS
1809 355 2273 418 CHRYSOSTOMI
2300 353 2609 411 ARCHIEP.
2643 355 3140 414 CONSTANTINOP

3819 380 3927 433 376

2378 472 2542 538 ribus,
2568 475 2634 531 de
2673 477 2812 546 filiis,
2840 477 2906 532 de
2946 488 3113 548 patre,
3141 478 3206 534 de
3242 480 3430 547 pietate
3461 493 3584 548 erga
3631 478 3812 540 Deum,
3861 479 3922 532 de

2377 563 2576 619 honore
2601 567 2958 622 sacerdotibus
2978 570 3293 633 exhibendo,
3313 570 3377 624 de
3398 571 3672 623 visitandis
3699 569 3920 633 afﬂictis,

2376 656 2451 711 De
2493 672 2595 710 non
2642 657 2909 726 litigando,
2941 659 3005 712 de
3036 675 3137 712 non
3169 660 3552 728 exprobrando,
3593 660 3660 713 de
3691 676 3792 712 non
3837 661 3926 712 dc-

2375 746 2656 815 spiciendis
2694 748 3080 802 narrationibus
3109 764 3292 803 senum
3322 752 3654 818 sapientium.
3691 750 3764 803 De
3796 759 3926 804 lem-

2375 841 2628 904 pcrantia,
2661 837 2727 892 de
2757 839 3004 904 amicitia,
3032 840 3097 892 de
3131 856 3230 892 non
3278 840 3573 893 aemulando
3604 850 3922 908 peccatores.

2377 925 2451 978 De
2473 925 2649 995 judice
2683 927 2934 995 prudente
2961 937 3013 982 et
3042 931 3222 993 stulto,
3253 930 3318 984 de
3361 931 3626 996 superbia,
3661 929 3728 982 de
3765 931 3923 999 tequi-

2377 1023 2503 1079 tate,
2533 1017 2598 1070 de
2628 1032 2731 1071 non
2773 1019 3120 1088 vituperando
3161 1021 3275 1076 sine
3312 1022 3529 1090 judicio,
3563 1030 3615 1075 et
3654 1022 3769 1074 sine
3800 1035 3923 1078 exa—

2377 1105 2537 1159 mine.
2586 1106 2658 1159 De
2687 1107 2910 1161 vitandis
2950 1109 3160 1177 iniquis.
3196 1111 3270 1164 De
3308 1111 3524 1163 divitum
3575 1112 3737 1175 cultu,
3768 1111 3851 1178 qui
3891 1134 3918 1170 ξι

2377 1193 2554 1248 multis
2584 1194 2880 1259 exhibetur,
2927 1207 2980 1250 et
3006 1197 3071 1251 de
3100 1199 3444 1266 quorumdam
3496 1201 3633 1254 inter
3664 1200 3778 1253 illos
3807 1214 3924 1252 ava-

2378 1283 2517 1336 ritia.
2561 1284 2633 1339 De
2669 1286 2860 1352 parcis,
2885 1301 3015 1355 quos
3049 1295 3214 1356 θρῖπας
3256 1289 3519 1357 appellant
3545 1289 3638 1356 (a),
3682 1289 3768 1357 qui
3811 1288 3925 1341 aliis

2381 1387 2484 1428 non
2517 1373 2839 1443 impcrtiunt.
2867 1376 2938 1429 De
2965 1379 3295 1444 possessione
3333 1378 3623 1447 sapientiae,
3655 1377 3721 1431 de
3761 1377 3925 1431 libero

2381 1465 2620 1519 arbitrio.
2664 1466 2846 1520 Melius
2899 1483 3016 1522 esse
3061 1470 3237 1522 liberis
3276 1485 3485 1534 carere,
3534 1485 3689 1538 quam
3736 1471 3925 1536 impro-

2379 1556 2472 1610 bos
2519 1557 2730 1611 habere.
2787 1559 2924 1613 Nihil
2962 1561 3126 1614 latere
3178 1561 3359 1614 Deum.
3415 1562 3485 1613 De
3525 1561 3814 1625 creaturis,
3862 1560 3925 1613 de

2379 1647 2602 1701 hominis
2644 1648 2974 1716 formatione,
3009 1651 3074 1705 de
3117 1653 3315 1706 honore
3357 1668 3458 1721 quo
3501 1661 3784 1704 exornatus
3823 1662 3919 1703 εει.

2379 1735 2452 1790 Dc.
2485 1737 2596 1805 lege
2631 1737 2770 1802 data,
2800 1739 2865 1792 de
2903 1740 3234 1810 eleemosyna
3279 1751 3330 1793 et
3361 1740 3686 1808 pcenitentia,
3713 1740 3781 1793 de
3807 1739 3925 1792 luxu

2376 1840 2423 1884 et
2451 1831 2657 1884 lascivia
2683 1848 2784 1885 non
2807 1833 3186 1900 amplectenda.
3204 1835 3278 1888 De
3298 1835 3532 1887 custodia
3557 1834 3924 1903 mysteriorum

2376 1934 2468 1972 seu
2500 1934 2829 1984 arcanorum,
2849 1921 2915 1975 de
2943 1924 3086 1975 stulti
3118 1923 3313 1990 pudore
3343 1925 3515 1975 noxio.
3537 1922 3686 1986 Quod
3718 1922 3783 1974 de
3807 1936 3927 1989 pec-

2376 2010 2508 2061 catis
2541 2011 2845 2076 pcenitcntia
2883 2011 2951 2064 sit
2976 2011 3197 2079 agenda,
3231 2013 3294 2066 de
3322 2012 3604 2064 ambitione
3633 2019 3687 2064 et
3715 2011 3926 2064 avaritia

2379 2097 2658 2167 fugiendis,
2688 2099 2754 2153 de
2784 2101 3018 2168 sapiente
3047 2110 3097 2154 et
3128 2103 3305 2163 stulto,
3339 2101 3403 2154 de
3435 2102 3534 2153 lilia
3569 2101 3842 2168 petulanti,
3868 2100 3928 2153 de

2378 2187 2817 2242 inconsiderantia
2861 2190 3026 2254 stulti,
3057 2192 3122 2244 de
3165 2200 3340 2243 mente
3388 2192 3555 2251 firma,
3587 2191 3653 2243 de
3701 2204 3804 2243 non
3852 2190 3928 2242 lo-

2377 2277 2584 2345 quendo
2613 2279 2726 2330 sine
2765 2280 2986 2332 cautela.
3018 2280 3091 2332 De
3120 2281 3519 2347 compunctione
3564 2293 3661 2346 pro
3707 2280 3929 2346 peccatis

2379 2366 2635 2433 habenda,
2669 2368 2734 2422 de
2763 2384 2864 2421 non
2906 2369 3147 2437 jurando,
3183 2370 3248 2423 de
3289 2370 3562 2436 sapientia.
3611 2370 3684 2422 De
3713 2370 3930 2421 muliere

2378 2457 2514 2508 mala
2542 2467 2594 2511 et
2626 2458 2780 2522 bona,
2816 2458 2881 2512 de
2909 2460 3333 2529 negotiatoribus,
3363 2459 3428 2513 de
3472 2460 3535 2512 iis
3581 2459 3670 2527 qui
3700 2459 3930 2513 revelant

2379 2561 2588 2600 arcana.
2622 2548 2696 2602 De
2719 2550 2806 2602 illo
2833 2551 2916 2618 qui
2946 2552 2993 2602 in
3025 2551 3207 2604 faciem
3241 2551 3434 2615 laudat,
3469 2561 3610 2604 retro
3634 2551 3834 2604 irridet.
3856 2550 3930 2604 De

2378 2639 2734 2693 condonandis
2763 2642 3004 2709 proximo
3036 2642 3257 2695 delictis.
3303 2643 3375 2696 De
3418 2643 3592 2710 lingua
3632 2643 3832 2704 dolosa,
3866 2641 3932 2695 de

2379 2740 2560 2784 mutuo
2582 2731 2754 2785 dando
2779 2735 3028 2801 proximis
3050 2735 3161 2787 sine
3192 2751 3366 2799 usura,
3383 2736 3471 2788 sed
3497 2736 3771 2803 egentibus
3791 2749 3933 2788 com-

2380 2819 2659 2874 modando.
2691 2823 2759 2875 De
2787 2822 3069 2876 educandis
3108 2834 3346 2877 accurate
3390 2825 3673 2886 liberis,dc
3707 2825 3928 2889 famulis,

2378 2907 2444 2961 de
2488 2909 2672 2975 brutis,
2703 2911 2769 2963 de
2799 2913 3036 2965 somniis.
3072 2913 3144 2967 De
3191 2915 3493 2968 timentibus
3539 2916 3724 2981 Deum,
3757 2916 3821 2970 de
3849 2929 3930 2968 sa-

2379 2996 2588 3050 CI‘IIICIIS
2614 3013 2677 3051 ex
2707 2998 2978 3067 iniquitate
3006 3003 3186 3068 partis,
3218 3002 3283 3056 de
3326 3003 3676 3057 oblationibus
3736 3021 3800 3060 ex
3851 3005 3931 3072 ju-

2378 3088 2537 3141 stitia.
2569 3090 2640 3143 De
2670 3105 2849 3144 amore
2880 3094 3133 3160 pecuniae,
3166 3095 3230 3148 de
3275 3096 3507 3163 crapula,
3549 3095 3616 3149 de
3657 3096 3928 3150 ebrietate.

2379 3179 2528 3245 Quod
2566 3181 2864 3237 hominibus
2897 3201 2995 3238 una
3035 3196 3232 3240 natura:
3272 3187 3609 3251 constitutio;
3654 3189 3930 3242 voluntatis

2378 3289 2502 3327 vero
2535 3277 2854 3342 propositum
2881 3277 3167 3342 diversum,
3203 3281 3332 3333 alios
3372 3282 3631 3344 benedici,
3663 3283 3792 3334 alios
3817 3296 3931 3334 ma-

2379 3362 2531 3416 ledici
2574 3375 2839 3431 procuret.
2875 3367 2944 3420 De
2969 3369 3243 3431 medicina,
3269 3370 3403 3437 quod
3447 3387 3550 3423 non
3581 3380 3821 3440 oporteat
3849 3371 3928 3422 ni-

2379 3451 2480 3505 mia
2513 3454 2717 3505 tristitia
2745 3456 2927 3509 teneri.
2961 3457 3108 3523 Quod
3131 3467 3362 3526 oporteat
3391 3475 3418 3510 a
3443 3460 3555 3527 lege
3588 3469 3640 3512 et
3671 3476 3696 3512 a
3733 3461 3928 3526 legibus

2380 3543 2472 3597 Dei
2522 3546 2774 3599 cohiberi.
2828 3548 2902 3601 De
2948 3549 3192 3616 Oper-ibus
3242 3551 3362 3610 Dei,
3411 3550 3475 3603 de
3521 3550 3819 3618 suppliciis,
3864 3550 3928 3603 de

2380 3631 2603 3686 humana
2629 3643 2831 3698 natura,
2857 3635 2992 3704 quod
3013 3651 3073 3689 ea
3115 3637 3289 3690 multis
3317 3639 3509 3707 repleta
3537 3639 3606 3692 sit
3627 3640 3855 3693 ca-dibus
3879 3647 3928 3692 et

2381 3724 2833 3780 sollicitudinibus.
2883 3727 2955 3780 De
2983 3728 3228 3795 operibus
3259 3728 3370 3781 Dei.

2476 3920 2709 3961 SYNOPSIS
2747 3921 2915 3960 EOBU.“
2953 3921 3068 3967 ρυλε
3108 3922 3170 3958 ΑΒ
3209 3921 3338 3959 ιεΑιΑ
3378 3921 3647 3960 PROPIIETA
3690 3920 3837 3959 DICTA

3082 4011 3231 4049 SUNT.

2456 4155 2730 4214 Accusatio
2759 4152 2963 4207 Israelis
2992 4151 3206 4220 ejusque
3227 4148 3525 4211 calamitas;
3555 4160 3614 4200 ac
3639 4146 3930 4214 reprobatio

2382 4248 2776 4310 sacrificiorum,
2801 4243 3200 4308 adhortatioque
3226 4238 3289 4292 ad
3321 4238 3588 4290 meliorem
3615 4239 3794 4289 vitam.
3818 4235 3935 4290 Pro-

2383 4341 2555 4410 phetia
2577 4339 2641 4391 de
2670 4335 2918 4395 Ecclesia,
2941 4332 3078 4386 etde
3099 4332 3271 4383 futura
3299 4343 3442 4396 pace.
3473 4327 3750 4380 Accusatio
3778 4325 3942 4378 Israe—

2383 4431 2469 4494 lis,
2502 4438 2552 4481 et
2579 4427 2745 4480 futura
2769 4423 2992 4476 obsidio.
3026 4419 3299 4474 Accusatio
3327 4417 3630 4470 deliciarum
3668 4429 3849 4469 eorum
3885 4422 3934 4467 et

2383 4516 2657 4585 superbiae.
2683 4511 2995 4580 Reprobatio
3013 4508 3215 4564 Israelis
3235 4522 3327 4576 per
3342 4507 3506 4559 vincte
3522 4503 3933 4558 similitudinem.

2385 4609 2700 4665 Criminatur
2727 4604 2986 4673 principes
3010 4601 3214 4655 Israelis
3241 4600 3307 4653 ob
3336 4598 3604 4652 avaritiam
3636 4605 3689 4648 et
3711 4595 3931 4648 ebrieta-

2386 4711 2511 4765 tem,
2557 4699 2681 4767 ipsis
2724 4697 3097 4750 desolationem
3141 4691 3468 4744 vaticinatur.
3513 4688 3738 4741 Minatur
3766 4686 3826 4739 iis
3853 4683 3932 4752 qui

2386 4788 2864 4862 pseudOprophetas
2893 4783 3160 4852 prophetis
3204 4780 3505 4849 praeferunt.
3551 4779 3817 4831 Ascensus
3848 4775 3934 4827 bo-

2387 4884 2537 4939 stium
2569 4882 2794 4934 illorum.
2823 4875 3083 4928 Visionem
3127 4870 3402 4938 conspicit,
3442 4869 3492 4924 in
3524 4884 3624 4937 qua
3655 4869 3769 4936 ejus
3807 4865 3935 4918 labia

2387 4982 2598 5043 purgata
2622 4971 2784 5023 fuere.
2820 4965 3122 5019 Exercitum
3153 4961 3395 5015 admovet
3420 4959 3674 5029 Syrorum
3707 4973 3798 5012 rex
3823 4969 3935 5009 cum

2386 5063 2630 5118 Israelilis
2674 5067 2855 5112 contra
2903 5053 3212 5117 Jerusalem,
3260 5060 3313 5105 et
3353 5051 3664 5104 vaticinatur
3697 5048 3852 5101 Isaias
3876 5045 3936 5099 de

2386 5152 2614 5216 Christo,
2647 5160 2699 5203 et
2727 5148 2968 5201 vastitate
2988 5145 3296 5210 Jerusalem,
3324 5143 3492 5212 deque
3517 5155 3744 5195 ascensu
3771 5137 3938 5191 Nabu-

2386 5240 2782 5297 chodonosoris.
2815 5236 3090 5304 PrOphetia
3119 5235 3185 5288 de
3227 5236 3290 5288 iis
3319 5234 3406 5301 qui
3437 5234 3486 5286 in
3528 5230 3797 5284 Christum
3826 5244 3941 5283 cre-

2387 5335 2540 5388 dituri
2569 5341 2707 5387 sunt.
2733 5331 2804 5383 De
2831 5328 3151 5395 fortitudine,
3179 5327 3420 5397 superbia
3447 5335 3501 5381 et
3519 5325 3757 5393 pernicie
3785 5325 3947 5392 Assy-

2451 5508 2519 5565 (a)
2539 5515 2666 5554 ttune
2691 5504 2843 5551 locum
2876 5501 3070 5562 rcSpicit
3102 5501 3176 5558 14,
3201 5504 3228 5565 .3
3251 5501 3382 5548 :Viro
3406 5511 3548 5561 parco
3571 5512 3663 5548 non
3689 5499 3822 5548 bona
3844 5506 3942 5549 sunt

2388 5564 2750 5618 aitittwmareos
2767 5572 2922 5612 autem
2946 5575 3064 5623 θρῖπας
3092 5564 3413 5623 vocah_ant.E.st
3427 5573 3543 5608 vero
3563 5573 3641 5621 eat
3661 5573 3822 5623 genus
3841 5573 3940 5623 vers

2389 5628 2546 5677 miculi
2573 5625 2831 5673 secundum
2853 5621 3055 5679 Suidam,
3080 5623 3205 5682 quod
3230 5621 3356 5681 ligna
3378 5629 3426 5669 et
3440 5633 3616 5671 cornua
3640 5621 3942 5673 obrrodebzt.

2392 5693 2504 5737 Hinc
2529 5700 2690 5749 parcos
2715 5693 2764 5734 ct
2794 5696 2957 5734 avaros
2989 5696 3108 5745 θρῖπας
3133 5689 3372 5732 vocarunt.
