4152 6324
247 376 363 431 375

253 489 331 547 ζει
387 491 627 556 σοφίαν.
687 486 839 540 Κατά
888 482 1299 547 εἰδωλολατρῶν,
1352 483 1414 531 ἐκ
1463 476 1661 546 χρυσοῦ
1719 473 1810 524 καὶ¹

252 575 515 642 ἀργύρου,
550 576 582 644 ἢ
634 573 813 633 λίθων,
849 572 880 637 ἦ
921 570 1087 633 ξύλων
1121 568 1348 618 εἰδώλων
1386 567 1444 630 (Ι.
1472 563 1682 630 εἴδωλα)
1714 576 1813 610 κα-

251 661 763 728 τασκευασαμένων.
795 659 919 710 ’Ότι
963 658 1078 707 ἐστὶ
1116 654 1351 722 σωτηρία
1396 651 1482 703 διά
1515 649 1670 715 ξύλου
1706 647 1817 705 τοῖς

252 745 589 798 πιστεύουσι.
620 745 699 796 Τά
750 746 874 813 7:591
915 740 1288 801 εἰδωλοποιῶν,
1333 739 1364 807 ἢ
1405 736 1816 805 ζωγραφοῦντος

251 828 467 885 εἴδωλα.
517 833 650 899 Περὶ
677 832 888 884 πάντων
932 829 1036 882 τῶν
1069 827 1248 878 κακῶν
1294 826 1400 876 τῶν
1443 827 1499 876 ἐν
1539 822 1817 874 εἰδωλολα-

249 917 428 986 τρείᾳ.
481 919 615 987 H591
661 917 886 977 ἀσεϐοῦς
935 913 1249 984 θρησκείας,
1300 912 1391 963 καὶ
1424 912 1522 963 ὅσα
1567 911 1625 959 ἐν
1679 908 1813 976 αὑτῇ

251 1005 420 1056 κακά.
459 1004 592 1071 Περὶ
615 1001 706 1053 τοῦ
736 1001 1040 1070 κεραμέως,
1066 1000 1158 1050 καὶ
1184 999 1286 1049 τῶν
1319 994 1634 1066 κεραμικῶν
1666 993 1813 1044 εἰδώ-

249 1087 378 1139 λων.
424 1089 557 1157 Περὶ
593 1088 803 1140 πάντων
831 1086 938 1137 τῶν
976 1085 1206 1136 εἰδώλων
1248 1083 1342 1152 τῆς
1378 1082 1483 1134 τῶν
1508 1080 1676 1133 ἐθνῶν
1718 1080 1813 1132 λα-

246 1174 456 1242 τρείας.
494 1175 629 1242 H591
659 1173 766 1225 τῶν
807 1172 1065 1240 ἐχθίστων
1100 1170 1270 1234 ζώων,
1303 1170 1496 1235 ὄφεων,
1529 1167 1810 1234 αἰλούρων,

249 1258 344 1309 καὶ
377 1260 482 1310 τῶν
503 1259 720 1328 ὁμοίων.
749 1260 867 1310 Ὅτι
894 1259 1256 1326 εὐηργέτησεν
1276 1257 1302 1306 δ
1322 1255 1450 1316 Θεὸς
1479 1255 1567 1305 τὸν
1606 1251 1814 1321 Ἰσραὴλ

249 1346 371 1396 ἀντὶ
400 1345 682 1417 βατράχων
719 1346 1021 1416 ὀρτυγομήτ
1027 1361 1144 1413 ραν.

709 1522 970 1588 Σύνοψις
1011 1521 1114 1574 τοῦ
1156 1521 1354 1589 Σιράχ.

320 1663 456 1732 Περὶ
484 1662 647 1729 φόϐου
687 1663 818 1714 Θεοῦ
846 1675 894 1726 ι,
928 1661 1172 1733 περὶτοῦ
1219 1662 1291 1731 μὴ
1334 1659 1650 1730 θυμοῦσθαι,
1687 1658 1813 1729 7:591

244 1750 340 1800 τοῦ
373 1751 480 1802 δεῖν
509 1751 674 1818 χωρὶς
703 1751 1037 1820 ὑποκρίσεως
1067 1749 1344 1820 προσιέναι
1374 1748 1509 1817 Θεῷ,
1550 1748 1674 1816 περὶ
1704 1763 1813 1798 πει-

247 1836 476 1904 ρασμῶν
521 1838 615 1887 καὶ
649 1836 940 1905 ὑπομονῆς,
970 1835 1095 1902 7:591
1134 1836 1296 1904 τιμῆς
1329 1835 1426 1902 τῆς
1456 1836 1532 1896 είς
1563 1835 1687 1896 τοὺς
1719 1850 1811 1898 γο-

245 1925 379 1983 νεῖς,
405 1925 531 1990 περὶ
573 1923 889 1985 ἐπιεικείας,
921 1921 1161 1990 περὶτοῦ
1194 1922 1265 1990 μὴ
1302 1921 1408 1973 δεῖν
1441 1921 1619 1990 ζητεῖν
1645 1920 1808 1989 βαθύ-

243 2024 379 2075 τερα
423 2008 531 2059 τῶν
576 2008 1083 2077 προστεταγμένων,
1134 2009 1258 2076 περὶ
1304 2007 1666 2076 ἐλεημοσύνης
1717 2005 1810 2057 καὶ

241 2093 494 2159 ὀρφανῶν
545 2099 891 2161 προστασίας.
944 2095 1076 2161 11591
1135 2094 1342 2160 σοφίας,
1388 2093 1513 2162 7:591
1552 2091 1808 2160 αἰσχύνης

245 2178 516 2246 βλαϐερᾶς
543 2178 634 2230 καὶ
661 2178 988 2246 ἐπωφελοῦς
1010 2178 1175 2230 πολλά
1198 2179 1252 2230 δέ
1280 2179 1403 2245 περί
1425 2179 1521 2246 τῆς
1547 2179 1808 2246 βλαϐερᾶς

243 2263 478 2315 ἐνταῦθα
509 2262 673 2330 λέγει.
722 2266 856 2334 H591
888 2264 978 2315 :06
1028 2265 1101 2332 μὴ
1133 2264 1239 2315 δεῖν
1273 2263 1512 2314 δεδόσθαι
1555 2262 1628 2332 τῷ
1659 2263 1808 2332 πόθῳ

241 2351 351 2401 τῶν
380 2351 699 2422 χρημάτων,
732 2353 863 2420 μηδὲ
894 2351 1096 2405 οἴεσθαι
1119 2353 1420 2420 ἀτιμωρητ“ι
1453 2351 1804 2420 ἁμαρτάνειν,

245 2436 347 2488 κᾶν
382 2437 693 2504 παραυτίκα
734 2439 807 2506 μὴ
851 2436 1026 2505 δῶμεν
1072 2438 1164 2506 τὴν
1196 2438 1460 2506 τιμωρίαν
1485 2454 1497 2466 '
1535 2438 1806 2506 μακροθυ-

246 2539 344 2590 μος
381 2524 491 2592 γάρ
521 2522 666 2576 ἐστιν
709 2526 736 2576 ὁ
769 2526 896 2585 Θεός
922 2542 932 2552 ·
959 2524 1068 2576 δεῖν
1098 2525 1152 2574 δέ
1183 2525 1527 2589 ἐξιλάσασθαι
1564 2527 1589 2563 b
1623 2526 1802 2577 αὐτόν.

244 2611 379 2677 Περὶ
396 2610 686 2679 φλυαρίας,
702 2617 822 2680 7:591
845 2612 1234 2680 ὑπερηφανίας,
1265 2613 1390 2679 7:591
1415 2612 1577 2679 φίλων
1593 2613 1806 2681 δοκιμα-

242 2695 385 2759 σίας,
402 2695 528 2763 7:591
549 2693 808 2758 παιδείας,
831 2713 893 2746 πε
905 2697 955 2763 91
975 2697 1288 2765 ἀκροάσεως
1311 2697 1641 2763 ἐπωφελοῦς.
1670 2699 1804 2765 H591

239 2779 334 2831 τοῦ
370 2783 447 2850 μή
478 2782 828 2850 ἁμαρτάνειν,
865 2783 938 2852 μὴ
973 2783 1278 2851 ψεύδεσθαι,
1313 2785 1384 2854 μὴ
1415 2784 1688 2854 φλυαρεῖν,
1731 2784 1803 2854 μὴ

239 2866 524 2935 δευτεροῦν
554 2868 704 2934 λόγον
743 2870 799 2919 ἐν
838 2871 1148 2938 προσευχῇ·
1193 2871 1486 2932 τουτέστιν,
1529 2873 1585 2922 ἐν
1623 2865 1701 2932 οἷς
1741 2870 1804 2923 ἂν

240 2953 454 3023 ὑπόσχῃ
470 2953 605 3022 Θεῷ,
632 2955 704 3024 μὴ
725 2954 949 3024 ὑπέρθῃ.
969 2956 1104 3023 H591
1127 2957 1399 3021 γυναικὸς,
1419 2973 1484 3007 πε
1496 2957 1544 3026 91
1562 2957 1801 3022 οἰκετῶν,

240 3037 392 3109 [581]
427 3041 552 3107 7:591
580 3041 808 3107 κτηνῶν,
839 3040 964 3107 7:591
997 3041 1219 3104 τέκνων,
1267 3042 1393 3109 7:591
1425 3042 1646 3110 πατρὸς,
1681 3043 1804 3111 περὶ

237 3125 333 3190 τῆς
384 3125 525 3177 κατά
558 3125 687 3176 Θεὸν
727 3125 1025 3188 εὐλαϐείας,
1075 3127 1202 3194 7:591
1245 3129 1341 3196 τῆς
1386 3129 1464 3188 εἰς
1494 3130 1616 3189 τοὺς
1645 3129 1802 3195 ἱερεῖς

236 3209 424 3277 τιμῆς,
457 3210 584 3277 περὶ
619 3209 716 3278 τῆς
761 3212 837 3270 εἰς
868 3211 992 3272 τοὺς
1037 3213 1402 3279 κακουμένους
1449 3213 1800 3280 ἐπισκέψεως.

238 3295 372 3365 Περὶ
419 3295 510 3346 τοῦ
545 3298 618 3366 μὴ
673 3297 957 3365 μάχεσθαι,
991 3298 1062 3366 μὴ
1105 3298 1398 3361 ὀνειδίζειν,
1437 3300 1508 3367 μὴ
1560 3304 1803 3370 παρορᾷν

234 3382 587 3451 διηγημάτων
616 3385 790 3451 σοφῶν
815 3385 1096 3454 γερόντων.
1120 3387 1250 3452 Περὶ
1274 3387 1641 3455 σωφροσύνης,
1675 3407 1738 3439 7:5
1751 3390 1800 3457 91

236 3469 439 3534 φιλίας,
471 3471 594 3538 περὶ
620 3470 710 3522 τοῦ
738 3473 808 3540 μὴ
838 3471 1028 3541 ζηλοῦν
1053 3473 1422 3541 ἁμαρτωλούς.
1454 3475 1585 3542 11591
1616 3475 1800 3544 κριτοῦ

237 3555 455 3606 συνετοῦ
493 3559 582 3607 καὶ
615 3559 863 3624 ἄφρονος,
908 3560 1032 3626 περὶ
1064 3560 1455 3628 ὑπερηφανίας,
1484 3561 1609 3630 περὶ
1632 3563 1801 3613 ἐπιει-

235 3644 409 3703 κείας,
444 3645 570 3711 περὶ
601 3645 693 3694 τοῦ
728 3644 797 3712 μὴ
821 3646 1055 3713 ἀκρίτως
1083 3649 1173 3698 καὶ
1199 3649 1563 3712 ἀνεξετάστως
1594 3650 1796 3716 μέμφε-

237 3728 375 3780 σθαι.
423 3730 555 3796 Περὶ
583 3728 674 3780 τοῦ
703 3730 1055 3795 φυλάττεσθαι
1083 3733 1207 3792 τοὺς
1233 3732 1515 3800 πονηρούς.
1549 3734 1800 3802 Περὶ-τῆς

233 3815 336 3866 τῶν
389 3815 657 3866 πλουσίων
702 3816 1012 3885 θεραπείας,
1046 3813 1111 3888 ἧς
1158 3820 1306 3887 παρὰ
1361 3820 1566 3871 πολλῶν
1601 3821 1800 3889 τυγχά-

233 3918 402 3964 νουσι,
441 3901 535 3952 καὶ
581 3902 835 3970 περὶτῆς
874 3903 1027 3955 ἐνίων
1074 3905 1252 3956 αὐτῶν
1297 3906 1622 3969 πλεονεξίας.
1667 3909 1800 3978 Περὶ

234 3987 592 4057 μικρολόγων,
625 3987 715 4049 οὓς
763 3987 956 4057 θρῖπας
986 3990 1205 4042 καλοῦσι
1232 4003 1277 4053 ο,
1309 3993 1430 4054 τοὺς
1460 3993 1532 4061 μὴ
1583 3995 1798 4060 μεταδι-

230 4073 416 4136 δόντας
438 4077 662 4144 ἐτέροις.
697 4077 828 4146 H591
852 4079 1094 4146 κτήσεως
1126 4081 1331 4145 σοφίας,
1369 4081 1493 4148 7:591
1522 4080 1612 4131 τοῦ
1643 4082 1798 4131 αὑτε-

231 4161 463 4223 ξουσίου.
521 4163 653 4231 H591
703 4163 795 4214 τοῦ
843 4164 1042 4216 ἄπαιδα
1083 4161 1238 4230 εἶναι,
1290 4166 1321 4235 ἢ
1380 4167 1588 4235 πονηρά
1635 4169 1796 4218 τέκνα

229 4247 392 4315 ἔχειν.
425 4247 545 4298 Ὅτι
588 4249 736 4300 οὑδέν
776 4249 1020 4303 λανθάνει
1060 4251 1150 4302 τὸν
1184 4252 1332 4304 Θεόν.
1367 4253 1499 4321 Περὶ
1531 4253 1636 4304 τῶν
1679 4271 1794 4304 κτι-

230 4336 474 4403 σμάτων,
502 4334 627 4401 7:591
657 4335 754 4403 τῆς
783 4336 874 4388 τοῦ
909 4337 1190 4407 ἀνθρώπου
1219 4338 1486 4404 πλάσεως,
1511 4341 1601 4391 καὶ
1634 4341 1796 4408 τιμῆς

227 4418 290 4491 ἦς
318 4422 577 4491 ἐτιμήθη.
622 4423 754 4492 Περὶ
781 4425 876 4491 τῆς
902 4426 994 4476 τοῦ
1036 4425 1198 4494 νόμου
1240 4426 1456 4489 δόσεως,
1492 4429 1615 4494 περὶ
1646 4428 1796 4496 ἐλεη-

232 4509 470 4574 μοσύνης
508 4508 599 4558 καὶ
631 4509 931 4576 μετανοίας,
982 4514 1108 4580 περὶ
1153 4509 1246 4563 τοῦ
1281 4513 1353 4579 μὴ
1407 4511 1790 4566 ἁσωτεύεσθαι.

231 4593 360 4662 Περὶ
407 4594 654 4662 φυλακῆς
713 4597 1044 4665 μυστηρίων,
1093 4599 1220 4666 περὶ
1254 4599 1481 4666 ἄφρονος
1537 4599 1792 4666 αἰσχύνης

231 4679 519 4748 βλαϐερᾶς.
554 4681 687 4749 H591
717 4681 807 4732 1:06
839 4684 1113 4750 μετανοεῖν
1139 4684 1229 4734 ἐπὶ
1261 4685 1632 4753 ἁμαρτήμασι,
1665 4687 1791 4754 περὶ

227 4767 314 4818 τοῦ
353 4769 430 4836 μὴ
469 4768 822 4832 πλεονεκτεῖν,
854 4771 980 4838 7:591
1013 4769 1231 4821 συνετοῦ
1265 4773 1356 4823 καὶ
1387 4773 1636 4839 ἄφρονος,
1666 4775 1792 4842 περὶ

230 4853 496 4921 θυγατρός
550 4857 735 4918 θυσίας
774 4857 821 4917 ἀ,
878 4859 1004 4926 περὶ
1049 4858 1375 4928 ἁπροσεξίας
1419 4859 1620 4928 μωροῦ,
1665 4861 1792 4928 7:591

227 4941 462 5002 διανοίας
490 4944 739 5011 στερρᾶς,
767 4947 892 5014 7:591
917 4946 1008 4998 τοῦ
1034 4947 1106 5015 μὴ
1138 4946 1609 5015 ἀπαραφυλάκτως
1639 4948 1793 5014 φθέγ-

230 5027 436 5092 γεσθαι.
477 5028 609 5096 Περὶ
655 5030 747 5080 τοῦ
787 5032 1206 5084 κατανύττεσθαι
1250 5035 1361 5094 τοῖς
1417 5035 1788 5102 ἁμαρτήμασι,

231 5114 479 5184 περὶτοῦ
531 5116 605 5184 μὴ
643 5117 887 5184 ὀμνύναι,
938 5123 1064 5188 περὶ
1110 5121 1316 5189 σοφίας.
1359 5123 1492 5192 H591
1538 5122 1790 5188 γυναικὸς

231 5203 468 5272 πονηρᾶς
496 5202 590 5252 καὶ
625 5203 852 5270 ἀγαθῆς,
885 5209 1009 5273 7:591
1047 5208 1321 5276 ἐμπόρων,
1353 5209 1477 5276 περὶ
1516 5207 1792 5261 ἐκλαλούν·

229 5305 330 5341 των
379 5290 669 5358 μυστήρια.
706 5291 838 5358 Περὶ
868 5290 961 5342 τοῦ
999 5295 1075 5354 εἱς
1106 5294 1392 5363 πρόσωπον
1428 5296 1788 5358 ἐπαινοῦντος,

233 5374 459 5446 ὕστερον
482 5375 538 5428 δὲ
591 5375 955 5444 χλευάζοντος.
997 5380 1129 5448 H591
1160 5379 1252 5431 τοῦ
1295 5381 1507 5449 ἀφιέναι
1538 5381 1613 5451 τῷ
1656 5383 1791 5450 πλη-

287 5622 311 5682 ἲι
338 5622 416 5670 Sic
433 5621 538 5669 fere
566 5622 799 5682 Syn0psis
824 5622 1083 5674 Athanasio
1110 5627 1297 5678 mbula.

288 5681 315 5723 ι»
340 5684 482 5734 Cois].
511 5681 852 5737 ἐξιλάσκεσθαι.

1310 361 1638 420 ΒΥΝΟΡΒΙΞ
1675 355 2086 414 δίίῐὶΙΡΤυῐίίΕ
2129 357 2397 412 SACRA’.

3361 375 3472 430 376

1919 470 2029 521 σίον
2060 472 2127 521 τά
2168 473 2243 531 εἰς
2273 472 2428 523 αὐτὸν
2474 472 2932 540 πλημμελούμενα
2968 489 2986 510 σ
3009 512 3020 524 .
3056 473 3184 541 Περὶ
3225 475 3470 544 γλώσσης

1914 557 2108 621 δολίας,
2155 560 2398 628 περὶτοῦ
2431 559 2690 621 δανείζειν
2721 561 2798 629 τῷ
2842 561 3086 628 πλησίον,
3122 562 3238 629 οὑχὶ
3283 562 3470 623 τόκους

1915 644 2114 701 λαϐεῖν,
2149 645 2282 696 ἀλλὰ
2315 648 2505 714 κιχρᾷν
2533 648 2609 714 τῷ
2647 646 2903 714 δεομένῳ.
2943 648 3073 715 Περὶ
3105 647 3193 698 τοῦ
3222 648 3473 716 ἐπιστρά-

1916 747 2031 797 φως
2083 730 2351 782 παιδεύειν
2389 731 2570 795 τέκνα,
2619 733 2745 800 περὶ
2790 732 3030 796 οἰκετῶν,
3066 734 3198 802 7:591
3242 731 3470 800 ἀλόγων,

1916 835 1980 869 πε
1992 820 2042 885 91
2067 819 2345 872 ἐνυπνίων.
2375 819 2508 889 11591
2534 820 2640 872 τῶν
2671 820 3019 889 φοϐουμένων
3048 820 3137 872 τὸν
3163 821 3312 882 Θεὸν,
3345 824 3471 890 7:591

1913 905 2017 956 τῶν
2061 904 2120 967 ἐξ
2152 905 2358 968 ἀδικίας
2389 905 2608 970 θυσιῶν,
2654 909 2780 973 7:591
2814 907 3134 976 προσφορῶν
3165 907 3270 959 τῶν
3299 909 3363 960 ἐκ
3395 908 3470 959 δι-

1914 993 2222 1061 καιοσύνης.
2249 996 2383 1064 Περὶ
2415 996 2792 1065 φιλαργυρίας,
2819 997 2944 1064 7:591
2968 997 3315 1066 λαιμαργίας,
3342 999 3469 1066 7:591

1918 1080 2104 1149 μέθης.
2142 1081 2261 1132 Ὅτι
2304 1083 2336 1149 ή
2371 1083 2467 1152 μὲν
2500 1082 2808 1151 κατασκευὴ
2854 1083 2950 1150 τῆς
2982 1084 3190 1149 φύσεως
3233 1088 3342 1147 τοῖς
3373 1086 3466 1137 ἀν-

1913 1167 2148 1236 θρώποις
2178 1168 2272 1236 μία
2297 1186 2308 1197 ·
2336 1169 2396 1219 τὸ
2427 1168 2481 1219 δὲ
2513 1170 2608 1238 τῆς
2645 1169 3012 1240 προαιρέσεως
3039 1171 3309 1240 διάφορον,
3342 1174 3468 1235 τοὺς

1915 1254 2012 1322 μέν
2042 1253 2395 1321 εὐλογεῖσθαι,
2426 1257 2548 1316 τοὺς
2580 1256 2634 1308 δέ
2664 1257 3032 1326 καταραοῆναι
3069 1258 3304 1326 ἐποίησε.
3334 1259 3468 1327 H591

1915 1343 2168 1410 ἰατρείας,
2206 1343 2448 1410 περὶτοῦ
2480 1345 2551 1414 μὴ
2598 1345 2734 1412 ἄγαν
2775 1347 3085 1415 κρατεῖσθαι
3132 1347 3293 1416 λύπῃ.
3332 1345 3466 1415 H591

1909 1427 2002 1478 τοῦ
2031 1428 2135 1479 δεῖν
2159 1429 2236 1498 τῷ
2275 1430 2418 1500 νόμῳ
2468 1431 2559 1482 καί¹
2598 1434 2708 1493 τοῖς
2734 1432 2826 1484 τοῦ
2862 1432 2994 1484 Θεοῦ
3039 1434 3216 1502 νόμοις
3249 1438 3466 1504 κρατεῖ-

1913 1515 2052 1565 σθαι.
2079 1517 2212 1583 Περὶ
2235 1516 2341 1567 τῶν
2367 1518 2461 1568 τοῦ
2488 1517 2618 1568 Θεοῦ
2658 1518 2850 1587 ἔργων,
2883 1520 3008 1588 περὶ
3036 1520 3141 1571 τῶν
3169 1521 3462 1589 τιμωριῶν,

1909 1600 2035 1669 περὶ
2065 1603 2162 1668 τῆς
2190 1600 2529 1672 ἀνθρωπίνης
2559 1603 2788 1670 φύσεως,
2825 1605 2904 1656 ὅτι
2949 1604 3155 1657 πολλῶν
3181 1606 3462 1675 ἐμπέπληο

1911 1704 2030 1740 σται
2059 1689 2232 1757 φόνων
2257 1689 2348 1742 καὶ
2372 1691 2680 1760 φροντίδων.
2700 1693 2833 1762 H591
2866 1693 2971 1745 τῶν
2995 1693 3086 1746 τοῦ
3109 1693 3238 1746 Θεοῦ
3266 1694 3460 1764 ἔργων.

1977 1858 2022 1906 Σ
2027 1857 2238 1922 ὐνοψις
2263 1855 2378 1909 τῶν
2404 1856 2482 1921 τῷ
2509 1858 2781 1927 προφήτῃ
2822 1860 3029 1925 Ἡσαΐᾳ
3053 1860 3390 1928 εἰρημένων.

1978 2002 2292 2070 Κατηγορία
2329 2003 2420 2054 τοῦ
2460 2003 2668 2073 Ἰσραὴλ
2704 2006 2795 2057 καὶ
2826 2007 3096 2075 συμφορὰ,
3134 2009 3226 2058 καὶ
3264 2009 3462 2078 παραί-

1904 2104 2058 2157 τησις
2087 2088 2305 2151 θυσιῶν,
2344 2091 2436 2143 καὶ
2463 2092 2776 2161 παραίνεσις
2802 2092 3064 2160 βελτίονος
3088 2094 3222 2162 βίου.
3252 2098 3463 2166 Προφή-

1904 2175 2017 2225 τεία
2049 2177 2175 2244 περὶ
2199 2177 2299 2244 τῆς
2335 2177 2675 2246 Ἑκκλησίας,
2696 2180 2787 2231 καὶ
2807 2183 2902 2248 τῆς
2931 2181 3191 2250 ἐσομένης
3221 2185 3457 2252 είρήνης.

1905 2261 2217 2330 Κατηγορία
2242 2261 2332 2313 τοῦ
2369 2263 2602 2333 Ἰσραὴλ,
2626 2265 2718 2317 καὶ
2738 2266 3016 2335 πολιορκία
3041 2268 3288 2337 ἐσομένη,
3320 2271 3464 2322 Κατ-

1904 2347 2098 2414 ηγορία
2145 2349 2242 2416 τῆς
2290 2348 2499 2416 τρυφῆς
2550 2351 2724 2401 αὐτῶν
2780 2351 2870 2403 καὶ
2921 2353 3017 2420 τῆς
3069 2354 3458 2423 ὑπερηφανίας.

1917 2432 2175 2501 ’Λποϐολὴ
2229 2433 2318 2484 τοῦ
2361 2434 2570 2504 Ἰσραὴλ
2609 2435 2694 2486 διά
2741 2436 2834 2487 τοῦ
2882 2438 3318 2507 παραδείγματος
3365 2441 3458 2493 τοῦ

1902 2519 2238 2586 ἀμπελῶνος.
2274 2521 2556 2573 Διαϐάλλει
2582 2523 2704 2584 τοὺς
2728 2522 2987 2592 ἄρχοντας
3014 2523 3103 2575 τοῦ
3147 2526 3358 2594 Ἰσραὴλ
3382 2529 3462 2588 εἰς

1903 2605 2212 2669 πλεονεξίαν
2245 2607 2338 2659 καὶ
2368 2609 2445 2670 είς
2493 2609 2681 2677 μέθην,
2717 2609 2806 2660 καὶ
2841 2609 3089 2679 προλέγει
3127 2611 3307 2673 αὑτοῖς
3335 2614 3462 2683 ἐρή-

1905 2708 2093 2760 μωσιν.
2112 2693 2220 2744 Καὶ
2236 2693 2446 2745 ἀπειλεῖ
2473 2697 2582 2757 τοῖς
2604 2695 2907 2762 προτιμῶσι
2933 2697 3058 2757 τοὺς
3086 2696 3459 2768 ψευδοπροφή-

1900 2795 1995 2840 τας
2031 2777 2177 2848 [582]
2207 2779 2314 2832 τῶν
2356 2781 2667 2850 προφητῶν.
2702 2783 2916 2844 Ἀνοδος
2939 2783 3044 2834 τῶν
3073 2783 3341 2852 πολεμίων
3369 2785 3462 2838 αύ-

1898 2866 2026 2917 τῶν.
2064 2866 2196 2935 Ὀρᾷ
2242 2867 2338 2935 τὴν
2389 2867 2675 2932 ὀπτασίαν,
2708 2869 2762 2919 ἐν
2865 2869 3139 2938 ἐκαθάρθη
3189 2871 3350 2923 αὑτοῦ
3393 2873 3460 2925 τά

1901 2952 2070 3021 χείλη.
2136 2953 2541 3021 Ἐπιστρατεύει
2573 2955 2600 3003 ὁ
2636 2955 2817 3024 Σύρων
2873 2955 3121 3022 βασιλεὺς
3171 2958 3305 3024 μετά
3353 2957 3460 3009 τῶν

1914 3038 2256 3108 Ἰσραηλιτῶν
2285 3039 2376 3089 ἐπὶ
2412 3038 2510 3107 τὴν
2551 3040 2919 3109 Ἰερουσαλὴμ,
2946 3041 3041 3092 καὶ
3071 3043 3396 3110 προφητεύει
3430 3046 3461 3097 ὁ

1911 3125 2134 3185 Ἡσαΐας
2163 3124 2286 3192 7:591
2315 3124 2407 3175 τοῦ
2446 3125 2698 3194 Χριστοῦ,
2729 3128 2820 3178 καὶ
2856 3127 2980 3196 περὶ
3008 3128 3104 3196 τῆς
3132 3129 3459 3198 ἐρημώσεως

1911 3211 2282 3280 Ἰερουσαλὴμ,
2318 3213 2563 3280 καὶπερὶ
2609 3213 2706 3281 τῆς
2747 3214 2930 3265 ἀνόδου
2977 3213 3455 3286 Ναϐουχοδονόσορ.

1899 3298 2209 3366 Προφητεία
2255 3298 2360 3349 τῶν
2390 3299 2467 3360 εἰς
2511 3300 2740 3368 Χριστὸν
2776 3300 3154 3354 πιστευόντων.
3197 3303 3328 3371 11591
3362 3303 3457 3373 τῆς

1902 3383 2078 3451 ἰσχύος
2105 3383 2195 3435 καὶ
2225 3384 2595 3452 ὑπερηφανίας
2620 3386 2712 3436 καὶ
2732 3386 3002 3449 ἀπωλείας
3022 3387 3112 3442 τοῦ
3154 3387 3454 3458 ’Λσσυρίου.

1899 3470 2031 3536 Περὶ
2053 3469 2156 3519 τῶν
2188 3471 2543 3522 πιστευόντων
2574 3471 2811 3539 Χριστῷ,
2843 3474 2968 3540 περὶ
2997 3475 3092 3541 τῆς
3125 3476 3261 3526 κατὰ
3285 3476 3458 3544 σάρκα

1898 3558 2199 3623 γεννήσεως
2230 3555 2322 3606 τοῦ
2353 3557 2585 3624 Χριστοῦ
2609 3575 2620 3587 ·
2649 3558 2772 3626 περὶ
2805 3558 2902 3626 τῆς
2937 3559 3044 3610 τῶν
3077 3561 3154 3621 εἰς
3184 3561 3340 3612 αὑτὸν
3367 3579 3456 3614 πι-

1899 3643 2190 3694 στευόντων
2217 3643 2531 3703 ἐπιεικείας.
2577 3644 2868 3695 ’Λπῶλειαν
2894 3645 3203 3710 Βαϐυλῶνος
3230 3651 3322 3699 καὶ
3349 3648 3456 3702 τῶν

1897 3729 2202 3795 ἀλλοφύλων
2244 3729 2589 3798 προφητεύει.
2651 3730 2916 3783 ’Λπώλεια
2959 3731 3276 3785 Μωαϐιτῶν.
3325 3736 3456 3806 Περὶ

1897 3815 2128 3883 Χριστοῦ
2187 3817 2507 3885 προφητεία.
2550 3817 2812 3870 Ἀπώλεια
2863 3820 3172 3887 Δαμασκοῦ,
3221 3823 3312 3873 καὶ
3362 3823 3454 3874 τοῦ

1909 3902 2120 3970 Ἰσραὴλ
2155 3902 2405 3971 συμφορά
2439 3903 2532 3954 καὶ
2574 3903 2830 3971 σωτηρία.
2871 3904 3132 3957 Ἀπώλεια
3162 3907 3452 3972 Αἰγύπτου.

1912 3988 2221 4056 Ἀλληγορεῖ
2246 3988 2483 4039 κάκωσιν
2512 3990 2591 4049 εἰς
2628 3988 2694 4039 τά
2723 3989 2843 4057 ἔθνη
2883 3991 2950 4042 τὰ
2986 3991 3057 4059 μὴ
3099 3993 3454 4047 πιστεύσαντα

1895 4072 1971 4140 τῷ
1999 4073 2203 4141 Κυρίῳ,
2228 4074 2320 4124 καὶ
2344 4076 2421 4135 εἰς
2441 4073 2535 4142 τὴν
2562 4075 2835 4142 ἐρήμωσιν
2862 4075 2957 4143 τῆς
2978 4076 3228 4137 ἀσεϐείας
3253 4079 3450 4133 αὐτῶν.

1895 4159 2185 4210 Κελεύεται
2229 4160 2451 4221 Ἡσαΐας
2485 4160 2688 4227 γυμνὸς
2731 4162 3117 4231 περιπατῆσαι.
3164 4165 3451 4234 Ἐπιστραέ

1893 4246 2009 4298 τεία
2040 4245 2237 4314 Μήδων
2272 4249 2362 4297 καὶ
2413 4247 2761 4299 Βαϐυλωνίων
2807 4250 3066 4318 γενομένη
3109 4251 3245 4302 κατά
3296 4252 3451 4303 Ἰδου-

1897 4332 2058 4400 μαίας
2082 4333 2172 4384 καὶ
2204 4332 2476 4401 Ἀραϐίας.
2509 4334 2796 4402 Πολιορκία
2825 4335 3223 4403 Ἰερουσαλὴμή
3253 4339 3450 4405 ἐσχάτη

1893 4418 1994 4468 ὑπὸ
2027 4418 2512 4486 Ναϐουχοδονόσορ.
2542 4419 2848 4493 Ιιρόρρησις
2871 4419 2946 4486 τῷ
2973 4420 3166 4488 Σωμνᾷ
3190 4420 3264 4488 τῷ
3285 4425 3452 4493 ταμίᾳ

1892 4505 2018 4571 περὶ
2047 4504 2142 4571 τῆς
2188 4504 2477 4564 ἀπωλείας.
2510 4506 2570 4554 Οἱ
2600 4504 2655 4554 δὲ
2684 4504 2889 4573 ταμίαι,
2935 4506 3226 4570 τουτέστιν,
3265 4510 3311 4559 οἱ
3356 4510 3453 4576 φύ-

1891 4589 2048 4650 λακες
2079 4589 2185 4640 τῶν
2199 4591 2253 4639 ἐν
2273 4589 2347 4656 τῷ
2367 4589 2492 4657 ἱερῴ
2510 4591 2821 4658 χρημάτων,
2845 4591 3061 4643 ἁπὸτῶν
3088 4593 3274 4661 ἱερέων
3293 4590 3447 4663 ἦσαν.

1903 4673 2166 4726 Ἀπώλεια
2216 4673 2411 4742 Τύρου,
2454 4677 2544 4726 καὶ
2590 4678 2621 4744 ἡ
2666 4677 2801 4744 μετά
2853 4676 3020 4729 ταῦτα
3068 4682 3325 4750 σωτηρία,
3359 4686 3451 4734 καὶ

1890 4759 2148 4829 περὶτῶν
2194 4759 2524 4828 Ἐκκλησιῶν
2546 4761 2935 4831 ἀλληγορικῶς.
2986 4765 3248 4816 Ἀπώλεια
3286 4768 3453 4818 Βαϐυ-

1886 4849 2050 4910 λῶνος
2085 4847 2189 4900 ὑπὸ
2219 4849 2434 4918 Μήδων,
2460 4851 2551 4902 καὶ
2575 4850 2662 4901 ἐπ’
2702 4851 2836 4920 αὑτῇ
2872 4852 3182 4921 εὐχαριστία
3224 4854 3299 4917 τῷ
3333 4857 3449 4923 (9εῴ

1949 5027 1974 5090 °_
2000 5023 2137 5090 Hunc
2160 5025 2316 5090 locum
2340 5027 2559 5085 respicit,
2591 5025 2663 5090 11,
2694 5028 2722 5071 5
2756 5027 2916 5090 τάνδρί
2945 5028 3208 5090 μικρολόγῳ
3234 5030 3286 5076 οὐ
3309 5030 3448 5083 καλὸς

1885 5087 1910 5131 ὁ
1929 5084 2144 5139 πλοῦτος·
2171 5083 2274 5146 viro
2298 5083 2444 5146 parco
2468 5099 2558 5133 non
2585 5083 2715 5134 ίιυιιίυ
2735 5093 2841 5133 sunt
2861 5083 3056 5137 divitiai.
3087 5083 3261 5136 Pai‘éos
3285 5097 3446 5137 autem

1885 5146 2044 5206 θρῖπας
2070 5145 2314 5192 vocabam.)
2345 5147 2429 5193 list
2455 5160 2568 5193 vero
2591 5148 2694 5207 θρίψ
2714 5160 2869 5206 genus
2905 5150 3154 5197 vermiculi
3180 5152 3446 5197 secundum

1883 5207 2097 5262 Suidam,
2123 5208 2250 5266 quod
2275 5209 2402 5265 ligna
2425 5213 2474 5252 et
2514 5220 2690 5253 cornua
2716 5208 3019 5257 corrcdebal.
3045 5211 3169 5257 Hinc
3199 5224 3366 5268 parcos
3394 5220 3446 5260 ιιι

1887 5279 2054 5332 avaros
2096 5268 2256 5328 θρῖπας
2298 5275 2544 5315 vocarunt.
2594 5268 2899 5326 11053'cbius:
2930 5272 3052 5330 θρὶψ,
3088 5272 3321 5332 γλίσχρος,
3349 5289 3442 5332 φει-

1887 5328 2050 5380 δωλός.

1946 5386 2277 5450 d_1.egendum
2299 5388 2531 5450 θρασείας,
2556 5394 2609 5434 ut
2649 5391 2694 5435 in
2717 5388 2924 5450 Synopsi
2945 5403 3052 5449 quae
3077 5391 3338 5439 Athanasio
3362 5395 3444 5440 auL

1886 5447 2128 5502 scribitur,
2156 5462 2263 5507 qua:
2288 5449 2520 5507 Synopsis
2559 5451 2606 5495 ιιι
2638 5447 3024 5497 Εοριρεὶοὲιίωιιιι
3049 5453 3149 5497 sive
3185 5453 3444 5501 Siraddum

1890 5462 2128 5502 scrionur,
2156 5462 2263 5507 qua:
2288 5462 2418 5505 ayno
2455 5462 2520 5494 Sis
2559 5463 2606 5495 ιιι
2639 5462 3024 5497 [ιοριρειαειιριιιιι
3049 5463 3149 5497 snve
3185 5462 3444 5501 blrmlcium

1890 5509 2079 5568 longior
2105 5509 2207 5571 Ιιιιιι,
2247 5522 2394 5567 pauca
2423 5462 2567 5556 Eabel
2593 5510 2650 5557 ad
2679 5509 2879 5556 verbum
2921 5511 2996 5557 his
3019 5510 3209 5557 similia.
3235 5514 3444 5560 lia-Iern-

1890 5582 1992 5628 ιίιιιι
2017 5582 2134 5616 vero
2161 5569 2386 5616 Iibrorum
2415 5570 2662 5628 Synopscs
2687 5579 2786 5617 lolo
2809 5571 2927 5618 caelo
2959 5572 3206 5618 diil‘crunt.
3236 5573 3285 5618 Ιιι
3313 5575 3447 5622 Sira-

1887 5624 1994 5676 cide
2010 5632 2216 5696 legitur,
2241 5630 2376 5696 22,5,
2401 5624 2578 5696 πατέρα
2599 5633 2673 5678 καὶ
2702 5632 2844 5692 ἄνδρα
2870 5633 3170 5693 καταισχύνει
3189 5636 3216 5687 ἡ
3232 5635 3442 5696 θρασεῖα.

1957 5693 1978 5715 ⁸
2006 5691 2151 5739 Forte
2175 5692 2612 5751 πεπλημμελημένοι.
