4152 6324
706 336 818 391 377

699 457 807 516 ὑπδ
827 453 920 508 τοῦ
959 455 1256 523 προφήτου.
1292 453 1401 504 Καὶ
1431 454 1556 522 περὶ
1591 453 1698 503 τῶν
1737 451 1955 522 Χριστῷ
1982 449 2259 502 πιστευόν-

698 557 808 604 των
843 535 1165 608 προφητεία,
1197 535 1324 604 περὶ
1347 537 1445 604 τῆς
1471 535 1565 586 τοῦ
1591 534 1833 586 διαὸόλου
1862 532 2134 593 ἀπωλείας
2163 533 2261 600 τῆς

699 624 803 676 ὑπὸ
835 623 1066 692 Χριστοῦ
1092 622 1383 690 γενομένης
1406 636 1418 648 ·
1453 621 1578 688 περὶ
1604 621 1702 688 τῆς
1727 620 1820 672 τοῦ
1853 618 2090 688 Χριστοῦ
2119 617 2261 672 κατά

699 712 878 778 σάρκα
909 709 1244 777 παρουσίαςο
1278 707 1405 774 περὶ
1456 707 1557 773 τῆς
1603 707 1679 766 είς
1730 704 1960 773 Χριστὸν
2004 704 2255 765 πίστεως.

710 794 1047 861 Ἐγκαλείται
1076 795 1105 844 6
1139 793 1373 861 Ἰσραήλ,
1401 793 1480 844 ὅτι
1511 792 1608 858 τὴν
1643 791 1828 842 ἐλπίδα
1846 790 1953 842 ἀπὸ
1979 789 2112 841 Θεοῦ
2127 790 2260 841 am-

699 883 924 951 στήσας,
967 881 1059 931 ἐπὶ
1099 880 1225 940 τοὺς
1260 878 1588 945 Αἰγυπτίους
1620 877 1788 945 αὐτὴν
1829 877 2132 945 μετήγαγε·
2167 875 2258 927 καὶ

696 965 1121 1036 προαγορεύσεσι
1147 964 1293 1033 αὐτῷ
1327 963 1489 1025 κακά,
1527 963 1619 1014 καὶ
1650 961 1872 1032 εὐθηνία
1899 961 2038 1030 μετά
2063 960 2254 1018 ταῦτα.

697 1052 1100 1122 ιιροφητεύεται
1140 1051 1197 1103 δὲ
1223 1050 1282 1100 ἐν
1307 1049 1385 1117 τῷ
1427 1047 1574 1117 αὑτῷ
1601 1047 1728 1117 περὶ
1762 1047 1858 1114 τῆς
1899 1045 1994 1098 τοῦ
2023 1045 2256 1116 Χριστοῦ

708 1139 1050 1209 Ἐκκλησίας,
1082 1139 1209 1206 περὶ
1236 1136 1334 1204 τῆς
1363 1134 1692 1204 ἐπιστροφῆς
1727 1134 1835 1186 τῶν
1861 1132 2029 1184 ἐθνῶν
2057 1133 2155 1200 τῆς
2179 1134 2257 1194 είς

694 1227 944 1297 Χριστὸν,
978 1226 1070 1277 καὶ
1093 1223 1336 1294 περὶτῆς
1358 1222 1685 1291 ἐρημώσεως
1721 1221 2090 1290 Ἰερουσαλήμ.
2125 1220 2257 1287 Περὶ

691 1314 793 1383 τῆς
826 1311 1146 1380 Ἐκκλησίας
1183 1309 1410 1380 ἱστορία,
1432 1310 1504 1370 ώς
1545 1308 1643 1375 μὲν
1674 1307 1814 1358 κατὰ
1846 1308 1944 1376 τὴν
1972 1307 2257 1376 πρόχειρον

691 1401 772 1464 είς
802 1399 902 1469 τὴν
933 1397 1232 1466 Ἰδουμαίαν
1258 1397 1352 1447 καὶ
1372 1395 1471 1463 τὴν
1506 1392 1874 1463 Ἰερουσαλὴμ,
1905 1393 2024 1443 κατ’
2047 1392 2257 1457 ἀναγω-

692 1484 874 1555 γήνδὲ
916 1484 994 1544 είς
1025 1483 1124 1551 τὴν
1169 1480 1400 1552 ἐρημίαν
1443 1479 1550 1530 τῶν
1591 1478 1875 1541 Ἰουδαίων,
1910 1477 2003 1529 καὶ
2035 1479 2113 1537 είς
2158 1479 2256 1544 τὴν

693 1569 990 1640 εὐπραγίαν
1015 1568 1111 1636 τῆς
1136 1566 1230 1620 τοῦ
1252 1565 1485 1636 Χριστοῦ
1521 1564 1861 1632 Ἐκκλησίας.
1891 1564 1972 1614 Ta
1995 1563 2138 1615 κατά
2166 1563 2255 1614 τὸν

693 1656 1050 1727 Σεναχηρείμ.
1101 1655 1413 1724 Προφητεία
1442 1654 1568 1722 περὶ
1619 1654 1862 1704 Ἰωάννου
1893 1652 1986 1703 τοῦ
2025 1650 2255 1720 Προδρό-

695 1762 820 1814 μου,
849 1743 944 1795 καὶ
969 1742 1076 1793 τῶν
1101 1743 1179 1802 είς
1203 1739 1435 1810 Χριστὸν
1463 1739 1839 1791 πιστευόντων.
1863 1738 1972 1806 Τῆς
1996 1737 2089 1789 τοῦ
2117 1735 2252 1788 Θεοῦ

689 1815 968 1901 δυνάμεως
1012 1827 1254 1891 ἔνδειξις,
1285 1828 1378 1879 καὶ
1413 1827 1712 1894 κατηγορία
1756 1825 1849 1877 τοῦ
1901 1825 2132 1893 Ἰσραὴλ,
2178 1824 2253 1885 ὡς

690 1913 1215 1984 είδωλολατροῦντος,
1256 1913 1350 1965 καὶ
1381 1912 1489 1963 τῶν
1526 1913 1605 1973 είς
1640 1911 1731 1962 τὸν
1759 1910 1884 1964 λαὸν
1931 1911 2252 1977 εὐεργεσιῶν

689 2003 1012 2072 ὑπόμνησις.
1054 1998 1188 2067 Περὶ
1213 1998 1312 2067 τῆς
1358 1996 1808 2065 ἐκκλησιαπικῆς
1851 1995 2250 2057 καταστάσεως,

688 2091 784 2143 καὶ
811 2089 1042 2142 είδώλων
1062 2087 1358 2147 ἀσθενείας.
1389 2085 1522 2153 Περὶ
1547 2082 1782 2152 Χριστοῦ
1808 2081 2132 2152 προφητεία,
2157 2083 2251 2133 καὶ

685 2179 796 2230 τῶν
839 2179 920 2238 είς
968 2177 1128 2227 αὐτὸν
1171 2173 1548 2226 πιστευόντων.
1599 2171 1871 2235 Ὀνειδίζει
1917 2171 1995 2239 τῷ
2040 2170 2252 2239 Ἰσραὴλ

687 2264 970 2334 ἁμαρτιῶν
995 2264 1197 2314 ἕνεκεν.
1220 2260 1382 2338 Λέγει
1406 2258 1494 2312 διὰ
1511 2260 1608 2334 τὴν
1627 2259 1908 2329 παρακοήν
1927 2257 2104 2310 αὐτῶν
2125 2259 2250 2308 ἐπε-

686 2349 944 2419 νηνέχθαι
993 2349 1176 2409 αὐτοῖς
1204 2345 1304 2407 τάς
1343 2346 1645 2415 συμφοράς.
1683 2344 1818 2413 Περὶ
1857 2344 1956 2412 τῆς
1999 2344 2079 2406 είς
2116 2344 2252 2412 Χρι-

687 2439 813 2489 στὸν
840 2436 1096 2498 πίστεως.
1122 2435 1245 2486 Ὀτι
1267 2433 1359 2484 καὶ
1389 2432 1463 2502 μὴ
1489 2430 1682 2484 θύοντα
1706 2432 1853 2483 εἴασε
1879 2430 1969 2482 τὸν
1988 2429 2134 2492 λαὸν,
2157 2431 2251 2482 καὶ

684 2524 785 2576 οὐκ
817 2521 1012 2591 ἀπῄτει
1054 2519 1152 2589 τήν
1183 2519 1272 2570 διὰ
1301 2518 1500 2570 θυσιῶν
1526 2517 1798 2588 λατρείαν.
1837 2518 1945 2571 Kal
1983 2515 2110 2587 περὶ
2141 2516 2250 2569 τῶν

685 2610 766 2672 είς
806 2607 1038 2676 Χριστὸν
1079 2604 1440 2658 πιστευόντων
1491 2603 1816 2673 προφητεία.
1854 2603 2110 2672 Ἔλεγχος
2151 2605 2250 2672 τῆς

681 2695 794 2752 τῶν
820 2693 1048 2746 είδὼλων
1079 2691 1374 2753 ἀσθενείας,
1405 2690 1498 2741 καὶ
1527 2689 1746 2754 ἔνδειξις
1765 2689 1860 2758 τῆς
1881 2688 1975 2741 τοῦ
2001 2689 2134 2741 Θεοῦ
2162 2689 2250 2740 δυ-

683 2782 918 2851 νάμεως.
963 2777 1229 2830 ’Δπώλεια
1270 2775 1606 2838 Βαϐυλῶνος,
1637 2777 1731 2828 καὶ
1774 2779 1874 2845 τῆς
1909 2775 2248 2843 σκληροκαρ-

682 2867 802 2930 δίας
865 2863 1129 2917 Ἰουδαίων
1175 2862 1413 2932 ἐλεγχος,
1462 2862 1556 2914 καὶ
1609 2861 1857 2931 χρηστῶν
1913 2862 2249 2930 πραγμάτων

681 2951 1010 3024 προφητεία.
1047 2950 1180 3019 Περὶ
1209 2946 1442 3018 Χριστοῦ
1465 2949 1766 3018 προφητεία
1787 2948 1880 2999 καὶ
1910 2948 2248 3018 παράκλησις

695 3037 1065 3108 Ἰερουσαλήμ.
1101 3035 1235 3105 Περὶ
1255 3035 1364 3088 τῶν
1389 3034 1699 3086 ἀποστόλων
1731 3035 1824 3086 καὶ
1852 3036 1979 3103 περὶ
2012 3033 2245 3104 Χριστοῦ

683 3123 1005 3198 προφητεία.
1038 3123 1172 3194 Περὶ
1209 3122 1308 3190 1?};
1341 3121 1433 3173 τοῦ
1475 3121 1708 3191 Χριστοῦ
1747 3125 1883 3173 κατὰ
1915 3122 2091 3191 σάρκα
2123 3138 2248 3189 γεν-

683 3214 911 3282 νήσεως,
945 3211 1038 3263 καὶ
1063 3212 1190 3278 περὶ
1217 3209 1439 3270 πάθους,
1464 3211 1557 3260 καὶ
1588 3209 1954 3269 ἀναστάσεως,
1989 3209 2082 3259 καὶ
2117 3208 2248 3276 πλή-

683 3302 810 3361 θους
836 3298 945 3349 τῶν
975 3298 1054 3358 εἰς
1082 3297 1243 3349 αὑτὸν
1283 3297 1660 3348 πιστευόντων.
1703 3296 1838 3360 Περὶ
1874 3293 1968 3345 τοῦ
2015 3293 2246 3361 Χριστοῦ

680 3387 800 3455 ἅμα
826 3384 1068 3454 καὶπερὶ
1269 3383 1364 3434 τοῦ
1404 3382 1617 3451 Ἰσραὴλ
1645 3382 1785 3433 κατά
1819 3381 2076 3449 ἱστορίαν,
2109 3381 2249 3432 κατά

680 3471 971 3541 ἀναγωγὴν
1000 3471 1127 3540 περὶ
1157 3470 1266 3522 τῶν
1287 3472 1366 3530 είς
1398 3469 1630 3537 Χριστὸν
1656 3469 2032 3520 πιστευόντων.
2068 3471 2247 3538 Κατη-

679 3561 841 3629 γορία
882 3558 1146 3610 Ἰουδαίων
1185 3557 1622 3626 εἰδωλολατρείας
1661 3557 1866 3614 ἕνεκεν,
1907 3557 2126 3625 καὶτῆς
2154 3575 2246 3624 νη-

684 3647 867 3708 στείας
901 3644 1079 3697 αὐτῶν
1109 3643 1458 3713 παραίτησις,
1493 3643 1583 3693 καὶ
1619 3641 1808 3708 ἐτέρας
1850 3643 2098 3710 νηστείας
2125 3642 2244 3709 βελ-

679 3734 852 3796 τίονος
877 3731 1165 3794 ὑπόδειξις.
1195 3727 1329 3782 Εἶτα
1351 3728 1653 3797 κατηγορία
1684 3728 1791 3780 τῶν
1815 3728 2042 3796 δολερῶν
2071 3730 2246 3782 αὐτῶν

681 3821 857 3890 ἔργων
891 3818 985 3870 καὶ
1007 3817 1408 3886 βουλευμάτων,
1436 3815 1528 3866 καὶ
1558 3815 1860 3883 προφητεία
1887 3815 2140 3883 περὶτῶν
2168 3818 2246 3877 εἰς

681 3906 914 3974 Χριστὸν
947 3905 1324 3957 πιστευόντων.
1360 3903 1492 3971 Περὶ
1534 3901 1766 3971 Χριστοῦ
1801 3903 2121 3972 προφητεία,
2155 3905 2247 3954 καὶ

681 3994 811 4063 περὶ
835 3992 942 4044 τῶν
971 3991 1162 4043 ίάσεων
1187 3988 1295 4040 τῶν
1320 3991 1397 4050 είς
1422 3988 1598 4057 ψυχὴν
1620 3990 1709 4041 καὶ
1738 3991 1814 4050 εἰς
1843 3989 1999 4057 σῶμα
2025 3991 2246 4057 γενομέ-

679 4095 786 4131 νων
818 4079 908 4129 ὑπ’
937 4076 1120 4138 αὑτοῦ,
1149 4076 1242 4126 καὶ
1269 4074 1524 4140 περὶτῶν
1546 4074 1852 4125 ἀποστόλων
1879 4077 1969 4126 καὶ
1997 4077 2246 4144 περὶτῶν

681 4164 880 4216 λοιπῶν
899 4162 1007 4214 τῶν
1029 4161 1389 4212 πιστευόντων
1418 4160 1583 4226 αὐτῷ.
1615 4161 1746 4227 Περὶ
1775 4159 1866 4210 τοῦ
1889 4160 2110 4223 πάθους.
2140 4163 2246 4214 Kal

681 4253 832 4322 παρά
859 4249 951 4303 τοῦ
987 4249 1286 4318 προφήτου,
1319 4246 1392 4308 ὡς
1425 4247 1572 4314 παρά
1604 4245 1697 4296 τοῦ
1733 4245 1881 4311 λαοῦ,
1929 4247 2247 4319 ἐξομολόγηο

685 4357 787 4400 σις,
821 4337 914 4389 καὶ
943 4335 1091 4404 παρά
1113 4333 1206 4390 τοῦ
1237 4332 1442 4403 Κυρίου
1471 4332 1686 4401 ἐλεγχος
1707 4332 1928 4385 ἐκείνων
1948 4335 2245 4399 ἀπειθείας,

684 4425 778 4476 καὶ
806 4422 1104 4491 πρόσληψις
1125 4421 1233 4472 τῶν
1252 4419 1612 4471 πιστευόντων
1637 4418 1806 4487 αὐτῷ,
1831 4421 1927 4472 καὶ
1951 4421 2247 4488 κατηγορία

683 4512 779 4578 τῆς
815 4509 1078 4560 Ἰουδαίων
1109 4506 1565 4573 εἰδωλολατρείας.
1599 4505 1733 4573 Περὶ
1749 4505 1858 4556 τῶν
1884 4506 2248 4558 πιστευόντων

686 4596 744 4660 ἐξ
788 4595 1049 4646 Ἰουδαίων
1084 4595 1163 4654 είς
1201 4594 1292 4643 τὸν
1332 4592 1534 4662 Κύριον
1564 4591 1719 4660 ήμῶν
1762 4593 1966 4660 Ἰησοῦν
1995 4593 2242 4662 Χριστόν.

686 4681 996 4749 Κατηγορία
1024 4681 1130 4734 τῶν
1185 4680 1590 4746 ἁπειθησάντων
1635 4680 1760 4747 περὶ
1807 4680 1905 4748 τῆς
1952 4680 2246 4749 μελλούσης

686 4769 853 4836 ζωῆς-

731 4907 993 4971 Σύνοψις
1026 4902 1141 4956 τῶν
1163 4902 1239 4966 τῷ
1269 4903 1545 4972 προφήτῃ
1577 4904 1822 4970 Ἱερεμίᾳ
1843 4903 2182 4970 εἰρημένων.

757 5023 1159 5094 Προαγόρευσις
1180 5024 1286 5075 τῶν
1311 5023 1582 5091 ἐσομένων
1604 5025 1786 5074 κακῶν
1802 5023 1878 5091 τῷ
1916 5025 2120 5094 Ἰσραὴλ
2143 5025 2248 5076 ὑπὸ

686 5112 778 5164 τοῦ
835 5109 1316 5178 Ναόουχοδονόσορ.
1360 5111 1619 5176 Ἔλεγχος
1669 5109 1766 5176 τῆς
1813 5109 2247 5178 είδωλολατρείας

684 5197 778 5248 τοῦ
829 5195 1064 5264 Ἰσραὴλ,
1091 5195 1183 5246 κα)⁸
1209 5196 1512 5263 ὑπόμνησις
1539 5196 1635 5265 τῆς
1659 5196 1749 5247 τοῦ
1770 5195 1902 5246 Θεοῦ
1933 5197 2247 5265 εὐεργεσίας

687 5285 766 5345 είς
795 5282 1010 5344 αὐτοὺς,
1045 5281 1138 5333 καὶ
1167 5281 1274 5332 τῶν
1299 5283 1502 5345 κακῶν,
1532 5282 1565 5334 ἂ
1601 5284 1663 5333 ἐκ
1686 5281 1777 5334 τοῦ
1822 5281 2132 5333 πεποιθέναι
2155 5285 2248 5333 Αί-

687 5369 935 5435 γυπτίοις
991 5369 1306 5437 ὑπέμειναν.
1364 5369 1474 5436 Τῆς
1532 5369 1640 5420 τῶν
1687 5368 1916 5420 εἰδώλων
1969 5369 2246 5430 ἀσθενείας

689 5455 928 5522 ἐλεγχος,
951 5455 1043 5504 καὶ
1066 5455 1162 5523 τῆς
1191 5453 1368 5506 αὐτῶν
1396 5453 1501 5505 τῶν
1539 5454 1882 5522 Ἰσραηλιτῶν
1903 5454 2246 5524 (Ξινθρωποθυ⁹

691 5542 812 5603 σίας
864 5541 1182 5608 κατηγορία.
1225 5541 1331 5592 Τοῦ
1375 5541 1584 5609 Ἰσραὴλ
1637 5541 1950 5609 κατηγορία,
2001 5544 2092 5593 καὶ
2138 5543 2246 5594 ἀπὸ

692 5626 1027 5696 συγκρίσεως
1059 5628 1154 5695 τῆς
1189 5628 1321 5695 πρὸς
1357 5628 1517 5679 αὑτὸν
1551 5625 1774 5692 αὐξησις
1805 5627 1910 5678 τῶν
1948 5628 2038 5679 τοῦ
2079 5629 2244 5681 Ἰούδα

695 5713 1052 5783 τολμημάτων
1078 5731 1090 5743 ⁸
1111 5713 1201 5765 καὶ
1226 5715 1608 5782 προαγόρευσις
1633 5713 1877 5780 χρηστῶν
1900 5713 1973 5781 τῷ
2012 5715 2238 5784 Ἰσραὴλ,

1382 341 1440 395 S.
1479 336 1762 394 JOANMS
1797 332 2291 390 CIIRYSOSTOIII
2326 334 2653 390 ARCHIEP.
2691 334 3240 392 CONSTAATINUI‘.

3824 353 3931 406 378

2367 452 2415 502 εί
2449 453 2760 522 ἐπιστρέψει
2793 454 2928 522 πρὸς
2953 455 3042 505 τὸν
3069 455 3199 506 Θεόν
3217 471 3230 483 ο
3267 454 3358 507 καὶ
3383 454 3486 506 ὑπὸ
3516 452 3607 506 τοῦ
3634 454 3927 524 προφήτου,

2364 541 2440 602 ώς
2475 539 2625 606 παρὰ
2654 541 2746 591 τοῦ
2774 540 2923 599 λαοῦ,
2949 540 3352 610 ἐξομολόγησις.
3397 541 3459 592 Ἰί
3494 540 3676 602 ἄνοδος
3700 540 3807 591 τῶν
3829 541 3930 592 Βα-

2365 625 2655 690 ϐυλωνίων,
2696 627 2789 678 καὶ
2812 627 2904 678 τοῦ
2927 629 3203 697 προφήτου
3225 628 3418 696 θρῆνος
3448 627 3541 677 ἐπὶ
3567 629 3632 695 τῇ
3670 626 3930 698 μελλούσῃ

2363 711 2660 780 ἐρημώσει,
2678 712 2769 762 καὶ
2791 712 2958 779 αὐτῆς
2980 712 3078 778 τῆς
3103 711 3432 780 ἐρημώσεως
3462 712 3772 780 ύπογραφή.
3793 712 3930 764 Κατ-

2361 799 2559 866 ηγορία
2603 797 2696 849 τοῦ
2745 797 2896 860 λαοῦ,
2945 799 3026 849 ὅτι
3075 799 3266 849 οὐδένα
3311 797 3466 866 ἔσχεν
3521 796 3662 849 οὕτω
3707 797 3926 860 δίκαιον,

2362 883 2502 936 ὥστε
2528 884 2723 953 στῆσαι
2762 885 2854 937 τοῦ
2888 884 3022 936 Θεοῦ
3067 885 3164 953 τὴν
3189 883 3379 954 ὀργὴν,
3410 883 3504 935 καὶ
3546 884 3644 952 τῆς
3673 883 3929 954 πονηρίας

2363 969 2542 1021 αὐτῶν
2593 971 2829 1040 ἐλεγχος.
2868 973 2988 1025 ὀτι
3024 972 3086 1024 ού
3135 973 3297 1040 μέχρι
3329 971 3588 1040 θεμελίων
3621 970 3736 1040 ἔχει
3766 987 3928 1027 κατα-

2365 1056 2666 1124 πραφῆναι
2702 1057 3052 1126 Ἰερουσαλὴμ
3073 1058 3177 1109 ὑπὸ
3198 1057 3292 1109 τοῦ
3313 1056 3797 1126 Ναϐουχοδονόσορ.
3824 1057 3927 1109 Καὶ

2362 1141 2544 1204 ἀνοδος
2574 1143 2682 1195 τῶν
2729 1144 3100 1202 Βαϐυλωνίων,
3147 1143 3240 1196 καὶ
3274 1143 3576 1212 κατηγορία
3622 1145 3720 1212 τῆς
3775 1145 3924 1195 ἀπει-

2363 1224 2511 1290 θείας
2562 1227 2655 1279 τοῦ
2695 1229 2927 1299 Ἰσραὴλ,
2958 1230 3038 1281 ὅτι
3086 1229 3184 1280 οὐκ
3231 1223 3504 1296 ἠνείχοντο
3547 1227 3778 1280 ἀκοῦσαι
3834 1228 3925 1280 τοῦ

2362 1316 2660 1384 προφήτου.
2693 1316 3005 1384 Κατηγορία
3035 1315 3141 1366 τῶν
3159 1313 3612 1382 ψευδοπροφητῶν
3635 1314 3928 1384 παραλογι-

2363 1400 2602 1466 ζομένων
2634 1401 2723 1452 τὸν
2757 1401 2916 1452 λαόν*
2952 1399 3046 1452 τοῦ
3088 1399 3195 1470 γὰρ
3242 1399 3502 1468 Ἰερεμίου
3550 1398 3813 1465 λέγοντος,
3848 1400 3926 1452 δτι

2364 1481 2600 1552 Πόλεμος
2621 1481 2792 1543 ἔσται,
2820 1485 2980 1548 αὐτὸς
2999 1486 3366 1558 ἐλεγεν,οὺχὶ,
3387 1485 3520 1536 ἀλλὰ
3544 1487 3730 1555 εἰρήνη
3755 1485 3921 1539 ἔσται.

2362 1568 2694 1646 Παραίτησις
2723 1570 2945 1633 θυσιῶν,
2981 1572 3076 1623 καὶ
3107 1571 3288 1633 ἄνοδος
3317 1570 3410 1623 τοῦ
3444 1572 3801 1636 Βαϐυλωνίου,
3836 1574 3926 1624 καὶ

2359 1655 2460 1724 τῆς
2487 1656 2880 1724 άνεπιστρόφου
2907 1656 3145 1718 διανοίας
3200 1657 3466 1710 Ἰουδαίων
3510 1657 3748 1726 ἐλεγχος.
3779 1660 3923 1728 Παρ-

2359 1743 2498 1794 αινεῖ
2521 1742 2600 1810 τῷ
2645 1741 2816 1811 Ἰούδα
2857 1744 2994 1812 πρὸς
3027 1744 3088 1796 τὸ
3130 1744 3380 1811 γενέσθαι
3413 1746 3607 1808 αὐτοὺς
3637 1746 3924 1816 βελτίονας,

2359 1831 2452 1882 καὶ
2484 1828 2713 1890 ἀπειλεῖ,
2739 1830 2788 1880 εἰ
2820 1830 2894 1898 μὴ
2935 1829 3194 1896 γένοιντο,
3227 1831 3294 1882 τὰ
3337 1831 3473 1884 αὐτὰ
3513 1834 3796 1886 πείσεσθαι
3833 1836 3925 1889 αὑ·

2356 1917 2482 1977 τοὺς
2518 1914 2597 1983 τῷ
2641 1915 2886 1984 Ἰσραήλσ
2915 1915 3010 1967 καὶ
3048 1915 3244 1968 κωλύει
3275 1916 3366 1969 τὸν
3403 1917 3666 1988 Ἱερεμίαν
3714 1919 3921 1972 δεῖσθαι

2359 2001 2498 2071 ὑπὲρ
2546 2002 2742 2054 αὐτῶν.
2810 2001 3144 2072 Παραίτησις
3190 2002 3418 2067 θυσιῶν,
3471 2005 3770 2074 κατηγορία
3830 2006 3923 2073 τῆς

2356 2088 2683 2156 ἀπροσεξίας
2704 2087 2903 2151 αὐτῶν,
2935 2089 3026 2141 καὶ
3057 2089 3152 2157 τῆς
3187 2088 3650 2158 ἀνθρωποθυσίας.
3682 2091 3748 2158 ήν
3776 2093 3921 2142 ἐποι-

2356 2171 2512 2224 οῦντο
2566 2176 2677 2236 τοῖς
2727 2173 2964 2242 δαίμοσι.
3011 2174 3121 2225 Kal
3170 2175 3570 2243 προαγόρευσις
3615 2173 3708 2226 τοῦ
3759 2176 3923 2243 τάφον

2357 2260 2572 2312 ἔσεσθαι
2599 2261 2690 2312 τὸν
2721 2260 2882 2312 τόπον
2922 2259 3017 2312 τοῦ
3057 2259 3275 2313 εἰδώλου
3305 2261 3502 2322 αὐτῶν,
3543 2261 3635 2314 καὶ
3669 2260 3764 2314 τοῦ
3793 2265 3922 2332 μηδὲ

2357 2345 2546 2412 τάφοις
2587 2345 2735 2408 τινας
2783 2346 2892 2399 τῶν
2921 2346 3322 2416 ἀναιρουμένων
3364 2347 3766 2417 παραδίδοσθαι.
3807 2349 3921 2400 Ἔτι

2357 2432 2485 2501 περὶ
2510 2432 2608 2499 τῆς
2633 2432 2818 2484 ἀνόδου
2849 2432 2957 2484 τῶν
2992 2432 3282 2501 πολεμίων,
3317 2433 3410 2486 καὶ
3436 2432 3628 2502 θρῆνος
3663 2434 3921 2504 Ἰερεμίου

2355 2518 2450 2570 ἐπὶ
2481 2521 2600 2581 ταῖς
2647 2518 2865 2580 κακίαις
2906 2518 3102 2570 αὐτῶν.
3137 2519 3451 2588 Κατηγορία
3495 2520 3603 2571 τῶν
3638 2519 3922 2584 Ἰουδαίων,

2353 2604 2428 2666 ὼς
2451 2606 2838 2674 ἀπεριτμήτων
2860 2607 2928 2675 τῇ
2972 2606 3184 2675 καρδίᾳ,
3229 2607 3322 2657 καὶ
3354 2605 3671 2675 παραίνεσις
3699 2607 3836 2676 πρὸς
3862 2605 3927 2658 τὸ

2358 2691 2433 2758 μὴ
2461 2689 2883 2761 εἰδωλολατρεῖν,
2911 2691 3004 2743 καὶ
3036 2691 3111 2753 ὡς
3151 2692 3302 2760 παρά
3329 2691 3421 2743 τσῦ
3449 2691 3574 2743 λαοῦ
3608 2691 3802 2761 θρῆνος
3833 2692 3925 2744 ἐπὶ

2354 2777 2466 2835 τοῖς
2495 2775 2746 2842 μέλλουσι
2773 2778 2980 2838 κακοῖς,
3013 2776 3106 2826 καὶ
3136 2776 3436 2845 κατηγορία
3464 2778 3615 2845 παρά
3640 2777 3733 2828 τοῦ
3769 2775 3922 2832 Θεοῦ.

2356 2859 2684 2927 Παραίνεσις
2711 2859 2804 2910 τοῦ
2842 2859 3055 2930 Ἰσραὴλ
3088 2861 3220 2928 πρὸς
3250 2861 3310 2912 τὸ
3341 2862 3633 2913 ὑπακούειν
3661 2862 3797 2930 Θεῷ,
3830 2864 3922 2914 καὶ

2356 2945 2653 3014 κατηγορία
2684 2945 2792 2996 τῶν
2822 2947 3072 3016 πατέρων
3096 2946 3292 3007 αὐτῶν,
3322 2949 3416 3000 καὶ
3444 2947 3620 3000 αὐτῶν
3645 2949 3788 3000 κακά
3809 2948 3928 3000 ἐσό-

2356 3049 2512 3100 μενα.
2731 3032 2841 3084 Kal
2881 3031 3146 3084 κωλύεται
3184 3033 3342 3086 πάλιν
3394 3033 3657 3102 Ἱερεμίας
3698 3033 3927 3104 προσεύο

2354 3118 2540 3187 χεσθαι
2567 3119 2706 3188 ὺπέρ
2732 3117 2931 3172 αὐτῶν.
2965 3119 3316 3189 Ἀποδύρεται
3344 3121 3372 3171 6
3404 3120 3685 3189 προφήτης
3708 3119 3927 3172 ἐπιδου-

2353 3205 2632 3273 λευόμενος
2679 3205 2785 3257 ὑπὸ
2828 3205 3092 3258 Ἰουδαίων
3133 3207 3190 3256 ἐν
3230 3205 3489 3266 Ἀναθὼθ,
3535 3205 3630 3256 καὶ
3673 3206 3927 3275 προλέγει

2353 3293 2437 3345 διά
2462 3292 2618 3344 τοῦτο
2645 3293 2908 3360 ἑπόμενον
2934 3293 3115 3354 αὐτοῖς
3139 3293 3374 3361 δλεθρον.
3401 3293 3474 3344 Τὸ
3507 3293 3798 3362 περίζωμα
3826 3310 3927 3345 κε-

2352 3378 2563 3430 λεύεται
2596 3377 2800 3446 κρύψαι
2841 3377 3128 3447 Ἱερεμίας,
3160 3378 3254 3430 καὶ
3282 3377 3534 3446 προλέγει
3570 3378 3929 3447 πληρωθήσε·

2355 3469 2476 3520 σθαι
2524 3468 2738 3530 αὖτοὺς,
2772 3468 2866 3520 καὶ
2901 3467 3332 3538 μεθυσθήσεσθαι
3384 3468 3490 3520 ἀπὸ
3536 3468 3738 3520 κακῶν.
3791 3469 3928 3538 Περὶ

2350 3556 2448 3624 τῆς
2486 3555 2776 3623 ἀϐροχίας·
2812 3555 2902 3606 καὶ
2935 3554 3200 3607 κωλύεται
3235 3554 3633 3624 προσεύχεσθαι
3667 3555 3804 3624 ὑπὲρ
3828 3556 3929 3606 αὑ-

2350 3641 2458 3692 τῶν
2487 3643 2516 3691 ό
2542 3643 2824 3710 προφήτης
2841 3680 2854 3700 ,
2887 3640 2982 3692 καὶ
3025 3643 3369 3708 παραιτεῖται
3394 3643 3422 3692 6
3447 3640 3577 3700 Θεὸς
3610 3639 3679 3691 τὰ
3704 3640 3931 3692 όλοκαυο

2349 3726 2576 3796 τώματα
2624 3727 2822 3788 αὐτῶν,
2857 3728 2948 3777 καὶ
2980 3727 3078 3788 τὰς
3119 3726 3391 3795 νηστείας,
3430 3727 3522 3777 καὶ
3572 3725 3784 3778 ἀπειλεῖ
3814 3729 3931 3789 τοῖς

2350 3812 2815 3881 ψευδοπροφήταις
2843 3813 3007 3874 κακά,
3038 3812 3222 3881 ἐπειδὴ
3251 3811 3433 3879 ελεγον
3461 3812 3543 3863 ὅτι
3578 3812 3679 3864 οὐκ
3711 3812 3932 3866 ἔσονται

2355 3900 2626 3968 συμφοραὶ
2673 3900 2750 3968 τῷ
2779 3899 2914 3968 λαῷ.
2957 3898 3211 3951 Ίκετεύει
3241 3899 3332 3951 τὸν
3372 3899 3503 3951 Θεόν
3530 3916 3541 3927 ·
3574 3901 3602 3952 6
3638 3898 3693 3950 δέ
3739 3915 3932 3966 φησιν,

2351 3987 2448 4037 οὐκ
2494 3986 2928 4050 είσακούσεσθαι,
2960 3986 3079 4038 οὐδὲ
3119 3986 3213 4037 ἐάν
3257 3985 3495 4053 Μωῡσῆς
3536 3986 3628 4036 καὶ
3675 3985 3930 4054 Σαμουὴλ

2353 4072 2722 4142 πρεσϐεύωσιν
2771 4074 2912 4143 ὑπὲρ
2955 4073 3153 4134 αὐτῶν,
3203 4072 3338 4126 άλλά
3383 4071 3576 4122 δώσειν
3620 4072 3812 4132 αὐτοὺς
3849 4074 3932 4134 είς

2355 4161 2621 4230 μάχαιραν
2657 4163 2750 4216 καὶ
2783 4162 3032 4227 θάνατον,
3059 4161 3154 4214 καὶ
3193 4159 3348 4229 λιμὸν
3392 4159 3484 4210 καὶ
3528 4159 3927 4228 αἰχμαλωσίαν,

2355 4250 2445 4298 καὶ
2471 4249 2550 4310 εἱς
2597 4248 2936 4318 διασπασμὸν
2981 4247 3188 4299 κακῶν.
3247 4245 3348 4297 Kal
3389 4245 3655 4314 Ἱερεμίας
3708 4245 3930 4315 εὔχεται

2351 4335 2721 4404 τιμωρηθῆναι
2745 4337 2868 4398 τοὺς
2889 4336 3245 4396 ὀνειδίζοντας
3264 4333 3424 4385 αὐτόν
3441 4351 3452 4362 ·
3478 4335 3508 4385 ὀ
3533 4334 3589 4386 δέ
3607 4334 3737 4397 Θεός
3762 4351 3930 4404 φησιν

2352 4420 2498 4489 αὑτῷ
2515 4438 2530 4452 ·
2571 4423 2706 4472 Ἐεκο
2725 4421 2954 4489 ἐξάγεις
2981 4423 3178 4489 τίμιον
3194 4420 3312 4475 ἀπὸ
3333 4420 3605 4484 ἀναξίου,
3624 4421 3704 4486 ὡς
3732 4423 3930 4489 στόμα

2347 4526 2465 4576 μου
2497 4507 2634 4574 ἔσῃ.
2694 4507 2987 4564 Κελεύεται
3033 4507 3109 4576 μὴ
3163 4508 3336 4576 γῆμαι
3379 4508 3409 4559 6
3450 4507 3739 4576 Ἱερεμίας,
3792 4509 3929 4576 μηδὲ

2354 4594 2590 4662 θρηνεῖν,
2631 4593 2766 4660 μηδὲ
2794 4591 2888 4644 τοῦ
2922 4593 3203 4661 γινομένου
3243 4595 3352 4653 τοῖς
3382 4592 3784 4661 ἀποθνήσκουσι
3815 4610 3927 4646 κοι-

2353 4684 2538 4733 νωνείν
2561 4683 2672 4741 τοῖς
2719 4680 3098 4749 Ἰσραηλίταις.
3139 4679 3274 4748 ῐῐερλ⁵
3297 4680 3405 4732 τῶν
3431 4681 3767 4742 ἀποστόλων,
3799 4682 3930 4750 περὶ⁵

2353 4766 2585 4836 Χριστοῦ
2626 4768 2960 4835 προφητεία·
3000 4767 3124 4828 τοὺς
3169 4766 3360 4832 λόγους
3405 4765 3513 4819 τῶν
3553 4767 3930 4820 ἀπιστούντων

2353 4853 2498 4920 αὐτῷ
2531 4855 2558 4904 ό
2607 4854 2887 4920 προφήτης
2922 4853 3192 4920 προλέγει,
3226 4853 3320 4903 καὶ
3363 4853 3682 4920 κατεύχεται
3722 4852 3923 4904 αὐτῶν.

2354 4941 2461 4991 Καὶ
2489 4942 2741 5009 παραινεί
2784 4942 2894 4999 τοῖς
2937 4937 3228 4999 Ἰουδαίοις,
3267 4937 3406 4990 ῶστε
3438 4937 3498 4990 τὸ
3528 4938 3793 4992 σάϐϐατον
3827 4954 3927 5005 τη⁸

2355 5030 2486 5097 ρείν.
2520 5029 2613 5090 Εἰς
2645 5027 2736 5077 τὸν
2766 5022 2912 5078 οἷκον
2959 5025 3053 5078 τοῦ
3099 5027 3384 5095 κεραμέως
3432 5027 3705 5096 πέμπεται
3730 5028 3756 5078 6
3793 5042 3926 5093 προ-

2352 5115 2544 5181 φήτης.
2603 5112 2791 5178 Πέρας
2837 5111 3107 5176 λαλήσω,
3141 5114 3304 5182 φησὶν
3334 5113 3363 5164 6
3398 5113 3548 5174 Θεὸς,
3597 5112 3692 5164 ἐπὶ
3735 5112 3921 5173 ,βασι-

2351 5200 2537 5262 λείας,
2560 5197 2713 5249 ὥστε
2734 5196 2998 5263 ἀναιρεῖν
3013 5198 3206 5265 αὐτήν
3231 5215 3244 5226 ·
3266 5199 3360 5250 καὶ
3380 5199 3474 5252 ἐὰν
3495 5197 3917 5264 ἐπιστρέψωσιν,

2352 5287 2411 5336 οὺ
2448 5284 2520 5353 μὴ
2543 5284 2733 5336 ἀνέλω.
2766 5285 2872 5335 Καὶ
2896 5283 3080 5350 πέρας
3105 5283 3376 5349 λαλήσω,
3407 5285 3589 5352 φησὶν,
3619 5283 3714 5335 ἐπὶ
3745 5284 3923 5347 ἔθνος

2354 5370 2390 5432 ἢ
2417 5369 2759 5432 βασιλείαν,
2794 5368 2899 5422 τοῦ
2928 5370 3457 5438 (ἐνοικοδομεῖσθαι.
3493 5367 3596 5422 Καὶ
3639 5368 3732 5420 ἐάν
3765 5373 3922 5436 ποιή-

2354 5471 2486 5506 σωσι
2513 5455 2572 5506 τὸ
2601 5454 2852 5522 πονηρὸν,
2888 5455 2947 5506 οὐ
2979 5457 3188 5526 ποιήσω
3225 5455 3376 5523 κάγὼ
3408 5455 3535 5524 περὶ
3562 5453 3669 5505 τῶν
3699 5454 3923 5520 ἀγαθῶν

2348 5533 2422 5592 ὧν
2457 5541 2689 5608 ἐλάλησα
2714 5540 2933 5609 ποιῆται
2973 5542 3174 5603 αὐτοῖς.
3201 5541 3369 5593 Τοῦτο
3394 5541 3449 5593 δὲ
3479 5541 3746 5609 χρήσιμον
3783 5541 3921 5609 πρὸς

2367 5627 2646 5688 Ἰουδαίους
2679 5628 2739 5678 τὸ
2780 5627 3088 5694 κεφάλαιον,
3117 5630 3244 5680 ὅταν
3277 5628 3506 5695 λέγωσιν
3544 5627 3627 5680 ὃτι
3657 5628 3917 5696 ἐπηγγεί-

2353 5717 2478 5766 λατο
2507 5717 2685 5779 αὐτοῖς
2715 5717 2890 5784 ἀγαθὰ
2922 5719 2951 5769 ό
2995 5717 3215 5787 Κύριος.
3265 5715 3681 5786 ’Λπειθήσαντες
3711 5717 3811 5785 γάρ
3839 5717 3918 5780 τῷ
