4138 6306
235 346 350 404 377

234 450 321 504 rii.
354 451 427 505 De
459 451 523 504 iis
548 451 637 519 qui
666 450 718 505 in
746 449 1012 506 Christum
1037 450 1289 507 credituri
1316 460 1460 517 sunt,
1482 450 1548 504 de
1575 465 1798 519 genera-

232 542 379 597 tione
401 541 595 597 Christi
619 543 907 597 secundum
924 558 1135 599 carnem
1156 562 1169 597 :
1184 543 1251 598 de
1267 542 1668 598 mansuetudine
1683 557 1801 596 cre-

230 632 470 687 dentium
502 633 553 687 in
593 649 734 688 eum.
765 632 1057 689 Peruiciem
1088 634 1372 703 Babylonis
1400 643 1453 687 et
1477 634 1801 702 alienigena-

228 740 348 778 rum
373 725 707 780 vaticinatur.
742 726 1010 781 Pernicies
1056 727 1417 781 Moabitarum.
1470 727 1544 781 De
1589 726 1801 780 Christo

231 815 530 884 prophetia.
580 816 846 872 Pernicies
890 817 1149 881 Damasci,
1198 826 1252 870 et
1290 816 1500 871 lsraelis
1527 817 1799 871 calamitas

226 915 388 974 atque
418 905 578 959 salus.
605 906 867 961 Pernicies
893 903 1125 976 Egypti.
1154 906 1255 959 Per
1280 905 1580 975 allegoriam
1610 905 1797 974 pracdi-

224 996 297 1049 cit
320 1010 584 1051 (erumnas
614 997 855 1065 gentibus
876 1012 993 1066 quae
1018 997 1239 1050 Domino
1258 1011 1359 1050 non
1382 996 1723 1061 crediderint,
1744 1006 1798 1050 et

223 1085 293 1139 de
323 1085 592 1154 impietate
635 1102 815 1140 eorum
849 1086 1188 1156 proﬂiganda.
1235 1087 1453 1140 Jubetur
1491 1087 1651 1141 lsaias
1693 1103 1794 1141 nu-

224 1174 324 1229 dus
342 1176 632 1230 ambulare.
657 1176 856 1229 Bellum
880 1176 1149 1230 Medorum
1172 1186 1226 1231 et
1249 1176 1656 1246 Babyloniorum
1675 1191 1794 1230 con-

225 1276 303 1319 tra
334 1266 617 1320 ldnmzeam
647 1275 699 1320 et
726 1267 992 1321 Arabiam.
1026 1268 1296 1322 Postrema
1340 1267 1543 1321 obsidio
1580 1267 1791 1321 Jeroso-

220 1357 380 1427 lyma:
404 1373 435 1411 a
464 1356 994 1412 Nabuchodonosore.
1015 1358 1291 1412 Prmdictio
1306 1358 1514 1412 Somnm.
1538 1360 1792 1427 penuario

220 1447 288 1501 de
332 1448 565 1516 pernicie
606 1447 738 1515 ejus.
783 1448 1026 1502 Penuarii
1068 1458 1264 1512 autem,
1312 1448 1363 1501 id
1404 1458 1503 1509 est,
1543 1448 1790 1503 custodes

219 1540 561 1607 pecuniarum
594 1540 645 1593 in
676 1540 891 1608 templo,
914 1554 978 1593 ex
1005 1538 1339 1593 sacerdotum
1366 1554 1588 1593 numero
1615 1548 1785 1593 erant.

220 1629 488 1683 Pernicies
519 1628 664 1699 Tyri,
692 1638 746 1683 et
765 1630 906 1682 salus
928 1638 1129 1697 postea,
1161 1629 1330 1698 deque
1362 1628 1615 1683 Ecclesiis
1653 1629 1786 1684 alle-

216 1720 417 1787 gorice.
449 1718 716 1774 Pernicies
745 1718 1024 1788 Babylonis
1052 1734 1082 1772 a
1108 1719 1289 1783 Medis,
1325 1728 1380 1773 et
1410 1735 1503 1788 pro
1544 1720 1630 1773 illa
1660 1735 1785 1790 grao

218 1809 409 1863 tiarum
450 1809 588 1863 actio
619 1808 726 1863 Deo
771 1824 862 1878 per
898 1809 1228 1878 prephetam.
1267 1809 1546 1878 Proplietia
1569 1811 1636 1866 de
1664 1826 1783 1866 cre-

215 1898 460 1953 dentibus
480 1899 533 1953 in
554 1898 841 1966 Christum,
862 1900 929 1955 de
944 1900 1136 1955 diaboli
1157 1902 1386 1969 pernicie
1408 1915 1501 1969 per
1514 1900 1783 1955 Christum

214 1996 396 2055 parta:
426 1988 495 2043 de
518 1988 713 2045 Christi
745 1990 1035 2045 secundum
1061 2005 1276 2045 carnem
1304 1990 1564 2045 adventu:
1588 1991 1655 2045 de
1682 1990 1783 2046 ﬁde

212 2079 263 2132 in
292 2078 587 2134 Christum.
620 2079 1104 2143 Accusaturlsrael,
1131 2081 1269 2150 quod
1286 2095 1433 2149 spem
1458 2095 1605 2135 suam
1625 2095 1655 2134 a
1673 2082 1783 2135 Deo

210 2170 469 2235 avellens,
504 2170 647 2224 illam
674 2172 725 2224 in
748 2169 1024 2241 Egyptios
1042 2172 1394 2225 transtulerit:
1422 2171 1623 2241 ipsique
1642 2172 1779 2226 mala

211 2258 651 2325 pramuntiantur,
699 2274 761 2315 ac
801 2270 979 2328 postea
1011 2276 1096 2315 res
1124 2261 1389 2315 secundae.
1422 2260 1622 2316 Eodem
1662 2261 1780 2315 loco

211 2348 484 2416 prephetia
508 2348 728 2404 habetur
747 2350 814 2405 de
833 2350 1028 2405 Christi
1052 2352 1308 2415 Ecclesia,
1336 2353 1404 2406 de
1427 2352 1779 2409 conversione

208 2439 439 2505 gentium
463 2440 528 2493 ad
552 2438 840 2506 Christum,
868 2452 921 2495 et
941 2442 1007 2495 de
1031 2442 1275 2496 vastitate
1300 2442 1770 2511 Jerosolymorum.

210 2528 283 2581 De
313 2527 569 2582 Ecclesia:
591 2530 828 2592 historia,
854 2546 971 2599 qua:
998 2531 1167 2598 primo
1186 2541 1470 2598 conspectu
1493 2531 1773 2585 ldumteam

207 2626 257 2671 ct
283 2617 577 2673 Jerusalem
609 2620 842 2688 respicit,
887 2620 980 2674 sed
1026 2636 1119 2688 per
1158 2636 1428 2689 anagogen
1473 2621 1590 2676 sive
1614 2621 1774 2676 redu-

206 2710 456 2770 ctionem,
508 2710 885 2764 desolationem
926 2709 1226 2765 Judmorum
1275 2721 1328 2764 et
1372 2711 1771 2780 prosperitatem

208 2799 456 2855 Ecclesia:
481 2799 694 2854 Christi.
733 2800 959 2854 Historia
990 2800 1055 2854 de
1083 2800 1444 2854 Senacherim.
1490 2800 1771 2869 Prophetia

204 2891 267 2943 tle
286 2890 491 2945 Joanne
521 2890 871 2953 Prmcursore,
901 2900 955 2946 et
981 2892 1048 2946 de
1074 2892 1137 2945 iis
1162 2892 1248 2960 qui
1277 2892 1328 2945 in
1354 2891 1620 2946 Christum
1648 2906 1768 2947 cre-

204 2981 360 3036 dituri
392 2993 562 3037 erant.
600 2983 690 3038 Dei
719 2984 969 3052 potentia:
993 2984 1393 3048 demonstratio,
1423 2994 1471 3037 et
1503 2985 1770 3038 accusatio

207 3072 431 3137 lsraelis,
477 3082 531 3125 ut
572 3073 705 3127 idola
738 3074 981 3137 colentis,
1013 3075 1447 3128 commemoratio
1476 3075 1766 3129 beneﬁcio-

202 3177 311 3213 rum
334 3162 527 3229 populo
542 3163 873 3217 collatormn.
896 3165 968 3218 De
989 3165 1345 3218 ecclesiastica
1370 3167 1763 3231 constitutione,

201 3251 364 3318 deque
384 3252 641 3305 idolorum
676 3253 995 3307 inﬁrmitate.
1025 3255 1098 3309 De
1122 3254 1333 3309 Christo
1362 3256 1653 3324 prephetia,
1673 3257 1766 3311 de-

199 3354 297 3407 que
325 3341 389 3393 iis
416 3340 502 3410 qui
534 3342 583 3394 in
615 3342 782 3410 ipsum
811 3344 1059 3398 credituri
1086 3354 1253 3398 erant.
1274 3345 1450 3399 lsraeli
1482 3348 1766 3415 exprobrat

200 3441 531 3499 peccatorum
561 3447 740 3485 causa.
769 3434 858 3488 Ait
890 3434 959 3489 ob
986 3450 1166 3490 eorum
1194 3437 1643 3505 inobsequentiam
1672 3454 1763 3493 ca-

200 3518 458 3574 lamitates
477 3521 603 3590 ipsis
622 3523 791 3577 inatas
818 3524 995 3579 fuisse.
1023 3525 1097 3579 De
1112 3525 1213 3579 ﬁde
1235 3527 1285 3579 in
1302 3526 1590 3581 Christum.
1610 3527 1762 3595 Quod

199 3610 445 3677 populum
474 3625 576 3663 non
607 3613 904 3667 sacriﬁcare
945 3614 1263 3683 permiserit,
1306 3625 1360 3670 et
1394 3616 1532 3685 quod
1561 3617 1760 3671 cultum

200 3698 339 3752 illum
372 3714 466 3767 per
491 3701 747 3754 sacriﬁcia
777 3717 880 3756 non
912 3704 1103 3772 exigat.
1132 3703 1261 3757 Item
1294 3706 1567 3774 prophetia
1608 3707 1674 3761 de
1696 3707 1761 3761 iis

197 3788 281 3856 qui
311 3791 360 3842 in
390 3787 657 3843 Christum
688 3791 935 3845 credituri
966 3805 1134 3845 erant.
1178 3794 1567 3848 Detuonstratio
1595 3795 1761 3849 imbe-

196 3881 422 3935 cillitatis
448 3882 729 3946 idolorum.
755 3891 809 3939 et
828 3884 919 3940 Dei
939 3888 1183 3954 potentiae
1202 3888 1458 3956 probatio.
1491 3889 1758 3945 Pernicies

197 3972 493 4044 Babylonis.
526 3983 578 4028 et
603 3975 668 4029 de
692 3974 881 4029 duritia
906 3977 1077 4031 cordis
1101 3978 1400 4033 Judaeorum
1423 3979 1756 4035 demonstra-

197 4062 283 4123 tio,
314 4077 376 4117 ac
398 4062 467 4117 de
497 4064 645 4120 bonis
672 4064 830 4119 rebus
868 4066 1159 4134 prophetia.
1195 4068 1266 4121 De
1295 4069 1501 4122 Christo
1532 4070 1759 4138 prophe-

198 4153 259 4204 tia
288 4161 341 4207 et
363 4154 654 4207 consolatio
671 4153 1029 4225 Jerosolymm.
1062 4157 1135 4211 De
1161 4159 1411 4224 apostolis
1433 4169 1487 4213 et
1514 4159 1581 4213 de
1601 4159 1757 4214 Chri-

196 4251 273 4295 sto
296 4242 590 4311 prophetia.
624 4243 698 4298 De
728 4243 917 4298 Christi
946 4248 1233 4300 secundmn
1274 4264 1487 4303 carnem
1519 4260 1659 4313 ortu,
1688 4250 1755 4306 de

195 4333 453 4399 passione,
479 4335 879 4397 resurrectione,
911 4337 1046 4391 etde
1073 4339 1407 4393 multitudine
1427 4341 1751 4395 credentium

198 4421 246 4473 in
275 4422 462 4489 ipsum.
498 4423 573 4476 De
600 4421 813 4478 Christo
852 4426 1009 4480 simul
1050 4438 1103 4481 ct
1132 4429 1199 4483 de
1242 4431 1436 4485 lsraele
1464 4433 1750 4486 secundum

196 4510 484 4577 historiam,
510 4514 796 4569 secundum
818 4531 1083 4587 anagogen
1106 4536 1231 4575 vero
1245 4522 1310 4574 de
1338 4522 1674 4577 credentibus
1700 4523 1751 4577 in

194 4600 473 4657 Christum.
506 4606 785 4659 Accusatio
807 4605 1110 4661 Judaeorum
1142 4611 1450 4665 idololatria:
1475 4613 1749 4681 causa,je-

191 4692 423 4763 juniiquc
450 4708 633 4748 eorum
663 4696 980 4764 reprobatio.
1020 4700 1262 4767 aliusque
1302 4701 1487 4768 jejuuii
1517 4702 1749 4756 melioris

194 4785 494 4839 declaratio.
540 4786 739 4841 Deinde
767 4791 1032 4843 accusatio
1070 4790 1372 4845 dolosorum
1412 4808 1653 4862 operum,
1696 4804 1749 4849 et

193 4876 527 4929 consiliorum
554 4877 881 4943 earumdem,
905 4894 965 4932 ac
998 4880 1266 4948 prophetia
1309 4881 1375 4935 de
1409 4883 1749 4937 credentibus

194 4963 241 5016 in
266 4964 553 5019 Christum.
585 4966 861 5034 Pr0phctia
886 4968 951 5021 de
977 4970 1204 5033 Christo,
1230 4980 1282 5025 et
1305 4972 1371 5024 de
1391 4974 1748 5029 curationibus

193 5057 479 5111 animarum
512 5065 563 5111 et
589 5071 866 5125 corporum
905 5061 971 5114 ab
1008 5062 1121 5129 ipso
1151 5064 1393 5129 peractis,
1422 5065 1591 5135 deque
1620 5082 1748 5136 apo-

192 5148 332 5201 stolis
349 5157 401 5203 et
421 5155 489 5202 de
509 5147 721 5217 reliquis
743 5149 793 5203 in
818 5152 985 5217 ipsum
1006 5153 1357 5209 credentibus.
1382 5156 1457 5209 De
1478 5157 1743 5226 passione.

195 5232 257 5288 Et
276 5237 535 5291 confessio
558 5239 847 5307 prophetae,
878 5242 1023 5307 quasi
1054 5258 1113 5299 ex
1142 5258 1364 5311 persona
1387 5246 1593 5314 populi:
1618 5261 1745 5301 con-

194 5324 369 5381 ﬁttatio
396 5343 425 5381 a
456 5328 677 5381 Domino
705 5328 935 5397 ipsorum
984 5330 1386 5399 incredulitatis,
1426 5340 1744 5405 assumptio-

194 5430 288 5483 que
315 5416 637 5471 credentium
669 5418 719 5471 in
746 5418 912 5480 illum,
944 5428 995 5472 et
1019 5424 1282 5475 accusatio
1312 5424 1621 5479 idololatrim
1647 5426 1742 5480 Ju-

196 5505 443 5561 dazornm.
474 5510 545 5563 De
570 5509 906 5563 credentibus
932 5525 997 5563 ex
1024 5510 1218 5566 Judaris
1244 5516 1293 5567 in
1338 5516 1612 5569 Dominum
1644 5531 1741 5569 no-

194 5604 348 5649 strum
388 5596 566 5652 Jesmu
594 5598 878 5653 Christum.
929 5602 1209 5657 Accusatio
1234 5619 1413 5659 eorum
1440 5608 1526 5676 qui
1556 5606 1743 5661 futura:

196 5694 306 5744 vita:
334 5706 436 5745 ιιυιι
468 5690 826 5745 crediderunt.

1322 336 1643 393 SYNOPSIS
1679 333 2083 393 SCRIPTUM
2118 340 2384 399 SACRE.

3382 381 3493 434 378

2063 491 2293 533 SYNOPSIS
2332 497 2528 547 εοιιυιι,
2570 501 2687 548 ουε
2723 504 2771 541 ΙΝ
2802 506 3019 546 ,ΙΕΒΕΒΙΛ
3050 509 3315 556 ΡΙῙΟῙἯΕΤΔ

2552 571 2829 612 υιουιιτυιι.

1977 698 2257 755 Praedictio
2301 705 2560 759 malorum
2607 726 2725 778 qum
2767 728 2859 779 per
2905 714 3473 774 Nabuchodonosoretn

1906 785 2083 842 lsraeli
2115 801 2365 847 eventura
2396 805 2536 851 sunt.
2565 798 2881 869 Redargntio
2906 804 3218 862 idololatria:
3243 810 3469 876 lsraelis,

1903 884 1957 931 et
1984 884 2416 937 commemoratio
2446 885 2819 944 beneﬁciorum
2854 894 2944 948 Dei
2975 911 3096 964 erga
3126 897 3263 961 illos,
3291 912 3339 953 et
3364 919 3474 954 ma-

1904 966 2092 1034 lorum,
2120 986 2236 1039 qua:
2257 974 2396 1041 passi
2414 987 2534 1029 sunt
2554 979 2692 1045 quod
2714 979 2973 1051 ZEgyptiis
2992 984 3146 1040 ﬁdem
3170 988 3466 1047 habuerint.

1902 1056 2163 1113 idolorum
2209 1060 2525 1119 inﬁrmitatis
2570 1067 2967 1139 demonstratio,
3022 1085 3075 1128 et
3130 1079 3472 1145 reprehensio

1900 1147 2249 1205 lsraelitarum
2281 1155 2348 1208 ob
2374 1155 2629 1212 humanas
2660 1163 2918 1217 victimas.
2948 1165 3154 1223 lsraelis
3179 1175 3466 1239 accusatio,

1898 1250 1949 1293 et
1973 1257 2034 1293 ex
2064 1246 2458 1310 comparatione
2488 1264 2606 1303 cum
2642 1252 2735 1306 illo
2761 1254 2909 1308 Juda:
2940 1259 3197 1314 scelerum
3239 1279 3468 1335 exsupe-

1896 1331 2063 1383 rantia
2120 1335 2492 1407 prmtlictioque
2542 1341 2800 1397 bonorum
2852 1347 3049 1412 lsraeli,
3095 1352 3139 1405 si
3182 1331 3467 1413 conversus

1895 1420 2051 1475 fuerit
2080 1424 2142 1477 ad
2176 1426 2338 1481 Deum
2374 1446 2386 1481 :
2433 1432 2557 1484 item
2601 1435 2866 1490 confessio
2896 1442 3184 1511 prophetae,
3216 1450 3363 1515 quasi
3394 1466 3460 1503 ex

1895 1523 2116 1603 persona
2150 1516 2346 1603 populi.
2377 1519 2641 1575 Ascensus
2675 1524 3100 1595 Babyloniorum,
3123 1544 3172 1586 et
3193 1536 3461 1603 propheta:

1893 1597 2197 1655 lamentatio
2225 1604 2290 1657 de
2329 1605 2501 1660 futura
2531 1614 2842 1676 vastatione,
2894 1617 3160 1687 ipsiusque
3193 1597 3462 1682 vastitatis

1890 1688 2193 1759 descriptio.
2231 1695 2510 1752 Accusatio
2558 1702 2756 1770 populi,
2789 1706 2926 1772 quod
2976 1709 3174 1762 nullum
3221 1712 3461 1769 habuerit

1889 1777 1957 1868 ita
1985 1779 2204 1847 justum,
2238 1793 2291 1837 ut
2322 1787 2450 1840 iram
2483 1789 2577 1843 Dei
2608 1792 2858 1859 placaret,
2893 1805 2946 1850 et
2973 1801 3215 1868 nequitia:
3247 1804 3455 1859 illormn

1888 1867 2287 1927 demonstratio.
2320 1875 2469 1941 Quod
2494 1879 2785 1935 Jerusalem
2815 1901 2916 1938 non
2949 1867 3137 1942 debeat
3162 1907 3256 1959 per
3282 1894 3454 1949 Nalm-

1886 1958 2304 2019 chodonosorem
2336 1982 2364 2018 a
2392 1966 2748 2026 fundamentis
2770 1976 3022 2029 subverti.
3058 1958 3323 2037 Ascensus
3354 1986 3454 2038 lla-

1886 2047 2303 2119 byloniorum,et
2333 2061 2599 2113 accusatio
2624 2061 3038 2133 inobsequentia:
3065 2069 3294 2141 lsraelis,
3314 2079 3452 2145 quod

1885 2155 1989 2194 non
2012 2144 2356 2200 sustinuerint
2376 2148 2558 2204 audire
2582 2152 2909 2219 prophetam.
2932 2158 3207 2212 Accusatio
3231 2144 3455 2228 pseudr-

1883 2232 2259 2301 prophetarum
2283 2237 2367 2305 qui
2399 2239 2649 2307 populum
2666 2241 3031 2311 decipiebant:
3057 2247 3282 2305 Jeremia
3305 2269 3452 2307 nam-

1881 2338 1985 2391 que
2012 2324 2240 2389 dicente,
2290 2327 2484 2381 bellum
2516 2328 2649 2397 fore,
2699 2333 2799 2400 ipsi
2830 2334 3073 2390 dicebant
3102 2339 3214 2394 fore
3244 2358 3449 2407 pacem.

1880 2411 2202 2481 Reprobatio
2230 2419 2627 2483 sacriﬁciorum,
2656 2430 2709 2475 et
2733 2436 2981 2478 ascensus
3013 2426 3305 2497 Babylonii,
3333 2436 3446 2486 ani-

1879 2505 2057 2573 mique
2082 2506 2299 2562 rebellis
2328 2508 2629 2565 Judteorum
2650 2512 2959 2569 conl‘utatio.
2990 2516 3235 2575 Hortatur
3258 2523 3446 2580 Judam

1878 2603 1935 2647 ut
1964 2595 2027 2649 ad
2055 2598 2325 2653 meliorem
2371 2616 2429 2654 se
2462 2600 2659 2671 frugem
2692 2617 2933 2671 revocet;
2986 2608 3034 2661 id
3081 2612 3181 2664 nisi
3231 2614 3444 2682 faciant,

1878 2687 2021 2755 paria
2054 2702 2301 2756 passuros
2333 2692 2449 2745 illos
2479 2695 2827 2750 comminatur
2851 2698 2913 2751 iis
2933 2715 3049 2767 qua:
3076 2700 3231 2757 Israel
3262 2720 3447 2773 passus

1875 2786 1988 2831 est:
2017 2779 2331 2851 cohibetque
2362 2783 2496 2837 Deus
2525 2783 2807 2839 Jeremiam
2841 2804 2907 2843 ne
2936 2803 3179 2858 precetur
3206 2810 3299 2862 pro
3322 2798 3442 2851 illis.

1875 2867 2196 2936 Reprobatio
2225 2872 2625 2938 sacriliciorum,
2665 2885 2717 2929 ct
2752 2881 3018 2933 accusatio
3047 2882 3445 2939 inconsideran-

1876 2958 1960 3010 tim
1989 2974 2193 3023 eorum,
2221 2971 2275 3013 ct
2299 2960 2644 3017 humanarum
2674 2966 3023 3035 victimarum,
3064 2989 3197 3039 quas
3236 2975 3439 3031 ti:l‘lllO-

1872 3048 2027 3101 nibus
2048 3049 2355 3104 olTerebant.
2387 3052 2665 3108 l’rmdictio
2688 3057 2797 3111 fore
2817 3068 2869 3111 ut
2896 3061 3040 3114 locus
3063 3063 3183 3117 idoli
3210 3068 3438 3134 ipsormn

1870 3139 2170 3205 sepulcrum
2204 3142 2310 3205 ﬁat,
2334 3152 2387 3195 et
2414 3153 2469 3195 ut
2507 3145 2664 3212 aliqui
2693 3148 2989 3203 occisorum
3022 3154 3302 3222 sepulturae
3335 3175 3436 3211 non

1871 3229 2161 3283 tradantur.
2197 3231 2388 3285 lterum
2422 3234 2486 3287 de
2512 3251 2733 3290 ascensu
2774 3238 3023 3305 hostium,
3056 3252 3107 3295 et
3134 3244 3438 3299 lamentatio

1868 3319 2108 3373 Jeremia:
2130 3321 2195 3374 de
2222 3324 2466 3391 nequitiis
2485 3341 2689 3379 eorum.
2718 3330 2997 3383 Accusatio
3026 3332 3346 3399 Jtulmornm,
3381 3350 3437 3391 ut

1868 3412 2025 3465 corde
2063 3412 2572 3480 incircumcisorum,
2604 3425 2658 3470 et
2701 3418 2994 3481 admonitio
3025 3438 3090 3477 ne
3122 3425 3432 3481 idololatria:

1867 3503 1994 3556 dent
2034 3519 2273 3572 operam,
2305 3525 2366 3561 ac
2392 3511 2538 3577 quasi
2569 3526 2632 3565 ex
2661 3527 2888 3580 persona
2921 3517 3096 3583 populi
3130 3517 3431 3572 lamentatio

1865 3592 1931 3645 de
1958 3594 2145 3649 futuris
2176 3599 2346 3657 malis.
2379 3609 2431 3652 et
2457 3603 2720 3655 accusatio
2742 3618 2770 3654 a
2796 3604 2905 3657 Deo
2926 3605 3082 3660 facta.
3114 3608 3351 3663 llortatio
3368 3612 3430 3664 ad

1867 3685 2110 3739 lsraelem
2142 3700 2194 3741 ut
2220 3690 2325 3743 Deo
2351 3692 2617 3755 ohcdiant,
2635 3703 2687 3748 et
2709 3698 2972 3750 accusatio
2998 3709 3200 3766 patrum
3223 3717 3427 3766 eorum,

1867 3782 2047 3839 etquae
2060 3776 2196 3830 maia
2209 3776 2635 3847 ipsisobvcntura
2650 3782 2775 3839 sint.
2797 3786 3084 3843 Cohibetur
3110 3808 3314 3844 rursum
3338 3793 3426 3846 Je-

1863 3869 2075 3929 remias,
2110 3885 2176 3924 ne
2205 3882 2445 3939 precetur
2487 3890 2581 3943 pro
2622 3876 2741 3929 illis.
2784 3877 3121 3933 Lamentatur
3150 3884 3427 3951 propheta,

1863 3956 2002 4023 quod
2032 3958 2233 4012 insidiis
2262 3972 2534 4029 appetatur
2562 3980 2589 4016 a
2621 3964 2815 4018 Jadmis
2842 3969 2890 4019 in
2916 3971 3204 4035 Auathoth,
3238 3975 3427 4040 praali-

1861 4049 1932 4101 cit
1976 4049 2094 4103 ideo
2124 4050 2351 4105 futurum
2385 4055 2510 4122 ipsis
2540 4072 2657 4111 esse
2688 4058 2976 4112 interitum.
3006 4062 3272 4115 Perimma
3308 4066 3427 4119 abs-

1859 4140 2089 4195 condere
2114 4141 2331 4209 jubetur
2360 4144 2617 4200 Jeremias
2643 4189 2656 4212 ,
2686 4163 2747 4201 ac
2789 4150 3028 4217 prmdicit
3056 4168 3198 4219 ipsos
3224 4156 3423 4207 satianv

1859 4228 1956 4283 dos
1999 4231 2254 4301 malisque
2293 4234 2632 4290 inebriandos
2662 4252 2800 4291 esse.
2834 4238 2907 4291 De
2938 4240 3123 4305 pluvia:
3174 4242 3377 4295 delectu
3410 4262 3420 4292 :

1860 4319 2236 4389 cobibeturquc
2268 4322 2518 4390 propheta
2550 4342 2613 4377 ne
2646 4336 2890 4392 precetur
2914 4343 3005 4393 pro
3032 4330 3190 4397 ipsis:
3217 4341 3425 4383 recusat

1860 4410 1998 4463 Deus
2020 4411 2229 4463 illorum
2263 4411 2585 4478 holocausta,
2612 4424 2664 4467 et
2686 4416 2903 4482 jcjnnia,
2929 4418 3261 4487 minaturque
3288 4421 3421 4474 mala

1860 4500 2355 4569 pseudopmphetis,
2383 4502 2502 4569 quia
2544 4502 2789 4556 dicebant
2832 4521 2933 4558 non
2978 4506 3295 4564 obventuras
3326 4525 3418 4577 po-

1858 4593 1982 4661 pulo
2010 4591 2352 4645 calan'titatcs.
2386 4594 2654 4659 Supplicat
2686 4596 2823 4648 Deo:
2859 4596 2946 4650 ille
2975 4612 3097 4649 vero
3126 4598 3198 4651 ait
3225 4614 3283 4653 se
3310 4616 3415 4653 non

1856 4683 2222 4737 exanditurum
2254 4684 2602 4739 csse.etiamsi
2649 4685 2851 4755 Moyses
2875 4698 2927 4739 et
2953 4688 3163 4741 Samuel
3197 4688 3421 4745 interce-

1855 4774 2042 4826 derent
2071 4786 2164 4839 pro
2194 4772 2352 4839 ipsis:
2383 4773 2473 4826 sed
2503 4774 2744 4828 daturmn
2774 4792 2831 4831 se
2858 4778 2975 4831 illos
3007 4779 3056 4830 in
3100 4780 3326 4848 gladium
3366 4789 3422 4834 et

1857 4872 2101 4924 mortem,
2126 4861 2337 4927 famem,
2365 4865 2741 4931 captivitatem,
2760 4879 2809 4919 ct
2830 4868 3084 4920 malorum
3104 4870 3415 4937 discerptio-

1856 4969 1997 5006 netu.
2031 4951 2281 5004 Precatnr
2309 4952 2565 5006 Jeremias
2608 4964 2663 5006 ut
2693 4956 2818 5007 ultio
2846 4969 3085 5009 sumatur
3128 4957 3194 5010 de
3224 4974 3417 5026 expro-

1855 5042 2128 5098 brantibus
2156 5042 2284 5102 sibi;
2319 5042 2455 5097 Deus
2492 5054 2669 5097 autem
2718 5046 2792 5097 ait
2834 5046 2940 5098 illi:
2966 5045 3024 5099 Si
3051 5047 3278 5101 eduxeris
3306 5063 3417 5116 prc-

1854 5134 2031 5185 tiosunt
2052 5148 2083 5184 a
2108 5132 2212 5199 vili,
2236 5133 2383 5202 quasi
2411 5150 2465 5186 os
2496 5150 2654 5185 meum
2675 5136 2770 5186 eris
2794 5132 2923 5203 (Jer.
2951 5136 3035 5189 15.
3067 5136 3174 5206 l9).
3196 5136 3417 5191 anetur

1857 5221 2107 5277 Jeremias
2129 5237 2342 5277 uxorem
2366 5238 2468 5276 non
2492 5224 2707 5287 ducere,
2737 5239 2906 5292 neque
2926 5225 3221 5290 lamentari,
3246 5241 3416 5293 neque

1854 5329 2034 5367 eorum
2062 5331 2176 5381 qua:
2197 5316 2335 5369 circa
2362 5324 2598 5367 mortuos
2626 5315 2819 5368 ﬁebant
2840 5318 3143 5385 participem
3162 5332 3278 5369 esse
3294 5332 3412 5368 eum

1853 5403 2119 5457 lsraelitis.
2153 5405 2227 5457 De
2268 5402 2542 5471 apostolis,
2585 5402 2651 5456 de
2678 5402 2888 5457 Christo
2920 5405 3189 5474 prophetia
3220 5404 3413 5458 :verha

1852 5509 2055 5557 eorum,
2088 5494 2175 5561 qui
2208 5494 2257 5545 in
2288 5493 2457 5560 ipsum
2489 5492 2735 5545 credituri
2783 5510 2886 5546 non
2931 5504 3111 5557 crant,
3157 5493 3412 5561 prOpheta

1853 5583 2186 5652 pra-nuntiat,
2216 5591 2265 5636 et
2292 5590 2469 5635 contra
2498 5583 2614 5636 illos
2643 5592 2903 5649 precatur.
2936 5582 3281 5651 Praecipitque
3318 5583 3412 5636 Ju-

1853 5673 2001 5740 dieis,
2026 5682 2076 5725 ut
2106 5674 2378 5727 sabbatum
2408 5682 2637 5731 servent.
2680 5672 2731 5725 lu
2761 5674 2971 5726 domum
3007 5674 3142 5741 ﬁguli
3194 5673 3411 5728 mittitur
