4138 6306
750 354 862 407 379

728 449 1000 519 propheta.
1025 447 1225 514 Finem,
1269 449 1438 520 inquit
1475 448 1636 511 Deus,
1665 448 1841 516 loquar
1866 448 1928 501 de
1952 464 2123 518 regno,
2152 458 2209 503 ut
2235 452 2299 504 if-

727 540 815 592 lud
842 540 1105 605 auferam,-
1135 550 1187 593 et
1212 540 1256 594 si
1282 540 1525 593 conversi
1551 537 1745 592 fuerint
1768 579 1783 601 ,
1818 553 1922 591 non
1948 538 2203 592 auferam.
2230 540 2299 594 Et

727 630 876 696 ﬁnem
922 629 1117 693 loquar,
1152 630 1339 697 inquit,
1378 628 1430 680 in
1457 635 1649 697 gentem
1672 636 1760 679 aut
1789 643 2013 695 regnum,
2042 638 2096 679 ut
2116 628 2297 681 readi-

727 718 923 783 ﬁcctur.
958 716 1022 769 Et
1051 717 1094 769 si
1122 718 1318 771 malum
1360 714 1601 778 fecerint,
1637 729 1739 767 non
1784 712 1971 766 faciam
2016 729 2115 782 ego
2161 715 2297 768 bona

721 823 841 875 qua:
886 806 1135 875 loquutus
1176 821 1289 859 sum
1320 815 1379 859 ut
1406 806 1633 859 facerem
1662 805 1763 858 illis
1807 803 1955 874 (Cap.
1984 805 2068 859 IS.
2098 806 2128 859 7
2149 806 2289 873 40).

724 899 835 952 lloc
857 910 1033 952 autem
1050 906 1203 967 caput
1222 909 1405 952 contra
1432 898 1644 951 Judaros
1661 897 1787 949 utile
1806 896 1925 959 erit,
1954 911 2072 950 cum
2097 895 2293 961 dicent,

724 989 1009 1042 Dominum
1039 990 1166 1056 ipsis
1195 989 1331 1042 bona
1362 988 1698 1056 promisisse;
1728 1002 1846 1039 cum
1877 986 2018 1040 enim
2049 1000 2153 1039 non
2176 1001 2295 1041 cre-

722 1079 955 1132 diderint
975 1073 1208 1131 Domino
1236 1087 1418 1135 nostro
1446 1077 1569 1132 Jesu
1597 1077 1827 1141 Christo,
1856 1076 1950 1145 ipsi
1979 1077 2077 1131 sibi
2100 1076 2225 1146 ipsis
2244 1078 2295 1131 in

724 1183 883 1221 causa
914 1168 1058 1223 fuere
1085 1170 1424 1237 praesentium
1453 1167 1731 1222 malorum.
1767 1167 1988 1221 Insidias
2019 1168 2117 1221 sibi
2148 1183 2177 1221 a
2204 1168 2295 1221 Ju-

723 1262 857 1315 dreis
887 1264 1146 1331 parandas
1174 1262 1427 1331 prOpheta
1460 1262 1714 1330 prmdicit,
1743 1269 1791 1313 et
1821 1271 2005 1313 contra
2030 1259 2147 1314 illos
2174 1275 2296 1329 pre-

725 1360 894 1415 catur,
921 1353 1167 1422 quoniam
1195 1353 1330 1406 mala
1360 1367 1453 1420 pro
1481 1352 1632 1405 bouis
1663 1351 2042 1405 rctrihuerunt.
2074 1350 2294 1404 Jubetur

726 1442 1005 1508 Jeremias,
1050 1451 1267 1511 accepta
1296 1442 1569 1511 laguncula
1601 1441 1797 1511 figlina,
1841 1440 1979 1494 mala
2011 1441 2187 1509 pepuli
2216 1449 2293 1496 te-

723 1530 1001 1597 stiﬁcatus,
1034 1532 1364 1601 lagunculam
1412 1542 1688 1585 conterere
1713 1539 1836 1584 ante
1865 1530 2049 1585 oculos
2083 1545 2288 1595 eorum,

722 1631 777 1677 et
805 1623 1126 1678 dicere:Sic
1152 1631 1459 1678 conteretur
1500 1623 1818 1677 Jerusalem.
1860 1623 1924 1677 Et
1963 1622 2232 1691 conjectus
2260 1638 2291 1677 a

721 1712 989 1770 PaschOre
1019 1714 1071 1767 in
1098 1729 1340 1779 nervum,
1373 1714 1651 1782 pr0phetat
1690 1713 1939 1767 Pasehori
1990 1713 2125 1767 mala
2173 1729 2291 1782 quae

722 1805 893 1872 ipsum
912 1814 1193 1873 exceptura
1211 1813 1379 1857 erant.
1404 1804 1599 1857 Deinde
1617 1819 1754 1872 mgre
1774 1802 1872 1857 fert
1899 1818 1989 1856 eos
2016 1804 2101 1871 qui
2120 1804 2288 1871 ipsum

721 1893 1023 1959 traducunt,
1079 1903 1425 1963 precaturque
1455 1894 1706 1947 adversus
1749 1894 1885 1955 illos,
1922 1893 2289 1963 maledicitque

716 1985 820 2038 diei
850 2001 978 2039 sum.
1012 1985 1167 2040 Mittit
1190 1984 1438 2040 Sedecias
1458 2001 1576 2048 rex,
1598 1997 1651 2038 ut
1676 1985 1844 2039 discat
1870 2000 1897 2037 a
1920 1984 2145 2038 Jcremia
2165 2001 2286 2039 num

715 2077 1062 2132 abscessurus
1077 2092 1104 2130 a
1128 2093 1185 2131 se
1201 2081 1268 2129 sit
1289 2076 1792 2130 Nabuchodonosor.
1812 2076 1901 2128 Ille
1922 2090 2047 2129 vero
2069 2091 2287 2144 respon-

717 2168 827 2230 det,
855 2166 1021 2221 Demn
1053 2167 1366 2221 bellaturum
1393 2182 1511 2221 esse
1539 2175 1721 2220 contra
1760 2165 1971 2220 Judaeos
2010 2176 2061 2220 et
2103 2176 2286 2221 contra

717 2272 893 2324 regem
943 2256 1240 2311 Sedeciam.
1284 2256 1339 2310 Si
1388 2265 1563 2310 autem
1615 2256 1837 2309 voluerit
1867 2256 2089 2325 populus
2117 2256 2287 2311 libens

714 2349 941 2403 transir‘e
977 2349 1042 2403 ad
1072 2348 1660 2411 Nabucltodonosorem,
1699 2348 1869 2415 ipsum
1898 2349 2123 2402 salutem
2151 2364 2283 2402 con-

715 2447 1081 2508 sequuturum,
1113 2456 1399 2509 regemque
1430 2455 1531 2493 non
1568 2442 1851 2508 periturum
1882 2455 2021 2507 esse,
2051 2442 2092 2494 si
2126 2457 2155 2495 a
2185 2458 2279 2495 sua

712 2528 992 2584 discedens
1022 2530 1274 2599 nequitia,
1313 2531 1399 2584 Dei
1430 2531 1705 2599 pra‘ceptis
1726 2531 2001 2585 attendere
2030 2532 2275 2587 voluerit.

710 2620 906 2674 Contra
936 2620 1172 2675 Joacbim
1204 2631 1256 2675 et
1280 2621 1587 2676 Jechoniam
1614 2630 1667 2675 et
1690 2632 1870 2675 contra
1898 2633 2135 2690 pastores
2161 2638 2281 2690 pro-

710 2711 887 2779 phetia
913 2711 978 2764 ad
1008 2712 1306 2776 Dominum,
1337 2727 1398 2765 ac
1434 2711 2013 2780 pseudoprOphetarum
2058 2726 2278 2765 accusa-

710 2805 807 2855 tio.
842 2802 983 2856 Bona
1014 2803 1163 2857 Judae
1207 2804 1520 2871 prophetat:
1548 2803 1737 2855 relicto
1777 2812 1953 2854 autem
2004 2802 2196 2871 populo
2227 2803 2276 2855 in

706 2892 999 2947 Jerusalem
1031 2909 1149 2947 cum
1179 2892 1396 2947 Scdecia
1428 2908 1523 2960 per
1546 2893 1842 2960 exemplum
1874 2892 2062 2946 ficuum
2087 2908 2276 2947 ascen-

705 2997 825 3037 sum
849 2983 1380 3039 Nabuchodonosoris
1403 2983 1732 3047 vaticinatur,
1765 2983 2107 3052 omniumque
2144 2999 2277 3052 gen-

708 3074 838 3127 tium
872 3074 1156 3142 perniciem
1181 3090 1273 3143 per
1300 3074 1399 3128 hoc
1428 3074 1671 3144 poculum
1704 3075 1982 3143 significat.
2011 3074 2274 3145 Jerosoly-

704 3179 808 3217 nne
838 3165 1101 3219 excidium
1131 3165 1388 3233 prmdicit.
1416 3164 1998 3233 Compreltenditurque
2019 3166 2274 3221 Jeremias

704 3252 1026 3307 occidendus
1051 3268 1079 3305 a
1110 3254 1493 3317 sacerdotibus,
1530 3255 1732 3321 hocque
1757 3256 2042 3321 periculum
2075 3257 2267 3311 evadit.

703 3342 925 3397 Jubetur
961 3345 1216 3414 propheta
1243 3360 1300 3399 se
1333 3347 1554 3399 vinculis
1598 3347 1947 3411 circumdare,
1991 3356 2042 3401 et
2090 3348 2273 3418 legatis

700 3433 1115 3503 alienigenarum
1138 3436 1366 3500 edicere,
1393 3444 1449 3489 ut
1465 3437 1775 3488 annuntient
1794 3436 2003 3504 regibus
2028 3437 2137 3491 suis
2157 3439 2273 3491 sub-

700 3522 788 3590 jici
816 3536 910 3575 eos
940 3533 1187 3591 oportere
1213 3524 1748 3587 Nabuchodonosori;
1779 3526 2074 3595 minarique
2106 3528 2269 3582 Deum

699 3620 925 3665 mortem
948 3611 1010 3665 iis
1031 3612 1117 3680 qui
1147 3628 1206 3666 se
1233 3614 1328 3681 ipsi
1357 3628 1458 3666 non
1486 3614 1787 3681 subjiciam.
1813 3614 2064 3669 Eamdem
2080 3618 2271 3670 exhor-

699 3701 952 3753 tationem
981 3701 1199 3756 adhibet
1219 3717 1341 3772 erga
1374 3702 1669 3766 Sedeciam,
1704 3711 1759 3757 et
1788 3705 2064 3773 populum,
2085 3714 2139 3760 et
2183 3720 2268 3760 sa-

698 3792 963 3846 cerdotes.
1015 3793 1246 3847 Ananias
1292 3809 1418 3847 vero
1465 3793 1923 3862 pseudopropheta
1982 3795 2271 3850 obsistebat

697 3879 941 3935 Jeremice
990 3883 1262 3951 pr0phetze
1307 3883 1510 3945 dicens,
1541 3899 1661 3937 vasa
1693 3898 1840 3938 sacra
1871 3883 2099 3938 reditura
2128 3899 2265 3951 esse,

696 3986 902 4026 necnon
928 3972 1259 4039 Jeehoniam,
1291 3975 1379 4044 qui
1410 3984 1524 4029 erat
1548 3975 1681 4029 filius
1701 3975 1940 4029 Joacliim
1969 3975 2146 4030 fratris
2173 3978 2268 4032 Se-

693 4061 880 4116 decice.
923 4064 989 4116 Et
1016 4065 1263 4117 contrivit
1304 4075 1518 4118 catenas
1563 4065 1851 4134 prophetze.
1892 4066 2113 4121 Mittitur
2140 4082 2266 4137 ergo

694 4152 953 4208 Jeremias
973 4161 1031 4209 ut
1053 4163 1276 4210 mortem
1306 4156 1402 4225 ipsi
1431 4157 1700 4226 prredieat,
1729 4158 1779 4209 in
1801 4172 1865 4210 eo
1892 4159 2006 4225 ipso
2028 4174 2167 4213 anno
2184 4161 2265 4213 fu-

695 4252 889 4312 turam,
913 4246 1051 4315 quod
1092 4248 1248 4301 etiam
1281 4249 1474 4302 evenit.
1510 4248 1839 4303 Vaticinatur
1868 4250 2005 4303 mala
2033 4252 2263 4319 pseudo-

695 4333 971 4403 prophetis
1014 4335 1284 4406 Babylone
1324 4337 1676 4402 versantibus,
1712 4337 2008 4407 populoque
2054 4339 2264 4408 longum

693 4424 1012 4491 captivitatis
1039 4433 1265 4493 tempus,
1290 4427 1381 4480 sed
1410 4435 1584 4481 tamen
1613 4426 1840 4480 reditum
1868 4442 1986 4481 esse
2008 4426 2260 4481 futurum.

696 4515 771 4568 De
794 4513 875 4567 his
898 4514 1263 4584 indignabatur
1282 4516 1519 4583 Sameas,
1544 4518 1631 4587 qui
1659 4517 1894 4585 increpat
1910 4518 2260 4585 sacerdotem,

692 4602 834 4671 quod
864 4618 966 4655 non
991 4604 1287 4672 impedierit
1314 4606 1594 4675 quominus
1622 4606 1877 4661 Jeremias
1904 4607 2027 4660 talia
2068 4608 2259 4662 vatici-

694 4702 928 4747 naretur.
956 4692 1078 4748 Ideo
1101 4696 1330 4750 minatur
1358 4697 1499 4751 Deus
1519 4713 1577 4751 se
1604 4697 1750 4752 illum
1773 4713 1890 4752 esse
1915 4698 2260 4767 perditurum.

698 4782 894 4836 Deinde
923 4799 1100 4838 sermo
1124 4788 1510 4841 consolatorius
1533 4787 1731 4843 lsraeli.
1772 4789 2003 4858 Tempus
2028 4789 2263 4844 declarat

691 4889 798 4941 quo
841 4873 1072 4928 futurum
1112 4885 1193 4930 est
1237 4886 1295 4930 ut
1335 4887 1667 4933 revertantur
1704 4895 1766 4933 ex
1801 4880 2086 4949 Babylone.
2130 4880 2260 4934 Illud

694 4979 822 5019 vero
849 4977 963 5019 erat
992 4975 1200 5036 tempus
1222 4968 1443 5032 Phasec,
1473 4984 1565 5023 seu
1593 4969 1807 5038 pascha,
1837 4978 1893 5023 ut
1919 4970 1970 5023 in
1995 4970 2160 5024 Esdra
2179 4986 2264 5025 re-

692 5054 868 5124 perire
896 5064 995 5119 est,
1042 5057 1183 5124 ipsos
1214 5072 1403 5126 nempe
1432 5059 1483 5111 in
1514 5058 1646 5111 festo
1673 5060 1989 5127 Azymorum
2018 5073 2260 5114 reversos

690 5157 830 5197 esse.
867 5142 1046 5212 Itaque
1073 5146 1346 5200 manifeste
1371 5145 1539 5200 Judaei
1571 5147 1826 5201 mendacii
1856 5146 2253 5202 convincuntur.

691 5234 823 5287 Nam
852 5234 989 5288 bona
1017 5234 1101 5289 hic
1137 5236 1204 5289 de
1250 5236 1378 5303 ipsis
1420 5237 1681 5306 descripta
1722 5236 1893 5290 adhuc
1934 5246 2258 5307 exspectant,

693 5337 811 5390 qua:
839 5323 944 5391 jam
972 5335 1251 5379 venerunt.
1287 5326 1359 5379 De
1390 5327 1678 5381 infantibus
1720 5328 1787 5380 ab
1815 5325 2022 5380 Herode
2050 5327 2256 5380 occisis.

694 5414 765 5467 De
784 5412 930 5469 Novo
956 5415 1297 5470 Testamento
1322 5418 1616 5485 prephetia.
1648 5417 1924 5486 Etiamque
1941 5416 2258 5485 descriptam

692 5506 792 5561 hoc
823 5507 942 5561 loco
972 5507 1118 5562 urbis
1144 5510 1607 5563 remdificationem
1638 5509 1810 5561 adhuc
1838 5519 2145 5576 exspectant
2164 5508 2257 5563 Ju-

690 5596 810 5650 d:oi.
840 5597 909 5650 At
937 5597 1025 5651 illa
1052 5597 1209 5653 finem
1254 5599 1478 5669 accepit,
1513 5599 1647 5651 facta
1692 5598 1893 5650 scilicet
1935 5597 2147 5665 quando
2195 5613 2257 5652 cx

693 5688 960 5761 Babylone
1004 5690 1289 5748 redierunt.
1339 5692 1556 5747 Jubetur
1583 5689 1839 5747 Jeremias
1878 5708 2051 5745 emere
2082 5707 2259 5761 agrum

1448 337 1503 393 S.
1544 333 1815 393 JOANNIS
1848 329 2316 389 CHRYSOSTOMI
2356 337 2667 394 AliCllIEP.
2704 339 3231 402 CONSTANTINOP.

3870 359 3977 414 380

2408 450 2580 519 patrui
2606 452 2706 516 sui,
2738 462 2794 507 et
2835 469 2956 510 cum
2998 458 3251 522 emisset,
3273 458 3383 513 ait:
3409 455 3542 512 Urbs
3570 458 3761 514 tradita
3790 471 3889 525 est.
3916 476 3970 521 et

2402 541 2554 609 iubes
2574 558 2750 598 emere
2773 561 2976 615 agrum.
2998 549 3137 603 Deus
3157 558 3329 602 autem
3346 549 3419 601 ait
3436 549 3532 613 illi,
3557 553 3839 617 prmsentia
3856 556 3969 622 qui-

2403 630 2523 683 dem
2547 633 2679 685 mala
2708 644 2925 703 propter
2942 646 3153 705 peccata
3182 639 3358 706 populi
3388 640 3631 693 evenire:
3659 648 3967 710 tempusque

2403 720 2535 783 fore,
2566 735 2684 775 cum
2714 739 2921 778 rursum
2955 726 3077 781 urbs
3104 726 3501 781 Inhabitabitur.
3534 728 3779 785 Praedicit
3804 731 3963 787 Sede-

2402 809 2520 872 cite,
2566 811 2736 877 ipsum
2767 824 2976 881 captum
3008 816 3091 881 iri,
3137 826 3191 871 et
3222 818 3425 872 incusat
3467 834 3561 873 eos
3604 821 3743 890 quod
3784 837 3965 879 servos

2402 911 2536 964 quos
2563 898 2804 954 libertate
2831 902 3177 970 donaverant,
3209 921 3395 961 rursus
3432 910 3637 964 servire
3674 923 3964 980 cogerent:

2402 987 2735 1057 minaturque
2761 1006 3005 1061 magnam
3036 993 3146 1048 fore
3172 996 3545 1050 calamitatem.
3578 998 3701 1053 ldeo
3727 1004 3967 1070 praecipit

2402 1074 2525 1129 ﬁliis
2552 1076 2807 1142 Jonadab,
2835 1091 2891 1134 ut
2912 1082 3124 1136 domum
3155 1094 3480 1139 construant.
3512 1087 3585 1140 Illi
3610 1098 3789 1143 autem
3810 1104 3963 1144 recu-

2400 1174 2538 1219 sant.
2568 1166 2790 1223 Jubetur
2818 1170 3077 1227 Jeremias
3104 1189 3165 1228 ea
3196 1176 3428 1231 scribere
3452 1179 3647 1243 omnia,
3688 1196 3815 1249 quae
3836 1182 3963 1235 vati-

2400 1257 2606 1313 cinatus
2626 1269 2738 1313 erat
2767 1276 2926 1331 super
2954 1264 3135 1329 Israel,
3170 1275 3225 1319 ut
3253 1268 3333 1321 vel
3364 1268 3440 1323 sic
3467 1269 3827 1337 formidarent,
3850 1290 3963 1328 rur-

2398 1363 2516 1402 sum
2546 1350 2819 1407 audientes
2839 1370 2920 1418 ea,
2944 1372 3061 1424 quae
3091 1358 3232 1425 ipsos
3251 1358 3494 1413 iuvasura
3514 1372 3663 1416 erant
3683 1364 3821 1417 mala
3845 1366 3963 1419 :ille

2397 1451 2529 1492 vero
2554 1440 2793 1509 przecipit
2822 1443 3086 1511 Iiarucho,
3129 1458 3183 1500 ut
3221 1447 3320 1502 hoc
3349 1448 3525 1518 faciat,
3575 1452 3769 1522 illeque
3817 1453 3959 1509 fecit.

2397 1524 2466 1579 Et
2494 1542 2613 1580 eum
2643 1531 2960 1598 scripsisset,
2990 1533 3184 1588 Juda-is
3214 1536 3355 1605 legit.
3391 1537 3454 1592 Ut
3483 1539 3534 1592 id
3564 1540 3784 1598 audiere
3818 1546 3959 1613 prin-

2395 1617 2560 1686 cipes,
2591 1623 3038 1678 annuntiaverunt
3066 1628 3173 1695 regi
3201 1626 3459 1682 Joachim.
3488 1630 3581 1685 Ille
3601 1642 3780 1688 autem
3810 1650 3959 1691 acce-

2395 1718 2543 1778 ptum
2576 1711 2766 1766 librum
2798 1715 3108 1770 combussit.
3142 1718 3467 1789 Jubeturque
3509 1721 3774 1778 Jeremias
3802 1726 3957 1780 alium

2394 1799 2631 1855 scribere
2661 1802 2850 1857 librum
2890 1806 3141 1860 similem.
3175 1807 3406 1877 Regiqne
3434 1814 3712 1879 prophetat
3742 1815 3957 1869 calami-

2395 1897 2529 1943 tates
2554 1890 2623 1944 ob
2645 1892 2746 1945 tale
2763 1892 2985 1948 facinus.
3010 1894 3334 1950 Vaticinatur
3349 1899 3609 1953 excidium
3638 1901 3955 1956 Jerusalem:

2393 1990 2445 2034 et
2460 1983 2946 2051 comprehenditur,
2968 1988 3301 2058 injiciturque
3324 1990 3373 2043 in
3396 2006 3661 2047 carcerem
3679 1994 3957 2061 Jeremias,

2395 2072 2619 2143 indeque
2635 2087 2883 2132 evocatus
2904 2094 2933 2131 a
2960 2078 3199 2145 Sedecia,
3220 2080 3347 2136 dicit
3363 2082 3433 2147 ei,
3451 2084 3766 2151 capiendum
3788 2085 3955 2154 ipsum

2392 2162 2526 2229 fore,
2556 2174 2807 2235 rogatque
2829 2182 2895 2222 ne
2917 2171 3217 2224 remittatur
3241 2176 3292 2225 in
3321 2187 3613 2228 carcerem.
3646 2177 3959 2245 Arreptum-

2390 2268 2491 2321 que
2520 2254 2665 2308 illum
2695 2258 2958 2326 principes
2980 2260 3220 2328 injiciunt
3244 2264 3293 2315 in
3316 2264 3487 2317 lacum
3508 2266 3670 2318 omni.
3695 2266 3761 2320 Et
3782 2266 3958 2323 eduxit

2390 2359 2510 2397 eum
2559 2346 2679 2400 inde
2725 2348 3066 2404 Abdamelec.
3112 2354 3187 2406 Ac
3228 2367 3412 2408 rursus
3438 2356 3728 2409 accersitus
3756 2371 3787 2410 a
3814 2372 3954 2427 rege,

2390 2435 2614 2489 salutem
2642 2438 2737 2506 ipsi
2767 2443 3098 2507 praenuntiat,
3130 2444 3174 2496 si
3198 2445 3323 2498 velit
3344 2454 3532 2513 sponte
3558 2447 3622 2500 ad
3658 2448 3840 2503 hostes
3871 2465 3953 2504 ex—

2389 2527 2495 2590 ire;
2524 2529 2603 2581 sin
2631 2530 2780 2595 nolit,
2814 2533 3095 2599 perniciem
3128 2534 3240 2589 urbi
3266 2536 3379 2600 toti,
3404 2546 3455 2589 et
3477 2538 3572 2605 ipsi
3596 2538 3829 2607 ingentia
3850 2556 3953 2594 ma-

2387 2616 2456 2671 la.
2485 2618 2616 2672 Cum
2644 2628 2817 2675 autem
2847 2636 2951 2677 non
2982 2626 3334 2693 persuasisset
3362 2628 3437 2681 illi
3469 2637 3525 2682 ut
3548 2629 3737 2694 exiret,
3765 2646 3952 2685 ascen—

2386 2707 2463 2760 dit
2485 2708 2756 2771 barbarus,
2780 2719 2831 2763 et
2852 2722 3001 2781 capta
3025 2723 3104 2767 est
3127 2714 3249 2767 urbs
3270 2730 3388 2769 cum
3413 2716 3652 2771 Scdecia.
3670 2718 3953 2773 Jeremiam

2388 2804 2533 2850 vero
2558 2796 2783 2865 benigne
2811 2812 3136 2868 exceperunt
3166 2803 3433 2872 principes
3471 2805 3953 2860 Nabuchodonoso-

2385 2885 2479 2938 ris.
2507 2885 2857 2941 Abdemeleco
2899 2891 3120 2944 salutem
3151 2893 3404 2959 pra~dicit.
3438 2894 3569 2948 Cum
3597 2905 3776 2949 autem
3808 2897 3945 2965 prin-

2383 2990 2509 3045 ceps
2534 2991 2819 3045 coquorum
2842 2994 3005 3049 penes
3035 2982 3176 3050 ipsos
3198 2984 3517 3052 reliquisset,
3550 2994 3606 3039 ut
3629 3002 3735 3055 quo
3756 2988 3951 3041 vellent

2383 3067 2538 3132 irent,
2574 3068 2716 3123 venit
2756 3071 2822 3122 ad
2869 3070 3164 3138 Godoliam,
3196 3089 3351 3142 quem
3384 3077 3728 3133 constituerat
3759 3080 3944 3147 prima-

2383 3174 2499 3227 pem
2530 3175 2712 3213 eorum
2744 3162 2832 3229 qui
2881 3163 3047 3217 relicti
3097 3163 3303 3218 fuerant
3346 3166 3397 3218 in
3440 3166 3636 3221 Judtea.
3672 3168 3950 3223 Convt-ue-

2380 3257 2504 3302 runt
2529 3250 2593 3303 ad
2620 3250 2892 3304 Godoliam
2918 3254 3005 3322 qui
3038 3269 3133 3322 per
3158 3269 3309 3323 agros
3333 3256 3553 3323 dispersi
3580 3268 3731 3315 erant
3754 3252 3938 3313 Judzei-

2381 3338 2567 3393 lsmael
2620 3340 2812 3393 occidit
2858 3341 3132 3397 Godoliam
3162 3353 3215 3397 et
3240 3345 3495 3413 quosdam
3525 3346 3677 3412 alios,
3705 3357 3761 3402 et
3804 3352 3941 3403 acci-

2380 3431 2529 3499 piens
2552 3434 2801 3499 populum
2833 3433 3089 3499 Godolim,
3122 3435 3251 3489 abiit
3280 3438 3330 3489 in
3361 3438 3631 3507 regionem
3663 3442 3937 3497 Ammoni-

2378 3532 2566 3577 tarum.
2593 3525 2659 3578 Ut
2684 3538 2857 3579 autem
2900 3526 3027 3580 vidit
3051 3542 3168 3581 eum
3200 3528 3461 3595 Joannan,
3495 3545 3629 3583 unus
3654 3532 3721 3584 de
3752 3531 3933 3600 princi-

2376 3613 2549 3681 pibus.
2580 3614 2713 3668 bene
2751 3615 2971 3670 affectus
3017 3632 3141 3686 erga
3179 3617 3478 3683 Godoliam,
3509 3618 3710 3687 aufugit
3754 3621 3939 3674 lsmael

2375 3718 2495 3757 cum
2526 3714 2643 3758 octo
2675 3707 2800 3759 viris
2845 3715 3065 3771 tantum,
3121 3709 3475 3778 pepulumque
3522 3710 3728 3778 accepit
3776 3710 3933 3764 Joan-

2374 3808 2498 3847 nan.
2529 3794 2627 3859 Qui
2670 3804 2913 3863 precatus
2943 3805 3025 3849 est
3061 3795 3365 3862 Jeremiam,
3396 3808 3451 3851 ut
3493 3813 3587 3866 pro
3617 3800 3745 3867 ipsis
3776 3800 3936 3854 Deum

2374 3891 2615 3950 rogaret;
2648 3898 2767 3936 cum
2797 3883 3100 3940 consuleret
3126 3885 3251 3953 ipsis
3280 3885 3537 3941 Jeremias
3569 3902 3637 3941 ne
3680 3888 3732 3940 in
3774 3887 3906 3958 Aigy

2372 3981 2517 4040 ptum
2550 3973 2978 4042 ingrederentur;
3012 3986 3236 4031 mortem
3286 3979 3428 4031 enim
3473 3979 3664 4033 minari
3696 3980 3863 4034 Deum
3890 3981 3931 4036 si

2371 4076 2437 4115 eo
2462 4064 2909 4132 commigrarent:
2944 4065 2993 4119 id
3020 4066 3097 4120 eis
3125 4084 3228 4121 non
3271 4069 3552 4135 persuasio.
3581 4068 3715 4123 Cum
3760 4081 3932 4125 autent

2370 4152 2638 4207 venissent
2666 4154 2716 4206 in
2746 4154 3013 4222 Taphnas,
3037 4156 3339 4210 cohortatus
3361 4166 3443 4211 est
3469 4174 3561 4212 eos
3589 4175 3655 4213 ne
3678 4160 3813 4215 idola
3843 4178 3930 4215 cu-

2371 4241 2560 4295 lerent.
2601 4243 3088 4299 Contradicentibus
3112 4246 3215 4299 illis
3244 4250 3611 4314 pramuntiavit
3649 4253 3929 4320 perniciem

2371 4346 2633 4400 magnam,
2661 4343 2710 4386 et
2742 4334 2850 4402 regi
2871 4334 3237 4404 Aigyptiorum
3264 4338 3548 4405 perniciem
3568 4340 3781 4411 Egypti
3804 4358 3933 4411 prteo

2370 4419 2515 4483 dicit,
2552 4436 2752 4475 necnon
2792 4423 3220 4492 alienigenarum,
3252 4427 3378 4480 item
3408 4427 3773 4495 Moabitarum,
3806 4435 3931 4486 Am-

2369 4512 2703 4575 manitarum,
2740 4514 3108 4581 Idummorum,
3142 4516 3402 4584 Damasci,
3443 4530 3498 4574 et
3527 4520 3700 4588 Elam,
3748 4526 3927 4577 etiam-

2368 4618 2470 4671 que
2497 4602 2796 4673 Babylonis,
2827 4605 3157 4675 reditumque
3200 4608 3321 4663 inde
3344 4609 3646 4666 Judteorum
3691 4628 3922 4683 praenun-

2371 4694 2479 4746 tiat.
2511 4694 2786 4760 Quomodo
2814 4698 2987 4751 excisa
3034 4699 3103 4750 sit
3146 4698 3436 4753 Jerusalem
3482 4711 3684 4769 narrat,
3728 4719 3925 4761 necnon

2367 4783 2630 4851 quomodo
2658 4799 2723 4837 ex
2752 4784 2959 4853 dejecto
2986 4796 3127 4841 statu
3155 4789 3206 4840 in
3235 4787 3491 4844 honorem
3519 4802 3804 4860 provectus
3825 4794 3914 4846 fue-

2367 4875 2431 4927 rit
2463 4874 2721 4940 Joachim,
2752 4878 2839 4943 qui
2870 4885 3057 4945 sponte
3085 4893 3143 4933 se
3168 4892 3287 4933 cum
3333 4891 3502 4937 matre
3541 4897 3635 4937 sua
3660 4883 3927 4939 dediderat

2366 4961 2885 5018 Nabuchodonosori.

2422 5110 2657 5150 SYNOPSIS
2690 5110 2868 5151 EORUI
2899 5111 3012 5159 ρυε
3041 5114 3104 5152 ΑΒ
3134 5115 3418 5157 εῑεοιιιειε
3446 5118 3720 5158 ΡΒΟΡΗΕΤΛ
3746 5119 3851 5158 DIC'I
3875 5119 3909 5155 Α

3070 5204 3216 5244 ευΝτ.

2443 5322 2597 5377 Videt
2627 5323 2883 5392 propheta
2910 5323 3165 5379 visionem
3195 5324 3660 5388 Cherubinorum,
3686 5324 3917 5392 jubetur-

2368 5430 2471 5484 que
2514 5431 2543 5469 a
2576 5416 2686 5469 Deo
2732 5415 2981 5470 lsraelitis
3016 5417 3179 5487 loqui.
3228 5418 3541 5486 Deportatur
3576 5431 3604 5469 a
3650 5414 3846 5484 Spiritu
3878 5418 3927 5469 in

2371 5507 2730 5574 captivitatem
2765 5525 2778 5559 :
2810 5509 3171 5577 excitaturque
3200 5524 3229 5561 a
3267 5509 3396 5571 Deo,
3428 5516 3484 5560 ut
3504 5522 3625 5561 eum
3656 5507 3848 5560 fiducia
3878 5517 3930 5560 et

2372 5598 2589 5665 impigre
2616 5607 2724 5649 tum
2766 5596 2955 5665 iniquis
2982 5607 3089 5652 tum
3110 5597 3267 5665 justis
3287 5596 3425 5650 viam
3449 5597 3513 5650 ad
3545 5597 3705 5650 vitam
3733 5595 3929 5649 ducen-

2374 5698 2475 5744 tem
2508 5688 2799 5753 annuutict,
2826 5699 2878 5742 ct
2902 5688 2993 5742 Dci
3022 5687 3262 5741 mandata
3283 5686 3528 5742 declaret.
3561 5685 3787 5742 Jubetur
3816 5697 3933 5739 sese
