4152 6324
245 356 359 408 379

236 444 426 511 Κυρίῳ
475 442 630 511 ἡμῶν
674 441 845 511 Ἰησοῦ
901 441 1138 512 Χριστῷ,
1175 443 1321 495 αὐτοὶ
1371 445 1578 505 ἑαυτοῖς
1634 442 1791 494 αἴτιοι

235 531 480 597 ἐγένοντο
508 529 617 580 τῶν
645 529 918 598 παρόντων
949 528 1148 580 κακῶν.
1183 529 1291 597 Τὴν
1315 530 1429 581 κατ’
1455 528 1616 581 αὐτοῦ
1651 543 1794 593 γινο-

238 616 405 684 μένην
427 616 712 684 ἐπιϐουλὴν
737 615 836 666 ὑπὸ
869 614 1131 666 Ἰουδαίων
1152 615 1179 664 6
1211 615 1489 683 προφήτης
1517 613 1788 682 προλέγει,

233 705 326 754 καὶ
354 702 671 771 κατεύχεται
701 702 896 762 αὐτῶν,
927 702 1006 752 ὅτι
1039 700 1244 770 πονηρά
1271 701 1389 752 ἀντὶ
1414 700 1630 767 ἀγαθῶν
1658 701 1790 752 ἀπο-

229 786 514 840 δεδώκασι.
568 785 854 838 Κελεύεται
897 787 923 836 6
967 787 1227 853 Ἱερεμίας
1278 785 1424 855 βικὸν
1474 786 1788 854 ὀστράκινον

230 872 432 936 λαϐὼν,
464 873 555 925 καὶ
589 873 1088 942 διαμαρτυράμενος
1116 871 1180 922 τά
1205 870 1348 924 κακά
1375 871 1467 922 τοῦ
1496 871 1644 933 λαοῦ,
1674 888 1789 922 συν-

228 961 419 1028 τρῖψαι
452 961 542 1012 τὸν
571 961 718 1028 βικὸν
750 962 867 1010 κατ’
901 959 1204 1026 ὀφθαλμοὺς
1227 957 1421 1017 αὐτῶν,
1456 959 1548 1010 καὶ
1577 960 1747 1009 εἰπεῖν
1769 974 1782 986 °

227 1045 386 1099 Οῦτω
443 1047 848 1116 συντριϐήσεται
918 1042 1282 1112 Ἰερουσαλήμ.
1338 1045 1444 1094 Kal
1500 1043 1787 1112 ἐμϐληθεὶς

229 1131 334 1183 ὑπὸ
363 1132 458 1183 τοῦ
491 1130 722 1200 Πασχὼρ
746 1133 825 1191 είς
853 1129 938 1181 τὸν
961 1129 1324 1199 καταράκτην,
1358 1128 1683 1200 προφητεύει
1711 1128 1786 1199 τῷ

227 1216 465 1286 Πασχὼρ
492 1218 560 1269 τὰ
591 1216 906 1283 ἐκδεξόμενα
945 1214 1089 1282 αὑτῷ
1118 1214 1258 1266 κακά
1287 1225 1332 1266 ει.
1362 1211 1493 1267 Εἶτα
1535 1215 1784 1283 ἀσχάλλει

227 1304 318 1354 ἐπί
358 1306 474 1364 τοῖς
524 1301 859 1371 διασύρουσιν
900 1300 1078 1362 αὑτὸν,
1114 1301 1205 1351 καὶ
1245 1300 1558 1368 κατεύχεται
1587 1299 1779 1365 αὐτῶν,

227 1393 320 1442 καὶ
348 1392 650 1459 καταρᾶται
682 1392 745 1458 τῇ
775 1389 953 1457 ἡμέρᾳ
1002 1388 1066 1456 τῇ
1113 1388 1322 1440 ἐαυτοῦ.
1362 1390 1571 1457 Πέμπει
1628 1389 1782 1440 Σεδε-

226 1479 350 1538 κίας
379 1479 405 1527 6
438 1475 684 1544 βασιλεὺς
711 1475 898 1542 μαθεῖν
926 1473 1070 1542 παρά
1111 1474 1389 1541 Ἱερεμίου,
1417 1476 1464 1524 εί
1489 1473 1782 1525 ἀπελεύσε-

225 1580 313 1613 ται
346 1563 442 1614 ἀπ’
491 1560 651 1614 αὑτοῦ
701 1559 1178 1628 Ναϐουχοδονόσορ.
1223 1559 1279 1610 '0
1328 1560 1384 1610 δέ
1415 1576 1595 1628 φησιν,
1645 1560 1782 1612 ὅτιό

224 1651 356 1712 Θεὸς
388 1649 679 1718 πολεμήσει
721 1649 843 1708 τοὺς
881 1647 1177 1708 Ἰουδαίους,
1210 1664 1299 1698 και
1323 1647 1411 1698 τὸν
1435 1647 1653 1716 βασιλέα
1685 1648 1780 1699 Σε-

224 1735 426 1788 δεκίαν.
458 1736 517 1787 El
550 1735 606 1786 δέ
642 1731 876 1802 βούλοιτο
908 1734 934 1784 6
969 1731 1092 1793 λαὸς
1122 1733 1260 1784 ἐκὼν
1294 1734 1677 1802 προσχωρῆσαι
1705 1732 1781 1803 τῷ

225 1821 707 1890 Ναϐουχοδονόσορ,
744 1817 1079 1887 σωθήσεσθαι
1109 1818 1287 1883 αὑτὸν,
1318 1819 1523 1870 καὶτὸν
1562 1818 1781 1887 βασιλέα

224 1910 276 1961 δέ
305 1910 406 1961 οὐκ
449 1905 780 1967 ἀπολεῖσθαι,
827 1907 872 1955 εί
910 1905 1007 1974 τῆς
1053 1905 1256 1966 οἰκείας
1297 1905 1533 1967 ἀποστὰς
1564 1906 1777 1970 κακίας,

223 1998 330 2058 τοῖς
359 1993 453 2046 τοῦ
495 1993 629 2045 θεοῦ
670 1991 1043 2061 προστάγμασι
1087 1991 1368 2060 προσέχειν
1408 1990 1596 2044 ἐθέλοι.
1626 1992 1778 2044 Κατά

223 2084 315 2135 τοῦ
363 2083 618 2150 Ἱωακεὶμ
661 2082 753 2132 καὶ
793 2079 884 2131 τοῦ
926 2078 1190 2147 Ἰεχονίου,
1223 2080 1314 2130 καὶ
1348 2079 1486 2130 κατά
1514 2079 1618 2131 τῶν
1663 2098 1780 2131 ποι-

227 2171 402 2240 μένων
431 2170 506 2230 είς
531 2167 618 2220 τὸν
645 2166 846 2235 Κύριον
879 2163 1197 2232 προφητεία,
1229 2164 1321 2215 καὶ
1351 2165 1455 2217 τῶν
1480 2164 1773 2236 ψευδοπρο-

225 2254 409 2327 φητῶν
437 2251 752 2324 κατηγορία.
779 2250 1000 2318 Χρηστά
1024 2247 1099 2316 τῷ
1136 2248 1303 2319 Ἰούδᾳ
1327 2251 1672 2319 προφητεύει.
1691 2251 1779 2321 Τῷ

223 2343 278 2395 δὲ
309 2340 682 2407 ὑπολειφθέντι
728 2336 840 2406 λαῷ
883 2338 938 2387 ἐν
976 2333 1322 2404 Ἰερουσαλὴμ
1362 2334 1496 2404 μετά
1533 2337 1777 2388 Σεδεκίου

223 2428 307 2480 διὰ
359 2429 454 2480 :06
495 2425 883 2493 ὑποδείγματος
932 2421 1036 2472 τῶν
1084 2419 1257 2472 συκῶν
1305 2421 1630 2490 προφητεύει
1684 2421 1777 2474 τοῦ

223 2512 683 2581 Ναϐουχοδονόσορ
698 2510 794 2577 τὴν
815 2508 1014 2568 ἄνοδον,
1035 2507 1124 2557 καὶ
1146 2508 1356 2558 πάντων
1377 2507 1483 2558 τῶν
1503 2506 1668 2558 ἐθνῶν
1683 2506 1776 2577 τὴν

224 2602 494 2655 ἀπώλειαν
537 2600 623 2652 διά
649 2597 739 2650 τοῦ
789 2595 1042 2666 ποτηρίου
1084 2595 1270 2646 τούτου
1315 2595 1507 2658 δηλῶν.
1542 2597 1779 2664 Προαγο-

224 2688 369 2757 ρεύει
398 2685 546 2760 [385]
575 2685 843 2737 ἀπώλειαν
868 2684 967 2752 τῆς
1007 2682 1377 2753 Ἰερουσαλήμ.
1409 2683 1516 2734 Kal
1551 2683 1779 2752 συλλαμ-

224 2775 443 2828 ϐάνεται
491 2774 582 2825 ἐπὶ
609 2771 819 2838 θανάτῳ
856 2769 1122 2838 Ἱερεμίας
1159 2768 1261 2820 67:6
1299 2769 1404 2820 τῶν
1434 2769 1640 2838 ἱερέων,
1686 2770 1778 2822 καὶ

226 2861 477 2929 ἐκφεύγει
510 2859 596 2912 τὸν
629 2857 889 2910 κίνδυνον.
934 2854 1227 2906 Κελεύεται
1267 2856 1293 2905 6
1323 2856 1601 2924 προφήτης
1628 2872 1778 2925 περι-

226 2947 392 3000 θεῖναι
428 2944 599 3015 ἐαυτῷ
624 2943 868 3012 δεσμοὺς,
902 2941 996 2992 καὶ
1020 2942 1127 3003 τοῖς
1150 2939 1405 3009 πρέσϐεσι
1432 2941 1537 2992 τῶν
1560 2940 1778 3008 ἀλλοφύο

225 3035 326 3086 λων
359 3034 552 3093 εἰπεῖν,
589 3030 726 3082 ὥστε
766 3026 1091 3095 ἀπαγγεῖλαι
1123 3030 1232 3088 τοῖς
1270 3025 1572 3094 βασιλεῦσιν
1598 3027 1776 3088 αὐτοῖς

227 3120 558 3189 ὑποταγῆναι
601 3117 680 3185 τῷ
717 3113 1179 3182 Ναϐουχοδονόσορ
1206 3131 1218 3145 ·
1267 3113 1504 3166 ἀπειλεῖν
1541 3114 1646 3183 γὰρ
1687 3115 1775 3165 τὸν

225 3207 350 3259 Θεὸν
370 3206 594 3259 θάνατον
617 3206 725 3264 τοῖς
754 3203 825 3271 μὴ
855 3201 1305 3268 ὑποτασσομένοις
1329 3200 1494 3270 αὐτῷ.
1520 3202 1778 3269 Παραινεῖ

225 3294 277 3345 δὲ
299 3294 502 3362 ταύτην
525 3291 620 3361 τὴν
641 3289 953 3358 παραίνεσιν
970 3286 1150 3356 καὶτῷ
1173 3287 1411 3357 Σεδεκίᾳ,
1436 3288 1527 3339 καὶ
1545 3286 1620 3356 τῷ
1641 3287 1771 3357 λαῷ,

225 3380 314 3432 καὶ
339 3382 448 3441 τοῖς
479 3377 728 3446 ἱερεῦσιν.
754 3374 810 3427 '0
835 3374 890 3426 δέ
917 3373 1357 3442 ψευδοπροφήτης
1387 3373 1630 3435 Ἀνανίας
1652 3373 1777 3426 ἀνθ-

229 3465 406 3518 ίστατο
444 3462 678 3534 Ἱερεμίᾳ
729 3460 806 3530 τῷ
851 3461 1120 3530 προφήτῃ,
1166 3458 1357 3526 λέγων,
1396 3458 1461 3510 τὰ
1503 3459 1666 3528 σκεύη
1706 3459 1774 3511 τά

229 3555 343 3624 ίερά
388 3552 694 3619 ἐπανήξειν,
734 3551 826 3600 καὶ
853 3547 941 3600 τὸν
978 3546 1245 3614 Ἰεχονίαν,
1287 3545 1345 3608 ὃς
1375 3542 1441 3616 ἦν
1476 3548 1585 3608 υίὸς
1624 3547 1770 3599 Ἰωα-

226 3640 351 3706 κεὶμ
405 3634 631 3704 ἀδελφοῦ
688 3633 950 3686 Σεδεκίου.
1011 3633 1119 3685 Καὶ
1174 3630 1455 3700 συνέτριψε
1509 3634 1600 3684 καὶ
1649 3634 1772 3695 τοὺς

226 3725 432 3786 κλοιοὺς
458 3723 550 3777 τοῦ
596 3723 888 3793 προφήτου.
921 3720 1200 3789 Πέμπεται
1242 3719 1417 3771 τοίνυν
1443 3722 1470 3771 6
1510 3721 1772 3790 Ἱερεμίας

227 3812 446 3864 θάνατον
473 3808 620 3878 αὑτῷ
647 3806 920 3878 προλέγων
949 3808 1004 3857 ἐν
1027 3805 1170 3872 αὑτῷ
1202 3804 1391 3874 ἐκείνῳ
1416 3804 1492 3874 τῷ
1521 3807 1770 3876 ἐνιαυτῷ,

224 3900 295 3962 ὡς
321 3899 415 3952 καὶ
450 3897 663 3964 συνέϐη.
697 3895 776 3948 Τά
815 3893 957 3947 κακά
998 3896 1107 3955 τοῖς
1139 3895 1194 3945 ἐν
1227 3892 1501 3945 Βαϐυλῶνι
1534 3894 1560 3932 ι)
1588 3894 1772 3962 ψευδο-

226 3986 524 4056 προφήταις
553 3983 825 4054 προλέγει,
845 3981 936 4033 καὶ
959 3979 1033 4049 τῷ
1053 3978 1165 4048 λαῷ
1189 3980 1394 4049 μακρὸν
1412 3980 1501 4032 τὸν
1534 3980 1632 4049 τῆς
1654 3983 1773 4051 αἰχ⁶

227 4071 496 4141 μαλωσίας
532 4069 740 4138 χρόνον,
779 4066 890 4118 ἀλλ’
917 4067 1061 4134 ὅμως
1089 4065 1300 4118 ἔσεσθαι
1337 4066 1611 4119 ἐπάνοδον.
1652 4067 1771 4120 Ἐπὶ

227 4159 425 4221 τούτοις
455 4158 746 4226 ἠγανάκτει
773 4154 1007 4224 Σαμέας,
1034 4155 1126 4206 καὶ
1158 4156 1381 4224 ἐπιτιμᾷ
1410 4155 1484 4223 τῷ
1516 4156 1666 4225 ἱερεῖ,
1690 4157 1771 4209 ὅτι

225 4244 318 4296 οὐκ
341 4242 574 4295 ἐκώλυσε
595 4242 683 4293 τὸν
715 4239 977 4310 Ἱερεμίαν
1009 4238 1227 4293 τοιαῦτα
1259 4241 1650 4310 προφητεῦσαι.
1675 4243 1770 4295 Διά

225 4331 372 4383 τοῦτο
411 4330 617 4382 ἀπειλεῖ
655 4328 683 4380 6
727 4327 856 4389 Θεὸς
909 4327 1188 4380 ἀπολέσειν
1217 4327 1396 4382 αὐτόν.
1437 4324 1567 4379 Εἶτα
1616 4329 1770 4398 λόγος

227 4415 618 4484 παρακλητικὸς
667 4413 744 4482 τῷ
784 4413 1014 4482 Ἰσραήλ.
1062 4411 1218 4480 Δηλοῖ
1255 4412 1341 4464 τὸν
1392 4413 1578 4481 καιρὸν
1604 4456 1617 4480 ,
1650 4415 1769 4468 καθ’

226 4499 278 4551 δν
305 4499 521 4568 ἔμελλον
544 4497 931 4566 ἐπανέρχεσθαι
961 4499 1024 4549 ἐκ
1063 4497 1391 4560 Βαϐυλῶνος.
1430 4493 1592 4562 Οὗτος
1621 4501 1675 4553 δέ
1703 4497 1769 4571 ἦν

225 4588 252 4640 6
279 4587 362 4640 :06
392 4587 583 4654 φασέκ,
616 4583 797 4646 καθὼς
830 4585 920 4636 καὶ
958 4585 1014 4636 ἐν
1051 4585 1127 4653 τῷ
1164 4587 1365 4655 Ἔσδρᾳ
1404 4585 1544 4640 ἔστιν
1570 4591 1766 4659 εὑρεῖν,

225 4674 299 4724 ὃτι
329 4676 396 4743 τῇ
416 4675 568 4741 ἐορτῇ
606 4671 712 4722 τῶν
736 4669 957 4739 ἀζύμων
982 4669 1300 4739 ἐπανῆλθον.
1333 4673 1492 4723 Ὥστε
1524 4675 1769 4744 φανερῶς

226 4759 524 4828 ἐλέγχονται
550 4757 858 4828 ψευδόμενοι
899 4755 1154 4809 Ἰουδαῖοι.
1193 4757 1272 4809 Τά
1304 4757 1409 4827 γὰρ
1439 4760 1496 4811 ἐν
1527 4761 1603 4830 τῷ
1622 4762 1769 4832 τόπῳ

225 4845 386 4914 τούτῳ
417 4844 768 4912 γεγραμμένα
801 4841 926 4911 περὶ
963 4843 1135 4895 αὐτῶν
1168 4843 1343 4910 ἀγαθά
1373 4844 1450 4897 ἕτι
1475 4847 1771 4915 προσδοκῶ-

228 4946 322 4996 σιν,
349 4931 489 5000 άπερ
513 4925 693 4999 ἦλθον.
722 4930 853 4997 Περὶ
879 4929 982 4978 τῶν
1007 4928 1392 4997 ἀναιρεθέντων
1423 4932 1644 4984 παιδίων
1668 4933 1769 4986 67:6

235 5017 484 5087 Ἡρώδου.
521 5016 653 5084 Περὶ
688 5013 784 5081 τῆς
830 5013 971 5074 Νέας
1006 5014 1271 5082 Διαθήκης
1311 5017 1628 5085 προφητεία.
1662 5019 1770 5071 Kal

226 5104 313 5172 την
331 5105 388 5154 ἐν
420 5101 496 5171 τῷ
518 5103 666 5169 τόπῳ
685 5100 740 5150 δέ
764 5098 933 5166 τούτῳ
963 5099 1241 5168 οἰκοδομήν
1266 5102 1647 5170 γεγραμμένην
1671 5105 1768 5172 τῆς

228 5191 419 5252 πόλεως
446 5189 524 5240 ἐτι
549 5185 911 5257 προσδοκῶσιν
947 5184 1199 5236 Ἰουδαῖοι.
1233 5188 1338 5238 Καὶ
1375 5186 1511 5255 αῦτη
1540 5187 1593 5238 δὲ
1619 5189 1768 5251 τέλος

227 5274 390 5342 ἔσχεν,
424 5277 511 5326 ὅτε
551 5271 774 5341 ἀνῆλθον
804 5272 865 5320 ἐκ
893 5270 1203 5333 Βαϐυλῶνος
1229 5274 1515 5343 γενομένη.
1549 5274 1768 5328 Κελεύε-

228 5376 308 5410 ται
327 5362 352 5412 6
387 5359 650 5430 Ἱερεμίας
680 5359 941 5428 ἀγοράσαι
971 5358 1060 5408 τὸν
1093 5359 1256 5426 ἀγρὸν
1281 5359 1371 5410 τοῦ
1401 5361 1766 5430 πατραδέλφου

228 5445 399 5510 αὑτοῦ,
427 5448 520 5499 καὶ
543 5447 814 5514 ἀγοράσας
833 5444 997 5511 λέγει,
1021 5444 1099 5495 ὅτι
1130 5447 1161 5513 ἡ
1186 5445 1333 5506 πόλις
1357 5448 1643 5517 παρεδόθη,
1677 5450 1767 5502 καὶ

286 5618 309 5680 _'
329 5616 501 5680 Eelius
529 5620 781 5680 legentur
797 5619 855 5665 τά
882 5617 1153 5680 ἐκδγεξᾲμενα
1173 5617 1312 5665 αὐτὸν
1348 5619 1490 5667 κακά.

283 5676 311 5719 δ
328 5678 409 5727 Ms.
433 5676 725 5731 CoisL'malc
750 5680 870 5728 κατά
895 5679 990 5735 τοῖς
1013 5679 1058 5726 ἐν
1090 5680 1346 5740 Βαϐυλῶνι,
1376 5689 1470 5728 etc.

1318 327 1646 384 SYNOPSIS
1682 325 2088 383 SCRIPTURIE
2129 330 2395 386 SACR/E.

3337 344 3448 398 380

1898 441 2136 494 κελεύειν
2172 454 2193 480 ο
2244 445 2507 514 ἀγοράσαι
2548 447 2732 514 ἀγρόν.
2774 447 2830 499 '0
2867 448 2921 501 δέ
2969 448 3098 510 Θεός
3145 465 3275 516 φησι
3320 451 3454 518 πρὸς

1897 526 2056 577 αὐτόν
2081 545 2094 557 ·
2117 524 2191 578 Τά
2229 530 2325 596 μὲν
2365 531 2602 599 παρόντα
2639 534 2780 584 κακά
2808 534 2894 584 διὰ
2927 534 3024 594 τάς
3063 534 3332 601 ἁμαρτίας
3358 535 3449 586 τοῦ

1896 610 2023 663 λαοῦ
2050 628 2062 640 ⁸
2095 612 2245 664 ἔσται
2274 616 2480 683 καιρὸς,
2504 618 2589 668 ὅτε
2629 618 2786 670 πάλιν
2817 620 3262 688 κατοικηθήσεται
3297 621 3329 687 ή
3359 619 3451 668 πό-

1895 697 1994 759 λις.
2022 697 2275 768 ΙΙρολέγει
2304 702 2380 769 τῷ
2411 703 2647 772 Σεδεκία,
2679 706 2756 756 ὅτι
2789 705 3070 765 ἁλώσεται,
3113 705 3203 756 καὶ
3235 706 3451 769 ἐγκαλεῖ

1893 787 2019 848 τοὺς
2040 787 2275 849 δούλους,
2311 788 2402 850 06;
2433 789 2826 859 ἠλευθέρωσαν,
2855 793 3013 843 πάλιν
3045 791 3448 843 καταδουλωσα-

1897 873 2097 940 μένοις,
2131 874 2224 926 καὶ
2257 876 2465 927 ἀπειλεῖ
2505 878 2740 945 μεγάλην
2772 879 2986 929 ἔσεσθαι
3018 879 3315 946 συμφοράν.
3350 876 3446 927 Διά

1893 959 2046 1010 τοῦτο
2077 960 2282 1012 κελεύει
2322 962 2444 1022 τοὺς
2488 964 2632 1024 υἱοὺς
2672 964 2918 1016 Ἰωναδαϐ
2966 966 3132 1015 ποιεῖν
3178 959 3340 1014 οἷκον.
3385 964 3444 1011 Οί

1891 1044 1947 1096 δὲ
1974 1046 2378 1116 παραιτοῦνται.
2413 1049 2700 1101 Κελεύεται
2733 1052 2760 1101 ό
2797 1051 3063 1118 Ἱερεμίας
3091 1049 3323 1124 γράψαι,
3346 1049 3445 1098 ὅσα

1893 1134 2288 1202 προεφήτευσεν
2316 1134 2404 1185 ἐπὶ
2431 1134 2658 1204 Ἰσραὴλ,
2684 1135 2768 1186 ἵνα
2793 1135 2932 1186 οὓτω
2957 1134 3085 1200 ’γοῦν
3117 1134 3442 1201 φοϐηθῶσιν,

1891 1217 2212 1279 ἀκούσαντες
2265 1220 2422 1271 πάλιν
2467 1221 2533 1271 τά
2585 1221 2840 1289 μέλλοντα
2879 1221 3068 1279 αὐτοὺς
3112 1219 3442 1287 διαδέχεσθαι

1890 1305 2034 1356 κακά
2083 1306 2139 1355 Ὀ
2167 1305 2220 1356 δὲ
2251 1307 2575 1374 προστάσσει
2603 1306 2680 1375 τῷ
2709 1308 2938 1374 Βαροὺχ,
2964 1309 3052 1358 τοῦ
3083 1307 3320 1374 ποιῆσαι,
3351 1305 3443 1356 καὶ⁵

1890 1389 2128 1459 ἐποίησε.
2157 1392 2264 1443 Καὶ
2292 1392 2506 1462 γράψας
2539 1392 2745 1458 ἀνέγνω
2783 1397 2891 1454 τοῖς
2939 1395 3222 1454 Ἰουδαίοις.
3269 1392 3352 1452 Ὠς
3387 1390 3443 1441 δέ

1889 1477 2124 1545 ἤκουσαν
2153 1479 2199 1528 οί
2250 1477 2520 1546 ἄρχοντες,
2559 1478 2879 1546 ἀνήγγειλάν
2913 1479 2988 1547 τῷ
3040 1479 3246 1547 βασιλεῖ
3293 1478 3439 1529 Ἰωα-

1888 1564 2034 1633 κείμ.
2071 1566 2128 1616 '0
2154 1565 2208 1615 δέ
2229 1564 2405 1617 λαϐὼν
2434 1565 2492 1617 τὸ
2513 1564 2708 1632 βιϐλίον
2740 1567 3057 1618 κατέκαυσε.
3101 1565 3205 1615 Kal
3230 1563 3441 1614 κελεύε-

1887 1667 1975 1702 ται
2012 1651 2271 1718 Ἱερεμίας
2316 1651 2499 1712 ἓτερον
2548 1651 2752 1720 γράψαι
2795 1651 2990 1719 βιϐλίον
3034 1649 3285 1701 τοιοῦτον.
3333 1649 3439 1700 Καὶ

1887 1735 2214 1806 προφητεύει
2262 1736 2339 1804 τῷ
2379 1736 2585 1805 βασιλεῖ
2616 1737 2893 1806 συμφοράς
2938 1737 3024 1787 διά
3079 1736 3137 1787 τὸ
3189 1734 3439 1802 τόλμημα

1887 1823 2059 1876 τοῦτο.
2089 1825 2419 1893 ΙΙροφητεύει
2447 1824 2541 1893 τὴν
2567 1824 2762 1876 ἅλωσιν
2790 1823 3138 1892 Ἰερουσαλήμ
3159 1839 3171 1852 ’
3201 1823 3294 1873 καὶ
3317 1820 3439 1871 συλ-

1887 1910 2214 1978 λαμϐάνεται
2249 1911 2339 1961 καὶ
2373 1911 2691 1978 ἐμϐάλλεται
2724 1912 2800 1971 εἰς
2831 1912 3194 1978 δεσμωτήριον
3216 1911 3242 1960 ό
3275 1909 3440 1976 Ἱερε-

1889 1996 2016 2066 μίας
2039 2035 2053 2058 ,
2078 1998 2170 2048 καὶ
2201 1996 2602 2064 μεταπεμφθεὶς
2644 1997 2845 2047 ἐκεῖθεν
2876 1996 2977 2046 ὑπὸ
3002 1995 3267 2053 Σεδεκίου,
3295 1994 3436 2060 λέγει

1887 2081 2068 2151 αὐτῷ,
2098 2083 2177 2134 ὅτι
2210 2081 2506 2144 ἁλώσεται,
2546 2081 2637 2134 καλ¹
2683 2081 2820 2146 ἀξιοῖ
2864 2082 3000 2132 ὥστε
3039 2083 3111 2149 μὴ
3155 2096 3438 2148 παραπεμ-

1887 2169 2080 2238 φθῆναι
2126 2171 2204 2228 είς
2245 2167 2305 2219 τὸ
2363 2167 2747 2237 δεσμωτήριον.
2781 2168 2885 2217 Καὶ
2924 2166 3170 2227 λαϐόντες
3204 2165 3359 2216 αὑτὸν
3388 2165 3436 2215 οἱ

1885 2258 2136 2326 ἄρχοντες
2173 2255 2417 2308 ἐνέϐαλον
2449 2257 2525 2317 εἰς
2555 2255 2642 2306 τὸν
2672 2255 2867 2306 λάκκον
2899 2254 2988 2306 τοῦ
3022 2252 3296 2322 βορϐόρου.
3327 2252 3436 2304 Kal

1887 2343 2035 2415 [386]
2083 2343 2352 2411 ἀνήγαγεν
2400 2341 2558 2394 αὑτὸν
2613 2341 2814 2392 ἐκεῖθεν
2856 2343 2882 2391 6
2945 2340 3286 2408 Ἀϐδαμελέκ.
3329 2340 3437 2391 Kal

1889 2428 2290 2500 μεταπεμφθεὶς
2323 2427 2479 2479 πάλιν
2510 2427 2611 2478 ὑπὸ
2641 2425 2730 2476 τοῦ
2772 2424 3049 2493 βασιλέως,
3081 2424 3434 2495 προαγορεύει

1885 2516 2030 2584 αύτῷ
2076 2515 2371 2585 σωτηρίαν,
2413 2516 2458 2565 εί
2506 2512 2786 2581 βουληθείη
2830 2511 2966 2563 ἐκὼν
3017 2510 3246 2573 ἐξελθεῖν
3301 2509 3436 2579 πρὸς

1884 2603 2008 2665 τοὺς
2065 2601 2348 2669 πολεμίους
2383 2615 2394 2627 °
2428 2601 2474 2650 εί
2502 2599 2556 2650 δὲ
2599 2599 2669 2666 μὴ
2706 2596 2983 2666 βουληθείη
3005 2636 3018 2658 ,
3053 2596 3266 2665 ὀλεθρον
3290 2596 3435 2664 πάσῃ

1884 2693 1948 2760 τῇ
1975 2688 2162 2751 πόλει,
2195 2688 2285 2739 καὶ
2337 2686 2482 2755 αὐτῷ
2531 2685 2738 2753 μεγάλα
2786 2683 2927 2736 κακὰ
2971 2682 3204 2734 ἔσεσθαι.
3251 2681 3336 2739 Ὠς
3378 2681 3434 2733 δὲ

1884 2777 1983 2828 οὐκ
2010 2775 2221 2827 ἔπεισεν
2251 2773 2502 2836 ἐξελθεῖν,
2536 2771 2756 2840 ἀνῆλθεν
2789 2772 2816 2821 6
2847 2770 3132 2840 βάρϐαρος,
3169 2767 3260 2820 καὶ
3295 2769 3434 2819 ἐάλω

1883 2864 1917 2932 ή
1948 2861 2098 2924 πόλις
2133 2861 2264 2930 μετὰ
2288 2859 2550 2910 Σεδεκίου.
2574 2858 2679 2908 Kal
2697 2855 2772 2924 τῶ
2798 2855 3031 2924 Ἱερεμίᾳ
3056 2851 3111 2906 εὖ
3138 2855 3434 2924 ἐχρήσαντο

1883 2949 1929 3000 οί
1987 2948 2239 3016 ἄρχοντες
2293 2944 2384 2995 τοῦ
2440 2942 2920 3010 Ναϐουχοδονόσορ.
2979 2941 3066 3008 Τῷ
3117 2939 3432 3007 Ἀϐδεμελέκ

1885 3032 2239 3104 προαγορεύει
2283 3031 2568 3099 σωτηρίαν.
2615 3028 2815 3089 Αὐτοὺς
2847 3028 2901 3078 δέ
2943 3026 3195 3086 λαϐόντας
3227 3026 3431 3093 αἵρεσιν

1885 3122 2032 3192 παρά
2080 3120 2171 3172 τοῦ
2227 3118 2646 3188 ἀρχιμαγείρου,
2676 3116 2814 3166 ὣστε
2860 3114 3107 3167 ἀπελθεῖν
3155 3114 3282 3164 ὅπου
3312 3113 3432 3180 βού-

1882 3213 2070 3273 λοιντο,
2095 3209 2306 3280 ἔρχεται
2333 3207 2464 3277 πρὸς
2487 3206 2523 3256 Γ
2526 3204 2750 3264 οδολίαν,
2769 3203 2824 3253 ὃν
2853 3201 3177 3270 κατέστησεν
3199 3201 3433 3268 ἄρχοντα

1883 3299 1991 3359 τοῖς
2020 3295 2409 3361 ὑπολειφθεῖσιν
2443 3294 2500 3344 ἐν
2541 3295 2604 3361 τῇ
2652 3290 2893 3358 Ἰουδαίᾳ.
2929 3288 3270 3356 Συνήχθησαν
3300 3287 3430 3354 πρὸς

1883 3382 2127 3436 Γοδολίαν
2164 3382 2211 3432 οί
2254 3377 2636 3447 διεσπαρμένοι
2686 3378 2742 3427 ἐν
2785 3379 2893 3438 τοῖς
2930 3375 3116 3443 ἀγροῖς
3169 3373 3427 3425 Ἰουδαῖοι.

1895 3468 2112 3537 Ἰσμαὴλ
2142 3468 2350 3534 ἀναιρεῖ
2366 3466 2453 3517 τὸν
2485 3463 2746 3520 Γοδολίαν,
2775 3464 2866 3512 καὶ
2895 3460 3110 3527 ἐτέρους
3129 3458 3296 3518 τινάς,
3338 3460 3428 3508 καὶ

1881 3554 2054 3607 λαϐὼν
2084 3554 2170 3605 τὸν
2191 3551 2316 3602 λαὸν
2343 3548 2435 3600 τοῦ
2477 3547 2712 3598 Γοδολίου
2735 3585 2746 3606 ,
2781 3544 3042 3614 ἐπορεύθη
3070 3545 3146 3604 είς
3168 3544 3263 3610 τὴν
3302 3545 3430 3610 ’Λμ-

1884 3643 2100 3712 μωνῖτιν
2126 3638 2304 3706 χῶραν
2331 3636 2358 3685 6
2391 3633 2626 3702 Ἰσμαήλ.
2664 3632 2749 3693 Ὠς
2777 3631 2830 3682 δέ
2856 3627 2993 3681 εἶδεν
3013 3629 3170 3680 αὑτὸν
3194 3631 3220 3680 6
3253 3629 3429 3680 Ἰωάν-

1880 3744 2007 3790 ναν,
2048 3720 2124 3786 εἷς
2171 3740 2249 3784 τις
2299 3721 2404 3773 τῶν
2461 3720 2760 3788 ἀρχόντων,
2792 3715 3044 3779 εὐνοϊκῶς
3097 3715 3428 3784 διακείμενος

1880 3814 2013 3884 πρὸς
2047 3811 2306 3871 Γοδολίαν,
2341 3807 2505 3876 ἔφυγε
2533 3809 2667 3877 μετά
2704 3807 2808 3857 τῶν
2835 3805 2976 3857 ὀκτὼ
3016 3805 3185 3873 μόνων
3225 3805 3428 3873 ἀνδρῶν

1879 3906 1907 3956 6
1951 3901 2206 3971 Ἰσμαὴλ,
2239 3901 2332 3952 καὶ
2370 3898 2458 3950 τὸν
2494 3897 2616 3948 λαὸν
2661 3895 2847 3947 ἐλαϐεν
2886 3896 2913 3945 6
2973 3893 3238 3944 Ἰωάνναν.
3269 3893 3427 3943 Ὥστε

1878 3989 2129 4058 δεηθῆναι
2158 3987 2249 4038 τοῦ
2283 3986 2414 4037 Θεοῦ
2445 3987 2572 4052 περὶ
2610 3983 2782 4035 αὐτῶν
2814 3980 3034 4050 δεηθεὶς,
3071 3981 3164 4032 καὶ
3194 3980 3426 4046 συμϐου-

1877 4075 2072 4136 λεύσας
2113 4075 2290 4133 αὺτοῖς
2341 4074 2413 4140 μὴ
2456 4071 2710 4122 εἰσελθεῖν
2757 4070 2834 4130 είς
2867 4070 3134 4134 Αἴγυπτον
3166 4068 3427 4137 (θάνατον

1877 4162 1984 4231 γὰρ
2009 4159 2245 4213 ἀπειλεῖν
2275 4159 2362 4210 τὸν
2394 4157 2541 4219 Θεὸν,
2591 4157 2636 4207 εί
2689 4155 3059 4224 μετοικήσαιεν
3099 4153 3125 4192 ἀ
3149 4155 3303 4218 ἐκεῖ),
3330 4155 3427 4206 οὑκ

1878 4237 2117 4300 ἐπεισενί
2159 4243 2309 4296 Ἐπεὶ
2339 4243 2392 4295 δέ
2419 4239 2579 4312 ἦλθον
2625 4242 2726 4304 ἓως
2772 4243 3005 4308 Τάφνας,
3056 4243 3304 4309 παραινεῖ
3331 4242 3427 4292 a6-

1876 4335 1987 4394 τοῖς
2040 4331 2113 4400 μὴ
2157 4330 2576 4397 είδωλολατρεῖν.
2631 4328 2715 4390 Ὠς
2760 4327 2814 4378 δέ
2848 4327 3145 4393 ἀντέλεγον,
3188 4344 3423 4394 προαγο-

1880 4417 2023 4490 ρεύει
2055 4418 2228 4478 αὐτοῖς
2254 4414 2466 4482 δλεθρον
2504 4414 2691 4482 μέγαν,
2724 4415 2813 4464 καὶ
2841 4413 2916 4481 τῷ
2964 4412 3169 4480 βασιλεῖ
3193 4412 3298 4462 τῶν
3329 4415 3424 4464 Λί-

1876 4503 2115 4572 γυπτίων
2158 4503 2254 4571 τὴν
2294 4501 2562 4552 ἀπώλειαν
2588 4498 2858 4564 Αἰγύπτου
2899 4497 3165 4566 προλέγει,
3195 4498 3287 4548 καὶ
3319 4498 3426 4549 τῶν

1877 4589 2201 4657 ἀλλοφύλων,
2231 4587 2325 4655 τὴν
2361 4585 2627 4638 ἀπώλειαν
2652 4583 2948 4637 Μωαϐιτῶν
2977 4583 3137 4650 λέγει,
3164 4584 3256 4636 καὶ
3298 4585 3424 4652 Ἀμ-

1880 4675 2112 4746 μανιτῶν
2158 4676 2250 4726 καὶ
2307 4671 2648 4740 Ἰδουμαίων,
2678 4671 2775 4737 τὴν
2820 4668 3088 4721 ἀπώλειαν
3134 4672 3422 4738 Δαμασκοῦ

1876 4763 1967 4815 καὶ
2009 4759 2176 4828 Ἐλάμ
2228 4758 2496 4827 προλέγει,
2525 4755 2615 4807 καὶ
2642 4755 2740 4824 τὴν
2787 4753 3054 4807 ἀπώλειαν
3089 4754 3419 4816 Βαϐυλῶνος,

1876 4849 1968 4900 καὶ
1993 4845 2086 4913 τὴν
2113 4844 2292 4896 ἄνοδον
2325 4842 2427 4893 τῶν
2462 4841 2717 4893 Ἰουδαίων
2754 4841 2849 4910 τὴν
2883 4840 3107 4892 ἐκεῖθεν.
3143 4839 3262 4900 Πῶς
3286 4841 3424 4892 ἑάλω

1887 4929 2236 5002 Ἰερουσαλὴμ
2284 4929 2568 4998 προλέγει,
2617 4929 2707 4979 καὶ
2753 4927 2859 4978 ἀπὸ
2893 4926 3109 4994 ἀτιμίας
3143 4927 3220 4985 είς
3261 4928 3425 4994 τιμὴν

1874 5014 2001 5086 ἦλθε
2035 5017 2304 5084 Ἰωακεὶμ,
2341 5016 2367 5066 6
2400 5014 2535 5067 ἐκὼν
2563 5014 2952 5084 προσχωρήσας
2987 5011 3064 5080 τῷ
3086 5011 3427 5081 Ναϐουχοδο-

1875 5105 2030 5173 νόσορ
2077 5103 2212 5172 μετὰ
2247 5103 2343 5171 τῆς
2398 5102 2597 5170 μητρὸς
2642 5098 2819 5151 αὑτοῦ.

1875 5219 2136 5283 Σύνοψίς
2172 5215 2286 5268 τῶν
2320 5214 2397 5279 τῷ
2438 5213 2710 5281 προφήτῃ
2765 5212 3039 5280 Ἰεζεκιὴλ
3081 5212 3418 5281 εἰρημένων.

1955 5321 2084 5389 Ὁρᾷ
2115 5319 2209 5388 τὴν
2237 5319 2492 5370 ὀπτασίαν
2521 5317 2624 5368 τῶν
2650 5315 2925 5386 Χερουϐὶμ
2951 5318 2977 5368 6
3006 5318 3301 5384 προφήτης,
3330 5314 3420 5366 καὶ

1877 5406 2147 5457 κελεύεται
2185 5405 2408 5472 λαλῆσαι
2443 5405 2549 5465 τοῖς
2585 5403 2935 5472 Ἰσραηλίταις
2973 5403 3117 5471 παρά
3141 5401 3229 5452 τοῦ
3259 5400 3414 5454 Θεοῦ.

1939 5559 1960 5585 ε
1992 5557 2135 5604 Forte
2160 5557 2377 5614 κελεύεις,
2412 5569 2685 5616 quanquam
2719 5556 2919 5605 κελεύειν
2945 5555 3056 5603 ferri
3078 5559 3240 5615 potest
3264 5559 3315 5601 et
3340 5553 3412 5602 le-

1875 5618 2004 5679 gitur
2023 5620 2070 5664 in
2103 5616 2246 5666 Coisl.

1935 5676 1960 5715 ά
1984 5678 2125 5727 Coisl.
2154 5677 2482 5736 μετοικήσειεν.
