4152 6324
734 357 841 412 381

733 463 957 532 Φέρεται
1007 461 1110 514 ὑπὸ
1154 463 1245 514 τοῦ
1287 464 1595 534 Πνεύματος
1637 466 1714 528 εἰς
1754 465 1852 535 τὴν
1891 461 2285 532 αἰχμαλωσίαν,

732 550 830 603 καὶ
856 550 1198 617 παρορμᾶται
1229 550 1332 600 ὑπὸ
1356 551 1448 602 τοῦ
1482 551 1614 603 Θεοῦ
1644 552 1779 620 πρὸς
1807 550 1867 601 τὸ
1902 551 2037 619 μετὰ
2075 549 2288 619 παρρη-

735 635 857 697 σίας
877 635 968 687 καὶ
1001 633 1206 696 ἀόκνως
1233 638 1344 698 τοῖς
1369 653 1429 688 τε
1461 637 1679 705 ἀνόμοις
1699 637 1789 690 καὶ
1813 639 1921 698 τοῖς
1942 635 2166 695 δικαίοις
2192 633 2290 702 τὴν

733 723 814 782 εἰς
845 721 943 791 τὴν
963 719 1105 790 ζωὴν
1133 719 1401 790 φέρουσαν
1427 721 1778 788 διαγγέλλειν,
1803 722 1896 774 καὶ
1915 719 2011 782 τὰς
2036 719 2128 771 τοῦ
2155 717 2288 771 Θεοῦ

734 804 1066 875 προμηνύειν
1087 805 1322 868 ἐντολάς.
1354 805 1642 859 Κελεύεται
1665 807 1936 873 ἐγκλεῖσαι
1970 806 2177 867 ἑαυτὸν,
2197 806 2291 857 καὶ

730 892 830 959 τῆς
863 890 1215 962 Ἰερουσαλὴμ
1243 891 1551 961 πολιορκίαν
1573 891 1913 962 προμηνῦσαι
1938 891 2025 944 διὰ
2047 889 2140 942 τοῦ
2160 891 2290 942 ὑπο-

729 977 1021 1046 δείγματος
1049 977 1148 1047 τῆς
1182 977 1397 1030 πλίνθου
1439 979 1531 1030 καὶ
1572 978 1661 1031 τοῦ
1700 980 1956 1048 τηγάνου.
1996 976 2286 1030 Κελεύεται

729 1063 787 1114 δέ
820 1064 913 1117 καὶ
943 1064 1034 1115 ἐπὶ
1068 1062 1126 1114 ἒν
1162 1063 1392 1132 πλευρὸν
1435 1063 1756 1134 κοιμηθῆναι
1782 1064 2003 1134 ἡμερῶν
2036 1060 2284 1132 ἀριθμὸν,

731 1150 978 1219 φανερῶν
1024 1153 1121 1220 τὴν
1172 1153 1230 1202 ἐν
1266 1153 1331 1218 τῇ
1379 1150 1716 1219 αἰχμαλωσίᾳ
1758 1151 2018 1218 ἐσομένην
2060 1148 2136 1216 τῷ
2175 1147 2287 1216 λαῷ

731 1235 928 1300 θλίψιν.
973 1236 1230 1306 Προλέγει
1273 1237 1358 1290 δια
1407 1237 1512 1290 τῶν
1546 1237 1752 1306 ἄρτων,
1782 1236 1874 1297 οὓς
1907 1238 1997 1288 ἐπὶ
2032 1235 2288 1303 βολϐίτων

729 1323 890 1385 ποιεῖ,
925 1321 1016 1373 καὶ
1049 1321 1134 1373 διὰ
1175 1320 1262 1372 τοῦ
1307 1321 1571 1390 μερισμοῦ
1600 1321 1705 1372 τῶν
1734 1321 1929 1390 τριχῶν
1952 1321 2041 1376 16v
2061 1321 2286 1373 θάνατον

729 1405 909 1457 αὐτῶν
931 1407 1020 1457 καὶ
1042 1405 1135 1475 τὴν
1166 1406 1460 1475 διασποράν
1480 1423 1492 1436 ⁸
1517 1408 1610 1458 καὶ
1637 1407 1733 1476 τὴν
1753 1408 2029 1476 ἐρήμωσιν
2063 1407 2161 1476 τῆς
2187 1407 2284 1458 πό-

728 1489 862 1550 λεως
898 1491 989 1542 καὶ
1010 1491 1115 1541 τῶν
1136 1491 1363 1542 εἰδώλων
1385 1491 1752 1561 προστίθησιν.
1787 1492 1917 1563 Ὁρᾷ
1946 1491 2042 1545 τὰς
2062 1491 2286 1561 ἀνομίας

726 1577 819 1629 τοῦ
854 1578 982 1630 λαοῦ
1019 1579 1108 1631 >101
1145 1578 1241 1648 τὴν
1281 1579 1737 1648 εἰδωλολατρείαν.
1771 1579 1925 1632 Μετά
1952 1577 2119 1632 ταῦτα
2161 1581 2286 1641 τοὺς

726 1663 828 1726 ἕως
855 1664 1074 1733 ὀλέθρου
1105 1664 1202 1734 τῆς
1234 1664 1438 1726 πόλεως
1471 1664 1738 1726 ἐλθόντας.
1774 1665 1903 1734 Ὁρᾷ
1935 1666 1990 1717 δὲ
2024 1664 2184 1718 πάλιν
2216 1666 2284 1717 τὰ

725 1749 1025 1818 Χερουϐὶμ,
1050 1750 1141 1801 καὶ
1167 1749 1419 1817 προλέγει
1444 1753 1510 1819 τῇ
1547 1750 1696 1803 πόλει
1736 1751 1897 1803 κακά.
1918 1751 2050 1821 Περὶ
2073 1751 2180 1803 τῶν
2207 1753 2284 1814 εἰς

725 1835 958 1904 Χριστὸν
998 1837 1372 1890 πιστευόντων.
1419 1836 1725 1906 Προμηνύει
1766 1836 1862 1905 τὴν
1911 1835 2283 1905 αἰχμαλωσίαν

723 1919 880 1981 αὖθις
921 1921 1013 1972 τοῦ
1042 1920 1170 1972 λαοῦ
1204 1922 1301 1991 τὴν
1338 1921 1429 1974 ἐπὶ
1455 1921 1723 1984 Σεδεκίου,
1751 1922 1842 1974 καὶ
1872 1922 1969 1990 τὴν
2008 1920 2166 1973 06106
2196 1921 2285 1973 Σε-

723 2006 899 2058 δεκίου
916 2006 1184 2073 τύφλωσιν
1209 2005 1304 2076 τὴν
1325 2006 1427 2058 ὑπὸ
1450 2007 1541 2059 τοῦ
1579 2006 2040 2077 Ναϐουχοδονόσορ
2063 2005 2285 2076 γενομέ-

724 2110 842 2161 νην.
879 2091 1157 2161 Προλέγει,
1185 2091 1258 2161 μὴ
1287 2093 1366 2154 εἰς
1399 2091 1605 2161 μακρὸν
1633 2091 1820 2160 χρόνον
1857 2090 2179 2161 ἐκϐήσεσθαι
2215 2089 2283 2144 τὰ

723 2180 889 2244 κακὰ,
916 2181 1027 2232 ἀλλ’
1043 2181 1207 2248 ἐγγὺς
1229 2174 1386 2234 εἰναι.
1403 2179 1637 2233 Ἀπειλεῖ
1668 2182 1777 2242 τοῖς
1796 2179 2280 2250 ψευδοπροφήταις,

725 2267 872 2340 [58η
907 2272 1000 2321 καὶ
1051 2267 1393 2336 ἀπαραίτητα
1445 2267 1622 2319 αὐτῶν
1657 2284 1789 2335 φησι
1827 2267 1896 2318 τὰ
1939 2267 2083 2320 κακά
2122 2263 2279 2332 εἶναι,

721 2355 866 2424 ἅπερ
891 2354 1280 2423 ύποστήσονται
1300 2371 1313 2384 ’
1349 2353 1422 2415 ὡς
1461 2353 1594 2422 μηδὲ
1635 2353 1771 2416 Ἰὼϐ,
1800 2351 1831 2422 ἢ
1864 2351 2080 2423 Δανιὴλ,
2107 2353 2281 2423 ῆΝῶε

720 2442 844 2503 106;
874 2442 1018 2502 6106;
1049 2439 1224 2493 αὐτῶν
1252 2438 1508 2495 δύνασθαι
1542 2437 1826 2509 ῥύσασθαι·
1857 2440 1948 2491 καὶ
1965 2439 2064 2510 τὴν
2085 2441 2163 2503 εἰς
2193 2439 2281 2492 τέ-

721 2528 810 2590 λος
839 2529 1114 2597 ἐρήμωσιν
1143 2525 1318 2579 αὐτῶν
1337 2524 1425 2576 διὰ
1449 2525 1546 2595 τῆς
1572 2524 1893 2593 κληματίδος
1917 2524 2016 2593 τῆς
2039 2525 2282 2593 ἀμπέλου

721 2614 891 2682 δηλοῖ.
943 2616 1214 2683 Διηγεῖται
1243 2611 1338 2682 τὴν
1367 2609 1748 2680 ἀσχημοσύνην
1793 2609 1887 2662 τοῦ
1934 2610 2062 2662 λαοῦ
2095 2609 2191 2680 τὴν
2222 2611 2281 2677 ἐξ

721 2701 897 2771 ἀρχῆς
921 2741 936 2765 ,
967 2702 1092 2770 πρὶν
1132 2700 1166 2769 ἢ
1209 2697 1606 2768 προσλαϐέσθαι
1653 2697 1812 2748 αὑτὸν
1857 2697 1946 2749 τὸν
1983 2695 2152 2758 Θεὸν,
2188 2697 2282 2751 καὶ

721 2791 819 2859 τὴν
843 2789 1168 2860 εὐπρέπειαν
1203 2786 1300 2858 τὴν
1333 2785 1467 2856 μετά
1503 2785 1562 2838 16
1591 2784 1986 2856 προσλαϐέσθαι
2010 2799 2025 2815 ο
2063 2785 2156 2838 καὶ
2181 2784 2279 2856 τὴν

722 2874 1156 2942 εἰδωλολατρείαν
1199 2870 1363 2925 αὑτοῦ
1391 2911 1407 2937 ,
1444 2871 1537 2922 καὶ
1574 2869 1672 2938 τὴν
1715 2869 1802 2921 διά
1853 2869 2056 2940 ταύτην
2085 2868 2280 2930 αὐτοὺς

721 2960 1101 3031 διαδεξαμένην
1135 2957 1352 3022 ἀλωσιν,
1384 2956 1478 3010 καὶ
1531 2953 1768 3025 μεγάλας
1813 2954 2077 3006 δείκνυσιν
2109 2953 2278 3022 αὐτῆς

721 3049 817 3109 τὰς
833 3047 1060 3117 ἀνομίας
1083 3045 1191 3099 ἀπὺ
1216 3042 1548 3113 συγκρίσεως
1575 3041 1817 3112 Σοδόμων
1838 3040 1928 3093 καὶ
1944 3041 2274 3110 Σαμαρείας,

720 3133 886 3194 οὔσας
915 3134 1008 3188 καὶ
1045 3133 1163 3185 καθ’
1195 3131 1391 3193 60610;
1427 3128 1683 3200 μεγάλας.
1719 3128 1949 3180 Δύναται
1971 3127 2025 3180 δέ
2049 3127 2117 3180 τὰ
2144 3143 2276 3197 χρη-

721 3219 840 3284 στά,
865 3218 899 3271 ἃ
919 3217 1186 3288 προλέγει,
1215 3217 1293 3281 16,
1332 3213 1670 3280 Ἀναστήσω
1707 3213 1822 3280 τὴν
1846 3211 2135 3279 διαθήκην
2157 3230 2275 3284 μου

713 3312 862 3381 μετὰ
899 3307 1047 3373 σοῦ,
1077 3310 1202 3378 περί⁵
1233 3307 1341 3359 τῶν
1370 3307 1448 3366 εἰς
1477 3303 1708 3374 Χριστὸν
1742 3303 2096 3357 πιστευόντων
2124 3303 2275 3370 λέγε-

721 3393 863 3445 σθαι.
901 3392 1012 3463 Τὴν
1032 3393 1213 3445 ἄνοδον
1243 3391 1333 3443 τοῦ
1351 3388 1812 3458 Ναϐουχοδονόσορ
1841 3387 2114 3457 προλέγει.
2136 3387 2274 3458 Πρὸς

718 3479 844 3541 τοὺς
873 3479 1129 3546 λέγοντας
1165 3493 1180 3508 ·
1214 3481 1276 3532 Ol
1321 3476 1569 3543 πατέρες
1611 3476 1834 3543 ἔφαγον
1876 3474 1980 3527 τὸν
2019 3475 2274 3542 ὄμφακα,

721 3564 819 3618 καί
859 3566 912 3617 οἰ
945 3562 1180 3628 ὀδόντες
1207 3561 1324 3615 τῶν
1344 3562 1567 3614 τέκνων
1609 3560 1971 3629 ώμοδίασαν.
2007 3561 2138 3628 Περί
2181 3561 2275 3629 τῆς

723 3650 926 3718 μητρὸς
959 3649 1064 3704 τῶν
1095 3650 1218 3719 περί
1267 3648 1511 3705 Σεδεκίαν
1555 3648 1645 3700 16v
1691 3647 1928 3715 βασιλέα.
1970 3646 2277 3716 Διαμαρτύ-

721 3753 872 3806 ρεται
927 3737 1034 3797 τοῖς
1085 3734 1468 3803 πρεσϐυτέροις
1499 3733 1596 3795 τὰς
1623 3732 1850 3802 ἀνομίας
1885 3731 1993 3784 τῶν
2025 3731 2275 3803 πατέριον

718 3822 916 3875 αὐτῶν.
939 3821 1009 3872 T6
1023 3822 1096 3886 δὲ,
1113 3821 1264 3875 Διότι
1279 3821 1374 3874 ἐπὶ
1400 3819 1504 3874 τοῦ
1529 3820 1701 3887 ὄρους
1725 3836 1842 3885 μου
1856 3818 1959 3871 τοῦ
1980 3819 2166 3886 ἁγίου,
2189 3819 2273 3870 ἐπ’

719 3913 875 3981 ὅρους
909 3910 1108 3980 ὑψηλοῦ
1151 3909 1362 3983 Ἰσραὴλ
1401 3909 1579 3976 λέγει·
1626 3906 1888 3970 Ἀδωναῒ,
1932 3907 2125 3972 Κύριε,
2157 3906 2282 3958 ἐκεῖ

718 3998 1121 4050 δουλεύσουσί
1135 4014 1234 4064 μοι
1257 3993 1374 4060 πᾶς
1393 3991 1552 4059 οἷκος
1593 3993 1828 4059 Ἰσραὴλ
1856 3996 1940 4056 εἰς
1973 3993 2142 4057 τέλος
2166 4031 2181 4056 ,
2198 3994 2277 4056 εἰς

717 4085 842 4145 τοὺς
891 4083 1235 4146 πιστεύοντας
1286 4081 1362 4151 τῷ
1395 4079 1610 4150 Χριστῷ
1648 4077 1899 4130 δύνασθαι
1937 4090 1962 4118 ι
2008 4077 2274 4146 λαμϐάνε-

720 4170 862 4223 σθαι.
920 4171 1040 4222 Ἐπὶ
1069 4168 1270 4238 Θεμάν,
1301 4171 1394 4220 καὶ
1427 4167 1517 4218 ἐπὶ
1563 4165 1810 4234 Ἰσραὴλ,
1845 4165 1936 4216 καί
1985 4165 2076 4216 ἐπὶ
2127 4165 2275 4227 υἰοὺς

731 4255 973 4324 Ἀμμών.
1023 4255 1132 4306 K01
1176 4253 1272 4315 τὰς
1316 4251 1541 4320 ἀνομίας
1572 4250 1666 4302 καὶ
1703 4250 1799 4310 τὰς
1830 4250 2098 4319 ἁμαρτίας
2130 4249 2274 4317 λέγει

717 4340 809 4393 τοῦ
857 4341 1089 4410 Ἰσραὴλ,
1115 4339 1207 4392 καὶ
1252 4338 1358 4390 τῶν
1385 4337 1593 4406 ἱερέων,
1633 4335 1725 4386 καὶ
1755 4335 1862 4385 τῶν
1893 4335 2162 4403 ἀρχόντων
2184 4336 2274 4389 καὶ

715 4426 1182 4496 ψευδοπροφητῶν.
1215 4424 1321 4477 Καὶ
1357 4423 1621 4489 ἐζήτουν,
1677 4425 1859 4489 φησὶν,
1900 4420 2086 4488 ἄνδρα
2136 4421 2276 4473 ἀνα-

716 4515 1119 4579 στρεφόμενον
1145 4508 1348 4578 ὀρθῶς,
1376 4509 1470 4560 καὶ
1505 4505 1731 4559 ἑστῶτα
1757 4507 1824 4557 ἐν
1856 4505 2110 4571 διιικοπῇ
2140 4522 2278 4572 φρα-

714 4596 865 4669 γμοῦ
910 4595 1022 4664 πρὸ
1059 4593 1378 4662 προσώπου
1411 4611 1529 4660 μου
1567 4593 1634 4644 ἐν
1673 4590 1850 4662 καιρῷ
1877 4590 1984 4659 τῆς
2013 4591 2144 4659 γῆς,
2173 4593 2274 4646 τοῦ

713 4684 796 4760 μὴ
835 4685 918 4747 εἰς
963 4683 1134 4746 τέλος
1170 4679 1478 4745 ἐξαλεῖψαι
1522 4679 1705 4731 αὐτόν
1737 4695 1748 4706 ⁸
1784 4679 1882 4730 καὶ
1917 4680 2027 4744 οὐχ
2077 4673 2272 4743 εὗρον.

718 4768 852 4838 Περὶ
892 4769 986 4837 τῆς
1039 4764 1470 4833 εἰδωλολατρείας
1521 4764 1613 4816 τοῦ
1646 4763 1770 4815 λαοῦ
1805 4763 2015 4833 Ἰσραὴλ
2073 4765 2171 4832 τῆς
2219 4765 2276 4814 ἐν

715 4853 994 4923 Αἰγύπτῳ,
1030 4852 1121 4905 καὶ
1150 4852 1244 4919 τῆς
1284 4852 1416 4918 μετὰ
1455 4848 1643 4911 ταῦτα,
1684 4851 1775 4901 καὶ
1816 4849 1922 4901 τῶν
1964 4849 2274 4923 συμφορῶν.

719 4943 827 4998 Καὶ
859 4939 938 4992 ἔτι
981 4937 1103 4991 οὗτε
1155 4937 1343 4998 πένθος
1383 4936 1603 5004 ποιῆσαι
1629 4935 2136 5005 συγχωρηθήσονται
2185 4936 2276 4988 ἐπὶ

716 5029 827 5092 τοῖς
870 5024 1221 5092 συμϐαίνουσι
1275 5023 1542 5092 χαλεποῖς.
1600 5023 1753 5073 Κατὰ
1803 5022 2144 5090 ’Δμμανιτῶν
2183 5023 2276 5073 καὶ

730 5113 1056 5183 Ἰδουμαίων,
1082 5111 1171 5163 καὶ
1211 5109 1518 5177 ἀλλοφύλων
1538 5148 1552 5171 ,
1580 5110 1672 5160 x01
1697 5108 1793 5175 τῆς
1828 5106 1968 5178 Σὼρ,
2005 5110 2069 5178 ἣν
2103 5108 2275 5178 Τύρον

718 5200 961 5296 λέγουσιν
1007 5193 1177 5296 5160.1;
1196 5193 1780 5296 ’Προλέγειῡσυμφοράς
1818 5193 2087 5296 «μεγάλας,
2137 5193 2274 5296 κατα

715 5279 809 5338 τοῦ
840 5285 1092 5354 ἄρχοντος
1135 5281 1309 5352 Τύρου
1341 5281 1433 5333 καὶ
1473 5279 1716 5340 Σιδῶνος,
1742 5279 1839 5337 καὶ
1865 5279 2154 5345 Αἰγύπτου,
2189 5279 2276 5330 καὶ

719 5371 809 5422 τοῦ
865 5369 1172 5438 Αἰγυπτίων
1207 5365 1484 5436 βασιλέως.
1542 5366 1775 5417 Ἀπειλεῖ
1821 5365 1897 5433 τῷ
1952 5366 2133 5436 σκοπῷ
2182 5365 2275 5417 τοῦ

726 5456 867 5515 ιαοῦ,
893 5459 941 5508 εἰ
966 5457 1039 5525 μὴ
1063 5454 1307 5525 προείποι
1329 5451 1403 5521 τῷ
1423 5450 1553 5520 λαῷ,
1585 5448 1644 5504 06
1668 5452 1896 5502 τέθειται
1922 5452 2116 5514 σκοπὸς
2145 5451 2276 5520 πρὸς

707 5524 814 5606 1:11;
857 5524 1004 5614 παρὰ
1045 5524 1137 5594 τοῦ
1191 5538 1324 5593 Θεοῦ
1372 5539 1766 5610 ἐπιφερομένας
1824 5538 2123 5607 συμφοράς.
2169 5539 2279 5590 Καὶ

779 5715 805 5744 ⁸
829 5713 976 5762 Forte
1003 5710 1188 5760 δύναται

1363 349 1420 404 S.
1458 347 1738 406 JOANNlS
1773 345 2260 405 CIIRYSOSTOMI
2299 343 2621 402 ARCIIIEP.
2661 346 3208 406 CONSTANTINOP.

3848 361 3966 415 382

2399 457 2560 525 λέγει,
2595 460 2669 522 ὼς
2700 461 2836 530 μήτε
2858 460 3054 530 ἄνομον
3078 461 3409 517 ἀπόλλυσθαι
3437 461 3526 515 διὰ
3561 462 3658 526 τὰς
3687 464 3961 533 προτέρας

2394 545 2637 613 ἀνομίας,
2685 547 2779 597 ἐὰν
2826 546 3123 616 ἐπιστρέψῃ
3163 545 3257 600 τοῦ
3303 548 3522 617 ποιῆσαι
3549 546 3616 599 τά
3649 545 3854 617 ἀρεστά
3879 547 3960 614 τῷ

2392 630 2508 700 Θεῷ
2531 647 2543 660 ο
2575 633 2709 701 μήτε
2741 632 2947 686 δίκαιον
2977 633 3278 697 σώζεσθαι,
3308 633 3396 685 διὰ
3435 633 3532 695 τὰς
3566 634 3837 703 προτέρας
3875 632 3959 684 δι-

2393 716 2700 781 καιοσύνας,
2731 717 2825 770 ἐάν
2856 719 3206 788 μεταϐληθεὶς
3235 720 3456 788 γένηται
3489 720 3682 788 ἄνομος
3709 720 3804 771 καὶ
3844 720 3960 774 ἅδι-

2392 819 2506 865 κος.
2536 799 2709 857 Ἦλθέ
2747 822 2831 868 τις
2857 806 2993 876 πρὸς
3026 806 3118 858 τὸν
3163 808 3442 876 προφήτην
3474 807 3848 873 ἀπαγγέλλων,
3873 808 3958 860 ὅτι

2391 889 2532 943 ἑάλω
2559 891 2911 962 Ἰερουσαλήμ
2927 907 2941 919 ·
2958 893 3178 961 λέγειδέ
3199 895 3291 946 καὶ
3318 893 3445 964 περὶ
3470 893 3659 944 τούτου
3683 893 3954 960 ἐγκαλῶν,

2387 975 2470 1028 ὅτι
2502 975 2576 1047 μὴ
2609 979 2915 1048 προσέχωσι
2936 982 3048 1042 τοῖς
3083 979 3592 1050 προφητευομὲνοις.
3618 981 3958 1049 Προφητεύει

2389 1060 2445 1113 δὲ
2495 1063 2590 1115 καὶ
2625 1063 2768 1116 κατά
2800 1063 2907 1116 τῶν
2934 1065 3203 1132 ποιμένων
3243 1064 3340 1117 τοῦ
3381 1064 3625 1135 Ἰσραήλ·
3662 1067 3755 1118 καὶ
3783 1068 3958 1135 ἐπαγ-

2390 1147 2633 1212 γέλλεται
2673 1147 2864 1201 δώσειν
2901 1149 3083 1211 αὐτοῖς
3126 1149 3222 1205 ἱνα
3266 1149 3496 1219 ποιμένα
3519 1167 3532 1179 ’
3566 1152 3701 1221 ὅπερ
3740 1152 3832 1203 ἐπὶ
3858 1154 3954 1206 τοῦ

2388 1233 2689 1303 Ζοροϐάϐελ
2720 1235 2970 1302 γέγονεν,
3009 1237 3145 1304 ὅπερ
3190 1237 3281 1289 καὶ
3317 1236 3446 1288 0616
3479 1237 3955 1306 ἀναισχυντοῦντες

2401 1320 2640 1372 Ἰουδαῖοι
2667 1319 2819 1372 οῦπω
2840 1321 3168 1390 γεγενῆσθαί
3201 1339 3353 1390 φασι·
3379 1323 3566 1390 γέγονε
3583 1323 3660 1383 δὲ,
3690 1323 3766 1385 ῶς
3787 1323 3956 1393 ἔφηνι

2388 1407 2478 1460 ἐπὶ
2493 1406 2813 1477 Ζοροϐάϐελ.
2837 1407 3168 1476 Προφητεύει
3193 1409 3332 1460 κατά
3363 1409 3672 1478 Ἰδουμαίων
3721 1409 3814 1462 καὶ
3840 1414 3953 1473 τοῖς

2398 1492 2755 1562 Ἰσραηλίταις
2801 1493 3040 1561 χρηστὰ,
3083 1493 3226 1562 άπερ
3273 1494 3435 1561 φησὶν
3463 1495 3491 1546 ό
3528 1494 3656 1556 Θεὸς
3704 1497 3954 1565 ποιήσειν

2400 1577 2686 1638 Ἰουδαίοις,
2701 1577 2799 1631 οὑκ
2821 1579 3006 1649 ἐπειδὴ
3025 1579 3161 1644 ἄξιοί
3189 1580 3346 1639 εἰσιν,
3361 1579 3571 1632 ἀλλ’ἵνα
3598 1580 3673 1652 μὴ
3695 1581 3757 1633 16
3781 1583 3954 1651 ὄνομα

2389 1663 2553 1716 αὑτοῦ
2611 1663 2906 1734 βεϐηλωθῇ.
2937 1666 3159 1732 Ἀγεται
3201 1666 3229 1717 6
3260 1666 3543 1735 προφήτης
3588 1668 3668 1728 είς
3706 1666 3768 1718 16
3798 1667 3950 1739 [388]

2386 1750 2586 1812 πεδίον,
2612 1751 2704 1804 καὶ
2736 1751 3063 1820 προφητεύει
3096 1750 3186 1804 ἐπὶ
3205 1751 3270 1803 1:1
3302 1751 3434 1805 ὀστᾶ
3459 1751 3525 1804 τά
3555 1751 3709 1821 ξηρά.
3732 1754 3951 1823 Προφη-

2383 1834 2528 1888 τεύει
2555 1835 2609 1888 δὲ
2631 1835 2722 1889 καὶ
2753 1837 2879 1906 περὶ
2896 1835 2989 1888 τοῦ
3021 1837 3340 1910 Ζοροϐάϐελ,
3375 1838 3453 1889 ὅτι
3479 1832 3558 1900 εἷς
3588 1839 3774 1908 ἄρχων
3796 1840 3949 1892 ἔσται

2397 1919 2695 1974 Ἰουδαίων’
2727 1920 2946 1974 δύναται
2977 1921 3033 1973 δὲ
3070 1922 3149 1984 εἰς
3183 1922 3272 1976 τὸν
3309 1923 3508 1992 Κύριον
3535 1923 3690 1992 ήμῶν
3742 1925 3949 1993 Ἰησοῦν

2382 2005 2614 2076 Χριστὸν
2640 2006 3026 2077 λαμϐάνεσθαι.
3062 2008 3396 2078 Προφητεύει
3433 2009 3527 2061 καὶ
3556 2008 3682 2079 περί
3709 2009 3833 2077 Γὼγ
3854 2011 3951 2062 καὶ

2382 2091 2594 2160 Μαγὼγ
2621 2092 2953 2146 ἐπελθόντων
2975 2095 3087 2154 τοῖς
3111 2092 3380 2155 Ἰουδαίοις
3405 2095 3540 2162 μετά
3573 2094 3668 2164 τὴν
3689 2096 3947 2149 ἐπάνοδον

2381 2176 2477 2249 τὴν
2504 2179 2568 2230 ἐκ
2596 2177 2929 2241 Βαϐυλῶνος,
2957 2178 3049 2230 καὶ
3078 2177 3414 2247 ἡττηθέντων
3441 2217 3455 2231 .
3488 2179 3642 2242 Τινὲς
3683 2180 3741 2232 δὲ
3779 2181 3946 2252 ἀλλη-

2381 2262 2614 2336 γορικῶς
2650 2263 3011 2333 λαμϐάνουσιν
3039 2263 3118 2325 εἰς
3145 2264 3246 2326 τάς
3274 2263 3614 2334 Ἐκκλησίας,
3637 2266 3729 2317 καὶ
3757 2268 3838 2329 εἰς
3857 2269 3949 2322 τὸν

2380 2346 2640 2410 διάϐολον,
2671 2349 2762 2400 καὶ
2789 2348 2914 2411 τοὺς
2950 2347 3091 2401 κατὰ
3113 2349 3302 2417 καιρὸν
3329 2349 3597 2419 διωγμοὺς
3625 2353 3944 2422 ἐπενεχθέν-

2379 2450 2478 2497 τας
2516 2435 2619 2487 ὑπὸ
2661 2433 2873 2488 ἀσεϐῶν
2923 2434 3202 2504 βασιλέων.
3229 2435 3560 2505 Προφητεύει
3605 2437 3660 2491 δὲ
3691 2439 3783 2492 106
3813 2441 3946 2494 ναοῦ

2380 2521 2478 2588 τὴν
2521 2520 2825 2589 οἰκοδομὴν,
2859 2521 2955 2572 καὶ
2983 2520 3081 2588 τὴν
3108 2520 3546 2575 ἀποκατάστασιν
3569 2522 3671 2592 τῆς
3709 2527 3946 2597 νομικῆς

2380 2605 2660 2677 λατρείας·
2693 2607 2837 2676 άπερ
2868 2606 2963 2659 καὶ
2997 2606 3134 2660 αὐτὰ
3181 2607 3516 2677 προσδοκῶσι
3544 2610 3642 2678 μὲν
3680 2610 3758 2665 ἔτι
3811 2613 3946 2666 Ἰου-

2377 2690 2544 2744 δαῖοι·
2583 2691 2742 2762 ἐξέϐη
2779 2692 2838 2743 δέ
2887 2692 2980 2744 ἐπὶ
3012 2693 3213 2762 Ἐσδρα
3257 2693 3352 2746 καὶ
3381 2695 3699 2766 Ζοροϐάϐελ.
3731 2699 3842 2768 Τὴν
3885 2701 3949 2751 δὲ

2376 2776 2658 2847 οἰκοδομὴν
2697 2779 2795 2848 τῆς
2826 2778 3050 2842 πόλεως,
3079 2779 3146 2849 ἢν
3174 2779 3444 2850 προλέγει,
3487 2781 3578 2834 καὶ
3617 2783 3677 2835 τὸ
3712 2783 3856 2853 ὕδωρ
3881 2784 3947 2836 16

2377 2863 2518 2914 κατά
2554 2864 2746 2934 μικρὸν
2787 2864 3212 2934 ἐκπορευόμενον
3240 2865 3332 2917 καὶ
3372 2865 3751 2934 αὐξανόμενον,
3781 2867 3945 2920 δύνα-

2376 2963 2463 3000 ται
2496 2949 2588 3002 ἐπὶ
2627 2950 2749 3010 τοὺς
2782 2949 3203 3018 ἐπιστρέφοντας
3235 2949 3325 3000 ἐπὶ
3353 2948 3441 3000 τὸν
3469 2951 3700 3020 Χριστὸν
3741 2952 3946 3022 λαμϐά-

2375 3034 2581 3097 νεσθαι,
2613 3035 2837 3104 νεκροὺς
2861 3035 3019 3096 6610;
3055 3033 3184 3104 πρὶν
3217 3034 3248 3103 ἢ
3287 3034 3594 3102 πιστεῦσαι,
3623 3038 3764 3107 μετά
3791 3038 3850 3093 δέ
3882 3038 3947 3093 τὸ

2374 3121 2661 3176 πιστεῦσαι
2686 3121 3168 3190 ζωοποιουμένους.

2442 3246 2706 3313 Σύνοψις
2737 3242 2854 3296 τῶν
2893 3241 2973 3308 τῷ
3006 3245 3278 3313 προφήτῃ
3313 3244 3533 3314 Δανιὴλ
3563 3249 3905 3318 είρημένων.

2455 3367 2797 3435 Ἑκλέγονται
2828 3365 2877 3418 οἰ
2908 3365 3034 3437 περὶ
3065 3365 3158 3418 τὸν
3192 3367 3408 3434 Δανιὴλ,
3428 3367 3521 3420 καὶ
3562 3371 3949 3439 παραδίδονται

2372 3455 2450 3526 τῷ
2481 3453 2866 3526 άρχιευνούχῳ,
2887 3453 2979 3505 καὶ
3007 3453 3277 3506 σιτοῦνται
3301 3455 3587 3523 σπέρματα
3607 3472 3620 3485 ·
3640 3458 3732 3510 καὶ
3759 3475 3947 3528 παρα-

2376 3543 2596 3605 στάντες
2619 3540 2695 3610 τῷ
2725 3541 2944 3609 βασιλεῖ,
2981 3539 3195 3593 πάντων
3219 3540 3599 3611 ἀνεδείχθησαν
3622 3543 3944 3614 σοφώτεροι.

2385 3630 2516 3699 Ὀρᾷ
2548 3627 2608 3680 16
2640 3626 2886 3680 ἐνύπνιον
2917 3625 3412 3697 Ναϐουχοδονόσορ,
3448 3629 3540 3680 καὶ
3569 3630 3695 3692 τοὺς
3732 3631 3947 3699 μάγους

2373 3715 2753 3788 ἀπορήσαντας
2803 3712 3064 3782 γνωρίσαι
3111 3711 3204 3766 καὶ
3252 3708 3503 3766 ἐπιλῦσαι
3549 3714 3680 3767 0616
3730 3716 3945 3771 κελεύει

2376 3800 2667 3869 σφαγῆναι.
2715 3796 3170 3860 Κινδυνεύσαντας
3205 3798 3260 3850 δὲ
3305 3804 3398 3851 καὶ
3435 3801 3560 3862 τοὺς
3590 3803 3715 3870 περὶ
3743 3803 3946 3874 Δανιὴλ

2373 3888 2572 3940 ἔσωσεν
2598 3887 2625 3938 ό
2651 3886 2800 3948 Θεὸς,
2821 3883 3170 3951 ἀποκαλύψας
3192 3885 3338 3954 αύτῷ
3359 3885 3435 3956 τῷ
3465 3887 3661 3956 Δανιὴλ
3685 3889 3781 3956 τὴν
3799 3889 3946 3959 εἴδη-

2376 3989 2458 4024 σιν
2493 3971 2585 4023 τοῦ
2611 3971 2881 4024 ἐνυπνίου.
2929 3970 2986 4021 '0
3031 3970 3228 4039 Δανιὴλ
3258 3969 3527 4038 εἰσαχθεὶς
3559 3971 3706 4038 λέγει
3727 3972 3786 4024 16
3816 3973 3944 4026 ἐνύ-

2375 4076 2526 4112 πνιον
2554 4058 2631 4128 τῷ
2664 4056 2871 4125 βασιλεῖ
2910 4057 3001 4108 καὶ
3030 4057 3127 4126 τὴν
3159 4056 3441 4128 σύγκρισιν
3469 4058 3654 4111 06106.
3687 4059 3744 4111 Ὀ
3771 4059 3828 4111 δὲ
3862 4061 3946 4112 λί-

2375 4146 2463 4208 θος
2488 4148 2515 4198 ὁ
2535 4144 2758 4214 τμηθεὶς
2777 4143 2902 4197 ἄνευ
2936 4144 3130 4214 χειρῶν
3162 4144 3189 4195 6
3211 4143 3442 4212 Χριστός
3473 4145 3585 4196 ἐστι
3611 4160 3625 4175 °
3651 4146 3708 4197 16
3731 4145 3785 4198 δὲ
3807 4147 3944 4200 ἄνευ

2374 4235 2588 4304 χειρῶν,
2620 4233 2678 4283 τὸ
2723 4231 2890 4301 χωρίς
2926 4231 3211 4292 συνουσίας
3243 4232 3305 4283 ἐκ
3346 4231 3443 4300 τῆς
3470 4231 3743 4302 Παρθένου
3775 4234 3944 4288 αὑτὸν

2373 4321 2645 4388 τεχθῆναι.
2673 4319 2879 4385 Στήσας
2899 4317 2995 4386 τὴν
3016 4318 3196 4370 εἰκόνα
3221 4316 3700 4387 Ναϐουχοδονόσορ,
3729 4319 3945 4373 κελεύει

2374 4406 2696 4474 προσκυνεῖν
2746 4404 2969 4463 πάντας,
3003 4401 3247 4462 καὶτοὺς
3297 4405 3442 4470 τρεῖς
3492 4403 3685 4464 παῖδας
3723 4405 3801 4464 εἰς
3841 4406 3944 4476 τὴν

2375 4491 2601 4559 κάμινον
2630 4487 2886 4558 ἐμϐάλλει
2918 4487 2992 4555 μὴ
3014 4486 3511 4556 προσκυνήσαντας.
3541 4487 3627 4550 Ὡς
3651 4488 3706 4540 δέ
3739 4489 3787 4540 οί
3810 4493 3944 4562 περὶ

2375 4576 2470 4645 τὴν
2503 4575 2727 4642 κάμινον
2759 4572 3120 4641 ἀνῃρέθησαν,
3156 4572 3249 4624 καὶ
3300 4571 3497 4640 ὕμνουν
3534 4575 3582 4625 οἰ
3631 4577 3819 4639 παῖδες
3849 4578 3942 4630 τὸν

2375 4657 2505 4708 Θεὸν
2526 4695 2538 4717 ,
2573 4655 2800 4716 καλέσας
2832 4654 3044 4716 αὐτοὺς,
3077 4654 3168 4706 καὶ
3216 4653 3336 4705 ἰδὼν
3379 4655 3568 4715 σώους,
3594 4655 3683 4707 τόν
3712 4673 3770 4709 τε
3803 4659 3942 4711 Θεὸν

2375 4744 2643 4811 ἐξεπλάγη
2669 4781 2682 4805 ,
2715 4743 2808 4794 καὶ
2850 4741 3043 4803 αὐτοὺς
3073 4742 3211 4811 ἀρχῇ
3258 4743 3324 4810 τῇ
3372 4739 3478 4793 τῶν
3524 4741 3787 4795 Ἰουδαίων
3829 4745 3942 4797 ἐτί-

2380 4849 2537 4902 μησε,
2571 4831 2663 4882 καί
2701 4829 2871 4897 δόγμα
2909 4829 3070 4896 ἔθηκε
3099 4867 3113 4890 ,
3143 4828 3232 4880 τὸν
3281 4828 3699 4898 βλασφημοῦντα
3731 4833 3811 4892 εἰς
3849 4832 3941 4884 τὸν

2374 4919 2504 4972 Θεὸν
2525 4917 2870 4971 ἀπόλλυσθαι.
2902 4916 3033 4984 Ὁρᾷ
3055 4916 3299 4966 ἐνύπνιον
3325 4915 3785 4986 Ναϐουχοδονόσορ
3809 4934 3823 4947 '
3845 4920 3944 4971 καλ⁵

2375 5005 2478 5063 τῶν
2510 5002 2684 5072 σοφῶν
2712 5001 3022 5062 Βαϐυλῶνος
3048 5001 3206 5052 πάλιν
3237 5000 3696 5070 διαπορησάντων,
3729 5002 3943 5055 ἐπιλύει

2376 5090 2506 5143 0616
2531 5091 2559 5141 6
2592 5088 2806 5158 Δανιὴλ,
2839 5085 3189 5155 συμϐουλεύει
3223 5103 3283 5138 15
3315 5087 3390 5156 τῷ
3432 5087 3659 5156 βασιλεῖ,
3688 5090 3784 5150 τάς
3814 5090 3942 5141 ἀνο-

2378 5177 2505 5246 μίας
2547 5174 2709 5227 αύτοῦ
2754 5177 2809 5226 ἐν
2859 5171 3242 5241 ἐλεημοσύναις
3278 5173 3672 5244 λυτρώσασθαι.
3729 5174 3836 5225 Καὶ
3877 5176 3940 5226 06

2379 5264 2493 5334 μετ’
2533 5263 2592 5315 06
2638 5261 2801 5314 πολὺν
2839 5261 3025 5329 χρόνον
3065 5259 3220 5331 ἐξέϐη
3250 5262 3307 5312 16
3349 5261 3594 5313 ἐνύπνιον
3619 5276 3634 5291 ο
3661 5261 3752 5314 καὶ
3781 5261 3942 5330 ᾔνεσε

2376 5350 2464 5402 τὸν
2491 5350 2619 5401 Θεὸν
2669 5351 2696 5400 6
2734 5345 3219 5416 Ναϐουχοδονόσορ.
3248 5347 3366 5400 Τῶν
3411 5346 3619 5399 σκευῶν
3652 5347 3757 5397 τῶν
3790 5349 3941 5417 ἱερα-

2375 5438 2539 5489 τικῶν
2583 5433 2964 5503 ἐξενεχθέντων
3016 5435 3154 5486 κατά
3200 5434 3489 5504 πρόσταξιν
3537 5433 3626 5486 τοῦ
3677 5433 3944 5502 βασιλέως

2376 5523 2492 5574 6106
2533 5521 3028 5590 Ναϐουχοδονόσορ,
3065 5521 3158 5572 καὶ
3192 5521 3299 5574 τῶν
3322 5520 3660 5589 ἑστιωμένων
3689 5522 3770 5584 εἰς
3803 5522 3952 5576 αὐτὰ.

2380 5610 2658 5666 πινόντων,
2687 5608 2902 5678 ἐξῆλθεν
2943 5609 3280 5678 ἀστράγαλος
3324 5608 3535 5677 χειρὸς,
3566 5609 3658 5660 καὶ
3704 5610 3950 5680 ἔγραψεν

2381 5697 2439 5748 ἐν
2467 5695 2543 5765 τῷ
2581 5695 2739 5764 τοίχῳ
2758 5699 2992 5766 γραφὴν,
3025 5695 3090 5765 ἢν
3123 5695 3216 5748 καί
3239 5694 3406 5764 αὐτὴν
3433 5693 3536 5748 τῶν
3566 5696 3747 5764 σοφῶν
3771 5697 3958 5752 Βαϐυ-
