4138 6306
218 306 335 361 381

211 423 503 492 includere,
522 435 576 484 et
593 429 935 502 Jerosolymze
957 436 1278 490 obsidionem
1307 440 1659 506 praenuntiare
1677 454 1768 507 per

208 514 512 582 exemplum
538 518 716 573 lateris
737 529 790 574 et
817 524 1107 591 sartaginis.
1134 524 1352 580 Jubetur
1379 527 1500 580 item
1531 527 1583 579 in
1606 542 1766 580 unum

211 600 354 654 latus
375 604 605 660 dormire
633 619 778 662 certo
798 609 1003 665 dierum
1040 628 1279 680 numero,
1310 614 1584 669 declarans
1621 616 1765 668 ealao

211 692 449 745 mitatem
484 697 673 764 populo
695 698 915 753 futuram
944 702 994 754 in
1023 703 1343 770 captivitate.
1387 704 1628 758 Przedicit
1672 719 1766 772 per

211 794 399 847 panes,
428 798 559 852 quos
584 801 646 839 ex
671 797 899 842 stercore
925 790 1081 844 boum
1101 791 1238 853 facit,
1268 802 1320 844 et
1346 807 1438 861 per
1456 793 1764 846 divisionem

212 871 522 937 capillorum
548 883 769 930 mortem
780 894 960 934 eorum
971 894 1030 933 ac
1054 878 1449 946 dispersionem;
1468 881 1611 935 urbis
1630 881 1757 935 item

212 967 379 1028 atque
409 963 664 1018 idolorum
708 967 1115 1022 devastationem
1158 970 1353 1038 adjicit.
1380 971 1535 1025 Videt
1574 973 1762 1040 iniqui-

212 1058 351 1103 tates
384 1054 590 1119 populi,
622 1064 674 1108 et
700 1056 1063 1111 idololatriam.
1107 1060 1305 1114 Deinde
1346 1076 1438 1115 eos
1466 1063 1552 1131 qui
1599 1078 1763 1131 usque

212 1138 280 1191 ad
312 1140 531 1194 exitium
554 1143 696 1197 urbis
722 1144 1064 1201 devenerunt.
1093 1148 1247 1203 Videt
1268 1165 1478 1204 rursum
1501 1152 1759 1205 Cherubi-

211 1242 309 1281 nos
330 1267 345 1291 ,
377 1238 429 1283 et
455 1231 587 1286 mala
614 1233 726 1286 urbi
753 1237 1085 1302 prmnuntiat.
1108 1237 1181 1291 De
1207 1239 1271 1291 iis
1300 1241 1388 1308 qui
1418 1240 1468 1292 in
1497 1240 1760 1295 Christum

212 1318 465 1372 credituri
490 1330 657 1375 erant.
684 1324 922 1378 Prmdicit
949 1342 1155 1381 rursum
1181 1330 1531 1396 captivitatem
1558 1332 1756 1400 populi,

213 1422 335 1476 quae
364 1410 462 1463 sub
486 1410 701 1465 Sedecia
726 1416 913 1468 accidit
936 1456 950 1481 ,
975 1425 1026 1470 et
1065 1416 1334 1472 Sedeciatn
1358 1430 1670 1474 excmcatum
1699 1422 1760 1476 iri

210 1512 239 1549 a
272 1498 800 1556 Nabuchodonosore.
829 1504 1069 1558 Prandicit
1095 1508 1229 1560 mala
1272 1523 1374 1561 non
1410 1517 1523 1575 post
1557 1509 1759 1564 diutur-

210 1601 336 1639 num
372 1596 572 1656 tempus
596 1600 862 1656 eventura,
892 1593 982 1646 sed
1015 1609 1174 1662 prope
1198 1610 1333 1649 esse.
1365 1596 1587 1651 Minatur
1608 1613 1760 1665 pseu-

208 1676 569 1746 doprOphetis,
602 1682 830 1750 ipsisque
850 1682 1246 1752 indeprecabilia
1268 1700 1385 1740 esse
1414 1704 1528 1755 quae
1556 1690 1757 1757 passuri

208 1774 332 1818 sunt
359 1766 492 1819 mala
520 1766 824 1827 denuntiat:
856 1771 923 1824 ita
950 1780 1008 1824 ut
1051 1787 1147 1825 nec
1185 1773 1283 1827 Job
1311 1789 1409 1828 nec
1455 1776 1631 1831 Daniel
1661 1793 1758 1832 nec

209 1853 324 1908 Noe
353 1856 583 1923 ipsorum
617 1858 748 1912 ﬁlios
776 1862 975 1927 possint
996 1876 1185 1916 eruere
1214 1880 1227 1915 :
1256 1874 1307 1917 et
1334 1877 1620 1921 extremam
1646 1869 1759 1922 illo-

208 1959 324 1996 rum
357 1947 649 2000 vastitatem
674 1963 768 2016 per
785 1950 975 2016 lignum
996 1952 1112 2004 vitis
1138 1952 1383 2006 declarat.
1416 1956 1637 2010 Enarrat
1662 1972 1755 2025 po-

208 2032 313 2099 puli
345 2035 715 2101 turpitudinem
734 2036 800 2089 ab
818 2038 982 2099 initio,
1011 2049 1286 2108 antequam
1308 2041 1469 2095 Deum
1487 2047 1756 2113 amplexus

206 2121 676 2183 esset,etdecorem
695 2134 962 2192 postquam
979 2127 1243 2194 amplexus
1256 2137 1334 2182 est
1354 2146 1366 2179 :
1390 2131 1759 2187 idololatrian:-

206 2224 309 2276 que
330 2210 465 2278 ejus,
488 2220 540 2265 et
559 2213 814 2266 excidium
840 2216 976 2283 quod
1006 2226 1216 2283 propter
1239 2234 1353 2271 eam
1376 2220 1562 2274 invasit
1580 2224 1751 2291 ipsos;

210 2314 427 2368 magnas
473 2302 704 2356 ostendit
744 2304 858 2372 ejus
908 2306 1205 2374 iniquitates
1252 2323 1312 2362 ex
1364 2314 1752 2379 comparatione

210 2387 559 2443 Sodomorum
587 2400 640 2445 et
668 2391 937 2458 Samarize,
965 2410 1081 2464 quae
1102 2397 1256 2449 etiam
1282 2413 1375 2465 per
1393 2401 1590 2467 seipsas
1606 2413 1754 2455 erant

211 2475 467 2543 ingentes.
494 2478 719 2533 Possunt
744 2490 914 2535 autem
940 2483 1095 2547 bona,
1117 2499 1231 2552 qua:
1257 2488 1507 2553 praedicit,
1540 2505 1748 2558 nempe,

210 2563 472 2618 Suscitabo
496 2575 832 2621 testamentum
860 2587 1020 2623 meum
1050 2581 1203 2625 tecum
1232 2574 1251 2642 (
1280 2573 1463 2629 Ezech.
1494 2578 1577 2631 16.
1620 2580 1687 2632 62
1707 2579 1747 2650 ),

209 2654 273 2707 de
300 2655 640 2710 credentibus
679 2659 729 2711 in
763 2658 1030 2713 Christum
1071 2662 1308 2733 intelligi.
1338 2666 1624 2720 Aseensum
1646 2669 1750 2721 Na-

213 2742 665 2800 buchodonosoris
692 2750 1025 2816 prmnuntiat.
1052 2750 1315 2806 Adversus
1346 2768 1437 2809 eos
1480 2757 1565 2824 qui
1599 2756 1743 2811 diec-

212 2831 337 2886 bant
368 2852 380 2884 :
424 2834 602 2890 Patres
625 2838 936 2890 comederunt
958 2854 1099 2891 uvam
1126 2841 1371 2905 acerbam,
1412 2854 1454 2897 et
1488 2845 1655 2898 dentes
1684 2847 1750 2913 ﬁ-

211 2923 390 2975 liorum
417 2924 805 2997 obstupuerunt(
839 2928 1020 2982 Ezcc/t.
1055 2930 1137 2983 18.
1162 2930 1195 2982 2
1293 2933 1364 2986 De
1391 2944 1556 2989 matre
1590 2936 1751 2990 Sedc-

210 3011 301 3063 cia:
332 3013 489 3079 regis.
531 3014 858 3068 Testificatur
886 3019 1182 3072 senioribus
1218 3020 1513 3090 iniquitates
1545 3035 1747 3092 patrum

212 3111 443 3152 suorum.
475 3101 604 3154 lllud
658 3113 869 3167 autem,
920 3105 1047 3167 Quia
1093 3123 1241 3175 super
1268 3120 1481 3161 montem
1525 3123 1748 3165 sanciunt

211 3206 388 3255 meum,
408 3191 473 3245 de
491 3202 668 3247 monte
696 3195 901 3249 excelso
925 3197 1082 3252 Israel
1107 3198 1257 3250 dicit:
1276 3199 1487 3265 Adanai,
1514 3200 1744 3269 Domine,

210 3277 313 3329 illic
336 3281 540 3333 servient
565 3282 684 3333 mihi
712 3287 869 3337 omnis
896 3285 1070 3338 domus
1099 3284 1260 3339 Israel
1283 3288 1335 3340 in
1360 3289 1507 3355 ﬁnem
1540 3290 1744 3359 (Ezeclz.

207 3364 293 3418 20.
342 3367 431 3421 40.
478 3369 529 3421 in
594 3369 833 3441 Greca),
889 3372 955 3426 de
1005 3374 1336 3430 credentibus
1382 3378 1434 3430 in
1484 3378 1745 3434 ChriStunt

210 3458 577 3524 potestaccipi.
604 3458 679 3512 De
706 3458 961 3526 Theman,
985 3462 1049 3515 de
1087 3462 1244 3516 Israel
1270 3504 1283 3527 ,
1316 3474 1368 3519 et
1395 3465 1461 3519 de
1484 3467 1602 3520 filiis
1633 3470 1749 3520 Am-

208 3558 347 3597 mon.
386 3544 686 3611 lniquitates
712 3557 763 3600 ct
811 3559 1022 3617 peccata
1053 3550 1257 3607 lsraelis
1284 3564 1541 3620 recenset,
1571 3571 1747 3610 sacer-

207 3629 406 3693 dotum,
430 3633 726 3701 principum
753 3645 806 3688 et
834 3637 1430 3707 pseudOprOphetarum.
1460 3643 1528 3695 Et
1556 3661 1747 3712 quwreo

212 3717 340 3784 bam,
370 3720 553 3788 inquit,
580 3722 739 3775 virum
782 3734 911 3779 recte
954 3737 1225 3781 versantem
1251 3740 1295 3781 et
1320 3740 1529 3784 stantem
1556 3734 1608 3785 in
1636 3738 1744 3801 fra-

206 3818 343 3861 ctura
368 3812 594 3865 macerie:
622 3811 696 3881 (α)
720 3823 833 3866 ante
860 3815 1036 3883 faciem
1058 3832 1217 3868 meam
1248 3818 1298 3870 in
1326 3829 1541 3887 tempore
1563 3830 1705 3873 terra:
1727 3862 1742 3886 ,

206 3907 256 3949 at
283 3914 343 3950 ne
360 3901 413 3952 in
442 3900 588 3967 ﬁnem
608 3901 816 3955 delerem
834 3920 947 3955 eum
980 3920 998 3957 :
1027 3914 1072 3957 et
1100 3922 1198 3959 non
1223 3908 1383 3961 inveni
1408 3909 1426 3978 (
1449 3909 1630 3963 Ezeclt.
1654 3913 1739 3968 2?...

206 3987 311 4053 30).
342 3990 415 4043 De
441 3990 729 4044 idololatria
746 3993 920 4060 pepuli
949 3993 1107 4048 Israel
1140 3996 1189 4049 in
1214 3995 1443 4067 Egypto
1466 4009 1518 4054 et
1541 4010 1741 4069 postea,

205 4090 263 4128 ac
310 4077 373 4130 de
424 4079 823 4134 calamitatibus.
878 4084 1048 4151 Atque
1094 4086 1306 4154 insuper
1351 4104 1516 4157 neque
1552 4090 1744 4144 luctum

204 4179 354 4233 agere
384 4168 748 4234 permittentur
771 4185 927 4239 super
950 4173 1368 4242 contingentibus
1410 4178 1579 4232 malis.
1602 4179 1743 4233 Con-

206 4264 277 4307 tra
299 4253 627 4311 Ammanitas
643 4264 697 4309 et
722 4259 976 4315 Idumaeos
1006 4303 1019 4325 ,
1069 4273 1119 4315 et
1150 4264 1470 4335 alienigenas
1495 4306 1509 4330 ,
1541 4278 1591 4320 et
1622 4268 1738 4333 Sor,

204 4358 351 4410 quam
373 4345 556 4400 dicunt
574 4360 690 4401 esse
705 4347 919 4417 Tyrum.
945 4350 1182 4405 Przcdicit
1197 4354 1517 4408 calamitates
1532 4372 1743 4425 magnas

203 4444 378 4486 contra
418 4436 704 4504 principem
748 4438 871 4507 Tyri
922 4450 973 4492 ct
1019 4441 1258 4504 Sidonis,
1311 4453 1365 4497 et
1414 4444 1694 4514 Egyptum
1725 4489 1739 4512 ,

204 4520 670 4592 Egyptierumque
701 4541 896 4595 regem.
929 4529 1152 4583 Minatur
1177 4533 1491 4598 speculatori
1521 4538 1695 4604 populi
1725 4577 1739 4600 ,

203 4612 296 4665 nisi
337 4613 638 4681 przedixerit
679 4618 869 4685 pepulo
891 4660 906 4683 ,
933 4621 1080 4687 cujus
1117 4624 1426 4677 constitutus
1452 4634 1531 4678 est
1560 4640 1743 4693 specu-

202 4698 329 4753 lator
356 4700 420 4755 ad
448 4701 767 4760 calamitates
786 4722 815 4759 a
844 4707 948 4760 Deo
977 4708 1161 4761 illatas.
1195 4713 1269 4763 Ac
1296 4711 1621 4781 dieit,neque
1645 4716 1742 4768 ini-

204 4802 352 4853 quum
384 4790 559 4858 perire
584 4791 651 4844 ob
677 4793 876 4859 priores
905 4796 1219 4863 iniquitates,
1250 4800 1292 4851 si
1320 4815 1604 4856 conversus
1623 4801 1739 4856 fue-

205 4876 265 4930 rit
288 4877 352 4932 ad
381 4878 675 4933 faciendum
704 4896 764 4934 ea
794 4897 906 4950 qua:
935 4885 1043 4938 Deo
1067 4897 1181 4939 sunt
1215 4889 1400 4956 placita
1424 4906 1437 4953 ;
1471 4907 1637 4960 neque
1657 4893 1740 4960 ju-

261 5061 326 5121 (a)
378 5062 528 5117 lllud,
566 5062 755 5130 νήει,
803 5062 851 5111 in
900 5065 1114 5127 fractura
1155 5082 1377 5118 maceria:
1419 5070 1489 5130 (ἐν
1532 5072 1734 5135 διακοπὴ

203 5134 581 5201 e‘pavuo'o),__non
622 5140 697 5201 est
738 5134 784 5201 in
831 5139 1189 5201 exemplaribus
1226 5141 1507 5201 bodiernis,
1554 5146 1639 5193 sed
1672 5159 1733 5193 ex

200 5192 425 5265 UIri‘g’e‘nis
456 5195 687 5265 llenxaplis
711 5192 1009 5265 adjunctum;
1025 5199 1200 5265 fuerat,
1223 5208 1276 5248 ut
1315 5192 1738 5265 nosain'Ilexaplis

204 5252 483 5313 addidimus.
520 5252 670 5301 Totus
712 5252 840 5303 locus
885 5257 931 5302 in
975 5256 1279 5304 Edilionihus
1320 5261 1567 5310 hodiernis
1614 5252 1735 5313 L'XX

204 5312 270 5394 sit:r
287 5314 535 5394 ~habelt‘tr‘:
563 5318 652 5387 Κριὶ
686 5315 870 5394 ἐζήτρυν
902 5319 947 5369 ἐξ
980 5318 1133 5391 (ξὺτῶν
1165 5320 1736 5394 ἇνδρεξιάναστεεφόμενο)

206 5370 354 5444 ὀρθῶς,
387 5376 467 5420 καὶ
490 5370 811 5448 ﬁculneae?!)
852 5379 1105 5448 προσώπρυ
1149 5370 1261 5448 uou'
1287 5370 1557 5448 ὁλοσχερῶςῖ
1584 5370 1631 5430 έν
1667 5387 1733 5444 τῷ

207 5436 346 5493 καιρῷ
374 5441 457 5490 τῆς
484 5435 638 5495 ὀργῆς.
665 5435 837 5484 Melius
867 5435 1120 5497 exemplar
1152 5435 1473 5495 Chrysosto'mi
1492 5479 1503 5499 ,
1539 5435 1586 5490 ἓν
1608 5462 1648 5490 τ.
1685 5435 1729 5491 δέ.

206 5505 280 5554 τῆς
296 5509 391 5559 γῆς.
420 5504 471 5550 In
498 5503 705 5552 Hebraeo
722 5512 885 5552 autem
904 5504 1103 5566 legitur,
1125 5506 1286 5577 v-mn
1319 5512 1447 5568 τιτι,
1472 5524 1562 5573 pro
1584 5518 1713 5562 terra

205 5580 513 5650 Septuaginta
534 5600 654 5638 vero
676 5589 906 5651 legerunt
940 5592 1076 5648 11:13,
1108 5587 1156 5639 in
1178 5596 1401 5653 tempore.

1290 301 1608 363 SYNOPSIS
1644 303 2046 362 SCRIPTURE
2083 308 2347 366 SACRE.

3314 332 3431 387 38?.

1878 428 2016 472 stum
2046 421 2270 476 salutem
2294 424 2544 494 consequi
2572 425 2640 479 ob
2666 427 2890 495 priorem
2913 429 3167 497 justitiam
3191 475 3206 499 ,
3238 436 3281 490 si
3315 454 3429 490 ωυ-

1877 516 2014 563 tatus
2038 549 2052 573 ,
2085 511 2291 580 iniquus
2322 512 2646 583 injustusque
2688 519 2931 573 evaserit.
2975 520 3129 577 Venit
3164 525 3425 594 quispiam

1875 596 1940 648 ad
1971 598 2279 665 prophetam
2304 640 2317 664 ,
2350 602 2598 656 nuntians
2643 614 2842 673 captam
2890 607 3051 664 fuisse
3087 611 3379 668 Jerusalem
3408 630 3423 673 :

1874 684 2001 738 dicit
2028 696 2202 739 autem
2235 688 2331 742 hac
2360 690 2426 743 de
2451 707 2509 745 re
2547 693 2818 761 incusans,
2847 699 2983 765 quod
3014 714 3116 754 non
3152 705 3423 758 attendant

1872 772 1935 824 iis
1974 789 2090 841 qua:
2126 790 2152 825 a
2198 777 2465 844 prophetis
2500 780 2871 847 praedicuntur.
2908 786 3234 844 Vaticinatur
3262 809 3419 861 porro

1871 872 2051 915 contra
2108 874 2347 930 pastores
2376 866 2578 922 lsraelis
2610 885 2623 919 :
2654 874 3011 943 promittitque
3042 879 3271 934 dandum
3305 899 3423 937 esse

1871 961 2130 1017 pastorem
2163 970 2318 1006 unum
2344 971 2356 1019 ;
2390 957 2437 1008 id
2462 958 2599 1025 quod
2628 960 2724 1013 sub
2749 960 3070 1019 Zorobabele
3096 966 3287 1023 factum
3314 982 3414 1037 est,

1874 1039 1924 1092 id
1953 1042 2089 1108 quod
2118 1044 2273 1096 etiam
2304 1044 2468 1099 Judmi
2500 1048 2833 1117 impudenter
2851 1052 3028 1107 dicunt
3047 1057 3275 1113 nondum
3300 1076 3419 1115 eve-

1868 1128 2045 1193 pisse;
2079 1133 2252 1184 evenit
2283 1142 2453 1187 tamen
2476 1174 2489 1198 ,
2536 1145 2592 1188 ut
2616 1136 2743 1201 dixi,
2768 1139 2867 1192 sub
2905 1140 3246 1199 Zorobabele.
3277 1148 3420 1202 Vati-

1868 1216 2070 1269 cinatur
2089 1230 2270 1271 contra
2305 1221 2579 1286 ldummos,
2613 1233 2666 1277 et
2696 1225 2944 1281 Israelitis
2973 1229 3107 1286 bona
3152 1235 3409 1302 praedicit,

1868 1319 1982 1370 qum
2006 1306 2144 1359 Deus
2173 1307 2291 1362 ideo
2318 1324 2375 1363 se
2395 1310 2587 1365 Iuda-is
2609 1314 2921 1370 collaturum
2948 1320 3108 1387 dicit,
3144 1338 3246 1377 non
3274 1328 3414 1393 quod

1867 1393 1938 1445 illi
1965 1394 2103 1461 digni
2135 1398 2363 1460 sint,sed
2388 1414 2454 1454 nc
2486 1416 2677 1456 nomen
2705 1404 2819 1471 ejus
2848 1407 3167 1473 profanetur.
3197 1413 3410 1469 Ducitur

1870 1482 2124 1549 prepheta
2156 1486 2205 1537 in
2234 1500 2492 1553 campum,
2523 1498 2572 1542 et
2603 1492 2884 1557 prephetat
2922 1510 3079 1563 super
3102 1514 3220 1553 ossa
3245 1503 3409 1556 arida.

1868 1572 2148 1639 Prophetat
2170 1576 2291 1631 item
2321 1576 2384 1632 de
2414 1578 2759 1649 Zorobabele,
2788 1587 2925 1653 quod
2956 1587 3159 1645 futurus
3188 1594 3254 1646 sit
3278 1610 3409 1649 unus

1864 1660 2160 1715 Judznorum
2184 1666 2424 1735 princeps
2448 1682 2461 1719 :
2486 1678 2658 1737 potest
2688 1680 2860 1727 autem
2890 1673 2957 1729 de
2984 1676 3202 1732 Domino
3230 1694 3411 1735 nostro

1862 1750 1982 1804 Jesu
2000 1751 2209 1806 Christo
2222 1757 2406 1823 accipi.
2425 1757 2747 1813 Vaticinatur
2759 1764 2914 1817 etiam
2928 1766 2993 1821 de
3012 1767 3185 1838 Coget
3201 1773 3407 1843 Magog,

1863 1841 1950 1907 qui
1980 1841 2189 1897 Judmos
2214 1844 2441 1899 invasuri
2469 1858 2617 1900 erant
2646 1860 2758 1917 post
2780 1853 3004 1908 reditum
3030 1873 3093 1911 ex
3122 1841 3407 1930 Babylone,

1862 1932 2056 1999 quique
2084 1934 2204 1986 victi
2241 1934 2467 1989 fuerunt.
2498 1939 2716 2003 Quidam
2742 1951 2912 1996 autem
2938 1946 2985 1998 id
3013 1948 3290 2017 allegorice
3316 1968 3407 2006 ac-

1860 2022 2061 2089 cipiunt
2085 2024 2150 2077 de
2175 2024 2443 2092 Ecclesiis,
2476 2037 2527 2081 et
2555 2029 2621 2084 de
2649 2032 2854 2087 diabolo
2882 2075 2896 2099 ,
2930 2037 3096 2106 deque
3134 2056 3412 2113 persequu-

1863 2114 2090 2168 tionibus
2116 2132 2231 2184 qua:
2262 2120 2407 2171 vario
2432 2129 2665 2188 tempore
2694 2124 2849 2177 illata:
2879 2139 2999 2181 sunt
3019 2130 3085 2182 ab
3108 2131 3279 2200 impiis
3310 2137 3411 2190 lm-

1864 2206 2209 2270 peratoribus.
2240 2208 2558 2263 Vaticinatur
2583 2216 2704 2265 item
2745 2218 2919 2283 templi
2947 2225 3407 2296 constructionem,

1860 2304 1909 2348 ct
1934 2298 2317 2352 restitutionem
2344 2301 2522 2369 legalis
2542 2303 2745 2355 cultus:
2766 2322 2882 2373 qua:
2903 2309 3059 2361 etiam
3099 2326 3409 2381 exspectant

1856 2384 2018 2439 Judaei
2045 2403 2057 2449 ;
2089 2389 2177 2440 scd
2205 2404 2263 2441 ea
2285 2402 2568 2444 evenerunt
2595 2403 2826 2459 tempore
2854 2397 3030 2453 Esdra:
3048 2411 3097 2453 et
3116 2402 3409 2460 Lorobabe-

1860 2475 1942 2527 lis.
1983 2476 2315 2532 Constructio
2358 2490 2532 2534 autem
2583 2486 2800 2552 templi,
2847 2502 2999 2554 quam
3046 2494 3313 2561 praedicit,
3356 2508 3409 2550 et

1856 2578 1988 2631 aqua
2018 2582 2134 2633 qum
2161 2568 2408 2633 paulatim
2436 2570 2798 2637 egrediebatur
2830 2588 2880 2628 et
2908 2581 3206 2646 augebatur,
3238 2594 3408 2651 potest

1857 2652 2021 2721 accipi
2050 2654 2116 2707 de
2138 2655 2198 2708 iis
2220 2656 2307 2723 qui
2333 2658 2395 2708 ad
2424 2657 2692 2714 Christum
2722 2666 2957 2717 conversi
2981 2679 3120 2729 sunt,
3147 2673 3231 2737 qui
3260 2688 3403 2724 mor-

1859 2740 1929 2792 tui
1961 2751 2112 2794 erant
2144 2752 2420 2812 antequam
2462 2747 2770 2814 crederent,
2800 2750 3035 2806 viventes
3064 2768 3235 2810 autem
3282 2760 3404 2814 facti

1856 2840 1977 2884 sunt
2004 2842 2278 2901 postquam
2300 2834 2656 2891 crediderunt.

1960 2994 2188 3037 SYNOPSIS
2213 2998 2382 3038 Εοῐιωι
2414 3000 2526 3046 ρυλε
2554 3004 2582 3041 Δ
2610 3003 2832 3042 DANIELE
2861 3005 3127 3045 PROPIIETA
3157 3011 3311 3051 ΜΕΤΑ

2555 3092 2707 3129 ευΝτ.

1930 3190 2208 3259 Eliguntur
2231 3192 2410 3248 Daniel
2440 3204 2493 3249 et
2522 3196 2678 3259 socii,
2718 3206 2770 3251 et
2793 3199 3065 3253 traduntur
3088 3203 3404 3259 archieunu-

1856 3277 1979 3341 cbo,
2010 3289 2165 3348 atque
2196 3281 2545 3350 leguminibus
2574 3298 2856 3339 vescuntur
2886 3306 2897 3341 :
2922 3299 2969 3341 et
2998 3289 3262 3348 adstantes
3294 3298 3400 3365 regi

1853 3368 2083 3421 omnium
2135 3371 2506 3438 sapientissimi
2541 3373 2855 3441 deprehensi
2902 3386 3039 3431 sort.
3072 3379 3223 3435 Videt
3266 3399 3406 3438 som-

1854 3462 1995 3514 nium
2036 3462 2537 3527 Nabuehodonosor,
2567 3477 2619 3521 et
2660 3484 2840 3537 magos
2864 3511 2877 3532 ,
2907 3474 2993 3538 qui
3027 3488 3128 3527 non
3158 3484 3402 3544 poterant

1854 3551 2115 3605 somnium
2145 3552 2380 3609 indicare
2410 3565 2462 3608 et
2493 3556 2846 3624 interpretari,
2874 3559 3024 3627 jubet
3049 3564 3237 3616 occidi.
3260 3565 3403 3619 Peri-

1853 3639 2092 3693 clitantes
2109 3656 2313 3710 quoque
2332 3644 2592 3698 Danielem
2606 3658 2657 3699 et
2679 3648 2849 3701 socios
2866 3652 3093 3705 servavit
3112 3653 3265 3720 Deus,
3284 3670 3401 3708 cum

1854 3728 2049 3783 Danieli
2065 3730 2249 3783 somnii
2267 3732 2496 3786 notitiam
2512 3750 2601 3802 per
2619 3736 2985 3792 revelatiouem
3000 3739 3156 3794 dedit.
3170 3742 3406 3796 Introdu-

1850 3827 1963 3871 ctus
1986 3820 2163 3875 Daniel
2186 3824 2445 3877 somnium
2473 3826 2580 3894 regi
2604 3826 2733 3880 dixit
2768 3829 2983 3897 ejusque
3021 3831 3403 3899 interpretatio-

1853 3924 1998 3961 nem.
2039 3909 2190 3976 Lapis
2218 3924 2392 3966 autem
2428 3915 2542 3967 sine
2565 3917 2805 3969 manibus
2832 3912 3282 3967 cxcisusChristus
3296 3930 3399 3983 eSt;

1849 3998 1963 4051 sine
1990 3999 2225 4054 manibus
2248 4017 2389 4064 vero,
2416 4004 2532 4070 quia
2556 4003 2668 4057 sine
2693 4007 2970 4061 concubitu
2996 4024 3060 4063 ex
3073 4010 3272 4079 virgine
3302 4027 3398 4065 na-

1852 4092 1935 4139 tus
1963 4096 2060 4140 est.
2113 4088 2352 4142 Ereetam
2384 4106 2411 4142 a
2434 4106 2493 4145 se
2514 4100 2734 4147 statuam
2756 4094 3233 4153 Nabuchodonosor
3248 4100 3395 4165 jubet

1851 4192 2032 4232 omnes
2048 4180 2287 4244 adorare,
2309 4191 2360 4235 et
2388 4192 2491 4238 tres
2516 4200 2702 4252 pueros
2723 4187 2807 4255 qui
2836 4188 3055 4244 adorare
3082 4192 3327 4245 nolebant
3348 4194 3397 4246 in

1848 4267 2109 4323 fornacem
2134 4272 2391 4339 injicit.Ut
2411 4284 2583 4327 autem
2613 4276 2682 4328 illi
2701 4280 2785 4343 qui
2814 4278 2949 4331 circa
2967 4280 3227 4335 fornacem
3250 4296 3400 4336 erant

1850 4357 2104 4411 interfecti
2132 4370 2327 4423 sunt,et
2356 4362 2503 4428 pueri
2527 4362 2685 4415 Deum
2711 4366 2925 4418 canticis
2945 4368 3388 4431 cclcbrareut,ubi

1847 4445 1988 4512 ipsos
2012 4449 2247 4501 evocavit
2270 4464 2357 4502 rex
2381 4459 2431 4504 et
2461 4451 2747 4505 incolumes
2777 4454 2920 4516 vidit,
2952 4454 3017 4508 de
3047 4456 3136 4510 Dei
3162 4461 3389 4525 potentia

1847 4544 2061 4603 stupore
2088 4539 2376 4603 perculsus,
2410 4540 2548 4606 ipsos
2578 4541 2863 4607 principatu
2897 4542 3198 4599 Iudaeorum
3224 4549 3389 4600 hono—

1846 4625 1997 4688 ravit,
2022 4625 2393 4694 decretumque
2423 4628 2601 4692 dedit,
2652 4640 2705 4682 ut
2730 4632 2962 4700 quisquis
2991 4635 3039 4686 in
3087 4636 3247 4690 Deum
3279 4640 3385 4692 hla-

1844 4713 2160 4781 sphemaret,
2191 4726 2357 4770 morte
2387 4718 2720 4785 plecteretur.
2752 4720 2904 4774 Videt
2928 4726 3186 4778 somnium
3219 4727 3386 4781 Nabu-

1843 4803 2173 4856 chodonosor
2196 4821 2207 4856 :
2236 4814 2288 4858 et
2316 4820 2432 4859 cum
2460 4808 2723 4873 sapientes
2752 4809 3031 4878 Babylonis
3058 4829 3260 4867 rursum
3286 4817 3398 4868 la:-

1846 4900 2042 4957 rerent,
2075 4893 2242 4960 ipsum
2274 4894 2430 4948 solvit
2479 4896 2655 4949 Daniel
2683 4937 2696 4961 ,
2730 4898 2941 4966 regique
2979 4910 3160 4954 auctor
3189 4913 3264 4957 est
3296 4951 3307 4972 ,
3337 4916 3405 4960 ut

1845 4982 2141 5049 iniquitates
2168 4998 2289 5037 suas
2315 4985 2664 5055 eleemosynis
2700 4987 2940 5042 redimat.
2972 4990 3076 5044 Nec
3096 4992 3183 5044 diu
3210 5005 3390 5064 postea

1844 5072 2031 5123 somnii
2064 5073 2238 5124 exitus
2279 5074 2483 5135 evenit;
2527 5075 2859 5143 laudavitque
2907 5078 3389 5139 Nabuchodonosor

1844 5160 2029 5212 Deum.
2065 5160 2242 5215 Sacris
2272 5163 2449 5229 templi
2479 5164 2616 5216 vasis
2637 5164 2788 5231 jussu
2820 5166 3101 5221 Baltasaris
3131 5173 3264 5237 regis
3300 5172 3389 5226 ﬁlii

1844 5246 2379 5303 Nabuchodonosoris
2406 5250 2627 5316 eductis,
2657 5268 2773 5305 cum
2803 5254 2853 5307 in
2885 5256 2985 5310 illis
3006 5268 3391 5325 potarentcon-

1843 5339 1991 5401 vivae,
2035 5341 2160 5393 exiit
2197 5341 2448 5395 articulus
2486 5357 2670 5396 manus
2696 5386 2708 5407 ,
2742 5347 2828 5414 qui
2875 5348 3108 5400 exaravit
3156 5349 3206 5401 in
3236 5365 3390 5404 muro

1845 5429 2182 5495 scripturam,
2214 5446 2367 5497 quant
2399 5432 2554 5485 etiam
2582 5448 2698 5486 eum
2730 5449 2834 5486 non
2867 5445 3078 5502 possent
3118 5439 3389 5506 sapientes

1843 5518 2121 5587 Babylonis
2144 5521 2426 5587 explicare,
2461 5523 2642 5575 Daniel
2675 5524 2793 5591 legit
2816 5533 2869 5576 et
2893 5524 3385 5592 interpretatusest;

1844 5608 2157 5673 indutosque
2185 5621 2265 5666 est
2285 5625 2510 5680 purpura
2533 5655 2546 5681 ,
2574 5614 3161 5687 circmnposucruntque
3197 5621 3245 5673 ei
3280 5630 3381 5674 tor-
