4138 6306
756 337 866 395 383

753 449 907 504 quem
931 448 1148 489 aureum
1171 473 1184 499 ,
1227 435 1743 506 praedicaveruntque
1781 454 1900 492 cum
1931 451 2050 492 esse
2079 438 2291 491 tertium

753 523 1042 589 principem
1075 524 1124 574 in
1155 537 1337 590 regno.
1365 524 1491 578 Cum
1512 535 1754 594 regnaret
1781 527 1962 579 Darius
1986 527 2181 588 Medus,
2203 528 2299 580 Da-

755 609 892 664 niele
920 610 1154 678 principe
1181 612 1482 674 constituto,
1518 616 1723 682 cogitur
1747 631 1774 667 a
1802 615 2026 667 tribunis
2053 625 2103 667 et
2129 624 2298 666 satra-

753 699 832 764 pis
863 698 1130 751 decretum
1162 701 1487 768 promulgare
1515 741 1530 765 ,
1575 712 1628 753 ut
1661 703 1976 769 quicumque
2034 703 2166 754 intra
2209 704 2300 754 tri-

754 784 895 852 ginta
945 786 1058 839 dies
1099 787 1292 856 aliquid
1331 790 1409 842 vel
1433 787 1500 840 ab
1529 789 1739 842 homine
1765 791 2007 857 quopiam
2034 790 2114 843 vel
2143 805 2172 841 a
2199 789 2298 844 deo

751 884 973 941 peteret.
998 887 1343 943 przeterqnam
1367 892 1394 928 a
1420 891 1562 945 rege,
1598 879 1651 930 in
1679 879 1846 931 lacum
1875 879 2088 932 leonum
2117 879 2298 946 injice-

754 973 920 1016 retur.
949 964 1063 1029 Quo
1107 965 1274 1030 facto,
1313 980 1430 1019 cum
1469 967 1840 1022 observassent
1885 970 2150 1023 Danielem
2181 986 2298 1038 pre-

751 1047 861 1099 cari
878 1048 1061 1112 Deum,
1091 1048 1260 1115 ipsum
1287 1049 1686 1114 calumniantur,
1718 1060 2010 1120 coguntque
2039 1067 2212 1121 regem
2232 1053 2296 1106 ad

753 1137 1090 1205 injiciendum
1118 1138 1264 1191 illum
1296 1139 1347 1191 in
1393 1139 1584 1192 lacum.
1629 1141 1758 1194 Cum
1801 1141 2068 1208 injecisset
2095 1151 2292 1204 autem,

758 1229 846 1282 ubi
876 1236 1054 1297 postea
1075 1231 1293 1282 accessit
1320 1239 1372 1282 et
1396 1230 1602 1283 salvum
1633 1232 1844 1299 reperit,
1873 1231 2015 1284 illum
2059 1233 2238 1285 eduxit
2263 1247 2293 1286 e

751 1313 904 1368 lacu:
944 1315 1061 1369 illos
1099 1325 1269 1369 autem
1304 1317 1389 1384 qui
1434 1317 1602 1383 ipsum
1634 1319 1684 1370 in
1713 1317 1881 1370 lacum
1913 1319 2051 1384 injici
2082 1333 2297 1373 curave-

756 1412 874 1456 rant
904 1417 1023 1456 cum
1055 1405 1304 1456 uxoribus
1335 1405 1598 1471 perdidit,
1651 1406 1883 1459 leonibus
1910 1407 2162 1474 objectos.
2195 1408 2296 1461 De-

757 1501 1060 1560 cretumque
1110 1494 1490 1560 promulgavit,
1519 1503 1574 1546 ut
1600 1509 1783 1547 omnes
1828 1495 1991 1550 Deum
2029 1496 2292 1549 timerent.

764 1582 914 1636 Videt
946 1583 1168 1635 ferarum
1199 1582 1470 1645 visionem,
1505 1599 1598 1650 per
1621 1585 1856 1648 leaenam,
1894 1599 2109 1655 regnum
2135 1585 2297 1654 Assy-

756 1672 970 1734 riorum,
1003 1686 1095 1739 per
1121 1685 1318 1736 ursum,
1354 1671 1617 1725 Medorum
1646 1681 1699 1726 et
1729 1672 2024 1737 Persarum,
2055 1688 2148 1742 per
2178 1688 2296 1742 par-

752 1760 900 1823 dum,
928 1758 1288 1823 Macedonum,
1318 1774 1409 1826 per
1436 1769 1673 1827 quartam
1702 1759 1884 1825 feram,
1914 1761 2292 1814 Romanorum.

757 1849 1082 1902 Vaticinatur
1107 1851 1262 1902 etiam
1295 1850 1359 1902 de
1387 1850 1616 1916 Christo,
1640 1859 1693 1904 ct
1736 1851 1802 1904 de
1830 1851 2087 1906 Antiocho
2109 1852 2290 1920 impio.

761 1938 857 1992 llic
882 1941 1020 1991 cnim
1048 1949 1126 1992 est
1149 1954 1309 1993 cornu
1328 1955 1559 2007 parvum,
1578 1941 1715 2009 quod
1740 1943 1968 1995 excussit
1986 1942 2078 1995 tria
2096 1942 2291 2010 priora.

764 2029 1080 2082 Vaticinatur
1103 2030 1362 2098 quomodo
1390 2031 1680 2084 Alexander
1701 2031 1912 2085 Macedo
1939 2047 2155 2100 regnum
2169 2033 2294 2086 Pcr-

757 2132 932 2171 sarum
972 2119 1158 2181 solvit;
1187 2120 1402 2172 arietem
1429 2119 1605 2172 dicens
1632 2135 1807 2188 regem
1830 2121 2102 2175 Persarum
2127 2162 2144 2189 ,
2187 2124 2293 2177 hir-

754 2222 871 2260 cum
903 2208 1255 2260 Alexandrum
1302 2207 1655 2262 Macedonem.
1707 2209 1894 2263 Ultima
1921 2213 2050 2265 visio
2104 2213 2188 2266 hic
2229 2213 2294 2267 de

762 2297 940 2364 regina
964 2297 1129 2349 austri
1158 2297 1345 2350 dicitur
1367 2300 1416 2350 in
1453 2298 1586 2351 libro
1611 2293 2022 2354 Machabtcorum
2055 2304 2290 2371 reperiri.

749 2386 933 2439 Belum
963 2386 1160 2440 decutit
1199 2395 1251 2440 et
1290 2386 1570 2441 draconem
1601 2389 1826 2455 occidit;
1874 2391 1925 2444 in
1967 2392 2133 2446 lacum
2175 2407 2294 2461 pro-

751 2475 923 2530 iicitur
974 2485 1028 2528 et
1073 2486 1347 2540 servatur,
1399 2485 1451 2529 et
1494 2477 1580 2545 qui
1632 2477 1682 2530 in
1730 2493 1882 2531 causa
1935 2489 2113 2547 erant,
2155 2482 2293 2550 quod

747 2563 1017 2631 conjectus
1052 2563 1274 2628 fuisset,
1319 2565 1623 2632 injiciuntur
1661 2574 1716 2620 et
1763 2567 2079 2623 devorantur
2113 2584 2141 2622 a
2186 2571 2294 2623 leo-

753 2653 924 2706 nibus.

1446 2779 1592 2817 OSEE.

818 2874 1038 2928 Jubctnr
1067 2875 1301 2944 accipere
1325 2890 1539 2930 uxorem
1569 2878 1916 2942 meretricem,
1943 2887 1996 2932 ct
2021 2891 2292 2935 nascentes

747 2963 972 3017 infantes
995 2979 1183 3018 vocare
1210 2965 1429 3029 Jezraet,
1465 2964 1581 3018 Non
1608 2967 1990 3020 misericordiam
2023 2986 2292 3039 consequu-

749 3064 870 3120 tum,
899 3062 952 3109 et
982 3054 1097 3107 Non
1125 3057 1337 3124 populus
1365 3072 1500 3108 meus
1553 3056 1704 3123 (Osee
1746 3060 1794 3111 1.
1829 3060 1882 3112 4.
1914 3061 1966 3112 6.
1996 3059 2071 3129 9).
2104 3061 2169 3113 Et
2201 3077 2289 3115 ac-

744 3153 896 3197 cusat
935 3145 1177 3212 populum
1216 3145 1280 3198 de
1311 3146 1669 3208 fornicatione,
1701 3147 2032 3215 przedicitque
2072 3149 2140 3202 illi
2170 3167 2288 3217 per-

744 3233 967 3295 niciem,
1017 3241 1071 3285 et
1124 3248 1251 3301 opes
1305 3235 1554 3302 quasdam
1620 3245 1736 3302 post
1798 3238 2102 3304 perniciem.
2160 3240 2289 3294 lllnd

742 3330 938 3382 autem,
973 3321 1243 3388 Diaponam
1271 3331 1608 3375 testamentum
1636 3341 1746 3376 cum
1774 3326 1935 3378 bestiis
1963 3328 2104 3395 agri,
2128 3339 2172 3380 et
2202 3329 2286 3381 de-

743 3408 987 3477 sponsabo
1007 3409 1058 3460 in
1085 3409 1183 3475 [ide
1209 3409 1357 3477 (Osee
1385 3411 1438 3462 2.
1475 3411 1584 3480 18),
1611 3421 1779 3479 potest
1803 3413 1966 3481 accipi
1985 3415 2048 3468 de
2074 3416 2291 3469 creden-

743 3498 882 3553 tibus
915 3499 965 3552 in
995 3499 1279 3552 Christum.
1312 3499 1531 3554 Jubetur
1554 3501 1791 3570 accipere
1822 3518 2037 3556 uxorem
2062 3504 2288 3558 fornica-

741 3589 893 3654 riam,
939 3589 1235 3642 Judzeorum
1279 3589 1658 3643 desolationem
1702 3591 1993 3656 declarans,
2047 3595 2289 3662 ipsosque

743 3686 957 3731 accusat
981 3677 1046 3731 de
1074 3677 1250 3730 multis
1275 3679 1579 3746 magnisque
1607 3679 1853 3747 peccatis,
1888 3688 1991 3733 tam
2020 3684 2286 3750 populum,

743 3780 900 3832 quam
929 3765 1246 3820 sacerdotes.
1274 3765 1593 3820 Criminatur
1622 3783 1828 3837 quoque
1857 3783 2036 3822 eorum
2068 3771 2289 3825 ebrieta-

742 3865 866 3919 tem,
886 3854 1297 3919 fornicationem,
1323 3862 1375 3908 et
1395 3855 1732 3908 iracundiam.
1758 3857 1963 3910 Incusat
1978 3858 2113 3926 quod
2140 3873 2286 3926 spem

739 3956 768 3994 a
799 3941 906 3993 Deo
934 3940 1325 4007 transferentes,
1348 3943 1398 3995 in
1427 3944 1669 4013 Assyrios
1688 3945 2020 4012 contulerint,
2043 3955 2096 4000 et
2122 3947 2284 4018 Egy-

741 4031 860 4097 ptiis
898 4031 1082 4083 consi
1122 4031 1245 4083 sint.
1295 4030 1721 4101 Vaticinaturque
1749 4034 1824 4086 eis
1854 4034 2121 4089 ultionem.
2158 4038 2288 4091 Dicit

740 4119 1079 4188 Ephraimum
1104 4134 1222 4173 cum
1253 4136 1346 4187 per
1373 4123 1562 4174 auxilia
1591 4123 1688 4175 sibi
1721 4125 1945 4191 praastita
1976 4123 2124 4178 fortis
2159 4141 2285 4180 cva-

736 4211 926 4274 sisset,
975 4210 1131 4264 rebus
1178 4211 1419 4264 secundis
1466 4213 1599 4265 citra
1653 4212 1899 4265 decorum
1949 4230 2096 4267 usum
2145 4231 2282 4269 esse.

736 4300 976 4354 Ostendit
1005 4301 1140 4354 Deus
1179 4317 1326 4356 suam
1369 4304 1506 4356 circa
1562 4304 1817 4358 Israelitas
1860 4306 2282 4371 sollicitudinem,

739 4390 1049 4457 illorumque
1082 4404 1203 4458 erga
1230 4406 1287 4445 se
1317 4392 1573 4461 ingratum
1617 4394 1848 4448 animum
1893 4413 1906 4447 :
1939 4405 1992 4450 et
2021 4396 2286 4450 calamita-

737 4486 814 4530 tes
845 4477 970 4544 ipsis
995 4479 1244 4546 praedicit.

1435 4604 1576 4646 JOEL.

805 4717 1205 4785 Corruptionem
1237 4719 1498 4774 fructuum
1530 4730 1684 4776 terra:
1722 4733 1918 4791 narrat,
1959 4734 2011 4779 et
2049 4725 2285 4780 hortatur

734 4814 791 4858 ut
817 4807 980 4859 Deum
1019 4808 1116 4860 sibi
1149 4809 1429 4875 propitium
1471 4812 1710 4866 reddant.
1756 4815 2076 4869 Vaticinatur
2103 4832 2285 4870 ascen-

733 4910 849 4949 sum
878 4897 1078 4965 Assyrii
1111 4918 1123 4952 :
1159 4909 1336 4965 postea
1359 4916 1482 4954 vero
1509 4903 1643 4955 bona
1671 4906 1912 4972 qumdam
1945 4908 2276 4972 praenuntiat.

734 4983 883 5047 Quod
909 4985 1155 5052 apostolis
1196 4986 1385 5040 accidit
1422 4990 1560 5042 circa
1591 4992 1759 5044 varias
1789 4992 1992 5061 linguas
2025 4996 2279 5061 praedicit.

731 5072 1055 5125 Vaticinatur
1085 5075 1238 5126 etiam
1266 5077 1497 5144 gentium
1528 5080 1835 5145 perniciem,
1879 5097 1994 5149 qua:
2021 5093 2136 5149 post
2160 5086 2279 5137 red-

730 5163 858 5215 itum
884 5179 950 5217 cx
980 5164 1241 5233 Babylone
1266 5168 1362 5220 sub
1388 5167 1712 5223 Zorobabele
1739 5172 1973 5239 contigit.
2004 5171 2098 5227 llic
2126 5189 2281 5243 porro

728 5250 874 5304 locus
898 5252 1199 5320 allegoriam
1233 5256 1481 5310 continet.

1435 5402 1565 5441 AIOS

798 5488 1038 5543 Prmdicit
1083 5490 1377 5558 iniquitates
1433 5494 1705 5562 Damasci,
1754 5500 1926 5564 Gaza),
1969 5502 2113 5572 Tyri,
2157 5506 2277 5558 ldu-

727 5589 998 5645 Inazorum,
1025 5578 1456 5647 Ammanitarum,
1488 5581 1844 5654 Moabitarum,
1869 5588 2013 5645 Juda:
2040 5602 2088 5646 et
2110 5594 2274 5649 lsrac-

1447 323 1504 379 S.
1543 323 1813 382 JOANNIS
1835 323 2304 381 CHRYSOSTOMI
2343 324 2651 386 ARCHIEP.
2692 334 3219 400 CONSTANTINOP.

3849 375 3956 430 384

2406 439 2489 507 lis,
2519 453 2571 497 et
2593 461 2774 515 poenas
2799 467 2914 520 quae
2949 455 3064 510 illos
3100 466 3392 525 exceptura:
3430 471 3570 517 sunt.
3602 463 3944 524 Numerantur

2402 531 2650 588 benecia
2676 551 2704 589 a
2732 539 2838 593 Deo
2867 542 2919 594 in
2953 543 3162 598 Judaeos
3187 547 3396 612 collata,
3437 552 3749 623 illorumque
3783 559 3946 626 negli-

2400 623 2573 687 gentia
2634 633 2688 679 et
2762 640 3136 700 contemptus,
3179 644 3332 704 atque
3359 653 3610 696 aerumna:
3670 658 3786 711 quae
3833 623 3946 699 illos

2402 722 2722 778 exspectant.
2757 717 2996 774 Praedicit
3041 724 3177 777 circa
3221 728 3467 781 mulieres
3508 728 3788 799 Samaritae,
3835 735 3946 788 illas

2401 798 2664 855 ebrietatis
2710 815 2762 856 et
2800 809 2994 874 rapina:
3030 826 3298 868 accusans.
3331 815 3651 874 Vaticinatur
3678 820 3866 876 famem
3896 834 3945 878 et

2400 883 2791 944 dissolutionem
2821 909 2884 946 eo
2912 899 3050 964 quod
3088 915 3189 953 non
3233 913 3679 972 converterentur,
3720 920 3774 964 et
3809 913 3944 979 quod

2401 977 2575 1029 multis
2605 978 2776 1034 allecti
2811 983 2976 1052 plagis
3001 1002 3102 1040 non
3142 992 3385 1047 meliores
3411 997 3716 1051 evaderent.
3744 977 3944 1054 Incusat

2401 1060 2674 1130 lsraelcm,
2723 1070 2859 1136 quod
2913 1087 3004 1125 eos
3053 1079 3137 1142 qui
3186 1093 3243 1131 se
3295 1081 3678 1151 redarguebant
3726 1088 3945 1144 molesto

2401 1151 2640 1208 ferrent:
2681 1167 2732 1210 et
2759 1158 2994 1215 hortatur
3038 1175 3093 1217 ut
3134 1179 3500 1225 convertantur
3523 1175 3586 1227 ad
3631 1175 3816 1230 Deum.
3857 1179 3944 1233 In.

2400 1240 2626 1293 credulis
2660 1248 3005 1302 comminatur
3030 1251 3194 1306 futura
3227 1261 3377 1309 mala.
3410 1259 3483 1312 De
3511 1261 3614 1315 illis
3642 1278 3799 1330 porro
3828 1266 3895 1320 ait
3925 1286 3937 1318 :

2408 1325 2493 1379 Va:
2528 1331 2611 1396 qui
2635 1332 2913 1388 desiderant
2938 1338 3065 1391 diem
3094 1341 3293 1395 Domini
3323 1346 3505 1413 (Amos
3529 1350 3581 1403 5.
3612 1325 3676 1404 1S
3699 1351 3742 1421 ).
3772 1354 3940 1423 Aliqui

2397 1431 2521 1470 vero
2556 1419 2605 1472 id
2633 1423 2924 1477 retulerunt
2962 1427 3026 1479 ad
3065 1428 3293 1486 futurum
3323 1435 3574 1501 judicium
3607 1457 3618 1490 :
3647 1419 3705 1494 ut
3732 1419 3938 1510 quidam

2399 1505 2778 1563 incredulorum
2807 1528 2941 1567 nunc
2968 1516 3144 1571 dicunt
3173 1537 3185 1571 :
3217 1521 3328 1574 Non
3368 1526 3468 1578 erit
3490 1505 3779 1594 judicium;
3806 1534 3940 1600 quod

2397 1595 2439 1645 si
2470 1595 2694 1650 futurum
2725 1608 2826 1665 est,
2856 1604 3046 1657 veniat.
3079 1607 3392 1676 Reprobatio
3420 1613 3669 1671 festorum
3711 1595 3936 1688 illorum,

2398 1685 2769 1741 sacriciorum
2801 1700 2852 1743 et
2881 1697 3262 1760 psalteriorum.
3292 1702 3507 1758 Stellam
3552 1707 3636 1762 dei
3684 1685 3936 1778 llaphani

2395 1772 2674 1830 Saturnum
2703 1779 2828 1833 dicit
2875 1799 2886 1833 :
2937 1788 3176 1850 quoniam
3219 1792 3436 1857 gentiles
3479 1796 3561 1849 dei
3607 1799 3687 1852 sui
3733 1772 3939 1857 saturni

2397 1864 2597 1918 stellam
2627 1881 2743 1920 esse
2770 1870 2948 1923 dicunt
2989 1876 3037 1926 in
3073 1877 3218 1942 rario,
3260 1896 3412 1947 quam
3456 1887 3611 1938 etiam
3659 1889 3940 1946 Saturnum

2396 1962 2599 2007 vocant.
2631 1957 2763 2010 Dicit
2789 1971 2982 2026 autem,
3017 1962 3156 2016 Nunt
3185 1969 3400 2022 victimas
3440 1984 3484 2026 ct
3520 1979 3772 2045 sacricia
3797 1983 3938 2034 oblu-

2396 2039 2518 2092 listis
2565 2045 2689 2096 mihi
2721 2048 2865 2100 annis
2905 2052 3231 2120 quadraginta
3276 2057 3441 2125 (Amos
3483 2063 3535 2114 5.
3577 2039 3707 2134 25)?
3764 2068 3939 2138 Neque

2396 2131 2533 2183 enim
2571 2137 2787 2201 p0pulns
2817 2138 3020 2203 obtulit,
3068 2144 3158 2196 scd
3203 2148 3298 2199 soli
3332 2151 3607 2220 principes,
3637 2131 3758 2210 cum
3800 2131 3941 2214 stetit

2398 2220 2805 2277 tabernaculum.
2834 2226 2926 2280 Hic
2953 2229 3018 2283 de
3050 2240 3157 2286 toto
3189 2239 3376 2303 populo
3420 2242 3668 2309 loquitur.
3716 2249 3940 2303 Accusat

2395 2311 2548 2364 ctiam
2579 2313 2691 2368 illos
2721 2315 2786 2368 (le
2818 2317 3160 2377 immoderato
3189 2326 3325 2391 cibo,
3368 2342 3419 2381 et
3454 2331 3780 2390 calamitates
3818 2337 3940 2405 ipsis

2397 2403 2647 2468 pra-dicit.
2681 2405 2779 2461 Per
2804 2409 3051 2468 locustas.
3095 2424 3148 2468 et
3186 2424 3571 2489 testamentum,
3614 2434 3669 2477 et
3693 2403 3940 2483 adaman-

2396 2498 2518 2556 tem,
2547 2506 2728 2546 eorum
2757 2512 2938 2551 necem
2962 2501 3268 2557 vaticinatur
3292 2525 3304 2559 :
3327 2521 3549 2578 cumque
3575 2512 3688 2567 haec
3717 2518 3941 2572 Amesia:

2394 2582 2501 2677 regi
2535 2583 2896 2650 signicasset,
2929 2590 3013 2645 hic
3040 2595 3344 2662 pr0phetam
3372 2601 3418 2652 vi
3445 2604 3640 2670 repulit
3665 2614 3720 2658 et
3747 2607 3939 2677 abegit.

2393 2668 2485 2723 ille
2509 2687 2634 2725 vero
2659 2674 2755 2743 ipsi
2782 2685 2835 2729 et
2868 2682 3057 2747 populo
3095 2685 3229 2738 mala
3269 2668 3518 2755 praedicit.
3560 2693 3627 2746 Et
3669 2697 3816 2750 videt
3847 2668 3942 2753 vas

2393 2764 2639 2829 aucupis;
2671 2780 2763 2831 per
2785 2766 2882 2822 hoc
2909 2781 3080 2824 autem
3108 2772 3247 2842 ipsos
3272 2780 3555 2845 capiendos
3580 2798 3701 2839 esse
3722 2786 3935 2844 indicat.

2393 2847 2693 2916 Iniquitates
2733 2863 2786 2906 et
2833 2855 3103 2912 violentias
3141 2877 3319 2917 eorum
3358 2879 3648 2938 enumerat,
3701 2883 3757 2927 et
3806 2878 3939 2930 mala

2395 2937 2535 3003 ipsos
2552 2939 2812 2995 invasura.
2833 2944 2962 3000 illud
2985 2958 3156 3003 autem
3178 2967 3190 3003 :
3215 2952 3412 3008 Occidet
3436 2959 3512 3010 sol
3536 2937 3742 3015 meridie
3767 2964 3940 3032 (Amos

2392 3025 2444 3079 8.
2474 3024 2551 3094 9),
2583 3027 2648 3083 de
2676 3039 2905 3100 tempore
2934 3039 3190 3103 passionis
3213 3041 3404 3099 Christi
3434 3024 3938 3109 vaticinaturdPrtc-

2392 3113 2514 3168 dicit
2540 3119 2693 3172 etiam
2720 3121 2786 3176 de
2811 3124 3142 3182 credentibus
3172 3130 3222 3183 in
3248 3131 3530 3189 Christum.

3065 3255 3256 3294 ABDIAS.

2465 3337 2718 3394 Ultionem
2760 3343 2828 3397 de
2867 3345 3104 3401 ldummis
3140 3355 3442 3408 sumendam
3487 3359 3740 3425 przedieit,
3781 3377 3935 3431 quam

2391 3427 2618 3492 subiere,
2652 3431 2770 3497 quia
2795 3446 2911 3488 cum
2937 3437 3151 3506 reliquis
3179 3439 3417 3498 hostibus
3443 3446 3750 3504 invaserunt
3772 3427 3936 3508 lsrae-

2392 3512 2528 3567 litas.
2556 3516 2630 3570 De
2657 3517 2907 3574 Ecclesia.

3082 3651 3248 3692 JONAS.

2461 3738 2616 3794 Jonas
2652 3742 2903 3810 propheta
2941 3757 3117 3800 narrat
3145 3749 3314 3819 fugam
3357 3754 3408 3806 in
3447 3754 3684 3822 Tharsis,
3728 3769 3930 3832 tempe-

2390 3837 2598 3894 statem,
2622 3831 2925 3900 deglutitum
2951 3850 3007 3891 sc
3031 3851 3058 3890 a
3080 3848 3213 3903 ceto,
3236 3851 3291 3895 et
3309 3843 3549 3910 ejectum,
3573 3831 3934 3914 pcenitentiam

2389 3915 2752 3981 Ninivitarum.
2807 3935 3064 3979 servatam
3111 3930 3451 3996 cucurbitam,
3502 3948 3830 3994 crescentem
3883 3951 3936 3996 et

2388 4017 2690 4072 pereuntem
2720 4013 3101 4081 complectitur.

3029 4161 3282 4203 MICHJSAS.

2458 4275 2704 4330 Futuram
2758 4278 3130 4336 desolationem
3185 4285 3431 4339 Samarim
3487 4296 3542 4341 et
3596 4289 3935 4361 Jerosolyma:

2388 4365 2640 4429 praedicit,
2671 4381 2984 4438 causamque
3011 4372 3206 4439 adjicit.
3237 4375 3512 4443 Subjungit
3554 4379 3714 4432 etiam
3751 4394 3933 4434 eorum

2388 4453 2608 4507 reditum
2636 4470 2698 4507 ex
2726 4457 3010 4527 Babylone,
3051 4463 3266 4516 crimina
3304 4472 3359 4517 et
3384 4468 3749 4523 accusationes
3788 4472 3934 4538 prin-

2389 4543 2561 4610 cipum
2600 4547 2774 4612 pepuli
2802 4557 2854 4600 et
2882 4550 3230 4614 sacerdotum,
3256 4562 3413 4620 atque
3451 4555 3936 4626 pseudOpropheta-

2388 4650 2521 4686 rum.
2559 4636 2629 4689 De
2657 4637 2887 4692 Ecclesia
2915 4642 3160 4695 credente
3200 4643 3250 4694 in
3291 4645 3565 4699 Dominum
3594 4657 3852 4712 nostrum,
3883 4658 3935 4702 et

2387 4722 2449 4775 de
2473 4722 2617 4777 Novo
2643 4725 2975 4780 Testamento
3003 4746 3014 4780 :
3040 4744 3157 4782 nam
3181 4733 3318 4798 prior
3334 4733 3414 4784 lex
3435 4737 3765 4800 prmteritura
3786 4747 3896 4790 erat
3920 4757 3929 4789 :

2386 4820 2438 4863 et
2479 4812 2542 4864 de
2590 4829 2732 4880 pace.
2780 4815 2907 4868 Mala
2952 4833 3158 4872 rursum
3203 4819 3397 4877 Judaeis
3443 4825 3820 4890 praedicuntur.
3862 4827 3933 4879 De

2386 4899 2575 4954 Christi
2601 4904 2889 4956 secundum
2914 4920 3119 4959 carnem
3154 4912 3508 4978 generatione,
3547 4923 3602 4968 et
3640 4915 3708 4969 de
3746 4916 3810 4968 iis
3849 4917 3931 4983 qui

2388 4990 2437 5040 in
2467 4989 2631 5057 ipsum
2660 4994 2902 5045 credituri
2932 5005 3068 5047 sunt.
3103 4995 3166 5049 Et
3189 4999 3278 5050 erit
3298 5002 3548 5054 residuum
3568 5004 3729 5057 Iacob
3749 5004 3930 5072 (Mich.

2386 5080 2436 5131 5.
2468 5080 2517 5147 7)
2552 5081 2724 5148 :quod
2752 5082 2823 5134 ait
2849 5082 3038 5136 Paulus
3077 5090 3364 5155 apostolus,
3395 5090 3542 5154 Quod
3585 5095 3812 5145 relictum
3846 5097 3931 5146 erit

2385 5171 2649 5220 salvabitur
2679 5171 2848 5238 (Rom.
2896 5172 2945 5224 9.
2986 5174 3096 5241 27).
3123 5176 3380 5230 Judieium
3420 5181 3643 5233 Domino
3685 5182 3932 5235 adversus

2385 5260 2628 5326 populum
2656 5277 2828 5327 suum,
2856 5271 2909 5314 et
2938 5262 3307 5320 beneciorum
3333 5269 3446 5337 ejus
3469 5273 3820 5332 enumeratio,
3851 5288 3929 5326 re.

2497 5390 2549 5436 1
2594 5390 2709 5439 Edit.
2758 5399 2915 5451 nonu,
2961 5394 3205 5458 Raiphan,
3248 5397 3444 5461 legitur.
3489 5400 3546 5448 In
3577 5404 3808 5454 llebraico
3844 5411 3934 5486 )

2383 5482 2680 5556 exprimitur.
2708 5485 3013 5556 teronymus
3036 5499 3151 5536 vero
3169 5495 3342 5539 CtttON.
3379 5491 3627 5556 -

2381 5545 2443 5615 cit
2462 5553 2572 5611 esse
2595 5549 2855 5615 glutinum,
2881 5545 3350 5615 ut_Chrysost0tnas._
3376 5547 3428 5596 In
3463 5549 3569 5601 Act.
3603 5545 3937 5615 Apostdlorutu

2385 5603 2575 5664 legitur,
2601 5604 2648 5661 7,
2672 5604 2745 5664 43,
2771 5606 2906 5658 sidus
2926 5606 3006 5656 dei
3027 5603 3166 5657 vcstri
3190 5608 3459 5669 Rempham.
