4152 6324
179 373 285 430 383

176 473 339 536 λῶνος
367 475 709 545 ἀπορούντων
750 476 1060 544 ἐπιγνῶναι,
1084 479 1113 529 6
1144 479 1338 548 Δανιὴλ
1370 478 1596 543 ἐπέγνω,
1629 479 1722 530 καὶ

176 560 398 612 ἐπέλυσε
430 601 444 625 ,
479 561 569 612 καὶ
619 561 832 630 ἐνεδύθη
877 563 1156 632 πορφύραν
1183 603 1196 625 ,
1245 565 1336 614 καὶ
1398 563 1723 632 περιέθηκαν

176 645 321 713 αύτῷ
354 646 619 714 μανιάκην
649 647 897 714 χρυσοῦν,
930 649 1021 699 καὶ
1071 648 1337 717 ἐκήρυξαν
1366 649 1522 699 αὑτὸν
1548 649 1724 716 τρίτον

177 730 408 798 ἄρχοντα
434 727 568 783 εἶναι
597 733 651 782 ἐν
703 735 767 800 τῇ
814 731 1073 801 βασιλείᾳ.
1101 733 1428 794 Βασιλεύσας
1457 735 1672 802 Δαρεῖος
1699 735 1726 784 ὁ

178 816 378 884 Μῆδος,
423 818 517 867 καὶ
553 819 891 886 καταστήσας
931 818 1158 888 ἄρχοντα
1198 820 1284 870 τὸν
1316 819 1526 888 Δανιὴλ,
1557 821 1724 886 ἀναγ-

178 901 401 964 κάζεται
431 902 530 953 ὑπὸ
558 902 663 952 τῶν
695 903 962 953 τακτικῶν
989 903 1081 954 κα)⁸
1113 904 1397 971 σατραπῶν
1418 904 1589 972 δόγμα
1627 921 1725 955 κυ-

180 988 371 1057 ρῶσαι,
399 987 536 1038 ὥστε
582 988 671 1038 τὸν
721 988 968 1040 αἰτοῦντα
1013 989 1161 1055 παρά
1215 988 1494 1058 ἀνθρώπου
1540 988 1723 1056 ἢθεοῦ

178 1078 415 1144 αἴτημα,
447 1076 583 1144 πλὴν
624 1075 771 1145 παρὰ
812 1076 903 1127 τοῦ
948 1075 1237 1142 βασιλέως,
1268 1077 1395 1128 εἴσω
1440 1077 1728 1144 τριάκοντα

175 1162 419 1232 ἡμερῶν,
452 1161 778 1230 ἐμϐληθῆναι
811 1163 888 1223 είς
918 1162 1005 1212 τὸν
1035 1160 1181 1230 [589]
1216 1161 1413 1214 λάκκον
1450 1161 1553 1213 τῶν
1581 1162 1726 1213 λεόν-

175 1250 302 1302 τῶν.
356 1251 460 1301 Καὶ
519 1249 704 1300 τούτου
759 1249 1080 1318 γενομένου,
1116 1251 1592 1318 παρατηρήσαντες
1638 1248 1728 1300 τὸν

175 1337 372 1406 Δανιὴλ
421 1336 703 1403 εὐχόμενον
745 1334 821 1402 τῷ
878 1334 1025 1403 Θεῷ,
1076 1335 1442 1394 διαϐάλλουσι,
1481 1337 1572 1386 καὶ
1603 1352 1730 1387 κατ-

176 1423 536 1492 αναγκάζουσι
559 1423 645 1474 τὸν
669 1422 887 1491 βασιλέα
912 1422 1165 1490 ἐμϐαλεῖν
1195 1423 1350 1473 αὑτὸν
1381 1424 1454 1483 είς
1488 1423 1575 1473 τὸν
1599 1423 1729 1480 λάκ-

176 1527 288 1564 κον.
340 1507 611 1578 Ἐμϐαλὼν
643 1509 696 1560 δὲ
715 1547 727 1570 ,
755 1508 846 1561 καὶ
875 1507 1180 1576 προσελθὼν
1202 1548 1215 1570 ,
1243 1509 1335 1560 καὶ
1370 1507 1505 1559 σῶον
1534 1509 1725 1577 εὑρὼν,

176 1597 262 1648 τὸν
299 1596 398 1665 μὲν
426 1596 661 1664 ἀνήγαγε
691 1593 782 1644 τοῦ
812 1592 1012 1644 λάκκου
1037 1632 1047 1651 ,
1081 1593 1205 1654 τοὺς
1233 1591 1287 1642 δέ
1319 1591 1606 1659 βάλλοντας
1635 1596 1729 1645 αύ-

176 1684 263 1734 τον
308 1681 442 1750 μετὰ
487 1681 593 1732 τῶν
645 1679 914 1748 γυναικῶν
947 1677 1188 1730 ἀπώλεσε
1217 1681 1325 1740 τοῖς
1347 1678 1522 1730 λέουσι
1554 1697 1729 1748 παρα-

176 1768 319 1830 δούς.
349 1769 455 1819 Καὶ
489 1767 659 1834 δόγμα
693 1766 870 1834 ἐθηκε,
912 1765 1113 1825 πάντας
1150 1764 1422 1831 φοϐεῖσθαι
1458 1764 1545 1815 τὸν
1580 1765 1726 1818 Θεόν.

189 1856 324 1924 Ὁρᾷ
346 1854 440 1921 τὴν
467 1853 649 1920 ὅρασιν
675 1851 778 1902 τῶν
808 1850 1026 1919 θηρίων,
1049 1851 1134 1900 διὰ
1163 1851 1256 1918 μέν
1284 1851 1380 1918 τῆς
1398 1851 1731 1920 λεαίνης.τὴν

192 1939 496 2008 Ἀσσυρίων
528 1936 913 2006 βασιλείαν,διά
949 1936 1004 1986 δέ
1038 1937 1134 2003 τῆς
1168 1937 1506 2005 ἄρκτου,τῶν
1538 1937 1731 2005 Μήδων

179 2027 269 2079 καὶ
332 2025 579 2092 Περσῶν,
620 2023 706 2076 διὰ
735 2023 789 2075 δέ
840 2023 934 2090 τῆς
985 2023 1316 2091 παρδάλεως,
1350 2023 1455 2074 τῶν
1496 2023 1733 2074 Μακεδό-

180 2131 306 2174 νων,
364 2111 450 2162 διά
499 2111 553 2162 δέ
591 2109 682 2162 τοῦ
733 2109 988 2178 τετάρτου
1030 2108 1214 2177 θηρίου
1239 2149 1251 2170 ,
1290 2110 1392 2160 τῶν
1432 2109 1729 2176 Ῥωμαίων.

183 2197 515 2268 Προφήτεύει
543 2196 596 2248 δέ
631 2196 722 2246 καὶ
751 2196 876 2262 περὶ
902 2193 993 2245 τοῦ
1031 2193 1260 2262 Χριστοῦ
1280 2233 1294 2258 ,
1334 2195 1424 2244 καὶ
1455 2195 1578 2263 περὶ
1620 2196 1733 2245 ’Λν-

180 2285 358 2351 τιόχου
391 2280 482 2332 τοῦ
505 2281 746 2341 ἀσεϐοῦς.
777 2273 939 2341 Οῦτος
979 2281 1084 2348 γάρ
1124 2281 1234 2330 ἐστι
1271 2279 1332 2331 τὸ
1375 2279 1537 2348 κέρας
1564 2280 1620 2330 τὸ
1648 2298 1733 2348 μι-

181 2365 332 2433 κρὸν,
367 2363 424 2414 τὸ
457 2361 734 2424 ἐκτινάξαν
763 2361 886 2428 τρία
919 2361 1024 2411 τῶν
1056 2361 1377 2429 ἔμπροσθεν.
1398 2362 1731 2430 Προφήτεύει

183 2447 295 2506 πῶς
339 2443 676 2512 Ἀλέξανδρος
709 2445 734 2495 6
760 2442 1013 2495 Μακεδὼν
1039 2443 1297 2494 κατέλυσε
1327 2443 1422 2508 τὴν
1463 2443 1734 2510 βασιλείαν

184 2527 405 2596 Περσῶν
435 2544 446 2556 ο
480 2525 567 2577 τὸν
595 2525 689 2594 μὲν
719 2525 866 2594 κριὸν
905 2527 993 2576 τὸν
1028 2524 1246 2592 βασιλέα
1281 2524 1501 2592 Περσῶν
1540 2525 1729 2590 λέγων,

182 2615 268 2665 τὸν
323 2615 378 2665 δέ
431 2614 628 2681 τράγον
691 2612 1032 2680 Ἀλέξανδρον
1077 2612 1168 2662 τὸν
1207 2612 1506 2664 Μακεδόνα.
1570 2613 1629 2663 Ἡ
1677 2613 1732 2664 δέ

182 2701 382 2769 ἐσχάτη
414 2702 596 2768 ὅρασις
629 2699 879 2759 ἐνταῦθα,
928 2700 1053 2769 περὶ
1093 2699 1190 2767 τῆς
1243 2699 1554 2768 βασιλίσσης
1583 2701 1731 2752 νότου

185 2788 345 2854 φησιν
376 2788 431 2836 ἐν
459 2784 535 2852 τῷ
577 2785 764 2854 βιϐλίῳ
808 2785 912 2837 τῶν
959 2785 1326 2838 Μακκαϐαίων
1371 2787 1728 2855 εὑρίσκεσθαι.

181 2873 282 2924 Τὸν
339 2873 444 2939 Βὴλ
488 2874 756 2940 κατασπᾷ,
804 2871 1011 2924 καὶτὸν
1060 2871 1325 2940 δράκοντα
1372 2874 1619 2941 ἀναιρεῖ·
1655 2876 1734 2936 είς

183 2959 268 3009 τὸν
302 2959 499 3011 λάκκον
527 2959 844 3028 ἐμϐάλλεται
875 2958 966 3011 καὶ
1001 2958 1336 3022 διασώζεται,
1365 2959 1455 3011 καὶ
1496 2961 1543 3010 οἱ
1575 2961 1733 3014 αἴτιοι

183 3045 272 3098 τοῦ
303 3045 634 3115 ἐμϐληθῆναι
662 3045 820 3098 αὐτὸν
850 3045 1203 3115 ἐμϐάλλονται
1237 3047 1328 3099 καὶ
1361 3047 1734 3100 ἀναλίσκονται

187 3131 287 3183 ὑπὸ
316 3131 424 3184 τῶν
449 3131 692 3186 λεόντων.

869 3225 1058 3292 Ὠσηέ.

251 3323 540 3376 Κελεύεται
583 3322 764 3374 λαϐεῖν
793 3325 1022 3388 γυναῖκα
1071 3322 1292 3392 πόρνην,
1327 3324 1417 3376 καὶ
1458 3324 1526 3376 τά
1558 3326 1732 3378 τικτό-

189 3422 320 3473 μινα
372 3404 556 3456 παιδία
607 3403 862 3472 ὀνομάσαι
903 3401 1172 3469 Ἰεζραὴλ,
1216 3406 1334 3457 Οὐκ
1376 3405 1734 3472 ἠλεημένην,

187 3487 275 3538 καὶ
310 3487 389 3538 Οὐ
415 3486 561 3547 λαός
599 3503 734 3551 μου.
780 3486 884 3536 Καὶ
919 3485 1135 3550 ἐγκαλεῖ
1168 3485 1242 3554 τῷ
1293 3485 1403 3552 λαῷ
1449 3488 1733 3555 πορνείαν·

186 3569 273 3619 καὶ
300 3567 548 3635 προλέγει
570 3567 716 3632 αὐτῷ
741 3565 1030 3627 ἀπώλειαν,
1063 3567 1151 3617 καὶ
1182 3565 1435 3634 χρήματά
1454 3584 1570 3618 τινα
1601 3569 1738 3636 μετά

185 3649 278 3716 τὴν
319 3646 613 3699 ἀπώλειαν.
663 3648 733 3697 Τὸ
782 3647 856 3708 δέ,
887 3647 1243 3714 Διαθήσομαι
1280 3647 1570 3714 διαθήκην
1590 3650 1738 3715 μετὰ

184 3727 296 3778 τῶν
332 3728 549 3793 θηρίων
575 3725 677 3778 τοῦ
711 3726 918 3792 ἀγροῦ,
949 3728 1040 3778 καὶ
1068 3729 1516 3794 μνηστεύσομαι
1546 3729 1614 3780 ἑν
1645 3731 1738 3780 πί-

185 3824 330 3868 στει,
363 3808 581 3859 δύναται
628 3807 993 3874 λαμϐάνεσθαι
1020 3811 1097 3870 είς
1127 3809 1252 3869 τοῦς
1283 3809 1629 3871 πιστεύοντας
1664 3809 1738 3879 τῷ

183 3887 417 3958 Χριστῷ.
471 3889 870 3956 Προστάσσεται
917 3888 1095 3939 λαϐεῖν
1151 3891 1379 3956 γυναῖκα
1440 3891 1734 3958 μοιχαλίδα,

189 3970 400 4038 μηνύων
455 3969 550 4037 τὴν
603 3970 873 4038 ἐρήμωσιν
926 3969 1030 4020 τῶν
1072 3970 1352 4033 Ἰουδαίων,
1383 3971 1472 4022 καὶ
1523 3972 1739 4038 ἐγκαλεῖ

184 4051 360 4111 αὐτοῖς
397 4048 562 4101 πολλά
595 4053 684 4100 καὶ
723 4049 929 4116 μεγάλα
967 4052 1352 4120 ἁμαρτήματα,
1382 4051 1457 4120 τῷ
1512 4069 1571 4104 τε
1626 4053 1737 4122 λαῷ

187 4132 400 4192 καὶτοῖς
433 4129 653 4200 ίερεῦσι.
694 4130 973 4182 Διαϐάλλει
1015 4149 1070 4183 τε
1102 4133 1295 4193 αὐτοῦς
1317 4134 1408 4184 καὶ
1440 4134 1517 4194 είς
1547 4134 1734 4202 μέθην,

185 4215 275 4267 καὶ
313 4216 388 4275 είς
431 4214 691 4282 μοιχείαν,
734 4216 826 4264 καὶ
877 4215 952 4275 εἰς
997 4214 1182 4282 θυμόν.
1225 4215 1472 4280 Ἐγκαλεῖ
1511 4216 1590 4268 ὅτι
1641 4216 1737 4285 τὴν

189 4295 369 4346 ἐλπίδα
419 4295 525 4347 ἀπὸ
551 4293 643 4346 τοῦ
690 4295 821 4346 Θεοῦ
851 4297 1264 4362 μεταγαγόντες,
1306 4299 1394 4349 ἐπὶ
1429 4299 1738 4365 Ἀσσυρίους

187 4377 426 4446 ἤλπιζον,
477 4377 569 4428 καὶ
615 4376 927 4442 Αἰγυπτίοις
984 4378 1262 4447 ἐθάρρουν.
1321 4380 1425 4431 Καὶ
1486 4381 1738 4450 προλέγει

187 4460 362 4521 αὐτοῖς
382 4459 666 4527 τιμωρίας.
687 4457 842 4523 Λέγει
861 4458 938 4509 ὅτι
955 4458 1040 4509 διά
1053 4459 1112 4508 τὸ
1133 4458 1436 4526 βοηθεῖσθαι
1456 4462 1740 4529 γενόμενος

189 4541 400 4610 ἰσχυρὸς
433 4544 460 4591 6
509 4539 763 4607 Ἑφραῒμ,
796 4540 891 4591 οὐκ
915 4541 990 4601 εἰς
1019 4540 1131 4591 δέον
1159 4541 1423 4610 ἐχρήσατο
1449 4545 1510 4608 τῇ
1534 4544 1738 4612 εὐπρα-

186 4624 294 4690 γία.
316 4621 589 4672 Δείκνυσιν
613 4622 639 4670 ό
661 4619 790 4679 Θεὸς
819 4621 914 4687 τήν
944 4636 1000 4669 τε
1036 4621 1222 4671 ἐαυτοῦ
1251 4623 1376 4690 περὶ
1405 4623 1528 4684 τοὺς
1565 4624 1738 4692 Ἰσρα-

184 4703 367 4770 ηλίτας
419 4700 774 4769 κηδεμονίαν,
822 4700 912 4750 καὶ
968 4701 1062 4767 τὴν
1125 4702 1343 4753 ἐκείνων
1402 4704 1527 4772 περὶ
1583 4706 1740 4756 αὑτὸν

185 4781 568 4851 ἀγνωμοσύνην
590 4797 601 4809 '
631 4782 721 4833 καὶ
744 4781 992 4850 προλέγει
1027 4782 1207 4843 αὐτοῖς
1241 4786 1538 4852 συμφοράς.

853 4888 1013 4952 Ἰωήλ
1036 4895 1073 4941 '.

253 4982 551 5053 Διαφθοράν
579 4982 724 5049 λέγει
747 4983 850 5034 τῶν
872 4983 968 5050 τῆς
1003 4982 1104 5050 γῆς
1142 4984 1387 5052 καρπῶν,
1418 4987 1507 5037 καὶ
1542 5004 1741 5055 παραι-

189 5069 264 5117 νεῖ
294 5065 670 5130 ἐξιλεώσασθαι
697 5064 785 5115 τὸν
811 5064 958 5116 Θεόν.
986 5066 1094 5134 Τὴν
1128 5065 1308 5119 ἄνοδον
1331 5066 1419 5118 τοῦ
1459 5069 1741 5137 Ἀσσυρίου

190 5151 463 5220 προλέγει·
522 5147 857 5216 προφητεύει
894 5147 947 5198 δὲ
999 5149 1090 5199 καὶ
1142 5147 1277 5216 μετά
1320 5149 1488 5201 ταῦτα
1536 5153 1745 5218 χρηστά

189 5249 324 5283 τινα.
366 5231 434 5282 T6
477 5229 689 5299 συμϐάν
731 5227 954 5279 ἐπὶτῶν
987 5229 1296 5282 ἀποστόλων
1342 5232 1400 5282 τὸ
1438 5232 1541 5282 τῶν
1574 5232 1745 5298 γλωσ-

193 5312 295 5363 σῶν
323 5313 590 5380 προλέγει.
611 5309 943 5379 Προφήτεύει
963 5310 1017 5360 δέ
1040 5311 1254 5361 καὶτῶν
1281 5312 1446 5364 ἐθνῶν
1477 5314 1745 5365 ἀπώλειαν

189 5395 280 5462 τήν
304 5394 593 5461 γενομένην
627 5390 763 5459 μετά
801 5391 894 5459 τὴν
930 5391 1181 5443 ἐπάνοδον
1207 5395 1302 5460 τὴν
1334 5396 1396 5445 ἐκ
1434 5395 1746 5455 Βαϐυλῶνος

192 5474 276 5524 ἐπὶ
307 5473 620 5543 Ζοροϐάϐελ.
653 5474 799 5541 Ἔχει
839 5472 892 5524 δὲ
937 5472 1028 5524 καὶ
1069 5473 1388 5545 ἀλληγορίαν
1432 5476 1490 5527 τὸ
1553 5478 1746 5544 χωρίον

190 5573 343 5608 τουτο

247 5703 266 5722 ⁶
289 5705 344 5754 In
362 5719 469 5756 mss.
500 5707 629 5757 male
667 5707 836 5770 Ἀμώς.

1215 364 1544 424 SYNOPSIS
1584 363 1993 421 SCRIPTUME
2031 367 2300 424 SACRE.

3283 385 3392 438 384

2497 485 2667 552 Ἀμώς
2694 496 2730 538 ⁸.

1896 558 2038 630 [390]
2070 563 2177 624 Τάς
2195 565 2418 632 ἀνομίας
2447 567 2751 634 Δαμασκοῦ,
2781 568 2974 637 Γάζης,
3001 567 3197 638 Τύρου,
3217 568 3378 619 Ἰδου-

1829 641 2020 708 μαίων,
2069 643 2428 711 Ἀμμανιτῶν,
2462 647 2782 709 Μωαϐιτῶν,
2833 650 2999 702 Ἰούδα
3040 651 3131 700 καὶ
3169 649 3380 717 Ἰσραὴλ

1826 721 2092 788 προλέγει,
2123 724 2215 774 καὶ¹
2244 725 2339 785 τάς
2361 725 2731 794 διαδεξομένας
2759 729 2952 790 αὐτοὺς
2978 729 3379 797 τιμωρίας.Τάς

1825 803 2135 870 εὐεργεσίας
2158 804 2253 865 τὰς
2279 807 2357 867 είς
2382 809 2506 868 τοὺς
2538 808 2815 869 Ἰουδαίους
2837 811 3129 877 γενομένας
3157 811 3258 861 ὑπὸ
3284 811 3378 862 τοῦ

1825 889 1957 939 Θεοῦ
2011 891 2414 960 ἀπαριθμεῖται.
2447 896 2538 946 καὶ
2586 896 2680 965 τὴν
2745 898 2920 948 αὐτῶν
2966 899 3246 967 ὀλιγωρίαν
3287 901 3378 952 καὶ

1828 973 2237 1040 καταφρόνησιν,
2271 977 2362 1027 καὶ
2401 977 2466 1027 τά
2503 979 2860 1046 περιμένοντα
2911 982 3105 1044 αὐτοὺς
3150 983 3374 1050 χαλεπά.

1827 1053 1967 1119 Πρὸς
2004 1055 2100 1116 τάς
2148 1059 2405 1122 γυναῖκας
2438 1059 2536 1126 τῆς
2587 1060 2890 1129 Σαμαρείας
2929 1065 3005 1124 είς
3066 1063 3253 1131 μέθην,
3303 1066 3380 1123 είς

1828 1135 2076 1202 ἁρπαγὴν
2107 1136 2398 1190 διαϐάλλων
2456 1141 2726 1209 προλέγει.
2775 1145 3031 1212 Προλέγει
3081 1145 3231 1213 λιμὸν
3289 1147 3381 1197 καὶ

1826 1216 2060 1268 διάλυσιν
2089 1219 2172 1270 διὰ
2196 1220 2252 1270 τὸ
2276 1223 2680 1291 ἀνεπίστροφον,
2720 1228 2809 1276 καὶ
2840 1228 2916 1278 ὅτι
2943 1228 3105 1279 πολλὰ
3151 1227 3379 1296 πληγέν-

1827 1314 1933 1360 τες,
1968 1300 2062 1350 ούκ
2088 1301 2331 1366 ἐγένοντο
2357 1304 2612 1371 βελτίους.
2659 1309 2904 1374 Ἐγκαλεῖ
2929 1309 3003 1377 τῷ
3035 1309 3261 1379 Ἰσραὴλ,
3300 1311 3382 1361 ὅτι

1830 1379 1959 1445 πρὸς
1983 1382 2105 1442 τοὺς
2129 1382 2441 1450 ἐλέγχοντας
2471 1388 2663 1449 αὐτοὺς
2705 1390 3095 1459 ἐδυσχέραινον,
3129 1393 3217 1442 καὶ
3247 1409 3383 1460 παρ-

1829 1464 1966 1512 αινεῖ
2016 1463 2334 1533 ἐπιστρέψαι
2391 1469 2522 1536 πρὸς
2573 1472 2662 1522 τὸν
2715 1473 2864 1525 Θεόν.
2918 1474 3150 1526 Ἀπειλεῖ
3198 1474 3252 1526 δὲ
3293 1476 3385 1527 καὶ

1828 1545 1937 1604 τοῖς
1969 1544 2270 1608 ἀπιστοῦσι,
2294 1544 2394 1599 ’δτι
2437 1551 2555 1617 ήξει
2586 1551 2653 1602 τὰ
2694 1554 2856 1605 κακά.
2910 1557 3042 1624 Περὶ
3075 1556 3249 1606 αὐτῶν
3278 1557 3384 1622 γάρ

1832 1639 1990 1691 φησιν
2014 1642 2024 1653 ·
2048 1628 2187 1678 Οὐαὶ
2219 1631 2271 1679 ol
2291 1628 2713 1698 ἐπιθυμοῦντες
2738 1633 2850 1700 τὴν
2884 1636 3107 1703 ἡμέραν
3141 1639 3381 1702 Κυρίου.

1832 1706 1981 1767 Τινὲς
2004 1707 2056 1757 δὲ
2082 1709 2206 1759 αὐτὸ
2234 1710 2478 1772 ἐξέλαϐον
2507 1716 2584 1775 είς
2622 1715 2716 1783 τὴν
2741 1717 3032 1784 μέλλουσαν
3068 1721 3243 1786 κρίσιν
3269 1736 3281 1748 ⁸
3311 1719 3383 1778 ὡς

1832 1787 1924 1837 καὶ
1946 1789 1971 1825 b
2005 1787 2097 1838 νῦν
2123 1790 2229 1840 τῶν
2267 1793 2505 1844 ἀπίστων
2545 1795 2826 1861 λεγόντων,
2859 1801 2938 1851 ὅτι
2971 1802 3066 1851 οῦκ
3099 1801 3246 1852 ἐσται
3275 1802 3386 1871 κρί-

1834 1885 1942 1952 σις⁸
1993 1874 2043 1922 εί
2097 1873 2151 1922 δέ
2184 1875 2356 1934 ἐστιν,
2406 1875 2617 1930 ἐλθέτω.
2662 1881 2990 1949 Παραίτησις
3034 1883 3139 1933 τῶν
3190 1883 3384 1952 ἑορτῶν

1834 1949 2027 2012 αὐτῶν,
2075 1954 2165 2004 καὶ
2206 1955 2310 2007 τῶν
2363 1956 2558 2009 θυσιῶν
2615 1962 2707 2012 καὶ
2769 1961 3097 2032 ψαλτηρίων.
3158 1949 3385 2032 ’Ἄστρον

1834 2032 1951 2083 θεοῦ
1996 2034 2195 2101 Ῥαφὰν
2239 2036 2326 2087 τὸν
2371 2039 2573 2106 Κρόνον
2603 2041 2774 2107 λέγει·
2820 2044 3002 2112 ἐπειδὴ
3054 2046 3099 2095 οἱ
3133 2045 3387 2112 ’Έλληνες

1831 2112 1906 2180 τῷ
1927 2113 2029 2181 θεῷ
2055 2116 2228 2167 αὐτῶν
2276 2119 2464 2187 Κρόνῳ
2510 2122 2602 2172 καὶ
2641 2124 2834 2192 ἄστρον
2865 2120 3000 2175 εἷναί
3027 2141 3187 2191 φασιν
3219 2127 3272 2175 ἐν
3302 2126 3388 2175 ού-

1836 2195 1998 2263 ρανῷ,
2023 2197 2113 2247 καὶ
2141 2197 2268 2249 αὐτὸ
2295 2201 2497 2270 Κρόνον
2542 2203 2780 2255 καλοῦσι.
2811 2205 2968 2271 Λέγει
3006 2206 3081 2268 δὲ,
3116 2205 3209 2270 Μὴ
3245 2205 3390 2273 σφα·

1832 2292 1926 2342 για
1958 2276 2053 2329 καὶ
2106 2281 2319 2344 θυσίας
2361 2284 2805 2351 προσηνέγκατέ
2833 2305 2931 2353 μοι
2961 2287 3062 2351 ἔτη
3109 2286 3390 2352 τεσσαρά-

1832 2373 2044 2422 κοντα;
2070 2359 2200 2411 Ούδέ
2243 2362 2348 2430 γὰρ
2378 2369 2740 2432 προσήνεγκεν
2771 2369 2797 2416 ὁ
2828 2368 3025 2436 δῆμος,
3058 2369 3189 2420 ἀλλὰ
3243 2370 3388 2436 μόνοι

1832 2441 1880 2490 οἱ
1914 2440 2184 2508 ἄρχοντες,
2215 2444 2299 2493 ὅτε
2339 2444 2464 2512 ἔστη
2509 2449 2541 2514 ἡ
2587 2449 2777 2516 σκηνή.
2823 2448 3084 2502 Ἐνταῦθα
3141 2449 3208 2502 τὰ
3264 2453 3389 2518 περὶ

1835 2521 2032 2584 παντὸς
2063 2524 2153 2574 τοῦ
2186 2525 2311 2577 λαοῦ
2347 2526 2510 2592 λέγει.
2548 2529 2829 2580 Διαϐάλλει
2863 2531 2915 2582 δὲ
2948 2532 3142 2592 αὐτοὺς
3177 2532 3268 2582 καὶ
3310 2534 3389 2592 είς

1833 2603 2065 2674 ἄμετρον
2098 2606 2319 2675 τροφὴν,
2353 2610 2444 2659 κοιλ⁴
2479 2610 2726 2677 προλέγει
2757 2612 2934 2672 αὐτοῖς
2964 2613 3262 2680 συμφοράς.
3291 2614 3389 2664 Διά

1832 2685 1938 2736 τῶν
1970 2687 2220 2755 ἀκρίδων,
2250 2690 2340 2740 καὶ
2370 2691 2464 2758 τῆς
2495 2691 2774 2760 διαθήκης,
2806 2694 2896 2744 καὶ
2933 2695 3024 2745 τοῦ
3064 2695 3383 2764 ἀδάμαντος,

1833 2768 1932 2835 τὴν
1967 2771 2174 2839 σφαγὴν
2203 2773 2374 2824 αὐτῶν
2399 2774 2744 2842 προφητεύει,
2771 2777 2862 2827 καὶ
2883 2777 3125 2844 δηλώσας
3164 2780 3388 2847 Ἀμεσίᾳ

1834 2851 1911 2920 τῷ
1945 2851 2149 2919 βασιλεῖ
2195 2853 2383 2915 ταῦτα,
2419 2853 2656 2921 βιάζεται
2686 2857 2772 2907 τὸν
2803 2860 3081 2927 προφήτην
3119 2860 3211 2911 καὶ
3259 2861 3390 2911 ἀπε-

1835 2931 2032 2984 λαύνει.
2070 2935 2124 2986 '0
2156 2936 2210 2987 δὲ
2243 2936 2335 2988 καὶ
2370 2937 2514 3004 αύτῷ
2549 2938 2795 3006 προλέγει
2832 2940 2973 2990 κακά
3019 2942 3110 2992 καὶ
3141 2942 3216 3009 τῷ
3257 2942 3386 3010 λαῷ.

1836 3015 1943 3067 Καὶ
1970 3017 2067 3084 ὁρᾷ.
2094 3017 2256 3082 ἄγγος
2292 3018 2516 3078 ίξευτοῦ,
2547 3019 2638 3070 καὶ
2681 3019 2764 3071 διά
2795 3021 2982 3072 τούτου
3007 3022 3102 3090 τὴν
3135 3023 3390 3091 σύλληψιν

1836 3096 2028 3148 αὐτῶν,
2075 3098 2183 3158 Τάς
2212 3098 2419 3159 ἀδικίας
2451 3099 2624 3150 αὐτῶν
2661 3102 2753 3151 καὶ
2788 3102 2881 3163 τὰς
2915 3103 3032 3169 βίας
3069 3105 3391 3174 ἀπαριθμεί-

1836 3197 1943 3238 ται,
1978 3179 2066 3230 καὶ
2107 3179 2170 3229 τά
2221 3179 2476 3245 μέλλοντα
2512 3181 2840 3244 διαδέξεσθαι
2874 3185 3067 3246 αὐτοὺς
3115 3188 3276 3239 κακά.
3319 3187 3390 3238 Τὸ

1836 3259 1909 3322 δὲ,
1933 3261 2177 3313 Δύσεται
2208 3261 2375 3326 ἣλιος
2407 3265 2794 3328 μεσημϐρίας,
2834 3265 2912 3326 είς
2954 3266 3044 3316 τὸν
3073 3268 3259 3334 καιρὸν
3299 3266 3391 3317 τοῦ

1837 3341 2036 3402 πάθους
2062 3342 2154 3393 τοῦ
2193 3342 2424 3410 Χριστοῦ
2459 3345 2726 3412 προλέγει.
2768 3347 2898 3415 Περὶ
2927 3345 3029 3398 τῶν
3063 3350 3140 3409 εἰς
3163 3347 3392 3417 Χριστὸν

1838 3424 2193 3476 πιστευόντων
2220 3424 2488 3494 προλέγει.

2474 3508 2693 3561 Ἀϐὃιού
2720 3521 2764 3561 ο.

1907 3586 2015 3655 Τὴν
2044 3587 2309 3655 τιμωρίαν
2343 3588 2446 3639 τῶν
2483 3589 2786 3657 Ἰδουμαίων
2821 3591 3103 3659 προλέγει,
3149 3594 3212 3661 ἢν
3267 3593 3393 3644 ὑπέ-

1841 3684 2040 3734 στησαν
2079 3668 2162 3719 διά
2203 3670 2261 3720 τὸ
2306 3669 2681 3722 συνεπιθέσθαι
2712 3674 2826 3734 τοῖς
2865 3674 3221 3742 Ἰσραηλίταις
3259 3676 3395 3744 μετά

1841 3747 1929 3798 καὶ
1949 3748 2052 3800 τῶν
2085 3750 2283 3802 λοιπῶν
2314 3752 2601 3823 πολεμίων.
2636 3755 2768 3823 Περὶ
2812 3756 3148 3824 Ἐκκλησίας.

2510 3835 2720 3900 Ἰωνᾶς.

1920 3912 2098 3974 Ἰωνᾶς
2140 3914 2167 3963 ὀ
2221 3916 2500 3984 προφήτης
2531 3918 2627 3980 τὴν
2671 3920 2748 3980 είς
2781 3918 3008 3988 Θαρσεῖς
3055 3921 3229 3991 φυγὴν
3254 3962 3266 3983 ,
3305 3922 3396 3972 τὸν

1839 3993 2101 4057 κλύδωνα,
2137 3995 2233 4063 τὴν
2271 3997 2371 4047 ὑπὸ
2419 3997 2511 4048 τοῦ
2551 4001 2745 4066 κήτους
2793 4003 3106 4066 κατάποσιν,
3163 4006 3252 4055 καὶ
3299 4007 3395 4072 τὴν

1839 4076 2080 4145 ἐκϐολὴν,
2117 4078 2213 4144 τὴν
2239 4080 2518 4145 μετάνοιαν
2536 4081 2638 4131 τῶν
2665 4083 2712 4132 Ν
2721 4082 2977 4144 ινευῖτῶν,
3009 4085 3104 4153 τὴν
3128 4086 3396 4154 σωτηρίαν

1838 4161 1935 4225 τῆς
1980 4157 2323 4227 κολοκύνθης,
2374 4161 2471 4228 τὴν
2519 4162 2784 4226 ἀνάδοσιν,
2833 4165 2925 4216 καὶ
2974 4166 3070 4235 τὴν
3125 4168 3396 4219 ἀπώλειαν

1841 4240 2104 4309 περιέχει.

2475 4327 2730 4394 Μιχαίας
2769 4329 2818 4378 d.

1910 4404 2016 4474 Τὴν
2039 4407 2296 4476 ἐσομένην
2318 4408 2590 4476 ἐρήμωσιν
2624 4412 2932 4481 Σαμαρείας
2949 4415 3038 4465 καὶ
3053 4413 3398 4484 Ἰερουσαλὴμ

1841 4487 2109 4556 προλέγει,
2133 4490 2225 4540 καὶ
2257 4488 2352 4557 τὴν
2383 4490 2558 4542 αἰτίαν
2584 4495 2918 4561 προστίθησι.
2951 4495 3095 4565 [391]
3133 4498 3396 4548 Συνάπτει
3489 4539 3493 4544 .

1841 4568 2007 4620 δὲκαὶ
2046 4569 2139 4638 τήν
2175 4570 2354 4622 ἄνοδον
2380 4572 2552 4622 αὐτῶν
2582 4576 2676 4641 τήν
2710 4575 2772 4624 ἐκ
2819 4577 3146 4638 Βαϐυλῶνος,
3202 4567 3398 4647 ἐγκλή-

1846 4667 2007 4717 ματα,
2043 4653 2369 4720 κατηγορίας
2417 4653 2521 4704 τῶν
2560 4655 2829 4722 ἀρχόντων
2874 4657 2963 4708 τοῦ
3009 4659 3133 4710 λαοῦ
3170 4662 3260 4712 καὶ
3291 4661 3396 4711 τῶν

1846 4733 2049 4802 ἱερέων,
2103 4733 2192 4784 καὶ
2230 4735 2700 4804 ψευδοπροφητῶν.
2749 4740 2882 4808 Περὶ¹
2935 4742 3028 4810 τῆς
3080 4743 3396 4811 Ἐκκλησίας

1843 4815 1940 4881 τῆς
1969 4814 2321 4882 πιστευούσης
2360 4817 2436 4878 είς
2466 4817 2554 4868 τὸν
2590 4820 2786 4887 Κύριον
2808 4822 2982 4889 ήμῶν,
3020 4825 3110 4875 καὶ
3139 4827 3260 4894 περὶ
3298 4826 3396 4891 τῆς

1843 4895 1981 4956 Νέας
2000 4894 2284 4963 Διαθήκης.
2306 4896 2359 4948 Ὀ
2377 4897 2482 4966 γὰρ
2501 4900 2757 4970 πρότερος
2779 4904 2936 4970 νόμος
2958 4907 3130 4956 ἐκεῖνα
3145 4906 3325 4972 ἐξῆλθε
3349 4916 3394 4943 θ’

1845 4980 1934 5028 καὶ
1964 4977 2088 5045 περὶ
2122 4978 2218 5046 τῆς
2240 4980 2471 5047 εἰρήνης.
2502 4983 2607 5032 Καὶ
2634 4984 2777 5036 κακά
2817 4987 2972 5038 πάλιν
2995 4992 3102 5049 τοῖς
3131 4989 3394 5051 Ἰουδαίοις

1846 5059 2181 5128 προλέγεται.
2226 5061 2357 5128 Περὶ
2389 5065 2485 5131 τῆς
2516 5065 2651 5115 κατὰ
2682 5069 2855 5134 σάρκα
2877 5069 2966 5119 τοῦ
3013 5070 3241 5135 Χριστοῦ
3274 5089 3398 5136 γεν-

1844 5143 2066 5208 νήσεως,
2121 5143 2213 5192 καὶ
2249 5144 2373 5211 περὶ
2427 5144 2525 5195 τῶν
2568 5148 2645 5207 είς
2694 5148 2852 5198 αὑτὸν
2883 5151 3255 5204 πιστευόντων,
3290 5152 3397 5203 Καὶ

1845 5222 2012 5272 ἕσται
2043 5221 2104 5271 τὸ
2134 5224 2466 5293 ὑπόλειμμα
2505 5228 2608 5278 τοῦ
2644 5228 2872 5279 Ἰακώϐ·
2908 5229 2934 5279 ὃ
2973 5231 3115 5297 λέγει
3151 5233 3353 5294 Παῦλος
3375 5236 3400 5283 ὁ

1907 5344 1932 5408 ᾗ
2045 5356 2156 5389 mss.
2184 5359 2435 5408 perperam
2456 5351 2669 5408 Μιχαίας.

1911 5367 1920 5369 ‘
1964 5367 2008 5390 ιιι
2047 5367 2156 5389 man.
2186 5367 2435 5408 purpuram
2456 5367 2534 5396 ΜΓ
2554 5367 2669 5405 αιας.

1907 5402 1934 5440 1»
1958 5403 2041 5473 liis
2070 5417 2261 5473 ιιεοιδυε
2305 5412 2480 5458 similia
2516 5367 2666 5458 ﬁabcs
2705 5426 2845 5473 supra
2869 5415 3134 5464 Comment.
3164 5418 3210 5462 in
3237 5416 3401 5464 Isaiam

1847 5476 1950 5521 cap.
2049 5464 2179 5512 v.29.

1911 5527 1932 5594 (ξ
1963 5527 2016 5594 ίιι-
2041 5538 2148 5594 ηιδε.
2182 5529 2258 5575 hic
2295 5528 2540 5590 Ἰωήλ-[πο
2572 5532 2758 5594 ξΛϐδιού
2785 5539 2979 5594 ιιοιιὶειιι*
3000 5537 3146 5583 male.

1909 5584 1933 5620 ιι
2074 5588 2255 5656 ιιιιηξς.
2285 5584 2538 5656 ρλογτριξιίοιη
2571 5593 2758 5640 imam
2787 5584 2989 5656 'ponitur
3015 5609 3100 5656 pro
3123 5597 3337 5644 Michma.

1913 5660 1934 5686 ρ
1965 5645 2105 5716 lllu_d,
2129 5645 2477 5716 ἐκεῖναξέξῆλθε,
2505 5645 3119 5716 ροιτυριυηιὀιηιιίιιο’ρει,
3148 5669 3238 5705 nec
3265 5657 3404 5708 video

1850 5709 2090 5766 quomodo
2115 5713 2266 5771 possit
2291 5711 2426 5759 locus
2454 5709 2731 5764 reslaurixri.
