4138 6306
722 309 832 364 385

729 402 1033 464 ἀπόστολος,
1074 403 1144 456 Τὸ
1165 405 1594 476 ἐγκατάλειμμα
1622 411 1970 477 σωθήσεται.
1993 407 2183 477 Κρίσις
2196 405 2273 478 τῷ

734 482 914 551 Κυρίῳ
939 485 1072 553 πρὸς
1089 485 1179 537 τὸν
1202 485 1325 538 λαὸν
1349 489 1531 551 αὑτοῦ,
1566 491 1658 542 καὶ
1684 491 1790 542 τῶν
1816 490 2134 558 εὐεργεσιῶν
2174 489 2271 542 αὑ-

728 563 820 615 τοῦ
868 565 1261 634 ἀπαρίθμησις,
1297 569 1390 619 καὶ
1423 571 1748 641 παραίτησις
1785 571 1999 624 θυσιῶν.
2057 569 2276 624 Ἀποδύ-

733 661 880 711 ρεται
904 647 933 697 ὁ
954 647 1232 716 προφήτης
1257 648 1332 711 ὠς
1348 650 1454 700 τῶν
1482 651 1702 703 δικαίων
1728 653 1818 704 καὶ
1833 651 2049 718 ἀγαθῶν
2073 651 2276 721 ἀνδρῶν

1365 300 1422 352 5.
1475 298 1755 356 JOANNIS
1793 293 2276 353 CIIRYSOSTOMI
2308 289 2624 348 ARCHIEP.
2672 289 3212 349 CONSTANTINOP.

3837 301 3957 354 386

3043 406 3262 474 Ναούμ.

2452 486 2586 557 Περὶ
2607 487 2706 556 τῆς
2721 484 2812 539 τοῦ
2839 485 2973 538 Θεοῦ
2999 487 3278 556 δυνάμεως
3302 486 3600 554 διαλέγεται
3617 499 3632 515 ⁸
3661 486 3796 556 περὶ
3828 486 3947 540 τῶν

2381 568 2688 620 ἀποστόλων
2718 568 2990 639 προλέγει.
3037 568 3362 638 Προστίθησι
3401 569 3457 620 δὲ
3483 567 3575 620 καὶ
3608 566 3708 636 τὴν
3754 567 3946 621 ἄνοδον

2383 649 2732 702 Βαϐυλωνίων
2764 650 2902 702 κατὰ
2939 651 3227 702 Νινευῖτῶν
3277 651 3610 719 κατακράτος
3659 650 3947 719 αἰχμαλω-

734 724 1103 781 έκλειπόντων.
1133 730 1242 781 Καὶ
1266 730 1398 798 πρὸς
1426 731 1503 800 τῷ
1540 732 1680 784 τέλει
1715 733 1858 801 μετὰ,
1893 733 1956 785 τὸ
1992 733 2277 799 ἐγκαλέσαι

733 806 824 895 καὶ
845 808 1131 947 ῗπειλῆὶσαι
1163 813 1444 882 συμφορὰς
1476 813 1736 883 μεγάλας,
1755 813 1963 883 χρηστὰ
1984 813 2282 884 προμηνύει

733 900 808 947 τῳ
845 888 857 907 ’
887 892 1022 947 σραή

730 888 808 952 τῷ
845 888 879 941 Ἰ
887 892 1022 963 σραή

2384 731 2522 782 σίαν.
2541 731 2702 797 Λέγει
2721 732 2778 783 δὲ
2805 733 2897 785 καί
2920 732 3017 799 τὴν
3031 731 3253 801 δύναμιν
3275 733 3442 802 αὐτῆς
3470 731 3669 784 καὶτὸν
3689 731 3946 798 πλοῦτον,

2385 812 2444 864 ὃν
2467 806 2578 880 εἶχε
2609 813 2735 882 πρὶν
2759 813 3280 882 αίχμαλωτευθῆναι.

2694 893 2846 960 Ἕως
2870 889 2983 946 ὦδε
3010 890 3132 962 εἶχε
3164 895 3229 948 τὸ
3251 896 3630 966 ἀντίγραφον.

2142 1545 2512 1610 MONITUM

794 1795 938 1850 inter
966 1795 1151 1864 spuria
1196 1795 1476 1851 Athanasii
1505 1809 1670 1865 opera
1704 1790 1989 1851 Homiiiam
2030 1796 2276 1852 dedimus
2301 1837 2317 1864 ,
2361 1813 2415 1867 p.
2450 1793 2573 1862 MO,
2616 1798 2772 1868 cujus
2810 1797 3023 1852 initium
3073 1806 3156 1854 est
3196 1799 3400 1867 Graece,
3435 1803 3748 1877 Μυστήριον
3792 1807 3945 1872 ξένον

723 1909 924 1981 βλέπω,
949 1919 1051 1974 hoc
1075 1933 1175 1986 est,
1210 1923 1511 1992 Mystermm
1540 1939 1725 1976 novum
1755 1922 1900 1975 video
1924 1959 1939 1985 ,
1969 1935 2089 1974 cum
2128 1919 2288 1984 titulo,

2382 1919 2436 1981 χῐς
2473 1918 2571 1989 τήν
2597 1918 2848 1989 γέννησιν
2892 1922 2986 1974 τοῦ
3021 1923 3275 1992 Χριστοῦ,
3311 1925 3413 1978 hoc
3461 1933 3577 1989 est,
3607 1921 3670 1978 In
3720 1942 3946 1996 genera-

726 2035 914 2089 tionem
942 2038 1155 2095 Christi.
1187 2041 1400 2097 Initium
1440 2056 1602 2111 porro
1648 2039 1774 2093 illud
1817 2039 2048 2109 idipsum
2090 2046 2173 2092 est
2202 2037 2345 2106 quod
2377 2036 2571 2106 hujus,
2607 2052 2728 2106 quae
2760 2037 3129 2109 Chrysostomi
3164 2038 3381 2094 nomine
3408 2038 3806 2106 circumfertur,
3843 2041 3945 2096 ho-

726 2145 880 2200 milia:
914 2163 927 2199 :
956 2164 1057 2205 nec
1084 2150 1291 2205 initium
1320 2153 1500 2217 modo,
1528 2152 1622 2207 sed
1655 2152 1815 2206 etiam
1849 2151 1948 2203 alia
1979 2164 2086 2202 non
2136 2164 2305 2219 pauca
2344 2148 2472 2204 hinc
2498 2157 2554 2203 et
2580 2148 2707 2202 inde
2741 2163 2805 2202 ex
2837 2150 2939 2204 hac
2973 2150 3190 2205 homilia
3237 2151 3510 2221 decerpsit
3553 2152 3617 2218 is,
3657 2152 3749 2222 qui
3797 2150 3944 2206 illam

723 2259 1001 2314 Athanasii
1040 2261 1258 2316 nomine
1289 2260 1702 2315 consarcinavit.
1752 2260 1876 2314 llrec
1910 2270 2087 2314 autem
2131 2259 2198 2314 de
2243 2273 2346 2328 qua
2382 2272 2526 2314 nunc
2561 2258 2770 2329 agimus
2815 2259 3034 2314 homilia
3065 2277 3182 2316 aevo
3218 2262 3521 2316 certissime
3573 2261 3944 2333 Chrysostomi

720 2373 919 2428 emissa
958 2372 1058 2429 fuit
1087 2389 1247 2427 :nam
1288 2373 1516 2443 Cyrillus
1548 2375 1684 2429 libro
1732 2375 1799 2428 ad
1841 2373 2206 2443 Reginas,qui
2235 2373 2375 2426 inter
2407 2372 2693 2440 Ephesinae
2740 2372 2941 2443 Synodi
2980 2371 3114 2426 Acta
3155 2387 3316 2428 cusus
3356 2373 3518 2428 etiam
3552 2375 3842 2444 reperitur,
3876 2389 3942 2429 ex

723 2490 823 2546 bac
870 2491 1087 2546 homilia
1131 2493 1375 2562 quaedam
1425 2491 1794 2562 Cbrysostomi
1846 2489 2060 2544 nomine
2116 2488 2322 2558 profert
2379 2488 2703 2554 testimonia,
2755 2503 2982 2557 quorum
3035 2487 3268 2556 primum
3319 2487 3404 2543 his
3460 2488 3639 2542 verbis
3677 2488 3938 2543 effertur:

729 2625 748 2657 ι
779 2606 1002 2660 Joannis
1058 2606 1295 2676 episcopi
1345 2604 1926 2674 Constantinopolitani
1979 2605 2046 2659 de
2099 2603 2276 2658 divina
2323 2604 2687 2674 generatione.
2723 2621 2742 2654 ο
2802 2601 3062 2664 Loquitur
3109 2610 3289 2656 autem
3347 2602 3415 2657 de
3465 2611 3650 2659 sancta
3699 2601 3938 2672 Virgine.

723 2740 748 2776 ς
782 2722 924 2776 Loco
959 2722 1109 2787 solis,
1150 2720 1344 2790 inquit,
1394 2720 1616 2790 justitiaa
1657 2719 1832 2774 solem
1879 2720 2342 2790 incircumscripte
2376 2720 2650 2789 complexa
2687 2719 2806 2773 fuit.
2857 2720 2934 2773 Ac
2971 2734 3042 2773 ne
3072 2733 3279 2788 quaeras
3326 2719 3627 2787 quomodo;
3657 2719 3750 2774 ubi
3795 2720 3942 2773 enim

721 2833 836 2887 vult
878 2832 1052 2896 Deus,
1103 2829 1176 2882 ibi
1225 2837 1435 2884 natura:
1483 2829 1615 2883 ordo
1645 2828 1900 2883 vincitur.
1949 2829 2129 2883 Voluit
2175 2829 2339 2899 enim,
2377 2830 2571 2899 potuit,
2613 2829 2913 2896 descendit,
2965 2828 3218 2894 salvavit;
3259 2831 3442 2884 omnia
3487 2832 3578 2886 Dei
3634 2842 3829 2887 nutum
3858 2847 3943 2888 se-

721 2952 981 3012 quuntur.
1029 2941 1199 2996 Hodie
1227 2940 1318 3010 qui
1347 2947 1432 2995 est
1481 2940 1744 3010 gignitur,
1790 2951 1845 2994 et
1876 2940 1967 3009 qui
1997 2949 2114 3007 est,
2162 2940 2222 2995 ﬁt
2249 2941 2302 2996 id
2338 2943 2479 3011 quod
2509 2957 2620 2995 non
2672 2950 2818 3004 erat;
2861 2956 2984 2994 natu
3026 2955 3147 2994 cum
3179 2940 3320 2995 Deus
3353 2951 3516 3007 esset,
3555 2942 3614 2996 ﬁt
3643 2944 3838 3011 homo;
3871 2944 3940 2999 ab

719 3071 786 3112 ea
816 3068 1017 3120 tamen,
1043 3071 1204 3125 quam
1233 3055 1494 3120 habebat,
1525 3054 1723 3110 deitate
1756 3071 1864 3109 non
1913 3055 2128 3109 excidit.
2159 3055 2344 3125 Neque
2374 3056 2518 3110 enim
2546 3071 2668 3110 cum
2711 3056 2929 3110 deitatis
2963 3056 3171 3125 jactura
3217 3053 3391 3110 factus
3435 3061 3518 3111 est
3548 3056 3732 3122 homo,
3764 3073 3940 3129 neque

724 3186 820 3240 per
842 3171 1138 3241 profectum
1177 3186 1242 3225 ex
1268 3170 1488 3226 homine
1519 3170 1693 3226 factus
1728 3179 1813 3226 est
1850 3171 2028 3226 Deus:
2057 3171 2152 3226 sed
2185 3170 2329 3226 Deus
2364 3171 2628 3228 exsistens
2673 3179 2895 3240 prepter
2923 3170 3431 3240 impassibilitatem,
3474 3187 3599 3228 caro
3631 3172 3806 3230 factus
3837 3184 3941 3242 est,

1287 3764 1390 3830 Εἰς
1417 3763 1484 3817 τὸ
1523 3759 1830 3834 γενέθλιον
1890 3767 1995 3821 τοῦ
2048 3765 2316 3835 Σωτῆρος
2358 3765 2526 3836 ἡμῶν
2591 3767 2783 3836 Ἰησοῦ
2815 3770 3103 3840 Χριστοῦ,
3149 3773 3397 3842 Λόγος-ι.

801 4269 1111 4341 Μυστήριον
1149 4269 1296 4334 ξένον
1324 4267 1416 4321 καὶ
1455 4265 1750 4336 παράδοξον
1793 4265 2005 4335 βλέπω’
2033 4266 2284 4336 ποιμένες

2389 4271 2646 4356 τίκτεται,
2679 4271 2770 4322 καὶ
2823 4273 2852 4324 ὁ
2906 4272 2980 4325 ὢν
3026 4273 3233 4340 γίνεται
3269 4275 3401 4348 ὅπερ
3450 4279 3548 4333 οὐκ
3587 4275 3684 4351 ἦν’
3717 4277 3791 4336 ὢν
3839 4286 3940 4356 γὰρ

731 4365 834 4420 μου
855 4353 1170 4422 περιηχοῦσι
1201 4350 1271 4403 τὰ
1298 4344 1429 4412 ὦτα,
1455 4349 1553 4402 οὑκ
1583 4349 1784 4419 ἔρημον
1813 4347 1934 4418 (sic)
1980 4345 2284 4416 συρίζοντες

2391 4355 2540 4420 Θεὸς,
2570 4357 2777 4423 γίνεται
2815 4360 3116 4427 ἄνθρωπος,
3150 4362 3247 4414 οὑκ
3283 4364 3481 4429 ἐκστὰς
3509 4367 3599 4420 τοῦ
3631 4367 3769 4422 εἶναι
3794 4370 3935 4434 Θεὸς.

732 4433 912 4503 μέλος,
950 4434 1062 4486 ἀλλ’
1091 4433 1334 4503 οὐράνιον
1364 4431 1578 4501 ᾅδοντες
1616 4430 1803 4501 ὕμνον.
1841 4427 2093 4496 ’Ἄγγελοι
2131 4429 2287 4498 ᾅδου-

729 4531 835 4578 σιν,
855 4515 1174 4584 ἁρχάγγελοι
1210 4514 1516 4583 μέλπουσιν,
1551 4514 1706 4582 ὑμνεῖ
1735 4512 1800 4567 τὰ
1821 4511 2114 4582 Χερουϐὶμ,
2147 4511 2288 4576 δοξο-

728 4595 876 4663 λογεῖ
908 4597 978 4650 τὰ
1024 4595 1290 4666 Σεραφὶμ,
1317 4595 1512 4658 πάντες
1554 4593 1864 4664 ἑορτάζουσι
1894 4593 2024 4646 Θεὸν
2057 4594 2147 4646 ἐπὶ
2187 4593 2288 4663 γῆς

729 4679 981 4749 ὁρῶντες,
1013 4678 1106 4731 καὶ
1144 4677 1421 4747 ἄνθρωπον
1461 4677 1517 4729 ὲν
1544 4677 1820 4745 οὐρανοῖς·
1859 4674 1948 4728 τὸν
1986 4677 2096 4729 ἄνω
2140 4675 2289 4729 κάτω

727 4761 796 4814 δι’
819 4759 1144 4829 οἰκονομίαν,
1173 4759 1265 4811 καὶ
1284 4759 1375 4810 τὸν
1399 4757 1548 4810 κάτω
1570 4757 1680 4810 ἄνω
1707 4757 1792 4810 διὰ
1817 4757 2002 4826 φιλανθ
2013 4759 2218 4827 ρωπίαν
2237 4758 2285 4810 ιι.

731 4841 980 4911 Σήμερον
1018 4839 1264 4909 Βηθλεὲμ
1290 4839 1380 4891 τὸν
1416 4839 1637 4908 οὐρανὸν
1668 4839 2003 4909 ἐμιμήσατο’
2037 4840 2156 4891 ἀντὶ
2191 4839 2290 4908 μὲν

729 4924 972 4994 ἀστέρων
1006 4922 1264 4990 ἀγγέλους
1287 4921 1586 4991 ὑμνοῦντας
1603 4921 1889 4990 δεξαμένη,
1918 4921 2038 4973 ἀντὶ
2057 4922 2112 4974 δὲ
2141 4921 2288 4990 ἡλίου

730 5006 822 5058 τὸν
868 5007 966 5075 τῆς
998 5002 1340 5072 δικαιοσύνης
1369 5001 1794 5070 ὰπεριγράπτως
1830 5004 2141 5073 χωρήσασα.
2183 5004 2290 5055 Καὶ

733 5086 810 5157 μὴ
835 5085 984 5155 ζήτει
1013 5086 1156 5148 πῶς’
1187 5086 1317 5138 ὃπου
1349 5084 1456 5152 γάρ
1491 5083 1735 5153 βοὺλεται
1765 5083 1914 5149 Θεὸς,
1949 5085 2163 5137 νικᾶται
2192 5083 2293 5151 φύ-

734 5185 869 5230 σεως
923 5166 1090 5231 τάξις.
1155 5166 1456 5235 Ἠϐουλήθη
1521 5163 1650 5234 γὰρ,
1692 5163 1949 5235 ἠδυνήθη,
2002 5164 2287 5235 κατῆλθεν,

731 5252 901 5305 ισωσε
920 5267 933 5281 ·
969 5249 1238 5318 σύνδρομα
1264 5247 1334 5300 τά
1365 5249 1540 5301 πάντα
1585 5246 1661 5316 τῷ
1704 5246 1844 5316 Θεῷ.
1893 5248 2135 5318 Σήμερον
2160 5248 2189 5300 ὁ
2216 5245 2291 5300 ὢν

793 5449 821 5479 ι
842 5449 954 5515 Cod;
975 5448 1102 5515 Beg.
1137 5445 1585 5515 mansio-titulum
1628 5447 1793 5515 habet.
1817 5445 1968 5509 Λόγος
1990 5449 2053 5504 εἷς
2093 5449 2148 5496 τὸ
2166 5451 2294 5510 γενέ-

730 5513 856 5561 θλιον
873 5506 957 5570 τοῦ
975 5506 1147 5570 Κυρίου
1172 5509 1251 5555 καὶ
1275 5506 1397 5554 ε)εοῦ
1421 5509 1749 5570 καὶῗΣωτῆρος.

795 5572 821 5610 b
847 5569 962 5618 Haec
1001 5568 1070 5632 sic
1088 5571 1397 5632 invertuntur
1418 5569 1471 5632 in
1500 5569 1622 5632 μείς.
1646 5568 1849 5632 τὸν-ἄνω
1868 5568 1999 5616 κάτω
2023 5570 2099 5618 διὰ
2132 5572 2292 5632 φιλαν-

731 5631 957 5696 θρωπίαν,
980 5631 1058 5677 καὶ
1081 5630 1161 5677 τὸν
1185 5629 1315 5676 κάτω
1332 5628 1428 5675 ἄνω
1454 5629 1512 5675 δι’
1537 5629 1820 5690 οἰκονομίαν.

2393 4437 2524 4522 eset
2561 4438 2667 4522 γάρ
2689 4440 2807 4492 κατ’
2829 4440 3087 4522 ,ἔκστασιν
3121 4441 3367 4514 θεότητος
3392 4447 3608 4515 γέγονεν
3640 4450 3933 4522 ἄνθρωπος,

2391 4520 2511 4572 οὐδὲ
2534 4520 2691 4572 πάλιν
2716 4521 2852 4574 κατὰ
2879 4524 3156 4593 προκοπὴν
3180 4526 3237 4592 ἐξ
3261 4528 3543 4598 ἀνθρώπου
3572 4520 3762 4600 γέγονε
3791 4535 3933 4598 Θεὸς·

2557 4603 2727 4670 Λόγος
2745 4601 2841 4686 ὢν,
2885 4604 2971 4657 διὰ
2999 4605 3059 4658 τὸ
3087 4607 3293 4672 ἀπαθὲς
3318 4610 3453 4680 σὰρξ
3485 4613 3714 4680 ἐγένετο,
3749 4617 3937 4686 ἀμεταο

2394 4684 2588 4767 6).ήτου
2621 4685 2882 4754 μενούσης
2917 4688 3017 4756 τῆς
3047 4689 3278 4757 φύσεως.
3316 4691 3452 4744 Ἀλλ’
3479 4695 3566 4748 ὅτε
3602 4696 3701 4766 μὶν
3730 4684 3932 4767 ἐτέχθη,

2407 4766 2640 4819 Ἰουδαῖοι
2692 4769 2946 4837 ἠρνοῦντο
2999 4771 3089 4823 τὸν
3122 4771 3269 4836 ξένον
3315 4774 3499 4840 τόκον,
3543 4777 3636 4830 καὶ
3668 4766 3936 4848 Φαρισαῖοι

2393 4851 2813 4932 παρηρμήνευον
2855 4852 2952 4914 τὰς
2988 4853 3136 4915 θείας
3181 4853 3420 4921 Βίϐλους,
3461 4858 3554 4912 καὶ
3609 4865 3938 4932 γραμματεῖς

2396 4931 2687 4984 ὑπεναντία
2715 4931 2806 4983 τοῦ
2839 4933 3000 5000 νόμου
3027 4933 3266 4988 ἐλάλουν.
3302 4937 3541 5011 Ἡρώδης
3577 4941 3668 4997 τὸν
3695 4931 3938 5013 τεχθέντα

2395 5013 2594 5082 ἐζήτει,
2613 5015 2710 5081 οὑχ
2736 5014 2816 5065 ἵνα
2841 5014 3001 5066 αὑτὸν
3019 5017 3243 5090 τιμήσῃ,
3260 5018 3373 5071 ἀλλ’
3398 5020 3481 5074 ίνα
3509 5022 3669 5077 αὑτὸν
3691 5024 3938 5096 ἀπολέσῃ.

2398 5097 2638 5166 Σήμερον
2664 5096 2768 5165 γὰρ
2797 5107 2819 5135 ο
2872 5096 3046 5149 πάντα
3069 5099 3357 5153 ὑπεναντία
3396 5100 3553 5158 εἶδον.
3587 5107 3707 5157 Οὐκ
3737 5107 3939 5174 ἐκρύϐη

2397 5177 2526 5247 γὰρ,
2568 5179 2706 5230 κατὰ
2752 5179 2840 5232 τὸν
2884 5175 3187 5250 ψαλμῳδὸν,
3215 5179 3368 5256 [395]
3424 5185 3537 5239 ἀπὸ
3576 5185 3692 5239 τῶν
3733 5187 3942 5242 τέκνων

2398 5260 2593 5313 αὐτῶν
2619 5263 2702 5324 εἰς
2731 5261 2942 5328 γενεὰν
2966 5263 3188 5330 ἑτέραν.
3215 5266 3459 5333 Βασιλεῖς
3493 5269 3588 5338 μὲν
3631 5268 3737 5339 γὰρ
3774 5264 3940 5339 ἦλθον,

2397 5343 2487 5393 τὸν
2533 5344 2846 5420 ἐπουράνιον
2893 5343 3113 5412 βασιλέα
3161 5347 3546 5420 θαυμάζοντες,
3597 5351 3676 5402 δτι
3725 5351 3838 5415 πῶς
3863 5353 3944 5407 ἰπὶ

2400 5425 2501 5494 γῆς
2528 5419 2688 5493 ἦλθεν
2719 5425 2816 5478 οὑκ
2844 5426 3105 5495 ἀγγέλους
3153 5419 3311 5501 ἔχων,
3344 5431 3444 5485 οὑκ
3471 5431 3858 5502 ἀρχαγγέλους,
3889 5435 3943 5488 οὑ

2463 5634 2484 5661 ε
2516 5632 2664 5681 Savll.
2701 5633 2768 5682 δέ.
