4138 6306
256 408 358 461 335

252 500 583 577 probatioque
628 496 1024 552 sacriﬁciorum.
1051 495 1219 565 Luget
1254 496 1509 565 propheta
1542 496 1689 563 quasi
1716 495 1803 561 jn—

252 588 341 641 stis
368 596 419 640 et
446 586 597 640 bonis
627 587 753 641 viris
788 585 1174 640 deﬁcientibus.
1204 585 1269 638 Et
1297 586 1348 637 in
1378 586 1479 638 line
1507 594 1623 653 post
1648 599 1803 637 accu-

248 677 497 730 sationem
525 687 578 730 et
601 676 1062 730 comminationem
1091 690 1395 745 magnarum
1422 676 1799 734 cnlamitatum,

247 764 378 817 bona
405 767 718 833 praenuntiat
747 766 948 819 lsraeli.

921 908 1115 949 ΙΙΔΕυΙ.

1367 386 1429 440 ΙΝ
1470 384 1792 441 NATALEM
1830 384 2095 438 CHRISTl
2137 384 2318 438 DIEM.

3360 402 3470 455 336

1914 494 2103 562 Adjicit
2130 505 2304 548 autem
2336 494 2656 548 invasionem
2683 496 3086 565 Babyloniorum
3117 508 3297 551 contra
3330 499 3475 553 Nini-

1915 586 2068 646 vitas,
2100 584 2285 636 horum
2313 585 2694 651 captivitatem.
2723 586 2947 639 Enarrat
2972 589 3084 654 ejus
3116 589 3397 656 potentiam
3423 600 3475 643 et

1911 675 2136 741 divitias,
2168 690 2296 743 quas
2328 675 2507 727 habuit
2543 686 2825 743 antequam
2853 688 3154 745 caperetur.

2246 783 2500 837 Hactenus
2526 787 2778 853 exemplar
2806 785 3009 838 habebat
3038 787 3137 855 (a).

1973 914 2044 974 (a)
2080 920 2187 963 Haec
2203 921 2278 982 est
2299 914 2477 982 librarii
2518 914 2699 964 Codicis
2724 915 2994 982 Coisliniani
3035 926 3144 966 nota
3180 934 3271 982 qua
3295 922 3478 982 signiti-

1908 981 2042 1021 catur
2064 986 2185 1035 opus
2208 975 2539 1036 imperfectum
2564 989 2693 1036 esse,
2720 984 2770 1024 et
2795 979 3042 1040 exemplar
3079 975 3217 1026 suum
3242 981 3322 1029 illo
3341 975 3479 1031 desi-

316 1025 388 1080 De
414 1026 644 1095 potentia
690 1027 782 1081 Dei
824 1024 1035 1080 disserit
1082 1042 1096 1077 :
1145 1024 1212 1079 de
1256 1024 1509 1094 apostolis
1540 1024 1793 1093 praedicit.
1912 1046 2049 1082 nere.

962 1660 1069 1720 AD
1124 1656 1539 1720 HOMILIAM
1580 1656 1661 1715 ΙΝ
1716 1656 2096 1717 NATALEM
2152 1654 2464 1716 CHRISTI
2530 1657 2750 1717 DIEM.

247 1914 528 1970 immutata
580 1923 834 1969 manente
890 1923 1103 1968 natura.
1133 1932 1151 1964 ι
1191 1912 1285 1965 llis
1332 1926 1494 1980 porro
1548 1911 1827 1981 subiungit
1866 1912 1966 1965 alia
2015 1913 2292 1979 quaedam,
2335 1928 2453 1981 quae
2485 1927 2631 1964 num.
2671 1910 2705 1963 Ξ
2749 1912 2998 1979 leguntur
3037 1930 3049 1964 :
3092 1912 3189 1977 Qui
3243 1915 3297 1965 in
3338 1916 3468 1968 solio

246 2031 457 2083 subiimi
494 2032 833 2100 praecelsaque
873 2030 1119 2093 considet,
1160 2031 1204 2081 is
1238 2030 1290 2080 in
1320 2029 1569 2097 pra'scpio
1608 2030 1855 2095 ponitur:
1895 2027 2269 2095 impalpabilis,
2307 2028 2545 2095 simplex,
2581 2029 2930 2094 incorporeus,
2959 2029 3198 2082 Immanis
3234 2030 3468 2082 manibus

247 2154 596 2199 contrectatur
620 2164 638 2199 .·
663 2149 748 2217 qui
776 2156 1102 2217 peccatorum
1127 2145 1331 2199 vincula
1369 2145 1664 2211 disrumpit,
1720 2145 1896 2212 fasciis
1930 2145 2317 2212 constringitur.

318 2261 417 2312 llis
449 2262 752 2330 conspectis
803 2260 1122 2316 testimoniis
1168 2268 1326 2327 atque
1368 2259 1497 2311 locis
1523 2299 1537 2321 ,
1591 2258 1711 2326 quis
1753 2273 1861 2310 non
1895 2259 2079 2311 credat
2119 2275 2229 2312 rem
2275 2272 2395 2311 esse
2433 2256 2766 2317 confectam,
2816 2255 3200 2324 homiliamquc
3237 2255 3470 2327 Chryso—

247 2386 423 2430 stomo
451 2376 824 2430 incunctanter
856 2376 1024 2430 fuisse
1058 2374 1454 2444 adjudicatam?
1486 2374 1682 2427 Verum
1716 2388 1870 2426 secus
1910 2388 1995 2426 res
2026 2374 2205 2427 cessit.
2249 2371 2379 2425 Nam
2438 2373 2667 2425 Savilius
2716 2388 2832 2425 eam
2875 2372 3013 2425 inter
3052 2374 3206 2425 dubia
3250 2373 3465 2425 locavit.

247 2483 449 2537 Fronto
504 2484 727 2540 Ducaaus
785 2485 927 2539 inter
981 2485 1162 2554 spuria
1220 2484 1408 2539 edidit.
1453 2483 1824 2537 Tillemontius
1872 2498 1999 2536 vero
2038 2493 2189 2551 putat
2226 2484 2494 2536 laudatam
2541 2498 2570 2534 a
2610 2482 2807 2551 Cyrillo
2847 2483 3211 2553 Chrysostomi
3248 2486 3467 2539 nomine

245 2599 521 2653 homiliam
546 2640 559 2662 ,
598 2599 965 2668 Cbrysostomi
1008 2614 1126 2652 esse
1178 2607 1467 2666 oportere:
1506 2596 1598 2648 sed
1629 2595 1923 2647 arbitratur
1952 2596 2109 2659 hanc,
2142 2610 2304 2663 quam
2349 2610 2495 2648 nunc
2546 2595 2824 2658 habemus,
2870 2594 3142 2649 homiliam
3174 2613 3293 2651 esse
3335 2614 3466 2651 ceu-

246 2723 465 2777 Ionem,
502 2713 593 2766 ubi
629 2713 674 2765 is
702 2713 791 2781 qui
828 2713 969 2765 illam
1016 2711 1180 2764 variis
1212 2725 1275 2764 ex
1324 2710 1453 2763 locis
1496 2708 1923 2771 consarcinavit,
1959 2718 2017 2760 ut
2048 2708 2255 2761 facilius
2290 2708 2469 2761 fucum
2500 2707 2731 2772 faceret,
2780 2710 2885 2762 duo
2930 2710 3015 2763 illa
3054 2711 3165 2764 loca
3198 2726 3225 2763 a
3275 2711 3468 2781 Cyrillo

244 2829 409 2883 allata
461 2829 764 2883 inseruerit.
823 2828 1083 2897 Quodque
1134 2830 1420 2881 observatu
1471 2826 1687 2895 dignum
1740 2833 1853 2889 est,
1893 2824 1968 2877 ait
2006 2823 2231 2893 Cyrillus
2271 2825 2322 2878 in
2358 2825 2474 2879 loco
2511 2825 2758 2894 superius
2800 2826 2997 2889 allato,
3046 2827 3268 2893 justitia:
3309 2829 3468 2881 solun

244 2948 689 3016 incircumscripte
740 2947 1004 3014 complexa
1059 2948 1175 3017 fuit,
1222 2947 1325 3001 dici
1369 2947 1435 2999 de
1480 2921 1664 3000 sancta
1724 2944 1976 3014 Virgine,
2022 2945 2109 2999 hic
2150 2956 2327 2998 autem
2373 2947 2438 3000 dc
2481 2945 2792 3002 Bethlehem
2836 2948 3115 3012 dicuntur;
3160 2951 3301 3017 quod
3341 2966 3468 3004 sane

246 3066 534 3112 centonem
576 3072 694 3111 esse
724 3058 971 3124 suadeat,
1012 3058 1171 3111 modo
1201 3056 1517 3118 Athanasio,
1549 3056 1706 3109 modo
1742 3054 2125 3125 Chrysostomo
2159 3054 2440 3107 tributum.

318 3173 699 3241 lnterpretatio
729 3173 914 3228 Latina
947 3184 1029 3230 est
1064 3174 1347 3229 Frontonis
1378 3173 1574 3226 Ducaai.

805 3779 868 3822 IN
903 3778 1282 3823 SALVATORIS
1325 3780 1550 3823 nos'rm
1599 3780 1743 3824 JBSU
1779 3780 2028 3824 cnnts'rt
2078 3780 2507 3826 NATIVITATEII
2550 3778 2781 3823 onnto
2814 3759 2920 3839 (a).

311 4200 387 4271 (b)
413 4200 716 4270 MySterinm
737 4218 925 4256 novum
945 4212 997 4258 et
1015 4204 1322 4259 admirabile
1338 4204 1488 4259 video
1505 4224 1515 4258 :
1534 4213 1798 4274 pastorum

234 4292 458 4345 vocibus
474 4307 628 4346 aures
644 4309 775 4347 mea:
790 4294 1196 4360 circumsonant,
1212 4296 1299 4363 qui
1319 4312 1420 4348 non
1444 4296 1547 4349 leni
1566 4307 1716 4349 cantu
1736 4298 1806 4349 si-

236 4383 427 4448 bilant,
441 4382 531 4435 scd
543 4384 805 4437 caelestem
820 4385 1067 4453 hymnum
1082 4388 1572 4455 concinunt.Angcli
1586 4397 1799 4454 canunt,

233 4472 540 4539 archangeli
560 4473 912 4538 modulantur,
928 4474 1210 4529 Clterubim
1231 4476 1478 4546 hymnum
1497 4478 1695 4541 dicunt,
1710 4479 1801 4533 Se-

235 4562 446 4626 raphim
478 4559 766 4629 gloriﬁcant
786 4604 800 4626 ,
827 4580 1008 4618 omnes
1035 4565 1222 4618 festum
1259 4567 1564 4631 celebrant,
1596 4569 1719 4623 dum
1752 4571 1800 4623 in

236 4649 399 4701 torris
437 4649 596 4703 Deum
620 4692 633 4714 ,
663 4664 713 4705 et
745 4652 1009 4707 hominem
1038 4655 1087 4707 in
1118 4655 1258 4708 caelis
1285 4670 1508 4710 cernunt
1533 4676 1544 4710 :
1565 4674 1683 4712 eum
1712 4660 1801 4727 qui

231 4752 451 4789 sursum
476 4750 573 4802 est,
600 4752 812 4809 propter
836 4743 1275 4812 dispensationem
1304 4745 1547 4799 deorsum
1570 4749 1798 4812 versari;

234 4841 363 4879 cum
395 4828 479 4894 qui
507 4827 753 4883 deorsum
778 4846 890 4885 erat
909 4874 923 4895 ,
953 4844 1163 4901 propter
1192 4835 1562 4904 benignitatem
1591 4852 1797 4890 sursum

236 4929 383 4966 nunc
414 4918 606 4967 versari
639 4920 675 4968 ί.
709 4920 873 4975 Hodie
912 4922 1175 4977 Bethleem
1229 4926 1412 4978 caelum
1455 4925 1649 4979 imitata
1678 4939 1757 4981 est
1786 4950 1798 4983 :

235 5020 362 5072 qum
391 5005 656 5059 stellarum
682 5011 888 5077 quidem
912 5014 1026 5067 loco
1055 5016 1268 5084 angelos
1292 5028 1538 5071 canentes
1564 5022 1797 5087 excepit,

236 5096 376 5148 solis
400 5106 570 5147 autem
605 5098 948 5167 IOCOjIISllliLB
987 5105 1151 5159 solem
1183 5108 1634 5176 incircumscripte
1657 5125 1802 5163 com-

235 5187 395 5254 plexa
424 5185 535 5239 fuit.
563 5186 739 5257 Neque
766 5191 849 5244 hic
876 5196 1163 5262 quzesieris,
1194 5198 1454 5265 quomodo
1480 5198 1580 5252 hoc
1608 5199 1799 5253 factum

304 5382 321 5411 ι
362 5381 877 5459 illaesic‘invertuntur
901 5385 947 5431 in
971 5392 1105 5445 tteg.,
1135 5403 1248 5457 eum
1271 5392 1351 5451 qui
1373 5406 1561 5459 sursum
1580 5402 1664 5453 est,
1689 5410 1798 5459 pro-

236 5446 363 5517 pter:
372 5438 712 5517 Μερκφῖ
726 5443 943 5517 deorsum
964 5438 1165 5506 versari;
1187 5438 1294 5500 euni
1308 5438 1664 5517 quidem-sam,
1677 5438 1797 5517 85a},

237 5494 437 5559 "propter
456 5494 843 5561 dispensationem
865 5494 1057 5553 sursum?
1073 5494 1411 5562 nunc'iEEsiiFi

307 5579 405 5661 te).
420 5578 1044 5661 9913113212909995228;
1068 5588 1211 5661 18322.,
1229 5596 1311 5661 qui.
1333 5597 1399 5643 sic
1424 5596 1609 5661 ιί.ιιιιυηι
1635 5600 1796 5661 habet.

238 5648 405 5706 Sermo
428 5654 475 5706 in
497 5648 782 5706 natiuitatem
799 5648 982 5694 nomini
1001 5654 1045 5695 et
1070 5651 1152 5697 Dei
1169 5660 1213 5699 et
1236 5648 1502 5706 Satratoris.

308 5699 380 5760 (ι)
412 5702 586 5749 (utatur
611 5702 686 5749 hic
708 5702 839 5753 locus
861 5708 907 5753 in
930 5708 1133 5756 Concilio
1155 5699 1400 5770 Ephesiae.

560 5783 824 5847 Panos.
867 5790 983 5852 Gn.
1033 5789 1181 5853 LVI.

1909 4199 2009 4253 sit:
2033 4197 2122 4251 ubi
2149 4199 2290 4252 enim
2318 4199 2456 4255 Deus
2474 4204 2602 4268 vult,
2633 4204 2703 4259 ibi
2733 4220 2932 4267 naturai
2953 4215 3085 4270 ordo
3112 4219 3269 4277 cedit.
3293 4222 3472 4283 Voluit

1906 4288 2045 4341 enim
2072 4328 2087 4349 ,
2113 4289 2320 4356 potuit,
2353 4289 2656 4360 descendit,
2680 4297 2928 4363 salvavit;
2954 4307 3129 4360 omnia
3162 4309 3251 4364 Dei
3288 4324 3469 4371 nutum

1905 4389 2214 4444 sequuntur.
2240 4379 2408 4434 Hodie
2435 4384 2520 4450 qui
2546 4396 2642 4445 est,
2673 4389 2917 4457 gignitur,
2939 4404 2991 4449 et
3020 4412 3226 4454 rursum
3252 4405 3339 4471 qui
3368 4417 3469 4471 cst,

1907 4467 1963 4519 fit
1987 4468 2035 4520 id
2089 4470 2225 4538 quod
2256 4486 2359 4523 non
2387 4484 2498 4525 erat
2524 4491 2536 4531 :
2567 4491 2685 4528 nam
2714 4494 2829 4532 cum
2859 4482 2996 4537 Deus
3022 4499 3177 4549 esset,
3209 4467 3471 4563 fit-homog

1906 4557 1971 4609 ab
1996 4572 2055 4610 ea
2085 4567 2280 4625 tamen,
2302 4576 2455 4629 quam
2489 4564 2695 4631 habeat,
2718 4568 2908 4625 deitate
2930 4589 3032 4629 non
3062 4581 3271 4634 excidit.
3294 4557 3472 4655 Neque

1906 4646 2047 4698 enim
2097 4662 2214 4700 cum
2261 4649 2467 4702 deitatis
2512 4652 2710 4718 jactura
2756 4658 2921 4714 factus
2960 4674 3042 4717 est
3073 4666 3263 4735 homo,
3297 4646 3469 4742 neque

1908 4750 2115 4787 rursum
2150 4753 2241 4803 per
2269 4740 2597 4794 succedentia
2630 4745 2948 4806 incrementa
2974 4769 3035 4807 ex
3067 4756 3277 4816 homine
3301 4740 3468 4821 factus

1906 4833 1986 4877 est
2016 4825 2179 4887 Deus;
2212 4827 2303 4879 sed
2331 4827 2561 4884 Verbum
2602 4836 2859 4893 exsistens
2881 4883 2894 4905 ,
2927 4855 3105 4899 natura
3157 4854 3363 4920 propria
3404 4860 3471 4910 ob

1906 4914 1983 4966 sui
2032 4914 2468 4981 impatibilitatcm
2516 4934 2758 4978 manente
2806 4928 3113 4997 immutata,
3147 4914 3335 4995 factum
3385 4956 3467 4999 cst

1905 5018 2047 5055 caro.
2079 5003 2299 5069 Quando
2326 5019 2499 5061 autem
2538 5024 2690 5066 natus
2715 5026 2828 5080 est,
2860 5018 3025 5075 Judaei
3052 5027 3262 5092 quidem
3306 5034 3469 5087 inusi-

1906 5100 2069 5145 tatum
2094 5105 2295 5161 partum
2328 5099 2616 5165 negabant,
2646 5102 2895 5160 Pharisaei
2927 5126 3050 5164 vero
3080 5130 3352 5183 perperam
3384 5138 3470 5176 sa-

1904 5194 2023 5235 cros
2048 5184 2208 5237 libros
2238 5186 2731 5255 interpretabantur,
2760 5204 2813 5247 et
2837 5199 3020 5253 scriba:
3048 5217 3163 5270 qua:
3192 5208 3290 5275 legi
3315 5223 3464 5265 erant

1904 5274 2161 5326 contraria
2190 5276 2567 5344 loquebantur;
2598 5281 2829 5337 Herodes
2861 5302 2978 5339 eum
3010 5293 3098 5358 qui
3140 5274 3292 5349 natus
3319 5310 3427 5352 erat
3463 5341 3479 5365 ,

1903 5363 2170 5429 qua-rebat
2191 5407 2204 5428 ,
2229 5381 2330 5418 non
2372 5376 2429 5419 ut
2454 5384 2571 5421 eum
2602 5370 2800 5427 honore
2841 5376 3101 5445 afliceret,
3127 5385 3217 5437 sed
3248 5397 3303 5439 ut
3346 5406 3465 5443 cum

1904 5450 2239 5506 interficeret.
2263 5454 2424 5509 Hodie
2444 5474 2667 5528 namque
2684 5468 2941 5519 contraria
2960 5480 3143 5523 cuncta
3162 5477 3473 5529 cernebant.

1906 5538 2023 5591 Non
2048 5544 2175 5594 enim
2202 5545 2447 5597 occultata
2488 5560 2603 5602 sunt
2626 5592 2641 5615 ,
2670 5564 2725 5604 ut
2749 5569 2865 5607 cum
2899 5557 3226 5615 Psalmorum
3255 5579 3471 5622 auctore

1903 5629 2106 5699 loquar,
2134 5648 2166 5684 α
2194 5635 2312 5700 ﬁliis
2340 5652 2509 5689 eorum
2540 5642 2592 5692 in
2630 5647 2990 5710 generationem
3035 5651 3243 5705 alterunt
3284 5654 3465 5726 (Psal.

1907 5718 1990 5771 77.
2021 5722 2094 5791 4).
2121 5721 2387 5790 Siquidem
2417 5743 2564 5799 rcges
2593 5742 2865 5801 venerunt,
2897 5744 2951 5788 et
2978 5739 3242 5796 czclestem
3274 5718 3466 5815 Regem

3034 5832 3107 5891 23
