4138 6306
697 377 807 430 387

693 490 1081 552 suspexerunt,
1110 480 1248 550 quod
1297 480 1346 534 in
1386 488 1579 533 terram
1626 478 1863 541 venerit,
1895 492 1995 529 non
2038 476 2254 546 angelos

694 589 872 627 secum
915 571 1142 638 habens,
1173 587 1275 623 non
1303 569 1647 637 arehangelos
1671 607 1685 631 ,
1720 583 1820 620 non
1863 567 2078 619 thronos
2107 606 2120 629 ,
2155 581 2257 616 non

696 663 1102 723 dominationes,
1138 677 1240 712 non
1271 659 1509 722 virtutes,
1540 673 1644 710 non
1674 666 1977 725 potestates,
2005 654 2098 708 sed
2127 669 2258 706 nova

693 764 746 805 et
784 753 1000 805 minimc
1034 754 1150 804 trita
1195 750 1443 803 incedens
1471 750 1551 801 via
1596 765 1657 802 ex
1705 748 1902 801 illibato
1948 745 2262 814 processerit

695 855 842 896 utero
868 863 878 895 :
905 859 1002 897 nec
1029 857 1201 895 tamen
1233 850 1445 910 angelos
1473 858 1578 893 sua:
1604 838 1995 908 gubernationis
2025 845 2260 890 exsortes

690 935 1000 1002 dereliquit,
1028 949 1196 1002 neque
1227 941 1438 1000 propter
1465 930 1876 984 incarnationem
1908 942 2054 980 suam
2096 941 2125 979 a
2167 940 2259 978 sua

691 1025 890 1079 excidit
915 1025 1108 1078 dcitate
1137 1041 1146 1074 :
1176 1023 1267 1076 sed
1297 1038 1445 1091 reges
1473 1021 1683 1089 quidem
1712 1028 1999 1083 venerunt,
2025 1027 2079 1070 ut
2105 1017 2261 1070 caele-

689 1126 824 1168 stem
852 1115 1047 1184 Regem
1070 1115 1249 1184 gloria:
1270 1114 1568 1172 adorarent,
1593 1111 1784 1162 milites
1811 1116 2005 1174 autem,
2031 1116 2088 1160 ut
2112 1107 2260 1160 Prin-

691 1206 858 1274 cipum
888 1207 1149 1258 exercitus
1177 1205 1445 1256 colerent:
1475 1202 1722 1254 mulieres
1743 1241 1755 1262 ,
1779 1215 1899 1252 eum
1930 1199 2014 1266 qui
2048 1214 2112 1252 ex
2142 1214 2264 1252 mu—

688 1297 817 1354 l?cre
843 1305 998 1351 natus
1022 1305 1120 1356 est,
1168 1304 1222 1347 ut
1252 1294 1484 1347 mulieris
1520 1293 1730 1345 dolores
1758 1291 1808 1344 in
1840 1291 2071 1343 laetitiam
2111 1302 2258 1341 com-

692 1395 852 1438 mutet
876 1404 887 1438 :
912 1386 1157 1453 virgines,
1185 1385 1347 1436 filium
1373 1383 1618 1450 Virginis,
1643 1382 1960 1434 admirantes
1987 1379 2072 1445 qui
2099 1377 2186 1428 fiat
2208 1386 2262 1428 ιιι

688 1476 834 1528 laetis
863 1475 1123 1537 conditor,
1148 1473 1234 1540 qui
1263 1471 1424 1525 efﬁcit
1448 1481 1502 1522 ut
1525 1472 1746 1523 uberum
1774 1470 1942 1521 fontes
1972 1475 2258 1535 spontanea

687 1567 879 1618 fluenta
909 1563 1218 1626 diffundant,
1245 1577 1274 1615 a
1299 1561 1510 1628 Virgine
1539 1570 1706 1612 matre
1739 1557 2260 1626 puerulialimentum

688 1657 907 1725 accipiat
931 1672 944 1709 :
977 1655 1223 1717 infantes,
1250 1668 1368 1705 eum
1394 1651 1478 1719 qui
1507 1649 1673 1703 factus
1696 1659 1774 1701 est
1797 1647 1982 1711 infans,
2005 1655 2060 1699 ut
2080 1661 2144 1698 ex
2169 1659 2261 1698 ore

688 1749 963 1802 infantium
986 1755 1039 1800 et
1071 1745 1370 1798 lactenlium
1397 1743 1600 1795 laudem
1635 1742 1905 1808 perliceret
1932 1738 2139 1809 (Matth.
2169 1736 2258 1788 ‘21.

689 1840 786 1898 16;
816 1837 960 1891 Psal.
1005 1837 1057 1890 8.
1103 1837 1158 1903 5)
1199 1853 1211 1885 :
1251 1833 1441 1902 pueri,
1469 1847 1729 1900 puerum,
1759 1831 1843 1897 qui
1892 1835 2150 1897 martyres
2194 1826 2261 1878 ob

689 1928 912 1982 llcrodis
954 1926 1208 1978 insaniam
1251 1923 1458 1976 effecit:
1486 1921 1580 1972 viri
1607 1962 1620 1984 ,
1649 1934 1767 1972 eum
1796 1920 1881 1987 qui
1913 1918 2071 1970 homo
2095 1915 2261 1968 factus

686 2029 799 2082 est,
832 2028 887 2070 ut
912 2032 1184 2071 servormn
1222 2015 1370 2067 malis
1397 2012 1731 2065 mederetur:
1757 2019 1992 2077 pastores
2015 2050 2028 2071 ,
2063 2008 2258 2061 bonum

691 2122 985 2180 pastorem,
1015 2108 1103 2176 qui
1135 2108 1360 2158 animam
1392 2117 1487 2171 pro
1515 2101 1698 2153 ovibus
1737 2101 1844 2151 suis
1879 2099 2022 2166 ponit
2050 2115 2062 2149 :
2087 2111 2261 2149 sacer-

687 2203 855 2261 dotes,
885 2214 1003 2252 eum
1030 2198 1114 2265 qui
1148 2197 1312 2248 factus
1341 2204 1421 2247 est
1444 2192 1680 2246 Pontifex
1709 2189 1994 2242 secundum
2020 2188 2258 2240 ordinem

688 2289 1034 2345 Melchisedec
1064 2286 1243 2356 (Hebr.
1278 2287 1329 2338 7.
1362 2285 1460 2347 l7;
1494 2281 1632 2334 Psal.
1664 2280 1783 2333 109.
1816 2281 1872 2347 4)
1899 2297 1911 2331 :
1937 2278 2113 2342 servi,
2137 2291 2258 2330 eum

688 2383 775 2451 qui
805 2380 939 2434 servi
977 2378 1194 2431 formam
1225 2374 1459 2442 accepit,
1485 2381 1542 2424 ut
1573 2380 1802 2424 nostram
1830 2369 2134 2422 servitutem
2162 2367 2260 2420 ho-

689 2488 818 2526 nere
860 2469 1113 2523 libertatis
1165 2474 1378 2519 ornaret
1429 2462 1678 2532 (Philipp.
1720 2459 1772 2511 2.
1816 2457 1918 2528 7);
1951 2459 2256 2526 piscatores,

687 2580 806 2617 eum
836 2565 920 2632 qui
952 2577 1015 2616 ex
1050 2558 1397 2629 piscatoribus
1443 2556 1710 2609 hominum
1763 2553 1923 2606 efficit
1949 2563 2257 2606 venatores:

691 2655 953 2723 publicani
980 2694 993 2715 ,
1025 2667 1144 2705 eum
1173 2651 1258 2718 qui
1290 2664 1353 2700 ex
1392 2647 1685 2715 publicanis
1719 2645 1971 2697 selectnm
2001 2643 2264 2710 evangeli-

687 2755 822 2798 stam
853 2744 1089 2811 designat
1120 2739 1329 2809 (Malt/t.
1356 2738 1409 2791 9.
1442 2737 1518 2806 9);
1552 2735 1876 2796 meretrices,
1909 2749 2029 2787 eum
2061 2733 2147 2802 qui
2181 2733 2259 2785 la-

688 2837 882 2906 crymis
910 2830 1220 2886 meretriciis
1247 2829 1407 2898 pedes
1437 2842 1559 2880 suos
1583 2826 1832 2893 exponit;
1858 2832 2013 2892 atque
2043 2833 2096 2876 ut
2117 2838 2261 2876 com-

690 2927 886 2994 plectar
916 2922 1080 2986 brevi,
1103 2929 1403 2990 peccatores
1426 2929 1609 2970 omnes
1629 2915 1971 2977 advenerunt,
1995 2922 2052 2966 ut
2071 2928 2258 2981 agnum

691 3021 782 3072 Dei
812 3023 1088 3070 cernerent
1109 3054 1121 3075 ,
1155 3011 1242 3080 qui
1275 3010 1405 3062 tollit
1437 3014 1645 3076 peccata
1673 3004 1850 3058 mundi
1875 3046 1887 3067 ,
1917 3003 1988 3072 (ιι)
2017 3002 2174 3074 [magi
2205 3014 2263 3055 ut

690 3126 809 3165 eum
838 3107 1080 3160 satellitio
1108 3119 1204 3157 suo
1229 3103 1437 3169 cingant
1461 3140 1474 3164 ,
1509 3107 1765 3165 pastores,
1804 3105 1859 3147 ut
1886 3111 2003 3148 cum
2035 3094 2256 3148 benedi-

691 3209 830 3262 cant,
864 3195 1145 3265 publicani,
1169 3203 1220 3248 ιιι
1239 3193 1582 3262 Evangelium
1601 3187 1902 3255 pl‘fcdiCelIl.
1930 3185 2254 3246 merell‘ices.

691 3301 746 3343 ut
793 3297 1049 3356 unguenta
1095 3285 1334 3337 deferant
1360 3320 1374 3344 ,
1402 3279 1767 3339 Samaritana,
1803 3287 1859 3327 nt
1907 3275 2102 3326 fontem
2144 3274 2262 3325 vitae

691 3383 863 3444 sitiat,
896 3380 1189 3432 Cbananma
1217 3415 1231 3437 ,
1267 3381 1324 3425 ut
1363 3371 1703 3423 indubitatam
1759 3366 1910 3418 fidem
1955 3361 2258 3432 exhibeat].

694 3475 824 3526 (lum
857 3472 1010 3540 igitur
1035 3483 1217 3521 omnes
1243 3464 1507 3518 exsultent
1531 3502 1544 3526 ,
1571 3457 1695 3511 tnilti
1727 3472 1932 3525 quoque
1959 3455 2129 3523 placet
2165 3469 2264 3506 ex-

694 3564 891 3617 sultare
912 3602 926 3625 ,
955 3561 1178 3613 choreas
1218 3568 1373 3623 agere
1421 3551 1540 3604 volo
1565 3590 1579 3614 ,
1609 3549 1905 3615 festumque
1952 3545 2217 3598 celebrare
2247 3561 2259 3596 :

694 3669 852 3722 porro
882 3651 1100 3704 choreas
1121 3663 1238 3714 ago,
1256 3661 1356 3698 non
1379 3643 1630 3696 citharam
1649 3639 1877 3706 pulsans,
1896 3653 1998 3688 non
2024 3635 2260 3704 thyrsum

694 3743 957 3812 quatiens,
988 3756 1088 3792 non
1122 3739 1273 3789 tibias
1300 3735 1507 3796 inflatis,
1539 3746 1642 3782 non
1670 3730 1807 3780 faces
1829 3727 2140 3788 accendens,
2173 3724 2262 3776 sed

698 3836 1019 3888 musicorum
1078 3831 1541 3882 instrumentorum
1593 3822 1710 3873 loco
1759 3818 1954 3872 Christi
2009 3831 2261 3870 cunarum

699 3927 888 3981 fascias
912 3933 1144 3994 gestans.
1171 3921 1262 3972 lite
1290 3931 1513 3984 namque
1543 3912 1672 3966 mihi
1700 3921 1822 3962 sunt
1848 3925 1997 3976 spes,
2028 3908 2108 3960 h:e
2139 3907 2262 3959 mihi

699 4022 823 4081 vita,
859 4018 937 4071 ha:
967 4015 1093 4067 mihi
1121 4014 1282 4074 salus,
1314 4011 1394 4062 ha:
1421 4006 1546 4060 mihi
1579 4004 1735 4068 tibim,
1768 4004 1846 4055 lue
1873 4001 1996 4053 mihi
2028 4000 2222 4053 cithara
2251 4017 2261 4050 :

701 4119 978 4180 propterea
1010 4113 1062 4158 et
1094 4105 1232 4170 ipsas
1257 4111 1469 4169 gestans
1493 4096 1714 4149 advenio
1733 4135 1748 4159 ,
1775 4101 1828 4145 ut
1865 4108 2042 4146 earum
2077 4092 2266 4143 virtute

700 4201 1000 4254 facultatem
1026 4195 1284 4249 sermonis
1310 4191 1526 4258 adeptus
1551 4202 1669 4240 cum
1701 4185 1899 4253 angelis
1923 4184 2114 4247 dicam,
2148 4181 2267 4234 Glo-

701 4293 778 4343 ria
802 4291 854 4342 in
883 4286 1135 4341 altissimis
1165 4283 1288 4344 Deo;
1318 4296 1436 4333 cum
1469 4277 1781 4346 pastoribus,
1816 4273 1878 4325 Et
1908 4275 1956 4325 in
1984 4282 2115 4324 terra
2145 4289 2267 4340 pax,

702 4383 755 4435 in
791 4377 1068 4432 hominibus
1099 4371 1459 4440 beneplacitum
1498 4367 1645 4435 (Luc.
1670 4365 1724 4417 ‘2.
1757 4361 1862 4433 M).
1899 4363 2064 4416 Hodie
2091 4363 2178 4430 qui
2204 4379 2265 4414 ex

699 4468 860 4523 Patre
885 4464 1217 4521 ineffabiliter
1242 4460 1446 4530 genitus
1476 4466 1575 4520 est,
1606 4471 1668 4509 ex
1702 4453 1915 4522 Virgine
1939 4461 2152 4520 propter
2187 4466 2270 4504 me

705 4555 1061 4627 inexplicabili
1091 4551 1247 4606 modo
1277 4550 1529 4604 nascitur.
1563 4544 1667 4600 Sed
1696 4553 1803 4596 tum
1830 4542 2040 4610 quidem
2077 4556 2268 4594 secun-

705 4655 827 4707 dtnn
857 4658 1093 4701 naturam
1122 4653 1242 4697 ante
1271 4641 1458 4695 saecula
1491 4638 1693 4705 genitus
1723 4644 1803 4689 est
1828 4649 1893 4687 ex
1925 4634 2093 4692 Patre,
2122 4642 2274 4699 prout

702 4742 850 4792 novit
895 4741 980 4793 ille
1005 4781 1017 4800 ,
1049 4737 1134 4804 qui
1166 4734 1342 4803 genuit
1368 4750 1378 4783 :
1407 4730 1560 4782 hodie
1603 4741 1728 4780 vero
1755 4740 1934 4778 rursus
1974 4739 2035 4776 ex
2064 4723 2274 4791 Virgine

704 4841 900 4898 prteter
927 4841 1162 4882 naturam
1189 4836 1342 4878 natus
1370 4830 1482 4887 est,
1515 4829 1667 4889 prout
1690 4817 1914 4885 Spiritus
1937 4819 2100 4868 sancti
2133 4816 2276 4867 novit

707 4925 891 4994 gratia.
924 4921 988 4974 Et
1012 4933 1233 4986 superna
1257 4916 1369 4984 ejus
1399 4912 1665 4982 generatio
1695 4925 1814 4961 vera
1845 4917 1944 4971 est,
1981 4917 2034 4959 et
2064 4907 2277 4958 inferior

709 5015 823 5082 ejus
862 5009 1127 5079 generatio
1166 5007 1381 5059 minime
1429 5002 1552 5055 falsa
1583 5009 1670 5054 :et
1712 5014 1833 5052 vere
1885 4998 2018 5050 Deus
2057 5011 2120 5049 ex
2173 4996 2277 5047 Deo

713 5103 918 5172 genitus
943 5109 1021 5152 cst
1045 5138 1058 5159 ,
1091 5107 1145 5149 et
1172 5111 1292 5148 vere
1322 5096 1477 5145 homo
1507 5092 1641 5144 idem
1668 5106 1729 5142 cx
1757 5088 1968 5156 Virgine
1994 5096 2146 5138 natus
2176 5094 2275 5136 est.

713 5193 930 5248 Sursum
971 5189 1111 5241 solus
1139 5202 1198 5238 ex
1231 5185 1344 5236 solo
1384 5182 1693 5249 Unigcnitus
1718 5220 1729 5238 ,
1759 5178 2006 5231 deorsum
2047 5177 2190 5228 solus
2216 5190 2275 5227 ex

718 5284 829 5337 Sola
859 5280 1067 5346 Virgine
1107 5275 1244 5327 idem
1270 5271 1600 5339 Unigenitus.
1626 5269 1770 5322 Sicut
1797 5268 1935 5320 enim
1969 5265 2020 5317 in
2056 5278 2278 5332 superna

723 5371 1058 5444 generatione
1089 5375 1306 5418 matrem
1337 5362 1625 5428 intelligere
1652 5359 1864 5426 impium
1892 5367 1971 5409 est
1999 5375 2009 5407 :
2035 5356 2110 5409 sic
2133 5356 2181 5407 in
2206 5356 2283 5406 in-

729 5463 903 5519 feriori
950 5457 1285 5529 generatione
1332 5463 1528 5517 patrem
1575 5450 1878 5503 existimare
1921 5446 2282 5516 blasphemum

728 5564 812 5610 est
864 5552 1016 5605 Pater
1047 5548 1242 5615 absque
1279 5540 1489 5595 deﬂuxu
1510 5538 1728 5606 genuit,
1758 5547 1809 5590 et
1840 5537 1995 5604 Virgo
2033 5536 2146 5588 sine
2171 5550 2286 5588 eor-

733 5643 974 5712 ruptione
1001 5639 1198 5708 peperit
1225 5653 1236 5687 :
1262 5648 1376 5686 nam
1410 5643 1575 5697 neque
1610 5627 1880 5682 deﬂuxum
1911 5625 2156 5680 sustinuit
2193 5624 2289 5678 Pa-

798 5775 870 5838 (a)
903 5782 1011 5832 Qute
1037 5768 1218 5820 uncinis
1243 5763 1544 5820 clauduntur,
1572 5758 1747 5809 desunt
1771 5759 1818 5806 in
1841 5764 1955 5821 neg.

1416 366 1472 419 S.
1511 364 1783 420 JOANNIS
1822 360 2280 416 CHRYSOSTOMI
2321 359 2630 415 ARCIIIEP.
2672 361 3196 419 CONSTANTINOP.

3829 381 3931 434 388

2373 486 2470 540 ter;
2489 479 2679 545 quippe
2705 479 2816 546 qui,
2843 490 2993 548 prout
3021 480 3739 550 conveniebatDeo,genuit:
3765 496 3930 551 neque

2369 566 2526 635 Virgo
2555 569 2946 636 corruptionem
2984 571 3228 623 sustinuit
3277 570 3562 639 pariendo;
3595 572 3789 638 quippe
3818 588 3929 638 qua:

2367 658 2705 725 spiritualiter
2725 661 2943 727 peperit.
2967 659 3114 714 Unde
3131 675 3300 726 neque
3312 675 3536 728 superna
3559 662 3672 725 ejus
3693 662 3930 713 nativitas

2368 749 2614 816 explicari
2650 759 2839 816 potest,
2870 766 3037 817 neque
3063 766 3366 819 progressus
3397 752 3508 819 ejus
3538 752 3589 805 in
3637 753 3930 805 novissimis

2371 839 2691 905 temporibus
2720 839 2927 892 curiose
2955 841 3296 909 pervestigari
3335 857 3391 894 se
3419 843 3563 893 sinit.
3589 842 3718 894 Nam
3765 842 3930 910 Virgi-

2368 942 2489 981 nem
2535 927 2744 996 quidem
2793 927 2948 982 hodie
2997 931 3266 998 peperisse
3313 932 3459 993 scio,
3504 941 3556 984 et
3613 931 3778 984 Deum
3821 931 3930 983 sine

2371 1027 2605 1086 tempore
2631 1018 2877 1085 genuisse
2911 1019 3070 1071 credo
3096 1039 3107 1072 :
3135 1017 3344 1070 modum
3372 1027 3544 1071 autem
3573 1019 3928 1087 generationis

2368 1108 2578 1162 silentio
2617 1107 2773 1160 didici
2818 1109 3100 1173 venerari,
3125 1123 3228 1160 non
3258 1109 3492 1160 oratione
3534 1109 3739 1161 curiose
3788 1108 3925 1158 illam

2368 1197 2730 1265 inquirendam
2761 1199 2958 1265 accepi.
2990 1197 3257 1266 Siquidem
3290 1199 3338 1250 in
3373 1199 3476 1250 Deo
3507 1215 3606 1249 non
3637 1213 3811 1252 rerum
3843 1214 3928 1250 na-

2369 1297 2483 1339 tura
2525 1295 2605 1338 est
2640 1287 2954 1340 attendeuda
2981 1327 2994 1349 ,
3019 1287 3108 1339 sed
3155 1287 3267 1354 ejus
3288 1328 3301 1349 ,
3329 1289 3414 1354 qui
3442 1296 3722 1354 cperatur,
3755 1288 3925 1339 virtuti

2367 1377 2496 1430 fides
2540 1377 2795 1430 habenda.
2841 1377 2945 1430 Lex
2987 1378 3126 1429 enim
3179 1389 3258 1429 est
3299 1389 3532 1436 natur:e,
3581 1393 3698 1429 cum
3747 1377 3928 1429 mulier

2367 1469 2890 1534 matrinioniojuncta
2921 1467 3055 1535 parit
3079 1487 3091 1520 :
3115 1482 3230 1519 cum
3259 1482 3382 1519 vero
3403 1467 3568 1519 virum
3594 1482 3694 1520 non
3718 1477 3926 1535 experta

2365 1559 2512 1625 virgo
2553 1567 2821 1624 postquam
2872 1556 3106 1622 peperit,
3139 1556 3286 1624 virgo
3319 1571 3497 1607 rursus
3539 1565 3787 1622 apparet,
3823 1563 3928 1607 tum

2367 1663 2451 1700 res
2480 1659 2716 1699 naturam
2753 1647 2975 1699 excedit.
3009 1645 3157 1712 Quod
3188 1646 3342 1714 igitur
3368 1645 3654 1698 secundum
3687 1655 3927 1698 naturam

2367 1736 2456 1799 fit,
2487 1737 2779 1804 inquiratur
2803 1755 2814 1788 :
2838 1735 2976 1803 quod
3020 1751 3141 1787 vero
3186 1743 3422 1786 naturam
3451 1745 3658 1802 superat
3679 1775 3692 1797 ,
3723 1735 3930 1787 silentio

2365 1825 2566 1878 colatur
2593 1844 2604 1877 :
2630 1840 2730 1876 non
2765 1835 3028 1892 tamquam
3058 1823 3374 1891 fugiendum,
3409 1822 3498 1876 sed
3540 1831 3803 1889 tamquam
3849 1823 3929 1874 in—

2367 1913 2683 1976 enarrabile,
2709 1913 3027 1981 dignumque
3056 1911 3191 1979 quod
3224 1910 3430 1963 silentio
3461 1925 3635 1962 veneri
3657 1925 3795 1962 mur.
3827 1909 3927 1962 Sed

2366 2006 2486 2056 date
2514 2003 2659 2063 mihi,
2692 2017 2890 2071 quaeso,
2925 2002 3056 2054 hanc
3084 2002 3287 2054 veniam
3315 2041 3330 2064 ,
3363 2009 3419 2053 ut
3453 2001 3502 2052 in
3534 2000 3752 2052 exordio
3781 1999 3930 2052 finem

2365 2094 2550 2146 faciam
2581 2092 2805 2145 dicendi.
2835 2090 2962 2144 Cum
3003 2092 3142 2143 enim
3173 2105 3347 2142 rerum
3397 2090 3756 2141 sublimiorunt
3792 2089 3933 2141 inve-

2363 2184 2692 2252 stigationem
2711 2183 2965 2249 attingere
2983 2180 3338 2241 reformident,
3360 2195 3461 2247 quo
3481 2191 3644 2246 pacto,
3667 2189 3758 2232 aut
3777 2195 3932 2247 quam

2364 2275 2415 2328 in
2443 2282 2642 2342 partem
2671 2272 2921 2326 orationis
2945 2272 3147 2325 clavum
3177 2271 3382 2323 flectant
3411 2269 3604 2322 nescio.
3633 2268 3766 2334 Quid
3795 2271 3930 2322 enim

2364 2364 2557 2428 dicam,
2591 2373 2680 2414 aut
2707 2363 2830 2431 quid
2859 2363 3081 2430 loquar?
3113 2361 3328 2414 Matrem
3356 2361 3525 2422 video,
3556 2375 3672 2428 qua:
3712 2362 3930 2427 peperit;

2366 2453 2525 2506 filium
2551 2463 2698 2522 partu
2726 2453 2920 2506 editum
2945 2466 3104 2505 cerno
3123 2472 3135 2505 ι
3155 2450 3364 2502 modum
3393 2459 3564 2501 autem
3582 2450 3934 2517 generationis

2366 2559 2469 2597 non
2502 2543 2767 2610 conspicio
2792 2560 2802 2593 :
2828 2542 3051 2594 vincitur
3075 2541 3211 2592 enim
3246 2549 3425 2590 natura
3451 2579 3463 2600 ,
3489 2538 3713 2589 vincitur
3737 2537 3935 2590 ordinis

2366 2635 2550 2699 limes,
2579 2633 2786 2702 quando
2815 2632 2924 2684 vult
2957 2632 3114 2684 Deus.
3142 2628 3256 2681 Non
3286 2631 3424 2680 cnim
3452 2627 3738 2680 secundum
3780 2639 3932 2677 natu-

2363 2741 2476 2779 ram
2498 2741 2583 2778 res
2603 2724 2810 2780 accidit.
2830 2723 2923 2777 sed
2951 2737 3105 2790 supra
3131 2731 3366 2772 naturam
3396 2718 3700 2771 miraculum
3723 2719 3896 2770 evenit
3920 2736 3931 2768 :

2365 2816 2564 2884 quievit
2606 2815 2743 2868 enim
2795 2827 2976 2865 natura
3003 2853 3016 2876 ,
3058 2812 3149 2865 sed
3195 2811 3396 2863 Domini
3437 2810 3676 2861 voluntas
3720 2817 3934 2875 operata

2365 2914 2466 2958 est.
2496 2906 2538 2958 0
2569 2903 2881 2957 int-flabilem
2919 2902 3138 2971 gratiam
3164 2903 3175 2952 !
3212 2899 3519 2967 Unigcnitus
3545 2940 3559 2962 ,
3588 2899 3673 2965 qui
3710 2907 3793 2950 est
3818 2909 3936 2951 ante

2370 2996 2559 3048 sarcula
2588 3034 2600 3057 ,
2633 2994 2719 3063 qui
2751 2993 2887 3060 tangi
2919 3007 3019 3044 non
3053 3000 3254 3058 potest,
3281 2989 3369 3056 qui
3401 2989 3622 3055 simplex
3665 2997 3744 3039 est
3775 2997 3827 3040 ct
3860 2989 3935 3043 in-

2367 3099 2670 3152 corporeus,
2700 3097 2889 3148 corpus
2913 3095 3085 3133 mrum
3114 3079 3270 3132 subiit
3289 3078 3609 3143 corruptioni
3642 3076 3934 3152 obnoxium

2366 3189 2418 3232 ct
2448 3174 2764 3245 aspectabile
2793 3173 2828 3222 ¹.
2863 3171 3029 3236 Quam
3059 3170 3126 3222 ob
3148 3168 3391 3221 causam?
3419 3166 3485 3219 Ut
3511 3174 3822 3238 conspectus
3843 3145 3939 3217 do-

2366 3278 2497 3330 ceat,
2526 3268 2721 3317 docens
2748 3273 2940 3320 autem,
2962 3261 3023 3312 ad
3048 3275 3106 3312 ea
3133 3273 3248 3325 qua:
3275 3274 3376 3309 non
3406 3257 3710 3309 eaduntsub
3731 3256 3935 3320 oculos,

2368 3370 2524 3408 manu
2568 3353 2742 3405 ducat.
2769 3348 2897 3401 Nam
2931 3349 3176 3414 quoniam
3208 3348 3388 3397 oculos
3421 3346 3632 3397 auribus
3673 3343 3939 3397 fideliores

2366 3459 2482 3498 esse
2509 3442 2812 3496 existimant
2842 3439 3082 3490 homines
3103 3477 3116 3498 ,
3149 3436 3213 3489 de
3239 3452 3302 3488 eo
3334 3449 3457 3486 vero
3483 3434 3723 3487 dubitant
3749 3475 3763 3495 ,
3797 3434 3937 3501 quod

2369 3551 2470 3588 non
2515 3533 2725 3594 vident,
2777 3540 3052 3598 propterea
3101 3527 3342 3593 dignatus
3386 3534 3467 3577 est
3511 3533 3563 3577 et
3605 3538 3692 3590 per
3744 3539 3940 3593 corpus

2367 3626 2534 3680 oculis
2563 3631 2900 3691 conspectum
2929 3619 3006 3671 sui
3040 3617 3275 3686 praebere
3296 3657 3310 3680 ,
3345 3627 3394 3668 ut
3424 3615 3802 3668 dubitationem
3836 3617 3942 3669 tol-

2369 3718 2516 3769 lcret.
2551 3716 2614 3766 Et
2661 3713 2895 3766 nascitur
2933 3725 2995 3762 ex
3041 3707 3282 3776 Virgine,
3309 3721 3425 3772 qua:
3465 3721 3574 3758 rem
3621 3707 3897 3773 ignorabat
3928 3721 3940 3757 :

2370 3822 2489 3859 nam
2525 3819 2693 3872 neque
2731 3809 3010 3869 conperata
3056 3809 3136 3851 est
3172 3798 3235 3848 ad
3278 3813 3385 3849 rem
3416 3796 3696 3864 gerendam
3719 3836 3732 3859 ,
3767 3812 3942 3862 neque

2369 3897 2587 3951 contulit
2612 3895 2874 3963 quippiam
2909 3892 2970 3944 ad
3001 3891 3051 3944 id
3082 3889 3219 3958 quod
3269 3889 3458 3942 fiebat:
3489 3888 3578 3940 sed
3616 3887 3811 3940 nudum
3845 3887 3945 3941 fttit

2371 4003 2575 4039 arcana;
2596 3985 2802 4037 virtutis
2823 3983 2934 4050 ejus
2965 3983 3390 4040 instrumentum;
3420 3987 3614 4029 tantum
3647 3977 3693 4028 id
3721 3988 3943 4030 noverat

2371 4076 2506 4145 quod
2538 4091 2601 4127 ex
2631 4072 2869 4127 Gabriele
2914 4070 3171 4123 sciscitata
3200 4068 3449 4120 didicerat
3483 4083 3492 4114 :
3527 4066 3783 4128 Quomodo
3819 4068 3944 4119 mihi

2373 4170 2453 4234 [iet
2485 4163 2637 4226 istud,
2670 4163 2784 4231 quia
2814 4163 2972 4212 virum
2999 4176 3096 4211 non
3129 4172 3369 4226 cognosco
3400 4153 3546 4221 (an.
3575 4157 3623 4206 1.
3657 4154 3744 4220 54)
3763 4156 3785 4204 ’ἶ
3806 4155 3943 4207 Τυιιι

2373 4257 2542 4326 inquit
2572 4256 2651 4308 ille
2682 4271 2694 4305 :
2725 4253 2810 4305 Vis
2851 4252 2950 4304 hoc
2986 4249 3161 4302 scire?
3206 4248 3424 4315 Spiritus
3465 4255 3666 4297 sanctus
3707 4261 3944 4311 superve-

2374 4351 2471 4400 niet
2501 4349 2550 4398 in
2578 4356 2623 4398 te
2646 4385 2658 4407 ,
2687 4354 2731 4397 et
2773 4345 2925 4394 virtus
2967 4340 3206 4392 Altissinti
3242 4335 3544 4389 obuutbrabit
3586 4336 3669 4385 tibi
3699 4333 3860 4403 (Ibid.
3895 4353 3940 4388 ιτ.

2375 4440 2486 4504 55).
2527 4437 2591 4489 Ει
2634 4433 2898 4502 quomodo
2946 4444 3064 4484 cum
3099 4430 3206 4497 ipsa
3254 4436 3398 4490 erat,
3428 4434 3481 4480 et
3523 4427 3678 4492 paulo
3722 4435 3840 4493 post
3883 4443 3945 4480 ex

2377 4528 2525 4597 ipsa?
2553 4523 3004 4592 Quemadmodum
3033 4519 3220 4572 artifex
3244 4559 3258 4582 ,
3284 4519 3491 4569 inventa
3525 4517 3744 4569 materia
3774 4517 3949 4570 utilis-

2378 4621 2543 4682 sima,
2588 4630 2679 4668 vas
2725 4612 3133 4681 pulcherrimum
3183 4608 3504 4660 fabricatur:
3541 4607 3607 4658 ita
3658 4605 3907 4659 Christus
3945 4657 3956 4673 _

2380 4710 2592 4762 invento
2619 4704 2833 4771 virginis
2876 4709 3058 4754 sancto
3103 4712 3323 4765 corpore
3368 4706 3419 4749 et
3448 4695 3620 4747 anima
3647 4736 3660 4758 ,
3692 4697 3945 4762 templmn

2381 4801 2478 4853 sibi
2520 4795 2810 4850 construxit
2848 4794 3170 4853 animatum,
3196 4798 3250 4842 et
3293 4787 3561 4841 hominem
3599 4802 3701 4855 qua
3743 4788 3952 4842 ratione

2381 4891 2575 4953 voluit,
2603 4885 2895 4940 etformavit
2935 4898 2998 4935 ex
3028 4881 3228 4948 virgine
3254 4920 3267 4942 ,
3298 4892 3521 4946 eumque
3549 4877 3761 4930 indutus
3791 4876 3916 4928 hodi
3941 4905 3946 4912 -

2383 4982 2658 5051 processit,
2688 4991 2856 5044 neque
2884 4984 3084 5027 naturte
3105 4970 3490 5024 deformitatem
3518 4969 3743 5020 erubuit.
3769 4966 3947 5034 Neque

2385 5075 2523 5126 enim
2556 5070 2862 5138 probrosum
2889 5065 2959 5116 illi
2989 5063 3104 5119 fuit,
3129 5071 3184 5112 ut
3203 5074 3353 5112 suum
3383 5072 3514 5124 Opus
3541 5057 3653 5124 ipse
3681 5065 3909 5123 gestaret
3937 5069 3948 5103 :

2384 5167 2553 5234 ipsum
2584 5173 2787 5229 quoque
2816 5155 3079 5224 Opiﬁcium
3113 5155 3335 5205 maxima
3359 5153 3520 5219 gloria
3547 5146 3913 5201 cumulabatur
3937 5183 3950 5206 ,

2386 5255 2524 5325 quod
2551 5251 2748 5320 opificis
2771 5249 2849 5300 sui
2881 5247 3030 5299 fieret
3052 5245 3430 5297 indumentum.
3457 5239 3584 5292 Nam
3608 5238 3957 5306 quemadmo—

2388 5348 2508 5399 dum
2548 5346 2598 5396 in
2627 5342 2791 5408 prima
2839 5338 3150 5391 formatione
3178 5335 3289 5386 fieri
3314 5348 3414 5386 non
3441 5339 3646 5399 poterat
3673 5371 3685 5390 ,
3714 5339 3768 5381 ut
3796 5328 3956 5387 homo

2389 5437 2814 5496 constitueretur,
2834 5439 3112 5498 antequam
3132 5426 3296 5479 lutum
3317 5426 3364 5477 in
3385 5424 3496 5491 ejus
3514 5437 3696 5473 manus
3714 5422 3950 5473 veniret:

2391 5531 2460 5581 ita
2492 5525 2600 5578 fieri
2633 5523 2812 5590 nequit
2838 5530 2893 5573 ut
2923 5535 3014 5572 vas
3044 5515 3381 5585 corruptibile
3415 5521 3826 5578 transmutctur,
3859 5510 3955 5562 nisi

2393 5617 2481 5670 fiat
2508 5613 2720 5682 Opificis
2751 5611 3134 5665 indumentum.

2460 5752 2473 5779 ι
2510 5755 2644 5807 neg.,
2670 5739 2972 5803 corruptibile
2996 5747 3036 5788 et
3060 5735 3274 5788 mortale.
