4152 6324
221 372 332 426 387

210 475 453 545 θρόνους,
486 474 549 528 οὐ
598 475 935 545 κυριότητας,
957 480 1017 532 οὐ
1065 479 1336 550 δυνάμεις,
1368 481 1467 533 οὐκ
1506 481 1770 545 ἐξουσίας,

210 561 342 615 ἀλλά
366 560 525 630 ξένην
564 562 658 614 καί
687 561 880 632 ἀτριϐῆ
914 562 1131 632 βαδίσας
1164 566 1296 629 ὁδὸν,
1329 566 1388 630 ἐξ
1424 568 1770 637 ἀγεωργήτου

211 645 443 714 προῆλθε
468 646 723 716 γαστρὸς,
764 645 884 698 οὔτε
910 649 1033 709 τοὺς
1058 648 1319 715 ἀγγέλους
1345 648 1505 700 αὐτοῦ
1539 649 1774 717 ἐρήμους

212 727 309 795 τῆς
327 728 645 790 ἐπιστασίας
670 728 833 781 αὐτοῦ
859 729 1187 792 καταλιπὼν,
1219 730 1338 782 οὔτε
1368 733 1434 799 τῇ
1475 730 1609 799 πρὸς
1630 732 1774 799 ήμᾶς

210 811 619 880 ινανθρωπήσει
672 811 769 878 τῆς
821 811 1023 873 οἰκείας
1082 811 1330 878 θεότητος
1374 812 1597 873 ἐκστάς·
1642 812 1775 863 ἀλλά

210 895 448 964 βασιλεῖς
474 894 571 963 μὲν
599 894 688 945 τὸν
708 894 1021 961 ἐπουράνιον
1055 892 1274 961 βασιλέα
1310 897 1405 963 τῆς
1443 892 1594 962 δόξης
1615 888 1776 961 ἦλθον

209 978 697 1047 προσκυνήσοντες,
744 974 1063 1043 στρατιῶται
1112 975 1167 1025 δὲ
1220 976 1310 1028 τὸν
1345 975 1774 1045 ἀρχιστράτηγον

207 1061 305 1129 τῆς
337 1058 617 1126 δυνάμεως
670 1056 1123 1125 θεραπεύσοντες·
1176 1059 1230 1109 αί
1279 1061 1528 1124 γυναῖκες
1570 1056 1660 1108 τὸν
1713 1059 1776 1108 ἐκ

208 1140 467 1210 γυναικὸς
506 1137 789 1207 τεχθέντα,
825 1138 910 1190 ἵνα
951 1139 1049 1199 τὰς
1075 1138 1249 1199 λύπας
1284 1138 1382 1205 τῆς
1419 1138 1671 1205 γυναικὸς
1697 1139 1776 1199 είς

210 1224 383 1293 χαράν
417 1222 724 1293 μεταϐάλλῃ
741 1238 755 1252 ·
781 1223 836 1273 αἱ
863 1221 1115 1290 παρθένοι
1143 1222 1202 1274 τὸ
1230 1221 1328 1289 τῆς
1362 1221 1627 1290 παρθένου
1651 1238 1777 1273 παι-

209 1305 341 1363 δίον,
376 1306 459 1357 ὅτι
489 1304 601 1366 πῶς
620 1305 648 1356 6
676 1303 940 1370 γάλακτος
966 1304 1055 1355 καὶ
1099 1302 1282 1372 μαζῶν
1310 1303 1633 1372 δημιουργὸς
1679 1303 1776 1363 τὰς

211 1387 396 1456 πηγὰς
428 1386 612 1457 μαζῶν
641 1386 916 1456 αὐτόματα
938 1386 1123 1455 ῥεῖθρα
1146 1386 1401 1456 φέρεσθαι
1426 1385 1608 1446 ποιῶν,
1630 1386 1776 1453 παρὰ

214 1470 420 1540 μητρὸς
455 1469 721 1539 παρθένου
750 1468 999 1519 παιδίουα
1030 1467 1228 1536 τροφὴν
1284 1466 1469 1518 ἔλαϐε·
1503 1466 1570 1517 τά
1612 1469 1775 1535 νήπια

210 1552 299 1602 τὸν
326 1552 517 1619 νήπιον
548 1550 865 1618 γενόμενον,
912 1549 995 1601 ἵνα
1032 1550 1095 1599 ἐκ
1140 1548 1399 1617 στόματος
1438 1548 1642 1617 νηπίων
1685 1548 1775 1598 καὶ

214 1632 554 1704 θηλαζόντων
604 1631 901 1703 καταρτίσῃ
956 1627 1132 1684 αἶνον·
1175 1632 1221 1681 οἱ
1274 1630 1459 1691 παῖδες
1483 1630 1572 1681 τὸν
1615 1630 1776 1681 παῖδα

214 1718 498 1785 μάρτυρας
528 1714 613 1766 διὰ
639 1714 735 1782 τὴν
769 1713 999 1783 Ἡρώδου
1034 1711 1226 1781 μανίαν
1260 1712 1651 1779 εἰργασάμενον
1674 1727 1688 1740 ·
1725 1711 1775 1762 οἱ

212 1798 403 1866 ἀνδρες
427 1797 518 1849 τὸν
550 1796 1032 1865 ἐνανθρωπήσαντα
1061 1796 1153 1847 καὶ
1174 1794 1240 1847 τά
1266 1795 1370 1846 τῶν
1398 1793 1594 1845 δούλων
1616 1792 1776 1863 θερα-

213 1880 491 1932 πεύσαντα
526 1879 670 1931 κακά
689 1894 702 1907 ·
740 1880 787 1929 οἱ
816 1877 1065 1946 ποιμένες
1095 1876 1185 1927 τὸν
1216 1876 1442 1945 ποιμένα
1468 1877 1558 1927 τὸν
1592 1876 1773 1937 καλὸν,

212 1965 303 2016 τὸν
336 1964 438 2032 τὴν
492 1960 668 2031 ψυχὴν
696 1961 834 2030 ὑπὲρ
862 1959 969 2013 τῶν
1019 1958 1300 2028 προϐάτων
1346 1957 1699 2029 προθέμενον·
1726 1959 1775 2010 οί

216 2048 379 2116 ἱερεῖς
398 2046 490 2097 τὸν
523 2045 662 2097 κατὰ
690 2043 785 2113 τὴν
810 2042 959 2108 τάξιν
984 2042 1310 2110 Μελχισεδὲκ
1340 2041 1598 2110 ἀρχιερέα
1627 2040 1776 2107 γενό-

216 2145 411 2200 μενον·
443 2131 494 2182 οί
525 2128 701 2181 δοῦλοι
746 2127 834 2179 τὸν
891 2125 1100 2195 μορφὴν
1151 2124 1333 2177 δούλου
1380 2125 1641 2186 λαϐόντα,
1690 2126 1777 2177 ἵνα

213 2214 368 2283 ήμῶν
398 2213 498 2281 τὴν
531 2210 765 2264 δουλείαν
804 2208 1078 2279 ἐλευθερία
1121 2210 1354 2279 τιμήσῃ·
1396 2210 1443 2260 οἱ
1492 2208 1658 2268 ἁλιεῖς
1686 2208 1776 2259 τὸν

214 2298 318 2349 ἀπὸ
339 2296 534 2349 ἀλιέων
559 2292 824 2364 θηρευτὰς
844 2291 1141 2361 ἀνθρώπων
1175 2290 1534 2361 ἐργαζόμενον
1555 2304 1566 2316 ·
1595 2291 1643 2340 οἱ
1677 2306 1778 2341 τε·-

214 2380 379 2432 λῶναι
420 2380 510 2431 τὸν
549 2379 655 2430 ἀπὸ
699 2375 941 2429 τελωνῶν
978 2372 1361 2442 εὐαγγελιστὴν
1392 2372 1772 2438 ἀναδείξαντα·

214 2466 268 2516 αἱ
299 2466 496 2533 πόρναι
531 2464 621 2513 τὸν
663 2463 771 2521 τοῖς
822 2460 1097 2528 πορνικοῖς
1143 2457 1369 2527 δάκρυσι
1426 2456 1552 2518 τοὺς
1614 2456 1777 2517 πόδας

216 2546 537 2615 προῐέμενον
556 2560 569 2572 ·
591 2544 681 2595 καὶ
715 2542 800 2593 ἵνα
830 2540 1102 2608 συντόμως
1131 2540 1286 2598 εῖπω,
1314 2537 1510 2598 πάντες
1538 2537 1585 2588 οἱ
1608 2537 1778 2603 ἀμαρ-

214 2627 373 2680 τωλοὶ
396 2623 558 2694 ἦλθον
585 2627 707 2677 [δεῖν
731 2625 817 2675 τὸν
845 2622 1011 2691 ἀμνὸν
1040 2621 1131 2672 τοῦ
1158 2620 1288 2671 Θεοῦ
1318 2620 1406 2669 τὸν
1440 2618 1657 2683 αἴροντα
1681 2615 1775 2684 τὴν

215 2710 484 2780 ἁμαρτίαν
508 2707 601 2760 τοῦ
630 2706 853 2774 κόσμου,
883 2704 1042 2772 μάγοι
1066 2701 1482 2771 δορυφοροῦντες
1507 2699 1556 2761 ι),
1592 2698 1776 2765 ποιμέ-

216 2812 297 2853 νες
353 2791 718 2858 εὐλογοῦντες.
772 2786 993 2839 τελῶναι
1031 2784 1528 2852 εὐαγγελιζόμενοι,
1586 2782 1774 2850 πόρναι

217 2873 657 2946 μυροφοροῦσαι,
709 2871 1033 2938 Σαμαρεῖτις
1095 2867 1274 2935 πηγὴν
1329 2864 1536 2933 διψῶσα
1600 2863 1773 2946 ζωῆς,

217 2942 492 3012 Χαναναία
538 2956 720 3007 πίστιν
772 2952 1136 3005 ἀνενδοίαστον
1182 2950 1395 3018 ἔχουσα.
1438 2946 1658 2999 Πάντων
1689 2942 1778 2997 οῦν

218 3038 579 3110 σκιρτώντων,
623 3038 907 3105 σκιρτῆσαι
934 3033 1070 3085 θέλω
1100 3031 1272 3098 κάγὼ,
1313 3029 1565 3101 χορεῦσαι
1594 3027 1777 3110 βούλο-

220 3109 334 3192 μαι,
388 3118 751 3188 πανηγυρίσαι
790 3117 1001 3168 θέλωο·
1052 3113 1259 3183 χορεύω
1297 3113 1351 3165 δὲ
1377 3153 1389 3173 ,
1442 3112 1502 3163 οὐ
1552 3109 1779 3192 κιθάραν

218 3191 486 3274 πλήττων.
513 3202 573 3255 οὐ
609 3198 804 3268 θυρσὸν
835 3196 1019 3259 κινῶν,
1046 3198 1145 3248 οὐκ
1174 3196 1368 3255 αὐλοὺς
1402 3193 1565 3262 ἔχων,
1590 3193 1649 3243 οὐ
1686 3191 1779 3260 δᾷ-

218 3288 308 3349 δας
334 3287 542 3345 ἀπτων,
575 3283 686 3335 ἀλλ’
716 3282 836 3333 ἀντὶ
873 3278 1143 3348 μουσικῶν
1174 3279 1418 3347 ὀργάνων
1443 3275 1510 3328 τὰ
1532 3274 1624 3327 τοῦ
1658 3276 1782 3343 Χρι-

219 3372 341 3424 στοῦ
367 3370 658 3437 σπάργανα
688 3366 885 3435 φέρων.
905 3363 1050 3415 Αὐτά
1076 3364 1181 3431 γάρ
1208 3378 1295 3431 μοι
1328 3360 1499 3421 ἐλπὶς,
1531 3357 1668 3410 αὐτά
1695 3374 1780 3425 μοι

218 3454 351 3521 ζωὴ,
374 3452 513 3504 αὐτά
551 3466 639 3518 μοι
673 3446 929 3515 σωτηρία,
966 3445 1103 3498 αὐτά
1164 3460 1254 3512 μοι
1286 3442 1463 3505 αὐλὸς,
1508 3441 1645 3493 αὐτά
1694 3457 1787 3514 μοι,

219 3534 434 3600 κιθάρα.
469 3532 558 3583 Διὸ
592 3531 681 3583 καὶ
713 3530 850 3582 αὐτὰ
884 3528 1111 3599 ἔρχομαι
1142 3529 1348 3596 φέρων,
1389 3528 1473 3578 ῖνα
1509 3527 1572 3593 τῇ
1606 3522 1789 3575 αὐτῶν

218 3614 440 3681 δυνάμει
502 3614 653 3679 ἰσχὺν
707 3611 877 3676 λόγων
928 3608 1103 3660 λαϐὼν
1150 3610 1263 3683 μετ’
1310 3606 1551 3675 ἀγγέλων
1597 3605 1779 3655 εἴπω·

219 3697 370 3759 Δόξα
389 3697 459 3747 ἐν
480 3695 760 3761 ὑψίστοις
793 3688 911 3753 Θεῷ
934 3707 946 3719 ·
993 3689 1125 3758 μετὰ
1144 3689 1197 3740 δὲ
1220 3689 1506 3756 ποιμένων,
1542 3686 1651 3739 Καὶ
1684 3684 1782 3735 ἐπὶ

220 3778 329 3848 γῆς
394 3777 626 3843 εἰρήνη,
674 3775 740 3826 ἐν
791 3771 1117 3837 ἀνθρώποις
1163 3770 1421 3823 εὐδοκία.
1461 3771 1703 3837 Σήμερον
1754 3767 1781 3817 6

220 3860 494 3929 γεννηθεὶς
520 3858 771 3926 ἀρρήτως
786 3857 848 3906 ἐκ
871 3853 1098 3920 Πατρὸς,
1127 3854 1189 3904 ἐκ
1224 3851 1491 3921 παρθένου
1520 3851 1778 3911 τίκτεται,

219 3928 507 4010 ἀφράστως
554 3940 618 3990 δι’
650 3938 766 4005 ἐμέ.
796 3935 950 3988 Ἀλλά
975 3935 1089 3987 τότε
1122 3934 1218 4002 μὲν
1245 3933 1377 3986 κατὰ
1405 3932 1562 4000 φύσιν
1595 3928 1781 4010 ἐκῌτοῦ

220 4007 431 4091 Πατρὸς
483 4021 590 4089 πρὸ
618 4018 825 4072 αἰώνων
874 4015 1152 4087 ἐγεννήθη,
1185 4017 1258 4078 ώς
1291 4018 1317 4068 ὁ
1341 4016 1602 4083 γεννήσας
1636 4007 1742 4063 οἶδε
1767 4027 1778 4039 ·

222 4108 458 4175 σήμερον
491 4102 546 4154 δὲ
587 4101 745 4154 πάλιν
775 4101 919 4170 παρὰ
943 4098 1099 4166 φύσιν
1126 4098 1336 4167 ἐτέχθη,
1354 4097 1429 4158 ώς
1455 4098 1487 4165 ἡ
1517 4093 1606 4148 τοῦ
1631 4093 1781 4175 ἁγίου

220 4173 535 4253 Ιινεύματος
581 4182 860 4234 ἐπίσταται
887 4181 1061 4250 χάρις.
1088 4178 1367 4250 [5941Καὶ
1401 4180 1432 4247 ή
1476 4177 1587 4229 άνω
1621 4173 1781 4227 αὐτοῦ

220 4270 469 4335 γέννησις
500 4264 724 4333 ἀληθὴς,
757 4264 849 4315 καὶ
897 4265 929 4331 ή
960 4262 1109 4315 κάτω
1144 4261 1393 4329 γέννησις
1417 4259 1670 4328 ἀψευδὴς,
1694 4256 1784 4309 καὶ

222 4350 433 4419 ἀληθῶς
455 4348 586 4415 Θεὸς
616 4348 677 4397 ἐκ
699 4345 829 4396 Θεοῦ
848 4344 1126 4413 ἐγεννήθη,
1147 4343 1239 4395 καὶ
1266 4342 1477 4410 ἀληθῶς
1505 4340 1598 4394 ἄνθ
1607 4356 1783 4408 ρωπος

220 4434 246 4484 6
283 4432 449 4492 αὐτὸς
502 4431 565 4481 ἐκ
598 4427 859 4497 παρθένου
896 4427 1111 4496 ἐτέχθη.
1142 4428 1286 4478 Ἀνω
1322 4423 1476 4495 μόνος
1526 4426 1590 4475 ἐκ
1624 4424 1782 4491 μόνου

221 4513 552 4580 Μονογενὴς,
577 4511 725 4562 κάτω
763 4509 917 4577 μόνος
955 4511 1018 4560 ἐκ
1042 4508 1306 4576 παρθένου
1338 4506 1502 4576 μόνης
1546 4507 1783 4571 Μονογε-

221 4598 313 4663 νὴς
339 4598 367 4647 6
391 4594 573 4654 αὐτός.
604 4594 809 4659 ’Ὠσπερ
832 4593 939 4660 γὰρ
970 4592 1060 4643 ἐπὶ
1082 4593 1175 4659 τῆς
1195 4593 1304 4645 ἄνω
1332 4593 1635 4661 γεννήσεως
1660 4592 1785 4641 ἀσε-

222 4676 308 4737 ϐὲς
355 4674 605 4741 ἐννοῆσαι
647 4672 889 4742 μητέρα·
922 4673 1061 4725 οῦτω
1111 4674 1423 4741 βλάσφημόν
1463 4675 1608 4724 ἐστιν
1656 4673 1785 4723 ὐπο-

222 4758 400 4810 λαϐεῖν
433 4757 529 4807 καὶ
560 4755 651 4805 ἐπὶ
682 4754 779 4821 τῆς
804 4754 949 4806 κάτω
983 4756 1282 4822 γεννήσεως
1313 4755 1541 4822 πατέρα.
1584 4754 1639 4804 '0
1671 4755 1783 4805 Πα-

222 4840 319 4909 τὴρ
361 4836 679 4907 ἀρῤεύστως
713 4836 994 4905 ἐγέννησε,
1025 4836 1177 4904 καὶὴ
1232 4835 1494 4903 παρθένος
1535 4835 1785 4903 ἀφθόρως

224 4923 435 4974 ἔτεκεν·
472 4917 595 4969 οὐτε
629 4917 736 4985 γὰρ
757 4920 783 4968 6
807 4917 935 4979 Θεὸς
977 4917 1155 4985 ρεῦσιν
1197 4918 1451 4985 ὑπέμεινε
1485 4918 1779 4984 γεννήσας·

224 5000 537 5069 θεοπρεπῶς
577 4998 684 5065 γὰρ
717 4999 1030 5067 ἐγέννησεν·
1063 4998 1182 5050 οὐτε
1216 5001 1248 5069 ή
1288 4999 1549 5066 παρθένος
1584 4998 1784 5066 φθορὰν

224 5085 481 5151 ὑπέμεινε
525 5079 788 5132 τεκοῦσα·
823 5080 1205 5147 πνευματικῶς
1237 5081 1343 5150 γάρ
1389 5080 1586 5132 ἔτεκεν.
1624 5079 1784 5131 Ὀθεν

222 5164 340 5218 οὐτε
364 5166 398 5234 ή
431 5164 544 5218 ἄνω
591 5159 748 5213 αὐτοῦ
772 5160 1017 5229 γέννησις
1060 5162 1315 5232 ἐξήγησιν
1349 5162 1478 5232 ἔχει,
1509 5162 1628 5214 οὗτε
1664 5163 1695 5231 ή
1726 5163 1783 5214 ἐν

286 5498 310 5556 9
333 5498 453 5556 “Pg.
476 5498 680 5545 παιδίον.

254 5555 310 5633 ,δ
346 5555 1083 5633 ΙιίΔπξςᾈμάγςὶι-δορυφοροῦντες,
1129 5564 1249 5617 elc.,
1300 5574 1452 5622 usque
1499 5562 1557 5610 ad
1594 5564 1777 5609 πάντων

228 5618 320 5687 οὖν,
336 5620 519 5687 ειεειιηι
546 5621 595 5666 In
618 5618 741 5687 ng.

232 5676 403 5785 ,ἐωίιο
424 5678 571 5741 Πειρη,
596 5676 773 5728 melius
794 5694 935 5742 quam
954 5677 1092 5739 editi,
1116 5680 1197 5739 qu!
1220 5682 1447 5733 omittunt
1470 5684 1777 5746 πανηγυρίσαι

1345 365 1408 423 ΙΝ
1442 365 1769 423 ΝΑΤΑιΕΜ
1810 365 2083 423 CHRISTI
2118 369 2299 426 DIEM.

1881 483 2123 555 ὑστέροις
2152 488 2361 555 καιροῖς
2396 486 2614 556 πρόοδος
2654 486 3216 557 πολυπραγμονεῖσθαι
3250 486 3439 557 ἀνέχε-

1879 583 1988 618 ται.
2050 568 2172 618 Ὅτι
2227 569 2366 637 μὲν(1
2416 568 2524 639 γάρ
2575 568 2756 621 ἔτεκεν
2800 572 2832 638 ἡ
2884 570 3167 639 παρθένος,
3205 571 3440 640 σήμερον

1880 644 2012 709 οἶδα,
2056 649 2149 701 καὶ
2192 650 2272 701 ὅτι
2319 650 2603 719 ἐγέννησεν
2630 653 2658 702 ὁ
2694 650 2822 712 Θεὸς
2851 652 3118 720 ἀχρόνως,
3158 650 3394 704 πιστεύω
3424 666 3437 679 ·

1880 730 1968 781 τὸν
1998 730 2053 782 δὲ
2080 731 2277 800 τρόπον
2308 731 2404 799 τῆς
2429 737 2728 801 γεννήσεως
2752 737 2925 801 σιωπῇ
2943 736 3104 803 τιμᾷν
3127 734 3439 803 μεμάθηκα,

1882 812 1975 865 καὶ
2021 814 2078 864 οὐ
2108 814 2193 867 διὰ
2241 814 2411 882 λόγων
2460 814 2923 885 πολυπραγμονεῖν
2963 816 3283 884 παρέλαϐον.
3320 818 3442 869 Ἐπὶ

1882 894 1986 963 γὰρ
2011 894 2144 947 Θεοῦ
2168 896 2226 948 οὐ
2258 897 2337 948 δεῖ
2366 901 2430 967 τῇ
2455 897 2611 963 φύσει
2630 897 2736 949 τῶν
2768 899 3099 966 πραγμάτων
3134 900 3441 967 προσέχειν,

1883 975 2014 1028 ἀλλά
2040 980 2104 1046 τῇ
2151 978 2374 1046 δυνάμει
2405 979 2496 1030 τοῦ
2537 979 2879 1048 ἐνεργοῦντος
2909 981 3200 1031 πιστεύειν.
3226 980 3441 1044 Φύσεως

1882 1058 1989 1126 γάρ
2025 1060 2138 1109 ἐστι
2193 1060 2372 1128 νόμος,
2407 1061 2533 1113 ὅταν
2571 1062 2705 1130 γυνὴ
2758 1061 3200 1130 προσομιλήσασα
3246 1062 3442 1130 γάμοις

1882 1140 2011 1208 τέκῃ
2035 1151 2057 1177 θ
2076 1156 2088 1169 ³
2114 1142 2239 1193 ὅταν
2268 1142 2323 1193 δὲ
2349 1142 2609 1215 παρθένος
2642 1144 3003 1213 ἀπειρόγαμος
3036 1143 3262 1195 τεκοῦσα
3286 1144 3442 1195 πάλιν

1883 1221 2145 1290 παρθένος
2207 1224 2416 1294 φανείη,
2477 1224 2613 1294 ὑπὲρ
2674 1224 2831 1291 φύσιν
2881 1225 2941 1275 τὸ
2979 1226 3223 1293 πρᾶγμα.
3254 1226 3324 1276 Τὸ
3351 1220 3442 1277 οῦν

1884 1304 2022 1355 κατά
2043 1304 2199 1370 φύσιν
2227 1306 2510 1375 ξητείσθω,
2534 1306 2666 1358 τὸδὲ
2692 1306 2829 1375 ὑπὲρ
2849 1306 3005 1373 φύσιν
3032 1311 3153 1376 σιγῇ
3173 1306 3439 1376 τιμάσθω,

1883 1387 1978 1454 οὐχ
2020 1386 2093 1448 ώς
2144 1388 2391 1454 φευκτὸν,
2426 1388 2538 1440 ἀλλ’
2597 1389 2670 1450 ὡς
2723 1390 3055 1458 ἀπόρρητον,
3116 1390 3207 1440 καὶ
3266 1392 3439 1458 σιωπῇ

1883 1468 2137 1537 τιμᾶσθαι
2183 1469 2347 1533 ἄξιον.
2403 1471 2539 1523 Ἀλλ’
2587 1472 2913 1540 ἀπονείματέ
2955 1488 3043 1539 μοι
3098 1472 3440 1540 συγγνώμην,

1884 1552 2203 1621 παρακαλῶ,
2237 1554 2293 1602 ἐν
2318 1554 2618 1622 προοιμίοις
2644 1553 2986 1606 καταπαῦσαι
3020 1555 3107 1606 τὸν
3144 1556 3296 1622 λόγον
3321 1554 3443 1622 βου-

1883 1634 2109 1705 λομένῳ.
2159 1636 2337 1699 Δειλὸς
2367 1636 2473 1707 γὰρ
2522 1636 2595 1688 ὣν
2650 1637 2783 1707 πρὸς
2830 1639 2928 1705 τὴν
2974 1638 3080 1689 τῶν
3128 1638 3443 1706 κρειττόνων

1884 1716 2123 1785 ἔρευναν,
2158 1716 2332 1786 πῶςῆ
2379 1718 2479 1770 ποῦ
2533 1719 2715 1788 τρέψω
2761 1719 2865 1770 τῶν
2900 1718 3067 1785 λόγων
3108 1718 3173 1770 τὰ
3214 1718 3444 1784 πηδάλια.

1884 1800 1980 1867 οὐχ
2011 1798 2134 1867 έχω.
2168 1798 2230 1849 Τί
2264 1800 2369 1868 γάρ
2400 1800 2554 1863 εἴπω,
2585 1802 2615 1869 ἢ
2649 1802 2701 1853 τί
2729 1801 2978 1868 λαλήσω;
3028 1801 3136 1870 Τὴν
3184 1799 3443 1852 τεκοῦσαν

1884 1881 2012 1950 ὁρῶ,
2039 1881 2128 1933 τὸν
2154 1881 2405 1949 τεχθέντα
2440 1882 2636 1951 βλέπω,
2672 1882 2757 1935 τὸν
2786 1883 2841 1934 δὲ
2874 1884 3067 1953 τρόπον
3110 1882 3206 1949 τῆς
3254 1883 3439 1950 γεννή-

1886 1980 2019 2023 σεως
2068 1963 2125 2015 οὐ
2174 1964 2410 2033 συνορῶ·
2453 1967 2664 2016 νικᾶται
2716 1964 2823 2034 γὰρ
2864 1964 3042 2033 φύσις,
3094 1966 3303 2016 νικᾶται
3349 1965 3443 2015 καὶ

1883 2044 2085 2110 τάξεως
2117 2046 2258 2115 ὃρπ,
2284 2047 2415 2097 ὅπου
2439 2046 2567 2109 Θεὸς
2602 2046 2862 2114 βούλεται.
2900 2049 2971 2099 Οὐ
2995 2047 3101 2117 γάρ
3124 2048 3259 2099 κατὰ
3286 2044 3443 2113 φύσιν

1884 2128 2071 2194 γέγονε
2122 2126 2182 2177 τὸ
2226 2129 2487 2197 πρᾶγμα·
2546 2129 2654 2180 ἀλλ’
2710 2130 2848 2199 ὑπὲρ
2903 2130 3061 2196 φύσιν
3113 2129 3171 2180 τὸ
3226 2127 3438 2196 θαῦμα·

1884 2209 2090 2279 ἤργησε
2131 2210 2237 2279 γάρ
2275 2212 2305 2278 ή
2337 2210 2513 2278 φύσις,
2555 2214 2647 2263 καὶ
2676 2211 2942 2280 ἐνήργησε
2971 2212 3062 2262 τοῦ
3096 2211 3358 2262 Δεσπότου
3384 2210 3443 2260 τὸ

1886 2292 2148 2360 βούλημα.
2185 2293 2247 2343 ’Ὠ
2280 2293 2495 2362 χάριτος
2526 2294 2832 2362 ἀφράστουῑ
2884 2294 2940 2345 '0
2964 2293 3066 2362 πρὸ
3091 2292 3295 2344 αἰώνων
3339 2291 3444 2343 Mo-

1885 2375 2126 2444 νογενὴς,
2156 2376 2183 2425 6
2209 2374 2436 2444 ἀναφὴς,
2457 2376 2550 2427 καὶ
2576 2375 2794 2436 ἁπλοῦς,
2814 2375 2904 2427 καὶ
2925 2374 3227 2442 ἀσώματος,
3256 2373 3442 2423 ὑπεισ-

1884 2456 2014 2526 ἦλθέ
2057 2474 2156 2526 μου
2197 2458 2255 2510 τὸ
2315 2458 2545 2527 φθαρτὸν
2610 2460 2700 2509 καὶ
2743 2458 2929 2526 όρατὸν
2980 2454 3202 2523 σῶματ.
3235 2454 3331 2505 Διά
3358 2454 3440 2516 τίς

1888 2540 2001 2590 Ἵνα
2035 2538 2356 2605 βλεπόμενος
2381 2538 2562 2607 διδάξῃ
2584 2577 2597 2597 ,
2626 2537 2838 2600 διδάξας
2867 2537 2921 2588 δε
2961 2538 3091 2605 πρὸς
3120 2537 3179 2587 τὸ
3216 2536 3289 2604 μὴ
3327 2535 3443 2603 βλε-

1887 2621 2115 2688 πόμενον
2138 2622 2539 2690 χειραγωγήσῃ.
2584 2621 2798 2689 Ἐπειδὴ
2838 2622 2941 2687 γάρ
2971 2621 3017 2670 οί
3051 2619 3322 2687 ἄνθρωποι
3349 2619 3440 2670 τὸν

1886 2702 2155 2771 ὀφθαλμὸν
2175 2703 2267 2771 τῆς
2298 2703 2461 2770 άκοῆς
2490 2702 2799 2771 πιστότερον
2823 2701 3082 2763 ποιοῦσιν,
3108 2700 3134 2751 ὃ
3160 2700 3212 2752 δὲ
3232 2701 3303 2768 μὴ
3327 2699 3443 2767 βλέ-

1887 2801 2076 2836 πουσιν
2107 2785 2515 2853 ἀμφιϐάλλουσι,
2543 2785 2629 2836 διά
2663 2786 2818 2836 τοῦτο
2851 2785 3090 2853 ἠνείχετο
3120 2785 3210 2834 καὶ
3242 2782 3442 2851 ὀφθαλ-

1891 2870 2007 2936 μοῖς
2040 2868 2136 2935 τὴν
2183 2867 2371 2918 ἐαυτοῦ
2402 2868 2526 2918 θέαν
2579 2867 2662 2919 διά
2696 2867 2786 2917 τοῦ
2821 2866 3065 2934 σώματος
3118 2866 3440 2932 παρασχεῖν,

1891 2953 1975 3003 ῖνα
2004 2950 2137 3020 λύσῃ
2183 2952 2280 3019 τὴν
2338 2949 2757 3019 ἀμφισϐήτησιν.
2794 2950 2898 2999 Καὶ
2936 2947 3171 2999 τίκτεται
3210 2950 3272 2998 ἐκ
3302 2963 3442 3015 παρ-

1890 3032 2040 3084 θένου
2074 3032 2367 3101 ἀγνοούσης
2424 3031 2483 3083 τὸ
2535 3033 2791 3100 πρᾶγμα·
2833 3029 2954 3083 οὔτε
2990 3030 3096 3097 γὰρ
3138 3030 3442 3096 συνήργησε

1891 3115 2025 3183 πρὸς
2048 3118 2108 3166 τὸ
2139 3115 2435 3182 γινόμενον,
2465 3113 2583 3164 οὔτε
2612 3112 2958 3165 συνεϐάλλετο
2977 3112 3108 3180 πρὸς
3131 3111 3187 3163 τὸ
3211 3111 3442 3179 πραττό-

1894 3214 2069 3265 μενον,
2112 3197 2222 3249 ἀλλ’
2257 3193 2322 3265 ἦν
2347 3196 2495 3264 ψιλὸν
2525 3196 2748 3264 ὄργανον
2796 3196 2890 3262 τῆς
2926 3194 3231 3262 ἀπορρήτου
3280 3192 3439 3244 αὐτοῦ

1890 3278 2183 3346 δυνάμεως,
2217 3279 2372 3347 μόνον
2400 3278 2585 3337 εἰδυῖα,
2609 3277 2635 3327 ὃ
2654 3275 2801 3344 παρὰ
2828 3275 2918 3327 τοῦ
2952 3274 3183 3343 Γαϐριὴλ
3208 3273 3439 3343 ἐρομένη

1890 3360 2107 3429 ἔμαθεν,
2137 3362 2216 3412 ὃτι
2242 3359 2368 3424 Πῶς
2383 3360 2546 3412 ἔσται
2559 3376 2657 3426 μοι
2681 3359 2871 3421 τοῦτο,
2903 3358 3023 3409 ἐπεὶ
3056 3356 3240 3422 ἄνδρα
3262 3357 3331 3409 οὐ
3356 3374 3438 3422 γι-

1889 3441 2120 3505 νώσκω;
2136 3443 2241 3494 Καί
2259 3459 2406 3512 φησι·
2426 3442 2587 3492 Τοῦτ)
2604 3440 2777 3509 βούλει
2804 3440 2990 3509 μαθεῖν
3012 3456 3024 3502 ;
3044 3437 3191 3509 [395]
3212 3437 3444 3503 Πνεῦμα

1890 3524 2057 3591 ἅγιον
2081 3525 2456 3577 ἐπελεύσεται
2481 3525 2573 3576 ἐπὶ
2610 3524 2703 3583 σὲ,
2742 3524 2837 3576 καὶ
2882 3522 3129 3589 δύναμις
3166 3520 3442 3586 Ὑψίστου

1890 3605 2225 3659 ἐπισκιάσει
2259 3621 2375 3659 σοι.
2408 3607 2515 3659 Καὶ
2544 3606 2656 3669 πῶς
2684 3601 2749 3675 ἦν
2776 3604 2887 3673 μετ’
2917 3603 3104 3670 αὐτῆς,
3129 3602 3220 3652 καὶ
3252 3600 3443 3669 μικρὸν

1893 3687 2111 3755 ὕστερον
2142 3688 2199 3751 ἐξ
2224 3690 2418 3757 αὐτῆςς
2454 3689 2657 3756 Ὥσπερ
2684 3687 2925 3756 τεχνίτης
2960 3684 3130 3754 εὑρὼν
3162 3683 3288 3751 ὓλην
3316 3698 3443 3749 χρη·

1893 3786 2220 3837 σιμωτατην.
2274 3771 2551 3822 κάλλιστον
2613 3770 2975 3838 ἀπεργάζεται
3031 3764 3255 3825 σκεῦος·
3305 3763 3443 3813 οὕτω

1892 3854 1981 3904 καὶ
2038 3854 2065 3903 ὀ
2106 3852 2332 3920 Χριστὸς
2376 3851 2546 3921 εὑρὼν
2584 3852 2678 3918 τῆς
2737 3849 2998 3917 παρθένου
3052 3848 3199 3911 ἅγιον
3240 3846 3330 3897 καὶ
3381 3844 3443 3895 τὸ

1893 3937 2049 4004 σῶμα
2082 3937 2171 3987 καὶ
2198 3936 2296 4005 τὴν
2325 3934 2516 4002 ψυχὴν,
2551 3932 2781 4001 ἔμψυχον
2813 3929 2987 3998 ἐαυτῷ
3023 3929 3396 3995 κατεκόσμησε
3418 3928 3443 3965 ε

1893 4018 2035 4081 ναὸν,
2068 4018 2124 4068 ὃν
2151 4016 2411 4085 ἐϐουλήθη
2439 4016 2633 4084 τρόπον
2655 4014 2859 4074 πλάσας
2881 4012 2968 4063 τὸν
2991 4010 3269 4079 ἄνθρωπον
3293 4010 3349 4060 ἐν
3378 4010 3442 4077 τῇ

1893 4100 2165 4170 παρθένῳ,
2199 4100 2288 4151 καὶ
2311 4098 2662 4166 ἐνδυσάμενος
2690 4097 2867 4157 αὐτὸν,
2899 4096 3133 4164 σήμερον
3160 4091 3444 4160 προῆλθεν,

1892 4183 1990 4233 οὐκ
2032 4179 2293 4242 αἰδεσθεὶς
2342 4180 2401 4231 τὸ
2433 4179 2664 4241 δυσειδὲς
2695 4179 2721 4217 h
2770 4178 2866 4245 τῆς
2911 4177 3138 4244 φύσεως.
3172 4174 3301 4225 Οὐδὲ
3339 4173 3444 4241 γάρ

1894 4265 2048 4333 ὓϐριν
2094 4264 2283 4333 ἔφερεν
2314 4262 2459 4331 αὐτῷ
2485 4304 2497 4325 ,
2524 4262 2744 4331 φορέσαι
2778 4261 2838 4312 τὸ
2872 4260 2999 4312 ἴδιον
3028 4258 3185 4326 ἔργον
3206 4274 3217 4285 ·
3253 4256 3343 4307 καὶ
3384 4256 3444 4305 τὸ

1894 4348 2114 4416 πλασμα
2146 4346 2200 4399 δὲ
2251 4346 2509 4414 μεγίστην
2554 4343 2852 4411 ἐκαρποῦτο
2900 4341 3072 4404 δόξαν,
3114 4339 3309 4405 ἔνδυμα
3350 4336 3442 4387 τοῦ

1893 4430 2127 4498 τεχνίτου
2172 4429 2467 4494 γινόμενον.
2496 4426 2703 4493 Ὥσπερ
2736 4424 2840 4493 γὰρ
2883 4424 3030 4489 παρὰ
3078 4421 3171 4489 τὴν
3226 4417 3443 4487 πρώτην

1894 4512 2083 4565 πλάσιν
2113 4510 2367 4564 ἀδύνατον
2392 4506 2458 4579 ἦν
2490 4508 2795 4560 συνεστάναι
2825 4506 2909 4555 τὸν
2932 4504 3229 4572 ἄνθρωπον,
3264 4502 3388 4572 πρὶν
3411 4504 3444 4569 ἦ

1892 4609 1980 4659 τὸν
2004 4608 2169 4675 πηλὸν
2200 4608 2278 4667 είς
2308 4606 2403 4666 τὰς
2440 4606 2622 4671 χεῖρας
2660 4599 2819 4651 αὐτοῦ
2854 4598 3050 4650 ἐλθεῖν·
3076 4599 3216 4651 οὕτω
3266 4600 3357 4649 καὶ
3387 4600 3441 4649 τὸ

1895 4691 2097 4758 φθαρὲν
2133 4687 2321 4747 σκεῦος
2362 4685 2615 4736 ἀδύνατον
2653 4682 3079 4753 μεταποιηθῆναι
3101 4680 3224 4749 ί,ηεί
3258 4680 3330 4751 μὴ
3357 4681 3441 4747 γέ-

1894 4788 2044 4839 γονεν
2080 4770 2279 4838 ἔνδυμα
2309 4767 2398 4818 τοῦ
2429 4767 2765 4835 ποιήσαντος.

1955 5197 1980 5235 ἀ
2026 5199 2148 5258 Reg.
2188 5198 2386 5260 πρόοδος
2426 5198 2606 5253 παθητή
2650 5197 2850 5257 γέγονεν·
2893 5197 2964 5243 ὅτι
2998 5196 3096 5248 μέν.
3140 5194 3248 5243 Μοτ
3296 5195 3437 5256 σήμε.

1890 5275 1968 5320 ρον
1992 5260 2131 5320 abest
2155 5274 2177 5306 a
2206 5261 2323 5318 Reg.

1956 5332 1977 5357 ο
2008 5319 2123 5379 Heg.
2150 5321 2237 5381 γάρ
2278 5316 2379 5367 ἔστι
2422 5318 2581 5380 πυρὸς,
2605 5318 2715 5364 ὅταν
2735 5319 2845 5377 γυνή
2876 5316 3132 5380 ἀρρενικοῖς
3174 5316 3437 5377 όμιλήσασα

1890 5381 2075 5440 θεσμοῖς
2100 5382 2230 5440 τέκῃ.

1955 5438 1974 5477 ί
2015 5441 2135 5500 Reg.
2159 5438 2363 5501 φθαρτὸν,
2378 5442 2457 5486 καὶ
2478 5438 2637 5495 θνητὸν
2649 5440 2804 5498 σῶμα.

1952 5502 1976 5537 8
2000 5500 2117 5560 Reg.
2140 5500 2475 5547 κατεσκεύασε.

1951 5560 1975 5596 δ
2004 5560 2121 5620 Heg.
2154 5562 2207 5606 τὸ
2232 5562 2453 5613 δυσῶδες.

1958 5622 1971 5658 ί
2014 5614 2134 5679 Re'g.
2158 5637 2284 5681 παρα
2308 5623 2391 5676 τὴν
2414 5621 2560 5680 ἀρχὴν
2586 5618 2809 5681 ἀδύνατον
2832 5622 3055 5681 συστῆναι
3077 5614 3165 5681 ’τὸν
3201 5615 3435 5681 άνθρωτεον

1888 5684 1991 5743 πρὶν
2012 5683 2040 5737 ἢ
2077 5674 2155 5727 τὸν
2184 5674 2301 5727 Θεὸν
2329 5674 2407 5727 τὸν
2599 5680 2660 5732 εἰς
2688 5680 2768 5743 τρὶ-ς
2792 5678 2945 5738 χεῖρας
2967 5676 3055 5743 τὰς
3072 5674 3239 5722 ἑαυτοῦ
3262 5674 3435 5727 λαϐεῖν,

1889 5737 2029 5791 Οῦτω
2054 5744 2130 5789 καὶ
2149 5744 2202 5789 το
2222 5743 2464 5800 διαφθαρεν
2486 5738 2707 5787 ἀδύνατον
2730 5737 2786 5797 ἦν
2806 5737 3185 5797 μεταποιηθῆναι.
