4138 6306
231 396 340 449 389

297 481 352 534 2.
379 481 455 550 (a)
484 480 587 536 Sed
629 480 754 551 quid
783 481 951 537 dicam
973 524 988 548 ,
1021 492 1111 537 aut
1156 484 1277 553 quid
1323 484 1538 554 loquar?
1565 484 1788 537 Miracu-

229 570 335 623 lum
375 572 515 624 enim
561 573 615 625 in
655 572 1058 627 admirationem
1106 589 1190 629 me
1238 573 1484 628 traducit.
1530 575 1792 643 Autiquus

227 659 434 714 dierum
462 661 629 714 factus
653 672 733 719 est
757 662 948 727 infans,
978 672 1032 717 et
1056 664 1145 732 qui
1172 663 1223 717 in
1251 664 1388 718 solio
1408 663 1621 718 sublimi
1655 679 1790 731 prte-

225 751 476 819 celsoque
504 752 779 818 considet,
812 753 863 806 in
895 754 1153 821 prtesepio
1191 755 1436 822 ponitur;
1469 762 1524 808 et
1562 754 1651 822 qui
1694 754 1793 806 im-

227 841 504 907 palpabilis
542 852 596 897 et
639 843 900 911 simplex,
946 853 997 898 et
1040 844 1420 913 incompositus
1446 884 1462 910 ,
1510 854 1668 912 atque
1713 842 1790 896 in-

225 944 512 997 corporeus
554 943 634 987 est
656 972 669 996 ,
698 933 941 988 humanis
985 935 1228 988 manibus
1268 941 1629 988 contrectatur
1659 951 1670 962 ·
1700 935 1790 1001 qui

225 1034 562 1094 peccatorum
608 1025 815 1078 vincula
855 1026 1174 1095 disrumpit,
1214 1024 1429 1089 fasciis,
1464 1029 1583 1094 quia
1637 1029 1747 1083 vult
1772 1067 1788 1090 .

223 1116 520 1185 stringitur.
553 1114 747 1169 Statuit
776 1116 915 1169 enim
945 1116 1283 1185 ignominiam
1312 1125 1519 1171 vertere
1544 1118 1595 1171 in
1622 1119 1790 1172 hono-

221 1222 373 1270 rem,
407 1204 675 1259 infamiam
722 1205 940 1259 induere
964 1206 1126 1273 gloria
1153 1246 1169 1272 ,
1200 1216 1254 1260 ct
1276 1207 1609 1260 contumelia:
1655 1207 1790 1263 ﬁnes

219 1296 438 1350 modum
466 1296 673 1348 virtutis
699 1295 997 1350 ostendere.
1019 1295 1216 1350 Idcirco
1241 1311 1415 1351 meum
1441 1312 1632 1367 corpus
1659 1299 1787 1353 sub-

221 1387 294 1451 it,
330 1397 386 1441 ut
413 1390 528 1457 ejus
558 1389 714 1443 Verbi
756 1404 853 1459 ego
880 1405 1043 1458 capax
1086 1388 1321 1455 ﬂam;et
1348 1406 1520 1446 meam
1575 1406 1787 1447 carnem

219 1478 518 1547 suscipiens
536 1519 552 1545 ,
576 1478 825 1547 Spiritum
854 1479 983 1533 mihi
1012 1495 1167 1534 suum
1198 1480 1444 1551 largiens,
1475 1492 1532 1536 ut
1560 1483 1791 1552 largiens

220 1575 271 1618 ct
308 1567 575 1637 accipiens
608 1571 727 1623 vita:
753 1569 878 1623 mihi
910 1568 1213 1623 thesaurum
1238 1582 1532 1640 comparet.
1561 1572 1785 1627 Carnem

219 1670 391 1709 meam
423 1659 736 1728 suscipit,ut
762 1673 845 1713 me
870 1659 1454 1729 sanctificet:Spiritum
1486 1661 1611 1715 mihi
1634 1677 1786 1717 suum

220 1744 439 1815 largitur
461 1788 474 1811 ,
506 1760 563 1802 ut
594 1750 793 1803 salvum
832 1764 917 1803 me
951 1749 1129 1803 faciat.
1154 1748 1258 1804 Sed
1296 1750 1421 1820 quid
1464 1751 1636 1805 dicam
1659 1792 1675 1817 ,
1698 1764 1790 1808 aut

218 1835 342 1903 quid
391 1838 607 1907 loquar?
639 1838 769 1892 Ecce
810 1839 947 1909 virgo
984 1841 1223 1909 concipiet
1252 1840 1404 1908 (lsai.
1447 1842 1499 1895 7.
1533 1840 1643 1912 id).
1670 1842 1787 1897 Non

215 1924 322 1992 jam
351 1924 559 1990 dicitur,
586 1938 641 1981 ut
666 1927 916 1993 futurum,
938 1928 1030 1983 sed
1053 1929 1335 1997 suspicitur
1362 1932 1541 2000 utjam
1567 1932 1784 1989 factum.

219 2018 392 2083 Atque
431 2017 568 2085 apud
596 2018 808 2073 Iudaeos
851 2018 1062 2088 quidem
1100 2018 1290 2075 factum
1336 2031 1453 2089 est,
1486 2023 1624 2092 apud
1652 2040 1787 2094 quos

218 2106 490 2160 dicebatur
516 2126 528 2161 :
552 2124 580 2161 a
612 2110 763 2163 nobis
787 2118 959 2163 autem
985 2110 1235 2174 creditur,
1263 2113 1402 2181 apud
1440 2129 1572 2183 quos
1595 2130 1664 2170 ne
1692 2131 1788 2169 no-

218 2197 515 2251 minabatur
542 2198 774 2267 quidem.
792 2198 921 2252 Ecce
944 2199 1078 2267 virgo
1098 2202 1355 2271 concipiet.
1380 2202 1552 2257 Litera
1573 2205 1785 2273 quidem

218 2300 497 2356 synagoga:
514 2297 617 2353 est,
639 2289 903 2357 passessio
924 2304 1050 2343 vero
1071 2290 1339 2345 Ecclesiae.
1356 2291 1445 2345 Illa
1469 2293 1685 2349 tabellas
1706 2295 1786 2349 in-

218 2378 378 2439 venit,
404 2378 517 2432 hanc
537 2381 874 2449 margaritam
898 2380 1157 2435 inveniet:
1181 2382 1265 2435 illa
1288 2384 1459 2437 lanam
1482 2384 1653 2450 tinxit,
1672 2385 1785 2442 haec

218 2479 361 2523 veste
408 2485 664 2538 purpurea
700 2479 785 2526 est
827 2471 1023 2525 induta.
1072 2472 1342 2541 Siquidem
1386 2474 1565 2529 Judaea
1612 2476 1782 2545 ipsum

218 2562 467 2628 peperit,
511 2572 563 2615 at
609 2563 754 2617 orbis
804 2572 1065 2616 terrarum
1125 2565 1297 2632 ipsum
1344 2568 1571 2636 excepit.
1617 2567 1785 2637 Syna-

216 2664 344 2717 eoga
392 2652 558 2719 ipsum
599 2653 729 2705 aluit
770 2662 822 2705 et
864 2652 1104 2706 educavit
1138 2670 1150 2706 :
1181 2653 1469 2707 Ecclesiam
1499 2654 1668 2722 ipsum
1702 2667 1781 2710 te.

216 2741 363 2801 nuit,
411 2754 578 2808 eoque
624 2742 786 2808 potita
835 2751 932 2795 est.
985 2741 1136 2810 Apud
1189 2741 1331 2795 illam
1378 2744 1578 2810 palmes
1625 2746 1780 2810 vitis,

215 2839 267 2882 et
305 2830 443 2897 apud
487 2847 569 2883 me
618 2846 857 2884 racemus
886 2833 1136 2885 veritatis.
1165 2830 1257 2883 Illa
1294 2845 1562 2885 racemum
1600 2833 1784 2887 vinde-

218 2920 431 2982 miavit,
461 2928 515 2973 et
560 2929 744 2988 gentes
794 2921 1068 2989 mysticam
1120 2922 1387 2987 potionem
1436 2920 1638 2975 bibunt.
1692 2923 1780 2977 Illa

215 3023 434 3074 granum
488 3008 735 3062 frumenti
792 3010 843 3062 in
894 3008 1073 3063 Judtea
1116 3010 1429 3074 seminavit;
1480 3018 1534 3063 et
1600 3022 1782 3080 gentes

217 3097 332 3149 fidei
382 3097 515 3151 falce
553 3106 782 3162 segetem
838 3107 1185 3151 messueruut.
1225 3096 1421 3152 Gentes
1474 3112 1647 3153 rosam
1698 3102 1781 3168 pie

215 3187 624 3253 deeerpserunt.
657 3196 708 3239 et
744 3187 879 3255 apud
929 3186 1139 3241 Iudaeos
1198 3189 1347 3255 spina
1399 3188 1781 3246 incredulitatis

216 3276 508 3331 remansit;
541 3275 712 3345 pullus
751 3276 1016 3337 avolavit,
1063 3286 1115 3328 et
1152 3276 1383 3331 assident
1424 3278 1547 3330 nido
1594 3280 1778 3334 stulti:

217 3363 339 3418 folia
368 3368 534 3419 litera:
560 3366 973 3433 interpretantur
991 3366 1157 3420 λιιαωί
1175 3407 1188 3429 ,
1220 3377 1274 3420 et
1301 3364 1525 3420 fructum
1553 3368 1780 3436 Spiritus

216 3464 397 3521 gentes
437 3454 747 3523 decerpunt.
790 3454 919 3507 Ecce
954 3456 1090 3524 virgo
1137 3456 1189 3508 in
1218 3464 1358 3509 utero
1396 3458 1655 3523 concipiet.
1690 3459 1779 3513 Dic

217 3546 364 3609 mihi,
394 3545 611 3611 Iudaee,
653 3544 735 3598 die
779 3546 906 3597 mihi
962 3559 1137 3613 porro,
1186 3561 1340 3614 quem
1386 3548 1625 3615 peperit?
1651 3547 1780 3603 Fide

216 3636 366 3702 mihi,
395 3636 582 3690 saltem
616 3644 674 3689 ut
708 3636 919 3690 Herodi.
948 3636 1052 3691 Sed
1075 3651 1179 3690 non
1210 3637 1348 3689 ﬁdis.
1381 3637 1501 3691 Scio
1530 3654 1684 3707 quam
1711 3641 1779 3694 ob

214 3741 427 3780 causam
461 3745 473 3778 :
506 3736 720 3795 propter
760 3727 996 3781 insidias.
1040 3728 1119 3782 Illi
1164 3728 1303 3781 enim
1348 3728 1547 3794 dixisti,
1574 3739 1627 3782 ut
1655 3746 1776 3784 eum

217 3816 533 3869 interﬁceret
565 3834 579 3867 :
617 3815 743 3868 mihi
772 3832 894 3870 vero
920 3831 1022 3869 non
1046 3817 1196 3879 dicis,
1226 3827 1278 3868 ut
1304 3833 1369 3871 ne
1398 3833 1516 3871 eum
1541 3818 1774 3872 adorem.

215 3907 510 3970 Quemnam
560 3920 687 3959 vero
733 3907 969 3974 peperit?
1001 3906 1331 3972 Quemnam?
1358 3906 1567 3961 Natura:
1600 3909 1777 3962 Domi-

216 4010 357 4047 num.
389 3994 537 4047 Licet
587 3996 726 4047 enim
769 4004 823 4046 tu
867 3995 1043 4061 sileas,
1076 3996 1266 4047 clamat
1319 4006 1501 4048 natura
1533 4013 1546 4047 :
1578 3998 1779 4064 peperit

214 4084 377 4147 enim,
404 4092 460 4135 ut
486 4083 648 4135 voluit
675 4092 822 4150 partu
861 4082 966 4145 edi,
995 4083 1084 4150 qui
1121 4091 1267 4149 partu
1317 4093 1401 4136 est
1448 4084 1637 4137 editus.
1666 4084 1776 4137 Non

212 4174 351 4225 enim
392 4172 444 4225 id
491 4186 521 4223 a
566 4179 749 4224 natura
791 4172 1208 4239 permittebatur,
1237 4172 1329 4226 sed
1357 4181 1412 4225 ut
1439 4181 1637 4227 natura:
1680 4175 1781 4227 Do-

218 4264 388 4315 minus
411 4263 713 4315 inusitatum
739 4261 1023 4315 nativitatis
1042 4263 1253 4315 modum
1278 4263 1499 4328 invexit,
1524 4274 1578 4315 ut
1603 4273 1779 4317 osten-

217 4350 304 4404 dat
330 4366 389 4405 se
417 4350 684 4405 hominem
712 4350 927 4416 factum,
956 4368 1059 4404 non
1093 4362 1146 4405 ut
1182 4353 1447 4405 hominem
1492 4368 1642 4421 partu
1672 4356 1775 4421 edi,

217 4440 306 4494 sed
348 4450 405 4493 ut
452 4441 612 4493 Deum
655 4440 820 4493 nasci.
854 4440 925 4493 Ex
962 4441 1172 4509 Virgine
1195 4441 1353 4510 igitur
1379 4441 1533 4496 hodie
1563 4444 1775 4511 prodiit,

217 4547 329 4597 qua:
382 4540 625 4583 naturam
678 4532 822 4595 vicit,
868 4541 920 4585 et
973 4532 1178 4598 nuptias
1232 4534 1538 4599 superavit‘.
1572 4534 1779 4589 Etenim

216 4621 509 4674 sanctitatis
548 4622 904 4689 Dispensatori
949 4623 1315 4686 conveniebat,
1342 4632 1397 4675 ut
1424 4639 1553 4691 puro
1579 4634 1631 4678 et
1658 4641 1777 4677 san-

216 4720 297 4763 cto
327 4719 481 4778 partu
512 4713 562 4764 in
593 4713 760 4764 lucem
804 4712 1066 4765 ederetur.
1103 4712 1218 4780 Ipse
1250 4728 1473 4781 namque
1500 4723 1602 4779 est,
1634 4716 1720 4782 qui
1749 4731 1779 4769 e

218 4809 354 4855 terra
382 4801 587 4868 virgine
615 4802 878 4869 quondam
906 4800 1151 4854 formavit
1178 4801 1455 4863 Adamum,
1480 4818 1547 4855 ex
1580 4805 1777 4857 Adamn

218 4909 345 4946 vero
383 4894 501 4947 sine
548 4893 770 4946 muliere
816 4894 1087 4947 mulierem
1126 4893 1437 4946 efformavit.
1465 4893 1609 4947 Sicut
1637 4897 1778 4949 enim

217 4986 326 5037 sine
368 4984 595 5036 muliere
637 4982 856 5050 protulit
894 4984 1169 5037 mulierem
1216 4983 1466 5046 Adamus,
1501 4986 1575 5038 sie
1618 4987 1775 5038 etiam

220 5074 372 5141 Virgo
398 5075 515 5127 sine
543 5075 654 5126 viro
687 5072 953 5125 hominem
1002 5070 1157 5127 hodie
1194 5076 1412 5142 peperit.
1446 5075 1613 5127 Ilomo
1636 5077 1776 5129 enim

218 5166 531 5233 est,inquit,
580 5174 633 5217 et
677 5167 793 5233 quis
843 5174 1125 5233 cognoscet
1179 5167 1333 5219 eum?
1360 5166 1491 5220 Nam
1530 5169 1776 5234 quoniam

219 5254 517 5308 hominibus
561 5269 725 5322 genus
771 5254 1023 5307 muliebre
1072 5253 1382 5307 beneficium
1413 5254 1659 5322 debebat,
1694 5268 1777 5309 ut-

220 5357 335 5415 pote
365 5344 510 5415 quod
537 5346 699 5397 Adam
725 5346 840 5399 sine
866 5346 1085 5398 muliere
1113 5346 1383 5398 mulierem
1411 5346 1733 5415 produxerat
1760 5364 1773 5398 :

221 5444 497 5503 preptcrea
537 5434 684 5500 virgo
729 5434 842 5487 sine
886 5434 991 5487 viro
1017 5433 1173 5488 hodie
1205 5436 1428 5503 peperit,
1459 5450 1519 5490 ac
1548 5450 1642 5503 pro
1670 5435 1775 5489 Eva

285 5604 298 5665 |_
334 5610 472 5665 Reg,
577 5600 769 5661 prodiit,
797 5609 1012 5665 nqtnrgm
1036 5604 1237 5661 vincens,
1261 5609 1449 5665 nuntias
1471 5618 1717 5665 superans.

281 5662 350 5721 (tt)
385 5670 497 5717 Qua:
536 5668 801 5721 sequuntur
831 5662 893 5708 de
933 5663 1259 5711 Iucarnatione
1292 5664 1463 5713 Christi
1501 5662 1778 5715 concinnata

223 5718 423 5770 citantur
440 5732 469 5771 a
490 5726 533 5769 S.
559 5718 733 5781 Cytillo
756 5720 1085 5781 Alexandrino,
1104 5724 1150 5772 in
1177 5724 1295 5772 libro
1325 5727 1381 5773 ad
1410 5734 1623 5787 ltegtuas.

1350 369 1414 425 IN
1452 367 1776 425 NATALEM
1814 364 2081 421 CHRISTI
2123 365 2301 422 DIEM.

3345 381 3455 433 390

1899 482 2133 537 debitum
2171 482 2267 536 viri
2298 482 2566 551 persolvit.
2599 482 2667 538 Ut
2688 482 2829 537 enim
2855 497 2962 538 non
2991 487 3285 554 superbiret
3312 490 3453 539 Ada.

1900 584 2036 635 mus,
2067 572 2205 641 quod
2228 573 2343 626 sine
2367 572 2585 627 muliere
2612 573 2883 627 mulierem
2905 574 3228 644 protulisset,
3259 572 3454 629 idcirco

1898 670 1953 717 et
1973 662 2160 717 mulier
2179 664 2292 717 sine
2312 664 2425 718 viro
2451 664 2652 733 peperit
2671 664 2860 729 virum,
2887 674 2941 717 ut
2962 664 3196 719 miraculi
3221 677 3431 717 commu

1898 750 2057 806 nione
2086 761 2287 807 naturae
2314 754 2666 823 aequalitatem
2692 754 3011 809 ostenderet.
3041 754 3169 807 Nam
3197 751 3454 822 quemado

1897 844 2110 898 modum
2136 846 2202 900 ab
2232 844 2434 899 Adamo
2461 855 2665 900 costam
2694 846 2929 909 abstulit,
2958 854 3011 900 et
3033 845 3292 899 Adamum
3324 843 3453 897 nihil

1897 933 2157 988 imminuit
2190 952 2203 989 :
2233 937 2309 990 sic
2348 946 2401 991 et
2430 938 2481 990 in
2507 937 2722 1006 Virgine
2757 938 3047 990 animatum
3098 936 3345 1003 templum
3374 935 3452 988 ef--

1896 1022 2065 1089 ﬁnxit,
2092 1035 2146 1079 et
2172 1026 2520 1095 virginitatem
2552 1027 2765 1081 minime
2801 1028 2981 1081 solvit.
3009 1026 3273 1081 Salvuset
3303 1027 3441 1079 inco-

1889 1111 2051 1167 lumis
2088 1117 2341 1170 remansit
2385 1118 2543 1170 etiam
2590 1127 2708 1185 post
2749 1126 2908 1170 costa:
2937 1118 3278 1185 privationem
3310 1114 3449 1168 Ada-

1893 1203 2369 1274 mus:incorrupta
2416 1208 2574 1260 etiam
2629 1207 2775 1275 virgo
2820 1208 3128 1274 permansit,
3176 1216 3448 1275 postquam

1894 1291 2065 1347 infans
2091 1309 2154 1348 ex
2181 1309 2241 1350 ea
2272 1295 2483 1364 prodiit.
2514 1296 2713 1351 idcirco
2749 1308 2924 1351 autem
2966 1312 3069 1353 non
3114 1297 3325 1351 aliunde
3352 1297 3459 1353 sibi

1895 1383 2146 1451 templum
2176 1386 2452 1448 exstruxit,
2484 1402 2653 1456 neque
2674 1387 2813 1441 aliud
2837 1403 3026 1456 corpus
3052 1388 3329 1441 formatum
3370 1388 3452 1439 in-

1893 1473 2025 1539 duit,
2050 1491 2117 1529 ne
2142 1493 2368 1531 massam
2394 1479 2578 1533 Adami
2604 1480 2917 1533 contumelia
2938 1479 3149 1534 afﬁcere
3167 1479 3447 1533 videretur.

1891 1564 2020 1618 Nam
2047 1568 2291 1635 quoniam
2337 1569 2584 1638 deceptus
2614 1571 2792 1637 homo,
2823 1571 3014 1625 diaboli
3047 1571 3450 1625 instrumentum

1892 1653 2056 1708 factus
2080 1665 2211 1719 erat,
2242 1661 2703 1727 proptereaipsum
2733 1662 2819 1729 qui
2846 1662 3207 1729 supplantatus
3242 1660 3446 1714 fuerat‘

1893 1755 2155 1815 tamquam
2203 1751 2487 1803 animatum
2540 1752 2795 1817 templum
2833 1752 3081 1815 assumit,
3126 1763 3184 1805 ut
3237 1760 3451 1820 propter

1890 1834 2026 1889 hanc
2051 1852 2169 1889 cum
2198 1854 2292 1891 suo
2317 1839 2598 1892 Conditore
2624 1841 3046 1909 eoujunctionem
3078 1842 3246 1909 ipsum
3275 1856 3305 1894 a
3335 1840 3448 1894 dia-

1889 1924 1996 1979 boli
2028 1929 2411 1983 consuetudine
2441 1945 2501 1984 ac
2524 1930 2875 1986 familiaritate
2903 1932 3196 1987 divelleret.
3228 1931 3449 1988 Verum-

1890 2022 2066 2069 tamen
2094 2017 2218 2071 dum
2259 2018 2316 2072 fit
2358 2019 2537 2082 homo,
2567 2036 2671 2074 non
2694 2030 2750 2074 ut
2778 2023 2934 2075 homo
2965 2032 3112 2091 partu
3138 2022 3329 2086 editur,
3358 2022 3451 2079 sed

1890 2113 1947 2159 ut
1978 2106 2115 2161 Deus
2142 2110 2389 2163 nascitur.
2421 2110 2475 2164 Si
2506 2113 2645 2165 enim
2672 2127 2737 2166 ex
2766 2114 3030 2166 communi
3060 2113 3304 2182 coniugio
3326 2128 3452 2182 pro-

1888 2195 2073 2250 diisset
2103 2206 2158 2250 ut
2185 2213 2303 2267 ego,
2335 2199 2641 2269 ﬁgmentum
2670 2217 2698 2255 a
2729 2203 2883 2270 vulgo
2909 2203 3239 2257 existimatus
3266 2213 3403 2258 esset
3433 2220 3445 2256 :

1884 2283 1993 2353 jam
2022 2301 2149 2341 vero
2176 2288 2372 2343 idcirco
2393 2305 2460 2344 ex
2486 2290 2698 2360 Virgine
2724 2293 2974 2359 nascitur,
3008 2307 3229 2348 nascens
3250 2302 3447 2360 autem,

1888 2384 1942 2429 et
1971 2386 2177 2431 uterum
2206 2380 2461 2435 illibatum
2486 2393 2783 2447 conservat,
2807 2391 2861 2437 et
2890 2384 3252 2437 intemeratam
3284 2384 3447 2454 virgi-

1887 2465 2103 2520 nitatem
2122 2469 2368 2533 custodit,
2390 2481 2447 2524 trt
2476 2472 2750 2526 inusitatus
2773 2473 3007 2541 pariendi
3033 2474 3218 2527 modus
3246 2488 3449 2544 magna:

1886 2558 2014 2611 mihi
2044 2559 2163 2614 fidei
2200 2562 2505 2615 conciliator
2552 2564 2791 2617 exsistat.
2820 2562 2970 2617 Unde
2991 2562 3103 2616 sive
3132 2578 3217 2617 me
3240 2562 3446 2631 gentilis

1885 2638 1997 2694 sive
2020 2640 2233 2695 Judmus
2258 2645 2565 2713 interroget,
2599 2661 2723 2697 num
2748 2643 2989 2699 Christus
3009 2660 3128 2698 cum
3160 2646 3447 2701 secundum

1886 2741 2123 2784 naturam
2155 2732 2291 2786 Deus
2311 2743 2469 2796 esset,
2494 2733 2652 2787 homo
2678 2744 2868 2803 prmter
2894 2748 3133 2790 naturam
3160 2738 3230 2790 sit
3258 2737 3445 2806 factus,

1885 2811 2077 2879 dicam,
2106 2814 2191 2869 Sic
2218 2826 2298 2868 est
2322 2834 2334 2868 :
2361 2826 2414 2871 et
2453 2827 2640 2872 testem
2686 2819 2988 2873 inviolatum
3033 2820 3345 2889 virginitatis
3368 2824 3443 2877 si-

1883 2903 2067 2970 gillum
2098 2906 2271 2958 citabo
2303 2922 2317 2957 :
2347 2906 2413 2959 ita
2462 2922 2686 2975 namque
2727 2908 2863 2962 Deus
2893 2918 2990 2973 est,
3017 2910 3102 2979 qui
3132 2919 3332 2965 natura!
3360 2926 3446 2965 or-

1884 2992 2059 3046 dinem
2092 2996 2403 3050 vincatzita
2454 2998 2650 3051 ventris
2697 3007 2778 3052 est
2825 2998 2996 3065 ﬁctor,
3042 3011 3095 3052 et
3136 3000 3444 3069 virginitatis

1884 3083 2147 3151 inventor,
2180 3087 2267 3157 qui
2305 3098 2356 3140 et
2402 3088 2792 3143 immaculatum
2852 3090 3095 3145 habuerit
3162 3094 3446 3147 nativitatis

1886 3174 2121 3240 modum,
2149 3186 2203 3231 et
2243 3177 2576 3234 ineﬁ'abiliter
2625 3181 2874 3249 templum
2925 3182 3044 3245 sibi,
3076 3198 3179 3251 quo
3224 3184 3445 3239 voluerit

1882 3265 2060 3331 modo,
2086 3269 2459 3323 construxerit.
2493 3270 2583 3323 Dic
2611 3271 2736 3324 mihi
2765 3286 2919 3340 ergo,
2944 3272 3140 3337 Judare,
3172 3276 3444 3342 peperitne

1882 3358 2046 3425 virgo,
2075 3360 2355 3415 annou?Si
2408 3362 2549 3414 enim
2600 3363 2820 3430 peperit,
2871 3364 3169 3416 inusitatum
3225 3373 3430 3434 partum

1881 3446 2132 3501 confitere
2160 3464 2172 3497 :
2207 3448 2345 3517 quod
2390 3450 2432 3503 si
2458 3465 2560 3503 non
2590 3453 2811 3518 peperit,
2840 3466 2933 3504 cur
2960 3452 3220 3506 Herodem
3250 3453 3441 3508 fefelli-

1881 3536 1981 3589 sri?
2006 3536 2085 3591 Tu
2105 3538 2247 3591 enim
2275 3539 2371 3607 ipsi
2390 3541 2694 3605 sciscitanti,
2730 3542 2815 3594 ubi
2846 3540 3088 3595 Christus
3112 3553 3440 3609 nasceretur,

1882 3625 2076 3693 dixisti,
2112 3627 2164 3681 In
2196 3629 2462 3683 Bethleem
2486 3629 2700 3685 Judaate.
2742 3632 2876 3685 Num
2920 3633 3073 3702 igitur
3117 3649 3213 3702 ego
3256 3650 3441 3704 pagum

1881 3730 2130 3770 noveram
2162 3728 2250 3771 aut
2272 3718 2443 3772 locum
2472 3719 2679 3787 (Matth.
2726 3721 2780 3774 9..
2809 3722 2903 3790 5)?
2931 3739 3053 3775 num
3095 3738 3190 3791 ego
3219 3725 3443 3791 dignita-

1882 3817 1987 3861 tem
2015 3809 2129 3877 ejus
2158 3813 2245 3878 qui
2274 3819 2425 3863 natus
2453 3822 2566 3864 erat
2592 3822 2921 3880 perspectam
2952 3812 3243 3866 habebam?
3269 3830 3445 3868 nonne.

1882 3900 2042 3954 Isaias
2088 3902 2249 3969 ipsius
2294 3912 2556 3971 tamquam
2602 3903 2693 3956 Dei
2732 3907 3054 3958 mentionem
3086 3904 3243 3959 fecit?
3275 3904 3445 3959 Pariet

1882 3991 2039 4054 enim,
2070 3990 2255 4058 inquit,
2292 3992 2475 4058 ﬁlium,
2518 4001 2564 4044 et
2602 3995 2843 4045 vocabunt
2879 4010 3054 4046 nomen
3094 3995 3201 4063 ejus
3240 3993 3445 4046 Emma-

1883 4080 1999 4131 nuel
2046 4079 2193 4147 (lsai.
2224 4082 2276 4132 7.
2309 4081 2416 4148 Μ).
2448 4080 2631 4134 Nonne
2661 4097 2754 4134 vos
2784 4082 3004 4149 improbi
3034 4084 3224 4136 inimici
3253 4084 3446 4136 verita-

1883 4176 1989 4221 tem
2020 4168 2413 4223 introduxistis?
2465 4186 2639 4223 nonne
2680 4186 2775 4223 vos
2805 4173 2989 4225 scriba:
3014 4180 3067 4225 ct
3091 4171 3338 4225 Pharisaei
3362 4173 3441 4225 di-

1884 4258 2103 4327 ligentes
2150 4260 2277 4327 legis
2320 4259 2688 4313 observatorcs
2738 4276 2924 4314 carnes
2966 4277 3050 4315 res
3084 4263 3196 4330 ejus
3228 4279 3321 4316 nos
3346 4266 3446 4319 do-

1884 4348 2065 4400 cuistis
2094 4347 2305 4417 (Matth.
2333 4350 2385 4411 I,
2417 4348 2548 4416 25)?
2573 4350 2820 4417 numquid
2865 4350 3171 4404 Hebraicani
3215 4356 3441 4425 linguam

1885 4453 1983 4491 nos
2031 4439 2319 4492 callemus?
2372 4455 2543 4493 nonne
2596 4458 2687 4492 vos
2756 4440 3051 4509 Seripturas
3118 4444 3445 4513 interpretati

1885 4530 2047 4582 estis?
2078 4528 2360 4596 Postquam
2389 4531 2534 4598 virgo
2564 4531 2783 4598 peperit,
2811 4539 2865 4583 et
2905 4540 3183 4600 antequam
3215 4548 3442 4601 pareret,

1885 4634 1949 4673 ne
1981 4620 2243 4672 videretur
2290 4621 2435 4673 locus
2481 4621 2565 4673 ille
2611 4622 2659 4673 in
2704 4622 2923 4688 gratiam
2976 4623 3177 4676 Domini
3219 4630 3443 4694 exponi,

1886 4726 2059 4762 nonne
2105 4726 2195 4763 vos
2238 4712 2541 4779 interrogati
2593 4713 2658 4763 ab
2692 4711 2899 4764 ilerode
2944 4722 3128 4766 testem
3174 4715 3443 4771 lilichaeam

1886 4804 2193 4872 prophetam
2236 4804 2543 4870 protulislis,
2571 4812 2626 4854 ut
2654 4815 2951 4856 sermonem
2977 4816 3204 4858 vestrum
3255 4808 3446 4861 conﬁr-

1886 4895 2083 4947 maret?
2115 4895 2175 4946 Et
2203 4907 2253 4945 tu
2280 4894 2440 4955 enim,
2470 4895 2656 4960 inquit,
2686 4893 2935 4946 Bethleem
2976 4896 3151 4946 domus
3197 4896 3440 4964 Ephrata,

1886 5000 2191 5051 nequaquam
2226 4984 2433 5034 minima
2467 4999 2516 5034 es
2546 4982 2597 5033 in
2618 4984 2921 5050 principibus
2942 4984 2970 5035 J
2981 4985 3079 5035 uda
3109 5000 3126 5037 :
3157 5002 3216 5037 ea:
3245 4998 3290 5037 te
3316 4989 3442 5039 enim

1885 5077 2008 5127 exiet
2054 5076 2175 5137 dtur,
2203 5075 2286 5142 qni
2315 5083 2445 5142 reget
2483 5075 2720 5141 papulnnt
2774 5092 2933 5127 meum
2972 5074 3133 5127 Israel
3182 5077 3360 5144 (.iliclt.
3392 5081 3442 5133 5.

1883 5163 1936 5227 9;
1969 5164 2152 5215 Matth.
2185 5164 2238 5217 2.
2263 5162 2338 5234 6).
2368 5164 2527 5216 Recte
2548 5164 2684 5217 dixit
2710 5165 2983 5232 propheta,
3015 5164 3178 5218 Exte.
3205 5167 3277 5220 Ex
3300 5168 3444 5221 vobis

1886 5257 2032 5320 exiit,
2056 5264 2109 5307 et
2135 5256 2185 5309 iu
2216 5254 2395 5308 orbem
2428 5264 2682 5307 terrarum
2711 5257 2870 5308 venit.
2897 5256 2993 5321 Qui
3023 5258 3161 5309 enim
3191 5266 3289 5317 est,
3320 5275 3414 5325 pro

1887 5347 2152 5414 greditur;
2185 5344 2273 5412 qui
2300 5358 2425 5397 vero
2450 5360 2554 5397 non
2584 5354 2683 5406 est,
2708 5353 2935 5407 creatur,
2967 5354 3056 5398 aut
3083 5347 3154 5398 lit.
3175 5348 3244 5398 At
3265 5348 3374 5413 ipse
3392 5357 3443 5399 ct

1887 5449 2018 5499 erat,
2048 5448 2100 5490 et
2140 5446 2259 5488 ante
2293 5444 2422 5498 erat,
2454 5444 2506 5486 et
2546 5450 2754 5502 semper
2794 5444 2933 5486 erat:
2960 5435 3047 5486 sed
3081 5445 3193 5488 erat
3231 5435 3441 5502 quidem

1886 5542 2096 5596 semper
2128 5536 2183 5579 ut
2226 5528 2361 5579 Deus
2387 5568 2399 5592 ,
2443 5525 2692 5579 mundum
2744 5525 3039 5593 gubernans
3082 5545 3092 5578 :
3130 5527 3283 5580 hodie
3320 5543 3440 5580 vero

1953 5666 1966 5695 ³
1996 5662 2052 5731 In_
2071 5669 2185 5771 reg.
2211 5660 2405 5722 legitur,
2450 5666 2638 5721 propter
2684 5660 2887 5722 idtpsunt
2934 5658 3059 5720 quod
3085 5660 3439 5710 instrnrmntnnt

1953 5738 1986 5771 ,ε
2012 5736 2067 5771 ut
2090 5731 2237 5771 catur.

1890 5738 1986 5776 ϐεδε
2012 5731 2237 5775 Γεασαιωκ
