4138 6306
699 380 799 434 39]

696 483 923 553 prodiit:
957 492 1011 537 ut
1066 483 1224 537 homo
1265 482 1511 552 poliulum
1568 479 1736 549 regil,
1793 487 1850 532 ut
1893 479 2032 531 Deus
2077 485 2251 530 autem

693 576 873 626 orbem
928 584 1184 627 tetrarum
1234 573 1432 625 salvum
1485 570 1625 625 fecit.
1655 569 1698 623 ÎŸ
1737 568 1990 638 benignos
2033 565 2249 620 hostes!

693 680 725 718 0
776 665 1039 719 modestos
1087 679 1149 716 ac
1201 663 1355 716 miles
1409 671 1774 725 accusatores,
1823 660 1910 729 qui
1965 669 2143 712 natum
2199 657 2251 709 in

691 755 957 809 Bethleem
1036 755 1198 806 Deum
1278 767 1396 806 esse
1475 751 1834 820 imprudentes
1897 750 2249 803 indicarunt:

689 849 773 915 qni
804 849 1046 899 latentem
1075 847 1124 898 in
1156 845 1412 913 praesepio
1444 844 1718 897 Dominum
1751 852 1928 895 notum
1971 840 2246 905 fecerunt,

688 937 776 1004 qui
796 939 1054 1002 jacentetn
1083 936 1131 988 in
1155 937 1401 1002 spelunca
1429 933 1574 986 inviti
1600 932 1912 993 indicarunt,
1933 939 1983 984 et
1999 929 2252 984 beneficio

689 1030 930 1083 nolentes
955 1042 1046 1081 sua
1077 1037 1262 1096 sponte
1288 1041 1383 1079 nos
1422 1024 1710 1077 affecerunt
1729 1064 1742 1086 ,
1772 1023 2101 1083 revelarunt,
2133 1035 2250 1072 cum

688 1121 952 1173 occultare
990 1118 1346 1171 conarentur!
1404 1115 1562 1168 Vides
1618 1114 1887 1181 imperitos
1931 1110 2253 1179 magistros?

688 1213 814 1278 Qua:
835 1211 1028 1264 docent
1058 1210 1154 1278 ipsi
1183 1208 1425 1262 nesciunt
1454 1225 1466 1259 :
1497 1207 1632 1258 fame
1655 1203 1876 1258 confecti
1908 1203 2160 1266 nutriunt,
2184 1201 2253 1254 si-

689 1304 879 1357 ticntcs
907 1310 1082 1371 potum
1111 1299 1345 1367 prmbent
1363 1339 1376 1362 ,
1407 1306 1637 1365 egestate
1660 1295 1824 1362 pressi
1851 1293 2035 1346 ditant.
2067 1292 2252 1345 Venite

687 1395 842 1463 igitur
874 1433 888 1456 ,
934 1393 1121 1446 festum
1150 1405 1365 1459 agamus
1387 1429 1400 1452 ,
1431 1388 1626 1445 venite.
1659 1385 2054 1439 'solemnitatem
2112 1384 2251 1436 ceIe-'

686 1485 918 1538 bremns.
949 1482 1230 1533 lnnsitatus
1256 1479 1394 1531 enim
1423 1486 1503 1530 est
1531 1475 1825 1528 festivitatis
1851 1473 2056 1536 modus,
2088 1489 2252 1542 quan-

686 1576 966 1644 doquidem
1005 1582 1057 1625 et
1087 1570 1407 1624 incredibilis
1439 1578 1518 1621 est
1547 1581 1720 1620 sermo
1751 1566 2052 1618 nativitatis.
2086 1566 2251 1620 Hodie

689 1680 912 1734 namque
944 1672 1090 1718 vetns
1116 1662 1341 1714 solutum
1372 1667 1454 1712 est
1482 1657 1766 1721 vinculum,
1799 1656 2040 1709 diabolus
2068 1654 2252 1709 confu-

687 1779 778 1816 sus
807 1771 906 1825 est,
948 1760 1215 1812 darmones
1260 1755 1613 1824 aufugerunt,
1647 1753 1910 1807 destructa
1949 1764 2092 1804 mors
2132 1756 2247 1815 est,

690 1853 958 1921 paradisus
985 1858 1246 1904 reseratas
1277 1889 1290 1913 ,
1322 1845 1621 1900 maledictio
1651 1844 1819 1897 deleta
1845 1852 1942 1906 est,
1976 1850 2249 1910 peccatum

688 1965 717 1998 e
749 1945 919 1998 medio
947 1942 1209 1996 sublatum
1235 1950 1335 2003 est,
1366 1940 1633 2007 ablegatus
1656 1947 1738 1991 est
1757 1953 1926 2000 error,
1950 1937 2143 1990 veritas
2168 1948 2252 1987 re-

687 2034 783 2086 diit
802 2074 816 2094 ,
849 2040 900 2084 et
927 2031 1132 2098 pietatis
1171 2043 1346 2082 sermo
1376 2028 1715 2095 undeqnaque
1743 2027 2111 2080 disseminatus
2140 2033 2247 2088 est,

688 2135 740 2179 et
772 2124 1001 2178 cncnrrit
1031 2141 1044 2176 :
1076 2121 1404 2175 conversatio
1453 2119 1680 2173 caelitum
1728 2118 1777 2170 in
1825 2119 1977 2171 terris
2025 2118 2250 2184 plantata

689 2227 767 2269 est
796 2233 807 2266 :
836 2214 1003 2282 angeli
1033 2228 1150 2265 cum
1204 2211 1502 2264 hominibus
1535 2208 1963 2272 communicant,
2011 2207 2249 2260 homines

688 2322 805 2360 cum
838 2307 1036 2374 angelis
1076 2305 1333 2372 intrepide
1371 2305 1760 2370 colloquuntur.
1798 2301 1932 2367 Quid
1966 2301 2072 2353 ita?
2105 2300 2251 2366 Quo-

689 2401 827 2453 niam
860 2401 995 2451 Deus
1022 2399 1071 2452 in
1103 2407 1294 2451 terram
1328 2397 1500 2455 venit,
1545 2406 1597 2448 et
1624 2395 1778 2447 homo
1811 2394 1860 2446 in
1891 2392 2076 2447 cadum
2098 2433 2111 2454 ,
2139 2406 2251 2444 om-

689 2492 774 2543 nia
807 2490 999 2558 passim
1026 2487 1308 2541 commixta
1337 2497 1479 2539 sunt.
1511 2485 1665 2537 Venit
1690 2485 1826 2536 enim
1852 2484 1900 2536 in
1930 2492 2066 2536 terra
2088 2525 2102 2547 ,
2134 2498 2250 2536 cum

688 2590 829 2633 totus
859 2581 909 2631 in
939 2578 1068 2631 caelo
1097 2578 1164 2629 sit
1195 2596 1204 2628 :
1234 2591 1459 2645 eumque
1491 2585 1629 2629 totus
1658 2575 1706 2626 in
1736 2574 1863 2626 etelo
1888 2574 1976 2637 sit,
2008 2582 2144 2625 totus
2174 2581 2255 2626 est

690 2671 740 2723 in
772 2681 929 2722 terra.
962 2668 1091 2722 Cum
1128 2676 1266 2719 esset
1304 2667 1476 2730 Dens,
1509 2664 1676 2718 factus
1701 2673 1781 2716 cst
1805 2664 1995 2724 homo,
2025 2677 2128 2715 non
2159 2677 2252 2714 ne-

686 2777 817 2829 gans
845 2776 900 2813 se
929 2762 1088 2813 Deum
1117 2774 1233 2813 esse
1268 2776 1280 2810 :
1313 2773 1431 2810 cum
1463 2763 1605 2810 esset
1653 2755 1878 2808 Verbum
1926 2752 2212 2822 impatibile
2236 2793 2250 2815 ,

687 2853 855 2904 factus
882 2859 962 2903 est
987 2865 1110 2902 caro
1141 2866 1153 2899 :
1189 2856 1245 2900 ut
1269 2847 1528 2900 habitaret
1550 2847 1598 2898 in
1625 2845 1772 2898 nobis
1800 2858 1923 2897 caro
1957 2844 2120 2896 factus
2150 2852 2249 2896 est.

688 2942 825 2996 Deus
851 2941 989 2994 enim
1024 2941 1190 2992 factus
1236 2954 1339 2990 non
1363 2948 1481 3001 est,
1523 2936 1616 2990 sed
1641 2943 1772 2989 erat.
1817 2935 2100 3002 Propterea
2129 2948 2254 2987 caro

689 3033 856 3086 factus
885 3040 966 3084 est
987 3073 999 3096 ,
1032 3039 1085 3082 ut
1113 3046 1266 3099 quem
1294 3029 1477 3082 cadum
1509 3042 1608 3079 non
1638 3027 1896 3093 capiebat,
1932 3025 2085 3077 liodie
2117 3040 2251 3092 pra:-

687 3126 890 3193 sepiunt
921 3125 1226 3189 susciperet.
1261 3121 1541 3188 PrOpterea
1570 3119 1778 3186 ponitur
1810 3117 1860 3169 in
1896 3117 2170 3184 praesepio,
2200 3124 2256 3168 nt

688 3216 733 3268 is
765 3230 792 3266 a
820 3229 922 3282 quo
949 3213 1248 3266 ntttrinntur
1277 3212 1449 3263 omnia
1476 3208 1678 3278 pueruli
1708 3209 2010 3259 alimentum
2039 3221 2066 3257 a
2095 3205 2252 3272 virgi-

687 3322 755 3358 ne
795 3316 960 3357 matre
1003 3304 1241 3370 accipiat.
1296 3302 1576 3367 Propterea
1618 3298 1908 3350 futurorum
1940 3295 2250 3348 sa'culorum

688 3398 842 3451 Pater
889 3407 1151 3462 tamquam
1193 3394 1256 3446 ab
1304 3392 1465 3444 ubere
1506 3388 1742 3458 pendens
1777 3386 1948 3439 infans
1995 3385 2255 3452 virgineas

689 3489 905 3539 minime
936 3485 1125 3553 refugit
1159 3485 1342 3546 ulnas,
1389 3490 1444 3534 ut
1469 3480 1636 3548 magis
1674 3492 1885 3532 accessu
1939 3475 2102 3527 facilis
2144 3476 2251 3525 fiat.

688 3579 953 3646 Siquidem
982 3586 1034 3629 ct
1065 3575 1220 3628 hodie
1245 3573 1375 3641 magi
1402 3572 1748 3632 advenerunt,
1780 3577 1831 3621 et
1859 3577 2134 3637 tyrannum
2157 3563 2254 3616 ab-

689 3669 911 3740 negandi
954 3668 1156 3722 initium
1199 3665 1472 3727 fecerunt,
1516 3671 1569 3716 ct
1595 3661 1781 3714 cazlum
1812 3658 2094 3726 gloriatur,
2131 3655 2254 3705 dum

688 3779 782 3832 per
812 3761 1013 3814 stellam
1048 3756 1321 3810 Dominum
1353 3768 1500 3805 suum
1530 3750 1722 3804 indicat
1748 3788 1761 3811 ,
1799 3757 1852 3800 et
1879 3761 2037 3811 super
2065 3744 2253 3797 nubem

689 3856 857 3908 levem
898 3850 1135 3919 corporis
1166 3848 1244 3900 sui
1279 3846 1467 3899 sedens
1510 3841 1760 3895 Dominus
1789 3839 1953 3893 currit
1996 3839 2045 3890 in
2094 3835 2255 3904 Adgy-

689 3955 836 4012 ptum
868 3961 880 3995 :
911 3952 962 3994 et
988 3940 1165 4008 fugere
1195 3937 1404 4006 quidem
1441 3933 1661 3987 llerodis
1687 3931 1891 3984 videtur
1917 3930 2131 3982 insidias
2155 3969 2169 3991 ,
2200 3943 2258 3980 re

688 4044 862 4086 autem
901 4049 1021 4086 vera
1054 4030 1192 4100 quod
1233 4029 1298 4081 ab
1335 4027 1465 4079 Isaia
1510 4025 1705 4078 dictum
1753 4021 1923 4074 fuerat
1963 4019 2256 4086 adimplet:

696 4139 714 4167 Îµ
741 4118 1024 4178 Eritenim,
1051 4135 1067 4165 Î¹
1097 4113 1282 4182 inquit,
1309 4130 1324 4160 Î¹
1351 4111 1399 4162 in
1428 4110 1511 4162 die
1536 4108 1620 4160 illa
1642 4105 1798 4158 Israel
1817 4104 1998 4156 tertius
2017 4104 2069 4153 in-
2092 4103 2257 4169 Assy-

689 4211 781 4263 riis
805 4251 819 4272 ,
852 4218 904 4261 ct
931 4209 980 4259 in
1015 4205 1275 4275 [Egyptiis
1302 4202 1610 4256 benedicnts
1639 4199 1738 4251 erit
1769 4195 1992 4264 populus
2029 4207 2177 4247 meus
2207 4193 2256 4245 in

693 4315 830 4356 terra
855 4341 868 4359 ,
917 4314 1072 4368 quam
1114 4294 1383 4349 benedixit
1429 4291 1680 4343 Dominus
1719 4285 1948 4340 Sabaoth
1975 4325 1990 4349 ,
2034 4284 2255 4336 dicens:

690 4390 1006 4446 Benedictus
1031 4387 1133 4441 erit
1162 4385 1382 4453 populus
1423 4395 1571 4434 meus
1603 4379 1689 4446 qui
1718 4382 1768 4430 in
1801 4375 2032 4444 ngypto
2078 4381 2132 4425 et
2169 4372 2256 4440 qni

693 4488 742 4536 in
771 4479 1004 4549 Assyriis
1031 4488 1082 4529 et
1106 4477 1192 4544 qui
1221 4475 1269 4527 iu
1302 4471 1458 4526 Israel
1488 4489 1505 4520 Î¹
1538 4470 1556 4539 (
1585 4468 1709 4520 Isai.
1742 4467 1824 4520 19.
1854 4465 1944 4518 24.
1969 4464 2089 4532 25).
2123 4462 2256 4527 Quid

693 4577 812 4641 ais,
859 4572 1081 4628 Judaâ€˜e?
1130 4569 1215 4636 qui
1267 4568 1466 4636 primus
1503 4579 1659 4627 eras,
1708 4562 1892 4614 tertius
1944 4559 2111 4612 factus
2161 4557 2260 4610 es?

695 4667 926 4738 Egyptii
953 4674 1006 4719 et
1033 4662 1230 4732 Assyrii
1263 4659 1352 4713 tibi
1381 4656 1597 4710 antelati
1627 4663 1771 4717 sunt,
1801 4659 1853 4705 et
1883 4650 2259 4719 priinogenitus

694 4760 852 4815 Israel
883 4771 1101 4811 numero
1132 4752 1390 4822 posterior
1427 4748 1549 4802 est?
1597 4746 1669 4799 lta
1701 4753 1783 4798 est
1817 4762 1828 4797 :
1861 4743 2052 4795 merito
2098 4741 2261 4808 Assy-

696 4857 758 4909 rii
789 4853 943 4922 primi
971 4858 1122 4903 erunt
1157 4866 1170 4900 :
1198 4841 1621 4914 quandoquidem
1647 4848 1698 4891 ct
1721 4836 1816 4905 ipsi
1846 4835 1999 4904 primi
2029 4848 2122 4902 per
2149 4847 2262 4885 ma-

698 4963 790 5012 gos
825 4959 944 4997 eum
987 4940 1338 4994 adoraverunt
1365 4951 1378 4985 :
1408 4931 1641 5001 Egyptii
1681 4943 1806 4981 vero
1831 4935 1948 4994 post
1983 4924 2226 4994 Assyrios
2249 4963 2262 4987 ,

700 5031 1126 5104 quandoquidem
1152 5030 1319 5095 ipsum
1344 5023 1567 5077 Herodis
1586 5019 1798 5072 insidias
1817 5017 2098 5086 fugientem
2121 5027 2266 5067 exce-

703 5135 924 5196 perunt;
959 5131 1227 5191 postremo
1253 5131 1378 5169 vero
1406 5115 1521 5166 loco
1549 5120 1854 5164 numeratur
1888 5108 2071 5171 Israel,
2098 5121 2266 5172 quan-

704 5214 982 5281 doquidem
1010 5219 1125 5278 post
1147 5218 1418 5258 ascensum
1448 5202 1561 5269 ejus
1581 5216 1644 5253 ex
1670 5197 1900 5251 Jordane
1925 5206 2029 5248 tum
2057 5197 2266 5247 demum

705 5323 798 5376 per
833 5303 1097 5372 apostolos
1123 5314 1241 5352 eum
1268 5303 1618 5365 agnoverunt.
1665 5289 1934 5359 Ingressus
1974 5297 2054 5341 est
2095 5296 2269 5338 autem

707 5400 992 5467 Egyptum
1019 5435 1033 5458 ,
1078 5390 1381 5444 concutiens
1408 5385 1620 5452 Egypti
1649 5380 1940 5434 mannfacta
1963 5420 1976 5441 ,
2010 5393 2114 5430 non
2138 5391 2271 5444 quo-

710 5466 995 5558 quoitnodo
1015 5525 1030 5548 ,
1062 5482 1153 5535 sed
1187 5488 1455 5548 postquam
1484 5474 1697 5542 IEgypti
1731 5469 1985 5524 vestibula
2022 5466 2277 5520 conclusit

711 5582 922 5635 interitu
970 5571 1434 5644 primogenitorum
1490 5564 1650 5637 (Isai.
1707 5561 1794 5615 19.
1850 5561 1935 5627 1).
1991 5559 2274 5625 Propterea

713 5683 976 5738 tamquam
999 5663 1379 5735 primogenitus
1403 5657 1560 5711 hodie
1587 5656 1853 5723 ingressus
1873 5660 1953 5704 est
1977 5658 2034 5703 ut
2050 5649 2278 5716 antiquae

719 5762 981 5822 Itlwslilifn
1029 5759 1222 5813 luctum
1264 5753 1508 5807 solveret.
1557 5742 1964 5814 Primogenitum
2009 5754 2134 5795 vero
2176 5738 2278 5792 dici

1415 365 1470 420 S.
1510 362 1789 420 JOANNIS
1823 363 2304 422 CIIRYSOSTOMI
2360 366 2670 421 AHClllEP.
2713 360 3245 419 CONSTANTINOP.

3816 386 3927 440 392

2366 475 2631 532 Christum
2663 487 2881 533 testatur
2908 479 3064 536 hodie
3093 482 3257 537 Lucas
3278 484 3592 553 evangelista
3625 497 3740 536 cum
3767 483 3916 537 dicit:

2358 567 2424 620 Et
2453 571 2638 637 peperit
2659 570 2827 638 ï¬lium
2845 588 2991 625 suum
3015 576 3410 642 primogenitum,
3439 585 3489 626 et
3512 576 3691 642 pannis
3719 575 3918 627 involvit

2358 675 2468 710 eum
2487 699 2500 722 ,
2534 669 2578 712 et
2605 662 2858 713 reclinavit
2885 679 2996 714 eum
3034 663 3086 714 in
3129 665 3372 731 prtesepio
3391 703 3404 729 ,
3447 665 3560 732 quia
3588 681 3688 717 non
3718 674 3821 716 erat
3847 665 3918 718 eis

2358 749 2495 802 locus
2539 750 2590 802 in
2636 751 2903 803 diversorio
2940 751 3268 820 (Luc.2.7).
3318 752 3588 821 Ingressus
3635 762 3718 807 est
3764 754 3919 822 igitur

2358 839 2643 909 Egyptum
2673 850 2728 894 ut
2754 842 2981 909 antiquae
3019 843 3283 896 mmsdtiae
3317 844 3513 896 luctum
3555 843 3786 897 solveret
3821 863 3831 896 :
3864 855 3918 898 et

2359 930 2623 998 plagarum
2666 931 2780 983 loco
2809 931 3054 998 gaudium
3083 931 3275 984 invexit
3301 973 3315 996 ,
3345 943 3394 984 et
3425 931 3539 986 loco
3566 934 3737 984 noctis
3763 942 3920 1001 atque

2356 1019 2690 1073 tenebrarum
2723 1020 2898 1074 lumen
2944 1020 3126 1074 salutis
3157 1020 3372 1088 largitus
3405 1028 3505 1075 est.
3551 1020 3917 1074 Contaminata

2357 1118 2482 1162 tunc
2512 1109 2607 1162 fuit
2647 1125 2779 1178 aqua
2825 1109 3054 1163 fluminis
3098 1110 3393 1163 immatura:
3436 1111 3604 1165 aetatis
3640 1111 3917 1164 infantium

2355 1199 2520 1252 caede.
2561 1198 2828 1266 Ingressus
2853 1209 2935 1253 est
2963 1200 3116 1268 igitur
3146 1201 3194 1252 in
3224 1199 3506 1269 Egyptum
3535 1201 3584 1253 is
3613 1201 3702 1268 qui
3727 1215 3916 1268 aquam

2355 1289 2566 1341 rnbram
2602 1290 2935 1353 reddiderat,
2967 1299 3021 1343 et
3051 1289 3276 1342 ï¬‚uminis
3302 1290 3514 1343 ï¬‚uentis
3539 1291 3642 1342 vim
3671 1289 3920 1359 gignendi

2355 1379 2577 1432 salutem
2628 1379 2853 1443 indidit,
2897 1393 3187 1447 eorumque
3233 1380 3583 1446 impuritatem
3630 1393 3694 1432 ac
3732 1378 3920 1432 sordes

2356 1471 2581 1539 Spiritus
2611 1472 2802 1524 virtute
2826 1471 3109 1538 purgavitâ€˜.
3133 1469 3324 1523 Afï¬‚icti
3347 1469 3558 1523 fuerunt
3578 1469 3834 1541 Egyptii,
3861 1479 3918 1524 et

2359 1561 2536 1616 furore
2558 1561 2786 1630 correpti
2810 1562 2970 1615 Deum
2993 1561 3338 1629 abnegarunt.
3364 1560 3632 1628 Ingressus
3657 1569 3740 1614 est
3762 1561 3916 1628 igitur

2358 1655 2408 1706 in
2434 1653 2717 1721 IEgyptum
2741 1694 2756 1717 ,
2799 1651 3069 1719 religiosas
3094 1653 3294 1704 animas
3325 1652 3622 1718 cognitione
3649 1651 3742 1704 Dei
3765 1665 3916 1703 eom-

2354 1744 2503 1812 plens
2527 1783 2539 1806 ,
2574 1741 2747 1795 effecit
2775 1750 2831 1794 ut
2865 1742 3057 1796 [lumen
3091 1740 3423 1794 fecundiores
3457 1739 3616 1808 spicis
3656 1750 3915 1809 martyres

2353 1834 2538 1886 aleret.
2563 1831 2663 1886 Sed
2690 1841 2901 1900 propter
2925 1832 3193 1901 angustias
3215 1830 3466 1898 temporis
3493 1828 3592 1883 hoc
3613 1830 3732 1883 loco
3758 1830 3914 1883 statui

2355 1923 2512 1976 linem
2542 1921 2716 1975 facere
2740 1920 2967 1987 dicendi,
2996 1919 3134 1989 quod
3159 1920 3414 1988 reliquum
3437 1929 3519 1973 est
3548 1920 3746 1987 negotii
3768 1919 3917 1971 vobis

2355 2015 2404 2067 in
2435 2013 2572 2067 diem
2598 2021 2905 2081 sequentem
2936 2019 3335 2064 reservaturus:
3371 2009 3455 2060 hic
3480 2018 3655 2061 autem
3685 2008 3914 2061 orationi

2355 2103 2512 2158 ï¬nem
2544 2104 2828 2172 imponam,
2862 2101 2948 2154 ubi
2977 2100 3077 2153 hoc
3105 2100 3404 2168 explevero,
3438 2112 3542 2166 quo
3572 2108 3725 2165 pacto
3756 2098 3916 2149 nimi-

2354 2211 2467 2249 rum
2493 2237 2506 2256 ,
2553 2209 2673 2247 cum
2704 2192 2992 2260 impatibile
3019 2191 3243 2244 Verbum
3271 2198 3444 2254 esset,
3474 2205 3598 2242 caro
3627 2188 3820 2240 factum
3847 2189 3916 2240 sit

2355 2287 2624 2340 immutata
2655 2295 2898 2338 manente
2938 2293 3140 2335 natura.
3171 2282 3304 2346 Quid
3332 2282 3500 2334 dicam
3521 2320 3535 2339 .
3565 2291 3654 2333 aut
3686 2280 3809 2348 quid
3835 2280 3914 2332 lo-

2354 2377 2527 2445 quar?
2557 2375 2781 2428 Fabrum
2815 2385 2867 2426 et
2895 2388 3126 2440 prtesepe
3156 2372 3307 2424 video
3336 2381 3386 2423 et
3415 2369 3666 2422 infantem
3692 2409 3704 2431 ,
3738 2381 3789 2421 et
3821 2384 3914 2421 cu-

2357 2481 2538 2518 narum
2572 2465 2790 2526 fascias,
2827 2473 2879 2516 et
2906 2463 3121 2530 virginis
3152 2472 3353 2529 partum
3399 2460 3554 2512 rebus
3604 2462 3917 2512 necessariis

2356 2560 2681 2619 destitutum,
2710 2555 2882 2608 omnia
2910 2562 3143 2622 egestate
3166 2567 3368 2620 pressa,
3401 2552 3575 2604 omnia
3609 2551 3760 2619 plena
3791 2565 3919 2618 pan-

2357 2650 2590 2718 pertatis.
2625 2647 2805 2700 Vidisti
2835 2645 3037 2699 divitias
3062 2646 3114 2698 in
3137 2647 3301 2698 multa
3320 2645 3781 2713 paupertate?quo
3807 2656 3919 2694 nio-

2355 2743 2422 2795 do
2448 2757 2563 2794 cum
2591 2740 2737 2794 dives
2761 2747 2920 2802 esset,
2957 2751 3152 2806 egenus
3178 2747 3258 2790 est
3297 2745 3471 2790 nostra
3509 2750 3664 2789 causa
3709 2734 3916 2789 factus?

2355 2850 2460 2904 quo
2489 2833 2644 2885 modo
2677 2847 2845 2900 neque
2889 2831 3076 2884 lectmn
3103 2869 3116 2892 ,
3163 2843 3331 2897 neque
3378 2827 3661 2894 stragulum
3702 2825 3914 2888 habuit,

2355 2926 2446 2979 sed
2476 2926 2524 2977 in
2556 2923 2698 2977 nudo
2720 2922 2940 2990 przesepi
2971 2930 3084 2974 erat
3116 2918 3418 2987 projectus?
3459 2918 3504 2970 ÎŸ
3533 2925 3914 2985 paupertatem,

2356 3016 2655 3068 divitiarum
2689 3014 2920 3064 fontem!
2953 3025 2985 3062 o
3014 3009 3222 3063 divitias
3252 3011 3562 3071 immensas,
3595 3008 3917 3074 paupertatis

2357 3105 2586 3172 Speciem
2619 3118 2724 3169 pne
2745 3117 2802 3154 se
2829 3100 3096 3154 ferentes!
3129 3099 3183 3151 ln
3216 3097 3435 3166 prmsepi
3459 3098 3632 3164 jacet,
3663 3105 3716 3148 et
3737 3096 3919 3147 orbem

2361 3205 2617 3248 terrarum
2663 3191 2934 3253 concutit;
2983 3189 3155 3242 fasciis
3206 3203 3457 3242 cunarum
3507 3186 3819 3247 involvitur,
3865 3195 3920 3237 et

2358 3285 2555 3355 peccati
2586 3283 2790 3335 vincula
2818 3281 3094 3348 disrumpit
3119 3295 3134 3343 ;
3173 3279 3404 3331 nondum
3431 3279 3480 3330 in
3515 3291 3691 3330 vocem
3721 3277 3918 3328 articu-

2358 3379 2512 3429 latatn
2543 3375 2751 3441 erupit,
2787 3381 2841 3425 et
2867 3385 3046 3440 magos
3072 3371 3277 3424 edocuit
3303 3411 3316 3432 ,
3349 3379 3401 3421 et
3426 3368 3489 3421 ad
3521 3368 3918 3420 conversionem

2357 3468 2660 3523 commovit.
2697 3464 2826 3530 Quid
2856 3464 3047 3525 dicam,
3077 3472 3164 3514 aut
3187 3461 3306 3529 quid
3339 3459 3558 3526 loquar?
3586 3458 3721 3510 Ecce
3750 3456 3921 3509 infans

2359 3563 2532 3616 fasciis
2557 3560 2861 3622 involvitur,
2890 3566 2941 3609 et
2971 3556 3021 3608 in
3049 3556 3266 3623 prmsepi
3287 3555 3424 3619 jacet
3456 3569 3468 3603 :
3498 3550 3647 3603 adest
3671 3558 3844 3602 autem
3869 3557 3922 3600 et

2359 3657 2517 3709 Maria
2549 3669 2664 3721 qua:
2708 3652 2855 3718 virgo
2898 3657 2950 3701 et
2987 3659 3153 3699 mater
3181 3656 3258 3697 est
3291 3661 3302 3694 :
3348 3643 3530 3695 aderat
3556 3650 3727 3691 autem
3750 3648 3801 3690 et
3830 3637 3920 3690 Ju-

2360 3747 2510 3815 seph,
2542 3745 2630 3812 qui
2664 3752 2810 3811 pater
2839 3740 3151 3809 appellatur.
3187 3736 3279 3789 llic
3308 3736 3386 3788 vir
3417 3734 3607 3787 dicitur
3629 3774 3641 3795 ,
3676 3733 3759 3784 illa
3794 3745 3924 3783 uxor

2361 3849 2580 3890 vocatur
2609 3855 2620 3888 :
2656 3834 2884 3902 legitima
2915 3840 3034 3885 sunt
3066 3828 3273 3882 nomina
3296 3824 3629 3894 cupulatione
3654 3821 3918 3874 destituta.

2363 3929 2655 3982 Verborum
2683 3934 2834 3977 tenus
2859 3919 3112 3974 lizecmilti
3137 3917 3388 3983 intelligo,
3417 3928 3518 3966 non
3548 3927 3722 3964 rerqu
3752 3921 3921 3963 tenus.

2366 4022 2456 4075 llic
2485 4020 2650 4072 solum
2680 4013 3038 4083 (lCSp0nsavit,
3073 4019 3125 4063 et
3154 4008 3378 4077 Spiritus
3405 4015 3615 4058 sanctus
3645 4002 3922 4055 obumbra-

2363 4116 2436 4166 vit
2460 4114 2505 4165 ei
2539 4128 2551 4162 :
2586 4108 2724 4162 unde
2753 4107 2997 4160 dubitans
3019 4102 3214 4169 .losepb
3239 4142 3252 4164 ,
3294 4098 3415 4169 quid
3443 4097 3730 4166 appellaret
3762 4097 3927 4146 infan-

2370 4215 2472 4257 tem
2507 4200 2793 4254 nesciebat.
2830 4197 2902 4250 Ex
2925 4193 3183 4246 adulterio
3213 4201 3388 4242 natttm
3416 4187 3590 4240 dicere
3620 4187 3789 4253 ipsum
3822 4198 3923 4236 non

2363 4293 2606 4355 audebat,
2630 4288 2936 4358 probrosum
2957 4285 3006 4337 in
3037 4282 3288 4349 virginem
3306 4280 3481 4345 jacere
3503 4289 3799 4329 sermonem
3825 4287 3926 4325 non

2364 4392 2587 4453 poterat,
2626 4380 2788 4432 filium
2821 4377 2988 4444 ipsum
3019 4372 3195 4425 dicere
3222 4383 3373 4421 suum
3403 4365 3698 4433 refugiebat
3725 4381 3736 4413 :
3766 4362 3929 4430 probe

2369 4486 2593 4540 namque
2620 4470 2818 4522 sciebat
2839 4465 2935 4518 sibi
2966 4465 3197 4531 ignotum
3221 4473 3360 4519 esse,
3388 4470 3492 4524 quo
3522 4463 3696 4522 pacto,
3725 4453 3806 4504 vel
3836 4467 3932 4504 un-

2366 4564 2431 4617 de
2462 4538 2630 4615 infans
2652 4567 2804 4610 natus
2825 4561 2967 4607 esset
3001 4568 3012 4602 :
3047 4564 3200 4617 quam
3227 4549 3294 4599 ob
3319 4558 3529 4598 causam
3561 4542 3631 4594 illi
3663 4538 3730 4594 de
3760 4556 3817 4593 re
3837 4541 3934 4593 du.

2373 4651 2557 4708 bitanti
2581 4691 2593 4712 ,
2625 4648 2690 4701 de
2718 4645 2847 4699 cmlo
2877 4641 3148 4695 oraculum
3195 4636 3362 4705 angeli
3394 4648 3521 4686 voce
3549 4631 3776 4685 delatum
3808 4640 3886 4684 est
3917 4649 3930 4682 :

2377 4744 2500 4797 Noli
2528 4743 2713 4801 timere,
2744 4735 2932 4803 Joseplt
2963 4748 2979 4783 :
3008 4730 3139 4799 quod
3168 4730 3295 4779 enim
3321 4741 3380 4779 ea:
3405 4741 3461 4776 ea
3488 4724 3705 4791 genitum
3736 4730 3804 4773 est
3829 4761 3844 4783 ,
3874 4720 3935 4771 de

2377 4833 2571 4901 Spiritu
2595 4838 2764 4881 sancto
2793 4835 2862 4877 est
2886 4821 3104 4894 (Matth.
3142 4821 3190 4871 1.
3216 4816 3339 4885 20).
3386 4814 3610 4882 Spiritus
3640 4812 3781 4864 enim
3812 4825 3935 4862 sau-

2376 4900 2492 4977 ctus
2519 4919 2704 4988 virgini
2732 4912 3078 4969 obumbravit.
3109 4909 3279 4974 Quare
3308 4920 3430 4957 vero
3452 4919 3514 4955 ex
3540 4901 3740 4969 virgine
3768 4900 3939 4952 nasci-

2378 5024 2462 5066 tur
2482 5055 2493 5074 ,
2523 5020 2576 5065 et
2605 5007 2954 5075 virginitatem
2987 5000 3235 5052 illibatam
3266 4993 3483 5047 servat?
3510 4991 3641 5056 Quia
3673 4989 3937 5058 quondam

2376 5107 2628 5174 virginem
2663 5101 2822 5152 Evam
2851 5093 3058 5161 decepit
3084 5089 3326 5143 diabolus
3347 5128 3359 5148 ,
3391 5084 3585 5138 idcirco
3608 5081 3670 5134 ad
3699 5081 3938 5140 Mariam,

2377 5168 2493 5264 qua:
2522 5196 2665 5260 virgo
2692 5197 2824 5252 erat,
2854 5185 3061 5239 felicem
3090 5179 3327 5232 nuntium
3356 5173 3568 5229 Gabriel
3601 5171 3804 5224 detulit.
3835 5168 3939 5223 Sed

2379 5263 2591 5353 decepta
2622 5280 2833 5350 quidem
2867 5275 2971 5328 Eva
3005 5271 3208 5339 peperit
3239 5267 3454 5320 verbum
3482 5305 3495 5325 ,
3535 5263 3670 5330 quod
3718 5270 3945 5314 mortem

2382 5350 2552 5430 intulit
2584 5392 2594 5424 :
2625 5380 2678 5424 at
2706 5368 2907 5422 felicem
2953 5362 3190 5416 nuntium
3219 5357 3479 5425 accipiens
3518 5353 3675 5406 Maria
3716 5350 3946 5403 Verbum

2383 5470 2433 5521 in
2459 5479 2614 5518 carne
2635 5460 2832 5530 genuit,
2863 5453 3000 5524 quod
3027 5453 3186 5505 vitam
3219 5448 3369 5502 nobis
3393 5456 3638 5500 mteruam
3679 5441 3946 5495 conciliat.

2385 5559 2613 5613 Verbum
2658 5553 2781 5606 Eva:
2812 5550 3010 5617 lignum
3055 5541 3340 5605 indicavit,
3373 5553 3465 5605 per
3491 5535 3631 5601 quod
3672 5535 3871 5598 lignum
3923 5548 3952 5585 e

2453 5741 2467 5771 Îµ
2505 5743 2640 5799 Reg,
2667 5730 2823 5787 unas-it,
2846 5738 2947 5789 pro,
2965 5724 3200 5786 purgavit.
