4152 6324
205 465 299 518 τὸν
324 464 550 530 κόσμον·
581 463 812 532 σήμερον
843 458 898 511 δὲ
939 454 1218 524 προῆλθεν,
1250 453 1322 513 ώς
1349 449 1627 516 ἄνθρωπος
1643 442 1752 532 Δμὲν

207 546 301 598 τὸν
349 528 472 598 λαὸν
513 528 827 612 ποιμαίνων,
877 540 950 600 ώς
1004 537 1132 597 Θεὸς
1180 534 1233 586 δὲ
1291 533 1386 601 τὴν
1435 528 1753 612 οἰκουμένην

205 627 499 688 διασώζων.
529 626 590 675 Ὢ
609 609 872 690 πολεμίων
891 619 1159 686 χρηστῶνί
1184 614 1226 666 ὣ
1243 611 1556 680 κατηγόρων
1577 609 1755 676 φιλαν-

209 707 475 776 θρώπωνί
517 706 564 757 οἳ
589 704 678 756 τὸν
702 705 758 754 ἐν
789 699 1026 769 Βηθλεέμ
1061 694 1315 764 τεχθέντα
1335 691 1684 776 Δλανθάνοντες
1710 699 1753 776 ,ιι

208 768 342 840 Θεὸν
375 786 596 849 ἔδειξαν,
624 786 671 837 οἳ
709 783 797 835 τὸν
830 768 884 834 ἐν
932 780 1102 847 φάτνῃ
1143 773 1509 842 κρυπτόμενον
1551 768 1752 821 Δεσπό-

205 885 309 936 την
362 866 687 934 ἐγνώρισαν,
717 864 764 915 οῖ
793 862 882 913 τὸν
922 860 978 910 ἐν
1015 857 1274 936 σπηλαίῳΔ
1295 853 1599 936 καθήμενον
1625 849 1756 936 ἐμή·

208 932 378 1004 νυσαν
405 932 646 1006 ἄκοντες,
686 944 777 995 καὶ
814 941 1178 1010 εὐηργέτησαν
1221 933 1292 1004 μὴ
1354 933 1612 993 θέλοντες,
1649 932 1755 982 ἀπ-

210 1028 488 1096 εκάλυψαν
509 1024 735 1091 καλύψαι
761 1020 1080 1090 βουλόμενοι.
1104 1012 1251 1077 Εἶδες
1272 1013 1496 1084 ἀμαθεῖς
1513 1010 1757 1096 διδασκά-

208 1092 501 1171 λουςςν⁶Α
563 1106 912 1164 διδάσκουσιν,
967 1100 1026 1150 οὐ
1089 1097 1427 1164 γινώσκουσι,
1476 1092 1757 1152 πεινῶντες

212 1190 491 1258 τρέφουσι,
545 1183 796 1251 διψῶντες
855 1180 1145 1243 ποτίζουσι,
1216 1177 1493 1244 πενόμενοι
1546 1173 1758 1224 πλουτί-

213 1255 386 1332 ζουσι.
421 1266 578 1318 Δεῦτε
603 1261 714 1322 οῦν,
742 1262 1100 1330 ἐορτάσωμεν,
1122 1258 1270 1311 δεῦτε
1287 1255 1758 1324 πανηγυρίσωμεν.

212 1351 375 1412 Ξένος
406 1349 510 1415 γὰρ
538 1348 564 1397 6
589 1346 683 1412 τῆς
710 1343 898 1412 ἑορτῆς
927 1340 1143 1409 τρόπος,
1184 1339 1366 1407 ἐπειδὴ
1391 1338 1481 1388 καί.
1520 1334 1759 1403 παράδοα

217 1433 302 1498 ξος
330 1435 360 1483 6
384 1431 480 1497 τῆς
514 1429 809 1495 γεννήσεως
848 1424 1019 1489 λόγος.
1061 1422 1301 1488 Σήμερον
1345 1417 1451 1486 γάρ
1486 1417 1513 1469 6
1553 1416 1761 1498 χρόνιος

215 1497 380 1580 ἐλύθη
420 1509 630 1577 δεσμὸς,
661 1508 687 1558 6
710 1505 945 1564 διάϐολος
972 1501 1227 1570 ᾐσχύνθη,
1251 1501 1298 1551 οἰ
1330 1499 1573 1580 δαίμονες
1603 1497 1758 1580 ἐδρα-

217 1576 557 1651 πέτευσανηδ
590 1588 807 1647 θάνατος
840 1585 867 1623 '0
912 1582 1092 1650 ἐλύθη,
1148 1579 1464 1649 παράδεισος
1497 1576 1758 1644 ηνεῴχθη,

218 1675 252 1740 ἠ
276 1673 489 1738 κατάρα
513 1667 792 1736 ἠφανίσθη,
818 1668 870 1733 ,ή
908 1664 1143 1734 ἁμαρτία
1177 1659 1413 1712 ἐκποδὼν
1454 1658 1689 1740 γέγονεν,
1728 1657 1760 1724 ἡ

221 1739 397 1820 πλάνη
425 1749 693 1819 ἀπηλάθη,
728 1750 760 1816 ἡ
788 1747 1007 1814 ἀλήθεια
1039 1742 1321 1811 ἐπανῆλθε,
1362 1742 1453 1792 καὶ
1492 1739 1588 1807 τῆς
1615 1739 1756 1820 εὐσεέ

223 1819 429 1892 ϐείαςὸ
479 1832 628 1896 λόγος
675 1825 940 1895 πανταχοῦ
974 1825 1231 1892 διεσπάρη
1283 1823 1374 1874 καὶ
1419 1821 1680 1888 ἔδραμεν·
1729 1819 1762 1885 ἡ

222 1915 329 1966 τῶν
377 1915 488 1966 ἀνω
517 1909 753 1963 πολιτεία
781 1911 836 1959 ἐν
864 1911 928 1976 τῇ
958 1910 1025 1974 γῇ
1055 1904 1337 1972 ἐφυτεύθη,
1377 1901 1590 1968 ἄγγελοι
1632 1899 1762 1968 μετά

223 1992 525 2063 ἀνθρώπων
556 1990 882 2051 κοινωνοῦσι,
927 1988 1020 2040 καὶ
1053 1986 1322 2053 ἄνθρωποι
1361 1984 1494 2051 μετά
1526 1980 1764 2063 ἀγγέλων

224 2061 394 2135 ἀδεῶς
428 2073 774 2137 διαλέγονται.
812 2069 908 2120 Διά
946 2067 1034 2130 τί;
1101 2064 1314 2132 Ἐπειδὴ
1352 2063 1480 2123 Θεὸς
1531 2062 1621 2112 ἐπὶ
1666 2061 1762 2127 γῆς

224 2153 374 2227 ἦλθε,
407 2154 560 2225 [598]
592 2155 683 2205 καὶ
709 2151 984 2219 ἄνθρωπος
1014 2149 1068 2199 ἐν
1094 2146 1300 2215 οὐρανῷ
1315 2162 1338 2227 ί
1372 2144 1541 2227 πάντα
1569 2141 1766 2210 ἀναμὶξ

225 2225 433 2305 γέγονε.
459 2233 625 2286 Ἦλθε
658 2232 763 2300 γὰρ
784 2232 872 2283 ἐπὶ
899 2231 994 2298 τῆς
1017 2228 1138 2295 γῆς,
1167 2227 1280 2287 ὅλος
1305 2225 1376 2276 ὢν
1411 2225 1466 2274 ἐν
1494 2225 1733 2305 οὐρανοῖς
1751 2237 1766 2254 ·

227 2301 341 2380 ὅλος
361 2317 418 2368 δέ
450 2315 523 2367 ὢν
554 2317 613 2365 ἐν
635 2311 860 2380 οὐρανῷ,
891 2311 1007 2370 ὅλος
1037 2309 1179 2360 ἐστὶν
1212 2307 1300 2356 ἐπὶ
1345 2305 1439 2372 τῆς
1481 2305 1600 2372 γῆς.
1639 2301 1765 2365 Θεὸς

228 2399 319 2455 ὣν,
379 2396 597 2462 γέγονεν
645 2391 940 2461 ἅνθρωπος,
989 2389 1085 2441 οὐκ
1125 2387 1491 2454 ἀρνησάμενος
1527 2384 1586 2435 τὸ
1635 2381 1767 2434 εἶναι

230 2477 359 2536 Θεός
381 2493 395 2505 ’
431 2475 583 2540 λόγος
624 2473 696 2524 ὢν
737 2471 967 2533 ἀπαθὴς,
1001 2468 1134 2540 σάρξ
1171 2467 1398 2532 ἐγένετο,
1435 2465 1520 2515 διά
1548 2464 1605 2514 τὸ
1638 2465 1768 2514 ἐνοι-

231 2557 393 2620 κῆσαι
447 2536 573 2622 ἡμῖν
617 2551 747 2618 σὰρξ
792 2550 1018 2616 ἐγένετο.
1042 2536 1190 2616 ’Θεὸς
1237 2547 1341 2614 γάρ
1394 2545 1490 2596 οὐκ
1540 2543 1767 2609 ἐγένετο,

232 2635 362 2688 ἀλλά
384 2631 471 2702 ἦν.
505 2633 599 2684 Διά
627 2631 779 2683 τοῦτο
809 2630 939 2697 σάρξ
971 2628 1200 2694 ἐγένετο,
1242 2627 1325 2677 ἵνα
1357 2626 1414 2677 ὃν
1454 2624 1550 2674 οὐκ
1582 2624 1770 2690 ἐχώρει

233 2717 470 2787 οὐρανὸς,
502 2714 715 2780 δέξηται
751 2710 938 2776 φάτνη.
979 2709 1072 2759 Διά
1101 2707 1250 2758 τοῦτο
1287 2707 1342 2759 ἐν
1387 2706 1555 2773 φάτνῃ
1595 2704 1769 2769 ἐτέθη,

235 2784 316 2851 ἵνα
357 2801 384 2848 6
432 2796 642 2865 τρέφων
686 2793 753 2843 τὰ
791 2791 1073 2858 σύμπαντα
1114 2788 1318 2839 παιδίου
1377 2787 1574 2855 τροφὴν
1627 2784 1774 2851 παρά

241 2878 436 2946 μητρὸς
477 2874 741 2942 παρθένου
775 2873 910 2941 λάϐῃ
966 2871 1062 2921 Διά
1104 2869 1256 2920 τοῦτο
1291 2871 1317 2920 6
1345 2869 1449 2918 τῶν
1481 2866 1774 2934 μελλόντων

239 2959 441 3010 αἰώνων
498 2955 683 3023 Πατὴρ
733 2953 804 3014 ώς
858 2952 1151 3018 ὐπομάζιον
1204 2949 1394 3018 βρέφος
1444 2946 1774 3014 παρθενικῶν

239 3039 480 3105 ἀνέχεται
517 3033 786 3100 ἀγκαλῶν,
814 3033 895 3083 ἵνα
934 3032 1024 3082 καὶ
1059 3030 1246 3098 μάγοις
1275 3028 1582 3095 εὐπρόσιτος
1617 3027 1774 3093 γένη-

239 3135 339 3169 ται.
398 3119 641 3184 Σήμερον
711 3113 814 3180 γὰρ
882 3113 972 3162 καὶ
1034 3112 1192 3178 μάγοι
1249 3107 1558 3177 προσῆλθον,
1609 3105 1774 3174 ἀρχὴν

240 3197 483 3256 λαϐόντες
507 3194 781 3263 ἀρνεῖσθαι
806 3192 894 3243 τὸν
922 3191 1196 3259 τύραννον,
1224 3192 1314 3242 καὶ
1341 3191 1368 3240 6
1393 3188 1613 3257 οὐρανὸς
1645 3204 1776 3237 καυ-

241 3280 392 3347 χᾶται
422 3277 608 3344 ἀστέρι
649 3275 736 3326 τὸν
771 3274 894 3324 [διον
933 3274 1200 3339 Δεσπότην
1231 3270 1464 3339 μηνύων,
1495 3271 1586 3320 καὶ
1613 3270 1640 3320 6
1664 3267 1776 3319 Κύ-

247 3375 350 3428 ριος
379 3359 469 3409 ἐπὶ
498 3356 719 3424 νεφέλης
763 3354 964 3422 κούφης
997 3353 1086 3406 τοῦ
1134 3353 1377 3420 σώματος
1429 3349 1779 3417 καθεζόμενος

245 3441 332 3490 ἐπὶ
366 3439 460 3504 τὴν
484 3439 748 3500 Αἴγυπτον
771 3435 966 3504 τρέχει,
1009 3436 1084 3505 τῷ
1114 3437 1209 3504 μὲν
1242 3436 1411 3486 δοκεῖν
1441 3433 1652 3501 φεύγων
1683 3432 1778 3500 τὴν

256 3519 484 3588 Ἡρώδου
539 3519 840 3588 ἐπιϐουλὴν,
885 3524 950 3589 τῇ
989 3520 1043 3572 δὲ
1083 3517 1305 3585 ἀληθεία
1355 3513 1676 3583 ἀποπληρῶν
1721 3512 1779 3562 τὸ

247 3599 390 3666 παρὰ.
416 3598 508 3649 τοῦ
549 3601 764 3651 Ἡσαΐου
797 3601 1101 3668 εἰρημένον’
1136 3600 1333 3649 Ἔσται
1354 3597 1480 3664 γὰρ,
1511 3595 1688 3662 φησὶν,
1714 3592 1781 3643 ἐν

247 3676 316 3745 τῇ
338 3679 524 3744 ἡμέρᾳ
561 3681 758 3746 ἐκείνῃ
815 3682 1056 3746 Ἰσραὴλ
1097 3681 1284 3745 τρίτος
1315 3678 1382 3728 ἐν
1423 3677 1541 3740 τοῖς
1580 3677 1781 3727 Ἀσσυ-

245 3761 405 3824 ρίοις,
447 3762 541 3810 καὶ
568 3760 634 3810 ὲν
669 3761 786 3823 τοῖς
824 3763 1156 3827 Αἰγυπτίοις
1191 3759 1583 3826 εὐλογημένος
1617 3758 1782 3809 ἔσται

249 3841 436 3902 όλαός
455 3857 572 3905 μου
601 3839 754 3905 ἐντῇ
782 3840 877 3907 γῇ,
904 3841 982 3906 ἢν
1001 3841 1290 3907 εὐλόγησεν
1315 3842 1521 3905 Κύριος
1552 3839 1782 3890 Σαϐαὼθ

249 3919 431 3985 λέγων
451 3936 463 3950 ο
492 3921 902 3987 Εὐλογημένος
929 3923 1093 3973 ἔσται
1123 3923 1154 3973 ό
1180 3922 1324 3982 λαός
1353 3938 1462 3986 μου
1488 3924 1518 3971 ὀ
1533 3921 1598 3971 ὲν
1621 3920 1784 3986 Αἰγύ-

251 4013 366 4064 πτῳ
393 3999 487 4051 καί
520 4003 551 4051 ό
580 4000 648 4050 ἐν
690 4000 809 4063 τοῖς
852 4001 1172 4066 Ἀσσυρίοις
1222 3998 1315 4052 καί
1360 4003 1391 4051 ό
1431 4000 1498 4050 ἐν
1533 3998 1783 4066 Ἰσραήλ.

255 4079 312 4128 Τί
365 4080 558 4146 λέγεις,
612 4077 654 4131 ὦ
690 4081 935 4144 Ἰουδαῖε;
989 4083 1016 4131 6
1057 4081 1264 4148 πρῶτος
1314 4081 1490 4151 τρίτος
1526 4081 1781 4146 γέγονας;

254 4161 522 4227 Αἰγύπτιοι
555 4163 644 4212 καὶ
659 4161 924 4231 Ἀσσύριοι
954 4163 1376 4230 προετάχθησαν,
1407 4164 1496 4214 καὶ
1525 4165 1552 4214 6
1582 4163 1786 4228 πρωτό-

255 4256 398 4302 τοκος
444 4242 653 4312 Ἰσραὴλ
699 4244 1102 4312 ὐπαριθμεῖται;
1145 4245 1280 4295 Ναί·
1328 4245 1543 4305 εἰκότως
1601 4245 1786 4296 Ἀσσύ-

261 4335 354 4384 ριοι
384 4323 588 4389 πρῶτοι
615 4323 820 4375 ἔσονται
847 4334 892 4386 ε,
937 4324 1117 4392 ἐπειδὴ
1156 4326 1245 4376 καὶ
1273 4325 1420 4375 αὐτοὶ
1447 4325 1602 4375 αὐτὸν
1636 4325 1785 4392 πρῶ-

258 4415 332 4450 τοι
363 4401 444 4452 διὰ
460 4403 567 4454 τῶν
596 4403 778 4470 μάγων
806 4405 1202 4474 προσεκύνησαν
1222 4422 1234 4433 ”
1263 4405 1541 4470 Αἰγύπτιοι
1570 4405 1624 4456 δὲ
1656 4405 1788 4472 μετά

257 4481 371 4540 τούς
425 4483 754 4552 Ἀσσυρίους,
791 4486 972 4554 ἐπειδὴ
1006 4487 1096 4536 καὶ
1130 4486 1279 4536 αὐτοὶ
1323 4485 1581 4552 φεύγοντα
1632 4487 1790 4538 αὐτὸν

262 4560 348 4629 τὴν
413 4563 652 4634 Ἡρώδου
721 4566 1002 4636 ἐπιϐουλὴν
1054 4567 1319 4630 ἐδέξαντο·
1374 4567 1670 4628 τελευταῖος
1733 4567 1788 4619 δέ

273 4640 472 4710 Ἰσραὴλ
512 4645 916 4712 ὐπαριθμεῖται,
960 4647 1139 4715 ἐπειδὴ
1178 4647 1308 4714 μετά
1349 4648 1446 4715 τὴν
1482 4648 1662 4699 ἄνοδον
1691 4648 1788 4714 τὴν

261 4721 318 4770 ἐκ
347 4723 436 4772 τοῦ
472 4725 726 4790 Ἰορδάνου
756 4726 840 4776 διὰ
863 4725 967 4778 τῶν
992 4727 1295 4778 ἀποστόλων
1311 4728 1469 4779 αὐτὸν
1485 4727 1719 4794 ἔγνωσαν
1739 4728 1786 4780 ἀ.

263 4799 472 4868 Εἰσῆλθε
513 4805 569 4854 δὲ
612 4807 690 4866 εἰς
730 4806 1015 4871 Αἴγυπτον,
1049 4807 1202 4857 σείων
1233 4808 1296 4858 τά
1325 4809 1664 4877 χειροποίητα
1694 4809 1791 4876 τῆς

264 4881 520 4946 Αἰγύπτου
567 4887 662 4951 οὐχ
724 4887 923 4948 ἁπλῶς,
982 4888 1093 4939 ἀλλ’
1139 4889 1319 4957 ἐπειδὴ
1367 4888 1646 4940 ἀπέκλεισε
1696 4889 1791 4956 τῆς

264 4961 519 5026 Αἰγύπτου
546 4967 611 5016 τά
646 4970 883 5038 πρόθυρα
916 4974 978 5038 τῇ
1011 4971 1114 5021 τῶν
1139 4972 1486 5038 πρωτοτόκων
1509 4971 1744 5040 ἀπωλείᾳ
1771 4988 1784 5000 ’

267 5043 354 5093 Διά
375 5043 525 5096 τοῦτο
552 5047 783 5115 σήμερον
822 5052 1063 5118 εἰσῆλθεν
1088 5053 1160 5112 ὼς
1187 5053 1536 5119 πρωτότοκος,
1580 5053 1663 5104 ἵνα
1695 5054 1790 5119 τῆς

323 5157 346 5220 _‘
367 5159 470 5206 Sav.
493 5163 620 5220 conj.
642 5163 932 5212 λανθάνοντα.

322 5216 347 5288 13
373 5221 486 5288 βεδε.
503 5216 708 5288 θάνατος,
729 5225 832 5270 sine
856 5226 1074 5288 articulo,
1098 5239 1306 5286 moxque
1337 5229 1557 5276 similiter
1593 5229 1787 5288 κατάρα.

326 5284 346 5342 (ξ
373 5279 490 5342 ἰίεέε1
528 5281 764 5342 Ἀσσύριοι
796 5279 1153 5342 προτάσσονται.

323 5339 346 5376 ά
374 5340 584 5406 lia_Reg.
614 5339 688 5386 διόι
725 5345 817 5388 τῶν
835 5339 1115 5406 ἀποστόλων
1151 5346 1287 5391 αὐτὸν
1323 5347 1542 5406 ἔγνωσαν.
1570 5347 1616 5392 1η
1664 5346 1793 5394 edito

273 5397 568 5470 Morel.uha=.c'_
590 5409 811 5470 eoi-rupta
833 5409 1002 5470 (agant:
1040 5403 1302 5470 _’10960vou,
1344 5397 1450 5454 οὐδὲ
1472 5408 1575 5452 τότε
1609 5407 1660 5453 ἐκ
1701 5410 1793 5453 τῶν

275 5460 530 5525 ἀποστόλων
551 5461 1003 5525 ἐγνώρισαν-(ὅπη.
1040 5460 1180 5525 ’,[.,ὀ.
1207 5481 1249 5509 τ.
1290 5460 1364 5511 διὰ
1383 5483 1429 5512 τ.
1452 5468 1498 5512 ἀ.
1525 5467 1662 5512 αὐτὸν
1714 5469 1794 5514 ἐπ-

275 5520 487 5582 έγνωσαν)
522 5531 616 5566 nec
634 5520 927 5582 quiadrabanl
956 5526 1011 5568 ad
1046 5524 1496 5582 interpretationem
1517 5526 1788 5576 Frontonis.

277 5574 385 5625 infra
401 5591 490 5624 non
509 5574 664 5639 pauca.
678 5581 855 5629 desunt
878 5580 924 5629 in
949 5595 1034 5628 ms.

1273 337 1334 387 ΙΝ
1353 386 1359 392 ,
1377 335 1502 386 ΝΑἸ
1516 329 1698 382 ALEM
1725 324 1993 382 CHRISTI
2034 328 2214 380 DIEM.

3281 321 3392 374 392

1849 443 2078 505 παλαιᾶς
2114 441 2461 509 στυγνότητος
2511 437 2729 504 διαλύσῃ
2778 435 2840 486 τὸ
2882 424 3114 492 πένθος.ι
3144 427 3251 478 Καὶ

1851 527 2185 596 πρωτότοκος
2207 505 2415 590 λέγεται
2448 523 2476 573 ὁ
2502 518 2747 588 Χριστὸς,
2791 514 3046 596 μαρτυρεῖ
3085 505 3394 596 σήμερονιά

1851 585 2061 667 Λουκᾶς
2085 608 2112 656 6
2135 585 2534 671 εὐαγγελιστὴς,
2555 585 2734 664 λέγων
2757 613 2769 624 ·
2803 593 2909 647 Καὶ
2938 594 3097 643 ἔτεκε
3128 585 3387 671 τόνᾉυίὸν

1850 688 2035 754 αὐτῆς
2049 688 2153 740 τὸν
2177 666 2555 752 πρωτότοκον.
2579 680 2671 731 καί
2694 673 3154 754 ἐσπαργάνωσεν
3181 666 3400 754 αὑτὸςν

1852 769 1944 822 καί
1974 745 2288 821 ἀνέκλινεν
2312 766 2379 817 ἐν
2400 761 2471 828 τῇ
2509 761 2720 828 φάτνῃ,
2753 758 2898 810 διότι
2940 755 3047 804 οὐκ
3087 747 3163 818 ἦν
3188 745 3386 828 αὐτοῖς

1852 853 2028 913 τόπος
2083 848 2152 901 ἐν
2189 845 2267 909 τῷ
2307 827 2680 909 καταλύματι.
2727 837 2979 906 Εἰσῆλθεν
3031 829 3121 884 οὖν
3165 831 3250 913 εἰς
3293 827 3388 913 τὴν

1852 907 2140 996 Αἴγυπτον,
2185 907 2268 978 ἵνα
2302 926 2396 993 τῆς
2425 907 2653 982 παλαιᾶς
2689 917 3036 996 στυγνότητος
3070 909 3294 996 ,διαλύσῃ
3331 907 3390 996 τὸ

1854 988 2066 1070 πένθος,
2101 988 2218 1062 ἀντὶ
2247 988 2517 1075 μαστίγων
2551 1002 2719 1070 χαράν
2742 995 3027 1055 ἐπιϐαλὼν,
3057 991 3188 1075 ἀντίγ
3203 988 3390 1075 νυκτὸς

1855 1092 1946 1144 καὶ
1974 1069 2192 1149 σκότους
2223 1069 2486 1153 σωτηρίας
2518 1069 2711 1150 φέγγος
2747 1079 3118 1149 χαρισάμενος.
3162 1069 3389 1153 Βέϐηλον

1853 1169 1920 1241 ῆν
1951 1173 2069 1223 τότε
2089 1169 2178 1221 τοῦ
2207 1152 2444 1235 ποταμοῦ
2481 1165 2540 1216 τὸ
2582 1163 2720 1230 ὕδωρ
2749 1164 2812 1228 τῇ
2841 1158 2947 1210 τῶν
2975 1156 3162 1241 ἀώρων
3188 1152 3389 1241 νηπίων

1857 1232 2054 1322 σφαγῇ.
2097 1232 2358 1317 Εἰσῆλθεν
2393 1244 2484 1300 οῦν
2521 1247 2596 1306 εἰς
2632 1246 2729 1314 τὴν
2769 1244 3034 1322 Αἰγυπτον
3068 1240 3109 1322 6~
3135 1235 3296 1288 πάλαι
3332 1232 3390 1322 τὸ

1858 1312 2273 1398 ῦδωρφοινίξας,
2313 1328 2403 1380 καὶ
2443 1326 2660 1393 ἐποίησε
2688 1312 2758 1374 τά
2804 1321 2986 1390 ῥεῖθρα
3021 1317 3111 1370 τοῦ
3150 1312 3388 1398 ποταμοῦ

1859 1396 2122 1481 σωτηρίας
2167 1408 2470 1476 γεννητικὰ,
2513 1406 2573 1457 τὸ
2608 1405 2794 1470 ἐναγὲς
2830 1401 3005 1453 αὐτῶν
3043 1399 3134 1452 καὶ
3175 1396 3390 1481 βέϐηλον

1858 1477 2077 1563 δυνάμει
2119 1492 2412 1560 καθαρίσας
2455 1501 2476 1526 ε
2522 1486 2611 1538 τοῦ
2642 1485 2964 1552 Πνεύματος.
3016 1477 3393 1563 Ἐκακώθησαν

1858 1580 1904 1630 οἰ
1937 1556 2236 1642 Αἰγύπτιοι,
2261 1556 2359 1623 ’καὶ
2379 1569 2627 1639 μανέντες
2650 1566 2901 1635 ἠρνοῦντο
2928 1563 3014 1614 τὸν
3038 1561 3182 1642 Θεόνζ
3214 1556 3395 1642 Εἰσῆ-λα

1860 1659 1948 1710 θεν
1970 1639 2060 1709 οῦν
2090 1657 2165 1716 εἰς
2189 1653 2282 1722 τὴν
2317 1653 2601 1718 Αἴγυπτον,
2641 1647 2732 1699 καὶ
2770 1643 3014 1712 γνώσεως
3055 1640 3186 1722 Θεοῦ
3224 1639 3396 1706 ψυχὰς

1861 1737 2119 1804 θεοφιλεῖς
2141 1721 2416 1802 ἐπλήρωσε
2430 1747 2442 1758 ·
2473 1730 2548 1798 τῷ
2566 1726 2785 1796 ποταμῷ
2799 1727 2854 1777 δὲ
2870 1724 3103 1792 παρέσχε
3123 1721 3394 1804 μάρτυρας

1859 1800 2076 1888 τρέφειν
2115 1800 2353 1883 σταχύων
2382 1808 2796 1879 εὐφοραντέρους.
2842 1804 2998 1888 Ἀλλά
3019 1805 3102 1855 διά
3124 1803 3189 1888 *τὸ
3219 1800 3396 1888 στενὸν

1861 1883 1951 1951 τοῦ
1972 1883 2161 1968 ’καιροῦ
2190 1895 2416 1950 ἐνταῦθα
2449 1893 2701 1962 βούλομαι
2726 1887 3063 1942 καταπαῦσαι
3089 1884 3177 1936 τὸν
3205 1883 3356 1948 λόγον
3379 1897 3396 1912 ⁸

1863 1975 1961 2033 ὧδε
1995 1982 2012 2018 ί
2040 1962 2096 2031 δέ
2121 1976 2468 2036 καταπαύσω,
2512 1975 2600 2025 τὸν
2631 1972 2782 2037 λόγον
2819 1967 3125 2036 πληρώσας,
3174 1966 3251 2016 ὅτι
3285 1962 3398 2025 πῶς

1862 2063 2028 2127 Λόγος
2050 2060 2122 2112 ὢν
2158 2059 2308 2129 Ῐ599]
2331 2056 2561 2124 ἀπαθὴς,
2604 2053 2735 2120 σάρξ
2768 2050 2996 2116 ἐγένετο,
3027 2046 3395 2129 ἀμεταϐλήτου

1867 2142 2122 2213 μενούσης
2163 2127 2265 2207 τῆς
2315 2138 2542 2205 φύσεως.
2587 2135 2648 2186 Τί
2680 2133 2735 2185 δὲ
2777 2134 2929 2192 είπω,
2979 2130 3011 2197 ἦ
3047 2128 3112 2213 Δτί
3153 2127 3398 2192 λαλήσως

1865 2210 2098 2277 Τέκτονα
2125 2223 2216 2275 καὶ
2249 2221 2447 2288 φάτνην
2474 2219 2600 2286 ὁρῶ,
2633 2217 2722 2268 καὶ
2745 2213 2958 2283 βρέφος,
2979 2210 3069 2261 καὶ
3098 2210 3398 2276 σπάργανα,

1864 2307 2014 2374 λοχὸν
2045 2305 2305 2374 παρθένου
2351 2303 2455 2352 τῶν
2503 2297 2696 2368 χρειῶν
2739 2296 2954 2363 ἔρημον.
2999 2291 3090 2374 ὅλα
3142 2289 3402 2374 πτωχείας

1865 2368 2234 2456 ἐχόμεναξὸλα
2257 2385 2440 2443 πενίας
2467 2383 2714 2448 γέμοντα.
2745 2374 2892 2437 Εἶδες
2920 2373 3138 2456 πλοῦτον
3160 2373 3213 2422 ἐν
3247 2368 3402 2456 πενίᾳ

1866 2467 2063 2534 πολλῇ;
2101 2466 2213 2526 πῶς
2250 2464 2492 2524 πλούσιος
2525 2462 2599 2512 ὢν
2629 2460 2692 2511 δι’
2718 2459 2862 2526 ἡμᾶς
2895 2455 3234 2520 ἐπτώχευσες
3287 2451 3402 2508 πῶς

1867 2533 2219 2616 οθτεγκλίνην,
2263 2545 2380 2595 οὔτε
2421 2541 2698 2610 στρωμνὴν
2738 2535 2896 2608 εἶχεν,
2947 2534 3056 2588 ἀλλ’
3108 2535 3196 2616 ἐπὶ
3239 2533 3405 2616 ξηρᾶς

1869 2633 2087 2700 ἔρριπτο
2111 2610 2309 2695 φάτνης
2334 2643 2346 2689 ;
2372 2621 2440 2675 Ὦ
2467 2623 2620 2675 πενία
2647 2623 2869 2675 πλούτου
2899 2622 3042 2685 πηγή
3064 2620 3075 2669 ἰ
3124 2610 3168 2666 ὦ
3211 2613 3402 2665 πλοῦτε

1870 2697 2086 2780 ἀμετρε,
2122 2708 2304 2762 πενίας
2331 2706 2613 2775 πρόσχημα
2642 2704 2846 2772 φέρωνί
2891 2703 2974 2752 Ἐν
3013 2701 3181 2766 φάτνῃ
3214 2697 3400 2756 κεῖται,

1871 2777 1961 2846 καὶ
1990 2777 2083 2861 τὴν
2119 2789 2432 2856 οἰκουμένην
2481 2785 2714 2838 σαλεύειο
2755 2788 2810 2835 ἐν
2850 2784 3173 2852 σπαργάνοις
3210 2777 3405 2847 ἐμπλέ-

1871 2859 2050 2936 κεται,
2074 2873 2162 2924 καὶ
2182 2871 2245 2922 τά
2269 2870 2364 2936 τῆς
2391 2870 2654 2937 ἁμαρτίας
2681 2867 2990 2936 διαρῤήσσει
3025 2862 3193 2928 δεσμά
3215 2879 3226 2891 ·
3257 2859 3404 2912 οῦπω

1872 2955 2124 3024 ἔναρθρον
2146 2951 2335 3021 ἔρρηξε
2370 2951 2565 3018 φωνὴν,
2599 2949 2688 3001 καί⁵
2710 2949 2831 3009 τους
2853 2947 3050 3014 μάγους
3070 2942 3287 3006 ἐδίδαξε,
3315 2942 3407 2993 καὶ

1873 3037 2083 3104 ἐκίνησε
2140 3033 2270 3099 πρὸς
2318 3031 2661 3098 ἐπιστροφήν.
2701 3029 2763 3079 Τί
2813 3027 3029 3094 εἴπω,η
3073 3025 3122 3076 τί
3155 3024 3403 3090 λαλήσω;

1885 3117 2010 3168 Ἰδοὺ
2045 3113 2234 3182 βρέφος
2270 3111 2593 3179 σπαργάνοις
2633 3109 2974 3176 ἐμπλέκεται,
3015 3107 3105 3158 καὶ
3148 3107 3202 3154 ἐν
3238 3104 3406 3171 φάτνῃ

1875 3200 2071 3248 κεῖται·
2106 3194 2330 3260 πάρεστι
2377 3192 2430 3243 δὲ
2475 3192 2564 3242 καὶ
2613 3189 2788 3257 Μαρία
2829 3187 3090 3258 παρθένος
3134 3182 3264 3236 οῦσα
3317 3185 3408 3233 καὶ

1879 3278 2088 3345 μήτηρ⁶
2125 3274 2298 3341 παρῆν
2336 3274 2389 3325 δὲ
2423 3274 2514 3324 καὶ
2562 3272 2754 3338 Ἰωσὴφ
2789 3267 3174 3338 ὀνομαζόμενος
3211 3267 3405 3333 πατὴρ.

1876 3353 2037 3416 Οὗτος
2081 3355 2217 3423 ἀνὴρ
2256 3354 2484 3419 λέγεται,
2532 3352 2707 3418 ἐκείνη
2750 3351 2880 3420 γυνὴ
2927 3349 3406 3418 προσαγορεύεται·

1873 3439 2107 3506 ὀνόματα
2157 3437 2347 3500 ἔννομα
2397 3433 2647 3499 συζυγίας
2702 3433 2895 3501 ἔρημα.
2939 3433 3110 3500 Μέχρι
3159 3432 3410 3498 ῥημάτων

1876 3518 2059 3586 νόησαί
2095 3535 2200 3584 μοι,
2234 3517 2344 3568 ἀλλ’
2376 3517 2432 3567 οὐ
2462 3517 2617 3584 μέχρι
2647 3516 2973 3583 πραγμάτων
3010 3517 3054 3565 8.
3079 3514 3247 3565 Μόνον
3263 3508 3412 3574 οὗτος

1880 3599 2287 3668 ἐμνηστεύσατο,
2329 3599 2416 3650 καὶ
2453 3600 2668 3666 Πνεῦμα
2707 3598 2855 3664 ἅγιον
2900 3599 3032 3665 αὐτῇ
3074 3597 3407 3648 ἐπεσκίασεν.

1881 3681 2034 3733 Ὅθεν
2057 3679 2270 3748 ἀπορῶν
2292 3681 2318 3730 6
2357 3680 2546 3748 Ἰωσὴφ
2563 3681 2658 3730 οὐκ
2679 3680 2790 3748 ᾔδει
2812 3679 2863 3730 τί
2889 3679 3099 3730 καλέσει
3119 3677 3178 3728 τὸ
3197 3678 3407 3745 βρέφος.

1891 3763 1983 3813 Ἐκ
2013 3761 2249 3830 μοιχείας
2269 3760 2421 3820 αὐτὸς
2448 3763 2615 3811 εἰπεῖν
2647 3763 2742 3811 οὐκ
2771 3760 2980 3828 ἐτόλμα,
3002 3758 3139 3811 κατά
3164 3759 3260 3826 τῆς
3277 3775 3412 3826 παρ-

1881 3843 2029 3894 θένου
2082 3842 2388 3909 βλάσφημον
2443 3842 2723 3908 καταχέειν
2778 3842 2928 3905 λόγον
3001 3843 3098 3893 οὐκ
3157 3841 3410 3908 ἠδύνατο,

1878 3925 2061 3975 τέκνον
2083 3924 2207 3974 αὐτὸ
2238 3925 2406 3974 εἰπεῖν
2436 3923 2560 3973 ἴδιον
2598 3925 2692 3974 οὐκ
2730 3924 2992 3991 ἠνείχετο·
3027 3923 3140 3991 ᾔδει
3176 3925 3282 3988 γὰρ
3317 3939 3416 3974 κα-

1880 4002 2006 4063 λῶς,
2037 4003 2232 4054 ὅτιούκ
2259 4002 2395 4066 ἔγνω
2432 4003 2544 4062 πῶς
2586 4003 2617 4069 ἢ
2651 4003 2809 4054 πόθεν
2853 4001 3040 4070 ἐτέχθη
3086 4001 3144 4052 τὸ
3186 4001 3411 4070 βρέφοςο

1881 4083 1998 4135 ὅθεν
2025 4083 2306 4150 ἀποροῦντι
2332 4082 2477 4150 αὐτῷ
2499 4081 2630 4149 πρὸς
2653 4083 2710 4133 τὸ
2741 4085 2962 4150 πρᾶγμα
2990 4083 3228 4152 χρησμὸς
3256 4083 3416 4149 οὐρα-

1884 4166 2030 4217 νόθεν
2080 4166 2166 4216 διὰ
2217 4165 2312 4231 τῆς
2360 4163 2452 4214 τοῦ
2492 4164 2716 4228 ἀγγέλου
2771 4164 2947 4232 φωνῆς
2996 4163 3302 4232 ἐπεφέρετο,
3335 4165 3414 4215 ὅτι

1885 4247 1977 4311 Μὴ
2004 4246 2205 4312 φοϐοῦ,
2241 4245 2448 4312 Ἰωσήφ
2466 4262 2478 4274 ·
2505 4245 2570 4296 τὸ
2608 4245 2712 4311 γὰρ
2744 4245 3105 4311 γεννώμενον
3131 4245 3198 4307 ἐξ
3231 4244 3404 4309 αὐτῆς

1884 4326 1951 4378 ἐκ
1995 4327 2328 4393 Πνεύματός
2385 4327 2550 4377 ἐστιν
2597 4326 2783 4392 ἁγίου.
2847 4326 3066 4394 Πνεῦμα
3108 4327 3214 4395 γάρ
3269 4327 3412 4393 ἅγιον

1887 4408 2201 4460 ἐπεσκίασεν
2226 4411 2287 4475 τῇ
2313 4407 2579 4476 παρθένῳ.
2603 4407 2696 4457 Διά
2719 4406 2769 4457 τί
2795 4405 2846 4456 δὲ
2877 4407 2939 4458 ἐκ
2965 4407 3225 4475 παρθένου
3245 4407 3416 4460 τίκτε-

1886 4504 1992 4550 ται,
2026 4489 2116 4539 καὶ
2161 4488 2256 4555 τὴν
2285 4486 2572 4556 παρθενίαν
2602 4487 2825 4552 ἀζήμιον
2865 4489 3047 4554 τηρεῖ;
3096 4486 3214 4536 Ὂτι
3254 4487 3416 4539 πάλαι

1888 4567 2150 4634 παρθένον
2181 4563 2340 4617 οὖσαν
2365 4566 2457 4633 τὴν
2483 4564 2622 4616 Εὐαν
2656 4565 2930 4631 ἠπάτησεν
2963 4567 2990 4616 6
3031 4567 3287 4628 διάϐολος,
3335 4567 3420 4621 διά

1887 4647 2040 4698 τοῦτο
2067 4646 2326 4714 παρθένον
2352 4641 2510 4695 οὖσαν
2538 4645 2633 4711 τὴν
2671 4645 2896 4713 Μαριὰμ
2936 4648 2964 4698 6
3004 4647 3236 4715 Γαϐριὴλ
3265 4649 3422 4715 εὺηγ-

1888 4727 2153 4793 γελίσατο.
2197 4725 2330 4776 Ἀλλ’
2373 4726 2707 4794 ἀπατηθεῖσα
2745 4727 2838 4794 μὲν
2867 4728 2899 4794 ἡ
2933 4726 3040 4778 Εὐα
3083 4729 3229 4795 ῥῆμα
3272 4729 3420 4779 ἔτεκε

1890 4807 2112 4859 θανάτου
2151 4807 2318 4858 αἴτιον
2342 4824 2355 4837 ·
2403 4806 2840 4873 εὐαγγελισθεῖσα
2883 4807 3000 4876 δὲὴ
3039 4809 3220 4875 Μαρία
3257 4810 3423 4876 Λόγον

1891 4890 1945 4938 ἐν
1971 4887 2128 4954 σαρκὶ
2159 4887 2428 4954 ἐγέννησε.
2451 4888 2590 4954 ζωῆς
2626 4888 2836 4940 αἰωνίου
2871 4890 2995 4956 ἡμῖν
3039 4890 3306 4956 πρόξενον.
3353 4889 3424 4939 Τὸ

1894 4969 2037 5036 ῥῆμα
2063 4971 2158 5036 τῆς
2188 4965 2326 5029 Εὔας
2354 4968 2502 5030 ξύλον
2530 4967 2711 5032 ἔδειξε,
2739 4968 2802 5019 δι’
2828 4964 2885 5020 οὗ
2911 4968 3000 5020 τὸν
3035 4970 3200 5038 Ἀδάμ
3229 4973 3289 5021 ἐκ
3332 4969 3424 5024 τοῦ

1962 5308 1984 5334 e
2013 5297 2130 5334 Πρω
2155 5295 2318 5334 νηίηηρ

1962 5308 1984 5334 ε
2013 5297 2131 5356 Reg.
2155 5297 2334 5356 χρίσας.

1962 5354 1980 5389 τ
2012 5357 2126 5428 Ιξριζ.
2155 5355 2346 5432 ἐνταῦθα
2369 5355 2656 5430 καταπαύσω
2681 5357 2759 5432 τὸν
2779 5359 2932 5432 λόγον,
2958 5361 3010 5405 τὸ
3031 5361 3187 5406 λοιπὸν
3209 5366 3288 5415 τῆς
3306 5378 3424 5423 πρα-

1891 5418 2218 5533 ἔμὲιξέἒοζῗᾶδτῇ
2247 5418 2346 5472 ἑξῆς
2364 5418 2467 5476 ὐμῖν
2487 5418 2863 5477 ταμιευσάμενος.
2887 5418 3015 5466 Ὧδε
3037 5434 3142 5479 (ιιιιε
3163 5423 3306 5467 leclio
3332 5418 3423 5478 lim

2160 5535 2295 5610 μέχρι
2315 5534 2524 5610 λάγωνίοί
2548 5533 2703 5610 γάμοι’
2725 5537 2826 5610 ἀλλ’
2853 5539 2905 5610 οὐ
2928 5556 2976 5597 μ.
2995 5556 3044 5586 π.
3069 5539 3251 5589 Deinde
3276 5541 3423 5594 Sui“.

1894 5605 1980 5653 pro
2001 5594 2133 5648 οὗτος
2156 5608 2182 5639 c
2213 5607 2305 5640 var.
2334 5594 2442 5640 lect.
2468 5597 2513 5640 in
2548 5608 2696 5657 marg.
2721 5599 2745 5644 6
2771 5594 2972 5662 ἄγγελος,
