4152 6324
696 274 806 329 397

2146 252 2420 309 INCERTI

3789 257 3915 313 398

696 576 3877 610 Μ

694 900 841 977 [605]
902 902 1006 967 Εἰς
1032 902 1097 954 τὸ
1127 900 1214 953 ὅτι
1271 901 1527 967 παλαιᾶς
1556 901 1651 955 καί
1706 899 1919 969 καινῆς
1954 898 2244 1020 Διαθήκης
2273 891 2361 963 εἷς
2383 898 2417 950 ό
2436 894 2762 1018 ἴομοθέτης
2780 909 2792 924 ·
2825 894 2921 948 καί
2946 896 3032 959 εἰς
3052 890 3121 945 τὸ
3152 890 3377 963 ἔνδυμα
3405 894 3510 948 τοῦ
3545 893 3773 963 ίερέως·
3807 892 3918 945 καὶ

2071 983 2180 1020 «so
2217 982 2432 1020 αετανο
2458 983 2550 1020 ac.

2071 982 2201 1035 περι
2211 982 2550 1036 μετανοιας.

772 1598 955 1668 α’.Τῆς
969 1594 1200 1668 Χριστοῦ
1223 1594 1494 1664 βασιλείας
1509 1595 1566 1647 τὸ
1589 1594 1915 1662 Εύαγγέλιον
1932 1594 2254 1666 κηρύττουσι

705 1685 994 1755 προφῆται,
1024 1681 1374 1753 ἑρμηνεύουσι
1405 1681 1460 1732 δὲ
1484 1681 1532 1732 οί
1557 1681 1653 1741 τῆς
1677 1680 1799 1743 νέας
1823 1680 2039 1749 χάριτος
2062 1680 2259 1749 ὑπηρέ-

705 1781 861 1832 ταια,
890 1768 1128 1837 δέχονται
1171 1766 1225 1817 δὲ
1256 1767 1303 1816 οί
1339 1765 1430 1817 τοῦ
1474 1765 1617 1817 θείου
1666 1766 1825 1832 λόγου
1864 1765 2127 1834 ἀκροαταὶ
2165 1765 2257 1816 καὶ

706 1853 929 1923 ἐρασταὶ
973 1852 1064 1903 καὶ
1113 1851 1406 1902 ἐπαινέται.
1453 1850 1564 1901 Οὐκ
1610 1849 1754 1902 ἔστιν
1800 1849 2129 1919 ἐντρυφῆσαι
2183 1847 2259 1917 τῷ

706 1940 846 2006 λόγῳ
870 1937 965 2005 τῆς
997 1934 1267 2003 ἀληθείας,
1298 1935 1369 2002 μὴ
1397 1933 1632 2001 διψῶντα
1670 1934 1760 1985 τὸν
1800 1934 1952 1999 λόγον
1980 1934 2074 2001 τῆς
2114 1933 2259 1985 διδα⁶

714 2023 956 2083 σκαλίας.
989 2023 1094 2071 Καὶ
1132 2020 1315 2088 ῶσπερ
1348 2020 1445 2070 οὐκ
1474 2019 1584 2069 ἔστι
1619 2019 1690 2087 μὴ
1735 2018 1970 2084 διψῶντα
2004 2017 2097 2070 καὶ
2144 2033 2261 2067 πει-

710 2109 882 2161 νῶντα
926 2107 1095 2175 ἡδέως
1145 2104 1443 2157 ἀπολαῦσαι
1491 2104 1721 2173 τροφῆς,
1766 2102 1937 2165 οὕτως
1982 2102 2079 2154 οὐκ
2120 2101 2263 2153 ἐστιν

712 2191 1038 2261 ἐντρυφῆσαι
1088 2190 1228 2258 λόγῳ
1277 2190 1547 2257 ἀληθείας,
1585 2188 1656 2257 μὴ
1704 2188 1935 2256 διψῶντα
1976 2186 2067 2238 τοῦ
2112 2185 2262 2252 ἁγίου

714 2276 1024 2344 Πνεύματος
1068 2275 1162 2340 τὴν
1209 2273 1570 2329 διδασκαλίαν.
1626 2272 1715 2323 Διό
1765 2288 1927 2340 φησιν
1968 2272 1995 2322 ὁ
2040 2270 2261 2340 Σωτήρ·

718 2362 998 2427 Μακάριοι
1032 2362 1088 2411 οί
1117 2357 1431 2421 πεινῶντες
1469 2357 1565 2409 καὶ
1594 2354 1882 2423 διψῶντες
1908 2354 2021 2420 τὴν
2050 2354 2269 2407 δικαιο-

718 2448 935 2512 σύνην,
964 2444 1047 2497 ὅτι
1081 2443 1247 2496 αὐτοὶ
1282 2441 1811 2511 χορτασθήσονται.
1851 2442 1911 2492 Ἠ
1937 2439 2137 2509 ἀληθὴς
2164 2439 2270 2491 τῶν

720 2531 903 2600 ψυχῶν
935 2529 1123 2600 τροφὴ.
1164 2530 1196 2597 ἠ
1226 2528 1424 2597 ἀληθὴς
1450 2526 1555 2578 τῶν
1588 2525 1823 2577 εὐσεϐῶν
1850 2526 2045 2595 τρυφὴ,
2080 2527 2107 2577 6
2145 2524 2273 2592 ἀλη-

723 2617 819 2686 θὴς
846 2615 948 2667 τῶν
976 2612 1208 2666 εὐσεϐῶν
1237 2612 1457 2673 πλοῦτος
1484 2612 1511 2663 ὁ
1540 2609 1630 2662 τοῦ
1660 2610 1790 2662 Θεοῦ
1822 2609 1992 2677 λόγος,
2019 2612 2045 2662 6
2070 2608 2154 2661 διὰ
2180 2608 2274 2663 τοῦ

726 2700 882 2753 Δαυῖδ
914 2699 1080 2765 λέγων
1101 2716 1113 2727 ·
1149 2697 1275 2748 ποτὲ
1313 2697 1405 2763 μὲν
1439 2695 1544 2761 γὰρ
1582 2693 1655 2753 ὡς
1691 2692 1933 2745 πλουτῶν
1983 2692 2271 2761 ἐναϐρύνε-

728 2804 836 2851 ται,
863 2786 989 2837 ποτε
1018 2784 1072 2835 δὲ
1104 2784 1177 2844 ὼς
1204 2781 1420 2852 τρυφῶν
1441 2820 1454 2843 ,
1488 2780 1579 2831 καὶ
1610 2779 1754 2845 λέγει
1773 2794 1785 2808 ·
1823 2778 1916 2841 Ὣς
1953 2776 2175 2845 γλυκέα
2198 2776 2277 2841 τῷ

728 2872 977 2939 λάρυγγί
1003 2886 1118 2937 μου
1147 2869 1215 2920 τὰ
1245 2865 1416 2934 λόγιά
1440 2881 1576 2927 σου,
1600 2862 1749 2930 ὑπὲρ
1770 2864 1909 2931 μέλι
1942 2863 2040 2914 καὶ
2075 2863 2283 2930 κηρίον

731 2958 809 3023 τῷ
849 2956 1095 3024 στόματί
1135 2972 1271 3021 μου.
1314 2950 1574 3004 Ἐνταῦθα
1625 2950 1714 3002 τοῦ
1757 2948 2062 3020 τρυφῶντος
2108 2949 2283 3017 ἀφῆκε

733 3044 933 3113 φωνήν.
962 3041 1151 3110 Τρυφὴ
1180 3038 1284 3109 γὰρ
1311 3034 1377 3108 ἦν
1404 3036 1593 3107 αὐτῷ)
1613 3038 1641 3089 6
1672 3034 1762 3087 τοῦ
1791 3033 1922 3087 Θεοῦ
1948 3034 2126 3102 λόγος·
2161 3033 2286 3101 περὶ

732 3125 792 3183 οὖ
820 3128 1074 3188 πολλάκις
1100 3126 1275 3192 ἔλεγε·
1306 3124 1772 3190 Κατατρύφησον
1795 3120 1899 3173 τοῦ
1925 3121 2160 3187 Κυρίου,
2188 3117 2285 3171 καί

734 3215 852 3281 δῴη
884 3230 981 3267 σοι
1010 3216 1078 3265 τὰ
1110 3212 1393 3277 αἰτήματα
1425 3207 1532 3275 τῆς
1581 3207 1823 3274 καρδίας
1862 3220 1995 3259 σου.
2034 3204 2284 3273 Ἀλλαχοῦ

734 3303 792 3353 δὲ
843 3301 936 3367 οὐχ
980 3299 1053 3359 ώς
1099 3295 1313 3365 τρυφῶν
1372 3294 1544 3363 μόνον,
1597 3292 1730 3344 ἀλλά
1784 3292 1874 3343 καὶ
1922 3290 1994 3353 ὡς
2050 3289 2287 3342 πλουτῶν

735 3384 1187 3451 ὲγκαλλωπίζεται
1217 3379 1292 3448 τῷ
1330 3376 1537 3447 πλούτῳ
1564 3378 1654 3429 τοῦ
1678 3378 1861 3446 νόμου,
1892 3377 2092 3443 λέγων·
2134 3376 2285 3442 Ἀτα-

736 3475 844 3524 Οόν
862 3486 962 3538 μοι
992 3472 1022 3521 ὀ
1052 3471 1231 3533 νόμος
1259 3467 1361 3518 τοῦ
1386 3466 1676 3533 στόματός
1706 3480 1820 3517 σου
1848 3462 1995 3528 ὑπὲρ
2024 3460 2291 3527 χιλιάδας

740 3555 990 3624 χρυσίου
1040 3552 1135 3604 καί
1190 3552 1493 3619 ἀργυρίου.
1544 3547 1695 3611 Εἶδες
1739 3547 1947 3617 τρυφὴν
1994 3544 2288 3607 εὐσεϐείας,

740 3643 833 3693 καὶ
864 3638 1084 3690 πλοῦτον
1136 3639 1190 3687 ὲν
1221 3635 1565 3703 δικαιοσύνῃ;
1608 3635 1696 3685 Δεῖ
1739 3633 1913 3684 τοίνυν
1953 3632 2095 3700 ἡμᾶς
2136 3630 2291 3700 διψᾷν

739 3726 807 3777 τὰ
835 3725 948 3776 θεῖα
969 3762 982 3783 ,
1027 3724 1119 3774 καὶ
1154 3722 1337 3788 πεινᾷν
1366 3718 1433 3770 τὰ
1478 3717 1724 3786 οὐράνια,
1771 3716 1862 3769 καὶ
1886 3716 2027 3785 ἔχειν
2069 3714 2291 3781 ἄφθονον

741 3813 837 3881 τὴν
870 3810 1159 3864 ἀπόλαυσιν
1193 3810 1255 3859 ὲκ
1286 3808 1382 3873 τῆς
1427 3803 1707 3873 βασιλικῆς
1763 3803 1855 3855 τοῦ
1888 3800 2121 3873 Χριστοῦ
2168 3818 2294 3871 τρα-

745 3893 932 3961 πέζης,
961 3888 1273 3957 ἀντέχεσθαι
1302 3888 1359 3939 δὲ
1401 3884 1493 3937 τοῦ
1532 3883 1858 3953 Εὑαγγελίου
1886 3884 1985 3953 τῆς
2007 3883 2291 3952 σωτηρίας,

740 3980 802 4030 ού
832 3976 927 4028 νῦν
964 3974 1289 4045 ἀρξαμένου,
1314 3970 1447 4024 ἀλλά
1482 3972 1538 4021 ὲν
1562 3973 1672 4032 τοῖς
1709 3970 2009 4039 προφήταις
2043 3966 2293 4038 θεμελιώ-

744 4063 941 4125 θέντος,
972 4062 1062 4113 καὶ
1095 4061 1149 4109 ὲν
1193 4060 1302 4119 τοῖς
1334 4056 1641 4117 ἀποστόλοις
1675 4053 2107 4123 οἰκοδομηθέντος
2132 4063 2176 4105 ε.
2219 4052 2291 4105 Οὐ

743 4150 849 4216 γὰρ
880 4148 969 4213 ἀφ’
1002 4139 1061 4197 οῦ
1107 4142 1276 4209 ἐφάνη
1325 4141 1571 4209 Χριστὸς,
1612 4140 1672 4191 τὸ
1698 4138 2019 4205 Εὑαγγέλιον
2060 4137 2292 4208 ῆρξατο·

744 4233 854 4286 ἀλλ’
888 4229 1151 4302 ἑρῤιζώθη
1200 4227 1295 4295 μὲν
1333 4228 1389 4277 ὲν
1437 4228 1553 4285 ταῖς
1600 4224 1798 4292 βίϐλοις
1830 4222 1935 4273 τῶν
1986 4222 2293 4292 προφητῶν,

748 4318 1036 4385 ἐϐλάστησε
1066 4315 1120 4366 δὲ
1164 4316 1218 4366 ὲν
1250 4311 1324 4380 τῷ
1353 4310 1661 4380 κηρύγματι
1702 4307 1805 4361 τῶν
1834 4307 2159 4362 ἀποστόλων.
2197 4307 2297 4360 Διά

744 4402 900 4455 τοῦτο
931 4404 957 4453 6
990 4400 1194 4460 Παῦλος
1226 4396 1497 4466 βουληθεὶς
1533 4394 1720 4459 δεῖξαι,
1760 4393 1838 4444 ὅτι
1870 4390 1929 4443 τὸ
1975 4390 2298 4458 Εὑαγγέλιον

746 4492 844 4544 ιύκ
872 4488 978 4542 ἀπὸ
1015 4488 1114 4556 τῆς
1143 4484 1443 4553 οἰκονομίας
1485 4480 1704 4550 ἤρξατο,
1747 4478 1858 4532 ἀλλ’
1884 4477 1991 4530 61:6
2027 4477 2132 4530 τῶν
2165 4495 2295 4548 προσ

749 4572 931 4645 φητῶν
954 4574 1177 4639 ἔλαμψε,
1202 4571 1286 4621 διά
1310 4569 1409 4634 τῆς
1438 4565 1745 4633 οἰκονομίας
1774 4562 1899 4616 αὐτὸ
1922 4562 2217 4632 διαγορεύει
2238 4561 2295 4599 ά·

748 4659 984 4722 Παῦλος
1019 4656 1233 4719 δοῦλος
1264 4652 1452 4720 Ἰησοῦ
1482 4649 1752 4719 Χριστοῦ,
1785 4646 2001 4713 κλητὸς
2024 4647 2301 4701 Ἀπόστο-

749 4750 876 4807 λος,
912 4741 1319 4811 ἀφωρισμένος
1354 4740 1440 4802 εἰς
1470 4734 1834 4803 Εὐαγγέλιον
1880 4732 2045 4797 Θεοῦ,
2091 4732 2121 4785 ὃ
2159 4748 2301 4799 προ-

750 4830 1139 4896 επηγιγ-είλατο
1172 4825 1268 4876 διὰ
1300 4820 1417 4874 τῶν
1468 4818 1782 4886 προφητῶν
1813 4817 1994 4870 αὐτοῦ
2047 4817 2116 4869 ἐν
2150 4820 2302 4883 Γρα-

752 4913 889 4983 φαῒς
920 4912 1111 4979 ἁγίαις
1150 4908 1279 4973 περὶ
1327 4906 1429 4959 τοῦ
1482 4904 1616 4956 ΥΙοῦ
1669 4901 1853 4955 αὐτοῦ
1882 4901 2198 4970 γενομένου
2234 4902 2301 4955 ἐκ

753 4998 1087 5065 σπέρματος
1115 4992 1292 5045 Δαυῒδ
1325 4988 1471 5043 κατὰ
1501 4987 1713 5055 σάρκα.

822 5128 843 5153 ³
873 5123 1009 5171 Unus
1030 5121 1152 5179 Reg.
1175 5120 1424 5179 ὑποφῆται.

819 5185 846 5223 b
870 5183 1050 5232 Omnes
1072 5172 1183 5246 m:§s.
1208 5172 1299 5246 γὰρ
1323 5172 1379 5243 ἦν
1399 5175 1544 5246 αύτῷ.
1575 5174 1703 5246 ggm
1733 5174 1822 5246 γὰρ
1838 5172 1926 5246 36,3
1943 5172 2303 5246 αύτῷλδὶἁειῃ

756 5231 928 5293 cmnés
968 5254 1079 5288 mss.
1102 5242 1127 5285 ὁ
1152 5231 1236 5283 τοῦ
1262 5231 1383 5282 Θεοῦ
1405 5231 1557 5293 λόγος,
1589 5234 1706 5282 Mor.
1725 5231 1755 5281 δ’
1781 5231 1865 5280 τοῦ
1890 5231 2012 5281 Θεοῦ
2045 5231 2184 5294 φόϐος
2224 5235 2304 5294 καὶ

756 5291 908 5361 λίγος.
939 5302 1042 5361 Mox
1066 5299 1162 5361 du_q
1181 5309 1294 5361 [ηεξ.
1313 5291 1670 5361 κατατρύφησον
1690 5295 1759 5355 τῷ
1782 5294 1960 5355 Κυρίῳ,
1989 5300 2040 5342 et
2056 5291 2127 5341 'sic
2146 5294 2197 5341 in
2223 5291 2308 5341 Bi-

756 5355 1089 5423 bli'lsi'legirtur.
1118 5356 1284 5405 Morel.
1312 5355 1610 5423 τοῦλίυρίρυ.

822 5424 845 5451 °
868 5410 1069 5469 Sicuduo
1089 5430 1200 5465 mss.
1224 5420 1375 5475 recle,
1402 5410 1570 5460 Mor'el.
1599 5418 1652 5459 et
1675 5410 1824 5461 Savil.
1849 5412 2153 5475 ἀρξάμενοι...
2174 5412 2309 5473 θαμε-

757 5481 1011 5533 λιωθέντες.
1022 5513 1032 5523 .
1042 5514 1053 5526 .
1062 5516 1072 5531 ,
1099 5474 1487 5534 οἶκοδομηθέντες.

820 5537 850 5583 ει
874 5529 1006 5591 υηυε
1030 5529 1320 5597 οἰκονομίας,
1339 5534 1462 5581 οὕτω
1484 5547 1583 5586 πως
1604 5529 1879 5594 διαγορεύει.

2426 1590 2547 1648 Οἵδε
2582 1595 2788 1658 Παῦλος
2814 1595 3113 1664 ἀδιαίρετον
3138 1595 3237 1663 τὴν
3267 1593 3505 1645 Παλαιὰν
3529 1594 3620 1645 καὶ
3641 1592 3738 1662 τὴν
3762 1592 3918 1645 Νέαν

2357 1682 2629 1751 Διαθήκην
2650 1698 2663 1711 ·
2697 1681 2784 1732 διὰ
2814 1680 2967 1732 τοῦτο
3001 1680 3127 1731 ποτὲ
3175 1680 3271 1749 μὲν
3310 1679 3477 1748 αὐτὴν
3519 1680 3674 1731 καλεῖ
3699 1678 3915 1746 Καινὴν

2359 1769 2629 1835 Διαθήκην
2657 1778 2700 1829 ε,
2744 1767 2829 1819 ἵνα
2873 1764 3017 1835 δείξῃ
3054 1765 3169 1825 πῶς
3206 1764 3549 1831 ἀνεκαινίσθη
3598 1763 3698 1831 τῆς
3728 1765 3917 1815 οἰκου-

2364 1855 2525 1924 μένης
2556 1854 2622 1904 τὰ
2653 1854 2859 1921 πέρατα
2901 1847 3034 1919 (οἶδα
3062 1850 3245 1903 τοῦτον
3276 1850 3461 1918 πρώην
3506 1850 3783 1918 γυμνάσας
3817 1849 3918 1900 τὸν

2360 1941 2512 2006 λόγον
2531 1957 2544 1970 ο
2588 1938 2733 2009 [404]
2768 1938 2879 1991 ἀλλ’
2907 1936 3339 2003 ἑπαναλαμϐἀνω
3384 1936 3515 2004 πρὸς
3546 1935 3875 2003 ὑπόμνησιν)
3899 1951 3913 1963 ·

2362 2025 2514 2078 καλεῖ
2549 2022 2721 2076 τοίνυν
2754 2024 2960 2090 Καινὴν
3007 2021 3274 2089 Διαθήκην
3308 2020 3444 2089 πρὸς
3492 2019 3918 2086 ἀντιπαράθεσιν

2360 2109 2457 2177 τῆς
2486 2108 2849 2176 γεγηρακυίας
2870 2124 2882 2137 ·
2908 2108 3203 2176 κρείττονα,
3238 2106 3366 2174 πρὸς
3394 2103 3788 2173 ἀντιδιαστολὴν
3814 2104 3919 2171 τῆς

2364 2194 2657 2254 ἐλάττονος,
2687 2191 2898 2244 αἰώνιον
2929 2191 3062 2261 πρὸς
3088 2190 3506 2257 ἀντιπαράθεσιν
3533 2189 3631 2257 τῆς
3660 2189 3921 2257 προσκαί-

2370 2296 2479 2349 ρου.
2506 2278 2674 2330 Καλεῖ
2703 2277 2867 2345 αὐτὴν
2894 2276 2983 2328 καὶ
3011 2275 3263 2344 δευτέραν
3286 2273 3576 2342 Διαθήκην.
3605 2272 3700 2323 Διά
3725 2270 3778 2322 τί
3804 2270 3924 2321 δευ-

2366 2364 2680 2434 τέραν;”1να
2693 2364 2757 2431 τῇ
2781 2360 2969 2431 γνώμῃ
2994 2360 3217 2430 συνάψῃ.
3235 2358 3305 2410 T6
3327 2359 3431 2427 γὰρ
3447 2355 3921 2426 ἀπεσχοινισμένον

2368 2449 2507 2511 τινὸς
2537 2449 2780 2518 δεύτερον
2802 2449 2860 2500 οὺ
2888 2448 3119 2514 λέγεται.
3152 2446 3287 2498 Ἀλλ’
3315 2446 3498 2514 ἐπειδὴ
3533 2444 3660 2505 Θεὸς
3693 2443 3922 2511 ὲλάλησε

2372 2535 2464 2589 καὶ
2508 2536 2563 2585 ὲν
2605 2536 2669 2603 τῇ
2696 2536 2901 2603 πρώτῃ,
2931 2532 3024 2585 καὶ
3063 2533 3117 2583 ὲν
3140 2534 3203 2601 τῇ
3232 2532 3473 2600 δευτέρᾳ,
3509 2532 3537 2582 6
3566 2528 3722 2589 αὐτὸς
3765 2528 3925 2580 καλεῖ

2374 2619 2591 2689 πρώτην
2633 2622 2723 2672 καὶ
2766 2620 3040 2688 δευτέραν,
3088 2617 3166 2687 τῷ
3214 2616 3428 2688 ἀριθμῷ
3481 2616 3574 2684 τὴν
3607 2614 3923 2683 συμφωνίαν

2375 2706 2754 2775 ἐργαζόμενος.
2782 2704 2879 2755 Διὰ
2917 2704 3071 2756 τοῦτο
3099 2707 3126 2757 6
3158 2704 3363 2765 Παῦλος
3393 2703 3685 2766 ἀδιαίρετον
3722 2699 3927 2769 κηρύτ-

2377 2807 2482 2841 των
2508 2788 2776 2858 βασιλείαν
2810 2790 3037 2857 Πατρός,
3067 2792 3157 2840 καὶ
3191 2788 3337 2851 Υἱοῦ,
3374 2789 3463 2839 καὶ
3490 2787 3641 2853 ἁγίου
3677 2785 3927 2853 Πνεύμα·

2381 2892 2489 2937 τος,
2524 2875 2651 2927 ποτὲ
2691 2876 2787 2943 μὲν
2811 2875 2962 2927 καλεῖ
2987 2874 3045 2925 :6
3070 2875 3389 2941 Εὑαγγέλιον
3422 2872 3510 2924 τοῦ
3538 2871 3669 2923 Θεοῦ
3702 2870 3792 2921 τοῦ
3809 2872 3926 2923 Πα-

2380 2961 2504 3030 τρὸς
2536 2959 2579 3021 τ,
2620 2959 2747 3011 ποτὲ
2792 2960 2847 3011 δὲ
2880 2958 2971 3010 τοῦ
3006 2960 3154 3019 Υἱοῦ,
3190 2959 3383 3025 λέγων·
3428 2957 3665 3020 Παῦλος
3708 2954 3930 3017 δοῦλος

2396 3045 2585 3111 Ἰησοῦ
2630 3045 2900 3110 Χριστοῦ,
2933 3045 3149 3109 κλητὸς
3182 3046 3563 3106 Ἀπόστολος,
3595 3040 3929 3109 ἀφωρισμέ-

2382 3147 2487 3195 νος
2519 3133 2603 3193 sic
2632 3130 2994 3199 Εὑαγγέλιον
3027 3130 3191 3183 Θεοῦ.
3225 3129 3361 3180 Ἀλλ’
3405 3129 3488 3179 ἶνα
3537 3128 3610 3196 μή
3640 3143 3721 3187 τις
3762 3125 3931 3177 ἀκού-

2388 3232 2515 3279 σας,
2562 3215 2886 3282 Εὐαγγέλιον
2935 3214 3088 3277 Θεοῦ,
3142 3214 3336 3283 νομίσῃ
3374 3213 3462 3265 τὸν
3497 3212 3624 3264 Υίὺν
3666 3210 3739 3280 μὴ
3787 3210 3933 3278 ἔχειν

2387 3300 2675 3353 αύθεντίαν
2696 3301 2773 3361 εἰς
2806 3300 2864 3351 τὸ
2895 3301 3168 3366 κήρυγμα,
3194 3301 3249 3348 ὲν
3274 3301 3336 3365 τῇ
3371 3298 3502 3365 αὐτῇ
3528 3297 3809 3362 Ἐπιστολῇ
3843 3312 3935 3363 μι-

2389 3386 2522 3455 κρὸν
2544 3383 2747 3445 ὑποϐὰς
2781 3383 2951 3451 λέγει·
2984 3382 3223 3449 Μάρτυς
3256 3381 3364 3449 γάρ
3383 3398 3482 3449 μοι
3508 3380 3676 3432 ἐστὶν
3704 3383 3735 3431 ὀ
3768 3378 3932 3443 Θεὸς,

2387 3463 2434 3534 ᾧ
2472 3470 2730 3535 λατρεύω
2755 3469 2821 3520 ἐν
2858 3466 2935 3531 τῷ
2980 3466 3267 3531 πνεύματί
3304 3484 3440 3533 μου,
3465 3467 3532 3517 ἐν
3566 3463 3643 3526 τῷ
3680 3467 3937 3532 Ebur-re-

2385 3555 2493 3620 λίῳ
2526 3555 2629 3606 τοῦ
2674 3554 2805 3606 Υἱοῦ
2841 3552 3042 3605 αὐτοῦ.
3074 3547 3220 3613 Εἶδες
3248 3551 3307 3602 τὸ
3337 3550 3517 3619 θαῦμα
3548 3549 3637 3601 τοῦ
3677 3552 3933 3617 κήρυκος,

2390 3642 2483 3695 καὶ
2511 3644 2606 3711 τὴν
2648 3641 3054 3711 ἀπηρτισμένην
3083 3640 3344 3702 διάνοιαν;
3369 3639 3483 3690 Ἵνα
3520 3637 3592 3707 μὴ
3623 3635 3845 3705 νομισθῇ
3878 3636 3938 3689 ἒν

2393 3732 2489 3801 μὲν
2520 3730 2597 3799 τῷ
2636 3731 2780 3799 νόμῳ
2816 3730 2955 3795 ἄλλῳ
2988 3727 3103 3795 Θεῷ
3142 3727 3426 3789 δουλεύειν,
3469 3728 3525 3779 ὲν
3556 3726 3611 3777 δὲ
3650 3724 3727 3794 τῷ
3753 3726 3937 3791 Εὐαγ-

2390 3820 2550 3892 γελίιρ
2576 3821 2709 3890 πρὸς
2732 3819 2885 3873 ἄλλον
2916 3821 3127 3888 χωρεῖν,
3157 3817 3330 3883 λέγει·
3353 3816 3691 3880 Εὐλογητὸς
3711 3819 3743 3867 ό
3769 3814 3933 3879 Θεὸς,

2390 3905 2437 3977 ᾧ
2463 3910 2721 3977 λατρεύω
2747 3909 2863 3961 ἀπὸ
2892 3907 3195 3975 προτόνων
3219 3906 3288 3958 ἐν
3316 3904 3538 3972 καθαρᾷ
3564 3904 3929 3968 συνειδήσει.

2393 4000 2464 4052 Οὐ
2497 3998 2603 4067 γὰρ
2645 3999 2736 4049 ἀπ’
2765 3996 2943 4061 ἄλλου,
2979 3994 3133 4063 φησὶ,
3169 3994 3303 4062 πρὸς
3346 3993 3499 4047 ἄλλον
3544 3992 3791 4063 ἔδραμον,
3824 3993 3938 4045 ἀλλ’

2392 4088 2451 4143 δν
2485 4084 2626 4157 εἶχον
2652 4088 2706 4139 ἐν
2730 4086 2939 4153 ἀγνοίᾳ,
2968 4082 3293 4153 προσέλαϐον
3314 4084 3369 4135 ιν
3397 4081 3611 4148 γνώσει.
3643 4082 3751 4133 Καὶ
3781 4081 3943 4134 πάλιν

2395 4179 2424 4229 6
2455 4176 2612 4237 αὐτὸς
2645 4174 2917 4243 βουληθεὶς
2958 4173 3154 4237 δεῖξαι,
3200 4173 3279 4223 ὅτι
3328 4171 3393 4223 τὰ
3444 4173 3659 4240 ῥήματα
3702 4170 3799 4239 τῆς
3830 4172 3943 4223 Πα-

2396 4261 2545 4323 λαιᾶς
2569 4261 2833 4328 Διαθήκης
2861 4260 2953 4311 καὶ
2977 4261 3075 4327 τῆς
3091 4257 3229 4318 Νέας
3262 4256 3374 4317 ἑνός
3401 4257 3515 4306 ἐστι
3545 4255 3823 4324 στόματος,
3851 4257 3943 4307 καὶ

2396 4349 2511 4411 ἑνὸς
2550 4348 2832 4407 Δεσπότου,
2882 4346 3007 4415 μίαν
3056 4346 3352 4415 μαρτυρίαν
3396 4344 3501 4396 ἀπὸ
3539 4344 3757 4414 Γραφῆς
3807 4361 3946 4414 παρ-

2397 4441 2568 4506 ήγαγε
2592 4477 2607 4501 ,
2664 4436 2971 4505 συμπλέξας
3016 4434 3093 4503 τῷ
3143 4434 3475 4502 εὐαγγελικῷ
3527 4432 3668 4504 λόγῳ
3699 4434 3794 4503 τὴν
3837 4436 3946 4485 Πα-

2398 4527 2572 4589 λαιὰν,
2606 4527 2699 4579 καὶ
2734 4526 2912 4593 λέγει·
2942 4525 3301 4593 Γέγραπται·
3341 4527 3420 4577 οὐ
3472 4523 3749 4590 φιμώσεις
3790 4522 3949 4588 ,ϐοῦν

2398 4614 2699 4671 ἀλοῶντα·
2739 4615 2848 4677 καὶ,
2883 4614 3073 4678 ’Ἄξιος
3111 4617 3142 4666 ό
3180 4613 3426 4681 ἐργάτης
3460 4613 3563 4665 τοῦ
3588 4612 3806 4680 μισθοῦ
3841 4615 3949 4666 αὐ-

2399 4706 2524 4760 τοῦ.
2563 4706 2636 4756 Τὸ
2671 4704 2767 4773 μὲν
2802 4705 2928 4773 γάρ,
2966 4706 3047 4755 Ob
3083 4702 3385 4769 φιμώσεις,
3432 4703 3666 4770 Μωῦσῆς
3706 4699 3852 4753 εἶπε·
3886 4702 3946 4754 τὸ

2402 4798 2479 4862 δὲ,
2510 4796 2698 4860 Ἄξιος
2732 4798 2764 4848 ό
2794 4792 3039 4861 ἐργάτης
3065 4792 3167 4844 τοῦ
3196 4791 3415 4858 μισθοῦ
3442 4791 3643 4853 αὐτοῦ,
3670 4793 3696 4841 6
3725 4791 3949 4858 Χριστὶς

2402 4889 2459 4939 ὲν
2503 4889 2613 4948 τοῖς
2647 4884 3008 4951 Εὑαγγελίοις.
3060 4881 3196 4932 Ἀλλ’
3238 4882 3322 4932 ἵνα
3368 4880 3511 4951 δείξῃ
3556 4881 3636 4932 ὅτι
3681 4879 3737 4930 ἓν
3783 4879 3951 4947 στόμα

2403 4974 2627 5027 κάκεῖνα
2664 4973 2755 5025 καὶ
2795 4971 2958 5024 ταῦτα
3002 4969 3246 5040 ἰλάλησε,
3291 4969 3358 5021 τὰ
3387 4971 3496 5031 τοῖς
3531 4969 3739 5037 χρόνοις
3773 4968 3953 5039 διῃρη-

2408 5066 2541 5136 μένα
2570 5064 2765 5133 συνῆψε
2798 5065 2862 5131 τῇ
2895 5059 3176 5128 συμφωνία
3208 5060 3303 5127 τῆς
3328 5057 3593 5124 ἀληθείας
3619 5055 3784 5107 εἰπών
3804 5072 3818 5087 ο
3848 5056 3954 5109 Γέ-

2403 5166 2672 5222 γραπται·
2706 5150 2789 5205 Οὺ
2819 5149 3100 5217 φιμώσεις
3118 5146 3277 5211 ,ϐοῦν
3299 5145 3597 5199 ἀλοῶντα·
3630 5145 3738 5208 καὶ,
3770 5144 3957 5208 Ἄξιος

2410 5244 2442 5294 ὁ
2470 5238 2720 5307 ἐργάτης
2746 5237 2846 5290 τοῦ
2878 5234 3098 5305 μισθοῦ
3138 5233 3340 5287 αὑτοῦ.
3382 5232 3580 5285 Τούτου
3610 5230 3701 5284 τοῦ
3722 5230 3959 5298 Εὑαγγε·

2478 5416 2501 5444 θ
2526 5403 2672 5467 Iden!
2689 5407 2810 5467 posl_
2852 5402 3074 5467 διαθήκην
3119 5400 3260 5467 ad_(_l_il..
3295 5402 3408 5446 ποτὲ
3446 5399 3496 5446 δὲ
3522 5398 3643 5445 νέαν.
3671 5395 3796 5447 Infra
3818 5411 3969 5449 τοίνυν

2410 5472 2523 5527 post
2542 5463 2673 5510 καλεῖ
2692 5461 2753 5509 'ex
2782 5461 2969 5509 duobus
2990 5474 3099 5508 mss.
3123 5461 3361 5520 adjicilur.

2485 5522 2503 5562 ί
2548 5522 2681 5573 Unus
2701 5520 2823 5571 Θεοῦ
2842 5523 2920 5569 καὶ
2945 5520 3143 5584 Πατρός,
