4110 6318
177 382 303 439 397

1330 376 1609 431 HOMlLlA
1644 374 1728 427 DE
1763 367 2251 428 LEGISLATORE.

3289 378 3399 435 398

180 1144 371 1193 UNUH
419 1144 495 1185 ET
550 1139 820 1185 EUHDEM
878 1139 1022 1183 ESSE
1080 1134 1554 1179 LEGISLATORBH
1613 1134 1691 1176 ET
1739 1132 2004 1177 VETERIS
2049 1132 2128 1173 ET
2189 1130 2335 1173 NOV!
2382 1128 2812 1183 TESTAMENTI;
2875 1128 3025 1171 ITEM
3083 1128 3163 1169 DE
3207 1127 3405 1173 VEST]!

1049 1257 1474 1304 sacanoorau
1510 1259 1523 1297 :
1562 1257 1815 1301 NECNON
1860 1256 1940 1297 DE
1988 1253 2402 1297 POENITENTIA
2443 1231 2546 1314 (a).

255 2118 310 2171 ι.
346 2114 512 2185 Regni
550 2112 741 2167 Christi
772 2109 1099 2179 evangelium
1132 2105 1401 2177 prophetae
1428 2102 1753 2174 praedicant,

184 2207 415 2260 ministri
454 2219 578 2258 vero
619 2217 768 2255 nova:
797 2201 979 2269 gratiae
1030 2198 1157 2251 illud
1190 2199 1361 2266 ipsum
1408 2196 1759 2261 interpretan-

186 2307 292 2360 tur,
351 2295 543 2347 divinze
595 2302 768 2345 autem
817 2290 1069 2344 doctrina:
1127 2288 1413 2348 auditores,
1474 2290 1757 2343 amatores,

184 2394 344 2453 atque
374 2383 694 2445 laudatores,
719 2381 767 2433 id
792 2382 958 2447 ipsum
982 2380 1388 2446 amplectuntur.
1420 2375 1597 2441 Neque
1618 2372 1757 2425 enim

190 2477 303 2529 ﬁeri
334 2483 509 2543 potest
538 2485 594 2527 ut
623 2474 739 2541 quis
777 2486 1021 2524 sermone
1052 2469 1289 2521 veritatis
1316 2467 1630 2527 oblectetur,
1672 2462 1760 2530 qui

187 2567 444 2620 doctrina:
471 2577 770 2617 sermonem
794 2577 895 2614 non
912 2560 1213 2614 avidissime
1239 2564 1471 2621 expetat.
1501 2552 1763 2620 Quemad-

191 2657 409 2710 modum
457 2656 630 2717 enim,
673 2654 713 2705 si
756 2653 872 2720 quis
922 2665 1092 2718 neque
1139 2649 1281 2701 sitiat
1325 2660 1491 2713 neque
1541 2643 1756 2705 esuriat,

193 2748 393 2799 nullam
423 2761 489 2799 ex
531 2745 649 2798 cibo
678 2753 906 2812 potuque
941 2743 1258 2807 voluptatem
1298 2740 1437 2805 capit
1472 2754 1484 2786 ;
1514 2736 1589 2787 sic
1621 2734 1761 2786 veri-

194 2838 314 2888 tatis
331 2835 495 2887 verbo
512 2847 669 2885 nemo
696 2832 1001 2888 delec1atur,
1022 2830 1107 2894 qui
1139 2827 1365 2895 Spiritus
1388 2824 1553 2875 sancti
1574 2823 1763 2873 doctri-

195 2938 314 2977 nam
338 2938 441 2975 non
470 2922 599 2974 sitit.
627 2920 801 2987 Itaque
820 2918 1066 2971 Servator
1087 2917 1189 2967 ait:
1212 2914 1351 2965 Beati
1377 2913 1461 2977 qui
1480 2912 1698 2963 esuriant
1716 2916 1761 2959 et

194 3013 643 3082 sitiuntjustitiam,
667 3004 1339 3077 quoniamipsisatiabuntur
1359 3001 1569 3073 (Matth.
1594 3002 1646 3053 5.
1679 2998 1758 3065 6).

197 3104 363 3157 Verus
382 3102 672 3155 animarum
688 3100 856 3163 cibus,
879 3112 1014 3152 vera:
1033 3098 1235 3162 piorum
1266 3092 1488 3155 delicia),
1505 3105 1644 3143 vera:
1659 3090 1763 3157 pio-

196 3210 310 3248 rum
334 3192 552 3257 divitite,
583 3206 756 3243 sermo
787 3190 875 3241 Dei
907 3198 1008 3251 est,
1037 3188 1123 3255 qui
1152 3200 1244 3254 per
1273 3182 1515 3237 Davidica
1553 3182 1761 3234 oracula

198 3281 462 3351 loquitur:
494 3280 776 3341 interdum,
812 3279 953 3332 velut
1000 3278 1165 3341 dives,
1194 3275 1467 3344 gloriatur,
1500 3270 1760 3325 interdum

198 3376 475 3428 deliciatur
503 3390 515 3438 ;
541 3382 593 3426 et
613 3373 685 3425 ait
718 3391 729 3423 :
759 3372 920 3435 Quam
959 3369 1127 3420 dulcia
1168 3366 1395 3432 faucibus
1424 3364 1543 3415 meis
1570 3363 1765 3431 eloquia

200 3479 283 3519 tua
308 3484 458 3536 super
483 3465 578 3517 mel
604 3474 649 3515 et
674 3466 841 3532 favum
868 3463 941 3514 ori
970 3476 1076 3512 meo
1117 3457 1287 3525 (l’sal.
1320 3457 1440 3509 118.
1471 3454 1617 3521 103)!
1646 3453 1765 3504 Ilicc

199 3561 407 3629 quidem
437 3560 571 3626 ejus,
618 3558 703 3624 qui
750 3554 953 3607 deliciis
1002 3553 1211 3612 fruitur,
1256 3565 1353 3601 vox
1380 3555 1480 3601 est.
1513 3545 1639 3598 Nam
1674 3544 1763 3596 Dei

198 3653 413 3705 verbum
437 3651 530 3717 ipsi
562 3647 764 3701 delicia:
790 3655 956 3699 erant.
990 3642 1101 3707 Qua
1125 3642 1191 3694 de
1218 3654 1275 3693 re
1302 3638 1425 3692 alibi
1457 3650 1594 3703 scepe
1628 3652 1639 3686 :
1667 3633 1767 3685 De-

200 3745 377 3795 lectare
401 3743 453 3793 in
481 3740 716 3801 Domino,
752 3748 795 3790 et
818 3737 898 3788 det
926 3735 1012 3786 tibi
1035 3734 1290 3801 petitiones
1312 3730 1474 3782 cordis
1502 3728 1571 3779 tui
1592 3724 1763 3793 (Psal.

201 3836 281 3888 56.
313 3837 388 3903 4).
424 3833 553 3885 Aliis
579 3845 703 3884 vero
735 3830 782 3881 in
809 3827 936 3879 locis
963 3840 1067 3878 non
1091 3822 1251 3891 utqui
1282 3820 1483 3874 deliciis
1504 3817 1766 3869 frueretur

201 3936 421 3987 tantum,
459 3923 551 3976 sed
583 3932 635 3974 ut
684 3920 956 3988 praedives,
995 3916 1202 3969 divitias
1234 3912 1360 3979 legis
1395 3916 1641 3970 ostentat,
1682 3906 1765 3959 di-

202 4030 342 4077 cens,
374 4014 567 4066 Bonum
594 4011 715 4062 mihi
737 4012 817 4061 (ea:
846 4009 943 4059 oris
987 4007 1056 4056 tui
1086 4019 1239 4069 super
1268 4001 1427 4052 millia
1455 3999 1565 4049 auri
1595 4008 1638 4049 et
1677 4013 1763 4047 ar-

201 4106 330 4175 genti
360 4103 529 4172 (Psal.
556 4102 675 4154 118.
703 4098 817 4166 ⁵72).
854 4094 1037 4148 Viden’
1067 4091 1284 4145 delicias
1312 4088 1538 4156 pietatis,
1562 4095 1613 4138 et
1635 4086 1767 4136 divi-

204 4193 563 4263 tiasjustitize?
590 4192 728 4258 Ergo
758 4199 812 4242 et
837 4202 932 4240 nos
964 4200 1055 4254 par
1084 4190 1180 4245 est,
1210 4182 1293 4233 siti
1321 4189 1372 4232 et
1410 4176 1549 4229 fame
1589 4188 1765 4228 rerum

203 4288 497 4339 divinarum
529 4282 715 4345 teneri,
756 4288 809 4333 et
834 4277 1057 4337 deliciis,
1090 4289 1120 4326 e
1161 4270 1299 4339 regia
1340 4265 1532 4321 Christi
1560 4278 1761 4325 mensa,

203 4377 466 4431 uberrime
505 4371 769 4433 exsatiari,
810 4364 1239 4433 evangeliumque
1288 4357 1471 4412 salutis
1516 4353 1763 4421 amplecti

202 4466 334 4533 quod
364 4479 469 4518 non
496 4477 634 4515 nunc
662 4460 885 4528 primum
916 4454 1076 4521 coepit
1104 4467 1116 4502 :
1142 4450 1234 4503 sed
1265 4449 1314 4500 in
1343 4444 1613 4514 prophetis
1642 4442 1764 4495 fun-

203 4558 371 4609 datum
394 4568 550 4623 atque
576 4568 605 4606 a
642 4551 734 4605 SS.
760 4546 1014 4617 apostolis
1048 4541 1429 4596 exaediﬁcatum
1456 4545 1554 4590 est.
1586 4534 1764 4601 Neque

204 4649 333 4699 enim
362 4647 427 4699 ab
455 4660 517 4698 eo
542 4655 795 4711 tempore,
823 4654 926 4708 quo
955 4635 1191 4690 Christus
1231 4634 1279 4684 in
1307 4644 1465 4684 carne
1501 4626 1761 4696 apparuit,

204 4738 523 4807 evangelium
568 4735 759 4801 incepit
790 4749 803 4783 :
832 4729 923 4783 sed
970 4726 1135 4780 multo
1183 4733 1305 4776 ante
1344 4722 1393 4774 in
1440 4716 1759 4787 proliheticis

204 4825 341 4879 libris
367 4824 570 4878 radices
595 4822 718 4891 egit,
754 4819 1069 4885 tandemque
1112 4812 1469 4882 apostolorum
1505 4807 1761 4875 priedica-

206 4919 339 4972 tione
364 4917 611 4971 efﬂoruit.
642 4915 764 4967 Ideo
791 4911 998 4974 Paulus,
1028 4922 1145 4960 eum
1184 4904 1507 4973 propositum
1546 4900 1761 4953 haberet

205 5006 580 5067 demonstrare,
612 5001 938 5069 evangelium
969 5010 1070 5049 non
1112 4995 1177 5047 ab
1222 4991 1577 5044 incarnatione
1620 4988 1762 5041 ince-

208 5096 356 5165 pisse,
392 5095 484 5148 sed
517 5109 608 5162 per
633 5090 914 5160 prophetas
946 5086 1195 5147 eluxisse,
1235 5097 1326 5148 per
1354 5079 1761 5131 incarnatimtem

206 5184 419 5252 idipsum
454 5182 681 5250 loquitur
716 5178 944 5231 :Panlus
971 5190 1137 5227 servus
1181 5171 1302 5223 Iesu
1330 5169 1531 5229 Christi,
1563 5177 1763 5219 vocatus

208 5275 473 5339 apostolus,
500 5280 782 5340 segregatus
806 5264 1191 5333 inEvangelium
1222 5261 1338 5323 Dei,
1362 5260 1493 5328 quod
1510 5268 1624 5309 ante
1645 5274 1762 5326 pro-

212 5366 393 5416 miserat
444 5379 530 5431 per
584 5361 849 5429 prophetas
889 5373 1005 5411 suos
1055 5356 1107 5407 in
1156 5352 1433 5419 Scripturis
1475 5350 1656 5407 sanctis
1702 5350 1762 5400 de

215 5453 335 5507 Filio
375 5471 487 5519 suo,
536 5453 621 5520 qui
659 5454 816 5520 [actus
854 5458 925 5501 est
964 5464 1025 5499 ea:
1061 5445 1245 5498 semine
1280 5441 1445 5494 David
1493 5440 1761 5494 secundum

210 5562 392 5599 carnem
425 5545 597 5613 (Rom.
633 5545 684 5597 1.
716 5543 874 5611 1ο5).

233 5638 417 5694 Novum
427 5640 789 5694 Testamentum
804 5651 891 5687 cur
901 5633 970 5687 sic
992 5626 1480 5702 appelletur.—Non
1494 5624 1761 5694 ignorabat

270 5771 336 5832 (ιι)
366 5772 542 5824 Collata
565 5780 674 5820 cum
700 5767 946 5819 Codicibus
977 5765 1131 5827 Regiis
1156 5762 1291 5813 1965.
1318 5760 1438 5810 1974
1463 5766 1513 5808 et
1530 5757 1667 5808 2545.

1865 2098 2246 2170 Paulus,Vetus
2258 2108 2926 2167 etNovumTestamentutn
2941 2111 3263 2167 individuum
3282 2128 3399 2170 esse
3414 2135 3433 2171 :

1864 2208 2085 2264 eamque
2097 2198 2164 2251 ob
2176 2213 2389 2253 causam
2406 2200 2527 2253 illud
2545 2201 2802 2254 interdum
2817 2201 3206 2256 Testamentum
3221 2202 3431 2255 Novum

1863 2286 2114 2353 appellat,
2133 2296 2187 2340 ut
2215 2288 2559 2354 demonstret,
2579 2290 2843 2359 quomodo
2858 2289 2985 2345 lines
3002 2291 3144 2345 orbis
3162 2301 3427 2345 terrarum

1865 2376 1971 2428 sint
1994 2378 2224 2431 renovati
2246 2381 2371 2448 (non
2391 2380 2575 2449 ignoro
2595 2382 2707 2436 haec
2726 2383 2845 2436 alibi
2869 2398 2895 2435 a
2913 2383 3060 2436 nobis
3082 2382 3241 2437 fuisse
3265 2384 3425 2452 expli-

1865 2475 1977 2519 cata
2000 2483 2013 2529 ;
2047 2468 2136 2521 sed
2164 2480 2335 2523 tamen
2363 2470 2467 2536 hic,
2494 2482 2547 2524 ut
2577 2474 2883 2527 memoriam
2902 2481 3128 2527 vestram
3158 2473 3424 2540 refricem,

1866 2559 2092 2627 repeto);
2111 2561 2425 2612 vocatetiam
2446 2561 2835 2614 Testamentum
2855 2560 3054 2614 Novum
3068 2561 3131 2614 ad
3148 2562 3438 2615 distinctio-

1866 2665 1984 2703 nem
2009 2651 2279 2704 inveterati
2296 2652 2621 2704 indicandam
2639 2669 2653 2704 :
2676 2652 3007 2719 praestantius
3024 2651 3244 2715 scilicet,
3260 2651 3323 2704 ad
3344 2651 3427 2703 di-

1866 2742 2199 2794 stinctionem
2229 2742 2492 2795 inferioris
2527 2752 2839 2805 :mternum,
2876 2743 3268 2810 comparatione
3296 2741 3431 2796 facta

1866 2830 1931 2882 ad
1962 2832 2270 2898 temporale.
2301 2832 2405 2887 Sed
2435 2844 2487 2887 et
2512 2834 2799 2887 secundum
2831 2834 3221 2889 Testamentum
3263 2835 3432 2901 ipsum

1866 2931 2036 2976 vocat.
2067 2922 2199 2987 Quid
2245 2924 2311 2976 ita
2351 2925 2681 2977 secundum?
2730 2924 2799 2978 Ut
2827 2934 3005 2978 mutua
3052 2926 3432 2979 sententiarum

1867 3014 2193 3067 eonnexione
2233 3029 2392 3067 unum
2439 3014 2651 3067 efﬁciat.
2694 3014 2823 3067 Nam
2873 3015 3010 3083 quod
3050 3016 3339 3069 abscissum
3368 3016 3433 3069 ab

1868 3103 2041 3171 aliquo
2072 3115 2167 3167 est,
2196 3104 2483 3158 secundum
2524 3120 2628 3158 non
2672 3105 2986 3175 appellatur.
3026 3106 3281 3171 Quoniam
3304 3120 3430 3159 vero

1869 3195 2008 3248 Deus
2036 3196 2244 3248 oracula
2285 3212 2379 3249 sua
2420 3196 2582 3250 edidit
2607 3207 2659 3249 et
2689 3198 2737 3249 in
2769 3199 2959 3265 primo,
3003 3208 3052 3250 et
3102 3198 3150 3249 in
3177 3196 3430 3258 secundo,

1868 3287 2003 3340 idem
2032 3288 2117 3341 ille
2145 3288 2332 3341 Paulus
2376 3291 2600 3357 primum
2649 3299 2700 3342 et
2748 3290 3032 3343 secundum
3074 3298 3244 3352 vocat,
3273 3297 3430 3356 atque

1868 3393 2087 3431 numero
2115 3378 2530 3431 convenientiam
2566 3380 2835 3445 utriusque
2881 3388 2934 3430 et
2970 3392 3281 3431 consensum
3324 3378 3433 3429 de—

1868 3467 2053 3521 clarat.
2089 3468 2286 3521 Idcirco
2314 3469 2525 3531 Paulus,
2557 3470 2645 3536 qui
2673 3468 2950 3519 indivisum
2984 3468 3168 3527 Patris,
3200 3476 3252 3519 et
3289 3466 3429 3531 Filii,

1871 3567 1921 3613 et
1948 3558 2172 3627 Spiritus
2194 3561 2357 3612 sancti
2390 3576 2606 3627 regnum
2632 3559 2898 3627 pravdicat,
2921 3558 3078 3612 modo
3102 3558 3431 3627 evangelium

1872 3649 1959 3702 Dei
1994 3650 2181 3712 Patris,
2220 3650 2375 3702 modo
2407 3649 2521 3701 Filii
2562 3648 2791 3718 appellat
2823 3647 3055 3701 :Paulus
3097 3664 3265 3700 servus
3309 3646 3430 3701 Jesn

1870 3740 2074 3805 Christi,
2108 3752 2309 3794 vocatus
2345 3741 2620 3810 apostolus,
2674 3751 2956 3809 segregatus
3006 3742 3056 3792 in
3106 3739 3431 3809 Evangelium

1868 3831 1963 3882 Dei
1988 3832 2161 3899 (Rom.
2212 3832 2363 3899 1.1).
2396 3830 2591 3883 Verum
2641 3845 2705 3883 ne
2745 3830 2881 3895 quis,
2932 3844 3048 3881 cum
3093 3830 3271 3882 audiat
3307 3828 3431 3881 illud

1878 3922 2213 3988 Evangelium
2236 3921 2344 3981 Dei,
2373 3920 2659 3973 arbitretur
2686 3919 2873 3973 Filium
2914 3918 3104 3970 nullam
3152 3919 3213 3970 ad
3245 3916 3433 3984 prahdi-

1868 4012 2092 4065 caudam
2137 4012 2500 4065 auctoritatem
2543 4011 2804 4073 obtinere,
2855 4010 2903 4061 in
2954 4009 3137 4063 eadem
3173 4008 3428 4076 Epistola,

1870 4103 2025 4170 paulo
2053 4110 2170 4170 post
2194 4102 2265 4153 ait
2298 4118 2309 4151 :
2345 4100 2500 4154 Testis
2530 4102 2661 4152 enim
2700 4100 2823 4151 mihi
2848 4098 3004 4163 Deus,
3035 4099 3113 4150 cui
3144 4098 3352 4149 inservio
3379 4098 3431 4148 in

1869 4194 2048 4261 spiritu
2070 4208 2175 4243 meo
2195 4190 2529 4256 inEvungelio
2561 4189 2683 4241 Filii
2709 4190 2815 4255 ejus
2843 4187 3016 4256 (Rom.
3052 4187 3102 4239 1.
3135 4186 3212 4254 9).
3246 4186 3432 4239 Viden’

1872 4281 2130 4350 praeconis
2159 4280 2310 4347 hujus
2334 4280 2523 4331 mirum
2558 4278 2845 4344 ingenium,
2883 4284 2935 4330 et
2967 4276 3277 4330 sententiam
3308 4290 3432 4342 per-

1868 4373 2100 4427 fectam?
2142 4370 2219 4424 Ne
2257 4370 2645 4423 existimaretur
2690 4368 2739 4420 in
2785 4367 2899 4436 lege
2949 4366 3157 4433 quidem
3196 4366 3283 4419 alii
3324 4367 3432 4420 Deo

1868 4465 2089 4530 servire,
2130 4462 2481 4530 quvangelio
2509 4474 2637 4513 vero
2664 4460 2725 4512 ad
2754 4460 2908 4512 alium
2953 4458 3110 4510 Deum
3142 4459 3432 4511 successio-

1868 4572 1988 4610 ncm
2020 4556 2210 4618 facere,
2240 4554 2406 4620 inquit
2435 4567 2447 4601 :
2481 4549 2770 4601 Benedictus
2798 4547 2951 4609 Deus,
2980 4547 3061 4598 cui
3086 4548 3242 4598 servio
3269 4562 3299 4597 a
3320 4562 3430 4596 ma-

1858 4645 2055 4712 joribus
2088 4645 2139 4696 in
2178 4640 2475 4693 conscientia
2514 4654 2639 4706 pura
2666 4635 2738 4700 (2.
2766 4635 2896 4687 Tim.
2932 4636 2981 4686 1.
3012 4635 3086 4699 5).
3124 4632 3235 4686 Νοη
3267 4635 3428 4697 enim,

1869 4737 2054 4805 inquit,
2082 4734 2146 4787 ab
2194 4732 2295 4785 alio
2333 4731 2395 4781 ad
2441 4729 2599 4780 alium
2649 4726 2875 4786 secessi;
2928 4722 3019 4776 sed
3051 4737 3205 4791 quem
3237 4723 3431 4776 inscius

1868 4828 2123 4887 colebant,
2162 4824 2274 4889 ejus
2317 4820 2617 4889 cognitione
2661 4815 2912 4877 imbutus,
2950 4811 3251 4878 complexus
3290 4825 3428 4865 sum.

1870 4922 1935 4974 Et
1958 4918 2077 4971 alibi
2107 4932 2223 4969 cum
2255 4914 2446 4966 docere
2474 4908 2650 4968 vellet,
2683 4905 2892 4958 oracula
2919 4902 3242 4955 Testamenti
3270 4902 3429 4956 Vele-

1868 5012 1940 5064 ris
1967 5019 2018 5063 et
2044 5007 2170 5061 Novi
2199 5006 2264 5057 ab
2292 5001 2477 5055 eodem
2502 5013 2593 5051 ore
2632 4996 2921 5061 eodemque
2953 4993 3172 5045 Domino
3196 4990 3427 5059 profecta

1868 5116 2002 5159 esse,
2034 5112 2191 5149 unum
2239 5088 2595 5147 testimonium
2628 5086 2755 5154 petit
2789 5099 2816 5135 a
2854 5083 3187 5135 TeSIatnento
3230 5081 3427 5146 Veteri,

1866 5193 1947 5243 cui
1978 5188 2330 5255 evangelicum
2360 5181 2671 5235 sententiam
2700 5175 2968 5237 annexuit,
2998 5188 3115 5227 cum
3142 5173 3212 5225 ait
3240 5188 3253 5223 :
3285 5172 3429 5227 Scri-

1868 5293 2005 5351 ptum
2026 5290 2115 5343 est,
2147 5277 2265 5330 Non
2293 5272 2539 5327 obturabis
2581 5286 2635 5322 os
2680 5269 2788 5320 bovi
2820 5266 3068 5317 trituranti
3087 5270 3195 5327 ,'et,
3230 5264 3428 5332 Dignus

1867 5385 1935 5427 est
1960 5371 2214 5441 operarius
2253 5366 2473 5419 mercede
2516 5379 2609 5415 sua
2639 5361 2714 5428 (1.
2768 5358 2895 5411 Tim.
2928 5358 2981 5411 5.
3030 5356 3137 5424 18).
3190 5356 3421 5421 Quorum

1868 5466 2015 5530 illud,
2053 5463 2169 5516 Non
2200 5458 2468 5520 obturabis,
2494 5454 2650 5507 Mosis
2678 5461 2758 5504 est
2786 5468 2799 5501 :
2826 5450 2945 5513 hoc,
2977 5447 3169 5517 Dignus
3201 5457 3266 5498 est
3308 5463 3425 5513 ope-

1866 5575 2029 5613 rarius
2056 5556 2275 5608 mercede
2301 5566 2393 5603 sua
2427 5547 2602 5615 (Deut.
2632 5544 2720 5597 25.
2755 5542 2820 5606 4;
2852 5539 2976 5592 Luc.
3025 5540 3108 5591 10.
3151 5538 3230 5605 7),
3275 5535 3427 5590 Chri-

1867 5658 1980 5705 stus
2000 5650 2053 5700 in
2071 5642 2369 5712 Evangeliis
2394 5638 2579 5692 eﬂ’atus
2609 5641 2705 5687 est.
2736 5631 2802 5684 At
2828 5630 2933 5694 ille,
2964 5637 3015 5681 ut
3038 5631 3245 5695 planum
3284 5626 3423 5677 lace-

1868 5749 1968 5797 ret.
2017 5737 2084 5791 ab
2132 5750 2235 5789 uno
2276 5740 2330 5788 et
2373 5727 2563 5784 eodem
2604 5738 2696 5779 ore
2744 5721 2854 5775 hanc
2905 5726 2957 5772 et
3006 5716 3089 5775 illa
3132 5715 3273 5770 edita
3306 5727 3423 5769 esse
