4110 6318
709 359 822 414 399

710 460 943 522 oracula,
972 458 1109 525 ideo,
1149 472 1265 526 qua:
1291 455 1550 510 distinctis
1589 453 1911 523 temporibus
1936 455 2266 523 pronuntiata

706 553 934 612 fuerant,
961 550 1030 602 ob
1060 547 1294 601 veritatis
1309 546 1708 600 consensionem
1727 544 2004 613 copulavit,
2021 559 2139 598 cum
2159 545 2230 597 ait
2254 563 2268 598 :

707 640 969 704 Scriptum
995 649 1086 702 est,
1122 638 1238 690 Non
1267 638 1514 690 obturabis
1539 652 1593 690 os
1623 637 1728 688 bovi
1758 636 2011 687 trituranti
2029 645 2140 699 ;et,
2172 633 2269 686 Di-

705 745 832 798 gnus
859 737 929 781 est
956 728 1214 794 aperarius
1239 727 1459 778 mercede
1484 741 1594 778 sua.
1627 725 1787 791 Hujus
1816 723 2129 791 evangelica:
2150 722 2271 776 har-

705 819 897 870 monia:
927 815 1207 884 imaginem
1240 816 1368 868 retia
1401 815 1485 867 illa
1526 813 1686 877 Petri,
1729 827 1844 881 quae
1871 812 2027 864 hodie
2056 811 2109 864 in
2138 826 2267 866 con-

703 912 885 973 spectu
937 913 1113 958 vestro
1157 905 1326 957 laxata
1378 911 1532 964 sunt,
1581 902 1849 955 exhibent.
1896 899 2076 969 Neque
2127 902 2266 953 enim

702 995 868 1049 semel
906 996 1090 1049 Petrus
1119 1003 1319 1047 tantum
1350 995 1477 1046 retia
1520 994 1711 1046 laxavit
1743 1011 1755 1043 :
1788 993 1880 1045 sed
1923 993 1964 1043 si
1999 991 2267 1044 historiam

703 1093 935 1151 spectes,
965 1084 1128 1137 semel
1149 1091 1374 1146 tantum;
1407 1082 1500 1136 sed
1525 1083 1575 1134 vi
1604 1091 1656 1134 et.
1683 1080 1916 1135 efficacia
1944 1095 2102 1149 smpe.
2131 1081 2272 1146 Quo-

703 1173 803 1226 ties
834 1173 973 1227 enim
1001 1173 1325 1241 evangelium
1353 1173 1681 1240 przedicatur,
1712 1170 1838 1223 nihil
1867 1186 1964 1240 ego
2002 1171 2142 1224 aliud
2183 1173 2264 1223 in-

703 1270 872 1328 tueor,
908 1277 1061 1331 quam
1111 1263 1342 1326 Petrum,
1382 1271 1435 1315 et
1465 1261 1746 1326 Andream,
1798 1270 1851 1314 et
1907 1268 2070 1314 totum
2119 1260 2294 1313 illum°

706 1352 927 1406 chorum
947 1354 1313 1422 apostolicum,
1332 1351 1688 1420 evangelicum
1707 1351 1828 1404 illud
1847 1361 1959 1406 rete
1979 1351 2264 1405 laxantem.

771 1442 823 1495 2.
856 1442 922 1496 Et
950 1452 1063 1496 erat
1089 1457 1216 1496 sane
1246 1455 1436 1493 novum
1469 1442 1820 1509 spectaculum
1843 1439 2175 1494 Servatorem
2210 1441 2261 1493 in

701 1532 832 1583 mari
859 1531 1188 1598 conspicere,
1217 1539 1268 1582 ct
1297 1531 1564 1582 auditores
1594 1531 1645 1581 in
1674 1529 1846 1583 littore
1874 1530 2224 1584 consistentes
2249 1546 2262 1582 :

703 1620 834 1672 mira
860 1633 944 1673 res
973 1637 987 1673 :
1019 1621 1187 1688 pisces
1215 1620 1264 1671 in
1306 1629 1462 1682 terra,
1506 1620 1733 1687 piscator
1761 1621 1811 1673 in
1851 1621 1979 1673 mari
2021 1606 2266 1674 versaba;

703 1720 808 1764 tur.
841 1709 1097 1764 lmmissio
1127 1711 1262 1764 illius
1285 1711 1412 1764 retis
1443 1713 1612 1782 imago
1633 1724 1746 1765 erat
1767 1713 2016 1766 doctrina:
2036 1729 2261 1782 evange-

701 1798 836 1853 lica}.
871 1799 1090 1868 Reperit,
1132 1799 1315 1869 inquit,
1349 1802 1618 1868 piscatores
1665 1801 1883 1854 lavantes
1936 1802 2058 1854 retia
2112 1801 2261 1861 (Luc.

700 1887 753 1942 5.
777 1889 814 1944 2
836 1890 878 1956 ),
899 1899 953 1941 ut
973 1889 1058 1956 qui
1081 1903 1289 1943 omnem
1309 1899 1538 1958 captura:
1561 1904 1703 1957 spem
1727 1889 2065 1956 abjecissent.
2089 1893 2263 1944 Pisca-

699 1987 783 2029 tor
803 1979 942 2030 enim
966 1977 1065 2030 nisi
1087 1978 1328 2044 desperet
1350 1993 1406 2030 se
1421 1977 1616 2046 aliquid
1643 1977 1858 2044 piscium
1880 1992 2030 2044 posse
2051 1993 2260 2046 capere,

699 2074 812 2119 rete
835 2080 939 2118 non
968 2065 1122 2119 lavat.
1154 2066 1331 2134 Itaque
1352 2067 1547 2136 reperit
1569 2067 1710 2136 ipsos
1740 2067 1990 2122 Servator
2030 2070 2160 2123 retia
2190 2071 2262 2122 la-

699 2164 902 2217 vantes,
922 2164 980 2209 ut
1001 2157 1088 2224 qui
1107 2158 1276 2210 nullos
1299 2171 1418 2210 sese
1455 2159 1624 2225 pisces
1645 2173 1834 2226 capere
1857 2175 2010 2228 posse
2031 2160 2261 2215 confide-

696 2257 827 2307 rent,
857 2247 1170 2300 etDominus
1197 2249 1499 2315 piscationis
1527 2249 1718 2314 adstat,
1747 2260 1799 2305 et
1825 2253 1948 2320 quid
1975 2252 2129 2306 facit?
2148 2254 2261 2306 Pri-

696 2349 838 2386 mum
863 2335 1073 2401 quidem
1101 2337 1392 2389 doctrinam
1423 2340 1658 2390 veritatis
1687 2341 1786 2392 illis
1816 2343 2059 2407 proponit
2088 2359 2100 2394 :
2134 2343 2255 2398 hinc

693 2421 842 2492 jubet
867 2432 980 2477 rete
1008 2423 1192 2478 laxari.
1223 2425 1355 2479 Cum
1383 2427 1523 2480 enim
1549 2427 1706 2480 verba
1733 2428 1848 2481 sine
1873 2430 2120 2495 operibus
2161 2431 2256 2485 de-

694 2516 1072 2568 monstratione
1121 2525 1392 2583 carerent,
1440 2517 1716 2586 oportebat
1767 2519 2057 2573 doctrinam
2107 2521 2256 2574 factis

693 2607 1005 2659 confirmare
1038 2623 1051 2659 :
1081 2621 1199 2659 nam
1247 2608 1355 2662 Deo
1397 2607 1635 2676 jubeute,
1676 2625 1792 2678 qua:
1831 2611 2068 2677 nuspiam
2099 2626 2256 2678 repe-

691 2696 896 2748 riuntur
934 2695 1169 2749 invenies
1201 2713 1215 2750 :
1243 2705 1295 2750 et
1331 2713 1447 2766 quae
1490 2712 1594 2750 non
1622 2707 1763 2762 sunt,
1804 2700 1999 2767 capies.
2042 2697 2251 2763 Leucate,

690 2783 783 2846 ait,
812 2784 935 2835 retia
960 2793 1117 2838 vestra
1140 2783 1285 2854 (Luc.
1318 2787 1369 2839 5.
1407 2787 1458 2840 4.
1493 2787 1569 2854 5).
1600 2787 1698 2840 Cui
1731 2787 1918 2842 Petrus
1944 2805 1958 2841 :
1986 2788 2250 2858 Magister,

689 2889 778 2942 per
803 2883 957 2925 totam
981 2885 1170 2928 noctem
1190 2877 1489 2936 laborantes,
1511 2877 1639 2929 nihil
1663 2879 1898 2945 cepimus,
1929 2880 2016 2932 sed
2041 2880 2092 2931 in
2111 2879 2252 2932 ua'bo

691 2972 778 3015 tuo
823 2965 1002 3018 (amabo
1046 2976 1164 3019 rete.
1221 2967 1466 3019 Admiror
1518 2967 1654 3021 Petri
1714 2969 1866 3022 Iidem
1911 2987 1922 3020 :
1969 2972 2054 3038 qui
2085 2972 2250 3037 prima

689 3054 963 3123 desperata
1010 3056 1244 3120 haberet,
1297 3068 1351 3110 et
1393 3072 1525 3110 nova
1567 3059 1851 3112 crederet:
1886 3058 1945 3112 in
1989 3060 2130 3112 verbo
2168 3069 2250 3113 tuo

689 3146 868 3198 [amabo
889 3156 1007 3200 rete.
1054 3147 1180 3210 Cur,
1211 3145 1277 3199 In
1314 3148 1458 3200 verbo
1502 3158 1605 3212 tuo,
1651 3149 1757 3201 ait?
1791 3149 2046 3215 Quoniam
2092 3149 2252 3204 verbo

688 3237 803 3303 ejus
830 3238 944 3290 ρωιί
975 3237 1162 3290 ﬁrmati
1186 3246 1326 3302 sunt,
1348 3247 1404 3292 et
1433 3248 1571 3291 terra
1603 3237 1814 3292 fundata
1842 3250 1938 3301 est,
1984 3255 2127 3294 mare
2161 3255 2251 3294 se-

687 3340 923 3398 paratum
955 3338 1034 3384 est
1061 3328 1224 3399 (Psal.
1267 3330 1356 3384 52.
1397 3330 1450 3385 6.
1502 3341 1548 3382 et
1603 3331 1722 3384 101.
1765 3331 1854 3398 26)
1884 3348 1895 3383 :
1927 3330 2084 3384 homo
2123 3347 2249 3400 pro-

688 3421 815 3488 priis
841 3422 949 3474 suis
971 3420 1185 3474 ﬂoribus
1212 3430 1491 3475 coronatus
1535 3431 1634 3485 est,
1668 3430 1720 3475 et
1751 3422 1929 3474 omnia
1971 3422 2130 3476 verbo
2159 3431 2247 3474 tuo

687 3510 1072 3564 constiterunt:
1105 3511 1252 3564 utait
1276 3511 1467 3564 Paulus
1500 3527 1513 3564 :
1545 3512 1642 3575 Qui
1681 3521 1843 3578 portat
1890 3513 2057 3565 omnia
2106 3513 2248 3565 verbo

693 3603 924 3668 potentia
946 3601 1244 3669 sua-(Hebr.
1283 3603 1330 3655 1.
1363 3604 1441 3671 5).
1476 3601 1539 3655 In
1558 3605 1701 3654 verbo
1723 3613 1807 3655 tuo
1833 3603 2011 3655 Iaxabo
2035 3613 2152 3654 rete.
2185 3603 2247 3654 Et

689 3689 901 3743 verbum
933 3690 1058 3743 illud
1089 3691 1298 3758 quidem
1333 3701 1443 3745 rete
1464 3691 1747 3746 antecessit
1776 3710 1788 3743 :
1821 3707 1916 3745 nec
1944 3693 2116 3760 pisces
2154 3691 2246 3744 ad-

685 3787 828 3831 sunt.
848 3778 978 3830 Nam
1007 3779 1128 3832 licet
1169 3779 1477 3841 adfuissent,
1519 3779 1588 3832 ob
1628 3780 1904 3832 tumultum
1934 3795 2115 3832 eorum
2157 3781 2243 3848 qui

687 3867 1042 3935 piscabantur,
1075 3867 1296 3922 fuissent
1344 3869 1552 3937 dilapsi.
1587 3869 1689 3924 Sed
1725 3869 1995 3924 descendit
2029 3873 2245 3926 verbum

684 3956 819 4022 ejus,
853 3955 952 4021 Qui
979 3966 1115 4009 vocat
1152 3973 1208 4009 ea
1234 3974 1344 4025 qua:
1377 3975 1474 4011 non
1499 3968 1630 4022 sunt,
1663 3975 1723 4011 ac
1747 3961 1789 4011 si
1809 3969 1966 4012 essent
1989 3959 2156 4026 (Rom.
2192 3963 2243 4015 4.

685 4048 770 4114 17)
802 4065 813 4100 :
839 4048 1071 4114 potentia
1118 4048 1231 4116 ejus
1253 4051 1340 4116 qui
1361 4049 1598 4117 jubebat,
1624 4051 1770 4118 prius
1794 4067 1948 4120 quam
1975 4061 2246 4106 retentare

684 4136 844 4189 subiit
872 4152 884 4185 :
909 4146 961 4189 et
991 4151 1174 4205 magna
1206 4138 1284 4190 vis
1315 4139 1532 4206 piscium
1560 4149 1737 4193 coacta
1783 4150 1884 4194 est.
1929 4142 2104 4210 imago
2132 4141 2246 4196 hare.

681 4225 776 4277 fuit
801 4225 1110 4278 universalis
1143 4226 1416 4280 Ecclesia).
1461 4228 1820 4296 Rumpebatur
1865 4239 1976 4284 rete
2003 4248 2015 4282 :
2045 4246 2245 4286 annue-

682 4323 804 4368 runt
828 4316 1006 4377 sociis,
1033 4318 1120 4384 qui
1153 4318 1202 4369 in
1229 4317 1329 4370 alia
1356 4319 1589 4372 navicula
1619 4330 1788 4385 erant,
1820 4329 1878 4373 ut
1905 4323 2165 4385 venirent,
2190 4333 2243 4375 et

682 4405 780 4457 sibi
824 4406 1204 4459 auxiliarentnr
1256 4408 1401 4475 (Luc.
1446 4410 1498 4462 5.
1547 4411 1598 4462 6.
1651 4411 1727 4478 7).
1777 4411 2063 4477 Opnrlehat
2101 4414 2239 4465 enim

685 4509 846 4549 naves
883 4495 1014 4549 duas
1050 4511 1362 4550 concurrere
1417 4500 1480 4550 ad
1525 4499 1664 4551 illam
1720 4501 2080 4566 piscationem.
2134 4501 2241 4553 Nsi

685 4585 826 4638 cnim
855 4586 1223 4654 prophetarum
1251 4587 1442 4640 chorus
1463 4589 1762 4656 apostolica:
1793 4591 1967 4642 manui
1989 4591 2146 4655 adsit,
2190 4601 2244 4645 et

687 4676 973 4744 opituletur
1000 4694 1012 4728 :
1046 4687 1097 4730 et
1117 4678 1214 4730 nisi
1237 4680 1464 4732 oraculis
1488 4681 1859 4747 prophetarum
1886 4683 2240 4748 apostolorum

683 4775 904 4818 eventus
931 4769 1268 4833 respondeat,
1304 4784 1404 4820 non
1436 4772 1670 4836 capimus
1697 4785 1812 4837 qua:
1845 4786 2119 4823 venamur.
2145 4770 2244 4822 ita-

682 4870 784 4923 que
809 4871 926 4909 cum
948 4855 1196 4911 Servator
1217 4859 1580 4914 demonstrare
1614 4860 1785 4923 vellet,
1828 4860 1962 4914 hanc
2000 4862 2238 4929 piscatio-

683 4962 802 5000 nem
833 4949 1113 5016 imaginem
1143 4965 1262 5004 esse
1309 4951 1578 5014 Ecclesiae,
1624 4962 1681 5005 ut
1724 4952 1936 5006 Petrum
1971 4956 2238 5019 erndiret;

685 5038 785 5089 hoc
809 5040 1048 5105 exemplo
1084 5041 1224 5092 acuit
1259 5049 1311 5094 et
1350 5040 1584 5094 incitavit
1626 5042 1693 5093 ad
1748 5042 2125 5108 fortitudinem,
2179 5060 2238 5098 ac

680 5126 806 5180 dicit
832 5129 948 5195 ipsi,
999 5128 1079 5180 Ne
1112 5141 1319 5195 metuas,
1363 5133 1426 5184 ab
1478 5133 1570 5184 hoc
1614 5143 1848 5201 tempore,
1897 5135 2116 5187 homines
2146 5137 2240 5187 eris

679 5219 882 5284 eripiens
913 5217 1056 5285 (Luc.
1087 5220 1139 5272 5.
1164 5221 1271 5287 10).
1304 5222 1374 5272 Ab
1413 5221 1505 5274 hoc
1555 5233 1789 5291 tempore,
1839 5240 1942 5291 quo
1993 5225 2240 5290 potentia:

673 5323 815 5360 mea:
866 5322 1041 5360 coram
1088 5311 1233 5362 vobis
1273 5313 1558 5378 periculum
1609 5312 1845 5365 factum:
1891 5313 2045 5381 idque
2093 5312 2238 5366 vobis

678 5400 944 5466 cognitum
969 5408 1018 5450 et
1045 5400 1197 5466 plane
1218 5411 1546 5467 perspectum
1578 5412 1676 5464 est,
1707 5404 1863 5455 etiam
1897 5403 2045 5457 bruta
2081 5401 2238 5456 verbo

682 5504 803 5542 ineo
824 5489 1058 5552 obedire,
1087 5491 1362 5557 omniaque
1392 5501 1572 5542 nutum
1597 5507 1768 5543 meum
1797 5491 1964 5560 sequi.
1997 5491 2103 5543 Hoc
2128 5490 2238 5543 ido-

680 5591 782 5630 neo
819 5578 1062 5645 exemplo
1104 5579 1172 5630 ob
1220 5580 1401 5632 oculos
1451 5580 1636 5647 pesito,
1681 5579 1930 5648 deinceps
1971 5579 2236 5647 capiendis

684 5665 979 5723 hominibus
1009 5684 1222 5738 operam
1252 5669 1393 5724 dato.
1427 5669 1602 5740 Neque
1629 5670 1768 5726 enim
1804 5670 1954 5736 dicit,
1996 5669 2234 5726 homines

2178 335 2453 394 INCEBTI

3833 367 3942 422 400

2376 455 2678 525 piscaberis,
2715 458 2809 512 sed
2837 458 3077 513 Homines
3111 459 3244 513 vivos
3277 459 3478 528 capiens
3507 461 3624 513 eris.
3653 458 3920 529 Siquidem

2375 546 2546 614 pisces
2571 547 2677 599 vivi
2707 548 2772 601 ad
2796 559 3020 602 mortem
3049 548 3216 602 solent
3241 549 3390 617 capi;
3415 549 3658 603 homines
3687 563 3811 604 vero
3840 564 3930 602 ca-

2373 634 2604 702 piuntur,
2640 646 2698 688 ut
2741 651 2770 688 a
2808 648 2978 690 morte
3007 637 3071 690 ad
3112 637 3270 690 vitam
3302 647 3566 691 transeant
3597 656 3611 692 :
3639 640 3810 705 itaque
3837 639 3929 702 ait,

2371 726 2446 777 Ab
2474 726 2566 778 hoc
2588 738 2806 794 tempore
2850 728 3072 780 homines
3098 728 3194 780 eris
3235 729 3454 794 capiens.
3485 728 3590 782 Sed
3619 745 3712 783 cur
3736 729 3805 782 ait
3834 730 3927 792 illi,

2373 812 2456 865 Ne
2482 817 2711 869 metuas?
2739 816 2885 878 Esto,
2912 817 3224 884 promissum
3247 817 3577 884 splendidum
3617 817 3770 872 fuerit
3795 836 3808 883 ;
3837 834 3932 873 cur

2370 903 2479 956 ait:
2514 902 2594 955 Ne
2618 914 2810 956 metuas
2835 905 2860 956 Ρ
2883 905 3011 971 Quia
3040 905 3112 957 illi
3153 906 3204 957 in
3235 915 3463 959 mentem
3513 909 3655 960 venit
3694 909 3929 974 priorum

2371 998 2730 1056 peccatorum,
2779 992 3032 1044 Dominus
3080 991 3152 1044 ait
3197 1009 3210 1044 :
3265 991 3346 1045 Ne
3394 1005 3584 1046 metuas
3637 1005 3686 1048 te
3735 997 3926 1064 ipsum,

2371 1086 2634 1146 tamquam
2681 1089 3012 1149 peecatorem
3060 1098 3073 1134 :
3117 1081 3208 1133 sed
3240 1081 3489 1151 deinceps
3533 1084 3754 1152 teipsum
3798 1101 3929 1139 con-

2369 1169 2568 1223 sideres
2593 1180 2649 1224 ut
2671 1170 2990 1240 apostolum,
3037 1172 3123 1241 qui
3173 1171 3438 1226 dominico
3488 1175 3707 1242 imperio
3741 1177 3926 1229 orbem

2367 1259 2515 1326 quasi
2568 1274 2758 1328 sagcna
2806 1261 3084 1329 complecti
3134 1262 3352 1330 juberis.
3409 1262 3553 1317 Hanc
3593 1280 3800 1328 vocem,
3845 1265 3929 1320 Ne

2369 1357 2596 1412 metuas,
2643 1350 2865 1419 quisque
2913 1366 2976 1404 ex
3028 1351 3237 1405 Christo
3286 1352 3500 1415 audiat;
3559 1352 3642 1406 Ne
3687 1365 3878 1408 metuas
3909 1370 3930 1408 :

2368 1436 2526 1489 modo
2554 1436 2620 1490 ab
2663 1438 2762 1490 hoc
2792 1449 3028 1507 tempore
3061 1441 3423 1508 paenitentiam
3458 1451 3594 1510 agat.
3639 1443 3774 1512 Ergo
3805 1454 3919 1498 rete

2371 1525 2499 1579 illud
2526 1567 2540 1590 ,
2571 1537 2627 1580 ut
2657 1528 2895 1582 ordinem
2924 1544 3102 1583 rerum
3133 1532 3560 1599 explicandarum
3595 1532 3736 1600 prius
3770 1535 3921 1588 insti-

2366 1624 2534 1668 tutum
2561 1631 2968 1685 prosequamur,
2999 1619 3174 1687 imago
3215 1619 3309 1671 fuit
3334 1621 3650 1689 evangelica:
3681 1621 3924 1676 Servata

2366 1705 2441 1758 ris
2486 1705 2762 1759 doctrinae.
2813 1706 2923 1760 Hoc
2956 1716 3133 1760 autem
3173 1709 3502 1776 evangelium
3538 1708 3696 1762 modo
3734 1709 3925 1764 Paulus

2365 1794 2696 1863 evangelium
2745 1795 3002 1862 justitite,
3050 1796 3208 1849 modo
3235 1797 3561 1865 evangelium
3608 1799 3783 1865 pacis,
3829 1800 3924 1852 ali-

2363 1884 2574 1953 quando
2629 1885 2961 1955 evangelium
3018 1888 3263 1955 potentize
3311 1889 3556 1957 appellat.
3603 1889 3734 1955 Quia
3783 1891 3922 1945 enim

2365 1974 2753 2041 prmdicationis
2797 1975 2880 2027 illa
2909 1976 3076 2044 gratia
3120 1985 3328 2044 poterat
3358 1977 3494 2030 bella
3521 1976 3758 2043 auferre,
3788 1981 3925 2033 sedi-

2365 2063 2644 2130 tionesque
2675 2063 2948 2118 hominum
2994 2067 3130 2120 circa
3167 2067 3413 2134 pietatem
3449 2083 3551 2120 non
3582 2071 3923 2124 consentien-

2364 2153 2490 2206 tium
2517 2153 2797 2222 dissipare,
2827 2156 2948 2223 quia
2971 2169 3155 2209 omnes
3182 2156 3248 2209 ad
3273 2158 3495 2210 salutem
3533 2158 3739 2224 invitat,
3765 2175 3923 2214 evan-

2359 2244 2554 2309 gelium
2579 2243 2798 2311 justitiaa
2827 2245 3017 2298 dicitur
3047 2263 3059 2298 :
3100 2246 3221 2314 quia
3273 2261 3397 2298 vero
3432 2245 3733 2302 dannonum
3781 2249 3920 2305 bella

2358 2332 2534 2398 sedat,
2559 2336 2888 2403 evangelium
2918 2337 3062 2404 pacis
3101 2336 3398 2405 appellatur
3426 2354 3439 2390 :
3471 2352 3533 2390 ac
3557 2339 3674 2406 quia
3707 2339 3796 2393 Dei
3830 2355 3922 2394 co-

2358 2425 2651 2490 gnitionem
2687 2425 2865 2478 verbis
2894 2426 3087 2478 vilibus
3117 2426 3436 2494 promulgat,
3468 2429 3799 2497 evangelium
3827 2445 3920 2498 po-

2359 2512 2540 2564 tentia:
2567 2512 2780 2565 dicitur.
2823 2514 2958 2566 Audi
3006 2514 3222 2567 Paulum
3254 2514 3517 2568 dicentem
3547 2532 3562 2567 :
3600 2515 3720 2569 Non
3743 2521 3918 2571 erube-

2356 2619 2440 2656 sco
2489 2605 2803 2673 evangelium
2827 2620 2846 2657 ξ
2877 2606 3030 2658 virtus
3057 2606 3188 2657 enim
3221 2604 3318 2658 Dei
3361 2615 3431 2659 est
3454 2607 3524 2657 ad
3546 2608 3754 2660 salutem
3782 2612 3916 2662 omni

2360 2694 2623 2760 credenti(
2663 2694 2813 2747 Rom.
2839 2695 2890 2747 1.
2920 2695 3053 2764 16).
3101 2695 3340 2749 Potentia
3385 2697 3642 2766 siquidem
3679 2707 3786 2752 tum
3823 2700 3918 2754 de-

2356 2797 2497 2835 mum
2535 2799 2658 2838 vere
2695 2785 2947 2838 eluceseit
2973 2825 2986 2848 ,
3024 2799 3143 2838 cum
3184 2785 3227 2838 is
3261 2787 3349 2854 qui
3390 2787 3659 2855 praedicat,
3686 2803 3793 2842 non
3819 2792 3916 2843 hu—

2356 2887 2509 2925 mana
2541 2874 2798 2926 rationum
2836 2875 2975 2928 serie
3010 2889 3136 2929 usus
3160 2917 3176 2940 ,
3205 2877 3461 2931 terminos
3492 2877 3636 2932 orbis
3666 2879 3864 2935 obtinet
3893 2897 3910 2945 ;

2353 2970 2410 3014 ut
2432 2962 2682 3018 Servator
2725 2963 2888 3017 Paulo
2913 2964 3039 3018 dicit
3071 2981 3084 3016 :
3114 2965 3304 3034 θερίσει
3326 2967 3419 3036 tibi
3449 2970 3612 3038 gratia
3638 2986 3748 3023 mea
3772 2987 3791 3023 :
3816 2972 3914 3024 sir-

2355 3060 2433 3102 ttts
2457 3053 2588 3104 enim
2609 3069 2716 3104 mea
2742 3056 2794 3106 in
2818 3055 3108 3120 inﬁrmitate
3135 3058 3392 3123 perﬁcitur
3413 3057 3432 3128 (
3457 3057 3511 3109 2.
3540 3056 3660 3112 Cor.
3693 3059 3774 3112 12.
3808 3063 3838 3115 9
3865 3061 3907 3128 ).

2353 3138 2538 3209 Neque
2567 3144 2708 3194 enim
2737 3157 2983 3211 niagnum
3011 3145 3276 3212 quidpiam
3305 3144 3406 3198 hoc
3436 3145 3653 3210 fuisset,
3684 3149 3726 3201 si
3757 3147 3911 3202 Chri-

2353 3239 2468 3285 stus
2493 3231 2629 3285 nuda
2669 3246 2762 3286 sua
2787 3232 3059 3287 divinitate
3089 3236 3273 3288 orbem
3306 3235 3656 3289 illustrassct:
3688 3237 3780 3291 sed
3812 3237 3910 3293 hoc

2352 3323 2564 3387 mirum,
2599 3323 2736 3392 quod
2763 3338 2990 3392 corpore
3032 3339 3126 3378 suo
3157 3325 3531 3393 impassibiiem
3575 3335 3629 3379 et
3663 3329 3908 3396 incorpo-

2352 3426 2496 3464 rcain
2529 3413 2822 3466 ostenderit
2847 3413 3093 3482 gloriam.
3126 3413 3309 3482 Neque
3340 3413 3469 3467 illud
3499 3414 3829 3482 admirabile,
3861 3418 3907 3470 si

2350 3505 2499 3556 vivus
2525 3513 2578 3557 et
2621 3505 2829 3559 vivifica
2873 3506 3038 3574 gloria
3086 3505 3464 3572 resplendens,
3492 3505 3606 3559 orbi
3637 3507 3796 3559 vitam
3825 3523 3909 3561 re-

2348 3597 2607 3650 stituissct
2629 3614 2642 3653 :
2665 3597 2758 3650 sed
2789 3598 3018 3664 potentia
3052 3596 3206 3650 Verbi
3227 3605 3308 3649 est
3330 3594 3470 3664 quod
3494 3605 3660 3650 morte
3684 3607 3906 3650 mortem

2353 3686 2522 3750 tollat,
2549 3697 2604 3739 et
2632 3701 2725 3754 per
2748 3688 3096 3740 contumelias
3124 3687 3405 3739 immortali
3432 3687 3597 3754 gloria
3631 3687 3903 3755 rcfulgeat.

2350 3777 2488 3830 Alibi
2513 3779 2671 3830 etiam
2703 3778 2898 3831 Paulus
2923 3778 3251 3845 evangelium
3279 3777 3423 3845 pacis
3455 3777 3684 3844 appellat
3718 3796 3730 3828 :
3769 3778 3907 3831 Prte-

2350 3876 2540 3933 parate,
2571 3866 2663 3933 ait,
2690 3868 2842 3936 pedes
2867 3876 3052 3919 vestros
3079 3868 3132 3918 in
3168 3867 3531 3936 prseparatione
3555 3869 3795 3935 evangelii
3824 3885 3907 3934 pa.

2354 3954 2467 4024 eis(
2497 3954 2686 4021 Epltcs.
2719 3955 2773 4009 6.
2806 3954 2934 4026 15).
2963 3955 3101 4008 Alibi
3125 3955 3451 4023 evangelium
3478 3956 3697 4022 justitize
3738 3957 3905 4008 nomi-

2351 4052 2463 4108 nat,
2489 4059 2607 4097 cum
2630 4046 2704 4097 ait
2727 4062 2739 4096 :
2776 4044 2895 4097 Non
2922 4046 3051 4097 enim
3080 4045 3308 4097 erubesco
3336 4045 3641 4112 evangelium
3667 4061 3684 4097 :
3703 4046 3903 4114 justitia

2347 4133 2477 4187 enim
2499 4133 2596 4187 Dei
2616 4135 2666 4188 in
2687 4135 2794 4199 ipso
2812 4133 3080 4187 revelatur‘
3106 4133 3279 4200 (Rom.
3313 4133 3361 4186 1.
3398 4133 3480 4186 16.
3515 4133 3618 4200 17).
3647 4133 3779 4197 Quid
3816 4142 3898 4186 est

2345 4229 2551 4283 Justitia
2578 4226 2673 4280 Dei
2699 4226 2724 4278 .’
2750 4225 3096 4292 Posteaquam
3127 4225 3204 4276 lex
3238 4224 3401 4290 prima
3433 4223 3557 4275 solis
3583 4223 3781 4277 Judzeis
3808 4224 3905 4277 fuit

2345 4318 2856 4388 data,Evangelium
2875 4331 3000 4369 vero
3027 4315 3295 4376 omnibus,
3325 4315 3655 4381 evangelium
3682 4316 3905 4382 justitize

2344 4409 2593 4479 appellat.
2639 4405 2908 4473 Siquidem
2941 4405 3078 4457 Deus
3121 4404 3295 4472 justus
3317 4403 3405 4471 qui
3449 4419 3632 4456 omnes
3659 4419 3904 4472 perarque

2345 4499 2660 4568 procreavit,
2693 4510 2879 4548 omnes
2919 4509 3164 4561 perarque
3205 4493 3484 4545 illustravit
3517 4510 3531 4545 :
3567 4493 3797 4560 illudque
3821 4495 3906 4561 ju-

2343 4590 2502 4643 stitia:
2527 4589 2822 4650 erat,‘._non
2855 4585 2951 4636 hos
2991 4582 3202 4649 quidem
3253 4597 3484 4646 scrvare,
3511 4582 3630 4635 illos
3661 4597 3786 4635 vero
3810 4585 3901 4636 mi-

2345 4679 2486 4732 nime
2513 4694 2526 4730 :
2555 4686 2605 4728 et
2637 4674 2733 4726 hos
2758 4687 2972 4734 vocare,
3018 4671 3134 4723 illus
3179 4684 3352 4723 secus.
3397 4669 3449 4723 in
3485 4669 3658 4722 Veteri
3690 4670 3897 4739 quidem

2344 4768 2702 4827 Testamento,
2733 4762 2938 4815 vocatie
2959 4761 3095 4830 justa
3125 4775 3226 4813 non
3259 4760 3355 4812 fuit
3383 4777 3395 4810 :
3425 4759 3515 4813 sed
3551 4762 3890 4823 teconomica,

2343 4872 2462 4926 qua:
2508 4854 2725 4923 justitia:
2762 4852 2900 4904 viam
2952 4850 3304 4920 prmmunivit.
3337 4848 3513 4915 Neque
3560 4858 3730 4902 tamen
3765 4848 3898 4903 hanc

2343 4948 2552 5015 quidem
2587 4946 2804 5014 justam,
2835 4943 2976 4995 illam
3004 4955 3129 4996 vero
3157 4941 3404 5009 injustam
3432 4941 3618 4996 dixero
3646 4956 3658 4991 :
3693 4940 3782 4993 sed
3831 4940 3894 4992 il-

2343 5039 2445 5092 lam
2469 5037 2668 5090 aditum
2695 5034 2760 5088 ad
2789 5033 2924 5086 hanc
2951 5031 3264 5100 patefecisse
3285 5073 3297 5095 ,
3328 5041 3381 5085 et
3410 5031 3473 5084 ad
3521 5029 3655 5084 hanc
3680 5045 3898 5099 appara-

2343 5135 2453 5180 tum
2477 5123 2758 5194 quemdam
2791 5121 2971 5174 fuisse.
3007 5120 3198 5188 Legem
3229 5119 3407 5172 lsracli
3429 5117 3594 5171 dedit.
3631 5119 3761 5171 llinc
3798 5119 3895 5172 Da-

2406 5258 2421 5286 ι
2457 5263 2568 5312 Quae
2592 5254 2696 5301 haec
2713 5252 2880 5309 verba,
2905 5248 2954 5312 in
2977 5249 3078 5311 ipso
3100 5248 3353 5312 repetatur,
3378 5255 3646 5312 seqiumtur
3662 5249 3709 5295 in
3733 5261 3899 5312 excer-

2340 5319 2437 5386 rtis
2472 5309 3899 5386 haudanesum,vanissima“???§“.9t:_r;,§£9:2('<:'3:9:’9

2339 5369 2484 5435 igitur
2492 5369 2679 5435 iustitia
2695 5373 2790 5435 ignei
2813 5369 2863 5420 in
2884 5371 2985 5435 ipso
3008 5369 3286 5435 _r_evelat_i_t_r_?
3308 5372 3540 5435 Quonwdo
3561 5370 3722 5435 ἔρωτι
3739 5369 3898 5435 prith

2385 5451 2420 5485 ετ
2438 5428 2617 5483 rutam
2634 5434 2743 5483 solis
2767 5435 2878 5498 d_at_a
2893 5428 2973 5498 sit,
3003 5429 3111 5479 licet
3132 5429 3218 5498 alii
3239 5429 3445 5479 homines
3466 5429 3676 5498 ejusdem
3698 5428 3899 5498 exsiste-

2340 5503 2645 5561 rentnaturte
2662 5502 2710 5561 et
2730 5492 2943 5561 originis,
2968 5490 3259 5561 euangelium
3282 5503 3389 5559 uero
3409 5489 3621 5561 omnibus
3651 5490 3896 5561 aquatiles

2339 5557 2566 5618 gentibus,
2592 5555 2758 5604 merito
2796 5551 2845 5601 in
2876 5551 2957 5600 illo
2985 5551 3191 5618 justitia
3336 5555 3583 5618 ructatur,
3629 5556 3674 5618 et
3698 5551 3899 5618 justiti:

2340 5610 2626 5677 'évangelt'um
2658 5622 2866 5665 vocatur.
2906 5620 2958 5661 In
2987 5610 3146 5662 Veteri
3174 5611 3319 5674 igitur
3355 5616 3471 5662 rest.
3503 5613 3573 5663 Sic
3594 5613 3775 5660 notavit
3807 5616 3899 5658 Du-

2341 5691 2486 5727 catus.
