4152 6324
233 384 342 439 399

221 487 329 538 λίου
362 484 521 538 εἰκὼν
545 484 613 538 τά
643 484 830 537 δίκτυα
859 483 1084 553 Πέτρου,
1113 484 1181 537 τὰ
1214 486 1447 553 σήμερον
1476 484 1559 534 ἐπ’
1589 481 1772 549 δψεσιν

221 574 510 641 ἡμετέραις
541 574 633 623 καὶ
662 574 848 632 ἀκοαῖς
880 570 1229 639 χαλασθέντα.
1257 571 1329 623 Οὑ
1361 570 1468 638 γὰρ
1500 569 1643 632 ἅπαξ
1679 566 1774 618 Πέ-

219 674 341 725 τρος
373 656 600 725 ἐχάλασε
630 657 698 708 τά
735 657 941 716 δίκτυα,
974 655 1108 707 ἀλλὰ
1139 659 1202 725 τῇ
1235 655 1333 724 μὲν
1368 654 1573 723 ἱστορίᾳ
1606 652 1770 717 ἆπαξ,

219 747 280 811 τῇ
321 741 376 793 δὲ
415 741 638 810 δυνάμει
673 741 944 803 πολλάκις.
991 741 1205 801 Ὁσάκις
1253 740 1358 808 γάρ
1392 740 1486 790 ὲάν
1529 737 1769 806 κηρυχθῇ

219 829 278 880 τὸ
301 827 644 894 [Ξὺαγγέλιον.
673 827 818 879 οὐδὲν
851 827 1033 897 ἓτερον
1058 825 1242 895 όρῶ,ἢ
1279 826 1498 894 Πέτρον,
1530 826 1623 876 καὶ
1660 826 1774 873 Ἀν-

219 913 398 983 δρέαν,
448 914 541 965 καὶ
591 913 680 964 τὸν
728 913 883 980 χορὸν
931 911 1037 963 τῶν
1086 910 1413 973 ἀποστόλων,
1457 911 1514 962 τὸ
1562 910 1771 962 δίκτυον

220 998 514 1059 ἀπλοῦντας
540 997 599 1048 τὸ
631 996 998 1064 εὑαγγελικόν.

284 1083 347 1152 β’.
385 1085 490 1135 Καὶ
515 1079 582 1152 ἦν
615 1082 758 1146 ξένον
796 1083 970 1150 θέαμα
999 1082 1086 1134 τὸν
1121 1081 1343 1149 Σωτῆρα
1395 1080 1520 1131 ἰδεῖν
1569 1081 1626 1131 ἐν
1672 1078 1770 1130 θα-

217 1169 402 1237 λάττῃ,
432 1170 522 1220 καὶ
570 1170 691 1228 τοὺς
731 1166 1140 1236 διδασκομένους
1179 1167 1327 1235 παρὰ
1381 1166 1469 1217 τὸν
1525 1165 1770 1231 αἰγιαλὸν

218 1255 471 1316 ἑστῶτας.
503 1255 659 1306 Ξένον
694 1255 941 1322 πρᾶγμα,
971 1255 1018 1304 οἰ
1056 1253 1232 1321 ἰχθύες
1265 1253 1354 1303 ἐπὶ
1382 1252 1478 1320 τὴν
1517 1253 1637 1320 γῆν,
1677 1251 1770 1304 καὶ

217 1343 242 1392 6
263 1341 443 1402 ἁλιεὺς
471 1343 525 1392 ὲν
556 1339 811 1408 θαλάττῃ.
849 1340 910 1390 Ἠ
933 1339 1146 1399 κάθεσις
1165 1351 1188 1377 δ
1209 1337 1412 1389 ἐκείνου
1437 1337 1528 1388 τοῦ
1556 1335 1768 1388 δικτύου

217 1425 372 1478 εἰκὼν
403 1421 468 1494 ἦν
505 1424 596 1477 τοῦ
628 1423 976 1491 εὑαγγελικοῦ
1021 1423 1198 1486 λόγου.
1233 1418 1403 1489 Εὗρε,
1439 1421 1590 1489 φησὶ,
1630 1421 1769 1486 τοὺς

214 1513 399 1577 ἁλιεῖς
423 1513 876 1576 άποπλύνοντας
899 1511 1046 1583 [4οῖὶῖ
1077 1513 1147 1562 τὰ
1169 1509 1399 1572 δίκτυα,
1421 1509 1494 1570 ὼς
1519 1510 1770 1561 ἀπειπόνο

213 1616 304 1660 τας
331 1600 428 1668 τῆς
456 1600 647 1668 ἄγρας.
684 1598 888 1655 Ἀλιευς
920 1597 1025 1665 γὰρ
1055 1596 1147 1647 ὲάν
1185 1596 1257 1665 μὴ
1288 1595 1637 1664 ἀπαγορεύσῃ
1669 1596 1767 1663 τῆς

214 1684 412 1752 θήρας,
453 1685 512 1735 οὑ
553 1683 736 1734 πλύνει
774 1683 833 1734 τὸ
877 1684 1108 1736 δίκτυον.
1157 1676 1328 1750 Εὗρεν
1369 1677 1459 1734 οὖν
1507 1681 1700 1742 αὑτοὺς
1739 1682 1767 1732 6

213 1772 398 1839 Σωτὴρ
441 1771 764 1830 ἀπειπόντας
809 1769 906 1839 τῆς
941 1769 1138 1838 ἄγρας,
1171 1769 1264 1820 καὶ
1302 1768 1582 1834 ἐφίσταται
1611 1769 1637 1819 6
1667 1766 1766 1835 τῆς

213 1858 379 1926 θήρας
404 1857 697 1923 Δεσπότης,
725 1855 818 1908 καὶ
848 1856 902 1907 τί
947 1858 1122 1919 ποιεῖς
1161 1854 1380 1923 Πρῶτον
1414 1853 1647 1906 διδάσκει
1677 1853 1766 1905 τὸν

210 1944 360 2010 λόγον
402 1942 498 2010 τῆς
530 1943 781 2011 ἀληθείας
803 1959 814 1971 ·
848 1938 965 1994 εἶτα
997 1941 1203 1993 κελεύει
1239 1940 1569 2009 χαλασθῆναι
1599 1939 1658 1990 τὸ
1690 1939 1766 1991 δίο

210 2047 386 2082 κτυον.
427 2029 638 2097 Ἐπειδὴ
669 2027 775 2099 γὰρ
802 2028 868 2080 τὰ
899 2032 1112 2098 ῥήματα
1141 2023 1206 2096 ἦν
1243 2025 1598 2078 ἀναπόδεικτα
1640 2025 1764 2078 ἄνευ

208 2116 312 2167 τῶν
339 2116 532 2186 ἔργων,
571 2116 734 2185 ἐχρῆν
760 2115 1114 2182 ἀκολουθῆσαι
1144 2113 1222 2182 τῷ
1253 2113 1393 2181 λόγῳ
1425 2113 1522 2182 τὴν
1550 2112 1635 2164 διὰ
1659 2111 1764 2162 τῶν

209 2202 379 2272 εργων
417 2201 717 2264 ἀπόδειξιν·
752 2203 831 2253 ὅτι
864 2201 996 2252 Θεοῦ
1036 2199 1404 2260 κελεύσαντος,
1447 2201 1539 2249 καὶ
1583 2197 1649 2250 τὰ
1692 2198 1766 2268 μὴ

208 2289 562 2356 εὑρισκόμενα
588 2287 852 2356 θηρᾶται,
895 2288 987 2339 καὶ
1015 2287 1081 2338 τὰ
1125 2287 1197 2355 μὴ
1241 2285 1368 2337 δντα
1411 2284 1761 2352 λαμϐάνεται.

205 2377 534 2437 Χαλάσατε,
571 2378 723 2444 φησὶ,
755 2375 819 2428 τὸ
862 2375 1104 2428 δίκτυον
1145 2374 1328 2443 ὑμῶν.
1371 2375 1429 2426 Ὀ
1468 2375 1523 2426 δὲ
1565 2375 1765 2444 Πέτρος

206 2466 381 2531 λέγει·
426 2463 758 2525 Ἐπιστάτα,
790 2462 862 2515 δι’
889 2462 1038 2527 ὅλης
1071 2461 1166 2528 τῆς
1204 2462 1420 2525 νυκτὸς
1447 2461 1767 2513 κοπιάσαν·

205 2568 298 2615 τες
322 2551 502 2603 οὐδὲν
529 2550 832 2616 ἐλάϐομεν,
858 2550 950 2600 ἐπὶ
978 2549 1044 2599 δὲ
1065 2548 1142 2611 τῷ
1166 2549 1255 2611 σῷ
1275 2546 1490 2614 ῥήματι
1516 2546 1763 2614 χαλάσω

203 2639 271 2692 τὸ
291 2639 556 2691 δίκτυον.
583 2636 853 2705 Θαυμάζω
882 2636 1085 2702 Πέτρου
1120 2635 1214 2704 τὴν
1249 2635 1449 2693 πίστιν,
1477 2633 1542 2685 τὰ
1575 2634 1762 2703 πρῶτα

203 2723 690 2791 ἀπογινώσκοντος,
743 2724 836 2774 καὶ
871 2721 938 2773 τὰ
971 2721 1065 2773 νέα
1115 2721 1472 2781 πιστεύοντος.
1513 2721 1634 2771 Ἑπί
1681 2719 1761 2782 τῷ

204 2809 289 2874 σῷ
313 2810 532 2878 ῥήματι
561 2807 803 2874 χαλάσω
836 2807 899 2859 τό
932 2806 1195 2859 δίκτυον.
1223 2806 1320 2857 Διὰ
1349 2806 1400 2857 τί
1430 2803 1598 2866 εἶπεν,
1638 2805 1758 2856 Ἑπί

205 2898 280 2963 τῷ
308 2897 399 2962 σῷ
418 2897 672 2966 ρήματι;
705 2895 918 2964 Ἐπειδὴ
949 2896 1039 2946 ἐπὶ
1063 2893 1138 2963 τῷ
1173 2895 1375 2963 ῥήματι
1411 2892 1571 2945 αὑτοῦ
1613 2893 1704 2945 καὶ
1734 2895 1761 2945 6

208 2986 430 3056 οὑρανδς
462 2983 794 3053 ὲστερεὼθη,
831 2983 920 3035 καὶ
969 2983 1000 3051 ή
1035 2985 1103 3051 γῆ
1144 2979 1494 3048 ὲθεμελιώθη,
1532 2980 1624 3031 καὶ
1669 2979 1762 3032 θά-

206 3070 378 3126 λασσα
398 3069 701 3140 ἀφωρίσθη,
731 3070 823 3121 καὶ
848 3068 1128 3138 ἄνθρωπος
1148 3068 1364 3128 οἰκείοις
1386 3066 1597 3118 ἄνθεσιν
1622 3067 1763 3116 ὲστε·

207 3157 456 3225 φανὼθη,
489 3156 582 3207 καὶ
629 3155 802 3206 πάντα
832 3153 908 3222 τῷ
948 3153 1026 3222 σῷ
1069 3156 1270 3222 ῥήματι
1305 3152 1646 3220 συνέστηκεν,
1687 3149 1760 3212 ῶς

205 3259 367 3312 φησιν
403 3243 432 3294 6
462 3239 702 3300 Παῦλος·
740 3238 935 3305 Φέρων
974 3255 1036 3290 τε
1071 3239 1141 3290 τὰ
1182 3237 1378 3290 πάντα
1427 3237 1504 3302 τῷ
1542 3238 1759 3304 ῥήματι

204 3326 306 3396 τῆς
344 3327 647 3394 δυνάμεως
675 3324 878 3378 αὑτοῦ.
917 3325 1038 3377 Ἐ’πί
1077 3323 1144 3376 δὲ
1171 3322 1250 3387 τῷ
1291 3323 1381 3388 σῷ
1406 3323 1625 3391 ῥήματι
1655 3339 1759 3390 χα-

203 3414 368 3468 λάσω
392 3414 456 3466 τὸ
479 3413 740 3465 δίκτυον.
770 3409 1089 3481 Προκατέϐη
1131 3409 1224 3462 τοῦ
1250 3410 1463 3462 δικτύου
1492 3409 1550 3462 τὸ
1577 3411 1725 3478 ῥῆμα
1742 3427 1755 3439 ·

203 3500 260 3551 οὐ
299 3500 550 3570 πάρεισιν
583 3499 632 3550 οἰ
668 3497 862 3568 ἰχθύες.
897 3497 1003 3549 Καὶ
1031 3497 1138 3566 γὰρ
1164 3498 1211 3549 εἰ
1249 3498 1516 3566 παρῆσαν,
1549 3497 1634 3548 διὰ
1663 3496 1759 3565 τὴν

205 3585 418 3654 δχλησιν
462 3583 569 3635 τῶν
599 3583 933 3653 ἀγρευόντων
985 3581 1283 3651 διέφευγον.
1320 3582 1480 3635 Ἀλλά
1525 3581 1758 3652 κατῆλθε

203 3672 261 3723 τὸ
310 3670 458 3739 ῥῆμα
504 3671 710 3720 ἐκείνου
741 3668 833 3720 τοῦ
869 3667 1215 3732 Καλοῦντος
1258 3669 1330 3721 τὰ
1361 3668 1447 3737 μὴ
1480 3668 1643 3731 ὄντα,
1679 3669 1758 3733 ὠς

205 3755 344 3808 ὄντα
363 3771 375 3784 ’
407 3753 745 3823 προκατῆλθε
775 3751 867 3804 τοῦ
897 3751 1112 3805 δικτύου
1141 3755 1172 3822 ὴ
1197 3753 1423 3822 δύναμις
1455 3754 1546 3805 τοῦ
1580 3754 1759 3807 κελεύ-

204 3857 416 3903 σαντος·
453 3839 686 3909 συνήχθη
732 3837 932 3907 πλῆθος
980 3838 1194 3906 ἰχθύων.
1241 3839 1416 3891 Εἰκὼν
1441 3834 1508 3910 ἦν
1543 3840 1640 3908 τῆς
1677 3841 1756 3891 ot-

203 3925 524 3995 κουμενικῆς
593 3925 928 3993 Ἐκκλησίας.
987 3926 1346 3995 Διερρήγνυτο
1395 3926 1455 3976 τὸ
1503 3926 1750 3979 δίκτυον·

201 4013 417 4064 ἔνευσαν
452 4009 530 4080 τῷ
559 4009 726 4081 πλοίῳ
760 4011 837 4080 τῷ
881 4013 1205 4081 συμμετόχῳ
1241 4011 1434 4076 ἐλθεῖν,
1482 4015 1574 4065 καὶ
1630 4031 1754 4065 συν-ο

200 4098 428 4168 ἅρασθαι
473 4097 654 4158 αὑτοῖς
679 4097 725 4148 1³.
761 4097 908 4149 Ἔδει
948 4097 1053 4165 γάρ
1083 4098 1174 4152 δύο
1218 4099 1396 4168 σκάφη
1438 4100 1755 4170 συνδραμεῖν

201 4189 274 4248 εἰς
310 4185 407 4256 τὴν
441 4187 631 4253 άγραν.
677 4185 797 4237 Ἐὰν
824 4185 929 4255 γὰρ
971 4186 1045 4255 μὴ
1077 4190 1221 4256 παρῇ
1268 4187 1421 4256 χορὸς
1461 4190 1753 4259 προφητῶν

203 4270 402 4340 βοηθῶν
456 4273 521 4340 τῇ
576 4270 899 4341 ἀποστολικῇ
956 4274 1131 4340 χειρὶ,
1182 4273 1272 4325 καὶ
1324 4276 1390 4342 τῇ
1442 4276 1750 4342 προφητικῇ

200 4359 491 4428 προρρήσει
528 4357 601 4426 μὴ
626 4356 960 4427 ἀκολουθήσῃ
987 4357 1092 4408 τῶν
1120 4358 1428 4410 ἀποστόλων
1451 4360 1484 4427 ή
1508 4358 1748 4421 ἔκϐασις,

199 4444 255 4494 οὑ
286 4445 515 4512 θηρᾶται
553 4443 620 4494 τά
649 4443 955 4513 θηρῶμενα.
992 4444 1277 4515 Βουληθεὶς
1303 4445 1478 4499 τοίνυν
1507 4449 1535 4499 6
1561 4447 1748 4517 Σωτὴρ

198 4527 379 4592 δεῖξαι,
409 4530 489 4580 ὅτι
527 4530 560 4596 ή
597 4528 703 4579 τῶν
737 4529 930 4596 ἰχθύων
975 4530 1115 4599 ἄγρα
1148 4530 1309 4583 εἰκών
1338 4533 1454 4584 ἐστι
1496 4534 1592 4602 τῆς
1628 4534 1749 4586 Ἐκ-

201 4613 444 4682 κλησίας,
493 4615 586 4665 καὶ
627 4613 900 4682 βουληθεὶς
949 4616 1230 4667 παιδεῦσαι
1273 4617 1474 4687 Πέτρον
1515 4617 1623 4682 ἑτι,
1674 4618 1750 4685 τῷ

200 4699 546 4767 ὑποδείγματι
589 4698 760 4768 τούτῳ
793 4699 1010 4768 ήλειψεν
1049 4700 1210 4752 αὑτὸν
1245 4704 1322 4763 εἰς
1366 4703 1614 4773 ἀνδρείαν
1656 4708 1750 4759 καὶ

197 4781 336 4849 λέγει
364 4783 527 4852 αὑτῷ·
571 4783 667 4850 Μὴ
711 4786 918 4852 φοϐοῦ,
955 4786 1072 4838 ἀπὸ
1119 4787 1224 4840 τοῦ
1257 4787 1373 4839 νῦν
1405 4789 1749 4856 ἀνθρώπους

197 4867 306 4934 ἔσῃ
343 4867 586 4936 ζωγρῶν.
623 4871 754 4923 Ἀπό
805 4873 908 4926 τοῦ
945 4873 1078 4936 νῦν,
1114 4873 1206 4941 ἀφ’
1234 4867 1322 4936 οὗ,
1370 4875 1552 4943 φησὶν,
1596 4877 1747 4927 ὲπει-

199 4954 394 5023 ράσθης
423 4955 524 5023 τῆς
549 4953 843 5024 δυνάμεως,
879 4960 970 5011 καὶ
1003 4959 1201 5028 ἔμαθες
1230 4961 1310 5011 ὅτι
1353 4961 1442 5011 καὶ
1474 4961 1539 5012 τὰ
1578 4961 1746 5028 ἄλογα

199 5041 454 5092 ὑπακούει
487 5040 648 5108 λόγῳ,
677 5043 768 5092 καὶ
799 5045 971 5096 πάντα
1000 5046 1189 5097 ’ἐπεται
1225 5045 1302 5115 τῷ
1337 5045 1453 5115 ἐμῷ
1496 5046 1740 5116 νεύματι.

196 5126 380 5179 Λαϐὼν
401 5125 603 5194 ἀρκοῦν
624 5127 682 5178 τὸ
710 5127 1027 5197 ὑπόδειγμα,
1055 5133 1254 5201 χρῆσαι
1284 5133 1463 5185 λοιπὸν
1490 5136 1555 5203 τῇ
1581 5134 1740 5204 θήρᾳ.

197 5211 300 5262 Καὶ
335 5213 435 5264 οὑκ
473 5209 641 5274 εἶπεν,
675 5213 1014 5283 ’Δνθρώπους
1040 5216 1135 5287 ἔσῃ
1164 5217 1408 5280 ἁλιεύων,
1436 5220 1589 5283 ἀλλά,
1629 5221 1742 5273 Ἀν-

197 5298 456 5364 emaron
481 5301 596 5366 ἔσῃ
635 5297 877 5366 ζωγρῶν.
917 5301 1128 5370 Ἐπειδὴ
1169 5305 1216 5356 οἰ
1261 5305 1436 5373 ἰχθύες
1464 5307 1570 5359 ἀπὸ
1604 5308 1743 5376 ζωῆς

195 5385 269 5445 εἰς
301 5385 521 5438 θάνατον
558 5386 856 5440 ἀλιεύονται
880 5399 902 5426 ε
925 5406 938 5420 ·
969 5389 1018 5440 οἱ
1048 5390 1102 5441 δὲ
1133 5391 1402 5462 ἄνθρωποι
1435 5397 1540 5448 ἀπὸ
1577 5397 1739 5450 θανά-

250 5591 278 5662 ξ
301 5591 430 5662 linus
445 5598 472 5652 ἡ
493 5597 676 5662 κάθετις
695 5599 799 5662 γάρ.

250 5655 278 5718 ξι
304 5653 442 5718 pnus
463 5660 541 5704 καὶ
565 5653 876 5709 συλλαϐέσθαι
898 5662 1067 5718 αὐτοῖς.

251 5716 276 5745 ⁸
299 5716 378 5764 Sic
396 5716 491 5764 duo
508 5731 646 5778 mss.,
669 5724 846 5771 melius
867 5736 1011 5784 quam
1035 5716 1151 5773 ἐξάὶιὶ
1176 5727 1435 5782 ἠλιεύοντο,

1381 367 1660 424 HOMILIA
1699 365 1788 422 DE
1826 363 2318 423 LEGISLATORE.

3337 387 3451 444 400

1880 497 1972 532 του
2002 484 2080 544 εἰς
2110 481 2250 550 ζωὴν
2283 479 2599 549 ἀγρεύονται
2619 495 2632 509 ο
2675 479 2802 532 Ἀπὸ
2839 479 2943 532 τοῦ
2972 479 3105 544 νῦν,
3139 483 3318 551 φησὶν,
3347 485 3424 538 ἀν

1880 568 2144 634 θρώπους
2170 567 2283 634 ἔσῃ
2317 565 2560 634 ζωγρῶν.
2590 565 2686 618 Διά
2713 565 2764 616 τί
2795 561 2885 617 οὖν
2910 562 2934 602 δ
2968 567 3113 633 λέγει
3137 568 3307 638 αὐτῷ,
3339 570 3436 637 Μὴ

1879 653 2093 719 φοϐοῦ;
2128 653 2325 713 Ἔστω,
2370 654 2401 720 ή
2434 651 2727 718 ἐπαγγελία
2769 652 2934 720 καλὴν
2981 648 3123 720 εἶχεν
3159 654 3278 720 ὄψιν
3302 670 3314 683 ⁸
3352 655 3442 708 διὰ

1880 739 1928 790 τί
1967 735 2078 798 οὖν,
2120 737 2213 805 Μὴ
2257 738 2480 805 φοϐοῦ;
2527 736 2739 805 Ἐπειδὴ
2787 738 3088 806 προσέπεσε
3138 743 3200 808 τῇ
3252 741 3442 812 μνήμῃ

1877 824 1983 876 τῶν
2019 823 2246 894 πρώτων
2277 823 2710 893 ἁμαρτημάτων,
2742 826 2796 875 Μ
2804 822 2834 887 ἶι
2875 823 3082 890 φοϐοῦ,
3127 825 3281 892 φησὶ,
3314 842 3442 876 σαυ-

1876 909 1986 970 τὸν,
2010 908 2084 970 ῶς
2110 908 2447 977 ἁμαρτωλὸν,
2472 908 2608 960 ἀλλὰ
2637 907 2817 958 λοιπὸν
2845 909 2951 959 νόει
2981 910 3174 960 σαυτὸν
3201 910 3274 972 ὠς
3309 911 3441 963 ἀπό-

1878 996 2078 1057 στολον,
2116 997 2310 1066 ῥήματι
2339 994 2636 1063 δεσποτικῷ
2670 995 3016 1062 κελευόμενος
3055 997 3152 1063 τὴν
3189 999 3441 1064 οἰκουμέ-

1876 1100 1972 1152 νην
2007 1083 2352 1151 σαγηνεῦσαι.
2397 1083 2493 1148 Μὴ
2529 1083 2736 1149 φοϐοῦ,
2771 1085 2877 1144 πᾶς
2922 1084 3237 1152 ἁμαρτωλὸς
3289 1084 3438 1156 [406]

1875 1169 2026 1239 παρά
2064 1168 2294 1238 Χριστοῦ
2326 1171 2596 1222 ἀκουέτω’
2631 1168 2724 1234 Μὴ
2762 1168 2949 1235 φοϐοῦ
2970 1186 2982 1198 ·
3023 1171 3180 1237 μόνον
3210 1172 3315 1223 ἀπὸ
3345 1172 3438 1224 τοῦ

1875 1255 1966 1306 νῦν
1999 1255 2340 1324 μετανοείτω.
2382 1256 2453 1307 Τὸ
2478 1256 2651 1306 τοίνυν
2690 1253 2918 1316 δίκτυον,
2948 1255 3032 1307 ἵνα
3062 1257 3138 1316 εἰς
3179 1256 3274 1324 τὴν
3307 1274 3438 1327 προ-

1874 1340 2140 1394 λαϐοῦσαν
2183 1341 2318 1393 ἔλθω
2349 1341 2681 1401 ἀκολουθίαν,
2727 1339 2887 1392 εἰκών
2933 1345 3044 1391 ἐστι
3079 1342 3172 1409 τῆς
3205 1343 3435 1409 εὐαγγε-

1873 1425 2026 1494 λικῆς
2075 1428 2166 1478 τοῦ
2213 1428 2463 1497 Σωτῆρος
2511 1427 2870 1488 διδασκαλίας.
2921 1428 2991 1478 Τὸ
3023 1428 3077 1478 δὲ
3111 1427 3435 1495 Εὑαγγέλιον

1873 1512 2027 1564 τοῦτο
2051 1514 2204 1566 καλεῖ
2233 1513 2438 1575 Παῦλος
2461 1515 2588 1565 ποτὲ
2618 1516 2713 1582 μὲν
2729 1514 3052 1580 Εὑαγγέλιον
3075 1515 3432 1584 δικαιοσύνης,

1874 1598 2002 1650 ποτὲ
2029 1599 2085 1650 δὲ
2115 1599 2442 1666 Εὑαγγέλιον
2470 1602 2708 1669 εἰρήνης,
2744 1601 2871 1651 ποτὲ
2903 1599 2957 1650 δὲ
2985 1599 3306 1666 Εὑαγγέλιον
3346 1601 3437 1652 δυ-

1871 1683 2103 1752 νάμεως.
2140 1685 2356 1754 Ἐπειδὴ
2381 1685 2486 1753 γὰρ
2506 1685 2702 1754 δυνατὴ
2727 1685 2758 1752 ὴ
2784 1685 2940 1753 χάρις
2964 1685 3054 1737 τοῦ
3083 1685 3432 1755 κηρύγματος

1873 1769 1964 1820 καὶ
1996 1769 2259 1838 πολέμους
2286 1771 2540 1837 ἀφανίσαι
2568 1781 2612 1830 θ,
2645 1772 2736 1821 καὶ
2772 1771 2984 1832 στάσεις
3018 1772 3313 1840 ἀνθρώπων
3358 1775 3436 1843 μὴ

1873 1856 2298 1923 συμφωνούντων
2345 1857 2480 1925 πρὸς
2527 1857 2803 1908 εὐσέϐειαν
2851 1859 3172 1925 σκορπίσαι,
3215 1861 3306 1910 καὶ
3348 1859 3436 1912 διὰ,

1875 1941 1972 2010 μὲν
2001 1941 2062 1993 τὸ
2107 1943 2312 2004 πάντας
2343 1943 2566 1995 καλέσαι
2612 1943 2744 2011 πρὸς
2795 1944 3064 2012 σωτηρίαν
3090 1944 3300 2009 λέγεται
3332 1945 3434 1996 Εὑ-

1872 2028 2120 2094 αγγέλιον
2158 2029 2534 2098 δικαιοσύνης·
2587 2029 2673 2080 διὰ
2707 2029 2762 2080 δὲ
2807 2030 2866 2080 τὸ
2912 2029 3286 2081 καταστέλλειν
3342 2031 3432 2084 τὸν

1872 2113 2104 2182 πόλεμον
2145 2114 2252 2167 τῶν
2281 2115 2547 2184 δαιμόνων
2577 2116 2788 2183 λέγεται
2824 2116 3147 2182 Εὑαγγέλιον
3175 2118 3394 2187 εἰρήνης
3415 2130 3430 2146 ⁶

1871 2198 1956 2251 διὰ
1998 2200 2053 2251 δὲ
2090 2199 2150 2252 τὸ
2189 2201 2426 2253 εὑτελέσι
2487 2203 2689 2271 ῥήμασι
2735 2202 3020 2271 κηρύττειν
3067 2202 3199 2254 Θεοῦ
3233 2202 3432 2270 γνῶσιν

1870 2285 2110 2338 καλεῖται
2141 2287 2467 2354 Εὑαγγέλιον
2510 2288 2809 2358 δυνάμεως.
2842 2290 3036 2340 Ἀκουε
3084 2288 3293 2340 Παύλου
3342 2288 3432 2340 λέ-

1869 2388 2082 2438 γοντος·
2120 2373 2200 2426 Οὐ
2231 2374 2338 2442 γὰρ
2366 2374 2799 2442 ἐπαισχύνομαι
2824 2375 2890 2427 τὸ
2914 2375 3277 2442 Etiam-ator
3295 2392 3310 2406 ο
3340 2375 3436 2427 δύο

1869 2473 2042 2524 ναμις
2089 2461 2196 2524 γὰρ
2237 2459 2384 2510 Θεοῦ
2433 2461 2602 2512 ἐστιν
2633 2464 2718 2523 εὶς
2751 2462 3067 2527 σωτηρίαν.
3110 2462 3182 2512 Τὸ
3215 2461 3431 2512 δυνατὸν

1868 2546 1973 2612 γὰρ
2005 2546 2122 2596 τότε
2157 2546 2401 2612 φαίνεται
2433 2547 2672 2610 δυνατὸν,
2705 2548 2828 2598 ὅταν
2870 2547 2943 2616 μὴ
2976 2549 3086 2607 τοῖς
3124 2546 3432 2608 ἀκολούθοις

1868 2633 2202 2700 κεχρημένον
2238 2631 2546 2701 λογισμοῖς,
2591 2635 2835 2702 κρατήσῃ
2881 2633 2986 2684 τῶν
3039 2631 3287 2701 περάτων
3331 2633 3432 2700 τῆς

1867 2717 1996 2784 γῆς·
2028 2718 2101 2779 ὼς
2149 2719 2294 2785 λέγει
2337 2720 2364 2769 6
2408 2719 2594 2787 Σωτὴρ
2635 2718 2711 2786 τῷ
2757 2719 2981 2786 Παύλῳ·
3031 2718 3219 2784 Ἀρκεῖ
3257 2733 3355 2771 σοι
3392 2721 3425 2787 ἡ

1867 2802 2036 2870 χάρις
2068 2823 2184 2872 μου
2207 2821 2219 2834 °
2254 2806 2290 2870 ἡ
2334 2805 2440 2871 γὰρ
2477 2803 2726 2870 δύναμίς
2767 2821 2886 2872 μου
2927 2805 2996 2857 ἐν
3021 2805 3302 2871 ἀσθενείᾳ
3337 2822 3429 2857 τεο

1865 2890 2145 2942 λειοῦται.
2176 2890 2340 2942 Οὐδὲν
2367 2885 2434 2959 ἦν
2479 2890 2642 2958 μέγα,
2685 2893 2732 2940 εί
2758 2894 2934 2960 γυμνῇ
2983 2895 3050 2961 τῇ
3087 2891 3296 2962 θεότητι
3332 2892 3428 2958 τὴν

1866 2976 2184 3044 οἰκουμένην
2208 2975 2488 3043 ἐφώτισεν,
2513 2977 2624 3028 ἀλλ’
2641 2979 2720 3029 ὅτι
2743 2977 2829 3029 διὰ
2857 2979 3103 3047 σώματος
3125 2979 3222 3048 τὴν
3245 2978 3428 3048 ἀπαθῆ

1869 3061 1959 3113 καὶ
1999 3060 2285 3130 ἀσώματον
2320 3061 2481 3124 ἔδειξε
2512 3062 2686 3125 δόξαν.
2717 3063 2877 3116 Οὑδὲν
2905 3060 2972 3134 ἦν
3013 3063 3341 3132 θαυμαστὸν,
3377 3067 3427 3118 εἰ

1865 3147 1893 3198 6
1932 3145 2038 3209 ζῶν
2072 3148 2332 3210 ζωοποιὸν
2375 3149 2734 3218 ἀπαστράψας
2761 3150 2936 3215 δόξαν,
2967 3153 3064 3220 τὴν
3105 3151 3428 3221 οἰκουμένην

1865 3232 2244 3301 ὲζωοποίησεν·
2264 3233 2398 3285 ἀλλὰ
2427 3235 2484 3285 τὸ
2512 3235 2734 3287 δυνατὸν
2761 3235 2854 3286 τοῦ
2883 3236 3075 3302 Λόγου,
3101 3237 3180 3288 ὅτι
3211 3238 3424 3306 θανάτῳ

1863 3319 1954 3371 τὸν
1984 3319 2208 3372 θάνατον
2237 3319 2506 3386 ἀφανίζει,
2536 3321 2628 3371 καὶ
2657 3320 2742 3372 διὰ
2771 3320 2878 3372 τῶν
2909 3319 3116 3390 ὕϐρεων
3148 3322 3246 3391 τὴν
3287 3322 3420 3375 ἀθά·

1863 3423 2020 3458 νατον
2061 3407 2436 3477 ἀπαστράπτει
2466 3407 2639 3470 δόξαν.
2685 3405 2939 3475 ’Λλλαχοῦ
2983 3407 3148 3474 λέγει,
3178 3409 3418 3476 Εὑαγγέυ

1863 3493 1974 3547 λιον
2003 3495 2246 3563 εἰρήνης·
2285 3494 2428 3559 Τοὺς
2470 3494 2592 3564 γὰρ
2619 3493 2806 3559 πόδας
2838 3493 3018 3561 ὑμῶν,
3055 3496 3205 3564 φησὶ,
3239 3513 3424 3563 παρα-

1863 3578 2202 3633 σκευάσατε
2231 3580 2300 3632 ἐν
2327 3579 2631 3648 ἑτοιμασίᾳ
2663 3582 2766 3634 τοῦ
2807 3581 3172 3649 Εὐάγγελίοῦ
3200 3578 3306 3650 τῆς
3343 3589 3423 3635 ει-

1855 3664 2076 3733 ρήνης·
2109 3665 2338 3735 ἀλλαχοῦ
2392 3666 2542 3720 καλεῖ
2581 3666 2950 3733 δικαιοσύνης,
2991 3669 3065 3730 ὥς
3111 3683 3307 3737 φησιν·
3338 3673 3423 3722 Οὐ

1861 3752 1968 3821 γάρ
1986 3753 2416 3820 ἐπαισχύνομαι
2440 3754 2506 3805 τό
2533 3753 2913 3821 Εὐαγγεὼον⁸
2937 3753 3284 3820 δικαιοσύνη
3313 3760 3423 3824 γὰρ

1863 3838 2011 3892 Θεοῦ
2040 3837 2294 3901 ἐνάὺτῷ
2320 3840 2799 3892 ἀποκαλύπτεται
2827 3841 2868 3894 ί.
2913 3841 2976 3890 Τί
3014 3842 3156 3906 ἐστι,
3199 3847 3421 3894 Δικαιο-

1861 3925 2017 3991 σύνη
2043 3924 2224 3984 Θεοῦς
2261 3925 2473 3992 Ἐπειδὴ
2493 3927 2521 3976 6
2546 3925 2757 3993 πρῶτος
2781 3925 2939 3993 νόμος
2975 3926 3239 3989 Ἰουδαίοις
3265 3927 3419 3997 ἐδόθη

1865 4011 2061 4079 μόνοις,
2097 4009 2157 4062 τό
2184 4009 2238 4061 δὲ
2273 4010 2597 4076 Εὑαγγέλιον
2625 4011 2778 4074 πᾶσι,
2815 4009 2967 4061 καλεῖ
2993 4011 3319 4078 Εὑαγγέλιον
3347 4013 3421 4066 δι-

1863 4097 2164 4166 καιοσύνης.
2189 4098 2406 4158 Δίκαιος
2429 4100 2536 4166 γὰρ
2557 4099 2584 4149 6
2611 4097 2760 4161 Θεὸς.
2788 4099 2988 4166 ὁμοίως
3024 4099 3228 4162 πάντας
3266 4103 3421 4169 ποιή-

1863 4202 1980 4247 σας,
2011 4184 2209 4254 ὁμοίως
2243 4185 2447 4244 πάντας
2480 4183 2731 4251 ἐφώτισε.
2763 4179 2872 4236 Καὶ
2907 4184 3064 4237 τοῦτο
3096 4181 3162 4254 ἦν
3192 4185 3416 4250 δίκαιον,

1859 4273 1916 4324 τὸ
1949 4271 2022 4340 μὴ
2049 4271 2174 4333 τοὺς
2203 4271 2299 4339 μὲν
2329 4270 2521 4334 σῶσαι,
2549 4272 2673 4332 τοὺς
2698 4270 2752 4323 δὲ
2785 4271 2858 4340 μὴ
2887 4271 3086 4323 σῶσαιο
3109 4272 3168 4324 τὸ
3196 4272 3270 4342 μὴ
3292 4275 3416 4336 τοὺς

1862 4357 1958 4425 μὲν
1999 4356 2254 4418 καλέσαι,
2301 4357 2424 4418 τοὺς
2478 4356 2533 4408 δὲ
2570 4357 2644 4426 μὴ
2687 4356 2930 4411 καλέσαι.
2968 4358 3054 4408 Ἐν
3097 4360 3160 4426 τῇ
3210 4358 3419 4427 Παλαιᾷ

1858 4443 2099 4515 Διαθήκῃ
2139 4443 2238 4494 οὑκ
2280 4438 2346 4512 ἦν
2375 4444 2407 4511 ὴ
2453 4443 2639 4511 κλῆσις
2684 4442 2896 4504 δικαία,
2927 4442 3040 4494 ἀλλ’
3068 4444 3414 4514 οἰκονομικὴ,

1858 4529 2441 4600 προκατασκευάζουσα
2461 4529 2575 4581 ὁδὸν
2601 4532 2664 4597 τῇ
2692 4527 3021 4597 δικαιοσύνῃ.
3042 4530 3116 4581 Οὑ
3141 4529 3249 4599 γὰρ
3273 4529 3416 4597 λέγω

1854 4615 2055 4686 ταύτην
2098 4614 2330 4678 δικαίαν,
2378 4614 2634 4680 κάκείνην
2663 4614 2864 4686 άδικον,
2902 4613 3013 4665 ἀλλ’
3047 4615 3259 4685 εκείνην
3299 4618 3417 4670 όδὸν

1854 4679 2081 4771 ταύτης,
2127 4702 2222 4754 καὶ
2261 4679 2708 4769 προκατασκευὴδ
2750 4700 2971 4770 ταύτης.
3004 4679 3227 4757 Ἔδωκε
3253 4706 3416 4775 νόμον

1853 4789 1929 4858 τῷ
1965 4787 2193 4857 Ἰσραήλ.
2223 4786 2504 4860 Καὶολέγει
2541 4787 2568 4837 6
2600 4787 2787 4838 Δαυῖδι
2829 4787 2880 4838 '0
2908 4789 3302 4857 ἀπαγγέλλων
3344 4792 3412 4845 τό

1851 4878 2058 4944 λόγιον
2109 4873 2293 4926 αὐτοῦ
2330 4872 2409 4938 τῷ
2444 4874 2674 4937 Ἰακὼϐ,
2726 4873 3085 4944 δικαιώματα
3139 4879 3236 4930 καί
3284 4881 3411 4946 κρί.

1913 5123 1937 5160 ἀ
1964 5124 2142 5173 Omnes
2154 5137 2268 5172 mss.
2291 5124 2414 5173 διατί
2432 5123 2973 5186 οὗν.(οῐηἱιιοῦειυι·οὖν
3000 5126 3048 5173 in
3075 5123 3262 5186 editis.)
3283 5125 3411 5174 Infra

1849 5187 2110 5246 προσέπεσε
2131 5186 2242 5241 duo,
2268 5192 2418 5232 recte.
2447 5185 2713 5244 (Edebatur
2729 5187 3063 5246 προσέπεσον.)

1915 5257 1936 5282 e
1964 5244 2032 5320 ιιο
2058 5253 2194 5316 νεαρ
2239 5247 2420 5320 Regius
2448 5259 2587 5320 unus;
2633 5244 2790 5320 ᾼιιιοα
2816 5244 3325 5320 νεόεὺειίθὲλήιῖράνισεν,
3355 5250 3408 5293 et

1848 5319 1956 5367 mox
1986 5306 2279 5367 ἐσκόρπισεν.
2307 5306 2330 5354 ,Ι
2340 5319 2426 5354 ure
2450 5307 2719 5364 suspicatus
2745 5318 2961 5367 errorem
2981 5313 3086 5354 erat
3111 5306 3258 5355 Saxil.

1916 5366 1932 5404 ί
1964 5367 2080 5423 Quae
2104 5366 2375 5426 Sequuntur
2398 5369 2447 5414 in
2475 5369 2722 5427 exqerplis
2741 5368 2865 5426 apud
2891 5366 3114 5427 Photium
3140 5368 3285 5423 paulo
3302 5377 3403 5410 am-

1849 5429 2002 5488 pliora
2019 5436 2146 5482 sunt,
2164 5442 2207 5487 p.
2234 5428 2325 5475 εις)
2348 5443 2358 5474 :
2388 5429 2496 5480 Πῶς
2520 5426 2599 5473 οὖν
2620 5426 2892 5482 δικαιοσύνη
2921 5426 3044 5488 Θεοῦ
3069 5428 3114 5472 ἐν
3133 5427 3260 5488 αύτῷ
3279 5428 3404 5488 ἀπο·-

1847 5485 2176 5544 καλύπτεταιζ
2196 5490 2330 5542 πῶς;
2367 5488 2551 5542 Ἐπειδή
2585 5489 2610 5533 6
2651 5490 2834 5548 πρῶτος
2854 5488 2992 5547 νόμος
3035 5486 3269 5548 Ἰουδαίοις
3301 5485 3400 5548 ἐδέ-

1848 5549 1975 5607 δοτο,
2009 5549 2089 5595 καὶ
2126 5551 2220 5595 τῶν
2239 5549 2394 5594 ἄλλων
2420 5548 2672 5607 ἀνθρώπων
2689 5545 2788 5604 ’τῆς
2810 5545 2952 5604 αὑτῆς
2973 5545 3271 5607 ὑπαρχόντων
3318 5545 3404 5607 δη-

1848 5563 1975 5607 οοτο,
2009 5563 2089 5595 και
2126 5564 2220 5595 των
2239 5563 2394 5594 αλλων
2420 5563 2499 5595 ανυ
2531 5564 2672 5593 ωπων
2704 5563 2788 5604 της
2810 5563 2952 5604 αυτης
2973 5563 3271 5607 ὑπαρχόντων
3318 5563 3402 5600 οη-

1848 5609 2084 5671 μιουργίας
2118 5610 2197 5655 καὶ
2235 5609 2434 5671 φύσεως,
2458 5563 2832 5671 λτὲᾲῌὺαγγέλιον
2861 5605 3269 5671 πᾶσινΔόμοτίμως
3304 5605 3402 5658 τοῖς

1846 5665 2114 5730 όμοςξυέσιν,
2140 5665 2331 5722 εἰκότως
2352 5670 2397 5716 ἐν
2419 5665 2836 5730 αὑτῷςδικαιοσύνῃ
2861 5665 2982 5730 Θεοῦ
3004 5665 3398 5730 ἀποκρύπτεται,

1848 5725 1926 5778 καὶ
1949 5725 2158 5778 καλεῖται
2183 5730 2479 5786 δικαιοσύνης
2497 5725 2793 5788 Εὑαγγέλιονο
2809 5729 2855 5776 ἐν
2875 5727 3024 5774 τοίνυν
3048 5731 3104 5785 τῇ
3131 5725 3335 5786 Παλαιᾷ..
