4152 6324
765 364 874 418 401

760 479 916 533 ματα
971 457 1153 512 αὐτοῦ
1210 455 1287 519 τῷ
1330 453 1591 520 Ἰσραήλ.
1639 454 1759 505 Οὐκ
1823 452 2110 517 ἐποίησεν
2163 450 2317 501 οὕτω

763 550 937 602 ,παντὶ
967 547 1141 605 ἔθνει,
1170 545 1265 596 καί
1291 543 1359 595 τὰ
1387 544 1634 609 κρίματα
1659 537 1846 592 αὑτοῦ
1871 539 1982 591 οὐκ
2012 537 2318 602 ἐδήλωσεν

761 630 961 692 αὐτοῖς

834 721 900 781 Υ.
947 711 1095 764 Ἐπεὶ
1135 705 1224 761 οῦν
1256 710 1468 775 ἐκείνην
1497 707 1633 759 ἐθνει
1678 705 2042 772 ἀπεκάλυψεν,
2089 703 2319 755 ἐνταῦθα

762 801 820 853 δέ
853 798 1254 864 ζυγοστατήσας
1285 795 1374 845 16v
1402 795 1498 862 τῆς
1528 792 1779 860 ἀληθείας
1813 792 1990 857 λόγον,
2027 791 2190 842 πᾶσιν
2221 790 2318 840 αύ-

761 887 853 939 τὸν
879 887 934 948 ἐξ
959 886 1070 936 ίσου
1101 883 1346 949 ἐκέρασε.
1373 882 1630 948 Πρόσεχε,
1661 877 1976 946 παρακαλῶ·
2003 877 2317 943 Δικαιοσύνη

761 974 878 1025 ἐστὶ
903 971 960 1022 τὸ
992 969 1194 1028 πάντας
1218 966 1414 1035 ὁμοίως
1446 965 1634 1026 σῶσαι,
1660 965 1752 1014 καὶ
1787 964 1859 1031 μὴ
1900 958 2036 1014 εἶναι
2062 959 2320 1029 διαφοράν

765 1056 912 1130 [607]
957 1055 1138 1107 δούλου
1168 1054 1259 1104 καὶ
1305 1051 1605 1119 ἐλευθέρου,
1653 1049 1924 1118 βαρϐάρου
1970 1047 2317 1116 ἣἝλληνος,

752 1144 1012 1211 γυναικὸς
1042 1143 1072 1211 ἢ
1103 1139 1318 1209 ἀνδρός·
1344 1136 1456 1188 ἀλλ’
1481 1137 1508 1187 ὃ
1539 1136 1685 1202 λέγει
1718 1135 1943 1196 Παῦλος,
1973 1135 2066 1184 Ἐν
2093 1130 2321 1199 Χριστῷ

773 1228 972 1296 Ἰησοῦ
1011 1229 1080 1278 οὺ
1113 1224 1403 1290 βάρϐαρος
1427 1263 1440 1284 ,
1473 1225 1543 1274 οὺ
1577 1223 1827 1286 Σκύθης,
1868 1222 1974 1272 οὐκ
2010 1220 2214 1285 ἄρσεν,
2249 1220 2319 1271 οὑ

753 1315 935 1381 θῆλυ,
965 1316 1034 1365 οὐ
1065 1313 1301 1374 δοῦλος,
1326 1313 1433 1362 οὐκ
1459 1310 1786 1374 ἐλεύθερος.
1817 1309 1977 1376 Ὁρᾷς
2000 1307 2315 1376 ὁμοτιμίαν;

771 1401 987 1467 Ἐπειδὴ
1020 1400 1124 1466 γάρ
1156 1399 1187 1466 η
1222 1397 1378 1464 φύσις
1416 1397 1694 1463 ὁμότιμος,
1722 1395 1768 1444 εί
1800 1395 1892 1446 καὶ
1932 1396 2050 1454 ταῖς
2079 1393 2320 1459 γνώμαις

753 1485 1143 1557 ἐμερίσθημεν,
1177 1484 1394 1548 συνάγει
1423 1483 1520 1550 τὴν
1556 1480 1720 1547 φύσιν
1751 1481 1829 1540 είς
1860 1479 1916 1530 τὸ
1947 1478 2166 1546 ἀρχαῖον
2199 1477 2319 1530 κάλα

757 1573 864 1634 λος.
896 1575 1058 1623 Ὅταν
1091 1571 1196 1638 γὰρ
1227 1567 1465 1636 ἐπλάσθη
1507 1569 1534 1618 6
1565 1567 1737 1634 Ἀδὰμ
1758 1605 1772 1627 ,
1817 1566 1915 1616 οὐκ
1958 1559 2025 1632 ἦν
2054 1581 2137 1624 τις
2170 1563 2320 1614 ἀλλο·

757 1659 938 1726 γενὴς,
964 1658 1022 1706 ού
1057 1654 1284 1722 Σκύθης,
1312 1654 1370 1705 ού
1411 1653 1700 1722 βάρϐαρος,
1741 1652 1837 1718 οὐχ
1858 1650 2075 1719 Ἕλλην,
2109 1650 2167 1700 ού
2201 1649 2320 1701 δοῦ-

757 1744 866 1805 λος,
896 1743 993 1792 ούκ
1027 1741 1322 1808 ἐλεύθερος,
1353 1739 1450 1789 ούκ
1484 1739 1668 1806 ἄρσεν,
1709 1737 1769 1787 ού
1804 1736 1962 1804 θῆλυ·
1993 1737 2056 1788 ἐκ
2085 1734 2192 1804 γάρ
2223 1735 2317 1788 τοῦ

755 1827 874 1887 ἐνὸς
909 1827 976 1878 τά
1008 1825 1099 1877 δύο
1139 1827 1403 1892 ἐπήγαγε.
1439 1822 1685 1874 Δουλείαν
1723 1822 1782 1873 ού
1821 1821 1980 1888 φύσις
2009 1824 2313 1891 ἐγέννησεν,

755 1912 890 1964 ἀλλά
914 1910 1226 1980 προαίρεσις
1256 1909 1431 1960 ἔτεκε.
1463 1908 1672 1959 Γίνεται
1700 1907 1756 1958 δέ
1787 1908 1878 1959 καὶ
1918 1906 2126 1960 δουλεία
2149 1910 2316 1975 ἠναγ-

757 1997 1060 2066 κασμένηῆ
1097 1997 1154 2046 ἐν
1189 1996 1437 2064 συμφορᾷ
1477 1993 1656 2062 λιμοῦ,
1689 1994 1720 2062 ἢ
1750 1993 2120 2061 αἰχμαλωσίας
2152 1995 2315 2058 ἀνάγ-

755 2101 847 2155 κῃ.
905 2083 1058 2134 Ἐστι
1097 2083 1153 2134 δέ
1202 2083 1293 2132 καὶ
1331 2081 1489 2148 ἐτέρα
1530 2079 1740 2130 δουλεία
1789 2079 2137 2147 αὐθαίρετος,
2181 2081 2212 2146 ὴ
2247 2079 2312 2130 δι’

755 2169 1049 2237 ἐπιγαμίαν
1092 2167 1480 2234 θεραπαινίδων
1524 2165 1620 2232 τὴν
1649 2165 1844 2232 ἐαυτῆς
1876 2165 2180 2232 ἐλευθερίαν
2227 2182 2314 2215 πι-

755 2256 1103 2324 πράσκουοα,
1149 2253 1242 2304 καὶ
1292 2252 1396 2302 ὑπὸ
1440 2251 1603 2316 ζυγὸν
1652 2249 1890 2312 δουλείας
1927 2251 2214 2318 ἐρχομένη.
2249 2250 2313 2301 Ἦ

753 2343 810 2393 δὲ
843 2341 1028 2410 πρώτη
1066 2339 1276 2390 δουλεία
1322 2337 1426 2389 ἀπὸ
1455 2337 1631 2406 κακῆς
1677 2337 1901 2406 συνέστη
1933 2336 2174 2405 γνώμης.
2208 2337 2313 2388 Καὶ

754 2429 919 2481 πόθεν
948 2427 1255 2489 εὑρίσκεται
1289 2427 1322 2494 ἡ
1358 2425 1478 2493 ῥίζα
1517 2428 1614 2492 τῆς
1642 2424 1899 2486 δουλείας,
1931 2425 2118 2477 ἀκουε-
2164 2423 2315 2475 Μετά

753 2516 842 2567 τὸν
875 2513 1254 2581 κατακλυσμὸν
1276 2512 1306 2562 6
1336 2511 1458 2562 Νῶε
1493 2509 1630 2561 πιὼν
1657 2505 1818 2574 οἶνον,
1850 2511 1944 2561 καὶ
1975 2509 2048 2578 μὴ
2078 2509 2312 2577 κεράσας

752 2601 914 2654 αὑτὸν
947 2603 1010 2668 τῇ
1045 2599 1325 2668 πρεπούσῃ
1371 2599 1584 2668 κράσει,
1625 2597 1691 2649 δι’
1715 2597 1968 2666 ἀπειρίαν
2012 2595 2307 2664 ἐμεθύσθη,

752 2689 811 2738 ού
852 2687 1073 2755 γνώμης
1129 2686 1278 2738 νόσον
1323 2684 1722 2752 ἐνδειξάμενος,
1768 2684 1879 2735 ἀλλ’
1925 2684 2174 2749 ἀγνοίας·
2221 2683 2313 2734 καὶ

753 2772 1057 2841 ἐμεθύσθη,
1105 2771 1197 2823 καὶ
1231 2769 1514 2839 μεθυσθεὶς
1553 2769 1858 2838 ἐγυμνώθη.
1910 2771 2018 2822 Καὶ
2060 2769 2312 2820 εἰσελθὼν

751 2853 832 2919 εἷς
869 2856 976 2908 τῶν
1008 2856 1135 2908 υἱῶν
1166 2856 1358 2916 αὑτοῦ,
1385 2852 1491 2906 εἶδε
1521 2855 1618 2922 τὴν
1650 2854 1742 2907 τοῦ
1786 2855 1986 2922 πατρὸς
2015 2854 2309 2923 γύμνωσιν,

753 2944 845 2996 καὶ
887 2943 1130 3010 ἐγέλασε.
1165 2941 1228 2992 Τί
1273 2936 1365 2992 οὖν
1393 2943 1421 2991 6
1450 2939 1628 3008 πατὴρ
1668 2939 1904 3006 ἐκνήψας
1942 2939 2118 3002 λέγει;
2163 2941 2311 2990 Ἐπι-

751 3031 1078 3098 κατάρατος
1134 3029 1374 3082 Χαναὰν
1394 3041 1443 3090 ι,
1494 3027 1633 3092 παῖς
1688 3028 1921 3092 οἰκέτης
1971 3027 2140 3078 ἔσται
2190 3027 2311 3091 τοῖς

749 3115 1032 3184 ἀδελφοῖς
1058 3115 1266 3168 αὑτοῦ.
1298 3115 1458 3183 Ὁρᾷς
1495 3115 1608 3174 πῶς
1634 3114 1728 3182 τὴν
1749 3113 1991 3167 δουλείαν
2021 3114 2306 3182 ἐγέννησεν

751 3206 786 3272 ἡ
809 3204 1078 3274 ἁμαρτίας
1106 3201 1201 3254 Διά
1231 3201 1386 3254 τοῦτο
1428 3201 1570 3267 λέγει
1601 3203 1628 3252 6
1659 3202 1876 3270 Σωτήρ·
1902 3200 2024 3266 Πᾶς
2051 3205 2082 3254 ὸ
2119 3200 2307 3254 ποιῶν

751 3290 865 3355 τὴν
896 3290 1202 3358 ἁμαρτίαν,
1237 3287 1456 3349 δοῦλός
1499 3289 1628 3339 ἐστι
1666 3286 1773 3353 τῆς
1808 3289 2111 3354 ἁμαρτίας.
2160 3289 2310 3339 Ἐπεὶ

749 3373 841 3429 οῦν
889 3372 1047 3446 ἦλθεν
1086 3377 1117 3427 6
1159 3375 1522 3443 ἐλευθερωτὴς
1574 3373 1664 3424 τοῦ
1706 3374 2042 3442 ἀνθρωπίνου
2091 3375 2304 3441 γένους,

749 3462 844 3514 καὶ
877 3460 1216 3528 συνεχώρησε
1254 3459 1348 3526 τὴν
1378 3459 1665 3526 ἁμαρτίαν,
1710 3459 1904 3526 μᾶλλον
1934 3459 1990 3509 δέ
2031 3455 2162 3528 ἦρεν
2197 3461 2309 3526 (ἐκ-

747 3544 928 3614 τεμὼν
977 3545 1084 3613 γάρ
1134 3545 1231 3612 τὴν
1279 3543 1451 3611 ῥίζαν,
1511 3542 1825 3611 συνεξέτεμε
1866 3545 1959 3595 καὶ
2008 3547 2130 3606 τοὺς
2171 3562 2304 3614 καρ-

749 3632 928 3698 ποὺς),
969 3631 1123 3682 καλεῖ
1153 3629 1492 3697 δικαιοσύνης
1530 3630 1849 3695 Εύαγγέλιον
1889 3630 1972 3682 διά
2005 3631 2063 3680 16
2107 3632 2308 3693 πάντας

748 3719 944 3787 ὁμοίιος
975 3720 1241 3786 φωτίζειν.
1286 3717 1691 3785 ’Υπελάμϐανον
1721 3715 1812 3770 οὖν
1849 3720 1895 3768 οἱ
1934 3719 2193 3780 Ἰουδαῖοι,
2226 3721 2307 3772 ὅτι

746 3805 808 3857 16
838 3804 1164 3871 Εύαγγέλιον
1191 3806 1249 3855 16
1286 3807 1682 3873 κηρυττόμενον
1723 3805 1787 3855 δι’
1826 3803 1988 3857 αὑτοῦ
2020 3807 2197 3868 αὐτοῖς
2227 3806 2306 3857 δί-

744 3890 890 3943 δοται
945 3892 1141 3960 μόνοις.
1177 3890 1364 3960 Ἐξέϐη
1405 3892 1459 3942 δὲ
1494 3892 1619 3958 παρ’
1661 3891 1877 3953 ἐλπίδας
1916 3894 1946 3959 ἠ
1992 3892 2302 3961 προσδοκία.

746 3977 837 4029 Διό
896 3994 1058 4045 φησιν
1109 3979 1137 4028 6
1186 3976 1386 4028 Δαυίδ⁶
1441 3977 1876 4044 Ὑπελαϐομεν,
1921 3980 1953 4029 ό
2009 3978 2187 4042 Θεὸς,
2240 3980 2305 4030 τὸ

747 4063 918 4127 ἔλεός
967 4079 1082 4115 σου
1135 4063 1204 4114 ὲν
1240 4062 1406 4130 μέσῳ
1470 4063 1574 4115 τοῦ
1633 4063 1783 4115 λαοῦ
1844 4078 1960 4116 σου
1984 4078 1995 4091 ⁸
2042 4065 2190 4116 κατὰ
2239 4063 2304 4116 τὸ

747 4151 932 4218 ὄνομὰ
980 4167 1128 4210 σου,
1169 4153 1200 4202 ό
1243 4151 1414 4214 Θεὸς,
1462 4151 1612 4202 οὕτω
1667 4150 1762 4201 καὶ
1815 4151 1851 4216 ἡ
1900 4151 2135 4216 αἵνεσίς
2190 4168 2304 4205 σου

744 4236 843 4288 ἐπὶ
897 4237 969 4289 τὰ
1012 4235 1233 4302 πέρατα
1285 4235 1392 4302 τῆς
1434 4235 1564 4302 τῆς.
1606 4237 1714 4286 Καὶ
1761 4237 1847 4288 ἵνα
1901 4238 2080 4306 δείξῃ,
2125 4239 2205 4289 ὃτι
2245 4238 2304 4289 16

746 4323 966 4391 ἐλεῆσαι
1021 4323 1087 4374 τὰ
1143 4323 1352 4390 πέρατα
1407 4321 1503 4389 τῆς
1570 4320 1702 4387 γῆς,
1753 4321 2062 4390 δικαιοσύνη
2125 4323 2299 4386 ἐστὶν,

747 4411 1030 4478 ἐπήγαγε·
1080 4409 1470 4473 Δικαιοσύνης
1538 4407 1771 4473 πλήρης
1831 4407 1868 4473 ή
1937 4405 2105 4470 δεξιά
2162 4423 2298 4463 σου.

747 4496 914 4548 Ὅταν
945 4497 972 4534 δ
1019 4495 1151 4564 βαθύ
1193 4512 1244 4546 τι
1283 4494 1373 4546 καὶ
1405 4494 1733 4562 προφητικὸν
1766 4493 2010 4562 ἀνακύψῃ
2053 4493 2298 4563 ζήτημα,

745 4583 1013 4652 σύνδραμε
1075 4583 1150 4650 τῷ
1211 4582 1372 4650 λόγῳ,
1430 4580 1503 4650 μὴ
1554 4581 1782 4649 κροτῶν,
1825 4580 1958 4632 ἀλλά
2021 4581 2174 4644 νοῶν,
2226 4583 2298 4651 μὴ

742 4669 927 4731 ἀπλῶς
950 4668 1232 4737 δεχόμενος
1259 4669 1347 4720 τὸν
1382 4668 1567 4737 κρότον
1599 4668 1705 4719 τῶν
1735 4667 2010 4736 ῥημάτων,
2046 4667 2178 4719 ἀλλὰ
2204 4669 2299 4738 τὴν

743 4756 950 4808 ἔννοιαν
992 4755 1290 4823 βασανίζων
1337 4755 1443 4806 τῶν
1494 4755 1796 4823 νοημάτων.
1850 4753 1972 4806 Ἐάν
2024 4754 2130 4824 γάρ
2173 4755 2300 4825 ᾅδης

740 4842 809 4893 τά
835 4841 927 4892 τοῦ
971 4839 1103 4892 Θεοῦ
1133 4839 1270 4907 μετὰ
1301 4839 1573 4904 ἀληθείας,
1606 4841 1696 4892 καὶ
1731 4841 1958 4908 μάλιστα
1994 4841 2090 4909 τὴν
2121 4842 2299 4910 φωνὴν

739 4928 960 4995 ταύτην,
993 4929 1057 4996 ἢν
1104 4926 1131 4976 6
1163 4924 1320 4976 Δαυϊδ
1353 4921 1537 4976 εἷπεν·
1582 4927 2000 4994 ’Υπελάϐομεν,
2045 4931 2076 4979 ό
2130 4929 2296 4991 Θεὸς,

738 5011 803 5062 τὸ
837 5012 1006 5074 ἔλεός
1043 5026 1157 5063 σου
1205 5012 1272 5061 ἐν
1305 5010 1464 5076 μέσῳ
1510 5010 1614 5061 τοῦ
1655 5013 1806 5063 λαοῦ
1855 5028 2002 5065 σου·
2055 5015 2202 5065 κατὰ
2233 5014 2294 5065 τὸ

740 5095 926 5162 ὄνομά
958 5112 1094 5155 σου,
1125 5099 1156 5147 ό
1189 5097 1349 5159 Θεὸς,
1391 5095 1540 5147 οὕτω
1576 5097 1671 5147 καὶ
1713 5098 1750 5162 ή
1793 5097 2024 5163 αἵνεσίς
2059 5115 2174 5150 σου
2202 5098 2299 5149 ἐπὶ

739 5183 810 5236 τὰ
830 5181 1052 5247 πέρατα
1081 5179 1190 5246 τῆς
1220 5180 1356 5246 γῆς·
1399 5181 1787 5246 δικαιοσύνης
1815 5182 2047 5248 πλήρης
2073 5184 2108 5248 ή
2136 5182 2299 5246 δεξιά

740 5285 855 5323 σου
877 5285 889 5296 ·
935 5267 1162 5336 εὑρίσκῃ
1196 5265 1288 5316 καὶ
1322 5267 1460 5335 ᾅδων
1505 5271 1570 5319 τὰ
1603 5269 1693 5320 τοῦ
1729 5268 1883 5332 Θεοῦ,
1929 5271 2021 5321 καὶ
2061 5270 2296 5342 πληρού-

802 5582 828 5610 ι
861 5578 944 5627 δίο
963 5590 1152 5636 omnes,
1177 5583 1322 5636 atque
1348 5572 1411 5622 ita
1437 5576 1619 5636 legitur
1657 5573 1706 5622 in
1741 5576 1946 5638 Bnbliis;
1984 5594 2108 5628 unus
2140 5579 2294 5628 codex

737 5641 1004 5751 χῆιμύαυε
1022 5700 1132 5748 ὅταν
1153 5698 1236 5762 μιν
1260 5697 1355 5746 οὖν.
1380 5697 1520 5747 Alius
1543 5697 1652 5744 ὅταν
1675 5697 1770 5745 οὖν.

2302 333 2500 390 INCEB
2509 335 2575 392 τι

3874 360 3982 409 402

2431 467 2590 517 μενος
2636 448 2946 518 Πνεύματος
2994 449 3169 516 άγίου.
3219 449 3275 502 '0
3310 449 3416 518 γάρ
3462 451 3696 520 γνησίως
3749 451 3980 519 ψάλλων,

2425 537 2900 605 ἀνακαινιζόμενος
2943 538 3040 602 τὴν
3087 537 3282 605 ψυχὴν,
3335 538 3672 590 ἀποτελεῖται
3720 540 3844 601 ναὸς
3891 539 3981 591 τοῦ

2424 623 2578 689 ἁγίου
2607 624 2937 692 Πνεύματος.
2964 623 3054 692 Μὴ
3071 625 3177 692 γάρ
3207 624 3400 692 μικρὸν
3427 625 3651 694 νομίσῃς
3672 626 3983 695 ψαλμῳδίαν

2426 704 2582 760 εἶναι.
2615 713 2770 761 Δοκεῖ
2811 711 2906 778 μὲν
2937 710 3043 778 γάρ
3070 709 3167 778 τὴν
3201 711 3368 779 ἀκοὴν
3408 709 3634 775 θέλγειν,
3669 715 3731 781 τῇ
3760 713 3816 763 δὲ
3852 712 3980 779 ἀλη-

2426 798 2543 865 θεία
2570 799 2666 866 τὴν
2690 798 2837 868 [408]
2871 798 3046 866 ψυχὴν
3087 799 3335 868 ἐγείρειν.
3361 799 3516 851 Οῦτω
3543 802 3634 853 καί
3658 803 3684 851 6
3719 803 3983 871 μακάριος

2440 883 2735 945 Ἐλισσαῖος
2763 885 2791 934 6
2825 886 3104 953 προφήτης
3134 886 3610 954 παρακαλούμενος
3645 890 3788 957 παρά
3825 902 3989 940 τινων

2430 969 2691 1038 βασιλέων
2715 970 3088 1040 προφητεῦσαι
3119 971 3184 1021 τά
3222 971 3494 1038 μέλλοντα,
3529 972 3691 1040 λέγει·
3722 976 3864 1026 Δότε
3887 992 3983 1042 μοι

2427 1056 2611 1122 ἄνδρα
2641 1056 2836 1109 εἰδότα
2872 1057 3159 1124 ψάλλειν·
3202 1052 3361 1126 ἦλθεν
3393 1059 3420 1108 6
3451 1059 3550 1124 τῆς
3592 1061 3848 1128 μουσικῆς
3885 1061 3980 1129 ἐμ-

2427 1159 2632 1212 πειρος,
2661 1145 2752 1195 καὶ
2787 1145 2844 1194 ἐν
2875 1143 2953 1211 τῷ
2997 1143 3239 1210 ψάλλειν,
3275 1144 3456 1210 φησὶν,
3503 1147 3721 1208 ἐκεῖνον,
3757 1143 3888 1214 ἦλθε
3926 1148 3980 1199 16

2427 1229 2649 1298 Πνεῦμα
2695 1228 2753 1280 16
2795 1229 2951 1295 ἅγιον
2992 1231 3082 1280 ἐπὶ
3125 1229 3438 1280 Ἐλισσαῖον.
3498 1228 3562 1281 Τί
3604 1227 3725 1294 οὗν;
3765 1229 3878 1302 ἆρα
3925 1233 3981 1285 τὸ

2429 1316 2649 1384 Πνεῦμα
2682 1316 2741 1368 16
2771 1317 2922 1382 ἀγιον
2951 1320 3150 1383 φωναῖς
3181 1317 3447 1382 θέλγεται,
3476 1320 3568 1370 καὶ
3595 1319 3822 1388 ἐπῳδαῖς
3849 1321 3978 1373 καθ-

2428 1403 2661 1462 έλκεται,
2710 1404 2758 1453 εί
2802 1405 2868 1470 τῇ
2910 1403 3052 1472 ψυχῇ
3115 1403 3479 1455 ἐπανεπαύετο
3521 1407 3586 1472 τῇ
3639 1410 3975 1476 προφητικῇς

2433 1490 2627 1555 Ἤρκει
2657 1490 2689 1557 ἡ
2723 1489 3025 1558 καθαρότης
3064 1488 3156 1540 τοῦ
3200 1490 3473 1558 προφήτου
3517 1490 3978 1557 προσκαλέσασθαι

2427 1575 2486 1626 16
2514 1576 2730 1644 Πνεῦμα
2757 1576 2817 1627 τὸ
2859 1576 3026 1643 ἅγιον.
3059 1577 3154 1628 Διά
3190 1577 3240 1628 τί
3277 1573 3368 1628 οῦν
3408 1575 3574 1640 λέγει,
3611 1579 3745 1630 Δότε
3794 1579 3979 1646 ἄνδρα

2425 1661 2623 1713 εἰδότα
2661 1663 2962 1728 ﬂebilem;
3014 1665 3124 1731 υύχ
3169 1663 3255 1716 ἵνα
3301 1663 3362 1716 16
3400 1660 3619 1729 Πνεῦμα
3660 1666 3860 1735 τερςςθῇ
3895 1667 3978 1718 διά

2424 1748 2523 1816 τῆς
2568 1748 2902 1817 ψαλμῳδίας,
2933 1749 3045 1800 ἀλλ’
3083 1749 3185 1810 ἶνα,
3222 1751 3426 1802 ἐκείνου
3466 1753 3766 1822 ψάλλοντος,
3799 1755 3828 1804 6
3859 1750 3978 1816 νοῦς

2423 1835 2514 1886 τοῦ
2558 1836 2835 1904 προφήτου
2872 1837 3292 1899 άνακαινισθεὶς,
3336 1838 3480 1901 ἄξιος
3511 1841 3730 1908 γένηται
3756 1839 3857 1908 τῆς
3887 1840 3974 1891 τοῦ

2421 1922 2574 1988 ἁγίου
2610 1923 2922 1992 Πνεύματος
2945 1924 3354 1992 ἐπιφοιτήσεως.
3374 1927 3471 1978 Διά
3495 1926 3650 1978 τοῦτο
3678 1927 3733 1978 τὸ
3757 1927 3976 1995 Πνεῦμα

2421 2009 2588 2072 καλεῖ,
2629 2010 2712 2061 ἴνα
2739 2009 2904 2079 δείξῃ,
2948 2012 3029 2062 ὅτι
3075 2011 3135 2062 οὺ
3166 2014 3230 2080 τῇ
3259 2011 3542 2083 ψαλμῳδία
3573 2014 3816 2082 ἐθέλχθη,
3848 2014 3976 2066 ἀλλά

2420 2098 2484 2164 τῇ
2518 2096 2660 2176 ψυχῇ
2711 2099 2774 2165 τῇ
2828 2096 2933 2149 ὑπὸ
2971 2100 3069 2166 τῆς
3114 2097 3428 2165 ψαλμῳδίας
3471 2100 3820 2170 διεγερθείσῃ.
3867 2103 3976 2153 Ούκ

2419 2177 2578 2249 ἦλθεν
2613 2183 2704 2234 ἐπὶ
2731 2184 2823 2234 τὸν
2850 2182 3138 2249 ψάλλοντα,
3179 2185 3290 2236 ἀλλ’
3323 2186 3413 2237 ἐπὶ
3445 2187 3532 2238 τὸν
3559 2187 3842 2241 ἀκούοντα.
3891 2190 3976 2238 Δεῖ

2424 2267 2521 2334 μὲν
2554 2264 2644 2319 οὖν
2671 2269 2898 2320 καθόλου
2926 2269 3023 2331 τὰς
3049 2271 3302 2338 δυνάμεις
3330 2272 3436 2323 τῶν
3463 2273 3686 2341 ψαλμῶν
3732 2274 3973 2344 ἐρευνᾷν,

2421 2352 2711 2422 ἐξαιρέτως
2740 2354 2795 2405 δέ
2829 2353 2922 2405 τοῦ
2951 2357 3188 2424 σήμερον
3218 2358 3346 2424 ἡμῖν
3373 2359 3625 2427 ῥηθέντος
3654 2360 3805 2426 ἀγίου
3843 2360 3976 2428 ψαλ-

2424 2441 2523 2511 μοῦ
2556 2452 2612 2479 ε·
2667 2440 2720 2491 '0
2764 2441 2974 2505 Κύριος
3024 2441 3455 2505 ἐϐασίλευσεν,
3519 2445 3898 2512 ἀτταλιάσθω
3937 2447 3973 2513 ή

2420 2529 2517 2596 τῆ,
2547 2526 3053 2594 εὐφρανθήτωσαν
3076 2526 3252 2593 νῆσοι
3285 2531 3522 2582 πολλαί.
3557 2532 3648 2596 Τὸ,
3683 2533 3735 2584 Ὀ
3767 2535 3976 2600 Κύριος

2419 2615 2798 2674 ἐϐασιλευσε,
2821 2613 2936 2674 πῶς
2964 2613 3395 2680 ύπολαμϐάνεις;
3435 2611 3540 2684 ἆρα
3572 2616 3646 2678 ὡς
3677 2617 3977 2685 πρόσφατον

2419 2702 2649 2753 λαϐόντα
2668 2700 2726 2751 16
2750 2701 2847 2767 τῆς
2880 2699 3153 2766 βασιλείας
3180 2700 3422 2768 ἀξίωμα;
3461 2702 3520 2754 Εἰ
3554 2702 3651 2769 μὲν
3677 2704 3779 2770 γὰρ
3807 2700 3974 2767 εἶπεν,

2433 2788 2484 2838 '0
2522 2791 2730 2853 Κύριος
2753 2786 3088 2848 βασιλεύει,
3127 2788 3225 2855 τὴν
3264 2787 3428 2839 ἀΐδιον
3477 2788 3635 2840 αὐτοῦ
3674 2792 3978 2859 ήρμήνευεν

2419 2874 2568 2936 ἀξίαν
2590 2890 2602 2902 ·
2642 2873 2734 2924 νῦν
2762 2873 2818 2923 δὲ
2853 2873 3018 2939 λέγει,
3057 2875 3108 2923 Ὀ
3138 2875 3347 2940 Κύριος
3371 2875 3779 2928 ἐϐασίλευσεν.
3820 2878 3978 2946 Εἴρη-

2418 2977 2506 3012 ται
2539 2960 2631 3010 καὶ
2662 2959 2848 3028 πρώην
2889 2962 3040 3026 ἡμῖν,
3070 2960 3161 3012 καί⁵
3204 2960 3297 3011 νῦν
3347 2960 3680 3029 λεχθήσεται.
3736 2965 3848 3033 Πρὸ
3886 2965 3978 3032 τῆς

2417 3047 2508 3098 τοῦ
2541 3045 2770 3113 Χριστοῦ
2809 3046 3130 3115 παρουσίας,
3169 3046 3272 3112 πρὸ
3303 3047 3393 3098 τοῦ
3431 3049 3775 3115 εύαγγελικοῦ
3811 3053 3980 3120 κηρύ-

2419 3149 2643 3199 γματος,
2671 3130 3013 3182 ἐϐασιλεύετο
3037 3131 3190 3199 ἡμῶν
3213 3135 3244 3200 ἡ
3276 3132 3434 3200 φύσις
3461 3133 3563 3185 ὑπὸ
3597 3135 3688 3186 τοῦ
3713 3135 3976 3198 διαϐόλου,

2421 3220 2523 3272 ὑπὸ
2556 3219 2652 3286 τῆς
2694 3219 2980 3286 ἁμαρτίας,
3007 3219 3109 3269 ὑπὸ
3139 3217 3232 3270 τοῦ
3285 3219 3530 3274 θανάτου.
3584 3222 3750 3274 Πόθεν
3787 3224 3976 3288 τοῦτο;

2419 3306 2581 3370 Λέγει
2610 3305 2848 3364 Παῦλος·
2891 3305 3116 3369 ’Ὠσπερ
3154 3305 3261 3371 γὰρ
3288 3306 3683 3360 ἐϐασίλευσεν
3720 3309 3754 3372 ή
3794 3310 3977 3376 ἀμαρ-

2416 3391 2509 3441 τΙα
2538 3391 2604 3439 ἐν
2633 3389 2710 3451 τῷ
2739 3386 2931 3452 θνητῷ
2957 3389 3122 3454 ήμῶν
3150 3389 3395 3454 σώματι,
3427 3391 3576 3442 οὕτω
3603 3393 3697 3444 καὶ
3740 3395 3775 3459 ή
3807 3393 3976 3461 χάρις

2410 3475 2768 3537 βασιλεύσει
2797 3473 2894 3524 διὰ
2923 3475 3197 3550 Χριστοῦ.
3233 3475 3360 3527 Ἰδού
3390 3478 3421 3545 ή
3448 3476 3547 3545 τῆς
3580 3480 3848 3549 ἁμαρτίας
3881 3480 3974 3549 βα-

2418 3562 2608 3613 σιλεία.
2655 3561 2762 3612 Ποῦ
2815 3563 2848 3629 ἡ
2898 3559 2990 3612 τοῦ
3029 3561 3304 3625 διαϐόλου;
3341 3565 3533 3615 ’Ἄκουε
3581 3565 3671 3616 τοῦ
3727 3567 3975 3636 Σωτῆρος

2416 3649 2690 3714 λέγοντος·
2727 3649 2796 3699 Ei
2838 3650 2868 3699 ό
2903 3646 3172 3712 Σατανᾶς
3219 3650 3324 3700 τὸν
3372 3649 3643 3704 Σατανᾶν
3681 3651 3973 3713 ἐκϐάλλει,

2415 3734 2555 3788 καθ’
2585 3735 2797 3788 ἑαυτοῦ
2839 3736 3149 3802 ἐμερίσθη·
3189 3735 3312 3801 πῶς
3362 3732 3474 3790 οὖν
3526 3739 3888 3804 σταθήσεται
3936 3743 3972 3809 ἠ

2409 3823 2694 3885 ,Βασιλεία
2739 3821 2957 3882 αὑτοῦ;
3018 3822 3145 3873 Ἰδοὺ
3197 3824 3229 3890 ή
3271 3821 3362 3874 τοῦ
3410 3823 3654 3875 διαϐόλου
3709 3824 3968 3893 βασιλεία.

2416 3909 2524 3961 Ποῦ
2560 3911 2591 3976 ἠ
2623 3907 2714 3958 τοῦ
2743 3907 3006 3964 θανάτους
3037 3907 3233 3959 Ἀκουε
3263 3908 3470 3960 Παύλου
3498 3909 3742 3976 λέγοντος
3767 3927 3780 3940 ·
3824 3914 3976 3966 Ἐϐα-

2412 3996 2702 4046 σίλευσεν
2732 3997 2764 4046 ὁ
2813 3993 3064 4058 θάνατος
3095 3993 3210 4046 ἀπὸ
3243 3993 3411 4061 Ἀδὰμ
3447 3995 3617 4063 μέχρι
3663 3999 3969 4062 Μωῦσέως,

2413 4083 2506 4133 καί
2540 4081 2636 4133 ἐπὶ
2667 4081 2808 4144 τοὺς
2831 4079 2916 4148 μὴ
2946 4080 3422 4147 ἁμαρτήσαντας.
3462 4083 3609 4132 Ἐπεὶ
3641 4080 3732 4135 οῦν
3758 4085 3973 4152 ἐκράτει

2414 4167 2745 4236 ἠδιαϐολικὴ
2779 4166 2934 4236 τριάς
2987 4167 3018 4234 ὴ
3069 4166 3204 4217 κατὰ
3251 4167 3348 4234 τῆς
3398 4167 3554 4232 ἁγίας
3591 4170 3680 4218 καὶ
3707 4169 3969 4238 ἀχράντου

2415 4253 2640 4321 Τριάδος
2673 4255 3068 4319 τυραννήσασα,
3087 4251 3380 4314 τουτέστιν,
3403 4255 3431 4302 6
3456 4251 3715 4314 διάϐολος,
3745 4258 3774 4322 ἡ
3803 4257 3973 4326 ἁμαρ-

2411 4340 2517 4399 τία,
2538 4339 2567 4388 6
2599 4338 2822 4398 θάνατος
2839 4355 2852 4368 ·
2883 4338 2974 4388 καὶ
2994 4341 3020 4387 6
3050 4337 3146 4404 μὲν
3171 4336 3408 4397 διάϐολος
3435 4337 3638 4404 ἠπάτα,
3663 4340 3694 4407 ἡ
3719 4340 3771 4391 δέ
3801 4342 3972 4410 ἀμαρ-

2410 4426 2498 4474 τία
2545 4423 2796 4490 ἔσφαξεν,
2829 4425 2857 4474 6
2893 4422 2949 4473 δὲ
2995 4422 3217 4484 θάνατος
3263 4422 3517 4474 ἔθαπτεν·
3568 4426 3970 4491 εὐαγγελίζεται

2411 4512 2530 4570 τοὺς
2558 4509 3016 4578 τυραννουμένους
3047 4511 3073 4559 6
3115 4507 3294 4571 Δαυῖδ,
3322 4511 3413 4561 καὶ
3448 4510 3612 4576 λέγει,
3654 4513 3790 4564 ὥστε
3822 4515 3964 4579 ἐξελ-

2411 4595 2519 4646 θεῖν
2555 4596 2641 4647 τὸν
2672 4595 2831 4660 ζυγὸν
2865 4596 2964 4663 τῆς
3009 4595 3272 4657 δουλείας,
3307 4598 3399 4648 καὶ
3437 4596 3686 4660 δέξασθαι
3715 4601 3805 4653 τοῦ
3840 4602 3965 4667 Χρι-

2411 4681 2534 4734 στοῦ
2562 4682 2660 4751 τὴν
2684 4682 2995 4733 δεσποτείαν
3030 4683 3435 4753 κηρυττομένην
3460 4700 3473 4712 ·
3515 4685 3567 4734 '0
3597 4687 3810 4753 Κύριος
3838 4687 3967 4738 Ma-

2408 4773 2677 4825 σίλευσε.
2703 4769 2980 4822 Πέπαυται
3007 4768 3098 4820 τοῦ
3132 4768 3358 4820 θανάτου
3397 4772 3429 4837 η
3471 4769 3734 4837 βασιλεία,
3766 4773 3968 4824 πέπαυ-

2407 4877 2495 4911 ται
2524 4859 2620 4926 τῆς
2656 4855 2924 4925 ἁμαρτίας
2954 4857 3015 4906 16
3044 4857 3263 4922 κράτος,
3302 4857 3572 4909 πέπαυται
3605 4858 3698 4910 τοῦ
3726 4859 3966 4911 διαϐόλου

2406 4948 2438 5013 ἡ
2471 4944 2703 5009 ἐξουσία.
2771 4943 2824 4991 '0
2867 4943 3079 5007 Κύριος
3119 4943 3536 5008 ἐϐασίλευσεν,
3587 4945 3966 5012 ἀγηλλιιὶσθω

2407 5033 2444 5097 ιή
2479 5030 2571 5098 γῆ.
2618 5027 2900 5096 Ἀγαλλιᾷν
2946 5027 3050 5095 γὰρ
3088 5028 3353 5098 ὀφείλειὴ
3399 5031 3526 5082 ποτέ
3576 5031 3964 5100 δεδουλωμένη,

2407 5119 2500 5170 καὶ
2539 5115 2631 5167 νῦν
2672 5114 3121 5184 ἐλευθερωθεῖσα·
3166 5116 3198 5182 ἡ
3252 5117 3378 5167 ποτὲ
3420 5116 3827 5186 πεπλανημένη,
3879 5121 3965 5170 καὶ

2406 5203 2499 5255 νῦν
2524 5200 2914 5270 δεδοξασμένη·
2953 5202 2985 5269 ἡ
3022 5201 3150 5254 ποτέ
3174 5203 3230 5252 ἐν
3263 5203 3470 5270 τάφοις,
3505 5203 3597 5255 καὶ
3627 5203 3718 5255 νῦν
3754 5205 3811 5256 ἐν
3842 5202 3964 5273 θρό-

2467 5459 2488 5485 ⁶
2541 5455 2676 5504 Unus
2712 5461 2823 5515 post
2854 5454 3044 5518 ψαλμοῦ
3077 5455 3395 5518 habelﬁoiw
3430 5455 3630 5518 τούτους
3672 5455 3825 5504 Paulo
3859 5464 3964 5518 ροςι

2404 5519 2533 5565 Idem
2555 5517 2823 5578 πρόσφατον
2847 5516 3084 5571 λαϐόντος,
3110 5525 3160 5563 ει
3181 5516 3297 5564 infra
3319 5517 3546 5576 ἡρμήνευε
3569 5517 3824 5574 βασιλείαν·
3856 5516 3894 5565 εἰ
3915 5520 3961 5566 δέ

2403 5581 2543 5637 λέγει,
2577 5577 2633 5624 Ὅ
2659 5577 2828 5638 Κύριος
2872 5579 3163 5632 ἐϐασίλευσε,
3208 5578 3434 5638 νεωτέραν
3459 5579 3560 5621 τινα
3586 5581 3841 5638 κυριότητα
3886 5582 3960 5625 καί

2405 5639 2678 5703 δεσποτείαν
2695 5640 2719 5684 6
2738 5637 3030 5703 προφητικὸς
3055 5640 3188 5703 λόγος
3210 5637 3488 5703 αἰνίττεσθαι
3513 5637 3743 5696 βούλεται.
3768 5642 3960 5703 Elymus

2401 5699 2553 5747 τοίνυν
2576 5700 2682 5762 ὑμῖν
2704 5697 2985 5763 καῖπρῴην,
3009 5700 3088 5748 καὶ
3110 5697 3189 5746 νῦν
3207 5698 3257 5745 δέ
3281 5697 3571 5758 λεχθήσεται.
