4110 6318
224 391 338 442 401

216 486 306 539 vid
342 505 354 540 :
389 485 487 550 Qui
508 488 770 539 annuntiat
793 487 988 539 verbum
1012 502 1157 541 suum
1181 485 1359 551 Iacob,
1376 487 1603 554 justitias
1638 493 1682 539 et
1699 489 1790 555 ju-

211 574 351 627 dicia
378 592 470 628 sua
496 575 678 629 Israel.
714 576 830 629 Non
858 577 972 647 fecit
1014 578 1179 629 taliter
1219 577 1353 630 omni
1382 578 1593 643 nationi,
1622 587 1666 629 et
1698 577 1789 647 ju-

214 667 353 719 dicia
379 683 471 720 sua
500 684 600 722 nou
639 670 972 739 manifestavit
998 670 1068 723 eis
1103 670 1122 738 (
1153 667 1298 725 Psal.
1328 671 1449 725 H7.
1500 671 1550 724 8.
1600 669 1651 723 9.
1703 669 1787 724 19.

212 761 286 814 20
318 762 357 827 ).

290 852 343 905 3.
371 850 593 905 Iustitia:
619 852 926 921 evangelium
950 870 967 916 ,'
997 854 1240 906 servitutis
1266 853 1451 921 species
1472 853 1695 905 diverste.
1718 883 1790 893 —

209 942 349 1008 Quia
376 958 501 1012 ergo
548 945 634 997 uni
660 946 802 1012 genti
835 944 1111 1012 patefecit,
1152 944 1236 997 hic
1273 960 1401 998 vero
1431 944 1667 997 doctrina
1696 960 1787 998 ve-

210 1033 390 1086 ritatis
422 1041 684 1103 tamquam
730 1035 791 1087 ad
834 1044 1080 1087 stateram
1107 1046 1336 1101 appensa
1360 1074 1373 1098 ,
1400 1034 1643 1087 omnibus
1672 1049 1789 1087 eam

209 1136 278 1174 ex
312 1137 467 1191 aequo
490 1122 916 1177 communicavit.
951 1123 1404 1191 Adverte,qureso.
1436 1123 1649 1177 Justitia
1671 1132 1786 1188 est,

209 1226 404 1266 omnes
434 1228 498 1266 ex
529 1228 679 1281 sequo
703 1213 876 1265 salvos
906 1212 1041 1266 velle
1072 1231 1084 1265 :
1118 1228 1215 1266 nec
1236 1213 1583 1267 differentiam
1614 1212 1789 1267 facere

209 1302 364 1355 servi
392 1311 483 1354 aut
514 1302 683 1364 liberi,
719 1302 921 1355 barbari
944 1311 1034 1354 aut
1062 1302 1252 1367 Grarci,
1278 1302 1511 1355 mulieris
1542 1303 1621 1355 vel
1649 1302 1781 1354 viri:

210 1394 310 1447 sed
343 1394 482 1462 quod
516 1394 702 1447 Paulus
728 1394 851 1447 dicit
884 1410 896 1444 :
934 1393 998 1446 In
1020 1393 1215 1446 Christo
1239 1392 1362 1446 Jesu
1384 1411 1480 1447 non
1507 1394 1746 1446 barbarus
1768 1434 1783 1457 ,

209 1500 317 1536 non
343 1484 575 1552 Scytha:
606 1500 704 1536 non
738 1500 863 1547 mas,
896 1500 996 1536 non
1023 1485 1208 1552 [entina
1238 1501 1254 1537 :
1289 1502 1376 1537 nec
1400 1503 1586 1549 servus,
1621 1502 1709 1539 nec
1727 1486 1791 1537 li-

206 1574 341 1641 θεν(
371 1574 561 1627 Coloss.
587 1575 639 1627 5.
674 1575 731 1627 11
766 1574 807 1626 ὶ.
841 1574 1068 1628 Videsne
1095 1576 1624 1644 :equalitatem?Quia
1646 1576 1787 1631 enim

210 1674 405 1716 natura
435 1666 664 1731 aequales
688 1679 869 1717 sumus
891 1704 904 1728 ,
934 1665 1057 1718 licet
1095 1668 1370 1720 sententiis
1410 1667 1779 1733 dissideamus,

210 1762 464 1805 naturam
500 1762 733 1807 nostram
764 1755 995 1821 pristina:
1024 1756 1096 1807 illi
1128 1757 1501 1824 pulchritudini
1538 1760 1785 1812 restituit.

207 1838 351 1894 Cum
379 1843 519 1894 enim
551 1842 784 1897 Adamus
808 1858 837 1897 e
870 1852 1007 1897 terra
1038 1843 1291 1898 formatus
1320 1845 1436 1911 fuit,
1472 1861 1575 1900 non
1604 1848 1788 1903 alieni-

207 1947 376 1999 gena,
412 1948 515 1985 non
547 1932 739 2002 Scytha
763 1975 778 1999 ,
813 1948 908 1987 nec
947 1934 1200 1988 barbarus
1227 1977 1239 1997 ,
1272 1951 1369 1989 nec
1397 1936 1613 1991 Grmcus
1634 1980 1646 2001 ,
1683 1953 1785 1991 non

206 2037 425 2086 servus,
457 2040 558 2077 non
589 2025 738 2089 liber,
766 2039 868 2078 non
898 2041 1031 2090 mas,
1058 2042 1153 2079 nec
1180 2028 1371 2079 femina
1401 2036 1515 2082 erat
1546 2045 1558 2081 :
1589 2044 1650 2082 ex
1680 2044 1786 2083 uno

208 2112 478 2180 siquidem
504 2114 609 2168 dtto
636 2115 717 2167 illa
746 2115 1054 2182 procreavit.
1102 2116 1417 2170 Servitutem
1467 2134 1569 2172 non
1604 2129 1786 2174 natura

209 2203 430 2270 genuit,
475 2204 565 2257 scd
601 2205 819 2259 liberum
848 2206 1120 2260 arbitrium
1173 2210 1394 2276 peperit.
1446 2209 1548 2263 Sed
1590 2219 1641 2263 et
1688 2212 1786 2264 alia

206 2295 427 2358 species
453 2295 721 2349 servitutis
751 2306 849 2361 est,
881 2298 944 2350 ad
972 2314 1127 2365 quam
1174 2300 1491 2355 necessitate
1518 2300 1669 2356 famis
1700 2311 1787 2357 aut

207 2386 539 2454 captivitatis
584 2387 863 2457 adigitnnr.
916 2390 1113 2443 Practer
1143 2391 1275 2444 hanc
1308 2407 1515 2460 quoque
1546 2394 1645 2445 alia
1674 2403 1784 2457 est,

207 2491 373 2543 quant
407 2488 594 2545 sponte
626 2480 893 2533 subimus:
922 2490 975 2531 ut
1001 2482 1205 2535 ancillis
1232 2483 1280 2534 in
1306 2498 1497 2537 uxores
1516 2484 1707 2546 dnctis,
1734 2486 1789 2539 li-

208 2565 476 2620 bertatem
509 2569 802 2634 vendimus,
826 2580 878 2622 et
904 2586 999 2624 nos
1022 2572 1425 2640 servitutisjugo
1454 2574 1783 2642 subjicinttts.

206 2657 289 2708 Ac
325 2658 490 2723 prima
521 2659 730 2725 quidem
764 2660 848 2711 illa
875 2661 1032 2712 animi
1056 2661 1280 2730 quadam
1310 2664 1566 2730 pravitate
1592 2666 1787 2719 consu-

211 2756 324 2800 tuta
348 2758 448 2803 est.
482 2749 557 2801 Tu
589 2765 733 2811 vero,
764 2749 904 2805 unde
940 2751 1049 2804 hanc
1081 2754 1309 2807 servitus
1334 2755 1589 2823 originem
1619 2756 1783 2810 duxe-

208 2840 303 2902 rit,
340 2840 575 2893 attende.
608 2841 729 2894 Post
757 2842 1018 2895 diluvium
1050 2843 1159 2897 Noé
1186 2860 1303 2898 cum
1333 2848 1508 2899 vinum
1546 2847 1783 2915 bibisset,

213 2947 319 2984 nec
348 2940 402 2984 ut
434 2947 525 2999 par
550 2944 663 2986 erat
698 2934 822 2988 illud
857 2943 1237 3003 temperasset,
1268 2939 1523 3005 imperitia
1561 2940 1785 3007 quadam

212 3021 511 3075 inebriatus
550 3033 629 3077 est
663 3042 673 3077 :
716 3040 884 3093 neque
910 3026 1223 3089 voluntatis,
1269 3028 1359 3081 sed
1396 3029 1617 3083 inscitia:
1647 3046 1788 3083 mor-

212 3112 341 3164 bum
372 3112 619 3176 admisit;
652 3124 703 3166 et
746 3115 954 3182 quidem
983 3116 1161 3169 ebrius
1192 3117 1421 3182 seipsum
1452 3117 1743 3171 denudavit
1769 3137 1780 3171 :

210 3211 377 3270 atque
406 3218 537 3254 unus
569 3218 598 3256 e
630 3204 750 3256 filiis
777 3204 1065 3271 ingressus,
1104 3213 1303 3272 patrem
1333 3205 1528 3258 nudum
1557 3222 1784 3274 conspe-

207 3304 360 3344 ctum
396 3294 579 3345 irrisit.
613 3294 745 3359 Quid
778 3294 934 3362 igitur
973 3303 1120 3361 pater
1140 3294 1245 3363 jam
1277 3294 1484 3349 sobrius
1506 3297 1567 3349 ad
1600 3296 1785 3349 illum?

213 3380 522 3436 Maledictus
549 3382 812 3450 Chanaan,
852 3400 1019 3437 servus
1049 3388 1138 3437 erit
1168 3386 1407 3454 fratribus
1434 3389 1535 3439 suis
1563 3386 1708 3457 (Gen.
1729 3387 1783 3441 9.

209 3474 333 3539 25).
374 3474 527 3528 Vides
559 3484 829 3541 peccatum
875 3476 1181 3528 servitutem
1236 3476 1625 3529 introdttxisse?
1652 3477 1785 3531 [line

210 3565 470 3616 Servator
499 3581 511 3614 :
540 3564 715 3617 Omnis
741 3566 824 3632 qui
848 3574 1102 3633 peccatum
1131 3566 1283 3634 facit,
1308 3582 1474 3618 senius
1499 3577 1568 3619 est
1599 3569 1786 3633 peccati

206 3655 228 3719 (
261 3653 421 3706 Joan.
450 3654 500 3707 8.
530 3655 660 3723 51).
696 3655 974 3723 Postquam
1006 3671 1133 3724 ergo
1157 3655 1429 3709 Liberator
1452 3657 1662 3708 humani
1688 3672 1783 3725 ge-

208 3745 359 3797 neris
388 3744 635 3807 advenit,
676 3745 877 3797 veniam
935 3747 1160 3811 peccatis
1189 3746 1486 3808 concessit,
1518 3747 1621 3798 imo
1658 3761 1781 3799 vero

210 3834 431 3886 sustulit
461 3834 477 3897 (
508 3833 763 3901 siquidem
797 3834 971 3887 radice
1000 3836 1194 3898 excisa,
1228 3833 1424 3886 fructus
1455 3835 1609 3887 simul
1638 3837 1783 3888 exci-

210 3925 339 3993 dit},
372 3934 524 3977 vocat
550 3926 875 3993 evangelium
895 3925 1131 3991 iustitia),
1162 3925 1297 3992 quod
1330 3940 1515 3977 omnes
1541 3941 1603 3978 ex
1631 3942 1783 3994 sequo

208 4012 457 4066 homines
483 4013 729 4067 illustret.
758 4014 924 4067 ,Ιυάςυὶ
959 4014 1097 4066 enim
1131 4014 1539 4078 arbitrabantur,
1559 4031 1783 4084 evange-

208 4104 368 4165 lium,
416 4102 551 4169 quod
606 4118 697 4169 per
742 4104 911 4171 ipsum
943 4102 1404 4170 promulgabatur,
1433 4104 1497 4157 ad
1546 4120 1603 4158 se
1642 4106 1783 4158 solos

210 4196 503 4261 pertinere.
542 4194 732 4249 Verum
776 4195 888 4249 “330
932 4196 1160 4264 ipsorum
1189 4197 1513 4263 exsltectatio
1540 4196 1781 4265 inopina-

212 4296 327 4338 tum
352 4294 594 4338 eventum
622 4287 804 4339 sortita
837 4295 934 4338 est.
967 4286 1099 4338 llinc
1118 4286 1273 4353 igitur
1291 4286 1589 4339 Davidicnm
1620 4288 1779 4340 illud:

211 4376 559 4443 Suscepintus,
589 4376 739 4441 Deus,
775 4377 1165 4428 misericordiam
1189 4387 1323 4427 tuam
1350 4378 1400 4427 in
1425 4378 1584 4430 medio
1612 4379 1783 4445 populi

213 4466 292 4517 tui
320 4481 338 4517 :
371 4467 642 4517 secundum
673 4483 852 4518 nomen
896 4477 1034 4517 tuum
1056 4507 1068 4528 ,
1100 4465 1257 4529 Deus,
1291 4467 1359 4517 ita
1406 4474 1449 4518 et
1479 4466 1590 4518 laus
1620 4477 1703 4518 tua
1732 4468 1784 4518 in

210 4556 340 4622 fines
371 4564 513 4607 terra:
548 4558 567 4626 (
596 4555 736 4609 Psal.
765 4558 849 4610 47.
885 4557 966 4609 10.
1000 4558 1058 4609 11
1102 4558 1140 4625 ).
1176 4557 1241 4609 Ει
1272 4568 1327 4610 ut
1363 4556 1778 4620 demonstraret,

208 4645 356 4716 quod
406 4648 816 4701 misericordiam
868 4664 1015 4702 suam
1047 4649 1313 4701 declarare
1362 4649 1413 4699 in
1469 4648 1600 4702 ﬁnes
1641 4649 1783 4701 orbis

210 4747 395 4798 terra},
427 4738 494 4789 sit
524 4738 610 4789 illa
631 4738 855 4805 jusutia,
888 4739 1110 4805 subjecit
1139 4737 1377 4790 :Justitia
1400 4738 1545 4811 plena
1569 4747 1636 4790 est
1662 4738 1783 4789 dex-

212 4839 321 4881 tera
351 4836 433 4879 tua
462 4827 479 4891 (
511 4825 637 4879 Ibid.
739 4828 1182 4896 Quotiescumque
1214 4826 1518 4895 profundior
1544 4828 1711 4895 aliqua
1732 4835 1784 4880 et

211 4920 521 4991 prophetica
554 4935 669 4972 sese
696 4921 941 4973 obtulerit
971 4921 1223 4988 qutestio,
1262 4935 1377 4971 eam
1422 4919 1740 4985 amplectere
1767 4934 1779 4969 :

212 5027 320 5065 non
352 5009 556 5078 quidem
588 5010 868 5076 applausu,
921 5011 1011 5063 sed
1063 5010 1403 5077 intelligentia
1438 5024 1451 5060 :
1486 5023 1551 5060 ne
1581 5008 1783 5076 simpli-

213 5105 349 5155 citer
375 5100 654 5153 verborum
682 5100 911 5151 sonitum
943 5100 1221 5161 admirare,
1256 5099 1349 5153 sed
1380 5098 1697 5152 sententiam
1730 5106 1784 5151 et

216 5194 326 5245 vim
354 5192 591 5259 explora.
624 5190 675 5244 Si
706 5194 845 5243 enim
879 5206 1003 5244 vere
1034 5200 1085 5243 et
1115 5207 1181 5244 ex
1224 5192 1399 5243 animo
1436 5190 1639 5242 divinas
1672 5188 1782 5241 lau-

213 5284 312 5336 des
344 5282 715 5346 celebraveris,
747 5282 1075 5347 maximeque
1104 5281 1413 5333 Davidicnm
1444 5279 1569 5333 illttd
1594 5294 1783 5333 oracu-

213 5375 325 5427 lum
381 5373 679 5427 catttaveris
710 5390 721 5423 :
772 5371 1092 5436 Suscepimus
1116 5411 1130 5431 ,
1161 5371 1293 5424 Deus
1328 5413 1343 5437 ,
1393 5371 1780 5430 misericordiam

214 5475 353 5517 tuam
388 5466 440 5516 in
492 5464 654 5516 medio
686 5463 853 5531 populi
897 5469 967 5513 tui
1006 5478 1023 5514 :
1068 5463 1341 5515 secundum
1384 5479 1564 5515 nomen
1601 5474 1775 5523 tuum,

215 5555 372 5620 Deus,
395 5557 463 5606 ita
491 5565 536 5607 et
562 5554 671 5606 laus
711 5564 793 5605 tua
821 5556 871 5606 in
914 5554 1035 5621 ﬁnes
1065 5563 1208 5606 terrm
1233 5570 1251 5607 :
1289 5551 1489 5615 justitia
1520 5553 1666 5623 plena
1709 5562 1778 5606 est

212 5646 419 5697 dextera
472 5654 557 5696 tua
589 5660 607 5697 ,ο
634 5644 785 5697 simul
841 5653 894 5697 et
932 5644 1134 5697 divinas
1174 5644 1354 5697 laudes
1394 5646 1701 5708 celebrans,
1726 5653 1779 5698 et

209 5745 396 5791 sancto
420 5734 623 5805 Spiritu
649 5737 876 5804 repletus
900 5736 1328 5806 deprehenderis.
1347 5739 1444 5804 Qui
1472 5741 1611 5795 enim
1630 5742 1776 5807 inge-

1381 368 1657 425 HOMlLIA
1698 366 1785 423 DE
1825 367 2317 428 LEGISLATORE.

3350 404 3461 455 402

1902 500 2004 539 nue
2024 493 2078 539 et
2115 501 2177 541 ex
2216 488 2393 543 animo
2421 488 2592 557 psallit
2618 531 2632 557 ,
2662 490 2841 546 animo
2870 504 3182 563 renovatus,
3208 500 3459 568 templum

1899 573 2127 643 Spiritus
2169 578 2336 630 sancti
2366 577 2610 633 efficitur.
2657 580 2839 650 Neque
2882 585 3019 638 enim
3060 602 3277 655 parvum
3306 590 3461 657 quid-

1897 666 2036 735 piam
2081 668 2405 737 psalmorum
2454 672 2866 727 ntodulationem
2916 677 3315 732 existimaveris.
3364 680 3458 734 Vi-

1896 754 2049 809 detur
2080 756 2166 809 illa
2200 756 2407 825 quidem
2435 773 2589 813 aures
2620 770 2818 815 tantum
2850 764 3179 831 demulcere,
3211 771 3351 838 atqni
3376 784 3461 824 re-

1898 845 2012 913 ipsa
2044 846 2271 900 animum
2315 864 2523 918 quoque
2570 854 2783 905 excitat.
2827 854 2913 907 Sic
2942 858 3097 908 etiam
3134 857 3313 911 beatus
3350 859 3458 912 Eli-

1896 948 2035 989 szeus
2066 935 2339 1006 propheta,
2366 952 2486 991 cum
2512 954 2539 991 a
2570 940 2776 1007 regibus
2821 944 3165 1011 quibusdam,
3205 958 3259 999 ut
3282 946 3452 1001 futura

1898 1025 2227 1094 pra-diceret,
2261 1036 2551 1095 rogaretur,
2586 1029 2657 1083 ait
2691 1051 2703 1084 :
2734 1030 2863 1084 Date
2883 1034 3005 1086 mihi
3027 1035 3203 1102 uirum,
3235 1039 3458 1105 quisciat

1897 1114 2111 1183 psallere
2134 1116 2151 1183 (
2175 1117 2226 1169 4.
2254 1115 2378 1185 Reg.
2410 1118 2461 1172 5.
2495 1119 2561 1174 15
2588 1120 2606 1188 )
2634 1134 2647 1171 :
2680 1120 2768 1188 qui
2795 1136 2916 1175 cum
2946 1124 3201 1189 venisset,
3239 1139 3290 1179 et
3320 1128 3460 1194 psal-

1897 1204 2050 1269 leret,
2076 1205 2265 1273 inquit,
2298 1206 2522 1273 Spiritus
2549 1217 2760 1262 sanctus
2786 1226 2945 1278 super
2971 1210 3215 1265 Elisacum
3248 1215 3457 1267 cecidit.

1895 1293 2027 1357 Quid
2051 1294 2239 1361 igitur?
2261 1310 2454 1363 ergone
2473 1296 2699 1366 Spiritus
2726 1309 2937 1353 sanctus
2960 1302 3171 1354 vocibus
3197 1304 3462 1358 modulan.

1895 1383 2023 1435 tittm
2046 1383 2371 1448 oblectatur,
2398 1394 2452 1438 et
2480 1386 2619 1439 velut
2647 1388 3088 1442 incantationibus
3118 1392 3362 1457 allicitur,
3386 1394 3460 1446 si-

1894 1472 2105 1539 quidem
2157 1474 2209 1526 in
2272 1474 2544 1541 prophetae
2593 1477 2770 1529 animo
2820 1480 3121 1545 acquievit?
3162 1481 3456 1537 Sufficiebat

1892 1573 2039 1617 certe
2070 1564 2338 1633 prophetae
2371 1566 2568 1633 puritas
2594 1608 2606 1629 ,
2641 1576 2697 1620 ut
2721 1568 2975 1635 Spiritum
3015 1582 3254 1625 sanctum
3298 1573 3455 1626 advo-

1894 1664 2055 1709 caret.
2082 1656 2187 1710 Cttr
2210 1671 2338 1725 ergo
2367 1656 2491 1711 dicit
2517 1674 2528 1709 :
2562 1656 2693 1711 Date
2718 1660 2837 1711 milii
2874 1662 3030 1713 virum
3056 1702 3068 1725 ,
3098 1662 3181 1731 qui
3213 1664 3458 1729 psallendi

1892 1747 1955 1798 sit
1984 1748 2144 1801 sciens
2166 1747 2191 1799 1’
2226 1748 2341 1802 Non
2372 1763 2499 1803 sane
2531 1760 2586 1802 ut
2610 1749 2839 1819 Spiritus
2883 1764 3095 1808 sanctus
3137 1756 3455 1822 psalmorum

1895 1836 2256 1891 modulatione
2285 1838 2659 1901 obiectaretur,
2690 1842 2780 1895 sed
2812 1851 2885 1905 ut,
2920 1842 3006 1895 illo
3033 1853 3296 1905 cantante,
3330 1860 3452 1912 pro-

1892 1927 2068 1996 pheta,
2094 1937 2270 1981 mente
2288 1938 2557 1993 renovata,
2577 1930 2799 1998 Spiritus
2827 1934 2991 1985 sancti
3021 1934 3245 1987 adventu
3271 1934 3461 2003 dignus

1892 2016 2205 2073 efﬁceretur.
2242 2018 2468 2087 ideoque
2494 2020 2743 2087 Spiritum
2773 2024 2997 2087 invocat,
3031 2034 3084 2076 ttt
3122 2025 3330 2091 planum
3376 2024 3456 2077 fa-

1894 2118 2055 2171 ceret,
2088 2123 2188 2161 non
2220 2110 2511 2179 psaltnodia
2556 2112 2712 2172 allici,
2747 2114 2839 2166 sed
2879 2116 3054 2166 animo
3092 2131 3182 2182 per
3223 2115 3460 2169 modula-

1894 2199 2087 2252 tionem
2126 2201 2376 2254 eXcitato.
2412 2202 2591 2271 Neque
2629 2205 2715 2257 ille
2748 2205 2809 2257 ad
2851 2207 3161 2273 psallentem
3197 2210 3454 2275 pervenit,

1891 2289 1985 2344 sed
2028 2290 2093 2343 ad
2140 2292 2460 2346 audientem.
2510 2293 2725 2361 Oportet
2774 2298 2945 2365 itaque
2991 2299 3307 2366 psalmorum
3355 2302 3459 2353 vim

1894 2384 2213 2450 perscrutari
2244 2399 2257 2435 :
2284 2385 2548 2453 praecipue
2580 2402 2703 2438 vero
2732 2388 2866 2453 ejus,
2895 2390 2981 2456 qui
3014 2391 3161 2442 nobis
3198 2390 3352 2445 hodie
3379 2401 3460 2446 est

1891 2474 2139 2526 recitatos
2168 2474 2182 2503 ¹
2212 2490 2228 2525 :
2254 2473 2498 2527 Dominus
2524 2478 2746 2543 regnavit
2769 2517 2782 2540 ,
2821 2480 3028 2530 exsultet
3055 2490 3202 2538 terra,
3234 2483 3460 2535 lwtentur

1890 2562 2070 2616 insula:
2118 2565 2287 2616 multa:
2324 2564 2511 2634 (Psal.
2551 2567 2637 2620 96.
2677 2569 2697 2619 1
2737 2571 2776 2637 ).
2826 2570 3101 2634 Quomodo
3131 2587 3255 2640 ergo
3294 2573 3457 2641 illttd,

1891 2652 2135 2707 Dominus
2165 2655 2409 2721 regnavit,
2437 2656 2669 2723 accipis’
2696 2673 2818 2710 num
2842 2661 2988 2726 quasi
3020 2675 3206 2715 recens
3236 2662 3299 2716 ad
3320 2664 3457 2718 fasti-

1891 2746 2030 2814 gium
2056 2745 2181 2799 illud
2213 2747 2368 2815 regia:
2392 2746 2657 2816 dignitatis
2681 2752 3017 2816 pervenerit?
3047 2752 3098 2804 Si
3122 2752 3259 2806 enim
3284 2754 3458 2809 dixis-

1892 2845 1990 2898 set,
2027 2836 2277 2889 Dominus
2306 2845 2490 2905 regnat
2521 2853 2532 2887 :
2567 2840 2940 2905 sempiternam
2973 2841 3109 2894 illius
3150 2843 3345 2911 regiam
3374 2845 3457 2897 di-

1891 2925 2143 2993 gnitatem
2174 2934 2425 2980 notasset.
2451 2926 2566 2979 Jam
2593 2942 2717 2980 vero
2747 2928 2905 2989 dicit,
2935 2927 3183 2984 Dominus
3216 2934 3455 3000 regnavit.

1892 3015 2094 3068 Dictum
2124 3026 2203 3069 est
2247 3031 2414 3084 nuper
2440 3024 2492 3068 et
2518 3016 2622 3083 jam
2667 3019 2855 3070 iterum
2882 3019 3107 3071 dicetur.
3140 3023 3271 3075 Ante
3302 3022 3457 3076 Chri-

1890 3106 1958 3159 sti
1985 3106 2286 3169 adventum,
2321 3115 2441 3159 ante
2466 3106 2735 3175 Evangelii
2771 3110 3259 3177 promulgationem,
3287 3113 3335 3165 in
3366 3128 3457 3165 na-

1893 3206 2057 3250 turam
2092 3207 2323 3250 nostram
2376 3196 2652 3265 imperium
2685 3198 2955 3252 obtinebat
2977 3199 3233 3259 diabolus,
3271 3217 3456 3269 peccao

1893 3296 2021 3349 tum,
2043 3301 2201 3338 mors.
2225 3284 2497 3339 Uttdenam
2519 3287 2652 3340 hoc?
2677 3287 2868 3341 Paulus
2890 3290 3114 3355 explicat
3140 3290 3458 3356 :«Quemad-

1890 3377 2102 3430 modum
2132 3376 2271 3429 enim
2324 3376 2558 3444 regnavit
2602 3388 2871 3444 peccatum
2921 3379 2969 3430 in
3028 3380 3232 3432 mortali
3276 3390 3457 3435 nostro

1888 3482 2128 3534 corpore,
2146 3468 2222 3521 sic
2239 3467 2394 3521 etiam
2423 3469 2585 3536 gratia
2607 3470 2837 3537 regnavit
2857 3486 2950 3537 per
2976 3469 3235 3524 Christum
3252 3472 3454 3541 »(Rom.

1889 3559 1941 3613 6.
1974 3558 2082 3628 12).
2116 3559 2252 3612 Ecce
2283 3559 2478 3627 peccati
2511 3574 2751 3627 regnum.
2783 3559 3001 3613 Ubinam
3032 3561 3223 3613 diaboli
3258 3561 3280 3611 ’ἶ
3320 3563 3454 3617 Audi

1889 3650 2225 3704 Set-valerem
2269 3650 2575 3703 dicentem:
2627 3650 2684 3702 Si
2732 3660 2933 3702 satanas
2978 3652 3451 3720 salanamexpcllit,

1888 3744 2123 3795 adversus
2161 3743 2377 3811 seipsum
2405 3742 2592 3795 divisus
2622 3750 2691 3795 est
2721 3758 2737 3794 :
2767 3743 3012 3803 quomodo
3056 3759 3170 3810 ergo
3204 3746 3347 3796 stabit
3378 3762 3455 3797 νεα

1889 3852 2041 3904 guunt
2071 3834 2209 3887 illius
2238 3834 2255 3902 (
2283 3834 2469 3886 Matth.
2498 3834 2583 3887 12.
2614 3834 2682 3887 26
2711 3836 2767 3901 )?
2817 3835 2951 3887 Ecce
2988 3834 3179 3888 diaboli
3214 3852 3453 3906 rcgnum.

1892 3925 2116 3979 Ubinam
2160 3925 2385 3977 mortis?
2412 3924 2545 3978 Audi
2579 3925 2795 3977 Paulum
2828 3923 3176 3977 disserentem
3214 3945 3225 3979 :
3257 3926 3455 3997 Regnu-

1889 4020 1953 4067 vit
1983 4032 2113 4067 ntors
2143 4015 2202 4066 ub
2229 4014 2387 4066 Adam
2417 4031 2569 4077 usque
2597 4014 2662 4065 ad
2698 4012 2901 4078 Mosen,
2930 4031 3081 4082 super
3111 4031 3209 4078 eos,
3244 4018 3328 4077 qui
3356 4033 3453 4069 non

1889 4114 2209 4174 peccaverant
2241 4106 2257 4172 (
2292 4104 2438 4156 liam.
2470 4104 2519 4158 5.
2550 4104 2613 4157 14
2635 4102 2674 4173 ).
2703 4104 2832 4155 Cum
2874 4105 3027 4171 igitur
3050 4105 3304 4158 diabolica
3331 4107 3453 4159 ttias

1890 4198 1939 4251 in
1956 4207 2189 4252 sanetam
2209 4208 2261 4251 et
2281 4198 2603 4265 impollutam
2620 4197 2930 4249 Trinitatem
2956 4198 3281 4265 tyrannidem
3307 4213 3452 4251 suam

1892 4288 2255 4350 exercuisset,
2287 4288 2517 4350 scilicet,
2546 4286 2817 4350 diabolus,
2846 4298 3113 4354 peccatum
3138 4327 3152 4351 ,
3188 4303 3328 4341 mors
3360 4308 3371 4342 :
3402 4300 3454 4342 et

1889 4378 2129 4432 diabolus
2183 4376 2392 4445 quidem
2444 4377 2747 4442 deciperet,
2797 4378 3452 4444 peceatuminterfieeret,

1889 4484 2032 4523 mors
2064 4484 2187 4522 vero
2226 4468 2478 4535 sepeliret
2510 4484 2519 4517 :
2558 4467 2717 4519 David
2745 4507 2758 4531 ,
2812 4469 2907 4520 hac
2939 4468 3134 4536 triplici
3178 4470 3452 4538 tyrannide

1892 4559 2163 4628 oppressis
2192 4558 2368 4610 laetum
2400 4557 2639 4610 nuntium
2682 4556 2832 4611 afTert
2857 4600 2869 4622 ,
2903 4568 3219 4627 monetque,
3252 4570 3307 4611 ut
3336 4575 3453 4613 sese

1890 4665 1955 4701 ex
1987 4648 2256 4702 servitutis
2285 4647 2412 4715 jugo
2436 4646 2751 4709 subducant,
2784 4657 2836 4699 et
2858 4647 3181 4700 dominatum
3213 4648 3405 4701 Christi
3435 4692 3449 4713 ,

1888 4738 2027 4808 quod
2076 4736 2494 4807 przedicabatur,
2528 4737 2951 4804 amplectantur:
2982 4735 3226 4788 Dominus
3270 4754 3451 4806 regna-

1888 4834 1972 4885 vit.
2007 4832 2247 4901 Regnum
2275 4832 2461 4888 mortis
2496 4830 2747 4883 abolitum
2776 4838 2877 4892 est,
2911 4840 2961 4883 et
2992 4832 3186 4897 peccati
3218 4832 3450 4899 potentia

1889 4924 2155 4975 destructa
2184 4931 2280 4984 est,
2312 4933 2362 4973 et
2389 4919 2582 4973 diaboli
2618 4928 2846 4987 potestas
2876 4918 3037 4971 fracta
3071 4927 3166 4971 est.
3205 4919 3445 4969 Dominus

1887 5013 2126 5081 regnauit,
2156 5012 2364 5064 exsultet
2396 5021 2542 5063 terra.
2579 5011 2642 5063 Et
2686 5010 2871 5062 merito
2902 5024 3027 5061 sane
3057 5008 3320 5061 exsultare
3350 5009 3445 5061 de-

1889 5103 2022 5165 buit,
2054 5117 2168 5171 qua:
2191 5101 2454 5170 quondam
2492 5102 2540 5152 in
2582 5099 2886 5151 servitutem
2918 5097 3149 5161 redacta,
3179 5098 3283 5166 jam
3316 5098 3450 5151 libe-

1888 5203 1997 5246 rata
2025 5204 2105 5247 est
2139 5212 2149 5246 :
2182 5210 2296 5262 qua:
2327 5193 2449 5247 olim
2480 5190 2710 5253 erravit,
2740 5190 2847 5259 jam
2894 5190 3059 5258 gloria
3102 5189 3403 5256 resplendet
3435 5206 3447 5241 :

1949 5371 1965 5401 ι
2003 5376 2126 5430 unus
2150 5373 2263 5430 post
2277 5368 2362 5430 bas
2401 5378 2560 5430 voces,
2585 5364 2726 5430 Itodie
2748 5371 2815 5413 est
2838 5361 3091 5430 recitatus,
3111 5362 3296 5430 habet:
3326 5371 3448 5430 Qun-

1887 5430 1944 5480 lis
1968 5423 2220 5480 Psalnnis?
2246 5428 2450 5476 Infra...
2478 5425 2755 5488 dignitatem
2792 5431 3019 5488 notasset;
3049 5423 3091 5472 si
3129 5428 3284 5488 autem
3308 5423 3442 5478 dicit,

1893 5510 1914 5537 «
1940 5492 2163 5541 Dominus
2188 5488 2414 5550 regnavit,
2433 5505 2454 5531 »
2482 5480 2681 5550 ηιὲηιεηι
2698 5492 2905 5550 nostram
2921 5480 3161 5550 adducere
3184 5480 3278 5530 vult
3295 5496 3448 5550 sermo

1885 5550 2185 5623 propheticus
2202 5541 2272 5623 ad.
2290 5541 2453 5623 novam
2477 5549 2734 5623 quamdam
2753 5541 3445 5623 dorninati‘onﬂtnppurniqt-

1885 5607 2085 5676 perium.
2106 5613 2233 5671 Quod
2256 5608 2399 5671 igitur
2416 5607 2568 5676 nuper
2586 5608 2710 5676 vobis
2732 5607 2909 5676 dictum
2925 5613 3011 5663 est,
3036 5617 3158 5676 nunc
3181 5607 3351 5676 iterum
3367 5607 3446 5676 ,ιη-

1885 5665 2031 5725 cetur.
2056 5665 2163 5722 Haec
2187 5665 2324 5734 porro
2342 5665 2509 5720 retulit
2527 5670 2729 5730 Photius,
2749 5668 2834 5717 sed
2850 5679 2947 5716 non
2971 5667 3172 5715 verbum
3191 5665 3252 5713 de
3278 5665 3445 5726 verbo,

1886 5744 2028 5799 atque
2054 5735 2270 5797 excerpti
2290 5746 2443 5783 more.
