4110 6318
710 338 822 392 403

697 441 816 498 quas
835 427 1098 496 quondam
1127 429 1178 482 in
1207 428 1463 497 sepulcris
1488 427 1696 482 condita
1726 426 2086 488 delitescebat,
2121 440 2260 480 nunc

700 517 750 570 in
779 517 912 572 solio
939 517 1198 572 collocata
1228 525 1308 570 est
1352 534 1364 571 :
1403 532 1519 584 quae
1549 516 1810 586 quondam
1858 514 2140 584 ignominia
2171 528 2268 582 op-

700 619 880 674 pressa
908 605 1137 674 jacebat,
1167 621 1305 660 nunc
1332 606 1530 660 honore
1555 606 1800 660 afﬁcitur.
1818 603 2064 658 Dominus
2088 619 2267 672 regna-

699 695 786 746 vit.
817 693 904 748 Sic
929 695 1086 748 etiam
1108 695 1214 748 alio
1237 695 1287 748 in
1311 695 1427 749 loco
1456 695 1647 748 dicitur
1673 695 1691 764 (
1725 701 1936 762 Oportet
1964 691 2103 746 enim
2137 707 2262 744 seu-

701 787 896 840 tentias
936 796 1319 841 consentaneas
1347 788 1485 840 inter
1524 800 1580 838 se
1625 785 1678 838 in
1709 785 1939 840 medium
1975 783 2167 838 adeste
2198 783 2217 852 )
2249 803 2262 838 :

700 875 946 931 Dominus
984 879 1226 946 regnavit,
1258 877 1480 929 decorem
1511 874 1716 928 indutus
1743 883 1815 927 est
1836 874 1856 942 (
1881 872 2027 926 Ρωε.
2067 872 2154 928 9‘2.
2192 872 2260 937 ι).

699 964 807 1019 Nos
838 975 984 1020 veste
1015 966 1300 1031 induimur,
1325 973 1383 1019 ut
1407 962 1661 1034 quidquid
1689 971 1889 1017 naturae
1930 971 2126 1016 nostra:
2162 961 2262 1014 ml-

699 1069 803 1109 nus
847 1055 1098 1110 decorum
1135 1068 1251 1122 est,
1277 1055 1588 1108 occultetur.
1618 1052 1792 1120 Quare
1822 1052 1980 1122 igitur
2006 1052 2142 1105 Deus
2171 1066 2262 1102 na-

694 1155 864 1198 turam
918 1160 1067 1199 suam
1092 1185 1108 1207 ,
1154 1159 1274 1213 quas
1310 1153 1362 1198 et
1391 1158 1614 1211 corpore
1642 1151 1820 1205 vacat,
1848 1151 1902 1196 et
1947 1142 2096 1210 plena
2130 1140 2262 1192 lucis

695 1245 797 1301 est,
830 1237 936 1290 imo
962 1253 1076 1305 qute
1109 1237 1224 1300 plus
1250 1251 1406 1305 quam
1433 1237 1519 1290 lux
1550 1243 1814 1299 coruscat,
1847 1233 2118 1303 contegit?
2159 1230 2264 1287 Sed

697 1337 850 1379 vocat
880 1325 968 1380 ille
993 1341 1185 1393 corpus
1221 1325 1416 1378 Christi
1448 1336 1648 1378 vestem
1679 1340 1830 1378 suam
1859 1344 1872 1378 :
1913 1322 2156 1375 Dominus
2181 1337 2264 1374 re-

695 1415 886 1484 gnavit,
917 1415 1144 1467 decorem
1180 1414 1382 1467 indutus
1413 1423 1504 1466 est.
1537 1414 1790 1468 Decorem
1825 1425 1977 1466 vocat
2004 1453 2016 1474 ,
2047 1427 2264 1466 carnem

691 1505 912 1559 Christi.
946 1505 1071 1559 Erat
1099 1505 1240 1558 enim
1271 1505 1354 1556 illa
1383 1519 1516 1557 sane
1543 1504 1767 1568 decora,
1805 1517 1902 1557 nec
1931 1503 2032 1554 ulla
2063 1502 2264 1571 peccati

697 1596 1021 1662 turpitudine
1061 1594 1222 1650 foeda.
1275 1594 1454 1662 Neque.
1499 1595 1640 1648 enim
1689 1604 1958 1662 peccatum
1994 1592 2116 1647 fecit
2147 1609 2264 1646 tun-

695 1701 874 1754 quam.
907 1701 1004 1740 nec
1035 1695 1280 1739 Inventus
1302 1694 1384 1738 est
1408 1685 1560 1737 dolus
1585 1684 1638 1737 in
1672 1699 1766 1736 oro
1793 1684 1905 1753 ejus
1952 1682 1970 1750 (
2015 1681 2137 1736 Isai.
2173 1683 2260 1738 55.

691 1775 768 1842 9).
792 1774 1012 1828 Iudntns
1033 1786 1104 1829 est
1131 1776 1373 1829 Dominus
1393 1777 1638 1841 virtutem,
1667 1783 1712 1828 et
1738 1775 1996 1844 praecinxit
2017 1790 2068 1826 sc
2091 1773 2260 1843 (l’sal.

687 1865 780 1920 92.
817 1865 840 1919 l
872 1869 911 1934 ).
958 1865 1216 1933 Quoniam
1261 1881 1390 1918 zoua
1426 1880 1602 1933 regem
1651 1873 1904 1926 exornat,
1935 1878 2067 1917 zona
2090 1873 2264 1918 autem

691 1965 775 2008 est
802 1954 1052 2009 indicium
1090 1955 1226 2024 regis
1261 1954 1556 2022 etjudicis:
1587 1952 1788 2008 inducit
1814 1955 1982 2022 ipsum
2009 1963 2063 2008 et
2085 1969 2263 2022 regem

693 2042 993 2110 etjudicem
1011 2059 1023 2106 ;
1039 2043 1264 2097 aitenim
1278 2046 1467 2097 lsaias:
1488 2063 1504 2093 ι
1529 2044 1841 2114 Egredietur
1856 2043 1996 2111 virga
2011 2044 2076 2097 de
2092 2044 2265 2098 radice

691 2134 876 2199 .Iessaa,
894 2143 947 2187 et
961 2133 1057 2187 llos
1072 2151 1132 2188 ex
1163 2135 1273 2202 ipsa
1294 2133 1562 2198 aSt-endet,
1586 2144 1638 2188 et
1657 2135 1948 2201 requiescet
1967 2147 2124 2202 super
2144 2148 2262 2187 eum

689 2222 917 2291 Spiritus
945 2224 1033 2277 Dei
1056 2241 1068 2288 ;
1092 2234 1146 2277 et
1167 2224 1270 2277 erit
1289 2223 1488 2290 justitia
1519 2222 1785 2291 cingulum
1805 2221 2100 2275 lumborum
2128 2222 2259 2289 ejus,

691 2322 743 2367 et
769 2313 898 2366 fides
918 2312 1228 2366 cinctoritun
1258 2327 1444 2367 renum
1466 2312 1579 2379 ejus
1604 2329 1622 2362 ι
1653 2309 1800 2380 (Isai.
1829 2311 1913 2363 Η.
1943 2310 1993 2362 l.
2021 2309 2074 2362 2.
2099 2309 2190 2378 5).

761 2401 815 2455 4.
866 2399 1075 2454 Vestitus
1102 2399 1351 2469 pontiﬁcis
1395 2400 1558 2468 ﬁgura
1585 2397 1789 2452 Christi.
1846 2397 2012 2450 Virtus
2049 2402 2264 2468 perfecto

689 2501 1061 2547 ornamentum.
1091 2520 1162 2531 —
1188 2490 1352 2559 Hujus
1371 2491 1533 2558 ipsius
1554 2490 1715 2543 vestis
1742 2489 2058 2553 Servatoris,
2079 2489 2129 2543 in
2151 2504 2266 2543 car-

693 2597 759 2635 ne
781 2581 919 2645 dlco,
948 2580 1196 2635 latentem
1231 2580 1448 2648 figuram
1479 2594 1584 2647 prta
1609 2594 1666 2633 se
1697 2578 1812 2630 tulit
1841 2578 2076 2647 pontifex
2108 2579 2158 2631 in
2191 2579 2266 2632 le-

689 2689 771 2743 ge.
806 2672 1017 2727 Etvero
1043 2673 1320 2740 diligenter
1348 2671 1581 2731 adverte,
1615 2668 1881 2737 quomodo
1914 2670 2113 2722 umbra:
2156 2669 2260 2723 illae

688 2763 964 2817 veritatem
1001 2761 1151 2815 nobis
1176 2759 1590 2822 subindicarent,
1626 2758 1889 2826 quomodo
1930 2758 2051 2812 item
2105 2773 2266 2812 evan-

688 2855 869 2923 gelica:
900 2852 1078 2920 figurae
1106 2851 1463 2920 praeluxerint.
1486 2849 1699 2903 Leniter
1728 2849 1934 2917 loquor,
1969 2857 2021 2901 et
2042 2863 2138 2918 pro
2187 2849 2264 2904 vi-

690 2945 774 3000 rili
803 2959 886 2998 me
914 2942 1229 3012 simplicium
1259 2949 1312 2994 et
1357 2939 1717 3009 imperitorum
1749 2939 1921 3007 captui
1955 2951 2262 2992 accommoo

691 3036 782 3100 do,
825 3051 890 3090 ne
920 3036 992 3089 illi
1052 3036 1152 3088 huc
1192 3034 1274 3088 vel
1325 3034 1450 3087 illuc
1496 3031 1976 3088 circumducantur.
2023 3028 2262 3085 Pontifex

693 3128 852 3197 igitur
879 3126 1177 3194 ingrediens
1208 3126 1262 3177 in
1297 3131 1475 3176 sancta
1507 3131 1828 3186 sanctorum,
1872 3121 2122 3175 induebat
2167 3135 2262 3174 ve-

693 3229 830 3274 stem
857 3218 1099 3282 talarem,
1129 3216 1329 3270 scilicet
1355 3225 1554 3268 vestem
1579 3229 1606 3267 a
1630 3214 1802 3281 capite
1820 3226 1986 3280 usque
2009 3211 2075 3266 ad
2105 3210 2265 3280 pedes

692 3309 998 3371 demissam,
1040 3304 1488 3374 superhumeralc,
1522 3317 1732 3365 zonam,
1764 3301 2057 3364 femoralia,
2107 3300 2262 3354 lami-

693 3412 816 3451 nam
845 3409 1085 3458 auream,
1122 3395 1330 3456 tiaram,
1355 3392 1455 3446 hoc
1479 3400 1559 3444 est
1599 3389 1962 3459 corybantium
1989 3387 2089 3459 (a),
2109 3397 2161 3442 et
2182 3403 2266 3442 ra-

694 3487 889 3540 tionale
911 3485 960 3537 in
983 3494 1216 3552 pectore,
1242 3491 1295 3536 et
1329 3497 1446 3550 quae
1475 3480 1736 3549 scriptura
1777 3477 1971 3533 ibidem
2014 3478 2261 3548 explicat,

701 3577 981 3644 ridereque
1005 3584 1106 3628 est.
1131 3575 1262 3626 Alia:
1298 3574 1498 3640 figurae,
1526 3571 1614 3623 alii
1655 3583 1862 3622 sensus.
1905 3568 2084 3636 Neque
2122 3567 2263 3622 enim

699 3669 839 3722 Deus
880 3666 1099 3718 omnino
1132 3663 1414 3732 hyacintho
1456 3667 1511 3714 et
1553 3672 1803 3728 purpura,
1843 3657 1970 3712 item
2017 3669 2176 3712 cocco
2210 3663 2264 3711 et

769 3795 841 3857 (a)
867 3796 1052 3846 Omnes
1080 3795 1190 3844 Mss.
1223 3794 1432 3849 habent.
1467 3793 1787 3857 κίῃυσάντιεν.
1815 3792 1869 3839 ln
1894 3792 2017 3840 hanc
2038 3802 2157 3857 v_ero
2183 3790 2263 3838 le-

702 3852 924 3907 ctionem
964 3858 1067 3904 hinc
1099 3857 1295 3905 erudite
1327 3860 1464 3903 notat
1505 3852 1688 3902 Fronto
1723 3852 1930 3901 Ductus
1963 3865 1973 3899 :
2007 3866 2026 3898 t
2055 3853 2264 3900 Romana

704 3917 889 3978 Editio,
914 3917 1176 3978 Anglicana
1200 3922 1253 3978 et
1272 3915 1457 3976 Regius
1473 3913 1720 3978 Mediceus
1744 3917 2024 3960 constanter
2044 3909 2268 3978 retinent

704 3972 971 4027 lectionem
995 3972 1029 4024 'a
1061 3977 1311 4039 nonnullis
1346 3972 1644 4039 hpudiatam
1663 4009 1676 4030 ,
1703 3977 1924 4039 _n’empe_
1942 3972 2262 4039 nopu6a'tvrtov,

703 4040 784 4099 cui
801 4051 872 4099 es
900 4039 1099 4099 ingenio
1131 4031 1488 4099 substituerant
1512 4033 1790 4099 nupeaoiav,
1818 4031 2107 4099 eyrbasiam,
2129 4038 2263 4099 etes

703 4097 909 4158 Polluce
939 4089 980 4158 l:
1007 4097 1069 4158 Ἰ,Δ
1087 4110 1130 4144 c.
1162 4096 1221 4158 173
1239 4132 1267 4158 ,ί
1290 4098 1374 4158 καὶ
1414 4089 1664 4158 κνρϐαᾲἱα,
1683 4089 1978 4158 ’ἣνμσίόαρρν
2018 4093 2099 4140 καὶ
2130 4089 2266 4158 «nov

701 4157 921 4222 ξιαλοξῖσι.
952 4151 1155 4222 Legitur
1174 4157 1229 4222 in
1256 4155 1435 4222 Lexico
1458 4151 1694 4222 Stephani
1720 4151 2266 4222 LEOpV‘é‘RtOVLI‘Rlpl-

703 4211 1049 4279 ῥίμφ’κεφᾳλῆξ
1079 4217 1328 4279 ἐγτιόσμιον
1353 4216 1514 4279 καλόν.
1543 4211 1663 4279 [lem
1689 4211 1931 4279 :_Zidatptc,
1965 4211 2268 4279 xopuuvftov

701 4277 734 4333 ἢ
755 4269 1057 4334 ἶκῖλος,’ἰστὶν
1086 4269 1208 4336 side:
1227 4269 1565 4336 Ξιαμελαυκὶρυ,
1597 4275 1623 4322 ὃ
1651 4274 1729 4336 ita!
1747 4269 1898 4336 stipat
1920 4269 2120 4336 voci-rat.
2147 4269 2269 4336 Hie-3-

701 4331 934 4395 ronymus
966 4337 1117 4396 Epist.
1155 4335 1244 4396 128
1275 4331 1583 4383 {Rotundum
1609 4331 1857 4393 pileolum,
1881 4332 2010 4394 quod
2038 4331 2195 4396 (ἕνωςὶ
2218 4333 2263 4375 et

698 4394 850 4450 nostri
869 4394 1019 4461 τιάραν.
1041 4395 1252 4461 nonnulli
1274 4396 1492 4458 galerum
1530 4401 1710 4461 vocant.
1735 4395 1975 4461 Origenes
2011 4394 2262 4461 Hom.6_in

701 4462 850 4509 Levit.
880 4472 892 4507 :
914 4453 1099 4527 thus'a
1119 4457 1219 4527 ipse
1239 4453 1382 4517 cciput
1403 4463 1475 4527 est
1502 4453 1735 4527 cautium.
1762 4453 1872 4527 idet;
1890 4459 2157 4527 .et‘o'matus
2177 4453 2264 4504 iste

698 4534 844 4583 super
865 4511 1189 4583 onmiacapiti
1206 4511 1554 4583 superponitur.
1575 4514 1622 4583 si
1653 4512 1899 4583 mitratibi
1914 4519 1958 4583 et
1984 4511 2159 4583 turning
2180 4528 2264 4583 au-_

699 4572 1070 4690 remflenitndo
1090 4572 1411 4646 scientiiejjei
1446 4582 1586 4647 caput
1618 4581 1824 4630 coronet,
1864 4572 1981 4623 scito
2004 4581 2063 4633 te,
2083 4573 2266 4626 etiamst

699 4655 796 4690 anu
856 4641 1064 4690 homines
1081 4639 1227 4689 lateas
1240 4645 1283 4686 et
1304 4651 1551 4690 tartareus.
1577 4637 1706 4690 apud
1740 4643 1892 4685 Deum
1929 4641 2083 4684 tamen
2120 4647 2264 4690 agere

697 4637 836 4704 apud
845 4641 1064 4704 nomines
1081 4639 1227 4689 lateas
1240 4645 1283 4686 et
1304 4637 1551 4704 ignoijeris,
1577 4637 1706 4697 apud
1740 4643 1892 4704 Deum
1908 4641 2083 4704 “tamen
2113 4647 2264 4704 agere

699 4694 1024 4764 pontiﬁcatum
1046 4700 1172 4764 intra
1192 4694 1491 4764 conscientia;
1510 4694 1888 4764 tuw'temptunf.
1905 4694 2266 4759 Cbrysostcimus

698 4757 857 4811 bersis
879 4763 1043 4811 tiaram
1061 4762 1243 4818 tribuit,
1261 4767 1315 4808 ut
1339 4760 1591 4820 prOpriam,
1616 4757 1780 4806 Homil.
1801 4757 1856 4805 17
1878 4757 1924 4803 in
1942 4757 2049 4806 acta
2073 4769 2085 4804 :
2112 4768 2266 4822 κθάκιρ

698 4833 734 4871 οἱ
753 4836 883 4884 Πέρσαι
905 4835 971 4883 ἢν
993 4837 1116 4884 τιάραν
1151 4833 1382 4882 ςιριιλόντις,
1418 4832 1477 4869 ιιι
1498 4833 1561 4877 τὰς
1584 4827 1792 4880 ἀναξυρίδας
1816 4829 1937 4867 καὶτὸ.
1973 4825 2184 4878 Madvig“
2219 4832 2269 4872 τὰ

702 4894 918 4944 ’.σεεμ-δ,
935 4897 1001 4942 ἢν
1017 4891 1126 4942 ὓλην
1148 4894 1278 4940 στολήν
1291 4895 1356 4940 τήν
1471 4893 1648 4951 ὑπαίθριον
1666 4890 1884 4951 habeon“,
1981 4893 2172 4951 nstpdp-tv‘ot
2183 4898 2266 4951 “ﬁt,

702 4907 918 4944 μορσαρω,
935 4907 1001 4942 την
1017 4907 1126 4942 ων
1148 4907 1278 4940 manv
1291 4907 1356 4940 την
1368 4907 1450 4941 τιμάν
1471 4907 1648 4943 πιχωρισν
1666 4907 1884 4936 ursum-ru,
1901 4907 1959 4927 ut
1981 4907 2172 4940 ιιιμμινοι

698 4953 891 5008 ιρὺπτοκσι
907 4963 958 5008 ξφ
971 4957 1126 5006 σχήματι.
1137 4955 1201 5008 τὸν
1215 4954 1391 5008 πίλῳονξ
1406 4940 1533 5008 sicut
1544 4951 1702 5008 Persa:
1713 4940 1837 5008 tiara
1851 4938 2032 5008 sublata
2041 4907 2206 5008 et

699 4995 1018 5063 pecith
1030 4995 1075 5052 'ét
1085 4995 1413 5053 calceamentis
1429 5002 1513 5053 bar
1521 5000 1692 5051 baricis
1703 4999 1929 5057 diimssis,
1938 4995 2268 5063 patieno'habitu

697 5061 745 5125 et
755 5069 926 5125 ηραν-(ε
937 5063 1116 5125 regioni
1137 5064 1304 5125 usitato
1319 5064 1598 5120 induuntur,
1616 5068 1660 5111 et
1675 5073 1874 5125 corpore
1881 5061 1950 5125 ad
1961 5062 2105 5109 cutim
2119 5067 2265 5123 tonso,

700 5121 861 5172 habitu
877 5121 1050 5172 bellum
1059 5124 1310 5174 occultant.
1336 5127 1548 5186 ληξυρίδρς
1572 5121 1814 5186 interpres
1829 5121 2012 5183 gladios
2028 5135 2139 5172 esse
2164 5121 2266 5172 Per;

701 5186 823 5246 sioos
860 5186 1063 5246 putavit;
1087 5186 1172 5232 sed
1199 5185 1404 5233 Dauieiis
1424 5183 1471 5242 5,
1495 5184 1572 5240 21,
1593 5185 1674 5231 ubi
1696 5183 1917 5230 dicuntur
1940 5190 2043 5231 tres
2062 5186 2196 5243 pueri
2219 5186 2269 5234 in

705 5244 941 5308 fornacem
962 5247 1340 5308 missi,scriptum
1366 5253 1456 5306 est,
1477 5254 1694 5308 ιπιδνςθησιν
1712 5256 1774 5308 σξη
1797 5259 1871 5300 τοις
1889 5255 2121 5308 «escam,
2140 5252 2268 5308 Sym-

706 5269 941 5294 |Uf|l'dUClll
964 5269 1340 5307 u1l3bl,bll|‘lpllllll
1366 5269 1456 5306 ὕδι,
1477 5269 1602 5304 ιπιοηῠ
1629 5271 1694 5294 σιν
1712 5269 1774 5293 συν
1797 5269 1871 5300 τοις
1889 5269 1936 5293 σι
1985 5269 2121 5306 οαροις,
2140 5269 2268 5308 διω-

702 5306 914 5364 machus,
928 5317 1125 5373 ῥνιευρισι,
1143 5307 1468 5373 Hieronymus,
1481 5319 1588 5373 cum
1604 5272 1811 5354 braccis.
1834 5313 1926 5373 lira
1937 5269 2138 5373 graccis,
2153 5318 2270 5373 quas

702 5318 914 5364 macnus,
931 5318 1125 5369 ἀναξυρίσι,
1144 5318 1468 5373 Hieronymus,
1481 5319 1588 5354 cum
1611 5318 1811 5354 oraccrs.
1834 5318 1926 5372 lfTO
1939 5318 2138 5364 oraccts,
2145 5318 2270 5414 («Irus

692 5366 1233 5435 ssimq’luiédupidu
1268 5371 1600 5435 interpretatus
1622 5372 1708 5435 est,
1741 5363 1906 5435 aquila
1939 5372 1985 5416 et
2025 5365 2272 5435 χήρᾳ-ριἰο

701 5380 1233 5435 ﬂammeum-suasua“
1268 5380 1600 5471 interpretatus
1622 5380 1708 5421 est,
1741 5380 1906 5426 aquita
1939 5380 1985 5416 et
2026 5380 2272 5438 r'neortouo

701 5426 944 5479 Surabattu
966 5429 1206 5476 deserunt.
1230 5426 1389 5475 'rertul
1412 5441 1546 5475 ianus
1565 5440 1594 5476 e
1616 5433 1773 5475 Graeco
1795 5431 1992 5476 vertens
2007 5424 2129 5475 dtxtt
2152 5426 2272 5476 hbro

700 5486 764 5534 de
786 5499 931 5538 carne
955 5488 1143 5546 Christi,
1163 5500 1266 5537 cum
1285 5487 1468 5536 braccis
1487 5488 1600 5536 suis.
1627 5504 1649 5531 υ
1686 5487 1802 5537 Cum
1825 5498 1942 5549 ergo
1967 5495 2066 5549 tres
2077 5486 2273 5549 Codices

701 5549 1090 5611 ηοβιτὶιορυςᾲπιογ
1114 5550 1334 5611 habeant,
1358 5549 1426 5611 sic
1447 5549 1708 5611 restituere
1727 5546 1997 5611 visum'est.
2016 5546 2208 5611 Ibidem,
2224 5555 2275 5611 et

700 5605 821 5655 infra
843 5605 1056 5673 quaedam
1079 5610 1184 5673 hinc
1211 5610 1428 5670 excerpit
1451 5608 1654 5669 Photius,
1682 5609 1770 5658 sed
1793 5607 1898 5660 aliis
1921 5607 2144 5673 demptis,
2171 5609 2275 5660 aliis

697 5667 910 5731 mutatis,
933 5672 1004 5719 uti
1024 5667 1166 5721 solet.

2209 4931 2267 4992 iis'

2185 311 2450 367 INCERTI

3828 335 3938 385 404

2373 427 2534 500 bysso
2576 434 2889 481 recreatur:
2938 425 3074 479 Deus
3122 425 3260 478 enim
3308 424 3600 478 animarum
3657 427 3941 494 puritatem

2368 516 2598 584 postulat
2628 533 2642 568 :
2670 515 2760 568 sed
2793 515 2844 568 in
2872 516 3140 581 corporeis
3171 516 3274 567 illis
3299 515 3515 569 floribus
3548 517 3808 571 virtutum
3853 519 3941 572 ille

2369 607 2623 676 imagines
2641 605 2909 659 describit.
2934 605 2988 660 Si
3016 605 3154 658 enim
3206 605 3342 659 Deus
3365 621 3548 659 revera
3607 609 3802 660 ve5titu
3854 608 3942 661 illo

2369 695 2523 763 longe
2549 695 2887 748 ornatissimo
2910 694 3288 758 delectabatur,
3334 709 3426 748 cur
3452 710 3558 748 non
3586 696 3771 748 Mosen
3819 707 3942 751 ante

2369 784 2632 837 Aaronem
2678 782 2778 836 hoc
2807 782 2965 836 modo
3006 783 3208 836 induit?
3235 783 3338 838 Sed
3388 783 3562 838 Moses
3614 785 3836 853 quidem
3881 802 3942 841 ca

2367 883 2512 927 veste
2557 871 2813 936 carebat,
2856 873 3039 927 eadem
3087 881 3258 927 tamen
3308 875 3611 928 sacerdotes
3660 875 3938 929 induebat.

2367 961 2535 1017 Moses
2555 977 2687 1031 aqua
2707 977 2808 1016 non
2830 961 2924 1016 fuit
2950 963 3104 1026 lotus,
3133 973 3183 1016 ct
3210 972 3380 1017 tamen
3403 965 3617 1019 lavabat
3650 982 3663 1018 :
3693 981 3799 1018 non
3825 967 3941 1020 oleo

2369 1053 2614 1106 intinctus
2659 1052 2775 1117 fuit,
2808 1063 2861 1107 et
2883 1063 3055 1107 tamen
3086 1055 3347 1121 ungebat:
3381 1057 3574 1109 nullam
3611 1066 3816 1111 vestem
3863 1074 3945 1112 sa-

2367 1141 2686 1196 cerdotalem
2706 1142 2961 1211 gestabat,
2981 1143 3072 1196 sed
3097 1144 3397 1198 sacerdotes
3429 1145 3679 1200 induebat
3705 1158 3795 1201 :ut
3826 1148 3944 1202 inde

2370 1233 2676 1300 perspicias,
2723 1233 2834 1285 viro
2893 1233 3125 1300 perfecto
3164 1234 3410 1287 virtutem
3451 1237 3515 1290 ad
3559 1251 3940 1292 ornamentum

2368 1321 2629 1377 sufficere.
2682 1324 2720 1376 A
2755 1324 2925 1391 capite
2952 1323 3107 1391 igitur
3156 1325 3488 1379 sacerdotem
3552 1329 3940 1396 contemplare.

2364 1411 2602 1481 Namque
2633 1413 2800 1482 ipsum
2831 1413 3146 1466 vocabulum
3183 1414 3483 1468 vestimenti
3507 1418 3814 1486 ambiguum
3843 1429 3942 1485 est,

2368 1510 2419 1554 ct
2440 1500 2507 1555 de
2527 1516 2590 1556 eo
2611 1502 3018 1554 controvertitur
3049 1519 3063 1553 τ
3093 1501 3276 1556 Grarco
3297 1518 3420 1556 vero
3439 1519 3690 1559 sermone
3713 1511 3942 1561 transla-

2369 1604 2477 1649 tum
2513 1603 2610 1650 est.
2640 1593 2846 1648 lnitium
2875 1608 3000 1662 ergo
3047 1593 3126 1646 fac
3157 1607 3187 1646 a
3228 1595 3418 1662 capite.
3474 1595 3741 1661 Quidnam
3788 1600 3944 1667 igitur

2367 1696 2480 1740 erat
2508 1685 2773 1756 primum?
2821 1685 3095 1746 tiaramne,
3141 1685 3221 1737 vel
3263 1684 3388 1752 quid
3437 1688 3606 1752 primo
3660 1692 3943 1744 nominat?

2367 1775 2491 1845 quid
2528 1786 2644 1844 post
2673 1777 2857 1830 tiaram
2908 1775 3067 1838 illam,
3111 1773 3257 1842 quasi
3298 1776 3760 1830 conciliatricem?
3803 1779 3942 1834 Loco

2368 1869 2512 1921 tiarze
2534 1869 2690 1937 igitur
2717 1878 2798 1922 est
2829 1868 3034 1922 habitus
3066 1867 3222 1920 totius
3273 1867 3411 1920 illius
3460 1872 3645 1922 vestis.
3695 1869 3943 1937 Quando-

2368 1959 2576 2027 quidem
2610 1959 2839 2027 pontifex
2867 1966 3022 2026 caput
3042 1965 3154 2011 erat
3181 1958 3380 2025 p0puli,
3408 1973 3502 2025 par
3523 1968 3641 2012 erat
3673 1974 3823 2025 eum,
3852 1962 3936 2030 qui

2367 2058 2524 2117 caput
2542 2058 2680 2102 esset
2705 2049 2960 2110 omnium,
2991 2049 3040 2100 in
3059 2049 3229 2116 capite
3248 2048 3360 2115 ejus
3392 2050 3467 2102 rei
3497 2050 3802 2116 symbolum
3851 2067 3940 2105 ex-

2369 2139 2568 2194 hibere.
2642 2140 2894 2195 Absoluta
2963 2139 3220 2207 siquidem
3264 2147 3317 2193 et
3379 2139 3600 2193 remissa
3654 2143 3942 2196 auctoritas

2368 2231 2490 2284 ferri
2520 2233 2701 2302 nequit
2732 2250 2744 2285 :
2770 2247 2884 2300 qua:
2901 2247 3026 2285 vero
3049 2233 3127 2284 sni
3159 2231 3364 2298 imperii
3392 2232 3690 2301 symbolum
3720 2234 3940 2300 imposi-

2368 2328 2477 2375 tum
2498 2323 2650 2391 gerit,
2679 2323 2778 2390 legi
2810 2323 3084 2390 subjicitur
3104 2330 3156 2375 et
3179 2333 3343 2391 paret.
3370 2323 3549 2391 Itaque
3583 2323 3739 2390 jubet
3787 2333 3943 2392 caput

2368 2411 2585 2464 minime
2621 2425 2739 2464 esse
2774 2411 2989 2471 nudum,
3014 2410 3103 2462 sed
3125 2418 3449 2476 coopertum,
3484 2419 3539 2462 ut
3566 2409 3739 2463 discat
3765 2413 3941 2480 populi

2368 2509 2542 2567 caput,
2565 2516 2620 2555 se
2645 2511 2803 2569 caput
2829 2500 3038 2553 habere.
3072 2498 3266 2552 Idcirco
3285 2500 3441 2552 etiam
3462 2499 3513 2551 in
3533 2499 3798 2565 Ecclesia,
3821 2517 3940 2554 cum

2368 2588 2678 2642 ordinantur
2693 2591 3012 2651 sacerdotes,
3031 2588 3367 2656 Evangelium
3384 2587 3576 2641 Christi
3595 2589 3756 2656 capiti
3776 2589 3943 2656 impo-

2368 2679 2528 2735 nitur.
2553 2690 2608 2732 ut
2635 2680 2803 2734 discat
2844 2681 2907 2742 is,
2939 2677 3027 2747 qui
3053 2675 3348 2740 ordinatur,
3377 2691 3553 2730 veram
3584 2691 3644 2731 se
3693 2679 3939 2746 recipere

2369 2765 3054 2835 Evangeliitiaram;atque
3077 2775 3131 2818 ιιι
3173 2767 3363 2830 discat,
3421 2767 3661 2834 quamvis
3706 2767 3780 2819 sit
3819 2782 3938 2819 om-

2367 2855 2510 2909 nium
2535 2865 2710 2922 caput,
2740 2870 2798 2908 se
2833 2864 3006 2908 tamen
3035 2855 3236 2922 legibus
3295 2855 3410 2907 istis
3461 2854 3643 2920 subjici
3681 2865 3777 2907 :et
3816 2870 3937 2908 eum

2367 2947 2453 3014 qui
2479 2946 2721 3000 omnibus
2740 2945 2981 3013 imperat,
3004 2944 3133 3012 legis
3162 2944 3383 3011 imperio
3427 2943 3680 3007 subesse;
3711 2958 3940 3011 eumque

2367 3037 2452 3106 qui
2479 3037 2722 3090 omnibus
2739 3036 2828 3089 dat
2848 3034 3110 3097 mandata,
3137 3049 3167 3087 a
3198 3033 3404 3101 legibus
3429 3032 3737 3085 mandatum
3790 3033 3933 3085 acci-

2368 3143 2513 3199 pere.
2533 3129 2814 3197 Propterea
2845 3129 3034 3182 nobilis
3063 3127 3143 3180 vir
3161 3125 3374 3194 quidam
3411 3139 3479 3178 ex
3507 3125 3799 3189 veteribus,
3855 3124 3936 3178 cui

2369 3236 2559 3276 nomen
2591 3221 2836 3291 lgnatius,
2866 3220 3058 3289 quique
3085 3216 3380 3271 sacerdotio
3405 3216 3559 3269 simul
3606 3225 3659 3267 et
3683 3217 3938 3284 martyrio

2367 3313 2645 3368 decoratus
2673 3311 2790 3373 fuit,
2819 3311 2881 3363 ad
2911 3309 3234 3363 sacerdotem
3263 3306 3544 3376 quemdam
3575 3308 3818 3359 scribens
3854 3306 3933 3368 di-

2367 3404 2520 3458 ccbat
2551 3421 2565 3458 :
2595 3403 2734 3457 Nihil
2762 3403 2874 3456 sine
2897 3412 2981 3455 tua
3009 3402 3276 3453 voluntate
3289 3404 3523 3464 geratur,
3539 3411 3712 3464 neque
3733 3398 3859 3450 item
3885 3404 3936 3448 tu

2367 3491 2640 3561 quicquam
2671 3487 2870 3558 absque
2923 3489 3013 3542 Dei
3045 3487 3201 3540 factas
3228 3486 3520 3539 voluntate.
3572 3484 3723 3549 Quod
3781 3485 3937 3554 igitur

2368 3578 2668 3648 impositum
2698 3577 2913 3632 haberet
2944 3577 3281 3644 Evangelium
3313 3574 3567 3643 pontifex,
3594 3575 3801 3643 signum
3858 3583 3938 3628 est

2366 3683 2487 3723 eum
2515 3682 2635 3722 esse
2656 3666 2754 3721 sub
2785 3675 3043 3734 potestate
3067 3666 3433 3720 constitutum.
3465 3665 3757 3732 Pmpterea
3809 3666 3938 3719 dicit

2365 3755 2559 3810 Paulus
2581 3755 2646 3810 de
2676 3757 2896 3810 muliere
2925 3771 3042 3824 qu:e
3069 3755 3304 3807 velamen
3337 3753 3583 3817 habebat,
3611 3753 3801 3807 Mulier
3834 3753 3927 3807 de-

2368 3848 2456 3902 bet
2482 3848 2677 3903 habere
2703 3851 2940 3900 velamen
2985 3861 3144 3914 super
3188 3854 3364 3914 caput,
3416 3845 3557 3914 quod
3601 3856 3718 3899 erat
3768 3846 3939 3914 imago

2367 3941 2639 4008 potestatis
2666 3938 2751 4008 (l.
2775 3938 2890 3991 Cor.
2923 3940 3012 3993 ll.
3035 3938 3143 4007 l0).
3169 3938 3295 3990 Erat
3316 3937 3475 4006 igitur
3497 3937 3626 3990 tiara
3651 3938 3816 4006 figura
3849 3951 3940 4005 po-

2368 4030 2570 4084 testatis
2597 4045 2610 4080 :
2639 4038 2754 4082 erat
2773 4043 2930 4082 aurea
2959 4027 3172 4092 lamina,
3194 4028 3243 4079 in
3271 4041 3373 4095 qua
3401 4036 3517 4080 erat
3538 4035 3756 4081 exarata
3803 4027 3934 4081 scri-

2367 4129 2541 4191 ptura,
2569 4134 2686 4188 quae
2713 4119 2804 4173 Dei
2828 4133 3018 4172 nomen
3047 4117 3394 4185 exprimebat,
3428 4131 3490 4170 ac
3542 4117 3775 4186 primum
3801 4117 3938 4170 indi-

2367 4218 2453 4265 cat
2473 4219 2781 4279 potestatem
2813 4224 2930 4262 esse
2963 4209 3050 4261 Dei
3103 4222 3292 4260 nomen
3323 4207 3434 4271 Dei.
3471 4207 3596 4260 Post
3648 4207 3835 4260 tiaram
3887 4216 3939 4259 et

2367 4305 2613 4360 laminam
2667 4305 2771 4357 duo
2800 4303 3000 4370 lapides
3052 4316 3209 4369 supra
3240 4301 3492 4354 humeros
3537 4308 3691 4352 erant
3732 4314 3938 4352 smara-

2369 4396 2533 4466 gdiui,
2563 4409 2786 4464 quorum
2809 4394 2942 4446 alter
2968 4393 3090 4445 hinc
3115 4407 3206 4445 sex
3235 4390 3422 4452 tribus,
3457 4389 3680 4442 totidem
3709 4389 3845 4441 alter
3874 4403 3934 4442 ex

2368 4485 2530 4538 altera
2562 4492 2710 4553 parte
2738 4482 3060 4536 continebat.
3089 4480 3305 4549 Signum
3339 4495 3496 4545 porro
3525 4478 3627 4531 hoc
3653 4487 3736 4531 est
3763 4493 3938 4533 sacer-

2369 4574 2556 4630 dotalis
2590 4582 2833 4643 aspectus
2867 4591 2882 4627 :
2928 4572 3162 4625 attribuit
3197 4581 3371 4624 autem
3417 4569 3681 4624 sacerdoti
3733 4585 3936 4624 smara-

2368 4664 2550 4734 gdum,
2581 4664 2662 4717 cui
2711 4662 2903 4731 duplex
2930 4661 3063 4715 inest
3096 4659 3425 4728 pulchritudo
3455 4677 3468 4712 :
3505 4657 3664 4713 habet
3706 4659 3850 4712 enim
3891 4669 3939 4712 et

2371 4753 2616 4808 decoram
2648 4753 2948 4805 virilitatem
2968 4762 3019 4804 et
3066 4750 3343 4818 puritatem
3402 4749 3567 4801 instar
3608 4749 3808 4816 speculi
3861 4764 3940 4800 ra-

2373 4843 2624 4898 diantem.
2648 4843 2903 4907 Quoniam
2933 4841 3087 4909 igitur
3103 4837 3432 4892 sacerdotem
3455 4839 3536 4905 pia
3562 4838 3940 4891 exercitatione

2373 4937 2604 4991 sobrium
2633 4949 2752 4990 esse
2780 4942 3006 5002 oportet,
3033 4939 3086 4984 et
3113 4931 3271 4983 vitam
3319 4944 3468 4982 suam
3495 4927 3652 4996 vulgo
3675 4936 3936 4996 tamquam

2374 5028 2643 5096 speculum
2677 5024 2948 5085 exhibere,
2979 5019 3304 5074 sacerdotem
3347 5019 3456 5072 vult
3487 5018 3539 5070 in
3568 5017 3803 5070 humeris
3830 5016 3935 5068 vir-

2377 5117 2502 5170 tutis
2525 5115 2802 5183 imaginem
2825 5119 3050 5179 gestare.
3080 5109 3253 5172 Quare
3280 5120 3405 5160 vero
3427 5106 3477 5158 in
3510 5104 3784 5158 humeris?
3811 5104 3937 5168 Quia

2378 5221 2567 5262 nomen
2592 5203 2682 5258 Dei
2699 5216 2853 5270 supra
2870 5207 3026 5268 caput
3052 5207 3184 5262 erat,
3204 5196 3456 5250 articulus
3471 5209 3628 5262 super
3640 5195 3938 5248 articulum.

2377 5298 2484 5353 Cur
2498 5307 2669 5351 autem
2690 5295 2740 5347 in
2765 5291 3032 5345 humeris?
3049 5289 3304 5354 Quoniam
3333 5286 3599 5340 actionum
3614 5294 3698 5339 est
3713 5286 3938 5354 signum.

2379 5387 2615 5442 Actionis
2655 5385 2792 5438 enim
2822 5383 3051 5452 potentia
3098 5379 3164 5433 ab
3195 5377 3430 5432 humeris
3479 5375 3771 5445 dependet.
3823 5376 3942 5429 Vult

2384 5479 2541 5548 igitur
2560 5475 2794 5530 veritatis
2819 5471 3256 5542 pulchritudinem
3300 5468 3350 5522 in
3393 5467 3692 5521 actionibus
3718 5467 3942 5520 enitere.

2381 5571 2661 5637 Propterea
2681 5567 2758 5620 sic
2785 5564 3066 5633 alloquitur
3086 5558 3366 5629 aliquando
3417 5556 3714 5614 Jerusalem
3775 5555 3945 5609 Domi-

2385 5674 2483 5716 nus
2508 5675 2522 5713 :
2548 5658 2688 5712 Pone
2711 5665 2953 5712 certatum
2971 5669 3117 5724 super
3143 5652 3370 5705 humeros
3387 5657 3519 5717 tuos,
3543 5649 3654 5715 ﬁlia
3696 5649 3948 5716 despecta,
