4158 6320
779 333 892 388 405

782 432 974 486 Λῑιυῖδ⁸
1015 437 1123 490 Kal
1156 435 1224 490 ἐν
1259 439 1380 507 ταῖς
1423 446 1712 500 συνέσεσι
1749 450 1864 503 τῶν
1898 450 2108 522 χειρῶν
2145 456 2327 510 αὐτοῦ

783 521 1096 590 ὡδήγησεν
1121 529 1355 594 αὐτούς.
1388 533 1494 584 Καὶ
1523 536 1554 604 ή
1589 537 1795 601 σύνεσις
1822 536 1929 610 ἄρα
1971 521 2025 594 ἐν
2057 545 2174 605 ταῖς
2206 562 2330 614 χερ-

786 610 869 662 σίν
906 614 1083 678 ἐστιν;
1133 617 1267 670 Ἀλλ’
1299 621 1358 671 ἐν
1405 626 1523 686 ταῖς
1553 627 1794 681 συνέσεσι
1833 630 1978 697 λέγει
2019 610 2329 688 αὑτῶν-τών

785 701 1050 770 πράξεων.
1094 705 1202 757 Καὶ
1243 708 1334 761 ἐπὶ
1374 710 1467 762 τοῦ
1511 713 1735 784 στήθους
1768 717 2066 788 ἐλάμϐανεν
2093 723 2120 773 ὀ
2154 723 2327 792 ἱερεὺς

780 787 842 839 τὸ
895 791 1096 858 λογεῖον
1142 795 1264 856 τοὺς
1309 797 1511 853 δώδεκα
1560 803 1737 867 λίθους
1809 787 2325 878 ὲγίκεκολαμμένους,

783 879 1046 944 τουτέστι,
1102 882 1332 950 σάρδιον,
1374 890 1644 953 τοπάζιον,
1687 895 2010 962 σμάραγδον,
2059 898 2322 969 ἄνθρακα,

784 967 1100 1039 σάπφειρον,
1156 973 1356 1041 ἴασπιν,
1409 979 1677 1046 ὑάκινθον,
1736 985 1958 1056 ἀχάτην,
2033 967 2322 1059 ἀμέθυσον,

781 1059 1109 1126 χρυσόλιθον,
1141 1061 1440 1133 βηρύλλιον,
1458 1069 1681 1138 ὀνύχιον.
1702 1072 1788 1125 Ἑν
1804 1078 1913 1138 τοῖς
1939 1077 2141 1132 δώδεκα
2161 1080 2325 1144 λίθοις

780 1147 985 1212 τούτοις
1023 1151 1330 1219 ἐμερίζοντο
1357 1158 1413 1208 αἱ
1445 1158 1646 1213 δώδεκα
1677 1163 1866 1229 φυλαί·
1913 1163 2046 1237 βαρὺ
2067 1170 2126 1221 τὸ
2154 1171 2320 1240 ῥῆμα.

781 1240 927 1292 ’Δνω
958 1242 1049 1293 ἐπὶ
1084 1243 1192 1294 τῶν
1235 1244 1398 1315 ὤμων
1441 1250 1536 1317 μὶα
1563 1247 1629 1321 ἦν
1665 1255 1695 1322 ή
1727 1254 1834 1306 τῶν
1872 1255 2033 1309 λίθων
2067 1261 2224 1326 φύσις
2265 1261 2322 1312 ἓν

778 1329 947 1398 ὄνομα
979 1331 1193 1400 ἔχουσα,
1238 1335 1328 1388 τὸν
1362 1339 1666 1408 σμάραγδον
1689 1359 1701 1370 ⁸
1745 1344 1836 1396 ἐπὶ
1875 1347 1932 1398 δὲ
1973 1347 2064 1400 τοῦ
2100 1349 2324 1418 στήθους

777 1418 927 1471 κάτω
953 1419 1192 1490 διάφοροι
1237 1427 1285 1476 οἱ
1315 1425 1471 1480 λίθοι.
1503 1429 1566 1480 Τί
1604 1430 1844 1498 βούλεται
1888 1435 2072 1500 τοῦτο;
2108 1438 2320 1509 Ἐπειδὴ

780 1506 878 1574 μία
905 1507 1061 1573 φύσις
1086 1512 1230 1579 ἡμᾶς
1258 1513 1529 1584 ἐγέννησε,
1560 1517 1800 1588 διάφοροι
1835 1521 1890 1574 δὲ
1926 1523 2136 1592 γνῶμαι
2177 1506 2322 1596 ἡμᾶς

780 1593 1057 1664 ἐμέρισαν,
1088 1598 1150 1650 τὸ
1194 1600 1292 1668 μὲν
1323 1602 1503 1656 δίδωσι
1527 1608 1590 1676 τῇ
1624 1607 1834 1679 γνώμῃ,
1865 1611 1924 1663 τὸ
1961 1611 2016 1664 δὲ
2044 1615 2107 1682 τῇ
2142 1593 2320 1681 φύσει.

777 1678 882 1735 Ἦν
925 1686 1102 1737 τοίνυν
1165 1688 1296 1742 Θεοῦ
1340 1691 1505 1761 ὄνομα
1542 1696 1574 1764 ή
1613 1678 1882 1768 πρακτικὴ
1925 1678 2112 1772 ἀρετή,
2235 1704 2321 1760 διὰ

776 1772 932 1840 λόγου
963 1775 1054 1826 καλ⁵
1080 1775 1334 1844 ἀληθείας
1367 1783 1691 1838 συνεστῶσα.
1729 1785 1838 1836 Καὶ
1866 1786 1969 1838 ὑπὸ
1997 1788 2055 1840 τὸ
2083 1772 2321 1860 κράσπε-

776 1859 864 1912 δον
892 1860 985 1912 τοῦ
1020 1863 1207 1930 ἱερέως
1246 1865 1306 1918 τὸ
1343 1866 1628 1936 λεγόμενον
1659 1870 1834 1940 λῶμα,
1871 1874 2025 1943 ἄνθη,
2062 1859 2194 1946 ῥωά,
2227 1880 2318 1932 καὶ

778 1949 981 2018 ροῖσκοι
1014 1961 1040 1989 ι
1072 1956 1278 2020 χρυσοῖ,
1320 1956 1412 2007 καὶ
1452 1957 1711 2022 κώδωνες.
1748 1961 1811 2013 Τί
1859 1963 2104 2018 ἐϐούλετο
2146 1966 2319 2022 ταῦτα

772 2037 833 2089 ἐν
865 2036 941 2106 τῷ
965 2039 1128 2107 ἱερεῖ;
1168 2035 1272 2110 ἆρα
1300 2042 1428 2105 Θεὸς
1455 2045 1751 2099 ἀνεπαύετο
1780 2049 1981 2112 τούτοις
2014 2055 2123 2116 τοῖς
2164 2055 2319 2108 ἀνθε-

777 2140 890 2190 σιν;
921 2123 1029 2196 ἆρα
1070 2128 1316 2182 ἐϐούλετο
1346 2133 1504 2202 γήϊνα
1529 2134 1658 2204 ἀνθη
1696 2131 1832 2190 εἶναι
1869 2141 1993 2208 περὶ
2015 2141 2102 2193 τὸν
2134 2143 2316 2212 lepid;

788 2214 924 2267 Ἀλλ’
953 2218 1011 2269 ἐν
1041 2218 1119 2287 τῷ
1148 2221 1381 2290 σχήματι
1414 2223 1504 2275 τοῦ
1538 2225 1720 2295 ἱερέως
1748 2227 2054 2292 ἐξεικονίζει
2082 2231 2179 2295 τὰς
2199 2233 2320 2303 ἀρε.

774 2306 892 2368 τάς.
914 2308 1058 2361 Ἀνω
1103 2311 1193 2362 ἐπὶ
1228 2310 1326 2378 τῆς
1366 2313 1603 2382 κεφαλῆς
1652 2314 1820 2383 ὄνομα
1869 2315 2021 2380 Θεοῦ,
2081 2319 2172 2372 ἐπὶ
2221 2321 2314 2374 τοῦ

776 2393 1000 2463 στήθους
1024 2396 1082 2448 τὸ
1120 2397 1321 2463 λογεῖον
1358 2400 1405 2462 b,
1437 2401 1502 2452 τὰ
1535 2401 1682 2453 κάτω
1710 2403 1840 2470 ἀνθη
1871 2405 1964 2455 καὶ
2002 2406 2218 2475 καρποὶ,
2249 2407 2316 2460 τά

772 2481 880 2534 τῶν
909 2483 1114 2552 ἀρετῶν
1142 2485 1552 2555 κατορθώματα,
1589 2490 1741 2543 ἀτινά
1779 2491 1922 2544 ἐστιν
1965 2492 2312 2564 ἐλεημοσύνη,

783 2573 1111 2644 δικαιοσύνη,
1142 2575 1532 2645 φιλανθρωπία.

843 2758 903 2804 ε’.
936 2753 1026 2804 Δεῖ
1055 2750 1145 2805 οὖν
1171 2756 1315 2824 ἡμᾶς
1352 2755 1487 2824 ἔχειν
1517 2760 1607 2810 καὶ
1640 2764 1705 2812 τά
1734 2759 1994 2812 ἀνθοῦντα
2022 2760 2186 2831 κάλλη
2223 2761 2315 2815 καὶ

773 2841 842 2895 τά
869 2843 1284 2914 πεπληρωμένα.
1312 2847 1478 2917 Ἀνθη
1522 2849 1577 2900 δέ
1622 2852 1755 2903 εἱσιν
1789 2852 1992 2922 ἱερέως,
2041 2854 2312 2923 συντυχία,

774 2933 975 3001 ὁμιλία,
1005 2931 1132 3004 ἦθος
1179 2935 1400 3002 ἀγαθὸν,
1433 2937 1587 3004 λόγος
1631 2941 1879 3010 χρηστὸς,
1931 2942 2126 3004 πίστις,
2170 2942 2314 3007 δόξα,

774 3023 1012 3093 ἀλήθεια,
1067 3027 1370 3098 δικαιοσύνη
1397 3044 1410 3058 ’
1446 3030 1538 3081 καὶ
1581 3030 1777 3098 μεταξὺ
1815 3031 2013 3087 τούτων
2059 3035 2106 3084 οἱ
2138 3032 2316 3087 κώδω-

774 3129 881 3179 νες,
913 3115 944 3182 ή
975 3115 1254 3183 συμφωνία
1283 3115 1387 3167 τῶν
1414 3117 1590 3169 καλῶν
1619 3118 1810 3187 ἔργων.
1838 3121 1991 3172 Πᾶσα
2011 3121 2120 3190 γὰρ
2148 3121 2313 3193 ἀρετή

771 3199 902 3271 ἦχον
945 3202 1210 3256 ἀποτελεῖ.
1255 3205 1344 3256 Διὸ
1375 3205 1519 3272 λέγει
1570 3206 1808 3270 Παῦλος·
1855 3209 1976 3276 Ἀφ’
2019 3209 2181 3278 ὑμῶν
2208 3212 2314 3280 γὰρ

772 3289 1056 3358 ἐξήχηται
1091 3294 1122 3343 ό
1169 3293 1348 3360 λόγος
1398 3293 1502 3345 τοῦ
1554 3293 1716 3346 Θεοῦ.
1764 3294 1930 3347 Πόθεν
1974 3295 2028 3348 δέ
2062 3294 2259 3364 ἤρξατο
2287 3298 2315 3350 ό

771 3374 938 3448 ἧχος;
984 3380 1086 3432 Καὶ
1141 3382 1381 3449 περιῄει,
1434 3382 1616 3450 φησιν,
1666 3386 1698 3435 ό
1748 3383 1973 3450 Ἰησοῦς
2022 3385 2317 3441 διδάσκων

772 3465 977 3520 πᾶσαν
1012 3471 1208 3528 πόλιν,
1245 3470 1340 3522 καί
1368 3469 1569 3523 πᾶσαν
1610 3470 1830 3539 κώμην,
1864 3472 1958 3525 καί
1985 3476 2316 3542 θεραπεύων

772 3549 980 3604 πᾶσαν
1003 3554 1207 3616 νόσον,
1236 3553 1333 3605 καὶ
1373 3552 1575 3606 πᾶσαν
1593 3556 1914 3622 μαλακίαν.
1960 3558 2066 3610 Καὶ
2098 3559 2314 3628 ἐξῆλθεν

772 3633 902 3706 ἦχος
934 3640 1056 3708 περὶ
1086 3638 1246 3691 αὑτοῦ
1280 3642 1358 3701 είς
1387 3643 1563 3693 πᾶσαν
1590 3642 1684 3710 τὴν
1717 3642 1838 3710 γῆν.
1887 3645 2119 3716 Πρόσεχε
2159 3650 2313 3718 ἀκρι-

773 3725 899 3786 ϐῶς·
935 3723 1085 3788 Εἶδες
1114 3726 1219 3778 τῶν
1248 3728 1454 3795 ἀρετῶν
1479 3728 1567 3779 τὸν
1589 3729 1814 3797 κόσμον;
1834 3731 2062 3794 Ἐκεῖνος
2091 3736 2117 3785 ὁ
2143 3737 2315 3804 ἱερεὺς

771 3812 1002 3882 Χριστοῦ
1031 3809 1096 3883 ἦν
1112 3812 1296 3876 τύπος.
1323 3815 1435 3867 Οὑκ
1460 3814 1854 3884 ἀλληγοροῦμεν
1887 3818 2132 3885 ἐνταῦθα,
2161 3824 2209 3874 εί
2241 3825 2314 3894 μὴ

773 3901 1022 3971 ἀφορμὰς
1055 3902 1315 3973 ἐλάϐομεν
1341 3904 1490 3972 παρά
1523 3904 1751 3957 Παύλου.
1789 3906 1849 3958 Εἱ
1881 3907 1954 3978 μὴ
1995 3909 2195 3974 Παῦλος
2221 3914 2316 3986 ήρ-

775 3987 1005 4057 μήνευσε
1029 3988 1125 4058 τήν
1164 3989 1388 4058 δύναμιν
1429 3990 1524 4060 τῆς
1562 3991 1921 4062 δικαιοσύνης,
1955 3997 2111 4064 ἡμεῖς
2143 3999 2314 4052 ταῦτα

776 4073 965 4142 μαθεῖν
994 4075 1091 4126 οὐκ
1124 4076 1450 4144 ἠδυνάμεθα.
1485 4077 1580 4130 Διά
1605 4079 1758 4131 τοῦτο
1792 4084 1932 4134 ποιεῖ
1967 4082 2174 4148 Παῦλος
2222 4088 2312 4140 τὸν

772 4162 918 4232 ἱερέα
971 4164 1172 4215 ἐκεῖνον
1213 4163 1379 4216 τύπον
1417 4165 1510 4218 τοῦ
1556 4168 1811 4235 Χριστοῦ.
1857 4170 1950 4223 καὶ
2006 4171 2188 4240 λέγει·
2232 4178 2312 4229 Οὐ

768 4249 876 4318 γὰρ
917 4251 1002 4314 είς
1037 4252 1410 4318 χειροποίητα
1464 4252 1599 4320 ἅγια
1645 4255 1927 4320 εἰσῆλθεν
1975 4262 2006 4311 ό
2039 4261 2308 4327 Χριστὸς,

768 4340 1056 4392 ἀντίτυπα
1084 4339 1200 4392 τῶν
1241 4341 1560 4406 ἀληθινῶν,
1587 4343 1728 4395 ἀλλ’
1757 4347 1840 4409 είς
1870 4347 2050 4399 αὑτὸν
2085 4351 2189 4402 τὸν
2216 4355 2312 4405 οὐ·

760 4431 970 4495 ρανὸν,
998 4429 1430 4497 ἐμφανισθῆναι
1453 4431 1528 4496 τῷ
1557 4434 1848 4499 προσώπῳ
1865 4435 1967 4489 τοῦ
1991 4438 2134 4491 Θεοῦ
2165 4440 2311 4508 ὑπὲρ

768 4517 952 4586 ἡμῶν.
983 4515 1172 4579 Στάσις
1200 4514 1290 4571 οῦν
1321 4516 1388 4588 ἦν
1418 4524 1472 4570 ἐν
1496 4523 1604 4582 τοῖς
1633 4523 1751 4574 τότε
1786 4523 2071 4588 Ἰουδαίοις,
2103 4528 2195 4579 καὶ
2218 4525 2312 4598 ζή-

765 4621 913 4676 τημα
947 4607 1112 4672 ξένον.
1150 4608 1361 4675 Ἐπειδὴ
1396 4607 1501 4677 γὰρ
1531 4609 1578 4659 οἱ
1607 4610 1886 4663 ἀπόστολοι
1911 4614 2200 4683 ἐκήρυττον
2223 4618 2312 4670 τὸν

766 4698 1014 4766 Σωτῆρα,
1059 4697 1155 4749 καὶ
1212 4696 1454 4764 βασιλέα,
1504 4699 1595 4749 καὶ
1647 4699 1811 4768 ἱερέα,
1860 4703 1948 4753 καὶ
2007 4706 2307 4776 προφήτην,

767 4783 1029 4852 ἐμάχοντο
1081 4786 1129 4836 οἱ
1169 4783 1425 4842 Ἰουδαῖοι.
1467 4787 1559 4836 καὶ
1608 4785 1786 4854 ἔλεγον
1835 4789 1900 4840 τὰ
1943 4790 2080 4842 κατὰ
2127 4792 2304 4861 νόμον.

768 4873 956 4939 ΙΙἌλλη,
992 4873 1142 4940 φησι,
1181 4873 1318 4940 φυλὴ
1370 4873 1657 4940 βασιλείας,
1701 4877 1790 4927 καὶ
1828 4877 1956 4947 άλλη
1997 4879 2306 4952 ἱερωσύνης.

777 4960 840 5012 Ἥ
873 4960 1128 5029 Λευῖτικὴ
1184 4960 1341 5029 φυλὴ,
1397 4962 1708 5032 ἱερωσύνης,
1750 4966 1780 5033 ή
1827 4965 1881 5019 δὲ
1919 4967 2103 5030 Ἰούδα,
2159 4968 2309 5039 βασι-

762 5048 930 5110 λείας,
957 5050 1137 5116 φησίν.
1179 5050 1239 5100 El
1271 5045 1363 5101 οὖν
1390 5051 1417 5101 ό
1447 5052 1674 5120 Χριστὸς
1711 5053 1956 5120 βασιλεύς
1984 5057 2144 5119 ἐστιν,
2185 5058 2309 5110 οὐκ·

759 5137 837 5190 έτι
867 5136 1014 5206 [419.]
1055 5138 1228 5207 ἱερεύς
1249 5155 1262 5168 ⁸
1295 5142 1342 5191 εἰ
1371 5139 1427 5192 δὲ
1453 5140 1644 5209 ἱερεὺς,
1672 5143 1849 5196 οὐκέτι
1873 5145 2136 5213 βασιλεύς.
2167 5149 2308 5201 Παῦ-

759 5228 848 5289 λος
912 5227 1234 5296 μαχόμενος,
1291 5230 1383 5281 καὶ
1438 5232 1568 5301 πρὸς
1629 5233 1724 5302 τὴν
1784 5235 2002 5288 ἐκείνων
2057 5238 2306 5292 ὑπόνοιαν

819 5499 845 5563 f
875 5497 978 5563 D_l_|0
1004 5497 1113 5554 ἄνθη
1151 5502 1290 5563 ῥοιᾶς.
1319 5503 1398 5547 καὶ
1424 5504 1619 5563 ῥοῖσκοι.

822 5558 848 5623 ἱ)
891 5557 1163 5623 'l'res_mss'.
1205 5562 1398 5617 στήθους
1426 5557 1578 5623 λόγος.
1623 5566 1719 5614 Sed
1756 5568 1889 5616 locus
1916 5571 1964 5616 in
1991 5570 2134 5619 editis
2174 5571 2303 5620 bene

756 5619 941 5667 habere
970 5618 1176 5667 videtur.

2267 343 2538 403 INCERTI

3148 413 3158 420 .
3866 378 3981 433 406

2436 458 2684 528 ἁρμόζων
2732 461 2820 514 τὸν
2867 463 3042 532 λόγον,
3077 469 3240 536 φησί’
3276 469 3359 538 Μὴ
3400 470 3504 541 γὰρ
3535 475 3672 526 κατὰ
3702 474 3799 543 τὴν
3827 481 3979 546 τάξιν

2431 547 2527 615 τῆς
2562 549 2823 619 ὑμετέρας
2852 553 3143 624 ἱερωσύνης
3169 559 3362 629 ἀνέστη
3391 561 3651 630 Χριστόςς
3683 566 3819 634 Παρ’
3841 570 3972 637 ὑμῖν

2430 631 2676 703 διῄρηται
2706 635 2946 705 βασιλεία
2975 643 3066 693 καὶ
3111 644 3403 715 ἱερωσύνη·
3442 648 3499 700 ἐν
3541 649 3597 701 δὲ
3634 652 3712 720 τῷ
3755 631 3976 726 Χριστῷ

2431 719 2714 788 συνῆπται.
2763 724 2844 777 Σὺ
2883 725 2990 797 γὰρ
3037 730 3257 795 ἱερεὺς,
3299 733 3484 801 φησὶν,
3533 738 3619 801 εἰς
3645 737 3752 791 τὸν
3794 719 3975 796 αιῶνα

2428 808 2574 859 κατὰ
2607 809 2720 876 τὴν
2744 812 2915 875 τάξιν
2939 817 3326 884 Μελχισεδέκ.
3360 821 3458 873 Διά
3479 822 3633 878 τοῦτο
3663 826 3969 894 συλλογίζε-

2427 911 2534 960 ται,
2569 897 2658 948 καὶ
2683 897 2862 966 λέγει·
2906 903 2954 953 εἱ
2983 904 3090 972 γὰρ
3121 907 3152 974 ή
3183 906 3368 977 πρώτη
3412 912 3669 983 ἱερωσύνη
3701 911 3768 983 ἦν
3797 920 3971 986 ἀμεμ-

2427 999 2577 1045 πτος,
2603 984 2684 1047 τίς
2707 987 2859 1055 χρεία
2888 988 3136 1059 λεχθῆναι
3166 994 3302 1046 κατὰ
3331 996 3428 1065 τὴν
3459 999 3608 1062 τάξιν
3645 984 3969 1070 Μελχισεδὲκ

2425 1071 2740 1126 ἀνίστασθαι
2787 1077 2957 1145 ἱερέα,
3006 1081 3100 1133 καὶ
3139 1083 3196 1133 οὑ
3239 1083 3376 1135 κατὰ
3411 1085 3508 1156 τὴν
3549 1089 3699 1154 τάξιν
3735 1093 3968 1161 Ἀαρών;

2427 1164 2886 1231 Μετατιθεμένης
2936 1167 3047 1235 γὰρ
3091 1168 3195 1235 τῆς
3224 1173 3564 1239 ίερωσύνης,
3606 1177 3675 1239 ἐξ
3705 1179 3968 1247 ἀνάγκης

2426 1251 2523 1302 καί
2553 1254 2738 1319 νόμου
2766 1255 3078 1321 μετάθεσις
3118 1260 3358 1325 γίνεται.
3390 1263 3696 1332 Ἀρχιερεὺς
3731 1273 3908 1321 τοίνυν
3941 1276 3967 1324 ό

2427 1337 2613 1408 Σωτὴρ
2643 1341 2817 1408 ήμῶν,
2849 1343 2907 1393 οὐ
2937 1345 3074 1396 κατά
3115 1347 3206 1397 τὸν
3239 1350 3335 1416 τῆς
3361 1348 3604 1418 θεότητος
3629 1353 3803 1420 λόγον,
3835 1358 3965 1411 ἀλλά

2426 1426 2564 1478 κατά
2597 1427 2686 1480 τὸν
2718 1427 2816 1497 τῆς
2854 1432 3048 1499 σαρκὸς
3083 1432 3271 1486 τύπονο
3298 1437 3408 1488 ἀνω
3438 1439 3716 1508 σύνθρονος
3739 1443 3872 1497 Θεοῦ
3901 1447 3965 1498 δι’

2423 1515 2587 1584 ἡμᾶς,
2613 1517 2728 1600 Ακαὶ
2763 1519 3048 1590 ἀρχιερεὺς
3090 1524 3227 1573 κατὰ
3279 1525 3376 1593 τὴν
3419 1527 3566 1589 τάξιν
3612 1530 3961 1600 Μελχισεδέκ.

2424 1602 2556 1672 Περὶ
2580 1596 2639 1656 οῦ
2670 1605 2832 1668 πολὺς
2868 1609 2896 1658 ό
2920 1607 3092 1674 λόγος,
3126 1610 3239 1662 ἀλλ’
3265 1613 3328 1664 οὑ
3355 1612 3446 1664 τοῦ
3479 1596 3763 1685 παρόντος.
3795 1622 3965 1690 Πρόσ-

2423 1708 2534 1761 εχε,
2576 1695 2903 1764 παρακαλῶο
2941 1692 3046 1749 Ἦν
3100 1701 3156 1752 ἐν
3196 1701 3273 1770 τῷ
3325 1703 3471 1776 νόμῳ
3525 1708 3961 1780 ὁλοκαυτώματα,

2423 1780 2580 1834 θυσία
2623 1783 2747 1852 περὶ
2785 1785 3078 1856 ἁμαρτίας,
3126 1794 3434 1862 προσφορά·
3489 1795 3654 1850 ἐλθὼν
3699 1799 3727 1851 ὁ
3777 1801 3961 1870 Σωτὴρ

2423 1871 2580 1922 παύει
2609 1871 2707 1934 τὰς
2735 1875 2968 1936 τυπικάς
3001 1879 3333 1949 προσφοράς,
3361 1884 3456 1935 καὶ
3487 1888 3629 1937 ποιεῖ
3645 1886 3704 1938 τὸ
3735 1888 3889 1951 σῶμα
3907 1889 3962 1940 τὸ

2422 1957 2546 2010 ῐδιον
2584 1961 2703 2012 ἀντὶ
2732 1961 2908 2032 πάσης
2938 1963 3141 2027 θυσίας.
3169 1968 3327 2035 Λέγει
3352 1970 3554 2034 Παῦλος
3583 1975 3710 2042 περί
3727 1977 3819 2026 τοῦ
3854 1976 3963 2027 Σω-

2418 2049 2612 2118 τῆρος·
2647 2051 2743 2105 Διὸ
2795 2055 3204 2123 εἰσερχόμενος
3243 2061 3328 2123 είς
3373 2059 3477 2112 τὸν
3511 2062 3736 2128 κόσμον
3762 2065 3957 2131 λέγει·

2422 2139 2649 2191 Θυσίαν
2680 2139 2777 2192 καὶ
2806 2144 3153 2210 προσφορὰν
3177 2146 3285 2198 οὐκ
3320 2147 3619 2214 ἠθέλησας
3643 2165 3655 2178 ·
3699 2150 3868 2218 σῶμα
3895 2153 3963 2204 δὲ

2418 2229 2746 2295 κατηρτίσω
2785 2247 2916 2298 μοι’
2967 2234 3419 2302 ὁλοκαυτώματα
3463 2237 3560 2288 καί
3617 2239 3747 2304 περὶ
3778 2242 3957 2308 ἀμαρ-

2417 2315 2545 2380 τίας
2576 2317 2685 2370 οὐκ
2731 2318 3065 2386 εὐδόκησας
3094 2333 3152 2361 ε’
3203 2326 3333 2377 τότε
3373 2321 3570 2378 εἶπον·
3612 2327 3754 2380 Ἰδοὺ
3797 2329 3953 2395 ἥκω·

2415 2404 2483 2456 ἐν
2510 2406 2779 2472 κεφαλίδι
2805 2408 3044 2470 βιϐλίου
3069 2412 3379 2480 γέγραπται
3407 2415 3536 2482 περὶ
3565 2416 3728 2484 ἐμοῦ.
3773 2419 3956 2472 Εἰπὼν

2415 2494 2513 2563 τὴν
2553 2497 2878 2566 προφητείαν
2922 2499 3147 2562 Παῦλος,
3206 2502 3298 2553 καὶ
3336 2503 3586 2572 εἱρηκὼς,
3635 2509 3714 2558 ὅτι
3759 2508 3956 2560 Θυσίαν

2417 2583 2509 2634 καὶ
2555 2587 2865 2655 προσφορὰν
2903 2589 2994 2640 καὶ
3045 2590 3170 2658 περὶ
3206 2591 3473 2659 ἁμαρτίας
3520 2594 3616 2645 οὑκ
3669 2594 3955 2665 ἠθέλησας,

2413 2668 2533 2721 τότε
2563 2666 2729 2737 εἷπον,
2763 2672 2888 2726 Ἰδοὺ
2917 2675 3051 2743 ἥκω,
3080 2678 3286 2747 ἀναιρεῖ
3311 2679 3372 2730 τὸ
3397 2679 3626 2748 πρῶτον,
3650 2681 3734 2732 ἱνα
3755 2683 3814 2736 τὸ
3836 2683 3927 2736 δεύ
3944 2716 3958 2725 -

2415 2776 2568 2829 τερον
2593 2761 2783 2832 στήσῃ.
2814 2763 2922 2815 Καὶ
2952 2765 3053 2817 ποῦ
3083 2767 3114 2834 ἡ
3144 2766 3298 2819 θυσία
3325 2769 3416 2820 καὶ
3439 2771 3472 2838 ή
3505 2773 3782 2841 προσφορά
3816 2775 3961 2842 εὑρί-

2419 2861 2602 2899 σκεται
2638 2847 2695 2900 ἐν
2743 2847 2821 2916 τῷ
2872 2849 3081 2919 σώματι
3126 2852 3225 2904 τοῦ
3253 2854 3519 2924 Χριστοῦς
3568 2853 3764 2919 Καθὼς
3809 2859 3962 2927 λέγει

2415 2935 2444 2986 ό
2479 2934 2768 2997 ἀπόστολος
2822 2937 3058 3000 Παῦλος’
3123 2942 3448 3007 Παρακαλῶ
3479 2943 3650 3011 ὑμᾶς,
3684 2947 3962 3016 ἀδελφοὶ,

2416 3022 2513 3076 διὰ
2537 3022 2654 3076 τῶν
2683 3027 2993 3094 οἰκτιρμῶν
3022 3029 3124 3082 τοῦ
3171 3031 3335 3095 Θεοῦ,
3362 3032 3440 3096 ὡς·
3463 3032 3638 3086 τέκνα
3665 3036 3961 3105 ἀγαπητὰ,

2415 3112 2778 3178 περιπατεῖτε
2805 3115 2873 3167 ἐν
2899 3115 3116 3182 ἀγάπῃ,
3148 3118 3336 3184 καθὼς
3365 3120 3460 3172 καὶ
3494 3123 3526 3173 ὁ
3546 3123 3965 3193 Χριστὸς-ἠτά-

2417 3213 2612 3264 πησεν
2639 3199 2814 3268 ἡμᾶς,
2862 3202 2956 3254 καί
2990 3202 3324 3268 παρέδωκεν
3355 3206 3568 3259 ἑαυτὸν
3606 3209 3755 3276 ὑπὲρ
3792 3211 3968 3279 ἡμῶν

2417 3289 2634 3341 θυσίαν
2679 3289 2775 3341 καὶ
2825 3294 3167 3358 προσφορὰν
3213 3293 3292 3356 τῷ
3337 3294 3483 3361 Θεῷ,
3514 3298 3600 3362 είς
3628 3299 3828 3366 ὀσμὴν
3862 3305 3963 3354 εὐ-

2417 3375 2609 3442 ωδίας.
2635 3377 2731 3430 Διά
2771 3379 2829 3433 σέ
2860 3380 3161 3450 ἀρχιερεὺς,
3192 3383 3470 3438 διὀἐαυτὸν
3498 3387 3644 3450 Θεός.
3672 3389 3763 3456 Μὴ
3794 3392 3964 3457 μετάο

2417 3462 2573 3516 ϐαλλε
2607 3466 2824 3536 ῥήματα
2862 3467 2995 3520 Θεοῦ
3030 3468 3246 3532 ζῶντος.
3285 3472 3376 3535 Είς
3414 3474 3628 3543 Πατέρα
3673 3478 3766 3529 καὶ
3813 3479 3963 3541 Υἱὸν,

2416 3555 2506 3606 καὶ
2535 3555 2684 3623 ἅγιον
2721 3556 2940 3627 Πνεῦμα
2982 3558 3342 3629 ἐϐαπτίσθης·
3391 3562 3448 3613 τί
3485 3564 3721 3634 ἀναιρεῖς
3749 3567 3817 3618 τά
3846 3567 3964 3620 δνό-

2420 3663 2561 3715 ματα
2587 3647 2653 3700 τά
2676 3647 2870 3715 ζῶντα,
2898 3650 2988 3702 καὶ
3012 3651 3248 3716 εἰσάγεις
3275 3651 3528 3722 ὀνόματα,
3551 3655 3824 3726 λογισμῶν
3840 3677 3965 3726 γεν-

2411 3736 2646 3805 νήματα,
2671 3737 2859 3804 λέγων,
2885 3739 3198 3809 Ἀγέννητος
3225 3741 3316 3792 καὶ
3337 3744 3603 3812 γεννητὸς,
3626 3747 3838 3810 κτιστὸς
3868 3750 3965 3802 καὶ

2415 3825 2680 3891 ἄκτιστος,
2706 3825 2782 3880 ὢν
2820 3828 2907 3880 ἀεὶ
2949 3829 3042 3880 καὶ
3076 3829 3149 3897 μὴ
3195 3829 3269 3882 ὢν
3313 3832 3432 3893 ἀείς
3467 3833 3679 3886 Τούτων
3705 3837 3964 3905 ἀνέχεται

2412 3913 2545 3976 Θεὸς
2564 3916 2668 3967 τῶν
2689 3917 2929 3984 ματαίων
2955 3918 3244 3986 ρημάτωνς
3274 3920 3367 3972 Ἕν
3395 3921 3541 3991 ῥῆμα
3569 3923 3652 3976 ἱνα
3684 3927 3966 3997 μεταϐάλῃ

2410 4003 2695 4072 προφήτης
2724 4003 2871 4068 ποτὲ,
2905 4005 3269 4059 ἐκινδύνευσεν
3300 4008 3617 4061 ἀπολέσθαι·
3660 4013 3751 4063 καὶ
3797 4013 3965 4080 βλέπε

2417 4089 2653 4156 ῥήματος
2693 4091 2887 4158 μικροῦ
2921 4091 3298 4161 ἀκριϐολογίαν
3316 4112 3328 4124 ·
3353 4096 3432 4146 Τὰ
3455 4097 3669 4164 ῥήματα
3697 4099 3804 4151 τῶν
3831 4117 3967 4171 προ-

2416 4175 2597 4248 φητῶν
2639 4193 2780 4239 τινες
2814 4177 3038 4231 ἐκάλουν
3073 4181 3176 4232 ὑπὸ
3213 4182 3484 4248 ἀπειρίας,
3516 4183 3702 4254 λῆμμα
3729 4188 3961 4257 Κυρίου.

2412 4266 2573 4333 Λέγει
2622 4268 2650 4318 ὁ
2689 4265 2817 4328 Θεὸς
2867 4266 2953 4318 διὰ
2993 4267 3279 4336 Ἱερεμίου’
3320 4270 3451 4322 Ἐὰν
3493 4271 3758 4341 ἐρωτήσῃ
3807 4292 3886 4328 σε
3932 4281 3965 4330 ό

2413 4352 2577 4416 λαὸς,
2613 4354 2651 4419 ἢ
2677 4356 2708 4404 ό
2733 4352 2940 4419 ἱερεὺς,
2975 4354 3012 4419 ἢ
3045 4357 3077 4406 ό
3107 4357 3430 4423 προφήτης,
3462 4359 3558 4410 καὶ
3583 4360 3717 4427 εἴπῃ
3746 4379 3867 4428 σοι,
3905 4366 3966 4418 Τί

2412 4439 2478 4492 τὸ
2515 4438 2752 4506 λῆμμα;
2808 4441 2936 4493 είπὲ
2987 4443 3206 4505 αὐτοῖς,
3247 4444 3332 4496 ὅτι
3370 4445 3438 4498 Τὸ
3488 4446 3692 4516 λῆμμα
3736 4453 3966 4519 Κυρίου

2412 4527 2579 4595 ὑμεῖς
2605 4528 2760 4582 ἐστε.
2790 4529 3063 4598 Λήψομαι
3090 4532 3198 4600 γὰρ
3226 4532 3378 4600 ὑμᾶς
3405 4533 3628 4603 λῆμμα,
3659 4540 3756 4590 καί
3794 4541 3968 4606 ῥὰξω

2415 4617 2583 4686 ὑμᾶς,
2607 4619 2705 4672 ἵνα
2741 4620 2827 4686 μὴ
2866 4621 3077 4688 λέγητε
3125 4621 3347 4690 λῆμμα.
3377 4623 3470 4676 Ἐν
3496 4626 3642 4694 ῥῆμα
3671 4628 3756 4680 ἵνα
3797 4649 3968 4699 μετα-

2410 4705 2629 4777 ποιηθῇ,
2658 4707 2867 4760 ἀπειλεῖ
2896 4710 2923 4759 ὁ
2945 4707 3072 4770 Θεός
3100 4725 3114 4738 ο
3154 4711 3244 4761 καὶ
3275 4711 3337 4761 σὺ
3372 4710 3654 4783 ὁλόκληρον
3676 4715 3967 4786 δογμάτων

2413 4795 2574 4867 [413]
2601 4795 2882 4866 ἀκρίϐειαν
2920 4798 3280 4866 διαστρέφεις,
3335 4800 3539 4870 Πατρὸς
3577 4803 3742 4876 ὄνομα
3784 4823 3968 4876 παρα-

2410 4887 2769 4955 γραφόμενος.
2838 4887 2967 4939 Υἱοῦ
3034 4887 3186 4951 ἀξίαν
3249 4888 3592 4958 ἀρνούμενος,
3645 4893 3968 4964 Πνεῦματος

2415 4975 2570 5041 ἀγίου
2608 4974 2760 5037 δόξαν
2806 4975 3040 5039 ἀθετῶν;
3072 4972 3215 5046 Ἀρα
3252 4976 3506 5050 διαφεύξῃ
3537 4980 3632 5042 τὰς
3673 4982 3768 5032 τοῦ
3831 4984 3968 5036 Θεοῦ

2410 5067 2622 5134 χεῖραςς
2675 5064 2822 5137 Βαρὺ
2866 5067 2958 5118 καὶ
2999 5065 3223 5134 φοϐερὸν
3266 5066 3577 5138 διαστρέψαι
3623 5068 3781 5136 λόγον
3831 5071 3966 5126 Θεοῦ

2411 5152 2624 5218 ζῶντος,
2666 5154 2868 5224 Κυρίου
2904 5154 2998 5205 τοῦ
3040 5153 3173 5205 Θεοῦ
3206 5154 3379 5224 ἡμῶν.
3417 5157 3601 5223 Λόγων
3637 5157 3966 5229 διαστρεφο-

2413 5245 2583 5316 μένων
2627 5245 2918 5313 ἀγανακτεί
2960 5244 3116 5306 Θεός’
3171 5245 3449 5314 δογμάτων
3488 5247 3966 5317 διαστρεφομένων

2409 5339 2506 5390 οὑκ
2539 5338 2859 5404 ἀγανακτεῖ;
2903 5335 2992 5401 Μὴ
3025 5334 3324 5404 σοφώτερος
3351 5331 3402 5387 εἴ
3426 5335 3518 5386 τοῦ
3560 5335 3846 5404 Σωτῆρος;
3894 5341 3967 5411 μὴ

2408 5424 2788 5494 ἀκριϐέστερος
2837 5418 3010 5473 εἰτοῦ
3053 5423 3406 5490 Εὑαγγελίου;
3455 5421 3722 5493 Φοϐήθητι
3791 5430 3967 5498 κρῖμα

2471 5633 2492 5660 θ
2541 5631 2661 5678 Tres
2683 5643 2794 5677 mss.
2825 5631 2911 5677 οὐκ
2936 5631 3177 5685 ἐζήτησας.
