4110 6318
156 387 275 441 405

151 489 396 555 quoniam
431 488 613 542 creavit
644 484 884 541 Dominus
913 486 1119 540 salutem
1148 484 1167 551 (
1184 484 1292 539 Jer.
1312 486 1399 539 5|.
1427 483 1490 536 21
1521 483 1558 551 ).
1606 480 1713 534 Ma-

155 592 260 630 nus
279 586 338 630 et
365 577 615 631 humeros
643 592 736 644 pro
763 576 1055 630 actionibus
1094 574 1281 642 accipit
1324 573 1613 640 Scriptura,
1659 578 1716 623 ut

150 680 276 719 cum
300 666 367 720 de
387 666 577 719 Davide
601 666 743 729 dicit,
769 664 831 717 Et
852 667 902 717 in
918 664 1234 717 intellectibus
1262 678 1494 715 manuum
1514 677 1714 713 suarum

154 754 371 808 deduxit
404 772 487 808 eos
512 755 530 825 (
555 754 644 807 Ps.
670 756 755 807 '77.
784 755 903 823 72).
936 754 1192 821 Numquid
1244 754 1294 805 in
1350 753 1591 805 manibus
1633 761 1714 804 est

153 843 454 899 intellectus
481 846 626 899 ?Sed
657 847 707 898 in
755 845 1100 899 intellectibus
1120 844 1245 896 dicit
1289 844 1514 910 ipsarum
1551 842 1712 894 actio-

152 948 301 985 num.
332 934 398 986 Et
426 935 474 986 in
520 944 728 1002 pectore
753 934 1039 1000 accipiebat
1071 933 1314 987 sacerdos
1336 933 1623 995 oraculum,
1655 932 1706 984 in

150 1037 259 1088 quo
279 1022 556 1076 duodecim
574 1033 721 1077 erant
742 1022 938 1091 lapides
963 1023 1225 1088 insculpti,
1249 1022 1345 1075 hoc
1361 1031 1459 1085 est,
1484 1021 1705 1086 sardius,

153 1112 414 1178 tepazius,
437 1113 758 1179 smaragdns,
790 1111 1161 1174 carbunculus,
1197 1110 1492 1177 sapphirus,
1516 1109 1701 1178 iaspis,

152 1199 491 1265 hyacinthus,
530 1200 762 1261 achates,
792 1198 1139 1266 amethystus,
1183 1196 1555 1265 ehrysolithus,
1609 1198 1706 1252 be-

151 1287 339 1353 ryllus,
388 1287 697 1355 onychinus.
728 1286 781 1339 In
811 1287 1085 1340 duodecim
1138 1286 1395 1353 lapidibus
1430 1286 1705 1340 duodecim

152 1374 323 1427 tribus
350 1374 715 1428 dividebantur
745 1392 757 1426 :
790 1390 944 1443 grave
967 1375 1182 1428 dictum.
1225 1374 1391 1443 Supra
1417 1376 1626 1442 quidem
1654 1378 1702 1429 in

152 1463 391 1518 humeris
418 1480 517 1517 una
541 1465 766 1533 lapidum
790 1476 903 1519 erat
928 1474 1110 1518 natura
1127 1464 1508 1533 unodesignata
1533 1468 1702 1520 nomi-

151 1568 237 1617 ne,
270 1553 610 1621 smaragdus;
642 1553 691 1605 in
711 1564 918 1621 pectore
939 1562 1113 1607 autem
1144 1552 1275 1605 infra
1306 1553 1502 1620 lapides
1530 1554 1703 1608 diver-

150 1642 215 1696 si.
246 1642 385 1708 Quid
413 1642 511 1696 hoc
526 1643 624 1696 sibi
655 1643 799 1695 vult?
818 1641 1233 1711 quandoquidem
1260 1657 1362 1695 una
1398 1656 1494 1695 nos
1520 1655 1701 1696 natura

149 1732 473 1797 procreavit,
494 1732 697 1785 diversa
724 1745 849 1784 vero
872 1745 966 1783 nos
995 1730 1209 1783 consilia
1242 1740 1297 1785 et
1317 1731 1589 1799 Opiniones
1618 1731 1699 1785 di-

147 1822 410 1883 viserunt,
439 1820 539 1873 hoc
564 1819 772 1887 quidem
797 1819 1026 1886 opinioni
1060 1819 1258 1883 tribuit,
1283 1819 1406 1873 illud
1439 1834 1567 1873 vero
1604 1835 1700 1873 na-

150 1919 303 1962 turae.
330 1909 456 1960 Erat
496 1907 652 1976 igitur
673 1907 762 1960 Dei
786 1921 975 1960 nomen
1001 1906 1163 1960 virtus
1190 1907 1240 1959 in
1270 1907 1475 1961 actione
1513 1907 1697 1973 posita,

146 2012 265 2064 quae
288 2010 383 2065 per
407 1997 660 2049 rationem
688 2009 749 2048 ac
778 1996 1051 2048 veritatem
1074 1994 1328 2048 subsistit.
1362 1995 1424 2048 Et
1481 1995 1532 2048 in
1583 1996 1698 2047 ﬁm-

148 2086 261 2138 bria
307 2086 618 2146 sacerdotis,
649 2100 765 2152 qute
793 2085 983 2137 dicitur
1019 2099 1132 2148 ora,
1167 2082 1321 2137 ﬂores
1349 2086 1471 2138 ntali
1504 2086 1697 2153 punici,

151 2176 286 2226 mala
306 2176 495 2243 punica
514 2189 693 2239 aurea,
708 2183 757 2228 et
776 2174 1139 2227 tintinnabula.
1160 2174 1290 2240 Quid
1316 2175 1425 2229 hare
1448 2176 1499 2228 in
1523 2191 1699 2230 sacer-

150 2266 274 2319 dote
316 2266 414 2318 sibi
444 2265 730 2318 volebant?
760 2264 1007 2332 numquid
1039 2264 1173 2318 Deus
1199 2265 1277 2318 his
1320 2264 1533 2318 floribus
1555 2266 1698 2321 dele-

150 2357 426 2410 ctabatur?
450 2372 571 2409 num
599 2357 817 2409 terrenis
840 2356 1051 2408 floribus
1077 2356 1302 2409 cinctum
1324 2371 1441 2410 esse
1458 2357 1701 2411 sacerdo-

151 2457 255 2501 tem
288 2446 645 2501 volebat?Scd
673 2448 721 2498 in
751 2447 939 2499 vestitu
972 2446 1255 2500 sacerdotis
1300 2447 1515 2501 virtutes
1544 2448 1696 2501 efﬁn-

150 2542 240 2606 git.
270 2540 438 2605 Supra
480 2538 687 2605 quidem
713 2537 760 2589 in
788 2537 957 2603 capite
996 2551 1181 2588 nomen
1222 2537 1349 2599 Dei;
1398 2538 1445 2588 in
1489 2550 1697 2605 pectore

151 2626 421 2679 oraculum
458 2641 471 2677 :
510 2624 641 2677 infra
673 2640 794 2677 vero
823 2623 977 2677 ﬁorcs
1002 2633 1053 2677 et
1084 2624 1296 2687 fructus,
1331 2626 1574 2678 virtutum
1617 2641 1696 2679 rc-

151 2726 234 2765 Cte
279 2712 431 2777 facta,
462 2726 576 2780 qua:
596 2720 716 2765 sunt
744 2713 1093 2779 eleemosyna,
1126 2713 1341 2780 justitia,
1388 2715 1695 2783 benignitas.

225 2803 273 2855 5.
321 2800 496 2853 Flores
525 2801 804 2867 spirituales
833 2801 1116 2853 sacerdotis.
1150 2800 1371 2855 Christus
1399 2805 1625 2857 sacerdos
1653 2816 1697 2857 et

152 2892 394 2959 pontifex.
410 2919 483 2929 —
502 2889 604 2941 Nos
631 2889 785 2957 igitur
809 2888 999 2942 habere
1019 2898 1224 2957 oportet
1247 2898 1298 2943 et
1313 2889 1556 2946 ﬂorentes
1583 2893 1695 2959 pul-

151 2979 473 3033 chritudines
503 2987 550 3032 et
579 2978 861 3044 completas
887 2986 1040 3046 atque
1068 2988 1310 3031 maturas.
1343 2979 1522 3035 Flores
1544 2997 1697 3048 porro

153 3078 272 3122 sunt
300 3066 606 3129 sacerdotis,
631 3081 960 3134 congressus,
989 3067 1322 3135 colloquium,
1351 3066 1472 3121 boni
1502 3086 1693 3135 mores,

153 3157 293 3210 mitis
332 3170 525 3217 sermo,
558 3155 705 3218 ﬁdes,
738 3156 892 3217 fama,
921 3155 1129 3218 veritas,
1165 3155 1392 3224 iustitia;
1425 3166 1477 3210 et
1506 3158 1585 3212 his
1620 3160 1698 3213 in-

155 3247 366 3315 tcrjecta
417 3246 777 3311 tintinnabula,
829 3248 1103 3301 consensio
1151 3248 1392 3301 nimirum
1438 3249 1690 3304 bonorum

152 3350 387 3401 operum.
418 3333 599 3387 Omnis
636 3335 773 3387 enim
819 3336 983 3389 virtus
1027 3349 1211 3389 sonum
1254 3338 1527 3405 quemdam
1568 3340 1693 3393 edit.

153 3425 299 3479 Unde
328 3426 517 3479 Paulus
543 3425 614 3478 ait
650 3443 662 3476 :
706 3427 747 3476 Α
792 3425 921 3478 vobis
950 3428 1079 3478 enim
1104 3443 1264 3479 sermo
1310 3427 1399 3481 Dei
1446 3432 1697 3494 personuit

153 3515 222 3579 (1.
250 3513 426 3567 Thess.
462 3515 510 3567 1.
542 3514 621 3582 8).
641 3514 706 3567 At
728 3514 981 3567 undenam
1012 3515 1205 3584 incepit
1223 3516 1418 3569 sonus?
1445 3517 1693 3572 Circuibat

152 3602 315 3668 Iesus,
348 3605 440 3668 ait,
472 3605 648 3657 docens
672 3621 865 3657 omnem
886 3606 1127 3657 civitatem
1153 3614 1198 3657 et
1228 3622 1419 3658 omnem
1443 3607 1619 3672 vicum,
1646 3618 1692 3662 et

151 3708 329 3745 curans
357 3709 549 3743 onmem
577 3694 816 3754 morbum,
862 3702 905 3745 et
949 3709 1138 3745 omnem
1166 3695 1499 3759 inﬁrmitatem
1523 3697 1573 3749 in
1602 3714 1694 3763 po-

153 3782 267 3846 pulo
296 3780 502 3848 (Matth.
532 3780 582 3833 0.
615 3781 701 3847 35)
736 3796 749 3831 :
779 3789 832 3833 et
857 3782 1014 3833 exivit
1043 3795 1202 3833 sonus
1227 3781 1291 3834 de
1315 3797 1379 3835 eo
1406 3784 1455 3835 in
1485 3799 1692 3838 omnem

152 3879 361 3922 terram.
412 3869 638 3922 Attende
685 3870 973 3936 diligenter.
1018 3867 1279 3921 Virtutum
1324 3879 1564 3923 ornatum
1619 3873 1694 3924 vi-

151 3959 305 4013 disti?
336 3959 428 4012 Ille
456 3960 566 4027 ipse
595 3959 839 4012 sacerdos
866 3957 1056 4011 Christi
1092 3958 1251 4025 ﬁgura
1280 3968 1410 4011 erat.
1449 3960 1541 4013 llic
1575 3962 1691 4027 qui-

152 4047 265 4099 dem
312 4047 443 4099 nihil
484 4046 623 4099 velut
670 4061 764 4115 per
804 4045 1102 4113 allegoriam
1151 4047 1545 4114 explicaremus,
1594 4050 1689 4101 nisi

150 4134 336 4189 Paulus
378 4134 527 4188 nobis
555 4149 732 4188 ansam
765 4135 1022 4202 prmberet
1063 4152 1073 4185 :
1119 4144 1171 4189 et
1216 4136 1315 4189 nisi
1360 4136 1545 4190 Paulus
1587 4138 1687 4189 vim

152 4224 284 4277 illam
310 4225 534 4293 justitize
568 4225 717 4278 nobis
745 4225 1076 4291 explicasset,
1108 4239 1203 4278 nos
1243 4238 1367 4279 sane
1395 4225 1507 4279 hare
1536 4243 1689 4279 num-

149 4329 297 4379 quam
324 4315 535 4381 assequi
560 4314 929 4380 poutissemus.
949 4313 1094 4367 Hanc
1115 4316 1180 4368 ob
1200 4330 1308 4368 rem
1334 4316 1525 4368 Paulus
1552 4316 1688 4371 lnmc

149 4402 470 4454 sacerdotem
498 4401 689 4453 Christi
722 4402 933 4467 ﬁguram
975 4403 1237 4469 proponit,
1283 4413 1335 4455 et
1372 4403 1446 4457 ait
1476 4419 1493 4455 :
1529 4422 1546 4453 ε
1578 4404 1686 4456 Νοη

147 4493 279 4541 enim
323 4494 377 4543 in
417 4502 591 4544 sancta
636 4492 925 4544 manufacta
962 4493 1191 4544 introivit
1220 4492 1480 4559 Christus,
1514 4509 1689 4548 exem-

149 4578 299 4645 plaria
347 4594 608 4642 verorum,
648 4579 738 4632 scd
786 4580 835 4631 in
880 4579 1047 4645 ipsum
1093 4581 1297 4643 caelum,
1339 4590 1395 4633 ut
1442 4592 1691 4650 appareat

149 4682 279 4721 nunc
308 4668 473 4719 vultui
513 4667 603 4719 Dei
652 4681 745 4734 pro
788 4668 936 4719 nobis
967 4685 985 4717 ι
1041 4668 1216 4735 (Hebr.
1258 4669 1309 4722 9.
1357 4669 1471 4735 24).
1520 4673 1688 4739 Atque

147 4754 252 4809 lucc
278 4754 489 4821 quidem
530 4768 613 4808 res
658 4754 899 4807 seditioni
933 4755 1068 4807 inter
1108 4754 1319 4808 Juda:os
1358 4758 1683 4811 occasionem

147 4847 423 4911 praebebat,
456 4847 523 4898 ita
552 4854 606 4898 ut
632 4845 697 4899 de
722 4846 962 4897 inusitata
994 4844 1130 4897 inter
1160 4860 1217 4898 se
1245 4847 1534 4912 quaestione
1562 4863 1686 4900 con-

146 4938 432 4990 tenderent.
465 4935 591 4988 Cum
623 4936 761 4989 enim
792 4936 1009 5004 apostoli
1043 4946 1381 4999 servatorem,
1408 4944 1461 4989 et
1491 4953 1682 5005 regem,

144 5035 190 5079 ct
213 5026 559 5087 sacerdotem,
593 5034 643 5076 et
671 5025 977 5091 pr0phetam
1006 5025 1372 5092 praedicarent,
1406 5025 1571 5078 Judtei
1600 5027 1682 5078 in-

144 5120 218 5165 ter
245 5129 300 5168 se
328 5112 737 5173 contendebant,
780 5112 950 5164 allatis
989 5114 1039 5164 in
1080 5113 1305 5165 medium
1349 5113 1431 5175 iis,
1478 5129 1593 5179 qua:
1632 5116 1681 5165 in

144 5201 250 5270 lege
288 5204 526 5270 ipsorum
572 5202 761 5266 scripta
812 5209 981 5252 erant.
1031 5202 1161 5264 Alia,
1205 5202 1463 5264 dicebant,
1518 5202 1682 5254 tribus

148 5295 302 5358 regni,
325 5300 380 5345 et.
406 5292 504 5343 alia
528 5289 824 5343 sacerdotii.
849 5288 1076 5340 Levitica
1103 5290 1333 5356 quidem,
1366 5290 1637 5343 sacerdotii
1665 5307 1678 5341 :

148 5381 300 5434 tribus
326 5397 452 5435 vero
480 5380 635 5444 Juda,
667 5379 833 5446 regni.
864 5378 916 5432 Si
957 5378 1114 5445 igitur
1141 5377 1381 5431 Christus
1412 5394 1520 5442 rex,
1555 5394 1680 5447 ergo

149 5483 241 5519 non
284 5467 533 5522 sacerdos
580 5484 593 5518 :
633 5468 711 5519 sin
754 5480 875 5519 vero
916 5465 1184 5527 sacerdos,
1233 5480 1358 5533 ergo
1406 5480 1506 5518 non
1559 5482 1674 5518 rex.

147 5556 401 5610 Adversus
428 5571 561 5625 quos
592 5556 785 5608 Paulus
809 5568 986 5623 agens,
1017 5554 1157 5605 omni
1178 5556 1415 5607 oratione
1442 5554 1505 5605 ad
1533 5570 1680 5607 ever-

147 5648 341 5701 tendam
377 5649 509 5700 hanc
540 5647 836 5715 Opinionem
864 5653 1183 5712 comparata,
1215 5644 1325 5699 ait:
1358 5645 1489 5698 Num
1522 5645 1677 5714 igitur

1287 367 1560 427 IIOMILIA
1602 366 1688 422 DE
1723 364 2209 424 LEGISLATORE.

3262 397 3375 453 406

1823 478 2060 534 Christus
2103 480 2387 535 secundum
2438 482 2719 537 sacerdotii
2762 486 2919 538 vestri
2972 486 3207 541 ordinem
3259 502 3370 541 sar-

1819 569 1992 622 rexit?
2040 570 2192 638 Apud
2243 584 2336 623 vos
2389 570 2599 638 quidem
2646 587 2863 640 regnum
2920 583 2973 628 et
3018 575 3368 630 sacerdotium

1818 656 2060 712 distincta
2086 667 2208 711 sunt
2237 676 2248 709 :
2280 660 2329 711 in
2359 660 2569 713 Christo
2595 669 2872 730 utrumque
2899 664 3234 732 coniunctum
3265 677 3364 719 est.

1821 746 1893 798 Tu
1921 748 2083 811 enim,
2114 750 2206 811 ait,
2237 749 2464 801 sacerdos
2491 766 2540 802 es
2567 751 2615 803 in
2641 761 2897 814 tetermmt,
2926 755 3196 807 secundum
3224 758 3365 807 ordi-

1815 854 1927 890 nem
1953 837 2276 891 Melchisedec
2317 839 2480 907 (Psal.
2532 839 2649 893 109.
2696 841 2769 909 4).
2804 841 2979 908 Itaque
3028 844 3364 899 ratiocinatur

1816 928 2019 991 Paulus,
2054 936 2108 981 et
2134 930 2207 981 ait
2249 947 2261 981 :
2307 929 2361 982 Si
2405 930 2542 983 enim
2592 930 2813 997 primum
2859 931 2981 985 illud
3013 933 3358 987 sacerdotium

1814 1026 1925 1071 erat
1954 1019 2433 1087 irreprehensibile,
2472 1021 2593 1089 quid
2635 1022 2909 1089 oportebat
2949 1023 3141 1087 dicere,
3171 1039 3359 1079 secun-

1812 1108 1937 1162 dum
1962 1110 2198 1164 ordinem
2226 1112 2571 1167 Melchisedec
2601 1114 2924 1168 sacerdotem
2955 1126 3306 1170 surrecturum
3337 1135 3356 1170 :

1812 1209 1991 1253 etnon
2034 1202 2320 1255 secundum
2359 1204 2597 1257 ordinem
2628 1204 2841 1257 Aaron?
2882 1205 3075 1259 Etenim
3118 1211 3355 1260 translato

1810 1290 2103 1351 sacerdotio,
2133 1306 2327 1343 necesse
2354 1300 2425 1344 est
2451 1299 2504 1343 ut
2530 1291 2650 1361 legis
2679 1293 2937 1346 translatio
2964 1294 3053 1361 fiat
3081 1293 3257 1360 (Hebr.
3301 1295 3352 1348 7.

1811 1379 1918 1445 12).
1949 1379 2086 1445 Ergo
2104 1380 2348 1433 Servator
2372 1390 2551 1435 noster
2578 1396 2811 1434 summus
2836 1391 2915 1435 est
2945 1382 3172 1450 pontifex
3207 1402 3218 1435 :
3250 1400 3353 1438 non

1808 1471 2012 1523 ratione
2047 1471 2333 1524 divinitatis
2378 1487 2505 1533 sum,
2549 1472 2638 1525 sed
2677 1472 2743 1525 ob
2790 1473 3003 1542 figuram
3045 1474 3218 1527 carnis
3256 1491 3269 1525 :
3304 1475 3352 1527 in

1807 1560 2046 1625 supernis
2073 1560 2138 1613 ad
2168 1560 2435 1615 dexteram
2466 1561 2552 1614 Dei
2584 1561 2864 1615 considens
2893 1573 3104 1629 propter
3141 1578 3256 1627 nos,
3304 1575 3356 1617 et

1806 1662 2041 1701 Summus
2088 1647 2351 1716 pontifex,
2404 1649 2683 1702 secundum
2732 1650 2961 1703 ordinem
3011 1651 3354 1707 Melchisedec

1808 1736 1966 1807 (Ibid.
1996 1739 2049 1793 5.
2087 1737 2194 1808 11).
2246 1739 2319 1793 De
2354 1754 2458 1808 quo
2499 1740 2658 1793 multa
2701 1740 2800 1794 dici
2840 1750 3070 1809 possent,
3102 1743 3193 1796 sed
3243 1758 3344 1796 non

1805 1835 1926 1878 sunt
1967 1824 2119 1893 hujus
2160 1827 2278 1880 loci.
2324 1829 2567 1880 Animum
2615 1828 2823 1892 adhibe,
2860 1845 3055 1897 qumso.
3098 1832 3255 1885 Erant
3299 1834 3349 1885 in

1806 1913 1918 1982 lege
1952 1916 2114 1968 veteri
2156 1915 2586 1979 holocautomata,
2617 1929 2727 1971 erat
2765 1920 3069 1972 sacriﬁcium
3102 1936 3195 1988 pro
3225 1936 3347 1989 pec-

1804 2012 1941 2067 cato,
1970 2013 2082 2057 erat
2102 2004 2296 2059 oblatio
2326 2023 2339 2057 :
2366 2006 2613 2059 Servatur
2639 2016 2810 2059 atttem
2839 2007 2922 2060 ubi
2954 2010 3001 2060 in
3032 2009 3166 2062 hunc
3193 2025 3349 2064 mun-

1804 2093 1927 2145 dum
1978 2094 2205 2158 advenit,
2264 2097 2531 2150 sacriﬁciis
2581 2097 2684 2151 illis
2728 2097 2919 2165 ﬁguras
2967 2098 3345 2163 referentibus,

1807 2182 1959 2235 ﬁnem
1986 2184 2223 2250 imponit,
2258 2186 2467 2252 proprio
2496 2200 2592 2239 suo
2620 2200 2838 2253 corpore
2868 2200 2961 2253 pro
2986 2187 3125 2238 omni
3152 2187 3349 2241 sacriﬁ-

1803 2276 1885 2328 cio
1910 2274 2206 2329 substituto.
2235 2276 2308 2329 De
2332 2290 2433 2344 quo
2462 2275 2649 2329 Paulus
2672 2293 2684 2328 :
2716 2294 2734 2327 (
2760 2278 2821 2329 Et
2844 2274 3177 2345 ingressus'in
3200 2294 3349 2330 mun-

1804 2366 1947 2430 dum,
1975 2366 2137 2419 dicit:
2170 2366 2487 2421 Sacriﬁcium
2517 2377 2568 2420 et
2595 2366 2906 2421 oblationem
2939 2368 3145 2420 noluisti
3180 2384 3192 2420 :
3224 2382 3342 2421 cor-

1806 2469 1900 2520 pus
1927 2464 2097 2509 autem
2133 2456 2319 2522 aptasti
2362 2455 2485 2506 mihi
2517 2471 2529 2503 :
2562 2455 2975 2506 holocautomata
3004 2462 3055 2507 et
3092 2469 3185 2521 pro
3226 2469 3347 2522 pec-

1803 2551 1919 2595 cato
1961 2557 2063 2595 non
2093 2541 2384 2607 postulasti.
2409 2542 2554 2594 Tunc
2577 2542 2703 2604 dixi,
2734 2541 2869 2594 Ecce
2899 2542 3069 2607 venio,
3104 2542 3154 2595 in
3176 2543 3347 2611 capite

1804 2630 1915 2683 libri
1946 2631 2190 2696 scriptum
2218 2629 2387 2683 estde
2418 2645 2499 2682 me
2534 2649 2551 2679 ι
2584 2629 2759 2697 (Hebr.
2792 2630 2874 2683 10.
2905 2631 3050 2693 5,—7;
3082 2630 3224 2684 Psal.
3257 2633 3343 2686 '59.

1804 2720 1853 2771 7.
1880 2720 1952 2788 8).
1975 2720 2162 2772 Paulus
2187 2736 2308 2787 ergo
2329 2735 2445 2772 cum
2474 2720 2538 2773 de
2560 2719 2860 2786 prophetico
2879 2735 3091 2774 munere
3112 2720 3343 2782 dixisset,

1804 2826 1900 2863 nec
1927 2824 2029 2862 non
2059 2808 2177 2861 illud
2209 2823 2431 2876 quoque,
2461 2808 2589 2861 Cum
2618 2808 2923 2861 sacriﬁcium
2955 2818 3007 2863 et
3032 2809 3344 2863 oblationem

1802 2912 1847 2953 et
1883 2915 1975 2967 pro
2002 2907 2213 2967 peccato
2240 2898 2587 2965 repudiasses,
2632 2906 2753 2950 tunc
2795 2897 2921 2962 dixi,
2968 2897 3104 2951 Ecce
3140 2900 3292 2952 venio
3329 2917 3343 2951 :

1807 2991 1938 3043 tollit
1970 2990 2211 3055 primum,
2247 2998 2301 3041 ut
2336 2987 2623 3041 secundum
2662 2987 2905 3041 stabiliat.
2935 2988 3000 3040 At
3026 2988 3232 3041 ubinam
3259 3004 3343 3040 sa-

1805 3081 2051 3133 criﬁcium
2101 3089 2152 3131 et
2208 3078 2400 3131 oblatio
2454 3078 2504 3129 in
2549 3091 2767 3144 corpore
2810 3076 3001 3131 Christi
3053 3077 3344 3129 invenitur?

1805 3166 2250 3233 Quemadmodum
2276 3164 2540 3232 apostolus
2563 3163 2751 3216 Paulus
2777 3172 3026 3216 testatur:
3065 3181 3082 3212 ‹
3115 3164 3344 3217 Obsecro

1803 3271 1914 3321 vos,
1950 3256 2157 3318 fratres,
2192 3270 2284 3319 per
2322 3252 2727 3306 misericordiam
2759 3253 2852 3306 Dei
2881 3262 2938 3307 ut
2969 3265 3224 3321 tamquam
3254 3255 3340 3307 ﬁlii

1802 3345 1972 3397 dilecti
2028 3343 2303 3395 amhuletis
2366 3343 2414 3394 in
2477 3342 2689 3394 caritate
2737 3358 2749 3393 :
2810 3341 3240 3408 quemadmodum
3292 3354 3343 3394 et

1800 3434 2035 3487 Christus
2072 3432 2249 3484 dilexit
2278 3445 2370 3482 nos
2390 3472 2403 3493 ,
2432 3439 2483 3483 et
2506 3430 2838 3497 semetipsum
2884 3445 2977 3498 pro
3006 3431 3155 3484 nobis
3197 3431 3341 3484 dedit

1801 3520 2107 3573 sacrificium
2130 3527 2183 3572 et
2201 3519 2510 3572 oblationem
2537 3518 2661 3582 Deo,
2694 3518 2745 3570 in
2776 3518 2987 3571 odorem
3019 3518 3289 3571 suavitatis
3320 3539 3337 3569 ι

1806 3610 2013 3681 (Ep/tes.
2061 3610 2113 3664 5.
2156 3611 2205 3662 1.
2248 3609 2324 3676 ‘2).
2373 3609 2590 3676 PrOpter
2629 3618 2678 3662 te
2716 3606 2952 3662 Christus
2994 3622 3229 3660 summus
3264 3619 3344 3662 est

1802 3701 2038 3773 pontifex
2066 3716 2077 3750 :
2115 3707 2324 3766 propter
2351 3698 2574 3766 seipsum
2615 3697 2766 3750 Deus.
2806 3696 2919 3750 Noli
2953 3705 3151 3749 mutare
3181 3697 3331 3749 verba

1800 3788 1889 3840 Dei
1934 3788 2059 3840 vivi.
2100 3788 2151 3839 In
2194 3787 2419 3845 Patrem.
2467 3786 2673 3850 Filium,
2718 3794 2769 3837 et
2812 3785 3060 3852 Spiritum
3107 3799 3340 3838 sanctum

1800 3876 2085 3943 baptizatus
2109 3890 2163 3928 es
2195 3893 2206 3925 :
2236 3890 2327 3925 cur
2355 3874 2571 3926 sublatis
2602 3873 2894 3925 nominibus
2924 3872 3234 3936 viventibus,
3266 3873 3343 3924 in-

1798 3963 1944 4015 ducis
1975 3963 2184 4015 nomina
2213 3962 2500 4029 excogitata
2530 3961 2723 4021 dicens,
2755 3960 3011 4027 ingenitus
3040 3967 3091 4011 et
3117 3959 3340 4026 genitus,

1796 4062 2000 4104 creatus
2020 4061 2071 4103 et
2093 4051 2369 4113 increatus,
2393 4050 2476 4116 qui
2503 4062 2712 4116 semper
2732 4057 2809 4100 est
2833 4058 2885 4101 et
2905 4048 2989 4116 qui
3014 4062 3218 4114 semper
3240 4063 3341 4100 non

1797 4142 1909 4194 est?
1936 4140 2175 4193 Hmccine
2205 4140 2340 4192 Deus
2369 4138 2534 4190 inania
2567 4139 2723 4192 verba
2754 4139 2975 4191 tolerat?
3004 4138 3217 4192 Unicum
3249 4154 3344 4191 v0-

1797 4228 2036 4281 cabulum
2068 4242 2182 4281 cum
2227 4226 2503 4294 aliquando
2540 4226 2789 4294 propheta
2834 4228 3148 4290 immutaret,
3187 4228 3341 4281 etiam

1797 4316 1862 4370 de
1891 4320 1990 4369 vita
2022 4316 2337 4383 periclitatus
2365 4324 2443 4369 est
2483 4333 2495 4367 :
2528 4316 2737 4371 attende
2774 4317 2923 4369 unius
2965 4316 3159 4370 vocula:
3188 4332 3312 4370 accu

1797 4407 2072 4459 rationem.
2105 4404 2321 4470 Quidam
2353 4404 2719 4473 pr0plietarum
2750 4406 2907 4459 verba
2935 4406 3191 4473 imperitia
3219 4421 3341 4473 qua-

1796 4494 1914 4546 dam
1935 4492 2263 4560 appellabant
2279 4494 2646 4559 sumptionem,
2670 4500 2851 4558 λῆμμα,
2880 4494 3099 4546 Domini.
3119 4495 3187 4546 At
3207 4494 3342 4547 Deus

1795 4598 1888 4650 per
1913 4583 2190 4636 Jeremiam
2222 4602 2232 4633 :
2271 4601 2288 4631 (
2322 4583 2376 4635 Si
2409 4584 2748 4652 interrogabit
2778 4592 2826 4636 te
2866 4584 3104 4651 populus,
3135 4584 3214 4635 vel
3256 4598 3340 4635 sa-

1794 4670 1997 4734 cerdos,
2029 4681 2116 4723 aut
2148 4674 2418 4738 prOphcta,
2459 4682 2505 4724 et
2545 4671 2734 4723 dixerit
2763 4670 2851 4721 tibi
2883 4688 2895 4721 :
2924 4670 3169 4734 Quaenam
3201 4685 3341 4723 sum-

1795 4759 1921 4826 ptio,
1959 4759 2154 4825 λῆμμαῖ
2184 4759 2267 4812 die
2316 4760 2439 4827 ipsis
2482 4776 2493 4809 :
2529 4758 2631 4809 V’os
2679 4757 2803 4809 estis
2846 4759 3072 4824 sumptio
3116 4759 3339 4811 Domini.

1794 4847 2007 4913 Rapiam
2034 4850 2173 4901 enim
2204 4862 2296 4899 vos
2326 4848 2580 4912 rapinam,
2610 4856 2661 4899 et
2684 4860 2920 4913 rumpam
2952 4860 3063 4908 vos,
3098 4863 3163 4899 ne
3193 4848 3342 4899 dein-

1794 4950 1917 5001 ceps
1954 4936 2138 4989 dicatis
2168 4936 2515 5000 sumptionem
2550 4952 2566 4982 )
2616 4932 2742 5001 (Jer.
2786 4933 2871 4987 23.
2924 4935 3035 5001 53).
3078 4934 3131 4987 Si
3173 4936 3343 5002 itaque

1792 5040 1951 5077 unum
1984 5025 2195 5076 verbum
2223 5025 2541 5083 imtnutetur,
2568 5022 2703 5075 DCUS
2725 5023 3072 5075 comminatur
3096 5042 3107 5074 2
3140 5033 3191 5076 tu
3220 5040 3343 5076 \‘EI‘O

1790 5111 2237 5179 integerrimorum
2276 5109 2571 5177 dogmatum
2617 5113 3001 5164 accurationent
3050 5113 3345 5178 pervertis?

1789 5201 1956 5252 Patris
1986 5215 2173 5251 nomen
2202 5201 2590 5253 circumscribis
2630 5220 2641 5253 :
2670 5202 2786 5253 Filii
2815 5202 3116 5269 dignitatem
3144 5202 3341 5255 inﬁcia-

1787 5288 1878 5350 ris,
1912 5289 2074 5339 sancti
2108 5288 2333 5355 Spiritus
2360 5290 2574 5357 gloriam
2605 5291 2860 5359 abrogas?
2887 5306 3007 5343 num
3039 5306 3219 5343 manus
3250 5292 3337 5342 Dei

1786 5378 2037 5446 effugies?
2066 5379 2235 5433 Grave
2278 5391 2356 5434 est
2403 5392 2455 5434 et
2502 5381 2769 5445 horribile,
2814 5383 3029 5435 verbum
3077 5381 3168 5434 Dei
3215 5381 3334 5443 vivi,

1787 5466 1993 5519 Domini
2022 5464 2115 5519 Dei
2145 5470 2331 5534 nostri,
2378 5480 2692 5536 pervertere.
2740 5469 2791 5525 Si
2834 5469 2989 5522 verba
3019 5469 3186 5535 aliqua
3223 5483 3341 5535 per-

1784 5565 2071 5620 vertantur,
2104 5558 2247 5611 Deus
2278 5560 2574 5627 indignatur
2608 5578 2618 5611 :
2649 5570 2703 5614 et
2727 5559 3050 5627 dogmatibus
3077 5559 3340 5610 subvorsis

1784 5659 1886 5699 non
1910 5647 2200 5700 irascetur?
2220 5648 2365 5701 Tune
2391 5652 2666 5704 Servatore
2694 5651 2976 5719 sapientior
2994 5648 3015 5697 ?
3030 5658 3157 5702 teun
3178 5648 3334 5705 Evan-
