4110 6318
747 355 860 412 407
1779 339 2045 397 lNCERTl
2086 340 2356 398 nouth
2398 341 2483 397 DE
2521 343 3009 411 LEGISLATORE.

748 456 885 524 gelio
911 454 1242 510 accuratior?
1262 453 1593 510 Pcrtimesce
1619 454 1869 525 judicium
1894 457 1985 511 Dei
2015 474 2028 510 :
2059 456 2183 511 illud
2208 467 2309 512 tre-

752 547 996 601 mendum
1041 560 1230 599 nomen
1275 545 1574 607 reformida,
1622 545 1871 599 malitiam
1903 561 2168 614 aversare,
2203 560 2313 615 pce-

755 637 1022 692 nitentiam
1063 636 1154 690 tibi
1181 649 1437 706 propone,
1465 644 1518 689 et
1544 635 1674 689 lides
1699 637 1918 690 salutem
1950 637 2039 690 tibi
2067 638 2307 705 spondet.

2421 461 2584 531 ginem
2608 466 2828 556 ipsorum
2863 470 2932 524 ad
2961 471 3168 528 nihilum
3193 479 3382 549 redigas
3406 478 3576 550 (Psal.
3609 483 3697 539 72.
3718 485 3828 556 20).
3870 390 3988 544 ἒξ

2419 561 2469 602 ct
2495 567 2634 644 nunc
2661 555 2842 611 beatus
2867 558 3026 614 David
3052 561 3118 618 de
3134 564 3281 620 nobis
3296 567 3434 622 dicat
3465 587 3481 624 :
3512 570 3634 626 Fiat
3651 577 3730 627 uia
3749 577 3979 644 ipsorum

2420 641 2630 733 tenebrae
2647 654 2694 698 et
2720 647 2892 716 lapsus
2908 688 2926 715 ,
2953 659 2999 704 et
3023 655 3223 723 angelus
3249 654 3452 712 Domini
3475 641 3798 733 persequatur
3833 669 3979 733 ipsos

757 724 1060 781 Ptcuitentia
1091 724 1231 778 enim
1260 723 1483 779 salutem
1525 724 1680 794 parit.
1710 733 1764 778 et
1791 724 1876 788 iis,
1906 727 1991 795 qui
2032 725 2083 780 in
2123 727 2308 782 haeresi

760 824 1051 878 versantur,
1083 815 1274 884 quique
1300 813 1434 870 adeo
1463 813 1514 867 in
1545 813 1661 868 aliis
1690 814 1916 882 peccatis
1952 813 2271 868 volutantur.

821 905 875 960 6.
893 904 1203 964 Panitentite
1222 905 1412 958 lamles.
1437 901 1682 974 Martyres
1697 914 1743 958 et
1763 905 1927 974 angeli
1946 915 2089 958 orant
2109 923 2198 975 pro
2220 924 2310 961 no-

752 998 843 1050 bis.
889 1022 954 1040 -
1007 994 1318 1050 Pmniteutia
1357 994 1501 1049 radix
1544 995 1751 1064 pietatis
1789 1003 1887 1049 est.
1921 995 2307 1064 Resipiscamus

751 1103 898 1157 ergo,
927 1088 1193 1157 Deumque
1222 1103 1315 1157 per
1361 1087 1715 1156 gamuitentiam
1755 1101 2048 1147 exeremus,
2079 1095 2136 1141 ut
2174 1087 2304 1140 bella

751 1175 974 1238 auferat,
1001 1174 1251 1231 barbaros
1283 1175 1602 1242 exstinguat,
1631 1173 1857 1228 hostium
1885 1174 2210 1228 incursiones
2239 1173 2303 1227 ad

751 1263 970 1317 nihilum
1012 1263 1212 1332 redigat
1238 1280 1252 1317 :
1276 1271 1332 1318 et
1373 1263 1525 1316 nobis
1549 1264 1790 1316 omnibus
1826 1263 1974 1316 bouis
2005 1264 2166 1317 libere
2206 1263 2304 1317 frui

750 1351 1021 1406 concedat.
1061 1349 1189 1407 Cum
1208 1350 1327 1420 quis
1353 1366 1420 1406 ex
1443 1353 1618 1404 animo
1636 1352 1896 1421 pumileas
1909 1353 1971 1404 ad
2002 1352 2164 1406 Deum
2187 1367 2305 1407 sese

750 1441 1050 1507 contulerit,
1077 1441 1383 1511 poenitentia
1416 1442 1574 1494 Deum
1605 1441 1884 1496 admodum
1902 1442 2092 1511 placat.
2113 1442 2304 1496 Exem-

751 1534 822 1602 pli
873 1534 1037 1602 gratia
1079 1549 1096 1588 :
1141 1533 1377 1602 peccavit
1421 1530 1704 1600 aliquando
1753 1533 1996 1603 populus,
2045 1534 2299 1601 pmnituit,

749 1622 912 1684 flevit,
943 1622 1109 1691 inquit
1137 1622 1275 1676 Deus
1302 1638 1318 1676 :
1348 1638 1369 1674 s
1395 1622 1624 1676 Audiens
1641 1621 1813 1675 audivi
1835 1623 2082 1690 gemitum
2110 1620 2304 1690 Ephra-

748 1714 820 1766 im
847 1711 1181 1765 lamentantis
1208 1722 1260 1766 et
1280 1709 1540 1767 dicentis:
1567 1710 1842 1779 Castigasti
1867 1725 1970 1771 me.
1997 1709 2231 1774 Domine,
2251 1719 2305 1763 et

749 1813 854 1852 non
883 1798 1190 1854 emendatus
1215 1812 1352 1864 sum,
1369 1798 1463 1854 sed
1490 1799 1652 1853 lactus
1678 1814 1791 1851 sum
1817 1798 1955 1852 velut
1994 1799 2188 1851 vitulus
2209 1813 2302 1866 pe-

751 1889 924 1942 tulans
952 1906 967 1942 :
995 1897 1242 1943 converte
1271 1904 1376 1951 me,
1403 1898 1454 1942 et
1478 1900 1757 1944 convertar
1783 1906 1802 1941 s
1829 1889 1956 1959 (Jer.
1985 1890 2074 1944 3|.
2099 1891 2208 1958 18).
2241 1891 2303 1944 Et

749 1978 874 2047 quid
905 1978 1044 2033 Deus
1070 1978 1136 2032 ad
1161 1979 1371 2046 ipsum?
1401 1977 1476 2031 Eo
1509 1978 1643 2048 quod
1681 1994 1930 2032 sermones
1971 1979 2067 2030 mei
2108 1979 2160 2030 in
2194 1979 2302 2047 ipso

749 2077 887 2133 sunt,
914 2083 1222 2139 nequaquam
1265 2067 1560 2122 recordabar
1585 2069 1715 2135 ejus,
1759 2077 1806 2123 et
1840 2069 1996 2138 ipsius
2041 2068 2304 2122 miserebor

751 2158 911 2229 (Ibid.
949 2175 997 2214 ν.
1032 2160 1148 2230 20).
1191 2159 1268 2217 Ne
1296 2160 1412 2230 quis
1437 2168 1489 2213 te
1522 2167 1819 2214 conterreat
1839 2200 1854 2223 ,
1878 2174 1982 2212 non
2010 2157 2165 2220 fama,
2197 2173 2301 2211 non

749 2248 902 2303 cunei
954 2248 1314 2310 barbarorum,
1343 2258 1396 2302 et
1431 2247 1592 2302 densa
1622 2248 1806 2301 nebula
1837 2264 1853 2302 :
1883 2247 2087 2301 etiamsi
2126 2247 2302 2300 hostes

749 2339 915 2394 nostri
964 2338 1370 2393 innumerabiles
1409 2338 1516 2392 sint
1544 2337 1891 2402 multitudine.
1922 2337 2167 2392 defensor
2203 2352 2301 2390 no-

749 2437 862 2483 ster
890 2429 1044 2496 longe
1073 2427 1257 2482 fortior
1280 2435 1381 2482 est.
1428 2426 1485 2481 Si
1513 2427 1579 2481 de
1626 2427 1958 2480 multitudine
2008 2427 2300 2494 suspicans,

754 2518 963 2582 timeas,
997 2517 1217 2570 Elisacus
1243 2517 1495 2585 propheta
1542 2516 1631 2570 tibi
1660 2516 1804 2580 dicit,
1834 2514 1916 2569 Ne
1950 2524 2157 2577 metuas,
2190 2516 2302 2585 plu-

749 2623 827 2660 res
853 2607 1103 2659 nobiscunt
1129 2613 1262 2669 sunt,
1283 2620 1430 2674 quam
1453 2621 1564 2657 cum
1584 2605 1683 2658 illis
1709 2605 1785 2671 (1.
1813 2605 1936 2675 Reg.
1965 2605 2019 2660 6.
2049 2606 2159 2673 16).
2191 2605 2301 2659 Illic

749 2695 958 2763 quidem
997 2695 1336 2748 barbarorum
1379 2693 1676 2757 multitudo,
1707 2693 1790 2745 hic
1833 2692 2136 2760 angelorum
2173 2692 2300 2761 plm-

749 2783 868 2835 laux
899 2791 997 2834 cst.
1023 2781 1148 2834 Nam
1173 2795 1268 2849 pro
1293 2781 1390 2848 piis
1416 2779 1713 2833 hominibus
1737 2788 1789 2833 et
1808 2781 2069 2848 angelicas
2095 2782 2298 2832 excrci-

750 2881 834 2924 tus
885 2877 1097 2938 pugnat,
1123 2876 1176 2922 et
1215 2867 1582 2937 prophetarum
1609 2869 1822 2931 chorus,
1848 2876 1900 2920 et
1945 2869 2296 2935 apostolorum

749 2967 1002 3029 potesms,
1028 2967 1080 3013 et
1110 2967 1394 3030 martyrum
1419 2970 1623 3026 preces.
1665 2955 1780 3014 Noli
1811 2957 1948 3009 enim
1973 2957 2292 3021 existimare,

751 3062 1009 3121 martyres
1039 3057 1235 3101 tantum
1259 3062 1352 3116 pro
1375 3047 1526 3102 nobis
1543 3061 1696 3099 orare
1725 3059 1740 3097 :
1766 3047 1890 3115 quin
1925 3054 1976 3098 et
1994 3045 2183 3113 angeli,
2213 3058 2298 3097 re-

750 3140 848 3194 bus
879 3139 1069 3193 nostris
1096 3137 1348 3200 adversis,
1378 3151 1472 3204 pro
1522 3135 1674 3189 nobis
1717 3134 2098 3202 deprecantur;
2130 3147 2300 3200 neque

749 3229 917 3282 solum
945 3229 1309 3297 deprecantur,
1333 3225 1424 3278 sed
1456 3234 1508 3278 et
1541 3239 1847 3292 responsum
1875 3239 1903 3276 a
1936 3223 2167 3278 benefica
2193 3223 2296 3276 Do-

751 3319 893 3371 tuiuo
920 3319 1198 3387 accipiunt.
1222 3316 1502 3371 Zacharias
1530 3315 1779 3384 propheta
1806 3314 1878 3367 ait
1906 3331 1920 3367 :
1949 3332 1967 3364 s
1997 3314 2298 3381 Etrespon-

747 3407 821 3459 dit
849 3407 1183 3476 angelus.qui
1215 3404 1443 3473 loquitur
1472 3404 1522 3457 in
1552 3410 1713 3465 me,et
1739 3402 1868 3456 dixit
1894 3402 1957 3454 ad
1989 3402 2293 3455 Dominum:

750 3493 928 3562 (Zach.
954 3496 1004 3546 1.
1036 3495 1089 3546 9.
1115 3502 1167 3545 et
1194 3490 1281 3562 12)
1310 3509 1326 3545 :
1356 3492 1477 3545 llazc
1527 3500 1698 3543 autem
1725 3489 1892 3558 angeli
1931 3491 2024 3542 fuit
2045 3491 2293 3557 precatio.

755 3601 772 3632 ι
813 3580 1032 3634 Domine
1058 3583 1402 3642 exercituum,
1429 3592 1695 3646 usquequo
1735 3587 1788 3629 tu
1819 3593 1921 3629 non
1962 3577 2296 3630 misereberis

746 3673 1058 3732 Jerusalem,
1089 3679 1143 3724 et
1171 3670 1374 3722 urbium
1393 3667 1546 3729 Juda,
1573 3683 1703 3736 quas
1723 3667 2011 3738 despexisti
2031 3667 2052 3720 ?
2072 3667 2294 3734 lstcjam

746 3761 1159 3831 septuagesimus
1186 3774 1352 3813 annus
1384 3768 1483 3814 est.
1515 3777 1533 3810 ι
1559 3758 1690 3824 Quid
1731 3759 1920 3826 igitur?
1942 3758 2297 3826 repudiavitne

748 3855 888 3908 Deus
914 3854 1199 3907 orationem
1227 3850 1427 3919 angeli?
1449 3849 1657 3903 Minime
1689 3849 1738 3902 id
1768 3848 2000 3918 quidem.
2031 3849 2164 3915 Quid
2195 3849 2296 3916 igi—

746 3957 834 4000 tur
889 3945 1121 4013 responsi
1171 3941 1346 3996 dedit?
1375 3939 1665 4006 Respondit,
1699 3938 1888 4008 inquit,
1943 3937 2184 3992 Dominus
2231 3940 2297 3991 ad

746 4033 980 4103 angelum
999 4032 1274 4101 loquentem
1294 4030 1345 4082 in
1375 4044 1451 4082 me
1468 4029 1612 4082 verba
1637 4027 1970 4080 consolatorie
1987 4065 2004 4093 ,
2034 4035 2078 4080 et
2107 4044 2297 4081 sermo-

746 4141 834 4178 nss
875 4121 1228 4176 consolatorios
1258 4118 1417 4187 (Ibid.
1450 4135 1495 4173 υ.
1539 4119 1651 4188 15).
1701 4119 2050 4173 Obsecremus
2073 4134 2199 4188 ergo
2245 4129 2299 4172 et

747 4227 845 4268 nos
891 4212 1167 4266 Dominum
1203 4210 1527 4279 angelorum,
1558 4216 1609 4262 et
1646 4207 1838 4277 legabit
1866 4223 2024 4261 unum
2051 4224 2114 4262 ex
2143 4224 2298 4277 ange-

749 4303 812 4354 lis
841 4302 928 4369 qui
956 4309 1113 4353 totam
1138 4299 1442 4368 phalangem
1471 4297 1697 4350 hostium
1719 4296 2008 4364 dissipabit.
2038 4296 2149 4363 Ego
2171 4311 2297 4349 vero

747 4401 800 4444 et
829 4391 1077 4458 picturam
1103 4402 1165 4440 ex
1191 4401 1309 4440 cera
1338 4388 1522 4438 factam
1543 4383 1799 4447 adamavi,
1825 4384 2014 4450 pietate
2026 4383 2293 4437 refertam.

749 4480 804 4532 In
852 4477 1075 4546 imagine
1105 4475 1206 4528 vidi
1246 4473 1523 4542 angelum,
1557 4471 1894 4525 barbarorum
1928 4471 2067 4524 illam
2103 4472 2293 4525 nubem

748 4566 1106 4637 proﬂigantem
1134 4563 1231 4636 (a),
1261 4564 1363 4616 vidi
1385 4561 1632 4614 barbaras
1659 4568 1839 4629 gentes
1882 4560 2214 4623 conculcari,
2245 4571 2296 4614 et

749 4657 997 4710 Davidem
1030 4669 1150 4709 vere
1170 4653 1464 4707 exclamare
1494 4667 1508 4703 :
1541 4648 1829 4714 Domine,in
1845 4649 2040 4701 civitate
2065 4660 2148 4700 tua
2171 4650 2299 4700 ima-

811 4829 880 4888 (a)
917 4831 998 4876 Hic
1019 4826 1152 4876 locus
1171 4825 1375 4874 habetur
1397 4825 1446 4874 in
1462 4821 1641 4889 Synodo
1665 4819 1870 4889 secunda
1893 4822 2074 4889 uicaria
2098 4819 2296 4889 Acut,

747 4880 826 4949 his
847 4880 1009 4935 verbis
1031 4901 1045 4949 :_
1068 4897 1162 4949 ggo
1186 4893 1239 4949 _et
1271 4880 1656 4949 ccra‘peffusam
1688 4880 1838 4949 dilexi
1868 4880 2103 4949 picturam
2126 4880 2298 4949 pietate

744 4947 935 5010 plenam
963 4959 979 4994 :
1000 4939 1245 4997 eidivenim
1265 4939 1490 5007 angelum
1500 4939 1560 4991 'iu
1580 4941 1781 5003 imagine
1783 4939 2048 5047 {etlam-em
2073 4939 2297 5010 barbaro-

745 5021 854 5047 rum
877 5019 1062 5047 mmms-
1089 5010 1246 5047 Pergit
1270 5012 1436 5047 Fronto
1473 5011 1668 5047 nucazus
1693 5015 1705 5047 :
1740 5019 1760 5044 ι
1827 5001 1945 5047 ltera
1968 5007 2297 5047 Iutertiretatto

745 5001 854 5057 rum
877 5019 1062 5067 cuneos.
1089 5010 1246 5067 Pergit
1270 5001 1436 5053 Fronto
1473 5001 1705 5067 Ducaeus}
1740 5001 1945 5067 sAltera
1968 5001 2298 5067 interpretatio

744 5068 938 5128 vulgata
961 5069 1028 5113 sic
1051 5060 1242 5122 habuit,
1258 5074 1361 5128 _Ego
1381 5073 1430 5128 et
1447 5076 1510 5113 ex
1528 5075 1641 5112 cera
1663 5060 1848 5123 fusilem
1880 5060 2111 5120 picturam
2131 5095 2145 5118 ,
2170 5061 2297 5128 quod

745 5121 926 5177 rectius
967 5139 1120 5187 quam
1147 5121 1271 5185 quOd
1302 5121 1598 5187 "apudJoau.
1638 5121 1973 5187 Damascennm
2009 5129 2132 5187 orat.
2174 5121 2202 5167 3
2234 5121 2297 5187 de

745 5179 1049 5248 imaginibus,
1069 5179 1656 5248 _syncet'ant_'$criptttram,
1680 5189 1761 5228 aut
1783 5179 1904 5248 apud
1928 5179 2207 5248 Hadrianum
2241 5180 2296 5239 Ι,

745 5237 908 5312 ignve!
931 5239 1043 5312 cera
1061 5237 1266 5306 infusam
1288 5244 1440 5311 dileari
1454 5237 1714 5304 imaginem
1724 5254 1753 5312 _;
1776 5237 1866 5310 aut.
1890 5237 2101 5310 hoc
2123 5237 2298 5288 Beureé

746 5303 830 5358 riis
849 5345 863 5368 ,
907 5303 1357 5372 Scripturant_cerw
1393 5303 1687 5372 impressam.
1719 5303 1897 5372 Graecis
1930 5303 2057 5347 enim
2087 5316 2300 5370 meamet.

744 5361 928 5430 pictura
954 5361 1028 5416 est
1045 5403 1059 5425 ,
1083 5379 1190 5427 quae
1213 5364 1263 5413 fit
1290 5377 1350 5430 ex
1376 5361 1517 5409 ceris.
1543 5361 1922 5430 Solebantnepitn
1957 5361 2178 5430 exieris
2201 5362 2298 5430 piu-

744 5419 968 5489 gere,ac
990 5419 1266 5487 scripturam
1280 5425 1482 5489 inurere
1500 5457 1517 5489 ,_
1536 5429 1590 5467 ut
1610 5421 1751 5468 docet
1774 5419 1946 5488 Plinius
1971 5419 2001 5465 l.
2027 5421 2106 5476 55,
2126 5432 2172 5467 c.
2201 5419 2253 5489 1
2281 5433 2294 5469 :

743 5481 882 5539 Z‘uris
900 5481 1099 5550 pingere
1114 5500 1170 5534 ac
1194 5483 1476 5550 scripturam
1500 5481 1711 5550 inurere,
1731 5481 1834 5547 quis
1857 5481 2036 5550 primus
2058 5481 2299 5550 eat-agitat-

746 5537 911 5607 πρέ-νή(
930 5537 1023 5597 non
1056 5553 1233 5596 constat
1260 5537 1493 5652 :qjuidam
1518 5537 1994 5608 Aristidisinventum
2017 5537 2226 5608 putant":
2249 5548 2299 5610 et

746 5608 831 5652 lib-
859 5610 911 5652 11
934 5647 945 5652 -
969 5621 1073 5652 me.
1102 5607 1159 5652 H
1180 5645 1190 5652 .
1216 5607 1304 5652 scri
1344 5606 1378 5652 it
1397 5615 1555 5652 ceram
1579 5612 1732 5647 varios
1767 5612 1812 5645 in
1833 5596 2021 5645 colores
2042 5608 2298 5652 pigmentis

746 5596 913 5659 111).”1’1
934 5647 946 5664 ,
969 5596 1073 5668 cap.
1102 5607 1159 5654 H
1177 5645 1190 5668 ,
1216 5596 1555 5668 scribit__ceram
1579 5601 1732 5668 varios
1767 5600 1812 5645 in
1833 5596 2024 5645 colores
2042 5599 2298 5668 pigmentis

748 5671 867 5720 trahi
891 5660 949 5718 ad
972 5660 1242 5716 reddendas
1263 5665 1611 5720 similitudines,
1637 5660 1764 5707 unde
1796 5673 1995 5716 ιηροχυτιῖν
2034 5665 2108 5706 est
2138 5671 2297 5708 ceram

2420 731 2587 801 (Psal.
2628 736 2716 790 54.
2741 739 2818 809 6).
2850 741 2986 795 Dens
3007 746 3177 799 varias
3202 752 3504 805 occasiones
3521 793 3535 816 ,
3563 731 3822 810 uthostes
3847 731 3973 825 pes-

2415 836 2531 876 sum
2579 835 2722 892 eant,
2753 842 3036 895 procurare
3065 834 3227 888 novit.
3278 837 3431 892 Acies
3473 840 3558 893 illa
3585 840 3970 909 Sennacherib,

2416 913 2553 980 regis
2577 916 2934 985 Assyriorum,
2963 919 3148 989 ingens
3169 933 3301 992 erat,
3327 935 3379 978 et
3406 943 3538 981 unus
3575 931 3790 999 angelus
3819 933 3971 1001 lega-

2415 1009 2497 1052 tus
2528 1012 2735 1057 rentum
2760 1008 3018 1073 octoginta
3047 1009 3273 1078 quinque
3293 1013 3449 1066 millia
3474 1015 3702 1071 hostium
3723 1029 3970 1088 prostra-

2413 1089 2486 1141 vit
2515 1090 2588 1158 (4.
2619 1091 2741 1161 Reg.
2791 1092 2903 1162 19).
2946 1095 3052 1149 Nos
3105 1096 3344 1154 homines
3394 1100 3638 1157 humanis
3673 1108 3970 1162 rationibus

2413 1179 2585 1231 omnia
2611 1189 2795 1233 eventa
2822 1183 3087 1249 metimur,
3115 1186 3491 1258 nobiscumque
3517 1192 3772 1247 dicimus:
3801 1195 3968 1261 Quid,

2412 1264 2457 1316 si
2507 1265 2558 1318 in
2605 1270 2796 1321 nostris
2824 1271 3057 1337 partibus
3081 1274 3253 1328 nullus
3278 1277 3430 1332 miles
3455 1279 3787 1335 inveniatur?
3810 1286 3965 1350 quid,

2410 1352 2452 1404 si
2485 1353 2782 1424 priusquam
2807 1360 3067 1414 exercitus
3093 1361 3198 1416 dux
3228 1365 3420 1430 veniat,
3446 1382 3630 1423 omnes
3677 1386 3771 1425 nos
3809 1373 3972 1427 deva-

2409 1450 2548 1493 stcnt
2569 1442 2592 1494 ?
2616 1443 2740 1512 quid
2761 1443 3011 1502 faciemus
3028 1449 3054 1502 l
3075 1449 3206 1504 Num
3225 1452 3380 1520 igitur
3393 1455 3512 1522 quia
3542 1465 3596 1510 tu
3626 1462 3964 1525 pncveniris,

2412 1532 2758 1596 prtcvenictur
2787 1533 2960 1588 Deus?
2986 1553 3107 1591 num
3130 1540 3248 1608 quia
3277 1549 3330 1594 ιιι
3360 1557 3464 1595 non
3489 1545 3682 1614 ubique
3706 1563 3786 1613 es,
3820 1550 3968 1604 Deus

2410 1633 2512 1672 non
2542 1620 2730 1690 ubique
2765 1626 2880 1678 est?
2905 1641 3026 1679 num
3055 1628 3208 1697 igitur
3235 1631 3372 1685 Deus
3401 1633 3498 1687 hoc
3522 1636 3731 1705 quidem
3761 1648 3962 1706 potest,

2410 1709 2534 1799 illud
2561 1727 2684 1765 vero
2714 1729 2814 1768 non
2846 1717 3055 1783 potest?
3078 1719 3217 1774 Mare
3239 1721 3578 1778 inanimatam
3608 1727 3656 1780 ei
3679 1728 3964 1799 obtempe-

2410 1798 2561 1862 ravit,
2593 1808 2646 1854 et
2668 1801 2916 1857 demersit
2946 1822 2960 1858 :
2987 1807 3122 1861 bruti
3153 1810 3322 1876 pisces
3347 1826 3464 1867 sese
3489 1814 3772 1884 capiendos
3797 1798 3963 1874 Petro

2406 1885 2662 1954 obtulere,
2691 1901 2743 1943 et
2768 1894 3004 1961 angelus,
3036 1896 3078 1948 si
3105 1897 3236 1950 Deus
3271 1899 3508 1967 imperet,
3537 1917 3721 1957 omnes
3747 1908 3950 1960 verita-

2408 1977 2474 2030 tis
2497 1977 2674 2033 hostes
2715 1997 2818 2036 non
2864 1984 3093 2040 ftnulilus
3118 1987 3349 2044 delebit?
3396 1991 3502 2046 Nos
3537 2002 3734 2049 tantum
3781 1999 3962 2054 sobrie

2407 2075 2460 2120 et
2508 2069 2746 2124 modeste
2798 2073 3031 2129 vivamus
3061 2093 3075 2129 :
3109 2085 3307 2132 tantum
3337 2081 3496 2134 Deum
3527 2097 3770 2153 rogemus
3801 2088 3962 2157 eique

2405 2157 2776 2225 supplicemus.
2809 2160 3081 2230 Imperavit
3109 2165 3243 2234 apud
3270 2159 3474 2224 veteres
3501 2169 3604 2224 dux
3633 2177 3962 2240 prtcstantis-

2404 2244 2589 2310 simus,
2619 2261 2774 2314 quem
2805 2264 2901 2317 ego
2930 2254 3187 2306 communi
3217 2257 3425 2310 nomine
3451 2257 3686 2326 designo,
3710 2270 3767 2314 ut
3787 2265 3961 2317 omni-

2406 2331 2500 2386 bus
2530 2333 2820 2391 innotescat
2847 2355 2859 2388 :
2888 2339 3016 2403 fuit,
3044 2339 3281 2410 inquam,
3303 2344 3408 2398 dux
3436 2347 3839 2417 alienigenarum
3875 2352 3962 2406 Si-

2402 2435 2518 2478 sara
2550 2423 2699 2493 (Iud.
2726 2426 2784 2494 4)
2815 2443 2829 2479 :
2861 2430 3008 2496 cujus
3045 2432 3198 2483 etiam
3231 2432 3392 2487 David
3420 2438 3737 2491 mentionem
3783 2441 3908 2494 facit
3941 2460 3958 2494 :

2410 2511 2518 2566 Fac
2544 2515 2666 2584 ipsis
2700 2516 2826 2569 sicut
2858 2517 3066 2570 Madian
3087 2530 3132 2572 et
3160 2521 3368 2585 Sisara,
3409 2526 3532 2578 sicut
3558 2525 3729 2580 Jabint
3771 2531 3822 2582 in
3854 2543 3959 2585 tor-

2404 2614 2541 2657 rente
2587 2603 2759 2658 Cisson
2785 2605 2954 2677 (Psal.
2981 2607 3207 2679 82.10).
3235 2610 3404 2665 Jahim
3454 2615 3663 2682 quidem
3709 2633 3802 2671 rex
3840 2631 3959 2674 erat

2402 2695 2809 2764 alienigenarum
2839 2713 2853 2751 :
2881 2699 3055 2752 Sisara
3081 2717 3206 2754 vero
3231 2701 3335 2755 dux
3363 2707 3649 2759 exercitus.
3675 2708 3833 2760 Erant
3861 2724 3958 2763 au-

2405 2795 2506 2839 tem
2539 2788 2632 2854 ipsi
2663 2803 2848 2841 currus
2884 2789 3039 2844 ferrei
3084 2793 3387 2860 octingenti,
3411 2802 3462 2846 et
3500 2811 3686 2848 manus
3728 2797 3955 2854 infinita.

2404 2875 2630 2939 P0pulus
2649 2877 2821 2945 itaque
2838 2877 3138 2932 Judmorum
3156 2881 3694 2952 extimuit,conspexit
3715 2887 3956 2954 ingentes

2404 2966 2516 3018 illas
2565 2968 2762 3034 copias,
2791 2976 2844 3021 et
2887 2968 3178 3023 exhorruit.
3219 2970 3352 3037 Quid
3379 2973 3532 3041 igitur
3559 2977 3958 3034 amantissimus

2403 3054 2670 3107 hominum
2712 3055 2846 3109 Deus
2884 3071 2980 3124 per
3025 3058 3402 3125 prophetissam
3458 3061 3714 3117 Deboram
3763 3065 3952 3122 defen-

2402 3147 2507 3199 sori
2526 3145 2732 3214 pietatis
2757 3147 2994 3204 indicat?
3022 3148 3103 3203 Ne
3140 3161 3348 3217 metuas,
3375 3153 3449 3206 ait
3479 3171 3494 3208 :
3532 3171 3645 3208 ecce
3689 3158 3838 3210 tradit
3865 3161 3956 3211 tibi

2401 3237 2564 3303 ipsum
2590 3235 2832 3289 Dominus
2858 3236 2908 3290 in
2947 3255 3121 3292 manus
3147 3249 3255 3292 tuas
3285 3241 3477 3312 (Judie.
3504 3244 3556 3297 ι.
3591 3245 3702 3313 14),
3724 3261 3821 3300 nec
3848 3257 3955 3302 erit

2405 3323 2603 3378 facinus
2631 3324 2753 3377 illud
2787 3341 2970 3378 manus
2999 3338 3098 3379 tuzc
3120 3369 3134 3392 ,
3176 3329 3266 3382 sed
3299 3345 3482 3384 manus
3517 3332 3806 3386 muliebris.
3835 3336 3953 3388 Ad-

2402 3424 2563 3478 verte,
2593 3417 2854 3482 quomodo
2885 3418 3019 3470 Deus
3039 3419 3386 3486 arrogantiam
3425 3422 3676 3473 coercuit.
3706 3422 3812 3476 Viri
3844 3441 3955 3480 non

2400 3505 2773 3567 sustinuerant,
2804 3513 2854 3557 et
2877 3506 3063 3559 mulier
3085 3508 3372 3561 exercitum
3392 3508 3558 3562 duxit.
3585 3509 3852 3580 Ingressus
3871 3525 3956 3570 est

2395 3593 2567 3647 Sisara
2590 3592 2655 3644 ad
2683 3593 2975 3658 mulierem,
3005 3611 3122 3662 quae
3148 3596 3259 3650 Jacl
3284 3598 3574 3665 dicebatur,
3596 3612 3649 3654 et
3673 3617 3792 3655 eum
3819 3613 3954 3657 testu

2401 3682 2682 3745 laboraret,
2705 3698 2892 3751 aquam
2922 3685 2988 3736 ab
3017 3685 3123 3752 ipsa
3153 3687 3281 3753 petit
3311 3704 3326 3739 :
3357 3688 3442 3740 illa
3472 3704 3600 3742 vero
3636 3690 3716 3744 lac
3755 3694 3801 3747 ei
3827 3707 3956 3761 por-

2401 3771 2553 3822 rexit.
2606 3770 2736 3825 Vide
2759 3773 3062 3840 sapientiam
3091 3775 3344 3829 mulieris.
3372 3775 3500 3831 Cum
3528 3780 3667 3833 enim
3697 3782 3776 3835 lac
3795 3783 3954 3838 refri-

2400 3859 2614 3926 gerandi
2652 3860 2753 3912 vim
2788 3861 3051 3926 obtineat,
3074 3872 3127 3916 et
3149 3878 3390 3918 somnum
3429 3869 3694 3935 conciliet,
3715 3871 3830 3924 ideo
3871 3873 3956 3927 lae

2402 3951 2496 4019 ipsi
2550 3949 2720 4015 affert,
2747 3960 2802 4003 ut
2841 3952 3108 4019 Scriptura
3150 3969 3272 4007 vere
3316 3959 3635 4023 pronuntiat,
3658 3974 3775 4026 qua:
3821 3960 3897 4012 ait
3936 3977 3952 4014 :

2406 4046 2592 4110 Aquam
2620 4041 2680 4093 ab
2726 4041 2834 4112 ipsa
2867 4044 3030 4110 petiit,
3063 4053 3109 4095 et
3141 4045 3229 4096 illa
3253 4045 3330 4097 lac
3369 4045 3542 4098 obtulit
3569 4045 3724 4115 (Ibid.
3753 4064 3801 4099 υ.
3830 4049 3948 4118 19),

2401 4144 2457 4186 ut
2477 4134 2628 4186 simul
2659 4141 2712 4186 et
2739 4134 2878 4186 sitim
2908 4127 3270 4201 restingueret.
3302 4145 3356 4188 et
3395 4136 3718 4204 consopiret.
3754 4138 3955 4196 Deinde

2400 4225 2692 4278 dormiente
2717 4224 3025 4293 alienigena,
3068 4224 3288 4292 arripuit
3334 4225 3420 4278 illa
3449 4227 3637 4278 mulier
3663 4229 3868 4281 clavum
3901 4241 3955 4283 et

2401 4311 2664 4374 malleum,
2688 4321 2740 4364 et
2759 4310 2825 4364 ad
2855 4311 3056 4364 hostem
3079 4313 3325 4366 accurrit.
3354 4312 3482 4366 Vide
3501 4315 3808 4381 sapientiam
3831 4333 3956 4370 mu-

2401 4400 2559 4452 lieris.
2591 4397 2695 4452 Cur
2719 4399 2801 4451 illa
2824 4414 2926 4452 non
2944 4399 3111 4467 potius
3131 4399 3359 4467 gladium
3381 4411 3471 4455 aut
3500 4403 3835 4469 maehrcram,
3859 4407 3957 4458 sed

2401 4489 2643 4556 paxillum
2675 4489 2927 4556 arripuit?
2971 4488 3230 4542 Metuebat
3251 4531 3266 4553 ,
3294 4491 3529 4554 scilicet,
3559 4502 3617 4544 ut
3647 4493 3859 4559 Illtlllel‘,
3891 4511 3957 4548 ne

2402 4580 2486 4632 ille
2515 4588 2848 4646 experrectus
2890 4577 3305 4645 deprehenderet
3349 4580 3512 4645 illam,
3537 4581 3767 4648 gladium
3793 4598 3954 4638 manu

2402 4677 2684 4722 tenentem.
2717 4667 2860 4720 lianc
2899 4667 2967 4720 ob
3007 4682 3216 4721 causam
3248 4668 3333 4721 illa
3372 4671 3569 4723 nullum
3598 4672 3750 4726 virile
3793 4673 3955 4726 telmu

2402 4758 2640 4822 arripuit,
2671 4756 2760 4810 sed
2802 4757 3093 4809 institutum
3140 4756 3392 4811 muliebre
3416 4761 3719 4828 assumpsit.
3774 4759 3957 4815 Solent

2401 4851 2538 4902 enim
2565 4849 2810 4901 mulieres
2830 4848 3109 4901 succincta:
3139 4847 3385 4914 paxillum
3405 4847 3455 4900 in
3480 4850 3730 4916 parietem
3757 4866 3955 4920 pange-

2403 4954 2478 5000 re,
2505 4951 2554 4990 et
2579 4940 2654 4989 sic
2674 4952 2825 4990 suum
2850 4951 2979 5003 opus
3005 4937 3272 5003 suscipere
3297 4946 3349 4990 et
3368 4939 3604 5007 aggredi.
3636 4940 3769 4993 Rem
3799 4942 3956 5008 igitur

2400 5027 2498 5078 alia
2543 5027 2621 5077 via
2666 5025 2906 5085 instituit,
2932 5033 2984 5076 ut
3005 5035 3149 5077 extra
3179 5040 3390 5080 omnem
3416 5031 3766 5096 suspicionem
3793 5040 3953 5083 esset.

2401 5116 2530 5168 Cum
2556 5127 2678 5167 vero
2710 5114 2846 5167 Deus
2877 5113 3237 5179 auxiliaretur,
3265 5116 3355 5169 Dei
3381 5132 3589 5185 quoque
3618 5126 3748 5181 erat,
3779 5133 3955 5170 oracu-

2402 5207 2505 5258 lum
2538 5204 2660 5256 illud
2683 5202 2746 5254 ad
2773 5203 2966 5254 exitum
2999 5202 3263 5257 deducere
3304 5222 3317 5257 :
3348 5220 3519 5274 neque
3544 5207 3681 5258 enim
3713 5206 3954 5261 mulieris

2403 5296 2503 5348 hoc
2550 5302 2867 5360 strategema
2915 5301 3066 5358 erat,
3112 5294 3204 5345 sed
3238 5293 3329 5347 Dei
3356 5295 3624 5348 oraculum
3658 5296 3766 5347 :In
3803 5312 3955 5348 manu

2405 5383 2620 5435 mulieris
2647 5381 2737 5433 erit
2780 5396 2911 5434 mors
2959 5393 3044 5434 tua
3088 5379 3442 5452 (Judic.4.9).
3475 5383 3610 5435 Deus
3663 5397 3789 5451 ergo
3833 5398 3953 5438 cum

2404 5537 2599 5596 fundere
2621 5538 2665 5583 et
2689 5532 2888 5596 liquare.
2911 5547 2936 5576 ιο
2965 5539 3021 5596 ut
3042 5539 3203 5581 autem
3225 5533 3368 5593 huius
3385 5534 3689 5596 Duezeinotaa
3728 5537 3848 5582 ratio
3882 5537 3956 5582 in-

2405 5594 2645 5656 telligatur
2664 5630 2678 5650 ,
2701 5594 2862 5653 operae
2886 5594 3090 5654 pretium
3113 5601 3189 5640 est
3221 5601 3386 5640 notare
3429 5595 3498 5640 sic
3543 5594 3590 5640 in
3639 5601 3777 5642 textu
3799 5602 3959 5646 Gram

2405 5660 2530 5718 legi:
2561 5670 2622 5715 ιτὼ
2645 5671 2701 5703 ul.
2725 5681 2790 5712 την
2809 5671 2996 5718 Itur/uuas
3019 5667 3147 5714 ῖμςήν
3169 5664 3344 5711 hinc;
