4158 6320
172 382 285 437 407

1284 371 1560 428 HOMILIA
1593 371 1679 425 DE
1717 371 2204 433 LEGISLATORE.

174 481 331 548 Θεοῦ,
373 481 633 553 φοϐήθητι
669 482 844 537 έκεῖνο
867 486 926 538 τὸ
944 485 1167 554 φοϐερὸν
1201 488 1388 558 ὄνομα,
1413 488 1505 539 καὶ
1530 487 1724 539 ἀπόδυ⁹

3250 400 3322 455 40

1826 402 2204 433 ιιουιιιυιιει.
3250 402 3361 457 408

1826 489 2048 544 διώκων
2093 493 2327 556 αὐτούς.
2366 488 2515 544 Οῐδεν
2553 493 2582 543 6
2622 491 2755 552 Θεὸς
2799 491 3079 560 διαφόρους
3118 491 3364 561 ἀφορμάς

178 596 271 633 σαι
324 580 425 649 τὴν
474 579 668 633 κακίαν
690 619 705 644 ,
745 582 836 634 καὶ
877 583 1107 636 ἀνάλαϐε
1153 585 1251 654 τὴν
1292 585 1594 655 μετάνοιαν,
1629 587 1723 637 καὶ
1826 583 2123 650 παρασχεῖν
2140 582 2273 649 πρὸς
2291 581 2388 650 τὴν
2410 581 2513 633 τῶν
2539 579 2806 648 πολεμίων
2829 579 3160 647 καθαίρεσιν.
3189 579 3362 650 Πολλὴ

172 678 442 746 ἐγγυᾶταί
476 694 567 731 σου
591 680 624 747 ή
653 678 831 742 πίστις
868 682 967 750 τὴν
1001 684 1289 751 σωτηρίαν.
1320 684 1587 738 Μετάνοια
1616 684 1721 753 γάρ
1822 665 1888 738 ἦν
1917 671 1949 739 ἦ
1982 670 2280 739 παράταξις
2315 670 2408 722 τοῦ
2442 670 2776 737 Σενναχηρὶμ
2805 668 3063 736 βασιλέως
3096 668 3202 721 τῶν
3239 670 3363 721 Ἀσο

177 776 449 845 σωτηρίαν
465 778 621 839 ποιεῖ,
645 778 736 829 καὶ
757 777 862 831 τῶν
883 779 938 831 ὲν
963 778 1188 849 αἱρέσει.
1212 781 1303 833 καὶ
1323 780 1430 832 τῶν
1450 782 1505 832 ὲν
1530 784 1720 844 κακαῖς

175 873 409 941 πράξεσι
429 873 819 942 τυγχανόντων.

248 976 324 1033 ς’.
360 971 629 1024 Μετάνοια
658 971 779 1039 ῥίζα
807 974 1129 1039 θεοσεϐείας.
1162 978 1592 1048 Μετανοήσωμεν
1626 976 1718 1034 οὖν

175 1063 275 1115 καὶ
320 1063 720 1134 δυσωπήσωμεν
759 1066 849 1119 τὸν
885 1067 1014 1121 Θεὸν
1055 1072 1120 1139 τῇ
1166 1072 1450 1142 μετανοίᾳ,
1495 1074 1580 1126 ἵνα
1624 1076 1717 1127 καὶ

175 1162 446 1233 πολέμους
476 1167 729 1237 ἀφανίσῃ,
773 1171 865 1223 καὶ
897 1170 1195 1240 βαρϐάρους
1240 1173 1430 1246 σϐέσῃ,
1477 1176 1569 1228 καὶ
1609 1176 1715 1228 τῶν

175 1261 387 1332 ἐχθρῶν
433 1264 531 1327 τὰς
577 1266 962 1329 ἐπαναστάσεις
1005 1268 1244 1342 θραύσῃ,
1288 1272 1379 1324 καὶ
1426 1272 1535 1343 δῴη
1587 1275 1715 1343 ἡμῖν

176 1358 399 1411 πάντων
420 1358 527 1413 τῶν
560 1360 777 1428 ἀγαθῶν
807 1361 903 1432 τὴν
932 1364 1240 1420 ἀπόλαυσιν.
1283 1368 1419 1423 Πολὺ
1468 1370 1597 1422 Θεὸν
1626 1371 1712 1436 ἐξ·

171 1455 415 1509 ιλεοῦται
450 1458 732 1527 μετάνοια,
764 1460 892 1514 ὅταν
930 1478 1012 1524 τις
1035 1464 1267 1533 γνησίως
1304 1468 1621 1541 προσδράμῃ
1646 1471 1710 1538 τῇ

177 1550 451 1621 μετανοίᾳ.
478 1550 599 1605 Οἵόν
624 1570 675 1605 τι
702 1552 842 1621 λέγω
858 1568 873 1583 ⁸
903 1554 1149 1625 Ἥμαρτέ
1173 1574 1299 1611 ποτε
1326 1560 1354 1612 6
1381 1560 1503 1624 λαὸς
1520 1564 1568 1626 ⁸,
1595 1578 1712 1631 μετ-

167 1647 361 1717 ενόησε
391 1649 483 1701 καὶ
504 1649 778 1719 ἐδάκρυσε,
801 1652 946 1719 λέγει
974 1655 1001 1706 6
1029 1654 1157 1717 Θεός
1176 1672 1190 1685 ο
1208 1656 1455 1710 Ἀκούων
1478 1659 1710 1727 ἤκουσα

169 1745 277 1799 τοῦ
316 1750 645 1815 στεναγμοῦ
676 1750 946 1819 Ἐφραῖμ,
977 1751 1331 1822 ὀδυρομένου
1367 1754 1464 1808 καί
1507 1757 1710 1825 λέγον-

166 1858 273 1907 τος
292 1858 306 1872 ο
343 1844 731 1911 Ἔπαίδευσάς
756 1863 849 1915 με,
869 1849 1056 1914 Κύριε,
1084 1848 1181 1902 καί
1199 1852 1307 1903 οὐκ
1338 1851 1705 1919 ἐπαιδεύθην,

165 1940 303 1992 ἀλλ’
330 1941 620 2009 ἐγενόμην
636 1943 714 2007 ὠς
728 1946 957 2013 μόσχος
978 1946 1287 2013 ἀδίδακτος
1306 1964 1320 1977 ·
1342 1949 1707 2019 ἑπίστρεψόν

161 2053 257 2103 με,
282 2039 381 2090 καί
398 2038 923 2110 ἐπιστραφήσομαι.
942 2046 1048 2096 Καὶ
1078 2046 1129 2098 τί
1154 2045 1285 2115 πρὸς
1313 2047 1470 2101 αὐτὸν
1492 2050 1520 2101 6
1540 2049 1701 2116 856;;

177 2134 323 2187 Ἀνθ’
350 2129 438 2186 ὧν
456 2141 508 2190 οί
536 2136 698 2205 λόγοι
721 2155 836 2205 μου
856 2139 1010 2193 είσὶν
1039 2141 1108 2195 ἐν
1143 2142 1317 2208 αὐτῷ,
1360 2147 1430 2199 οὐ
1452 2147 1537 2214 μὴ
1562 2148 1705 2203 ἀνα-

158 2232 585 2301 μνησθήσομαι
615 2236 817 2300 αὐτοῦ,
852 2238 948 2291 καί
985 2240 1215 2306 ἐλεήσω
1254 2245 1455 2297 αὐτόν.
1505 2245 1705 2315 Μηδείς

162 2348 225 2382 σε
253 2330 515 2395 πτοείτω.
558 2334 633 2403 μὴ
671 2337 856 2405 φήμη.
918 2339 990 2407 μὴ
1044 2338 1327 2410 βαρϐάρων
1368 2344 1577 2411 γνόφος,
1630 2346 1702 2415 μὴ

161 2431 362 2501 ὁμίχλη
396 2432 593 2503 πολλή·
623 2434 725 2487 κᾶν
756 2436 1107 2507 ἀναρίθμητοι
1130 2434 1261 2492 ὦσιν
1284 2443 1332 2493 οί
1365 2442 1607 2513 πολέμιοι
1628 2445 1703 2515 τῷ

160 2527 392 2595 πλήθει,
445 2531 474 2581 ό
513 2531 771 2600 ἡμέτερος
818 2533 1126 2605 ὑπέρμαχος
1173 2538 1527 2610 ίσχυρότερος.
1579 2542 1702 2594 Ἐάν

158 2625 433 2696 δειλιάσῃς
491 2628 550 2680 τὸ
599 2629 797 2699 πλῆθος
840 2631 1219 2703 ὑφορώμενος,
1265 2635 1406 2706 λέγει
1464 2639 1597 2708 πρὸς
1642 2640 1700 2691 σὲ

173 2723 473 2783 Ἐλισσαῖος
504 2728 533 2778 6
562 2729 856 2796 προφήτης
892 2725 985 2797 Μὴ
1029 2733 1211 2798 φοϐοῦ
1231 2749 1245 2765 ·
1280 2736 1520 2800 πλείους
1545 2737 1701 2790 εισὶν
1766 2778 1771 2779 κ

157 2822 213 2874 οὶ
246 2822 378 2889 μεθ’
416 2821 599 2889 ἡμῶν,
650 2824 687 2890 ἢ
719 2826 771 2876 οι
811 2828 934 2892 μετ’
971 2827 1182 2881 αὐτῶν.
1230 2820 1371 2883 Ἐκεῖ
1416 2832 1699 2903 βαρϐάρων

159 2913 364 2983 πλῆθος
386 2953 401 2978 ,
439 2908 539 2967 ὧδε
567 2916 808 2984 ἀγγέλων
851 2919 1076 2988 φάλαγξ.
1114 2923 1232 2975 Τῶν
1280 2924 1512 2977 εὐσεϐῶν
1539 2928 1700 2997 ὑπερ-

161 3015 327 3081 μαχεῖ
371 3013 696 3080 ἀγγελικὸςδ
724 3017 975 3084 στρατὸς,
1018 3021 1305 3089 προφητῶν
1342 3022 1495 3093 χορὸς
1515 3062 1529 3086 ,
1563 3027 1697 3078 ἀπο-

157 3109 361 3161 στόλων
387 3110 628 3180 δύναμις,
677 3114 962 3185 μαρτύρων
988 3117 1285 3186 πρεσϐεῖαι.
1316 3120 1406 3190 Μὴ
1436 3122 1658 3192 νομίσῃς
1679 3161 1695 3185 ο

157 3203 239 3254 ὅτι
278 3203 548 3275 μάρτυρες
586 3207 741 3275 μόνον
768 3208 1146 3277 πρεσϐεύουσιν
1176 3212 1312 3282 ὑπὲρ
1336 3214 1518 3282 ἡμῶν·
1560 3216 1691 3269 ἀλλά

155 3298 249 3349 καὶ
275 3298 493 3364 ἄγγελοι
521 3300 577 3350 ὲν
604 3304 719 3363 ταῖς
745 3302 978 3370 θλίψεσιν
1008 3306 1300 3360 ἱκετεύουσι
1323 3310 1411 3362 τὸν
1431 3310 1579 3363 Θεόν·
1604 3312 1697 3363 καὶ

151 3392 217 3443 οὐ
248 3391 410 3459 μόνον
440 3394 785 3457 ἱκετεύουσιν,
830 3395 960 3449 ἀλλά
998 3400 1090 3450 καί⁸
1134 3400 1419 3471 ἀπόκρισιν
1457 3402 1696 3472 δέχονται

155 3485 309 3554 παρὰ
337 3485 430 3537 τοῦ
457 3486 772 3557 Εὐεργέτου.
821 3490 979 3557 Λέγει
1022 3493 1287 3562 Ζαχαρίας
1319 3496 1346 3546 ὁ
1384 3498 1693 3567 προφήτης’

154 3583 266 3635 Καὶ
311 3583 593 3652 ἀπεκρίθη
623 3588 656 3640 ό
682 3586 959 3655 ἄγγελος,
995 3592 1028 3642 ό
1076 3589 1279 3643 λαλῶν
1304 3592 1373 3645 ἐν
1410 3594 1557 3662 ἐμοὶ,
1600 3596 1697 3648 καί

150 3676 285 3733 εἷπε
307 3684 455 3749 πρὸς
480 3685 715 3750 Κύριον.
735 3686 880 3756 Αὕτη
908 3689 941 3757 ἡ
965 3688 1093 3759 εὐχὴ
1121 3689 1214 3741 τοῦ
1245 3691 1472 3757 ἀγγέλου
1492 3708 1502 3720 ·
1522 3694 1696 3759 Κύριε

149 3780 581 3848 παντοκράτορ,
624 3782 734 3848 ἓως
767 3785 907 3836 πότε
955 3786 1025 3839 οὐ
1048 3786 1131 3853 μὴ
1174 3787 1430 3855 ἐλεήσῃς
1457 3789 1570 3855 τὴν
1598 3791 1696 3842 Ἰε-

146 3876 495 3942 ρουσαλὴμ,
524 3878 619 3930 καί
654 3881 759 3944 τὰς
784 3883 985 3947 πόλεις
1034 3884 1233 3947 Ἰούδα,
1262 3884 1333 3949 ἂς
1357 3886 1656 3952 ὑπερεῖδες
1673 3903 1693 3950 ;

156 3970 340 4023 Τοῦτο
373 3970 805 4039 ἑϐδομηκοστὸν
848 3976 999 4039 ἔτος.
1034 3977 1097 4028 Τί
1127 3973 1247 4041 οὖνς
1280 3980 1634 4048 ἀπεπέμψατο
1663 3982 1692 4032 6

146 4066 281 4128 Θεὸς
313 4066 410 4136 τὴν
449 4069 733 4137 πρεσϐείαν
761 4071 853 4126 τοῦ
886 4072 1148 4140 ἀγγέλου;
1180 4076 1269 4144 Μὴ
1300 4077 1532 4140 γένοιτοο
1564 4079 1696 4131 ἀλλά

148 4160 202 4210 τί
220 4179 235 4225 ;
270 4163 591 4229 Ἀπεκρίθη,
621 4165 773 4233 φησὶ,
796 4166 1005 4232 Κύριος
1033 4168 1180 4234 πρὸς
1197 4169 1301 4221 τὸν
1324 4169 1573 4238 ἄγγελον
1594 4170 1696 4223 τόν

146 4253 457 4305 λαλοῦντα
483 4254 551 4307 ἐν
586 4256 713 4324 ἐμοὶ
740 4257 969 4325 ῥήματα
1010 4261 1428 4327 παρακλητικὰ,
1468 4264 1563 4315 καὶ
1592 4265 1693 4315 λό-

153 4361 299 4412 γους
334 4350 825 4414 παρακλητικούς.
857 4352 1323 4422 Παρακαλέσωμεν
1346 4354 1437 4407 τὸν
1460 4356 1563 4409 τῶν
1595 4358 1693 4424 ἀγο

150 4438 326 4503 γέλων
357 4441 647 4509 Δεσπότην,
678 4444 770 4495 καὶ
793 4443 887 4495 ἕνα
910 4445 1136 4513 ἄγγελον
1160 4448 1459 4511 ἀποστελεῖ,
1488 4450 1579 4503 καὶ
1600 4453 1695 4504 πᾶ-

150 4548 249 4583 σαν
278 4532 389 4583 τῶν
418 4534 667 4586 ἐναντίων
695 4536 789 4604 τὴν
819 4539 1065 4605 φάλαγγα
1101 4542 1399 4610 σκορπίσει.
1438 4542 1574 4610 Ἐγὼ
1601 4547 1693 4597 καὶ

146 4624 244 4694 τὴν
275 4626 571 4694 κηρόχυτον
601 4629 812 4697 γραφὴν
837 4631 1096 4701 ἠγάπησα
1127 4634 1401 4696 εὐσεϐείας
1430 4633 1574 4706 [414]
1598 4654 1694 4688 πε⁶

150 4721 539 4790 πληρωμένην.
568 4719 715 4774 Εἶδον
737 4727 791 4776 ὲν
818 4727 980 4779 εἰκόνι
1008 4728 1231 4795 ἄγγελον
1260 4728 1540 4783 ἐλαύνοντα
1561 4732 1691 4801 νέφη

147 4815 466 4883 βαρϐάρων,
495 4812 630 4867 εἶδον
655 4820 959 4887 πατούμενα
1001 4822 1286 4892 βαρϐάρων
1314 4823 1472 4891 φῦλα,
1501 4826 1592 4877 καὶ⁷
1606 4826 1693 4878 τὸν

145 4907 311 4959 Δαυῒδ
334 4907 659 4975 ἀληθεύοντα
679 4926 692 4938 °
724 4909 918 4978 Κύριε,
953 4913 1022 4965 ἐν
1044 4914 1117 4981 τῇ
1142 4918 1312 4969 πόλει
1335 4932 1447 4969 σου
1473 4918 1585 4985 τὴν
1614 4920 1695 4971 εί-

142 5004 296 5056 κόνα
345 5002 540 5055 αὐτῶν
570 5004 1005 5070 ἐξουδενώσεις.
1050 5009 1264 5075 Λεγέτω
1295 5012 1385 5062 καὶ
1431 5011 1523 5063 νῦν
1568 5014 1693 5082 περὶ

140 5102 303 5171 ἡμῶν
337 5100 368 5151 ό
402 5102 667 5172 μακάριος
708 5105 866 5156 Δαυῖδ
887 5121 900 5134 ’
938 5107 1250 5175 Γενηθήτω
1270 5110 1308 5175 ἡ
1335 5108 1473 5175 όδὸς
1499 5110 1693 5164 αὐτῶν

137 5196 367 5259 σκότος
389 5195 483 5248 καὶ
523 5196 831 5265 ὀλίσθημα,
858 5198 954 5251 καί
984 5198 1233 5268 ἄγγελος
1268 5200 1484 5270 Κυρίου
1518 5220 1691 5258 κατα-

200 5506 225 5533 ⁶
255 5506 340 5552 Sic
363 5504 668 5552 restituimus
688 5519 746 5554 ex
784 5508 936 5555 tribus
963 5523 1071 5556 mss.

196 5564 343 5631 PSjc
379 5578 505 5613 unus
556 5572 708 5623 recte,
750 5576 797 5617 el
837 5570 903 5616 sic
942 5571 1062 5631 legit
1104 5570 1363 5629 interpres.
1415 5571 1509 5618 A'ii
1553 5572 1686 5631 ιύαγ·

136 5624 340 5681 γὼκός.

1824 758 2038 826 συρίων,
2086 760 2177 811 καὶ
2226 756 2305 820 είς
2338 758 2559 824 άγγελος
2594 757 2910 818 ἀποσταλεὶς
2951 756 3139 809 ἑκατὸν
3181 758 3360 828 ὁγδοή-

1821 864 1981 901 κοντα
2024 847 2181 899 πέντε
2220 847 2455 915 χιλεάδας
2479 847 2762 916 ἔστρωσεν.
2803 846 2985 913 Ἡμεῖς
3011 848 3056 897 οί
3087 847 3355 914 ἄνθρωποι

1818 936 2169 1005 ἀνθρωπίνοις
2215 935 2487 1004 λογισμοῖς
2526 933 2823 1003 μετροῦμεν
2863 933 2929 985 τὰ
2974 934 3353 1002 συμϐαίνοντα,

1819 1029 1908 1079 καὶ
1932 1025 2157 1095 λέγομεν
2184 1025 2301 1078 καθ’
2325 1023 2546 1086 ἑαυτούς
2564 1038 2577 1053 ·
2608 1024 2671 1075 Τί
2696 1024 2917 1091 γίνεται,
2940 1022 3031 1075 ἐὰν
3062 1022 3133 1092 μὴ
3158 1022 3351 1092 εὑρεθῇ

1818 1111 2147 1182 στρατιώτης
2165 1114 2221 1163 ὲν
2242 1114 2353 1174 τοῖς
2376 1112 2563 1181 μέρεσι
2588 1110 2790 1173 τούτοις
2811 1126 2824 1175 ;
2853 1110 2945 1161 ἐὰν
2966 1109 3092 1178 πρὶν
3121 1109 3151 1178 ἢ
3174 1110 3351 1179 φθάσῃ

1814 1204 1842 1254 6
1888 1202 2205 1271 στρατηγὸς,
2255 1201 2458 1261 πάντας
2490 1199 2830 1268 πορθήσωσι,
2861 1198 2913 1249 τί
2940 1197 3224 1265 ποιοῦμεν;
3260 1198 3349 1268 Μὴ

1812 1289 1919 1357 γὰρ
1953 1290 2131 1357 ἐπειδὴ
2177 1289 2238 1341 σὺ
2272 1288 2623 1359 προλαμϐάνῃ
2643 1326 2657 1348 ,
2692 1288 2785 1340 καὶ
2809 1286 2938 1348 Θεὸς
2980 1287 3349 1356 προλαμϐάνε-

1813 1396 1934 1444 ταις
1968 1380 2039 1449 μὴ
2082 1380 2187 1448 γάρ
2217 1379 2398 1448 ἐπειδὴ
2429 1379 2492 1431 σὺ
2530 1379 2626 1431 οὐκ
2656 1373 2706 1429 εἷ
2747 1375 3035 1445 πανταχοῦ,
3079 1376 3206 1437 Θεὸς
3248 1376 3346 1426 οὐκ

1811 1468 1924 1520 ἔστι
1967 1467 2265 1535 πανταχοῦ;
2299 1466 2373 1537 μὴ
2401 1466 2506 1534 γάρ
2531 1467 2589 1518 τὸ
2622 1467 2716 1534 μὲν
2758 1465 2971 1516 δύναται
3004 1464 3151 1525 Θεὸς,
3200 1463 3259 1515 τὸ
3289 1464 3346 1517 δὲ

1808 1556 1867 1607 οὐ
1898 1554 2144 1617 δύναται;
2179 1554 2240 1604 Ἦ
2272 1553 2469 1623 ἄψυχος
2503 1554 2737 1607 θάλασσα
2775 1555 3063 1622 ὑπήκουσε,
3099 1554 3188 1606 καὶ
3217 1552 3345 1605 ὲϐύ-

1811 1645 1955 1697 θισεν
1975 1660 1988 1673 ·
2021 1646 2067 1695 οἱ
2095 1643 2274 1710 ἄλογοι
2309 1643 2484 1711 ίχθύες
2520 1645 2831 1712 ὑπήκουσαν
2849 1647 2912 1714 τῇ
2940 1644 3080 1714 ἄγρᾳ
3100 1645 3305 1713 Πέτρου
3325 1661 3339 1676 ·

1808 1733 1900 1784 καὶ
1929 1731 2171 1798 ἄγγελος,
2199 1731 2291 1783 ὲάν
2316 1730 2571 1800 κελευσθῇ
2599 1770 2611 1793 ,
2640 1732 2789 1794 ὅλους
2816 1735 2911 1784 οὐκ
2935 1734 3181 1800 ἀφανίσει
3220 1735 3342 1795 τοὺς

1771 1863 1790 1873 .
1808 1821 2028 1890 ἐχθροὺς
2054 1820 2146 1888 τῆς
2172 1819 2448 1889 ἀληθείας;
2470 1821 2641 1873 Μόνον
2674 1820 2945 1889 νήφωμεν,
2978 1821 3131 1889 μόνον
3163 1838 3336 1890 παραο

1808 1908 2136 1978 καλέσωμεν,
2167 1908 2328 1977 μόνον
2358 1908 2732 1977 ίκετεύσωμεν.
2771 1909 3013 1978 Ἐνόμισέ
3039 1924 3121 1971 τις
3146 1911 3202 1962 ὲν
3230 1911 3341 1973 τοῖς

1805 2000 2049 2071 ἀρχαίοις
2080 1999 2445 2070 στρατηλάτης
2475 2001 2717 2070 ἀριστος·
2755 1998 2893 2066 λέγω
2930 1999 2992 2068 δὴ
3034 1998 3193 2067 κοινῷ
3220 1999 3336 2051 ὀνό-

1806 2107 1954 2159 ματι,
1986 2092 2071 2144 ἵνα
2090 2092 2220 2143 πᾶσι
2246 2084 2539 2162 κατάδηλος
2559 2092 2805 2161 γένηται·
2837 2092 3049 2160 ὲνόμισέ
3072 2110 3153 2153 τις
3176 2108 3339 2161 στρα-

1802 2180 1968 2249 τηγὸς
1990 2180 2095 2232 τῶν
2127 2179 2428 2246 ἀλλοφύλων
2460 2182 2488 2233 6
2522 2178 2755 2248 Σισάρα·
2790 2178 3053 2247 μέμνηται
3082 2178 3135 2229 δὲ
3175 2176 3336 2231 αὑτοῦ

1804 2269 1897 2322 καὶ
1924 2268 2082 2321 Δαυῒδ
2113 2268 2281 2334 λὸγων
2301 2285 2315 2299 ο
2343 2268 2603 2333 Ποίησον
2639 2265 2836 2330 αὐτοῖς
2871 2267 2947 2329 ὡς
2976 2264 3050 2331 τῇ
3080 2263 3334 2330 Μαδιὰμ,

1802 2356 1901 2409 καί
1935 2354 2011 2419 τῷ
2049 2354 2288 2421 Σισάρᾳ,
2334 2356 2413 2420 ὡς
2458 2352 2537 2418 τῷ
2584 2354 2795 2421 Ἰαϐεὶμ
2830 2354 2897 2404 ὲν
2932 2350 3009 2415 τῷ
3052 2351 3335 2419 χειμάρρῳ

1800 2444 2061 2499 Κισσῶν.
2100 2446 2154 2496 '0
2195 2444 2395 2512 Ἰαϐεὶμ
2425 2444 2672 2512 βασιλεὺς
2710 2437 2777 2511 ἦν
2821 2441 2925 2493 τῶν
2954 2440 3277 2507 ἀλλοφύλων,
3304 2440 3331 2489 6

1800 2530 2003 2600 Σισάρα
2044 2532 2486 2601 ἀρχιστράτηγος.
2532 2524 2637 2581 Ἦν
2679 2528 2824 2598 αὑτῷ
2873 2530 3089 2597 ἅρματα
3144 2527 3334 2595 σιδηρᾶ

1798 2620 2106 2683 ὀκτακόσια,
2126 2620 2218 2671 καὶ
2247 2618 2442 2687 πλῆθος
2466 2618 2704 2684 ἄπειρον.
2724 2614 2988 2681 Ἐφοϐήθη
3013 2616 3041 2664 6
3072 2612 3196 2674 λαὸς
3225 2612 3332 2663 τῶν

1810 2707 2089 2767 Ἰουδαίων,
2122 2702 2227 2756 εἶδε
2262 2703 2320 2755 τὸ
2352 2704 2525 2769 νέφος,
2556 2702 2648 2753 καὶ
2690 2700 2889 2769 ἔφριξε.
2921 2699 2985 2749 Τί
3019 2695 3108 2750 οὖν
3142 2700 3171 2750 6
3215 2697 3332 2765 φιλ-

1799 2782 2076 2866 άνθρωπος
2115 2792 2243 2853 Θεὸς
2277 2791 2421 2858 λέγει
2466 2790 2552 2842 διὰ
2582 2790 2681 2857 τῆς
2720 2788 3037 2857 προφήτιδος
3081 2786 3330 2855 Δεϐώρας

1796 2883 1874 2953 τῷ
1915 2882 2208 2951 ὑπερμάχῳ
2253 2880 2349 2949 τῆς
2397 2878 2706 2942 εὑσεϐείας;
2744 2877 2837 2943 Μὴ
2882 2874 3172 2944 φοϐηθῇς·
3204 2875 3330 2929 ιδοὺ

1796 2970 2158 3039 παραδίδωσι
2185 2983 2281 3022 σοι
2307 2969 2488 3022 αὐτὸν
2509 2969 2716 3035 Κύριος
2739 2969 2823 3031 εὶς
2847 2966 2951 3030 τὰς
2974 2964 3172 3034 χεῷάς
3192 2980 3329 3026 σου.

1795 3061 1886 3114 καὶ
1914 3060 2060 3112 ἔσται
2087 3059 2147 3111 τὸ
2180 3058 2501 3127 κατόρθωμα
2536 3057 2593 3108 οὺ
2623 3055 2720 3124 τῆς
2755 3056 2929 3124 χειρός
2959 3072 3071 3116 σου,
3110 3054 3223 3106 ἀλλ’
3253 3054 3327 3114 εἰς

1795 3148 1975 3217 χεῖρας
2002 3146 2271 3212 γυναικός.
2315 3144 2486 3197 Βλέπε
2518 3144 2630 3205 πῶς
2670 3144 2698 3194 6
2728 3142 2856 3206 Θεὸς
2899 3142 2991 3212 τὴν
3024 3139 3327 3205 ἀλαζονείαν

1794 3233 2067 3285 ἐκόλασεν.
2103 3232 2322 3301 ’Ἄνδρες
2347 3231 2441 3298 οὐχ
2486 3230 2810 3300 ὑπέστησαν,
2846 3229 2938 3281 καὶ
2970 3229 3102 3297 γυνὴ
3138 3231 3321 3297 ἐστρα-

1793 3320 2044 3389 τήγησεν.
2097 3318 2349 3388 Είσῆλθεν
2386 3322 2413 3372 6
2446 3320 2647 3387 Σισάρα
2681 3318 2891 3385 φεύγων
2923 3318 3053 3386 πρὸς
3094 3316 3190 3385 τὴν
3228 3332 3324 3383 γυ-

1794 3410 1950 3459 ναῖκα
1967 3408 2107 3476 Ἰαὴλ
2131 3406 2443 3476 λεγομένην,
2466 3408 2559 3458 καὶ
2584 3405 2817 3458 καύσωνι
2836 3405 3259 3473 κατειλημμένος
3280 3408 3326 3466 °,

1797 3496 1938 3549 αίτεῖ
1967 3496 2094 3564 παρ’
2124 3495 2291 3563 αὐτῆς
2331 3493 2503 3563 ὕδωρ·
2552 3495 2593 3563 ἠ.
2623 3492 2681 3545 δὲ
2725 3492 2926 3555 ποτίζει
2962 3492 3119 3545 αὐτὸν
3164 3491 3322 3559 γάλα.

1795 3583 1936 3650 Ὅρα
1960 3583 2146 3648 σοφίαν
2171 3582 2437 3650 γυναικός.
2475 3581 2687 3651 Ἐπειδὴ
2713 3581 2818 3649 γάρ
2844 3576 2909 3654 ἦν
2935 3580 3329 3649 καταψυκτικδν

1792 3670 1850 3722 τὸ
1878 3671 2036 3737 γάλα,
2068 3671 2160 3722 καὶ
2187 3672 2264 3732 είς
2284 3670 2443 3723 ὕπνον
2474 3670 2925 3738 προκαλούμενον,
2944 3669 3144 3732 ποτίζει
3172 3668 3328 3721 αὑτὸν

1793 3759 1951 3825 γάλα,
1983 3760 2067 3811 ἵνα
2094 3758 2362 3829 ἀληθεύει-ῃ
2395 3760 2426 3827 ἡ
2459 3759 2647 3827 Γραφὴ
2676 3761 2707 3827 ἡ
2737 3758 2984 3825 λέγουσα,
3019 3759 3193 3825 Ὑδωρ
3221 3761 3329 3811 αὑ-

1794 3846 1905 3913 τὴν
1930 3848 2134 3914 ᾔτησε,
2174 3847 2271 3900 καί
2295 3847 2446 3916 γάλα
2476 3847 2711 3911 ἔδωκεν,
2755 3850 2837 3901 ἵνα
2871 3848 2963 3901 καὶ
2993 3848 3201 3919 ποτίσῃ,
3236 3848 3330 3899 καὶ

1792 3936 2032 4007 κοιμίσῃ.
2084 3932 2214 3989 Εῐτα
2260 3933 2605 4004 κοιμηθέντος
2648 3934 2740 3986 τοῦ
2791 3934 3106 4002 ἀλλοφύλου,
3149 3934 3325 3996 ἔλαϐε,

1794 4025 1973 4093 φησὶν,
2000 4028 2033 4093 ἠ
2062 4025 2195 4093 γυνὴ
2222 4024 2397 4093 ἐκείνη
2427 4024 2699 4075 πάσσαλον
2734 4024 2825 4076 καὶ
2857 4023 3082 4092 σφῦραν,
3112 4023 3205 4076 καὶ
3226 4026 3325 4075 £15-

1792 4110 1991 4180 έδραμε
2010 4112 2087 4180 τῷ
2110 4112 2365 4181 πολεμίῳ.
2394 4113 2500 4163 Καὶ
2528 4113 2625 4181 ὅρα
2650 4113 2836 4175 σοφίαν
2863 4112 3133 4178 γυναικός.
3162 4112 3256 4163 Διά
3277 4113 3328 4164 τί

1792 4204 1891 4254 οὐκ
1918 4201 2070 4253 ἔλαϐε
2103 4201 2252 4266 ξίφος
2299 4201 2332 4268 ἢ
2366 4202 2648 4268 μάχαιραν,
2684 4200 2813 4251 ἀλλά
2837 4199 3138 4263 πάσσαλον;
3175 4200 3331 4267 Ἐφο-

1792 4292 1951 4361 ϐἡθη,
1980 4292 2053 4355 ὡς
2076 4292 2231 4358 γυνὴ,
2251 4290 2323 4359 μὴ
2346 4289 2565 4353 ἔξυπνος
2586 4290 2865 4358 γενόμενος
2892 4288 3163 4358 καταλάϐῃ
3183 4287 3328 4360 [415]

1793 4382 1960 4451 αὐτὴν
1978 4380 2303 4448 κατέχουσαν
2326 4378 2492 4447 ξίφος.
2518 4378 2615 4431 Διά
2639 4379 2791 4430 τοῦτο
2809 4380 2868 4430 οὐ
2896 4378 3153 4446 λαμϐάνει
3172 4378 3330 4429 ὅπλον

1793 4470 2001 4539 ἀνδρὸς,
2032 4468 2144 4521 ἀλλ’
2173 4468 2501 4537 ἐπιτήδευμα
2531 4470 2849 4533 γυναικεῖον.
2886 4466 3043 4529 Ἔθος
3072 4464 3177 4535 γὰρ
3210 4469 3329 4528 ταῖς

1791 4556 2206 4627 διεζωσμέναιςά
2253 4557 2463 4623 γυναιξὶ
2497 4557 2764 4608 πάσσαλον
2791 4556 3139 4625 κατακρούειν
3169 4559 3223 4608 ὲν
3253 4556 3331 4625 τῷ

1795 4647 1973 4714 τοίχῳ,
2009 4647 2098 4697 καὶ
2127 4644 2266 4696 οὕτω
2299 4643 2530 4712 μετιέναι
2555 4641 2649 4710 τὴν
2687 4642 2813 4693 ἰδίαν
2846 4641 3120 4710 ἐργασίαν.
3152 4642 3331 4691 Κατα-

1795 4735 2040 4797 σκευάζει
2061 4731 2149 4785 οὖν
2170 4733 2272 4785 ἀπὸ
2296 4732 2386 4783 τοῦ
2404 4731 2707 4783 ἀνυπόπτου
2733 4730 2847 4782 ὁδὸν
2872 4731 3141 4799 δευτέραν.
3160 4731 3333 4783 Ἐπει-

1791 4824 1854 4892 δὴ
1884 4824 1937 4875 δὲ
1969 4826 1995 4875 6
2024 4823 2152 4884 Θεὸς
2186 4821 2509 4891 συνήργησε,
2559 4820 2649 4870 καὶ
2676 4819 2806 4870 Θεοῦ
2830 4814 2897 4888 ἦν
2926 4818 3081 4888 ἔργον
3111 4818 3328 4887 πληρῶ-

1794 4931 1880 4966 σαι
1904 4913 1971 4964 τά
1994 4913 2091 4981 τῆς
2134 4911 2493 4981 προφητείας·
2522 4912 2581 4960 οὑ
2614 4910 2719 4977 γὰρ
2753 4905 2818 4978 ἦν
2850 4910 3058 4975 ἐκείνης
3089 4908 3145 4959 τὸ
3175 4925 3333 4977 στρα-

1791 5004 2009 5072 τήγημα
2032 5041 2045 5064 ,
2083 5002 2215 5055 ἀλλὰ
2254 5000 2385 5052 Θεοῦ
2414 5000 2472 5052 τὸ
2520 4997 2872 5067 ἀπόφθεγμαο
2916 4998 3016 5051 Ἐν
3045 4994 3189 5061 χειρὶ
3228 4994 3333 5065 γάρ

1791 5093 2069 5161 γυναικός
2104 5092 2272 5144 ἔσται
2314 5094 2346 5143 ό
2384 5088 2631 5153 θάνατός
2669 5103 2801 5141 σου.
2838 5087 3147 5155 Συνήργησε
3182 5084 3329 5145 Θεὸς,

1794 5187 1943 5257 ὕπνῳ
1966 5189 2130 5257 δήσας
2168 5187 2254 5238 τὸν
2280 5185 2575 5254 ἀλάστορα,
2604 5184 2694 5235 καὶ
2748 5180 2980 5233 λαϐοῦσα
3015 5181 3047 5247 ἡ
3082 5176 3215 5247 γυνὴ
3248 5177 3333 5230 τὸν

1860 5508 2433 5577 τ-υιιιὶςριατειὶημμένος,
2461 5511 2608 5553 recte.
2633 5504 2770 5551 Alius
2793 5502 3132 5563 ἐπειλημμένος.
3161 5500 3332 5549 Morel.

1793 5579 1843 5619 et
1868 5570 2013 5615 Savil.
2040 5570 2393 5625 ἀπειλημμένος.

1855 5630 1880 5668 ά
1921 5629 2023 5677 Duo
2047 5641 2159 5675 mss.
2183 5626 2479 5688 ὃιᾳζομιέναις.
