4158 6320
767 317 770 320 ’
802 350 920 411 409

805 448 1077 506 πάσσαλον
1105 451 1197 505 καὶ
1225 451 1321 522 τὴν
1351 452 1579 523 σφῦραν,
1617 455 1831 527 διήλασε
1863 459 2000 512 κατά
2025 461 2118 514 τοῦ
2154 460 2347 531 κροτά-

806 547 908 604 φου
935 535 1097 589 αὑτοῦ
1120 535 1290 598 οὕτως
1329 537 1579 607 ἰσχυρῶς,
1605 539 1680 603 ὡς
1708 541 1800 593 καὶ
1828 543 1927 612 τῆς
1953 545 2053 613 γῆς
2077 544 2340 612 ἅψασθαιο

807 619 902 672 καὶ
945 618 1084 672 οῦτω
1124 618 1324 688 μεταξὺ
1356 621 1462 674 τῶν
1493 621 1664 676 ποδῶν
1686 625 1784 694 τῆς
1814 627 2064 694 γυναικὸς
2088 629 2341 682 ἀπέθανε.

877 705 943 765 ζ’.
983 703 1074 773 Μὴ
1101 703 1272 757 λείπει
1293 705 1370 774 τῷ
1396 706 1513 775 Θεῷ
1538 709 1823 778 πρόφασις,
1844 713 1934 763 καὶ
1964 713 2049 763 ὅτε
2080 713 2339 781 βούλεται,

807 788 905 840 οὐκ
921 787 1192 856 ἐμποδίζει
1213 790 1270 842 τὸ
1303 788 1376 860 μὴ
1402 795 1648 861 παρεῖναι
1672 795 1997 864 συμμαχίανο
2013 796 2145 849 Θεοῦ
2164 799 2341 862 ὅπλον,

807 873 940 926 Θεοῦ
974 874 1324 944 στρατιώτης,
1353 876 1484 929 Θεοῦ
1513 877 1756 948 δύναμις,
1783 881 1955 949 νεῦμα
1995 882 2152 950 μόνον
2184 883 2338 937 Θεοῦ.

807 957 897 1028 Τῷ
920 958 1135 1028 Χριστῷ
1160 959 1314 1013 τοῦτο
1342 961 1580 1032 εἴπωμεν
1598 980 1610 992 ·
1637 965 1768 1017 Εἰπὲ
1807 965 1966 1034 λόγῳ.
1997 968 2086 1018 καὶ
2118 983 2342 1038 σκορπι-

815 1040 1092 1112 σθήσονται
1114 1045 1160 1096 οί
1181 1045 1360 1115 ἐχθροί
1391 1062 1483 1099 σου
1503 1063 1517 1078 °
1542 1049 1659 1101 εἰπὲ
1689 1050 1847 1118 λόγῳ,
1878 1051 1971 1102 καὶ
1996 1051 2234 1121 ἐλεήσεις
2247 1055 2345 1124 τὴν

811 1127 962 1180 πόλιν
992 1144 1115 1196 σου·
1157 1130 1275 1183 εἰπὲ
1301 1131 1459 1202 λόγῳ,
1493 1135 1583 1186 καὶ
1627 1134 1981 1204 οίκτειρήσεις
2021 1135 2110 1188 τὸν
2146 1138 2345 1206 κόσμον

809 1232 923 1269 σου.
955 1214 1210 1287 Εἴπωμεν
1245 1220 1418 1290 αὐτῷ’
1456 1221 1607 1276 Ἰδοὺ
1628 1226 1682 1276 οί
1705 1223 1902 1292 ἐχθροί
1935 1241 2048 1278 σου
2083 1225 2342 1294 ἤχησαν,

808 1300 906 1356 καί
936 1305 990 1356 οἱ
1017 1304 1338 1371 μισοῦντές
1364 1321 1436 1359 σε
1467 1304 1616 1375 ἦραν
1637 1297 1924 1377 κεφαλήν.
1950 1311 2131 1373 Θέλεις
2161 1313 2346 1382 μαθεῖν

808 1386 901 1440 καὶ
931 1382 1093 1458 ἁλλης
1125 1390 1377 1456 γυναικὸς
1423 1395 1794 1463 στρατήγημα,
1825 1395 2006 1465 ἐπειδὴ
2044 1396 2197 1449 τοῦτο
2223 1399 2348 1465 ἠθέ-

807 1470 966 1540 λησεν
1002 1475 1032 1526 ό
1061 1471 1221 1539 Θεός;
1262 1473 1450 1537 Ἀλλος
1485 1492 1568 1538 τις
1598 1472 1686 1546 ἦν,
1726 1477 2006 1548 Ἀδιμελὲχ
2033 1480 2219 1548 δνομα,
2261 1482 2347 1534 ἀν-

807 1553 940 1608 ελὼν
955 1557 1144 1610 ἐαυτοῦ
1169 1559 1423 1627 ἀδελφοὺς
1448 1559 1824 1631 ἐϐδομήκοντα,
1840 1565 1931 1616 καὶ
1949 1567 2221 1634 κρατήσας
2243 1567 2348 1618 ἀπὸ

811 1641 910 1708 τῆς
943 1641 1191 1712 τοιαύτης
1232 1643 1635 1713 ἀδελφοκτονίας
1656 1687 1670 1710 ,
1706 1648 1880 1700 πάντα
1912 1649 2002 1700 τὸν
2042 1650 2165 1702 λαὸν
2213 1649 2348 1718 ἔχων

811 1722 1133 1796 ὑποχείριον,
1159 1730 1513 1783 συνεπὰλαισέ
1550 1749 1652 1784 τινι
1695 1733 1840 1785 πόλει
1871 1734 2224 1802 τειχομαχῶν,
2252 1737 2344 1787 καὶ

809 1807 1024 1862 πάντων
1065 1815 1446 1881 ναρκησάντων
1496 1816 1628 1883 πρὸς
1665 1817 1761 1884 τὴν
1803 1816 1928 1868 θέαν
1963 1816 2056 1868 τοῦ
2092 1817 2341 1887 πολέμου,

809 1893 972 1946 πάλιν
1015 1896 1043 1945 ό
1077 1896 1206 1959 Θεὸς
1238 1899 1487 1965 γυναικὸς
1528 1903 1682 1970 χεῖρα
1714 1901 2004 1970 νευρώσας,
2053 1905 2194 1955 ποιεί
2227 1922 2344 1957 τινα

809 1982 1037 2045 γυναῖκα
1063 1983 1290 2052 φανῆναι
1319 1985 1380 2036 ἐκ
1405 1984 1497 2036 τοῦ
1524 1988 1730 2056 τείχους
1750 1989 1908 2056 ,ιῆτις
1939 1989 2152 2057 κλάσμα
2181 1990 2342 2059 μύλου

809 2062 1064 2133 λαϐοῦσα,
1090 2069 1346 2138 ἐπέρριψε
1369 2073 1432 2139 τῇ
1457 2073 1658 2143 κεφαλῇ
1681 2073 1772 2126 τοῦ
1799 2076 2078 2144 τυράννου,
2099 2077 2190 2129 καὶ
2220 2093 2345 2130 συν⁸

811 2149 1028 2218 έτριψεν
1056 2152 1215 2204 αὑτοῦ
1248 2155 1306 2206 τὸ
1343 2156 1576 2224 κρανίον.
1629 2158 1735 2210 Καὶ
1761 2161 1859 2228 ὅρα
1883 2160 1974 2212 τοῦ
2004 2162 2343 2231 ὑπερηφάνου

809 2232 905 2302 τὴν
935 2237 1164 2306 ἄμετρον
1190 2241 1381 2292 κακίαν
1409 2242 1887 2298 συναποθανοῦσαν.
1919 2243 2077 2313 Λέγει
2103 2248 2178 2315 τῷ
2212 2266 2348 2318 παρ-

811 2318 1000 2371 εστῶτι
1029 2321 1302 2393 δορυφόρῳ
1321 2341 1334 2356 ·
1360 2325 1590 2379 Σπάσαι
1627 2327 1738 2394 τὴν
1764 2329 2058 2397 μάχαιράν
2086 2346 2221 2395 σου,
2249 2333 2347 2385 καὶ

812 2403 1050 2467 πλῆξόν
1085 2422 1191 2473 με,
1243 2408 1340 2459 ἵνα
1374 2409 1458 2475 μὴ
1502 2411 1742 2464 εἴπωσι·
1797 2415 1963 2479 Γυνὴ
2013 2417 2197 2468 αὐτὸν
2234 2418 2347 2472 ἁπ-

811 2486 1053 2544 έκτεινε.
1104 2492 1174 2544 Τὸ
1205 2495 1358 2562 σῶμα
1396 2497 1555 2548 αὑτοῦ
1599 2498 1923 2568 ἀπέθνησκε,
1974 2502 2064 2553 καὶ
2110 2504 2143 2570 ή
2183 2503 2348 2572 ὑπερ-

814 2575 1016 2642 ηφανία
1044 2575 1230 2645 ἔμενεν
1250 2595 1264 2609 ·
1291 2579 1570 2633 ἀπετίθετο
1596 2583 1691 2652 τὴν
1726 2584 1891 2654 ζωὴν,
1917 2586 2006 2636 καὶ
2027 2587 2126 2638 οὐκ
2159 2588 2346 2640 ἀπετί-

816 2658 934 2711 θετο
960 2659 1055 2728 τὴν
1087 2663 1403 2728 κενοδοξίαν.
1434 2665 1541 2716 Καὶ
1568 2665 1658 2717 νῦν
1701 2667 1762 2718 οῦ
1804 2667 1973 2720 λείπει
2003 2669 2079 2738 τῷ
2108 2670 2224 2740 Θεῷ
2255 2675 2347 2724 Δε-

815 2743 992 2814 ϐώρα,
1025 2746 1084 2798 οὐ
1111 2746 1280 2800 λείπει
1309 2748 1384 2817 τῷ
1417 2749 1532 2817 Θεῷ
1585 2750 1747 2820 Ἰαήλ.
1789 2754 2019 2821 Ἔχομεν
2057 2757 2148 2809 καὶ
2193 2760 2347 2826 ἡμεῖς

814 2828 908 2895 τήν
933 2829 1092 2897 ἁγίαν
1113 2831 1378 2899 Παρθένον
1399 2834 1491 2884 καὶ
1511 2833 1763 2888 Θεοτόκον
1787 2839 1998 2907 Μαρίαν
2024 2842 2347 2911 πρεσϐεύου-

817 2930 915 2966 σαν
942 2915 1078 2986 ὑπὲρ
1104 2917 1315 2986 ὴμῶνα.
1351 2919 1413 2970 El
1446 2920 1549 2987 γὰρ
1590 2923 1622 2989 ή
1673 2924 1904 2990 τυχοῦσα
1946 2929 2079 2996 γυνὴ
2111 2928 2346 2998 ἐνίκησε,

817 2998 964 3069 πόσῳ
994 2999 1191 3068 μᾶλλον
1216 3004 1248 3070 ἡ
1272 3002 1363 3054 τοῦ
1387 3004 1619 3073 Χριστοῦ
1651 3007 1829 3075 μήτηρ
1864 3011 2206 3078 καταισχύνει
2227 3016 2350 3077 τοὺς

814 3084 1037 3152 ἐχθροὺς
1081 3086 1178 3155 τῆς
1234 3087 1518 3156 ἀληθείας;
1568 3090 1870 3143 Πανοπλίαν
1923 3095 2272 3164 ἐνδυόμενοςδ
2324 3102 2352 3152 ὁ

815 3166 1034 3237 Ἐχθρὸς
1053 3170 1262 3239 ἐνόμισε
1283 3176 1510 3240 γυναῖκα
1529 3170 1665 3228 εῖναι
1686 3176 2097 3249 χλευαζομένην,
2116 3183 2206 3236 καὶ
2229 3177 2352 3253 εὗρε

877 3467 900 3495 ⁸
931 3461 1066 3525 pnus
1082 3465 1196 3525 ὑπὲρ
1215 3467 1348 3525 ἡμῶν
1370 3467 1692 3525 ἀδιαλείπτως.

813 3522 1064 3629 ἁπξιξέἓε
1082 3522 1391 3585 ἐνδεδυμένος,
1435 3527 1557 3577 forte
1589 3522 1778 3579 melius.
1816 3530 1939 3580 intra
1967 3533 2091 3580 idem
2114 3535 2350 3594 μνήματος

1975 329 2044 387 ΙΝ
2081 331 2403 391 HOMILIAM
2443 335 2849 404 SEQUENTEM

3892 367 4006 419 410

2444 461 2737 528 στρατηγὸν
2756 459 3168 529 ἀγωνιζόμενον.
3194 459 3305 512 Οὐκ
3325 457 3540 528 ἐνόμισε
3567 460 3808 528 μνήματι
3838 458 4000 514 ἄπτε-

2445 544 2584 607 σθαι,
2613 545 2705 597 καὶ
2750 545 2941 614 εὑρέθη
2983 545 3128 613 αὐτῷ
3158 546 3352 613 τάφος’
3385 545 3581 614 νεκρὰν
3609 545 3858 614 ἐνόμισε,
3898 548 3994 598 καὶ

2441 618 2709 698 ἐνεκρὼθη
2730 629 2817 680 ὑπ’
2835 629 3267 698 αὐτῆς.”Εχομεν
3285 629 3381 698 τὴν
3397 630 3679 682 δέσποιναν
3713 631 3868 700 ήμῶν
3894 630 3995 698 τὴν

2442 712 2600 778 ἁγίαν
2620 713 2831 782 Μαρίαν
2859 714 2955 783 τὴν
2987 714 3241 766 Θεοτόκον
3259 732 3272 745 ·
3295 713 3429 764 ἀλλὰ
3458 705 3610 782 χρεία
3641 715 3731 768 καὶ
3763 716 3997 767 ἀποστό-

2439 801 2561 855 λων,
2591 801 2837 870 Εῐπωμεν
2877 801 3089 870 Παύλῳ,
3125 799 3300 862 καθὼς
3337 795 3486 852 εἶπον
3517 801 3564 852 οί
3593 801 3710 852 τότε
3731 817 3742 829 ·
3780 805 3995 866 Διαϐὰς

2440 886 2524 947 είς
2557 883 2924 936 Μακεδονίαν
2945 884 3258 952 βοήθησον
3287 883 3447 951 ἡμῖν.
3490 883 3721 953 Ἐχομεν
3758 886 3990 939 ἀποστό-

2441 967 2583 1029 λους,
2626 969 2698 1038 μὴ
2733 970 3102 1038 ναρκήσωμεν.
3136 966 3278 1038 [416]
3330 967 3558 1038 Ἐχομεν
3597 969 3693 1038 τὴν
3710 969 3994 1024 δέσποιναν

2443 1051 2596 1119 ἡμῶν
2624 1051 2720 1121 τὴν
2747 1052 3021 1116 Θεοτόκον,
3055 1053 3150 1122 τὴν
3182 1053 3339 1120 ἁγίαν
3370 1054 3717 1123 ἀειπαρθένον
3752 1055 3990 1124 Μαρίαν,

2441 1135 2520 1206 ’μὴ
2558 1135 2892 1207 ὀκνήσωμεν.
2939 1139 3172 1207 Ἔχομεν
3202 1139 3292 1191 τὸν
3339 1138 3494 1208 χορὸν
3525 1138 3632 1191 τῶν
3660 1141 3990 1210 Μαρτύρων,

2449 1219 2521 1288 μὴ
2548 1219 2960 1290 ρᾳθυμήσωμεν.
3003 1222 3094 1290 Μή
3145 1222 3301 1291 μόνον
3343 1221 3717 1290 ίκετεύσωμεν,
3761 1224 3894 1288 ἀλλ’,
3942 1227 3992 1277 ει

2445 1303 2607 1365 δοκεῖ,
2636 1305 2729 1357 καὶ
2751 1305 3152 1374 νηστεύσωμεν.
3186 1307 3397 1358 Βέλτιον
3427 1307 3708 1374 νηστεῦσαι
3743 1311 3989 1376 νηστείαν

2448 1387 2630 1453 πόθου,
2685 1389 2776 1440 καὶ
2817 1389 2889 1458 μὴ
2927 1389 3177 1460 νηστείαν
3216 1389 3405 1458 λιμοῦ·
3445 1390 3644 1459 βέλτιον
3698 1393 3990 1461 νηστεῦσαι

2447 1471 2692 1541 νηστείαν
2719 1473 2951 1541 ἀγάπης,
2975 1474 3068 1526 καὶ
3100 1475 3173 1543 μὴ
3203 1470 3448 1542 νηστείαν
3484 1476 3741 1544 ἀνάγκης.
3772 1477 3992 1543 Λέγειιό

2449 1556 2636 1627 Σωτὴρ
2663 1558 2788 1626 περὶ
2813 1559 2919 1611 τῶν
2941 1559 3205 1628 δαιμόνων
3222 1575 3236 1590 ·
3274 1558 3342 1613 Τὸ
3369 1559 3537 1627 γένος
3564 1560 3735 1612 τοῦτο
3771 1563 3879 1614 οὐκ
3904 1563 4001 1615 ἐκ-

2450 1644 2774 1709 πορεύεται,
2823 1646 2876 1697 εί
2896 1643 2980 1712 μὴ
3005 1645 3075 1696 ἐν
3098 1644 3403 1713 προσευχῇ
3431 1646 3527 1698 καί
3557 1648 3819 1711 νηστείᾳ.
3856 1648 3992 1701 Δαί-

2449 1744 2610 1796 μονας
2641 1728 2926 1794 φυγαδεύει
2973 1728 3104 1798 εὐχὴ
3141 1730 3232 1781 καὶ
3276 1729 3512 1797 νηστεία,
3557 1730 3649 1781 καὶ
3687 1721 3993 1799 βαρὸάρους

2443 1813 2541 1864 οὐκ
2565 1812 2807 1874 ἐλαύνεις
2836 1813 2944 1866 Καὶ
2967 1813 3066 1882 ἤδη
3092 1809 3262 1878 εἷπον,
3288 1814 3380 1866 καὶ
3409 1813 3565 1865 πάλιν
3596 1813 3737 1880 λέγω
3755 1831 3768 1844 ο
3799 1815 3992 1883 [lapa-

2445 1897 2754 1967 καλέσωμεν
2793 1899 2886 1968 τὴν
2913 1899 3068 1964 ἁγίαν
3093 1898 3294 1961 ἔνδοξον
3328 1898 3594 1967 Παρθένον
3617 1900 3708 1950 καὶ
3735 1899 3996 1952 Θεοτόκον

2445 1982 2694 2050 Μαρίαν·
2732 1983 3190 2052 παρακαλέσωμεν
3221 1984 3344 2044 τοὺς
3395 1983 3576 2050 ἁγίους
3619 1984 3709 2036 καὶ
3748 1983 3994 2047 ἐνδόξους

2443 2066 2783 2129 ἀποστόλουςο
2824 2067 3282 2136 παρακαλέσωμεν
3315 2067 3437 2128 τοὺς
3460 2066 3641 2134 ἁγίους
3685 2068 3990 2138 μάρτυρας.

2457 2149 2579 2200 Ἐάν
2608 2167 2691 2212 τις
2729 2153 2786 2202 ἐν
2817 2151 3027 2221 ἀνάγκῃ
3077 2150 3348 2213 καταστὰς
3395 2149 3709 2219 προσδράμῃ
3739 2153 3842 2201 τινὶ
3880 2151 3993 2202 τῶν

2444 2234 2698 2298 δυνατῶν,
2743 2235 2803 2285 οὐ
2844 2235 3093 2304 προσέχει
3127 2233 3271 2303 αὐτῷ
3301 2233 3548 2302 γνησίως.
3585 2235 3694 2302 Πρὸ
3722 2235 3992 2304 ἀνάγκης,

2453 2317 2634 2384 φησὶν,
2666 2319 2762 2369 οῦκ
2790 2318 2933 2386 ᾔδεις
2979 2334 3042 2386 με
3083 2319 3307 2387 τιμῆσαι
3347 2319 3380 2387 ἢ
3411 2318 3753 2388 θεραπεῦσαι,
3787 2318 3902 2370 ἀλλ’
3933 2323 3994 2370 ἐν

2445 2403 2509 2470 τῇ
2540 2401 2766 2471 ἀνάγκη.
2809 2401 3135 2463 Ἀνύποπτος
3165 2402 3294 2471 τιμὴ
3333 2404 3366 2470 ἡ
3409 2403 3510 2464 ἐξω
3549 2403 3808 2470 ἀνάγκης.
3861 2405 3994 2456 Ἐὰν

2446 2486 2549 2553 πρὸ
2575 2487 2813 2554 ἀνάγκης
2833 2485 3168 2558 θεραπεύσῃς
3197 2487 3287 2538 τὸν
3312 2487 3583 2557 δικαστὴν.
3603 2489 3656 2539 ἐν
3678 2490 3738 2556 τῇ
3770 2487 3990 2560 ἀνάγκῃ

2447 2573 2692 2640 εὑρήσεις
2739 2571 3037 2641 σύμμαχον.
3085 2569 3204 2623 Οἵδε
3246 2574 3372 2642 γὰρ,
3421 2574 3499 2625 ὅτι
3541 2573 3636 2642 οὐχ
3675 2577 3706 2642 ὴ
3754 2574 3995 2643 ἀνάγκη,

2449 2656 2560 2708 ἀλλ’
2594 2658 2621 2709 ὁ
2650 2655 2806 2718 πόθος
2834 2674 2891 2708 σε
2923 2657 3117 2725 ἤγαγε.
3141 2656 3424 2726 Γενώμεθα
3459 2656 3550 2711 οὖν
3576 2659 3679 2710 τῶν
3702 2658 3996 2729 μαρτύρων

2449 2744 2523 2811 μὴ
2553 2745 2609 2795 ἐν
2632 2746 2695 2813 τῇ
2731 2744 2940 2816 ἀνάγκη
2966 2745 3125 2812 φίλόι,
3166 2745 3276 2797 ἀλλ’
3302 2749 3358 2797 ἐν
3395 2749 3458 2816 τῇ
3487 2747 3670 2816 ἀγάπῃ
3694 2786 3707 2798 .
3735 2747 3840 2816 Πρὸ
3874 2764 3997 2814 χει-

2450 2827 2641 2897 μῶνος,
2687 2828 2759 2890 ὼς
2808 2829 2863 2880 ἐν
2906 2831 3150 2899 χειμῶνι,
3200 2830 3518 2901 λυπηθῶμεν
3544 2870 3558 2892 ,
3593 2833 3676 2884 ἴνα
3715 2834 3770 2885 ἐν
3813 2832 3997 2902 καιρῷ

2445 2913 2702 2981 χειμῶνος
2728 2913 2787 2965 τὸ
2828 2913 2925 2982 ἔαρ
2962 2914 3226 2983 εὕρωμεν.
3273 2916 3454 2968 Ταῦτα
3497 2917 3722 2986 λέγομεν
3753 2916 3849 2968 οὐκ
3890 2917 3997 2970 αῦ-

2450 2997 2786 3062 θεντοῦντες,
2829 2999 2962 3055 ἀλλά
3012 3002 3438 3070 παρακαλοῦντες
3463 3019 3476 3032 ·
3527 3004 3586 3054 οὐ
3647 3002 4001 3070 νομοθετοῦν-

2449 3098 2566 3145 τες,
2600 3081 2732 3135 ἀλλὰ
2775 3083 3174 3147 δυσωποῦντες*
3219 3086 3523 3154 ἱκετεύομεν
3571 3086 3771 3148 πάντας
3798 3086 3996 3152 νῆψαι.

2464 3165 2664 3228 Ἱκανὸς
2690 3166 2745 3218 δέ
2779 3170 2808 3220 ό
2839 3167 2968 3230 Θεὸς
3014 3169 3150 3238 ὑπὲρ
3178 3171 3353 3221 πᾶσαν
3387 3169 3586 3230 πίστιν.
3635 3169 3770 3237 ὑπὲρ
3811 3169 4000 3220 πάντα

2455 3250 2627 3318 λόγον,
2650 3253 2740 3303 καὶ
2769 3254 2892 3315 τοὺς
2917 3254 3137 3323 ἐχθροὺς
3164 3256 3540 3322 καταισχῦναι,
3568 3253 3658 3304 καὶ
3683 3255 3778 3319 τὴν
3803 3255 3998 3304 οἰκου-

2460 3335 2622 3404 μένην
2663 3337 2899 3404 ὲλεῆσαι,
2932 3340 3024 3390 καὶ
3072 3339 3195 3399 τοὺς
3239 3337 3472 3406 βασιλεῖς
3497 3339 3739 3406 τιμῆσαι,
3770 3337 3861 3388 καὶ
3897 3338 4002 3406 τὴν

2459 3421 2723 3489 βασιλείαν
2748 3422 2958 3489 στῆσαι,
2988 3422 3080 3475 καὶ
3109 3424 3207 3491 τὴν
3240 3422 3399 3476 αὐτοῦ
3419 3421 3571 3485 δόξαν
3596 3421 3903 3492 φαιδρῦναι.
3940 3426 4003 3475 ἐν

2454 3505 2668 3575 Χριστῷ
2702 3504 2873 3573 Ἰησοῦ
2917 3505 2993 3574 τῷ
3044 3507 3230 3576 Κυρίῳ
3258 3507 3428 3576 ήμῶν,
3456 3501 3499 3574 ᾧ
3529 3509 3564 3576 ἠ
3594 3507 3718 3572 δόξα
3752 3508 3829 3568 είς
3866 3508 4005 3570 τοὺς

2453 3589 2672 3651 αἰῶνας.
2714 3591 2769 3640 ’Δ
2777 3591 2897 3658 μήν.

810 3838 1381 3870 πέρ-...κήξ

1835 3843 2886 3857 ———_————————.—.——————.————-—__
2898 3843 3978 3857 ——_-—-———_———-———————

2668 3859 3461 3871 —.—-——-—-———.—I——
3491 3860 3979 3873 ——_*

2223 4073 2592 4134 MONITUM

877 4273 1025 4329 llanc
1081 4275 1352 4328 homiliain
1399 4290 1464 4328 ex
1512 4274 1645 4328 Cod.
1705 4274 1869 4344 Regio
1911 4275 2049 4328 2447
2095 4275 2416 4343 exscriptam
2465 4277 2612 4346 prior
2643 4278 2810 4333 edidit
2859 4276 3157 4334 Cotelerius
3197 4277 3366 4334 Tomo
3408 4282 3440 4336 5
3487 4279 3816 4333 Monument.
3853 4277 4012 4335 Eccl.

803 4384 859 4437 p.
915 4363 1172 4428 121-157,
1223 4362 1472 4432 illamque
1525 4365 1905 4434 Chrysostomo
1949 4380 2189 4418 asserere
2217 4375 2442 4419 conatur
2494 4367 2544 4420 in
2601 4368 2763 4432 notis,
2816 4383 2870 4438 p.
2907 4369 3027 4431 558,
3060 4369 3144 4422 his
3174 4370 3345 4423 verbis
3386 4388 3398 4422 :
3447 4388 3464 4418 ι
3493 4369 3796 4423 Orationem
3836 4368 4010 4432 hanc,

805 4457 1117 4524 genuinum,
1152 4467 1210 4508 ut
1239 4455 1465 4520 videtur,
1495 4455 1687 4510 summi
1718 4456 1949 4510 doctoris
1973 4471 2127 4524 opus,
2157 4457 2357 4524 prolem
2389 4475 2581 4530 magno
2620 4476 2730 4514 non
2755 4461 2913 4528 plane
2941 4459 3279 4513 inliciendam
3318 4460 3546 4529 parenti,
3577 4459 3811 4512 habitam
3831 4458 4012 4513 fuisse

802 4544 1104 4600 Antiochiae
1144 4545 1272 4599 illud
1311 4546 1562 4610 ostendit,
1593 4547 1733 4616 quod
1782 4548 1846 4601 ad
1888 4547 2068 4610 ﬁnem,
2097 4556 2256 4615 prout
2295 4550 2447 4613 solet,
2497 4551 2562 4604 de
2588 4551 2858 4604 communi
2889 4559 3039 4619 patre
3071 4565 3166 4604 seu
3209 4551 3461 4617 episcopo
3510 4548 3762 4616 loquitur,
3805 4563 4013 4619 nempe

803 4635 1078 4689 Flaviano.
1103 4635 1392 4704 Exceptam
1416 4637 1593 4704 potius
1621 4635 1938 4690 crediderim
1973 4653 2036 4690 ex
2066 4651 2159 4691 ore
2181 4639 2496 4705 perorantis,
2533 4653 2692 4706 quam
2731 4654 2762 4692 a
2801 4654 2961 4692 manu
2993 4640 3363 4707 componentis
3395 4637 3716 4706 profectam;
3756 4637 3851 4690 nisi
3886 4640 4014 4707 quis

803 4724 1178 4791 interpolatam
1225 4725 1393 4778 malit.
1433 4743 1451 4774 ι
1507 4725 1641 4789 Quia
1687 4740 1813 4778 vero
1856 4741 1962 4778 non
1995 4741 2182 4794 parum
2209 4726 2464 4780 momenti
2493 4727 2738 4780 conferre
2779 4743 2938 4796 posse
2966 4728 3178 4782 videtur
3209 4728 3275 4781 ad
3328 4727 3709 4795 explorandum
3735 4735 3788 4779 et
3822 4726 4013 4782 locum

803 4823 861 4868 et
887 4822 1098 4883 tempus
1131 4830 1237 4882 quo
1259 4815 1439 4868 habita
1469 4816 1656 4869 concio
1677 4816 1795 4880 fuit,
1824 4818 1874 4870 id
1903 4817 2044 4886 quod
2074 4833 2300 4871 numero
2337 4818 2368 4871 6
2392 4818 2458 4871 de
2483 4818 2690 4872 duabus
2715 4819 3101 4886 posterioribus
3131 4817 3352 4873 Joannis
3387 4817 3634 4886 Epistolis
3663 4817 3881 4877 dicitur.
3925 4817 4017 4871 hic

803 4914 985 4960 notam
1015 4906 1262 4961 Cotelerii
1307 4909 1360 4960 in
1413 4907 1589 4961 locum
1618 4909 1764 4962 illum
1808 4910 2039 4977 adjicere
2080 4910 2252 4964 visum
2291 4920 2392 4965 est.

2379 4949 2392 4962 .
2453 4929 2472 4960 ι
2503 4911 2624 4963 Τῶν
2645 4911 2701 4962 δὲ
2724 4911 3246 4980 ἐκκλησιαζομένων.
3295 4914 3427 4966 Nota
3470 4911 3749 4980 diligenter
3792 4912 4015 4983 insigne

804 4999 1200 5065 testimonium;
1228 5010 1286 5054 ut
1312 5010 1582 5069 quaeratur
1609 5018 1677 5056 an
1711 5011 1765 5056 et
1793 5019 1899 5072 quo
1941 5004 2101 5058 modo
2135 5004 2191 5057 in
2217 5005 2381 5058 variis
2401 5005 2554 5060 Joan.
2595 5005 2957 5075 Chrysos-tomi
3000 5007 3252 5074 operibus
3282 4989 3516 5062 citentur
3542 5005 3791 5074 Epistolas
3818 5016 4017 5073 poste.

805 5091 977 5145 riores
999 5090 1239 5155 Joannis,
1269 5108 1402 5161 quas
1432 5095 1500 5148 ab
1524 5095 1755 5163 antiquis
1783 5096 1835 5149 in
1860 5111 2065 5151 canone
2088 5095 2484 5166 Scripturarum
2512 5100 2712 5165 positas
2742 5113 2848 5150 non
2880 5099 3062 5161 fuisse,
3117 5114 3220 5154 nec
3247 5099 3438 5154 Joanni
3480 5100 3720 5168 apostolo
3754 5097 4013 5160 tributas,

804 5179 958 5234 testis
1001 5187 1083 5234 est
1116 5181 1350 5250 locuples
1376 5183 1640 5239 Eusebius
1673 5185 1708 5237 l.
1738 5186 1791 5248 5,
1837 5201 1956 5254 cap.
1987 5187 2075 5251 25,
2105 5202 2168 5240 ac
2198 5197 2318 5256 post
2344 5202 2469 5243 eum
2507 5188 2861 5256 Hieronymus
2893 5187 2945 5239 in
2969 5185 3240 5254 Catalogo,
3267 5196 3322 5243 et
3348 5187 3715 5242 OEeumenius
3751 5187 3807 5239 in
3837 5183 4018 5239 Com-

803 5269 1105 5323 mentariis.
1132 5270 1436 5335 Quinetiam
1461 5266 1694 5344 viguisse
1731 5289 1850 5328 eam
1891 5278 2308 5330 controversiam
2341 5278 2482 5331 circa
2521 5287 2761 5346 tempora
2806 5277 3027 5330 Joannis
3071 5279 3242 5332 nostri
3283 5277 3610 5347 signiﬁcatur
3650 5292 3746 5344 per
3773 5277 4018 5345 Amphi-

802 5359 1040 5414 lochium
1075 5361 1130 5415 in
1159 5363 1352 5418 lambis
1390 5364 1456 5417 ad
1499 5363 1803 5432 Seleucum,
1846 5383 2050 5437 perque
2082 5368 2512 5440 Topographiam
2557 5369 2937 5435 Christianam,
2969 5384 3127 5438 quam
3159 5369 3288 5423 citat
3335 5368 3557 5422 Allatius
3607 5367 3825 5422 Dissert.
3885 5369 3911 5421 1
3949 5367 4018 5422 de

801 5448 955 5503 libris
982 5451 1362 5507 ecclesiasticis
1387 5452 1714 5510 Graecorum.
1747 5476 1764 5508 ›

872 5539 1010 5596 Tres
1042 5541 1294 5611 Epistola
1339 5553 1545 5599 tantum
1588 5547 1865 5604 catholicae
1908 5560 2397 5606 commemorantur
2425 5567 2584 5620 supra
2617 5550 2668 5605 in
2707 5549 2933 5619 Synepsi
2973 5547 3358 5619 Chrysostomi,
3401 5561 3594 5616 nempe
3622 5545 3832 5608 Jacobi,
3865 5545 4014 5601 Petri
