4110 6318
281 332 403 387 409

252 442 572 496 administer
598 439 733 493 illius
754 438 997 493 facinoris
1024 445 1181 499 esset,
1206 449 1390 490 somno
1420 434 1623 490 hostem
1662 434 1807 489 illum

255 532 500 586 devinxit
526 548 540 584 :
566 538 619 583 et
642 529 852 591 mulier,
876 529 1067 597 paxillo
1092 536 1299 594 arrepto
1336 535 1385 579 et
1416 525 1624 589 malleo,
1640 524 1813 594 adegit

258 636 362 689 per
406 629 637 687 tempora
677 620 781 671 ictu
828 629 930 671 tam
973 617 1125 679 forti,
1157 625 1211 669 ut
1241 617 1394 669 etiam
1428 625 1617 669 terram
1648 628 1809 682 peuc-

259 717 429 762 trarct
458 724 469 758 :
499 716 552 762 et
580 707 653 761 sic
678 707 887 776 quidem
930 706 1015 759 ille
1061 706 1192 757 intra
1225 704 1383 772 pedes
1415 703 1645 758 mulieris
1671 719 1810 757 mor-

261 808 389 852 tuus
410 806 506 852 est.

336 889 389 940 7.
428 886 542 940 Non
586 886 775 940 desunt
818 886 922 938 Deo
962 884 1282 944 occasiones,
1310 890 1507 936 etcum
1539 881 1649 949 ipse
1676 880 1804 944 vult,

262 975 396 1031 nihil
440 976 599 1029 refert
646 990 740 1028 nos
788 974 943 1027 etiam
988 975 1248 1025 sociorum
1301 972 1505 1026 auxiliis
1552 971 1804 1026 destitui:

263 1063 361 1117 Dei
408 1078 570 1124 arma,
617 1063 709 1115 Dei
744 1063 907 1120 miles.
940 1062 1027 1113 Dei
1082 1061 1264 1121 virtus,
1320 1062 1462 1113 solus
1511 1069 1665 1115 nutus
1716 1061 1808 1113 Dei

257 1152 439 1203 omnia
469 1160 702 1219 possunt.
728 1150 835 1203 Hoc
855 1150 1059 1202 Christo
1088 1149 1321 1200 dicamus
1347 1165 1358 1199 :
1384 1148 1475 1201 Dic
1497 1136 1731 1208 verbum,
1756 1154 1809 1199 et.

262 1240 444 1292 hostes
473 1240 541 1291 tui
562 1238 954 1306 dissipabuntur
982 1254 992 1287 :
1022 1236 1105 1289 die
1142 1238 1378 1297 verbum,
1411 1244 1462 1288 et
1507 1236 1806 1288 misericor-

256 1328 350 1381 dia
401 1330 660 1383 civitatem
696 1336 834 1381 tuam
886 1328 1077 1381 aflicics
1112 1345 1122 1377 :
1156 1327 1239 1379 die
1285 1326 1520 1389 verbum,
1551 1335 1602 1379 et
1632 1324 1804 1377 mundi

262 1420 344 1471 tui
387 1418 739 1473 misereberis.
772 1418 1011 1469 Dicamus
1057 1416 1163 1478 illi,
1200 1415 1327 1466 Ecce
1353 1416 1510 1466 hostes
1536 1414 1605 1465 tui
1631 1429 1807 1466 sonue-

258 1517 403 1569 runt,
426 1521 472 1559 et
496 1508 578 1575 qui
601 1516 645 1558 te
664 1506 889 1568 oderunt,
922 1506 1218 1557 sustulerunt
1240 1514 1385 1571 caput
1419 1502 1583 1574 (Psal.
1617 1502 1702 1557 8‘2.
1726 1501 1801 1570 '5).

264 1596 424 1648 \‘isne
451 1596 662 1649 alterius
704 1595 935 1648 ediscere
963 1593 1194 1645 mulieris
1222 1602 1553 1660 stratagema,
1579 1592 1713 1659 quod
1754 1601 1807 1645 ct

260 1687 434 1752 ipsum
476 1685 650 1738 divina
694 1688 959 1738 voluntate
1005 1691 1358 1751 perpetratum
1385 1684 1494 1735 est?
1522 1682 1646 1735 Erat
1671 1682 1803 1735 alius

256 1775 540 1841 quispiam,
571 1774 782 1827 nomine
805 1771 1129 1834 Abimelech,
1160 1772 1245 1839 qui
1279 1770 1566 1825 interfectis
1596 1781 1804 1835 septua-

254 1866 404 1929 ginta
432 1864 691 1927 fratribus,
716 1871 925 1930 totoque
979 1863 1166 1929 populo
1196 1876 1287 1929 per
1322 1861 1419 1913 hoc
1464 1860 1801 1913 fratricidinm

258 1954 311 2003 in
355 1966 499 2003 suam
541 1960 848 2020 potestatem
886 1951 1125 2013 redacto,
1166 1950 1435 2017 oppidum,
1463 1949 1682 2002 admotis
1712 1963 1803 2002 co-

256 2042 380 2105 piis,
406 2057 705 2110 oppugnare
724 2042 879 2108 cmpit
901 2039 1097 2108 (Jndic.
1125 2035 1177 2105 9)
1209 2057 1220 2091 :
1250 2048 1303 2091 et
1322 2038 1566 2093 omnibus
1591 2038 1653 2091 ad
1679 2039 1801 2091 belli

254 2130 445 2181 faciem
482 2131 713 2181 attonitis
739 2138 790 2182 et
811 2128 1132 2196 stupefactis,
1164 2128 1300 2180 Deus
1348 2127 1533 2180 iterum
1566 2127 1802 2180 mulieris

252 2234 469 2271 manum
492 2220 771 2281 roboravit,
805 2233 1022 2285 eamque
1057 2233 1085 2270 e
1116 2217 1371 2270 moenibus
1400 2216 1625 2283 conspici
1652 2232 1801 2270 cura-

250 2308 351 2371 \it,
378 2322 495 2374 qua:
520 2305 606 2359 ubi
638 2307 855 2359 frustum
876 2306 940 2359 de
966 2305 1135 2375 lapide
1163 2305 1345 2358 molari
1380 2305 1717 2372 arripuisset,
1748 2306 1797 2357 in

249 2405 411 2463 caput
439 2396 642 2465 tyranui
672 2396 903 2462 projecit,
934 2403 1186 2461 caputque
1210 2393 1469 2445 contrivit.
1494 2392 1594 2447 Sed
1620 2393 1799 2446 obser-

250 2498 316 2533 va
350 2482 608 2550 ingentem
642 2483 850 2549 superbi
881 2482 1015 2533 illius
1052 2481 1332 2548 nequitiam
1353 2496 1468 2533 eum
1511 2481 1622 2548 ipso
1651 2494 1795 2533 com‘

249 2570 582 2624 morientem.
633 2570 763 2623 Dicit
789 2570 997 2623 satelliti
1028 2568 1286 2632 adstanti,
1339 2568 1536 2638 Stringe
1574 2568 1796 2638 gladium

249 2672 411 2722 tuum,
445 2670 591 2714 etme
626 2670 839 2729 percute,
879 2676 938 2712 ne
968 2659 1151 2721 dicant,
1203 2660 1384 2711 Mulier
1422 2660 1583 2728 ipsum
1616 2660 1797 2712 occidit

246 2751 413 2803 (Ibid.
439 2766 483 2803 υ.
511 2753 583 2819 4).
611 2752 810 2819 Corpus
846 2751 1167 2803 moriebatur
1193 2790 1205 2811 ,
1238 2749 1478 2817 superbia
1505 2750 1746 2803 manebat
1776 2765 1789 2801 :

244 2842 410 2894 vitam
452 2841 540 2894 ille
594 2841 799 2907 quidem
843 2856 959 2894 cum
1006 2848 1173 2894 morte
1212 2840 1609 2906 commutabat,
1647 2855 1793 2895 vana:

244 2930 428 2995 gloria:
479 2928 707 2983 studium
755 2944 854 2981 non
910 2930 1279 2982 commutabat.
1332 2930 1394 2982 Et
1438 2928 1645 2999 quidem
1695 2928 1792 2981 hac

244 3025 402 3069 :rtate
450 3032 551 3069 non
592 3016 739 3070 deest
766 3018 868 3069 Deo
893 3018 1115 3079 Debora,
1166 3030 1269 3072 non
1309 3017 1458 3070 deest
1514 3018 1621 3070 Deo
1654 3016 1787 3070 Jael.

246 3105 507 3157 llabemus
532 3113 585 3159 et
614 3121 709 3158 nos
736 3116 966 3158 sanctam
988 3104 1256 3174 Virginem
1277 3120 1337 3159 ac
1365 3106 1455 3160 Dei
1486 3107 1788 3175 genitricem

241 3194 457 3246 Mariam
482 3235 493 3253 ,
520 3209 635 3261 qua:
664 3209 757 3260 pro
784 3194 933 3247 nobis
965 3193 1257 3249 intercedit.
1289 3194 1343 3249 Si
1369 3196 1508 3249 enim
1537 3197 1731 3263 qumvis
1760 3212 1788 3249 e

240 3285 397 3351 vulgo
420 3285 606 3337 mulier
631 3285 898 3337 victoriam
925 3285 1148 3337 obtinuit
1172 3325 1186 3349 ,
1219 3294 1411 3352 quanto
1446 3288 1608 3353 magis
1633 3285 1788 3339 Chri-

236 3373 306 3424 sti
340 3382 505 3425 mater
538 3372 712 3426 hostes
737 3373 967 3426 veritatis
992 3371 1296 3426 confundit?
1328 3373 1503 3427 Hostis
1530 3374 1614 3427 ille
1644 3374 1787 3427 omni

236 3475 508 3513 armorum
558 3476 747 3530 genere
796 3462 1099 3524 instructus,
1123 3463 1321 3529 putavit
1368 3463 1641 3517 mulierem
1669 3476 1787 3517 esse

235 3549 349 3600 risu
372 3548 602 3616 dignam,
635 3557 688 3601 et
711 3550 906 3602 invenit
948 3550 1132 3603 ducem
1162 3559 1469 3603 certantem.
1500 3550 1613 3605 Non
1636 3559 1788 3618 puta-

231 3638 313 3689 vit
341 3652 399 3690 se
430 3652 590 3707 pr0pe
614 3640 912 3706 sepulcrum
949 3653 1065 3694 esse
1088 3679 1103 3704 ,
1132 3650 1183 3694 et
1214 3641 1479 3695 inventum
1507 3651 1586 3696 est
1608 3642 1677 3694 illi
1708 3656 1782 3696 sc-

1693 320 2013 379 MONITUM.

3376 344 3487 397 410

1917 444 2154 505 pulcrum
2187 454 2199 491 ι
2227 449 2484 492 mortuam
2516 440 2653 493 illam
2686 441 3050 505 existimabat,
3080 452 3131 495 et
3159 444 3224 497 ab
3249 445 3356 510 ipsa
3390 446 3467 498 in-

1919 526 2159 580 terfectus
2188 536 2287 580 est.
2323 527 2581 581 Habemus
2626 529 2899 581 Dominam
2955 541 3187 584 nostram
3235 544 3465 587 sanctam

1915 611 2127 666 Mariam
2147 614 2422 681 Deiparam
2456 632 2468 667 :
2497 616 2661 668 sedet
2686 618 3036 683 apostolorum
3071 621 3313 686 precibus
3334 637 3464 687 Opus

1914 709 2011 753 est.
2048 702 2285 756 Dicamus
2313 713 2365 755 et
2394 716 2489 756 nos
2529 704 2709 763 Paulo,
2736 706 3171 773 quemadmodum
3216 719 3268 761 ct
3310 712 3462 778 prisci

1915 790 1989 843 illi
2022 809 2032 843 :
2068 792 2188 844 Cum
2208 793 2258 845 in
2281 792 2623 845 Macedoniam
2655 798 2995 863 pertransieris
3022 837 3034 859 ,
3061 800 3197 850 nobis
3225 800 3474 851 auxitiare

1915 882 2161 945 (Act.16.
2205 881 2278 952 9).
2333 883 2592 937 Habemus
2644 888 2925 952 apostolos,
2978 902 3043 941 ne
3086 897 3460 955 torpescamus.

1914 967 2193 1027 Habemus.
2223 971 2451 1040 inquam,
2480 972 2740 1025 dominam
2762 983 2988 1027 nostram
3010 985 3242 1028 sanctam
3271 978 3458 1043 Deipa-

1913 1072 2042 1121 ram,
2071 1068 2124 1112 et
2143 1074 2349 1129 semper
2373 1059 2633 1129 Virginem
2660 1062 2892 1126 Mariam,
2922 1080 2985 1115 ue
3011 1065 3329 1132 pigritemur.
3364 1067 3457 1117 lla-

1914 1148 2094 1201 benins
2122 1148 2338 1201 chorum
2362 1162 2669 1219 martyrum,
2702 1166 2766 1205 ne
2804 1152 3013 1205 desides
3059 1155 3239 1208 simus.
3283 1154 3460 1222 Neque

1911 1250 2034 1289 vero
2062 1245 2258 1289 tantum
2289 1252 2590 1304 precemur,
2625 1240 2737 1301 sed,
2762 1241 2802 1291 si
2828 1240 3050 1304 videtur,
3082 1241 3236 1293 etiam
3260 1242 3458 1308 jt-june~

1912 1339 2044 1376 mus.
2088 1326 2258 1379 Satius
2310 1336 2392 1380 est
2428 1326 2663 1395 jejunare
2705 1329 2957 1396 jejunium
3009 1331 3271 1395 desiderii,
3304 1347 3456 1399 quam

1911 1413 2059 1468 famis
2092 1432 2104 1465 :
2136 1415 2317 1477 satius,
2349 1415 2601 1482 jejunium
2631 1417 2921 1469 dilectionis
2944 1459 2958 1480 ,
2992 1435 3142 1484 quam
3178 1411 3461 1473 necessita-

1912 1502 1994 1554 tis.
2027 1502 2271 1556 Servator
2290 1503 2354 1557 de
2378 1505 2699 1557 dmmonibus
2725 1507 2795 1557 ait
2822 1524 2832 1555 :
2867 1506 3028 1558 Genus
3064 1508 3153 1558 hoc
3183 1525 3279 1559 non
3311 1510 3452 1578 ejici-

1910 1603 1989 1645 tur
2013 1594 2107 1646 nisi
2125 1594 2175 1646 in
2204 1594 2422 1646 oratione
2436 1604 2480 1646 et
2498 1595 2692 1661 jejunio
2720 1595 2925 1663 (Matth.
2956 1598 3041 1648 i7.
3071 1595 3182 1665 ‘20).
3208 1598 3384 1650 Oratio
3404 1608 3453 1650 et

1902 1680 2153 1750 jejunium
2178 1681 2442 1736 daemones
2469 1682 2706 1750 profligat
2734 1701 2744 1734 :
2779 1694 2830 1736 et
2859 1683 3112 1737 barbaros
3142 1701 3242 1736 non
3278 1685 3452 1752 profli-

1907 1768 2084 1835 gabit?
2108 1769 2255 1835 Quod
2276 1778 2396 1823 ante
2420 1770 2523 1823 dixi
2551 1785 2730 1824 rursus
2770 1771 2887 1824 dico
2911 1787 2922 1822 :
2955 1786 3197 1839 rogemus
3224 1782 3453 1826 sanctam

1905 1857 2184 1925 gloriosam
2208 1858 2468 1927 Virginem
2516 1867 2568 1911 et
2614 1859 2884 1926 Deiparam
2936 1860 3184 1912 Mariam:
3213 1876 3453 1929 rogemus

1906 1956 2112 2001 sanctos
2164 1957 2215 2003 et
2256 1948 2534 2016 prtcclaros
2593 1950 2855 2016 apostolos
2901 1966 2912 2000 :
2960 1964 3201 2018 rogemus
3246 1960 3452 2004 sanctos

1906 2046 2180 2106 martyres.
2210 2038 2262 2091 Si
2292 2038 2406 2105 quis
2435 2038 2743 2091 necessitate
2770 2037 2989 2103 quadam
3017 2038 3247 2100 adactus,
3281 2040 3451 2091 subito

1907 2126 1971 2179 ad
2020 2127 2243 2195 aliquem
2295 2128 2639 2195 potentiorem
2669 2125 2952 2193 confugiat,
3005 2127 3047 2179 is
3097 2142 3195 2179 non
3230 2128 3451 2180 libenter

1904 2217 2072 2285 ipsum
2124 2216 2331 2283 excipit.
2374 2218 2508 2269 Ante
2538 2219 2929 2280 necessitatem,
2958 2218 3154 2285 inquit,
3186 2218 3449 2271 nesciebas

1904 2308 2029 2361 mihi
2085 2308 2335 2360 honorem
2383 2316 2434 2358 et
2459 2306 2652 2357 cultum
2703 2316 2971 2372 praestare,
3005 2307 3092 2359 sed
3144 2309 3449 2361 necessitate

1902 2398 2200 2466 compulsus
2227 2398 2275 2450 id
2308 2399 2435 2463 agis.
2470 2398 2625 2449 Extra
2670 2398 3028 2450 necessitatem
3054 2397 3220 2450 honor
3250 2399 3335 2451 ille
3362 2414 3449 2451 su.

1901 2497 2110 2554 Spectus
2140 2500 2238 2538 non
2266 2494 2362 2539 est.
2395 2485 2447 2538 Si
2488 2494 2605 2538 ante
2638 2487 3000 2538 necessitatem
3034 2486 3253 2550 iudicem
3283 2488 3446 2551 colas,

1902 2578 1951 2628 in
1984 2576 2293 2629 necessitate
2326 2575 2613 2643 adjutorem
2644 2576 2891 2641 reperies.
2923 2575 3232 2628 Not‘itettim
3266 2587 3313 2629 te
3346 2594 3447 2630 non

1901 2666 2227 2729 necessitate,
2258 2664 2350 2717 sed
2397 2680 2573 2716 amore
2617 2665 2715 2731 agi.
2762 2665 2936 2717 Simus
2969 2664 3139 2731 itaque
3162 2674 3446 2735 martyrum

1898 2755 2071 2819 amici,
2103 2770 2202 2806 non
2259 2770 2322 2808 ex
2368 2756 2696 2817 necessitate,
2743 2754 2833 2807 sed
2883 2770 2946 2807 ex
2987 2755 3263 2809 dilectione
3291 2766 3449 2810 :anto

1900 2851 2276 2911 tempestatem,
2309 2855 2362 2897 ut
2416 2846 2807 2912 tempestatibus
2850 2845 3026 2898 afflicti
3071 2846 3357 2909 doleamus,
3392 2856 3449 2900 ut

1900 2936 1947 2988 in
1979 2943 2280 3002 tempestate
2307 2951 2395 2989 ver
2417 2936 2758 2987 inveniamus.
2792 2936 2916 2988 Hmc
2945 2936 3186 2994 dicimus.
3211 2952 3313 2990 non
3345 2938 3446 2989 im-

1898 3032 2173 3091 perantes,
2219 3023 2309 3075 sed
2354 3022 2653 3085 hortantes;
2710 3038 2812 3074 non
2849 3023 3016 3090 legem
3064 3022 3317 3084 ferentes,
3352 3025 3443 3077 sed

1896 3114 2227 3167 obsecrantes
2271 3129 2282 3162 :
2334 3126 2604 3178 precamur
2635 3120 2686 3161 nt
2716 3125 2897 3164 omnes
2928 3112 3099 3164 sobrie
3122 3113 3311 3164 vivant.
3343 3112 3444 3164 l’o-

1897 3214 1996 3256 test
2017 3212 2188 3256 autem
2225 3203 2379 3265 Deus,
2415 3209 2602 3268 prmtcr
2643 3201 2812 3263 fidem,
2848 3210 3034 3267 prteter
3075 3202 3328 3253 rationem
3358 3201 3445 3253 bo-

1895 3301 2000 3346 stes
2031 3291 2307 3359 ignominia
2347 3290 2574 3353 afﬁcere,
2603 3290 2743 3342 orbis
2782 3290 3014 3342 misereri
3048 3330 3061 3352 ,
3095 3290 3439 3356 imperatores

1896 3383 2092 3435 honore
2121 3382 2351 3442 afficere,
2386 3381 2656 3447 imperium
2686 3380 2913 3442 ﬁrmare,
2937 3395 3188 3445 suamque
3224 3380 3443 3447 gloriam

1895 3474 2152 3526 illustrare
2175 3473 2224 3524 in
2247 3470 2454 3524 Christo
2475 3470 2595 3523 .lcsu
2628 3469 2844 3522 Domino
2866 3477 3063 3532 nostro,
3089 3470 3169 3521 cui
3196 3468 3359 3537 gloria
3384 3468 3436 3522 in

1892 3560 2100 3614 sarcula.
2128 3560 2313 3612 Amen.

272 3838 3421 3888 Μ

1292 4076 1371 4135 ΙΝ
1432 4077 1834 4140 HOMILIAM
1894 4080 2382 4153 SEQUENTEM.

237 4282 438 4352 prima,
472 4291 524 4335 et
552 4280 783 4373 Joannis
802 4282 930 4335 item
964 4282 1155 4373 prima,
1187 4298 1303 4351 qua:
1337 4292 1452 4373 erat
1476 4284 1656 4373 Opinio
1703 4285 1953 4354 Syrorum
1982 4299 2035 4342 et
2063 4290 2311 4345 Ecclesiae
2338 4292 2703 4360 Antiochense,
2752 4299 2800 4351 id
2853 4301 2990 4366 quod
3038 4302 3234 4356 ibidem
3266 4306 3431 4373 pluri-

240 4374 347 4424 bus
375 4369 928 4423 commonstravimns.
982 4368 1107 4422 Inde
1134 4385 1261 4423 vero
1294 4372 1547 4424 asseritur
1588 4372 1723 4426 hanc
1755 4374 2043 4438 bomiliam,
2077 4378 2119 4430 si
2168 4394 2274 4430 non
2318 4378 2702 4449 Chrysostomi.
2760 4387 2909 4454 cujus
2962 4404 3155 4443 nomen
3196 4368 3427 4459 praefert,

236 4460 468 4528 alicujus
501 4468 647 4513 certe
678 4475 739 4513 ex
777 4460 1114 4529 presbyteris,
1168 4460 1335 4527 ipsius
1381 4462 1665 4525 sodalibus,
1698 4478 1848 4526 esse;
1897 4466 1945 4519 id
1975 4467 2133 4519 etiam
2176 4468 2297 4521 inde
2327 4471 2599 4537 probatur,
2632 4476 2771 4541 quod
2800 4478 3168 4533 admirandum
3199 4494 3423 4551 patrem,

239 4552 295 4605 id
332 4559 413 4603 est
446 4552 751 4618 episcopum
786 4551 1116 4613 Flavianum,
1158 4552 1306 4619 quasi
1333 4563 1646 4620 praesentem
1695 4557 2040 4612 eoncionator
2062 4573 2447 4617 commemoret.
2475 4574 2527 4617 et
2558 4577 2741 4621 contra
2772 4572 3057 4626 Anomceos
3088 4587 3303 4645 pugnet,
3336 4583 3425 4648 qui

237 4637 695 4707 tum-frequentes
745 4649 898 4694 erant
925 4640 1240 4693 Antiochia).
1290 4640 1651 4709 Chrysostomi
1707 4654 1852 4699 certe
1900 4662 2005 4699 non
2035 4663 2152 4701 esse
2197 4651 2369 4718 arguit
2415 4654 2718 4708 omnimoda
2764 4660 2881 4726 styli
2932 4637 3230 4727 diversitas,
3283 4637 3429 4723 tanta

236 4733 447 4785 scilicet
470 4741 722 4799 quantam
750 4734 835 4786 vix
869 4734 993 4786 alibi
1045 4748 1296 4801 umquam
1329 4734 1716 4802 deprehendas.
1764 4738 1940 4793 lnnuit
1982 4739 2372 4805 Tillemontius,
2423 4761 2579 4813 posse
2626 4748 2901 4805 Severiani
2932 4768 3069 4818 esse,
3116 4759 3206 4823 qui
3251 4775 3429 4815 coram

233 4825 623 4891 Chrysostomo
668 4826 1070 4893 archiepiscopo
1112 4825 1719 4896 Constantinopolitano,
1757 4839 1880 4885 tunc
1925 4834 2223 4903 episcopus,
2270 4838 2709 4905 coneionaretur;
2760 4846 2853 4897 sed
2896 4862 3001 4899 non
3054 4850 3428 4907 animadvertit

233 4915 615 4967 'l'illemontius
652 4915 763 4968 hac
796 4916 847 4968 in
874 4908 1113 4971 Ecclesia
1147 4920 1374 4985 quadam
1403 4921 1540 4973 dicta
1578 4922 1757 4987 fuisse,
1802 4926 1888 4979 ubi
1913 4925 2135 4980 Joannis
2166 4931 2398 4985 secunda
2439 4943 2491 4985 et
2524 4937 2678 4987 tertia
2709 4938 2938 5004 Epistola
2966 4942 3103 4994 inter
3139 4946 3427 5001 canonicos

233 5001 406 5101 libros
434 5018 541 5101 non
577 5002 1012 5101 admittebantur,
1036 5004 1085 5056 id
1109 5006 1248 5071 quod
1272 5007 1336 5058 de
1367 5007 1698 5061 Antiochena
1723 5011 1956 5067 Ecclesia
1988 5030 2189 5080 verum,
2216 5027 2418 5071 certum
2443 5001 2881 5091 exploratumque
2917 5039 3018 5093 est,
3058 5042 3113 5085 nt
3149 5034 3258 5101 jam
3293 5038 3429 5091 vidi-

231 5106 357 5144 mus
394 5093 449 5145 in
479 5093 714 5146 Diatriba
735 5093 798 5186 in
824 5092 1086 5162 Synopsin
1115 5111 1307 5164 supra;
1339 5097 1404 5150 de
1434 5097 2022 5186 Constantinopolitana
2061 5122 2186 5159 vero
2227 5106 2459 5163 Ecclesia
2491 5128 2669 5177 nemo,
2709 5119 2847 5183 quod
2892 5092 3075 5186 sciam,
3110 5092 3259 5177 dixit.
3292 5126 3425 5183 Hinc

231 5198 395 5273 porro
421 5193 627 5273 certum
660 5185 869 5238 videtur
908 5186 1047 5238 hanc
1075 5187 1345 5240 homiliam
1393 5190 1686 5244 Antiochia:
1729 5184 1981 5248 Flaviano
2024 5196 2275 5266 episcopo
2322 5214 2581 5268 prazsente
2638 5211 3035 5273 pronuntiatam
3064 5184 3256 5269 fuisse,
3315 5217 3425 5271 sub

227 5272 391 5325 tinem
417 5272 646 5325 homiliaa
676 5272 759 5326 hic
787 5273 1027 5340 q“isquis
1066 5274 1134 5326 sit
1171 5276 1515 5330 concionator
1556 5294 1671 5333 sese
1702 5295 1942 5351 purgata
1985 5288 2301 5352 quibusdam
2334 5292 2429 5345 sibi
2470 5272 2710 5362 objectis.
2740 5298 2870 5352 Cum
2903 5304 3043 5355 enim
3085 5307 3257 5379 aliqua
3297 5323 3424 5359 con-

225 5362 495 5417 cionando
526 5364 751 5418 dixisset
803 5366 869 5417 ab
899 5365 1233 5419 auditoribus
1263 5368 1398 5420 male
1445 5381 1684 5438 excepta,
1716 5373 1840 5427 hinc
1885 5386 2067 5429 exorto
2114 5395 2345 5443 rumore,
2386 5383 2437 5436 in
2475 5388 2717 5452 sequenti
2762 5392 3019 5445 concione
3060 5362 3264 5452 obje'cta
3319 5395 3419 5451 sibi

224 5451 459 5524 άοΡυῙῘῐν
494 5461 549 5507 et
574 5468 632 5508 se
655 5453 834 5507 omnia
857 5463 1103 5507 accurate
1138 5457 1430 5509 secundum
1455 5458 1782 5513 Catholicam
1813 5463 1966 5517 fidem
1996 5465 2190 5522 dixisse
2222 5443 2603 5539 comprobavit.
2878 5443 2886 5444 ί
2977 5443 3013 5445 γ’
3066 5443 3143 5462 *Ἴ
