4110 6318
709 332 816 387 411

2173 305 2441 370 lNCERTI

3790 302 3917 360 412

714 560 3916 610 Μ

2714 597 2932 608 -ι-ῌ

1605 951 2010 1040 SANCTI
2085 953 2505 1041 PATRIS
2576 950 3003 1043 NOSTRI

949 1251 1840 1432 JOANNIS
1971 1253 3486 1430 CHRYSOSTOMI
3577 1247 3661 1326 ‘“’

1640 1645 1784 1759 IN
1876 1643 2421 1760 DICTUM
2510 1646 2967 1786 ILLUD,

1485 1930 1565 1992 In
1614 1947 1739 2011 qua
1785 1937 2091 2008 potestate
2125 1929 2249 1992 lues
2289 1927 2450 2008 facis
2500 1925 2756 2005 (Matth.
2804 1926 2905 1988 21.
2959 1926 3070 2002 23)
3112 1929 3142 1986 τ

783 2571 833 2626 l.
859 2569 1112 2624 Humana:
1135 2562 1318 2620 salutis
1343 2560 1654 2631 principium
1676 2566 1774 2621 est,
1795 2556 1949 2610 timor
1977 2547 2070 2606 Dei
2099 2549 2136 2617 ‘,
2159 2561 2272 2602 om-

711 2663 962 2728 niumque
995 2658 1255 2712 bonorum
1285 2661 1584 2707 nostrorum
1613 2647 1758 2703 radix
1786 2656 1866 2700 eSt
1895 2644 1975 2699 lex
2011 2639 2100 2694 Dei
2130 2655 2142 2693 :
2174 2652 2268 2691 ne-

710 2761 812 2822 que
836 2727 963 2804 vero
987 2746 1069 2802 lex
1105 2744 1199 2799 Dei
1228 2743 1342 2798 sine
1373 2741 1578 2801 timore,
1613 2750 1783 2805 neque
1807 2735 1964 2788 timor
1998 2729 2112 2784 sine
2150 2727 2268 2796 lege

709 2816 829 2894 esse
857 2838 1041 2908 possit.
1080 2834 1210 2890 Nam
1247 2832 1330 2887 lex
1371 2828 1733 2884 mandatorum
1776 2822 2073 2878 ministrum
2111 2816 2269 2870 habet

711 2905 994 2987 timorem:
1034 2925 1195 2979 timor
1227 2931 1402 2976 autem
1441 2925 1818 2987 praeceptorum
1857 2910 2083 2981 iudicem
2111 2905 2269 2960 habet

709 3021 899 3091 legem.
928 3018 1028 3086 Qui
1058 3030 1184 3086 ergo
1207 3029 1326 3069 cum
1353 3013 1540 3067 timore
1574 3007 1774 3063 accedit
1808 3005 1874 3060 ad
1904 3004 2095 3073 legem,
2121 3009 2174 3056 et
2199 2999 2264 3054 ad

710 3107 879 3166 Deum
919 3108 1049 3177 leg‘ls
1094 3107 1351 3168 datorem,
1397 3103 1443 3156 is
1480 3101 1614 3154 inter
1652 3107 1860 3153 sanctos
1902 3101 2170 3156 versatur,
2212 3100 2265 3145 et

707 3199 862 3268 iustis
885 3195 1231 3258 adscribitur;
1271 3199 1456 3246 contra
1491 3189 1578 3258 qui
1613 3189 1853 3242 timorem
1897 3183 1987 3239 Dei
2018 3182 2265 3237 audacter

708 3284 1028 3358 aggreditur,
1056 3292 1110 3336 ct
1146 3297 1266 3336 cum
1305 3277 1603 3348 arrogantia
1639 3276 1703 3330 ad
1729 3275 1955 3330 divinam
1984 3274 2148 3341 legem
2172 3284 2263 3325 ac-

707 3374 869 3440 cedit,
901 3373 945 3427 is
969 3371 1133 3442 gratia
1161 3384 1267 3424 non
1293 3369 1556 3439 dignatur,
1588 3367 1694 3420 imo
1729 3375 1782 3419 et
1802 3381 1829 3418 a
1859 3365 2052 3432 pietate
2081 3361 2263 3429 expel-

708 3462 853 3518 litur.
901 3460 1024 3515 Ideo
1064 3461 1151 3530 qui
1185 3473 1304 3514 cum
1343 3459 1532 3512 timore
1560 3465 1614 3510 et
1640 3454 1900 3510 desiderio
1927 3452 1990 3506 ad
2034 3452 2260 3506 divinam

707 3550 874 3622 legem
904 3550 1176 3615 accedunt,
1208 3549 1259 3604 bi
1287 3557 1430 3604 recte
1467 3546 1684 3600 omnino
1711 3545 1966 3599 docentur
1992 3553 2042 3596 et
2063 3541 2260 3595 illumi-

708 3650 917 3704 nantur,
949 3651 1003 3694 et
1040 3640 1106 3693 ab
1135 3639 1246 3708 ipsa
1284 3637 1503 3692 veritate
1532 3635 1596 3688 ad
1626 3647 1800 3688 veram
1840 3625 2141 3701 religionem
2182 3630 2261 3684 in-

708 3733 995 3786 stituuntur
1025 3748 1037 3783 :
1068 3729 1302 3782 incidunt
1329 3727 1468 3781 enim
1512 3725 1565 3779 in
1604 3725 1771 3793 ipsum
1801 3722 2036 3776 veritatis
2061 3721 2256 3774 fontem

705 3822 964 3882 dicentes,
992 3815 1288 3872 Benedictus
1309 3833 1378 3879 es,
1412 3816 1663 3879 Domine;
1686 3814 1808 3866 doce
1842 3829 1920 3865 me
1933 3811 2256 3881 jasti/icatio-

704 3923 792 3966 nes
837 3904 1137 3980 tuas(Psal.
1170 3907 1290 3962 “8.
1323 3906 1434 3976 12).
1465 3904 1658 3960 Verum
1697 3903 1884 3968 sancti,
1924 3901 2013 3970 qui
2055 3900 2125 3954 ita
2163 3898 2254 3968 pii,

705 4005 777 4058 ita
816 4001 1044 4071 religiosi
1082 4009 1224 4065 sunt,
1259 3999 1336 4053 sic
1365 3997 1637 4052 veritatem
1662 3994 1728 4048 ab
1755 3994 1862 4062 ipsa
1893 3993 2113 4048 veritate
2146 3985 2258 4045 edi;

703 4100 887 4154 scunt;
915 4100 964 4142 at
987 4089 1221 4142 veritatis
1240 4087 1456 4152 inimici,
1475 4087 1582 4139 imo
1597 4085 1767 4154 potius
1789 4084 1907 4136 viae
1927 4096 2034 4136 sua:
2055 4081 2250 4146 hostes,

701 4179 1050 4250 arrogantiam
1071 4187 1126 4233 et
1147 4177 1336 4231 fastum
1363 4173 1678 4244 simplicitati
1703 4171 2057 4240 praeferentes,
2080 4179 2256 4239 tyran-

703 4272 827 4326 nico
849 4269 1028 4324 habitu
1066 4267 1302 4322 veritatis
1348 4265 1617 4320 doctorem
1667 4262 1880 4316 adeunt.
1932 4260 2079 4327 Quod
2128 4275 2254 4315 sane

700 4361 940 4415 fecerunt
958 4358 1146 4420 Judaei,
1173 4366 1231 4411 ut
1255 4373 1320 4412 ex
1339 4351 1652 4425 evangelicis
1667 4352 1820 4407 dictis
1845 4350 2002 4406 modo
2017 4351 2251 4405 audistis.

699 4445 911 4506 Etenim
939 4447 1214 4502 Dominum
1240 4454 1477 4500 nostrum
1492 4443 1689 4506 Iesum,
1713 4443 1907 4512 Regem
1930 4449 2248 4502 sanctorum,

696 4541 751 4594 in
782 4539 979 4608 templo
1002 4545 1318 4603 versantem,
1342 4536 1392 4588 in
1419 4535 1534 4604 ipso
1553 4534 1746 4601 templo
1765 4533 1978 4593 adeunt,
2004 4545 2107 4583 non
2133 4544 2252 4583 cum

696 4647 784 4697 eo,
811 4646 967 4700 quem
992 4629 1228 4691 decebat,
1258 4628 1464 4689 timore,
1497 4641 1600 4678 non
1631 4635 1685 4678 ut
1709 4623 1883 4678 famuli
1910 4623 2115 4685 herum,
2145 4638 2249 4677 non

756 4738 772 4768 ι
816 4735 961 4784 Juxta
1005 4733 1172 4790 Cyrill.
1219 4731 1363 4779 Alex.
1410 4729 1531 4778 edit.
1575 4731 1683 4778 adv.
1727 4723 2248 4790 Anthropomorphitas

695 4806 798 4852 esp.
825 4794 872 4842 11
909 4807 921 4841 :
949 4785 1088 4852 νόμὸς
1127 4792 1303 4852 Κυρίρυ
1341 4793 1501 4849 ἁγνὸς.
1535 4791 1803 4852 τοντέστςιγ.
1831 4785 2249 4852 ᾀγιθοπριός.υξιθ-

695 4839 958 4904 caus—Cod.
986 4839 1110 4912 Deg.
1147 4839 1266 4898 10'26
1289 4864 1300 4897 :
1326 4839 1474 4912 φόϐοξ
1494 4839 1687 4912 Κυρίου.
1713 4839 1818 4908 Οἱιὸ
1844 4839 1910 4912 in_
1932 4844 2096 4912 codice
2123 4845 2248 4912 liber

695 4919 796 4965 iste
819 4915 957 4962 titulo
985 4905 1090 4960 hoc,
1106 4912 1316 4959 donatur
1336 4905 1356 4956 ἐ
1388 4905 1620 4962 ἐπιλύσέις
1653 4905 2249 4970 δογματικῶν-ζητημάτων

700 4963 933 5035 Κυρίλ).ου
953 4971 1037 5020 τοῦ
1060 4963 2116 5035 ἁγντωτᾴῖου-ἁρχεεπιᾳκόποόἰἈλςξοενξόρεὶᾳζ.
2148 4963 2248 5010 ἐπι-

702 5025 987 5093 ζηίξηθέντῳν
1023 5025 1149 5093 παρὰ
1185 5025 1657 5093 Τιϐιρίοὺᾜωχᾲνου
1686 5029 1769 5093 καὶ
1796 5034 1876 5084 τῆς
1905 5025 2213 5093 ἀδέλφόσςητοε
2235 5035 2247 5048 ⁸

702 5084 834 5166 aut}
871 5091 956 5140 τοῦ
1000 5084 1134 5166 qui;
1150 5084 1402 5166 ,Κγρὶἷξου
1444 5091 1674 5166 Ita-rimosa;
1712 5090 1806 5158 τῷν
1841 5084 2250 5166 ,τξρςσενεχθεισξῖιν

701 5155 912 5202 mucch
940 5147 1066 5212 παρὰ
1087 5153 1198 5198 Τιὸε
1231 5147 1300 5196 ίὸυ
1327 5151 1543 5198 διακόνου
1581 5150 1660 5195 καὶ
1702 5149 1798 5194 τῶν
1836 5147 2046 5208 ἀδελφῶν
2119 5147 2203 5192 aut
2235 5155 2245 5188 :

704 5215 936 5271 Κυρίλλον
959 5212 1073 5271 πρὸς
1102 5167 1329 5271 Τιϐἶριον.
1355 5211 1568 5258 Coteler.
1771 5265 1812 5271 __
2136 5260 2146 5271 .
2179 5260 2193 5271 ε

704 5215 936 5277 Κυρίλλον
959 5211 1073 5274 πρὸς
1102 5211 1329 5277 Τιβέριον.
1355 5211 1568 5277 Coteler.

763 5260 837 5342 (τι)
870 5260 1143 5342 orationem
1166 5260 1304 5328 hanc,
1331 5271 1625 5342 genuinum,
1663 5275 1716 5315 ut
1738 5260 2148 5342 videturLsumml
2164 5260 2249 5342 do-

700 5321 844 5393 ctoris
866 5321 1222 5402 5§ﬁ§;'pi6iem_
1242 5321 1542 5402 ηῆέιξηοηῃοςι
1577 5321 2248 5402 ρῐδηεξληῧοὶειηςεξῐιρὲτθηιί,

701 5380 1380 5453 ὖῖιῖίίδᾶιῖῗῖἱὲέεῖλῇιίόοὴῖἶτ
1416 5390 1529 5437 illud
1553 5380 1760 5437 ostendit
1779 5420 1794 5443 ,
1816 5383 1951 5453 quod
1985 5380 2213 5453 adﬁnem
2231 5418 2244 5440 ,

703 5441 1410 5526 BEnF'Qiéiné‘ﬁnimum
1450 5459 1582 5526 patre
1620 5461 1725 5526 seu“
1747 5441 1981 5526 epis—capo.
2008 5441 2246 5526 ,

702 5507 1128 5584 nem—perlaviano.
1151 5523 1403 5576 Exceptam
1428 5507 1580 5572 potius
1600 5507 1890 5584 crediderim
1920 5515 1982 5584 ea
2013 5514 2116 5584 ore.
2135 5514 2249 5572 per.

703 5563 918 5640 SFa'liiiEJ
932 5563 1106 5642 ‘EniSiii
1127 5590 1164 5642 a_
1184 5563 1325 5624 manu
1348 5563 1684 5642 .cor'nponentis
1716 5568 2001 5628 profectam;
2034 5563 2118 5610 nisi
2142 5567 2249 5624 quia

705 5637 1038 5704 interpolatam
1060 5637 1207 5687 malit.
1233 5637 1430 5684 ('oteler.

2376 2551 2434 2596 ut
2459 2539 2697 2598 homines
2721 2538 2916 2608 Deum;
2945 2541 3038 2599 sed
3063 2558 3233 2615 neque
3251 2553 3312 2602 ut
3332 2546 3569 2620 discipuli
3599 2553 3940 2625 magistrum.

2375 2629 2570 2687 luimlci
2597 2633 2852 2699 veritatis,
2875 2643 2928 2688 et
2947 2635 3191 2704 nequitize
3215 2637 3562 2708 indagatores,
3585 2657 3730 2697 suam
3751 2658 3942 2702 osten-

2372 2718 2558 2776 dentes
2594 2720 3004 2790 malignitatcm,
3051 2724 3289 2778 humanis
3329 2728 3611 2784 ratiociniis
3641 2747 3942 2801 supernam

2372 2810 2681 2880 sapientiam
2717 2813 3093 2866 circumvenire
3135 2815 3481 2871 conabantur.
3520 2819 3647 2873 Nam
3673 2823 3746 2875 ait
3777 2841 3788 2875 :
3825 2828 3940 2879 Ac-

2371 2908 2617 2954 cesserant
2643 2901 2694 2953 in
2724 2902 2906 2968 templo
2934 2903 3000 2953 ad
3023 2900 3195 2956 Jesum
3221 2906 3495 2962 sacerdota
3517 2918 3562 2961 et
3585 2912 3800 2966 seniores
3830 2932 3939 2982 pa-

2371 2989 2477 3058 puli
2515 2990 2728 3044 dicentes
2753 3004 2772 3043 :
2797 2988 2864 3042 In
2898 3007 2996 3059 qua
3034 3001 3266 3058 potestate
3302 2993 3409 3048 lucc
3434 2997 3597 3065 facis?
3628 3009 3674 3052 et
3699 3002 3814 3069 quis
3841 3005 3938 3058 tibi

2368 3074 2504 3130 dedit
2539 3077 2669 3130 hanc
2708 3085 2989 3146 potestatem
3013 3077 3216 3149 (Matth.
3243 3079 3332 3134 2|.
3367 3081 3500 3151 23)?
3532 3083 3574 3138 0
3607 3101 3698 3140 cor
3725 3089 3936 3146 timore

2370 3164 2705 3220 destitutum!
2735 3167 2907 3236 qualia
2945 3166 3121 3231 audet,
3160 3169 3330 3236 qualia
3374 3169 3629 3239 loquitur!
3661 3186 3934 3239 umntum

2366 3254 2660 3322 arrogantia
2685 3253 2983 3308 extollitur!
3011 3254 3055 3309 Ο
3092 3256 3444 3324 improborum
3473 3260 3823 3330 insipientiam
3850 3266 3866 3318 !
3899 3284 3934 3317 ο

2367 3341 2660 3397 Senatoris
2703 3342 3065 3398 clementiaml
3111 3345 3230 3398 Haec
3269 3347 3498 3415 loquitur
3541 3350 3731 3415 lutum,
3773 3363 3837 3406 et
3874 3357 3932 3410 id

2367 3433 2551 3504 figulus
2577 3434 2770 3502 patitur
2806 3450 2820 3486 :
2863 3434 3078 3502 erigitur
3123 3444 3303 3489 contra
3347 3437 3592 3506 Opiﬁeem
3621 3441 3930 3510 opificium,

2363 3529 2418 3577 et
2446 3521 2496 3576 id
2519 3522 2706 3577 tolerat
2735 3522 3006 3578 Beneﬂcus
3046 3525 3237 3577 nemini
3265 3524 3518 3580 obnoxius
3543 3543 3554 3579 :
3581 3527 3844 3583 rationem
3873 3542 3933 3585 ct

2362 3612 2578 3668 verbum
2621 3621 2862 3681 repetunt
2899 3629 2929 3667 a
2975 3613 3063 3668 Dei
3107 3613 3313 3680 Verbo,
3352 3624 3404 3671 et
3450 3625 3756 3686 potestatem
3792 3625 3932 3688 ejus

2362 3701 2568 3756 curiose
2593 3701 2914 3770 perquirunt,
2945 3717 3059 3770 qua:
3088 3711 3164 3756 est
3190 3703 3514 3757 auctoritatis
3542 3706 3765 3758 culmen.
3805 3709 3931 3777 Op-

2363 3802 2584 3862 portune
2607 3791 2841 3846 dicamus
2871 3792 2982 3846 haec
3010 3793 3257 3860 sapientis
3282 3794 3471 3847 verba:
3501 3794 3545 3848 Ο
3571 3795 3746 3859 homo,
3774 3797 3929 3863 Quid

2362 3883 2576 3949 superbit
2603 3892 2734 3935 terra
2762 3891 2808 3934 et
2831 3883 2952 3936 cinis
2975 3882 3164 3952 (Eccle.
3191 3883 3273 3937 l0.
3297 3883 3389 3952 9)?
3410 3885 3568 3937 Deum
3594 3888 3925 3956 interrogas,

2361 3981 2413 4026 ct
2439 3971 2662 4041 requiris
2684 3971 2751 4026 ab
2776 3972 2866 4026 illo
2895 3973 3148 4027 rationem
3178 3988 3358 4026 eorum
3385 3989 3500 4042 qua:
3529 3984 3794 4042 operatur,
3821 3994 3927 4032 an-

2358 4060 2554 4130 desque
2579 4074 2857 4128 supernam
2890 4061 3027 4114 illam
3055 4071 3362 4128 potestatem
3397 4062 3473 4116 sic
3501 4062 3641 4116 altari
3674 4080 3687 4116 :
3723 4063 3788 4118 In
3815 4084 3929 4133 qua

2360 4157 2592 4217 potestate
2614 4149 2716 4203 haec
2737 4150 2858 4219 faris
2874 4151 2899 4203 Ρ
2923 4150 3027 4224 Cur
3047 4151 3186 4202 illum
3214 4151 3520 4220 interrogas,
3545 4167 3713 4220 neque
3740 4156 3924 4223 ipsam

2358 4254 2532 4292 rerum
2562 4239 2805 4292 virtutem
2835 4237 3117 4306 exploras?
3142 4237 3385 4292 Scrutare
3414 4240 3526 4308 ipse
3552 4240 3837 4309 diligenter
3867 4247 3924 4301 in

2357 4327 2561 4380 occulto
2592 4325 2778 4379 animm
2808 4336 3013 4389 senatu,
3043 4327 3305 4395 explorata
3342 4343 3514 4382 rerum
3545 4340 3748 4395 natura,
3780 4349 3923 4390 num

2357 4432 2472 4484 qua:
2502 4415 2629 4468 fiunt
2649 4415 2858 4469 humani
2880 4414 3080 4470 consilii
3107 4418 3229 4481 sint,
3252 4431 3316 4470 an
3343 4417 3531 4472 divina:
3554 4421 3920 4492 auctoritatis,

2357 4503 2605 4571 praeclara
2649 4519 2836 4572 nempe
2877 4505 2961 4557 illa
2997 4505 3196 4557 Domini
3225 4515 3388 4573 gesta.
3417 4505 3673 4576 interroga
3699 4519 3922 4568 natura:

2356 4592 2518 4662 leges,
2546 4594 2814 4662 potestatis
2839 4595 3111 4658 terminos,
3145 4595 3436 4663 seriemque
3465 4596 3868 4653 ratiociniorum
3903 4621 3917 4656 :

2353 4698 2454 4753 qua
2497 4693 2750 4751 potestate
2791 4684 3042 4737 suscitare
3078 4694 3312 4737 mortuos
3347 4693 3560 4753 potest:
3604 4669 3916 4754 hominum,

2353 4788 2417 4826 an
2447 4773 2574 4826 Dei?
2612 4773 2737 4838 Quis
2774 4782 2943 4841 potest
2979 4774 3214 4840 leprosos
3251 4773 3523 4840 mundare,
3553 4775 3774 4830 morbos
3800 4779 3920 4845 pel-

2352 4861 2489 4926 lere,
2546 4877 2855 4928 omnemque
2900 4862 3086 4914 anima:
3123 4863 3461 4931 corporisque
3507 4863 3750 4917 morbum
3796 4866 3919 4920 solo

2353 4953 2514 5007 verbo
2543 4952 2762 5006 tollere?
2787 4952 3000 5014 Deinde,
3032 4953 3146 5020 quis
3172 4962 3342 5020 potest
3365 4968 3428 5007 ex
3459 4954 3565 5006 luto
3589 4953 3778 5006 oculos
3807 4954 3918 5008 fur-

2350 5055 2514 5104 mare,
2544 5041 2676 5093 Deus
2702 5056 2766 5093 an
2798 5040 3118 5094 homo?Cur
3135 5056 3234 5094 non
3265 5042 3426 5109 ipsam
3455 5057 3627 5095 rerum
3657 5052 3915 5097 naturam

2349 5129 2657 5197 interrogas,
2696 5128 2789 5183 sed
2831 5130 3078 5182 audacter
3121 5129 3369 5197 Opificem
3409 5131 3651 5199 exploras
3691 5129 3912 5198 (licens,

2347 5217 2410 5270 In
2440 5235 2535 5282 qua
2564 5228 2797 5287 potestate
2831 5219 2934 5269 lucc
2955 5218 3117 5285 facis?
3147 5218 3334 5271 lterum
3370 5220 3509 5272 enim
3533 5217 3684 5271 verba
3718 5233 3916 5288 repeto

2346 5323 2548 5372 corum,
2583 5310 2668 5375 qui
2689 5309 2860 5361 omnia
2889 5308 3040 5361 facile
3067 5308 3279 5374 audent,
3317 5311 3402 5378 qui
3435 5325 3463 5361 a
3491 5308 3664 5363 Verbo
3689 5308 3793 5364 Dei
3827 5329 3915 5365 ra-

2347 5399 2540 5452 tionem
2561 5405 2819 5466 repetunt,
2849 5406 2899 5450 et
2923 5397 3206 5452 ratiociniis
3232 5398 3664 5452 circumscribere
3692 5406 3914 5457 tentant

2345 5503 2483 5552 eum,
2513 5487 2597 5556 qui
2637 5486 3032 5555 comprehendit
3075 5489 3337 5557 sapientes
3379 5488 3430 5540 in
3482 5489 3669 5543 astutia
3714 5505 3911 5548 eorum

2346 5578 2418 5644 (l.
2453 5575 2566 5630 Cor.
2599 5574 2650 5627 3.
2686 5573 2794 5642 l9).
2823 5575 2868 5629 0
2889 5574 3231 5631 dementiam!
3278 5575 3385 5630 Deo
3417 5575 3585 5632 Verbo
3617 5582 3909 5648 experien-
