4158 6320
186 372 281 425 411

1149 351 1211 406 ΙΝ
1254 350 1478 419 lLLUD,
1519 353 1587 407 IN
1625 351 1762 420 QUA
1802 353 2227 424 POTESTATE,
2267 356 2418 413 ETC.

208 633 3379 682 Μ

910 1019 1132 1105 ΤΟΥ
1203 1024 1341 1106 ΕΝ
1412 1025 1770 1110 ΑΓΙΟΙΣ
1842 1024 2267 1111 ΠΑΤΡΟΣ
2340 1026 2654 1112 ΗΜΩΝ

188 1330 1182 1503 IQANNOY
1240 1335 1672 1503 ΤΟΥ
1710 1336 3381 1509 ΧΡΥΣΟΣΤΟΜΟΥ

758 1736 995 1847 ΕΙΣ
1067 1733 1271 1848 ΤΟ
1356 1734 1867 1848 ΡΗΤΟΝ
1966 1734 2168 1849 ΤΟ
2246 1730 2400 1847 AI

1168 1733 1271 1848 0
1356 1734 1867 1848 PHTON
1966 1734 2168 1849 ΤΟ
2246 1730 2801 1874 ΑΕΓΟΝ,

1264 2028 1363 2079 Ἑν
1399 2029 1541 2093 ποίᾳ
1577 2027 1822 2092 ἐξουσίᾳ
1862 2027 2042 2081 ταῦτα
2081 2026 2301 2092 nam?“

249 2989 315 3039 αν,
348 2982 519 3054 Ἀρχὴ
570 2980 839 3053 σωτηρίας
875 2979 1170 3051 ἀνθρώπων
1207 2979 1234 3032 6
1266 2979 1356 3032 τοῦ
1390 2979 1521 3033 Θεοῦ
1552 2980 1731 3048 φόϐος.

186 3070 273 3121 καὶ
306 3069 429 3139 ῥίζα
458 3068 679 3120 πάντων
705 3068 809 3119 τῶν
839 3067 897 3117 ἐν
929 3067 1054 3133 ἡμῖν
1075 3065 1293 3131 ἀγαθῶν
1324 3068 1352 3117 ό
1377 3063 1468 3116 τοῦ
1498 3064 1627 3116 Θεοῦ
1650 3066 1735 3117 νό-

192 3169 299 3221 μος,
324 3153 448 3205 οὔτε
480 3153 540 3205 δὲ
568 3151 701 3204 Θεοῦ
730 3152 888 3220 νόμος
915 3152 1039 3203 ἄνευ
1066 3150 1247 3217 φόϐου,
1276 3149 1397 3201 οὐτε
1430 3150 1587 3216 φόϐος
1609 3150 1732 3201 ἄνευ

191 3240 361 3305 νόμου.
410 3238 470 3290 '0
520 3236 629 3306 γὰρ
682 3236 841 3303 νόμος
895 3233 1000 3285 τῶν
1050 3234 1428 3302 ἐπιταγμάτων
1460 3233 1733 3303 ὑπηρέτην

188 3329 290 3390 εχει
322 3324 412 3375 τὸν
442 3322 606 3389 φόϐον
632 3336 644 3350 ⁸
666 3322 694 3373 6
728 3320 782 3372 δὲ
828 3319 986 3387 φόϐος
1019 3319 1125 3371 τῶν
1156 3320 1629 3387 προστεταγμένων
1657 3318 1734 3370 δι-

190 3409 386 3478 καστὴν
414 3407 532 3477 ἔχει
577 3406 665 3459 τὸν
700 3406 879 3475 νόμον.
942 3406 1000 3457 '0
1046 3405 1141 3474 μὲν
1168 3401 1258 3457 οῦν
1308 3406 1452 3474 φόϐῳ
1483 3406 1558 3474 τῷ
1588 3407 1733 3475 νόμῳ

189 3494 636 3564 προσερχόμενοι,
665 3493 757 3545 καὶ⁵
800 3491 873 3560 τῷ
908 3490 998 3543 τὸν
1042 3491 1200 3559 νόμον
1226 3491 1362 3543 δόντι
1393 3490 1527 3560 Θεῷ,
1563 3491 1734 3558 ἁγίοις

189 3578 613 3647 ἐμπολιτεύεται,
648 3576 739 3629 καὶ
781 3578 943 3639 ὁσίοις
994 3576 1360 3646 ἀναγράφεται
1382 3592 1395 3606 ο
1426 3577 1454 3628 6
1479 3576 1533 3627 δὲ
1566 3593 1734 3630 κατα·-

187 3663 391 3731 τολμῶν
418 3661 519 3713 τοῦ
554 3661 695 3712 θείου
727 3660 909 3725 φόϐου,
944 3660 1036 3711 καὶ
1067 3661 1202 3729 μετά
1237 3661 1541 3723 ἀλαζονείας
1571 3678 1733 3732 προσ-

190 3745 398 3815 ἐρχεττιι
425 3744 505 3813 τῷ
551 3742 676 3813 θείῳ
725 3743 890 3812 νόμῳ,
920 3743 1039 3794 οὐτε
1082 3744 1177 3812 τῆς
1226 3745 1441 3813 χάριτος
1471 3745 1728 3809 ἀξιοῦται.

189 3830 315 3881 ἀλλά
338 3828 433 3881 καὶ
465 3828 566 3895 τῆς
596 3827 869 3890 εὐσεϐείας
899 3828 1228 3880 ἐκϐάλλεται.
1263 3831 1360 3881 Διά
1385 3830 1536 3881 τοῦτο
1564 3832 1611 3880 οί
1636 3831 1732 3900 μὲν

190 3914 327 3985 φόϐῳ
350 3917 445 3969 καὶ
477 3913 628 3983 πόθῳ
661 3914 967 3983 προσιόντες
999 3915 1073 3984 τῷ
1099 3916 1221 3985 θείῳ
1262 3918 1428 3985 νόμῳ,
1463 3916 1596 3985 μετά
1628 3919 1732 3970 πά-

189 4020 280 4071 σης
304 4001 603 4070 εὐθύτητος
633 3999 963 4054 διδάσκονται
994 4002 1086 4053 καὶ
1119 4002 1455 4069 φωτίζονται,
1482 4003 1573 4055 καὶ
1605 4004 1731 4075 παρ’

188 4090 348 4158 αὐτῆς
368 4089 470 4155 τῆς
496 4085 750 4156 ἀληθείας
775 4086 940 4156 αὐτὴν
964 4087 1294 4140 παιδεύονται
1317 4089 1413 4158 τὴν
1436 4088 1729 4142 εὐσέϐειαν·

189 4174 548 4228 ὑποπίπτουσι
583 4172 691 4240 γάρ
714 4171 844 4241 αὐτῇ
874 4175 938 4241 τῇ
971 4175 1115 4241 πηγῇ
1149 4172 1246 4240 τῆς
1271 4172 1537 4241 ἀληθείας,
1564 4172 1733 4239 λέγον-

186 4276 269 4323 τες
286 4278 298 4292 °
340 4259 691 4329 Εὐλογητὸς
714 4255 785 4321 εἴ,
812 4262 983 4326 Κύριε
1002 4278 1014 4290 ·
1037 4260 1282 4324 δίδαξον
1300 4279 1374 4328 με
1406 4261 1476 4314 τὰ
1504 4261 1732 4314 δικαιώ-

186 4350 331 4416 ματά
358 4365 498 4402 σου.
554 4345 690 4397 Ἀλλ’
722 4346 769 4399 οί
801 4345 895 4415 μὲν
921 4346 1060 4413 ἆγιοι
1090 4343 1259 4410 οὕτως
1303 4347 1562 4410 εὐλαϐεῖς,
1597 4347 1735 4399 οὓτω

190 4434 437 4501 φιλόθεοι,
499 4430 643 4484 οὓτω
681 4432 806 4499 παρ’
840 4431 1005 4497 αὐτῆς
1051 4431 1217 4499 αὐτὴν
1273 4430 1592 4499 μανθάνουσι
1638 4430 1734 4500 τὴν

189 4520 435 4589 ἀλήθειαν
456 4534 470 4550 ·
494 4520 544 4571 οί
578 4517 634 4569 δὲ
662 4516 760 4584 τῆς
808 4516 1058 4585 ἀληθείας
1100 4517 1299 4585 ἐχθροὶ,
1333 4516 1527 4585 μᾶλλον
1553 4518 1607 4568 δὲ
1638 4518 1735 4585 τῆς

190 4608 389 4661 ἑαυτῶν
418 4604 571 4673 ζωῆς
620 4603 874 4670 πολέμιοι,
936 4602 1245 4666 ἀλαζονείαν
1280 4604 1371 4655 καὶ
1421 4604 1584 4669 τῦφον
1637 4604 1735 4671 τῆς

191 4693 483 4761 ἁπλότητος
519 4691 965 4760 προτιμήσαντες,
993 4688 1289 4757 τυραννικῷ
1319 4690 1549 4757 σχήματι
1573 4705 1736 4757 προσ-

190 4780 431 4849 έρχονται
459 4776 543 4844 τῷ
564 4775 663 4843 τῆς
691 4772 965 4834 εὐσεϐείας
992 4773 1307 4841 διδασκάλῳ.
1340 4777 1401 4824 ’Ὀ
1422 4774 1484 4841 δὴ
1513 4774 1737 4843 πεποιή-

191 4880 310 4916 κασι
340 4863 434 4915 καὶ
475 4859 745 4912 Ἰουδαίων
792 4858 992 4919 παῖδες,
1024 4859 1095 4920 ὡς
1128 4859 1322 4927 ἀρτίως
1356 4860 1418 4909 ἐκ
1450 4858 1554 4910 τῶν
1578 4859 1738 4926 εὐαγ-

190 4948 413 5016 γελικῶν
433 4946 614 5012 λόγων
641 4943 925 5013 ἀκηκόατε.
972 4942 1058 5011 Τῷ
1092 4943 1197 5011 γὰρ
1232 4942 1417 5009 Κυρίῳ
1445 4942 1598 5009 ἡμῶν
1634 4942 1737 5011 ἰη-

194 5034 299 5093 σοῦ,
322 5032 399 5101 τῷ
432 5028 647 5099 βασιλεῖ
672 5030 775 5078 τῶν
802 5027 987 5093 ἁγίων,
1013 5027 1387 5094 ὲνδιατρίϐοντι
1412 5028 1467 5076 ἐν
1499 5026 1575 5095 τῷ
1605 5028 1735 5095 ναῷ,

194 5121 583 5191 προσέρχονται
605 5114 660 5165 ὲν
687 5112 828 5179 αὐτῷ
855 5112 929 5180 τῷ
960 5112 1091 5181 ναῷ.
1122 5114 1180 5164 οὐ
1216 5114 1349 5181 μετὰ
1374 5112 1465 5163 τοῦ
1506 5113 1739 5180 πρέπον-

191 5222 275 5269 τος
317 5206 483 5273 φόϐου
512 5240 527 5264 ,
565 5200 661 5269 οὐχ
694 5197 839 5269 [HS]
871 5198 944 5259 ὡς
995 5198 1193 5249 οἰκέται
1230 5198 1456 5267 δεσπότῃ
1483 5239 1494 5258 ,
1532 5198 1627 5266 οὐχ
1666 5199 1739 5263 ὡς

192 5290 459 5361 ἄνθρωποι
512 5284 653 5351 Θεῷ,
714 5282 818 5335 ἀλλ’
853 5281 967 5333 οὐδὲ
1007 5283 1078 5343 ὡς
1128 5282 1359 5351 μαθηταὶ
1420 5282 1735 5352 διδασκάλῳ.

204 5375 410 5444 Ἐχθροὶ
447 5371 550 5439 τῆς
587 5366 855 5435 ἀληθείας,
886 5366 974 5417 καὶ
1003 5366 1229 5434 θηραταί
1254 5366 1466 5431 κακίας,
1501 5368 1595 5437 τὴν
1626 5371 1741 5420 ἑαυ.

194 5457 291 5509 τῶν
322 5453 724 5521 ἐνδεικνύμενοι
755 5449 1032 5519 πονηρίαν.
1073 5452 1343 5520 λογισμοῖς
1387 5452 1739 5521 ἀνθρωπίνοις

196 5541 483 5611 ἐπειρῶντο
518 5535 873 5608 περιγράφειν
905 5532 999 5602 τὴν
1020 5535 1204 5599 σοφίαν
1230 5536 1325 5603 τὴν
1353 5538 1452 5588 ὐπε
1464 5538 1734 5606 ρκόσμιον.

196 5624 553 5698 Προσῆλθσν
581 5622 708 5690 γὰρ,
737 5619 898 5689 φησὶν
922 5657 937 5682 ,
968 5617 1033 5671 ἐν
1072 5617 1148 5681 τῷ
1170 5620 1297 5684 ἱερῴ
1328 5620 1407 5684 τῷ
1456 5623 1644 5687 Ἰησοῦ
1688 5627 1739 5677 οι

1837 2978 2009 3044 ἱερεῖς
2032 2980 2123 3031 καὶ
2154 2983 2208 3031 οὶ
2232 2983 2608 3048 πρεσϐύτεροι
2634 2981 2736 3036 τοῦ
2754 2982 2904 3036 λαοῦ
2931 2984 3204 3052 λέγοντες
3221 2997 3235 3016 ⁸
3282 2985 3384 3040 Ἕν

1834 3064 1974 3129 ποίᾳ
2018 3063 2265 3131 ἐξουσίᾳ
2301 3065 2481 3117 ταῦτα
2505 3066 2690 3132 ποιεῖς
2714 3082 2733 3130 ;
2775 3068 2872 3119 καί
2917 3070 3005 3132 τίς
3052 3085 3148 3121 σοι
3198 3068 3380 3123 ἔδωκε

1834 3146 1946 3213 τὴν
1969 3146 2255 3209 ἐξουσίαν
2284 3150 2539 3215 ταύτηνς
2572 3152 2634 3202 Ὢ
2658 3154 2754 3219 τῆς
2782 3153 2981 3220 ἀφόδου
3011 3154 3258 3222 καρδίαςῑ
3281 3156 3381 3208 ὅσα

1833 3230 2029 3301 τολμᾷῐ
2056 3232 2153 3284 ὅσα
2179 3233 2495 3300 φθέγγεταιί
2522 3236 2620 3287 ὅσα
2644 3235 2775 3305 πρὸς
2800 3236 3109 3299 ἀλαζονείαν
3141 3239 3375 3309 αἴρεταιι

1838 3316 1899 3366 Ὢ
1932 3317 2030 3386 τῆς
2056 3318 2161 3368 τῶν
2203 3317 2450 3387 πονηρῶν
2498 3320 2716 3382 ἀνοίας-ι
2770 3320 2815 3371 ῶ
2863 3322 2961 3389 τῆς
2998 3323 3089 3375 τοῦ
3136 3324 3381 3393 Σωτῆρος

1832 3401 2200 3464 ἀνεξικακίαςί
2235 3402 2519 3469 ιιθέγγεται
2543 3403 2762 3455 τοιαῦτα
2794 3405 2978 3473 πηλὸς,
3011 3408 3102 3458 καὶ
3134 3408 3378 3475 ἀνέχεται

1832 3489 1861 3539 6
1888 3486 2126 3557 πλάστης
2146 3501 2158 3516 °
2189 3487 2467 3557 ἐπαίρεται
2492 3489 2631 3541 κατὰ
2666 3489 2757 3540 τοῦ
2790 3490 3117 3560 δημιουργοῦ
3154 3491 3211 3543 τὸ
3241 3491 3377 3544 πλά-

1835 3590 1965 3643 σμα,
1995 3575 2086 3626 καὶ
2106 3574 2412 3636 ἀνεξικακεῖ
2439 3577 2466 3626 ό
2499 3575 2787 3645 εὐεργέτης
2819 3578 2846 3628 ό
2867 3576 3151 3640 ἀνεύθυνος
3174 3594 3186 3607 ·
3219 3579 3379 3631 ἀπαι-

1831 3658 1980 3710 τοῦσι
2006 3658 2157 3723 λόγον
2186 3658 2333 3727 παρά
2353 3658 2443 3711 τοῦ
2477 3659 2609 3711 Θεοῦ
2640 3661 2831 3727 Λόγου,
2877 3661 2967 3712 καὶ
3004 3661 3101 3730 τὴν
3137 3664 3379 3727 ἐξουσίαν

1835 3745 2362 3814 πολυπραγμονοῦσι,
2397 3747 2495 3814 τὴν
2528 3748 2767 3815 κορυφὴν
2799 3748 2894 3816 τῆς
2943 3750 3235 3812 αὐθεντίας.
3290 3752 3378 3804 Εἴ-

1835 3846 2020 3897 πωμεν
2048 3829 2308 3897 εὐκαίρως
2331 3831 2419 3882 καὶ
2446 3833 2602 3899 ἡμεῖς
2626 3831 2692 3881 τά
2723 3832 2814 3883 τοῦ
2850 3833 3011 3900 σοφοῦ
3035 3850 3049 3863 ’
3082 3830 3150 3885 Ὦ
3177 3836 3380 3904 ἀνθρω-

1834 3936 1921 3979 πε,
1948 3918 2013 3971 Τί
2033 3915 2367 3977 ἀλαζονεύει
2395 3918 2470 3987 γῆ
2493 3919 2588 3974 καί
2614 3920 2865 3985 σποδός;
2896 3922 3024 3973 Θεὸν
3044 3923 3267 3991 ἐρωτᾷς,
3284 3924 3376 3976 καὶ

1832 4005 1986 4072 λόγον
2018 4006 2258 4066 ἀπαιτεῖς
2290 4006 2416 4073 παρ’
2445 4005 2604 4056 αὐτοῦ
2627 4006 2732 4058 τῶν
2758 4006 2897 4058 ἰδίων
2919 4008 3110 4077 ἔργων,
3146 4010 3236 4060 καὶ
3258 4010 3375 4060 τολ-

1838 4091 1940 4160 μᾷς
1977 4087 2154 4154 λέγειν
2201 4089 2334 4159 πρὸς
2383 4090 2480 4159 τὴν
2524 4090 2885 4159 ὐπερκόσμιον
2942 4092 3221 4155 ἐξουσίαν’
3276 4095 3378 4146 Ἐν

1837 4175 1974 4239 ποίᾳ
2023 4174 2266 4240 ἐξουσίᾳ
2295 4174 2477 4226 ταῦτα
2504 4174 2723 4236 name;
2756 4172 2905 4227 Διατί
2952 4176 3007 4227 δὲ
3044 4177 3176 4239 ὅλως
3220 4178 3376 4231 αὐτὸν

1835 4260 2058 4329 ἐρωτᾷς,
2118 4259 2208 4309 καὶ
2240 4259 2335 4310 οὐκ
2395 4257 2562 4325 αὐτὴν
2621 4257 2717 4327 τὴν
2774 4258 3105 4327 πραγμάτων
3155 4260 3377 4328 δύναμιν

1833 4345 2050 4415 ἐρευνᾷς
2071 4361 2084 4408 ;
2121 4343 2395 4396 Ἐξέτασον
2425 4344 2581 4405 αὐτὸς
2602 4343 2836 4411 ἀκριϐῶς
2866 4347 2922 4395 ἐν
2944 4344 3018 4412 τῷ
3042 4347 3260 4414 κρυπτῷ
3281 4347 3374 4415 τῆς

1833 4434 2003 4502 ψυχῆς
2033 4433 2409 4502 βουλευτηρίῳ,
2438 4431 2534 4500 τὴν
2561 4431 2666 4482 τῶν
2699 4431 3033 4499 πραγμάτων
3068 4432 3223 4499 φύσιν
3255 4433 3373 4483 ὲπι-

1837 4520 2186 4587 σκεψάμενος,
2226 4522 2272 4570 εί
2328 4518 2666 4586 ἀνθρωπίνης
2716 4519 2856 4569 ἐστὶν
2885 4518 3087 4580 ἑννοίας
3134 4518 3202 4571 τά
3230 4519 3373 4584 γινό-

1839 4622 1991 4673 μενα,
2015 4605 2045 4673 ἢ
2070 4604 2215 4662 θείας
2244 4602 2521 4664 αὐθεντίας
2548 4602 2612 4654 τά
2636 4602 2711 4672 τῷ
2739 4602 2921 4672 Κυρίῳ
2954 4602 3374 4673 κατορθούμενα.

1848 4689 2143 4758 Ἐρὼτησυν
2174 4690 2264 4739 καὶ
2312 4687 2520 4750 φύσεως
2554 4688 2765 4755 νόμους,
2809 4689 2900 4739 καὶ
2931 4687 3169 4751 ἐξουσίας
3198 4689 3373 4756 ὅρους,

1837 4776 1927 4826 καὶ
1957 4774 2224 4842 λογισμῶν
2257 4774 2589 4836 ἀκολουθίαν,
2629 4774 2753 4825 ποία
2783 4774 2995 4836 ἐξουσία
3036 4774 3251 4825 δύναται
3294 4791 3375 4827 νε-

1838 4860 1998 4929 κροὺς
2024 4860 2245 4927 ἐγεῖραι,
2263 4857 2602 4927 ἀνθρώπωνῆ
2619 4857 2750 4909 Θεοῦ
2770 4874 2783 4921 ;
2808 4858 2896 4918 Τίς
2917 4858 3133 4910 δύναται
3147 4857 3374 4927 λεπροὺς

1838 4944 2132 5014 καθαίρειν,
2162 4944 2252 4995 καὶ
2281 4944 2463 5004 νόσους
2489 4942 2824 5004 ἀπελαύνειν,
2864 4942 2954 4993 καὶ
2990 4944 3164 4995 πᾶσαν
3190 4943 3373 5012 ψυχῶν

1838 5031 1930 5083 καὶ
1961 5031 2221 5099 σωμάτων
2249 5030 2552 5099 ἀρρωστίαν
2582 5028 2719 5095 λόγῳ
2751 5029 2891 5097 μόνῳ
2921 5026 3163 5092 διώκειν;
3205 5025 3330 5080 Εἶτα
3356 5069 3369 5089 ,

1837 5116 1918 5178 τίς
1942 5116 2157 5167 δύναται
2186 5115 2287 5167 ἀπὸ
2319 5113 2486 5183 πηλοῦ
2520 5113 2821 5181 ὀφθαλμοὺς
2855 5112 3160 5177 διαπλάσαι,
3184 5113 3310 5174 Θεὸς
3339 5113 3370 5182 ἥ

1839 5202 2147 5270 ἀνθρωπυςς
2175 5199 2323 5250 Διατί
2372 5200 2443 5268 μὴ
2470 5200 2566 5267 τὴν
2599 5198 2757 5265 φύσιν
2797 5199 2959 5266 αὐτὴν
2988 5200 3097 5250 τῶν.
3126 5202 3375 5268 πραγμά-

1837 5304 1942 5340 των
1971 5286 2191 5355 ἐρωτᾷς,
2226 5284 2356 5337 am
2392 5286 2526 5353 μετὰ
2555 5284 2883 5354 θρασύτητος
2912 5286 2999 5337 τὸν
3029 5284 3258 5353 ἐργάτην
3280 5302 3374 5335 πο-

1838 5373 2230 5440 λυπραγμονεῖς
2281 5370 2488 5437 λέγων,
2535 5372 2633 5423 Ἐν
2682 5370 2821 5435 ποίᾳ
2890 5370 3135 5434 ἐξουσίᾳ
3194 5368 3377 5421 ταῦτα

1844 5457 2060 5519 «utsic;
2104 5456 2558 5524 Ἐπαναλαμϐἀνω
2584 5456 2691 5525 γάρ
2716 5456 2782 5508 τὰ
2829 5455 3045 5524 ῥήματα
3084 5454 3240 5505 πάλιν
3272 5455 3376 5507 τῶν

1844 5544 1909 5594 τά
1931 5542 2102 5593 πάντα
2125 5542 2318 5611 ῥᾳδίως
2344 5540 2679 5610 τολμώντων,
2708 5539 2812 5591 τῶν
2839 5537 3203 5591 ἀπαιτούντων
3223 5539 3377 5604 λόγον

1846 5628 1932 5681 τὸν
1959 5627 2047 5680 τοῦ
2074 5625 2205 5681 θεοῦ
2236 5628 2421 5692 Λόγον,
2456 5627 2544 5679 καὶ
2574 5626 2925 5697 περιγρᾶφειν
2961 5625 3232 5693 λογισμοῖς
3264 5628 3377 5678 ἑπι-
