4158 6320
794 333 906 387 413

788 427 1104 500 χειρούντων
1130 427 1220 479 τὸν
1245 427 1601 495 δρασσόμενον
1633 426 1752 487 τους
1784 427 1975 492 σοφοὺς
2018 426 2074 477 ἐν
2107 427 2169 493 τῇ
2198 440 2329 476 παν-

788 514 980 582 ουργίᾳ
1001 512 1196 565 αὐτῶν.
1224 513 1286 562 Ὢ
1307 512 1403 578 τῆς
1433 512 1608 572 ἀνοίας
1634 513 1645 563 !
1678 510 1794 578 Θεῷ
1817 512 1972 578 Λόγῳ
2003 509 2330 579 προσάγουσι

793 599 983 664 πεῖραν
1011 597 1197 661 λόγων,
1247 589 1290 660 ᾧ
1321 597 1468 646 πᾶσα
1502 595 1660 663 τέχνη
1695 594 1864 660 λόγων
1907 593 2188 654 εὐάλωτος,
2239 594 2331 645 καὶ

793 683 937 732 πᾶσα
965 679 1233 747 λογισμῶν
1262 680 1523 748 μεμελετη
1535 679 1666 746 μένη
1687 679 1876 746 πλοκή.
1900 678 1963 728 Τί
1992 679 2097 747 γάρ
2127 677 2332 746 ἀνθρὼ-

794 782 944 825 πινος
979 765 1146 832 ίσχύει
1179 764 1331 829 λόγος
1372 763 1502 831 πρὸς
1545 763 1674 814 Θεὸν
1711 763 1914 828 Λόγον;
1945 763 1998 812 τί
2037 763 2091 815 δέ
2122 780 2333 830 σεσοφι-

795 851 963 918 σμένη
991 848 1152 903 κακία
1177 849 1308 914 πρὸς
1341 848 1438 898 ὐπε
1451 847 1700 916 ρκόσμιον
1731 847 1914 914 σοφίαν
1939 864 1952 910 ;

875 935 968 985 Ἐν
995 935 1128 998 ποίᾳ
1161 933 1406 999 ἐξουσίᾳ
1435 933 1612 984 ταῦτα
1642 932 1859 996 ποιεῖς;
1899 931 2196 1001 Ἐρὼτησον
2242 932 2331 984 τὸν

794 1019 1175 1086 παραλυτικὸν,
1204 1017 1286 1068 διὰ
1322 1018 1474 1078 ποίας
1516 1017 1757 1080 ἐξουσίας
1801 1018 1878 1076 είς
1911 1017 2070 1084 ρῶσιν
2114 1017 2321 1068 ἀνακλί-

792 1118 971 1153 νεται·
1030 1101 1295 1169 ἐρώτησον
1334 1101 1600 1167 θαύματα.
1659 1104 1749 1152 καὶ
1786 1100 1858 1168 μὴ
1899 1101 2330 1169 πολυπραγμόνει

791 1187 880 1237 τοῦ
937 1187 1327 1255 θαυματοποιοῦ
1372 1188 1466 1255 τὴν
1521 1187 1777 1251 ἐξουσίαν.
1834 1189 1943 1238 Οὐκ
1987 1189 2329 1256 ἀποκρίνεται

791 1275 977 1342 ὐμῖνή
1027 1273 1143 1326 θεία
1194 1275 1366 1342 χάρις,
1417 1275 1662 1338 ἀναξίους
1713 1275 2047 1342 ἀποκρίσεως
2078 1276 2328 1339 κρίνουσα

787 1361 910 1420 τοὺς
935 1359 1115 1420 κακῶς
1140 1359 1466 1428 ἐρωτῶντας.
1502 1360 1746 1422 Τοιοῦτος
1765 1361 1869 1429 γάρ
1897 1354 2037 1413 δ’τοῦ
2071 1361 2202 1412 Θεοῦ
2230 1362 2328 1413 Λό-

787 1461 911 1509 γος·
943 1446 1068 1496 ὅταν
1121 1445 1200 1513 ίδῃ
1255 1445 1427 1513 ψυχὴν
1478 1445 1690 1497 σκολιὰν
1737 1448 1827 1497 καὶ
1875 1445 2323 1514 διεστραμμένην,

785 1531 1090 1582 ἀποσείεται
1120 1530 1282 1599 αὐτὴν
1311 1530 1384 1590 ὡς
1414 1530 1633 1594 ἀναξίαν
1662 1530 1760 1598 τῆς
1790 1531 2023 1599 χάριτος,
2049 1530 2328 1582 καὶπολλὰ

787 1614 1038 1677 πολλάκις
1066 1614 1376 1677 σπουδάζων
1417 1615 1721 1683 μανθάνειν,
1754 1616 2006 1683 ἀλήθειαν
2045 1617 2103 1667 οὐ
2136 1618 2326 1684 τυγχά-

781 1717 862 1751 νει
899 1699 1046 1769 παρά
1071 1699 1166 1767 τῆς
1212 1699 1481 1765 ἀληθείας.
1529 1700 1829 1768 Ἐρωτῶσιν
1877 1700 2106 1751 Ἰουδαῖοι
2135 1701 2326 1752 πολλά-

785 1803 888 1848 κις,
914 1788 1006 1838 καὶ
1024 1787 1140 1837 οὐδὲ
1170 1786 1312 1850 ἅπαξ
1346 1787 1719 1854 μανθάνουσιν,
1755 1788 1935 1857 ἐπειδὴ
1977 1790 2156 1850 κακῶς
2190 1791 2324 1857 ἐρωο

781 1871 958 1923 τῶσιν.
988 1872 1076 1932 Είς
1103 1870 1348 1924 τοσοῦτον
1376 1871 1549 1923 αὐτῶν
1583 1871 1679 1932 τὰς
1709 1872 1881 1940 ψυχὰς
1909 1873 2216 1936 ἐϐασάνιζεν
2245 1876 2321 1936 εἰς

779 1956 966 2025 ὀδύνην
991 1958 1022 2024 ἠ
1053 1956 1143 2008 τοῦ
1166 1957 1406 2026 Σωτῆρος
1435 1960 1631 2026 σιωπὴ,
1657 1958 1730 2019 ὡς
1751 1960 1917 2010 εἰπεῖν
1939 1960 2055 2011 τότε
2082 1959 2138 2010 τὸ
2159 1977 2322 2028 πονη-

785 2041 872 2108 ρὸν
902 2044 1071 2092 ἐκεῖνο
1107 2042 1370 2110 συνέδριον
1392 2059 1404 2071 ο
1440 2043 1590 2106 ’Έως
1610 2044 1748 2096 πότε
1780 2043 1892 2108 τὴν
1919 2043 2126 2111 ψυχὴν
2155 2043 2323 2112 ήμῶν

782 2127 931 2197 [419]
960 2129 1172 2194 αἵρεις;
1202 2132 1266 2180 Εἰ
1291 2128 1370 2180 σὺ
1402 2124 1457 2180 εἷ
1483 2131 1514 2179 d
1541 2130 1803 2195 Χριστὸς,
1837 2129 1964 2181 εἰπὲ
2001 2130 2142 2197 ἡμῖν
2175 2133 2320 2198 παῤ-

774 2215 978 2280 ρησίᾳ.
1026 2215 1159 2264 Ἀλλ’
1199 2214 1314 2265 οὐδὲ
1355 2213 1486 2282 μετὰ
1524 2214 1723 2283 ταύτην
1771 2215 1950 2276 αὐτοῖς
1998 2215 2092 2284 τὴν
2141 2217 2319 2286 φωνὴν

781 2299 1126 2364 ἀποκρίνεται
1149 2317 1160 2329 ·
1196 2301 1396 2363 ἀνάξιοι
1422 2302 1526 2369 γὰρ
1548 2298 1683 2370 ἦσαν
1713 2301 2046 2371 ἀποκρίσεως
2069 2305 2115 2354 οί
2138 2304 2319 2366 κακῶς

781 2383 1103 2451 ἐρωτῶντες.
1145 2386 1206 2435 Τί
1246 2381 1335 2436 οῦν
1383 2385 1515 2454 πρὸς
1561 2387 1752 2446 αὐτοὺς
1785 2390 1812 2438 6
1860 2387 2082 2456 Σωτήρ;
2134 2385 2320 2440 Εἶπον

779 2469 936 2534 ὑμῖν,
962 2469 1059 2520 καί
1076 2472 1182 2522 οὐκ
1204 2471 1499 2534 ἠκούσατε
1517 2486 1530 2497 ·
1554 2472 1608 2521 τί
1629 2472 1811 2522 πάλιν
1835 2472 2034 2524 θέλετε
2049 2474 2318 2534 ἀκούειν;

786 2556 861 2606 Τὰ
882 2555 1039 2622 ἔργα,
1073 2556 1109 2607 d
1137 2557 1248 2622 67x1)
1285 2556 1458 2619 ποιῶ,
1488 2557 1669 2608 ταῦτα
1703 2557 1979 2624 μαρτυρεῖ
2000 2560 2126 2624 περὶ
2150 2558 2312 2625 ἐμοῦ.

789 2641 948 2712 Ὁρᾷς
974 2644 1053 2694 ὅτι
1093 2643 1332 2710 βούλεται
1360 2643 1426 2695 τά
1464 2644 1596 2712 ἔργα
1627 2644 1944 2712 ἐρωτᾶσθαι,
1986 2645 2077 2697 καὶ
2125 2646 2196 2714 μὴ
2222 2643 2317 2715 τήν

779 2726 1020 2790 ἐξουσίαν
1077 2728 1672 2796 πολυπραγμονεῖσθαι;
1743 2729 2040 2798 Ἐρωτῶσιν
2077 2733 2123 2782 οί
2192 2733 2317 2783 Ἰου-

777 2811 932 2872 δαῖοι,
974 2816 1039 2864 El
1069 2813 1147 2865 σὺ
1181 2811 1238 2864 εἴ
1273 2818 1304 2865 ό
1331 2815 1596 2878 Χριστὸς,
1629 2814 1756 2866 είπὲ
1796 2813 1938 2881 ἡμῖν
1975 2817 2274 2882 παρῤησίᾳ
2299 2833 2311 2846 ·

776 2895 884 2960 ἓως
923 2898 1063 2948 πότε
1085 2897 1196 2962 τὴν
1232 2897 1437 2965 ψυχὴν
1465 2899 1629 2966 ἡμῶν
1650 2899 1862 2965 αῖρεις;
1895 2900 1985 2952 καὶ
2031 2901 2090 2951 οὐ
2141 2900 2315 2952 δίδωσι

777 2984 839 3050 τῇ
869 2982 1163 3051 ἀμφιϐολίᾳ
1193 2982 1342 3034 λύσιν
1361 3001 1372 3013 ·
1409 2982 1628 3052 ἠρώτων
1679 2986 1783 3054 γὰρ
1813 2986 1906 3053 οὐχ
1935 2986 2018 3037 ἵνα
2055 2985 2311 3052 μάθωσιν,

776 3068 888 3119 ἀλλ’
911 3069 993 3119 ἵνα
1020 3069 1476 3137 κατηγορήσωσιν.
1515 3070 1571 3120 Ὀ
1602 3070 1656 3121 δέ
1685 3072 1966 3140 ἀρχιερεὺς
1994 3072 2260 3140 Καϊάφας,
2288 3074 2315 3124 6

775 3157 872 3222 τῆς
911 3155 1226 3223 συναγωγῆς
1256 3155 1463 3223 ἐκείνης
1491 3153 1655 3219 ἄξιος,
1688 3159 1762 3217 είς
1792 3157 2033 3209 τοσοῦτον
2056 3154 2182 3227 ἦλθε
2211 3176 2314 3228 μα-

775 3241 912 3302 νίας,
953 3240 1027 3303 ὼς
1071 3243 1269 3292 εἰπεῖν·
1321 3241 1548 3308 Ὁρκίζω
1596 3258 1666 3294 σε
1707 3242 1852 3294 κατὰ
1887 3244 1988 3296 τοῦ
2029 3244 2171 3297 Θεοῦ
2210 3246 2314 3298 τοῦ

777 3325 1002 3390 ζῶντος,
1031 3327 1156 3378 εἰπὲ
1185 3327 1408 3393 ἠμῖν,εὶ
1439 3328 1517 3380 σὺ
1544 3324 1599 3380 εἷ
1622 3333 1652 3380 ό
1683 3330 1807 3392 Υἱὸς
1829 3328 1932 3381 τοῦ
1953 3330 2313 3396 Εὑλογητοῦ.

789 3412 843 3462 '0
860 3412 913 3463 δὲ
931 3412 1116 3481 Σωτὴρ
1137 3412 1392 3464 διδάσκων
1412 3415 1556 3481 ἡμᾶς
1571 3415 1692 3474 τοὺς
1707 3415 1890 3479 λόγους
1912 3414 2024 3482 μετ’
2042 3415 2315 3478 εὐλαϐείας

775 3496 1038 3564 δέχεσθαι,
1077 3497 1208 3565 πρὸς
1239 3497 1336 3566 μὲν
1368 3498 1456 3550 τὸν
1503 3499 1658 3566 ὅρκον
1699 3500 2060 3568 ἀποκρίνεται,
2093 3501 2224 3568 πρὸς
2261 3500 2314 3552 δὲ

775 3583 833 3634 τὸ
866 3582 1325 3651 άμφιϐαλλόμενον
1345 3583 1492 3636 λύσιν
1531 3586 1628 3635 οὐκ
1676 3585 1888 3637 ἔδωκεν.
1927 3588 2088 3647 Εἰπὲ,
2132 3587 2310 3655 φησὶν,

778 3667 936 3735 ἡμῖν,
968 3670 1018 3720 εὶ
1044 3668 1121 3720 σὺ
1141 3663 1198 3720 εἷ
1227 3671 1258 3721 ό
1290 3669 1418 3732 Υἱὸς
1450 3669 1550 3722 τοῦ
1589 3669 1949 3738 Εὐνλογητοῦ.
1986 3670 2142 3737 Λέγει
2183 3672 2313 3742 πρὸς

775 3754 933 3806 αὐτὸν
957 3755 984 3804 6
1007 3753 1201 3822 Κύριος
1225 3769 1239 3784 ’
1271 3753 1350 3806 Σὺ
1399 3749 1568 3818 εἴπας
1586 3769 1598 3782 ·
1634 3756 1724 3806 καὶ
1755 3754 1842 3806 τὸν
1863 3757 2018 3824 ὅρκον
2063 3757 2313 3826 ἐτίμησεν

771 3837 1124 3907 ὁμολογήσας,
1165 3836 1258 3889 καὶ
1279 3837 1372 3907 τὴν
1393 3836 1586 3890 κακίαν
1623 3839 1720 3890 οὐκ
1753 3840 2175 3908 ἐπληροφόρησε,
2201 3841 2316 3910 βδε-

773 3923 1064 3992 λυξάμενος
1092 3923 1188 3993 τὴν
1222 3924 1565 3992 πανουργίαν.
1628 3924 1922 3994 Ἐζήτησαν
1969 3927 2017 3976 οί
2080 3927 2314 3979 Ἰουδαῖοι

775 4008 956 4070 κακῶς
979 4049 992 4070 ,
1043 4009 1137 4061 καὶ
1185 4009 1526 4078 ἀποκρίσεως
1567 4010 1664 4061 οὐκ
1691 4010 1873 4078 ἔτυχον
1897 4029 1910 4042 ·
1948 4012 2038 4062 καὶ
2072 4012 2215 4078 μάλα
2251 4030 2311 4080 γε

775 4095 1022 4157 είκότως’
1049 4096 1248 4147 σκολιοὶ
1267 4096 1372 4166 γὰρ
1399 4097 1641 4165 λογισμοὶ
1665 4098 1982 4167 χωρίζουσιν
2027 4098 2134 4150 ἀπὸ
2157 4098 2311 4152 Θεοῦ.

773 4182 883 4233 Οὐκ
910 4181 1201 4250 ἐπέτρεπεν
1232 4181 1391 4234 αὐτοῦ
1421 4183 1516 4251 τήν
1549 4183 1735 4250 σοφίαν
1764 4186 1871 4244 τοῖς
1900 4184 2077 4246 κακῶς
2104 4185 2199 4255 τὴν
2230 4203 2316 4238 σο-

773 4267 897 4334 φίαν
921 4266 1080 4318 αὐτοῦ
1109 4265 1660 4335 πολυπραγμονοῦσιν.
1694 4270 1793 4332 Εἰς
1831 4269 2189 4336 κακότεχνον
2208 4271 2314 4338 γὰρ

771 4353 978 4420 ψυχὴν
999 4357 1107 4407 οὐκ
1136 4356 1536 4408 εἰσελεύσεται
1565 4355 1766 4422 σοφία.

843 4476 907 4544 β’.
936 4476 1042 4528 Καὶ⁸
1071 4477 1118 4528 οἱ
1147 4476 1244 4545 μὲν
1279 4478 1529 4539 πολλάκις
1554 4480 1901 4548 ζητήσαντες,
1944 4482 2039 4550 οὐχ
2085 4477 2236 4552 εὗρον
2257 4484 2314 4536 τὸ

772 4562 1095 4630 ζητούμενον
1119 4579 1134 4594 ο
1169 4561 1298 4631 γυνὴ
1331 4562 1385 4614 δέ
1418 4581 1498 4624 τις
1539 4564 1734 4626 ἀδόλως
1783 4567 1868 4617 καὶ
1896 4567 2088 4635 γνησίᾳ
2139 4567 2312 4619 πίστει

773 4649 1154 4716 προσελθοῦσα,
1185 4649 1242 4699 οὐ
1285 4649 1585 4716 πειράσασα
1631 4649 1728 4718 τὴν
1761 4650 2131 4718 ἀκατάληπτον
2157 4651 2312 4702 δύνα-

775 4753 884 4804 μιν,
912 4735 1042 4788 ἀλλὰ
1072 4735 1163 4786 καὶ
1200 4736 1256 4786 ἐν
1281 4734 1538 4803 ἁπλότητι
1574 4735 1651 4802 τῷ
1695 4737 1879 4804 Κυρίῳ
1907 4737 2269 4804 προσελθοῦσα
2293 4776 2311 4802 ,

771 4822 862 4872 καὶ
893 4820 1019 4889 ψιλῇ
1055 4822 1148 4888 μὲν
1177 4824 1239 4889 τῇ
1268 4821 1425 4885 λέξει,
1465 4822 1660 4891 γνησίᾳ
1691 4823 1747 4874 δὲ
1795 4827 1858 4893 τῇ
1891 4824 2064 4875 πίστει
2095 4827 2312 4894 φήσασα

771 4907 904 4976 πρὸς
928 4908 1114 4958 αὐτόν·
1143 4909 1390 4976 Οἴδαμεν
1414 4909 1500 4961 ὅτι
1525 4909 1668 4961 ὅταν
1687 4912 1828 4975 ἔλθῃ
1859 4914 2126 4975 Μεσσίας
2159 4915 2190 4964 ό
2215 4916 2314 4964 λε·-

770 4995 1014 5062 νόμενος
1036 4995 1300 5062 Χριστὸς,
1339 4996 1518 5059 αὐτὸς
1540 4995 1678 5062 ἡμῖν
1700 4995 1928 5050 ἅπαντα
1961 4999 2274 5065 ἀναγγελεῖ
2293 5019 2306 5032 ο

770 5079 966 5140 εὐθέως
990 5081 1183 5148 ἢκουσε
1213 5080 1358 5148 παρὰ
1385 5081 1474 5132 τοῦ
1500 5081 1813 5146 ἀγαπῶντος
1837 5084 2106 5152 ἁπλότητα
2124 5103 2135 5114 ·
2166 5086 2310 5152 Ἐγώ

766 5168 881 5234 ειμι
933 5169 966 5220 ό
1010 5168 1210 5219 ,λαλῶν
1258 5184 1372 5220 σοι.
1425 5169 1644 5221 Οὐδέπω
1672 5168 1936 5238 ἠρώτησε,
1976 5173 2067 5222 καὶ
2113 5173 2308 5235 εὐθέως

769 5251 994 5320 ἔμαθεν·
1025 5253 1231 5304 οὐδέπω
1254 5255 1342 5304 τὸν
1378 5254 1474 5320 τῆς
1510 5254 1740 5316 πίστεως
1761 5255 1976 5325 ἔσπειρε
2009 5257 2181 5324 λόγον,
2215 5260 2308 5311 καὶ

768 5338 965 5400 εὐθέως
1005 5340 1094 5391 τὸν
1128 5340 1332 5408 καρπὸν
1372 5339 1470 5406 τῆς
1501 5340 1776 5400 εὐσεϐείας
1828 5341 2084 5409 ἑθέρισεν,
2125 5346 2307 5412 ’Ἄγιος

767 5423 873 5493 γὰρ
903 5426 930 5474 6
965 5424 1112 5485 θεὸς,
1142 5426 1327 5486 ἁπλοῖς
1364 5425 1452 5476 καὶ
1477 5425 1648 5492 ἁγίοις
1671 5427 2160 5496 ἐπαναπαυόμενος,
2181 5431 2306 5483 ὅταν

767 5509 1040 5576 ἁπλότητα
1080 5511 1158 5578 ἴδῃ
1183 5511 1271 5561 τοῦ
1299 5512 1726 5580 προσερχομένου
1753 5551 1766 5574 ,
1815 5514 1972 5565 ἀπλοῖ
2018 5517 2108 5566 καὶ
2146 5517 2304 5579 αὐτὸς

769 5595 866 5664 τῆς
887 5595 1075 5648 ἑαυτοῦ
1095 5596 1275 5662 σοφίας
1291 5597 1383 5664 τὴν
1403 5597 1710 5666 εὐεργεσίαν
1732 5616 1745 5630 ·
1767 5600 1892 5652 ὅταν
1917 5601 1998 5669 ίδῃ
2020 5600 2299 5668 διεστραμ-

2224 311 2495 367 INCERTI

3881 345 3988 397 414

2439 422 2601 491 μένην
2637 428 2802 498 κακίᾳ
2831 429 3025 498 ψυχὴν,
3057 431 3250 483 κωλύει
3287 427 3379 495 τὴν
3414 433 3753 502 εὐεργεσίαν,
3796 433 3888 484 καὶ
3914 436 3972 486 οὐ

2431 509 2706 573 προσίεται
2758 514 2851 582 τὴν
2889 514 3250 570 διδασκαλίαν.
3292 517 3486 568 Ἀκουε
3522 517 3683 569 αὐτοῦ
3729 517 3974 582 λέγοντος

2429 589 2515 641 διὰ
2542 593 2808 656 Μωῡσέως
2827 613 2841 626 ο
2879 597 3016 648 Ἐὰν
3035 598 3198 664 ὑμεῖς
3227 601 3558 666 πορεύησθε
3603 600 3750 667 πρός
3773 619 3848 667 με
3882 603 3974 666 ὀρ-

2431 678 2542 740 θοὶ,
2583 677 2740 745 κάγὼ
2764 681 2909 746 πρὸς
2930 681 3082 748 ὑμᾶς
3106 684 3275 748 ὀρθός
3301 701 3312 714 ·
3339 685 3431 736 ἐὰν
3457 685 3512 736 δὲ
3546 685 3700 754 ὑμεῖς
3733 684 3970 748 πλάγιοι,

2431 761 2582 827 κάγὼ
2615 766 2879 834 χρήσομαι
2912 767 3034 834 ὑμῖν
3064 767 3215 836 θυμῷ
3246 768 3451 836 πλαγίῳ
3473 786 3490 801 ο
3511 772 3606 837 οὐχ
3627 770 3704 820 ὅτι
3731 769 3827 838 τὴν
3847 771 3970 819 ἐαυ-

2429 846 2527 914 τῆς
2556 849 2821 919 εὐθύτητα
2850 852 3128 917 πλαγιάζει
3163 856 3193 923 ή
3235 854 3349 905 θεία
3377 855 3533 922 φύσις
3553 896 3566 919 ,
3594 856 3704 906 ἀλλ’
3747 858 3825 907 ὅτι
3861 861 3970 918 τοῖς

2431 937 2680 1001 πονηροῖς
2706 939 2824 986 κατ’
2853 937 3061 989 εὐθεῖαν
3084 938 3150 989 τὰ
3175 938 3322 1008 παρά
3353 939 3447 1007 τῆς
3476 940 3726 1007 ἀληθείας
3755 941 3854 991 οὐκ
3879 941 3968 1009 ἔρ-

2430 1036 2598 1087 χεται.
2642 1022 2741 1073 Ἑν
2773 1025 2911 1088 ποίᾳ
2941 1025 3186 1089 ἐξουσίᾳ
3231 1026 3410 1077 ταῦτα
3440 1026 3662 1090 ποιεῖς;
3690 1028 3725 1092 ἢ
3756 1027 3845 1090 τίς
3875 1044 3971 1080 σοι

2429 1104 2606 1156 ἔδωκε
2643 1105 2754 1171 τὴν
2779 1107 3062 1168 ἐξουσίαν
3097 1111 3350 1174 ταύτην;
3400 1110 3454 1161 '0
3476 1110 3528 1161 δὲ
3563 1110 3746 1179 Σωτὴρ
3768 1112 3966 1172 αὐτοῖς.

2440 1187 2697 1242 Ἐνταῦθα
2723 1193 2970 1260 πρόσεχε,
3004 1193 3116 1254 πῶς
3145 1195 3266 1263 ὅρον
3306 1196 3431 1262 ἡμῖν
3474 1197 3561 1247 καὶ
3591 1197 3785 1248 κανόνα
3829 1197 3970 1248 διδα-

2431 1275 2649 1336 σκαλίας
2689 1277 2992 1328 ὑποτίθεται
3039 1280 3066 1329 6
3098 1279 3308 1330 πάντων
3343 1265 3552 1346 Κύριος.
3591 1281 3684 1341 Τίς
3731 1281 3787 1330 δὲ
3818 1276 3967 1342 οὗτός

2428 1361 2539 1410 ἐστι
2566 1377 2579 1422 ;
2609 1361 2860 1412 Βούλεται
2893 1363 3034 1430 ἡμᾶς
3063 1362 3199 1413 ὥστε
3234 1367 3344 1425 τοῖς
3373 1367 3618 1432 πονηροῖς
3652 1366 3963 1432 αἱρετικοῖς,

2439 1444 2701 1508 Ἰουδαίοις
2723 1446 2753 1514 ἢ
2777 1447 3047 1516 Ἕλλησιν,
3074 1448 3104 1515 ἢ
3142 1447 3343 1516 ἑτέροις
3383 1448 3518 1499 τισὶν
3555 1449 3966 1518 ἀπεσχισμένοις

2425 1528 2520 1595 τῆς
2540 1530 2831 1594 εὐσεϐείας,
2859 1531 2931 1600 μὴ
2962 1532 3342 1600 ἀποκρίνεσθαι
3368 1533 3538 1584 πάντα
3561 1533 3695 1600 πρὸς
3717 1534 3813 1594 τὰς
3836 1535 3966 1601 ἐρω-

2422 1615 2625 1681 τήσεις.
2661 1617 2812 1667 Ἐστι
2843 1617 2968 1685 γάρ,
2997 1617 3106 1667 ἐστι
3138 1617 3386 1678 πολλάκις
3437 1617 3702 1685 ἐρωτῆσαι
3735 1619 3963 1691 ἀποκρί-

2426 1716 2558 1762 σεως
2580 1701 2677 1752 οὐκ
2704 1703 2828 1767 ἀξια
2854 1719 2866 1733 α
2900 1705 2991 1754 καὶ
3023 1703 3100 1754 δεῖ
3129 1702 3274 1773 [420]
3305 1701 3512 1764 πάντως
3548 1704 3680 1771 πρὸς
3703 1704 3798 1764 τὰς
3824 1706 3965 1770 φαύ-

2421 1782 2544 1844 λους
2568 1784 2764 1846 ταύτας
2812 1786 2916 1837 τῶν
2958 1789 3341 1855 ἐπερωτήσεων
3392 1787 3748 1856 ἀντερωτήσει
3783 1789 3966 1852 δικαίᾳ

2421 1867 2612 1935 λέγειν.
2645 1871 2740 1921 Διά
2762 1871 2916 1922 τοῦτό
2951 1889 3079 1940 φησι
3105 1873 3234 1942 πρὸς
3256 1873 3446 1933 αὐτοὺς
3476 1874 3503 1924 6
3533 1872 3731 1940 Κύριος
3751 1887 3764 1901 ο
3793 1873 3963 1938 Ἐρω-

2421 1954 2580 2018 τήσω
2608 1954 2758 2022 ὑμᾶς
2784 1956 2941 2022 κάγὼ
2966 1957 3166 2024 λόγον,
3209 1956 3279 2007 ὃν
3316 1957 3392 2008 ἂν
3423 1957 3624 2022 είπητέ
3643 1975 3764 2024 μοι,
3804 1959 3968 2024 κάγὼ

2418 2041 2558 2107 ὑμῖν
2581 2041 3020 2108 ἀποκρινοῦμαι.
3058 2041 3124 2094 Τὸ
3163 2041 3426 2094 Ἰωάννου
3448 2043 3774 2110 βάπτισμα,
3806 2044 3961 2110 φησὶ,

2419 2128 2597 2179 πόθεν
2614 2124 2724 2196 ἦν;
2751 2129 2818 2190 ἐξ
2849 2129 3120 2194 οὐρανοῦ,
3159 2129 3195 2196 ἢ
3231 2129 3298 2192 ἐξ
3327 2129 3678 2195 ἀνθρώπων;
3703 2130 3836 2197 Ὅρα
3873 2146 3967 2195 μοι

2417 2213 2513 2282 τὴν
2537 2214 2711 2282 πηγήν
2733 2216 2826 2281 τῆς
2848 2216 3055 2281 σοφίας,
3080 2218 3144 2284 τῇ
3169 2217 3496 2285 ἐπερωτήσει
3523 2216 3579 2266 τδ
3604 2215 3790 2282 ψεῦδος
3811 2216 3966 2281 ἐλέγ-

2417 2314 2610 2364 χουσαν
2633 2313 2646 2327 ·
2679 2300 2775 2369 ὅρα
2811 2317 2898 2368 μοι
2953 2301 3040 2352 τὸν
3080 2301 3171 2351 τοῦ
3205 2300 3335 2352 Θεοῦ
3383 2301 3549 2367 Λόγον
3595 2301 3966 2369 συλλογισμοῖς

2416 2385 2511 2452 τὴν
2535 2385 2726 2436 κακίαν
2756 2386 3119 2453 ἀνατρέποντα
3141 2403 3153 2416 ·
3193 2387 3456 2454 σκόπησον
3503 2386 3556 2436 δὲ
3609 2389 3700 2437 καὶ
3752 2386 3844 2455 τὴν
3873 2405 3968 2438 κα·

2418 2471 2557 2530 κίαν,
2599 2471 2713 2529 πῶς
2738 2473 2845 2525 τοῖς
2880 2471 3026 2530 ίδίοις
3063 2470 3402 2522 ἀναλίσκεται
3444 2470 3641 2538 βέλεσι,
3695 2472 3784 2521 καὶ
3834 2474 3968 2533 ταῖς

2416 2553 2637 2614 οἰκείαις
2670 2557 3106 2621 συγκατασπᾶται
3131 2557 3519 2622 κακοτεχνίαις.
3555 2557 3623 2606 Τὸ
3647 2553 3967 2621 ,ϐάπτισμα

2429 2637 2702 2691 Ἰωάννου
2729 2642 2910 2692 πόθεν
2930 2636 3006 2708 ἦν
3022 2656 3040 2700 ;
3068 2640 3135 2702 ἐξ
3163 2639 3438 2705 οὐρανοῦ,
3459 2641 3492 2704 ἢ
3514 2639 3580 2702 ἐξ
3607 2638 3928 2705 ἀνθρώπων
3945 2655 3968 2702 ,°

2428 2730 2646 2780 Ἐκεῖνοι
2677 2727 2802 2796 παρ’
2837 2728 3046 2788 ἑαυτοῖς
3090 2724 3398 2787 ἐϐασάνιζον
3427 2724 3517 2776 τοῦ
3571 2726 3806 2792 ῥήματος
3859 2726 3966 2794 τὴν

2414 2812 2658 2880 δύναμιν.
2688 2812 2778 2863 καί
2811 2828 2970 2877 φασιν
2991 2828 3002 2839 ·
3057 2810 3194 2861 Ἐὰν
3241 2811 3512 2874 alam/ter,
3552 2808 3648 2868 Ἐξ
3678 2807 3964 2872 οὐρανοῦ,

2415 2897 2706 2964 ἐρεῖήμῖν,
2751 2897 2904 2949 Atat!
2932 2891 3040 2947 οὖν
3059 2894 3141 2960 μὴ
3175 2895 3595 2952 ἑπιστεὺσατε;
3624 2888 3824 2960 Οἷδενή
3857 2909 3967 2944 κα-

2417 2983 2509 3033 κία
2536 2983 2622 3032 τὸν
2650 2982 2842 3049 ἑαυτῆς
2867 2979 3071 3030 ὄλισθον
3092 2995 3104 3008 ’
3136 2975 3272 3029 οἶδεν
3302 2978 3379 3028 ὅτι
3417 2973 3494 3038 οἷς
3525 2977 3804 3046 προτείνει,
3833 2977 3968 3028 τού-

2414 3084 2522 3128 τοις
2555 3067 2882 3132 ἀφανίζεται.
2946 3065 3154 3133 Ἐπειδὴ
3207 3064 3277 3132 μὴ
3333 3064 3639 3130 ὑπήκουσαν
3691 3061 3965 3125 Ἰωάννου,

2414 3152 2697 3220 ἐφοϐοῦντο
2721 3154 2908 3212 εἰπεῖν,
2935 3151 3014 3202 ὅτι
3040 3151 3100 3200 ἐκ
3119 3150 3268 3207 Θεοῦ,
3298 3149 3380 3200 ἵνα
3412 3148 3482 3218 μὴ
3505 3147 3812 3216 παραπόδας
3832 3147 3968 3200 ἀκο-

2413 3237 2644 3305 λουθήσῃ
2673 3239 2700 3288 6
2729 3236 2957 3304 ἔλεγχος.
2996 3235 3126 3286 Ἐὰν
3153 3234 3217 3284 δὲ
3238 3235 3508 3300 εἴπωμεν,
3531 3232 3596 3294 ἐξ
3614 3232 3965 3298 ἀνθρώπων,

2413 3323 2740 3389 φοϐούμεθα
2767 3321 2870 3372 τὸν
2891 3321 3091 3385 ὄχλον,
3121 3318 3202 3384 μὴ
3236 3314 3620 3383 λιθασθῶμεν.
3653 3317 3753 3366 Καὶ
3783 3317 3894 3384 γὰρ
3928 3321 3964 3383 ἡ

2414 3407 2539 3479 περὶ
2565 3407 2650 3458 τὸν
2678 3407 2878 3458 δίκαιον
2930 3405 3192 3474 πρόληψις
3236 3403 3596 3471 ἀπαραίτητον
3629 3401 3745 3453 καθ’
3799 3402 3966 3468 ἡμῶν

2414 3493 2546 3544 οίσει
2575 3493 2668 3561 τὴν
2695 3493 2865 3560 δίκην.
2924 3492 3036 3552 Πᾶς
3085 3490 3190 3559 γάρ
3225 3491 3250 3541 6
3279 3489 3401 3550 λαὸς
3431 3483 3539 3556 εἶχε
3578 3489 3665 3538 τὸν
3707 3488 3967 3556 Ἰωάννην

2411 3577 2485 3639 ὼς
2514 3580 2810 3646 προφήτην.
2859 3578 2969 3629 Οὐκ
3000 3575 3279 3642 ἠϐούλοντο
3306 3570 3396 3625 οὖν
3424 3573 3480 3624 τὸ
3532 3571 3720 3640 ἀληθὲς
3757 3573 3964 3635 εἰπεῖν,

2412 3663 2491 3715 ὅτι
2520 3665 2582 3715 ἐκ
2603 3663 2732 3715 Θεοῦ
2752 3678 2764 3692 ·
2794 3661 3143 3713 ἀπεσείσαντο
3163 3660 3269 3730 γάρ
3294 3659 3386 3711 τοῦ
3402 3657 3532 3710 Θεοῦ
3560 3657 3652 3727 τὴν
3681 3656 3964 3726 ἀλήθειαν,

2415 3752 2505 3801 καὶ
2536 3749 2594 3799 τὸ
2613 3748 2800 3816 ψεῦδος
2822 3749 2991 3799 εἰπεῖν
3011 3747 3106 3798 οὐκ
3127 3746 3360 3814 ἐτόλμων
3380 3761 3392 3774 ·
3422 3743 3518 3812 τῆς
3546 3743 3650 3810 γὰρ
3673 3743 3968 3810 ἀναισχυνο

2413 3836 2528 3894 τίας
2559 3833 2808 3900 δικαστήν
2840 3829 2980 3900 εἶχον
3015 3831 3102 3883 τὸν
3148 3830 3330 3896 φόϐον,
3364 3830 3455 3880 καὶ
3483 3827 3665 3879 τοῦτον
3703 3827 3761 3878 οὐ
3789 3827 3962 3891 θεῖον,

2412 3919 2545 3972 ἀλλά
2579 3917 2930 3986 ἀνθρώπινον.
2967 3916 3074 3969 Καὶ
3105 3915 3210 3984 γὰρ
3247 3914 3416 3975 οὕτως
3438 3914 3546 3982 ἔχει
3567 3928 3579 3941 ·
3617 3913 3792 3964 πολλοὶ
3826 3915 3968 3964 πολ-

2413 4005 2566 4068 λάκις
2595 4004 2724 4056 Θεοῦ
2761 4003 2921 4070 φόϐον
2947 4004 3045 4055 οὐκ
3073 4002 3301 4071 ἔχοντες,
3332 3999 3648 4070 ἀνθρωπίνῳ
3673 3998 3814 4066 φόϐῳ
3832 3999 3968 4052 δουο

2413 4090 2670 4142 λεύουσιν.
2710 4088 3022 4156 Ἐφοϐοῦντο
3047 4087 3134 4138 τὸν
3155 4086 3298 4141 λαόν.
3327 4085 3448 4139 Εἴθε
3471 4085 3559 4137 τὸν
3585 4083 3732 4144 Θεὸν,
3761 4086 3849 4134 καὶ
3886 4085 3966 4154 μὴ

2412 4176 2501 4227 τὸν
2525 4175 2677 4226 λαόνε
2713 4174 2771 4226 τὸ
2824 4173 2921 4242 μὲν
2951 4173 3056 4240 γὰρ
3112 4171 3369 4233 εὐσεϐεῖν,
3415 4169 3472 4221 τὸ
3509 4169 3562 4221 δέ
3595 4168 3821 4221 ἀσεϐεῖν.
3851 4171 3966 4221 Λέ-

2413 4277 2595 4326 γουσιν
2625 4259 2788 4326 αὐτῷ,
2827 4260 2945 4310 Οὐκ
2975 4257 3231 4324 οἴδαμεν.
3262 4257 3399 4322 Ὅρα
3444 4254 3558 4313 πῶς
3587 4255 3618 4322 ή
3659 4254 3818 4305 κακία
3847 4259 3968 4318 τοῖς

2416 4347 2662 4414 πονηροῖς
2695 4343 2992 4412 ὲμφωλεύει
3019 4359 3029 4373 ·
3061 4344 3160 4412 ὅρα
3211 4341 3325 4402 πῶς
3364 4340 3556 4408 ἐαυτῆς
3593 4339 3687 4407 τὴν
3730 4339 3968 4391 ἀτοπίαν

2411 4435 2444 4501 ἠ
2477 4433 2695 4485 ἀσέϐεια
2725 4431 2998 4499 κηρύττει.
3023 4431 3227 4499 Ὠσπερ
3256 4429 3358 4497 γάρ
3392 4427 3522 4494 ἔχις,
3569 4427 3600 4495 ἡ
3640 4444 3688 4477 τι
3720 4427 3825 4477 τῶν
3857 4445 3964 4480 πο-

2413 4519 2716 4587 νηροτάτων
2771 4517 3000 4586 θηρίων,
3057 4519 3165 4578 τοῖς
3220 4515 3497 4582 ὑπονόμων
3555 4522 3573 4543 ⁸
3624 4513 3963 4580 ἐμφωλεῦον,

2411 4607 2589 4673 ἠρέμα
2620 4604 2915 4673 προκύπτει
2945 4603 3042 4670 τῆς
3065 4601 3422 4661 καταδύσεως,
3461 4599 3548 4650 καί
3580 4599 3755 4651 τέλεον
3788 4617 3958 4668 προσ-

2412 4691 2577 4742 ελθεῖν
2606 4693 2702 4742 οὐκ
2727 4690 2926 4741 ἐθέλει·
2963 4688 3102 4740 οὕτω
3147 4687 3239 4739 καὶ
3269 4687 3316 4737 οἱ
3359 4685 3611 4749 Ἰουδαῖοι,
3665 4685 3739 4753 τῷ
3767 4684 3964 4753 φωλεῷ

2410 4778 2505 4845 τῆς
2532 4776 2724 4836 κακίας
2751 4775 3031 4837 συζῶντες,
3057 4777 3132 4834 είς
3159 4773 3270 4840 φῶς
3289 4773 3382 4840 τὴν
3413 4772 3615 4823 ἑαυτῶν
3643 4771 3700 4822 οὐ
3729 4771 3969 4840 προσφέ-

2413 4882 2560 4935 ρουσι
2595 4864 2836 4932 γνώμην.
2868 4863 2957 4914 Διὸ
2986 4864 3074 4914 καὶ
3103 4862 3131 4912 6
3157 4860 3355 4928 Κύριος
3388 4859 3520 4927 πρὸς
3550 4859 3768 4920 αὐτούς·
3805 4858 3967 4909 Οὐδὲ

2408 4950 2518 5017 ἐγὼ
2548 4951 2700 5017 λέγω
2733 4950 2889 5016 ὑμῖν.
2920 4950 3059 5017 Ὅρα
3080 4947 3192 5008 πῶς
3213 4948 3246 5014 ή
3277 4944 3449 5013 σιωπὴ
3471 4945 3563 5014 τὴν
3597 4943 3791 4995 ἀτοπον
3819 4942 3968 5011 ἐρώ-

2407 5053 2559 5104 τησιν
2588 5035 2838 5087 ἐκόλασεν
2860 5051 2871 5063 ·
2905 5035 3003 5104 ὅρα
3032 5033 3147 5094 πῶς
3175 5032 3269 5099 τὴν
3309 5029 3497 5082 κακίαν
3525 5030 3622 5081 οὐκ
3660 5029 3970 5096 ἐπληροφό-

2409 5138 2592 5190 ρησεν,
2625 5121 2733 5172 ἀλλ’
2759 5121 3057 5188 ἀπέστησεν
3093 5117 3282 5178 αὐτοὺς
3311 5117 3365 5167 ἐν
3391 5117 3538 5185 μέσῳ
3563 5115 3669 5166 τῶν
3714 5113 3969 5180 συλλογιυ

2409 5206 2578 5274 σμῶν.
2610 5207 2716 5256 Καὶ
2749 5207 2883 5274 ὅπερ
2912 5203 3077 5256 ἔπαθέ
3119 5219 3244 5255 ποτε
3272 5206 3302 5271 ή
3332 5202 3447 5264 δνος
3476 5201 3564 5253 τοῦ
3599 5199 3839 5265 Βαλαὰμ,
3884 5200 3965 5270 μὴ

2407 5292 2689 5360 δυνηθεῖσα
2716 5291 2954 5344 ἐκκλῖναι
2972 5288 3118 5352 δεξιά
3141 5289 3173 5356 ἢ
3197 5289 3476 5357 ἀριστερὰ,
3499 5287 3585 5339 διὰ
3612 5285 3697 5336 τὸν
3722 5282 3967 5348 ἄγγελον

2405 5379 2490 5429 τὸν
2512 5378 2900 5446 ἀντιστήσαντα
2931 5374 3127 5446 ταύτῃ⁹
3160 5373 3327 5436 οὕτως
3379 5372 3574 5424 ἔπαθεν
3615 5371 3647 5438 ή
3691 5367 3966 5440 Ἰουδαῖκὴ

2465 5545 2480 5564 ⁸
2533 5543 2823 5600 Ὕπονὸμων,
2869 5554 2977 5596 vox,
3025 5545 3077 5587 ut
3117 5538 3328 5598 videtur,
3379 5540 3620 5598 corrupta.
3677 5532 3965 5586 Colelerius

2409 5606 2668 5668 legendum
2689 5604 2934 5651 existimat
2957 5601 3220 5662 ὑπονόμοις.
