4110 6318
243 320 367 375 413

247 432 383 484 tiam
432 429 711 484 verborum
753 425 995 491 oti‘erunt,
1036 442 1066 481 a
1096 441 1199 496 quo
1240 438 1292 482 et
1331 443 1487 482 omne
1530 428 1810 482 verborum

247 518 558 581 srtiticium,
587 528 642 572 et
676 518 846 573 omnis
875 527 1195 586 prmparatus
1234 517 1626 572 ratiociniorum
1661 532 1809 570 com-

246 609 438 676 plexus
467 608 618 662 facile
649 608 946 676 percipitur.
981 607 1114 673 Quid
1153 609 1292 662 enim
1323 617 1495 671 potest
1524 608 1807 661 humanum

246 699 472 751 verbum
509 707 689 752 contra
735 698 960 752 Verbum
996 698 1200 753 Deum?
1239 698 1362 766 quid
1402 697 1810 766 sophismatibus

247 784 508 839 instructa
535 786 808 856 sapientia,
830 797 1010 840 contra
1037 788 1298 841 caelestem
1328 787 1677 854 sapientiam?

330 875 496 944 Opera
526 878 634 944 ipsa
655 887 938 943 potestatem
973 875 1118 931 Verbi
1149 876 1239 929 Dei
1267 877 1491 945 probant.
1521 905 1591 915 —
1617 875 1684 929 In
1710 893 1809 946 qua

248 975 496 1033 potestate
524 967 627 1020 hinc
661 967 822 1036 facis?
845 966 1108 1037 Interroga
1139 967 1500 1035 paralyticum,
1532 981 1625 1034 per
1652 981 1806 1035 quam

248 1064 567 1122 potestatem
600 1069 757 1107 sanus
803 1055 1070 1108 recumbat
1099 1073 1111 1106 :
1150 1055 1414 1122 interroga
1453 1054 1723 1119 miracula,
1756 1063 1809 1108 et

247 1143 571 1197 mirabilium
616 1143 901 1197 Patratoris
931 1152 1236 1210 potestatem
1264 1142 1470 1195 curiose
1507 1158 1572 1194 ne
1597 1143 1804 1210 perqui-

247 1248 363 1286 ras.
395 1233 510 1285 Non
541 1233 820 1300 respondet
855 1233 1000 1284 vobis
1025 1232 1196 1283 di\itta
1231 1232 1394 1299 gratia
1414 1272 1429 1294 ,
1466 1234 1807 1298 responsione

248 1321 498 1391 indignos
532 1321 769 1390 judicans
805 1336 896 1374 eos
931 1321 1018 1390 qui
1049 1335 1319 1388 perperam
1352 1321 1689 1389 interrogant.
1736 1320 1805 1373 Ita

245 1412 390 1465 solet
428 1411 518 1465 Dei
549 1410 815 1464 Verbum:
854 1425 971 1464 cum
1012 1410 1150 1464 videt
1190 1412 1418 1463 animam
1459 1410 1718 1478 obliquam
1755 1420 1807 1464 et

248 1515 576 1569 perversam,
608 1500 820 1566 expellit
847 1515 983 1564 eam,
1021 1509 1078 1552 ut
1105 1501 1265 1568 gratia
1293 1500 1575 1568 indignam,
1607 1510 1657 1554 et
1686 1515 1806 1554 cum

246 1591 414 1641 multa
442 1604 581 1658 saepe
617 1589 817 1642 discere
852 1596 1088 1653 conetur,
1131 1588 1398 1642 veritatem
1429 1604 1531 1642 non
1567 1590 1807 1657 impetrat

246 1694 278 1731 a
310 1680 552 1732 veritate.
585 1679 910 1748 lnterrogant
937 1679 1101 1733 διιόωί
1127 1694 1285 1748 smpe,
1316 1695 1376 1732 ac
1407 1695 1473 1733 ne
1498 1682 1659 1733 semel
1687 1680 1804 1747 qui-

246 1767 374 1821 dem
404 1769 628 1833 discunt,
659 1769 777 1837 quia
804 1769 936 1820 male
963 1769 1300 1838 interrogant.
1333 1769 1504 1837 Usque
1533 1769 1665 1822 adeo
1687 1770 1802 1822 illo-

246 1874 368 1912 rum
401 1859 603 1912 animos
639 1860 906 1912 cruciabat
943 1860 1233 1914 Servatoris
1272 1860 1558 1924 silentium,
1592 1869 1647 1913 ut
1686 1871 1805 1914 tunc

245 1948 453 2000 diceret
483 1948 648 2000 malus
678 1948 766 2000 ille
802 1963 1078 2002 consessus
1107 1965 1120 2001 :
1157 1949 1422 2018 Quousque
1459 1951 1676 2000 animam
1715 1966 1805 2002 no-

246 2048 405 2090 stram
433 2038 607 2091 tollis?
635 2038 694 2092 Si
722 2048 772 2090 tu
799 2056 850 2092 es
879 2039 1124 2105 Christus,
1152 2040 1232 2090 dic
1262 2040 1400 2092 nobis
1430 2040 1597 2107 palam
1625 2038 1798 2106 (Joan.

246 2129 338 2182 10.
372 2128 480 2198 24).
508 2128 609 2183 Sed
639 2145 806 2196 neque
838 2139 953 2197 post
993 2130 1127 2182 hanc
1155 2145 1333 2184 vocem
1368 2131 1469 2182 illis
1499 2129 1800 2196 respondet,

243 2218 370 2285 quia
393 2219 731 2286 responsione
755 2219 893 2288 digiti
921 2233 1022 2272 non
1051 2227 1220 2278 erant,
1243 2220 1328 2286 qui
1360 2219 1492 2271 male
1513 2219 1801 2287 interroga-

243 2316 456 2360 verunt.
483 2307 616 2372 Quid
645 2309 817 2377 itaque
859 2309 935 2361 eis
971 2309 1248 2361 Servator?
1291 2308 1410 2360 Dixi
1440 2308 1591 2372 vobis,
1621 2318 1664 2360 et
1704 2325 1801 2360 non

243 2397 458 2448 audistis
480 2411 498 2459 ,'
522 2397 641 2466 quid
669 2398 842 2450 iterum
867 2399 1011 2449 vultis
1036 2398 1210 2450 audire
1243 2397 1402 2466 (Ibid.
1426 2399 1478 2452 9.
1517 2399 1642 2467 27)?
1667 2398 1798 2466 Ope-

244 2501 324 2548 ra,
358 2501 469 2553 qua
504 2502 592 2556 ego
627 2487 775 2554 facio,
822 2489 930 2557 ipsa
969 2489 1295 2540 tes:imoninm
1335 2489 1586 2555 perhibent
1630 2491 1690 2541 de
1727 2507 1802 2542 me

245 2575 407 2644 (Ibid.
444 2578 527 2631 10.
567 2577 682 2643 25).
718 2578 871 2632 Vides
898 2580 1031 2633 velie
1060 2596 1176 2633 eum
1208 2590 1262 2634 ut
1289 2595 1445 2648 opera
1473 2582 1800 2648 interrogen-

243 2675 353 2730 tur,
382 2681 483 2719 non
526 2677 580 2720 ut
605 2668 670 2721 de
710 2678 962 2734 potestate
992 2670 1317 2737 inquiratur?
1359 2669 1800 2737 luterrogautJu-

243 2752 385 2806 dmi:
433 2754 490 2807 Si
535 2765 588 2807 tu
627 2773 676 2809 es
716 2756 956 2820 Christus,
997 2758 1074 2809 dic
1116 2760 1254 2810 nobis
1295 2757 1461 2826 palam
1485 2776 1504 2822 ;
1550 2775 1801 2826 quousque

241 2843 465 2894 animam
491 2852 708 2894 nostram
747 2845 878 2896 tollis
907 2843 1081 2913 (Joan.
1113 2846 1196 2898 10.
1231 2845 1364 2913 2i)?
1401 2861 1496 2898 nec
1525 2846 1798 2913 qtta‘SIioni

241 2935 335 2989 dat
356 2936 666 2991 solutionem
693 2955 705 2989 :
737 2936 1122 3005 interrogabant
1143 2939 1282 2991 enim
1307 2953 1406 2991 non
1431 2938 1683 3003 discendi,
1707 2938 1796 2991 sed

241 3026 524 3079 accusandi
566 3040 742 3080 causa.
790 3027 1010 3095 Caiphas
1052 3037 1222 3080 autem
1274 3029 1512 3095 princeps
1553 3027 1799 3080 sacerdo-

243 3127 658 3186 tum,synagoga
687 3117 771 3170 illa
812 3118 1017 3186 dignus,
1062 3117 1111 3170 in
1152 3126 1342 3170 tantam
1384 3121 1662 3170 amentiam
1699 3117 1795 3171 dc-

242 3217 479 3271 venerat,
511 3217 567 3259 ut
593 3208 828 3261 diceret:
872 3209 1061 3274 Adjuro
1100 3217 1146 3260 te
1189 3225 1274 3273 per
1313 3207 1470 3260 Deum
1508 3210 1688 3271 vivum,
1719 3209 1797 3261 dic

241 3297 405 3360 nobis,
457 3298 498 3347 si
543 3305 595 3347 tu
642 3312 692 3348 es
735 3295 898 3349 Filius
932 3295 1184 3348 Benedicti
1223 3296 1429 3365 (Matth.
1470 3297 1555 3350 26.
1589 3298 1697 3366 65).
1730 3298 1798 3350 At

241 3385 492 3439 Servator
517 3384 712 3439 docens
742 3400 837 3439 nos
865 3400 1136 3439 sermones
1170 3401 1287 3438 cum
1322 3387 1513 3454 pietate
1535 3388 1792 3455 accipere,

240 3475 500 3541 adjuranti
549 3475 755 3544 quidem
801 3477 1113 3544 respondet,
1156 3492 1323 3544 neque
1371 3486 1539 3530 tamen
1583 3479 1793 3532 dubium

240 3564 416 3616 solvit.
474 3563 568 3616 Dic
617 3565 775 3629 nobis,
826 3565 1022 3633 inquit,
1064 3567 1108 3618 si
1143 3577 1192 3619 tu
1239 3583 1288 3619 es
1338 3565 1501 3619 Filius
1543 3567 1796 3621 Benedicti

240 3652 684 3722 (Matt/n26.64).
712 3655 798 3708 Ait
825 3654 894 3707 illi
923 3655 1170 3709 Dominus
1197 3672 1209 3707 :
1241 3655 1314 3708 Tu
1343 3656 1513 3709 dixisti
1538 3673 1556 3710 .'
1576 3673 1635 3710 ac
1651 3657 1795 3725 jura-

238 3755 474 3798 mentum
497 3760 591 3812 per
617 3745 997 3799 confessionem
1029 3746 1318 3810 honoravit,
1349 3763 1519 3815 neque
1545 3749 1793 3802 malitiam

237 3834 518 3888 certiorem
560 3835 702 3897 fecit,
733 3837 976 3890 astutiam
1015 3836 1364 3888 abominatus.
1405 3837 1542 3889 Male
1569 3838 1792 3905 quzesie-

236 3934 359 3978 rant
385 3924 566 3989 .Iudmi,
598 3942 692 3979 nec
717 3941 1023 3994 reSponsum
1055 3927 1153 3980 illis
1190 3936 1269 3980 est
1305 3944 1317 3978 :
1357 3928 1512 3996 idque
1537 3929 1653 3996 jure
1679 3945 1790 3982 me-

236 4015 372 4078 rito;
402 4030 520 4069 nam
546 4016 769 4084 obliqua:
801 4017 1143 4086 cogitationes
1177 4033 1205 4068 a
1250 4019 1354 4072 Deo
1385 4029 1646 4086 separant.
1678 4020 1788 4073 Non

235 4105 417 4158 emisit
441 4105 745 4172 sapientiam
774 4119 920 4159 suam
953 4106 1014 4158 iis
1043 4105 1128 4174 qui
1159 4106 1294 4159 male
1324 4108 1463 4159 illam
1489 4110 1793 4162 scrutaban-

237 4207 344 4250 tur.
377 4194 442 4248 In
469 4195 759 4248 malevolam
778 4195 906 4248 enim
931 4196 1146 4247 animam
1174 4212 1273 4248 non
1301 4197 1518 4249 introibit
1548 4199 1791 4266 sapientia

238 4291 393 4361 (Sap.
427 4288 472 4340 ι.
503 4285 579 4359 4).

303 4377 361 4429 2.
394 4378 562 4445 Atque
603 4377 674 4430 illi
719 4387 839 4446 post
874 4376 1172 4445 frequentes
1211 4377 1525 4445 quatstiones
1564 4376 1612 4429 id
1653 4377 1789 4446 quod

233 4470 539 4538 qnmrebant
564 4485 664 4523 non
694 4471 1002 4523 invenerunt
1021 4488 1033 4523 :
1058 4470 1243 4521 mulier
1260 4485 1380 4521 ιρι-ο
1396 4469 1652 4536 quaedam,
1674 4485 1789 4537 qua:

233 4563 354 4614 sine
376 4560 498 4614 dolo
519 4571 570 4614 et
598 4577 714 4614 cum
751 4561 952 4614 sincera
1001 4559 1099 4612 fide
1135 4569 1443 4622 accesserat,
1475 4574 1575 4612 non
1601 4569 1655 4612 ut
1679 4571 1789 4612 tcu-

233 4656 373 4702 taret
411 4649 550 4702 illam
596 4648 1168 4716 iucomprehensibilem
1208 4649 1493 4711 virtutem,
1539 4647 1628 4700 sed
1669 4662 1788 4700 cum

233 4739 568 4806 simplicitate
590 4739 862 4791 Dominum
889 4739 1088 4801 adiens,
1115 4737 1342 4792 dictione
1364 4738 1525 4802 tenui,
1552 4738 1642 4791 sed
1667 4754 1791 4805 pura

235 4830 344 4882 fide
363 4827 541 4881 dicens
565 4845 579 4880 :
609 4827 806 4881 Scimus
834 4828 965 4895 quod
991 4845 1099 4879 cum
1126 4829 1306 4880 venerit
1344 4827 1573 4892 Messias,
1610 4829 1694 4895 qui
1716 4829 1794 4878 di-

233 4918 366 4968 citur
395 4916 634 4978 Christus,
677 4916 782 4982 ipse
827 4915 963 4967 nobis
998 4916 1305 4967 annuntiabit
1335 4915 1499 4966 omnia
1533 4914 1709 4982 (Joan.
1736 4917 1788 4968 4.

232 5007 327 5077 25)
359 5022 373 5058 :
413 5007 585 5059 statim
625 5006 820 5059 audivit
864 5006 929 5058 ab
969 5015 1202 5058 amatore
1252 5005 1598 5072 simplicitatis
1638 5023 1647 5056 :
1683 5003 1790 5073 Ego

232 5116 346 5153 sum
373 5099 457 5165 qui
491 5099 664 5166 loquor
700 5106 857 5149 tecum
877 5096 1034 5164 (Ibid.
1065 5113 1109 5148 υ.
1140 5096 1253 5166 26).
1282 5096 1519 5149 Nondum
1569 5096 1790 5148 interro-

231 5197 466 5256 gaverat,
489 5195 540 5241 et
566 5188 737 5240 statim
759 5187 939 5240 didicit
963 5202 978 5250 ;
1008 5186 1235 5239 nondum
1261 5186 1377 5239 tidei
1401 5185 1613 5238 verbum
1635 5186 1790 5238 semi—

232 5286 472 5340 naverat,
504 5284 557 5329 et
581 5277 755 5329 statim
784 5276 1002 5328 fructum
1035 5277 1237 5343 pietatis
1259 5276 1539 5343 decerpsit.
1571 5276 1789 5329 Sanctus

232 5369 429 5438 quippe
458 5368 599 5420 Deus
619 5367 669 5418 in
698 5366 1020 5433 simplicibus
1045 5376 1098 5419 et
1118 5367 1310 5420 sanctis
1336 5366 1637 5434 requiescit,
1667 5381 1786 5418 cum

232 5456 531 5512 arcedentis
560 5456 939 5523 simplicitatem
970 5455 1192 5519 viderit;
1225 5456 1448 5524 explicat
1487 5457 1641 5509 etiam
1680 5457 1788 5523 ipse

233 5548 501 5618 sapientia:
523 5559 632 5600 suae
658 5545 1048 5599 beneficentiam
1079 5563 1092 5597 :
1125 5561 1241 5599 cum
1263 5545 1449 5599 viderit
1476 5553 1647 5598 autem
1678 5546 1788 5598 aui-

238 5658 372 5696 mam
419 5635 648 5705 nequitia
689 5650 1017 5704 perversam,
1065 5635 1373 5690 beneficium
1415 5633 1644 5700 cohibet,
1692 5649 1787 5689 nec

1240 315 1307 372 lN
1343 315 1565 384 lLLUD,
1605 314 1671 371 IN
1709 315 1847 382 QUA
1885 314 2298 390 rorssrars,
2338 307 2488 382 ere.

3373 363 3483 416 414

1918 427 2206 524 doctrinam
2233 435 2441 490 emittit.
2476 438 2608 493 Audi
2633 443 2755 511 quid
2783 445 2893 514 ipse
2912 446 3046 502 dicat
3073 464 3164 518 per
3188 452 3418 524 Moysem
3455 475 3469 512 :

1915 515 1976 570 Si
1998 534 2083 574 vos
2110 523 2474 580 ambulaveritis
2493 545 2611 599 erga
2638 547 2714 584 nte
2749 536 2888 601 recti,
2930 549 2976 590 et
3009 515 3099 607 ego
3141 558 3255 611 ergo
3274 515 3364 598 'vos
3391 562 3469 599 re-

1913 617 2019 661 ctus
2037 609 2109 678 (a)
2126 611 2308 702 (Leuit.
2329 613 2416 668 26.
2445 617 2532 671 25.
2559 618 2669 687 2i);
2692 622 2734 674 si
2752 633 2923 679 autem
2949 643 3038 680 vos
3058 609 3273 698 obliqui,
3299 642 3352 686 et
3371 649 3469 702 ego

1913 705 2030 750 utar
2056 699 2202 753 vobis
2234 700 2412 757 furore
2439 705 2680 776 obliquo;
2719 727 2820 764 non
2847 715 2984 782 quod
3013 717 3185 773 divina
3226 699 3463 777 natura'a

1912 795 2055 839 recto
2076 787 2329 856 declinet;
2359 795 2449 847 sed
2473 798 2609 864 quod
2637 798 2906 868 improbis,
2934 820 2992 857 ea
3016 822 3130 873 qua:
3155 826 3215 863 ex
3246 814 3464 868 veritate

1914 875 2330 969 proficiscuntur,
2368 897 2470 936 non
2502 896 2640 938 recta
2671 892 2973 956 procedant.
3007 894 3070 947 In
3100 916 3195 968 qua
3224 913 3464 969 potestate

1911 964 2016 1017 htec
2043 968 2166 1034 facis
2188 969 2214 1021 ?
2251 981 2338 1022 aut
2379 975 2488 1040 quis
2524 975 2610 1026 tibi
2646 977 2780 1031 dedit
2808 984 2936 1033 hanc
2974 964 3295 1051 potestatem?
3329 993 3460 1048 Tum

1911 1054 2158 1111 Servator
2194 1060 2288 1113 eis.
2321 1062 2414 1117 llic
2437 1069 2667 1131 attende,
2695 1086 2848 1138 quam
2881 1075 3028 1128 nobis
3058 1079 3306 1134 doctrinm
3343 1101 3462 1138 nor-

1912 1160 2047 1198 mam
2101 1157 2155 1201 et
2206 1153 2436 1220 regulam
2489 1171 2744 1225 proponat
2789 1163 3144 1220 universorum
3191 1171 3458 1228 Dominus.

1910 1234 2156 1300 Quaenam
2191 1241 2301 1294 haec
2329 1245 2440 1295 est?
2478 1245 2593 1298 Vult
2623 1264 2716 1300 nos
2764 1251 3014 1320 improbis
3053 1256 3329 1324 haereticis,
3371 1265 3462 1316 Ju-

1910 1324 2057 1387 dteis,
2090 1330 2386 1395 gentilibus,
2420 1337 2500 1388 vel
2529 1337 2648 1390 aliis
2679 1340 2766 1406 qui
2805 1356 2830 1391 a
2877 1344 2956 1409 pia
3002 1346 3251 1415 religione
3296 1351 3463 1406 desci-

1909 1416 2096 1481 verint,
2124 1435 2225 1472 non
2252 1425 2568 1489 respondere
2585 1442 2791 1496 semper
2812 1432 3154 1503 interrogatos
3200 1438 3455 1511 Curitiogit

1907 1511 2066 1565 enim.
2116 1511 2366 1578 contingit
2399 1528 2556 1582 smpe,
2601 1519 3053 1590 interrogationem
3093 1544 3192 1582 non
3222 1547 3339 1586 esse
3377 1550 3460 1588 re-

1906 1597 2187 1688 sponsione
2220 1599 2426 1667 dignam
2458 1620 2470 1654 :
2503 1615 2655 1674 atque
2685 1624 2777 1675 par
2811 1622 2890 1664 est
2924 1617 3134 1669 omnino
3163 1620 3458 1688 hujusmodi

1907 1683 2397 1778 interrogationibus
2457 1694 2625 1761 justas
2691 1699 3122 1770 interrogationes
3173 1683 3457 1778 opponere.

1907 1772 2027 1826 ldco
2046 1775 2118 1828 ait
2140 1777 2239 1830 illis
2267 1779 2516 1835 Dominus
2547 1800 2560 1835 :
2598 1783 2921 1857 Inter-rogabo
2951 1809 3032 1846 vos
3073 1806 3117 1847 et
3155 1772 3459 1866 ego-sermo-

1906 1876 2036 1927 nem,
2074 1880 2216 1930 quem
2254 1868 2298 1919 si
2338 1870 2562 1924 dixeritis
2588 1875 2727 1940 mihi,
2766 1889 2811 1930 et
2855 1895 2942 1948 ego
2970 1882 3101 1936 vobis
3137 1891 3456 1955 respondebo.

1903 1949 2116 2006 Joannis
2145 1954 2435 2025 baptismus,
2481 1962 2663 2030 inquit,
2690 1969 2820 2019 unde
2844 1972 2990 2022 erat?
3031 1991 3091 2026 ex
3127 1949 3267 2040 con,
3306 1997 3368 2032 an
3400 1999 3458 2035 ea:

1906 2041 2182 2097 hominibus
2204 2046 2410 2115 (Matth.
2443 2051 2528 2104 21.
2556 2053 2642 2106 24.
2680 2055 2796 2125 25)?
2828 2057 2957 2113 Vide
2985 2063 3109 2115 mihi
3149 2066 3338 2120 fontem
3368 2084 3455 2121 sa-

1906 2132 2131 2224 pientia),
2180 2146 2236 2189 ut
2274 2139 2678 2211 interrogatione
2718 2149 3044 2204 mendacium
3086 2167 3310 2224 arguat;
3342 2162 3457 2215 vide

1905 2220 2029 2273 mihi
2060 2222 2282 2278 Verbum
2330 2229 2439 2292 Dei,
2480 2233 2616 2299 quod
2649 2236 2961 2306 syllogismis
2991 2220 3268 2310 nequitiam
3299 2220 3456 2304 ever-

1905 2310 1988 2362 tit:
2019 2311 2134 2365 vide
2161 2329 2365 2384 quoque
2393 2321 2660 2388 malitiam,
2707 2329 2965 2392 quomodo
2994 2333 3099 2384 suis
3131 2337 3245 2388 telis
3271 2341 3452 2392 confo-

1902 2403 2107 2466 diatur,
2153 2421 2214 2458 ac
2257 2409 2362 2461 suis
2403 2414 2573 2476 pravis
2622 2417 2819 2471 artibus
2873 2422 3142 2476 avellatur.
3196 2427 3453 2493 Baptisma

1900 2491 2110 2546 Joannis
2139 2497 2269 2549 unde
2285 2509 2385 2551 erat
2407 2502 2431 2551 ?
2457 2518 2519 2554 ea:
2537 2505 2677 2567 cwlo,
2703 2523 2766 2556 an
2793 2523 2852 2558 ea:
2877 2510 3198 2567 hominibus?
3227 2517 3302 2568 llli
3326 2537 3454 2586 quo-

1899 2599 2000 2649 que
2037 2586 2171 2651 apud
2201 2602 2256 2640 se
2285 2592 2540 2643 sermonis
2570 2594 2672 2645 vim
2709 2597 3067 2663 explorabant.
3098 2614 3150 2656 et
3183 2611 3324 2660 aiunt
3353 2628 3364 2663 :
3396 2612 3452 2664 Si

1901 2671 2189 2738 dixerimus,
2212 2673 2291 2726 Ex
2312 2678 2448 2740 emta,
2475 2679 2601 2731 dicet
2638 2684 2794 2748 nobis,
2826 2685 2925 2737 Cur
2947 2706 3063 2757 ergo
3103 2710 3199 2746 non
3235 2700 3452 2752 credidi-

1900 2759 2172 2853 stts‘(lbid.
2206 2780 2252 2815 v.
2295 2765 2430 2835 26)?
2473 2768 2625 2823 Novit
2671 2774 2973 2841 improbitas
3012 2781 3229 2837 exitium
3266 2803 3449 2853 suum;

1901 2850 2042 2902 novit
2065 2865 2122 2904 se
2155 2869 2245 2919 per
2281 2871 2396 2922 quae
2430 2861 2709 2925 protendit,
2749 2877 2841 2930 per
2869 2881 2926 2918 ea
2954 2867 3170 2925 destrui.
3208 2875 3335 2940 Quia
3360 2850 3451 2932 Jo;

1899 2941 2017 2993 anni
2050 2958 2149 2996 non
2185 2945 2689 3018 obtemperaverant,
2733 2957 3044 3014 verebantur
3079 2963 3251 3018 dicere
3280 2967 3448 3036 ipsum

1901 3045 1965 3082 ex
1994 3032 2098 3085 Deo
2119 3048 2255 3100 esse,
2286 3053 2350 3091 ne
2372 3053 2402 3091 e
2430 3042 2647 3110 vestigio
2681 3057 2986 3112 sequeretur
3012 3032 3367 3120 reprehensio.
3391 3061 3450 3114 Si

1897 3132 2058 3175 autent
2085 3126 2372 3191 dixerimus,
2409 3130 2489 3183 Ea:
2517 3133 2824 3198 hominibus,
2863 3140 3086 3195 timemus
3125 3148 3347 3211 turbam,
3389 3169 3450 3204 ne

1898 3213 2177 3306 lapidatitni'
2203 3216 2350 3284 (Luc.
2393 3220 2480 3272 20.
2524 3222 2598 3290 6).
2645 3222 2774 3276 Nam
2815 3241 3173 3298 prmoccnpata
3208 3236 3272 3289 de
3305 3239 3448 3306 juslo

1897 3301 2073 3366 ονίηἰυ
2117 3304 2485 3360 inexorabilem
2527 3309 2801 3364 adversum
2856 3331 2950 3369 nos
3002 3318 3133 3372 feret
3173 3301 3446 3380 ultionem.

1902 3388 2074 3441 Uuntis
2093 3393 2220 3442 enim
2248 3396 2462 3459 papulas
2490 3396 2694 3449 habebat
2724 3399 2969 3455 Joannem
3007 3406 3133 3458 sicut
3159 3414 3448 3479 praphetam

1902 3476 2106 3572 (Matth.
2137 3480 2224 3572 2t.
2251 3480 2361 3552 26).
2411 3483 2696 3540 Noluerunt
2737 3505 2861 3558 ergo
2889 3509 3007 3545 vera
3037 3476 3230 3562 dicere,
3253 3476 3448 3572 nempe

1897 3569 2032 3635 quod
2072 3586 2131 3623 ex
2181 3571 2288 3625 Deo
2332 3585 2510 3628 esset:
2544 3577 2637 3630 Dei
2680 3593 2900 3649 namque
2936 3586 3204 3640 veritatem
3244 3569 3449 3659 alijec‘e-

1896 3668 2032 3722 runt,
2064 3675 2124 3713 ac
2147 3661 2472 3716 mendacium
2503 3666 2675 3720 dicere
2698 3684 2799 3721 non
2819 3671 2928 3723 ausi
2965 3684 3120 3738 sunt;
3150 3677 3447 3745 impruden-

1899 3750 1982 3802 tia:
2020 3751 2157 3803 enim
2205 3752 2428 3820 judicem
2472 3753 2733 3809 habebant
2765 3759 3022 3825 timorem,
3071 3763 3311 3835 hancque
3342 3787 3444 3825 non

1895 3840 2145 3901 divinum,
2174 3841 2265 3894 sed
2295 3841 2596 3896 humanum.
2629 3846 2754 3898 Nam
2787 3849 2852 3901 ita
2877 3865 2934 3904 se
2955 3866 3038 3905 res
3076 3853 3228 3908 habet
3255 3874 3270 3921 ;
3297 3861 3446 3915 multi

1895 3943 2032 3994 smpe
2061 3929 2151 3980 Dei
2171 3931 2356 3984 timore
2378 3948 2478 3985 non
2503 3935 2724 4001 pr:cditi.
2751 3937 2973 3993 luunano
2994 3945 3224 3997 serviunt
3249 3948 3442 4003 timori.

1895 4017 2169 4072 Timebant
2197 4020 2422 4087 plebem.
2464 4021 2667 4076 Utinam
2709 4026 2885 4091 Deum,
2923 4045 3024 4082 non
3057 4033 3288 4098 plebem!
3322 4037 3446 4090 illud

1895 4124 2118 4177 namque
2146 4110 2349 4176 pietatis
2372 4121 2471 4174 est,
2504 4112 2602 4165 hoc
2628 4115 2924 4181 impietatis.
2960 4118 3145 4172 Dicunt
3173 4124 3235 4184 ei,
3267 4123 3446 4177 Nesci-

1895 4215 2003 4249 mus
2028 4198 2216 4266 (Marc.
2245 4201 2328 4252 Η.
2352 4200 2462 4268 55).
2498 4201 2624 4254 Vide
2645 4205 2903 4270 quomodo
2924 4207 3148 4275 nequitia
3173 4210 3221 4263 in
3253 4212 3448 4281 impro-

1895 4289 1976 4341 bis
2007 4289 2169 4342 latitet
2194 4306 2206 4341 :
2235 4291 2351 4344 vide
2392 4293 2653 4360 quomodo
2679 4294 3048 4352 absurditatem
3078 4315 3224 4355 suam
3258 4305 3446 4373 impie-

1899 4389 1976 4432 tas
2016 4382 2287 4448 praedicat.
2334 4383 2461 4437 Nam
2505 4386 2638 4439 sicut
2681 4388 2890 4455 vipera,
2940 4400 3029 4444 aut
3071 4393 3443 4452 immanissima

1896 4489 2113 4541 quaeque
2141 4475 2266 4537 fera,
2299 4475 2348 4527 in
2378 4475 2606 4529 latibulis
2631 4478 2844 4546 degens,
2868 4481 3060 4534 sensim
3083 4499 3112 4536 e
3139 4501 3296 4552 specu
3325 4503 3442 4554 pro-

1898 4562 1994 4625 dit,
2028 4578 2122 4617 nec
2157 4565 2368 4617 mnnino
2393 4566 2503 4618 vult
2541 4567 2788 4634 prodire:
2822 4569 2896 4620 sic
2931 4579 2982 4622 et
3013 4570 3176 4624 Judaei
3218 4575 3265 4626 in
3297 4585 3443 4628 antro

1898 4655 2162 4718 pravitatis
2189 4663 2474 4719 versantes,
2524 4657 2834 4710 sententiam
2863 4672 3007 4712 Suam
3056 4663 3104 4713 in
3147 4663 3312 4718 lucem
3343 4683 3444 4720 non

1895 4744 2180 4811 proferunt.
2207 4745 2552 4810 Quamobrem
2578 4746 2826 4800 Dominus
2846 4748 2917 4800 ait
2942 4749 3042 4802 illis
3063 4769 3074 4804 :
3102 4751 3208 4805 Nec
3228 4772 3316 4824 ego
3337 4757 3447 4811 dico

1895 4832 2025 4884 vobis
2049 4832 2254 4901 (Matth.
2284 4833 2371 4886 21.
2400 4834 2510 4904 27).
2540 4835 2667 4889 Vide
2696 4838 2959 4904 quomodo
2981 4840 3240 4896 silentium
3268 4847 3448 4900 absur-

1899 4923 2011 4976 dam
2036 4925 2488 4991 interrogationem
2520 4928 2849 4995 castigaverit
2880 4946 2892 4981 :
2921 4931 3040 4985 vide
3066 4936 3327 5000 quomodo
3358 4955 3448 4992 ne-

1895 5015 2068 5080 quitiae
2107 5028 2208 5066 non
2249 5013 2431 5067 fecerit
2470 5017 2616 5079 satis,
2661 5017 2753 5070 sed
2791 5019 3039 5072 averterit
3067 5036 3157 5073 eos
3192 5023 3243 5076 in
3276 5027 3451 5081 medio

1895 5106 2304 5159 ratiociniorum.
2338 5107 2400 5159 Et
2424 5106 2560 5175 quod
2590 5107 2711 5160 olim
2752 5109 2967 5178 contigit
3009 5111 3170 5166 asina:
3197 5114 3445 5179 Balaami,

1895 5205 1950 5249 ut
1975 5211 2069 5250 nec
2088 5196 2153 5249 ad
2179 5197 2467 5262 dexteram,
2498 5212 2592 5251 nec
2631 5198 2693 5250 ad
2720 5199 2982 5252 sinistram
3022 5212 3194 5268 posset
3220 5203 3447 5257 declina--

1895 5302 1969 5345 re.
2018 5295 2229 5353 propter
2270 5285 2530 5353 angelum,
2578 5287 2664 5353 qui
2707 5287 2892 5340 obvius
2921 5289 3090 5342 stabat
3135 5289 3318 5359 (Num.
3358 5293 3446 5346 22.

1891 5374 1981 5442 26)
2027 5391 2040 5424 :
2082 5375 2133 5428 id
2171 5376 2361 5428 accidit
2396 5374 2626 5428 Judaica:
2671 5377 3020 5444 improbitati,
3066 5396 3180 5447 qua:
3233 5396 3330 5435 nec
3382 5382 3447 5439 ad

1891 5465 2160 5518 dexteram
2204 5465 2436 5519 veritatis
2477 5480 2602 5519 ausa
2641 5475 2721 5519 est
2763 5467 3055 5534 respicere,
3096 5469 3162 5522 ob
3200 5469 3446 5524 Servato-

1952 5643 2028 5705 (a)
2060 5650 2166 5692 ll'JJC
2191 5656 2283 5691 non
2307 5644 2363 5691 ad
2392 5645 2591 5694 verbum
2617 5658 2676 5694 ex
2703 5646 2936 5706 Scriptura
2959 5643 3206 5704 desumpta
3230 5650 3356 5693 sunt.
