4110 6318
686 363 797 418 415

692 474 804 515 rem
834 459 1168 529 1tbnegatum,
1200 471 1369 526 neque
1404 455 1469 510 ad
1509 456 1772 509 sinistram
1801 451 2080 518 mendacii,
2110 460 2250 506 metu

691 547 878 617 plebis.

767 657 1028 713 Iltrreticis
1054 659 1299 726 quomodo
1331 657 1748 726 respondendum.
1780 656 1965 710 Contra
1990 656 2251 708 Auamma

691 749 957 816 agitur.â€”
980 749 1201 815 Oportet
1228 748 1498 816 igiturnos
1538 762 1766 815 quoque,
1809 747 2018 810 fratres,
2047 745 2143 799 hac
2166 760 2248 798 re-

691 837 809 903 gula
834 851 863 888 a
889 836 1107 889 Domino
1132 845 1365 903 accepta,
1409 850 1512 888 non
1541 837 1713 889 oitntia
1743 836 2000 890 haereticis
2027 835 2252 888 interro-

688 925 934 994 gantibus
960 925 1153 979 dicere.
1181 924 1314 978 Cum
1341 926 1477 978 tnale
1503 925 1901 993 interrogaverit
1945 924 2246 988 hmreticus,

694 1015 856 1068 altera
874 1013 1013 1082 justa
1047 1014 1454 1082 interrogatione
1480 1013 1757 1067 absurdam
1775 1014 1888 1082 ejus
1909 1015 2247 1082 qmestionem

690 1106 854 1159 solve.
884 1107 1037 1172 Smpe
1057 1114 1392 1173 percontatur
1417 1105 1693 1157 hmreticns
1721 1121 1734 1156 :
1761 1103 1904 1157 Nosti
1936 1105 2131 1164 Deum,
2181 1117 2248 1154 an

693 1210 797 1248 non
829 1195 1080 1248 nosti?Si
1111 1195 1326 1259 dixeris,
1359 1192 1510 1260 Novi,
1532 1195 1705 1247 statim
1727 1195 1932 1260 reponit
1959 1209 1971 1244 :
1996 1193 2134 1260 Ergo
2156 1207 2241 1244 no.

691 1286 756 1338 sti
779 1284 916 1353 quod
937 1285 1101 1338 colis?
1126 1284 1283 1348 Sane,
1311 1285 1478 1353 inquit
1516 1284 1652 1351 pius.
1677 1283 1802 1347 Quis
1831 1283 1970 1336 enim
1997 1281 2249 1335 sustineat

687 1373 889 1437 dicere,
918 1388 976 1427 se
1001 1373 1052 1426 id
1080 1374 1254 1427 colere
1279 1373 1418 1442 quod
1457 1386 1560 1425 non
1589 1371 1772 1426 novit?
1800 1371 1959 1425 Instat
1989 1372 2074 1426 ille
2099 1390 2112 1427 :
2138 1371 2246 1426 No-

691 1466 756 1518 sti
786 1479 912 1533 ergo
941 1464 1028 1517 Dei
1056 1463 1424 1516 substantiam?
1451 1461 1502 1516 Si
1529 1469 1579 1514 te
1599 1464 1732 1514 scire
1755 1461 2042 1529 negaveris,
2069 1463 2244 1514 statim

691 1555 872 1622 objicit
902 1572 913 1605 :
947 1555 1083 1622 Ergo
1110 1567 1211 1605 non
1240 1553 1375 1605 nosti
1408 1552 1456 1605 id
1487 1552 1624 1621 quod
1655 1552 1801 1604 colis.
1845 1551 1970 1604 Vide
2001 1552 2125 1604 mihi
2155 1551 2248 1605 de-

694 1653 826 1696 torta
853 1645 1042 1706 verba;
1073 1639 1190 1696 vide
1212 1643 1555 1711 malignorum
1609 1642 1928 1709 serpentium
1971 1641 2244 1695 versutias.

695 1733 883 1787 Vides:
903 1748 1082 1786 verum
1113 1733 1258 1786 turba
1269 1733 1308 1786 ri
1331 1747 1430 1786 non
1445 1740 1674 1800 oportet.
1698 1732 1823 1784 Illud
1845 1733 2006 1797 enim,
2026 1733 2244 1796 "fratres,

691 1824 962 1878 sciendum
990 1833 1091 1888 est,
1123 1824 1316 1877 multos
1343 1839 1461 1878 esse
1486 1823 1683 1876 sciendi
1707 1823 1908 1875 modos.
1936 1822 2113 1876 Potest
2132 1821 2247 1890 quis

689 1915 826 1967 scire
849 1913 1006 1966 Detnn
1029 1927 1164 1974 esse,
1196 1927 1291 1965 nec
1312 1920 1482 1966 tamen
1506 1913 1645 1966 scire
1671 1910 1933 1980 quomodo
1966 1914 2053 1963 sit.
2076 1911 2248 1975 Quan-

697 2002 974 2070 doquidem
1000 2001 1157 2054 etiam
1181 2000 1317 2068 apud
1346 2016 1441 2055 nos
1459 2001 1697 2055 homines
1723 2003 1899 2053 inulta:
1926 2009 2046 2052 sunt
2070 1999 2248 2068 cogni-

692 2093 850 2146 tionis
881 2093 998 2145 viae.
1029 2091 1158 2145 Novi
1193 2093 1330 2146 hunc
1351 2093 1614 2146 hominem
1650 2092 1700 2145 in
1724 2092 1822 2146 ista
1861 2091 1988 2145 urbe
2012 2107 2244 2156 manere,

689 2197 790 2236 nec
837 2193 1008 2237 tamen
1043 2183 1161 2236 novi
1189 2199 1342 2252 quam
1383 2193 1551 2238 artem
1596 2194 1878 2238 exerceat:
1926 2186 2044 2238 novi
2087 2185 2244 2236 alium

693 2274 847 2325 talem
872 2279 1205 2325 exercentem
1232 2280 1418 2335 artem,
1447 2287 1542 2325 nec
1572 2273 1691 2325 novi
1720 2272 1856 2326 unde
1878 2287 2044 2340 genus
2068 2273 2243 2326 ducat.

690 2362 883 2416 Partim
927 2377 1114 2430 nempe
1142 2377 1436 2431 cognosco,
1471 2362 1657 2432 partim
1702 2363 1905 2432 ignoro.
1937 2363 1990 2416 In
2020 2379 2244 2429 summa,

687 2454 1019 2523 particularis
1034 2454 1380 2523 cognitionon
1412 2455 1610 2508 inducit
1635 2454 1922 2524 perfectant
1951 2455 2243 2519 scientiam,

685 2559 860 2614 neque
916 2560 1021 2598 non
1070 2544 1244 2598 omnia
1291 2560 1646 2614 cognoscere,
1699 2546 2060 2614 particularem
2115 2547 2249 2600 tollit

684 2635 1059 2702 cognitionem.
1091 2633 1224 2701 Quid
1253 2634 1418 2704 ergo?
1448 2633 1576 2687 Novi
1599 2649 1717 2688 esse
1761 2635 1944 2700 Deum,
1999 2635 2248 2704 illumque

691 2724 909 2786 bonum,
940 2723 1312 2788 immortalem,
1353 2724 1799 2791 incorruptibilem
1820 2765 1834 2787 ,
1866 2740 2022 2792 quem
2053 2726 2248 2794 cogita-

687 2812 832 2865 tione
857 2827 1048 2880 capere
1079 2828 1180 2866 non
1215 2813 1496 2880 possimus,
1531 2813 2138 2881 incomprehensibilem,
2168 2814 2248 2866 in-

685 2913 1028 2967 corporeum,
1057 2900 1452 2955 immutabilem.
1478 2901 1600 2955 llaec
1619 2901 1790 2954 omnia
1820 2904 1960 2969 novi,
1986 2913 2038 2957 et
2061 2918 2248 2971 cogno-

688 3001 844 3041 scens
892 2987 1077 3040 adoro.
1107 2989 1381 3054 Quomodo
1409 2999 1583 3042 autem
1620 2991 1686 3042 sit
1716 3006 1816 3042 non
1863 2993 1981 3043 novi
2009 3031 2022 3053 ,
2079 3007 2246 3060 neque

687 3076 905 3130 edoctus
919 3091 1035 3131 sum
1050 3079 1324 3147 exquirere
1344 3079 1608 3148 quomodo
1624 3080 1708 3143 sit,
1732 3080 1821 3134 sed
1838 3081 1976 3149 quod
1992 3083 2080 3135 sit.
2108 3083 2246 3150 Apo-

687 3167 823 3220 stolo
852 3166 991 3219 enim
1021 3167 1272 3234 majorem
1303 3169 1562 3222 neminem
1591 3171 1800 3222 invenio
1823 3171 2116 3236 doctorem,
2156 3171 2244 3239 qui

689 3257 856 3326 possit
878 3260 1132 3325 majorem
1164 3259 1289 3312 mihi
1318 3260 1563 3328 pietatem
1586 3261 1917 3330 suppeditare
1945 3276 1958 3313 :
1989 3263 2076 3330 qui
2107 3262 2244 3315 clara

688 3360 818 3400 voce
843 3360 968 3398 usus
995 3346 1061 3399 atl
1087 3345 1224 3400 hunc
1245 3347 1453 3401 modum
1476 3349 1630 3401 docet
1661 3365 1674 3400 :
1703 3348 1912 3402 Credere
1935 3350 2063 3401 enim
2093 3366 2243 3419 apor-

684 3442 751 3488 tet
775 3435 1087 3487 accedentem
1115 3436 1182 3487 ad
1209 3435 1391 3498 Deum,
1414 3439 1528 3504 quia
1575 3447 1648 3489 est
1674 3436 1854 3503 (Hebr.
1886 3439 1970 3491 H.
2003 3438 2055 3506 6)
2093 3457 2106 3490 :
2140 3453 2241 3490 non

685 3526 948 3592 quomodo
965 3535 1065 3587 est,
1094 3526 1184 3580 sed
1213 3527 1344 3593 Quia
1369 3537 1458 3592 est,
1489 3539 1534 3581 et
1557 3530 1913 3597 inquirentibus
1937 3546 1990 3582 se
2015 3545 2240 3583 remune-

686 3625 825 3667 rator
843 3625 932 3668 est.
951 3615 1127 3684 Itaque
1143 3616 1280 3684 quod
1301 3617 1420 3671 novi
1442 3620 1576 3671 colo.
1601 3618 1710 3671 Non
1727 3618 1879 3671 didici
1896 3618 1981 3672 Dei
2000 3619 2242 3672 substan-

687 3707 807 3758 tiam
839 3706 1133 3773 explorare.
1163 3706 1388 3761 Credere
1411 3707 1589 3771 didici,
1611 3707 1836 3770 fratres;
1866 3707 2102 3770 credere,
2139 3723 2240 3760 non

685 3794 925 3847 scrutari.
945 3793 1082 3860 Lege
1107 3791 1486 3847 confessionem
1509 3803 1669 3858 tuam,
1695 3794 1958 3855 literetice,
1985 3795 2034 3846 in
2052 3811 2242 3848 arcano

682 3891 735 3934 et
753 3880 1025 3933 tremendo
1041 3882 1293 3950 mysterio
1315 3882 1589 3950 prolatam.
1604 3882 1820 3949 Quando
1837 3884 1900 3937 ad
1928 3883 2240 3952 baptisnnnn

683 3969 972 4030 arcessisti,
1005 3970 1128 4039 quid
1155 3970 1368 4024 dixisti?
1397 3987 1462 4025 an
1493 3987 1754 4040 quaarens,
1799 3989 1864 4026 an
1909 3975 2114 4028 curiose
2151 3991 2241 4028 ex-

685 4059 918 4126 plorans,
951 4059 1033 4113 vel
1062 4060 1308 4114 credens?
1333 4061 1446 4114 Alia
1474 4062 1773 4117 conditione
1806 4065 2014 4127 venisti,
2044 4074 2096 4117 et
2121 4080 2239 4117 cum

681 4149 791 4201 alio
813 4157 964 4217 pacto
995 4147 1070 4220 (a)
1095 4151 1336 4220 dignatus
1359 4168 1415 4205 es
1447 4152 1528 4204 illa
1554 4153 1740 4220 gratia.
1791 4155 1866 4207 Ac
1890 4154 1934 4207 si
1975 4154 2088 4208 hmc
2117 4170 2240 4209 sen-

683 4242 821 4295 tiens
851 4240 1018 4310 gratia
1042 4243 1267 4296 donatus
1295 4259 1372 4308 es,
1407 4243 1560 4298 fidem
1589 4253 1643 4297 et
1665 4255 1811 4312 pacta
1837 4245 2076 4311 violasti,
2103 4257 2158 4300 et
2189 4248 2238 4300 in

684 4331 974 4385 tremendis
1000 4331 1208 4400 quidem
1253 4333 1631 4402 horrendisque
1671 4336 1933 4404 mysteriis
1961 4335 2113 4390 fidem
2142 4335 2238 4390 ob-

685 4421 872 4485 tulisti,
893 4431 1035 4474 extra
1064 4423 1309 4491 mysteria
1332 4439 1456 4476 vero
1481 4423 1814 4482 constitutus,
1835 4424 1985 4477 fidem
2012 4426 2239 4478 circum-

682 4511 894 4575 scribis,
925 4521 976 4566 et
1001 4515 1339 4581 qumstimtent
1367 4528 1563 4566 moves.

757 4601 810 4657 3.
843 4602 1190 4655 Anomceorum
1231 4603 1457 4670 objectio.
1504 4601 1672 4671 Opera
1717 4602 1810 4656 Dei
1845 4621 1944 4656 non
1992 4605 2237 4671 capimus,

683 4703 870 4762 quanto
918 4693 1080 4744 minus
1123 4691 1460 4746 Deumâ€”At
1509 4693 1624 4746 vide
1653 4693 1774 4761 quid
1815 4694 1954 4746 dicat
1997 4693 2239 4748 inimicus

687 4781 943 4835 veritatis.
975 4780 1107 4834 Num
1137 4781 1324 4836 frustra
1357 4783 1495 4836 Deus
1533 4783 1806 4836 ratiocinia
1839 4784 1987 4836 nobis
2019 4784 2240 4836 indidit?

687 4887 809 4925 num
857 4871 1046 4924 frustra
1093 4872 1389 4939 accepimus
1427 4871 1606 4940 judieii
1658 4871 1996 4925 facultatem?
2024 4871 2242 4941 Oportet

685 4961 975 5014 rationibus
1014 4961 1325 5028 investigare
1358 4960 1533 5024 iidem,
1563 4975 1658 5013 nec
1686 4961 1799 5014 sine
1838 4962 2076 5014 examine
2116 4962 2240 5014 reli-

686 5053 893 5120 gionem
924 5066 1061 5104 esse.
1104 5052 1283 5104 Recte.
1317 5051 1504 5104 Verum
1547 5052 1799 5105 examinis
1847 5068 2080 5104 normam
2126 5067 2240 5106 esse

685 5150 894 5209 oportet
944 5141 1116 5193 divina
1158 5143 1396 5209 eloquia,
1451 5142 1758 5210 regulasqne
1805 5142 2011 5210 pietatis
2051 5158 2080 5196 a
2135 5145 2240 5197 Deo

691 5231 843 5286 nobis
895 5231 1131 5285 traditas.
1176 5232 1254 5285 'l'u
1293 5249 1418 5286 vero
1463 5233 1672 5303 regulas
1716 5242 2094 5302 transgressus,
2137 5249 2240 5287 non

752 5413 824 5473 (a)
858 5409 1188 5473 Emendandus
1210 5424 1296 5473 per
1320 5413 1618 5473 occasionem
1643 5418 1718 5459 est
1739 5411 1992 5473 Leidradus
2012 5411 2075 5473 de
2097 5413 2246 5473 Bapti-

688 5470 917 5533 smoeap.
941 5473 1010 5534 6,_
1023 5478 1074 5519 ut
1107 5471 1154 5518 in
1181 5470 1241 5518 eo
1263 5472 1331 5534 sic
1367 5470 1555 5532 legatur
1581 5480 1717 5534 :_Has
1748 5471 1982 5534 pactiones
2007 5470 2175 5534 ï¬deles,
2195 5472 2244 5520 in

690 5529 883 5594 ruriam'
897 5529 1138 5594 prolerunt
1163 5529 1437 5591 angelicam
1445 5544 1467 5594 ,á¾–
1480 5531 1676 5594 nomina
1694 5529 2031 5594 proï¬tentium
2052 5532 2101 5580 iu
2125 5532 2245 5594 libro

687 5590 996 5654 excutiuntur
1027 5592 1273 5654 vitw,__uon
1295 5605 1324 5638 a
1345 5590 1544 5654 quolibet
1576 5590 1760 5641 homine
1782 5590 1809 5648 ,â€™
1828 5593 1911 5641 sed
1942 5606 1974 5641 a
2001 5593 2244 5654 superiore

689 5651 872 5704 (aditus
887 5657 1127 5716 potestate.
1153 5652 1381 5700 Veterum
1404 5651 1737 5702 Analectorutn
1759 5661 1888 5701 Tom.
1911 5654 1958 5703 5.
1983 5651 2179 5703 Coteter.

2160 337 2425 394 INCERTI

3798 359 3906 412 416

2358 453 2581 506 inhaeres
2609 452 2800 506 divinis
2828 449 3109 518 Scripturis
3129 491 3143 514 ,
3187 450 3276 505 sed
3305 450 3478 505 divina
3515 451 3772 506 scrutaris
3851 462 3904 507 et

2355 544 2459 596 vim
2498 543 2656 596 infers
2681 542 2922 604 veritati;
2966 551 3020 595 et
3044 543 3237 610 ubique
3258 541 3471 596 affectas
3501 544 3759 596 rationum
3794 560 3903 596 ms-

2353 635 2432 701 gis
2458 632 2602 700 sequi
2647 632 2912 695 salebras,
2939 646 3095 700 qoam
3150 630 3268 686 lidei
3323 632 3550 699 servire,
3592 632 3740 700 quasi
3778 633 3903 685 alio-

2355 739 2468 777 rum
2495 725 2733 792 peritiam
2777 723 2990 786 habt-as,
3020 733 3109 778 aut
3136 725 3379 790 aliorum,
3406 741 3594 793 nempe
3618 743 3738 794 qua:
3783 742 3899 780 cer-

2354 824 2566 873 nuntur,
2598 813 2994 880 experientiam.
3052 813 3311 868 Renuntia
3337 815 3461 867 mihi
3510 816 3899 870 ratiociniorum

2352 904 2487 958 serie
2509 903 2690 968 fultus,
2717 905 2978 972 quomodo
2991 906 3173 958 cadum
3193 905 3355 972 stetit,
3375 906 3423 959 in
3443 915 3583 959 tanta
3604 907 3898 970 altitudine,

2353 993 2403 1046 in
2432 1003 2534 1046 tam
2571 993 2820 1047 immensa
2851 996 3196 1060 eoneavitate,
3225 1005 3277 1049 et
3314 996 3512 1049 nullum
3544 997 3594 1049 in
3628 1006 3770 1050 tanto
3790 1013 3900 1050 ain-

2352 1084 2459 1136 hitu
2488 1083 2703 1136 fulcrum
2731 1085 2961 1138 habens?
2979 1086 3248 1151 Quomodo
3276 1089 3438 1147 stetit,
3466 1103 3495 1140 a
3525 1103 3629 1156 quo
3648 1099 3895 1158 gestator,

2351 1190 2469 1242 qua:
2516 1173 2850 1228 fundamenta
2890 1185 3012 1229 sunt
3054 1179 3240 1246 quibus
3286 1179 3502 1232 nititur?
3549 1196 3647 1248 qua
3700 1185 3900 1235 ratione

2353 1279 2446 1332 per
2497 1273 2693 1316 tantum
2739 1275 2940 1334 tempus
2986 1281 3086 1320 non
3129 1268 3347 1321 solvitur
3397 1269 3748 1336 pulchritudo,
3798 1288 3896 1324 non

2351 1357 2486 1424 perit
2509 1367 2794 1410 concentus
2815 1357 2964 1425 ejus?
2988 1357 3215 1412 Ostende
3233 1360 3500 1414 columnas
3526 1375 3643 1429 qua:
3667 1361 3897 1424 fulciant,

2350 1444 2566 1498 ostende
2594 1445 2758 1499 basim
2788 1455 2946 1499 tanta:
2972 1448 3095 1501 moli
3124 1448 3425 1515 subjectam.
3459 1449 3657 1516 Ecquid
3689 1449 3755 1504 de
3773 1452 3899 1504 Î±Î¹Î¿Î¹Î¿

2351 1537 2572 1604 loquor,
2605 1551 2709 1589 non
2735 1537 2802 1591 de
2843 1547 2977 1590 terra
3021 1553 3176 1605 quam
3207 1539 3387 1592 calce?
3425 1539 3654 1593 Primum
3699 1542 3899 1609 explica

2352 1626 2477 1679 mihi
2525 1635 2677 1679 terra:
2705 1627 3151 1681 constitutionem.
3180 1628 3327 1694 Quod
3365 1628 3504 1681 enim
3535 1643 3694 1696 super
3737 1646 3900 1698 aquas

2352 1714 2560 1768 fundata
2610 1715 2678 1769 sit
2717 1713 2882 1784 (Psat.
2907 1717 2994 1769 25.
3025 1717 3103 1784 2),
3137 1716 3234 1769 hoc
3284 1727 3337 1771 et
3364 1733 3462 1786 ego
3505 1720 3707 1785 accepi,
3756 1729 3810 1774 et
3849 1729 3898 1773 tu

2351 1804 2638 1857 confiteris.
2666 1807 2731 1857 At
2769 1806 3032 1873 quomodo
3061 1821 3216 1874 super
3267 1821 3426 1875 aquas
3455 1807 3657 1860 firmata
3680 1810 3769 1869 sit,
3810 1824 3900 1861 ex-

2352 1907 2506 1959 pone.
2544 1893 2620 1946 Ne
2647 1893 2952 1960 simpliciter
2976 1909 3268 1948 sermonem
3308 1896 3557 1963 excipias,
3587 1895 3680 1949 sed
3707 1898 3901 1965 quaesi-

2352 1989 2522 2033 torum
2545 1983 2798 2035 rationent
2818 1982 2978 2036 redde
3002 2001 3014 2034 :
3043 1984 3304 2051 quomodo
3323 1993 3398 2037 tot
3420 1985 3655 2053 tantique
3671 1995 3895 2046 montes,

2349 2072 2529 2135 colles,
2577 2072 2738 2125 valles
2790 2088 2948 2140 super
2993 2088 3154 2140 aquas
3203 2073 3455 2128 ferantur.
3504 2074 3594 2128 Dic
3636 2077 3900 2141 quomodo

2351 2176 2494 2213 mare
2519 2171 2815 2228 separatum
2847 2164 2944 2224 sit;
2976 2162 3059 2216 dic
3091 2177 3196 2230 quo
3232 2173 3381 2231 pacto
3413 2174 3486 2218 tot
3515 2165 3762 2219 ï¬‚uetibus
3789 2166 3898 2234 agi-

2351 2261 2533 2325 tatum,
2557 2263 2606 2305 et
2632 2253 2681 2305 itt
2705 2253 3011 2307 immensam
3032 2268 3250 2323 surgens
3267 2254 3614 2318 altitudinem,
3638 2271 3758 2309 cum
3779 2271 3894 2309 are-

2350 2357 2469 2393 nam
2500 2343 2981 2410 attingitsolvalur,
3010 2353 3063 2396 et
3092 2345 3402 2411 legislatoris
3431 2346 3711 2398 terminum
3749 2361 3898 2399 reve-

2349 2441 2544 2482 reatur.
2596 2431 2962 2498 Interpretare,
3012 2432 3188 2495 frater,
3219 2433 3480 2500 quomodo
3521 2448 3642 2486 cum
3688 2449 3791 2487 una
3835 2435 3898 2488 sit

2351 2528 2506 2581 terra,
2541 2534 2637 2573 una
2668 2532 2851 2582 mater,
2905 2520 3125 2574 diversa:
3175 2522 3365 2589 plantze
3417 2523 3542 2587 sint,
3599 2524 3739 2577 unde
3766 2524 3897 2576 radi-

2349 2622 2437 2660 ces
2463 2623 2682 2673 auiam,
2707 2609 2848 2662 unde
2881 2609 3062 2663 dulces
3087 2651 3102 2676 ,
3132 2609 3267 2663 unde
3309 2610 3570 2664 fructuum
3601 2612 3896 2664 varietates.

2353 2697 2463 2752 Una
2496 2708 2630 2751 terra
2657 2699 2956 2767 germinans
2983 2709 3085 2764 est,
3120 2715 3252 2754 unus
3275 2701 3442 2754 imber
3467 2701 3559 2753 alit
3589 2717 3602 2752 :
3634 2702 3772 2755 unde
3796 2702 3898 2754 dif-

2350 2789 2594 2843 ferentia?
2616 2791 2826 2859 Expliea
2855 2791 2992 2844 unde
3015 2791 3316 2860 prodierunt
3337 2793 3524 2854 fontes,
3551 2802 3604 2846 et
3629 2809 3691 2847 ex
3716 2795 3898 2862 quibus

2349 2879 2551 2948 abyssis
2583 2897 2594 2932 :
2627 2897 2726 2948 qna
2753 2881 2954 2934 ratione
2997 2881 3107 2934 lure
3134 2884 3333 2950 possint
3370 2883 3764 2951 comprehendi.
3800 2883 3898 2937 Ve-

2350 2987 2464 3024 rmn
2510 2973 2717 3038 quando
2759 2972 2823 3026 de
2854 2972 2934 3025 his
2978 2972 3420 3039 dubitaverimus,
3453 2989 3609 3028 unam
3652 2974 3896 3029 habemus

2349 3076 2524 3114 veram
2551 3072 2603 3113 et
2625 3062 2760 3130 piam
2788 3063 3134 3130 quaestionum
3164 3065 3501 3118 solutionem.
3529 3071 3699 3134 Atque
3719 3066 3896 3119 beatus

2351 3153 2512 3205 David
2561 3153 2754 3206 cecinit
2785 3153 2864 3206 his
2907 3155 3124 3208 verbis:
3174 3154 3302 3218 Quia
3348 3166 3535 3208 rectum
3581 3167 3650 3210 est
3704 3159 3896 3210 verbum

2352 3239 2571 3306 Domini,
2594 3249 2639 3294 et
2660 3243 2822 3295 omnia
2843 3257 2992 3310 opera
3010 3245 3117 3313 ejus
3137 3245 3186 3295 in
3212 3243 3313 3311 ï¬de
3339 3243 3507 3312 (Psal.
3534 3244 3713 3313 5'24).
3731 3244 3894 3313 Opera

2347 3334 2459 3387 sine
2481 3334 2582 3387 [ide
2607 3334 2976 3402 comprehendi
3003 3345 3286 3403 nequeunt,
3315 3344 3368 3389 et
3397 3335 3532 3390 Deus
3552 3336 3667 3390 sine
3693 3337 3794 3390 fide
3822 3338 3898 3387 in.

2348 3423 2509 3474 veniri
2540 3423 2765 3491 poterit?
2800 3423 2969 3490 Opera
2997 3438 3097 3477 non
3121 3424 3233 3477 sine
3263 3422 3382 3484 fide,
3406 3433 3460 3478 et
3485 3424 3648 3478 Filius
3677 3426 3896 3479 demon-

2345 3513 2636 3565 stratioue?
2669 3513 2801 3577 Quia
2829 3521 3016 3565 rectum
3045 3523 3114 3564 est
3147 3515 3343 3565 verbum
3366 3511 3603 3576 Domini,
3650 3523 3694 3565 et
3733 3516 3897 3566 omnia

2346 3621 2496 3671 Opera
2522 3607 2630 3672 ejus
2658 3605 2708 3655 in
2735 3604 2854 3669 fide.
2889 3603 3076 3656 Verum
3104 3617 3218 3666 nos,
3247 3603 3443 3656 reliCtis
3474 3602 3708 3656 veritatis
3735 3604 3896 3656 hasti-

2348 3693 2464 3751 hus.
2497 3693 2559 3744 ad
2587 3707 2766 3744 sanant
2798 3701 3067 3760 tutamque
3095 3691 3248 3745 fidem
3267 3690 3564 3754 redeamus,
3586 3692 3787 3761 piteque
3816 3708 3896 3745 re-

2347 3782 2552 3850 ligionis
2570 3779 3166 3850 regulamostendamus,
3187 3781 3295 3848 ipsa
3310 3779 3528 3834 veritate
3540 3779 3892 3848 effulgentem.

2350 3872 2487 3925 lnter
2515 3883 2716 3926 veteres
2735 3872 2911 3941 Moyse
2939 3887 3091 3924 nemo
3115 3871 3214 3926 fide
3241 3871 3448 3940 dignior
3473 3888 3484 3923 :
3514 3871 3566 3924 in
3594 3875 3893 3928 recentiori-

2347 3965 2442 4018 bus
2467 3978 2620 4017 netno
2668 3963 2827 4016 Paulo
2853 3963 3154 4030 sapientior.
3185 3961 3372 4027 Quaere
3402 3970 3631 4017 veterem
3682 3972 3889 4028 statum,

2345 4062 2398 4106 et
2426 4053 2686 4107 neminem
2709 4051 2884 4121 Moyse
2910 4052 3158 4119 majorem
3187 4050 3418 4119 reperies
3445 4069 3458 4103 :
3483 4067 3603 4104 nam
3657 4053 3784 4108 Novi
3825 4065 3889 4118 te,

2345 4153 2389 4195 et
2421 4143 2645 4194 invenisti
2689 4143 2900 4210 gratiam
2925 4157 3028 4210 pra:
3055 4141 3306 4193 omnibusâ€˜
3333 4140 3535 4210 (Exod.
3568 4143 3655 4195 53.
3682 4143 3791 4211 12).
3841 4143 3893 4196 In

2345 4247 2480 4286 novo
2518 4233 2853 4286 Testamento
2900 4246 3054 4284 nemo
3081 4230 3242 4283 Paulo
3273 4230 3551 4298 perfectior
3578 4248 3593 4284 :
3630 4230 3730 4286 Vas
3757 4232 3893 4286 enim

2343 4323 2591 4375 electionis
2615 4332 2683 4374 est
2705 4321 2839 4389 (Act.
2867 4321 2916 4375 9.
2944 4320 3054 4388 15),
3074 4320 3440 4388 Christumque
3463 4321 3621 4376 habet
3650 4324 3700 4376 in
3725 4325 3896 4392 seipso

2345 4415 2663 4482 loquentem.
2709 4413 2783 4466 Ne
2813 4411 3258 4480 praetergrediaris
3305 4412 3559 4464 terminos
3610 4411 3802 4480 Moysis
3847 4426 3896 4465 et

2345 4503 2511 4558 Pauli.
2541 4502 2675 4567 Quid
2708 4503 2910 4555 invenit
2938 4501 3169 4570 Moyses,
3200 4501 3726 4568 comprehensionem
3776 4503 3897 4558 sub-

2343 4597 2568 4656 stantire,
2597 4610 2662 4647 an
2699 4594 2920 4661 gloriam
2951 4591 3086 4645 Dei?
3143 4592 3367 4660 Moyses,
3423 4591 3634 4656 fratres,
3665 4595 3803 4647 venit
3843 4593 3892 4646 in

2344 4684 2817 4752 concupiscentiam
2851 4682 2961 4743 Dei,
2986 4691 3040 4733 ut
3063 4681 3219 4734 homo
3243 4681 3540 4750 religiosus,
3568 4691 3621 4736 et
3645 4683 3896 4752 ignoravit

2344 4792 2402 4830 se
2433 4777 2509 4827 rei
2537 4771 2869 4841 impossibilis
2891 4771 3152 4824 desiderio
3181 4771 3344 4824 teneri
3373 4787 3386 4822 :
3418 4781 3652 4825 attamen
3682 4789 3772 4840 per
3799 4787 3889 4837 ea,

2343 4883 2461 4935 qum
2485 4865 2628 4932 petiit
2645 4881 2671 4918 a
2700 4865 2824 4928 Deo,
2848 4861 2969 4932 quid
2990 4861 3309 4916 desideraret
3333 4861 3581 4915 ostendit.
3605 4862 3739 4927 Quid
3759 4863 3892 4916 enim

2344 4955 2453 5007 ait?
2483 4954 2713 5018 Obsecro,
2747 4951 2976 5015 Domine,
3021 4953 3065 5004 si
3093 4951 3252 5003 inveni
3278 4950 3494 5018 gratiam
3539 4951 3592 5003 in
3636 4962 3893 5019 conspectu

2346 5058 2448 5108 tuo,
2481 5048 2736 5113 manifeste
2772 5045 2963 5097 uideam
3005 5053 3070 5108 te,
3106 5044 3303 5096 ostende
3350 5052 3397 5095 te
3424 5044 3546 5095 mihi
3591 5043 3893 5112 (Exod.35.

2349 5137 2457 5207 l5).
2489 5139 2669 5190 Frater
2715 5145 2829 5189 erat
2865 5135 2908 5187 is
2961 5133 3180 5202 Philippi
3209 5131 3474 5186 dicentis:
3513 5133 3724 5186 Ostende
3760 5136 3896 5187 nobis

2350 5229 2570 5291 Patrem,
2595 5239 2637 5280 et
2664 5227 2838 5295 sufï¬cit
2861 5226 2997 5278 nobis
3021 5223 3191 5294 (Joan.
3223 5224 3307 5278 14.
3327 5223 3403 5292 8).
3429 5223 3665 5290 Domine,
3686 5235 3742 5278 tu
3769 5225 3898 5278 dixi-

2348 5325 2412 5377 sti
2435 5365 2447 5384 ,
2474 5321 2710 5374 Invenisti
2734 5321 2942 5389 gratiam
2989 5321 3038 5371 in
3083 5327 3346 5384 conspectu
3376 5333 3482 5369 meo
3507 5333 3529 5371 :
3555 5316 3755 5369 ostende
3783 5317 3898 5367 mihi

2350 5416 2676 5482 temetipsum,
2708 5422 2763 5465 ut
2788 5412 3044 5480 manifeste
3071 5410 3261 5463 videam
3287 5417 3352 5461 ts.
3379 5407 3516 5462 Vidit
3540 5407 3750 5477 quidem
3779 5422 3897 5462 cunt

2414 5587 2428 5614 Î¹
2455 5581 2644 5631 uasat-ii
2673 5581 2855 5637 Quaest.
2885 5578 2973 5625 176
3003 5593 3012 5624 :
3051 5579 3163 5639 Ï€Ïá½¸Ï‚
3193 5579 3399 5632 á¼…Ï€Î±Î½Ï„Î±Ï‚
3433 5578 3498 5638 (f.
3690 5580 3892 5639 Ï€á½±Î½Ï„Î±Ï‚)

2354 5645 2615 5704 á¼€Î½Î¸Ïá½½Ï€Î¿Ï…Ï‚
2646 5643 2788 5700 á¼“Î³Î½Ï‰Î½
2813 5655 2885 5698 ÏƒÎµ,
2920 5641 2998 5686 ÎºÎ±á½¶
3023 5638 3148 5697 Îµá½—ÏÎµÏ‚
3169 5641 3300 5700 Ï‡á½±ÏÎ¹Î½
3329 5639 3524 5686 á¼Î½á½½Ï€Î¹á½¹Î½
3545 5638 3651 5700 Î¼Î¿Î½.
