4158 6320
237 374 330 431 415

231 467 394 529 κακία,
424 466 544 519 οὔτε
597 468 730 538 πρὸς
764 474 832 521 τὰ
868 468 1015 532 δεξιά
1040 470 1137 538 τῆς
1165 470 1417 540 ἀληθείας
1440 469 1753 537 τολμήσασα

1163 360 1228 417 ΙΝ
1268 360 1491 424 ILLUD,
1534 358 1596 412 IN
1635 353 1773 422 QUA
1816 348 2233 414 POTESTATE,
2275 347 2423 400 ETC.

3298 351 3410 405 416

1858 457 1996 512 εἶναι
2032 457 2151 528 [δεῖ]
2178 456 2244 508 τά
2272 455 2387 508 θεῖα
2419 453 2591 522 λόγια,
2624 454 2715 504 καὶ
2751 451 2875 512 τούς
2917 450 3045 520 παρ’
3076 446 3236 501 αὑτοῦ
3276 448 3405 517 ἡμῖν

235 558 362 618 ἰδεῖν,
417 555 504 608 διὰ
546 556 643 624 τὴν
693 558 787 608 τοῦ
829 558 1073 627 Σωτῆρος
1102 559 1346 628 ἄρνησιν,
1376 557 1499 610 οὔτε
1525 556 1658 625 πρὸς
1687 554 1754 605 τὰ
1855 556 2101 617 δοθέντας
2125 555 2223 622 τῆς
2250 552 2524 614 εὐσεϐείας
2551 550 2795 611 κανόνας.
2836 550 2906 601 Σὺ
2945 547 3000 600 δὲ
3024 548 3145 609 τοὺς
3175 548 3403 612 κανόνας

232 645 470 713 ἀριστερά
490 646 580 698 τοῦ
599 646 841 713 ψεύδους,
875 648 961 700 διά
990 648 1079 700 τὸν
1110 648 1203 700 τοῦ
1230 649 1358 701 λαοῦ
1383 648 1561 716 φόϐον.

296 797 375 846 Δεῖ
402 794 577 847 τοίνυν
605 797 697 848 καὶ
748 798 911 866 ήμᾶς,
952 798 1187 865 ἀδελφοὶ,
1213 796 1399 850 τοῦτον
1420 798 1508 848 τὸν
1561 795 1753 848 κανόνα

236 885 367 955 παρά
384 884 474 936 τοῦ
498 886 699 955 Κυρίου
730 885 1114 954 λαμϐάνοντας,
1150 886 1221 955 μὴ
1268 886 1440 938 πάντα
1481 888 1598 946 ταῖς
1628 885 1760 952 ἐρω-

236 977 401 1044 τήσεσι
421 974 529 1027 τῶν
556 974 838 1043 αἱρετικῶν
862 974 1075 1028 διδόναι.
1107 972 1274 1027 Ὀταν
1304 975 1483 1035 κακῶς
1514 974 1756 1041 ἐρωτήσῃ

234 1064 515 1135 αῑρετικὸς,
545 1064 900 1132 ἀντερωτήσει
940 1064 1119 1132 δικαίᾳ
1160 1062 1316 1114 λῦσον
1352 1061 1497 1130 αὐτῷ
1520 1061 1614 1130 τὴν
1645 1061 1758 1113 ἄτο-

236 1171 325 1206 πον
347 1152 549 1205 πεῦσιν.
596 1151 923 1203 Πυνθάνεται
977 1152 1229 1212 πολλάκις
1268 1151 1563 1215 αίρετικός·
1605 1145 1761 1210 Οἶδας

235 1246 314 1297 τὸν
341 1243 485 1307 Θεὸν,
526 1244 557 1311 ἢ
591 1243 687 1294 οὐκ
715 1240 883 1305 οἷδαςς
933 1242 1057 1293 Ἐὰν
1076 1243 1252 1310 εἴπῃς,
1288 1235 1527 1303 ὅτιοῖδα,
1561 1238 1761 1299 εὐθέως

236 1336 412 1401 ἐπάγει
437 1350 448 1361 ·
480 1329 635 1394 Οἶδας
659 1327 749 1384 οὖν
770 1332 798 1384 6
830 1332 1099 1393 εὐσεϐεῖς;
1123 1331 1248 1391 Ναὶ,
1282 1331 1439 1399 φησιν
1468 1331 1494 1381 ό
1518 1328 1758 1394 εὐσεϐής.

238 1424 326 1483 Τίς
349 1424 451 1491 γὰρ
477 1424 620 1483 ὅπως
650 1422 903 1489 ὑπομένει
928 1421 1120 1488 λέγων,
1148 1422 1227 1473 δτι
1258 1422 1322 1471 Ὃ
1350 1418 1424 1487 μὴ
1452 1414 1565 1469 οἶδα
1588 1415 1760 1477 σέϐως

238 1510 391 1561 Πάλιν
416 1508 641 1573 ἐπάγει·
673 1504 828 1569 Οἶδας
857 1503 947 1559 οὖν
980 1507 1071 1559 τοῦ
1103 1506 1234 1559 Θεοῦ
1261 1508 1355 1573 τὴν
1381 1505 1594 1565 οὐσίαν;
1638 1503 1761 1553 Ἐὰν

238 1595 401 1665 είπῃς,
427 1596 505 1647 ὅτι
534 1596 643 1647 Οὐκ
674 1591 806 1659 οἴδα,
834 1595 1029 1657 εὐθέως
1057 1596 1405 1663 άντιτίθησιν·
1440 1592 1641 1644 Οὐκοῦν
1670 1592 1767 1642 οὐκ

243 1682 376 1747 οἶδας
397 1686 448 1736 τί
480 1686 672 1748 σέϐεις.
702 1686 839 1754 ’Ὅρα
884 1702 971 1754 μοι
1012 1684 1155 1755 [421]
1192 1683 1260 1735 τά
1284 1682 1468 1735 σκολιά
1508 1682 1721 1751 ῥήματα
1751 1692 1764 1706 ⁶

243 1772 335 1841 δρα
390 1790 475 1842 μοι
508 1773 613 1824 τῶν
642 1773 887 1842 πονηρῶν
918 1774 1089 1841 ὄφεων
1116 1772 1211 1834 τὰς
1239 1770 1524 1831 ποικιλίας.
1575 1770 1769 1837 Ὀρᾷς;

240 1861 345 1913 ἀλλ’
368 1863 425 1913 οὐ
457 1862 536 1913 δεῖ
562 1862 932 1933 ταράττεσθαι.
980 1864 1182 1913 Ἐκεῖνο
1213 1860 1339 1928 γάρ,
1381 1858 1613 1923 ἀδελφοὶ,
1641 1856 1771 1907 εἰδέ-

239 1965 320 1999 ναι
348 1949 470 2018 χρὴ,
500 1950 579 2001 ὅτι
609 1950 701 2001 τοῦ
736 1950 929 2001 εἰδέναι
967 1948 1144 2000 πολλοὶ
1196 1948 1403 2017 τρόποι.
1439 1945 1659 1997 Δύναταί
1691 1959 1770 2005 τις

241 2037 426 2091 εἰδέναι
465 2041 544 2091 ὅτι
567 2039 675 2089 ἔστι
715 2038 861 2100 Θεὸς,
897 2038 955 2090 οὐ
985 2037 1045 2089 τὸ
1074 2038 1187 2098 πῶς
1219 2040 1350 2089 ἐστι.
1396 2036 1547 2087 Ἐπεὶ
1576 2034 1666 2085 καὶ
1690 2033 1772 2097 ἐφ’

242 2128 386 2195 ἡμῶν
407 2128 512 2179 τῶν
543 2127 837 2191 ἀνθρώπων
867 2127 1051 2178 πολλαὶ
1078 2126 1175 2194 τῆς
1219 2124 1467 2196 γνώσεως
1496 2124 1619 2174 ὁδοί.
1647 2121 1776 2172 Οἶδα

240 2216 380 2267 τόνδε
421 2216 511 2269 τὸν
560 2214 837 2285 ἄνθρωπον
865 2219 921 2268 ἐν
951 2216 1073 2284 τῇδε
1118 2218 1181 2284 τῇ
1220 2214 1367 2266 πόλει
1411 2212 1682 2277 διάγοντα,
1712 2210 1771 2261 οὑ

243 2307 343 2376 μὴν
370 2302 486 2358 οἴδα
514 2306 606 2357 καὶ
630 2307 782 2357 ποίαν
810 2306 1120 2374 μετέρχεται
1148 2302 1405 2370 ἐργασίαν
1425 2317 1438 2330 ·
1462 2297 1574 2353 οἶδα
1594 2300 1775 2367 ἓτερον

240 2396 389 2463 τήνδε
425 2398 671 2463 μετιόντα
699 2396 795 2463 τὴν
822 2394 1079 2463 ἐργασίαν
1098 2431 1113 2453 ,
1146 2394 1206 2443 οὐ
1237 2392 1340 2459 μὴν
1361 2385 1473 2441 οἶδα
1502 2388 1591 2440 καὶ
1618 2386 1777 2438 πόθεν

242 2484 388 2552 φέρει
426 2485 485 2535 τὸ
516 2484 686 2550 γένος,
717 2485 825 2534 Καὶ
871 2483 1021 2550 μέρει
1052 2481 1157 2548 γὰρ
1205 2478 1471 2545 γινώσκω,
1525 2475 1677 2542 μέρει
1722 2473 1778 2523 δὲ

243 2573 434 2638 ἀγνοῶ.
465 2574 571 2624 Καὶ
590 2572 821 2633 πάντως,
845 2570 963 2622 οὔτε
995 2572 1028 2638 ή
1057 2568 1250 2637 μερικὴ
1274 2565 1469 2633 γνῶσις
1496 2562 1779 2629 ὀλόκληρον

243 2662 445 2728 εἰσάγει
472 2661 691 2727 γνῶσιν,
722 2659 840 2711 οὐτε
868 2660 927 2710 τὸ
967 2657 1039 2725 μὴ
1074 2656 1209 2708 κατά
1258 2656 1430 2707 πάντα
1475 2650 1778 2719 γινώσκειν,

243 2751 334 2819 τὴν
364 2752 593 2820 μερικὴν
624 2750 834 2817 ἀναιρεῖ
867 2747 1079 2815 γνῶσιν.
1120 2745 1182 2796 Τί
1204 2741 1331 2808 οὖν;
1381 2738 1507 2795 Οἶδα
1537 2741 1626 2791 τὸν
1654 2738 1783 2791 Θεὸν

243 2842 317 2892 δτι
348 2841 516 2901 ἔστιν,
553 2841 632 2891 ὅτι
673 2838 871 2905 ἀγαθός
909 2838 1075 2898 ἐστιν,
1110 2838 1187 2887 ὄτι
1222 2833 1480 2891 ἀθάνατός
1510 2833 1671 2888 ἐστιν,
1704 2828 1784 2879 ὅτι

249 2933 518 3001 ἄφθαρτός
552 2936 720 2995 ἐστιν,
752 2932 830 2982 δτι
863 2927 1210 2999 ἀπερινόητός
1252 2926 1414 2987 ἐστιν,
1446 2924 1525 2975 ὅτι
1582 2919 1784 2972 ἀκατάο

244 3021 442 3092 ληπτός
488 3025 654 3085 ἐστιν,
687 3020 968 3090 ἀσώματός
1021 3020 1164 3070 ἐστιν
1192 3058 1205 3080 ,
1253 3011 1604 3071 ἀναλλοίωτός
1648 3012 1785 3061 ἐστι.

245 3109 426 3161 Ταῦτα
458 3110 635 3162 πάντα
662 3104 793 3170 οῖδα,
828 3108 919 3158 καὶ
955 3105 1107 3166 εἰδὼς
1136 3100 1439 3172 προσκυνῶ.
1466 3099 1536 3148 Τὸ
1567 3098 1621 3147 δὲ
1674 3094 1789 3153 πῶς

245 3198 389 3248 ἐστιν
418 3197 519 3248 οὐκ
550 3192 683 3254 οἶδα,
740 3194 858 3245 οὐδὲ
902 3190 1177 3259 ἐδιδάχθην
1230 3186 1693 3255 πολυπραγμονεῖν
1730 3181 1791 3231 τὸ

248 3288 360 3347 πῶς
385 3289 555 3349 ἐστιν,
574 3285 684 3338 ἀλλ’
713 3286 791 3336 ὅτι
820 3283 980 3335 ἔστιν.
1006 3281 1110 3332 Τοῦ
1137 3280 1242 3349 γὰρ
1267 3277 1580 3330 Ἀποστόλου
1610 3272 1793 3325 οὐδένα

248 3378 489 3446 εὑρίσκω
518 3375 734 3443 μείζονα
750 3371 1077 3433 διδάσκαλον,
1098 3368 1383 3438 δυνάμενόν
1408 3382 1494 3435 μοι
1518 3363 1795 3433 κρείττονα

248 3465 346 3533 τὴν
380 3464 660 3516 εὐσέϐειαν
695 3459 1032 3514 ὑποτίθεσθαι
1053 3474 1066 3489 ο
1110 3458 1165 3520 ὃς
1194 3456 1417 3525 λαμπρᾷ
1463 3453 1798 3523 χρησάμενος

252 3557 314 3623 τῇ
356 3556 510 3622 φωνῇ
560 3546 659 3603 ὧδέ
703 3568 775 3621 πη
807 3550 1041 3601 διδάσκει
1079 3548 1277 3613 λέγων·
1323 3543 1644 3597 Πιστεῦσιιι
1690 3539 1797 3608 τὰρ

252 3644 347 3694 δεῖ
368 3644 480 3695 τὸν
505 3642 980 3708 προσερχόμενον
1000 3637 1137 3701 Θεῷ,
1166 3637 1252 3688 ὅτι
1284 3635 1453 3687 ἔστιν
1474 3650 1487 3662 ·
1524 3632 1583 3683 οὐ
1607 3630 1667 3682 τὸ
1689 3629 1802 3689 πῶς

256 3734 425 3794 ἐστιν,
458 3730 574 3781 ἀλλ’
606 3730 730 3779 Ὀτι
760 3727 907 3789 ἔστι,
941 3724 1037 3777 καὶ
1082 3724 1204 3787 τοῖς
1241 3719 1587 3785 ἐκζητοῦσιν
1622 3717 1805 3770 αὐτὸν

252 3818 702 3887 μισθαποδότης
760 3818 995 3884 γίνεται.
1062 3815 1217 3864 Ὥστε
1255 3812 1282 3863 δ
1319 3807 1432 3862 οἴδα
1481 3808 1633 3859 σέϐω.
1695 3807 1807 3857 Οὐκ

256 3910 462 3978 ἔμαθον
492 3908 675 3960 οὐσίαν
704 3905 833 3957 Θεοῦ
863 3903 1325 3973 πολυπραγμονεῖν
1344 3916 1356 3928 ·
1381 3897 1649 3950 πιστεύειν
1676 3894 1806 3961 ἔμα-

255 3998 369 4061 θον,
418 3998 673 4061 ἀδελφοίο
708 3994 994 4057 πιστεύειν,
1024 3994 1082 4045 οὐ
1112 3988 1595 4059 πολυπραγμονεῖν.
1660 3984 1811 4035 Ἀνά-

258 4088 429 4154 γνωθί
462 4103 558 4138 σου
588 4087 684 4154 τὴν
701 4082 998 4153 ὁμολογίαν,
1018 4080 1272 4151 αἱρετικὲ,
1301 4078 1397 4149 τὴν
1421 4078 1477 4129 ἐν
1494 4074 1569 4145 τῷ
1592 4072 1810 4145 κρυπτῷ

258 4180 353 4231 καὶ
410 4176 633 4245 φοϐερῷ
685 4173 958 4244 μυστηρίῳ
991 4169 1454 4240 συμφωνηθεῖσαν.
1488 4168 1613 4218 Ὅτε
1646 4180 1812 4234 προσ-

258 4267 428 4335 ῆλθες
454 4263 833 4335 βαπτισθῆναι,
892 4261 943 4314 τί
990 4257 1171 4323 εἷπες;
1207 4258 1402 4328 ζητῶν,
1436 4256 1816 4324 πολυπραγμο-

258 4352 413 4404 νείαν
448 4348 688 4420 ἐρευνῶν
745 4360 793 4411 ι,
830 4348 863 4415 ἢ
908 4347 1203 4410 πιστεύων;
1266 4344 1471 4406 ’Ἄλλως
1503 4340 1681 4412 ἦλθες,
1726 4341 1818 4392 καὶ

262 4440 407 4508 μετά
436 4440 615 4493 ἄλλων
649 4437 923 4507 συνθηκῶν
946 4435 1281 4505 κατηξιώθης
1304 4435 1402 4503 τῆς
1432 4433 1647 4501 χάριτος
1680 4429 1819 4481 ἐκεί-

260 4543 379 4594 νης.
427 4526 500 4576 Et
527 4542 589 4591 γε
623 4524 947 4591 κατηξίωσαι
991 4523 1206 4575 τοιαῦτα
1244 4524 1471 4591 φρονῶν,
1526 4519 1619 4572 καὶ
1679 4534 1819 4585 παρ-

260 4615 611 4683 εσπόνόησας
640 4613 733 4672 τὰς
761 4612 1043 4681 συνθήκας,
1076 4612 1167 4664 καὶ
1194 4613 1282 4663 ἐπὶ
1322 4612 1416 4678 μὲν
1448 4609 1553 4660 τῶν
1583 4605 1820 4675 φοϐερῶν

261 4708 355 4756 καὶ
395 4704 646 4773 φρικτῶν
672 4702 972 4771 μυστηρίων
998 4702 1091 4769 τὴν
1126 4702 1300 4752 πίστιν
1329 4699 1689 4768 προσήγαγες,
1722 4695 1822 4756 ἔξω

260 4796 313 4847 δὲ
334 4795 449 4846 τῶν
478 4792 788 4861 μυστηρίων
808 4793 1110 4860 γενόμενος,
1130 4790 1479 4861 περιγράφεις
1500 4788 1597 4856 τήν
1624 4787 1820 4847 πίστιν,

260 4884 359 4935 καὶ
382 4881 723 4951 προσφέρεις
754 4880 992 4949 ζήτησιν.

334 5044 408 5104 γ’.
455 5032 603 5085 Ἀλλ’
632 5031 730 5097 ὅρα
759 5029 806 5081 τί
832 5047 991 5097 φησιν
1017 5031 1046 5079 6
1079 5028 1263 5098 ἐχθρὸς
1291 5028 1391 5096 τῆς
1440 5025 1708 5091 ἀληθείας.
1738 5022 1827 5091 Μὴ

264 5128 374 5196 γάρ
402 5122 601 5195 ἀργῶς
639 5122 766 5189 ἡμῖν
797 5120 823 5170 6
848 5118 976 5179 Θεὸς
1020 5119 1213 5169 δέδωκε
1253 5116 1572 5185 λογισμούς;
1622 5113 1693 5181 μὴ
1722 5112 1827 5179 γὰρ

263 5216 463 5275 ἀπλῶς
500 5212 801 5278 εἰλήφαμεν
833 5207 922 5259 τοῦ
959 5206 1047 5258 νοῦ
1075 5207 1133 5257 τὸ
1161 5209 1475 5275 κριτήριον;
1504 5207 1591 5255 Δεῖ
1624 5205 1714 5254 καὶ
1746 5203 1830 5251 λο-

264 5306 498 5373 γισμοῖς
535 5300 757 5368 ὲρευνᾷν
783 5296 877 5365 τὴν
898 5293 1094 5358 πίστιν,
1115 5296 1206 5346 καὶ
1229 5296 1301 5364 μὴ
1327 5294 1672 5357 ἀνεξέταστον
1695 5288 1829 5342 εἶναι

262 5394 368 5463 τὴν
404 5389 719 5444 εὐσέϐειαν.
767 5386 975 5447 Καλῶς.
1038 5384 1192 5435 Ἀλλά
1241 5384 1338 5451 τῆς
1375 5383 1669 5447 ἐξετάσεως
1712 5382 1833 5448 ὅρον

332 5624 357 5650 ⁸
392 5618 557 5667 Forte
578 5614 989 5674 πολυπραγμονῶν,
1016 5613 1222 5673 ἐρευνῶν.
1244 5612 1474 5660 Cornum.

1859 647 2214 719 ὑπερϐαίνων,
2247 646 2307 698 οὐ
2330 648 2555 714 στοιχεῖς
2584 647 2701 705 ταῖς
2744 642 3114 705 θεοπνεύστοις
3142 644 3403 712 Γραφαῖς,

1861 742 1992 794 ἀλλὰ
2024 740 2491 809 πολυπραγμονεῖς
2530 738 2597 790 τά
2634 736 2767 797 θεῖα,
2798 737 2891 789 καὶ
2920 734 3121 804 βιάζεις
3147 735 3246 806 τὴν
3280 736 3408 805 ἀλή-

1864 835 2031 895 θειαν,
2066 834 2159 884 καὶ
2188 831 2455 900 πανταχοῦ
2486 829 2732 891 σπεύδεις
2766 830 2856 880 καὶ
2887 828 3156 897 λογισμῶν
3183 829 3405 896 ἀνωμα-

1862 928 1951 998 λίᾳ
1982 926 2176 997 μᾶλλον
2208 924 2584 993 ἀκολουθῆσαι,
2617 923 2648 992 ἢ
2675 923 2850 974 πίστει
2881 921 3176 985 δουλεῦσαι,
3223 922 3407 989 ὥσπερ

1862 1023 1967 1076 τῶν
1987 1023 2155 1075 ἄλλων
2181 1018 2517 1089 κατειληφὼς
2561 1018 2658 1086 τήν
2692 1019 2902 1086 πεῖραν,
2935 1016 2968 1085 ἢ
3001 1016 3105 1068 τῶν
3147 1016 3318 1069 ἀλλων
3350 1018 3407 1068 ἐν

1865 1115 2026 1184 πείρᾳ
2074 1114 2355 1182 γενόμενος
2407 1112 2513 1163 τῶν
2543 1112 2850 1179 ὁρωμένων.
2907 1109 3253 1175 Ἀπάγγειλόν
3298 1125 3406 1176 μοι,

1864 1207 2136 1277 λογισμῶν
2164 1207 2447 1277 ἀκολουθία
2480 1206 2835 1275 χρησάμενος,
2872 1204 2983 1266 πῶς
3010 1205 3234 1272 ἕστηκεν
3263 1204 3291 1254 6
3318 1204 3407 1255 οὑ-

1871 1301 2041 1371 ρανὸς,
2075 1301 2153 1361 είς
2184 1300 2429 1352 τοσοῦτον
2456 1299 2584 1367 ὕψος
2620 1298 3014 1366 κοιλαινόμενος
3040 1298 3276 1365 ἄπειρον,
3317 1297 3409 1347 καὶ

1872 1392 2033 1460 μηδὲν
2071 1393 2126 1443 ἐν
2151 1390 2382 1459 τοσαύτῃ
2411 1392 2718 1459 περιγραφῇ
2741 1389 2797 1440 τὸ
2819 1389 3092 1458 ὑπερεῖδον
3121 1389 3273 1460 ἔχων,
3298 1387 3411 1448 πῶς

1873 1486 2119 1553 ἕστηκεν,
2150 1484 2252 1535 τίνι
2282 1481 2619 1550 βαστάζεται,
2658 1482 2796 1543 τίνες
2822 1484 2875 1533 αί
2920 1484 3173 1552 κρηπῖδες
3222 1482 3303 1547 ἐφ’
3337 1474 3412 1533 ὧν

1871 1584 2227 1652 ἐστήρικται;
2263 1581 2377 1643 πῶς
2417 1582 2472 1632 ὲν
2526 1579 2756 1649 τοσούτῳ
2806 1581 2979 1649 χρόνῳ
3026 1581 3083 1631 οὐ
3133 1579 3313 1631 λύεται
3352 1579 3412 1630 τὸ

1871 1677 2080 1738 κάλλος,
2114 1678 2211 1727 οὐκ
2239 1672 2604 1743 ἀφανίζεταιή
2638 1673 2906 1742 ἀρμονία;
2947 1675 3124 1737 Δεῖξον
3160 1675 3282 1735 τοὺς
3316 1675 3414 1742 βα-

1874 1774 2158 1836 στάζοντας
2189 1772 2385 1837 κίονας,
2420 1769 2565 1843 [422]
2617 1770 2784 1835 δεῖξον
2829 1771 2924 1840 τὴν
2978 1770 3285 1839 ὑποϐάθραν
3316 1770 3417 1840 τὴν

1871 1872 2137 1933 τοσούτοις
2164 1871 2342 1938 δγκοις
2366 1871 2741 1939 ὑποκειμένην.
2777 1871 2839 1921 Τί
2867 1870 2919 1921 δὲ
2962 1869 3069 1939 ἐρῶ
3101 1870 3226 1939 περὶ
3255 1871 3417 1937 οὐρα-

1874 1962 1983 2025 νοῦ,
2012 1962 2101 2014 καὶ
2122 1962 2181 2013 οὐ
2214 1962 2337 2030 περὶ
2370 1960 2471 2028 γῆς
2502 1960 2567 2028 ἢν
2610 1960 2795 2022 πατῶ;
2824 1960 3045 2028 Πρῶτον
3088 1959 3416 2029 ἐρμήνευσόν

1879 2069 1967 2121 μοι
1993 2052 2090 2119 τῆς
2120 2054 2218 2119 γῆς
2258 2051 2353 2119 τὴν
2374 2050 2719 2102 κατάστασιν.
2760 2051 2877 2101 Ὅτι
2908 2050 3004 2118 μὲν
3044 2048 3150 2119 γάρ
3183 2050 3272 2100 ἐπὶ
3298 2047 3420 2100 ὑδά-

1876 2156 1982 2191 των
2009 2138 2409 2208 τεθεμελίωται,
2432 2138 2585 2189 τοῦτο
2609 2137 2759 2205 κάγὼ
2790 2138 3109 2207 παρέλαϐον,
3143 2139 3234 2190 καὶ
3262 2138 3419 2199 αὐτὸς

1877 2230 2175 2297 ὁμολογεῖς.
2210 2228 2330 2290 Πῶς
2358 2228 2415 2280 δὲ
2443 2228 2654 2280 ἐπὶτῶν
2675 2227 2874 2279 ὑδάτων
2899 2228 3229 2295 ἐστήρικται,
3258 2227 3425 2295 ἐρμήο

1877 2333 2082 2368 νευσον.
2106 2318 2195 2384 Μὴ
2232 2315 2413 2375 ἁπλῶς
2449 2315 2809 2385 ἀκολουθήσῃς
2838 2314 2912 2382 τῷ
2940 2314 3097 2382 λόγῳ,
3136 2314 3264 2365 ἀλλά
3287 2314 3425 2379 λογι-

1882 2406 2013 2472 σμὸν
2045 2403 2236 2463 ἀπόδος
2257 2401 2360 2453 τῶν
2399 2401 2736 2469 ζητουμένων
2761 2416 2773 2429 ·
2806 2400 2920 2461 πῶς
2946 2401 3043 2467 ὄρη
3080 2399 3311 2450 τοσαῦτα
3332 2399 3422 2449 καὶ⁵

1879 2490 2194 2561 τηλικαῦτα,
2228 2489 2319 2539 καὶ
2367 2488 2541 2556 βουνοὶ
2566 2488 2659 2540 καὶ
2689 2488 2934 2548 πεδιάδες
2961 2488 3052 2538 ἐπὶ
3102 2486 3303 2539 ὑδάτων
3333 2487 3424 2553 φέο

1884 2595 2097 2651 ρονται;
2132 2577 2263 2629 Εἱπέ
2290 2576 2402 2638 πῶς
2433 2578 2465 2644 ή
2496 2576 2734 2628 θάλασσα
2760 2576 3079 2645 ἀφώρισται·
3114 2576 3228 2627 εἱπέ
3256 2575 3369 2636 πῶς
3389 2576 3423 2643 ἡ

1882 2668 2149 2728 τοσούτοις
2210 2667 2499 2735 μαινομένη
2545 2666 2746 2733 κύμασι
2798 2666 2888 2716 καὶ
2927 2665 3004 2726 είς
3048 2664 3177 2732 ῦψος
3210 2666 3428 2732 ἄπειρον

1884 2756 2277 2827 κορυφουμένη,
2311 2755 2523 2807 ἐπειδὰν
2552 2756 2820 2824 πλησιάσῃ
2874 2757 2939 2822 τῇ
2968 2754 3194 2823 ψάμμῳ,
3224 2754 3426 2811 λύεται,

1887 2848 2109 2900 αἰδεῖται
2135 2846 2224 2897 τὸν
2254 2847 2375 2914 ὅρον
2411 2844 2504 2897 τοῦ
2531 2844 2835 2913 νομοθέτου.
2871 2845 3249 2915 Ἐρμήνευσον,
3278 2844 3428 2895 ἀδελ-

1889 2937 1975 3003 φέ,
2012 2936 2124 2997 πῶς
2159 2937 2280 3004 μιᾶς
2321 2935 2423 3002 γῆς
2455 2933 2636 3003 οῦσης,
2686 2936 2810 3002 μιᾶς
2851 2935 3084 3004 μητρὸς,
3117 2932 3340 3002 διάφορα
3366 2933 3433 2985 τά

1892 3024 2235 3091 βλαστήματα
2257 3063 2269 3083 ,
2305 3022 2463 3073 πόθεν
2493 3024 2547 3073 αί
2604 3024 2793 3089 πικραὶ
2822 3023 2983 3090 ῥίζαι,
3014 3021 3173 3073 πόθεν
3215 3022 3269 3071 αἱ
3306 3020 3433 3085 γλυ-

1891 3117 2051 3170 κεῖαι.
2086 3112 2243 3163 πόθεν
2266 3111 2374 3161 τῶν
2419 3110 2639 3179 καρπῶν
2677 3112 2732 3162 at
2765 3110 3030 3178 διαφοραί.
3066 3111 3175 3161 Μία
3202 3109 3270 3177 γῆ
3305 3108 3432 3176 βλα-

1894 3203 2170 3262 στάνουσα,
2199 3195 2275 3261 εἷς
2322 3199 2521 3267 ὄμϐρος
2550 3201 2577 3250 6
2618 3198 2843 3267 τρέφων,
2906 3197 3065 3248 πόθεν
3096 3198 3127 3265 ὴ
3170 3196 3437 3263 διαφοράς

1905 3291 2259 3359 Ἐρμήνευσον
2291 3288 2446 3339 πόθεν
2474 3288 2725 3355 προῖεσαν
2759 3287 2813 3337 αἱ
2848 3287 3038 3353 πηγαὶ,
3065 3286 3158 3337 καὶ
3188 3288 3248 3336 ὲκ
3271 3285 3436 3337 ποίων

1898 3380 2142 3432 ἀϐύσσων
2162 3416 2176 3439 ,
2202 3376 2315 3437 πῶς
2341 3376 2508 3427 ταῦτα
2528 3375 2744 3426 δυνατὸν
2776 3375 3115 3428 καταλαϐεῖν.
3158 3375 3291 3426 Ἀλλ’
3314 3376 3438 3428 ὅταν

1902 3467 2025 3535 περὶ
2054 3465 2219 3518 ταῦτα
2250 3462 2846 3533 ἀπορήσωμεν,·ἕχομεν
2880 3463 3002 3531 μίαν
3027 3463 3199 3532 ἀληθῆ
3236 3464 3325 3515 καὶ
3350 3466 3440 3516 εὐ-

1904 3555 2031 3621 σεϐῆ
2086 3555 2191 3606 τῶν
2226 3554 2607 3621 ἀπορουμένων
2638 3551 2733 3621 τὴν
2781 3552 2950 3605 λύσιν.
2978 3553 3081 3604 Καὶ
3112 3556 3140 3605 6
3178 3556 3440 3622 μακάριος

1904 3644 2059 3697 Δαυῖδ
2088 3643 2416 3713 ὲμελῴδησεν
2448 3637 2547 3694 ὧδέ
2577 3659 2651 3711 πη
2673 3642 2843 3709 λέγων
2863 3658 2875 3669 ⁸
2912 3643 3036 3694 Ὀτι
3082 3644 3259 3707 εὐθὺς
3284 3647 3316 3695 ό
3343 3645 3446 3696 λό-

1906 3754 2006 3803 γος
2030 3734 2132 3786 τοῦ
2156 3734 2392 3799 Κυρίου,
2418 3733 2512 3784 καὶ
2558 3733 2749 3784 πάντα
2774 3732 2842 3783 τὰ
2881 3733 3019 3799 ἔργα
3052 3732 3231 3784 αὑτοῦ
3252 3732 3320 3783 ὲν
3351 3734 3446 3787 πί..

1908 3842 2053 3877 στει.
2086 3824 2165 3875 Τά
2208 3823 2339 3893 ἔργα
2388 3823 2511 3874 ἄνευ
2546 3822 2773 3883 πίστεως
2812 3822 2908 3872 οὐκ
2965 3821 3074 3872 ἐστι
3108 3821 3447 3883 καταλαϐεῖν,

1910 3914 2002 3964 καὶ
2031 3912 2157 3963 Θεὸν
2187 3911 2310 3962 ἀνευ
2336 3914 2563 3970 πίστεως
2587 3912 2761 3977 εὑρεῖν
2786 3910 3001 3961 δυνατόν
3023 3925 3036 3967 ;
3065 3908 3143 3959 Τά
3170 3909 3301 3978 ἔργα
3320 3908 3446 3961 ἄνευ

1912 4001 2158 4061 πίστεως,
2193 3999 2286 4051 καὶ
2306 3999 2333 4048 ὁ
2358 3999 2480 4061 Υἱὸς
2510 4000 2565 4048 ἐν
2595 3998 2888 4062 ἀποδείξει;
2929 3999 3052 4050 Ὀτι
3080 3998 3256 4061 εὐθὺς
3282 4002 3313 4051 ό
3346 3999 3449 4051 λό’

1912 4108 2015 4159 γος
2035 4089 2137 4141 τοῦ
2167 4088 2401 4154 Κυρίου,
2427 4086 2520 4138 καὶ
2555 4087 2744 4138 πάντα
2784 4088 2853 4139 τὰ
2882 4086 3022 4154 ἔργα
3054 4088 3233 4141 αὑτοῦ
3256 4088 3323 4139 ἐν
3354 4088 3451 4139 πί-

1916 4200 2061 4237 στει.
2099 4181 2253 4233 Ἀλλὰ
2281 4181 2383 4249 γὰρ
2420 4181 2542 4241 τοὺς
2572 4179 2793 4249 ἐχθροὺς
2836 4180 2931 4248 τῆς
2954 4178 3203 4247 ἀληθείας
3228 4180 3457 4248 ἀφέντες

1918 4276 2093 4343 ἡμεῖς,
2125 4272 2215 4323 ἐπὶ
2240 4270 2335 4340 τὴν
2388 4271 2511 4339 ὑγιῆ
2553 4272 2643 4322 καὶ
2679 4270 2888 4337 ἀσφαλῆ
2934 4271 3029 4339 τῆς
3075 4271 3302 4332 πίστεως
3334 4270 3450 4339 (sic)

1920 4363 2313 4431 ἐπανέλθωμεν,
2339 4360 2428 4413 καὶ
2449 4360 2705 4427 δείξωμεν
2723 4360 2809 4411 τὸν
2828 4360 3024 4413 κανόνα
3038 4363 3135 4429 τῆς
3164 4360 3458 4423 εὐσεϐείας,

1920 4456 1985 4508 δι’
2015 4453 2178 4520 αὐτῆς
2201 4451 2297 4519 τῆς
2318 4448 2571 4518 ἀληθείας
2598 4449 2958 4518 ὲκλάμποντα.
2980 4450 3163 4509 Οὐδεὶς
3189 4448 3458 4510 Μωῦσέως

1922 4546 1976 4595 ἐν
2006 4543 2112 4601 τοῖς
2133 4539 2371 4607 ἀρχαίοις
2393 4535 2842 4605 ἀξιοπιστότερος,
2862 4535 3031 4596 οὐδεὶς
3051 4534 3255 4589 Παύλου
3278 4535 3332 4583 ἐν
3351 4535 3460 4594 τοῖς

1922 4632 2059 4690 νέοις
2096 4627 2409 4696 σοφώτερος.
2464 4625 2777 4694 Ἐρεύνησον
2805 4624 2899 4693 τὴν
2930 4622 3153 4675 παλαιὰν
3196 4623 3463 4674 κατάσταη

1927 4735 2028 4781 σιν,
2057 4718 2147 4769 καὶ
2174 4716 2444 4777 Μωῦσέως
2466 4714 2649 4766 οὐδένα
2679 4713 2891 4782 μείζονα
2923 4711 3169 4779 εὑρήσεις
3193 4728 3205 4740 ·
3235 4713 3465 4778 Ἔγνων

1924 4809 2030 4876 γάρ
2059 4823 2150 4867 σε,
2176 4804 2271 4857 καὶ
2292 4800 2459 4869 εὗρες
2481 4803 2650 4867 χάριν
2671 4801 2824 4866 παρὰ
2848 4798 3091 4863 πάντας.
3120 4800 3300 4861 Οὐδεὶς
3327 4802 3466 4853 Παύ-

1928 4898 2019 4948 λου
2046 4898 2099 4946 ἐν
2126 4897 2188 4961 τῇ
2222 4894 2333 4960 Νέᾳ
2364 4891 2684 4958 τελειότερος
2706 4905 2719 4918 ο
2752 4889 2970 4952 Σκεῦος
2987 4888 3092 4957 γάρ
3118 4890 3285 4940 ἐστιν
3300 4889 3468 4941 674.10—

1932 4985 2057 5053 τῆς,
2094 4984 2182 5032 καὶ
2211 4980 2467 5032 λαλοῦντα
2496 4978 2628 5047 ἔχων
2658 4980 2712 5029 ἐν
2762 4978 2934 5046 ἐαυτῷ
2959 4977 3048 5028 τὸν
3098 4977 3344 5047 Χριστόν.
3380 4979 3471 5047 Μὴ

1932 5070 2169 5138 ὑπερϐῇς
2199 5070 2320 5129 τοὺς
2349 5068 2438 5119 τοῦ
2477 5068 2751 5128 Μωῦσέως
2798 5068 2952 5135 ὅρους
2995 5067 3087 5117 καὶ
3115 5067 3205 5118 τοῦ
3236 5067 3468 5119 Παύλου.

1932 5160 1994 5210 Τί
2027 5155 2147 5225 εὐρε
2186 5158 2420 5225 Μωῦσῆς
2448 5196 2461 5217 ,
2501 5157 2795 5225 κατάληψιν
2830 5157 3032 5217 οὐσίας,
3061 5156 3093 5224 ἦ
3121 5157 3274 5221 δόξαν
3307 5155 3473 5215 Θεοῦ;

1932 5246 2183 5314 Μωῦσῆς,
2221 5246 2452 5311 ἀδελφοὶ,
2487 5240 2645 5314 ἦλθεν
2675 5247 2751 5306 είς
2785 5243 3076 5312 ἐπιθυμίαν
3102 5244 3255 5307 Θεοῦ,
3278 5242 3351 5302 ὼς
3384 5242 3475 5293 ἄν·

1938 5338 2149 5406 θρωπος
2181 5334 2440 5401 φιλόθεος,
2473 5335 2562 5385 καὶ
2584 5334 2810 5402 ἠγνόησε
2844 5335 2957 5402 μέν,
2979 5334 3056 5385 ὅτι
3079 5333 3327 5384 ἀδύνατον
3381 5332 3479 5381 ὲπο

1938 5426 2149 5493 εθύμει·
2186 5427 2330 5494 ὅμως
2352 5425 2406 5476 δέ
2435 5425 2500 5476 δι’
2538 5418 2610 5477 ὧν
2644 5424 2839 5494 ᾔτησεν
2866 5424 2953 5476 τὸν
2987 5423 3133 5483 Θεὸν,
3170 5421 3381 5484 ἔδειξεν.
3413 5422 3481 5473 Τί

1940 5517 2043 5586 γάρ
2068 5533 2229 5584 φησι;
2253 5516 2477 5583 Δέομαι,
2505 5516 2692 5581 Κύριε,
2722 5517 2771 5566 εί
2788 5514 3005 5580 εὕρηκα
3036 5510 3206 5577 χάριν
3228 5509 3481 5563 ἐνώπιόν

1948 5621 2080 5671 σου,
2130 5603 2413 5673 γνωστῶς
2466 5604 2566 5655 ἵὸω
2613 5619 2706 5667 σε,
2748 5601 3073 5669 ἐμφάνισον
3096 5617 3194 5667 μοι
3232 5600 3476 5653 σαυτόν.
