4158 6320
743 356 855 411 417

763 455 1008 523 Ἀδελφδς
1031 453 1096 528 ἦν
1116 453 1264 525 οὗτος
1287 464 1378 516 τοῦ
1400 467 1659 520 Φιλίππου
1679 469 1770 520 τοῦ
1790 471 2031 538 λέγοντος
2055 486 2068 500 ·
2093 472 2297 535 Δεῖξον

750 556 894 624 ἡμῖν
911 560 1014 610 τὸν
1037 562 1280 628 Πατέρα,
1306 567 1402 618 καὶ
1427 569 1596 632 ἀρκεῖ
1615 571 1775 638 ἡμῖν.
1811 573 1998 642 Κύριε,
2026 576 2088 626 σὺ
2118 572 2294 638 εἴπας,

752 661 830 711 ὅτι
881 658 1064 727 Εὗρες
1112 665 1282 730 χάριν
1327 669 1579 722 ἐνώπιόν
1634 691 1774 738 μου,
1834 676 2165 742 ἐμφάνισόν
2199 696 2296 745 μοι

752 765 1026 825 σεαυτὸν,
1049 765 1204 830 ὅπως
1231 769 1505 834 γνωστῶς
1531 773 1631 823 ἴδω
1659 789 1750 826 σε.
1785 771 1900 826 Εἷδε
1934 778 2028 844 μὲν
2065 779 2169 847 γὰρ
2204 781 2297 831 αὑ-

750 863 840 912 τὸν
870 864 959 914 καὶ
988 867 1075 916 ἐπὶ
1104 869 1197 934 τῆς
1237 869 1415 935 βάτου,
1450 868 1584 923 εἶδεν
1613 876 1770 927 αὑτὸν
1805 879 1894 928 καὶ
1927 879 1989 929 ἐκ
2017 879 2107 931 τοῦ
2141 882 2296 948 ὅρους

752 964 900 1027 Σινά,
921 963 1053 1016 εἶδεν
1077 969 1234 1020 αὑτὴν
1261 973 1351 1022 καὶ
1373 973 1435 1024 ἐκ
1455 974 1721 1044 διαφόρων
1749 978 2073 1045 ἐπιφανέντα
2098 982 2291 1048 τόπων,

752 1067 844 1116 καὶ
875 1067 1138 1138 διαφόρως
1175 1074 1271 1142 τὴν
1320 1077 1634 1143 ἐπιφάνειαν
1693 1081 1852 1131 αὑτοῦ
1887 1082 2248 1152 ἐνδειξάμενον
2273 1103 2286 1117 ο

753 1169 865 1221 ἀλλ’
894 1174 920 1223 6
948 1177 1210 1244 μακάριος
1239 1181 1439 1243 ἐκεῖνος
1472 1183 1707 1250 Μωῠσῆς
1761 1187 1920 1237 αὑτὸν
1956 1188 2077 1239 ἰδεῖν
2114 1190 2294 1242 ἐπόθει

751 1275 849 1341 τῆς
888 1274 1097 1340 φύσεως
1122 1279 1210 1330 τὸν
1238 1287 1582 1352 χαρακτῆρα·
1628 1286 1906 1354 ἄνθρωπος
1950 1288 2044 1354 ὢν,
2088 1290 2287 1360 ἀνθρώ-

753 1390 880 1424 πινα
909 1378 1031 1444 περὶ
1059 1379 1154 1446 τῆς
1180 1380 1538 1452 ὑπερκοσμίου
1562 1387 1837 1456 δυνάμεως
1864 1390 2202 1455 ἐφαντάζετο.
2239 1393 2293 1444 ὐ

751 1475 806 1527 δὲ
843 1476 970 1538 Θεὸς
995 1475 1084 1527 τὸν
1111 1482 1210 1549 μὲν
1245 1483 1389 1553 [423]
1427 1486 1590 1538 πόθον
1625 1488 1716 1540 τοῦ
1748 1489 1934 1541 πιστοῦ
1975 1492 2294 1561 θεράποντος

752 1575 990 1638 ἐδέξατο’
1042 1582 1215 1632 πείθει
1265 1584 1359 1652 τὴν
1389 1587 1725 1658 ἀνθρωπίνην
1759 1591 1932 1657 ὄρεξιν
1965 1594 2069 1644 τῶν
2095 1595 2290 1647 ἀδυνάο

748 1692 856 1728 των
877 1679 1257 1747 ἐπιθυμοῦσαν.
1291 1684 1353 1735 Τί
1382 1686 1487 1754 γάρ
1531 1704 1660 1756 φησι
1693 1689 1824 1758 πρὸς
1869 1692 2056 1754 αὑτόν;
2091 1693 2294 1758 Οὐδεὶς

751 1773 956 1841 ὄψεται
991 1779 1055 1830 τὸ
1084 1784 1401 1847 πρόσωπόν
1423 1803 1576 1852 μου,
1610 1788 1705 1840 καί
1739 1787 1991 1852 ζήσεται.
2024 1792 2097 1842 Οὑ
2131 1796 2295 1860 χωρεί

750 1876 1074 1945 ποθούμενον
1120 1882 1152 1948 ἠ
1208 1881 1313 1933 τῶν
1364 1885 1662 1938 ποθούντων
1724 1887 1974 1956 δύναμις,
2031 1891 2090 1940 οὑ
2141 1893 2291 1961 φέρει

751 1975 914 2045 θνητὴ
941 1979 1058 2045 ὄψις
1082 1980 1176 2048 τὴν
1202 1981 1460 2035 ἀθάνατον
1495 1985 1671 2051 φύσιν.
1698 1987 1760 2037 Τί
1794 1984 1885 2040 οὖν
1903 2028 1916 2050 ,
1953 1983 1997 2040 ὦ
2031 1989 2289 2053 Δέσποτα,

749 2077 1172 2144 καταλιμπάνεις
1205 2079 1292 2130 τὸν
1342 2081 1500 2132 πόθον
1549 2084 1991 2152 ἀπαραμύθητον,
2047 2089 2139 2139 καὶ
2173 2090 2290 2140 οὐδὲ

750 2173 905 2223 σκιάν
938 2175 1188 2242 παρέχεις
1223 2177 1318 2243 τῆς
1339 2177 1628 2246 ἐπιθυμίας
1657 2179 1732 2248 τῷ
1767 2183 2145 2252 φανταζομένῳ
2172 2201 2292 2236 τοσ-

747 2271 900 2324 οῦτον
934 2271 1091 2324 πόθον
1119 2291 1131 2338 ;
1163 2273 1321 2326 Ὅθεν
1349 2277 1516 2345 φησί’
1567 2277 1765 2346 Τίθημί
1805 2293 1878 2332 σε
1914 2285 2000 2346 εὶς
2037 2283 2148 2350 τὴν
2187 2285 2292 2336 πέ-

749 2387 912 2436 τραν,
939 2371 1031 2421 καὶ
1059 2372 1326 2430 σκεπὰζω
1353 2372 1426 2440 τῇ
1442 2376 1593 2442 χειρί
1607 2393 1725 2443 μου
1745 2394 1759 2408 ·
1781 2378 1876 2430 καὶ
1901 2379 1969 2431 ἐν
1987 2379 2063 2443 τῷ
2088 2382 2290 2448 παρέρ-

748 2474 953 2535 χεσθαι
981 2469 1090 2537 τὴν
1122 2471 1308 2535 δόξαν
1333 2491 1448 2540 μου
1473 2475 1590 2542 ὄψῃ
1623 2477 1692 2528 τὰ
1721 2478 1977 2542 ὀπίσθια,
2009 2480 2079 2532 τὰ
2105 2481 2170 2532 δὲ
2193 2483 2290 2549 ἑμ-

746 2569 1001 2634 πρόσθια
1019 2571 1126 2622 οὐκ
1161 2570 1300 2638 ὄψῃ.
1343 2574 1441 2624 Ἑν
1459 2573 1537 2637 τῷ
1557 2576 1968 2643 παρέρχεσθαι,
1997 2582 2095 2632 οὑκ
2117 2579 2286 2645 εἶπεν,

747 2666 897 2735 Ἐμὲ,
925 2667 1076 2730 ἀλλά,
1102 2670 1215 2735 Τὴν
1235 2670 1418 2733 δόξαν
1433 2690 1568 2739 μου·
1589 2675 1646 2725 οὑ
1670 2676 1774 2745 γὰρ
1795 2677 1956 2742 ἔστιν,
1986 2681 2288 2749 ὑπερϐάντα

746 2759 841 2828 τὴν
876 2761 1048 2824 δόξαν,
1081 2762 1260 2813 οὑσίαν
1293 2765 1485 2833 εὑρεῖν.
1527 2767 1762 2837 Μωῦσῆς
1793 2771 1941 2821 οὐδὲν
1978 2767 2100 2842 εὗρε
2132 2775 2288 2826 πλέον

746 2854 921 2922 δόξης,
953 2857 1045 2908 καὶ
1075 2858 1270 2924 ταύτην
1301 2858 1395 2910 οὑκ
1431 2855 1565 2911 εἶδεν
1594 2863 1670 2922 είς
1708 2863 2013 2934 ὁλόκληρον,
2058 2868 2188 2918 ἀλλά
2221 2872 2288 2921 τὰ

747 2951 888 3002 νῶτα
907 2968 919 2979 ³
947 2952 1043 3002 οὐκ
1075 2952 1255 3021 ἐπειδὴ
1277 2952 1461 3016 νώτοις
1487 2957 1574 3007 καὶ
1599 2957 1814 3025 στήθεσι
1843 2959 2228 3031 διαγέγραπται
2254 2967 2284 3034 ή

749 3044 864 3096 θεία
891 3046 1074 3112 φύσις⁹
1099 3047 1238 3115 ἀπλῆ
1265 3050 1370 3116 γάρ
1394 3050 1505 3101 ἐστι
1533 3053 1624 3102 καὶ
1646 3052 1952 3116 ἀσύνθετος·
1980 3057 2088 3107 ἀλλ’
2107 3060 2287 3128 ἐπειδὴ

744 3140 773 3190 6
797 3139 925 3200 Θεὸς
955 3141 1138 3191 ἐαυτὸν
1159 3141 1296 3193 οὕτω
1323 3145 1592 3212 γνωρίζει,
1619 3148 1676 3198 οὑ
1706 3151 1842 3200 κατά
1871 3149 1967 3218 τὴν
1997 3152 2138 3220 αὑτῷ
2166 3155 2289 3222 πρέ-

747 3249 949 3285 πουσαν
976 3234 1148 3297 ἀξίαν,
1171 3237 1301 3288 ἀλλὰ
1331 3239 1465 3289 κατὰ
1490 3240 1584 3307 τὴν
1612 3241 1832 3310 δύναμιν
1856 3245 1958 3295 τῶν
1997 3246 2287 3313 μελλόντων

745 3328 1030 3380 ἀπολαύειν
1054 3331 1149 3398 τῆς
1173 3331 1363 3396 ὅψεως.
1394 3335 1625 3402 Μωῦσῆς
1653 3336 1805 3397 δόξαν
1833 3338 2051 3405 ἔφθασε,
2081 3343 2169 3392 καὶ
2192 3343 2288 3413 τὴν

742 3421 897 3484 δόξαν
921 3424 1016 3490 οὑχ
1045 3423 1301 3491 ὑπερέϐη.
1322 3426 1426 3475 Καὶ
1451 3427 1534 3488 σὺ,
1561 3428 1815 3494 αἱρετικὲ,
1841 3431 1937 3496 τὴν
1960 3432 2112 3493 δόξαν
2134 3436 2290 3502 ὑπερ-

745 3516 862 3578 ϐάς,
886 3518 1068 3567 οὐσίαν
1093 3519 1223 3570 Θεοῦ
1250 3519 1714 3589 πολυπραγμονεῖς
1737 3544 1750 3584 ς
1790 3525 2066 3592 Ἐλθωμεν
2087 3531 2177 3580 καὶ
2197 3531 2286 3582 ἐπὶ

743 3609 834 3661 τὸν
865 3611 1125 3678 μακάριον
1144 3612 1367 3664 Παῦλον.
1400 3614 1606 3676 Παῦλος
1632 3619 1686 3667 ἐν
1713 3620 1776 3686 τῇ
1799 3620 1909 3688 Νέᾳ
1927 3622 2282 3684 Καταστάσει,

746 3704 982 3771 ἐγκύψας
1035 3710 1278 3776 μερικαῖς
1320 3724 1455 3758 τισιν
1497 3710 1819 3777 οἰκονομίαις
1854 3714 1945 3764 τοῦ
1999 3715 2151 3773 Θεοῦ.
2195 3719 2286 3770 καὶ

745 3799 930 3869 ῶσπερ
961 3800 1258 3866 ἰλιγγιάσας
1289 3802 1354 3853 τά
1380 3801 1513 3870 βάθη
1546 3803 1642 3871 τῆς
1670 3806 1893 3870 ἐννοίας,
1918 3808 2013 3877 τὴν
2048 3812 2286 3881 μεγάλην

747 3897 957 3966 ἐκείνην
998 3897 1090 3946 καὶ
1133 3896 1443 3964 ἐκπλήξεως
1477 3899 1746 3965 γέμουσαν
1787 3902 2043 3972 ἀνεϐόησε
2074 3909 2282 3975 φωνὴν,

745 3986 846 4043 ὧδέ
903 4009 976 4061 πη
1023 3992 1226 4058 λέγων·
1269 3988 1335 4044 Ὦ
1375 3993 1565 4058 ,βάθος
1614 3998 1876 4050 πλούτου
1923 4003 2140 4066 σοφίας
2188 4004 2283 4058 καὶ

745 4091 1014 4161 γνώσεως
1045 4087 1188 4144 Θεοῦ
1203 4092 1222 4142 .'
1250 4093 1326 4156 ὡς
1356 4093 1784 4161 ἁνεξερεύνητα
1815 4097 1885 4149 τὰ
1917 4101 2163 4166 κρίματα
2182 4106 2286 4157 αὑ-

743 4191 867 4252 τοῦ,
892 4189 989 4240 καὶ
1013 4189 1446 4255 ἀνεξιχνίαστοι
1467 4194 1524 4242 αἱ
1541 4192 1664 4243 όδοὶ
1679 4195 1886 4247 αὐτοῦ]
1905 4199 1995 4261 Τίς
2013 4199 2119 4268 γὰρ
2135 4203 2284 4270 ἔγνω

742 4289 890 4342 νοῦν
918 4291 1168 4356 Kvpt'ov,‘
1199 4290 1232 4354 ἣ
1263 4292 1350 4352 τίς
1375 4292 1712 4356 σύμϐουλος
1739 4295 1920 4347 αὐτοῦ
1949 4299 2217 4365 ὲγένετο;
2243 4302 2281 4369 ἢ

740 4393 830 4456 τις
859 4390 1186 4457 προέδωκεν
1203 4384 1381 4453 αὐτῷ,
1407 4392 1503 4442 καὶ
1533 4393 2068 4459 ἀνταποδοθήσεται
2095 4401 2279 4465 αὑτῷ;

740 4491 847 4543 Καὶ
876 4491 935 4541 τὸ
963 4489 1109 4550 τέλος
1136 4488 1226 4540 τοῦ
1261 4489 1418 4555 λόγου
1437 4507 1448 4517 ·
1481 4490 1605 4542 Ὀτι
1639 4493 1707 4553 ἐξ
1733 4495 1916 4546 αὑτοῦ
1945 4499 2038 4550 καὶ
2081 4499 2154 4550 δι’
2179 4505 2282 4553 αὐ-

741 4591 843 4643 τοῦ
867 4591 962 4643 καί
983 4593 1065 4653 εις
1091 4591 1270 4641 αὐτὸν
1291 4589 1360 4641 τὰ
1389 4591 1607 4642 πάντα·
1635 4593 1792 4656 αὐτῷ
1810 4597 1847 4662 ἡ
1871 4597 2017 4660 δόξα
2035 4602 2120 4663 εἰς
2145 4601 2283 4664 τοὺς

738 4687 972 4751 αἰῶνας.
1014 4688 1171 4756 Ὁρᾷς
1197 4689 1277 4738 ὅτι
1307 4690 1383 4749 είς
1411 4689 1505 4756 τὴν
1530 4689 1682 4754 δόξαν
1707 4692 1871 4745 ἐλθὼν
1896 4695 1986 4745 τοῦ
2012 4696 2164 4761 Θεοῦ,
2194 4698 2281 4750 τὸν

737 4782 855 4848 ὅρον
873 4782 930 4832 οὔ
937 4800 969 4849 χ
992 4782 1258 4850 ὑπερέϐης
1283 4783 1389 4834 Καὶ
1409 4786 1461 4835 τί
1485 4785 1606 4852 περὶ
1625 4786 1917 4854 ἀνθρώπων
1942 4789 2081 4855 λέγω
2099 4809 2112 4855 ;
2131 4792 2282 4845 Ἀνά-

737 4883 863 4951 ϐηθι
901 4885 1035 4951 πρὸς
1062 4887 1129 4936 τὰ
1159 4887 1500 4956 ὑπερκόσμια
1533 4892 1594 4957 τῇ
1628 4892 1829 4960 ἐννοία-
1863 4894 2130 4962 ἐρώτησον
2158 4899 2281 4958 τοὺς

736 4987 990 5056 οὐρανοὺς
1009 4988 1100 5037 καὶ
1115 4990 1254 5040 εἰπέο
1277 4990 1340 5040 Τί
1367 5007 1454 5057 μοι
1479 4992 1601 5058 περὶ
1619 4992 1750 5044 Θεοῦ
1770 4995 2111 5061 ἀναγγέλλειν
2126 4998 2273 5051 δύνα-

738 5091 862 5153 σθες
893 5091 1125 5160 οὐρανοὶ,
1155 5091 1474 5160 διηγήσασθέ
1498 5112 1584 5164 μοι
1609 5098 1845 5160 ποταπὸς
1869 5101 1895 5150 6
1919 5099 2075 5162 Θεός·
2107 5103 2280 5168 ἀπαγ-

735 5184 947 5252 γείλατέ
979 5200 1065 5252 μοι
1095 5184 1144 5234 τί
1174 5186 1318 5235 ἐστιν
1337 5188 1490 5257 οὐσίᾳ
1513 5193 1540 5242 6
1567 5196 1712 5251 Θεος.
1753 5193 1889 5244 Ἀλλ’
1917 5196 2014 5245 οὑκ
2052 5197 2276 5266 ἀποκρί-

736 5295 913 5332 νονται
945 5279 993 5330 οἱ
1038 5279 1270 5346 οὐρανοὶ,
1304 5281 1428 5347 περὶ
1473 5285 1580 5332 τῶν
1619 5287 1888 5340 ἀδυνάτων
1918 5290 2275 5359 ἐρωτώμενοι.

748 5376 902 5428 Ἀλλὰ
929 5376 1029 5428 κᾶν
1063 5376 1231 5428 ταῦτα
1258 5377 1537 5444 τολμηρῶς
1572 5384 1945 5456 ἐπερωτήσῃς,
1979 5390 2276 5458 ἀποκριθή-

733 5491 884 5527 σεται
910 5477 995 5527 διά
1026 5477 1117 5527 τοῦ
1148 5478 1439 5546 θαυμασίου
1471 5480 1726 5549 Ἰερεμίου
1754 5486 1810 5536 τὸ
1839 5489 1975 5539 θεῖον
2000 5494 2170 5543 ἐκεῖνο
2194 5494 2277 5545 λό-

734 5584 887 5634 γιον*
926 5572 1204 5637 Ἔρριξεν
1255 5575 1504 5641 οὐρανὸς
1554 5577 1644 5628 ἐπὶ
1693 5579 1879 5634 τοῦτο.
1917 5585 2124 5652 Φρίττει
2171 5591 2275 5660 γὰρ

2242 356 2350 411 INC
2361 357 2514 414 ΕΙΠῚ

3840 404 3950 456 418

2401 477 2623 545 οὐρανὸς
2657 483 2890 552 ἀληθῶς,
2909 486 3036 538 ὅταν
3061 487 3142 557 ἴδῃ
3174 489 3270 555 τὴν
3295 489 3445 542 θείαν
3473 489 3947 562 πολυπραγμονου-

2401 572 2566 639 μένην
2597 576 2776 640 φύσιν.
2819 581 3180 649 Ἀντικρούσει
3208 584 3263 635 δὲ
3292 586 3384 637 καὶ
3411 589 3439 638 ό
3472 588 3737 658 μακάριος
3768 590 3948 651 Δαυῖδ,

2397 666 2492 734 τὴν
2514 668 2744 740 ἄμετρον
2762 673 3285 746 πολυπραγμοσύνην
3305 678 3564 744 κολάζων,
3578 685 3669 733 καὶ
3685 686 3816 751 ἐρεῖ,
3835 686 3948 737 οὑκ

2397 762 2649 828 ἤκουσας,
2691 766 2771 817 ὅτι
2813 770 2876 821 Ol
2918 772 3158 835 οὐρανοὶ
3183 771 3520 840 διηγοῦνται
3592 777 3748 843 φύσιν
3789 779 3944 842 Θεοῦ,

2398 854 2548 916 ἀλλὰ,
2601 859 2790 921 Δόξαν
2845 863 3008 916 Θεοῦ.
3063 866 3172 917 Οὑκ
3225 868 3379 928 αὑτός
3406 885 3486 919 σοι
3515 871 3597 921 διά
3650 873 3744 939 τῆς
3788 874 3946 937 ἁγίας

2398 949 2622 1016 κιθάρας
2639 953 2944 1022 ἀνεϐόησεν,
2963 958 3042 1008 ὅτι
3065 962 3128 1008 Οἱ
3151 961 3388 1026 οὐρανοί
3408 962 3738 1028 διηγοῦνται
3761 965 3946 1027 δόξαν

2399 1042 2562 1104 Θεοῦ,
2581 1047 2639 1096 οὑ
2671 1046 2828 1111 φύσιν
2854 1048 3016 1112 Θεοῦ;
3041 1053 3153 1102 Οὑκ
3175 1053 3358 1104 οὐσίαν
3387 1056 3785 1125 ἑρμηνεύουσιν,
3809 1061 3941 1112 ἀλλὰ

2395 1135 2548 1197 δόξαν
2594 1139 2725 1190 Θεοῦ
2779 1141 3210 1208 ἀναγγέλλουσιν.
3252 1147 3406 1200 Ἀλλά
3453 1151 3524 1218 μὴ
3578 1154 3798 1222 νομίζῃς
3843 1155 3942 1217 τὰς

2396 1229 2788 1300 ὑπερκοσμίους
2835 1235 3088 1306 δυνάμεις
3123 1241 3311 1294 εἰδέναι
3345 1260 3394 1294 τι
3427 1245 3601 1296 πλέον.
3644 1248 3940 1316 Ἐρώτησον

2394 1327 2672 1394 ἀγγέλους,
2713 1332 2982 1402 ἐρώτησον
3007 1336 3166 1402 λέγω,
3194 1339 3290 1391 οὑκ
3331 1342 3513 1411 ἐπειδὴ
3558 1345 3938 1415 ἐπιτέτραπται

2397 1424 2545 1496 [424]
2567 1444 2647 1480 σοι
2669 1432 3013 1500 προσομιλεῖν
3030 1437 3147 1498 ταῖς
3171 1438 3282 1489 ἀνω
3298 1439 3604 1508 δυνάμεσιν.
3625 1444 3734 1495 ἀλλ’
3755 1447 3937 1516 ἐπειδὴ

2393 1523 2456 1574 ἐκ
2485 1525 2579 1592 τῆς
2612 1527 2828 1598 Γραφῆς
2856 1530 2996 1599 ἔχεις
3026 1533 3090 1584 τά
3125 1535 3410 1604 φάρμακα,
3446 1540 3536 1590 καὶ
3571 1540 3639 1592 τά
3670 1544 3938 1613 ἐπιστομί-

2393 1619 2550 1680 ζοντά
2580 1641 2669 1676 σου
2697 1629 2792 1697 τὴν
2815 1628 3138 1700 θρασύτητα.
3168 1635 3464 1706 Ἐρώτησον
3492 1642 3614 1700 τοὺς
3644 1643 3902 1709 ἀγγέλους
3921 1662 3934 1677 ·

2393 1717 2663 1788 ἐρώτησον
2706 1725 2831 1776 ὅταν
2873 1728 2985 1797 ῐδῃς
3036 1732 3230 1794 αὐτοὺς
3272 1733 3364 1786 ἐπὶ
3402 1737 3502 1806 γῆς
3551 1739 3866 1807 χορεύοντας
3903 1743 3934 1812 ἢ

2394 1817 2776 1886 ἀνυμνοῦντας.
2812 1825 2945 1879 Εἰπὲ
2988 1830 3186 1892 αὑτοῖς·
3225 1833 3287 1882 Τί
3333 1835 3509 1887 καινὸν
3547 1837 3855 1900 διδάσκετες
3887 1841 3937 1892 τί

2394 1915 2537 1979 ξένον
2559 1918 2954 1987 ἀπαγγέλλετε;
2983 1927 3072 1977 καὶ
3104 1928 3298 1991 εὐθέως
3323 1932 3349 1981 ὁ
3374 1931 3510 1994 θεῖος
3534 1935 3686 2003 χορὸς
3713 1937 3937 2004 ἀποκρι-

2393 2008 2612 2076 θήσεταί
2633 2028 2711 2063 σοι
2743 2014 2826 2065 διά
2855 2017 2959 2068 τῶν
2980 2019 3133 2072 θείων
3156 2022 3491 2090 Εὑαγγελίων
3511 2044 3522 2056 ’
3546 2030 3696 2090 Δόξα
3716 2031 3778 2082 ἐν
3809 2033 3936 2097 ὑψί-

2393 2119 2556 2167 στοις
2604 2107 2741 2170 Θεῷ,
2791 2111 2888 2161 καὶ
2942 2112 3037 2164 ἐπὶ
3087 2113 3193 2180 γῆς
3224 2117 3462 2184 εἰρήνη,
3509 2120 3576 2171 ἐν
3616 2122 3938 2187 ἀνθρώποις

2391 2196 2648 2250 εὐδοκία.
2671 2195 2870 2252 Ἦλθον
2899 2204 2988 2255 ἐπὶ
3022 2206 3120 2273 γῆς
3152 2208 3387 2274 ἄγγελοι,
3415 2212 3506 2262 καὶ
3529 2213 3623 2279 τῆς
3643 2213 3793 2281 δόξης
3817 2217 3935 2277 τοὺς

2390 2289 2543 2358 ὅρους
2572 2292 2667 2360 οὑχ
2700 2294 3036 2365 ὑπερέϐησαν
3056 2316 3068 2327 ·
3103 2301 3193 2352 καὶ
3229 2303 3488 2371 αἱρετικοὶ
3528 2305 3741 2367 τούτους
3773 2309 3935 2375 ὑπερ-

2393 2383 2591 2436 ϐαίνειν
2616 2387 2712 2439 οὑκ
2745 2387 3011 2459 ὤκνησαν.
3045 2393 3200 2447 Ἀλλά
3233 2397 3380 2463 μήτι
3418 2399 3468 2448 αξ
3504 2398 3755 2450 ἀνωτάτω
3783 2401 3935 2452 δυνά-

2395 2495 2532 2545 μεις,
2559 2481 2613 2530 αἱ
2643 2481 2780 2551 ὑπὲρ
2805 2485 2926 2545 τοὺς
2955 2485 3248 2552 ἀγγέλους;
3274 2488 3415 2555 λέγω
3442 2491 3504 2559 δὴ
3529 2493 3583 2542 αἱ
3608 2493 3710 2543 τῶν
3734 2495 3935 2560 ἀρχαγ-

2391 2571 2579 2635 γέλων.
2611 2574 2728 2626 Εἰσὶ
2760 2575 2815 2627 δὲ
2856 2578 3056 2630 ἐκεῖναι
3093 2581 3279 2648 φύσεις
3309 2583 3725 2653 διακεκριμέναι.
3771 2585 3934 2654 Ἐρώ-

2390 2682 2548 2734 τησον
2582 2669 2648 2720 τά
2690 2671 2984 2742 Χερουϐὶμ,
3021 2676 3109 2726 τόν
3136 2677 3404 2745 βασιλικὸν
3441 2680 3656 2747 θρόνον·
3695 2683 3754 2732 Ὀ
3794 2683 3933 2734 καθ-

2389 2758 2602 2826 ήμενος
2625 2762 2719 2815 ἐπὶ
2751 2764 2866 2817 τῶν
2893 2770 3190 2838 Χερουϐὶμ,
3216 2771 3523 2838 ἐμφάνηθι.
3552 2773 3845 2844 Ἐρώτησον
3869 2773 3933 2824 τά

2389 2853 2662 2922 Χερουϐὶμ
2695 2858 2768 2918 ὡς
2807 2859 2988 2928 θρόνον
3022 2865 3390 2932 σαπφείρινον,
3425 2867 3516 2917 καὶ
3555 2869 3611 2918 ἐν
3650 2867 3724 2934 τῷ
3763 2867 3934 2935 θρόνῳ

2389 2946 2689 3014 καθήμενον
2733 2951 2807 3011 ὡς
2835 2953 3080 3021 ὁμοίωμα
3116 2956 3243 3008 Υίοῦ
3289 2957 3587 3026 ἀνθρώπου.
3633 2960 3740 3012 Καὶ
3783 2961 3933 3028 φωνὴ

2389 3040 2598 3104 ἐγένετο
2642 3044 2747 3094 τῶν
2780 3045 3083 3116 Χερουϐὶμ,
3125 3051 3199 3113 ώς
3242 3053 3443 3104 ὑδάτων
3481 3053 3683 3106 πολλῶν
3717 3054 3893 3120 βοῶσα
3917 3069 3929 3081 '

2388 3137 2770 3205 Εὐλογημένη
2791 3139 2827 3205 ἡ
2852 3139 2995 3203 δόξα
3023 3145 3237 3209 Κυρίου
3263 3146 3328 3197 ἐκ
3354 3147 3454 3198 τοῦ
3480 3149 3662 3200 τόπου
3691 3147 3895 3213 αὐτῆς.

2455 3229 2513 3282 δ’.
2557 3231 2715 3300 Ὁρᾷς
2739 3235 2830 3285 καὶ
2857 3236 2962 3287 τῶν
2984 3239 3256 3307 Χερουϐὶμ
3279 3241 3373 3309 τὴν
3399 3241 3676 3294 εὐλάϐειαν
3699 3259 3712 3304 ς
3739 3241 3935 3308 Ἐσθα-

2390 3341 2476 3375 σεν
2507 3327 2584 3386 εἰς
2611 3326 2784 3387 δόξαν,
2820 3331 2912 3380 καὶ
2940 3333 3034 3398 οὐχ
3081 3333 3318 3402 ὑπερέϐη
3364 3335 3452 3386 τὸν
3481 3337 3622 3403 ὅρον.
3663 3337 3930 3402 Εὐλογη-

2381 3419 2529 3484 μένη
2573 3420 2609 3484 ἡ
2655 3420 2802 3482 δόξα
2839 3425 3071 3488 Κυρίου.
3105 3426 3211 3478 Καὶ
3265 3429 3408 3489 πῶς;
3453 3429 3549 3480 Ἐκ
3597 3428 3699 3481 τοῦ
3745 3430 3931 3482 τόπου

2385 3511 2569 3576 αὐτῆς
2589 3530 2601 3540 ·
2626 3514 2709 3564 ἵνα
2737 3513 2879 3584 δείξῃ
2909 3532 3008 3575 σοι.
3034 3518 3112 3568 ὅτι
3133 3520 3223 3570 καὶ
3246 3519 3303 3570 ἐν
3324 3522 3432 3580 τοῖς
3459 3520 3720 3588 οὐρανίοις
3747 3521 3936 3583 τόποις

2387 3605 2677 3668 αὐλίζεται,
2708 3607 2798 3660 καὶ
2828 3609 2958 3662 πολὺ
2989 3611 3318 3681 ὑψηλοτέραν
3351 3614 3456 3665 τῶν
3491 3615 3746 3683 οὐρανίων
3776 3614 3931 3668 δυνά·

2390 3715 2530 3764 μεων
2561 3700 2653 3751 καὶ
2693 3701 2936 3770 ἀοράτων
2974 3705 3288 3774 ὑπέρκειται
3326 3706 3420 3775 τὴν
3454 3706 3625 3769 ἀξίαν.
3659 3708 3731 3759 Οὑ
3769 3708 3919 3774 φθέγ-

2385 3810 2566 3859 γονται
2594 3795 2668 3856 ὠς
2697 3796 3098 3864 πλησιάζοντες,
3130 3800 3241 3851 ἀλλ’
3269 3801 3342 3862 ὠς
3364 3802 3546 3871 πόρῤω
3568 3804 3932 3870 ἀφεστηκότες

2384 3887 2479 3954 τῆς
2500 3887 2645 3950 θείας
2667 3890 2845 3952 ἀξίας·
2869 3894 3252 3961 Εὐλογημένη
3279 3897 3313 3959 ἠ
3335 3895 3481 3957 δόξα
3500 3897 3710 3960 Κυρίου
3738 3897 3804 3948 ἐκ
3827 3895 3935 3949 τοῦ

2384 3983 2567 4034 τόπου
2600 3984 2804 4049 αὐτῆς.
2830 3987 2938 4054 υὺχ
2961 3989 3038 4039 ὄτι
3064 3990 3221 4041 τόπον
3256 3990 3364 4058 ἔχει
3387 4008 3399 4019 ·
3437 3991 3607 4041 πάντα
3645 3991 3749 4057 γάρ
3779 4007 3935 4058 περι-

2384 4079 2578 4144 γράφει
2609 4080 2770 4133 τόπον
2788 4098 2800 4108 ·
2825 4082 2955 4133 ἀλλά
2988 4085 3145 4136 τόπον
3173 4085 3303 4136 Θεοῦ
3331 4085 3480 4136 καλεί
3503 4086 3596 4154 τὴν
3626 4103 3690 4136 πε
3702 4087 3752 4153 ρὶ
3772 4087 3932 4138 αὑτὸν

2384 4169 2556 4231 ἀξίαν.
2574 4168 2723 4235 Εἶδες
2747 4176 2853 4226 τῶν
2863 4177 3134 4245 Χερουϐὶμ
3151 4179 3241 4228 καὶ
3263 4179 3440 4246 φωνήν
3461 4180 3532 4240 ;Ε“
3542 4178 3873 4245 ολογημέιη
3896 4181 3930 4245 ἦ

2383 4260 2530 4324 δόξα
2552 4268 2786 4332 Κυρίου.
2817 4269 2924 4320 Καὶ
2951 4270 3097 4321 οὐδὲν
3124 4270 3280 4321 πλέον
3302 4270 3602 4339 ἀνήγγειλε.
3622 4273 3712 4322 Δεῖ
3733 4272 3840 4339 γάρ
3873 4289 3930 4323 σε

2385 4356 2564 4426 κύκλῳ
2603 4361 2940 4428 παρεστῶτα,
2973 4363 3166 4415 εἰδέναι
3202 4364 3268 4415 τὰ
3293 4366 3384 4416 τοῦ
3411 4365 3542 4416 Θεοῦ
3581 4365 3927 4432 καταγγέλια.

2386 4452 2463 4504 Τὰ
2500 4453 2605 4521 γάρ
2639 4455 2894 4522 Σεραφὶμ
2917 4456 3174 4522 εἱστήκει
3196 4459 3400 4522 κύκλῳ
3430 4459 3630 4510 αὑτοῦ.
3662 4460 3726 4509 Τί
3755 4459 3932 4509 τοίνυν

2384 4548 2569 4614 μαθεῖν
2595 4549 2706 4600 ἐστι
2728 4551 2854 4618 παρ’
2883 4551 3064 4619 ὑμῶν;
3089 4553 3178 4621 Μὴ
3207 4552 3502 4621 κωλύσητε.
3533 4553 3669 4604 Ἀλλ’
3698 4555 3812 4622 ἐρεῖ
3833 4555 3931 4605 κά-

2383 4645 2550 4704 κεῖνα,
2579 4644 2659 4694 ὅτι
2686 4644 2789 4694 κᾶν
2824 4645 3172 4715 ὑπερέχωμεν
3204 4649 3300 4716 τὴν
3331 4647 3501 4709 ἀξίαν,
3534 4646 3645 4697 ἀλλ’
3677 4647 3931 4713 ἐπιγινώ-

2383 4761 2581 4812 σκομεν
2606 4745 2759 4812 ἡμῶν
2790 4747 2887 4814 τῆς
2913 4747 3122 4813 φύσεως
3158 4749 3282 4809 τοὺς
3306 4749 3483 4817 ὅρους,
3519 4750 3609 4800 καὶ
3637 4749 3732 4817 οὑχ
3763 4751 3932 4819 ὑπερο

2381 4847 2635 4915 πηδῶμεν
2672 4849 2740 4900 τὰ
2781 4849 2951 4918 μέτρα
2979 4849 3074 4917 τῆς
3112 4850 3358 4916 γνώσεως
3382 4868 3394 4878 ·
3437 4851 3496 4902 οὑ
3528 4852 3932 4922 πολυπραγμο-

2379 4941 2574 5008 νοῦμεν
2616 4943 2770 5010 ἡμῶν
2799 4943 2888 4994 τὸν
2927 4945 3201 5004 κτίσαντα,
3240 4944 3300 4994 οὑ
3341 4947 3805 5015 περιεργαζόμεθα
3839 4946 3931 4997 τὸν

2379 5036 2698 5102 τιμήσαντα.
2727 5036 2955 5103 οἴδαμεν
2977 5037 3074 5104 τὴν
3104 5036 3480 5106 ἀκατάληπτον
3506 5038 3683 5105 φύσιν,
3717 5040 3796 5090 ὅτι
3834 5040 3931 5106 οὑχ

2378 5127 2730 5179 ὑποϐάλλεται
2765 5127 3047 5198 ζητήσειε,
3077 5131 3136 5182 οὑ
3160 5132 3393 5184 δουλεύει
3421 5134 3687 5202 λογισμῶν
3709 5133 3932 5186 ἀκολου-

2379 5221 2547 5281 θίαις·
2575 5221 2824 5290 ὑπερέχει
2858 5225 3034 5275 πᾶσαν
3060 5226 3193 5294 ὁμοῦ
3224 5228 3315 5279 καὶ
3348 5228 3634 5296 ἀγγελικὴν
3655 5228 3932 5280 κατάστα-

2379 5331 2460 5365 σιν
2491 5315 2581 5365 καὶ
2615 5316 2978 5383 ὑπερκόσμιον
3001 5319 3204 5371 ἔννοιαν
3231 5321 3321 5372 καὶ
3343 5323 3516 5373 πᾶσαν
3543 5322 3938 5389 ὑπερουράνιον

2375 5407 2596 5475 δύναμιν
2627 5409 2659 5476 ἡ
2693 5408 2817 5471 δόξα
2847 5408 2937 5460 τοῦ
2981 5414 3467 5481 προσκυνουμένου.
3514 5414 3609 5467 Διὰ
3638 5412 3798 5464 τοῦτο
3842 5414 3936 5467 καὶ

2435 5601 2460 5630 ⁸
2482 5599 2596 5650 Cod.
2631 5601 2836 5658 ζήτησιν.
2859 5603 3014 5653 Colel.
3045 5605 3171 5667 conj.
3201 5607 3468 5662 ζητήσεσιν.
