4110 6318
185 400 293 457 417

186 494 234 544 in
259 492 408 555 rubo,
438 490 563 546 vidit
597 506 715 546 eum
742 505 805 544 ex
833 500 1011 545 monte
1040 489 1185 556 Sina,
1219 491 1344 543 vidit
1370 504 1489 543 eum
1512 486 1732 541 diversis

183 582 234 635 in
263 582 391 634 locis
416 589 774 650 apparentem,
798 591 849 636 et
865 582 1021 635 variis
1045 582 1212 635 modis
1230 580 1558 650 prtesentiam
1586 592 1731 631 suam

183 671 518 738 indicantem,
550 681 603 725 at
632 672 814 726 beatus
862 673 951 726 ille
990 673 1196 744 Moyses
1242 673 1407 742 ipsam
1437 669 1613 723 videre
1642 683 1734 720 cu-

183 760 354 829 piebat
379 770 577 814 natura:
608 761 847 815 formam.
872 761 999 815 Nam
1023 762 1182 815 homo
1196 776 1313 813 cum
1330 767 1490 823 esset,
1510 757 1731 811 humana

182 851 246 904 de
272 866 495 919 superna
520 853 603 905 illa
645 852 838 907 virtute
859 853 1254 921 imaginabatur.
1288 851 1422 903 Deus
1448 858 1619 902 autem
1642 849 1734 901 dc-

182 941 428 994 siderium
460 940 627 995 ﬁdelis
657 941 831 994 famuli
875 941 1215 1010 approbavit,
1256 938 1500 1007 ﬂexitque
1550 937 1733 989 huma-

182 1044 302 1082 num
327 1029 566 1084 allectum
610 1029 948 1098 impossibilia
979 1029 1295 1098 cupientem.
1339 1028 1473 1095 Quid
1505 1028 1643 1080 enim
1661 1029 1734 1079 ait

181 1119 293 1172 illi?
326 1118 486 1174 Nemo
534 1119 711 1173 videbit
740 1120 916 1191 faciem
950 1135 1107 1172 meam
1150 1127 1194 1172 et
1238 1123 1361 1172 viret
1412 1115 1611 1187 (Exod.
1641 1116 1727 1169 5'5.

180 1208 287 1278 20).
321 1211 676 1264 Desideratum
732 1226 833 1264 non
882 1214 1021 1279 capit
1068 1212 1231 1263 virtus
1276 1208 1727 1263 desiderantium:

181 1312 281 1348 non
319 1295 419 1349 fert
450 1298 681 1351 mortalis
712 1299 893 1351 oculus
921 1297 1268 1350 immortalem
1298 1306 1558 1349 naturam.
1592 1294 1726 1359 Quid

179 1398 320 1454 ergo,
353 1386 867 1455 Domine?reiinquis
897 1387 1010 1439 sine
1039 1386 1226 1438 solatio
1270 1399 1528 1449 amorem,
1562 1398 1621 1435 ac
1666 1397 1731 1435 ue

179 1478 412 1528 umbram
466 1477 672 1544 quidem
728 1477 928 1543 praebes
972 1476 1251 1540 deStderii,
1298 1478 1345 1528 ei
1394 1476 1481 1544 qui
1532 1484 1727 1526 tantum

179 1579 407 1617 artiorem
448 1567 621 1617 animo
660 1564 940 1634 coacepit?
985 1565 1332 1631 Quamobrem
1360 1567 1432 1617 ait
1465 1579 1478 1616 :
1507 1562 1650 1617 Pono
1678 1565 1729 1616 in

180 1662 337 1722 petra,
369 1662 414 1705 et
458 1667 658 1723 prorogo
686 1669 833 1705 manu
872 1670 977 1706 mea
1006 1668 1023 1704 :
1052 1662 1096 1704 et
1137 1669 1248 1705 cum
1294 1652 1519 1705 transibit
1569 1652 1730 1722 gloria

179 1759 303 1805 mea,
334 1742 515 1795 videbis
557 1744 827 1810 posteriora
866 1757 890 1790 .'
943 1742 1193 1794 anteriora
1234 1757 1346 1795 vero
1401 1758 1499 1795 non
1549 1744 1730 1795 videbis

179 1831 369 1891 (Exod.
394 1833 478 1886 35.
503 1831 590 1883 22.
616 1831 729 1901 25).
758 1830 871 1885 Non
894 1830 1041 1894 dixit,
1080 1831 1207 1884 Cum
1238 1832 1582 1899 pertransibo,
1613 1832 1726 1896 sed,

180 1922 299 1975 Cum
324 1923 549 1975 transibit
574 1923 734 1991 gloria
761 1938 887 1974 mea.
917 1921 1027 1974 Non
1060 1922 1200 1974 enim
1226 1922 1369 1986 licet,
1420 1932 1731 1991 przetergre-

180 2012 369 2065 diendo
412 2013 630 2081 gloriam
656 2050 671 2074 ,
717 2011 995 2064 essentiam
1048 2011 1303 2079 reperire.
1352 2012 1556 2081 Moyses
1600 2011 1729 2064 nihil

177 2102 291 2169 pius
319 2117 474 2169 quam
499 2101 717 2169 gloriam
748 2100 965 2164 invenit,
1014 2115 1184 2169 neque
1209 2100 1351 2153 illam
1383 2107 1545 2153 totam
1574 2100 1724 2162 vidit,

175 2191 265 2245 sed
291 2193 504 2244 dorsum
527 2209 540 2243 :
576 2205 677 2244 non
706 2190 842 2259 quod
873 2190 1032 2243 dorso
1058 2198 1111 2242 et
1138 2198 1349 2257 pectore
1373 2189 1631 2243 delineata
1659 2191 1726 2243 sit

176 2282 348 2335 divina
374 2292 554 2335 natura
588 2297 602 2334 :
635 2282 851 2349 simplex
876 2282 1015 2335 enim
1044 2288 1198 2336 estet
1228 2281 1603 2350 incomposita;
1635 2282 1727 2335 sed

177 2374 294 2440 quia
316 2373 452 2425 Deus
470 2373 543 2423 sic
561 2386 617 2424 se
634 2371 1051 2439 cognoscendum
1071 2370 1290 2438 praebet,
1319 2386 1420 2423 non
1440 2370 1725 2424 secundum

179 2460 271 2513 sibi
298 2468 671 2528 congruentem
700 2459 1024 2527 dignitatem,
1056 2459 1147 2511 sed
1188 2459 1474 2512 secundum
1516 2458 1729 2513 faculta-

180 2556 279 2601 tem
308 2562 512 2613 eorum,
542 2549 625 2615 qui
653 2548 820 2615 ipsum
847 2545 1009 2598 visuri
1028 2554 1167 2599 sunt.
1194 2545 1397 2616 Moyses
1426 2546 1487 2599 ad
1510 2548 1725 2614 gloriam

179 2638 408 2706 pertigit,
436 2647 487 2689 et
509 2638 726 2704 gloriam
756 2649 857 2688 non
890 2649 1259 2703 supergressus
1289 2645 1367 2688 est
1398 2652 1410 2687 :
1435 2645 1488 2687 at
1518 2644 1591 2701 tu,
1624 2636 1729 2689 ha:-

183 2726 361 2788 retice,
387 2725 608 2793 gloriam
637 2732 1010 2792 transgressus,
1040 2723 1383 2777 substantiam
1412 2725 1501 2777 Dei
1522 2725 1728 2779 curiose

178 2816 460 2869 scrutaris?
503 2815 782 2868 Veniamus
822 2825 873 2869 et
911 2815 973 2868 ad
1003 2815 1206 2869 beatum
1246 2817 1481 2870 Paulum.
1534 2816 1727 2870 Paulus

180 2906 233 2958 in
259 2907 399 2961 Novo
420 2904 788 2968 Testamento,
836 2919 953 2958 cum
983 2906 1341 2959 consideraret
1386 2907 1727 2975 particulares

178 2996 425 3065 quasdam
465 2996 556 3049 Dei
600 2995 1030 3063 dispensationes,
1062 2995 1208 3064 quasi
1249 2997 1503 3063 vertigine
1542 3006 1726 3063 captus

181 3087 229 3137 in
260 3084 516 3153 profundo
544 3085 891 3153 cogitationis,
918 3095 1132 3151 stupore
1154 3086 1356 3151 plenam
1388 3100 1565 3137 vocem
1591 3086 1726 3137 emi-

179 3176 244 3225 sit
269 3174 351 3226 his
379 3175 553 3227 verbis
584 3189 596 3224 :
635 3191 652 3224 ι
688 3172 730 3226 Ο
757 3173 976 3225 altitudo
1015 3172 1310 3224 divitiarum
1358 3172 1626 3238 sapientiae
1673 3181 1726 3225 et

178 3264 407 3317 scientiae
441 3264 550 3327 Dei,
581 3278 734 3331 quam
783 3260 1329 3327 incomprehensibilia
1358 3272 1480 3313 sunt
1528 3260 1722 3327 judicia

178 3356 306 3423 ejus,
338 3361 393 3407 et
417 3352 803 3420 investigabiies
827 3353 922 3404 via:
958 3351 1102 3418 ejus!
1132 3350 1258 3415 Quis
1295 3350 1433 3403 enim
1483 3352 1725 3417 cognovit

178 3460 384 3498 sensum
416 3444 657 3498 Domini?
686 3452 776 3497 aut
814 3442 929 3511 quis
958 3442 1287 3495 consiliarius
1330 3445 1443 3506 ejus
1470 3440 1595 3493 fuit?
1638 3449 1727 3492 aut

178 3540 289 3605 quis
311 3540 452 3606 prior
471 3537 617 3591 dedit
642 3536 713 3588 illi
734 3576 750 3601 ,
772 3542 825 3589 et
855 3533 1171 3588 retribuetur
1190 3532 1236 3586 ei
1269 3552 1287 3582 ι
1321 3531 1492 3600 (Rom.
1522 3532 1606 3584 11.
1628 3531 1724 3584 55-

179 3631 314 3697 56)?
374 3628 619 3695 Finisque
664 3626 962 3679 sermonis:
1000 3642 1018 3674 ι
1052 3623 1305 3691 Quariiam
1363 3637 1428 3674 ex
1475 3622 1588 3689 ipso
1636 3636 1726 3687 per

182 3719 343 3783 ipsum
370 3726 423 3770 et
449 3719 497 3768 in
528 3716 639 3784 ipso
659 3724 780 3767 sunt
807 3714 981 3766 omnia
1008 3728 1023 3776 ;
1070 3712 1165 3780 Ipsi
1194 3712 1358 3779 gloria
1385 3710 1436 3763 in
1463 3709 1672 3763 saecula.
1700 3727 1720 3761 ι

186 3806 360 3859 \‘iden‘
389 3821 508 3858 eum
536 3818 654 3857 cum
679 3802 746 3855 ad
788 3802 1007 3871 gloriam
1048 3802 1139 3855 Dei
1168 3802 1413 3865 venisset,
1448 3801 1724 3853 terminum

181 3910 281 3947 non
310 3893 634 3947 excessisse?
685 3890 884 3960 Ecquid
912 3890 977 3944 de
1011 3892 1308 3944 hominibus
1333 3891 1491 3943 dico?
1517 3889 1726 3958 Cogita-

182 3986 318 4039 tione
356 3983 580 4037 ascende
613 3982 678 4035 ad
724 3981 983 4045 caelestia;
1014 3982 1275 4049 interroga
1306 3981 1462 4033 cauos
1502 3988 1554 4032 et
1599 3981 1723 4033 die:

180 4074 307 4138 Quid
326 4073 454 4126 mihi
482 4072 549 4126 de
574 4073 676 4126 Deo
697 4085 912 4124 narrare
934 4070 1183 4138 potestis?
1207 4070 1342 4135 eteii,
1365 4076 1571 4123 narrate
1600 4068 1725 4120 mihi

180 4165 343 4230 qualis
372 4164 442 4215 sit
471 4162 639 4228 Deus,
668 4160 961 4214 renuntiate
983 4158 1107 4211 mihi
1136 4174 1251 4227 qua:
1272 4161 1339 4212 sit
1363 4158 1585 4211 essentia
1615 4157 1724 4211 Dei.

183 4251 368 4304 Verum
393 4267 498 4304 non
528 4251 845 4319 respondent
864 4249 1078 4311 cteli,de
1096 4249 1157 4300 iis
1173 4263 1288 4316 qua:
1312 4262 1492 4300 eorum
1515 4246 1729 4299 faculta-

180 4352 282 4396 tem
325 4351 577 4411 superant
606 4341 928 4410 interrogati.
961 4340 1060 4394 Sed
1091 4339 1136 4393 si
1163 4338 1275 4392 inec
1302 4338 1550 4391 audacter
1588 4352 1730 4405 qure-

180 4434 346 4495 sieris,
377 4432 712 4499 respondebit
742 4446 835 4499 per
859 4430 1216 4484 admirabilem
1243 4429 1554 4492 Jeremiam,
1588 4428 1726 4480 divi-

182 4539 301 4576 num
369 4522 498 4575 illud
549 4522 821 4590 proferens
876 4521 1185 4589 eloquium:
1242 4519 1499 4573 lnhorruit
1553 4518 1729 4572 caelum

180 4630 325 4681 super
352 4613 449 4667 hoc
479 4610 607 4683 (Jer.
635 4612 690 4665 2.
720 4613 825 4679 t2).
861 4612 1174 4665 lnhorrescit
1199 4614 1338 4664 enim
1364 4627 1485 4663 vere
1522 4611 1727 4674 emittm,

183 4704 263 4757 ubi
292 4703 478 4757 viderit
503 4712 737 4757 naturam
756 4704 983 4756 divinam
1014 4702 1266 4770 indagari.
1288 4702 1362 4753 Ex
1379 4701 1619 4769 Opposito
1645 4715 1730 4752 ca-

183 4804 268 4847 net
297 4794 482 4847 beatus
514 4793 692 4856 David,
728 4793 1055 4845 temerariam
1093 4790 1447 4844 curiositatem
1480 4790 1728 4857 piecteus,

181 4892 232 4935 et
257 4882 432 4936 dicet:
464 4880 575 4935 Non
602 4882 789 4935 audisti
816 4880 955 4943 illud,
985 4878 1105 4933 Caeli
1142 4888 1378 4932 euarrant
1398 4919 1413 4943 ,
1446 4894 1547 4929 non
1579 4887 1731 4929 natu-

184 4988 288 5025 ram
315 4973 427 5035 Dei,
457 4969 547 5025 sed
567 4971 775 5041 gloriam
802 4971 912 5023 Dei.
936 4970 1117 5023 Nonne
1152 4970 1260 5037 ipse
1278 4969 1367 5021 tibi
1386 4984 1477 5035 per
1503 4977 1730 5020 sanctam

182 5060 439 5115 citharam
467 5060 746 5123 clamavit,
774 5059 892 5113 σιειί
919 5070 1152 5112 enarrant
1179 5059 1390 5127 gloriam
1424 5057 1510 5109 Dei
1544 5056 1561 5128 (
1586 5056 1731 5109 Psal.

184 5153 266 5208 18.
300 5154 373 5223 1).
406 5151 518 5205 Non
546 5160 782 5205 naturam
814 5152 922 5213 Dei,
952 5166 1052 5202 non
1081 5150 1422 5203 substantiam
1445 5149 1730 5212 declarant,

184 5242 270 5295 sed
298 5243 517 5311 gloriam
557 5241 645 5294 Dei
674 5241 1001 5292 annuntiant.
1033 5241 1288 5292 Caeterum
1321 5254 1386 5292 ne
1409 5248 1556 5305 putes
1584 5240 1737 5291 eicie-

183 5340 287 5386 stes
312 5334 535 5387 virtutes
552 5330 672 5400 quid
694 5332 827 5384 ultra
858 5344 1195 5398 cognoscere.
1222 5330 1482 5397 interroga
1500 5329 1732 5395 angelos,

187 5423 469 5491 interroga,
500 5424 730 5490 inquam,
762 5436 862 5472 non
890 5419 1027 5487 quod
1060 5418 1149 5469 tibi
1172 5434 1478 5471 COIICOSsttm
1508 5418 1573 5470 sit
1607 5431 1726 5469 cum

185 5513 423 5580 supernis
454 5510 732 5563 virtutibus
760 5507 1040 5576 congredi,
1082 5508 1171 5559 sed
1202 5507 1316 5575 quia
1359 5523 1419 5559 cx
1468 5506 1733 5575 Scriptura

189 5602 416 5655 remedia
442 5601 623 5665 habes,
668 5614 887 5668 quaeque
930 5596 1199 5650 audaciam
1243 5606 1380 5650 tuam
1429 5599 1729 5664 reprimant.

188 5691 451 5758 interroga
502 5690 758 5757 angelos:
815 5690 1075 5752 interroga
1130 5699 1221 5739 eos
1282 5702 1402 5739 cum
1450 5686 1643 5739 videris
1675 5686 1727 5737 in

1157 374 1219 429 ΙΝ
1257 374 1476 441 lLLUD,
1516 372 1581 427 1N
1618 370 1753 437 QUA
1795 370 2211 436 POTESTATE,
2252 371 2403 428 ETC.

3271 389 3384 446 418

1843 495 1979 538 terra
2006 487 2227 541 choreas
2251 496 2488 556 agentes,
2507 497 2598 543 aut
2626 488 2850 559 hymnos
2885 503 3155 550 canentes.
3188 496 3278 552 Dic
3326 500 3392 555 il-

1838 574 1920 639 lis,
1960 574 2094 639 Quid
2123 576 2242 628 novi
2272 576 2509 631 docetis?
2535 578 2658 647 quid
2701 580 2893 632 insoliti
2912 584 3394 641 annuntiatisista-

1838 664 2035 733 timque
2060 664 2268 718 divinus
2292 667 2483 720 chorus
2507 681 2596 733 per
2624 676 2805 720 sancta
2857 672 3120 739 evangelia
3168 688 3389 739 respon-

1837 750 1980 805 debit
2008 754 2098 807 tibi
2131 770 2145 806 :
2170 752 2342 809 Gloria
2371 758 2421 808 in
2451 760 2701 811 altissimis
2736 759 2857 821 Deo,
2886 773 2933 813 et
2958 765 3006 814 in
3028 774 3160 816 terra
3190 780 3307 831 pax,
3338 772 3388 818 in

1838 843 2118 898 hominibus
2142 845 2503 913 beneplacitum
2526 849 2671 915 (Luc.
2699 851 2754 903 2.
2783 851 2888 919 i4).
2922 851 3188 917 Venerunt
3214 856 3263 907 in
3294 867 3390 911 ter-

1836 948 1946 985 ram
1975 934 2165 1002 angeli,
2192 936 2441 1004 etgiori:e
2467 938 2717 990 terminos
2743 955 2844 991 non
2865 943 3219 1009 pra-tergressi
3245 958 3388 1006 sunt;

1837 1021 2073 1077 haeretici
2102 1039 2228 1078 vero
2254 1025 2352 1079 hos
2382 1028 2671 1094 transgredi
2717 1043 2817 1082 non
2849 1029 3234 1085 dubitaverunt.
3284 1035 3385 1088 Sed

1836 1126 1959 1163 num
1986 1111 2120 1165 forte
2149 1129 2390 1182 supernae
2412 1116 2651 1181 virtutes,
2679 1132 2793 1184 quze
2820 1132 2981 1183 super
3007 1122 3219 1189 angelos
3244 1123 3387 1175 sunt?

1834 1202 2193 1269 Archangelos
2214 1204 2331 1258 dico
2358 1221 2372 1258 :
2400 1216 2521 1259 sunt
2550 1217 2723 1261 autem
2756 1208 2854 1260 illa:
2878 1218 3076 1261 natura:
3099 1210 3381 1265 distinctaz.

1839 1290 2104 1361 interroga
2133 1293 2433 1357 Cberubim,
2471 1298 2668 1363 regium
2690 1297 2877 1349 solium
2906 1314 2921 1350 :
2955 1298 3050 1363 Qui
3076 1301 3213 1353 sedes
3239 1317 3387 1370 super

1835 1379 2439 1453 Clterabimmtanifestare
2466 1384 2633 1455 (Psal.
2662 1386 2748 1439 79.
2775 1386 2847 1453 2).
2883 1386 3147 1457 interroga
3187 1389 3387 1444 Cheru-

1836 1470 1961 1533 bim,
1993 1473 2233 1526 thronum
2264 1474 2644 1543 sapphirinum,
2668 1485 2721 1529 et
2764 1477 2817 1529 in
2858 1478 3047 1531 throno
3088 1479 3383 1548 sedentem,

1834 1563 1975 1614 velut
2013 1563 2404 1618 similitudinem
2420 1565 2538 1621 Filii
2566 1568 2792 1621 hominis
2819 1568 3024 1637 (Each.
3060 1571 3145 1624 10.
3179 1572 3225 1625 1.
3255 1584 3300 1625 et
3330 1575 3383 1627 1.

1833 1651 1922 1706 26.
1953 1651 2068 1722 2i).
2104 1654 2161 1706 Et
2193 1670 2289 1707 vox
2314 1653 2445 1709 facta
2472 1665 2556 1709 est
2578 1657 3019 1724 Cherubinorum,
3047 1661 3193 1729 quasi
3220 1676 3383 1731 aqua-

1835 1755 1948 1792 rum
1973 1741 2271 1807 multarum,
2300 1743 2534 1797 clamans
2565 1760 2580 1797 :
2608 1742 2874 1798 Benedicta
2902 1747 3061 1815 gloria
3088 1746 3287 1801 Domini
3323 1750 3384 1803 de

1833 1830 1941 1881 loco
1969 1847 2059 1882 suo
2086 1829 2241 1899 (Ibid.
2264 1832 2315 1885 5.
2342 1831 2453 1901 i2).

1904 1920 1957 1972 4.
1991 1919 2143 1973 Vides
2173 1921 2585 1975 Cberubinorum
2616 1926 2960 1979 reverentiam
2983 1927 3007 1979 ?
3028 1928 3385 1982 Pervenerunt

1832 2007 1895 2060 ad
1940 2009 2193 2077 gloriam,
2234 2020 2285 2063 et
2324 2012 2458 2063 intra
2500 2012 2779 2066 terminum
2826 2025 3131 2068 manserunt
3169 2033 3181 2066 :
3222 2015 3381 2070 Bene—

1831 2097 1965 2149 dicta
1991 2098 2150 2167 gloria
2170 2098 2389 2151 Domini.
2414 2099 2725 2167 Quomodo?
2752 2102 2827 2154 De
2853 2103 2961 2156 loco
2988 2121 3076 2156 suo
3094 2121 3112 2156 :
3138 2115 3384 2160 utosten-

1830 2187 2049 2242 deretur
2099 2189 2213 2245 tibi.
2241 2204 2356 2242 eam
2384 2191 2434 2243 in
2464 2190 2761 2245 caelestibus
2809 2191 2936 2246 locis
2966 2196 3300 2257 commorari,
3329 2204 3381 2249 et

1831 2276 1982 2346 longe
2008 2278 2246 2331 altiorem
2276 2293 2394 2332 esse
2422 2278 2671 2348 dignitate
2706 2280 2831 2348 ipsis
2857 2282 3150 2336 caaiesdbus
3175 2295 3224 2337 et
3252 2285 3382 2337 invi-

1831 2366 2067 2419 sibiiibus
2100 2366 2391 2420 virtutibus.
2420 2367 2533 2421 Non
2573 2369 2854 2435 loquuntur
2878 2372 3021 2438 quasi
3050 2387 3210 2441 prOpe
3238 2382 3382 2426 stan-

1832 2462 1931 2518 tes,
1961 2454 2052 2507 sed
2082 2465 2136 2507 ut
2163 2455 2315 2523 longe
2338 2470 2367 2507 a
2410 2454 2585 2508 divina
2619 2456 2867 2525 dignitate
2889 2458 3139 2513 distantes
3164 2476 3180 2513 :
3218 2459 3379 2514 Bene-

1829 2542 1961 2595 dicta
2001 2543 2163 2613 gloria
2191 2542 2390 2597 Domini
2412 2543 2474 2597 de
2498 2546 2606 2597 loco
2635 2562 2746 2599 suo.
2777 2545 2890 2600 Non
2918 2546 3056 2615 quod
3086 2547 3254 2602 locum
3282 2550 3377 2603 ba-

1829 2630 1985 2696 beat;
2026 2647 2235 2686 omnem
2263 2634 2402 2687 enim
2434 2632 2814 2688 circumscribit
2857 2634 3060 2700 locum;
3090 2638 3182 2690 sed
3211 2640 3377 2692 locmn

1832 2720 1924 2775 Dei
1951 2732 2101 2774 vocat
2127 2737 2242 2774 eam
2268 2736 2385 2792 qua:
2416 2722 2549 2775 circa
2581 2738 2699 2776 cum
2730 2733 2808 2778 est
2832 2724 3155 2793 dignitatem.
3196 2727 3380 2781 Vidisti

1829 2811 2185 2866 (Iherubinoru
2193 2826 2240 2863 m
2252 2810 2464 2866 vocem?
2479 2810 2741 2865 Benedicta
2756 2813 2915 2882 gloria
2934 2812 3153 2867 Domini.
3169 2814 3235 2868 Et
3252 2816 3378 2869 nihil

1828 2902 2052 2971 amplius
2086 2902 2540 2957 annuntiaverunt.
2574 2905 2785 2971 Oportet
2816 2904 2956 2957 enim
2987 2914 3037 2959 te
3055 2906 3247 2959 circum
3275 2907 3371 2959 ad-

1830 3001 2073 3057 stantem,
2104 3008 2258 3048 nosse
2282 3009 2342 3048 ea
2372 3010 2487 3063 quae
2507 3009 2536 3047 a
2570 2996 2672 3049 Deo
2705 2996 3031 3049 nuntiantur.
3062 2995 3191 3049 Nam
3224 2998 3378 3051 Sera-

1830 3083 1968 3149 plmn
2009 3084 2205 3135 stabant
2230 3084 2283 3136 in
2321 3084 2530 3136 circuitu
2572 3088 2679 3153 ejus
2709 3084 2857 3153 (lsai.
2886 3086 2937 3138 6.
2963 3085 3043 3155 2).
3070 3087 3202 3151 Quid
3252 3104 3381 3156 ergo

1828 3184 1857 3221 a
1888 3170 2031 3223 vobis
2055 3170 2353 3226 discemus?
2377 3171 2547 3225 Nolite
2577 3173 2868 3240 prohibere.
2916 3174 3106 3228 Verum
3137 3176 3219 3229 iiia
3248 3193 3382 3245 quo-

1827 3274 1929 3327 que
1964 3260 2138 3313 dicent
2168 3276 2182 3315 :
2208 3260 2455 3326 Quamvis
2501 3262 2750 3330 dignitate
2792 3264 3184 3330 przeceiiamus,
3235 3266 3382 3319 novi-

1828 3364 1944 3401 mus
1974 3359 2145 3403 tamen
2171 3361 2371 3402 natura:
2402 3359 2594 3403 nostr-.2
2620 3350 2769 3415 lines,
2793 3367 2886 3405 nec
2907 3353 3219 3421 cognitionis
3236 3370 3383 3408 men-

1828 3451 2002 3491 suram
2030 3438 2485 3507 praatergredimur
2508 3457 2520 3491 :
2547 3454 2647 3492 non
2678 3441 2881 3492 0111⁸1081³
2908 3451 3199 3494 scrutamur
3217 3442 3381 3497 Crea-

1831 3536 1995 3581 torem
2016 3538 2249 3581 nostrum
2270 3566 2287 3593 ,
2309 3542 2413 3581 non
2440 3529 2770 3596 exploramus
2797 3545 2914 3582 eum
2944 3533 3031 3601 qui
3064 3548 3158 3585 nos
3183 3534 3379 3587 honore

1830 3614 2023 3669 affecit.
2065 3614 2318 3671 Novimua
2366 3615 2948 3686 incomprehensibiiem
2991 3630 3227 3673 naturam
3275 3638 3378 3674 non

1829 3706 2015 3774 subjici
2062 3706 2457 3776 quaastionibus,
2484 3721 2582 3760 nec
2620 3705 2895 3761 obnoxiam
2925 3723 3042 3763 esse
3080 3712 3382 3765 ratiocinio-

1830 3810 1947 3849 rum
1973 3796 2163 3861 seriei;
2204 3804 2416 3864 superat
2459 3810 2669 3851 omnem
2710 3798 2999 3864 angelicum
3044 3807 3233 3852 statum
3263 3816 3381 3853 om-

1829 3901 2053 3954 nemque
2096 3887 2198 3939 vim
2227 3886 2489 3940 caalestem
2516 3885 2679 3953 gloria
2704 3886 2819 3954 ejus
2846 3890 2930 3955 qui
2960 3887 3225 3941 adoratur.
3261 3889 3381 3945 ldeo

1829 3983 1883 4027 et
1906 3989 2001 4027 nos
2022 3989 2124 4027 non
2154 3973 2562 4027 transcendimus
2592 3976 2859 4026 terminos.
2883 3976 2996 4028 Non
3024 3979 3384 4043 praeterierunt

1829 4062 2111 4118 Cherubim
2143 4061 2253 4133 (α),
2297 4065 2387 4117 sed
2435 4078 2553 4118 cum
2597 4065 2737 4117 omni
2789 4066 3075 4119 reverentia
3116 4069 3381 4123 cmieStem

1894 4193 1969 4261 (αὶ
1996 4199 2142 4261 Totus
2158 4193 2277 4261 ordo
2297 4197 2525 4261 orationis
2562 4195 2787 4261 postulat
2806 4196 3068 4261 sei‘apltim,
3093 4202 3309 4261 quamvis
3331 4203 3379 4250 in

1831 4252 1935 4304 loco
1949 4252 2102 4318 lsaite,
2121 4259 2172 4303 et
2187 4253 2486 4318 Cherubinos
2500 4252 2584 4316 pro
2600 4256 2869 4318 seraphinis
2882 4252 3091 4318 posuerit
3112 4252 3383 4310 i’hiiastrius

1832 4318 2009 4363 Haeresi
2033 4314 2220 4379 _nit._,_ac
2241 4313 2463 4379 Paulinus
2498 4313 2727 4379 Ratail__9,'
2747 4330 2793 4377 p.
2819 4313 2924 4375 603,
2958 4318 3159 4379 ipseque
3184 4320 3382 4379 Chryso-

1831 4382 2013 4436 stomus
2032 4376 2081 4422 in
2105 4375 2235 4429 illud,
2265 4373 2463 4436 ρεπεν-,εἱ
2484 4373 2820 4436 ροεδὶϋίιεὲετ,
2864 4373 2987 4433 etc,"
3013 4386 3064 4426 et
3080 4373 3384 4430 Cberubiuos

1830 4435 2100 4507 Seraphinis
2115 4438 2283 4542 jungat
2307 4435 2586 4504 Epiphanius
2607 4436 2827 4504 Ancorati
2850 4449 2953 4497 cap.
2974 4438 3047 4505 10,
3073 4438 3148 4508 2d,
3175 4452 3281 4487 eum
3303 4450 3383 4487 Sc-

1830 4508 2028 4542 vertauo
2050 4503 2176 4542 Orat.
2251 4496 2314 4542 de
2340 4494 2489 4542 mundi
2520 4504 2785 4542 creatione.
2828 4501 2879 4542 et
2925 4495 3163 4542 Piniastrto
3206 4503 3381 4542 limi-nsi

1830 4494 2028 4543 veriauo
2050 4494 2176 4545 Orat.
2203 4494 2231 4542 2
2251 4496 2314 4542 de
2340 4494 2489 4542 Blandi
2520 4496 2785 4553 creatione,
2828 4501 2879 4544 et
2908 4494 3163 4546 'I’hiiastrio
3206 4503 3382 4548 [heresi

1833 4565 2049 4620 extrema
2073 4563 2123 4620 et
2145 4554 2418 4620 penui‘tima,
2447 4555 2718 4620 pariterque
2742 4554 2941 4620 hymnus
2962 4556 3259 4620 Cberubieus
3287 4572 3375 4620 ap-

1851 4615 2000 4675 geliari
2024 4614 2193 4669 soleat,
2213 4616 2293 4675 qui
2318 4614 2598 4675 Seraphicus
2622 4614 2711 4664 est.
2733 4614 2856 4663 sicut
2877 4616 2980 4664 vice
2999 4629 3136 4665 versa
3156 4619 3202 4666 in
3231 4614 3383 4667 locum

1886 4675 2211 4737 terubinorum
2230 4672 2382 4737 Egerii
2401 4672 2451 4721 et
2472 4672 2741 4737 Paralipom.
2766 4676 3007 4737 Seraphin!
3031 4677 3384 4727 substituuntur

1833 4733 2085 4795 Actiones
2101 4734 2265 4795 synodi
2285 4733 2388 4790 νυ,
2412 4745 2501 4781 seu
2536 4735 2583 4781 in
2605 4733 2921 4795 disputatione
2964 4734 3057 4783 liiic
3100 4738 3280 4795 prolata
3303 4747 3385 4788 Ju-

1834 4795 1996 4857 daa_i_et
2014 4791 2270 4857 _ChriIstiani
2291 4795 2398 4857 (ubi
2416 4799 2575 4857 tamen
2600 4791 2710 4843 Cod.
2758 4801 2870 4857 Heg.
2913 4796 3047 4853 1026,
3082 4791 3114 4845 if
3140 4799 3244 4857 sse,
3270 4799 3385 4847 Clie-

1835 4852 1991 4901 rubim
2014 4854 2174 4911 habet,
2204 4859 2256 4901 ut
2286 4851 2335 4902 et
2356 4851 2478 4901 alter
2511 4851 2851 4913 interpretatun)
2889 4863 2939 4903 et
2973 4851 3044 4903 ab
3071 4851 3249 4905 Andrea
3274 4858 3387 4907 Cre-

1836 4913 1960 4963 tensi
1982 4914 2202 4961 Oratione
2230 4915 2260 4961 ὅ
2281 4915 2330 4973 in
2352 4914 2682 4961 dormitionem
2707 4913 2919 4973 Deipara:
2941 4927 2955 4962 :
2977 4928 3161 4964 necnon
3187 4918 3388 4967 thronus

1835 4973 2115 5033 Serapbicus
2147 4974 2289 5035 instar
2312 4972 2566 5024 Cherubici
2590 4973 2636 5035 in
2662 4972 3035 5035 eodemandrea
3059 4974 3236 5035 legitur
3258 4984 3385 5026 Orat.

1836 5036 1893 5095 iu,
1905 5032 2063 5095 ramos
2096 5032 2374 5095 palmarum,
2410 5041 2555 5093 atque
2587 5032 2637 5081 in
2671 5033 2958 5094 'l'beOphane
2988 5032 3221 5085 Cerameo
3254 5045 3385 5085 Hom.

1835 5093 1911 5151 53,
1936 5104 1993 5141 ac
2008 5093 2207 5157 eoa-aa.
2227 5104 2248 5143 ι
2267 5107 2355 5151 aut;
2386 5109 2437 5157 ys
2459 5098 2779 5157 nmjlloamv
2807 5093 2986 5155 χιρουςδιι
3007 5111 3071 5157 ηιξ
3089 5109 3267 5157 amt...
3298 5097 3387 5146 hoc

1837 5162 1931 5211 est,
1957 5151 2226 5218 Dicityeas
2248 5152 2394 5214 Moysi
2411 5151 2428 5202 ἑ
2446 5157 2541 5218 Fac
2556 5151 2805 5202 Cherubin:
2825 5151 2872 5218 et
2908 5151 3339 5218 seraphim.:tipist.
3364 5158 3385 5205 1

1835 5214 2047 5276 Gregorii
2074 5213 2116 5262 ll
2138 5214 2195 5262 ad
2216 5213 2423 5276 Leonem
2442 5216 2673 5276 Isaurum.
2700 5214 2896 5276 Accedit,
2935 5215 3047 5272 huc,
3068 5215 3209 5276 quod,
3229 5213 3388 5263 notavi

1836 5273 1892 5336 aid
1914 5272 2324 5336 Constitaawst"
2355 5272 2615 5336 Cberunim
2660 5278 2711 5321 et
2728 5274 2981 5336 seraphim
3012 5272 3231 5324 confundi
3265 5276 3390 5335 apud

1837 5330 2549 5396 Cyrillumuieﬁosolymitanum
2581 5330 3191 5396 catechcsi'mystagogica
3219 5336 3267 5393 5,
3295 5330 3389 5396 Ῐςιιὶ

1837 5390 1962 5459 nituc
1983 5390 2127 5459 addas
2148 5390 2405 5459 velim'tum
2429 5394 2775 5459 cognondneur
2796 5390 3161 5459 Alexandrinum
3181 5390 3263 5442 lib.
3287 5395 3391 5459 9_et

1840 5452 1975 5501 iOde
2000 5454 2279 5501 adoratione
2321 5453 2364 5499 in
2401 5452 2564 5511 spiritu
2602 5460 2652 5500 et
2675 5454 2898 5511 veritate,
2932 5457 3010 5501 ubi
3047 5457 3189 5502 etiam
3214 5455 3390 5501 nomini

1837 5512 2078 5573 Serapitim
2101 5516 2179 5560 dat
2202 5514 2642 5573 interpretationem
2666 5515 2868 5561 nominis
2888 5512 3158 5564 Cherublm.
3181 5528 3286 5561 cum
3310 5528 3391 5562 re-

1837 5570 1963 5621 ctius
1984 5570 2417 5634 interpretetur'ad
2456 5570 2590 5619 lsaiae
2610 5581 2750 5634 caput
2772 5574 2819 5630 6,
2846 5579 2894 5621 et
2920 5574 2974 5623 ad
3007 5579 3194 5622 Joannis
3222 5576 3295 5630 i2,
3320 5576 3391 5630 ti,

1840 5640 1937 5680 tum
1965 5634 2255 5680 narrationes
2275 5632 2639 5694 deinventione
2668 5632 2721 5680 'S.
2762 5636 2931 5691 crucis,
2965 5636 3088 5694 apud
3123 5642 3395 5681 (πείθει-«ιω

1843 5706 1889 5739 c.
1920 5694 2052 5747 1697,
2080 5695 2213 5753 1706,
2242 5693 2375 5751 i707,
2406 5694 2535 5752 1714,
2562 5700 2657 5740 tum
2693 5696 2982 5741 Anastasium
3013 5697 3227 5742 Sinaitam
3260 5697 3313 5742 ta
3352 5698 3394 5742 iu
