4110 6318
760 372 873 425 419

752 475 897 532 illum
918 473 1164 542 hymnum
1184 468 1551 524 modulantur:
1582 468 1818 529 Sanctus,
1840 475 2057 531 sanctus,
2089 476 2308 532 sanctus,

752 564 1002 618 Dominus
1025 561 1268 626 Sabaoth,
1288 561 1434 627 plena
1449 568 1518 612 est
1538 561 1696 612 omnis
1712 566 1842 610 terra
1858 557 2016 626 gloria
2030 557 2140 626 ejus
2160 555 2311 627 (Isai.

752 656 806 708 6.
840 654 918 720 5).
944 651 1059 705 Non
1105 649 1302 719 pudore
1353 657 1404 702 te
1433 647 1593 701 at'ltcit
1629 646 1822 702 Paulus
1863 653 1917 699 et
1955 644 2180 716 Moyses,
2223 645 2311 714 qui

751 743 970 814 gloriam
998 756 1101 794 non
1131 738 1482 808 prmtergressi
1506 736 1667 790 sunt?
1695 735 1900 789 Pudore
1917 742 1968 790 te
1995 733 2190 788 afﬁciet
2207 749 2312 787 ca:-

754 835 884 892 lum,
904 830 1122 900 gloriam
1143 841 1416 882 euarrans.
1442 826 1548 880 Sed
1567 841 1662 879 nec
1688 823 1964 894 persuadet
1985 824 2074 878 libi
2091 824 2313 878 czelum?

753 921 1014 975 Pudorem
1047 918 1273 971 iul'erent
1301 917 1490 984 angeli.
1515 917 1581 968 At
1604 915 1820 984 ahgelos
1848 914 2112 984 despicis?
2139 914 2310 968 [iere-

753 1023 870 1062 rcre
906 1007 1252 1062 Cherubinos.
1300 1005 1492 1058 Verum
1542 1005 1660 1058 illos
1699 1003 1858 1056 etiam
1890 1002 2139 1056 audacter
2179 1017 2313 1072 prte-

753 1095 1102 1164 tergrederis?
1128 1094 1201 1148 Te
1243 1092 1514 1160 Seraphim
1545 1106 1609 1145 eo
1638 1091 1891 1145 reducant
1919 1099 1974 1143 ut
2010 1091 2202 1159 sapias.
2246 1092 2316 1144 At

757 1199 856 1239 nec
877 1184 1177 1238 ezelestibus
1199 1197 1296 1236 nec
1324 1182 1548 1235 terrenis
1572 1180 1905 1235 documentis
1932 1195 2129 1235 morem
2149 1180 2314 1250 geris?

757 1274 919 1328 Extra
959 1287 1164 1325 sacrum
1190 1272 1406 1325 cliorqu
1441 1285 1615 1335 mane,
1648 1278 1836 1338 sponte
1861 1269 2042 1322 exsula
2069 1285 2101 1323 a
2125 1269 2315 1323 divinis

755 1364 926 1416 atriis.
976 1361 1088 1414 Non
1120 1370 1267 1428 potes
1295 1361 1436 1414 enim
1467 1360 1628 1413 Deum
1658 1359 1865 1412 curiose
1889 1359 2129 1417 scrutari.
2157 1369 2210 1413 et
2239 1360 2317 1411 in-

758 1462 838 1505 ter
864 1451 1041 1504 ﬁdeles
1071 1451 1354 1503 numerari.
1380 1447 1578 1517 Ecquid
1604 1448 1670 1502 de
1699 1447 1807 1501 Deo
1831 1447 1982 1499 dico?
2007 1447 2184 1501 Nescis
2205 1447 2315 1500 [οι--

758 1539 1061 1594 midandum
1095 1553 1214 1592 esse
1251 1537 1340 1591 Dei
1382 1547 1621 1590 naturam
1649 1536 1896 1590 audacter
1919 1536 2175 1590 scrutari?
2206 1537 2315 1590 lmo

759 1646 826 1683 ne
856 1632 964 1698 ipsa
985 1629 1193 1698 quidem
1211 1643 1369 1695 Opera
1393 1627 1480 1679 Dei
1499 1626 1543 1679 si
1560 1625 1785 1679 volueris
1801 1626 2092 1679 accuratius
2113 1626 2312 1689 rimari,

758 1719 971 1786 dignum
1000 1726 1048 1770 te
1074 1716 1275 1785 putabit
1318 1716 1455 1769 Deus
1496 1713 1846 1767 familiaritate
1882 1728 1997 1777 sua,
2024 1713 2117 1767 sed
2161 1714 2316 1782 longe

761 1807 1000 1876 repellet,
1035 1815 1089 1859 ut
1112 1805 1201 1874 qui
1229 1804 1568 1873 impossibilia
1596 1803 1933 1872 aggrediaris.
1965 1802 2170 1871 Moyses
2198 1803 2317 1856 talis

761 1908 1039 1964 tantusque
1067 1897 1164 1958 vir,
1197 1904 1271 1948 tot
1312 1895 1679 1948 miraculorum
1723 1903 1970 1962 patrator,
1997 1895 2086 1963 qui
2113 1895 2314 1949 media-

761 2002 846 2044 tor
873 1991 966 2044 Dei
993 1999 1046 2043 et
1085 1989 1354 2042 hominum
1399 1987 1513 2051 fuit,
1540 1989 1622 2041 cui
1661 2001 1805 2040 mare
1845 1986 2072 2040 divisum
2098 1996 2200 2052 est,
2227 1988 2316 2055 qui

760 2094 949 2134 manna
975 2078 1042 2132 de
1068 2079 1210 2131 ctelis
1253 2076 1502 2130 deduxit:
1532 2076 1617 2130 hic
1644 2076 1726 2129 ubi
1757 2091 1916 2128 unum
1944 2091 2006 2132 ex
2037 2076 2125 2129 Dei
2156 2076 2318 2145 jussis

760 2183 918 2224 ausus
937 2177 1020 2222 est
1045 2169 1268 2221 humana
1291 2169 1493 2220 ratione
1530 2165 1723 2230 metiri,
1753 2181 1850 2221 nec
1879 2166 2066 2218 divina:
2096 2179 2315 2219 conces-

763 2262 833 2312 sit
862 2258 1124 2326 potentite,
1157 2256 1531 2310 inexorabilem
1569 2269 1775 2322 poenam
1815 2255 2052 2308 incurrit.
2086 2254 2151 2308 Ut
2177 2255 2317 2309 enim

765 2347 1000 2416 pervenit
1027 2345 1090 2397 ad
1132 2355 1353 2413 petram,
1394 2343 1526 2396 dixit
1554 2343 1618 2394 ad
1645 2343 1890 2411 pupulum
1922 2342 2157 2411 :Popule
2196 2343 2320 2395 dure

761 2445 807 2486 et
832 2433 1097 2493 incredule,
1124 2449 1242 2484 num
1268 2432 1330 2484 de
1356 2442 1494 2499 petra
1520 2431 1612 2482 hac
1641 2441 1810 2500 potero
1839 2430 1970 2484 vobis
1993 2432 2113 2485 dare
2140 2447 2319 2500 aquam

766 2523 948 2591 (Num.
978 2523 1068 2576 20.
1098 2524 1211 2591 10)?
1232 2522 1296 2575 Et
1337 2521 1458 2590 quid
1503 2522 1572 2574 illi
1615 2521 1756 2574 Deus
1789 2539 1801 2574 :
1836 2520 1940 2574 Pro
1969 2538 2025 2574 eo
2048 2523 2179 2590 quod
2221 2539 2319 2574 non

763 2612 1054 2683 glori/icasti
1083 2627 1159 2664 me
1190 2627 1356 2663 coram
1379 2626 1652 2680 synagoga,
1689 2626 1785 2662 non
1823 2610 2114 2678 ingredieris
2137 2613 2188 2662 in
2215 2619 2318 2662 ter-

764 2719 892 2767 ram,
915 2717 1064 2772 quam
1091 2700 1260 2769 juravi
1282 2699 1436 2767 (Ibid.
1464 2715 1511 2751 υ.
1545 2698 1653 2768 12).
1683 2697 1777 2752 llic
1800 2698 1923 2750 mihi
1946 2708 2175 2752 mentem
2202 2699 2320 2752 dili-

769 2800 950 2861 genter
988 2789 1197 2842 adhibe.
1244 2786 1347 2840 Pro
1370 2803 1424 2840 eo
1449 2789 1582 2853 quod
1611 2803 1709 2839 non
1745 2786 2038 2856 gloriﬁcasti
2062 2803 2156 2842 ine.
2183 2786 2317 2854 Quid

766 2892 880 2937 erat
909 2878 1235 2950 gloriﬁcare?
1277 2879 1481 2941 Dicere,
1511 2877 1697 2931 Omnia
1725 2886 1899 2945 putest
1925 2878 2080 2931 Deus.
2121 2876 2317 2932 Pecca-

767 2981 876 3025 tum
897 2970 1035 3023 enim
1066 2977 1147 3022 est
1172 2977 1352 3021 contra
1380 2967 1544 3021 Deum
1576 2967 1862 3020 rationibus
1882 2976 2027 3035 gesta
2054 2967 2167 3035 ejus
2197 2981 2322 3020 exa-

767 3063 988 3124 minare,
1012 3075 1107 3114 nec
1131 3060 1320 3113 divina:
1351 3057 1525 3112 virtuti
1557 3060 1877 3126 permittere,
1894 3074 2012 3127 qua:
2030 3072 2188 3127 super
2207 3072 2320 3111 om-

768 3151 852 3204 nia
900 3159 1145 3218 operatnr
1179 3163 1296 3216 quae
1341 3161 1432 3202 sua
1477 3156 1618 3202 sunt.
1677 3146 2040 3201 Defensiouem
2097 3147 2320 3201 instituit

768 3239 928 3294 David
960 3253 1054 3309 pro
1073 3239 1251 3308 Moyse
1275 3238 1444 3307 lapso,
1471 3253 1575 3291 non
1611 3245 1806 3300 mente,
1837 3236 1928 3291 sed
1957 3237 2126 3307 lingua
2149 3236 2318 3310 (Psal.

770 3328 893 3385 {05.
922 3327 1032 3396 53).
1055 3326 1462 3393 Namjustorum
1480 3326 1667 3380 delicta
1698 3327 1748 3378 in
1780 3327 1952 3395 lingua
1967 3335 2110 3392 sunt,
2130 3327 2320 3396 impio-

767 3436 882 3474 rum
898 3419 1116 3472 crimina
1138 3418 1188 3470 in
1207 3426 1400 3472 mente.
1421 3419 1494 3470 Ac
1506 3418 1638 3470 sicut
1657 3417 1846 3486 impius
1865 3426 2042 3472 tuente
2061 3418 2269 3487 quidem
2289 3433 2317 3470 a

768 3511 876 3564 Deo
915 3507 1224 3576 scjungitnr,
1253 3507 1560 3575 videturque
1604 3514 1778 3560 tamen
1820 3506 2025 3561 ratione
2063 3507 2318 3562 Iabiorum

767 3599 1086 3666 aliquantum
1111 3596 1175 3649 ad
1203 3610 1323 3649 eum
1346 3595 1628 3658 accedere;
1667 3609 1785 3647 nam
1815 3593 2045 3664 Papulas
2071 3596 2151 3648 hic
2177 3597 2321 3650 labiis

767 3704 846 3745 me
869 3691 1098 3748 honorat,
1118 3702 1202 3738 cor
1227 3697 1386 3738 autem
1403 3688 1510 3752 ejus
1531 3687 1676 3754 longe
1694 3694 1765 3738 est
1785 3701 1814 3736 a
1831 3702 1906 3737 me
1929 3684 2076 3756 (lsai.
2094 3686 2162 3740 29
2175 3726 2188 3739 .
2209 3686 2316 3757 l5):

767 3777 843 3829 sic
867 3785 919 3828 et
947 3776 1061 3843 plus
1093 3774 1242 3826 ﬁrmo
1271 3773 1431 3826 corde
1453 3773 1718 3840 prmditus,
1739 3787 1880 3842 stupe
1905 3773 2080 3842 lingua
2110 3775 2318 3828 labitur.

769 3865 891 3924 Ideo
941 3863 1099 3917 David
1140 3863 1330 3932 Moysis
1368 3862 1726 3916 defensionem
1771 3864 2021 3932 suscipit,
2067 3864 2318 3933 prOpheta

769 3955 1076 4024 prepltetam
1124 3962 1307 4022 purgat
1348 3972 1361 4007 :
1409 3953 1471 4005 Et
1517 3954 1833 4006 irritaverant
1877 3971 1988 4007 eum
2025 3956 2092 4007 ad
2139 3972 2318 4026 aquam

768 4047 1186 4108 contradictionis,
1212 4055 1256 4097 et
1280 4053 1479 4097 vexatus
1504 4054 1572 4096 est
1596 4045 1644 4096 Μ
1652 4061 1792 4114 ogscs
1821 4055 2022 4115 prapter
2047 4063 2129 4100 eos
2150 4047 2317 4116 (Psal.

769 4138 890 4194 £05.
921 4135 1030 4203 5‘2);
1055 4150 1157 4186 non
1187 4144 1394 4202 propter
1419 4149 1494 4186 se.
1527 4133 1658 4198 Quid
1686 4143 1858 4187 autem
1885 4135 1981 4188 sibi
2018 4136 2129 4188 vult
2167 4136 2316 4201 illud,

770 4226 985 4294 Propter
1017 4224 1138 4278 eos?
1167 4222 1276 4276 Non
1318 4238 1385 4276 ex
1429 4224 1638 4290 proprio
1675 4223 1850 4274 animo
1899 4224 2318 4280 incredulitatem

767 4316 1020 4379 exhibuit,
1053 4315 1144 4369 sed
1183 4313 1520 4368 conturbatus
1561 4328 1624 4366 ex
1663 4313 2076 4369 contradictione
2121 4318 2319 4383 populi,

772 4423 875 4460 non
898 4405 1117 4473 amplius
1140 4413 1367 4458 mentem
1392 4403 1571 4456 habuit
1596 4418 1778 4473 puram
1805 4443 1818 4466 ,
1843 4412 2021 4472 utpote
2043 4405 2324 4459 conturba-

771 4587 1135 4638 ltexaemerou;
1192 4578 1865 4643 tum__denique_‘rheodorum
1898 4581 2233 4643 Prodromum,
2274 4584 2322 4632 lu

771 4643 945 4694 eodem
964 4647 1186 4707 tiretsero
1207 4653 1251 4688 c.
1275 4639 1412 4686 “2569.
1437 4639 1740 4707 Quodautem
1759 4640 1846 4688 hoc
1866 4643 1911 4689 iu
1930 4641 2030 4707 loco
2045 4639 2324 4707 Cltryso'sbo-

771 4716 877 4750 mus
899 4701 1183 4760 Seraphiuos
1205 4708 1345 4759 parun
1367 4712 1506 4759 supra
1525 4699 1837 4757 Cherubinos,
1856 4704 2079 4751 Oratione
2095 4699 2211 4752 vero
2229 4712 2322 4752 ter-

771 4768 836 4811 tia
857 4762 920 4808 de
944 4760 1414 4822 lnomnpreheusibili
1440 4770 1601 4822 comra
1635 4760 1789 4815 faciat,
1817 4774 1960 4822 quam
1981 4764 2216 4812 rationem
2237 4764 2322 4813 da-

773 4825 930 4872 bimus
941 4820 970 4884 ?_
992 4819 1178 4868 SciliCet
1205 4822 1250 4866 in
1274 4831 1328 4866 re
1352 4821 1598 4867 arbitraria
1623 4828 1691 4884 et,
1712 4819 1909 4878 incerta,
1953 4825 2198 4872 variationl
2221 4826 2325 4884 Opi-

772 4881 1113 4954 nio'uis-locutn
1144 4892 1278 4954 esse.
1317 4887 1456 4948 Porro
1489 4893 1548 4954 ex
1567 4881 2327 4954 _9ratione.Nicetzeraphlagoiiis

773 4945 821 4991 in
847 4942 1033 4990 laudem
1058 4939 1376 4986 ttartholomaei
1400 4938 1614 4998 apostoli,
1643 4942 1884 4988 hovissimi
1909 4938 2104 4991 Attctarii
2123 4938 2328 4994 Coiube-

773 5003 919 5053 ﬁsiani
946 5017 991 5063 p.
1037 5001 1147 5063 307,
1170 5000 1277 5063 598,
1298 5001 1390 5063 ubi
1429 5002 1621 5063 ordines
1641 5002 1848 5061 angelici
1878 5003 2106 5061 gradatim
2130 5017 2328 5053 enume-

776 5060 959 5117 rantur,
976 5061 1211 5122 excidisse
1237 5060 1585 5122 videnturyitio
1609 5060 2118 5122 autiQnarii,’virtutes;
2143 5073 2195 5113 et
2215 5074 2326 5113 ora.

775 5125 907 5171 tione
927 5123 985 5185 iu_
996 5120 1215 5166 Thomam
1240 5133 1286 5179 p.
1307 5120 1414 5185 370,
1434 5118 1619 5185 throni;
1642 5118 2039 5185 quémadinodum
2077 5118 2226 5184 liquet
2243 5138 2330 5185 per

773 5180 1070 5231 consimilem
1093 5181 1506 5226 enumerationem
1521 5181 1690 5226 hiceta-
1713 5189 1838 5228 Orat.
1865 5183 1911 5229 in
1935 5180 2194 5232 Petrum'et
2219 5180 2331 5233 Pau-

776 5243 872 5290 lmu
899 5256 945 5303 p.
968 5239 1078 5296 37M,
1102 5247 1154 5286 et
1171 5247 1298 5286 orat.
1317 5241 1367 5303 in
1387 5238 1552 5303 sudant
1568 5239 1846 5287 't'haddteum
1868 5256 1914 5300 p.
1938 5241 2043 5290 δεδι.
2070 5242 2331 5294 Oousulere

776 5298 929 5364 adhuc
953 5308 1090 5364 potes
1112 5305 1261 5364 Notas.
1271 5298 1329 5346 ad
1339 5299 1723 5364 _Apostolicorum
1746 5298 1898 5360 Opera
1915 5315 1957 5364 cf.
1975 5303 2083 5360 512,
2109 5306 2331 5364 insuper-

778 5375 874 5417 que
893 5355 1280 5420 Sflreuaa‘umlilb
1297 5357 1352 5420 .-.Ι
1372 5355 1510 5420 ,'_cap.
1537 5359 1580 5415 1,
1605 5373 1649 5418 p.
1675 5360 1750 5416 21,
1779 5355 1830 5408 et
1853 5375 1898 5407 to
1919 5355 2173 5420 Epiphanio
2194 5355 2322 5419 Her,

779 5414 854 5478 “it,
880 5433 926 5466 n.
946 5420 1020 5478 17,
1049 5433 1092 5476 p.
1117 5417 1222 5480 l8},
1243 5414 1296 5471 C,
1314 5416 1370 5480 ρ.
1390 5414 1664 5480 Δοᾶειῄιὶω
1682 5431 1707 5463 a
1725 5414 1744 5463 ι’
1756 5420 1845 5480 ista
1868 5414 2103 5480 l’hilastrii
2119 5434 2220 5480 cap.
2238 5414 2322 5480 po;

776 5476 975 5540 stremo,
1003 5476 1127 5528 Nam
1151 5476 1402 5525 Clterubim
1434 5479 1674 5540 plenitudo
1695 5477 1903 5526 scientia:
1923 5479 2118 5540 dicitur,
2153 5476 2196 5530 et
2222 5476 2325 5530 air-

779 5547 855 5604 tus
874 5535 1008 5600 ignea
1043 5550 1304 5604 peragrans
1338 5535 1622 5604 appellatur,
1666 5551 1744 5604 me
1768 5539 1899 5596 vide;
1932 5535 2158 5604 audacter
2195 5543 2325 5604 enim

779 5597 970 5706 malleo,
995 5607 1038 5649 et
1059 5597 1310 5659 Serapltint
1345 5597 1492 5648 virtus
1528 5597 1665 5660 ignea
1687 5599 1894 5660 ﬂagrans
1914 5601 2194 5661 appellatur.
2233 5602 2324 5651 Co-

780 5667 927 5710 teter.

2229 355 2492 413 INCERTI

3879 386 3980 440 420

2418 477 2543 522 tam.
2576 467 2698 522 lltcc
2741 466 2986 536 loquutus
3025 482 3142 520 sum
3169 466 3236 520 ab
3269 465 3474 522 ofﬁcina
3519 469 3812 538 iniquitatis
3859 486 3972 542 pro.

2418 559 2544 611 lata.
2570 556 2665 612 Ubi
2713 557 2905 610 audisti
2947 558 3181 626 genitum
3210 567 3263 610 et
3288 557 3607 624 ingenitum?
3651 560 3739 614 ubi
3785 562 3970 618 audisti

2417 661 2580 700 novas
2612 646 2749 710 illas,
2787 647 2998 700 insanas
3036 648 3302 715 {astusque
3333 648 3511 716 plenas
3532 650 3831 705 dictiones?
3857 650 3967 706 Cir-

2415 736 2730 804 cumscripta
2765 743 2886 788 sunt
2933 736 3041 798 illa,
3071 751 3189 804 qua:
3232 736 3458 805 Spiritus
3498 747 3639 803 sunt,
3667 749 3722 793 ct
3765 740 3968 796 inducta

2415 825 2644 879 vicissim
2673 842 2734 877 ea
2763 841 2881 894 qua:
2910 834 3032 879 sunt
3057 825 3269 880 diaboli.
3302 825 3354 880 Si
3379 828 3490 882 hazc
3514 831 3726 896 quaeris,
3756 829 3966 884 Paulum

2416 931 2580 985 quare
2615 917 2705 969 tibi
2737 917 2972 970 vindicas
3013 917 3320 970 doctorem?
3346 917 3390 970 si
3421 917 3533 972 lucc
3557 919 3766 974 curiose
3795 923 3968 989 explo-

2418 1018 2523 1066 ras,
2548 1005 2760 1058 Petrum
2785 1015 2835 1059 te
2860 1005 3052 1060 habere
3079 1006 3200 1073 quid
3225 1005 3501 1073 gloriaris?
3530 1007 3708 1061 Fidem
3733 1024 3886 1078 nega,
3918 1021 3965 1063 et

2418 1091 2596 1160 profer
2639 1093 3002 1161 qua-stionem.
3034 1091 3138 1148 Sed
3162 1109 3191 1145 a
3211 1093 3497 1162 Scriptura,
3541 1097 3726 1164 inquit,
3757 1111 3862 1150 non
3893 1113 3966 1151 re-

2417 1182 2548 1235 cedo
2570 1222 2586 1246 ,
2613 1182 2768 1236 absit.
2816 1181 3057 1236 Inimicus
3084 1191 3136 1236 et
3249 1182 3322 1252 (α)
3348 1184 3632 1253 discipulus
3673 1196 3732 1240 et
3761 1187 3966 1242 ratioci-

2419 1271 2625 1324 niorum
2665 1272 2944 1340 magister?
2983 1271 3196 1339 Explica
3230 1273 3354 1326 mihi
3383 1273 3470 1339 qui
3496 1275 3767 1328 ratiocinia
3805 1285 3970 1330 secta-

2417 1360 2523 1422 ris,
2567 1361 2832 1429 quomodo
2868 1361 3109 1415 Christus
3143 1362 3316 1430 jsuuis
3343 1363 3535 1418 clausis
3574 1366 3844 1433 ingressus
3885 1367 3965 1420 sit.

2417 1450 2551 1517 Quid
2571 1466 2704 1519 opus
2727 1460 2809 1505 est
2835 1451 2937 1505 alia
2969 1453 3227 1506 tractare?
3265 1452 3392 1505 Nam
3420 1467 3560 1521 saepe
3585 1463 3638 1508 et
3666 1454 3968 1509 dicentibus

2417 1552 2470 1596 et
2493 1542 2821 1598 audientibus
2848 1541 3168 1597 detrimento
3191 1552 3331 1597 sunt.
3359 1543 3472 1598 Non
3494 1544 3610 1598 dico
3649 1544 3764 1608 tibi,
3793 1545 3965 1599 invisi-

2420 1633 2576 1688 bilem
2604 1642 2844 1688 naturam
2885 1648 3090 1704 expone
3122 1652 3134 1688 :
3162 1635 3425 1704 quomodo
3443 1636 3624 1704 genuit
3652 1636 3830 1698 Pater,
3857 1638 3969 1705 quis

2417 1723 2605 1776 diviute
2621 1725 2975 1793 generationis
2995 1722 3213 1788 modus;
3235 1725 3639 1794 dispensationis
3659 1724 3736 1794 (b)
3759 1726 3966 1780 modum

2418 1816 2649 1882 requiro.

2489 1903 2541 1957 5.
2579 1903 2671 1957 Dic
2690 1903 2952 1973 quomodo
2967 1903 3144 1972 januis
3168 1904 3359 1959 clausis
3388 1905 3652 1974 ingressus
3681 1905 3753 1960 sit
3779 1907 3968 1961 Serva-

2421 2002 2522 2057 tor,
2544 1993 2808 2063 quomodo
2837 1995 3132 2063 ingressum
3154 1994 3307 2050 fuerit
3330 2011 3521 2063 corpus
3548 1994 3730 2065 (Joan.
3745 1995 3838 2053 ω.
3856 1997 3961 2065 26).

2419 2081 2583 2151 Negat
2611 2093 2792 2136 natura
2817 2084 3055 2152 corporis
3074 2088 3152 2108 '“
3181 2086 3466 2154 evangelia.
3489 2085 3542 2140 Si
3573 2087 3732 2141 ﬁdem
3761 2102 3967 2156 sequar,

2418 2172 2615 2225 veritas
2659 2180 2740 2226 est
2778 2173 3092 2226 certissima.
3119 2172 3393 2239 Quomodo
3437 2175 3609 2242 januis
3655 2177 3850 2229 clausis
3892 2177 3960 2229 iu-

2419 2274 2629 2328 gressus
2657 2261 2777 2314 est?
2817 2261 2928 2314 Non
2969 2271 3083 2316 erat
3109 2263 3246 2316 enim
3275 2264 3578 2333 incorporea
3617 2275 3827 2330 natura,
3859 2281 3970 2334 quae

2420 2363 2643 2417 corpora
2673 2352 2844 2404 omnia
2888 2361 3160 2418 penetrat;
3212 2352 3305 2406 sed
3355 2361 3610 2407 eratcum
3663 2355 3970 2424 incorporea

2420 2453 2649 2508 corpus;
2708 2440 2863 2508 idque
2912 2451 3028 2494 erat
3073 2442 3393 2510 incorporeas
3445 2452 3648 2496 natura:
3695 2458 3968 2514 organum.

2422 2527 2531 2581 Hoc
2558 2529 2752 2597 quippe
2781 2545 2971 2598 corpus
2997 2529 3281 2584 humanum
3320 2531 3568 2586 Servatur
3594 2532 3797 2588 habuit.
3823 2533 3972 2589 Certe

2420 2616 2659 2685 discipuli
2681 2619 2744 2670 ad
2773 2635 2968 2673 novum
2998 2621 3302 2674 miraculum
3324 2624 3682 2693 respicientes,
3706 2625 3974 2679 existima-

2421 2717 2540 2760 runt
2569 2709 2809 2776 spiritum
2839 2724 2975 2774 esse,
3016 2712 3136 2780 quia
3186 2711 3314 2766 illud
3341 2723 3576 2768 naturam
3605 2717 3847 2784 corporis
3891 2733 3974 2770 su-

2423 2796 2657 2864 perabat.
2680 2801 2762 2822 ‘“
2789 2797 3150 2856 dubitantibus
3174 2803 3246 2856 ait
3272 2819 3284 2854 :
3320 2803 3533 2872 Palpate
3564 2821 3660 2871 me,
3705 2816 3754 2860 et
3794 2807 3970 2870 videte,

2420 2887 2538 2957 quia
2563 2887 2768 2954 spiritus
2793 2905 3014 2953 carnem,
3033 2900 3078 2943 et
3105 2907 3218 2944 ossa
3244 2907 3341 2944 non
3363 2892 3528 2959 habet,
3555 2895 3680 2946 sicut
3707 2911 3786 2948 me
3807 2897 3974 2948 ridetis

2421 2977 2600 3030 habere
2633 2977 2780 3049 (Luc.
2807 2979 2896 3034 24.
2939 2980 3049 3050 59).
3084 2979 3359 3047 Quomodo
3390 2982 3653 3051 ingressus
3691 2985 3813 3038 est?
3855 3001 3974 3038 num

2421 3081 2627 3122 asseres
2655 3069 2818 3123 instar
2840 3071 2977 3124 aeris
3005 3071 3160 3125 soluti
3191 3072 3354 3125 sunt?
3395 3087 3460 3125 an
3488 3071 3623 3127 forte
3660 3088 3859 3144 corpus
3885 3090 3974 3129 ex-

2425 3169 2692 3214 tenuatum
2721 3169 2821 3223 est,
2852 3163 3033 3231 sicque
3063 3163 3350 3231 permeavit
3379 3163 3501 3233 ligni
3532 3164 3975 3219 crassitudinem?

2425 3251 2490 3303 At
2511 3266 2678 3321 neque
2704 3261 2760 3305 tu
2782 3251 2958 3307 dicere
2985 3263 3155 3321 potes,
3175 3269 3343 3323 neque
3363 3269 3461 3323 ego
3481 3255 3765 3323 explanare
3791 3256 3971 3311 valeo:

2424 3342 2553 3397 nihil
2576 3343 2760 3396 horum
2784 3343 2910 3398 mihi
2943 3343 3212 3412 Scriptura
3238 3345 3470 3409 tradidit,
3497 3360 3606 3398 rem
3635 3360 3740 3398 non
3767 3347 3976 3400 curiose

2424 3434 2697 3502 perquiro:
2729 3448 2790 3487 ea
2815 3449 2930 3503 qua:
2957 3433 3262 3501 prmdioovit
3285 3448 3498 3502 sequor,
3525 3435 3733 3488 etiamsi
3761 3436 3974 3489 nollem.

2424 3524 2720 3595 ingressum
2749 3541 2869 3580 esse
2894 3525 3054 3579 credo
3079 3545 3092 3580 :
3115 3524 3378 3593 quomodo
3399 3534 3570 3578 autem
3601 3540 3706 3579 non
3736 3527 3973 3594 exploro.

2422 3614 2498 3670 Nc
2542 3619 2796 3682 putes‘“
2840 3615 3030 3668 clausis
3057 3613 3231 3682 jannis
3258 3615 3520 3683 ingressus
3547 3622 3646 3667 est.
3677 3613 3794 3667 Non
3827 3615 3973 3677 dixit,

2423 3701 2699 3758 Rarel‘acta
2730 3712 2820 3756 aut
2865 3703 3031 3756 soluta
3067 3703 3226 3772 janua
3254 3703 3519 3772 ingressus
3545 3712 3642 3766 est,
3671 3703 3767 3757 sed
3795 3702 3976 3756 laneis

2423 3793 2624 3846 clausis.
2668 3793 2815 3860 Quod
2854 3792 3046 3848 l'acmm
3091 3803 3170 3847 est
3195 3793 3459 3856 narravit;
3506 3793 3621 3862 quis
3667 3793 3749 3847 rei
3789 3794 3978 3848 modus

2425 3885 2581 3938 fuerit
2624 3899 2728 3938 nou
2771 3883 3078 3938 declaravit.
3107 3883 3246 3938 Exiit
3289 3883 3476 3937 Petrus
3518 3897 3548 3936 e
3587 3897 3840 3946 carcere;
3890 3882 3977 3936 sed

2424 3984 2616 4042 aperta:
2658 3982 2781 4028 sunt
2817 3975 2866 4026 ei
2911 3973 3118 4042 janme,
3163 3973 3319 4040 idque
3356 3972 3620 4040 Scriptura
3663 3970 3977 4038 signiﬁcavit

2422 4064 2506 4119 his
2533 4066 2740 4119 verbis:
2775 4063 2931 4117 Porta
2959 4067 3118 4132 ferrea
3143 4062 3277 4116 ultro
3311 4070 3483 4129 aperta
3503 4070 3576 4113 est
3612 4059 3682 4112 eis
3724 4059 3862 4125 (Act.
3896 4059 3974 4116 12.

2426 4155 2534 4226 10).
2565 4155 2677 4209 Νοη
2703 4153 2856 4217 dixit,
2887 4152 3036 4207 Ultro
3066 4151 3295 4220 suscepit
3325 4150 3536 4203 Petrum
3578 4158 3976 4203 transeuntem:

2427 4243 2708 4298 humanum
2739 4243 2931 4312 quippe
2973 4255 3166 4309 corpus
3192 4247 3325 4302 erat,
3354 4247 3408 4292 ct
3433 4253 3496 4292 ex
3527 4237 3754 4292 humana
3785 4252 3975 4293 massa.

2425 4334 2627 4400 Corpus
2655 4343 2783 4385 vero
2817 4331 3013 4384 Christi
3045 4330 3328 4382 humanum
3372 4327 3584 4396 quidem
3614 4335 3751 4392 erat,
3778 4327 3852 4382 ob
3889 4342 3980 4382 co-

2425 4423 2723 4492 gnationem
2773 4436 2931 4489 quam
2975 4419 3244 4473 nobiscum
3287 4418 3482 4482 habet;
3527 4417 3763 4473 divinum
3807 4428 3983 4476 autem

2427 4511 2497 4565 ob
2525 4511 2771 4566 unionem
2796 4509 2986 4571 Verbo,
3019 4518 3072 4562 et
3099 4509 3168 4561 ob
3211 4506 3567 4561 admirabilem
3601 4506 3829 4575 Virginis
3860 4523 3982 4577 par-

2429 4611 2537 4654 tum
2557 4603 2650 4670 (c).
2679 4598 2954 4667 Quomodo
2987 4598 3161 4667 jauuis
3185 4597 3376 4652 clausis
3406 4598 3671 4666 ingressus
3700 4598 3820 4652 est?
3850 4612 3984 4668 quo—

2429 4693 2585 4746 modo
2611 4691 2753 4744 caelis
2780 4691 2970 4744 clausis
2990 4689 3264 4744 ascendit?
3289 4688 3332 4741 Ο
3361 4687 3709 4741 temeritatem
3742 4687 3866 4742 talia
3892 4704 3982 4742 au-

2490 4823 2562 4884 (a)
2596 4825 2676 4872 llic
2715 4830 2765 4884 et
2789 4823 3009 4884 tribusgin
3037 4821 3151 4884 locis
3185 4820 3518 4884 sequentibus,
3536 4821 3617 4884 qui
3641 4822 3886 4884 asteriscia
3905 4836 3986 4884 nos

2428 4880 2606 4939 tantur,
2626 4883 2905 4933 testiﬁcatur
2927 4881 3195 4934 Cotelerius
3209 4880 3473 4929 desiderari
3503 4880 3717 4944 quinque
3751 4881 3907 4931 lineas
3928 4883 3988 4931 ad

2429 4945 2685 5075 “wife:
2699 5003 3114 5075 dispensationem
3139 5003 3304 5075 (Graec.
3329 5000 3546 5074 Ml“)
3577 5001 3822 5075 intelligas
3842 5003 3990 5051 incan-

2432 5061 2674 5113 nationem
2696 5061 2883 5117 Christi,
2911 5077 2998 5111 seu
3016 5061 3171 5123 potius
3206 5070 3350 5111 totam
3374 5061 3552 5111 seriem
3590 5061 3838 5123 natalium,
3877 5075 3994 5122 0pc-

2434 5137 2557 5195 rum,
2586 5124 2822 5232 εὶᾶιιοῖιίε
2843 5122 3034 5181 Christi,
3059 5137 3168 5184 qua:
3193 5125 3240 5172 in
3283 5124 3664 5183 redemlitionem
3688 5122 3882 5168 humani
3906 5138 3994 5184 ge-

2434 5198 2566 5232 neris
2585 5200 2612 5232 c
2637 5223 2641 5229 .
2679 5198 2740 5232 un
2769 5218 2779 5229 .

2434 5188 2566 5233 neris
2585 5188 2779 5233 cedunt.

2497 5248 2564 5304 (c)
2597 5253 2736 5308 Juxta
2773 5244 2899 5308 hunc
2932 5243 3092 5308 locum
3118 5244 3300 5308 corrigi
3333 5242 3476 5291 velim
3513 5243 3768 5308 hosticum,
3803 5242 3998 5308 quando

2435 5301 2568 5353 notat
2590 5307 2648 5352 ad
2671 5301 3363 5366 Synodtim.ChaleedoneuSem
3387 5317 3401 5351 :
3433 5301 3594 5366 Melior
3611 5301 3940 5366 utterpreiats'o
3955 5317 3996 5351 St

2435 5378 2490 5413 eo
2513 5361 2784 5426 quodgoeus
2815 5366 3014 5426 Verbum
3055 5364 3373 5426 incarnatione
3416 5370 3459 5411 ct
3495 5361 3999 5426 iu_I_mnumatus__sit_et

2438 5421 2736 5489 conceptione
2758 5424 2957 5489 imirent
2998 5423 3252 5489 templum;
3278 5427 3340 5472 ita
3363 5429 3431 5489 ut_
3458 5422 3711 5489 scribatur,
3737 5421 3906 5489 melior
3925 5422 4001 5469 in-

2439 5481 2715 5550 terpretatio
2731 5484 2808 5541 sit,
2826 5486 3016 5542 ecquod
3043 5481 3168 5551 Deus
3192 5481 3687 5551 r'erbumhincarnatus
3709 5488 3755 5551 e_t
3778 5481 4004 5551 balsama.

2440 5541 2576 5592 natus
2611 5545 2692 5602 sil,
2716 5552 2759 5592 et
2794 5556 2856 5592 ea:
2893 5545 3188 5604 conceptione
3217 5542 3417 5593 uniren't
3448 5541 3687 5604 templum.
3713 5542 3900 5604 “rogati
3923 5556 4005 5591 re.

2444 5609 2597 5713 ξυιὲιὶς
2627 5600 2962 5666 praeclarasque
2995 5600 3299 5655 collectioni:
3329 5600 3583 5654 Balnziana:
3613 5601 3708 5652 col.
3741 5600 3884 5652 τωο.
3924 5612 4006 5652 (‘o~

2449 5675 2490 5713 ,ι’
2539 5677 2572 5713 r.

2446 5669 2572 5715 lt‘lcr.
