4158 6320
231 434 339 486 419

222 529 378 598 ἡμεῖς
401 525 501 596 οὐχ
529 525 927 596 ὑπερϐαίνομεν
963 524 1085 585 τοὺς
1117 523 1291 593 ὅρους.
1317 523 1428 590 Οὐχ
1459 516 1699 587 ὑπερέϐη
1730 514 1799 567 τά

223 623 524 693 Χερουϐὶμ,
555 623 688 676 ἀλλὰ
721 621 856 691 μετά
893 621 1072 690 πάσης
1105 617 1388 679 εὐλαϐείας
1423 615 1514 667 τὸν
1552 612 1802 683 οὐράνιον

223 721 426 772 ἐκεῖνον
459 718 625 787 ὕμνον
653 717 955 786 ἀναμέλπει
981 737 993 748 ·
1020 716 1234 784 Ἄγιος,
1258 714 1442 781 ἅγιος,
1469 711 1654 780 ἄγνος,
1686 706 1803 760 Κύ-

216 832 349 882 ριος
371 813 528 884 [495]
562 813 825 873 Σαϐαὼθ,
855 812 1090 878 πλήρης
1123 809 1290 867 πᾶσα
1315 810 1352 875 ὴ
1381 806 1453 877 γῆ
1483 805 1592 873 τῆς
1622 805 1806 869 δόξης

224 910 433 964 αὑτοῦ.
481 911 556 962 Οὐ
589 910 826 962 δυσωπεῖ
866 925 924 958 σε
967 906 1178 968 Παῦλος
1217 905 1311 957 καὶ
1354 903 1615 970 Μωῦσὴς,
1649 900 1806 963 δόξαν

226 1009 302 1077 μὴ
342 1007 797 1076 ὑπερϐαίνοντες;
834 1006 1153 1071 Δυσωπήσει
1197 1019 1255 1054 σε
1299 1003 1326 1053 6
1367 998 1615 1070 οὐρανὸς,
1649 998 1807 1062 δόξαν

220 1103 606 1170 ἀπαγγέλλων.
644 1101 783 1154 Ἀλλ’
812 1101 871 1152 οὐ
901 1099 1074 1150 πείθει
1107 1115 1164 1149 σε
1195 1100 1222 1148 6
1250 1096 1475 1166 οὐρανός
1501 1112 1513 1157 ;
1547 1093 1808 1160 Δυσωπή-

913 1194 1158 1261 ἀγγέλων
1204 1193 1599 1260 καταφρονεῖςς
1633 1187 1807 1257 Φοϐή-

793 1197 870 1214 ιε’

224 1215 410 1250 σουσιν
445 1199 682 1265 ἄγγελοι.
733 1197 853 1249 ’Λλλ

222 1302 350 1372 θητι
388 1304 457 1356 τά
496 1303 793 1372 Χερουϐίμ.
833 1301 992 1354 Ἀλλά
1040 1315 1132 1352 και
1160 1299 1330 1352 ταῦτα
1367 1297 1713 1367 ὐπερϐαίνεις
1742 1296 1808 1364 τῇ

218 1403 432 1472 τόλμης
459 1403 847 1470 Σωφρονιζέτω
869 1419 927 1454 σε
949 1401 1015 1454 τὰ
1042 1400 1310 1471 Σεραφίμ.
1342 1398 1478 1451 Ἀλλ’
1500 1396 1622 1449 οὔτε
1652 1399 1812 1466 ὑπερ-

223 1503 491 1571 κοσμίοις,
523 1499 645 1554 οὔτε
676 1501 1067 1568 ὑποδείγμασιν
1097 1500 1359 1566 ἐπιγείοις
1389 1498 1582 1568 πείθῃς
1628 1495 1812 1558 Ἐκτὸς

219 1600 386 1666 γενοῦ
423 1600 531 1652 τῶν
566 1599 723 1668 ίερῶν
758 1599 953 1669 χορῶν,
993 1597 1233 1669 ὲξὸρισον
1268 1598 1490 1650 σεαυτὸν
1516 1597 1623 1650 τῶν
1654 1596 1813 1648 θείων

218 1699 425 1753 αὐλῶν.
451 1701 524 1751 Οὐ
545 1699 673 1769 δύνῃ
698 1700 805 1768 γὰρ
829 1698 958 1751 Θεὸν
987 1699 1482 1768 πολυπραγμονεῖν,
1506 1698 1600 1750 καὶ
1624 1697 1682 1748 έν
1701 1699 1814 1757 τοῖς

220 1800 438 1860 πιστοῖς
475 1797 842 1866 ἀριθμεῖσθαι.
894 1799 1003 1849 Καὶ
1048 1796 1101 1849 τί
1143 1797 1284 1864 λέγω
1321 1797 1449 1866 περὶ
1487 1795 1657 1861 Θεοῦς
1700 1795 1815 1847 Οὐκ

217 1893 396 1960 οἶδας,
427 1899 507 1950 ὅτι
539 1898 765 1966 φοϐερὸν
805 1896 864 1950 τὸ
911 1897 1256 1968 κατατολμᾷν
1293 1897 1386 1950 καὶ
1419 1898 1643 1966 ἐρευνᾷν
1680 1893 1813 1948 Θεοῦ

220 1995 428 2065 φύσιν;
462 1997 592 2048 Οὐδὲ
636 1997 772 2050 αὐτᾶ
807 1998 875 2050 τὰ
904 1998 1040 2068 ἔργα
1069 1997 1163 2050 τοῦ
1194 1996 1329 2049 Θεοῦ
1362 1996 1428 2048 ἂν
1461 1995 1619 2064 θέλῃς
1648 1995 1814 2048 πολυ-

219 2101 636 2168 πραγμονῆσαι,
679 2099 827 2165 ἄξιόν
867 2116 927 2152 σε
976 2102 1005 2152 6
1041 2099 1174 2161 Θεὸς
1213 2101 1430 2169 ἡγεῖται
1472 2098 1570 2167 τῆς
1618 2096 1812 2150 ἑαυτοῦ

215 2197 577 2266 οἰκειότητος,
600 2197 714 2251 ἀλλ’
742 2198 996 2251 ἐκϐάλλει
1031 2200 1270 2268 μακράν.
1299 2198 1375 2260 ὼς
1397 2197 1506 2249 τῶν
1541 2197 1816 2250 ἀδυνάτων

217 2296 676 2366 κατατολμῶντα.
724 2299 968 2367 Μωῦσῆς
1010 2301 1038 2352 ὁ
1084 2298 1328 2361 τοιοῦτος
1376 2299 1470 2350 καὶ
1500 2297 1817 2368 τηλικοῦτος

227 2392 397 2462 ἀνὴρ,
417 2393 446 2444 6
467 2392 574 2444 τῶν
599 2392 866 2446 τοσούτων
889 2394 1178 2463 θαυμάτων
1205 2394 1462 2464 ἐργάτης,
1480 2396 1508 2446 6
1531 2396 1818 2463 γενόμενος

233 2492 469 2560 μεσίτης
501 2492 635 2544 Θεοῦ
667 2493 761 2544 καὶ
782 2492 1103 2563 ἀνθρώπων,
1138 2487 1182 2560 ᾧ
1214 2492 1436 2564 διῃρέθη
1469 2492 1730 2553 θάλασσα,
1761 2493 1819 2554 ὃς

218 2595 291 2646 τὸ
326 2595 501 2664 μάννα
534 2596 592 2660 ἐξ
626 2597 872 2666 οὐρανῶν
899 2598 1208 2667 ἐπήγαγεν·
1242 2591 1417 2661 οὗτος,
1455 2599 1518 2649 ἵν’
1546 2599 1603 2649 ἓν
1628 2616 1682 2650 τι
1709 2598 1818 2650 τῶν

219 2689 336 2744 ὑπὸ
384 2690 518 2742 Θεοῦ
560 2692 956 2746 κελευσθέντων
989 2693 1266 2763 τολμήσας
1303 2693 1626 2765 ἀνθρωπίνῳ
1670 2696 1818 2764 λογι-

220 2790 354 2861 σμῷ
380 2792 670 2861 μετρῆσαι,
689 2794 782 2844 καὶ
817 2793 890 2863 μὴ
913 2795 978 2863 τῇ
1006 2793 1124 2864 θείᾳ
1148 2794 1373 2864 δυνάμει
1398 2797 1816 2866 παραχωρῆσαι,

220 2890 605 2960 ἀπαραίτητον
647 2891 803 2961 ἔσχεν
840 2893 938 2964 τὴν
978 2894 1154 2964 δίκην.
1188 2893 1275 2958 Ὠς
1317 2896 1425 2965 γὰρ
1459 2895 1688 2963 ἔφθασεν
1728 2897 1820 2949 ἐπὶ

218 2991 328 3060 τὴν
356 2992 582 3061 πέτραν,
607 2993 751 3060 λέγει
777 2995 908 3065 πρὸς
944 2995 1034 3048 τὸν
1067 2995 1225 3048 λαόν·
1261 2990 1328 3047 ’Ὦ
1369 2994 1520 3060 λαὸς
1553 2996 1820 3062 σκληρὸς

223 3090 330 3143 καί
355 3092 630 3158 ἀπειθὴς,
653 3094 735 3161 μὴ
765 3095 832 3146 ἐκ
859 3093 969 3162 τῆς
995 3095 1216 3162 πέτρας
1238 3097 1460 3160 ταύτης
1481 3095 1820 3163 δυνήσομαι

225 3190 378 3257 ὑμῖν
435 3190 649 3244 δοῦναι
701 3192 895 3260 ὕδωρ;
943 3195 1051 3246 Καὶ
1104 3194 1157 3246 τί
1205 3194 1342 3263 πρὸς
1384 3193 1543 3246 αὐτὸν
1588 3197 1615 3247 6
1657 3194 1816 3260 Θεός;

239 3292 392 3346 Ἀνθ⁹
426 3288 514 3346 ὧν
547 3296 659 3347 οὐκ
686 3294 986 3361 ἐδόξασὰς
1013 3312 1090 3363 με
1120 3296 1374 3348 ἐνώπιον
1403 3295 1511 3362 τῆς
1546 3312 1819 3366 συναγω-

221 3393 378 3461 τῆς,
427 3396 538 3448 οὐκ
598 3397 920 3463 είσελεύσῃ
977 3399 1066 3462 εἰς
1096 3396 1209 3464 τὴν
1260 3397 1416 3466 γῆν,
1476 3397 1549 3466 ἣν
1593 3399 1819 3467 ὤμοσα.

238 3503 512 3557 Ἐνταῦθά
552 3522 642 3573 μοι
677 3505 909 3574 πρόσεχε
953 3505 1044 3557 τὸν
1073 3505 1197 3557 νοῦν
1240 3505 1513 3577 ἀκριϐῶς·
1563 3508 1707 3561 Ἀνο’
1735 3501 1823 3560 ὧν

224 3609 346 3661 οὐκ
375 3607 677 3673 ἐδόξασάς
710 3627 808 3677 με.
839 3611 905 3661 Τί
927 3609 1033 3680 γάρ
1058 3606 1125 3678 ἦν
1146 3610 1206 3662 τὸ
1231 3610 1483 3675 δοξάσαι;
1510 3611 1582 3662 Τὸ
1613 3613 1785 3664 εἰπεῖν
1805 3628 1818 3643 ·

225 3707 429 3761 Πάντα
455 3706 678 3760 δύναται
716 3711 744 3760 6
772 3709 924 3772 Θεός.
955 3711 1226 3780 Ἀμαρτία
1265 3709 1370 3779 γάρ
1405 3711 1552 3762 ἐστιν
1574 3714 1654 3774 είς
1689 3712 1820 3765 Θεὸν

220 3806 294 3859 τὸ
321 3805 605 3874 λογισμοῖς
634 3806 906 3871 ἐξετάζειν
940 3809 1006 3860 τὰ
1053 3811 1182 3875 παρ’
1218 3807 1382 3861 αὐτοῦ
1410 3810 1689 3878 γινόμενα,
1729 3818 1821 3865 καὶ

224 3909 311 3978 μὴ
358 3912 424 3977 τῇ
481 3908 601 3977 θείᾳ
645 3907 872 3977 δυνάμει
928 3912 1308 3980 παραχωρεῖν,
1342 3911 1484 3980 ὑπὲρ
1538 3915 1712 3967 πάντα
1754 3917 1822 3968 τά

218 4009 434 4078 ἑαυτῆς
474 4005 839 4080 ἐργαζομένη.
881 4007 1254 4074 Ἀπολογεῖται
1288 4008 1450 4061 Δαυῒδ
1483 4010 1624 4078 ὑπὲρ
1660 4015 1823 4067 Μωῦ-

217 4107 374 4169 σέως
398 4105 716 4174 σφαλέντος,
759 4106 820 4158 οὐ
851 4106 1078 4176 διανοίᾳ,
1119 4107 1255 4160 ἀλλά
1282 4105 1516 4179 γλώττῃ.
1556 4110 1678 4162 Τῶν
1711 4112 1820 4181 γὰρ

211 4203 460 4260 δικαίων
491 4204 868 4273 ἁμαρτήματα
905 4205 1033 4274 περὶ
1065 4207 1132 4258 τά
1173 4205 1358 4275 χείλη·
1389 4205 1496 4259 τῶν
1523 4207 1578 4259 δὲ
1608 4209 1820 4262 ἀσεϐῶν

210 4307 301 4360 τὰ
328 4305 642 4376 ἀδικήματα
669 4308 797 4376 περὶ
826 4306 922 4376 τὴν
948 4307 1202 4362 διάνοιαν.
1222 4307 1331 4360 Καὶ
1350 4307 1538 4379 ῶσπερ
1567 4311 1593 4362 6
1617 4311 1822 4380 ἀσεϐὴς

207 4404 645 4473 ἀπεσχοίνισται
677 4405 776 4475 μὲν
812 4408 879 4477 τῇ
914 4405 1143 4475 διανοίᾳ,
1166 4405 1311 4458 δοκεῖ
1346 4406 1403 4459 δέ
1445 4425 1562 4469 πως
1590 4408 1820 4478 πλησιά-

208 4510 349 4577 ζειν
368 4510 448 4580 τῷ
473 4510 594 4579 Θεῷ
613 4512 742 4581 περὶ
767 4513 838 4564 τὰ
860 4512 1009 4581 χείλη
1029 4529 1042 4542 ·
1084 4513 1138 4564 '0
1175 4515 1325 4577 λαὸς
1360 4512 1468 4583 γὰρ
1497 4509 1673 4579 οὗτος
1699 4515 1821 4581 τοῖς

206 4613 474 4686 χείλεσι
495 4630 570 4681 με
594 4613 752 4682 τιμᾷ,
778 4615 815 4681 ἠ
846 4614 913 4666 δὲ
943 4615 1155 4682 καρδία
1180 4616 1366 4669 αὑτοῦ
1397 4619 1590 4684 πόρρω
1613 4619 1821 4687 ἀπέχει

204 4718 335 4776 ἀπ’
376 4716 559 4786 ἐμοῦ·
611 4717 783 4782 οὕτως
834 4719 863 4769 6
905 4718 1134 4788 εὐσεϐὴς
1180 4720 1497 4789 ἐρρωμένην
1536 4721 1674 4788 ἔχων
1722 4723 1820 4791 τὴν

203 4820 489 4893 καρδίαν,
516 4821 806 4874 ὀλισθαίνει
843 4821 1100 4885 πολλάκις
1131 4824 1258 4892 περὶ
1288 4824 1388 4891 τὴν
1418 4825 1689 4891 γλῶσσαν.
1723 4826 1819 4878 Διά

201 4921 399 4978 τοῦτο
422 4922 452 4973 6
474 4920 639 4977 Δαυῖδ
664 4922 1008 4990 ἀπολογεῖται
1040 4924 1179 4993 ὑπὲρ
1200 4923 1498 4986 Μωῦσέως.
1537 4927 1818 4996 προφήτης

204 5028 379 5097 ὑπὲρ
404 5027 713 5096 προφήτου·
744 5028 850 5080 Καὶ
876 5026 1256 5096 παρώργισαν
1286 5029 1472 5080 αὐτὸν
1492 5029 1583 5097 ἐφ’
1602 5031 1819 5098 ὓδατος

196 5131 606 5199 ἀντιλογίας,
641 5131 738 5182 καί
767 5131 1033 5198 ἐκακώθη
1069 5132 1332 5199 Μωῢσῆς
1360 5131 1434 5186 δι’
1465 5136 1686 5201 αὐτούς
1711 5152 1724 5164 ·
1755 5139 1816 5191 οὐ

195 5239 283 5292 δι’
315 5234 541 5290 ἑαυτόν.
576 5234 641 5286 Τί
669 5233 724 5285 δέ
747 5235 864 5286 ἐστι
904 5234 981 5294 τὸ,
1017 5237 1097 5287 Δι’
1136 5237 1393 5302 αὑτούς;
1427 5238 1501 5290 Οὐ
1543 5241 1691 5310 παρὰ
1718 5243 1817 5312 τὴν

202 5340 379 5396 ἰδίαν
421 5337 646 5407 γνώμην
677 5337 775 5408 τὴν
820 5337 1076 5391 ἀπιστίαν
1119 5337 1316 5404 ἔδειξεν
1340 5381 1354 5405 ,
1394 5340 1532 5394 ἀλλά
1564 5342 1818 5410 θολωθε“ις

197 5444 338 5503 ὑπὸ
378 5445 479 5513 τῆς
517 5441 825 5508 ἀντιλογίας
853 5441 947 5494 τοῦ
987 5442 1115 5495 λαοῦ
1137 5484 1152 5508 ,
1184 5444 1366 5499 οὐκέτι
1398 5439 1522 5517 εὗρε
1557 5448 1646 5499 τὸν
1673 5448 1816 5517 λογι-

198 5550 376 5621 σμὸν
408 5545 666 5617 καθαρὸν,
718 5546 793 5609 ὠς
825 5547 882 5597 ὲν
932 5545 1209 5615 συγχύσει.
1245 5548 1429 5603 Ταῦτα
1472 5551 1707 5622 ἐλάλησα
1747 5555 1812 5606 τά

193 5655 333 5712 ζοτὼ
357 5650 457 5703 τοῦ
490 5651 849 5722 ἐργαστηρίου
879 5651 973 5720 τῆς
998 5651 1208 5716 ἀδικίας
1238 5658 1672 5725 προσφερόμενα.
1705 5658 1810 5710 Ποῦ

196 5762 475 5831 ἤκουσας
508 5754 797 5824 ἀγέννητον
828 5755 918 5807 καὶ
947 5754 1199 5825 γεννητόν
1224 5773 1238 5822 ;
1274 5757 1374 5810 ποῦ
1401 5759 1634 5828 ἡκουσας
1667 5761 1810 5814 ὲκεί-

559 5859 829 5917 ΡΑτιιοι.
872 5853 990 5915 Gn.
1043 5851 1191 5912 LVI.

1203 407 1269 462 IN
1308 405 1533 470 ILLUD,
1571 401 1634 454 IN”
1673 397 1813 466 Ql'A
1855 394 2286 460 POTI'ISTATE',
2319 393 2470 447 ETC.

3375 396 3489 449 420

1904 531 1996 575 νας
2014 512 2111 582 τῆς
2135 512 2266 563 πολυ
2276 507 2474 579 μανοῦς
2501 509 2592 560 καὶ
2617 498 3088 570 πολυφαντάστους
3111 495 3483 562 διαλέκ-τους·;

1906 615 2256 684 Περιεγράφη
2285 615 2352 666 τά
2374 613 2466 664 τοῦ
2491 610 2829 678 Πνεύματος,
2851 606 2946 657 καὶ
2975 602 3302 672 ἀντεισήχθη
3332 600 3484 671 [426]

1906 721 1971 772 τά
1997 719 2090 771 τοῦ
2116 717 2384 772 διαϐόλου.
2418 717 2480 768 Εἰ
2512 713 2684 767 ταῦτα
2714 711 2915 788 ζητεῖς,
2943 709 3152 762 Παῦλον
3178 707 3266 760 διὰ
3289 707 3340 758 τί
3370 708 3492 758 ἑπι-

1906 823 2136 893 γράφεις
2174 821 2522 885 διδάσκαλον;
2555 820 2616 870 Εί
2646 817 2822 869 ταῦτα
2855 815 3352 882 πολυπραγμονεῖς,
3382 811 3489 863 Πέ-

1906 944 2033 994 τρον
2063 927 2115 978 τί
2170 924 2422 993 σεμνύνει
2469 923 2643 991 ἕχειν;
2687 923 2955 990 Ι’Λρνησαι
2997 917 3095 987 τὴν
3135 916 3351 980 πίστιν,
3397 917 3492 968 καὶ

1909 1032 2240 1103 προσένεγκε
2275 1031 2522 1099 ζήτησιν.
2571 1027 2708 1079 Ἀλλ’
2740 1027 2838 1079 οὐκ
2881 1025 3170 1096 ἀναχωρῶ,
3204 1025 3357 1093 φησὶ,
3392 1023 3491 1090 τῆς

1911 1135 2164 1206 Γραςρῆς,
2225 1134 2297 1206 μὴ
2328 1134 2555 1200 γένοιτο.
2609 1131 2830 1202 Ἐχθρὸς
2873 1132 2965 1183 καὶ
3110 1127 3357 1198 μαθητὴς
3402 1128 3495 1179 καὶ

1909 1238 2184 1309 λογισμῶν
2212 1238 2507 1307 εἰσηγητής
2530 1255 2542 1300 ;
2568 1234 2938 1305 Ἐρμήνευσὸν
2972 1251 3063 1303 μοι
3101 1231 3346 1301 λογισμῷ
3375 1232 3494 1283 δουο

1910 1343 2125 1406 λεύσας,
2163 1343 2278 1404 πῶς
2311 1343 2338 1393 6
2383 1342 2572 1410 Σωτὴρ
2600 1339 2997 1407 κεκλεισμένων
3023 1337 3129 1389 τῶν
3165 1337 3343 1407 θυρῶν
3381 1337 3496 1388 εἰσ--

1912 1452 2074 1522 ῆλθε;
2108 1451 2202 1514 Τίς
2228 1451 2386 1520 χρεία
2416 1449 2544 1520 περὶ
2573 1448 2640 1501 τά
2669 1447 2803 1501 ἀλλα
2824 1446 3200 1515 ἀσχολεῖσθαι;
3237 1444 3495 1506 πολλάκις

1913 1558 1981 1625 γά
1992 1575 2020 1626 ρ
2043 1557 2243 1626 ζημίαν
2279 1557 2370 1608 καὶ
2394 1556 2506 1615 τοῖς
2533 1554 2749 1620 λέγουσι
2770 1553 2863 1604 καὶ
2892 1555 3002 1613 τοῖς
3029 1551 3284 1605 ἀκούουσι.
3319 1550 3496 1620 φέρει,

1915 1664 1988 1716 Οὑ
2012 1663 2173 1728 λέγω·
2200 1660 2333 1729 Περὶ
2357 1659 2453 1728 τῆς
2485 1661 2716 1729 ἀοράτου
2745 1658 2959 1725 φύσεως
2983 1657 3344 1727 έρμήνευσον·
3379 1654 3498 1719 πῶς

1916 1770 2205 1837 ἐγέννησεν
2231 1769 2258 1820 6
2285 1765 2505 1836 Πατὴρ,
2545 1767 2628 1828 τίς
2657 1768 2684 1818 6
2721 1766 2821 1834 τῆς
2849 1765 3000 1827 θείας
3041 1765 3347 1834 γεννήσεως
3375 1762 3498 1832 τρόο

1917 1888 2016 1934 πος
2036 1889 2050 1904 ·
2078 1869 2139 1924 τὸ
2167 1871 2267 1940 τῆς
2298 1871 2613 1940 οἰκονομίας
2643 1871 2881 1924 ἀπαιτῶ.

1987 2029 2047 2075 ε’.
2082 2021 2239 2082 Εἰπὲ,
2264 2020 2379 2083 πῶς
2410 2019 2589 2088 θυρῶν
2621 2017 3023 2086 κεκλεισμένων
3057 2015 3302 2084 εἰσῆλθεν
3331 2017 3357 2067 6
3387 2014 3499 2065 Σω-

1915 2127 2038 2198 τὴρ,
2071 2128 2184 2191 πῶς
2214 2125 2430 2195 εἰσῆλθε
2460 2125 2520 2177 τὸ
2565 2123 2745 2194 σῶμα.
2797 2124 2860 2175 ’Π
2911 2120 3004 2175 τοῦ
3042 2122 3290 2191 σώματος
3337 2119 3498 2188 φύσις

1917 2235 2162 2304 ἀρνεῖται
2294 2229 2362 2282 τὰ
2396 2229 2719 2297 Εὐαγγέλια.
2778 2227 2901 2280 Ἐὰν
2939 2231 3006 2296 τῇ
3047 2227 3225 2279 πίστει
3275 2225 3499 2278 ἀκολου-

1920 2340 2089 2410 θήσω,
2121 2341 2357 2413 ἀψευδὴς
2403 2338 2434 2406 ἡ
2477 2337 2725 2405 ἀλήθεια.
2760 2338 2882 2399 Πῶς
2926 2335 3140 2405 εἰσῆλοε
3181 2331 3501 2402 κεκλεισμέ-

1918 2459 2024 2494 νων
2057 2443 2163 2495 τῶν
2202 2443 2416 2514 θυρῶνς
2464 2445 2536 2495 Οὐ
2577 2444 2685 2511 γὰρ
2722 2437 2789 2508 ἦν
2838 2441 2871 2508 ἡ
2912 2437 3201 2506 ἀσώματος
3243 2435 3423 2505 φύσις,
3464 2434 3500 2503 ἡ

1920 2550 2136 2602 πάντων
2183 2549 2252 2601 τά
2298 2547 2526 2619 σώματα
2583 2546 2887 2616 τέμνουσα·
2941 2543 3054 2597 ἀλλ’
3092 2537 3159 2611 ἦν
3221 2541 3356 2611 μετά
3404 2540 3502 2611 τῆς

1919 2655 2210 2721 ἀσωμάτου
2261 2653 2322 2705 τὸ
2371 2653 2567 2722 σῶμα·
2605 2652 2696 2704 καὶ
2743 2649 2901 2702 τοῦτο
2952 2644 3018 2718 ἦν
3056 2648 3155 2716 τῆς
3209 2645 3502 2714 ἀσωμάτου

1921 2757 2134 2825 φύσεως
2165 2759 2414 2829 ὄργανον.
2443 2757 2612 2810 Τοῦτο
2638 2757 2746 2825 γάρ
2771 2753 2885 2825 εἶχε
2917 2754 2978 2806 τὸ
3005 2755 3163 2823 σῶμα
3201 2752 3258 2806 τὸ
3295 2750 3504 2821 ἀνθρὼ-

1922 2884 2072 2919 πινον
2103 2869 2129 2920 ὀ
2160 2867 2368 2937 Σωτήρ.
2404 2865 2619 2935 ’Δμέλει
2649 2863 2780 2932 γοῦν
2807 2863 2856 2914 οἱ
2888 2863 2984 2930 μὲν
3017 2860 3254 2930 μαθηταὶ
3288 2857 3421 2928 πρὸς
3444 2857 3507 2909 τὸ

1924 2970 2073 3033 ξένον
2123 2970 2216 3023 τοῦ
2263 2969 2541 3037 θαύματος
2595 2967 3028 3028 ἀποϐλέποντες,
3076 2964 3329 3033 ἐνόμισαν
3377 2959 3504 3032 [ὅτι]

1923 3074 2140 3143 πνεῦμά
2173 3076 2319 3126 ἐστιν
2339 3090 2350 3102 ·
2379 3073 2566 3141 ἐπειδὴ
2596 3073 2691 3141 τὴν
2713 3071 2806 3124 τοῦ
2830 3068 3077 3139 σώματος
3091 3069 3251 3135 φύσιν
3277 3067 3425 3120 ἐνίκα
3443 3067 3508 3119 τὸ

1923 3179 2301 3248 προκείμενον.
2343 3178 2400 3230 Ὀ
2426 3178 2483 3199 ⁶¹⁹
2522 3193 2630 3246 μει,
2669 3174 2815 3242 λέγει
2847 3173 2984 3242 πρὸς
3023 3172 3504 3243 ἀμφιϐάλλοντας·

1930 3281 2335 3348 ¹1’“ηλιιςοήσατέ
2363 3298 2458 3348 με,
2491 3281 2589 3333 καὶ
2607 3279 2892 3344 βλέπετε,
2928 3278 3018 3331 ὅτι
3045 3276 3280 3345 πνεῦμα
3311 3276 3508 3344 σάρκα

1923 3387 2020 3439 καὶ
2048 3387 2230 3439 ἐστέα
2270 3389 2381 3440 οὐκ
2413 3388 2556 3456 ἔχει,
2599 3385 2792 3450 καθὼς
2826 3383 2930 3452 ἐμὲ
2977 3381 3240 3450 θεωρεῖτε
3266 3381 3504 3449 ἔχοντα.

1926 3487 2051 3550 Πῶς
2080 3490 2358 3560 εἰσῆλθεν;
2403 3485 2511 3561 ἆρα
2539 3490 2595 3542 αἱ
2642 3487 2850 3550 σανίδες
2879 3487 3040 3557 δίκην
3071 3486 3230 3556 ἀέρος
3258 3483 3505 3548 διελύθη-

1927 3612 2060 3654 σαν;
2092 3594 2206 3646 ἀλλ’
2238 3589 2347 3664 ἆρα
2371 3593 2432 3645 τὸ
2459 3592 2615 3661 σῶμα
2649 3590 2969 3660 ἐλεπτύνθη,
3001 3590 3095 3643 καὶ
3128 3590 3298 3650 οῦτως
3323 3589 3505 3659 διῆλθε

1923 3703 2023 3773 τὴν
2054 3701 2145 3754 τοῦ
2177 3701 2333 3767 ξύλου
2377 3702 2694 3771 παχύτητας
2732 3699 2870 3750 Ἀλλ’
2893 3699 3015 3750 οὔτε
3055 3700 3118 3751 σύ
3150 3698 3282 3768 δύνῃ
3309 3699 3503 3758 εἰπεῖν,

1923 3807 2046 3860 οὐτε
2080 3807 2189 3872 ἐγὼ
2219 3806 2553 3877 ἑρμηνεῦσαι
2579 3805 2776 3875 ἰσχύω·
2813 3805 2967 3858 οὐδέν
3005 3822 3095 3874 μοι
3130 3806 3336 3857 τούτοιν
3367 3822 3506 3874 παρ-

1924 3918 2123 3971 έδωκεν
2163 3919 2195 3987 ἢ
2238 3918 2465 3988 Γραφή·
2508 3918 2570 3969 οὺ
2610 3915 3083 3986 πολυπραγμονῶο
3124 3910 3206 3978 οἷς
3239 3914 3507 3984 ἐκήρυξεν

1923 4024 2221 4085 ἀκολουθῶ,
2259 4024 2363 4077 κᾶν
2406 4024 2479 4094 μὴ
2501 4023 2659 4076 θέλω.
2687 4024 2809 4074 ’Ὁτι
2838 4021 3052 4089 εἰσῆλθε
3081 4021 3340 4083 πιστεύω,
3365 4020 3425 4071 τὸ
3447 4021 3506 4072 δὲ

1925 4128 2041 4191 πῶς
2089 4129 2150 4180 οὐ
2202 4127 2665 4199 πολυπραγμονῶ.
2701 4128 2794 4200 Μὴ
2829 4127 3058 4197 νομίσῃς
3180 4125 3287 4178 τῶν
3325 4125 3505 4196 θυρῶν

1925 4231 2192 4302 είσῆλθεν.
2218 4233 2331 4285 Οὐκ
2365 4229 2538 4297 εἶπεν,
2566 4231 2956 4303 Ἀραιωθείσης
2979 4229 3011 4286 ἦ
3035 4229 3379 4300 διαλυθείσης
3406 4229 3506 4300 τῆς

1925 4338 2094 4409 θύρας
2135 4339 2411 4409 εἰσῆλθεν,
2451 4338 2622 4403 ἀλλά,
2669 4340 3138 4406 Κεκλεισμένων.
3177 4337 3250 4390 Τὸ
3283 4339 3506 4405 γεγονὸς

1923 4441 2187 4513 ἐκήρυξε.
2229 4443 2310 4506 τίς
2363 4445 2391 4495 ὁ
2438 4445 2635 4513 τρόπος
2672 4442 2766 4494 τοῦ
2813 4441 3091 4509 γεγονότος
3144 4441 3244 4492 οὐκ
3284 4441 3500 4506 ἔδειξεν.

1936 4547 2157 4615 Ἐξῆλθε
2187 4548 2388 4616 Πέτρος
2417 4547 2526 4598 ἀπὸ
2553 4545 2798 4614 φυλακῆς
2819 4560 2832 4574 ·
2857 4544 2969 4597 ἀλλ’
2997 4544 3324 4614 ἠνοίχθησαν
3355 4546 3503 4612 αὐτῷ

1922 4652 1978 4702 αἱ
2002 4651 2186 4712 πύλαι·
2221 4652 2314 4703 καὶ
2344 4652 2377 4720 ἡ
2403 4650 2594 4720 Γραφὴ
2637 4650 3022 4717 ἐπεσημήνατο
3053 4648 3308 4716 λέγουσα,
3329 4648 3413 4699 ὅτι
3443 4649 3505 4703 Ἠ

1922 4752 2140 4821 σιδηρᾶ
2170 4753 2333 4820 πύλη
2362 4752 2662 4822 αὐτομάτη
2687 4754 2899 4820 ἠνοίγη
2937 4753 3139 4817 αὐτοῖς
3157 4769 3169 4781 ·
3197 4753 3296 4805 οὐκ
3327 4749 3499 4816 εἶπεν,

1921 4859 2212 4930 Αὐτομάτη
2247 4859 2462 4923 ἐδέξατο
2500 4859 2704 4929 Πέτρον
2747 4858 3125 4929 διερχόμενον·
3165 4859 3502 4930 ἀνθρώπινον

1920 4962 2027 5030 γὰρ
2059 4958 2125 5033 ἦν
2151 4963 2210 5014 τὸ
2241 4963 2420 5031 σῶμα,
2459 4964 2552 5015 καὶ
2581 4963 2640 5028 ἐξ
2679 4962 3017 5034 ἀνθρωπίνου
3053 4963 3391 5033 φυράματος.
3428 4962 3502 5016 Τὸ

1917 5066 1975 5119 δὲ
2011 5065 2103 5118 τοῦ
2134 5066 2370 5135 Χριστοῦ
2395 5065 2735 5134 ἀνθρώπινον
2777 5065 2895 5134 μὲν,
2926 5065 3014 5118 διὰ
3052 5066 3150 5130 τὴν
3184 5066 3316 5136 πρὸς
3352 5067 3500 5136 ἡμᾶς

1921 5171 2239 5238 συγγένειαν
2260 5187 2274 5200 ·
2308 5170 2450 5222 θεῖον
2475 5171 2531 5222 δὲ
2554 5170 2642 5222 διά
2671 5187 2728 5221 τε
2764 5169 2862 5240 τὴν
2888 5169 3024 5240 πρὸς
3054 5172 3146 5227 τὸν
3172 5171 3303 5224 Θεὸν
3326 5173 3497 5240 Λόγον

1918 5275 2129 5337 ἕνωσιν,
2167 5277 2259 5328 καὶ
2286 5276 2374 5328 διὰ
2402 5276 2499 5345 τὴν
2536 5275 2693 5345 ξένην
2728 5275 2893 5328 ὠδῖνα
2916 5276 3015 5345 τῆς
3053 5277 3343 5348 παρθένου.
3372 5276 3492 5339 Πῶς

1916 5381 2131 5450 εἰσῆλθε
2178 5381 2579 5451 κεκλεισμένων
2608 5381 2717 5433 τῶν
2760 5381 2976 5449 θυρῶν;
3017 5382 3134 5444 πῶς
3165 5380 3357 5450 ἀνῆλθε
3395 5398 3493 5434 κε-

1917 5486 2247 5556 κλεισμένων
2278 5487 2384 5540 τῶν
2415 5486 2691 5556 οὐρανῶν;
2719 5487 2782 5538 Ὢ
2810 5486 2908 5556 τῆς
2938 5484 3169 5547 ἀτοπίας
3186 5484 3290 5537 τῶν
3315 5485 3488 5538 ταῦτα

1978 5713 2001 5740 ⁸
2048 5710 2129 5757 Sic
2160 5710 2245 5758 Ms.
2283 5723 2560 5772 perperam.
2596 5710 2883 5771 Legendum
2927 5710 3069 5768 forte,
3095 5709 3177 5763 τὰς
3207 5709 3492 5772 πολυμανεῖς

1913 5775 1991 5824 καὶ
2014 5773 2424 5835 πολυταντάστους
2448 5774 2735 5827 διαλέκτους.
2761 5772 2994 5821 Comum.

3072 5858 3151 5916 26
