4158 6320
705 393 810 446 421

704 491 1046 561 τολμούντων
1068 504 1090 538 ο
1112 495 1123 547 ί
1156 493 1200 546 ὦ
1227 498 1324 566 τῆς
1351 497 1628 564 εύσεϐείας
1653 501 1761 554 τῶν
1793 501 1967 553 πάντα
1998 495 2278 550 πιστευόν·

705 592 848 645 τωνί
904 590 1064 643 Ἀλλά
1100 592 1152 643 τί
1191 611 1353 662 φησιν
1381 599 1409 650 6
1446 599 1769 668 ἀντιλέγων;
1814 600 1926 668 Οὐχ
1956 597 2280 666 εὑρίσκομεν

703 687 802 758 τὴν
829 688 1007 741 πίστιν
1037 691 1253 761 ἀσφαλῆ
1278 697 1551 767 πανταχοῦ
1573 717 1584 728 ·
1611 698 1847 770 εὕραμεν
1877 697 1970 751 καὶ
1991 693 2279 748 διολισθαί-

705 803 900 840 νουσαν
923 803 935 816 ·
985 789 1043 839 ού
1079 791 1160 841 δεῖ
1205 793 1480 846 πιστεύειν
1520 796 1926 862 ἀνεξετάστως,
1974 794 2107 847 ἀλλά
2143 790 2279 861 μετὰ

705 885 967 956 ἀκριϐοῦς
1011 888 1326 951 ἐξετάσεως.
1373 892 1547 946 Πολλὰ
1583 895 1638 946 δὲ
1674 895 2050 964 συντρέχουσιν
2098 891 2279 952 αὐτοῖς

704 987 812 1039 τῶν
831 986 955 1051 ἕξω.
991 988 1214 1056 ’Δδελφά
1247 991 1350 1061 γὰρ
1375 993 1442 1045 1'1
1478 995 1797 1064 φρονήματα
1819 995 1911 1046 καὶ
1939 992 2048 1044 τῶν
2072 993 2277 1061 αἱρετι-

706 1084 819 1138 κῶν
852 1087 946 1138 καὶ
975 1087 1080 1139 τῶν
1115 1089 1380 1160 Ἑλλήνων
1401 1108 1414 1121 ·
1441 1094 1665 1146 κάκεῖνα
1692 1093 1798 1145 τῶν
1823 1093 2090 1162 δαιμόνων
2120 1088 2276 1158 εὑρέ-

708 1204 841 1249 σεις,
871 1189 1152 1243 καὶταῦτα
1179 1193 1285 1244 τῶν
1310 1193 1576 1263 δαιμόνων
1608 1195 1961 1248 διδασκαλίαι.
2002 1190 2150 1263 [4‘27]
2176 1190 2278 1242 Λέ-

706 1291 898 1343 γουσιν
928 1274 1020 1329 οὖν
1057 1295 1199 1342 τινες
1245 1281 1350 1333 τῶν
1394 1283 1818 1336 ἀντιπιπτόντων
1848 1284 1913 1351 τῇ
1950 1281 2151 1343 πίστει,
2194 1279 2276 1330 ὅτι

704 1375 764 1426 16
792 1374 1074 1442 ἀλόγιστον
1113 1378 1283 1443 αὐτῆς
1325 1379 1583 1450 βλαϐερόν
1606 1398 1618 1409 ·
1652 1384 1754 1433 κάν
1797 1379 1870 1450 μὴ
1909 1377 2278 1447 ἐξητασμένος

705 1471 965 1543 λογισμὸς
1009 1478 1351 1547 συνημμένος
1471 1482 1534 1549 τῇ
1571 1479 1767 1541 πίστει,
1814 1477 2047 1548 οὐδαμοῦ
2090 1476 2279 1546 κέρδος

707 1573 863 1644 φέρει
887 1573 964 1644 τῷ
988 1576 1315 1629 πιστεύοντι.
1337 1576 1505 1630 Πόθεν
1527 1577 1656 1650 γὰρ,
1683 1578 1865 1648 φησὶν,
1885 1577 2129 1642 ἐξετάσαι
2158 1575 2280 1644 βού-

707 1672 773 1743 λῃ
805 1673 903 1742 τῆς
933 1674 1166 1738 πίστεως
1199 1677 1298 1747 τὴν
1333 1676 1530 1745 φύσινς
1564 1676 1734 1739 θέλεις
1764 1678 1964 1730 ἀνωθεν
2000 1676 2058 1739 ἐξ
2088 1676 2275 1745 αὐτῆς,

707 1775 991 1842 φησὶ,-τῆς
1026 1775 1417 1846 δημιουργίας;
1456 1778 1698 1848 Ζήτησον
1739 1777 1796 1830 δν
1847 1778 2032 1845 λέγετε
2071 1775 2280 1845 πρωτό-

709 1870 962 1924 πλαστον.
1001 1871 1248 1942 Εὑρίσκω
1277 1875 1381 1926 ἀπὸ
1420 1875 1651 1937 πίστεως
1688 1875 1942 1927 πεσόντα.
1985 1874 2156 1926 Βλέπε
2184 1873 2275 1925 τοῦ

710 1970 943 2041 πονηροῦ
973 1971 1222 2041 δαίμονος
1252 1973 1318 2026 τά
1359 1977 1599 2044 ῥήματα,
1634 1973 1728 2025 τοῦ
1767 1974 1941 2026 πάντα
1975 1973 2280 2042 τολμῶντος

711 2072 910 2140 ῥᾳδίως
951 2075 1278 2143 ἐπιχειρεῖν,
1323 2069 1408 2126 οἶα
1454 2075 1655 2145 τολμᾷ,
1698 2069 1786 2127 οἶα
1829 2074 2150 2142 φθέγγεται,
2194 2067 2279 2124 οἷα

710 2173 999 2240 προτείνει.
1028 2175 1215 2242 Ὑμεῖς
1246 2174 1448 2242 λέγετε,
1476 2176 1658 2244 φησιν,
1688 2175 1768 2226 ὅτι
1800 2175 1827 2227 6
1857 2174 1978 2241 ὄφις
2010 2167 2158 2224 εἶπεν
2183 2173 2279 2224 αύ-

708 2270 787 2338 τῷ
811 2287 822 2300 ·
849 2266 918 2342 ᾟ
949 2272 1023 2324 ἂν
1051 2272 1236 2341 ἡμέρᾳ
1268 2274 1558 2342 φάγησθε,
1600 2273 1816 2326 ἔσεσθε
1847 2273 1926 2336 ὡς
1959 2273 2077 2326 θεοί
2108 2271 2276 2341 γινώ-

709 2383 963 2434 σκοντες
995 2372 1187 2424 καλὸν
1220 2373 1315 2425 καὶ
1355 2375 1638 2439 πονηρόν.
1680 2374 1992 2425 Ἐπίστευσε
2033 2373 2108 2441 τῷ
2137 2373 2278 2441 δφει,

711 2473 1002 2536 πιστεύσας
1060 2473 1324 2529 ἀπώλετο.
1365 2473 1530 2543 Ἀρχὴ
1564 2470 1655 2526 οὖν
1695 2475 1802 2525 τῶν
1851 2473 2038 2525 κακῶν
2077 2473 2278 2535 πίστις.

707 2571 895 2624 Ταῦτα
927 2572 1060 2642 πρδς
1091 2575 1238 2642 ἡμᾶς
1284 2576 1477 2626 ἐκεῖνοι
1502 2575 1551 2624 οἱ
1583 2574 1680 2643 τῆς
1715 2573 1970 2643 ἀληθείας
2006 2573 2207 2642 ἐχθροὶ,
2233 2573 2283 2624 οἱ

709 2672 810 2741 τῆς
848 2673 1122 2735 εὐσεϐείας
1169 2674 1435 2745 πολέμιοι.
1492 2673 1629 2726 Ἀλλ’
1661 2675 1932 2743 ἠγνόησαν
1972 2676 2018 2726 οῖ
2071 2673 2284 2734 ἀσεϐεῖς

710 2772 801 2824 τὸν
833 2772 1008 2841 ἀληθῆ
1055 2773 1152 2840 τῆς
1193 2774 1426 2835 πίστεως
1457 2775 1600 2841 ὅρον,
1635 2773 1733 2824 οὐκ
1776 2773 1979 2826 οἴδασιν
2007 2774 2034 2824 6
2069 2775 2286 2841 προτεί·

712 2894 882 2930 νουσι.
925 2879 1015 2947 Μὴ
1045 2877 1150 2948 γὰρ
1185 2880 1343 2947 ἡμεῖς
1377 2877 1629 2948 λέγομεν,
1682 2879 1762 2931 ὅτι
1795 2881 1903 2939 πᾶς
1935 2880 1964 2929 6
2006 2880 2166 2928 παντὶ
2194 2892 2285 2926 πι-

715 2977 939 3039 στεύων,
955 2979 1156 3040 ἐκεῖνος
1178 2978 1358 3029 πίστιν
1388 2977 1522 3046 ἔχει,
1539 2979 1630 3030 καὶ
1653 2978 1838 3039 πιστὸς
1861 2975 2249 3044 ἀναγορεύεται
2271 2991 2285 3038 ;

713 3077 811 3146 οὐχ
844 3077 925 3129 ὅτι
970 3078 996 3128 6
1029 3078 1300 3129 πιστεύων
1341 3077 1418 3146 τῷ
1454 3079 1686 3147 τυχόντι,
1720 3077 1928 3138 πιστὸς,
1961 3074 2075 3127 ἁλλ’
2112 3075 2140 3125 6
2171 3071 2289 3142 Θεῷ

715 3177 987 3230 πιστεύων
1022 3177 1309 3247 ἀληθινῶς.
1339 3179 1427 3246 Μὴ
1448 3178 1553 3248 γὰρ
1578 3177 1803 3242 ἔδειξας,
1825 3178 1907 3229 δτι
1928 3176 2046 3245 Θεῷ
2076 3175 2289 3226 πιστεύ-

718 3294 816 3340 σας
869 3277 1148 3338 ἀπώλετο;
1185 3278 1424 3348 Διαϐόλῳ
1464 3277 1756 3338 πιστεύσας
1796 3275 1977 3338 ἔπεσε,
2008 3274 2126 3343 Θεῷ
2161 3275 2289 3326 ἀπι-

720 3379 921 3446 στήσας
947 3377 1235 3447 ὼλίσθησε.
1254 3378 1317 3429 Τί
1347 3377 1686 3447 διαστρέφεις
1714 3375 1781 3428 τὰ
1811 3377 2028 3445 ῥήματα
2052 3391 2064 3438 ;
2093 3376 2290 3424 ’Ἄκουε

732 3476 996 3546 Ἱερεμίου
1031 3478 1308 3544 λέγοντος·
1341 3476 1654 3530 Ἀκούσατέ
1694 3493 1834 3544 μου.
1879 3478 1932 3528 οὶ
1969 3474 2292 3542 μισοῦντες

724 3577 943 3642 κρίσιν,
973 3581 1028 3630 οί
1054 3578 1256 3630 πάντα
1286 3578 1358 3630 τὰ
1381 3576 1521 3644 ὀρθὰ
1547 3575 2021 3643 διαστρέφοντες.
2057 3574 2164 3624 Καὶ
2189 3572 2294 3641 μὴν

725 3681 890 3752 ἐχρῆν
938 3679 1127 3730 εἰπεῖν·
1157 3675 1326 3746 Ἀρχὴ
1348 3674 1454 3727 τῶν
1479 3673 1662 3726 κακῶν
1688 3671 1934 3726 ἀπιστία.
1961 3673 2022 3724 Εἰ
2046 3672 2152 3740 γὰρ
2179 3672 2296 3724 ἐπί-

729 3797 919 3836 στευσε
946 3779 1062 3848 Θεῷ
1084 3779 1312 3844 λέγοντι,
1330 3771 1402 3846 ᾟ
1422 3774 1500 3827 ἂν
1532 3774 1720 3842 ἡμέρα
1747 3775 2039 3840 φάγησθε,
2069 3771 2296 3833 θανάτῳ

729 3881 1144 3943 ἀποθανεῖσθε,
1184 3879 1285 3930 οὑκ
1323 3878 1388 3930 ἂν
1425 3875 1747 3944 ὠλίσθησεν,
1789 3873 1902 3926 ἀλλ’
1932 3870 2073 3942 εἶχεν
2108 3872 2172 3924 ἂν
2201 3871 2298 3941 τὴν

732 3987 932 4044 πίστιν,
960 3982 1139 4034 πίστιν
1175 3977 1389 4046 ἀσφαλῆ
1416 3975 1548 4046 πρὸς
1585 3973 1875 4043 σωτηρίαν.
1908 3974 2041 4024 Ποτὲ
2075 3972 2147 4042 μὴ
2185 3972 2299 4024 διὰ-

732 4085 861 4138 6αλε
903 4083 961 4134 16
1011 4080 1180 4149 ὄνομα
1232 4077 1329 4146 τῆς
1379 4074 1631 4136 πίστεως.
1675 4074 1748 4125 Οὺ
1787 4072 1894 4141 γὰρ
1925 4075 1952 4124 ὁ
2005 4072 2165 4123 παντὶ
2212 4089 2300 4122 πι-

734 4183 937 4236 στεύων
960 4179 1167 4241 πιστδς,
1186 4177 1298 4228 ἀλλ’
1318 4178 1345 4228 6
1365 4175 1480 4243 Θεῷ
1513 4172 1801 4234 πιστεύων,
1835 4169 1986 4233 οὗτος
2027 4171 2181 4240 μόνος
2209 4169 2300 4222 καὶ

735 4285 846 4338 ἔστι
887 4283 980 4337 καὶ
1006 4280 1240 4347 λέγεται.
1283 4275 1592 4328 Κατάλειπε
1628 4274 1902 4342 ζητήσεις,
1934 4274 2026 4324 καὶ
2061 4272 2300 4324 ἀσπασαι

736 4383 934 4435 πίστιν.
968 4381 1154 4441 Πίστις
1190 4377 1368 4429 πάντα
1389 4373 1630 4443 φωτίζει,
1655 4370 1833 4433 πίστις
1865 4371 2035 4423 πάντα
2067 4369 2299 4437 ἀγιάζει,

738 4485 920 4543 πίστις
970 4479 1278 4549 Πνεύματος
1334 4475 1486 4542 ἁγίου
1542 4472 1802 4536 καταξιοῖ.
1845 4469 2147 4538 Στέφανος
2199 4470 2304 4536 γάρ

738 4584 975 4650 πλήρης
1003 4580 1257 4642 πίστεως
1292 4576 1387 4628 καί
1417 4573 1738 4641 δυνάμεως.
1772 4571 1832 4622 El
1857 4571 1929 4639 μὴ
1960 4570 2305 4639 προέλαμπεν

740 4685 774 4751 ἠ
799 4683 996 4741 πίστις,
1023 4677 1246 4744 δύναμις
1285 4675 1383 4725 οὐκ
1416 4670 1695 4740 ἠκολούθει
1731 4670 1806 4739 τῷ
1836 4669 1988 4738 ἀγίῳ.
2014 4670 2182 4720 Ὅπου
2220 4667 2306 4718 πί-

744 4800 878 4846 στις,
910 4782 1024 4832 ἐκεῖ
1061 4778 1149 4828 καὶ
1179 4775 1431 4842 δύναμις·
1453 4774 1582 4824 ὅπου
1610 4771 1852 4830 ἀπιστία,
1886 4772 2000 4821 ἐκεῖ
2025 4769 2116 4820 καὶ
2149 4768 2307 4820 ἀσθέ-

741 4900 879 4936 νεια.
920 4879 1086 4950 Ἀρχὴ
1123 4877 1230 4928 τῶν
1265 4873 1482 4943 ἀγαθῶν
1511 4873 1723 4934 πίστις’
1755 4870 1901 4940 πηγὴ
1945 4870 2051 4920 τῶν
2091 4867 2307 4934 ἀγαθῶν

745 4984 943 5044 πίστις.
976 4977 1239 5046 Λάϐωμεν
1280 4975 1340 5028 16
1383 4974 1540 5026 ὅπλον
1581 4972 1678 5040 τῆς
1714 4971 2000 5039 σωτηρίας.
2042 4969 2106 5020 Τί
2134 4967 2308 5029 λέξεσι

744 5077 1035 5137 δουλεύεις,
1070 5075 1164 5126 καὶ
1193 5072 1288 5142 τὴν
1327 5070 1582 5140 ἀλήθειαν
1614 5067 1864 5136 φεύγεις;
1901 5065 2041 5116 διατί
2076 5061 2312 5133 προσφέ-

751 5197 862 5249 ρεις
888 5177 922 5230 ἀ
950 5175 1024 5245 μὴ
1050 5173 1220 5241 τολμᾷ
1251 5173 1386 5240 μήτε
1405 5169 1511 5222 τῶν
1533 5167 1777 5236 ἀγγέλων
1804 5167 1962 5233 φύσις
1993 5163 2310 5233 ἐρευνῆσαι;

747 5278 812 5331 Τί
869 5277 1076 5344 λέγωή
1133 5274 1237 5325 τῶν
1277 5271 1520 5340 ἀγγέλων
1566 5268 1753 5337 φύσις;
1803 5267 1837 5318 ἃ
1890 5267 2022 5334 μήτε
2066 5263 2314 5331 δαίμονες

747 5377 1038 5447 τολμῶσιν.
1076 5375 1150 5427 Ού
1186 5373 1355 5433 θέλε-ις
1406 5370 1763 5438 ἀκολουθῆσαι
1795 5367 2015 5434 ῐῐέτρῳ;
2047 5365 2104 5415 ού
2144 5362 2313 5423 Θέλεις

751 5476 1106 5544 ἀκολουθῆσαι
1153 5473 1373 5542 Παύλιμ;
1415 5472 1475 5523 ού
1515 5473 1626 5532 τοῖς
1665 5469 1944 5537 ἀγγέλοις,
1981 5465 2039 5517 ού
2071 5466 2179 5526 τοῖς
2209 5463 2313 5514 Χε-

823 5759 846 5787 ο
875 5758 955 5805 Sic
981 5756 1080 5802 fPre
1113 5754 1291 5814 ubique
1329 5767 1413 5814 pro
1438 5751 1736 5811 τολμώντων.

2209 379 2484 436 INCERTI

3851 393 3970 444 422

2386 496 2612 567 ρουϐίμ;
2654 498 2712 550 οὗ
2752 499 2861 561 τοῖς
2897 497 3171 569 Σεραφίμ;
3214 496 3373 549 ravo-3
3405 495 3507 551 κάν
3557 497 3804 568 μαθητὴς
3845 499 3962 552 τῶν

2379 596 2668 666 δαιμόνων.
2695 593 2847 650 Εἶδον
2881 599 2929 648 οί
2965 597 3213 666 δαίμονες
3237 597 3326 648 16v
3361 597 3609 666 Σωτῆρα,
3645 598 3741 648 καὶ
3766 597 3960 665 λέγου-

2381 712 2466 747 σιν
2497 695 2674 766 αὐτῷ’
2707 698 2837 760 Ἔα,
2863 697 2920 748 τί
2952 696 3095 764 ἡμῖν
3126 696 3221 748 καί
3254 696 3373 760 σοὶ,
3412 695 3504 747 Υἱὲ
3542 696 3646 748 τοῦ
3681 695 3865 756 Θεοῦ;
3891 697 3957 748 οι

2377 792 2627 863 δαίμονες
2659 795 2784 846 Υίὸν
2807 793 3146 863 ὁμολογοῦσι,
3175 796 3268 847 καὶ
3294 796 3381 856 σὺ,
3415 795 3680 863 αίρετικέ,
3716 793 3962 864 βλασφη-

2381 895 2530 959 μεῖς;
2579 893 2828 961 δαίμονες
2866 895 2977 945 ἴσον
3016 892 3250 954 ποιοῦσι,
3288 894 3382 945 καὶ
3412 894 3476 945 σὺ
3514 893 3613 962 τὴν
3661 890 3960 961 ἀνισότητα

2378 993 2840 1056 κατασκευάζεις
2866 992 2972 1044 Καὶ
2990 992 3043 1043 τί
3079 994 3306 1061 ποιήσω,
3329 990 3493 1059 φησὶν
3510 991 3538 1041 6
3561 988 3857 1058 αἱρετικδς,
3879 991 3960 1059 τῷ

2378 1095 2566 1162 Κυρίῳ
2619 1093 2858 1159 λέγοντιο
2921 1093 3052 1144 Ἵνα
3095 1091 3430 1158 γινώσκωσι
3481 1103 3554 1142 σε
3605 1091 3711 1141 τὸν
3763 1093 3960 1157 μόνον

2376 1191 2669 1258 ἀληθινὸν
2721 1192 2902 1252 Θεόν;
2947 1191 3122 1244 Μόνον
3164 1186 3319 1252 εἷπε,
3377 1191 3533 1259 μόνον
3578 1190 3812 1260 ἐκήρυξε
3863 1190 3959 1242 16v

2377 1291 2628 1357 ἀληθινὸν
2672 1291 2802 1343 Θεὸν
2841 1291 2932 1342 τὸν
2974 1291 3212 1358 Πατέρα.
3258 1288 3462 1358 Στοιχῶ
3492 1291 3556 1357 τῇ
3601 1287 3852 1358 ἀληθείᾳ,

2378 1393 2527 1461 ποιρά
2547 1391 2679 1442 Θεοῦ
2719 1389 3148 1460 κατηγγελμένῃ.
3184 1390 3260 1458 Τῇ
3300 1392 3450 1459 φωνῇ
3473 1389 3566 1441 τοῦ
3603 1388 3764 1457 μόνου
3798 1385 3954 1457 [-528]

2377 1491 2707 1554 ἀκολουθεῖς,
2748 1491 2842 1543 καὶ
2869 1495 2935 1562 τῇ
2971 1491 3116 1555 λέξει
3150 1489 3450 1554 δουλεύεις;
3492 1491 3661 1561 Τήρει
3703 1506 3792 1558 μοι
3826 1490 3958 1550 τοὺς

2375 1597 2535 1666 ὄρους
2571 1597 2662 1648 ἐπὶ
2695 1595 2804 1648 τῶν
2842 1594 3260 1662 ἐξεταζομένων.
3299 1594 3460 1660 Λέγει
3496 1594 3525 1644 6
3563 1593 3692 1655 Θεὸς
3726 1593 3814 1645 διὰ
3859 1592 3957 1644 τοῦ

2377 1697 2683 1766 προφήτου·
2716 1694 2860 1762 Ἐγώ
2886 1697 3001 1762 εἰμι
3025 1691 3272 1761 πρῶτος,
3300 1693 3398 1745 καὶ
3425 1691 3537 1758 ἐγὼ
3562 1693 3712 1759 μετὰ
3745 1691 3956 1752 ταῦτα,

2376 1795 2476 1847 καὶ
2498 1795 2696 1862 ἕτερος
2719 1794 2883 1860 πλὴν
2904 1793 3046 1861 ἐμοῦ
3070 1794 3178 1845 οὐκ
3204 1791 3352 1843 ἔστι.
3373 1790 3604 1854 Δίκαιος
3629 1789 3723 1841 καί
3752 1788 3960 1856 σωτὴρ

2376 1895 2566 1961 παρὲξ
2595 1895 2740 1964 ἐμοῦ
2768 1896 2878 1947 οὐκ
2915 1895 3064 1947 ἐστι.
3099 1891 3206 1944 Καὶ
3241 1888 3640 1958 ἐπιστράφητε
3673 1889 3824 1955 πρός
3851 1907 3954 1956 με,

2377 1995 2476 2048 καὶ
2507 1995 2857 2060 σωθήσεσθε
2883 1993 3001 2048 ἀπὸ
3033 1991 3307 2059 ἐσχάτων
3338 1988 3446 2058 τῆς
3482 1989 3612 2057 γῆς.
3650 1988 3799 2056 Ἐγώ
3837 1992 3957 2055 ειμι

2377 2098 2410 2148 ό
2436 2097 2597 2160 Θεὸς,
2617 2097 2712 2148 καὶ
2735 2097 2842 2148 οὐκ
2866 2095 3038 2146 ἔστιν
3065 2092 3267 2153 ἄλλος.
3293 2092 3428 2143 Κατ’
3448 2088 3702 2156 ἐμαυτοῦ
3728 2089 3953 2154 ὀμνύω.

2390 2194 2538 2262 Ἐγὼ
2570 2193 2816 2260 πρῶτος,
2849 2191 2948 2244 καὶ
2983 2192 3095 2259 ἐγὼ
3133 2191 3280 2259 μετὰ
3305 2189 3508 2242 ταῦτα.
3543 2188 3652 2239 Καὶ
3679 2187 3954 2254 ἐπήγαγεο

2381 2294 2487 2346 Καὶ
2523 2295 2631 2344 οὐκ
2685 2292 2855 2344 ἐστιν
2891 2291 3091 2358 ἕτερος
3126 2289 3291 2356 πλὴν
3331 2287 3500 2356 ἐμοῦ.
3550 2286 3785 2337 Βλέπετε
3833 2285 3956 2347 πῶς

2378 2397 2608 2449 δεικνύει
2654 2395 3043 2465 μεμονωμένην
3076 2392 3266 2461 φύσιν,
3301 2390 3465 2460 μηδὲν
3510 2389 3737 2458 ἔχουσαν
3773 2388 3953 2439 κοινὸν

2381 2508 2516 2577 πρὸς
2542 2507 2733 2575 ἑτέραν
2757 2502 3245 2572 ἀπεσχοινισμένην
3268 2499 3426 2568 φύσιν
3442 2515 3456 2563 ;
3473 2498 3631 2565 Λέγει
3651 2499 3705 2550 δὲ
3729 2496 3903 2549 ταῦτα
3923 2497 3956 2547 6

2380 2609 2531 2670 Θεός⁶
2559 2606 2704 2676 Ἑγὼ
2719 2609 2852 2674 ειμι,
2869 2604 2964 2657 καὶ
2989 2607 3098 2658 οὐκ
3123 2605 3292 2657 ἐστιν
3308 2601 3493 2665 ἄλλος
3509 2616 3520 2627 °
3544 2603 3571 2653 6
3588 2600 3674 2651 διὰ
3692 2598 3787 2650 τοῦ
3815 2615 3956 2666 προ-

2382 2710 2551 2778 φήτου
2584 2707 2754 2773 λέγων
2773 2723 2786 2735 ·
2821 2704 3109 2766 Ἐεέτεινα
3134 2703 3238 2754 τὸν
3265 2699 3524 2767 οὐρανὸν
3549 2699 3753 2766 μόνος.
3773 2697 3956 2764 Πρόσ-

2383 2827 2470 2876 εχε
2505 2811 2567 2860 σὺ
2603 2808 2680 2867 είς
2712 2805 2792 2860 16.
2828 2803 3044 2865 Μόνος,
3089 2799 3272 2867 ἐπειδὴ
3302 2799 3596 2867 προφέρεις
3629 2797 3735 2848 Τὸν
3763 2796 3959 2863 μόνον

2384 2900 2670 2966 ἀληθινὸν
2700 2898 2864 2950 Θεόν.
2892 2896 3180 2956 Ὲξέτεινα
3207 2893 3311 2944 τὸν
3333 2891 3590 2959 οὐρανὸν
3610 2890 3797 2957 μόνος
3817 2904 3831 2917 ·
3862 2888 3957 2940 καὶ⁵

2387 2998 2620 3052 ἐνταῦθα
2668 2996 2865 3064 ὁμοίως
2912 2993 2998 3056 16,
3074 2991 3220 3060 Ἐγώ
3267 2993 3420 3058 ειμι,
3471 2989 3568 3041 καί
3621 2991 3730 3041 οὐκ
3784 2986 3960 3039 ἐστιν

2385 3101 2609 3162 ἄλλος’
2645 3098 2768 3148 κατ’
2793 3093 3051 3162 ἐμαυτοῦ
3084 3093 3300 3160 ὀμνύω.
3344 3091 3582 3161 Πρόσεχε
3620 3091 3709 3141 καὶ
3753 3091 3818 3158 τῇ
3860 3087 3960 3140 αύ-

2387 3199 2589 3267 θεντίᾳ,
2620 3195 2714 3248 καὶ
2734 3197 2797 3264 τῇ
2831 3194 3053 3260 δυνάμει
3073 3191 3166 3243 τοῦ
3205 3191 3482 3255 λέγοντος·
3516 3190 3596 3242 ὅτι
3632 3185 3805 3250 εἶπεν,
3835 3189 3962 3239 Οὐκ

2387 3305 2556 3356 ἐστιν
2588 3299 2773 3360 ἄλλος
2797 3313 2808 3324 ·
2842 3297 2934 3346 καὶ
2961 3295 3043 3354 16,
3077 3294 3271 3356 Μόνος
3306 3293 3443 3358 εἰμὶ,
3477 3292 3570 3342 καὶ
3606 3289 3784 3353 τοῦτο,
3816 3289 3962 3341 Καθ’

2389 3400 2605 3454 ἑαυτοῦ
2654 3397 2886 3465 ὢμοσαο
2913 3394 3004 3445 καὶ
3053 3392 3242 3460 μηνύει
3283 3391 3356 3460 μὴ
3397 3385 3530 3443 εἶναί
3573 3407 3694 3440 τινα
3739 3387 3962 3458 μείζονα

2392 3498 2552 3552 αὑτοῦ
2583 3493 3056 3555 λαλοῦντος.⁹Ὠστε
3080 3492 3174 3542 καὶ
3196 3493 3222 3542 6
3259 3489 3570 3549 Ἀπόστολὸς
3589 3503 3768 3556 φησιν’
3799 3486 3965 3539 Ἐπεὶ

2394 3602 2517 3655 κατ’
2564 3597 2810 3662 οὐδενὸς
2852 3591 2976 3660 εἶχε
3011 3591 3279 3661 μείζονος
3307 3592 3538 3657 ὀμόσαι,
3575 3589 3701 3640 καθ’
3743 3586 3968 3638 ἑαυτοῦ

2396 3703 2647 3769 ὤμοσεν.
2675 3699 2787 3748 Οὐκ
2823 3695 2934 3763 ἔχει
2962 3689 3052 3745 οὖν
3089 3690 3308 3761 μείζονα
3335 3692 3362 3741 6
3394 3689 3593 3754 λέγων·
3618 3688 3752 3739 Κατ’
3779 3686 3966 3753 ἐμαυ-

2397 3801 2500 3852 τοῦ
2525 3799 2741 3865 όμνὺω,
2777 3797 2828 3846 εὶ
2865 3792 2991 3860 μὴν
3016 3791 3393 3853 ἐξελεύσεται
3429 3789 3493 3839 ἐκ
3526 3785 3631 3838 τοῦ
3665 3783 3970 3851 στόματός

2393 3917 2511 3970 μου
2536 3896 2908 3958 δικαιοσύνη,
2929 3895 2981 3944 οἱ
3008 3893 3173 3958 λόγιοι
3192 3906 3307 3957 μου
3330 3890 3439 3941 οὐκ
3461 3884 3971 3952 ἁποστραςρήσον-

2401 4013 2511 4048 ται.
2543 3994 2651 4044 Καὶ
2680 3991 2731 4042 τί
2761 3987 3007 4057 ὀμνύεις;
3033 3985 3161 4036 Ὅτι
3189 3981 3316 4049 ἐμοὶ
3343 3981 3562 4049 κάμψει
3599 3979 3719 4030 πᾶν
3743 3979 3888 4044 γόνυ
3912 3977 3966 4040 δ,

2401 4097 2495 4151 καὶ
2522 4093 2687 4147 πᾶσα
2720 4087 2968 4158 γλῶσσα
3009 4082 3510 4152 ἐξομολογήσεται
3540 4078 3643 4128 τὸν
3683 4079 3829 4128 ϐεεν
3862 4075 3972 4127 τὸν

2400 4193 2709 4260 ἀληθινόν.
2736 4189 2830 4249 Τίς
2867 4190 2894 4239 6
2926 4184 3096 4238 ταῦτα
3126 4181 3320 4246 λέγων,
3354 4175 3624 4245 αἱρετικέ;
3665 4176 3690 4224 6
3716 4172 3903 4241 Πατὴρ
3933 4172 3968 4240 ἢ

2400 4299 2428 4348 6
2449 4294 2608 4354 Υίός;
2637 4289 2771 4357 Παρ’
2803 4285 2924 4355 ἐμοὶ
2951 4282 3029 4351 τῷ
3063 4278 3256 4347 πιστῷ,
3287 4276 3376 4328 καὶ
3411 4275 3574 4325 παντὶ
3612 4272 3843 4332 εὐσεϐεῖ,
3875 4273 3970 4324 τοῦ

2405 4396 2615 4465 Πατρὸς
2639 4395 2670 4461 ἡ
2701 4391 2846 4453 ἀξία,
2879 4388 2972 4440 καὶ
2996 4383 3126 4437 Υίοῦ
3151 4385 3184 4450 ἡ
3213 4379 3484 4434 αὑθεντία.
3515 4378 3718 4428 Ἐκεῖνο
3749 4377 3857 4444 γὰρ
3880 4377 3973 4443 ἔχε

2405 4489 2954 4565 παρατετηρημένον,
3003 4487 3085 4536 ὃτι
3135 4479 3302 4534 πολλά
3344 4478 3448 4529 τῶν
3490 4476 3796 4545 λεγομένων
3842 4473 3973 4543 παρ’

2404 4596 2534 4664 ἡμῖν
2566 4585 2936 4656 ἀγωνιστικῶς
2971 4581 3318 4651 κηρύττεται,
3345 4577 3405 4629 ού
3430 4575 3788 4643 δογματικῶς.
3817 4574 3977 4641 Ἐμοὶ

2405 4692 2634 4759 ἔστηκεν
2664 4683 2971 4755 ἐρρωμένον
2993 4681 3050 4732 τὺ
3073 4679 3244 4746 δόγμα
3259 4675 3355 4743 τῆς
3376 4672 3673 4733 εὐσεϐείας,
3693 4672 3784 4722 xa’t
3810 4671 3976 4721 παντὶ

2409 4788 2603 4857 πιστῷ,
2632 4788 2710 4838 ὄτι
2749 4785 2879 4836 ὅπου
2920 4781 3076 4851 μόνος
3104 4777 3405 4843 διαλέγεται
3436 4771 3645 4840 Πατὴρ,
3677 4768 3977 4839 συμπαρεί-

2410 4893 2608 4960 ληπται
2651 4887 2744 4939 καὶ
2781 4886 2808 4936 6
2839 4881 2966 4943 Υίδς
3003 4881 3096 4932 καὶ
3137 4878 3199 4930 16
3241 4874 3460 4942 Πνεῦμα
3492 4873 3552 4924 16
3591 4871 3764 4937 ἅγιον,
3802 4871 3976 4920 Ὅπου

2413 4991 2538 5052 Υἱὸς
2572 4987 2896 5052 διαλέγεται,
2928 4979 3139 5049 Πατρὸς
3178 4975 3458 5028 αύθεντία·
3501 4975 3630 5025 ὅπου
3665 4970 3850 5038 Πατὴρ
3880 4969 3981 5019 αύ-

2414 5092 2616 5153 θεντεῖ,
2669 5083 2798 5137 Υίοῦ
2843 5079 3086 5144 ἐξουσία·
3142 5077 3273 5128 ὅπου
3331 5073 3388 5125 16
3431 5073 3654 5140 Πνεῦμα
3708 5069 3769 5120 16
3819 5067 3981 5130 ᾰγιον

2415 5190 2655 5258 ἐνεργεῖ,
2693 5182 2787 5235 τοῦ
2835 5177 3047 5247 Πατρὸς
3096 5179 3127 5245 ὴ
3178 5174 3440 5244 ἐνέργεια.
3473 5172 3545 5223 Ού
3587 5171 3834 5237 τέμνεται
3878 5163 3983 5229 τῆς

2414 5290 2575 5356 ἀγίας
2611 5282 2837 5353 Τριάδος
2878 5281 2910 5346 ἡ
2944 5278 3086 5342 δόξα,
3121 5272 3303 5344 ἐπειδὴ
3340 5273 3398 5324 ού
3426 5271 3674 5340 τέμνεται
3712 5264 3770 5316 16
3800 5262 3986 5330 δόγμα

2415 5389 2513 5457 τῆς
2543 5381 2822 5454 ἀληθείας.
2856 5379 2945 5448 Μὴ
2975 5376 3221 5446 ὁμολόγει
3255 5373 3378 5441 μίαν
3408 5369 3697 5438 βασιλείαν.

2477 5554 2504 5591 h
2555 5552 2604 5597 In
2649 5547 2892 5609 Oppribus
2919 5543 3183 5609 .Alhqnasii
3222 5544 3292 5609 sit;
3316 5542 3517 5609 _legitur
3545 5536 3622 5608 lgic
3650 5529 3993 5609 {genii-511’

2420 5611 2621 5672 ἐμαντοῦ
2644 5602 2822 5670 ὀμξνυω,
2847 5611 2876 5663 ἢ
2915 5609 3018 5672 (ve_l
3043 5607 3101 5664 ἡ)
3131 5607 3220 5664 μὴν
3246 5602 3529 5672 έξελεύσεται
3553 5602 3606 5667 εκ
3624 5607 3708 5638 του
3750 5605 3996 5672 Ἶομῗτοξ

2950 5652 3195 5727 λόγοίμού
3219 5652 3305 5711 οὐκ
3327 5656 3752 5719 ἀπογραφήσονται,
3782 5652 3854 5697 ὅτι
3879 5652 3995 5710 ἐμοὶ

2427 5732 2605 5794 κάμψει
2631 5739 2719 5778 παν
2739 5747 2869 5792 τονυ.
2894 5732 3126 5778 (lorum.
