4110 6318
229 358 340 410 421

220 454 500 509 dentium!
527 467 562 508 ο
598 453 848 523 pietatem
873 459 1060 507 cuncta
1103 449 1471 506 credentium!
1522 444 1626 502 Sed
1669 442 1794 514 quid

223 546 301 600 ait
321 544 698 599 adversarius?
728 543 841 597 Non
869 541 1164 596 invenimus
1190 539 1346 593 ﬁdem
1375 538 1570 606 ubique
1597 543 1795 597 tutam;

228 635 530 704 reperimus
553 649 670 689 eam
701 634 986 702 collapsam
1012 652 1026 688 :
1056 647 1161 686 non
1186 637 1394 699 oportet
1417 629 1530 681 sine
1555 627 1798 680 examine

221 724 468 789 credere,
487 724 581 780 sed
602 739 720 778 cum
743 724 980 794 diligenti
1008 721 1407 792 perquisitione.
1436 719 1595 773 Multa
1628 729 1792 786 porro

224 826 447 869 externa
488 816 553 870 iis
576 823 917 869 concurrunt.
949 813 1086 868 Sunt
1129 812 1270 866 enim
1307 810 1485 864 afﬁnia
1517 808 1796 863 htrretico-

223 922 348 961 rum
379 915 432 960 et
453 907 725 975 gentilium
757 919 909 959 sensa
937 921 950 958 :
982 904 1069 957 illa
1101 902 1400 956 dirmonum
1425 901 1657 962 inventa,
1682 897 1797 952 haec

222 998 528 1051 iheinonum
559 997 794 1052 doctrina
823 1005 963 1049 sunt.
1002 996 1190 1049 Dicunt
1211 1008 1338 1062 ergo
1369 991 1583 1063 quidam
1604 991 1794 1045 adver-

223 1091 489 1144 sariorum
518 1089 658 1153 lidei,
694 1088 909 1141 noxium
946 1087 999 1141 in
1030 1086 1117 1141 illa
1144 1099 1265 1140 esse
1304 1084 1354 1138 id
1395 1083 1534 1154 quod
1578 1081 1795 1136 ratioci-

223 1181 332 1234 niis
371 1195 475 1232 nou
503 1178 813 1246 subjiciatur
843 1196 856 1231 :
887 1186 942 1233 et
964 1176 1066 1231 nisi
1091 1176 1211 1230 fidei
1241 1175 1557 1244 adjungatur
1577 1172 1795 1227 rationis

222 1285 472 1330 examen,
507 1269 704 1321 nullum
731 1267 969 1322 credenti
1003 1267 1201 1320 lucrum
1242 1263 1452 1318 all‘erre.
1479 1261 1626 1317 Unde
1654 1262 1792 1316 enim

220 1359 327 1423 vis,
357 1359 543 1425 inquit,
589 1370 830 1411 naturam
873 1356 994 1410 ﬁdei
1034 1355 1376 1409 examinare?
1406 1353 1575 1417 visne,
1603 1351 1791 1420 inquit,

221 1463 254 1502 a
288 1449 566 1516 principio.
597 1447 663 1501 ab
692 1449 800 1516 ipsa
826 1445 1008 1500 mundi
1037 1445 1342 1500 creatione?
1386 1443 1593 1512 Inquiro
1614 1441 1678 1496 de
1704 1457 1790 1506 eo,

221 1552 386 1607 quem
419 1538 619 1591 vocatis
648 1537 1050 1607 protoplastum.
1092 1534 1308 1588 Invenio
1336 1535 1480 1587 illum
1505 1548 1534 1587 a
1567 1532 1668 1586 ﬁde
1703 1547 1792 1587 ce-

221 1627 738 1682 cidisse.Considera
768 1627 977 1696 maligni
1007 1625 1266 1680 diemonis
1296 1625 1474 1688 verba,
1499 1624 1588 1693 qui
1611 1612 1789 1676 omnia

222 1716 379 1772 facile
404 1717 562 1770 audet
590 1716 822 1786 aggredi,
867 1715 1038 1787 qualia
1085 1717 1298 1780 audeat,
1332 1730 1570 1783 quaenam
1603 1715 1791 1782 loqua-

219 1815 331 1874 tur,
359 1822 600 1876 quienam
630 1807 898 1861 obtendat.
918 1807 1025 1860 Vos
1046 1807 1238 1868 dicitis,
1273 1807 1459 1874 inquit,
1488 1815 1790 1873 serpentem

221 1899 297 1952 illi
323 1899 550 1952 dixisse‘
580 1916 593 1952 :
626 1897 946 1968 Quocumque
970 1899 1050 1951 die
1080 1897 1410 1960 comederitis,
1447 1897 1634 1965 inquit,
1655 1896 1790 1948 eritis

219 1987 348 2039 sicut
375 1987 445 2038 dii
469 1987 674 2039 scientes
703 1987 881 2039 bonum
911 1996 956 2039 et
981 1986 1169 2039 malum
1213 1985 1361 2056 (Gen.
1387 1987 1437 2039 5.
1458 1984 1534 2054 5).
1556 1983 1791 2038 Credidit

220 2078 479 2145 serpenti,
528 2076 666 2145 quod
709 2076 1019 2131 credidisset
1064 2077 1238 2145 periit.
1289 2076 1610 2141 Principium
1662 2089 1788 2143 ergo

219 2166 486 2220 malorum
511 2176 595 2220 est
617 2163 768 2220 ﬁdes.
807 2166 932 2220 Haec
957 2166 1022 2218 ad
1054 2183 1149 2220 nos
1181 2167 1253 2220 illi
1285 2167 1525 2221 veritatis
1566 2164 1781 2227 inimici,

221 2257 326 2325 piro
354 2257 621 2326 religionis
667 2257 865 2312 hostes.
889 2257 990 2312 Sed
1025 2259 1264 2327 ignorant
1293 2257 1434 2325 impii
1457 2270 1636 2309 veram
1665 2253 1785 2308 ﬁdei

221 2349 607 2414 deﬁnitionem,
650 2349 891 2404 nesciunt
926 2349 1049 2417 quid
1091 2349 1360 2418 objiciant.
1394 2348 1506 2400 Non
1537 2347 1676 2400 enim
1703 2346 1784 2400 di-

219 2441 411 2503 cimus,
448 2441 735 2509 quemlibet
763 2442 850 2510 qui
882 2439 1125 2494 omnibus
1147 2439 1346 2502 credat,
1377 2439 1534 2493 ﬁdem
1565 2437 1782 2502 habere,

220 2546 285 2584 ac
311 2531 522 2586 ﬁdelem
559 2532 862 2599 prtedicari;
915 2546 1086 2600 neque
1127 2545 1250 2584 eum
1276 2529 1364 2598 qui
1409 2529 1565 2583 obvio
1613 2527 1785 2581 cuivis

218 2623 410 2684 credit,
438 2637 558 2677 esse
604 2624 845 2687 ﬁdelem;
878 2623 970 2678 sed
1017 2638 1138 2677 eum
1164 2623 1253 2692 qui
1282 2635 1407 2676 vere
1441 2620 1550 2674 Deo
1592 2619 1780 2674 credit.

218 2712 355 2767 Num
382 2714 658 2767 ostendisti
704 2713 959 2767 Adamum
1003 2713 1142 2783 quod
1175 2713 1283 2767 Deo
1321 2711 1632 2767 credidisset
1659 2725 1784 2780 per-

219 2802 389 2856 iisse?
431 2803 579 2871 Quod
626 2804 835 2858 diabolo
889 2804 1206 2867 crediderit,
1260 2804 1438 2873 lapsus
1476 2812 1586 2868 est;
1643 2802 1782 2873 quod

218 2891 331 2945 Deo
375 2907 478 2946 non
526 2894 838 2954 crediderit,
891 2891 1100 2951 cecidit.
1147 2891 1252 2947 Cur
1295 2892 1432 2947 dicta
1485 2892 1782 2961 pervertis?

217 2981 352 3034 Audi
384 2981 665 3036 Jeremiam
691 2983 955 3038 dicentem
987 3005 998 3038 :
1032 2986 1214 3037 Audite
1231 3000 1327 3047 me,
1348 2985 1430 3052 qui
1451 2984 1566 3036 odio
1595 2983 1781 3036 habetis

209 3070 478 3139 judicium,
506 3074 588 3140 qui
626 3075 791 3126 omnia
823 3085 956 3127 recta
994 3075 1266 3142 pervertitis
1289 3073 1424 3144 (Ima
1444 3073 1600 3126 Mich.
1629 3075 1680 3126 5.
1699 3072 1774 3142 9).

214 3162 375 3228 Atqui
402 3161 581 3217 dicere
611 3164 864 3231 oportuit,
896 3164 1213 3234 Principium
1252 3164 1508 3217 malorum
1537 3163 1779 3217 incredu-

215 3251 356 3304 litas.
387 3250 516 3304 Nam
551 3253 593 3304 si
634 3253 945 3308 credidisset
969 3253 1078 3308 Deo
1104 3254 1320 3319 dicenti,
1357 3254 1676 3324 Quacumque
1701 3254 1781 3306 die

213 3342 547 3404 camederitis,
571 3353 728 3396 morte
754 3344 1029 3397 moriemini
1057 3344 1206 3416 (Gen.
1239 3344 1293 3397 2.
1323 3345 1435 3413 I7),
1469 3360 1572 3398 non
1602 3346 1778 3412 lapsus

213 3430 420 3495 fuisset,
465 3431 556 3486 sed
607 3432 875 3488 habuisset
923 3435 1100 3500 Iidem,
1135 3434 1312 3500 ﬁdem,
1345 3435 1577 3504 inquam,
1613 3443 1776 3489 tutam

211 3523 279 3576 ad
323 3524 568 3578 salutem.
602 3525 718 3578 Noli
763 3542 1007 3595 umquam
1041 3526 1160 3581 ﬁdei
1207 3542 1398 3582 nomen
1444 3528 1773 3581 calumniari.

210 3613 329 3667 Non
358 3615 496 3666 enim
529 3615 615 3668 ille
636 3616 723 3682 qui
759 3616 977 3671 cuilibet
1001 3617 1187 3681 credit,
1213 3616 1380 3671 ﬁdelis
1409 3628 1517 3682 est;
1550 3619 1643 3672 sed
1687 3618 1775 3686 qui

209 3703 323 3756 Deo
350 3702 533 3763 credit,
554 3702 597 3757 is
622 3703 791 3757 ﬁdelis
814 3713 968 3759 estet
997 3706 1204 3760 dicitur.
1225 3707 1440 3762 Abstine
1470 3723 1498 3762 a
1525 3714 1775 3777 quaestio-

209 3792 394 3856 nibus,
423 3800 474 3844 et
501 3793 819 3860 amplectere
850 3793 1024 3847 ﬁdem.
1077 3795 1233 3848 Fides
1272 3797 1445 3848 omnia
1492 3797 1770 3860 illuminat,

209 3883 343 3937 ﬁdes
371 3883 545 3937 omnia
574 3884 884 3950 sanctiﬁcat,
909 3884 1039 3939 ﬁdes
1069 3885 1267 3954 Spiritu
1296 3895 1481 3939 saneto
1507 3887 1769 3956 dignatur.

205 3973 340 4028 Nam
374 3973 662 4040 Stephanus
685 3974 859 4041 plenus
879 3976 1039 4044 gratia
1069 3985 1116 4027 et
1139 3976 1432 4044 fortitudine
1456 3976 1585 4046 (Act.
1615 3975 1665 4029 6.
1691 3979 1768 4046 8).

205 4061 319 4116 Nisi
367 4064 690 4130 praeluxisset
725 4063 873 4128 ﬁdes,
911 4064 1160 4118 fortitudo
1203 4066 1256 4118 in
1303 4074 1486 4120 sancto
1525 4068 1635 4120 viro
1667 4082 1768 4118 non

204 4162 429 4222 sequuta
459 4154 660 4208 fuisset.
681 4154 778 4209 Ubi
808 4155 958 4219 ﬁdes,
983 4156 1089 4209 illic
1109 4165 1162 4210 et
1184 4157 1349 4210 virtus
1373 4172 1463 4211 seu
1489 4157 1765 4222 fortitudo;

204 4244 293 4297 ubi
335 4244 690 4309 incredulitas,
723 4244 827 4298 illic
873 4245 1171 4300 inﬁrmitas.
1223 4247 1546 4314 Principium
1599 4249 1768 4301 bono-

202 4349 347 4396 rum,
397 4333 560 4397 ﬁdes;
608 4335 725 4390 fons
770 4335 1050 4398 bonorum,
1098 4337 1248 4391 ﬁdes.
1295 4338 1574 4392 Sumamus
1624 4354 1766 4392 arma

201 4423 408 4476 salutis.
453 4423 557 4477 Cur
604 4423 921 4479 dietionibus
951 4425 1137 4488 servis,
1187 4435 1240 4480 et
1279 4427 1553 4481 veritatem
1598 4428 1769 4497 fugis?

201 4527 299 4562 cur
329 4512 533 4578 profers
560 4529 640 4578 ea,
667 4529 780 4582 quas
804 4530 870 4568 ne
899 4516 1205 4585 angelorum
1231 4518 1445 4586 quidem
1477 4531 1658 4573 natura
1690 4521 1769 4574 iii-

201 4602 464 4669 vestigare
493 4604 689 4658 audet!
727 4605 860 4671 Quid
890 4605 1013 4659 dico
1042 4607 1345 4675 angelorum
1373 4611 1595 4662 natura?
1638 4609 1766 4676 Quae

200 4706 269 4745 ne
294 4691 562 4745 d:cmones
597 4693 805 4760 quidem
836 4695 1047 4749 audent.
1081 4695 1192 4749 Non
1219 4697 1298 4749 vis
1328 4698 1473 4765 sequi
1517 4698 1765 4752 Petrum?

200 4795 307 4834 non
333 4780 407 4832 vis
431 4781 576 4848 sequi
608 4781 864 4837 Paulum?
903 4801 1005 4838 non
1042 4786 1293 4854 angelos?
1321 4802 1423 4840 non
1444 4786 1764 4843 Cheruhiin‘t

201 4884 308 4923 non
350 4870 667 4937 Seraphim?
721 4874 844 4926 Esto
877 4875 1062 4929 saltem
1111 4877 1408 4931 dmmonum
1454 4879 1758 4948 discipulus.

200 4960 455 5013 Viderunt
476 4960 742 5015 damones
768 4963 1120 5028 Servatorem.
1147 4976 1198 5020 et
1228 4968 1440 5023 aiebant
1470 4971 1541 5023 illi
1571 4991 1583 5022 :
1618 4971 1758 5037 Sine,

196 5050 322 5117 quid
345 5051 481 5103 nobis
511 5060 554 5103 et
580 5053 685 5116 tibi,
717 5051 818 5104 Fili
848 5053 940 5106 Dei
980 5056 1186 5121 (Matth.
1216 5059 1266 5112 8.
1311 5059 1441 5127 29)?
1487 5061 1761 5118 Daemones

200 5138 389 5193 Filium
413 5143 739 5204 conﬁtentur,
769 5149 824 5194 et
847 5148 917 5206 tu,
951 5142 1214 5211 lmretice,
1246 5148 1616 5216 blasphemas?
1653 5153 1758 5206 da:-

259 5316 740 5390 ‘Pﬁkhaiclerba’
771 5316 1072 5390 ίηέβίαρὲεδεν
1099 5325 1352 5390 “ﬂuentia
1379 5323 1606 5387 leguntur
1629 5331 1752 5390 apud

190 5381 389 5446 Lupum,
425 5383 489 5424 De
514 5377 670 5446 tribus
700 5379 1061 5446 quaestionibus,
1089 5377 1186 5428 suh'
1219 5385 1404 5446 initium
1427 5377 1752 5446 :VAdjecto'eo,

189 5436 315 5483 scire
332 5444 494 5509 _Deuni
510 5436 650 5505 (nihil
671 5436 836 5509 muto),
853 5440 977 5509 quod
999 5440 1041 5488 si
1050 5436 1090 5487 γε
1106 5442 1371 5509 mtedissent
1392 5451 1514 5495 unde
1531 5436 1756 5509 prohibiti

187 5502 359 5566 essent,
384 5508 496 5566 mox
513 5498 811 5566 aperirentur
829 5498 953 5566 oculi
973 5513 1151 5566 eoruvn,
1171 5501 1437 5566 similesque
1456 5498 1550 5557 dtis
1564 5498 1754 5560 exsistet;

188 5563 313 5605 rent.
341 5556 523 5631 Scilicet
545 5556 596 5626 ut
615 5560 1181 5631 numerositate__tieorum
1218 5556 1384 5631 saltem
1423 5556 1754 5631 reruni/idem

187 5624 529 5686 corrumperet,
553 5617 596 5666 si
618 5619 681 5666 ad
705 5619 1066 5671 inobedientiam
1085 5622 1247 5672 tentati
1269 5625 1393 5686 gutta
1416 5629 1524 5677 t‘itio
1548 5617 1636 5678 non
1654 5617 1749 5682 res;

185 5685 366 5726 ωςθίρητ.
392 5685 597 5727 εοιοιετ.

1209 335 1272 392 IN
1310 334 1533 401 ILLUD,
1574 332 1640 390 IN
1676 332 1812 402 QUA
1855 330 2276 402 POTESTATE,
2318 335 2467 392 ETC.

3371 366 3485 423 422

1912 460 2096 502 mones
2110 448 2364 517 atqualein
2392 448 2675 514 faciunt,et
2697 458 2750 506 tu
2774 451 3183 522 inrrqualitatem
3209 455 3466 516 adsruis.

1905 535 2107 606 Ecquid
2157 538 2365 602 faciam,
2398 539 2471 593 ait
2509 539 2808 606 hmreticus,
2838 557 2957 596 cum
2996 544 3250 599 Dominus
3296 545 3473 603 dicat:

1909 624 1976 680 Ut
2009 637 2314 696 cognoscant
2357 637 2403 682 te
2446 629 2609 682 solum
2649 645 2818 684 verum
2845 631 3008 686 Deum
3053 633 3229 701 (Jaan.
3265 637 3352 690 I7.
3383 637 3474 705 3)?

1905 715 2086 770 Solum
2114 717 2273 783 dixit,
2305 719 2475 773 solum
2505 721 2809 787 praedicavit
2839 738 3018 776 verum
3054 724 3217 779 Deum
3247 726 3476 782 Patrem.

1905 805 2194 863 Veritatem
2221 817 2396 865 sector
2423 826 2520 880 per
2548 812 2711 866 Deum
2742 817 3122 870 annuntiatam.
3156 817 3351 874 Vocem
3384 836 3476 875 so-

1903 897 2006 952 lius
2033 901 2274 963 sectaris,
2306 910 2361 956 et
2389 902 2556 956 literas
2581 903 2786 958 servis?
2818 904 2980 959 Serva
3010 909 3265 964 terminos
3309 914 3360 966 in
3391 931 3476 966 ru-

1903 1001 2021 1041 rum
2048 987 2437 1058 disquisitione.
2474 994 2605 1047 Dicit
2644 994 2782 1049 Deus
2822 1011 2916 1064 per
2946 999 3253 1066 prophetam
3295 1018 3310 1060 ;
3365 1002 3478 1072 Ego

1902 1092 2015 1129 sum
2054 1078 2266 1146 primus,
2295 1091 2340 1134 et
2369 1098 2459 1152 ego
2488 1093 2677 1150 postea,
2713 1094 2755 1138 et
2777 1086 2904 1140 alitis
2930 1099 3109 1156 pratt'er
3137 1107 3214 1144 me
3250 1110 3347 1146 non
3381 1107 3470 1148 est.

1900 1164 2080 1220 Justus
2125 1177 2170 1221 et
2198 1170 2416 1224 salvator
2458 1183 2639 1240 praeter
2674 1191 2752 1227 me
2793 1192 2891 1228 non
2918 1188 3008 1231 est.
3041 1178 3104 1230 Et
3133 1185 3476 1238 convertimini

1900 1255 1967 1306 ad
1992 1271 2090 1320 me,
2119 1268 2165 1311 et
2189 1260 2314 1312 salvi
2341 1262 2477 1314 eritis
2507 1263 2568 1315 ab
2598 1266 2831 1320 extremis
2861 1276 3024 1321 teri-tv.
3059 1268 3168 1339 Ego
3190 1287 3300 1324 sum
3336 1274 3472 1328 Deus

1899 1355 1946 1398 et
1974 1362 2074 1400 non
2095 1358 2168 1401 est
2192 1349 2343 1404 alius.
2373 1350 2473 1404 Per
2506 1355 2848 1422 memetipsum
2864 1358 3006 1427 jura.
3050 1352 3161 1428 Ego
3187 1362 3399 1430 primus,
3425 1375 3471 1417 et

1898 1451 1988 1506 ego
2009 1448 2118 1506 post
2145 1439 2250 1493 haec
2271 1457 2291 1495 :
2316 1451 2474 1511 atque
2503 1443 2699 1509 intulit,
2730 1445 2795 1498 Et
2825 1463 2926 1500 non
2951 1459 3021 1501 est
3046 1451 3177 1504 alius
3197 1462 3377 1521 prater
3394 1471 3472 1509 me

1899 1526 2051 1595 (lsai.
2097 1529 2185 1584 44.
2218 1530 2270 1586 6.
2317 1541 2361 1584 et
2399 1534 2489 1587 45.
2535 1534 2623 1588 2|.
2675 1535 2764 1590 Ἠ.
2809 1537 2922 1605 23).
2975 1539 3158 1596 \‘idele
3203 1546 3469 1612 quomodo

1897 1620 2144 1675 ostendat
2193 1622 2483 1679 solitariam
2540 1636 2800 1693 naturain,
2839 1645 2955 1698 qua:
3008 1631 3136 1686 nihil
3185 1649 3468 1691 commune

1897 1707 2088 1764 habeat
2119 1727 2239 1765 cum
2289 1713 2389 1767 alia
2423 1723 2608 1769 natura
2640 1727 2902 1786 separata.
2954 1721 3077 1775 Iliec
3126 1738 3283 1793 porro
3327 1727 3464 1783 Deus

1896 1799 2011 1856 ait:
2045 1800 2154 1871 Ego
2184 1819 2316 1868 sum,
2359 1816 2530 1859 etnon
2561 1816 2632 1859 est
2675 1809 2840 1872 alius;
2882 1811 2970 1879 qui
3018 1827 3111 1879 per
3156 1813 3464 1882 prophetam

1895 1889 2004 1944 ait:
2035 1890 2254 1946 Extendi
2283 1897 2459 1948 aetum
2507 1900 2644 1951 solus
2693 1898 2846 1967 (Isai.
2878 1901 2963 1954 44.
2997 1902 3111 1971 24).
3154 1905 3382 1963 Attende
3411 1919 3463 1962 tu

1895 1981 2008 2034 voci
2029 1981 2203 2047 Salus,
2222 1985 2645 2054 quandoquidem
2668 1990 2871 2058 profers
2890 1991 3070 2046 Solum
3089 2010 3258 2049 verum
3278 1997 3459 2053 Deum.

1896 2070 2117 2126 Extendi
2148 2075 2328 2127 cwlum
2353 2077 2508 2130 solus.
2542 2077 2797 2134 Similiter
2823 2097 3033 2152 quoque
3065 2085 3168 2151 hic,
3201 2085 3314 2159 Ego
3350 2107 3462 2144 sum

1893 2170 1938 2212 et
1969 2176 2067 2214 non
2097 2174 2167 2215 est
2186 2165 2317 2218 alius
2337 2179 2354 2216 :
2376 2181 2463 2233 per
2479 2169 2818 2237 memetipsnm
2834 2171 2976 2238 jura.
2998 2174 3246 2230 Animum
3269 2178 3463 2236 adhibe

1894 2253 2096 2320 pariter
2137 2257 2433 2310 auctoritati
2463 2268 2515 2311 et
2542 2261 2790 2327 potentia:
2831 2263 3113 2331 loquentis,
3143 2269 3280 2334 quod
3311 2270 3461 2327 dixe-

1893 2343 1980 2408 rit,
2014 2342 2135 2397 Non
2163 2355 2234 2398 est
2259 2345 2427 2410 alius;
2457 2358 2530 2411 et,
2563 2348 2718 2402 Solus
2742 2368 2874 2416 sum,
2897 2364 2948 2406 et
2980 2353 3099 2420 hoc,
3133 2356 3235 2410 Per
3262 2371 3461 2414 memet-

1889 2432 2052 2500 ipsum
2106 2436 2320 2503 juravi;
2373 2439 2742 2509 signiﬁcatque
2790 2444 3052 2499 neminem
3109 2461 3166 2502 se
3215 2450 3462 2519 loquente

1891 2523 2144 2591 majorem
2187 2541 2326 2581 esse.
2359 2527 2510 2584 Unde
2552 2530 2626 2585 ait
2669 2533 2826 2586 etiam
2865 2538 3180 2605 Apostolus:
3211 2541 3460 2604 Quoniam

1891 2613 2136 2666 neminem
2165 2615 2369 2682 liabuit,
2403 2636 2492 2688 per
2539 2636 2684 2690 quem
2715 2624 2939 2692 juraret,
2969 2629 3230 2697 majorem,
3266 2634 3460 2700 juravit

1890 2719 1977 2770 per
2004 2706 2322 2774 semetipsum
2353 2708 2535 2778 (Hebr.
2566 2710 2619 2764 6.
2653 2713 2764 2781 I3).
2791 2713 2904 2769 Non
2947 2716 3102 2771 habet
3127 2734 3252 2788 ergo
3288 2725 3458 2793 majo.

1889 2809 2001 2848 rein
2030 2797 2119 2865 qui
2153 2796 2282 2852 dicit
2309 2815 2321 2851 :
2357 2798 2459 2854 Per
2482 2806 2822 2871 memetipsum
2843 2807 2986 2873 jura,
3017 2810 3061 2861 si
3086 2812 3284 2878 quidem
3313 2829 3456 2882 egre-

1887 2884 2052 2938 dietur
2084 2885 2147 2939 de
2170 2904 2256 2941 ore
2277 2905 2384 2943 meo
2407 2892 2628 2960 justitia,
2654 2910 2904 2950 sermones
2927 2899 3023 2957 mei
3052 2916 3150 2952 non
3176 2912 3457 2958 avertentur

1887 2975 2040 3042 (lsai.
2073 2979 2158 3033 45.
2189 2979 2305 3050 2'5).
2353 2982 2419 3036 Et
2460 2985 2585 3053 quid
2615 2985 2799 3055 juras?
2833 2987 2962 3052 Quia
3005 2993 3128 3044 milii
3175 2997 3456 3051 curvabitur

1885 3082 2029 3119 omne
2056 3084 2185 3136 genu
2208 3070 2306 3140 (a),
2339 3080 2384 3124 et
2424 3075 2582 3126 omnis
2623 3076 2797 3144 lingua
2841 3080 3157 3146 conﬁtebitur
3182 3082 3345 3138 Deum
3373 3102 3455 3140 ve-

1884 3172 1996 3208 rum
2035 3156 2186 3225 (Isai.
2220 3160 2306 3214 45.
2339 3162 2450 3231 24).
2477 3163 2604 3228 Quis
2636 3165 2750 3220 hanc
2775 3167 2921 3232 dicit,
2970 3170 3253 3227 haeretica?
3298 3175 3453 3232 Pater

1884 3264 1948 3301 an
1976 3248 2176 3303 Filius?
2212 3253 2363 3321 Apud
2392 3269 2474 3308 me
2503 3255 2730 3322 ﬁdelem,
2759 3271 3084 3330 cunctosque
3117 3267 3250 3332 pios,
3281 3267 3452 3325 Patris

1883 3346 1965 3392 est
1993 3338 2239 3410 dignitas,
2268 3352 2321 3396 et
2370 3343 2488 3397 Filii
2532 3349 2838 3403 auctoritas.
2872 3349 2981 3405 Iloc
3011 3353 3149 3406 enim
3200 3356 3453 3414 observes

1883 3431 2061 3494 velim,
2093 3433 2257 3488 multa
2298 3449 2478 3490 eorum
2514 3454 2630 3507 quin
2670 3440 2916 3506 dicimus,
2948 3448 3308 3514 pugnantium,
3343 3467 3448 3506 non

1881 3521 2182 3579 docentium
2231 3543 2379 3582 more
2419 3529 2710 3598 prirdicari.
2745 3533 2868 3587 Mihi
2897 3537 3106 3591 ﬁrmum
3135 3546 3235 3593 stat
3256 3541 3445 3612 dogma

1882 3618 2109 3684 pietatis,
2149 3627 2203 3673 et
2241 3619 2456 3675 cuilibet
2483 3621 2643 3688 ﬁdeli,
2674 3640 2862 3695 nempe
2911 3629 2996 3681 tibi
3023 3630 3168 3684 solus
3216 3632 3447 3702 loquitur

1880 3706 2057 3770 Pater,
2105 3708 2173 3762 ibi
2223 3710 2601 3777 comprehendi
2650 3714 2808 3767 etiam
2854 3716 3040 3769 Filium
3090 3730 3144 3772 et
3194 3721 3444 3790 Spiritum

1878 3807 2138 3850 sanctum.
2167 3798 2258 3852 Ubi
2290 3800 2454 3855 Filius
2489 3801 2740 3872 loquitur,
2768 3805 2838 3858 ibi
2878 3806 3048 3860 Patris
3077 3808 3225 3863 adest
3260 3823 3444 3865 aucto-

1877 3889 2040 3951 ritas;
2090 3889 2174 3940 ubi
2228 3889 2383 3943 Pater
2430 3893 2796 3946 auctoritatem
2845 3907 3076 3960 exercet,
3109 3900 3175 3952 ibi
3220 3901 3336 3955 Filii
3364 3913 3446 3957 est

1878 3984 2146 4043 potestas;
2201 3978 2288 4032 ubi
2318 3979 2547 4047 Spiritus
2577 3991 2791 4036 sanctus
2816 3994 3086 4051 operatur,
3116 3987 3288 4044 Patris
3316 4007 3444 4060 ope-

1875 4067 2011 4120 ratio
2037 4077 2131 4122 est.
2167 4068 2280 4123 Non
2326 4070 2581 4124 scinditur
2608 4082 2806 4127 saneta:
2850 4074 3122 4132 Trinitatis
3156 4080 3322 4149 gloria
3343 4084 3440 4155 (ὁ),

1937 4236 2181 4316 (a)_l_llum
2214 4251 2403 4316 textum
2449 4246 2551 4316 hoc;
2579 4254 2715 4316 pacto
2735 4249 2930 4316 citatum
2954 4250 3176 4316 invenies
3199 4253 3252 4316 i_n_
3269 4259 3438 4316 operi-

1873 4301 2262 4372 illIS_-A_Iilan§Sll,
2299 4305 2488 4372 pjalogo
2523 4302 2554 4355 3
2579 4301 2650 4356 "de
2685 4309 2932 4372 'l‘ijinitate,
2967 4317 3015 4357 T.
3051 4310 3096 4366 2,
3132 4326 3178 4372 p.
3204 4301 3328 4370 215?
3349 4301 3439 4364 seu

1873 4365 2054 4432 ψδκὶφί
2076 4371 2125 4410 't‘.
2149 4366 2196 4420 2,
2218 4378 2264 4425 p.
2289 4366 2413 4432 459;
2433 4365 2533 4416 _Per
2557 4368 3024 4432 niemetipsumjuro,
3044 4365 3182 4420 amen
3207 4365 3430 4432 egredie-

1873 4425 2039 4489 tur_de
2061 4437 2142 4489 ore
2164 4439 2267 4489 nica
2280 4426 2505 4489 justitta;
2527 4441 2619 4476 non
2655 4425 2788 4477 exitu
2821 4425 3173 4489 riaudabuntur
3197 4425 3438 4486 sermones

1873 4484 2120 4550 ntei_,_qut':t
2145 4484 2260 4550 mihi
2281 4484 2554 4550 curvabitur
2577 4501 2710 4550 omne
2732 4484 2869 4550 genu.
2898 4489 3105 4540 Coteler.

1936 4545 2137 4616 _(b).'.t\'on
2162 4548 2225 4615 ita
2245 4549 2422 4616 pridem
2445 4549 2579 4616 edita
2601 4545 2798 4616 fuerunt
2819 4563 2931 4598 cura
2959 4559 3009 4616 et
3030 4553 3188 4616 studio
3211 4557 3434 4616 Stephani

1872 4606 2056 4660 Baluzii,
2084 4605 2295 4670 hominis
2319 4609 2375 4655 ad
2397 4610 2657 4670 editionum
2682 4607 2873 4659 labores
2895 4614 3009 4670 nati,
3037 4611 3119 4661 lib.
3140 4614 3171 4660 4
3209 4605 3436 4665 Miscens?

1870 4679 2104 4738 ιιεξοιῗμῐῐιζ
2124 4666 2219 4713 duo
2250 4669 2533 4738 ίῌιθοᾲονθιί
2578 4667 2843 4738 fragmenta
2876 4673 2951 4738 ad__
2974 4666 3252 4738 Trinitatem
3278 4681 3433 4738 parti-

1871 4728 2050 4772 nentia.
2078 4731 2135 4772 Ea
2160 4728 2306 4787 gestit
2329 4729 2514 4776 animus
2535 4728 2708 4778 cursim
2742 4731 2818 4780 hic
2841 4733 3041 4781 meliora
3081 4728 3432 4787 facere.'Uiide

1870 4785 2177 4851 conjecturas
2203 4785 2496 4851 solummodo
2537 4803 2820 4851 proponam,
2870 4792 3186 4843 conferendas
3222 4809 3340 4845 vero
3379 4785 3433 4848 et

1871 4846 2208 4916 examinandas
2245 4846 2558 4916 diligentibus
2605 4846 2888 4916 relinquam,
2941 4861 3064 4916 Lego
3109 4857 3252 4916 igitur
3297 4846 3433 4908 initio

1869 4908 2045 4977 prioris.
2059 4905 2309 4976 fragmenti
2333 4905 2509 4977 E__Sttlus
2545 4919 2703 4977 autem
2725 4905 2793 4961 e'st
2812 4905 3291 4977 scientiauexsis'tentis
3306 4931 3322 4977 ,'
3337 4905 3431 4969 ei:

1867 4972 2068 5030 sistentis
2087 4978 2194 5014 vero
2207 4972 2418 5027 scientia,
2438 4978 2504 5019 est
2534 4972 2618 5021 Dei
2637 4985 2652 5030 ,'
2684 4981 2804 5021 Deus
2827 4981 2980 5022 autem
2997 4983 3066 5024 est
3088 4972 3315 5027 Trinitas.’
3334 4983 3429 5028 Sub

1867 5027 2053 5101 initium
2090 5032 2250 5101 autem
2292 5030 2568 5101 posterioris
2599 5027 2711 5101 :_'(.'t
2754 5042 2912 5101 autem
2943 5027 3423 5101 clare‘itttelligatur,

1866 5085 2085 5159 exempl?
2120 5085 2485 5159 θ²⁴9ίίαὴ³.ί⁶ῗη’¹ί
2524 5093 2623 5152 (νει
2660 5096 2783 5156 lene)
2806 5095 2939 5144 istius
2960 5085 3426 5159 patefaciamus—7%:

1865 5160 1986 5218 sum.
2015 5155 2088 5218 Ait
2120 5161 2246 5218 enim
2275 5155 2544 5218 trinitatem
2584 5155 2894 5214 personarum
2933 5155 3284 5209 subsidentium
3306 5175 3406 5210 esse

1867 5216 2038 5274 Nomen
2067 5214 2247 5267 Petrus,
2259 5210 2341 5274 _in_
2352 5210 2650 5274 baptismate
2685 5228 2794 5264 vero
2833 5218 3064 5274 Andreas,
3102 5226 3146 5268 et
3175 5218 3225 5268 in
3257 5220 3424 5271 militia

1868 5267 2077 5342 Ibamus.
2104 5276 2223 5342 Etlp.
2258 5271 2304 5328 ὅ,
2330 5271 2413 5322 lin.
2434 5267 2498 5342 '_l,
2536 5278 2585 5342 in
2620 5287 2771 5342 marg.
2813 5285 2999 5327 neuter.
3029 5267 3080 5342 6,
3111 5280 3157 5327 4.
3181 5267 3422 5342 'Post’pei'

1865 5327 2069 5397 titulum,
2096 5327 2330 5398 Aduersus
2353 5327 2541 5382 Arrium
2569 5327 2784 5397 impium,
2810 5345 2955 5398 atque
2981 5354 3005 5386 a
3029 5327 3152 5398 linea
3176 5352 3188 5386 :
3216 5341 3308 5389 Sed
3333 5327 3422 5390 ire;

1862 5391 2117 5460 sessorium
2138 5391 2330 5460 quidem
2359 5399 2454 5460 est,
2469 5402 2518 5443 ut
2541 5391 2645 5444 tres
2670 5391 2991 5460 subsistentiits
3013 5397 3293 5460 conﬁtendo,
3321 5416 3419 5451 ma-

1863 5448 1957 5524 lum
1981 5457 2155 5524 sectam
2180 5452 2307 5501 Arrii
2345 5448 2607 5524 fugiamus.
2625 5458 2947 5524 _(ontrariam_
2971 5448 3396 5524 ⁸(ῖηὶιηί,ςίώειιὶοξῆλ

1861 5508 2071 5586 (fallam
2091 5523 2290 5581 uergens
2311 5508 2449 5585 libat,
2467 5521 2510 5565 el
2533 5517 3074 5586 [tigiensomonarcliiann
3098 5519 3148 5567 in
3158 5508 3422 5586 muttit-25"

1857 5572 2076 5640 deoruin_
2100 5573 2383 5639 paganis-am
2403 5572 2566 5640 inruit
2587 5572 2870 5640 "Opinionem
2903 5572 3221 5640 subsistentia
3243 5572 3421 5632 sant-tm.

1864 5636 2099 5701 Trinitatis
2125 5636 2172 5680 in
2197 5647 2338 5701 imam
2361 5636 2566 5701 Δαρ’ἰιαιίε
2599 5636 2901 5701 substantiam
2929 5652 3020 5689 non
3048 5639 3312 5701 intendens,
3334 5652 3419 5694 scit

1860 5699 2051 5744 naturas
2075 5700 2117 5741 ct
2143 5694 2423 5746 substantias
2445 5708 2695 5750 extraneas
2726 5700 2960 5761 stt-'jt't‘ltts
2983 5701 3240 5764 alterutris,
3267 5694 3418 5756 Dem
