4110 6318
725 383 837 437 423

719 476 842 545 quia
890 491 993 529 non
1039 478 1294 531 scinditur
1342 479 1593 532 doctrina:
1640 479 1846 532 veritas.
1882 477 1957 533 Ne
1984 479 2286 535 confitearis

726 582 884 619 unum
934 582 1171 636 regnum.

782 657 834 711 6.
870 657 990 710 llaac
1018 673 1046 709 a
1077 674 1160 712 me
1189 659 1324 712 dicta
1357 669 1498 721 sunt,
1531 663 1648 728 quia
1690 659 1893 714 hostem
1934 675 2176 725 exerceo,
2207 676 2272 716 ne

720 749 856 803 forte
905 751 1117 818 quidam
1167 752 1504 820 syc0phantzn
1557 751 1739 804 dicant
1785 768 1798 803 ε
1846 751 1975 805 Vide
2022 753 2284 820 quomodo

715 840 927 897 dixerit.
961 840 1137 892 omnia
1167 855 1283 894 esse
1314 840 1452 904 Filii,
1486 851 1537 892 et
1565 841 1751 893 Filium
1779 841 1937 909 loqui,
1971 850 2023 894 et
2050 841 2282 894 ostendit

716 930 929 997 quidem
978 930 1200 982 alienam
1250 945 1367 982 eSse
1415 931 1739 998 prophetiam
1789 931 1985 993 l’atris,
2019 932 2281 1000 propriam

717 1036 844 1074 vero
871 1020 1006 1073 Filii.
1035 1021 1147 1073 Stat
1173 1020 1296 1072 mihi
1326 1021 1633 1073 inconcussa
1663 1019 1777 1072 Filii
1819 1031 1974 1073 metu.
2004 1021 2280 1074 Certamen

709 1120 790 1162 est
814 1111 925 1162 luec
945 1109 1269 1162 exercitatio.
1303 1108 1395 1161 llic
1423 1108 1643 1161 ostendo
1669 1108 1852 1160 Filium
1883 1108 2202 1176 loquentem,
2231 1118 2283 1161 et

713 1215 832 1254 cum
863 1199 952 1251 tibi
983 1213 1310 1266 persnasero,
1342 1198 1468 1250 mihi
1495 1198 1653 1250 etiam
1698 1213 2028 1264 persnasero,
2072 1197 2278 1250 Patrem

713 1291 877 1358 loqui,
898 1288 1406 1358 Filiumprredicarc,
1427 1288 1671 1356 Spiritum
1692 1297 1925 1341 sanctum
1946 1288 2154 1340 oracula
2171 1288 2281 1341 fun-

705 1379 861 1442 dere,
912 1396 930 1428 ‹
955 1378 1062 1446 Ego
1097 1378 1341 1445 primum,
1383 1392 1479 1445 ego
1505 1387 1557 1429 et
1590 1387 1706 1444 post
1736 1376 1868 1440 lure,
1888 1386 1940 1429 et
1986 1385 2175 1442 prteter
2196 1391 2280 1431 me

707 1469 846 1522 Deus
865 1484 967 1522 non
986 1476 1084 1522 est.
1104 1467 1204 1521 Per
1216 1468 1726 1536 memetipsumjuro.
1753 1487 1770 1518 ι
1788 1469 1912 1534 Quis
1929 1477 2008 1521 est
2025 1469 2110 1537 qui
2129 1467 2275 1533 dicit,

712 1559 854 1629 «Ego
869 1575 982 1613 sum
1000 1567 1051 1613 et
1073 1573 1176 1611 non
1201 1567 1280 1612 est
1300 1559 1428 1611 alius
1444 1558 1495 1610 ?D
1521 1568 1591 1621 et,
1617 1576 1634 1608 ‹
1651 1559 1720 1611 De
1740 1573 1831 1611 ore
1851 1572 1968 1611 meo
1983 1558 2279 1626 egredietur

701 1650 899 1718 justitia
917 1666 930 1710 ;
947 1669 963 1699 ι
989 1660 1059 1711 et,
1085 1647 1397 1702 «Sermones
1416 1649 1516 1700 mei
1539 1663 1641 1700 non
1664 1657 1963 1700 avertentur
1983 1664 1995 1699 :
2016 1648 2131 1713 quia
2150 1648 2276 1702 mihi

703 1739 1023 1793 curvabitse
1070 1754 1224 1792 omne
1263 1753 1428 1806 genu,
1458 1747 1510 1791 et
1545 1739 1715 1792 omnis
1743 1738 1910 1806 lingua
1947 1737 2277 1791 confitebitur

706 1831 872 1887 Deum
891 1846 1069 1884 verum
1088 1831 1110 1880 ?
1133 1848 1150 1880 ι
1174 1829 1445 1896 Quomodo
1468 1833 1613 1898 ponis
1634 1829 1828 1881 dictum
1849 1829 1870 1880 ’ἒ
1889 1829 1936 1884 in
1958 1844 2110 1897 quem
2126 1844 2276 1882 assu-

705 1923 807 1975 mis
825 1921 1047 1975 nomen?
1067 1919 1170 1974 Scd
1193 1929 1245 1973 tu
1267 1935 1332 1973 ne
1351 1919 1494 1973 dicas
1511 1934 1570 1970 ea
1592 1934 1707 1987 qua:
1728 1920 1962 1986 ignoras;
1991 1933 2156 1986 neque
2177 1933 2274 1986 ego

703 2011 842 2080 quod
884 2025 986 2062 non
1017 2009 1138 2063 novi
1184 2008 1368 2063 effero.
1417 2007 1707 2075 Sequamnr
1759 2008 2064 2074 magistrum
2113 2007 2271 2074 spiri-

702 2102 933 2164 tualem,
964 2100 1052 2168 qui
1097 2114 1192 2152 nos
1245 2098 1506 2153 deducere
1553 2098 1723 2149 valeat
1768 2096 1830 2149 ad
1882 2098 2146 2164 pietatem.
2198 2096 2273 2150 Ne

703 2192 861 2261 igitur
887 2207 950 2246 ex
981 2205 1065 2243 me
1091 2190 1272 2242 audias
1292 2229 1305 2251 ,
1341 2189 1434 2240 scd
1458 2187 1577 2240 audi
1623 2201 1847 2240 mecum.
1880 2187 1986 2253 Ego
2025 2186 2274 2239 ecclesia-

707 2284 960 2335 sticorum
1010 2279 1311 2348 dogmatnm
1363 2276 1577 2330 Paulum
1629 2277 1747 2328 novi
1796 2274 2084 2328 doctorem.
2142 2275 2270 2328 Cum

703 2370 923 2425 Paulum
953 2369 1090 2432 dico,
1119 2366 1383 2420 Christum
1416 2366 1676 2434 przedico;
1711 2367 1820 2433 ipse
1848 2365 1986 2417 enim
2028 2372 2139 2418 erat
2181 2365 2270 2433 qui

701 2462 754 2515 in
789 2461 950 2515 Paulo
976 2459 1305 2528 loquebatur,
1325 2457 1608 2510 secundum
1638 2457 1764 2509 illud
1787 2457 1984 2510 dictum
2011 2473 2023 2508 :
2051 2457 2158 2508 «An
2182 2472 2273 2509 ex-

704 2554 1050 2623 perimentum
1075 2550 1308 2619 quaeritis
1332 2549 1460 2617 ejus,
1483 2548 1570 2616 qui
1589 2550 1639 2601 in
1661 2563 1743 2601 me
1763 2549 1989 2616 loquitur
2011 2546 2199 2600 Christi
2215 2547 2264 2599 ἲ»

703 2642 777 2711 (‘2.
797 2640 987 2696 Comi?)
1001 2641 1076 2707 ,5)
1093 2639 1233 2691 lianc
1250 2637 1403 2707 igitur
1423 2639 1740 2706 praemissam
1759 2636 1904 2691 Isaiae
1921 2635 2266 2705 prophetiam:

708 2751 726 2782 ι
762 2733 867 2800 Ego
889 2740 1078 2784 sumet
1105 2739 1312 2784 nonest
1346 2729 1512 2791 alius;
1547 2748 1563 2779 ι
1615 2737 1686 2790 et,
1739 2747 1756 2778 ι
1787 2728 1886 2781 Per
1906 2727 2269 2792 memetipsum

699 2825 839 2894 juro,
863 2823 981 2892 quia
1005 2821 1129 2874 mihi
1150 2821 1385 2874 curvabit
1403 2836 1460 2874 se
1477 2836 1631 2873 omne
1657 2835 1811 2888 genu,
1831 2830 1880 2872 et
1902 2818 2070 2870 omnis
2097 2818 2268 2884 lingua

707 2914 1040 2968 confitebitur
1062 2914 1223 2966 Deum
1249 2927 1452 2976 verum,
1485 2930 1502 2962 ι
1530 2911 1721 2964 Paulus
1742 2909 1808 2962 de
1827 2909 2036 2963 Christo
2056 2909 2263 2976 accipit.

711 3003 781 3056 Et
834 3003 920 3056 ubi
971 3002 1104 3055 hanc
1145 3001 1346 3054 invenis
1399 2999 1940 3054 demonstrationem?
1969 2998 2046 3051 Ad
2073 2997 2269 3050 Roma-

705 3106 803 3146 nos
829 3091 1064 3144 scribens
1107 3090 1216 3142 ait:
1248 3107 1265 3139 ι
1295 3089 1372 3143 Tu
1417 3097 1590 3141 autem
1637 3086 1761 3155 quid
1810 3087 2011 3154 judicas
2054 3084 2266 3139 fratrem

704 3181 888 3234 tamn?
940 3189 1029 3233 aut
1100 3188 1152 3232 tu
1207 3193 1369 3246 quare
1420 3177 1626 3247 spernis
1679 3176 1889 3229 fratrem
1943 3175 2124 3228 tuum?
2175 3190 2268 3227 cur

702 3273 924 3326 invicem
968 3270 1248 3337 judicatis?
1285 3269 1478 3321 Omnes
1542 3266 1678 3320 enim
1730 3267 1982 3318 stabimus
2031 3273 2149 3317 ante
2178 3264 2268 3317 tri-

705 3360 867 3414 bnnal
909 3357 1120 3412 Christi.
1179 3358 1439 3426 Scriptum
1487 3365 1567 3408 est
1613 3356 1749 3410 enim
1784 3373 1795 3406 :
1826 3355 1957 3407 Vivo
1987 3370 2103 3422 ego,
2142 3354 2268 3407 dicit

702 3452 978 3512 Dominus,
1030 3450 1272 3518 quoniam
1327 3447 1453 3500 mihi
1511 3446 1749 3500 flectetur
1804 3460 1960 3498 omne
2004 3459 2160 3513 genu,
2212 3452 2266 3498 et

701 3542 874 3596 uirinis
895 3541 1065 3609 lingua
1092 3539 1420 3594 confitebitur
1447 3539 1606 3592 Deum
1635 3553 1845 3591 verum)
1873 3536 2042 3605 (Rom.
2075 3537 2158 3590 14.
2179 3537 2264 3592 10.

703 3634 793 3686 Ιό.
820 3632 873 3684 ll
901 3631 939 3700 ).
980 3630 1068 3683 llle
1101 3638 1182 3682 est
1221 3629 1306 3694 qui
1357 3628 1448 3692 ait,
1477 3645 1494 3676 t
1521 3627 1630 3695 Ego
1652 3641 1786 3691 sum,
1811 3637 1864 3679 et
1889 3641 1991 3679 non
2014 3637 2094 3682 est
2111 3628 2264 3695 alius;

707 3739 803 3793 per
861 3721 1229 3787 memetipsum
1268 3719 1421 3786 juro,
1449 3717 1569 3786 quia
1619 3717 1745 3770 mihi
1783 3717 2085 3771 curvabitur
2112 3732 2267 3774 omne

703 3829 860 3884 genu.
891 3832 908 3863 ι
937 3813 992 3866 Si
1018 3826 1142 3879 ergo
1188 3810 1376 3863 Paulus
1428 3807 1753 3877 prophetiam
1801 3807 2012 3861 Christo
2063 3808 2261 3863 refert:

704 3908 791 3977 qui
831 3916 1003 3960 autem
1045 3903 1177 3972 apud
1226 3900 1534 3971 prophetam
1582 3899 1810 3967 loquitur
1858 3908 1938 3954 est
1985 3897 2262 3966 Christus;

703 4153 925 4204 magnum
950 4137 1181 4204 definiens
1202 4145 1243 4186 et
1263 4149 1458 4204 parvum
1481 4142 1528 4204 et
1552 4134 1793 4204 minimum
1810 4148 1825 4192 ;
1839 4142 1897 4204 ελ
1922 4134 2073 4204 ἱρῇ-ειζ
2085 4135 2264 4204 allega-

705 4195 805 4261 υὶιξ
827 4216 869 4262 p.
899 4195 1063 4248 vero?)
1082 4213 1101 4262 _:
1131 4199 1200 4262 Ait
1223 4195 1347 4246 enim
1386 4196 1678 4262 cantiloqmw.
1711 4199 1803 4262 (PS-
1839 4195 1916 4252 33a
1945 4197 2014 4262 7)»
2048 4195 2197 4262 ﬁliani
2219 4200 2265 4262 ίη

707 4255 916 4323 imagine
939 4259 1148 4308 ambulat
1171 4259 1337 4323 homo,
1358 4270 1456 4323 non
1480 4265 1527 4304 ut
1552 4255 1768 4323 consistat
1798 4268 1943 4323 usque
1980 4257 2029 4304 in
2049 4257 2155 4323 hoc,
2177 4259 2265 4323 sed

701 4315 943 4386 juctIletur
966 4327 1115 4370 mente
1149 4333 1178 4367 a
1199 4317 1491 4386 sensibilibus
1514 4318 1577 4386 att
1614 4315 1945 4386 intelligibjlia.
1972 4323 2016 4362 P.
2042 4318 2104 4386 6_:
2132 4317 2268 4386 Chri-

705 4375 978 4432 stianismus
1000 4387 1154 4429 autem
1176 4392 1283 4429 vere
1305 4385 1371 4427 est
1393 4377 1586 4426 scientia
1609 4375 1937 4424 inenarrabilis
1957 4384 2136 4425 sancta:
2165 4378 2264 4427 Iri-

710 4443 869 4505 nitatis
897 4456 913 4492 :
933 4456 1016 4505 per
1039 4442 1158 4505 hanc
1181 4448 1391 4505 sanctam
1413 4435 1653 4505 scientiam
1677 4436 1734 4485 ab
1756 4435 2026 4505 ignorantia
2042 4435 2264 4505 liberatur

706 4503 858 4566 homo,
883 4497 1036 4566 gratia
1066 4501 1194 4566 ﬁlius
1230 4501 1313 4550 Dei
1335 4506 1526 4548 vocatur
1563 4509 1578 4545 :
1609 4504 1658 4566 e_t
1695 4497 1857 4566 multis
1889 4497 2177 4566 interiectis,
2197 4498 2262 4548 de

710 4556 905 4613 nomine
929 4578 940 4610 :
969 4556 1075 4612 A‘cn'
1099 4562 1280 4610 alienus
1301 4568 1458 4608 autent
1497 4573 1526 4607 a
1556 4558 1639 4606 Dei
1677 4557 1932 4620 cognitione
1963 4563 2048 4614 est,
2073 4556 2180 4605 licet
2202 4571 2265 4606 ea:

706 4638 798 4674 non
821 4623 1167 4679 exsistentibus,
1213 4622 1413 4670 donante
1443 4628 1679 4669 Creatore.
1721 4617 1985 4666 intellectus
2022 4625 2196 4674 autem,
2220 4624 2264 4666 et

707 4687 794 4735 iste
837 4685 1096 4733 secundum
1138 4681 1412 4731 interiorem
1457 4679 1688 4728 hominem
1723 4691 1814 4726 non
1856 4683 1997 4726 extra
2036 4685 2264 4726 rationem

708 4743 951 4808 agentibus
979 4757 994 4793 :
1019 4755 1217 4808 namque
1241 4750 1306 4808 est
1323 4740 1582 4808 intellectus
1841 4738 1930 4808 Sed
1954 4750 2102 4808 neque
2125 4743 2266 4808 eatra

708 4798 932 4866 spiritum
962 4818 978 4853 :
1002 4811 1068 4866 est
1091 4798 1216 4866 enim
1255 4800 1516 4866 intellectus
1561 4798 1838 4860 intelligens,
1864 4803 1906 4866 et
1931 4800 2052 4866 ratio
2073 4798 2264 4866 ratioci-

708 4857 888 4923 n'utricc,
913 4873 958 4927 et
979 4863 1177 4927 Spiritus
1200 4863 1358 4927 palam
1382 4860 1573 4927 faciens,
1599 4866 1644 4908 et
1667 4857 2000 4925 cantemplator
2014 4865 2265 4927 ;_et_wtitm

711 4916 982 4983 substantia,
1011 4916 1118 4974 'tria
1136 4916 1521 4985 proprietatibus.
1551 4929 1677 4968 tuens
1719 4916 1854 4985 enim:
1880 4932 1962 4985 seu
1985 4916 2262 4985 intellrctux,

711 4993 851 5034 Pater
881 4978 1035 5041 Verbi,
1062 4978 1198 5033 habet
1223 4978 1347 5032 enim
1379 4981 1593 5046 Verbum,
1628 4987 1721 5046 etc.
1768 4978 1889 5027 Vide
1915 4978 2264 5046 Theudor-etum

712 5051 902 5108 Quaest,
924 5046 986 5108 20
1012 5051 1056 5108 in
1076 5046 1313 5094 Genesim.
1355 5049 1476 5108 At-p.
1502 5043 1529 5088 ’ἵ
1557 5054 1568 5087 :
1590 5043 1864 5108 .(ntiqvere
1900 5043 2125 5108 Pater-“est
2151 5046 2263 5084 Ver-

714 5102 838 5154 bum.
865 5105 935 5166 Ibi
955 5105 1081 5166 enim
1123 5111 1318 5154 vereest
1343 5102 1496 5166 unitas
1524 5102 1777 5153 Trinitatis,
1823 5106 1887 5166 et,
1917 5102 2263 5166 Trinitasuere

715 5174 783 5216 est
840 5165 1043 5215 imitatis.
1093 5173 1344 5227 Propterea
1383 5161 1524 5227 enim_
1563 5166 1700 5227 [fater
1745 5158 1971 5227 assistam
2014 5158 2262 5227 subsisten-

711 5229 793 5284 tia,
824 5235 937 5285 etc.,
965 5234 1015 5274 et
1039 5233 1143 5285 post
1166 5219 1329 5286 multa,
1365 5219 1945 5286 selectissimachieruite
1967 5219 2264 5286 profwzdita-

714 5278 839 5348 tem;
864 5301 910 5348 p.
926 5278 1144 5348 denique
1163 5278 1341 5338 ultima,
1363 5284 1628 5348 Secundum
1649 5278 1763 5337 quid
1786 5291 1946 5348 _u_num
1969 5278 2165 5348 πβρι-ει
2193 5291 2266 5348 se-

714 5339 922 5397 (tantum
946 5339 1176 5409 quiditria
1200 5356 1372 5409 unum;
1396 5340 1794 5409 secratdumguod
1818 5339 2168 5409 immutabiliter
2186 5339 2265 5409 ha-

718 5412 788 5458 bet
820 5411 883 5458 ad
915 5403 1211 5468 sénwtipsam
1244 5403 1442 5452 Trinitas
1470 5407 1766 5468 una_natura
1796 5403 2042 5468 ea'sistens,
2076 5405 2265 5460 propter

715 5470 801 5518 hoc
825 5481 1002 5528 unum;
1031 5459 1227 5528 Trinitas
1251 5476 1390 5523 porro
1405 5463 1665 5528 secundum
1687 5459 1810 5528 quod
1826 5472 2025 5528 nonum
2049 5459 2264 5528 persona,

715 5531 800 5579 sed
823 5537 935 5579 tres.
967 5519 1163 5577 iiim'tas
1182 5519 1286 5574 vere
1321 5529 1389 5572 est
1429 5523 1597 5577 unitas,
1629 5519 1721 5567 etc.
1748 5519 2010 5575 Invenitur,
2040 5527 2132 5566 etc.
2159 5527 2261 5579 Sap.

718 5593 764 5646 1.
791 5593 838 5637 2.
866 5599 1016 5651 Atque
1041 5589 1241 5651 brevem
1264 5586 1384 5632 hanc
1400 5583 1760 5651 digressionem
1794 5582 1937 5626 amori
1957 5591 2089 5651 _erga
2111 5580 2262 5651 '_rheo-

716 5639 950 5700 duremur.
963 5662 1071 5697 meo
1095 5646 1276 5709 postulo
1294 5639 1570 5709 condonari;
1595 5642 1730 5699 cujus
1755 5652 1871 5699 ergo
1883 5639 2076 5709 culpam
2094 5639 2264 5699 delre-

719 5698 978 5772 iuato,
1005 5712 1044 5759 si
1067 5698 1200 5772 culpa
1226 5714 1315 5767 est,
1335 5717 1472 5767 quam
1495 5703 1632 5763 culpa
1656 5698 1841 5749 vacare.
1868 5698 2063 5747 cotelcr.

2196 369 2461 428 INCERTI

3850 395 3962 447 424

2393 483 2519 537 dicit
2559 497 2684 537 vero
2728 483 2987 548 Christus,
3015 484 3122 554 Ego
3146 501 3255 538 sum
3299 487 3452 548 solus,
3484 496 3528 539 et
3559 503 3656 539 non
3682 497 3751 540 πει
3779 490 3911 542 alius
3943 506 3956 543 :

2392 588 2519 640 ergo
2543 573 2746 625 Patrem
2770 574 2912 640 ejieit
2936 573 3243 628 divinitate?
3266 577 3419 643 Atqui
3449 589 3552 628 non
3575 577 3746 642 ejicit;
3774 594 3957 632 revera

2393 677 2617 730 namque
2664 678 2766 715 non
2799 664 2973 730 ejicit;
3009 663 3271 716 individua
3300 666 3437 716 enim
3467 673 3547 718 est
3575 666 3762 734 gloria.
3815 667 3957 736 Ergo

2389 753 2533 806 clare
2562 753 2979 806 demonstratum
3010 763 3091 806 est
3111 793 3126 818 ,
3154 754 3590 820 quemadmodum
3624 756 3790 809 Filius
3837 773 3954 810 cum

2389 843 2535 902 dicit,
2565 841 2673 910 Ego
2713 859 2823 894 sum
2864 844 3021 904 solus,
3074 857 3178 895 non
3209 843 3350 909 ejicit
3377 843 3617 908 Patrem;
3671 845 3738 896 ita
3788 861 3954 911 neque

2387 946 2506 984 cum
2538 932 2603 985 de
2644 932 2797 985 Patre
2851 932 3000 997 dicit,
3047 930 3114 985 Ut
3161 942 3456 1000 cognoscant
3495 943 3540 986 te
3577 935 3737 985 solum
3785 952 3954 987 verum

2388 1021 2587 1085 Deum,
2624 1024 2854 1090 seipsum
2886 1024 3163 1092 sejungerc
3193 1040 3220 1074 a
3253 1024 3488 1077 veritate.
3522 1024 3699 1093 Neque
3745 1027 3846 1080 hoc
3870 1043 3953 1080 so-

2388 1112 2494 1163 lum
2544 1113 2820 1164 salubriter
2866 1112 3082 1165 docetur
3125 1129 3137 1174 ;
3188 1113 3277 1165 sed
3323 1115 3477 1165 etiam
3518 1113 3789 1166 Christum
3835 1131 3952 1170 esse

2384 1215 2567 1253 verum
2606 1201 2768 1254 Deum
2808 1217 2871 1254 ex
2912 1201 3025 1268 ipso
3064 1203 3360 1255 testimonio
3405 1201 3641 1255 infertur.
3670 1204 3952 1275 Subjungit

2387 1291 2545 1352 enim,
2577 1291 2639 1344 Et
2666 1309 2824 1345 omnis
2859 1293 3028 1362 lingua
3053 1294 3367 1360 conﬁtebitur
3396 1294 3554 1347 Deum
3580 1312 3769 1349 verum.
3822 1299 3949 1350 Pro-

2385 1382 2508 1434 inde
2531 1383 2618 1449 qui
2648 1381 2790 1445 dicit,
2822 1381 2934 1451 Ego
2960 1385 3117 1438 solus.
3142 1394 3185 1435 et
3205 1400 3294 1452 ego
3321 1399 3484 1447 verus,
3514 1384 3684 1439 Filius
3709 1396 3814 1440 est.
3845 1388 3948 1441 Cur

2385 1485 2510 1538 ergo
2527 1471 2795 1525 contendit
2810 1472 2874 1525 de
2895 1472 3088 1536 verbis,
3107 1473 3192 1526 ubi
3213 1475 3471 1526 consentit
3485 1475 3712 1528 veritas?
3732 1477 3840 1530 Cur
3865 1479 3949 1531 ila-

2383 1577 2486 1630 qne
2515 1562 2720 1625 dixerit,
2755 1563 2822 1614 Te
2848 1565 3007 1617 solum
3031 1580 3196 1618 verum
3222 1563 3402 1626 Deum,
3429 1565 3620 1626 edisce,
3647 1575 3698 1619 et
3730 1583 3794 1620 ne
3823 1583 3946 1621 eou-

2384 1661 2550 1705 cerla.
2573 1651 2820 1705 Serv-ator
2848 1663 3136 1720 prmceptor
3161 1664 3242 1708 est
3270 1655 3468 1719 mundi,
3486 1666 3757 1710 corrector
3783 1659 3944 1720 orbis,

2380 1741 2470 1809 qui
2495 1742 2636 1808 lapsa
2658 1743 2828 1811 erigit,
2856 1743 3082 1796 errantia
3111 1743 3677 1800 reducitetinveterata
3709 1758 3942 1802 renovat.

2378 1835 2513 1898 Quia
2560 1843 2780 1888 noverat
2815 1849 3108 1888 sermonem
3158 1851 3308 1889 suum
3354 1851 3743 1904 processurum.
3773 1851 3826 1892 et
3857 1855 3945 1907 per

2381 1935 2547 1980 totum
2579 1927 2756 1980 orbem
2800 1927 3185 1995 propagandum
3224 1927 3287 1980 ad
3332 1929 3698 1997 corrigendum
3743 1932 3945 1998 gentili-

2381 2018 2508 2071 tium
2541 2031 2795 2080 errorem,
2821 2026 2871 2069 et
2899 2016 2964 2069 ad
2991 2018 3369 2085 coarguendam
3397 2018 3667 2072 Judaicam
3695 2020 3943 2075 incredu-

2381 2105 2584 2158 lilatcm
2611 2147 2624 2170 ,
2657 2107 2904 2174 utrinque
2945 2115 3100 2160 acuto
3147 2122 3271 2161 usus
3295 2119 3374 2161 est
3399 2122 3676 2172 sermone;
3722 2121 3779 2163 ut
3820 2112 3940 2167 dum

2376 2196 2526 2258 dicit,
2568 2194 2746 2248 Verum
2777 2206 2822 2248 et
2851 2197 3011 2249 solum
3057 2195 3238 2258 Deum,
3276 2197 3450 2265 plures
3501 2197 3768 2267 falsosque
3816 2201 3942 2256 deos

2377 2284 2696 2349 traduceret,
2723 2299 2948 2352 cumque
2976 2286 3170 2351 subdit,
3207 2287 3271 2338 Et
3297 2303 3438 2354 queiu
3465 2289 3643 2340 misisti
3666 2288 3938 2356 Christian,

2375 2372 2496 2428 illos
2517 2374 2604 2442 qui
2635 2375 3043 2428 incarnationem
3067 2386 3378 2444 negaverant
3405 2376 3720 2432 confutaret.
3747 2381 3941 2436 Praedi-

2375 2474 2459 2520 cat
2480 2465 2647 2520 solum
2672 2481 2851 2519 verum
2871 2467 3061 2530 Deum;
3088 2482 3189 2520 non
3209 2470 3499 2535 separando
3524 2485 3601 2535 se,
3626 2472 3717 2524 sed
3748 2473 3940 2527 instru-

2376 2562 2552 2608 menta
2591 2555 2786 2608 erroris
2837 2555 3186 2609 destruendo.
3234 2559 3403 2624 Atque
3435 2567 3488 2610 ut
3515 2557 3709 2623 discas,
3743 2559 3956 2626 frater,’

2377 2647 2547 2714 ipsum
2572 2661 2689 2700 esse
2715 2655 2764 2699 et
2786 2661 2966 2700 verum
2992 2647 3172 2710 Deum,
3207 2656 3258 2700 et
3278 2649 3385 2700 veri
3417 2648 3506 2701 Dei
3539 2649 3754 2714 Filium,
3782 2651 3936 2705 Joan-

2374 2752 2473 2790 nes
2521 2737 2833 2806 evangelista
2879 2737 2929 2789 in
2980 2752 3084 2804 quo
3128 2737 3239 2790 htec
3284 2737 3475 2806 scripta
3521 2749 3688 2795 sunt:
3723 2758 3844 2796 nam
3888 2745 3936 2798 in

2369 2826 2958 2897 Evangeliosecundnm
2976 2826 3226 2881 Joannem
3254 2826 3475 2880 habetur
3498 2846 3511 2882 :
3543 2829 3608 2883 Ut
3632 2847 3936 2900 cognoscant

2373 2925 2422 2968 te
2445 2917 2603 2968 solum
2623 2932 2788 2968 verum
2814 2915 2972 2968 Deum
2995 2917 3012 2981 (
3028 2916 3182 2967 Joan.
3219 2917 3301 2968 l7.
3332 2917 3365 2971 5
3385 2917 3436 2985 );
3465 2917 3598 2970 idem
3627 2920 3714 2974 ille
3742 2936 3933 2989 prarco,

2374 3008 2461 3075 qui
2493 3006 2604 3058 haec
2643 3006 2975 3073 pra-dicavit,
3008 3006 3058 3058 in
3090 3005 3322 3073 Epistola
3371 3022 3467 3060 sua
3511 3010 3692 3062 scribit
3724 3027 3738 3063 :
3769 3012 3933 3078 prima

2373 3104 2546 3148 autem
2577 3096 2806 3163 Epistola
2831 3097 2966 3149 inter
2995 3111 3057 3150 ea
3083 3112 3196 3165 quae
3235 3097 3286 3150 in
3327 3098 3559 3153 Ecclesia
3586 3101 3931 3168 recipiuntur,

2372 3201 2479 3238 non
2524 3185 2659 3239 inter
2687 3185 2984 3256 apocrypha
3009 3197 3314 3242 recensetur
3343 3187 3418 3258 (a)
3452 3205 3466 3241 :
3497 3205 3616 3243 nam
3650 3194 3932 3248 secundam

2371 3283 2426 3328 et
2472 3276 2674 3328 tertiam
2723 3285 2897 3343 patres
2925 3286 3070 3330 extra
3128 3291 3381 3330 eanonem
3437 3290 3656 3346 ponunt.
3707 3282 3931 3338 Primam

2369 3378 2497 3418 vero
2550 3365 2838 3432 Epistolam
2892 3366 3105 3421 Joannis
3159 3381 3312 3431 esse,
3370 3384 3553 3423 omnes
3577 3376 3927 3428 consentiunt.

2369 3453 2505 3518 Quid
2538 3453 2690 3523 igitur
2716 3454 2803 3508 ille
2831 3465 3044 3510 sanctus
3070 3471 3161 3524 per
3183 3459 3460 3525 epistolam
3487 3460 3552 3514 de
3581 3461 3688 3514 Deo
3714 3464 3933 3532 loquens

2371 3543 2619 3612 praedicet
2643 3545 3056 3599 animadvertere
3075 3561 3290 3600 necesse
3309 3558 3405 3601 est.
3432 3550 3684 3618 «Scimus,
3699 3570 3716 3601 ι
3745 3553 3929 3623 inquit,

2376 3651 2396 3683 ι
2427 3634 2668 3701 quoniam
2693 3634 2851 3687 Filius
2882 3634 2973 3689 Dei
3008 3637 3167 3698 venit,
3196 3643 3249 3690 et
3271 3636 3414 3690 dedit
3438 3638 3588 3692 nobls
3612 3654 3855 3706 sensum,
3879 3655 3933 3697 ut

2369 3735 2748 3791 cognoscamus
2776 3724 2920 3777 illum
2961 3725 3045 3794 qui
3073 3740 3227 3780 verus
3253 3736 3367 3789 est,
3400 3738 3453 3782 et
3495 3731 3658 3784 simus
3698 3732 3752 3786 in
3782 3749 3926 3798 vero,

2370 3811 2424 3865 in
2463 3812 2596 3866 Filio
2621 3815 2734 3881 ejus
2754 3813 2878 3868 Jesu
2900 3814 3128 3868 Christo.
3158 3815 3252 3869 Hic
3272 3825 3353 3869 est
3380 3832 3535 3871 verus
3555 3819 3711 3884 Deus,
3746 3831 3798 3875 et
3825 3824 3924 3875 vita

2368 3913 2565 3959 aeterna
2596 3923 2614 3956 ι
2643 3906 2660 3972 (
2687 3906 2735 3958 l.
2763 3905 2916 3958 Joan.
2946 3907 2998 3960 5.
3023 3905 3146 3976 20).
3181 3909 3299 3971 Iste,
3333 3908 3554 3974 fratres,
3584 3919 3638 3964 et
3664 3913 3751 3965 illa
3778 3913 3924 3979 dixit,

2369 4003 2424 4049 et
2448 3995 2559 4049 haec
2586 3995 2906 4063 praedicavit.
2952 3996 3156 4062 Adhuc,
3189 3998 3232 4050 si
3263 3997 3452 4066 placet,
3482 3998 3550 4053 de
3593 4014 3727 4056 voce
3776 4002 3930 4057 Solus

2371 4084 2798 4152 philosophemur
2841 4093 2897 4139 et
2941 4084 3287 4152 disputemus.
3341 4086 3612 4143 Adversus
3655 4091 3924 4146 infidelem

2370 4174 2546 4227 multa:
2572 4175 2773 4243 sagitttn
2819 4175 3111 4240 mittantur,
3158 4191 3263 4229 non
3288 4184 3344 4230 ut
3369 4190 3590 4246 corpora
3629 4179 3927 4243 vulnerent.

2369 4262 2460 4316 sed
2510 4271 2567 4315 ut
2611 4263 2898 4316 sententias
2946 4264 3230 4332 corrigam.
3281 4263 3600 4320 Emittantur
3650 4269 3810 4321 verba
3865 4270 3928 4323 ad

2369 4349 2567 4412 fideles,
2592 4351 2792 4418 sagitta:
2826 4366 2950 4404 vero
2989 4351 3052 4405 ad
3088 4352 3340 4407 inlideles.
3363 4353 3491 4407 Nam
3523 4355 3735 4424 Sagittae
3762 4368 3932 4425 poten-

2370 4442 2430 4492 tis
2476 4450 2658 4502 παίω,
2690 4441 2862 4508 populi
2900 4441 2989 4491 sub
3030 4451 3075 4493 te
3107 4442 3281 4494 cadent
3327 4442 3436 4513 (b),
3465 4445 3518 4496 in
3565 4445 3714 4497 corde
3761 4448 3928 4500 inimi-

2368 4546 2536 4582 corum
2568 4527 2753 4597 (Psal.
2779 4531 2868 4584 44.
2900 4529 2932 4584 6
2957 4531 2994 4599 ).
3025 4531 3111 4584 Ait
3135 4547 3260 4600 ergo
3287 4532 3469 4587 beatus
3489 4533 3779 4602 Jeremias,
3821 4540 3928 4593 sive

2369 4621 2538 4686 potius
2567 4619 2788 4683 Barueh,
2813 4620 2897 4688 qui
2919 4620 3202 4688 discipulus
3229 4621 3365 4675 illius
3404 4623 3518 4688 fuit,
3549 4623 3681 4678 sicut
3711 4627 3928 4682 Elisatus

2370 4709 2532 4762 Eli-.13:
2567 4728 2583 4760 ι
2609 4710 2707 4775 Qui
2753 4714 3060 4778 praeparavit
3099 4721 3288 4766 terram
3329 4714 3379 4766 in
3412 4723 3666 4768 aaternum
3699 4727 3924 4787 tempus,

2368 4801 2590 4867 replevit
2639 4817 2753 4856 eam
2805 4803 3054 4871 jumentis
3102 4814 3156 4857 et
3205 4805 3631 4873 quadrupedibus
3681 4824 3694 4859 :
3754 4811 3927 4864 emisit

2370 4891 2562 4956 lumen,
2592 4902 2645 4946 et
2675 4892 2845 4957 vadit;
2888 4893 3092 4947 vocavit
3118 4893 3242 4947 illud
3262 4935 3276 4959 ,
3305 4903 3358 4948 et
3385 4896 3614 4950 obedivit
3643 4899 3712 4951 illi
3745 4901 3795 4952 in
3821 4910 3927 4954 tre-

2368 4998 2533 5036 more.
2571 4984 2744 5037 Stella:
2786 4992 2959 5037 autem
3003 4984 3260 5038 fulserunt
3312 4986 3366 5039 in
3415 4988 3668 5042 custodiis
3713 4990 3845 5056 suis,
3877 5001 3928 5044 et

2369 5073 2554 5125 l:etat:e
2570 5081 2710 5135 sunt;
2732 5073 2935 5126 vocavit
2956 5073 3092 5141 ipsas
3107 5074 3303 5139 stellas,
3317 5093 3334 5125 ι
3353 5074 3542 5144 inquit,
3562 5086 3644 5132 «et
3657 5077 3923 5140 dixerunt,

2369 5161 2627 5214 Adsumus
2659 5178 2672 5211 :
2706 5170 2758 5215 et
2806 5160 3058 5216 fulserunt
3087 5162 3139 5216 in
3170 5161 3346 5218 laetitia
3389 5166 3436 5219 ei
3483 5167 3569 5233 qui
3609 5165 3734 5220 fecit
3776 5167 3921 5222 illas»

2432 5337 2501 5396 (a)
2537 5336 2657 5383 Vide
2681 5347 2822 5396 supra
2846 5337 2895 5383 in
2917 5339 3105 5385 Men-ito.

2432 5349 2501 5396 (τι)
2545 5349 2657 5383 vute
2681 5349 2822 5442 quira
2846 5350 2895 5383 in
2919 5349 3105 5385 MOD'ILO.

2431 5396 2500 5456 (b)
2535 5396 2585 5443 In
2611 5408 2720 5443 men
2755 5410 2784 5458 o
2809 5404 2884 5446 est
2907 5397 3038 5446 locus
3059 5397 3216 5458 Cyrilli
3241 5397 3546 5446 Alexandrini
3579 5397 3844 5448 Comment.
3872 5402 3928 5451 ad

2370 5459 2630 5522 Zachariam
2649 5471 2696 5503 n.
2721 5457 2797 5514 60,
2819 5458 2868 5522 in
2892 5457 3213 5518 exquisitione
3231 5459 3370 5522 hujus
3385 5465 3549 5506 textus
3567 5473 3580 5506 :
3600 5458 3791 5522 sagitta
3805 5463 3929 5520 ejus,

2370 5518 2626 5580 mystaqot/i
2646 5551 2659 5574 ,
2684 5528 2760 5580 eos
2783 5517 2865 5577 qui
2886 5517 3049 5566 errant
3071 5531 3231 5567 verum
3255 5517 3342 5566 Dei
3373 5525 3596 5580 naturam
3629 5517 3900 5580 irinorantcs
3917 5554 3931 5577 .

2370 5576 2655 5640 percutiunt,
2679 5576 2773 5626 illis
2797 5576 2887 5625 non
2910 5585 3109 5640 mortem
3131 5580 3376 5638 afferentes
3412 5578 3497 5627 sed
3518 5576 3796 5628 charit'atem
3826 5576 3937 5640 φιιέ

2370 5637 2437 5685 est
2462 5638 2507 5684 in
2532 5637 2741 5692 Christo,
2778 5646 2826 5684 ut
2857 5638 2942 5702 sub
2975 5638 3076 5701 ipso
3105 5637 3274 5700 feriant
3318 5641 3560 5701 Quinimo,
3585 5640 3788 5702 cadant.
3812 5637 3938 5692 sicut

2374 5705 2424 5745 et
2447 5711 2570 5747 ca‘co
2596 5706 2739 5758 latet.
2768 5697 2964 5748 Coteler.
