4158 6320
221 380 327 435 423

285 504 353 560 ς’.
406 495 620 564 Ἐπειδὴ
648 495 738 546 τὸν
766 494 956 564 ἐχθρὸν
988 490 1266 559 γυμνάζω,
1296 486 1466 541 ταῦτά
1499 503 1586 556 μοι
1611 488 1760 554 εἴρη-

215 602 331 649 ται,
363 585 449 638 ἴνα
481 585 612 655 μηδέ
639 601 779 645 τινες
804 584 911 635 τῶν
938 581 1238 635 διαϐάλλειν
1267 579 1558 647 φιλούντων
1598 577 1765 628 εῐπω-

219 692 315 727 σιν³
347 677 486 745 Ὅρα
514 675 625 739 πῶς
646 672 817 735 εἶπεν,
836 674 915 725 ὃτι
942 672 1115 724 πάντα
1135 670 1225 723 τοῦ
1254 668 1381 722 Υἱοῦ
1410 671 1543 731 ἐστι,
1562 669 1673 732 καὶ,
1706 667 1765 719 Ὀ

219 765 335 828 Υἱὸς
351 766 660 834 φθέγγεται,
681 766 770 817 καὶ
792 762 1065 826 ἀπέδειξεν
1093 760 1190 829 μὲν
1208 758 1485 828 ἀλλοτρίαν
1510 757 1606 825 τὴν
1636 774 1767 826 προ-

221 856 439 925 φητείαν
469 853 559 907 τοῦ
583 854 810 923 Πατρὸς.
830 851 973 922 [429]
1001 851 1131 903 ίδίαν
1150 850 1204 901 δὲ
1232 848 1325 901 τοῦ
1354 847 1495 902 Υἱοῦ.
1531 843 1767 916 Ἐστηκέ

219 962 302 1015 μοι
349 943 639 1004 ἀσάλευτος
672 944 698 994 6
730 944 853 1011 ὅρος
897 942 996 1009 τῆς
1039 940 1290 1001 πίστεως.
1349 937 1519 1005 Ἀγών
1549 940 1662 990 ἐστι
1708 936 1769 988 τὸ

216 1034 628 1103 γυμναζόμενον.
660 1033 912 1101 Δείκνυμι
940 1029 1170 1083 ἐνταῦθα
1195 1029 1285 1081 τὸν
1317 1030 1437 1081 ι’ἰὸν
1466 1027 1770 1095 φθεγγόμε-

216 1142 319 1185 νον.
346 1126 439 1177 καὶ
465 1126 591 1177 ὅταν
620 1140 677 1175 σε
701 1123 892 1185 πείσω,
920 1123 1041 1175 τότε
1070 1121 1302 1188 ἐμαυτὸν
1330 1119 1518 1183 πείθω,
1551 1117 1770 1188 Πατέρα

218 1211 469 1265 λαλοῦντα
489 1250 504 1272 ,
539 1210 665 1263 Υιδν
693 1210 1045 1280 κηρύττοντα,
1071 1209 1130 1260 τὸ
1157 1207 1376 1277 Πνεῦμα
1399 1209 1460 1260 τὸ
1494 1208 1646 1274 ἆγιον
1689 1206 1769 1259 θε-

219 1302 420 1363 σπίζον.
471 1300 617 1367 Ἐγὼ
651 1299 903 1365 πρῶτον,
931 1298 1046 1367 ἐγὼ
1077 1297 1174 1350 καὶ
1216 1299 1367 1367 μετὰ
1418 1297 1635 1359 ταῦτα,
1670 1298 1769 1349 καὶ

217 1386 378 1451 πλὴν
425 1386 569 1452 ἐμοῦ
603 1384 744 1449 Θεὸς
785 1386 893 1437 οὐκ
940 1385 1128 1438 ἐστιν.
1181 1388 1316 1439 Κατ’
1361 1386 1505 1454 ἐμοῦ
1553 1387 1769 1454 ὀμνύω.

218 1472 307 1535 Τίς
341 1474 485 1525 ἐστιν
517 1474 544 1523 6
586 1472 777 1539 λέγων,
821 1472 901 1524 ὅτι
960 1472 1103 1540 Ἐγώ
1137 1476 1285 1541 ειμι,
1318 1474 1415 1527 καὶ
1448 1476 1557 1527 οὐκ
1605 1474 1773 1527 ἐστιν

217 1563 441 1625 ἄλλος;
493 1562 584 1615 καὶ
620 1563 701 1614 ὅτι
759 1562 853 1614 Ἐκ
894 1563 1190 1630 στόματός
1234 1580 1352 1631 μου
1393 1564 1772 1626 ἐξελεύσεται

216 1651 596 1720 δικαιοσύνη;
628 1654 741 1715 καὶ,
790 1656 853 1706 Οἱ
886 1654 1050 1720 λότοι
1089 1672 1208 1721 μου
1246 1658 1358 1708 οὐκ
1389 1656 1773 1724 ἀποστραφή-

217 1758 442 1797 σονται·
491 1743 580 1795 ὅτι
628 1744 754 1811 ἐμοὶ
806 1742 1025 1811 κάμψει
1069 1743 1191 1798 πᾶν
1236 1745 1415 1812 γόνυ,
1466 1745 1564 1798 καὶ
1607 1745 1773 1799 πᾶσα

218 1832 461 1901 γλῶσσα
484 1833 984 1901 ἐξομολογήσεται
1012 1834 1161 1887 Θεὸν
1186 1834 1290 1887 τὸν
1310 1835 1630 1901 ἁληθινόν;
1653 1836 1773 1898 Πῶς

216 1922 364 1991 τίθης
386 1922 449 1974 τὸ
474 1923 653 1991 ρῆμας
681 1924 758 1986 εἰς
779 1924 898 1974 τίνα
918 1923 1271 1993 ἐκλαμϐάνεις
1290 1924 1351 1976 τὸ
1374 1924 1541 1993 ὄνομα
1561 1944 1576 1992 ;
1618 1927 1775 1979 Ἀλλά

221 2013 351 2081 μήτε
373 2014 437 2065 σὺ
464 2012 637 2080 φράζε
664 2012 700 2065 ἀ
731 2011 803 2081 μὴ
845 2010 989 2073 οίδας
1011 2053 1025 2075 ,
1058 2013 1192 2081 μήτε
1238 2012 1346 2079 ἐγὼ
1375 2014 1774 2083 ἐπαγγέλλομαι

219 2100 253 2152 ἃ
285 2101 357 2170 μὴ
397 2100 710 2169 ἐπίσταμαι.
756 2097 1229 2166 Ἀκολουθήσωμεν
1273 2099 1572 2167 διδασκάλῳ
1609 2115 1772 2150 πνευ-

220 2190 459 2259 ματικῷ,
506 2190 780 2259 δυναμένῳ
808 2192 953 2259 ἡμᾶς
984 2191 1259 2259 ποιχῆσαι
1301 2190 1437 2260 πρὸς
1477 2190 1773 2242 εὐσέϐειαν.

218 2282 303 2350 Μὴ
342 2283 521 2335 τοίνυν
559 2283 718 2335 ἄκουε
746 2283 872 2348 παρ’
900 2281 1067 2350 ἐμοῦ,
1096 2281 1207 2333 ἀλλ’
1252 2282 1414 2335 ἄκουε
1458 2282 1573 2350 μετ’
1618 2280 1771 2349 ἐμοῦ.

228 2374 365 2440 Ἐγὼ
407 2375 515 2427 τῶν
572 2373 1033 2443 ἐκκλησιαπικῶν
1094 2375 1373 2444 δογμάτων
1426 2374 1516 2428 τὸν
1569 2374 1776 2427 Παῦλον

218 2457 328 2515 οἶδα
357 2464 689 2516 διδάσκαλον.
740 2466 903 2517 ’Ὀταν
936 2465 1144 2517 Παῦλον
1188 2464 1363 2527 εἴπω,
1405 2467 1635 2537 Χριστὸν
1676 2484 1776 2534 κη-

220 2552 410 2622 ρύττω
446 2554 605 2615 αὐτὸς
634 2554 740 2622 γὰρ
769 2550 834 2621 ἦν
859 2556 887 2605 6
918 2556 974 2604 ἐν
1010 2553 1201 2621 Παύλῳ
1225 2554 1609 2623 φθεγγόμενος,
1638 2555 1777 2606 κατὰ

218 2642 275 2695 τδ
316 2644 630 2712 είρημένον³
681 2646 749 2696 El
797 2642 1050 2710 δοκιμὴν
1109 2642 1323 2709 ζητεῖτε
1374 2644 1481 2697 τοῦ
1536 2645 1605 2697 ἐν
1647 2647 1775 2713 ἐμοὶ

218 2734 550 2796 λαλοῦντος
576 2734 827 2801 Χριστοῦ
852 2734 1101 2803 ;Ταύτην
1125 2734 1299 2786 τοίνυν
1328 2736 1426 2804 τὴν
1447 2736 1777 2805 προφητείαν

228 2822 444 2878 Ἡσαΐου
478 2824 575 2891 τὴν
609 2823 1027 2893 προειρημένην,
1068 2824 1149 2886 τὸ,
1193 2822 1338 2890 Ἐγώ
1364 2827 1474 2892 ειμι
1497 2864 1511 2888 ,
1541 2824 1637 2877 καὶ
1669 2827 1779 2877 οὐκ

217 2910 381 2965 ἐστιν
412 2912 624 2976 ἄλλος·
660 2912 751 2964 καὶ
771 2952 784 2975 ,
814 2913 949 2966 Κατ’
982 2913 1237 2981 ἐμαυτοῦ
1266 2914 1462 2980 ὀμνύω
1483 2952 1496 2970 .
1533 2913 1620 2965 ὅτι
1651 2913 1778 2981 ἐμοὶ

219 3002 433 3070 κάμψει
470 3002 592 3057 πᾶν
620 3004 782 3071 γόνυ,
818 3004 913 3057 καὶ
944 3001 1111 3056 πᾶσα
1143 3002 1393 3070 γλῶσσα
1420 3003 1778 3072 ἐξομολογοήο

216 3105 378 3144 σεται
409 3092 516 3144 τὸν
551 3094 697 3145 Θεὸν
730 3093 834 3146 τὸν
864 3092 1169 3159 ἀληθινὸν,
1211 3091 1415 3154 Παῦλος
1443 3095 1521 3154 εἰς
1546 3093 1777 3162 Χριστὸν

216 3179 595 3248 ἀναλαμϐάνει.
632 3181 740 3233 Καὶ
772 3181 873 3233 ποῦ
904 3182 1102 3248 ταύτην
1135 3182 1404 3250 εὑρίσκεις
1437 3181 1531 3249 τὴν
1564 3181 1776 3233 ἀπόδει-

218 3268 294 3330 Ειν
322 3286 336 3334 ;
378 3270 736 3323 Ἐπιστέλλων
776 3271 1061 3339 Ῥωμαίοις
1092 3271 1242 3338 φησί’
1274 3271 1355 3323 Σὺ
1382 3270 1449 3322 δὲ
1479 3272 1534 3323 τί
1561 3272 1777 3337 κρίνεις

215 3358 316 3418 τὸν
352 3359 619 3428 ἀδελφόν
663 3376 813 3423 σου;
858 3361 895 3427 ἢ
931 3362 1028 3414 καὶ
1081 3362 1161 3415 σὺ
1209 3364 1265 3415 τί
1308 3361 1643 3427 ἐξουθενεῖς
1674 3363 1778 3415 τὸν

214 3448 475 3517 ἀδελφόν
526 3465 679 3514 σου;
712 3452 768 3503 τί
798 3451 1106 3517 ἀλλήλους
1126 3453 1354 3519 κρίνετε
1373 3468 1391 3515 ;
1411 3453 1636 3516 Πάντες
1669 3452 1777 3519 γὰρ

214 3544 718 3610 παραστησόμεθα
770 3542 848 3607 τῷ
899 3544 1123 3611 βήματι
1172 3544 1281 3597 τοῦ
1335 3544 1613 3611 Χριστοῦ.
1669 3542 1773 3595 Γέ-

215 3646 460 3698 γραπται
485 3631 614 3700 γάρ’
644 3633 734 3687 Ζῶ
759 3633 891 3701 ἐγὼ,
920 3634 1078 3702 λέγει
1104 3636 1339 3701 Κύριος,
1364 3633 1450 3686 ὅτι
1481 3633 1607 3700 ἐμοὶ
1635 3632 1779 3701 κάμ-

214 3722 309 3786 ψει
337 3721 460 3774 πᾶν
487 3723 651 3787 γόνυ,
670 3725 768 3775 καὶ
797 3722 963 3777 πᾶσα
989 3724 1240 3791 γλῶσσα
1269 3724 1775 3792 ἐξομολογήσεται

214 3806 317 3859 τὸν
355 3808 505 3861 Θεὸν
537 3809 643 3861 τὸν
686 3811 988 3876 ἀληθινόν.
1057 3813 1287 3873 Ἐκεῖνος
1315 3815 1341 3864 6
1384 3813 1555 3879 λέγων
1578 3830 1590 3844 ο
1634 3814 1777 3880 Ἐγώ

213 3898 341 3964 ειμι,
385 3899 485 3951 καὶ
527 3900 635 3951 οὐκ
661 3899 829 3951 ἔστιν
854 3900 1061 3964 ἄλλος’
1100 3902 1224 3953 κατ’
1263 3902 1517 3968 ἐμαυτοῦ
1558 3903 1773 3969 ὀμνύω,

214 3985 298 4040 ὅτι
326 3989 453 4057 ἐμοὶ
488 3988 708 4057 κάμψει
746 3990 866 4044 πᾶν
894 3993 1060 4059 γόνυ.
1090 3994 1151 4044 EE
1184 3993 1359 4045 τοίνυν
1387 3997 1413 4046 6
1453 3995 1657 4056 Παῦλος
1699 3997 1775 4057 εἰς

211 4078 439 4149 Χριστὸν
470 4081 728 4149 ἀναφέρει
761 4082 857 4150 τὴν
895 4084 1245 4151 προφητείαν·
1282 4085 1309 4135 6
1344 4084 1398 4135 δὲ
1433 4087 1488 4136 ἐν
1522 4085 1598 4153 τῷ
1643 4102 1771 4152 προ-

211 4171 349 4241 φήτῃ
380 4171 749 4241 φθεγγόμενος
778 4173 1007 4238 Χριστός
1040 4175 1177 4236 ἐστι,
1218 4174 1365 4240 λέγει
1390 4175 1445 4227 δὲ
1470 4179 1496 4228 6
1524 4177 1770 4245 Χριστός·

222 4258 363 4327 Ἐγώ
381 4262 501 4327 ειμι
527 4261 738 4327 μόνος,
760 4260 856 4313 καὶ
884 4263 993 4314 οὐκ
1031 4261 1202 4315 ἔστιν
1234 4262 1441 4328 ἄλλος’
1473 4265 1665 4316 οὐκοῦν
1693 4268 1774 4317 ἐκ·

212 4348 385 4402 ϐάλλει
414 4350 507 4401 τὸν
536 4350 752 4416 Πατέρα
773 4349 874 4416 τῆς
899 4350 1177 4420 θεότητος;
1215 4352 1349 4404 Ἀλλ’
1380 4354 1477 4405 οὐκ
1507 4354 1771 4409 ἐκϐάλλει.

209 4437 389 4507 ὥσπερ
410 4436 505 4490 οῦν
527 4440 625 4490 οὐκ
649 4439 914 4492 ἐκϐάλλειο
946 4441 1235 4509 ἀμέριστος
1270 4443 1376 4511 γὰρ
1404 4446 1435 4512 ἡ
1471 4444 1612 4508 δόξα.
1637 4445 1775 4495 Οὐκ-

208 4522 298 4575 οῦν
317 4525 691 4576 ἀποδέδεικται
727 4528 929 4591 σαφῶς,
952 4528 1031 4579 ὃτι
1049 4528 1235 4598 ὥσπερ
1262 4532 1289 4581 6
1312 4530 1435 4591 Υίὸς
1460 4532 1584 4583 ὅταν
1607 4531 1771 4598 λέγει,

220 4615 353 4683 Ἑμῦ
376 4618 493 4683 ειμι
524 4616 733 4682 μόνος,
772 4618 869 4668 οὐκ
896 4619 1142 4670 ἐκϐάλλει
1175 4621 1263 4671 τὸν
1299 4623 1532 4689 Πατέρα·
1580 4623 1771 4687 οὕτως,

207 4706 322 4758 οὐδὲ
365 4709 495 4759 ὅταν
529 4708 658 4775 περὶ
705 4706 911 4775 Πατρὸς
947 4707 1119 4773 λέγει,
1166 4710 1291 4760 Ἵνα
1323 4712 1660 4777 γινώσκωσι
1699 4732 1771 4765 σε

208 4796 307 4848 τὸν
345 4798 543 4863 μόνον
591 4797 877 4861 ἀληθινὸν
930 4797 1094 4858 Θεὸν,
1152 4799 1338 4849 ἑαυτὸν
1376 4801 1623 4867 ἀφορίζει
1673 4802 1771 4867 τῆς

208 4884 477 4953 ἀληθείας.
511 4886 620 4936 Καὶ
642 4885 701 4936 οὑ
731 4884 887 4937 τοῦτο
919 4888 1073 4954 μόνον
1105 4889 1266 4947 ἰᾶται,
1296 4888 1427 4940 ἀλλὰ
1455 4890 1561 4957 γὰρ
1592 4891 1683 4941 καὶ
1713 4890 1771 4941 τὸ

209 4969 341 5028 εἶναι
369 4974 626 5043 ἀληθινὸν
652 4974 780 5026 Θεὸν
812 4976 901 5027 τὸν
929 4978 1179 5045 Χριστὸν,
1212 4978 1271 5041 ἐξ
1306 4980 1472 5047 αὐτῆς
1501 4980 1598 5047 τῆς
1630 4997 1767 5047 μαρ-

209 5063 390 5131 τυρίας
414 5062 768 5131 προφέρεται·
801 5065 990 5130 ἐπάγει
1017 5066 1123 5133 γάρ
1148 5084 1161 5095 σ
1192 5068 1297 5119 Καὶ
1329 5068 1493 5120 πᾶσα
1522 5068 1768 5135 γλῶσσα

208 5150 709 5219 ἐξομολογήσεται
732 5150 838 5203 τὸν
865 5154 1009 5204 Θεὸν
1044 5156 1147 5207 τὸν
1172 5156 1479 5219 ἀληθινόν.
1516 5157 1719 5208 Οὐκοῦν
1742 5160 1769 5208 6

208 5247 392 5313 λέγων,
432 5246 581 5314 Ἐγὼ
597 5245 803 5312 μόνος,
832 5246 927 5297 καὶ
959 5247 1072 5312 ἐγὼ
1092 5250 1393 5315 ἀληθινὸς,
1422 5254 1449 5302 6
1478 5252 1599 5313 Υἱός
1628 5255 1763 5304 ἐστι.

208 5340 268 5392 Τί
293 5341 466 5394 τοίνυν
495 5339 737 5406 διαφέρει
759 5340 881 5407 περὶ
907 5339 970 5390 τὰ
998 5342 1234 5409 ῥήματα,
1261 5346 1650 5414 συμφωνούσης
1674 5351 1768 5415 τῆς

206 5436 490 5503 ἁληθείας;
534 5433 683 5484 Διατί
723 5426 811 5483 οὖν
850 5428 989 5495 εἶπε,
1026 5434 1099 5484 Σὲ
1132 5436 1237 5485 τὸν
1264 5440 1455 5503 μόνον
1482 5441 1770 5505 ἀληθινὸν

208 5530 367 5592 Θεὸν,
401 5526 662 5582 παιδεύου
683 5567 695 5587 ,
727 5527 817 5578 καὶ
842 5526 915 5595 μὴ
946 5526 1139 5593 μάχου,
1190 5530 1245 5580 Ὀ
1273 5532 1458 5600 Σωτὴρ
1478 5536 1768 5604 παιδευτὴς

208 5625 317 5676 ἐστι
355 5624 451 5677 τοῦ
508 5622 748 5690 κόσμου,
799 5621 1084 5689 διορθωτὴς
1118 5623 1213 5690 τῆς
1270 5628 1607 5696 οξκουμένης,
1649 5636 1675 5683 ὁ
1702 5634 1767 5684 τὰ

1172 354 1235 409 ΙΝ
1273 350 1498 415 ILLUD,
1534 348 1598 403 IN
1636 345 1779 413 QUA
1818 343 2241 411 POTESTATE,
2278 342 2425 398 ETC.

3300 345 3409 398 424

1867 484 2187 534 πεπτωκότα
2250 480 2499 548 ἐγείρων,
2557 477 2585 528 6
2630 473 2696 527 τὰ
2746 473 3133 542 πεπλανημένα
3178 472 3428 541 ἐπιστρέ-

1863 590 1997 641 φων,
2042 572 2135 625 καὶ
2182 571 2250 623 τά
2298 565 2725 634 πεπαλαιωμένα
2768 562 3146 626 ἀνακαινίζων.
3213 562 3427 632 Ἐπειδὴ

1861 664 1976 733 ⁴ξὶδει
2010 663 2098 715 τὸν
2142 661 2331 714 ἑαυτοῦ
2382 659 2537 726 λόγον
2586 658 2841 727 προϊόντα
2897 657 2990 707 καὶ
3025 655 3315 724 ἰσχύσαντα
3349 655 3428 715 εἰς

1864 755 2040 806 πᾶσαν
2064 753 2160 823 τὴν
2184 752 2273 805 ὑπ’
2294 750 2541 820 οὐρανὸν,
2574 752 2653 811 εἰς
2672 748 2952 817 διόρθωσιν
2977 746 3079 816 τῆς
3115 745 3428 814 Ἑλληνικῆς

1864 840 2103 909 πλάνης,
2156 840 2249 891 καὶ
2281 839 2358 900 είς
2392 837 2604 904 ἔλεγχον
2638 834 2735 903 τῆς
2779 833 3071 899 Ἰουδαϊκῆς
3118 830 3425 892 ἀπειθείας,

1863 930 2109 1001 δίστομον
2139 930 2400 999 προφέρει
2432 928 2521 980 τὸν
2548 926 2700 993 λόγον
2721 941 2734 955 ·
2768 926 2853 977 ἵνα
2898 924 2962 975 δι’
2994 923 3092 991 ἐμὲ
3144 922 3253 976 Τὸν
3284 922 3429 987 ἁλη-

1866 1019 2034 1074 θινὸν
2059 1032 2083 1060 ι
2124 1022 2219 1073 καὶ
2250 1021 2440 1086 μόνον
2478 1019 2650 1069 εἰπεῖν
2685 1017 2790 1068 τὸν
2823 1014 2988 1077 Θεὸν,
3035 1014 3159 1073 τοὺς
3205 1010 3430 1072 πολλοὺς

1865 1112 1958 1164 καὶ
1983 1110 2361 1178 ψευδωνύμους
2405 1106 2741 1176 στηλιτεύσῃ’
2787 1104 2875 1155 διὰ
2912 1104 2968 1156 δὲ
2998 1102 3059 1154 τὸ
3109 1103 3427 1168 ἐπαγαγεῖν,

1867 1202 1976 1255 Καὶ
1999 1198 2436 1262 ὃνάπέστειλας
2457 1196 2733 1264 Χριστὸν,
2750 1195 2874 1256 τοὺς
2896 1196 3032 1262 ὴρνη
3043 1192 3233 1261 μένους
3245 1190 3340 1259 τὴν
3361 1192 3431 1242 ol-

1866 1294 2119 1362 κυνομίαν
2139 1291 2351 1361 ἐλέγξῃ.
2374 1291 2457 1359 Κη
2468 1288 2645 1358 ρύττει
2670 1288 2826 1356 μόνον
2842 1285 3088 1355 ἀληθινὸν
3114 1281 3261 1351 1450]
3276 1282 3426 1334 666v-

1866 1385 1960 1453 οὐχ
2008 1383 2195 1436 ἐαυτὸν
2221 1382 2509 1451 ἀφορίζων,
2545 1380 2676 1431 ἀλλά
2714 1378 2809 1430 καὶ
2846 1376 3052 1445 ὄργανα
3094 1376 3190 1443 τῆς
3224 1374 3431 1443 πλάνης

1866 1472 2159 1539 ἀφανίζων.
2190 1470 2296 1522 Καὶ
2326 1470 2410 1521 ἵνα
2443 1467 2635 1538 μάθῃς,
2666 1465 2881 1532 ἀδελφέ,
2903 1465 2983 1516 ὅτι
3011 1462 3171 1523 αὑτός
3195 1464 3308 1514 ἐστι
3338 1463 3431 1513 καὶ

1867 1560 2113 1629 ἀληθινὸς
2145 1560 2273 1622 Θεὸς
2292 1601 2305 1622 ,
2337 1559 2429 1611 καὶ
2459 1554 2707 1625 ἀληθινοῦ
2744 1553 2877 1607 Θεοῦ
2908 1554 3035 1615 Υἱὸς
3058 1591 3073 1617 ,
3108 1552 3358 1620 Ἰωάννης
3403 1554 3432 1603 6

1869 1649 2288 1718 Εὑαγγελιστὴς,
2326 1650 2381 1701 ἐν
2428 1642 2471 1714 ᾧ
2506 1646 2674 1698 ταῦτα
2708 1645 3012 1714 γέγραπται
3053 1643 3149 1711 (ἐν
3197 1641 3303 1710 γὰρ
3353 1640 3431 1710 τῷ

1868 1741 2181 1810 Εὐαγγελίῳ
2198 1740 2273 1809 τῷ
2297 1739 2436 1792 κατὰ
2468 1738 2713 1803 Ἰωάννην
2734 1739 2924 1787 κεῖται·
2942 1735 3073 1787 Ἵνα
3095 1731 3435 1801 γινώσκωσᾶ

1868 1846 1940 1883 σε
1952 1830 2057 1882 τὸν
2070 1831 2259 1898 μόνον
2277 1828 2565 1895 ἀληθινὸν
2588 1829 2775 1893 Θεὸν),
2796 1825 2954 1887 αὐτὸς
2972 1826 3173 1885 ἐκεῖνος
3193 1824 3219 1874 6
3242 1818 3430 1890 κήρυξ,

1868 1923 1897 1973 6
1922 1918 2091 1971 ταῦτα
2134 1918 2400 1986 κηρύξας,
2425 1917 2581 1977 αὐτὸς
2612 1917 2669 1966 ἐν
2700 1918 2765 1984 τῇ
2812 1912 3097 1981 Ἐπιστολῇ
3138 1914 3201 1981 τῇ
3238 1910 3431 1962 ἐαυτοῦ

1869 2011 2111 2080 γράφων·
2142 2008 2249 2061 τῶν
2275 2009 2331 2060 δὲ
2355 2005 2873 2074 ἐκκλησιαζομένων,
2902 2005 2960 2055 ού
2980 2002 3086 2054 τῶν
3104 2002 3432 2071 ἁποκρύφων

1873 2102 1971 2169 μὲν
1997 2102 2030 2170 ἡ
2056 2098 2241 2169 πρώτη
2286 2098 2588 2166 Ἐπιστολή
2612 2097 2706 2165 τὴν
2732 2095 2838 2165 γὰρ
2863 2094 3114 2164 δευτέραν
3138 2093 3228 2145 καὶ
3246 2093 3431 2162 τρίτηι

1870 2196 1918 2248 οἱ
1942 2194 2179 2263 Πατέρες
2200 2194 2662 2256 ἀποκανονίζουσι.
2689 2193 2799 2260 Τὴν
2839 2191 3019 2260 μέντοι
3046 2189 3267 2259 πρώτην
3293 2190 3430 2241 ‘Em:

1873 2283 2062 2353 στολὴν
2076 2284 2309 2345 ἅπαντες
2325 2280 2458 2334 εἶναι
2476 2282 2715 2333 Ἰωάννου
2750 2277 3048 2348 συμφώνως
3070 2280 3432 2347 ἀπεφήναντο.

1873 2372 1937 2426 Τί
1964 2368 2054 2425 οῦν
2085 2376 2285 2435 ἐκεῖνος
2317 2376 2345 2424 6
2374 2374 2523 2441 ἆγιος
2556 2373 2642 2424 διὰ
2682 2372 2783 2440 τῆς
2827 2372 3141 2440 Ἐπιστολῆς
3176 2370 3431 2439 κηρύττει

1872 2463 2151 2530 θεολογῶν,
2189 2464 2471 2532 προσέχειν
2496 2465 2803 2530 ἀναγκαῖον.
2838 2464 3108 2529 Οἴδαμεν,
3142 2462 3323 2531 φησὶν,
3343 2462 3432 2513 ὅτι

1871 2556 1904 2606 ό
1952 2554 2079 2618 Υἱὸς
2104 2554 2207 2606 τοῦ
2247 2555 2392 2606 Θεοῦ
2422 2553 2572 2618 ἣκει,
2609 2554 2705 2605 καὶ
2734 2553 2955 2605 ἔδωκεν
2977 2552 3118 2620 ἡμῖν
3142 2552 3430 2613 διάνοιαν,

1871 2645 1970 2697 ἵνα
2005 2643 2384 2711 γινώσκωμεν
2420 2645 2525 2696 τὸν
2557 2644 2862 2708 ἀληθινόν·
2896 2645 2991 2696 καὶ
3024 2643 3211 2709 ἐσμὲν
3254 2642 3323 2694 ἐν
3354 2641 3435 2705 τῷ

1872 2732 2149 2798 ἀληθινῷ,
2184 2732 2346 2797 ἐντῷ
2378 2732 2484 2795 Υιῷ
2507 2733 2690 2785 αὑτοῦ
2744 2733 2933 2798 Ἰησοῦ
2959 2731 3201 2799 Χριστῷ.
3247 2728 3435 2796 Οὗτός

1873 2825 2040 2877 ἐστιν
2066 2828 2098 2877 ό
2128 2824 2409 2890 ἀληθινὸς
2450 2827 2592 2888 Θεὸς
2611 2863 2623 2885 ,
2670 2826 2767 2875 καὶ
2807 2822 2916 2890 ζωὴ
2956 2824 3206 2888 αἰώνιος.
3236 2820 3430 2885 Οὗτος,

1873 2913 2106 2981 ἀδελφοὶ,
2156 2916 2376 2966 κάκεῖνα
2406 2911 2560 2976 εἶπε,
2611 2916 2703 2967 καὶ
2754 2914 2926 2967 ταῦτα
2954 2914 3235 2984 ἐκήρυξεν.
3281 2915 3431 2968 Ἐπι-

1873 3002 2053 3057 πλεῖον
2086 3006 2133 3056 εί
2180 3005 2324 3056 δοκεῖ
2364 3006 2440 3067 εῑς
2477 3006 2536 3056 τὸ
2559 3046 2571 3069 ,
2598 3008 2803 3071 μόνος,
2847 3005 3308 3073 φιλοσοφήσωμεν,
3340 3004 3434 3057 καὶ

1873 3094 2282 3161 ἀγωνισώμεθα.
2314 3095 2453 3162 Πρὸς
2478 3095 2566 3145 τὸν
2596 3096 2819 3148 ἄπιστον
2846 3094 3011 3146 πολλὰ
3039 3095 3106 3147 τὰ
3136 3095 3260 3163 βέλη
3296 3112 3434 3163 πεμ-

1874 3183 2083 3236 πέσθω·
2122 3184 2244 3252 βέλη
2267 3223 2279 3244 ,
2312 3186 2408 3252 οὐχ
2447 3184 2535 3235 ἴνα
2576 3184 2759 3256 τρώσῃ
2805 3187 2870 3237 τὰ
2906 3186 3157 3255 σώματα,
3193 3187 3306 3238 ἀλλ’
3346 3188 3431 3239 ἵνα

1870 3273 2136 3345 διορθὼσῃ
2192 3274 2259 3326 τά
2308 3276 2645 3345 φρονήματα.
2714 3277 3018 3345 Πεμπέσοω
3065 3280 3278 3346 ῥήματα
3336 3279 3433 3346 μὲν

1872 3366 2006 3433 πρὸς
2048 3367 2174 3427 τοὺς
2218 3368 2472 3428 πιστοὺς,
2524 3366 2647 3435 βέλη
2691 3366 2746 3417 δὲ
2793 3368 2925 3437 πρὸς
2980 3370 3101 3431 τοὺς
3154 3369 3430 3431 ἀπίστους.

1878 3456 1953 3508 Τὰ
2005 3455 2160 3521 ,ϐέλη
2197 3457 2222 3495 δ
2257 3456 2363 3524 γάρ
2414 3455 2520 3508 τοῦ
2575 3456 2831 3521 δυνατοῦ
2880 3458 3249 3525 ἠκονημένα,
3305 3460 3433 3514 λαοὶ

1871 3544 2144 3600 ὑποκάτω
2178 3560 2292 3597 σου
2322 3546 2669 3607 πεσοῦνται,
2704 3547 2771 3598 ἐν
2799 3546 3007 3614 καρδίᾳ
3041 3548 3157 3599 τῶν
3186 3548 3429 3615 ἐχθρῶν.

1873 3632 2034 3700 Λέγει
2097 3633 2272 3685 τοίνυν
2337 3635 2365 3684 6
2429 3635 2691 3703 μακάριος
2762 3634 3065 3704 Ἱερεμίας,
3126 3636 3320 3706 μᾶλλον
3376 3637 3434 3689 δὲ

1873 3721 2081 3790 Βαρουχ
2134 3723 2163 3773 6
2211 3722 2452 3791 μαθητὴς
2511 3723 2709 3786 αὑτοῦ,
2765 3725 2839 3785 ὼς
2885 3727 2911 3777 6
2979 3726 3273 3788 Ἐλισσαῖος
3339 3727 3435 3779 τοῦ

1885 3817 2083 3878 Ἠλίου,
2128 3818 2190 3870 '0
2222 3818 2673 3881 κατασκευάσας
2704 3817 2817 3883 τὴν
2847 3818 2963 3884 γῆν
2990 3822 3074 3883 εἰς
3118 3821 3223 3870 τὸν
3252 3822 3435 3874 αίώνα

1873 3913 2111 3976 χρόνον,
2156 3910 2491 3974 ἐνέπλησεν
2518 3913 2709 3977 αὐτὴν
2741 3912 2972 3978 κτηνῶν
3004 3930 3063 3965 τε
3105 3916 3198 3967 καὶ
3233 3932 3431 3981 τετραο

1874 4003 2088 4055 πόδων’
2122 4003 2438 4057 ἀπέστειλε
2475 4006 2537 4055 τὸ
2570 4001 2727 4071 φῶς,
2776 4008 2869 4060 καὶ
2911 4008 3218 4073 πορεύεται
3241 4024 3255 4039 ·
3292 4008 3432 4059 ἐκά-

1869 4101 2052 4149 λεσεν
2089 4098 2254 4158 αὐτὸ,
2290 4098 2387 4149 καὶ
2432 4100 2780 4163 ὑπήκουσεν
2825 4101 2982 4165 αὐτῷ
3021 4104 3231 4169 τρόμῳ.
3260 4106 3321 4155 Οἱ
3368 4103 3435 4155 δὲ

1871 4190 2117 4257 ἀστέρες
2157 4192 2435 4259 ἔλαμψαν
2481 4193 2549 4245 ἐν
2589 4194 2715 4258 ταῖς
2742 4197 3040 4262 φυλακαῖς
3085 4197 3301 4258 αὐτῶν,
3339 4200 3434 4251 καὶ

1871 4285 2309 4351 ε’ὺφράνθησαν.
2363 4288 2688 4339 Ἐκάλεσεν
2716 4290 2934 4355 αὐτοὺς
2965 4292 3104 4357 τοὺς
3144 4293 3428 4359 ἀστέρας.

1873 4379 2003 4445 φησὶ
2026 4416 2039 4440 ,
2069 4378 2165 4429 καὶ
2201 4375 2394 4439 εἶπαν,
2437 4381 2769 4449 Πιὶρεσμεν·
2802 4385 2896 4435 καὶ
2925 4388 3205 4452 ἔλαμψαν
3242 4389 3309 4438 ἐν
3337 4391 3435 4441 εὐ-

1872 4475 2144 4539 φροσύνῃ
2172 4473 2248 4537 τῷ
2276 4475 2593 4539 ποιήσαντι
2626 4480 2867 4542 αὐτούς.
2902 4481 3010 4531 Καὶ
3041 4482 3275 4533 τοσαῦτα
3324 4482 3436 4535 οεο-

1871 4568 2101 4636 λογὴσας
2122 4606 2133 4627 .
2169 4569 2349 4637 φησίν·
2376 4565 2560 4633 Οὗτος
2588 4574 2619 4623 ό
2658 4572 2797 4635 Θεὸς
2824 4572 3009 4638 ἡμῶν,
3042 4578 3111 4626 οὑ
3150 4577 3434 4642 λογισθή-

1870 4680 2037 4714 σετιιι
2080 4662 2277 4728 ἔτερος
2321 4662 2467 4727 πρὸς
2505 4667 2708 4715 αὐτόν.
2748 4666 2980 4734 Πρόσεχε
3013 4668 3284 4734 ἀκριϐῶς,
3320 4670 3435 4732 πῶς

1870 4757 2143 4805 ἀποκλείει
2171 4756 2243 4822 τῷ
2274 4757 2459 4822 ἑτέρῳ.
2486 4759 2567 4807 Οὐ
2610 4759 3027 4823 λογισθήσεται
3065 4761 3260 4829 ἕτερος
3286 4766 3433 4831 πρὸς

1868 4848 2069 4897 αὐτόν.
2123 4848 2349 4911 Ἐξεῦρε
2374 4847 2577 4899 πᾶσαν
2607 4851 2747 4900 όδὸν
2776 4852 3135 4921 ἐπιστήμης,
3172 4858 3269 4911 καὶ
3292 4858 3430 4911 ἑδω-

1869 4956 1973 4991 κεν
2001 4941 2191 5004 αὐτὴν
2239 4943 2443 4994 Ἰακὼϐ
2484 4944 2561 5006 τῷ
2588 4946 2746 4997 παιδὶ
2779 4950 2997 5011 αὐτοῦ,
3047 4953 3141 5003 καὶ
3190 4954 3434 5022 Ἰσραὴλ

1868 5033 1945 5096 τῷ
1966 5036 2320 5103 ἠγαπημένῳ
2341 5039 2437 5090 ὑπ’
2460 5039 2660 5091 αὐτοῦ.
2690 5044 2848 5096 Μετὰ
2872 5044 3050 5098 ταῦτα
3067 5048 3163 5099 ἐπὶ
3189 5048 3297 5115 τῆς
3323 5050 3432 5118 τῆς

1932 5282 1955 5309 α
1998 5280 2209 5329 Coleler.
2234 5281 2353 5341 conj.
2384 5284 2459 5327 διὰ
2480 5286 2559 5342 μὲν
2580 5286 2633 5330 τὸ
2657 5304 2696 5332 τ.
2734 5289 2807 5334 ἀλ.

1927 5342 1956 5378 b
1985 5342 2166 5409 ~(Lg-fill.
2212 5344 2378 5395 Alex..
2408 5345 2472 5409 ,ιιι
2520 5349 2849 5409 e_xqgi<ilinne
2901 5350 3043 5407 hujus
3079 5358 3241 5398 lenus
3266 5372 3275 5397 ι
3305 5353 3425 5407 Βέλη

1868 5402 2012 5473 αῦτοῦ
2043 5404 2087 5445 οἱ
2116 5402 2453 5473 μυσταγωγοίᾲ
2485 5402 2671 5473 τοὺςζδέ
2711 5424 2777 5473 γε.
2797 5402 3201 5470 πεπλανημένους,
3231 5413 3310 5456 καὶ
3347 5402 3422 5457 τὸί

1869 5461 2001 5525 φύσει
2022 5476 2071 5506 τε
2102 5461 2535 5525 καί-ἀληθῷςᾼΘεον
2554 5466 2650 5525 ,οῦκ
2686 5461 2883 5522 εἰδότας,
2912 5461 3213 5525 πλήττουσιν.
3246 5474 3331 5515 οὐκ
3364 5473 3427 5525 είς

1868 5522 2089 5597 θάνατον,
2106 5521 2293 5591 ﬁtnisi;
2315 5523 2499 5592 ἀγάπην
2512 5521 3012 5597 αὐτοὺςοόιποφέροντες
3042 5534 3124 5585 τήν
3148 5532 3192 5576 ἐν
3218 5521 3424 5590 Χριστῷ,

1866 5584 1939 5627 ἵνα
1976 5582 2055 5625 καὶ
2074 5582 2297 5626 ὑποκάτω
2323 5582 2537 5629 τύπτοιεν
2573 5586 2733 5633 αὐτοῦ.
2778 5582 2869 5637 Ubi
2920 5582 3281 5638 rescribendum
3317 5582 3425 5641 8555

1870 5642 2095 5700 πίπτοιεν,
2128 5642 2200 5689 ιοΙ
2230 5654 2355 5689 cmco
2383 5650 2530 5699 n1ch
2554 5644 2783 5694 Comen.
