4158 6320
735 344 848 399 425

732 425 922 491 ὤφθη,
949 422 1045 474 καί
1071 427 1191 487 τοῖς
1213 422 1538 488 ἀνθρώποις
1566 422 2028 492 συνανεστρὰρη
2059 437 2106 477 ι.
2131 419 2296 487 06:0;

731 511 762 561 6
786 508 916 569 Θεὸς
943 507 1117 576 ἡμῶν,
1146 507 1277 575 πρὸς
1304 507 1362 558 ὃν
1389 509 1470 560 Οὐ
1491 508 1912 576 λογισθήσεται
1933 509 2128 576 ἕτερος
2158 511 2299 577 πρὸς

732 591 1048 658 αὺτὸν-,ἐπὶ
1071 589 1175 657 τῆς
1202 591 1509 660 γῆςιῶρθη,
1536 593 1630 646 καί
1651 592 1771 656 τοῖς
1796 595 2122 661 ἀνθρώποις
2149 610 2298 647 συν-

731 676 1074 744 ανεστρὰφη
1097 677 1246 746 μετὰ
1284 678 1486 730 ταῦτα.
1535 679 1696 748 Ὁρᾷς
1725 679 1821 748 τὴν
1853 679 2105 749 ἀλήθειαν
2126 680 2299 748 ήσφα-

733 766 991 835 λισμένην
1013 783 1026 830 ;
1055 767 1195 836 Ὅρα
1218 766 1333 828 πῶς
1353 767 1413 819 ού
1433 766 1616 818 δίδωσι
1636 767 1987 834 παρείσδυσιν
2015 769 2079 836 τῇ
2104 767 2297 838 πλάνῃ,

733 853 819 904 ἵνα
839 852 912 922 μὴ
948 852 1198 914 Ἰουδαῖος
1213 853 1585 922 συκοφαντήσῃ
1612 852 1710 922 τὴν
1733 853 2008 922 ἀλήθειαν,
2033 853 2126 906 καὶ
2149 852 2297 922 εἴπῃ,

735 939 814 990 ὅτι
847 939 875 988 6
907 937 1038 999 Θεὸς
1068 936 1221 1007 ὤφθη
1244 938 1320 1006 τῷ
1351 937 1571 1007 Μωῦσῇ·
1603 936 1753 1008 ὤφθη
1783 939 1890 1008 γάρ
1912 939 2042 1001 Θεὸς
2074 942 2130 991 ἐν
2163 939 2296 1008 ὄρει.

735 1022 872 1091 Παρ’
909 1021 1070 1074 αὑτὸν
1103 1022 1201 1074 οὐκ
1249 1021 1393 1074 ἐστιν
1423 1023 1603 1084 ἀλλος·
1649 1025 1742 1075 καὶ
1783 1025 1884 1076 υύκ
1928 1024 2176 1076 ἐκϐάλλει
2211 1024 2302 1076 τὸν

737 1106 954 1177 Πατέρα
980 1107 1080 1174 τῆς
1107 1107 1290 1176 θεῖκῆς
1335 1107 1508 1172 ἀξίας.
1538 1109 1727 1179 Πατὴρ
1775 1110 1870 1162 ἐὰν
1912 1109 2083 1178 κληθῇ
2122 1108 2300 1177 μόνος,

735 1195 964 1264 ἐξορίζει
1001 1195 1092 1247 τὸν
1139 1193 1264 1247 Υίὸν
1306 1195 1404 1263 τῆς
1448 1197 1504 1248 ἐν
1548 1193 1622 1264 τῷ
1664 1194 1933 1264 ἀξιώματι
1980 1195 2300 1258 κοινωνίας;

738 1281 904 1334 Ὅταν
929 1281 1060 1351 λέγῃ
1081 1282 1110 1332 6
1137 1281 1288 1342 Θεὸς,
1314 1280 1475 1332 αὑτὸν
1505 1275 1640 1333 εἶναι
1672 1281 1764 1332 καὶ
1800 1280 1959 1350 μόνον
1983 1280 2078 1334 ἕνα
2095 1320 2108 1344 ,
2138 1281 2166 1332 6
2194 1281 2304 1332 Πα-

734 1365 857 1436 τήρ,
885 1366 918 1436 ἦ
950 1367 978 1417 6
1027 1367 1170 1429 Υἰὸς,
1199 1368 1260 1419 06
1289 1367 1384 1436 τὴν
1414 1366 1549 1419 ἰδίαν
1576 1367 1818 1437 ἀρνεῖται
1844 1367 1940 1435 τῆς
1981 1367 2193 1434 φύσεως
2226 1368 2302 1418 οἰ-

737 1454 1160 1527 κειότητα.ῖ451]
1178 1456 1288 1524 Οὐχ
1314 1456 1342 1506 6
1371 1457 1560 1524 Πατὴρ
1579 1455 1666 1506 τὸν
1696 1455 1824 1506 Υίὸν
1854 1454 2122 1517 ἐκϐάλλει,
2155 1454 2253 1523 οὐχ
2272 1455 2301 1506 6

737 1541 864 1602 Υἱὸς
881 1540 1062 1595 ἀθετεῖ
1082 1541 1172 1593 τὸν
1188 1541 1422 1610 Πατέρα·
1443 1541 1556 1594 ἀλλ’
1577 1542 1703 1592 ὅταν
1720 1540 1788 1594 τά
1818 1540 2040 1593 τοιαῦτα
2059 1540 2300 1608 λέγηται,

735 1628 874 1696 πρὸς
897 1628 994 1698 τὴν
1029 1628 1235 1698 πλάνην
1267 1630 1364 1697 τὴν
1393 1629 1504 1681 τῶν
1534 1627 1764 1680 εἰδώλων
1795 1631 1824 1680 6
1852 1627 2028 1694 λόγος.
2061 1628 2126 1679 Τί
2165 1627 2304 1680 κατά

734 1714 829 1766 τοῦ
853 1715 1182 1782 Μονογενοῦς
1203 1714 1546 1784 βλασφημίαν
1571 1714 1995 1776 κατασκευάζεις
2018 1731 2031 1776 ;
2054 1713 2305 1774 Εἰδώλοις

734 1800 796 1852 o6
831 1799 1042 1852 δίδωσιν
1066 1802 1095 1853 6
1118 1799 1248 1854 Θεὸς
1271 1800 1369 1870 τὴν
1397 1800 1553 1863 δόξαν
1585 1799 1768 1859 αὑτοῦ,
1799 1801 1832 1869 ἢ
1859 1799 1976 1852 οὐδὲ
2007 1799 2084 1868 τῷ
2123 1799 2181 1863 ἐξ
2210 1800 2304 1852 αύ-

735 1885 830 1938 τοῦ
857 1885 1165 1955 γεννηθέντι
1198 1885 1414 1950 δίδωσι;
1451 1886 1560 1939 Καὶ
1591 1885 1798 1937 δίδωσιν
1824 1885 1850 1924 b
1872 1923 1886 1949 ,
1917 1885 1977 1936 οὐ
2029 1885 2165 1935 κατά
2205 1883 2304 1952 χά-

740 1989 841 2033 οιν,
873 1971 1008 2025 ἀλλά
1036 1973 1130 2025 καὶ
1170 1973 1310 2025 κατά
1347 1974 1445 2041 τὴν
1482 1971 1581 2039 τῆς
1621 1971 1831 2038 φύσεως
1864 1969 2162 2022 κοινωνίαν.
2197 1969 2304 2022 Καὶ

737 2058 898 2112 πόθεν
948 2060 980 2128 ἡ
1016 2059 1282 2121 ἀπόδειξις
1312 2059 1392 2109 ὅτι
1419 2057 1679 2126 λαμϐάνει
1700 2055 1854 2119 δόξαν
1891 2056 2100 2125 Πατρὸς
2128 2057 2155 2107 6
2176 2056 2305 2123 Χρι-

739 2143 891 2207 στός;
924 2139 1056 2197 Εῐπε
1089 2144 1195 2211 γάρ
1219 2160 1231 2172 ·
1274 2144 1476 2210 Ἑτέρῳ
1507 2143 1620 2209 τὴν
1649 2143 1836 2205 δόξαν
1860 2159 1978 2210 μου
2013 2144 2084 2194 οὺ
2113 2139 2300 2194 δώσω.

810 2230 878 2291 ζ’.
927 2231 1122 2283 ’Λκουε
1158 2230 1271 2293 πῶς
1318 2231 1476 2291 αὐτὸς
1509 2232 1536 2281 6
1566 2229 1754 2298 Σωτήρ
1793 2227 2168 2296 διαλεγόμενος
2196 2229 2306 2286 τοῖς

738 2315 1076 2377 ’Λποστόλοις
1098 2315 1249 2384 φησί·
1276 2315 1459 2366 Ὀταν
1485 2315 1628 2379 ἔλθῃ
1659 2316 1690 2365 d
1714 2312 1841 2376 Υἰὸς
1867 2312 1971 2364 τοῦ
1994 2309 2305 2377 ἀνθρώπου

737 2403 808 2453 ἐν
841 2399 916 2466 τῇ
945 2400 1090 2466 δόξῃ
1127 2399 1229 2452 τοῦ
1263 2400 1490 2466 Πατρός
1517 2398 1723 2460 αὐτοῦ,
1752 2398 1956 2449 ἐκείνου
1983 2396 2306 2465 προειρηκό-

741 2506 850 2555 ρος,
870 2490 951 2540 ὃτι
985 2492 1099 2554 Τὴν
1120 2487 1304 2550 δόξαν
1331 2505 1442 2553 μου
1465 2485 1638 2553 ἑτέρῳ
1661 2487 1733 2539 οὐ
1759 2485 1949 2538 δώσω.
1985 2483 2307 2553 Ἐρεύνησον

737 2575 796 2625 τὸ
824 2573 993 2644 ῥῆμα,
1016 2573 1108 2624 καὶ
1128 2573 1378 2642 εὑρήσεις
1398 2572 1456 2622 :6
1477 2572 1672 2640 νόημα.
1703 2571 1820 2639 Τὴν
1837 2571 2025 2634 δόξαν
2043 2589 2184 2640 μου,
2209 2571 2308 2622 οὐκ

739 2657 880 2720 εἷπε,
903 2658 979 2728 τῷ
1007 2657 1120 2725 Υίῷ
1144 2674 1244 2724 μου
1264 2657 1325 2708 06
1349 2656 1521 2718 δώσω,
1541 2656 1675 2721 ἀλλ’,
1693 2654 1902 2723 Ἐτέρῳ
1927 2659 1998 2710 οὐ
2023 2655 2212 2710 δώσω.
2237 2655 2309 2706 Τὸ

739 2745 796 2797 δὲ
820 2745 1002 2814 ἕτερόν
1026 2745 1140 2795 ἐστι
1165 2743 1225 2794 τὸ
1249 2745 1348 2813 τῆς
1370 2742 1714 2810 οἰκειότητος.
1736 2741 2038 2810 ἀλλότριον,
2086 2741 2180 2792 καὶ
2208 2740 2310 2808 τῆς

739 2828 954 2896 φύσεως
983 2829 1476 2898 ἀπεσχοινισμένον·
1503 2829 1530 2879 6
1562 2828 1619 2880 δὲ
1653 2826 1779 2889 Υἰὸς
1806 2829 1906 2880 οὐκ
1935 2827 2080 2878 ἐστιν
2102 2827 2306 2896 ἕτερος·

754 2916 900 2986 Ἐγὼ
923 2917 1028 2986 γὰρ
1050 2917 1145 2968 καί
1177 2919 1210 2968 ὀ
1241 2914 1438 2981 Πατὴρ
1458 2915 1527 2967 ἓν
1543 2916 1746 2978 ἐσμεν.
1790 2913 2182 2969 Ἀποδέδεικται
2202 2913 2309 2964 τοί-

740 3021 836 3060 νυν
854 3002 1191 3071 σαφῶς,τὸ,”1
1195 3019 1266 3054 να
1280 3000 1616 3068 τινώσκωσί
1627 3016 1700 3052 σε
1716 2999 2309 3067 τὸνμόνονὰληθινὸν

743 3091 910 3147 Θεὸν,
939 3089 1036 3141 οὐκ
1067 3091 1306 3157 ἀναιρεῖν
1336 3087 1396 3138 τὸ
1426 3082 1563 3138 εἷναι
1600 3086 1688 3137 τὸν
1730 3085 1852 3136 Υἰὸν
1878 3084 2008 3136 Θεὸν
2036 3083 2303 3153 ἀληθινόν.

739 3175 834 3246 Μὴ
862 3175 1191 3246 συνεκϐάλῃς
1217 3174 1476 3239 τὸνλόγον
1497 3176 1573 3235 εἰς
1598 3171 1866 3240 διαϐολὴν,
1893 3171 1966 3233 ὼς
1993 3170 2086 3223 τοῦ
2113 3173 2308 3240 νοήμα-

740 3276 832 3322 τος
863 3260 1135 3330 μετεώρου
1163 3258 1627 3326 καταλειφθέντος·
1669 3258 1804 3326 ὅπερ
1835 3256 2131 3308 πεπόνθασί
2165 3273 2308 3318 τινες

741 3348 848 3398 τῶν
881 3346 1122 3412 ἀδελφῶν
1159 3345 1286 3411 περ)⁸
1325 3345 1416 3396 τοῦ
1449 3343 1728 3412 ποτηρίου.
1773 3343 1858 3402 Ὠς
1893 3343 1999 3408 γὰρ
2041 3342 2190 3393 λύσιν
2233 3341 2306 3407 μὴ

740 3431 994 3492 λαϐόντος
1033 3430 1124 3483 τοῦ
1151 3432 1446 3499 νοήματος,
1487 3429 1658 3489 οὕτως
1696 3428 1973 3496 ἐπήγαγον
2009 3426 2078 3476 τά
2109 3425 2306 3494 ἐγκλή-

746 3534 909 3590 ματα,
952 3516 1229 3586 Ἐκκρεμῆ
1261 3515 1368 3585 γὰρ
1390 3555 1404 3574 ,
1439 3515 1605 3584 φησὶ,
1632 3514 1724 3566 καὶ
1759 3513 2027 3582 μετέωρον
2053 3511 2306 3564 κατέλιπε

741 3605 840 3678 τὴν
875 3604 1133 3668 ἐξέτασιν.
1178 3603 1241 3654 Τί
1291 3603 1348 3654 δὲ
1389 3597 1478 3670 ἦν,
1510 3599 1760 3668 ἀδελφοὶ,
1805 3599 1964 3650 πλέον
2002 3600 2207 3663 είπεῖνς
2255 3597 2304 3648 τί

743 3691 878 3759 πρὸς
903 3690 1173 3753 ἀπόδειξιν
1202 3689 1305 3740 ἔδει
1330 3691 1438 3749 τοῖς
1465 3689 1913 3756 προειρημένοις;
1953 3684 2173 3754 Πρῶτον
2209 3684 2306 3753 μὲν

743 3780 872 3850 γὰρ,
913 3778 979 3829 Εἰ
1025 3775 1301 3836 δυνατὸν,
1349 3772 1688 3839 παρελθάτω
1721 3772 1820 3824 ἀπ’
1859 3770 2003 3838 ἐμοῦ
2029 3772 2091 3822 τὸ
2125 3769 2306 3835 ποτή-

736 3879 890 3928 ριον·
943 3861 1035 3913 καὶ
1078 3861 1212 3930 πρὸς
1254 3859 1313 3911 τὸ
1358 3858 1460 3910 ὑπὸ
1497 3857 1595 3925 τῆς
1636 3856 1832 3921 λέξεως
1878 3855 2307 3924 ὑποϐαλλόμενον

746 3951 912 4014 (δοκεῖ
941 3951 1047 4020 γάρ
1074 3966 1189 4011 πως
1226 3951 1258 4014 ἠ
1298 3948 1441 4014 λέξις
1482 3948 1570 4015 ὑφ’
1600 3945 1789 4013 ἐτέραν
1825 3943 2066 4008 ἐξουσίαν
2097 3943 2308 3994 τάττειν

743 4037 833 4088 τὸν
869 4035 1205 4103 ἱκετεύοντα)
1242 4032 1588 4102 παρεθέμεθα
1629 4031 1726 4099 τὴν
1757 4030 1935 4096 φωνὴν
1969 4029 2182 4095 ἐκείνην
2209 4029 2308 4093 τὴν

744 4122 837 4175 τοῦ
865 4122 1064 4192 Κυρίου
1084 4161 1097 4184 ,
1129 4122 1310 4188 πάσης
1336 4119 1410 4178 ὼς
1440 4117 1653 4186 ἀληθῶς
1684 4115 1868 4182 θεῖκῆς
1900 4112 2183 4174 αὑθεντίας
2213 4112 2307 4178 γέ-

750 4225 972 4276 μουσαν,
1025 4208 1114 4260 καὶ
1149 4207 1248 4276 τὴν
1293 4205 1386 4258 τοῦ
1431 4204 1676 4270 λέγοντος
1719 4199 1875 4264 ἀξίαν
1915 4199 2266 4271 παριστῶσαν
2291 4215 2304 4230 ο

759 4295 1072 4358 Ὲξουσίαν
1097 4295 1214 4361 ἔχω
1239 4291 1421 4346 θεῖναι
1459 4289 1572 4355 τὴν
1603 4286 1813 4356 ψυχήν
1834 4302 1973 4354 μου,
2012 4285 2112 4336 καί
2143 4284 2306 4347 ἐξου-

745 4383 889 4436 σίαν
911 4380 1028 4447 ἔχω
1059 4378 1266 4434 λαϐεῖν
1290 4376 1482 4441 αὑτήν
1506 4392 1519 4404 ·
1552 4374 1643 4426 καὶ
1664 4374 1744 4424 ὅτι
1767 4371 1828 4422 τὸ
1856 4372 1972 4440 μὲν,
2005 4371 2178 4436 Ἔχω,
2209 4370 2306 4437 τῆς

745 4469 993 4536 θεότητος
1020 4466 1169 4528 ἴδιον,
1203 4464 1264 4516 :6
1293 4465 1346 4516 δὲ
1369 4501 1383 4524 ,
1421 4464 1487 4514 El
1517 4457 1794 4520 δυνατὸν,
1823 4455 2168 4523 παρελθάτω
2201 4457 2302 4509 ἀπ’

742 4551 887 4620 ἐμοῦ
919 4551 982 4602 τὸ
1004 4548 1290 4615 ποτήριον
1320 4548 1526 4607 τοῦτο,
1568 4547 1631 4598 ἐκ
1660 4543 1947 4614 προσώπου
1978 4542 2076 4610 τῆς
2106 4541 2304 4610 σαρκὸς

747 4638 980 4706 ἐλέγετο,
1013 4637 1105 4688 καὶ
1123 4636 1221 4687 οὐκ
1246 4635 1310 4685 ἐκ
1338 4632 1627 4702 προσώπου
1652 4632 1750 4700 τῆς
1782 4629 2028 4700 θεότητος
2054 4643 2067 4657 ο
2099 4627 2190 4680 καὶ
2216 4629 2307 4679 ἐπὶ

746 4724 948 4774 τούτων
980 4720 1146 4788 αὐτὴν
1175 4720 1336 4772 πάλιν
1359 4719 1455 4788 τὴν
1478 4715 1804 4783 Δεσποτικὴν
1831 4714 2135 4781 ἐστήσαμεν
2170 4730 2306 4782 μαρ-

745 4807 933 4873 τυρίαν
961 4804 1452 4873 ἐπισφραγίζουσαν
1477 4821 1487 4832 ο
1515 4802 1594 4853 διὸ
1615 4801 1783 4866 ἔλεγε,
1814 4799 1884 4851 Τὸ
1906 4797 2139 4865 πνεῦμα
2168 4799 2307 4863 πρό-

745 4895 953 4957 θυμόν,
990 4891 1026 4953 ἠ
1063 4890 1128 4941 δὲ
1157 4887 1312 4956 σὰρξ
1351 4887 1642 4951 ἀσθενής·
1687 4885 1779 4937 καὶ
1808 4883 2304 4952 ἐπεσημηνάμεθα,

746 4978 826 5028 ὅτι
855 4975 918 5041 δὴ
948 4973 1054 5023 τῶν
1082 4975 1444 5027 ἀτοπωτάτων
1473 4973 1642 5030 ἐστὶν.
1670 4971 1830 5024 αὐτοῦ
1859 4970 1948 5022 τοῦ
1979 4970 2180 5038 Κυρίου
2210 4971 2308 5037 τῆς

749 5059 946 5132 σαρκός
975 5059 1384 5126 ἐπιγράφοντος,
1417 5062 1558 5128 ἡμᾶς
1580 5061 1645 5127 τῇ
1674 5057 1922 5126 αὑθεντίᾳ
1942 5057 2036 5124 τῆς
2059 5057 2308 5122 θεότητος

747 5146 1085 5215 ἐπερρίπτειν
1120 5142 1211 5194 :06
1251 5145 1487 5210 ῥήματος
1518 5144 1614 5210 τὴν
1663 5142 1949 5194 εὐτέλειαν.
1996 5141 2132 5192 Ἀλλ’
2171 5141 2310 5192 ὥστε

751 5234 841 5290 καὶ
887 5231 975 5282 τὸν
1022 5229 1219 5280 σκοπὸν
1264 5227 1356 5278 τοῦ
1403 5227 1604 5294 Κυρίου
1657 5243 2113 5297 παραστησωμεν,
2165 5225 2308 5286 τίνος

813 5394 836 5420 ⁸
873 5388 1228 5440 Inlolerandum
1253 5386 1501 5438 mondmn,
1548 5385 2014 5444 συνανατρεφὸμενος,
2057 5387 2104 5429 in
2136 5385 2311 5432 Catena

753 5454 918 5509 Marci,
954 5451 1011 5510 ad
1056 5463 1156 5510 cap.
1198 5449 1243 5503 ‘2,
1271 5461 1398 5510 νειμ.
1447 5447 1514 5492 10.
1564 5447 1700 5510 Apud
1743 5444 1973 5499 Cyrillum
2019 5444 2154 5510 lib.8
2195 5457 2310 5490 con-

750 5506 822 5562 :ra
865 5506 1124 5560 Julianum'
1158 5524 1202 5568 p.
1245 5509 1352 5561 286,
1398 5507 1832 5568 συνεστράφη-υπο-
1859 5506 2227 5566 αυνανεστράῖίην
2261 5512 2311 5551 et

752 5574 1101 5633 ﬁlaphymrum
1124 5566 1171 5618 ili
1197 5566 1583 5633 Ii_mdurr_:_|i_b._2._
1603 5581 1646 5624 ρ.
1674 5566 1776 5613 296.
1803 5566 2030 5615 Comm.

812 5627 1145 5695 [Legendu'm
1172 5631 1360 5677 \ixletur
1385 5629 1490 5684 Ναὶ,
1519 5627 1724 5674 aii-mw.

2240 331 2517 386 INCERTI

3811 349 3922 400 426

2402 445 2584 496 ἕνεκεν
2621 445 2767 513 ἔλεγε
2789 485 2802 507 ,
2847 448 3195 514 Παρελθάτω
3227 449 3326 502 ἀπ’
3356 449 3500 517 ἐμοῦ
3534 449 3598 501 τό
3635 448 3916 516 ποτήριον
3943 466 3954 478 ·

2397 531 2472 592 ὡς
2503 532 2562 582 οὗ
2594 532 2806 599 φεύγων
2830 532 2920 584 τοῦ
2950 536 3180 602 σταυροῦ
3209 536 3306 603 τὴν
3334 535 3640 604 οἰκονομίαν
3666 538 3961 606 παρῃτεῖτο

2397 616 2486 668 τὸν
2517 615 2760 676 θάνατον,
2789 617 2921 671 ἀλλά
2944 618 3032 670 διά
3057 620 3117 671 τὸ
3148 622 3270 682 τοὺς
3304 621 3557 690 ἀπείρους
3580 623 3645 689 τῇ
3682 619 3962 688 οἰκονομίᾳ

2402 702 2611 770 μέλλειν
2636 704 2726 755 ἐπὶ
2745 703 2822 773 τῷ
2848 701 3064 774 σταυρῷ
3092 706 3547 767 σκανδαλίζεσθαι.
3571 704 3740 774 ταύτῃ
3764 706 3960 773 κέχρη-

2399 806 2485 841 ται
2516 792 2581 858 τῇ
2604 793 2773 860 φωνῇ.
2801 791 2911 843 Καὶ
2943 792 3099 845 πάλιν
3127 791 3454 860 ἠκολούθησε
3479 792 3650 861 ταύτῃ
3679 795 3743 860 τῇ
3778 794 3958 859 ἐννοίᾳ

2399 878 2431 945 ὴ
2466 876 2752 946 μαρτυρία.
2791 879 3206 945 Προσεύχεσθε
3228 919 3243 942 ,
3286 879 3384 930 ἵνα
3410 878 3495 945 μὴ
3525 877 3836 943 εἰσέλθητε
3873 879 3960 942 εἰς

2401 964 2749 1030 πειρασμόν.
2796 964 3010 1032 Ἐτεροι
3055 964 3109 1016 δὲ
3158 966 3618 1032 ἐσυκοφάντησαν,
3674 961 3749 1024 ὡς
3802 963 3960 1031 ἡμῶν

2401 1047 2727 1117 εἰρηκότων·
2760 1050 2807 1100 εἰ
2848 1050 3113 1118 ἐνδέχεται
3163 1050 3335 1118 ἑτέρῳ
3374 1050 3559 1118 τρόπῳ
3599 1049 3824 1101 θανάτου
3859 1050 3961 1117 τὴν

2400 1133 2704 1202 οἰκονομίαν
2742 1135 3109 1203 ἐκπληρῶσαι.
3139 1133 3307 1186 Τοῦτο
3325 1134 3392 1186 ’δὲ
3421 1134 3541 1186 οὔτε
3573 1137 3806 1205 εἴρηται,
3837 1133 3958 1186 οὔτε

2401 1215 2740 1287 λεχθήσεται.
2777 1219 2888 1270 Οὐκ
2940 1215 3110 1280 εἷπον,
3160 1220 3329 1289 ἑτέρῳ
3362 1220 3606 1289 θανάτῳ·
3641 1218 3754 1271 ἀλλ’
3785 1221 3959 1284 εἶπον,

2403 1303 2572 1372 ἑτέρῳ
2619 1305 2802 1374 τρόπῳ
2825 1307 2921 1374 τήν
2948 1307 3251 1374 οἰκονομίαν
3276 1305 3639 1376 πληρωθῆναι·
3663 1306 3960 1367 τουτέστιν,

2403 1387 2556 1451 ἐκτὸς
2589 1388 2837 1442 θανάτου.
2883 1391 2955 1442 Τὸ
2982 1391 3087 1459 γὰρ
3125 1393 3382 1460 ποτήριον
3417 1393 3734 1461 ήρμήνευσα
3758 1408 3771 1422 ·
3806 1391 3869 1442 τὸ
3904 1391 3962 1442 δὲ

2403 1473 2619 1542 ἑτέρως,
2641 1475 2716 1537 ὡς
2743 1475 2803 1527 τὸ
2823 1477 2978 1538 ἐκτὸς
3006 1476 3252 1529 θανάτου.
3282 1479 3389 1529 Καὶ
3411 1477 3568 1529 τοῦτο
3595 1478 3828 1544 ἐγένετο,
3863 1477 3961 1543 οὐχ

2403 1559 2476 1622 ὼς
2518 1560 2728 1628 ἀληθῶς
2765 1564 3191 1631 παραιτουμένου
3235 1562 3328 1615 :06
3371 1564 3572 1632 Κυρίου
3611 1568 3701 1615 τὸν
3735 1564 3963 1615 θάνατον

2404 1645 2543 1715 ὑπὲρ
2574 1645 2665 1698 τοῦ
2694 1647 2919 1714 κόσμου,
2959 1646 3105 1718 [452]
3135 1648 3271 1701 ἀλλά
3313 1649 3410 1718 τὴν
3437 1649 3535 1716 τῆς
3569 1648 3766 1717 σαρκὸς
3800 1648 3963 1702 ἀσθέ-

2403 1747 2550 1783 νειαν
2579 1733 2958 1800 πιστουμένου,
2993 1734 3074 1786 6::
3106 1732 3241 1804 σάρξ
3273 1730 3340 1802 ἦν
3368 1734 3582 1803 ἀληθῶς
3614 1735 3677 1786 τὸ
3705 1733 3962 1798 δειλιοῦν,

2402 1816 2462 1867 τὸ
2498 1818 2908 1886 ταραττόμενον.
2954 1819 3024 1872 Τὸ
3052 1819 3159 1888 γὰρ
3191 1819 3424 1887 πνεῦμα
3461 1823 3785 1887 πρόθυμον,
3814 1821 3852 1885 ἠ
3895 1819 3965 1871 δὲ

2403 1901 2555 1969 σὰρξ
2589 1902 2871 1968 ἀσθενής.
2911 1904 2988 1974 Τῇ
3031 1906 3192 1972 σαρκὶ
3219 1905 3288 1957 τὰ
3316 1908 3531 1975 ῥήματα
3562 1907 3657 1974 τῆς
3681 1906 3964 1966 ἀσθενείας

2404 1987 2731 2058 ἐπέγραψεν,
2779 1989 2840 2041 06
2868 1990 2965 2059 τῆς
3009 1990 3258 2060 θεότητος
3287 1991 3382 2060 τὴν
3413 1991 3692 2043 αὑθεντίαν
3734 1989 3960 2060 ἔτρωσε.

2404 2075 2467 2125 Τί
2495 2074 2799 2138 διαϐάλλεις
2841 2074 2878 2127 ἃ.
2909 2076 2982 2143 μὴ
3014 2076 3184 2143 λέγω;
3211 2077 3262 2128 τί
3293 2079 3640 2142 συκοφαντεῖς
3683 2075 3719 2128 ἂ
3758 2078 3832 2147 μὴ
3866 2095 3966 2146 κη-

2407 2161 2584 2230 ρύττω
2609 2176 2623 2224 ;
2654 2161 2839 2227 ἕτερον
2867 2161 3064 2229 τρόπον
3098 2159 3249 2212 εἷπον
3271 2178 3283 2190 ο
3309 2163 3369 2213 o6
3397 2162 3647 2223 θανάτου,
3685 2163 3799 2213 ἀλλ’
3827 2165 3967 2215 οίκοο

2405 2246 2614 2314 νομέας.
2661 2246 2733 2297 06
2761 2245 2868 2316 γάρ
2918 2246 3149 2315 εἴρηται·
3186 2247 3248 2297 El
3276 2247 3525 2308 δυνατὸν,
3556 2247 3874 2316 ἀμειφθήτω
3904 2248 3966 2299 :6

2407 2335 2661 2401 ποτήριον
2692 2331 2868 2386 τοῦτο.
2917 2333 3025 2400 Τῆς
3061 2332 3258 2401 σαρκὸς
3286 2335 3318 2402 ή
3365 2334 3611 2386 ἀσθένεια
3639 2373 3653 2393 .
3686 2335 3783 2403 τῆς
3815 2337 3965 2387 ἐναν-

2405 2418 2734 2490 θρωπήσεως
2773 2418 2834 2468 :6
2868 2417 3057 2478 πάθος.
3105 2418 3403 2484 Φθέγγεται
3450 2420 3515 2471 τὰ
3541 2419 3638 2488 τῆς
3679 2419 3964 2482 ἀσθενείας

2408 2505 2622 2573 ῥήματα
2646 2542 2660 2566 ,
2695 2503 2781 2554 ἵνα
2810 2502 2956 2573 δείξῃ
2991 2504 3070 2553 ὅτι
3101 2503 3305 2570 ταύτην
3333 2503 3600 2556 ἐνδέδυται
3643 2504 3739 2575 τὴν
3781 2505 3962 2572 φύσιν,

2406 2589 2501 2660 τὴν
2529 2589 2810 2641 δειλιῶσαν
2835 2587 2924 2640 τὸν
2953 2588 3196 2642 θάνατον.
3228 2589 3341 2640 Ἶνα
3365 2590 3419 2641 δὲ
3447 2590 3518 2659 μὴ
3540 2591 3697 2642 πάλιν
3729 2594 3794 2660 τῇ
3825 2591 3966 2655 λέξει

2406 2676 2725 2746 δουλεύσῃς,
2756 2677 2819 2728 ἐκ
2858 2675 3172 2745 περιουσίας
3218 2677 3436 2728 κάκεῖνο
3488 2679 3827 2747 παρήγαγον,
3885 2678 3965 2729 ὅτι

2409 2766 2554 2824 ποῖος
2585 2762 2757 2830 λόγος,
2786 2764 2910 2822 τοὺς
2945 2763 3040 2830 μὲν
3094 2763 3418 2824 ἀποστόλους
3454 2764 3713 2829 γενναίως
3743 2763 3834 2813 τὸν
3867 2762 3967 2814 Θά⁴

2407 2864 2561 2900 νατον
2595 2850 2946 2908 καταπατεῖν,
2982 2848 3070 2898 τὸν
3100 2847 3152 2899 δὲ
3189 2847 3295 2897 τῶν
3321 2847 3625 2898 ἀποστόλων
3658 2845 3858 2915 Κύριον
3880 2847 3967 2897 δε-

2406 2933 2570 2985 διέναι
2600 2934 2691 2984 καὶ
2717 2934 2936 3001 τρέμειν
2961 2933 3057 3000 τὴν
3083 2931 3175 2982 τοῦ
3214 2931 3438 2983 θανάτου
3469 2934 3695 3000 πεῖραν;
3741 2930 3880 3000 Ἐρῶ
3910 2930 3970 2983 δὲ

2411 3020 2504 3071 καὶ
2534 3019 2705 3071 ταῦτα
2737 3018 2864 3081 νῦν,
2897 3016 3132 3083 ἀδελφοί.
3174 3015 3377 3077 Παῦλος
3426 3017 3485 3067 οὐ
3521 3016 3679 3084 μόνον
3714 3017 3928 3084 δεθῆναι
3951 3055 3968 3079 ,

2409 3108 2545 3160 ἀλλά
2571 3110 2666 3160 καὶ
2697 3107 2982 3160 ἀποθανεῖν
3013 3105 3154 3175 ὑπὲρ
3182 3104 3275 3158 τοῦ
3305 3105 3564 3174 ὀνόματος
3605 3105 3700 3157 τοῦ
3730 3105 3970 3174 Χριστοῦ

2407 3197 2734 3252 νεανιεύεται
2761 3236 2776 3258 ,
2808 3196 2902 3249 καὶ
2947 3197 2975 3246 6
3019 3194 3229 3247 Παύλου
3263 3195 3463 3263 Κύριος
3501 3197 3842 3264 παραιτεῖται
3880 3195 3973 3247 τὸν

2409 3286 2665 3347 θάνατονς
2702 3286 2807 3338 Καὶ
2838 3285 3047 3337 Παύλου
3073 3284 3171 3352 μὲν
3192 3284 3250 3335 06
3283 3283 3675 3354 συνθρύπτεται
3697 3286 3729 3353 ή
3753 3285 3969 3356 καρδία,

2409 3374 2440 3440 ἡ
2467 3373 2523 3424 δὲ
2551 3373 2643 3424 τοῦ
2666 3371 2896 3440 Χριστοῦ
2921 3371 3066 3440 ψυχὴ
3095 3371 3444 3439 ταράττεται;
3475 3373 3602 3424 Νῦν
3625 3374 3754 3440 γάρ,
3782 3375 3971 3443 φησὶν,

2408 3463 2446 3526 ἠ
2471 3462 2638 3529 ψυχή
2669 3478 2788 3528 μου
2813 3462 3174 3526 τετάρακται.
3209 3459 3389 3517 Ταῦτα
3423 3463 3596 3514 πάντα
3625 3462 3730 3514 61:6
3761 3464 3972 3531 μάρτυ-

2410 3568 2492 3602 σιν
2515 3553 2642 3620 ὑμῖν
2671 3551 3035 3620 ἐφθεγξάμην.
3082 3551 3220 3603 Ἀλλ’
3241 3551 3301 3603 06
3323 3552 3498 3604 πείθει
3523 3569 3581 3603 σε
3607 3551 3779 3605 ταῦτα
3798 3571 3813 3620 ;
3835 3554 3971 3606 ἀλλά

2406 3643 2484 3704 τὸ,
2511 3644 2578 3694 Εἰ
2607 3643 2883 3704 δυνατὸν,
2911 3643 2989 3695 ἔτι
3013 3643 3347 3707 σκανδαλίζει
3379 3661 3471 3708 σε;
3501 3645 3628 3708 Ναὶ,
3661 3646 3811 3713 φησί.
3836 3647 3971 3698 Συν-

2407 3735 2664 3803 έλθωμεν,
2701 3733 2936 3801 ἀδελφοὶ,
2966 3734 3040 3802 τῷ
3084 3735 3388 3804 φιλονείκῳ,
3415 3735 3877 3807 φιλονεικήσωμεν
3900 3739 3969 3809 τῇ

2406 3823 2629 3892 δυνάμει
2650 3823 2746 3891 τῆς
2768 3822 3020 3890 ἀληθείας
3047 3826 3254 3895 ἐγεῖραι
3277 3828 3401 3889 τοὺς
3428 3829 3688 3888 πεσόντας
3715 3831 3778 3896 τῇ
3804 3827 3970 3879 ἀσθε-

2409 3913 2524 3982 νείᾳ
2549 3913 2644 3981 τῆς
2672 3914 2944 3974 ἀπιστίας.
2983 3915 3042 3965 Εί
3073 3911 3218 3984 εἶχεν
3253 3916 3494 3981 ἐξουσίαν
3528 3919 3556 3968 6
3580 3917 3810 3984 Χριστὸς
3829 3955 3843 3978 ,
3871 3917 3972 3969 οὐκ

2410 4003 2474 4054 ἂν
2502 3999 2620 4054 εἰπε
2641 4004 2720 4064 τὸ,
2744 4005 2811 4056 El
2841 4003 3121 4067 δυνατὸν,
3148 4005 3506 4071 παρελθάτω.
3533 4004 3738 4056 Οὐκοῦν
3769 4007 3861 4057 καὶ
3880 4007 3974 4056 τὸν

2407 4092 2540 4143 Θεὸν
2572 4093 2833 4155 αἰτίασαι,
2870 4093 2956 4144 διά
2984 4093 3074 4145 τοῦ
3107 4095 3269 4163 νόμου
3302 4095 3635 4163 κεχρημένον
3659 4096 3765 4146 τινλ⁵
3795 4096 3968 4159 λέξει,

2408 4183 2542 4236 πολὺ
2576 4184 2675 4250 τῆς
2719 4183 2881 4235 06:06
2931 4184 3176 4247 ἐξουσίας
3207 4185 3604 4254 κεχωρισμένῃ.
3650 4185 3812 4250 Λέγει
3861 4187 3972 4256 γὰρ

2409 4274 2542 4342 πρὸς
2565 4274 2655 4326 τὸν
2685 4276 2916 4326 Μωῦσέα
2937 4313 2951 4334 ,
2988 4276 3072 4326 ὅτε
3101 4275 3276 4327 ἐλάλει
3301 4277 3363 4326 ἐκ
3387 4274 3477 4326 :06
3507 4275 3664 4344 ὄρους
3695 4277 3824 4328 Σινά
3842 4318 3856 4337 ,
3884 4277 3974 4332 διὰ

2407 4363 2506 4430 τῆς
2557 4364 2795 4431 μεγάλης
2837 4364 3048 4433 ἐκείνης
3081 4365 3172 4416 καὶ
3213 4364 3445 4432 φοϐερᾶς
3499 4365 3848 4432 ἐπιφανείας·
3883 4367 3974 4420 ὅτε

2411 4454 2517 4515 πᾶς
2541 4455 2569 4504 6
2595 4453 2722 4514 106;
2762 4454 3012 4523 ἑτρεμεν,
3047 4453 3257 4506 ἀκούων
3283 4457 3465 4522 φωνὴν
3496 4453 3631 4507 Θεοῦ
3673 4455 3874 4519 ζῶντος
3897 4475 3912 4488 ο
3944 4458 3975 4508 6

2409 4542 2626 4596 πάντων
2665 4543 2801 4611 ἔχων
2839 4545 2938 4612 τὴν
2983 4544 3259 4608 ἐξουσίαν,
3292 4545 3383 4596 καὶ
3433 4544 3605 4596 πάντα
3636 4545 3833 4598 διέπων
3863 4550 3976 4609 τοῖς

2410 4635 2571 4693 πᾶσι,
2602 4632 2747 4699 λέγει
2778 4631 2856 4701 τῷ
2898 4634 3124 4702 Μωῦσῇ,
3159 4635 3186 4684 6
3219 4633 3346 4695 Θεὸς
3383 4636 3411 4687 6
3450 4635 3518 4685 τὰ
3551 4636 3728 4688 πάντα
3755 4635 3932 4696 διδούς
3956 4651 3973 4666 ·

2415 4723 2507 4785 Τίς
2533 4722 2706 4774 δώσει
2737 4721 2923 4784 οὕτως
2961 4719 3111 4775 εἶναι
3135 4723 3246 4788 τὴν
3277 4724 3526 4789 καρδίαν
3549 4723 3745 4775 αὐτῶν
3770 4725 3840 4776 ὲν
3868 4727 3975 4777 αὑ·

2408 4809 2530 4873 τοῖς
2551 4850 2563 4871 ,
2608 4809 2763 4860 ὥστε
2797 4809 3107 4876 φοϐεῖσθαί
3125 4827 3201 4875 με
3228 4810 3321 4860 καί
3355 4809 3736 4876 φυλάξασθαι
3772 4811 3976 4877 πάσας

2407 4896 2514 4958 τὰς
2543 4897 2784 4962 ἡμέρας,
2818 4896 2917 4947 ἵνα
2938 4891 3006 4949 εὖ
3041 4891 3078 4964 ᾖ
3105 4896 3306 4958 αὐτοῖς
3329 4896 3423 4948 καί
3460 4894 3584 4961 τοῖς
3608 4896 3842 4962 τέκνοις
3871 4901 3979 4951 αὑ-

2409 4987 2555 5047 τών;
2584 4987 2743 5053 Λέγει
2777 4987 2804 5037 6
2827 4987 2953 5046 Θεός
2971 5001 2984 5013 ·
3025 4985 3124 5049 Τίς
3154 4985 3328 5037 δώσει
3357 4985 3436 5049 τῷ
3472 4985 3600 5050 ,1αῷ
3624 4990 3810 5050 τούτῳ
3830 5005 3977 5054 καρ-

2409 5076 2580 5140 δίαν;
2603 5078 2711 5130 Καὶ
2743 5077 2846 5137 τίς,
2870 5071 2913 5126 ὦ
2942 5076 3204 5138 Δέσποτα,
3226 5075 3365 5146 ὑπὲρ
3398 5077 3456 5129 σὲ
3484 5079 3717 5146 στερεὸς,
3746 5079 3831 5128 ἴνα
3862 5077 3971 5145 δῷ;

2410 5166 2470 5215 06
2506 5166 2568 5216 σὺ
2608 5162 2659 5216 εἴ
2701 5167 2728 5216 6
2762 5164 2933 5225 διδοὺς
2963 5164 3157 5225 πάντα,
3210 5165 3302 5216 καὶ
3335 5167 3566 5234 μάλιστα
3611 5168 3677 5217 τὰ
3720 5169 3795 5227 είς
3821 5167 3977 5218 εὐσέ-

2412 5254 2562 5306 ϐειαν
2593 5253 2966 5314 συντείνοντας
3000 5252 3062 5304 Εἰ
3099 5253 3172 5322 μὴ
3216 5255 3278 5306 σὺ
3307 5250 3448 5324 ἦσθα
3477 5257 3506 5307 6
3535 5255 3703 5316 διδοὺς
3744 5255 3974 5322 καρδίαν

2411 5345 2616 5413 ἀγαθὴν
2637 5346 2745 5406 τοῖς
2767 5343 3021 5409 ἀγαπῶσί
3049 5360 3129 5406 σε,
3157 5345 3204 5394 εί
3234 5343 3306 5412 μὴ
3329 5346 3392 5397 σὺ
3417 5341 3466 5395 εἰ
3485 5345 3512 5395 6
3533 5344 3723 5405 διδοὺς,
3748 5343 3862 5403 πῶς
3890 5361 3976 5396 σοι

2411 5434 2570 5486 Δαυῖδ
2611 5432 3002 5501 προσεύχεται,
3047 5433 3309 5499 Καρδίαν
3346 5435 3605 5498 καθαρὰν
3647 5432 3859 5484 κτίσον
3903 5434 3978 5485 ἐν

2410 5525 2610 5592 ἐμοὶ,ό
2639 5524 2817 5586 Bede;
2861 5522 3102 5592 Καρδίαν
3132 5523 3373 5592 καθαρὰν
3410 5521 3556 5589 παρά
3603 5520 3695 5572 σοῦ
3729 5521 3976 5575 αἰτοῦσιν

2412 5616 2458 5666 οἱ
2494 5615 2798 5684 προφῆται,
2836 5612 2927 5663 καὶ
2959 5613 3026 5664 τὰ
3058 5613 3189 5666 ἄλλα
3233 5613 3376 5682 δῶρα
3408 5612 3473 5662 :‘1
3515 5609 3691 5676 ἀγαθά
3713 5649 3724 5671 ,
3757 5613 3846 5662 καί
3876 5611 3981 5684 τῆς
