4110 6318
214 290 335 345 425

221 401 238 446 t
269 398 490 451 Iiaruclt.
515 399 569 452 5.
602 396 845 466 ὅὲυὸὅ).
895 398 959 451 Et
979 406 1096 465 post
1121 408 1315 451 tantam
1340 397 1653 465 theologiam
1679 397 1784 447 ait:

228 505 245 535 ι
275 487 372 539 Hic
391 496 473 540 est
496 486 635 539 Deus
671 497 869 551 noster,
891 504 992 539 nou
1016 486 1357 541 mstimabitur
1380 488 1516 540 alius
1535 488 1598 539 ad
1624 504 1742 541 eum
1767 506 1785 537 ι

220 574 388 640 (Ibid.
411 594 458 629 υ.
489 578 726 646 ὅθι-58).
777 577 1148 632 Animadverte
1177 576 1474 646 diligenter,
1505 593 1608 647 quo
1639 590 1791 647 pacto

219 665 448 718 alterum
471 665 733 719 excludat.
772 685 790 717 ί
837 667 948 721 Νοη
979 666 1330 720 asstinrabitur
1372 668 1507 720 alius
1547 668 1611 720 ad
1644 685 1785 721 cum.

221 753 430 806 Invenit
474 770 683 808 omnem
730 756 868 810 viam
921 758 1174 821 scientize,
1214 767 1267 809 et
1309 757 1451 811 dedit
1481 772 1595 810 eam
1624 759 1787 812 .Iacob

220 858 390 911 puero
414 859 531 910 suo,
555 854 607 899 et
632 844 791 899 Israel
826 847 1015 901 dilecto
1046 864 1141 902 suo
1162 850 1262 918 (a).
1289 851 1413 904 Post
1439 851 1549 903 lucc
1575 850 1622 902 in
1647 859 1784 903 terra

216 936 369 988 visus
395 944 513 997 est,
546 943 601 988 et
635 950 753 989 cum
781 934 1079 992 hominibus
1121 950 1465 994 conversatus
1504 950 1603 994 est.
1636 958 1654 991 ι
1692 939 1786 992 llic

218 1023 361 1077 Deus
389 1033 570 1078 noster
602 1025 664 1078 ad
703 1041 858 1094 quem
887 1042 989 1079 non
1015 1030 1361 1083 azstimahitur
1388 1030 1541 1093 alius,
1570 1031 1619 1082 in
1644 1039 1782 1083 terra

217 1112 365 1166 visus
391 1120 472 1167 est
499 1122 696 1168 etcum
728 1115 1028 1170 hominibus
1075 1128 1415 1173 conversatus
1457 1130 1536 1173 est
1580 1131 1780 1187 postea.

222 1200 382 1254 Vides
408 1204 680 1256 veritatem
708 1204 1112 1259 continuatam?
1142 1206 1274 1260 Vide
1307 1218 1361 1261 ut
1385 1210 1549 1261 errori
1580 1210 1778 1261 aditum

215 1292 553 1359 intercludat,
577 1311 642 1348 ne
662 1295 873 1349 Judzcus
892 1300 1162 1353 veritatem
1183 1300 1532 1353 calumnietur
1546 1310 1600 1355 et
1619 1300 1778 1365 dicat,

217 1383 362 1437 Deus
409 1385 553 1439 visus
591 1395 671 1439 est
720 1401 749 1439 a
802 1386 1012 1457 Moyse;
1066 1390 1306 1456 apparuit
1349 1391 1489 1443 enim
1540 1390 1676 1444 Deus
1729 1390 1781 1443 iu

213 1485 419 1527 monte.
454 1475 650 1530 Praeter
678 1492 797 1531 eum
827 1493 931 1532 non
958 1489 1038 1533 est
1060 1480 1194 1533 alius
1220 1498 1233 1532 :
1264 1497 1360 1535 nec
1404 1483 1546 1549 ejicit
1572 1483 1778 1537 Patrem

211 1578 243 1617 a
271 1565 448 1618 divina
477 1565 749 1635 dignitate.
803 1568 957 1622 Patcr
984 1570 1028 1623 si
1065 1571 1209 1624 solus
1256 1574 1553 1627 nominatus
1603 1575 1778 1638 fuerit,

210 1656 653 1711 exterminabitue
686 1657 873 1711 Filium
901 1673 929 1711 a
961 1662 1223 1713 communi
1255 1662 1775 1731 dignitatc?Quando

211 1745 347 1799 dicit
373 1747 507 1799 Deus
528 1788 541 1811 ,
574 1748 687 1800 sive
717 1748 905 1812 Pater,
937 1749 1047 1804 sive
1088 1749 1250 1803 Filius
1271 1793 1285 1814 ,
1318 1767 1374 1803 se
1400 1752 1567 1805 solum
1618 1770 1777 1808 unum

210 1851 357 1902 esse,
388 1852 491 1889 non
515 1846 670 1905 negat
699 1848 898 1891 natura:
920 1854 1028 1892 sum
1048 1842 1390 1893 consnrtium.
1415 1842 1570 1895 Pater
1590 1843 1774 1898 Filium

210 1940 319 1977 non
347 1925 507 1993 ejicit,
537 1925 701 1979 Filius
724 1942 825 1980 non
857 1938 1006 1996 negat
1044 1928 1284 1995 I’atrem;
1319 1931 1411 1983 sed
1443 1947 1560 1985 cum
1588 1933 1775 1988 similia

207 2018 480 2084 dicuntur,
511 2029 692 2073 contra
734 2022 992 2075 idolorum
1021 2038 1256 2078 errorem
1306 2043 1485 2081 sermo
1532 2029 1771 2083 habetur.

207 2110 320 2163 Cur
347 2120 531 2163 contra
556 2109 890 2177 Unigenitum
920 2114 1297 2183 blasphemiam
1328 2133 1554 2186 apparas
1571 2120 1592 2172 ξ’
1619 2120 1775 2173 ldolis

209 2198 355 2255 Deus
381 2215 484 2253 non
513 2200 604 2254 dat
638 2201 858 2270 gloriam
897 2217 1077 2268 suam;
1116 2221 1180 2258 an
1209 2222 1379 2275 neque
1418 2209 1465 2261 ei
1500 2209 1590 2262 dat
1617 2226 1772 2279 quem

209 2289 436 2357 genuit?
466 2289 561 2342 Dat
600 2299 744 2343 certe
767 2306 869 2343 non
896 2294 1179 2346 secundum
1201 2297 1441 2363 gratiam,
1465 2298 1555 2351 sed
1587 2313 1776 2352 secun—

207 2377 339 2431 dum
389 2385 587 2431 naturze
631 2381 972 2433 consortium.
1014 2382 1161 2437 Unde
1210 2400 1336 2437 vero
1385 2387 1774 2443 demonstratur

208 2465 477 2519 Christum
524 2468 741 2535 gloriam
789 2469 957 2522 Patris
997 2472 1276 2538 accipere?
1317 2476 1401 2527 Ait
1431 2478 1571 2529 enim
1601 2495 1615 2530 :
1644 2477 1769 2531 Glo-

207 2555 339 2609 riam
367 2572 525 2608 meam
565 2557 712 2610 alteri
739 2574 836 2611 non
870 2558 996 2612 dabo
1022 2560 1040 2629 (
1064 2560 1186 2614 lsai.
1217 2563 1301 2615 42.
1330 2562 1419 2633 8).

281 2648 336 2700 τ.
378 2647 512 2700 Audi
549 2647 672 2715 quid
711 2648 824 2715 ipse
861 2649 1107 2704 Servator
1143 2667 1261 2705 CUIII
1306 2658 1557 2722 apostolis
1595 2658 1768 2713 disse-

211 2752 341 2791 rens
361 2737 499 2791 dicat
525 2759 536 2792 :
560 2737 683 2791 Cum
707 2742 894 2792 venerit
915 2740 1079 2794 Filius
1107 2742 1319 2797 hominis
1343 2747 1394 2797 in
1420 2748 1579 2815 gloria
1602 2746 1771 2802 Patris

204 2827 287 2880 sui
313 2826 501 2894 (Marc.
527 2828 581 2882 8.
609 2829 742 2893 58);
778 2839 1050 2898 postquam
1084 2831 1168 2884 ille
1199 2834 1339 2899 prius
1365 2835 1613 2901 dixisset,
1645 2836 1770 2890 Glo-

206 2917 341 2967 riam
367 2932 525 2969 meam
559 2917 703 2969 alteri
732 2934 829 2971 non
855 2918 999 2971 dabo.
1030 2918 1275 2975 Scrutare
1303 2922 1520 2985 dictum,
1550 2935 1601 2978 et
1628 2926 1771 2980 inve-

208 3007 325 3059 nies
356 3021 590 3060 sensum.
625 3007 850 3061 Gloriam
897 3027 1089 3076 meam,
1122 3026 1223 3064 non
1269 3013 1432 3079 dixit,
1482 3014 1617 3070 Filio
1653 3032 1769 3070 meo

209 3112 318 3150 non
343 3097 499 3158 dabo,
526 3096 638 3161 sed,
662 3098 819 3151 Alteri
848 3116 945 3152 non
973 3102 1119 3153 dabo.
1148 3103 1382 3157 Alterum
1411 3115 1580 3159 autem
1610 3118 1688 3161 est
1718 3109 1766 3161 id

208 3186 351 3251 quod
373 3196 453 3238 est
474 3187 700 3239 alienum
729 3202 756 3239 a
781 3190 1066 3254 consortio,
1096 3200 1147 3244 et
1172 3206 1199 3243 a
1229 3202 1408 3245 natura
1436 3206 1765 3262 separatum;

208 3276 379 3332 Filius
407 3286 583 3331 autem
624 3293 728 3331 non
755 3291 835 3332 est
860 3281 993 3334 alter
1026 3299 1036 3332 :
1070 3282 1196 3335 Nam
1229 3282 1337 3353 Ego
1364 3296 1410 3336 et
1436 3286 1590 3339 Pater
1614 3305 1768 3341 unum

208 3380 402 3417 sumus.
437 3364 589 3417 Clare
611 3381 737 3436 ergo
764 3366 1175 3423 demonstratum
1200 3380 1299 3435 est,
1331 3373 1476 3437 illud,
1504 3374 1569 3428 Ut
1589 3392 1770 3445 cogno-

206 3463 408 3507 scantte
432 3455 591 3507 solum
618 3472 783 3509 verum
806 3456 962 3510 Deum
985 3459 1153 3529 (Joan.
1184 3460 1267 3514 10.
1291 3462 1403 3531 50),
1430 3479 1530 3517 non
1562 3466 1769 3520 auferre

206 3558 241 3596 ει
267 3544 433 3603 Filio,
468 3558 585 3598 esse
614 3561 791 3598 verum
842 3548 1023 3600 Deum.
1070 3548 1144 3602 Ne
1192 3551 1435 3619 repudies
1471 3568 1767 3608 sermonem

204 3646 327 3683 eum
354 3632 636 3698 calumnia,
666 3635 812 3702 quasi
841 3649 1029 3689 sensus
1054 3648 1325 3705 suspectus
1351 3642 1563 3695 relictus
1583 3643 1652 3696 sit
1678 3662 1690 3695 :
1718 3646 1770 3699 id

204 3722 347 3791 quod
390 3724 525 3790 passi
571 3735 691 3778 sunt
725 3726 937 3794 quidam
980 3744 1010 3782 e
1052 3728 1301 3784 fratribus
1348 3734 1484 3787 circa
1526 3737 1760 3790 calicem.

204 3817 284 3866 Ac
310 3814 354 3865 si
382 3814 521 3865 enim
565 3816 819 3869 sententia
849 3819 1162 3871 solutionem
1196 3835 1298 3872 non
1340 3824 1624 3889 accepisset
1646 3868 1659 3884 .
1691 3828 1766 3879 sic

203 3906 594 3958 accusationem
634 3908 940 3961 intulerunt.
976 3910 1102 3962 Nam
1130 3911 1373 3965 dixerunt
1401 3931 1413 3965 :
1444 3913 1764 3983 Suspensam

203 4002 259 4045 et
286 3994 564 4047 sublimem
594 3996 799 4063 reliquit
826 3997 1261 4065 disquisitionem.
1282 4001 1415 4065 Quid
1440 4011 1637 4067 autem,
1667 4007 1768 4056 ira-

209 4092 342 4143 tres,
372 4083 594 4150 amplius
614 4084 888 4137 dicendum
920 4087 1267 4154 suppetebat?
1298 4090 1419 4156 quid
1449 4092 1591 4157 prius
1615 4093 1768 4145 dictis

202 4170 391 4223 deerat
416 4171 479 4224 ad
506 4172 1048 4228 demonstrationem?
1093 4176 1267 4229 Primo
1293 4179 1523 4245 quidem,
1559 4181 1619 4233 Si
1649 4197 1766 4248 pos-

202 4260 350 4313 sibile
377 4270 467 4322 est,
495 4272 711 4315 transeat
735 4280 766 4315 a
794 4280 871 4316 me
899 4266 1031 4318 calix
1056 4266 1147 4318 iste
1178 4264 1397 4337 (Matth.
1423 4268 1510 4323 26.
1536 4272 1603 4324 59
1627 4275 1643 4340 )
1674 4291 1685 4324 :
1716 4283 1767 4327 et

202 4350 269 4403 ad
302 4350 354 4403 id
384 4352 518 4419 quod
549 4367 643 4420 per
688 4354 826 4405 illam
872 4354 1155 4409 dictionem
1200 4360 1493 4426 suggeritur
1519 4360 1537 4430 (
1562 4362 1767 4417 videtur

200 4441 347 4493 enim
376 4440 537 4495 dictio
561 4443 938 4510 Supplieantem
969 4446 1066 4498 sub
1090 4447 1243 4498 aliam
1273 4458 1586 4517 potestatem
1620 4454 1765 4506 redi-

198 4530 408 4597 gere),
452 4531 721 4584 attulimus
752 4546 933 4585 vocem
982 4534 1122 4587 illam
1168 4535 1412 4601 Domini,
1461 4555 1577 4606 quas
1621 4544 1764 4597 omni

198 4629 348 4673 certe
376 4620 545 4673 divina
574 4625 883 4676 auctoritate
915 4626 1064 4692 plena
1091 4634 1201 4689 cst,
1235 4629 1563 4698 dicentisque
1589 4632 1759 4702 digni-

199 4718 364 4761 tatem
408 4711 623 4764 exhibet
670 4730 681 4763 :
727 4711 1029 4766 Polestatent
1076 4715 1229 4767 habeo
1282 4720 1496 4783 ponendi
1544 4723 1762 4775 animam

199 4816 383 4863 meam,
407 4810 450 4853 et
476 4811 760 4869 potestatem
785 4804 938 4857 habeo
959 4807 1185 4857 sumendi
1210 4822 1316 4858 eam
1345 4807 1518 4877 (Joan.
1546 4811 1759 4882 10.18),

200 4888 535 4958 diximusque
560 4892 685 4944 illud
708 4931 721 4951 ,
758 4892 961 4957 Habeo,
992 4894 1277 4949 divinitatis
1307 4901 1574 4966 proprium
1603 4916 1758 4967 esse;

198 4976 330 5033 illud
358 4996 486 5034 vero
519 5000 531 5035 :
560 4982 620 5036 Si
660 4985 889 5052 possibile
917 4996 1020 5049 est,
1050 4996 1265 5040 transeat
1306 5006 1337 5041 (ι
1375 5008 1450 5044 me
1480 4993 1614 5046 calix
1650 4995 1755 5061 iste,

201 5070 407 5123 ratione
433 5072 605 5125 carnis
633 5072 829 5125 dictqu
859 5089 976 5127 csse
999 5115 1013 5137 ,
1060 5092 1162 5128 non
1206 5080 1406 5132 ratione
1436 5081 1719 5138 divinitatis
1744 5126 1756 5150 ,

196 5167 357 5225 atque
413 5159 625 5227 insuper
679 5163 881 5215 Domini
938 5164 1293 5219 testimonium
1342 5169 1657 5229 adduximus
1708 5176 1757 5230 in

196 5247 694 5314 confirmationem;
740 5253 1079 5319 quamobrem
1122 5256 1253 5308 dixit
1290 5275 1301 5309 :
1335 5257 1555 5327 Spiritus
1586 5280 1758 5330 prom-

259 5360 336 5432 (αξ
366 5359 421 5407 In
442 5368 632 5432 crteoo,
665 5376 888 5422 4mm“...
916 5364 1083 5432 Itaque
1105 5364 1253 5415 electo
1288 5370 1407 5432 apud
1443 5369 1759 5432 Augustinum

195 5419 277 5468 lib.
320 5420 339 5466 l
382 5419 800 5495 ceu-ga‘FaUS'tum
823 5419 1134 5495 ⁸ιὶηιμίριῐῖςιίιιιμι
1156 5441 1294 5495 ,__eap.
1318 5419 1382 5475 '45
1398 5463 1411 5486 ,
1439 5439 1489 5495 et
1586 5419 1760 5495 Vigilio

192 5481 420 5543 Tarsensi
448 5480 529 5543 lib.
558 5482 577 5528 1
605 5491 766 5529 contra
792 5485 1013 5543 Arrium,
1041 5480 1295 5534 Sabellium
1338 5480 1755 5543 ct'l'hotinurﬁﬁn‘.

196 5541 272 5595 15.
300 5546 351 5588 et
386 5541 466 5588 lib.
499 5542 515 5587 l
558 5549 721 5590 contra
762 5542 1079 5604 Yaruuadum,
1106 5560 1207 5607 cap.
1232 5547 1276 5605 ‘2,
1304 5551 1549 5601 manifesta
1596 5541 1757 5605 curru;

196 5602 292 5653 vtio
318 5608 408 5651 est.
436 5600 641 5653 (0(0an

193 5608 292 5663 ptio
318 5608 408 5651 est.
436 5608 641 5653 (older.

1174 284 1237 338 IN
1275 282 1475 337 ILLUD
1516 323 1530 339 .
1562 280 1631 335 IN
1670 282 1807 349 QUA
1848 281 2267 351 POTESTATE,
2310 287 2463 344 E'l'C.

3370 326 3484 378 426

1904 406 2015 463 plus
2044 409 2135 464 est,
2162 417 2281 453 caro
2308 414 2474 457 autem
2495 407 2698 474 inﬁrma
2719 408 2930 479 (Matth.
2957 412 3044 468 26.
3075 416 3164 487 41)
3191 435 3203 470 :
3232 430 3283 474 ct
3306 436 3481 477 anno-

1904 488 2127 541 tavimus
2158 505 2269 543 rem
2300 507 2419 547 esse
2444 494 2899 566 absurdissimam,
2928 518 3046 557 cum
3076 506 3190 574 ipse
3215 510 3469 568 Dominus

1900 579 2044 630 carni
2076 579 2369 649 adscribet,
2403 600 2499 639 nos
2538 588 2586 640 in
2616 589 2846 645 divinam
2880 596 3205 661 majestatem
3236 601 3361 656 dicti
3393 608 3474 658 vi-

1900 665 2100 720 litatem
2122 670 2407 738 conjicere.
2433 675 2534 729 Sed
2559 687 2615 731 ut
2638 678 2846 735 Domini
2873 697 3090 753 scopum
3111 688 3465 761 declarenms,

1897 771 1993 810 cur
2037 774 2227 829 nempe
2275 762 2499 829 dixerit,
2543 768 2789 824 Transeat
2815 790 2846 825 a
2875 792 2953 828 me
2989 778 3124 831 calix
3146 796 3165 833 :
3193 797 3296 835 non
3325 787 3465 850 quod

1898 846 2164 917 refugeret
2204 855 2375 907 crucis
2403 855 2868 927 dispensationem,
2899 875 3121 920 mortem
3153 873 3460 935 recusabat;

1896 938 1989 991 sed
2013 940 2133 1005 quia
2158 941 2386 1010 imperiti
2407 945 2546 999 circa
2567 947 3012 1017 dispensationem
3039 957 3201 1024 illam,
3229 961 3279 1012 in
3306 976 3470 1017 cruce

1895 1028 2196 1083 scandalum
2226 1034 2431 1101 passuri
2458 1045 2643 1101 erant,
2675 1037 2773 1093 hac
2800 1054 2925 1095 usus
2954 1055 3033 1097 est
3061 1062 3206 1101 voce.
3240 1050 3463 1105 iterum-

1895 1134 1998 1186 que
2026 1119 2160 1175 hanc
2189 1126 2503 1179 sententiam
2531 1138 2808 1196 sequutum
2835 1141 2917 1185 est
2946 1132 3043 1187 hoc
3068 1139 3419 1195 testimonium
3444 1162 3456 1197 :

1896 1208 2077 1274 Orate,
2110 1221 2162 1263 ut
2188 1228 2289 1265 non
2317 1214 2518 1268 intretis
2536 1216 2586 1267 in
2617 1220 2937 1272 tentationem
2965 1221 3168 1291 (Ibid;).
3200 1227 3302 1280 Alii
3332 1246 3459 1284 vero

1892 1299 2194 1355 calumniati
2221 1312 2375 1368 sunt,
2403 1320 2466 1359 ac
2490 1307 2532 1359 si
2562 1306 2877 1363 dixissemus
2910 1333 2921 1365 :
2955 1312 3008 1366 Sl
3052 1315 3161 1369 fieri
3193 1330 3368 1385 posset
3401 1333 3457 1375 ut

1890 1387 1996 1440 alio
2029 1392 2212 1444 mortis
2241 1407 2435 1461 genere
2460 1399 2807 1451 (economiam
2837 1400 3098 1468 impleret.
3147 1405 3258 1461 Hoc
3287 1424 3473 1476 ‘porro'

1891 1493 1989 1531 nec
2018 1479 2213 1533 dictum
2240 1484 2354 1546 fuit,
2387 1501 2483 1539 nec
2510 1487 2715 1541 dicetur
2740 1504 3008 1559 umquam.
3042 1493 3152 1547 Non
3183 1496 3325 1562 dixi,
3352 1500 3457 1552 alia‘

1888 1578 2093 1632 morte,
2125 1569 2217 1623 sed
2246 1572 2348 1624 alio
2378 1574 2534 1627 modo
2559 1580 2906 1631 oeconomiam
2940 1582 3140 1649 impleri
3166 1601 3180 1648 ;
3226 1586 3324 1640 hoc
3348 1600 3450 1652 est,

1889 1659 2018 1709 citra
2060 1670 2305 1713 mortem.
2334 1660 2462 1714 Nam
2493 1664 2707 1719 calicem
2739 1667 3112 1738 interpretatus
3136 1689 3252 1727 sum
3280 1694 3292 1727 :
3326 1679 3450 1733 illud

1886 1755 2061 1799 autem
2103 1747 2289 1811 aliter,
2337 1760 2620 1820 tamquam,
2665 1754 2795 1809 citra
2839 1768 3083 1813 mortem.
3134 1766 3306 1831 Atque
3352 1767 3449 1821 hoc

1889 1835 2082 1890 factum
2113 1848 2213 1901 est,
2248 1855 2351 1892 non
2380 1842 2517 1909 quod
2545 1859 2665 1898 vere
2692 1846 2943 1903 Dominus
2970 1857 3288 1909 recusaverit
3315 1859 3461 1910 mori-

1889 1941 1985 1993 pro
2012 1927 2208 1981 mundo
2233 1946 2246 1991 ;
2280 1930 2370 1983 sed
2398 1932 2534 2000 quod
2579 1934 2736 1988 fidem
2764 1936 2936 1992 facere
2962 1942 3186 1996 voluerit
3224 1946 3447 2000 inﬁrmi-

1886 2016 1974 2069 tati
2018 2018 2226 2081 carnis,
2277 2030 2433 2088 atque
2475 2025 2755 2079 ostendere
2783 2042 2994 2082 carnem
3028 2048 3149 2085 vere
3194 2034 3352 2090 fuisse
3395 2040 3443 2092 id

1883 2105 2023 2174 quod
2052 2107 2295 2174 timebat,
2327 2119 2380 2164 et
2412 2112 2717 2168 turbabatur
2748 2136 2761 2170 :
2792 2132 2910 2170 nam
2940 2118 3160 2184 Spiritus
3189 2137 3445 2194 proruptus

1881 2205 1973 2259 est,
2012 2213 2130 2249 caro
2173 2207 2336 2251 autem
2381 2202 2604 2268 inﬁrma.
2634 2204 2789 2257 Carni
2819 2209 2979 2261 verba
3009 2210 3324 2267 infirmitatis
3354 2218 3447 2268 ad-

1882 2287 2098 2349 scribit,
2133 2288 2418 2343 divinitatis
2446 2293 2775 2360 majestatem
2807 2311 2911 2349 non
2945 2298 3095 2352 lmsit.
3130 2301 3236 2354 Cur
3259 2306 3441 2358 crimi-

1880 2376 2023 2428 naris
2051 2390 2167 2443 qua:
2206 2392 2308 2430 non
2336 2378 2498 2432 dico?
2534 2395 2630 2434 cur
2666 2384 2999 2438 calumniaris
3028 2404 3145 2455 qum
3171 2406 3280 2444 non
3305 2408 3441 2459 pra--

1879 2465 2043 2519 dico?
2084 2468 2255 2520 Alium
2290 2470 2500 2523 modum
2529 2472 2634 2524 dixi
2660 2489 2675 2535 ;
2719 2489 2823 2526 non
2850 2481 3069 2543 mortis,
3101 2480 3193 2533 sed
3223 2495 3441 2536 oecono—

1881 2556 2020 2609 mize.
2043 2556 2223 2626 Neque
2243 2560 2383 2612 enim
2405 2559 2599 2615 dictum
2624 2571 2721 2626 est,
2744 2563 2795 2617 Si
2820 2566 3068 2631 possibile
3090 2578 3190 2632 est,
3209 2580 3444 2627 mutetur

1878 2646 2011 2699 calix
2060 2649 2178 2700 istc.
2229 2648 2414 2702 Carnis
2461 2660 2541 2703 est
2586 2652 2895 2718 inﬁrmitas,
2944 2656 3317 2714 incarnationis
3360 2672 3440 2717 est

1878 2734 2073 2801 passio.
2103 2734 2308 2789 Profert
2337 2737 2657 2792 inﬁrmitatis
2685 2740 2874 2805 verba,
2907 2747 3230 2800 utostcndat
3255 2764 3321 2802 se
3344 2750 3442 2805 hae

1880 2825 2115 2879 indutum
2147 2842 2265 2881 esse
2312 2838 2496 2881 natura
2518 2871 2532 2894 ,
2564 2846 2679 2898 qua:
2709 2842 2931 2887 mortem
2980 2835 3242 2891 formidat.
3278 2839 3346 2895 Ut
3374 2859 3440 2896 ne

1880 2926 2055 2970 autem
2100 2932 2306 2970 rursum
2351 2919 2567 2974 dictioni
2615 2923 2848 2988 servias,
2882 2939 2945 2977 ex
2987 2926 3272 2982 abundanti
3314 2931 3437 2985 illud

1878 3023 2086 3077 quoque
2133 3009 2322 3063 adduxi
2369 3032 2380 3065 :
2422 3028 2539 3079 qua:
2582 3024 2663 3068 est
2706 3016 2877 3081 ratio,
2918 3021 3184 3086 apostolos
3232 3021 3439 3079 fortiter

1878 3109 2098 3153 mortem
2128 3104 2472 3168 coneulcare,
2505 3105 2861 3172 apostolorum
2902 3124 3028 3162 vero
3062 3110 3338 3166 Dominum
3371 3116 3439 3167 ti-

1876 3188 2071 3242 muisse
2096 3196 2149 3242 et
2178 3189 2446 3245 horruisse
2486 3194 2668 3246 mortis
2712 3197 3025 3249 accessum?
3071 3200 3191 3254 lla~c
3218 3212 3270 3254 et
3302 3218 3458 3257 nunc~

1875 3277 2045 3330 dicam
2064 3317 2077 3337 ,
2110 3278 2318 3333 fratres.
2359 3282 2550 3335 Paulus
2579 3299 2681 3336 non
2707 3286 2875 3339 solum
2908 3288 3130 3356 alligari,
3161 3291 3253 3344 sed
3280 3292 3439 3346 etiam

1878 3368 2009 3419 mori
2042 3376 2256 3436 propter
2284 3384 2474 3424 nomen
2502 3372 2696 3426 Christi
2728 3385 2963 3442 paratum
2990 3393 3046 3431 se
3077 3391 3291 3436 Strenue
3319 3399 3441 3450 pro-

1878 3460 2115 3519 nuntiat,
2151 3460 2296 3513 Pauli
2326 3477 2453 3515 vero
2478 3463 2731 3519 Dominus
2771 3467 2901 3520 mori
2933 3480 3139 3523 recusat
3172 3472 3315 3541 (Act.
3346 3474 3436 3527 21.

1878 3548 1945 3601 15
1966 3546 2030 3617 )?
2062 3549 2128 3602 Et
2158 3549 2301 3604 Pauli
2332 3551 2542 3619 quidem
2572 3568 2665 3606 cor
2710 3569 2814 3608 non
2860 3568 3077 3621 maeret,
3110 3562 3283 3614 anima
3314 3579 3440 3618 vero

1876 3636 2073 3689 Christi
2106 3639 2383 3693 turbatur?
2413 3642 2543 3696 Nam
2575 3644 2647 3696 ait
2677 3661 2688 3696 :
2718 3644 2869 3696 Nunc
2897 3648 3067 3700 anima
3097 3666 3204 3703 mea
3242 3652 3441 3705 turbata

1875 3738 1943 3781 est
1965 3729 2140 3797 (Joan.
2167 3732 2251 3783 12.
2276 3732 2389 3801 27).
2425 3732 2546 3785 IIa‘c
2573 3735 2744 3787 omnia
2770 3737 2915 3789 vobis
2945 3739 3166 3792 testibus
3193 3741 3437 3806 loquutus

1876 3835 2010 3872 sum.
2045 3821 2236 3875 Verum
2270 3824 2351 3876 his
2386 3839 2488 3876 non
2519 3826 2899 3894 obtemperes?
2929 3828 3019 3881 sed
3048 3830 3196 3897 illud,
3229 3831 3289 3885 Si
3318 3849 3438 3900 pos-

1873 3910 2015 3961 sibile
2039 3920 2128 3973 est,
2171 3911 2343 3964 adhuc
2386 3913 2701 3967 olI‘endiculo
2738 3924 2818 3968 cst
2860 3918 2992 3969 tibi?
3036 3918 3175 3973 Sane
3200 3922 3435 3989 quidem,

1874 4001 1964 4052 ait.
1993 4001 2422 4070 Congrediamur,
2444 4004 2650 4069 fratres,
2670 4020 2787 4059 cum
2808 4010 3157 4074 coutentioso,
3177 4012 3439 4080 simulque

1875 4091 2101 4143 nitamur
2141 4092 2189 4144 vi
2235 4094 2473 4146 veritatis
2517 4095 2637 4147 illos
2679 4097 2881 4162 erigere
2922 4099 3009 4166 qui
3056 4101 3439 4156 incredulitatis

1876 4179 2178 4234 infirmitate
2220 4182 2349 4249 lapsi
2392 4191 2532 4235 sunt.
2564 4184 2617 4236 Si
2650 4194 2963 4252 potestatem
2992 4187 3260 4244 habuisset
3288 4191 3441 4244 Chri-

1874 4279 1986 4322 stus
2008 4310 2022 4333 ,
2057 4286 2164 4323 non
2200 4272 2451 4337 dixisset,
2484 4272 2543 4327 Si
2572 4275 2806 4342 possibile
2831 4286 2936 4341 est,
2969 4287 3204 4332 transeat.
3234 4282 3438 4336 Accusa

1874 4372 2001 4426 ergo
2028 4358 2185 4411 etiam
2212 4360 2399 4423 Deum,
2429 4362 2516 4429 qui
2545 4363 2594 4415 in
2624 4363 2739 4431 lege
2766 4365 2828 4417 iis
2848 4366 3023 4420 verbis
3045 4383 3168 4421 usus
3190 4380 3292 4435 est,
3321 4388 3439 4439 qua:

1872 4448 1939 4502 ab
1964 4448 2076 4516 ejus
2100 4457 2361 4517 potestate
2389 4450 2542 4519 longe
2563 4452 2778 4505 distent.
2809 4455 2895 4507 Ait
2919 4456 3059 4508 enim
3085 4456 3249 4527 Moysi
3276 4459 3436 4525 Deus,

1872 4551 1989 4591 cum
2039 4540 2345 4607 loqueretur
2389 4540 2440 4592 in
2474 4551 2654 4595 monte
2699 4542 2822 4596 Sina
2850 4583 2864 4606 ,
2912 4560 3005 4613 per
3033 4560 3280 4615 magnum
3310 4549 3437 4603 illud

1874 4627 2213 4695 terribileque
2232 4637 2494 4681 ostentum
2524 4646 2536 4681 :
2565 4646 2683 4683 cum
2711 4634 2884 4686 omnis
2913 4641 3162 4689 tremeret
3191 4639 3435 4706 populus,

1871 4715 2089 4770 audiens
2118 4731 2301 4770 vocem
2332 4718 2421 4770 Dei
2450 4719 2675 4771 viventis
2703 4738 2715 4771 :
2745 4723 2832 4789 qui
2860 4724 3091 4777 omnium
3120 4735 3434 4792 p0testatem

1872 4805 2063 4868 habet,
2095 4815 2147 4858 et
2175 4807 2350 4859 omnia
2392 4808 2636 4861 omnibus
2662 4808 2963 4877 dispensat,
2996 4813 3064 4865 ait
3106 4814 3271 4884 Moysi
3301 4817 3438 4869 Deus

1870 4897 2104 4947 omnium
2135 4896 2351 4963 largitor
2383 4912 2396 4948 :
2439 4896 2559 4960 Quis
2589 4898 2725 4950 dabit
2743 4915 2852 4951 esse
2878 4916 2963 4954 cor
2988 4918 3157 4955 eorum
3185 4905 3235 4955 in
3262 4905 3351 4969 eis,
3383 4916 3437 4956 nt

1873 4985 2078 5037 timeant
2117 5001 2232 5049 me,
2264 4994 2308 5036 et
2339 4987 2617 5037 custodiant
2646 4989 2870 5041 omnibus
2910 4990 3083 5044 diebus
3102 5032 3116 5057 ,
3146 5004 3198 5044 ut
3230 4994 3347 5047 bene
3374 4996 3437 5046 sit

1870 5074 1957 5136 eis,
1984 5085 2029 5125 et
2062 5074 2181 5140 ﬁliis
2210 5089 2378 5124 corum
2409 5074 2579 5143 (Deut.
2606 5076 2658 5129 5.
2684 5075 2822 5146 29)?
2854 5079 2983 5132 Dicit
3012 5081 3168 5145 Deus,
3202 5084 3324 5148 Quis
3345 5086 3438 5137 da-

1871 5164 1936 5215 bit
1964 5163 2151 5231 papula
2179 5163 2294 5215 huic
2320 5165 2451 5216 cor?
2481 5165 2547 5218 Et
2575 5166 2712 5233 quis,
2740 5166 2959 5222 Domine
2977 5211 2992 5234 ,
3023 5179 3074 5224 te
3106 5172 3347 5235 validior,
3382 5183 3437 5227 ut

1866 5252 1996 5307 det?
2027 5268 2202 5307 nonne
2230 5264 2281 5306 tu
2311 5269 2372 5308 es
2408 5256 2495 5323 qui
2537 5266 2723 5310 cuncta
2754 5257 2869 5323 das,
2904 5263 3194 5327 praesertim
3222 5279 3339 5329 quae
3369 5266 3434 5318 ad

1867 5345 2114 5409 pietatem
2162 5345 2445 5410 Spectant?
2493 5344 2600 5398 Nisi
2652 5355 2704 5397 tu
2748 5362 2803 5400 es
2833 5350 2920 5417 qui
2967 5367 3060 5404 cor
3104 5352 3298 5406 bonum
3342 5355 3437 5407 das

1866 5430 2205 5499 diligentibus
2246 5440 2296 5486 te
2317 5472 2331 5496 ,
2362 5434 2459 5486 nisi
2492 5444 2545 5487 tu
2575 5449 2633 5488 es
2670 5436 2757 5505 qui
2804 5438 3010 5507 largiris
3034 5482 3048 5504 ,
3079 5457 3245 5510 quare
3275 5444 3436 5499 David

1868 5518 1969 5571 hoc
1999 5534 2025 5569 a
2068 5528 2117 5571 te
2144 5522 2310 5587 petit,
2345 5522 2441 5574 Cor
2481 5524 2719 5577 mundum
2750 5544 2863 5580 crea
2901 5534 2951 5583 in
2982 5532 3221 5592 mc,Dcus
3248 5532 3431 5604 (Psal.

1868 5610 1951 5665 50.
1982 5610 2122 5679 12)?
2151 5610 2251 5667 Cur
2278 5614 2528 5672 mundum
2560 5633 2587 5669 a
2617 5627 2664 5672 te
2696 5622 2959 5688 postulant
2989 5626 3281 5697 prophetw,
3306 5630 3433 5683 αιιεη
