4158 6320
196 338 304 390 427

200 430 418 501 καρδίας
448 431 822 502 καθαρότητα·
871 436 963 487 καὶ
1006 435 1181 502 λέγεις
1215 432 1527 503 ἀνθρωπίνῃ
1560 448 1759 499 κεχρη-

200 512 352 578 μένος
398 515 587 581 φωνῇ,
629 515 722 579 Τίς
752 514 927 567 δώσει
964 513 1045 578 τῷ
1091 514 1217 578 λαῷ
1252 516 1436 575 τούτῳ
1476 511 1757 578 καρδίαν;

198 590 303 642 Καὶ
325 592 406 653 τίς
432 595 461 644 6
489 594 668 645 πλεῖόν
700 612 789 647 σου
817 595 988 657 διδούς
1012 613 1025 658 ;
1056 598 1201 666 Πλὴν
1231 597 1278 647 εί
1311 596 1402 647 καὶ
1428 595 1490 646 σὺ
1517 594 1590 655 ὡς
1624 594 1760 657 ἀγα-

197 670 283 733 θδς
322 670 495 734 οὕτως
543 674 818 741 ἐφθέγξω,
851 676 963 728 ἀλλ’
993 676 1021 726 ὁ
1061 677 1326 746 μακάριος
1378 676 1614 742 Μωῡσῆς
1661 674 1759 723 οὐκ

195 752 525 822 ἡκολούθησέ
557 772 647 805 σου
669 759 734 825 τῇ
766 757 925 821 λέξει,
957 758 1317 830 ἀλλ’ἐκήρυξέ
1346 774 1437 809 σου
1458 757 1556 826 τὴν
1583 752 1756 818 ἀξίαν,

192 833 355 897 εδειξε
382 836 483 903 τὴν
519 836 821 901 αύθεντίαν,
865 841 1127 908 ἐγνώρισέ
1158 858 1250 893 σου
1294 841 1391 911 τὴν
1419 836 1755 891 δυναστείαν.

193 917 346 982 Λέγει
381 916 459 985 τῷ
496 917 607 985 λαῷ
648 920 705 971 ἐν
733 920 810 989 τῷ
851 924 1249 992 Δευτερονομίῳ
1282 941 1295 954 ·
1329 922 1587 974 Ἔδωκεν
1618 919 1760 986 ὑμῖν

192 1000 403 1064 Κύριος
436 1002 468 1053 ό
512 1000 654 1065 Θεὸς
685 1003 936 1069 καρδίαν
983 1005 1232 1070 ειδέναι,
1289 1006 1386 1057 καὶ
1415 1002 1759 1071 ὀφθαλμοὺς

185 1080 459 1143 βλέπειν,
488 1082 582 1133 καί
606 1078 724 1135 ὦτα
753 1084 1014 1150 ἀκούειν,
1032 1086 1140 1151 ἕως
1152 1087 1262 1154 τῆς
1274 1086 1498 1155 ἡμέρας
1518 1086 1753 1151 ταύτης.

256 1168 326 1230 η’.
374 1164 538 1233 Ὁρᾷς
576 1166 655 1217 ὅτι
687 1167 939 1234 καρδίαν,
988 1170 1080 1222 καὶ
1116 1170 1458 1239 ὀφθαλμοὺς,
1488 1169 1581 1221 καὶ
1608 1163 1755 1231 ὦτα,

191 1243 279 1295 καὶ
310 1243 378 1295 τά
415 1246 589 1298 πάντα
621 1248 650 1298 6
697 1248 857 1310 αὐτὸς
888 1249 1107 1317 δίδωσι;
1148 1252 1270 1314 Πῶς
1298 1247 1391 1303 οὖν
1423 1252 1451 1302 6
1481 1251 1549 1303 τά
1582 1250 1758 1303 πάντα

188 1324 356 1386 διδοὺς
390 1327 582 1393 ἔλεγε,
636 1330 729 1393 Τίς
765 1328 943 1382 δώσει
992 1332 1072 1396 τῷ
1103 1331 1229 1396 λαῷ
1277 1335 1463 1399 τούτῳ
1510 1333 1759 1398 καρδίαν

189 1409 505 1474 τοιαύτην;
539 1408 688 1483 [455]
721 1411 838 1473 πῶς
869 1411 926 1464 δὲ
952 1412 1134 1475 πάλιν,
1160 1418 1206 1467 εί
1240 1416 1312 1486 μὴ
1336 1416 1495 1478 αὐτὸς
1522 1410 1587 1484 ἦν
1613 1417 1639 1467 6
1676 1414 1757 1466 δι-

187 1488 303 1550 δοὺς
326 1489 576 1558 καρδίαν,
607 1491 757 1559 ἔλεγε
782 1492 866 1545 διά
896 1495 986 1546 τοῦ
1027 1493 1284 1565 Ἰεζεκιήλ
1304 1515 1316 1528 ο
1345 1497 1452 1550 Καὶ
1471 1496 1758 1548 ἐκσπάσω

187 1570 250 1632 ἐξ
290 1570 491 1623 αὐτῶν
538 1572 653 1638 τὴν
697 1574 944 1641 καρδίαν
989 1576 1103 1644 τὴν
1141 1581 1400 1646 λιθίνην,
1448 1579 1546 1631 καὶ
1588 1577 1759 1630 δώσω

188 1651 386 1718 αὐτοῖς
424 1653 673 1721 καρδίαν
718 1659 1033 1724 σαρκίνην,
1072 1660 1169 1711 καί
1205 1661 1410 1729 γράψω
1439 1661 1542 1713 τὸν
1573 1663 1759 1727 νόμον

182 1752 295 1803 μου
330 1737 398 1788 ἐν
428 1737 557 1802 ταῖς
585 1738 853 1806 καρδίαις
885 1741 1113 1804 αὑτῶν;
1142 1743 1350 1813 Ὥσπερ
1391 1740 1483 1796 οὖν
1522 1746 1637 1795 ἐκεῖ
1664 1743 1752 1794 αύ-

188 1817 274 1879 τὸς
301 1820 327 1871 6
355 1819 509 1882 Θεὸς,
543 1822 571 1872 6
604 1820 900 1890 δυνάμενος
935 1821 1116 1875 δοῦναι
1152 1826 1375 1894 καρδίαν
1404 1825 1633 1895 ἀγαθὴν,
1674 1826 1760 1879 λέ-

188 1917 269 1966 γει
290 1916 303 1929 '
346 1903 443 1966 Τίς
464 1902 644 1956 δώσει
668 1922 682 1968 ;
717 1904 888 1967 οὓτως
917 1907 1011 1957 καὶ
1031 1907 1059 1957 6
1080 1906 1381 1978 Μονογενὴς
1403 1906 1494 1960 τοῦ
1525 1907 1756 1978 Πατρὸς,

188 1984 245 2035 ἐν
276 1983 496 2053 ἐξουσίᾳ
526 1985 750 2055 πληρῶν
780 1987 878 2056 τὴν
906 1988 1249 2058 οίκουμένην,
1278 1990 1372 2042 καὶ
1416 1990 1587 2058 λέγων
1620 1989 1759 2060 μετά

187 2064 489 2128 αὐθεντίας,
536 2066 856 2127 Ἐξουσίαν
880 2069 998 2134 ἔχω
1023 2070 1209 2123 θεῖναι
1238 2072 1352 2138 τὴν
1381 2071 1592 2140 ψυχήν
1614 2089 1757 2140 μου,

188 2146 280 2199 καὶ
317 2148 611 2210 ἐξουσίαν
639 2150 756 2215 ἔχω
785 2152 991 2203 λαϐεῖν
1017 2154 1232 2219 αὐτὴν,
1275 2156 1626 2224 ἀποκρίνεται
1663 2157 1761 2210 πά-

186 2230 263 2283 λιν
289 2230 366 2299 τῷ
409 2231 736 2301 ἀνθρωπίνῳ
770 2234 1038 2302 σχήματι,
1068 2236 1133 2287 ἐκ
1164 2237 1456 2304 προσώπου
1483 2238 1580 2306 τῆς
1620 2239 1760 2291 κατά

189 2312 361 2382 σάρκα
396 2312 681 2375 ἀσθενείας
720 2314 919 2381 λέγων’
957 2318 1023 2368 El
1072 2315 1369 2381 δυνατὸν,
1412 2318 1760 2385 παρελθάτω

187 2394 282 2447 ἀπ’
305 2394 453 2463 ἐμοῦ
491 2395 555 2448 τὸ
591 2395 895 2463 ποτήριον.
939 2397 1030 2467 Μὴ
1058 2399 1237 2451 τοίνυν
1284 2402 1665 2467 συκοφαντεῖτε
1690 2400 1759 2453 τά

190 2476 260 2544 μὴ
305 2476 604 2546 λεγόμενα,
650 2478 784 2531 ἀλλά
826 2484 1085 2549 στοιχεῖτε
1133 2485 1245 2544 τοῖς
1294 2485 1715 2552 κηρυττομένοις
1741 2500 1754 2514 ⁸

191 2558 259 2627 μὴ
284 2558 595 2611 διαϐάλλετε
620 2560 715 2629 τὴν
744 2561 1108 2626 διδασκαλίαν,
1145 2564 1220 2633 μὴ
1250 2564 1761 2632 καταλαμϐάνοντες

195 2642 278 2710 τὴν
308 2642 533 2695 ἔννοιαν.
578 2639 708 2695 Οἶδα
741 2644 901 2696 πόθεν
942 2647 1021 2708 είς
1050 2647 1301 2717 διαϐολὴν
1337 2648 1715 2711 ἐξολισθαίνεις
1740 2665 1754 2680 ο

190 2719 295 2776 ,οἶδα
322 2725 495 2777 ταῦτα
541 2726 704 2778 πόθεν
748 2726 997 2797 πάσχεις.
1047 2729 1408 2798 Ἀνθρώπινον
1456 2732 1517 2783 τὸ
1565 2732 1755 2793 πάθος,

191 2804 447 2873 βασκανία
493 2810 524 2874 ἠ
564 2809 740 2870 νόσος.
794 2811 1000 2879 Ὥσπερ
1034 2812 1142 2881 γὰρ
1190 2814 1217 2863 6
1249 2812 1557 2881 ὀφθαλμὸς,
1590 2814 1683 2864 ἐὰν
1718 2809 1751 2883 ᾗ

191 2888 450 2958 καθαρὸς,
491 2891 663 2941 πάντα
701 2890 835 2958 όρθὰ
889 2892 1073 2959 βλέπει
1105 2895 1199 2944 καὶ
1232 2893 1530 2961 διακρίνει,
1566 2895 1660 2945 ἐάν
1692 2894 1750 2945 δὲ

191 2972 384 3033 καπνὸς
405 2971 713 3041 ἐπεισέλθῃ,
733 2973 823 3023 καὶ
836 2972 1139 3042 λυμήνηται
1159 2976 1227 3027 τά
1248 2974 1416 3046 κάλλη
1440 2975 1538 3044 τῆς
1558 2976 1754 3043 ὅψεως,

189 3052 218 3120 ἢ
252 3053 525 3120 κονιορτὸς
560 3054 772 3123 ἐμπέσῃ
793 3094 807 3118 ,
834 3054 1098 3123 ἀμϐλύνει
1127 3056 1226 3124 τὴν
1247 3055 1391 3124 ὄψιν,
1426 3056 1520 3110 καὶ
1546 3057 1606 3109 οὐ
1634 3056 1757 3126 βλέ-

189 3148 272 3183 πει
298 3134 497 3196 καλῶς,
527 3134 602 3197 ὡς
624 3134 729 3204 πρὸ
752 3134 938 3187 τούτου
968 3136 1193 3193 ἔϐλεπεν
1217 3139 1391 3208 ὀρθῶς
1415 3156 1428 3170 ·
1464 3138 1637 3200 οὕτως
1661 3138 1755 3191 καὶ

190 3212 275 3266 νῦν
319 3216 426 3267 τῶν
462 3216 744 3286 ἀκροατῶν
788 3218 1037 3281 ἕκαστος,
1072 3219 1175 3282 ἓως
1221 3221 1460 3291 καθαρὸν
1490 3221 1601 3290 ἔχει
1656 3222 1749 3272 πί-

192 3312 350 3359 στεως
380 3298 533 3366 δμμα
556 3338 570 3359 ,
609 3299 844 3369 καθαρὸν
870 3300 1089 3369 ἀγάπης
1130 3301 1392 3371 βλέφαρον
1412 3342 1425 3365 ,
1452 3303 1626 3371 ὀρθῶς
1661 3306 1755 3357 καὶ⁵

191 3378 435 3447 καθαρῶς
473 3381 608 3449 όρᾷ·
639 3381 733 3432 ἐὰν
762 3382 817 3433 δέ
847 3382 1052 3443 καπνὸς
1086 3382 1431 3453 βλασφημίας
1463 3384 1753 3455 ἐπεισέλθῃ

190 3463 291 3522 τοῖς
339 3461 685 3531 λεγομένοις,
714 3462 746 3531 ἢ
780 3465 1051 3532 κονιορτὸς
1099 3466 1397 3534 βασκανίας
1444 3469 1541 3537 τὴν
1577 3468 1755 3538 ψυχὴν

191 3541 469 3615 ὑποδράειῃ
492 3584 507 3605 ,
555 3542 695 3595 θολοῖ
738 3545 835 3613 τὴν
865 3545 1005 3612 ὄψιν,
1037 3547 1131 3599 καὶ
1152 3548 1401 3614 ἀφανίζει
1436 3549 1495 3601 τὸ
1516 3549 1753 3620 καθαρὸν

190 3624 277 3692 τῆς
314 3625 581 3688 διανοίας,
631 3627 723 3678 καὶ
767 3626 802 3679 ἀ
854 3628 929 3697 μὴ
974 3629 1224 3697 ήκουσεν,
1270 3631 1518 3699 ἤκουσεν,
1574 3634 1667 3685 καὶ
1719 3635 1754 3687 ἃ.

188 3706 408 3774 ἧκουσεν
428 3748 441 3770 ,
471 3708 533 3759 οὐ
566 3708 741 3770 καλῶς
764 3709 1001 3778 ἐνόησεν.
1055 3711 1213 3763 Ὅθεν
1257 3713 1537 3782 προειδυῖα
1570 3717 1601 3784 ή
1634 3715 1751 3768 θεία

190 3787 369 3858 Γραφὴ
403 3790 473 3841 τὰ
518 3789 923 3861 προσκόμματα
967 3793 1075 3845 τῶν
1109 3794 1408 3862 μελλόντων
1448 3799 1513 3865 τῇ
1542 3798 1752 3868 διανοίᾳ

190 3872 545 3939 προσκόπτειν
575 3875 683 3934 τοῖς
726 3876 888 3943 ἱεροῖς
922 3882 1229 3947 γράμμασι,
1260 3878 1353 3929 καί
1400 3878 1500 3930 πού
1537 3897 1619 3941 τις
1644 3880 1751 3933 τῶν

190 3954 472 4024 προφητῶν
505 3956 654 4018 ἐϐόα,
683 3960 817 4025 μετά
838 3959 897 4010 τὸ
921 3960 1203 4029 πληρῶσαι
1224 3962 1283 4013 τὸ
1306 3962 1445 4013 θεῖον
1468 3966 1748 4033 κήρυγμα·

193 4038 279 4101 Τίς
307 4036 522 4105 σοφὸς,
558 4038 654 4091 καὶ
692 4040 951 4104 συνήσει
990 4042 1206 4103 ταῦτα;
1233 4043 1330 4095 καί
1368 4044 1521 4111 ἀνὴρ
1552 4048 1753 4112 φρόνι-

182 4136 307 4186 μος,
334 4121 431 4171 καὶ
450 4119 738 4188 γνώσεται
760 4123 943 4179 ταῦτα
967 4140 984 4185 ;
1013 4126 1141 4177 Ὀτι
1162 4127 1379 4179 εὐθεῖαι
1400 4131 1452 4179 οί
1482 4128 1604 4180 ὁδοί
1634 4132 1751 4181 Κυ-

183 4203 331 4269 ρίου,
366 4203 589 4256 δίκαιοι
624 4207 1017 4271 πορεύσονται
1059 4210 1128 4260 ἐν
1169 4208 1397 4274 αὐταῖς.
1434 4210 1524 4279 Μὴ
1549 4211 1747 4273 τοίνυν,

190 4284 395 4353 ἀδελφέ,
426 4284 750 4354 μεθάρπαζε
788 4289 1008 4356 ῥήματα
1041 4292 1119 4351 εἰς
1154 4292 1576 4360 προσκόμματα.
1643 4293 1747 4345 Γυ-

189 4366 306 4431 μνὸς
337 4368 364 4418 6
390 4367 567 4434 λόγος,
594 4368 772 4437 γυμνὴ
793 4371 825 4437 ἡ
849 4370 1091 4438 ἀλήθεια.
1124 4373 1233 4436 Ούχ
1261 4367 1359 4435 εἷς,
1389 4374 1449 4424 ού
1479 4373 1744 4443 δεύτερος,

186 4448 239 4498 ού
264 4449 484 4511 δέκατος
510 4488 525 4509 ,
566 4450 663 4517 οὐχ
704 4450 991 4513 ἐκατοστὸς
1017 4454 1044 4503 ὀ
1073 4452 1337 4516 ἀκούσας,
1371 4455 1572 4524 πλῆθός
1600 4457 1747 4509 ἐστιν

185 4529 398 4599 ἄπειρον
426 4543 475 4591 ο,
512 4530 713 4598 πλῆθος
735 4531 1120 4601 ἀναρίθμητον.
1151 4535 1388 4602 Πέλαγός
1422 4539 1566 4588 ἐστιν
1593 4539 1747 4589 εὐσε-

186 4612 327 4675 ϐείας
363 4616 394 4683 ἡ
426 4614 742 4682 Ἐκκλησία,
770 4616 830 4667 οὺ
859 4618 1114 4685 κυμάτων
1142 4620 1586 4689 πεπληρωμένον,
1611 4620 1746 4672 ἀλλά

243 4787 266 4815 ³
288 4786 424 4835 Hunc.
443 4787 501 4835 ad
543 4799 705 4835 sacras
726 4788 985 4836 conciones
1012 4802 1296 4839 concursum
1340 4793 1609 4840 auditorum
1635 4795 1745 4839 ὠθι-

185 4847 311 4906 σμὸν,
332 4850 499 4909 θλίψιν,
513 4851 845 4913 στενοχωρίαν,
871 4863 999 4913 saepe
1019 4860 1284 4899 memorant
1299 4852 1743 4913 Palrcs,praacipue

185 4915 541 4973 ῃ-οειετςεοιιιιρ
566 4911 629 4955 de
654 4923 787 4973 more
808 4923 913 4955 cum
939 4910 1208 4973 phrisliano
1237 4913 1372 4972 Lupo
1393 4910 1574 4973 accipio
1595 4910 1743 4973 yérba

186 4966 385 5037 Nestor“
410 4990 420 5015 :
451 4972 613 5035 lfareo
641 4968 1032 5037 εηίιηηηιιοηὶαηι
1053 4978 1097 5037 ει
1120 4984 1206 5033 ego
1226 4966 1363 5037 valde
1386 4966 1742 5037 sum'fqligqtus

182 5032 321 5094 {alpes
342 5030 536 5094 onmino
557 5030 925 5094 constrictjgsou
940 5043 1002 5077 ex
1028 5033 1119 5079 alia
1144 5030 1383 5087 C'ersione.
1405 5030 1743 5094 constipa'lione

185 5086 415 5147 laboratis,
431 5103 594 5151 graece
618 5091 949 5152 proculdubio
966 5093 1279 5153 σφιγγόμενοι.
1308 5086 1578 5145 ΙιιΗοηιὶηὲι
1606 5096 1739 5143 Pauli

1151 309 1218 365 1N
1257 309 1490 379 ILLUD,
1532 311 1599 365 1N
1631 312 1771 379 QUA
1816 311 2244 379 POTESTATE,
2284 312 2443 369 ETC.

3319 337 3432 393 428

1866 430 2100 494 πίστεως
2141 433 2328 502 γέμον.
2365 434 2439 485 Οὐ
2481 425 2708 499 ναυαγεῖ
2734 433 2863 502 παρ’
2903 432 3034 502 ἡμῖν
3063 432 3123 485 τὸ
3151 432 3248 504 τῆς
3290 434 3435 488 διδα·

1868 512 2097 574 σκαλίας
2130 516 2355 580 σκάφος,
2382 515 2442 565 οὑ
2466 513 2744 577 τύπτεται,
2769 513 2828 564 οὐ
2858 513 3205 583 ταράττεται,
3235 514 3295 566 οὐ
3329 531 3435 584 χει-

1869 592 2132 659 μάζεται·
2180 596 2294 647 ἀλλ’
2332 596 2407 657 ὡς
2440 594 2614 647 εὔδιον
2652 594 2845 664 λιμένα
2870 597 2948 657 είς
2980 596 3079 657 τὰς
3116 595 3291 664 ψυχὰς
3327 595 3437 648 τῶν

1864 673 1955 727 τὸν
1987 673 2184 744 Κύριον
2212 673 2549 742 ἀγαπώντων
2580 675 2883 743 ὁρμίζεται.
2929 675 3089 726 Ἀλλά
3127 675 3299 727 ταῦτα
3332 676 3431 745 μιν

1865 758 1945 817 είς
1967 757 2238 813 τοσοῦτον.
2285 758 2489 809 Ἐκεῖνο
2521 757 2575 809 δὲ
2600 757 2679 808 δεῖ
2700 758 2942 819 σκοπεῖν,
2976 757 3056 809 δτι
3088 757 3136 808 οί
3170 757 3313 824 ἆγιοι
3339 756 3436 811 τοῦ

1865 838 1998 891 Θεοῦ
2030 840 2391 892 ὑποπίπτουσι
2412 839 2813 907 συκοφαντίαις.
2847 836 2912 891 Τί
2932 838 2992 890 τὸ
3027 837 3358 907 θαυμαστὸν,
3386 838 3436 892 εί

1866 922 2026 991 ἡμεῖς
2056 921 2105 974 οἱ
2133 922 2389 985 εὐτελεῖς,
2420 922 2513 974 καὶ
2535 923 2798 985 ταπεινοὶ,
2823 922 2917 973 καὶ
2946 922 3007 973 τὸ
3033 921 3217 991 μηδὲν,
3258 921 3334 984 ὼς
3359 923 3438 975 ει-

1865 1005 2007 1064 πεῖν,
2046 1004 2225 1065 δντες,
2253 1002 2730 1070 συκοφαντούμεθα
2757 1019 2771 1065 ;
2801 1004 2871 1054 ’Ἡ
2899 1003 2998 1055 οὐκ
3028 1004 3265 1072 ἤκουσας
3314 1002 3437 1065 πῶς

1863 1087 1892 1137 6
1922 1086 2085 1138 Δαυῖδ
2136 1103 2296 1155 φησιο
2341 1086 2554 1139 Ῥῦσαί
2592 1102 2667 1154 με
2717 1086 2832 1140 ἀπὸ
2872 1088 3284 1154 συκοφαντίας
3331 1086 3435 1139 ἀν-

1865 1168 2146 1236 θρώπων;
2189 1168 2741 1238 Ἐσυκοφαντήθησαν
2769 1169 2862 1219 καὶ
2882 1168 2931 1220 οἱ
2957 1168 3098 1234 ἀγιοι
3128 1168 3219 1219 τοῦ
3251 1168 3434 1236 Σωτῆ-

1865 1270 1957 1323 ρος
1985 1251 2291 1310 ἀπόστολοι,
2313 1251 2388 1313 ὼς
2414 1251 2563 1317 ἐλεγε
2591 1252 2683 1304 καὶ
2709 1252 2736 1303 6
2762 1251 3029 1321 μακάριος
3054 1249 3288 1312 Παῦλοςσ
3321 1248 3435 1303 Kal

1858 1334 1966 1403 μὴ,
1991 1333 2184 1399 καθὼς
2199 1335 2741 1402 βλασφημούμεθα,
2764 1333 2857 1385 καί
2884 1332 3075 1397 καθώς
3096 1332 3248 1399 φασί
3276 1348 3436 1398 τινες

1862 1414 2018 1485 ἡμᾶς
2044 1414 2259 1483 λέγειν,
2292 1415 2379 1467 ὅτι
2409 1415 2757 1483 Ποιήσωμεν
2777 1415 2849 1466 τὰ
2870 1415 3039 1479 κακὰ,
3071 1416 3172 1468 ἵνα
3196 1414 3342 1481 ἔλθῃ
3364 1417 3436 1468 τὰ

1863 1500 2071 1568 ἀγαθά.
2101 1498 2174 1550 Οὐ
2199 1497 2469 1567 λυποῦμαι
2498 1498 2635 1567 μετὰ
2656 1496 2763 1549 τῶν
2792 1496 2960 1563 ἁγίων
3000 1512 3436 1565 συκοφαντούμε-

1864 1598 1953 1643 νος
1977 1619 1991 1640 ,
2027 1580 2073 1632 εί
2116 1580 2209 1632 καὶ
2249 1579 2465 1643 ἀνάξιός
2510 1581 2623 1645 εἰμι
2659 1578 2766 1629 τῶν
2801 1578 2991 1645 ἁγίων.
3039 1578 3186 1646 Ἐχω
3229 1578 3435 1642 πάντας

1865 1663 2009 1731 ὑμᾶς
2038 1661 2250 1733 κριτὰς,
2286 1662 2380 1713 καὶ
2410 1660 2516 1729 πρὸ
2550 1660 2769 1712 πάντων
2799 1660 2952 1729 ὑμῶν
2972 1660 3061 1712 τὸν
3084 1660 3258 1712 κοινὸν
3278 1661 3434 1730 ήμ’ῶν

1863 1745 2102 1814 Πατέρα,
2134 1742 2285 1814 [45411
2319 1743 2379 1795 ού
2408 1741 2669 1811 προλήψει
2706 1742 2975 1811 κρίνοντα,
3006 1741 3119 1793 ἀλλ’
3148 1742 3325 1812 ἐννοίᾳ
3350 1742 3432 1793 δι-

1862 1826 2117 1891 κάζοντα.
2150 1822 2304 1879 Οἶδεν
2336 1825 2493 1894 ἡμῶν
2522 1825 2590 1876 τὰ
2627 1825 2891 1893 νοήματα,
2936 1823 3191 1890 γνωρίζει
3233 1826 3325 1875 καὶ
3364 1823 3435 1877 τὰ

1864 1909 2121 1978 ῥήματα,
2162 1909 2244 1961 ὅτι
2284 1907 2341 1971 ἐξ
2386 1905 2548 1959 αὑτοῦ
2583 1904 2980 1974 ἐπαιδεύθημεν
3024 1903 3216 1957 ταῦτα.
3263 1905 3435 1958 Ἀντι-

1862 1990 2124 2059 6ἀλλομεν
2154 1991 2292 2059 πρὸς
2314 1990 2487 2058 ὑμᾶς,
2518 1990 2565 2038 εί
2590 1987 2877 2039 ὲπέλειπτο
2913 1988 2939 2026 ιι
2970 1988 3075 2040 τῶν
3105 1987 3430 2057 είρημένων,

1860 2072 2149 2143 διορθῶσαι
2189 2072 2255 2123 τά
2284 2071 2548 2141 εἰρημένα
2567 2088 2579 2100 ο
2610 2068 2722 2120 ἀλλ’
2748 2070 2844 2137 οὐχ
2878 2070 3197 2124 ύπελάϐετο.
3234 2070 3297 2121 Εἰ
3324 2071 3434 2141 γάρ

1859 2151 1951 2208 οὖν
1990 2154 2335 2224 διωρθώσατο
2356 2193 2367 2213 ,
2404 2154 2463 2203 ού
2522 2150 2713 2220 μισῶν,
2767 2151 2901 2203 ἀλλὰ
2936 2150 3163 2218 ἀγαπῶν
3186 2168 3199 2180 ·
3234 2151 3291 2204 ὃν
3324 2150 3433 2221 γὰρ

1861 2237 2055 2306 ἀγαπᾷ
2091 2236 2301 2305 Πατὴρ,
2339 2234 2586 2302 ἐλέγχει·
2617 2232 2675 2284 ὃν
2713 2232 2767 2284 δὲ
2806 2233 2865 2284 οὐ
2904 2232 3248 2302 διορθοῦται,
3298 2235 3434 2285 ἀπο-

1863 2319 2174 2388 στρέφεται.
2215 2317 2273 2368 ὐ
2308 2315 2361 2368 δὲ
2391 2314 2689 2384 θαυμάσιος
2730 2309 2883 2376 οὗτος
2909 2316 3096 2383 Πατὴρ
3128 2316 3218 2367 καὶ
3236 2314 3305 2367 τὰ
3335 2330 3433 2367 κα-

1860 2399 1967 2462 λῶς
1994 2399 2263 2468 λεγόμενα
2304 2397 2647 2466 ἀποδέχεται,
2676 2398 2769 2448 καὶ
2804 2399 2913 2459 τοῖς
2955 2395 3309 2464 ἐσφαλμένοις
3334 2397 3433 2448 ἐπο

1861 2481 1981 2548 ἀγει
2006 2481 2101 2548 τὴν
2126 2478 2602 2549 διόρθωσιν.’ῐ“οῦτο
2622 2478 2729 2548 γὰρ
2747 2479 2953 2546 Πατρὺς
2983 2478 3128 2539 ίδιον,
3147 2476 3431 2546 βραϐεύειν

1860 2565 1968 2615 τοῖς
2011 2562 2191 2624 καλῶς
2227 2562 2567 2631 λεγομένοις,
2603 2562 2694 2612 καὶ
2736 2560 2872 2627 μετὰ
2906 2561 3138 2622 πίστεως
3162 2576 3430 2629 κηρυττο-

1863 2645 2062 2713 μένοις.
2111 2644 2295 2714 Ἀρκεῖ
2321 2645 2497 2695 τοίνυν
2536 2642 2654 2693 ἀντὶ
2693 2642 2907 2693 πάντων
2939 2643 2971 2711 ή
3002 2640 3178 2709 ψῆφος
3222 2642 3389 2693 αὐτοῦ
3411 2680 3429 2707 ,

1860 2727 1953 2778 καὶ
1989 2725 2096 2795 πρὸ
2144 2725 2308 2777 αὐτοῦ
2344 2723 2501 2777 πάλιν
2535 2726 2568 2791 ὴ
2607 2721 2700 2774 τοῦ
2744 2722 3008 2788 παναγίου
3043 2721 3199 2775 Θεοῦ.
3266 2721 3432 2792 Ἐχώ-

1863 2807 2001 2874 μεθα
2026 2808 2081 2857 δὲ
2120 2808 2214 2873 τῆς
2247 2805 2524 2865 εὐσεϐείας
2550 2842 2562 2865 ,
2594 2802 2913 2870 φυλάξωμεν
2954 2804 3050 2870 τὴν
3089 2801 3270 2855 πίστιν
3304 2804 3431 2856 ἀσά-

1860 2886 2063 2939 λευτον.
2108 2886 2397 2937 Πιστεύετε
2436 2889 2501 2952 τῇ
2533 2883 2777 2952 ἀληθείᾳ,
2800 2883 2893 2933 κα)⁸
2925 2883 2997 2952 μὴ
3028 2884 3333 2950 ἀντιλέγετε
3360 2888 3427 2956 τῇ

1862 2968 2108 3039 ἀληθείᾳ.
2143 2967 2233 3037 Μὴ
2274 2968 2635 3037 παραγράφου
2662 2966 2761 3036 τὴν
2793 2964 2971 3015 πίστιν
2991 3002 3005 3026 ,
3049 2965 3123 3034 μὴ
3151 2966 3431 3035 πολυπρα-

1861 3052 2050 3119 γμὸνει
2076 3052 2175 3119 τὴν
2195 3051 2344 3105 θείαν
2377 3050 2561 3119 φύσιν,
2595 3049 2668 3119 μὴ
2690 3048 2964 3119 ὑποϐάλῃς
2994 3048 3271 3117 λογισμοῖς
3297 3049 3427 3119 θνη-

1860 3137 1968 3196 τοῖς
1989 3133 2085 3203 τὴν
2108 3134 2371 3187 ἀθάνατον
2393 3133 2569 3197 ἀξίαν.
2609 3132 2938 3201 Ἐπισφαλὴς
2961 3134 2992 3201 ἠ
3019 3131 3126 3183 τῶν
3154 3131 3428 3200 λογισμῶν

1859 3216 2009 3280 όόός’
2046 3217 2294 3285 ἀσφαλὴς
2337 3218 2432 3268 καὶ
2471 3215 2663 3284 βεϐαία
2698 3216 2731 3282 ἡ
2780 3214 2957 3265 ἔννοια
2992 3214 3086 3283 τῆς
3137 3214 3278 3266 κατά
3324 3215 3425 3284 τὴν

1860 3300 2039 3352 πίστιν
2075 3300 2379 3368 ὁμολογίας.
2425 3299 2489 3349 'H
2539 3296 2741 3365 ἀληθὴς
2791 3297 2948 3363 σοφία
2979 3297 3011 3365 ἡ
3044 3295 3225 3358 πίστις
3258 3298 3425 3350 ἐστίν.

1860 3382 2058 3433 Ἀκουε
2085 3381 2137 3432 τί
2168 3398 2299 3449 φησι
2343 3381 2402 3432 τὸ
2434 3380 2574 3432 θεῖον
2602 3380 2778 3445 λόγιον
2805 3392 2817 3407 ·
2855 3378 2981 3431 Κᾶν
3010 3378 3117 3447 γὰρ
3150 3372 3189 3447 ᾗ
3218 3396 3307 3444 τις
3336 3380 3429 3432 τέ-

1855 3464 2017 3527 ,ὶειος
2048 3462 2115 3514 ἐν
2139 3462 2291 3528 υἱοῖς
2336 3461 2679 3529 ἀνθρώπων,
2716 3457 2823 3523 τῆς
2845 3460 3004 3526 παρὰ
3047 3460 3162 3513 σοῦ
3206 3463 3428 3528 σοφίας

1854 3545 2153 3612 ἀπούσης,
2180 3547 2266 3609 εὶς
2287 3544 2466 3597 οὐδὲν
2490 3542 2929 3611 λογισθήσεται.
2965 3541 3134 3609 Φεῦγε
3165 3544 3232 3595 τὰ
3264 3543 3430 3614 ζητή-

1861 3644 2022 3698 ματα,
2050 3628 2142 3681 καὶ
2176 3626 2249 3697 μὴ
2273 3626 2511 3696 προτίμα
2540 3626 2639 3694 τῆς
2664 3625 2896 3686 πίστεως
2921 3625 2989 3675 τά
3016 3626 3255 3694 ῥήματα.
3288 3626 3429 3679 Παῦ-

1858 3712 1945 3763 λον
1975 3710 2063 3779 ἔχε
2105 3709 2439 3770 διδάσκαλον,
2481 3708 2686 3775 Πέτρον
2716 3708 3019 3776 ἐπιγράφου
3073 3706 3425 3777 καθηγητήν·

1857 3797 1920 3863 τῇ
1946 3795 2123 3845 πίστει
2154 3793 2376 3844 ἐκείνων
2398 3789 2837 3858 ἐξακολούθησον.
2872 3791 3067 3842 Ἀκουε
3101 3791 3307 3860 Πέτρου
3342 3790 3429 3842 λέ-

1859 3891 2044 3941 γοντος
2068 3891 2081 3904 ·
2119 3874 2203 3927 Σὺ
2241 3869 2298 3925 εἴ
2334 3876 2365 3926 ό
2394 3872 2673 3939 Χριστὸς,
2713 3875 2744 3923 ό
2802 3871 2933 3937 Υἱὸς
2974 3871 3079 3925 τοῦ
3119 3872 3268 3926 Θεοῦ
3320 3872 3428 3935 τοῦ

1860 3955 2091 4021 ζῶντος.
2148 3955 2451 4007 Ἀκολούθει
2482 3956 2557 4023 τῷ
2593 3954 2818 4023 Παύλῳ,
2848 3954 3033 4020 σαφῶς
3059 3954 3147 4005 τὸν
3167 3954 3259 4007 τοῦ
3287 3952 3424 4007 Θεοῦ

1859 4038 1984 4090 Υίὸν
2012 4037 2353 4108 ἀνυμνοῦντι,
2373 4040 2466 4090 καὶ
2495 4042 2565 4105 πῆ
2595 4039 2690 4105 μὲν
2716 4038 2945 4105 λέγοντι,
2969 4040 3049 4089 ὅτι
3087 4037 3427 4104 Ἐλάλησεν

1857 4122 1999 4187 ἡμῖν
2015 4124 2047 4174 ό
2066 4121 2203 4182 Θεὸς
2217 4122 2286 4173 ἐν
2310 4120 2436 4185 Υίῷ,
2456 4121 2529 4172 δι’
2544 4117 2613 4174 οὗ
2630 4120 2885 4185 καὶτοὺς
2901 4119 3119 4183 αἰῶνας
3140 4120 3388 4186 ἐποίησε
3408 4138 3421 4151 ·

1856 4202 1923 4266 ὃς
1954 4200 2040 4253 ὢν
2065 4202 2430 4269 ἀπαύγασμα
2459 4202 2569 4266 τὴς
2596 4201 2782 4265 δόξης
2802 4242 2813 4263 ,
2852 4202 2950 4252 καὶ
2976 4200 3279 4267 χαρακτὴρ
3312 4200 3422 4267 τῆς

1856 4285 2262 4349 ὑποστάσεως,
2289 4284 2482 4351 φέρων
2502 4301 2563 4334 τε
2596 4284 2667 4335 τὰ
2698 4281 2893 4335 πάντα
2915 4284 2992 4345 τῷ
3016 4285 3174 4349 λόγῳ
3195 4283 3305 4349 τῆς
3324 4284 3427 4337 δυ⁴

1854 4369 2081 4435 νάμεως
2112 4367 2295 4419 αὑτοῦ
2319 4382 2331 4394 ·
2360 4369 2435 4435 πῆ
2463 4368 2518 4419 δὲ
2544 4367 2705 4418 πάλιν
2740 4366 3081 4435 κηρύττοντι,
3112 4369 3170 4418 ἐν
3199 4368 3274 4435 τῷ
3296 4367 3424 4436 περὶ

1866 4452 2129 4503 Ἰουδαίων
2154 4466 2165 4478 ·
2198 4446 2306 4502 Ὧν
2328 4454 2378 4503 οἱ
2405 4450 2654 4516 πατέρες
2681 4449 2867 4517 ἡμῶν,
2901 4450 2968 4509 ἐξ
3000 4443 3085 4501 ὧν
3103 4449 3135 4499 ὀ
3172 4450 3425 4516 Χριστὸς

1852 4536 1999 4588 κατὰ
2024 4535 2240 4599 σάρκα,
2273 4539 2303 4588 ό
2329 4534 2412 4585 ὢν
2432 4535 2525 4585 ἐπὶ
2551 4534 2792 4585 πάντων
2815 4534 2957 4597 Θεὸς
2980 4536 3306 4603 εὐλογητὸς
3337 4537 3423 4597 είς

1851 4617 1991 4683 τοὺς
2016 4616 2233 4681 αἰῶνας
2262 4615 2379 4668 τῶν
2409 4616 2655 4668 αἰώνων.
2709 4615 2909 4683 Ἀμήν.

1849 4791 2066 4839 Emiseni
2098 4806 2107 4838 :
2138 4793 2429 4853 Στενοχωρία
2452 4794 2545 4838 τῶν
2587 4794 2825 4853 ἡμετέρων
2867 4794 3077 4851 ἀδελφῶν
3102 4792 3272 4853 ἔξωσεγ
3296 4794 3421 4851 ἡμᾶς

1848 4856 1941 4899 τῶν
1963 4850 2368 4913 σκαμμάτων·’ὸιιι
2403 4855 2602 4901 adsonat
2626 4850 2907 4913 "Gregorius
2946 4850 3196 4911 Nyssenus
3231 4850 3421 4900 Oratiu-

1849 4913 2059 4960 nibusin
2082 4913 2140 4959 40
2184 4922 2437 4971 martyres.
2471 4914 2665 4962 (lonsuli
2692 4928 2886 4973 quoquo
2927 4916 3070 4961 velim
3100 4913 3421 4962 Sozomennm

1850 4973 1932 5036 ljb.
1956 4974 2005 5031 8,
2032 4987 2129 5033 σορκ
2156 4973 2202 5031 5,
2229 4974 2448 5020 eLVitam
2469 4977 2793 5033 (ῥιπῇ-δυσωπῶ
2822 4988 2910 5035 per
2933 4977 3251 5036 Anonymum.
3274 4975 3415 5023 11.86.

1846 5034 2075 5082 (ἷοτειειι.

1908 5095 1935 5133 δ
1959 5095 2169 5143 Coteler.
2196 5096 2321 5157 conj.
2348 5096 2615 5151 ἐπείληπτο.
