4110 6318
703 305 819 361 429
2154 296 2522 356 SEVERIANI

3825 329 3941 382 430

2127 913 2508 976 MONITUM

771 1157 922 1234 [435]
939 1157 996 1212 In
1023 1158 1278 1214 Vaticano
1297 1158 1496 1213 Codice
1526 1175 1676 1211 num.
1705 1158 1859 1224 1500,
1878 1159 2039 1229 inque
2065 1160 2183 1216 aliis
2203 1159 2493 1215 Codicibus
2510 1161 2593 1215 ha:
2620 1162 2908 1216 conciones
2925 1163 3147 1217 Joannis
3165 1163 3528 1233 Chrysostomi
3553 1165 3771 1220 nomine
3800 1181 3949 1221 com-

699 1262 927 1321 parent;
958 1250 1007 1304 id
1046 1251 1361 1306 curantibus
1391 1249 1645 1311 librariis,
1673 1257 1729 1302 ut
1759 1261 1995 1318 quaestus
2021 1265 2182 1304 causa
2212 1260 2416 1318 quanto
2457 1249 2608 1319 plura
2638 1259 2861 1319 possent
2898 1250 3266 1320 Chrysostomi
3318 1253 3536 1306 nomine
3567 1254 3945 1307 inscriberent.

700 1343 772 1396 At
805 1357 924 1397 esse
949 1341 1222 1396 Severiani
1246 1341 1485 1409 episcopi
1513 1339 1836 1394 Gabalorum
1865 1351 2073 1395 constat
2104 1361 2116 1395 :
2152 1343 2311 1410 idque
2343 1341 2646 1394 luculenter
2672 1343 2907 1395 declarat
2938 1342 3160 1397 Cosmas
3189 1342 3468 1412 IEgyptius
3492 1345 3544 1396 in
3578 1344 3949 1414 Topographia

700 1446 799 1487 sua
853 1431 1154 1486 Christiana
1191 1447 1220 1483 a
1275 1431 1431 1484 nobis
1476 1431 1617 1484 edita
1646 1447 1788 1485 anno
1829 1432 1983 1495 1706,
2041 1433 2128 1486 ubi
2184 1449 2236 1501 p.
2271 1432 2394 1496 5-20,
2439 1440 2722 1502 postquam
2763 1433 3047 1502 Theophili
3107 1434 3450 1488 Alexandrini
3499 1435 3698 1504 aliquot
3743 1437 3858 1490 loca
3888 1452 3952 1491 ex

701 1521 958 1590 Epistolis
1002 1520 1281 1576 festalibus
1319 1523 1589 1585 attulerat,
1644 1524 1709 1577 ad
1740 1523 2088 1578 Severianum
2125 1524 2448 1579 Gabalornm
2479 1525 2689 1586 transit.
2735 1541 2895 1593 quem
2928 1525 3211 1593 TheOphili
3256 1526 3580 1595 συμμύστην
3617 1537 3770 1581 vocat
3810 1547 3822 1582 :
3860 1531 3952 1582 καὶ

701 1612 891 1668 τοῦτον
942 1614 996 1667 δὲ
1030 1616 1498 1686 παραδραμόντες,
1542 1618 1633 1670 ἐπὶ
1678 1617 1767 1670 τὸν
1794 1619 1915 1670 κατ’
1939 1621 2111 1670 ἐκεῖνο
2150 1618 2341 1688 καιροῦ
2373 1618 2700 1689 συμμύστην
2741 1619 2829 1672 τὸν
2856 1619 2952 1688 τῆς
2981 1619 3240 1672 Γαϐάλων
3280 1621 3577 1675 ἐπίσκοπον
3604 1623 3950 1691 Σευηριανὸν,

699 1706 981 1778 τέταρτον,
1015 1708 1382 1776 μετέλθωμεν.
1428 1709 1614 1762 Verum
1647 1711 1740 1762 hoc
1789 1711 2001 1763 dimisso
2046 1709 2275 1776 (Theoph

2423 1711 2491 1762 ad
2531 1709 2696 1761 alium
2728 1711 2834 1776 ipsi
2861 1710 3116 1779 azqualem
3144 1720 3192 1763 et
3237 1721 3596 1780 symmystam,
3635 1711 3953 1766 Cabalorum

698 1795 898 1850 scilicet
932 1798 1226 1864 episcopum
1255 1795 1616 1862 Severianum,
1645 1808 1892 1868 quartum
1924 1814 2158 1861 numero,
2193 1807 2547 1850 transeamus.
2581 1796 2718 1852 Hinc
2750 1799 2917 1852 multa
2965 1798 3228 1868 longaque
3259 1799 3555 1868 fragmenta
3584 1799 3750 1868 hujus
3777 1801 3954 1866 operis

702 1892 772 1946 ad
811 1892 1035 1945 verbum
1069 1891 1256 1954 refert,
1284 1907 1404 1959 qua:
1439 1907 1539 1944 nos
1576 1891 1687 1943 suis
1711 1891 1845 1945 locis
1882 1891 2210 1946 contulimus
2242 1906 2366 1945 cum
2409 1901 2554 1945 textu
2595 1901 2804 1946 nostro.
2844 1894 3025 1960 Itaque
3048 1893 3320 1946 orationes
3343 1892 3618 1946 Severiani
3644 1893 3762 1948 sine
3792 1894 3954 1948 dubio

702 1990 855 2037 stmt.
895 1981 970 2035 De
1004 1981 1087 2035 his
1133 1982 1435 2036 audiendus
1470 1980 1702 2035 Savilius
1735 1983 1789 2034 in
1823 1981 1967 2036 notis
1997 1998 2052 2051 p.
2099 1982 2222 2045 871,
2269 1983 2358 2036 ubi
2392 1982 2457 2035 de
2495 1983 2816 2051 quibusdam
2849 1983 3182 2036 orationibus
3221 1983 3287 2036 ab
3318 1998 3375 2036 se
3427 1998 3549 2036 cum
3580 1982 3950 2052 Chrysostomi

702 2074 963 2143 operibus
988 2074 1149 2128 editis
1177 2090 1341 2146 agens
1385 2076 1463 2128 sic
1510 2077 1584 2128 ait
1614 2091 1626 2126 :
1664 2095 1681 2126 ι
1726 2075 1896 2130 Hasce
1926 2090 2117 2130 novem
2148 2077 2422 2131 orationes
2455 2084 2745 2143 sequentes
2779 2076 2898 2129 ideo
2933 2076 3122 2145 adjeci,
3157 2075 3280 2144 quia
3307 2075 3359 2127 in
3387 2074 3726 2127 bibliothecis
3753 2074 3949 2142 passim

703 2165 1049 2236 reperiantur
1092 2167 1194 2221 sub
1235 2167 1456 2223 nomine
1492 2167 1882 2237 Chrysostomi,
1917 2183 2038 2221 cum
2081 2177 2256 2222 tamen
2291 2169 2461 2237 ipsius
2503 2183 2610 2220 non
2646 2165 2788 2230 sint;
2827 2177 2879 2219 et
2927 2168 2981 2219 in
3023 2167 3144 2220 aliis
3171 2165 3590 2219 correctioribus
3635 2165 3789 2217 libris
3833 2163 3950 2216 aliis

702 2257 1036 2322 auctoribus,
1066 2257 1225 2326 idque
1252 2273 1398 2321 vere,
1429 2259 1822 2313 adscribantur.
1868 2259 1942 2313 De
1974 2259 2056 2312 his
2081 2274 2176 2312 sex
2215 2259 2546 2314 orationibus
2577 2261 2678 2312 alia
2705 2259 2865 2312 etiam
2892 2260 3030 2312 ratio
3064 2259 3183 2324 fuit,
3214 2259 3355 2329 quod
3386 2258 3594 2311 nonabs
3621 2271 3678 2309 re
3702 2267 3949 2325 putarem

703 2355 918 2402 exstare
949 2347 1163 2417 publice
1188 2360 1598 2403 monumentum
1627 2349 1946 2418 eloquentiae
1974 2350 2161 2404 ferreae
2192 2349 2334 2403 illius
2361 2351 2553 2412 aetatis,
2586 2366 2705 2418 quae
2732 2359 2908 2402 tamen
2941 2365 3063 2402 cum
3091 2360 3276 2403 noero
3299 2364 3463 2402 aureo
3495 2347 3713 2398 numine
3743 2345 3947 2414 judicio

703 2441 916 2496 aurium
945 2440 1077 2511 .ejus
1125 2443 1305 2495 saeculi
1341 2441 1701 2511 comparanda
1733 2441 2026 2494 videretur.
2075 2441 2212 2494 Nota
2254 2442 2398 2494 enim
2436 2439 2660 2493 Joannis
2708 2441 2876 2494 nostri
2929 2451 2983 2494 et
3035 2439 3310 2493 Severiani
3343 2439 3581 2493 rivalitas
3627 2454 3693 2492 ex
3722 2439 3950 2492 historia

703 2532 1090 2601 ecclesiastica,
1141 2544 1268 2590 nota
1311 2535 1670 2605 lmperatricis
1715 2532 1973 2588 Eudoxizn
2020 2550 2119 2605 pro
2164 2533 2458 2590 Severiano
2494 2542 2682 2586 contra
2708 2533 2972 2587 Joannem
3005 2533 3202 2587 studia.
3240 2550 3258 2583 ι

714 2769 3932 2797 mm

1390 3011 1547 3133 IN
1623 3007 2126 3136 MUNDI
2221 3004 3238 3133 CREATIONEM
3281 3092 3328 3126 .

2006 3322 2267 3382 ORATIO
2304 3323 2539 3382 PRIMA.

775 3785 878 3848 Hic
918 3782 1032 3846 τὴν
1079 3779 1318 3848 πρώτην
1362 3777 1588 3844 ἡμέραν
1635 3775 1744 3843 τῆς
1794 3781 2184 3847 κοσμοποιίας
2223 3791 2272 3832 ι.

774 3871 842 3918 α’.
1065 3866 1217 3916 Πᾶσα
1238 3861 1513 3922 εὐσεϐείας
1544 3859 1796 3921 ὑπόθεσις
1817 3860 1924 3912 τῶν
1947 3861 2132 3931 ψυχῶν
2160 3864 2276 3914 ἐστι

702 3946 810 4000 τῶν
849 3947 1131 4016 ἡμετέρων
1163 3943 1462 4014 διόρθωσις.
1500 3942 1639 4011 Πρὸς
1675 3941 1875 4010 ταύτην
1912 3943 2017 4011 γὰρ
2039 3942 2134 4012 τὴν
2168 3942 2276 3996 τῶν

703 4030 890 4098 ψυχῶν
930 4028 1085 4098 ἡμῶν
1124 4028 1396 4098 σωτηρίαν
1432 4027 1530 4094 ὁρᾷ
1571 4026 1744 4076 πάντα
1769 4024 1834 4076 τὰ
1865 4025 1961 4093 τῆς
1998 4025 2276 4088 εὐσεϐείας

704 4112 1064 4182 παιδεύματα.
1099 4109 1311 4178 Ταύτην
1340 4107 1468 4175 γοῦν
1503 4107 1593 4157 καὶ
1617 4109 1643 4158 ὁ
1683 4106 1776 4157 τοῦ
1827 4106 1960 4158 Θεοῦ
2021 4124 2277 4176 πραγμα-

703 4196 917 4248 τεύεται
950 4195 1124 4261 λόγος,
1149 4193 1351 4260 ταύτην
1392 4194 1417 4243 ὁ
1451 4191 1718 4252 Μωῦσέως
1754 4189 2063 4242 ὑποτίθεται
2091 4192 2275 4259 νόμος,

703 4278 906 4345 ταύτην
927 4275 1280 4344 κηρύττουσιν
1299 4276 1353 4326 αἱ
1375 4292 1458 4325 νοε
1469 4275 1554 4342 ραὶ
1579 4272 1684 4325 τῶν
1704 4274 1994 4342 προφητῶν
2013 4273 2275 4341 γλῶσσαι,

706 4361 845 4430 ὑπὲρ
872 4359 1072 4426 ταύτης
1103 4359 1380 4424 ἁσιγήτοις
1413 4356 1640 4423 στόμασι
1669 4354 1861 4423 βοῶσιν
1888 4357 1935 4406 oi
1972 4356 2272 4408 ἀπόστολοι.

704 4443 888 4496 Πάντα
915 4440 1021 4509 γὰρ
1049 4439 1186 4509 ὑπὲρ
1227 4439 1381 4505 ἡμῶν
1419 4441 1510 4489 καὶ
1555 4437 1620 4489 δι’
1654 4440 1820 4506 ἡμᾶς,
1852 4438 1935 4489 ἵνα
1975 4438 2109 4507 πρὸς
2138 4439 2270 4508 διόρο

705 4525 869 4578 θωσιν
899 4523 1171 4594 δραμόντα
1201 4521 1267 4572 τὰ
1292 4521 1535 4589 ἡμέτερα
1567 4520 1665 4588 τῆς
1708 4520 1984 4582 εὐσεϐείας
2013 4521 2277 4584 καταξιω-

706 4608 794 4678 θῇ.
826 4608 980 4660 Πᾶσα
1014 4608 1111 4675 μὲν
1135 4600 1228 4658 οὖν
1251 4603 1425 4672 βίϐλος
1461 4603 1589 4668 ἁγία
1617 4603 1867 4672 ἀφορμὴν
1889 4604 1998 4672 ἔχει
2026 4604 2276 4674 τὴνήμε-

704 4693 866 4760 τέραν
902 4690 1194 4758 σωτηρίαν,
1220 4687 1292 4748 ὼς
1331 4687 1497 4753 ἔφθην
1536 4687 1719 4736 εἰπών.
1749 4685 1892 4753 Λύτη
1921 4686 1974 4737 δὲ
2002 4689 2032 4752 ἡ
2059 4688 2156 4755 τῆς
2188 4689 2274 4757 δη.

710 4773 996 4844 μιουργίας
1044 4770 1243 4839 βίϐλος,
1280 4770 1420 4838 ἀρχὴ
1455 4771 1544 4819 καὶ
1585 4769 1732 4836 πηγὴ
1766 4768 1857 4819 καὶ
1898 4767 2122 4836 δύναμίς
2162 4771 2277 4822 ἐστι

706 4857 923 4908 πάντων
961 4854 1069 4905 τῶν
1099 4855 1155 4903 ὲν
1181 4853 1328 4921 νόμῳ
1361 4852 1451 4901 καὶ
1491 4852 1810 4919 προφήταις.
1859 4850 2172 4920 Καὶῶσπερ
2203 4849 2279 4902 οἴ-

705 4956 801 4990 κον
847 4938 942 5004 οὐχ
977 4929 1086 4988 οἷόν
1117 4951 1177 4985 τε
1227 4934 1444 5000 στῆναι,
1474 4931 1720 4999 θεμελίου
1771 4932 1843 5000 μὴ
1900 4932 2275 5001 ὑποκειμένου,

703 5019 872 5080 οὕτως
903 5017 1023 5069 οὐδὲ
1071 5017 1138 5068 τὰ
1183 5016 1279 5084 τῆς
1324 5015 1677 5083 δημιουργίας
1719 5015 1886 5082 κάλλη
1937 5014 2164 5084 λάμψαι,
2201 5018 2273 5085 μὴ

705 5100 803 5165 τῆς
835 5099 1189 5166 δημιουργίας
1233 5097 1329 5164 τὴν
1365 5097 1534 5164 ἀρχὴν
1579 5096 1975 5164 ἀπολαϐούσης.
2016 5091 2144 5148 Οἶδα
2179 5099 2275 5166 μὲν

705 5178 819 5243 οὖν,
855 5181 934 5233 ὅτι
968 5180 1149 5231 πολλοὶ
1174 5179 1280 5230 τῶν
1315 5178 1479 5245 ἁγίων
1515 5179 1770 5248 Πατέρων
1805 5180 2050 5249 καθῆκαν
2083 5179 2161 5242 εἰς
2183 5181 2274 5232 τὸν

769 5307 792 5333 ⁰
819 5305 867 5352 In
897 5305 1002 5351 cod.
1041 5303 1197 5350 Valic.
1219 5316 1357 5365 Vnum.
1408 5301 1496 5349 3.160
1521 5323 1530 5348 :
1560 5300 1648 5350 τοῦ
1691 5302 1838 5350 αὐτοῦ
1875 5304 2068 5364 (supple
2092 5307 2276 5365 Χρυσο-

709 5367 920 5431 στομίων).
939 5367 1000 5431 εἰς
1023 5367 1107 5419 τήν
1132 5364 1331 5431 πρώτην⁵
1365 5365 1543 5431 ἡμέραν
1583 5370 1670 5431 τῆς
1706 5368 2032 5431 κοσμοποιίας.
2051 5364 2277 5431 _Savil_ius

711 5434 861 5474 totum
891 5429 1083 5472 titulum
1108 5428 1175 5470 sic
1200 5425 1502 5470 concinnavit
1526 5438 1535 5470 :
1583 5425 1865 5484 Σεϐηριανοῦ
1897 5427 2156 5473 ἐπισκόπου
2185 5428 2276 5473 Γα-

710 5490 864 5550 ᾄιλων
885 5489 953 5550 ,εἰς
978 5488 1060 5550 τὴν
1079 5485 1392 5550 κοσμοποιίαν
1413 5485 1541 5545 λόγοι
1567 5487 1631 5546 ἓξ,
1661 5486 1988 5550 Χρυσοστόμῳ
2022 5488 2072 5535 δὲ
2092 5489 2136 5535 ἐν
2156 5504 2278 5536 τισιν

708 5547 1002 5610 ἀντιγράφοις
1024 5547 1394 5607 ἐπιγραφόμενοι.

2377 3783 2476 3872 τῇς
2506 3783 2864 3872 δημιουργίας
2885 3788 3058 3857 λόγον.
3092 3791 3259 3846 πολλὰ
3277 3797 3371 3849 καὶ
3395 3801 3603 3869 μεγάλα
3638 3805 3728 3856 καὶ
3760 3806 3946 3872 ἔνδοςα

2377 3869 2676 3959 εἰρηκότες,
2695 3869 2786 3959 ,ὡς
2822 3872 2990 3959 iptio?)
3033 3875 3187 3959 ἁγίου
3241 3879 3554 3950 Πνεύματος
3603 3869 3948 3959 ὲπεμέτρησε

2377 3951 2555 4018 χάρις.
2609 3953 2718 4037 καὶ
2768 3953 2977 4037 πολλῶν
3029 3958 3121 4007 καὶ
3169 3961 3416 4028 μεγάλων
3471 3967 3565 4017 καὶ
3616 3951 3946 4037 θαυμαστῶν

2378 4033 2805 4121 προειρημένων,
2836 4035 2984 4121 οὐδὲν
3035 4039 3229 4092 κωλύει
3269 4044 3358 4096 καὶ
3407 4044 3472 4097 τὰ
3511 4051 3640 4117 παρ’
3674 4033 3827 4118 ἡμῶν
3850 4055 3949 4121 ρη-

2379 4111 2556 4203 θῇναι,
2582 4115 2748 4203 ὼς-ἂν
2835 4117 2926 4203 τού
2953 4120 3105 4186 ἁγίου
3127 4123 3439 4192 Πνεύματος
3468 4111 3746 4202 χορηγήση
3768 4111 3944 4203 χάρις.

2379 4191 2588 4279 Ὥσπερ
2621 4197 2728 4266 γὰρ
2754 4200 2801 4249 oi
2832 4200 2938 4270 πρὸ
2959 4203 3114 4270 ἡμῶν
3140 4205 3237 4257 οὐκ
3270 4191 3683 4279 ὲνεποδίσθησαν

2379 4276 2484 4346 πρὸ
2501 4278 2699 4341 αὐτῶν,
2739 4279 2905 4344 οὕτως
2937 4284 3053 4336 οὐδὲ
3079 4287 3237 4354 ἡμεῖς
3272 4289 3375 4340 ὐπὸ
3401 4291 3505 4343 τῶν
3543 4276 3648 4362 πρὸ
3685 4297 3782 4362 τῆς
3809 4299 3950 4365 ἡμεο

2374 4360 2536 4430 τέρας
2566 4366 2775 4428 γενεᾶς.
2803 4365 2908 4417 Καὶ
2933 4366 3037 4435 γὰρ
3086 4369 3355 4431 κάκείνοις
3385 4375 3474 4424 καὶ
3517 4360 3645 4440 ἡμῖν
3696 4360 3790 4428 καὶ
3831 4360 3951 4439 ⁷τοῖς

2377 4444 2482 4512 πρὸ
2502 4445 2719 4496 ἐκείνων
2750 4447 2848 4514 μία
2873 4449 3016 4498 ἐστὶν
3047 4451 3078 4519 ἠ
3109 4451 3263 4518 χάρις
3285 4453 3640 4522 ήχορηγοῦσα
3666 4459 3759 4508 τοῦ
3793 4460 3949 4524 ἁγίου

2379 4526 2695 4596 Πνεύματος
2733 4530 2830 4598 τὴν
2857 4531 3104 4599 δύναμιν.
3134 4533 3332 4587 Πάντα
3361 4536 3488 4605 γὰρ,
3514 4541 3698 4606 φησιν,
3723 4542 3956 4608 ἐνεργεῖ

2378 4608 2446 4660 ἓν
2479 4612 2573 4663 καί
2624 4612 2689 4663 τὸ
2727 4613 2872 4664 αὐτὸ
2917 4615 3177 4682 Πνεῦμα,
3224 4615 3489 4685 διαιροῦν
3547 4621 3665 4686 ἰδίᾳ
3717 4623 3954 4690 ἑκάστῳ

2378 4692 2570 4756 καθὼς
2591 4693 2898 4754 βούλεται.
2943 4697 3016 4746 Οὐ
3061 4697 3235 4749 τοίνυν
3276 4700 3344 4750 τὰ
3380 4702 3526 4769 παρὰ
3552 4702 3660 4752 τῶν
3695 4704 3951 4772 Πατὲρων

2381 4775 2718 4837 ἐκϐάλλεται,
2752 4776 2884 4836 ἀλλὰ
2911 4777 2976 4828 τὰ
3003 4782 3130 4848 παρ’
3153 4781 3310 4848 ἡμῶν
3355 4783 3732 4852 παρατίθεται.
3776 4785 3950 4857 Κᾶνῇ

2383 4857 2591 4928 μεγάλοι
2621 4859 2689 4910 τὰ
2718 4861 2842 4928 παρ’
2874 4860 3069 4922 αὐτῶν,
3114 4862 3284 4931 μικρὰ
3319 4863 3373 4914 δὲ
3408 4849 3475 4915 τὰ
3511 4865 3780 4935 ἡμέτερα,
3818 4849 3952 4920 ἀλλὰ

2383 4939 2836 5009 συνοικοδομείται
2873 4943 3117 5004 ἐκείνοις.
3171 4944 3380 5014 Ὥσπερ
3433 4946 3540 5016 γὰρ
3584 4947 3728 5001 λίθον
3780 4936 3951 5017 μέγαν

2381 5021 2548 5074 κύϐου
2575 5022 2726 5086 τάξιν
2759 5024 3003 5092 φέροντα,
3036 5026 3093 5076 ὲν
3129 5025 3382 5096 οἰκοδομῇ
3417 5029 3675 5096 παγέντα,
3707 5034 3799 5082 καὶ
3825 5034 3951 5100 ἡρέ-

2385 5123 2460 5174 μα
2488 5106 2860 5174 σαλευόμενον,
2895 5108 3084 5177 μικρδς
3134 5109 3458 5178 ὑποϐληθείς
3497 5111 3642 5176 λίθος
3687 5115 3945 5184 στηρίξει·

2381 5188 2521 5241 οὕτω
2572 5190 2662 5240 καὶ
2717 5191 2782 5240 τὰ
2836 5190 2938 5240 ὐπὸ
2970 5190 3077 5242 τῶν
3125 5192 3381 5260 Πατέρων
3432 5195 3714 5264 εἰρημένα,
3750 5198 3948 5265 μικρὰς

2382 5272 2694 5340 προσθήκας
2724 5270 3006 5339 δεχόμενα,
3030 5271 3246 5342 μείζονα
3277 5277 3375 5344 τὴν
3400 5278 3685 5347 οἰκοδομὴν
3710 5277 3945 5346 τῆςἘκ-

2382 5356 2608 5425 κλησίας
2662 5356 3050 5426 ἀπεργάζεται,
3094 5358 3399 5426 Παρακαλῶ
3445 5359 3501 5412 δὲ
3540 5361 3638 5430 τὴν
3680 5361 3946 5429 ὑμετέραν

2385 5441 2624 5508 ἀγάπην,
2655 5442 2773 5501 ταῖς
2795 5438 3026 5500 ἐννοίαις
3061 5437 3169 5489 τῶν
3204 5438 3506 5508 λεγομένων
3536 5445 3832 5512 προσέχειν’
3867 5441 3943 5509 μὴ

2389 5525 2436 5576 εί
2462 5523 2605 5587 ξέναι
2634 5524 2769 5576 εἰσὶν
2822 5521 2935 5576 ἀλλ’
2961 5523 3008 5574 εἰ
3042 5522 3259 5593 ἀληθεῖς
3293 5523 3646 5595 ὑπάρχουσιν.
3685 5525 3815 5582 Οὔτε
3834 5525 3944 5593 γὰρ
