4110 6318
168 338 304 395 429

1252 319 1341 377 DE
1386 320 1606 380 MUNDI
1642 321 2038 380 CﬂEATlONE
2080 322 2334 381 ORATIO
2375 323 2415 379 Ι.

3360 360 3474 417 430

338 598 3459 623 mw

747 936 856 998 AD
898 937 1054 999 SEX
1099 934 1492 997 HOMlLlAS
1534 933 1963 999 SEVERIANI
2005 936 2114 998 DE
2154 937 2414 1000 MUNDI
2458 938 2941 1004 CREATIONE.

263 1180 447 1248 Quam
474 1189 630 1237 vocat
661 1180 892 1238 Savilius
916 1181 1280 1250 eloquentiam
1326 1180 1579 1246 ferream,
1603 1195 1703 1251 ego
1731 1189 1880 1236 certe
1905 1181 2173 1252 φλυαρίαν
2205 1182 2458 1250 dixerim,
2482 1192 2537 1240 et
2568 1185 2985 1255 loquacitatem;
3010 1204 3134 1245 nam
3164 1191 3254 1246 ubi
3280 1192 3467 1253 facun-

180 1272 347 1328 diam
370 1276 487 1329 vult
522 1274 800 1338 exhibere,
851 1273 925 1328 ibi
954 1272 1128 1327 iutilia
1174 1273 1412 1342 loquitur
1452 1290 1465 1325 :
1499 1287 1681 1326 rerum
1724 1273 2052 1328 naturalium
2098 1275 2544 1345 perquisitionem
2574 1278 2895 1348 plerumque
2934 1282 3258 1352 aggreditur,
3312 1295 3367 1338 et
3398 1285 3464 1342 ad

185 1381 468 1419 nauseam
507 1380 680 1435 usque
706 1364 970 1430 explorat,
1008 1378 1218 1433 suoque
1249 1378 1422 1426 more,
1455 1362 1711 1417 nimirum
1744 1364 1949 1435 inepte,
1982 1364 2230 1420 edisserit
2262 1383 2275 1420 :
2306 1367 2581 1423 auditores
2610 1378 2790 1424 autem
2823 1386 2885 1425 ea
2917 1372 2985 1426 de
3025 1387 3186 1427 causa
3224 1390 3465 1444 conque-

181 1465 312 1510 stos
341 1457 589 1528 objurgat
616 1457 841 1520 acriter;
877 1456 950 1510 ita
979 1456 1047 1510 de
1074 1454 1299 1521 mundo,
1334 1468 1495 1524 quem
1535 1453 1828 1508 rotundum
1868 1470 1990 1510 esse
2024 1465 2205 1526 negat,
2244 1457 2311 1511 de
2338 1457 2481 1528 igne,
2522 1459 2588 1515 de
2619 1476 2778 1529 aqua,
2815 1463 2936 1531 plus
2964 1478 3124 1531 quam
3156 1466 3287 1519 satis
3316 1475 3466 1521 esset

178 1549 334 1617 agit.
393 1551 453 1601 ln
489 1548 651 1603 rebus
702 1546 859 1602 seriis
909 1546 1199 1616 aliquando
1231 1553 1483 1614 nugatur,
1537 1553 1599 1598 ut
1652 1560 1778 1599 cum
1823 1545 1947 1600 inde
2000 1547 2195 1616 probat
2240 1547 2503 1603 Adamum
2550 1550 2806 1605 habuisse
2868 1551 3117 1620 Spiritum
3168 1554 3466 1623 prephetiae

177 1640 346 1709 quod
376 1640 592 1706 dixerit,
634 1639 746 1693 Hoc
792 1656 930 1693 nunc
980 1656 1035 1693 os
1066 1654 1129 1692 ex
1161 1638 1360 1692 ossibus
1407 1638 1556 1701 meis,
1612 1644 1718 1691 etc.
1768 1636 1905 1693 Nam
1943 1640 2235 1710 quomodo,
2293 1642 2488 1711 inquit,
2536 1642 2676 1697 scire
2706 1651 2918 1710 poterat
2974 1658 3032 1697 se
3076 1659 3199 1698 ossa
3240 1644 3461 1709 habere,

178 1737 283 1806 qui
328 1752 450 1792 ossa
479 1751 577 1790 sua
600 1750 879 1813 nunquam
906 1734 1133 1797 viderat,
1185 1732 1288 1786 nisi
1320 1731 1571 1802 spiritum
1598 1732 1901 1803 prophetia:
1949 1734 2267 1791 habuisset?
2304 1735 2429 1791 Haec
2469 1737 2524 1790 in
2569 1737 2813 1791 oratione
2851 1738 3059 1807 quinta.
3108 1736 3464 1793 Tolerabilius

180 1830 435 1886 fortasse
458 1838 561 1894 est,
601 1830 702 1884 etsi
734 1828 884 1899 parvi
931 1828 1112 1898 pretii,
1142 1828 1197 1882 id
1222 1827 1367 1897 quod
1399 1827 1453 1881 in
1478 1828 1668 1883 eadem
1698 1830 1944 1884 oratione
1974 1830 2049 1885 ait
2079 1848 2098 1885 :
2131 1831 2251 1886 ideo
2280 1834 2469 1885 ΑΔΑΜ
2515 1848 2716 1887 nomen
2770 1833 3084 1903 impositum
3119 1849 3239 1888 esse
3286 1834 3464 1904 primo

180 1925 433 1988 homini,
461 1925 590 1996 quia
620 1925 723 1980 hoc
745 1924 965 1979 nomine
993 1934 1225 1993 quatuor
1248 1924 1464 1979 climata
1508 1939 1606 1994 per
1636 1924 1784 1993 prim.

1892 1926 2052 1981 iteras
2077 1926 2469 1997 designantur:
2506 1946 2560 1990 α,
2596 1927 2849 1996 ἀνατολὴ,
2883 1927 2931 1991 δ,
2961 1926 3129 1990 δύσις,
3167 1943 3202 1980 α
3242 1929 3462 1998 ἄρκτος,

184 2033 251 2085 μ,
289 2015 632 2089 μεσημϐρία,
668 2016 861 2077 oriens,
901 2016 1159 2077 occidens,
1219 2017 1524 2083 septentrio,
1566 2014 1829 2078 meridies,
1874 2032 1984 2072 non
2013 2017 2303 2072 advertens
2335 2019 2437 2072 hoc
2483 2034 2684 2073 nomen
2734 2017 2996 2074 llebraice
3046 2016 3131 2071 vel
3174 2019 3467 2075 Chaldaico

183 2110 518 2179 impositum
555 2109 761 2164 Adamo
812 2109 1000 2176 fuisse,
1057 2110 1257 2178 quibus
1312 2111 1509 2182 linguis
1559 2112 1663 2166 ista
1710 2111 1986 2167 climatum
2038 2112 2360 2183 signiﬁcatio
2398 2128 2495 2182 per
2530 2113 2732 2182 primas
2780 2114 2963 2167 literas
3014 2130 3123 2167 non
3172 2114 3463 2176 indicatur,

185 2213 369 2273 atque
411 2204 545 2259 adeo
576 2220 740 2271 casu,
795 2220 905 2259 non
955 2206 1203 2271 consilio,
1252 2206 1455 2261 factum
1511 2216 1571 2261 ut
1619 2207 1675 2261 in
1720 2206 1908 2263 Graeco
1954 2207 2176 2263 nomine
2224 2218 2457 2277 quatuor
2498 2209 2777 2264 climatum
2823 2212 3012 2279 primae
3064 2210 3231 2264 litera:
3269 2210 3466 2278 depre-

192 2295 601 2350 benderentur.

274 2411 490 2467 Habita:
524 2423 651 2467 sunt
683 2415 765 2469 ha:
799 2415 1069 2470 orationes
1131 2416 1184 2469 in
1216 2416 1658 2487 Quadragesima,
1713 2426 1775 2473 ut
1821 2434 1930 2473 non
1960 2419 2129 2474 semel
2172 2418 2227 2473 in
2257 2419 2431 2491 prima
2462 2420 2641 2474 innuit
2674 2419 3018 2475 Severianus.
3051 2419 3255 2473 llarum
3292 2419 3463 2473 inter-

194 2504 568 2571 pretationem
616 2506 861 2561 Latinam
900 2522 1093 2563 novam
1141 2510 1471 2579 paravimus.

209 2847 3471 2881 mm

1284 2939 2410 3134 SEVERIANI,

1157 3180 1831 3251 GABALORUM
1876 3180 2355 3252 EPISCOPI
2414 3164 2532 3266 (α),

743 3342 945 3451 IN
1018 3347 1610 3458 MUNDI
1682 3345 2954 3483 GREATIONEM,

1528 3535 1830 3597 ORATIO
1872 3535 2143 3596 PRIMA.

1604 3677 2081 3754 Ngo...—

511 3838 574 3892 In
603 3841 815 3908 primum
840 3837 969 3891 diem
994 3838 1258 3891 creationis
1292 3837 1485 3888 mundi.

284 3971 337 4023 1.
363 3969 641 4037 Scriptura:
664 3984 820 4022 sacrm
845 3969 1063 4037 dignitas
1092 3968 1393 4035 utilitasque.
1424 3965 1650 4019 Exordio
1672 3980 1783 4017 mo-

202 4059 426 4114 destiam
455 4060 675 4127 spirante
702 4059 892 4112 animos
915 4058 1223 4111 audientium
1248 4057 1341 4111 sibi
1361 4056 1593 4109 conciliat
1616 4065 1785 4109 orator

201 4161 401 4206 noster.
425 4180 498 4193 -
523 4150 753 4218 Quodvis
799 4150 1005 4220 pietatis
1052 4157 1417 4218 argumentum
1438 4188 1454 4212 ,
1490 4148 1783 4201 animarum

201 4257 513 4303 nostrarum
550 4245 847 4301 emendatio
875 4252 975 4300 est.
1008 4244 1085 4298 Ad
1118 4244 1253 4297 hanc
1299 4243 1440 4296 enim
1489 4243 1782 4294 animarum

202 4338 435 4392 salutem
476 4336 651 4390 omnia
680 4336 888 4404 pietatis
917 4335 1151 4388 instituta
1198 4333 1507 4400 respiciunt.
1540 4331 1684 4385 Hanc
1732 4339 1786 4385 et

203 4428 306 4483 Dei
334 4442 513 4483 sermo
537 4436 805 4496 operatur,
826 4426 960 4480 hanc
981 4434 1033 4479 et
1054 4425 1247 4495 Moysis
1272 4426 1355 4478 lex
1380 4423 1627 4488 insinuat,
1649 4423 1784 4477 hanc

203 4516 503 4588 praedicant
531 4515 831 4585 spirituales
875 4515 979 4568 illa:
1011 4513 1385 4582 prophetarum
1431 4513 1623 4582 lingua:
1654 4528 1666 4563 :
1700 4511 1784 4565 in-

201 4606 456 4663 cessabili
482 4620 611 4660 voce
637 4620 733 4673 pro
759 4604 857 4658 hac
880 4605 1110 4658 clamant
1137 4604 1384 4673 apostoli.
1407 4603 1593 4657 Omnia
1624 4602 1785 4672 siqui-

202 4698 333 4752 dem
378 4711 472 4763 pro
498 4695 649 4750 nobis
672 4736 687 4760 ,
718 4702 775 4749 et
812 4701 1027 4763 prepter
1053 4707 1151 4745 nos
1180 4709 1193 4744 :
1228 4701 1285 4746 ut
1325 4694 1449 4746 dum
1488 4701 1668 4745 nostra
1717 4690 1785 4745 ad

203 4786 633 4844 emendationem
664 4792 968 4855 properant,
998 4784 1245 4851 pietatem
1274 4796 1375 4837 nos
1417 4796 1782 4851 assequamur.

202 4879 399 4933 Omnis
425 4879 601 4947 itaque
630 4885 842 4931 sanctus
869 4875 1002 4929 liber
1027 4874 1213 4927 salutis
1243 4882 1437 4925 nostra:
1467 4885 1623 4924 causa
1651 4871 1781 4924 scri-

204 4979 333 5037 ptus
362 4975 469 5031 est,
498 4976 555 5020 ut
599 4965 755 5021 modo
796 4964 1055 5019 dicebam.
1087 4963 1183 5016 llic
1211 4976 1369 5030 porro
1403 4960 1684 5014 creationis
1723 4960 1785 5013 li-

206 5062 308 5115 ber
329 5099 345 5124 ,
378 5058 525 5127 origo
548 5098 562 5123 ,
596 5056 714 5110 fons
740 5066 797 5110 et
829 5056 998 5109 virtus
1035 5062 1115 5108 est
1142 5068 1325 5107 eorum
1357 5051 1594 5105 omnium
1620 5092 1635 5117 ,
1667 5065 1785 5119 qute

278 5189 349 5251 (α)
380 5187 437 5251 In
459 5186 653 5251 Codice_
653 5184 882 5233 Vaticano
904 5196 1035 5251 num.
1056 5184 1146 5231 560
1163 5196 1174 5231 :
1194 5180 1407 5241 ejusdem
1429 5179 1620 5251 (supple
1638 5179 1786 5251 qm};-

204 5240 405 5301 sosto'rni
432 5261 449 5296 :
472 5259 580 5295 nam
604 5244 926 5353 Chrfswwmi
949 5251 1061 5292 sunt
1084 5256 1143 5291 ea
1166 5240 1276 5304 quae
1311 5240 1629 5310 praecedunt).
1646 5240 1784 5309 .lnfra'

204 5310 413 5353 savilius
432 5315 585 5353 totum
608 5308 700 5353 titu
720 5319 799 5353 un.
820 5306 889 5353 sic
911 5306 1214 5352 concinnavit
1249 5317 1260 5350 :
1296 5312 1553 5353 Seueriani.
1571 5310 1784 5353 Emscom

204 5299 413 5372 Savilius
432 5315 585 5372 totum
608 5299 799 5372 titulun.
820 5306 889 5353 sic
911 5299 1214 5372 concinnavit
1249 5317 1260 5350 :
1296 5299 1787 5370 Sevenani,_Episcopi

207 5369 514 5425 Gabalorum,
536 5367 586 5417 in
608 5365 775 5416 mundi
794 5362 1081 5425 creationem
1099 5377 1338 5412 sermoan
1355 5375 1465 5425 sex,
1491 5361 1662 5425 qui,_in
1686 5361 1787 5425 qui-

210 5430 416 5479 busdam
438 5422 790 5492 catcmplarilttts
808 5463 821 5485 ,
850 5424 1176 5492 Chrysostqmo
1200 5422 1553 5492 adscribuntur.
1583 5422 1786 5471 Combe-

207 5493 380 5549 lisius,
404 5490 487 5552 qui
514 5484 900 5552 unosavilio’est
920 5484 1037 5532 usus
1079 5484 1349 5545 (repetens
1381 5485 1502 5552 typis
1534 5496 1787 5552 sermones

211 5554 303 5601 hos
325 5542 501 5600 sex'io
531 5547 826 5598 Bibliotheca:
856 5542 1131 5594 ercoruin
1161 5542 1353 5604 patrum
1378 5542 1596 5592 λιιι-ιω·ἱο
1634 5542 1784 5591 noris-

208 5612 478 5661 simoJom.
513 5611 556 5666 l.
583 5622 628 5670 p.
656 5608 763 5665 2H,
789 5620 913 5669 sqq.,
932 5605 1081 5657 Paris.
1114 5605 1247 5659 l672,
1269 5604 1395 5667 fol.),
1423 5605 1525 5654 haec
1545 5611 1783 5666 postrema

210 5675 277 5723 de
300 5671 634 5735 Ουτωόῐοωο
658 5671 821 5721 tacuit.

1898 3835 1948 3888 in
1971 3836 2083 3902 lege
2119 3844 2172 3888 ct
2216 3835 2267 3888 in
2299 3832 2569 3902 prophetis
2597 3831 2790 3898 scripta
2838 3841 2977 3884 sunt.
3023 3833 3099 3884 Ac
3125 3830 3469 3899 quemadmo-

1894 3926 2017 3979 dum
2070 3940 2172 3979 non
2217 3932 2390 3992 potest
2430 3924 2617 3975 domus
2656 3924 2769 3975 sine
2811 3921 3150 3975 fundamento
3179 3933 3358 3986 stare,
3388 3922 3466 3976 sic

1894 4032 1991 4071 nec
2020 4017 2156 4069 varia
2186 4025 2544 4069 creaturarum
2576 4011 2904 4081 pulchritudo
2934 4010 3336 4078 splendescere,
3364 4010 3465 4063 nisi

1892 4107 2088 4161 creatio
2114 4106 2221 4173 ipsa
2253 4104 2455 4158 initium
2485 4102 2747 4156 habuerit.
2776 4101 2897 4155 Scio
2940 4101 3131 4154 multos
3160 4116 3225 4153 ex
3268 4100 3465 4154 sanctis

1895 4197 2129 4265 patribus
2148 4196 2215 4250 de
2236 4194 2503 4249 creatione
2532 4193 2689 4247 verba
2718 4191 2922 4254 fecisse,
2942 4193 3209 4259 multaque
3237 4199 3291 4246 et
3313 4206 3466 4260 egre-

1891 4290 1971 4358 gia
1998 4288 2196 4343 dixisse
2217 4330 2230 4350 ,
2253 4296 2309 4341 ut
2351 4286 2576 4355 Spiritus
2619 4283 2801 4354 gratia:
2840 4297 3083 4337 mensura
3116 4282 3244 4351 ipsis
3275 4283 3462 4337 collata

1894 4381 2031 4434 tulit.
2064 4379 2209 4432 Licet
2250 4387 2427 4431 autem
2458 4376 2621 4428 multa
2646 4416 2661 4438 ,
2693 4374 2885 4428 eximia
2922 4381 2974 4427 et
3020 4372 3278 4427 mirabilia
3322 4373 3462 4427 dicta

1893 4470 2124 4533 fuerint,
2177 4468 2305 4522 nihil
2359 4476 2501 4521 vetat
2546 4466 2829 4535 quominus
2877 4472 2931 4517 et
2978 4473 3155 4515 n05tra
3201 4462 3460 4531 dicamus,

1893 4572 2047 4631 prout
2098 4560 2325 4629 Spiritus
2366 4558 2531 4627 gratia
2576 4551 3069 4609 subministraverit.
3103 4550 3461 4615 Quemadmo-

1891 4654 2014 4707 dum
2041 4653 2179 4706 enim
2202 4664 2294 4703 eos
2319 4650 2408 4716 qui
2438 4654 2560 4699 ante
2590 4660 2685 4698 nos
2726 4645 2873 4697 luere
2912 4657 3017 4695 non
3054 4642 3341 4696 cohibuere
3367 4658 3461 4695 ve-

1894 4752 2061 4795 terum
2092 4740 2306 4806 scripta,
2331 4737 2407 4791 sic
2445 4750 2543 4788 nec
2572 4734 2644 4786 illi
2670 4733 2757 4802 qui
2792 4748 2886 4785 nos
2917 4740 3298 4799 praecesserunt
3321 4772 3336 4796 ,
3366 4746 3462 4785 nos

1890 4832 2145 4886 arcehunt
2186 4830 2253 4883 ab
2283 4828 2540 4881 instituto.
2569 4825 2623 4879 Si
2663 4823 2873 4892 quidem
2915 4832 2968 4877 et
3013 4823 3117 4875 illis
3152 4832 3203 4876 et
3230 4823 3381 4877 nobis
3407 4832 3463 4879 et

1891 4922 2273 4992 antiquioribus
2305 4935 2403 4973 una
2432 4929 2505 4972 es!
2532 4917 2695 4985 gratia
2721 4932 2837 4984 quae
2865 4915 3087 4983 Spiritus
3109 4916 3271 4969 sancti
3295 4916 3466 4968 virtu-

1893 5022 1998 5066 tem
2031 5011 2348 5079 suppeditet.
2384 5008 2568 5059 Omnia
2595 5006 2755 5069 cnim,
2786 5006 2970 5072 inquit,
3003 5014 3239 5073 operatur
3261 5020 3391 5056 unus
3415 5014 3463 5056 et

1891 5106 2020 5158 idem
2050 5103 2291 5171 Spiritus,
2320 5100 2544 5152 dividens
2572 5095 2781 5166 singulis
2821 5104 2967 5164 prout
3003 5096 3102 5147 vult
3124 5094 3197 5161 (l.
3229 5093 3346 5147 Cor.
3372 5092 3459 5146 12.

1893 5197 2001 5265 ll).
2035 5195 2145 5248 Non
2168 5208 2294 5261 ergo
2324 5207 2387 5245 ea
2416 5205 2532 5258 quae
2554 5204 2582 5241 a
2612 5188 2845 5256 patribus
2874 5185 3009 5239 dicta
3039 5193 3161 5239 sunt
3185 5184 3462 5238 climinan-

1894 5299 1997 5352 tur,
2014 5286 2105 5342 sed
2134 5293 2312 5338 nostra
2341 5283 2445 5336 illis
2469 5288 2820 5349 apponuntur.
2846 5275 3095 5343 Quamvis
3122 5290 3306 5343 magna
3338 5281 3463 5326 sunt

1893 5393 2074 5434 eorum
2125 5375 2294 5437 dicta,
2329 5382 2508 5427 nostra
2552 5378 2725 5421 autem
2775 5368 2957 5435 exigua
2984 5405 2999 5430 ,
3028 5363 3141 5418 inec
3186 5372 3358 5416 tamen
3410 5362 3460 5413 in

1892 5466 2129 5523 eamdem
2172 5472 2484 5518 structuram
2528 5466 2791 5527 aptantur.
2824 5455 2894 5509 Ut
2922 5455 3059 5508 enim
3086 5451 3311 5521 Inpulem
3344 5463 3455 5500 ma-

1892 5574 2051 5630 guum
2080 5558 2130 5609 in
2162 5555 2279 5610 cubi
2310 5553 2528 5608 formam
2561 5558 2815 5617 aptatum,
2850 5547 2899 5598 in
2932 5551 3244 5597 structuram
3275 5537 3461 5591 admo-

1894 5629 2033 5715 tum,
2070 5656 2122 5704 ct
2165 5648 2372 5717 paulum
2402 5650 2705 5708 nutantem,
2736 5638 2999 5709 subjectus
3042 5632 3212 5688 ﬁrmat
3242 5629 3461 5697 exiguus
