4110 6318
667 334 776 390 431

676 434 808 502 lapis
855 433 965 490 :sic
985 449 1046 489 ea
1072 450 1237 503 quam
1256 434 1493 488 Patribus
1518 433 1655 489 dicta
1683 445 1823 498 sunt,
1846 435 2049 505 exiguis
2073 452 2252 492 acces-

675 524 915 578 sionibus
945 526 1115 593 majus
1147 525 1398 580 Ecclesia:
1439 526 1716 579 :edilicium
1749 528 2091 580 Constituuut.
2127 527 2256 581 Pre-

674 627 768 666 cor
789 622 966 667 autem
996 615 1268 668 caritatem
1299 624 1526 668 vestram
1548 657 1562 678 ,
1593 625 1648 667 ut
1683 615 1944 668 dictorum
1976 618 2252 670 sententiis

673 703 994 768 attendatis;
1023 721 1126 758 non
1157 721 1221 757 an
1252 721 1400 758 nova:
1429 706 1553 770 sint,
1575 705 1665 758 sed
1690 722 1757 759 an
1793 722 1948 759 vet-az.
1974 706 2086 760 Non
2110 707 2251 761 enim

671 793 810 862 quod
839 808 936 848 usu
973 794 1152 848 tritqu
1176 805 1276 860 est,
1308 811 1519 863 semper
1541 812 1720 849 verum
1746 813 1760 859 ;
1792 811 1963 865 neque
1987 799 2127 866 quod
2156 812 2252 851 no-

668 897 816 948 vum,
850 883 969 937 ideo
997 885 1182 938 falsum
1213 899 1227 937 :
1256 884 1349 938 sed
1379 900 1590 952 semper
1615 885 1926 952 exploratur
1950 902 2016 940 an
2046 901 2106 940 ea
2133 902 2251 956 qua:

667 972 918 1028 dicuntur
949 989 1070 1028 vera
1096 975 1222 1041 sint,
1253 989 1317 1026 an
1347 974 1498 1028 falsa.
1529 975 1676 1045 Rogo
1715 986 1890 1030 autem
1918 992 1984 1031 ne
2012 979 2128 1046 quis
2148 1018 2163 1043 ,
2194 986 2250 1032 ut

667 1066 871 1118 amicus
892 1064 957 1118 ad
980 1068 1202 1134 gratiam
1233 1067 1347 1119 sine
1377 1067 1620 1121 examine
1649 1082 1948 1122 sermonem
1979 1070 2244 1137 excipiat,

665 1170 803 1211 neve
826 1165 881 1210 ut
908 1157 1152 1210 inimicus
1179 1158 1267 1210 illa
1297 1159 1446 1226 quasi
1477 1160 1749 1227 peregrina
1779 1168 2013 1229 respuat,
2042 1161 2135 1215 sed
2165 1162 2246 1215 vi-

664 1245 790 1302 deat
817 1247 1012 1316 ubiquc
1042 1263 1166 1301 num
1199 1249 1392 1303 veritas
1415 1249 1568 1304 dictis
1598 1250 1824 1318 palmam
1851 1253 2068 1305 tribuat.

735 1337 790 1391 2.
822 1337 1028 1391 Genesis
1058 1348 1235 1392 auctor
1256 1338 1457 1408 Moyses
1482 1351 1527 1392 et
1554 1340 1754 1408 Spiritu
1781 1351 1952 1394 sancto
1977 1342 2243 1396 revelante.

665 1425 874 1497 Duplex
903 1427 1096 1497 Moysis
1128 1445 1328 1499 scapus.
1353 1431 1453 1484 Cur
1485 1431 1806 1484 invisibilium
1843 1434 2142 1487 creationem
2171 1443 2248 1486 ta-

665 1519 790 1572 cuit.
818 1547 888 1559 â€”
915 1517 980 1571 In
1010 1520 1274 1587 principio,
1308 1521 1472 1588 inquit
1497 1562 1510 1586 ,
1543 1522 1658 1590 fecit
1687 1521 1819 1575 Deus
1844 1521 2023 1575 ca'lum
2063 1532 2109 1577 et
2141 1533 2246 1575 ter-

664 1624 776 1662 ram
801 1608 948 1680 (Gen.
977 1610 1028 1663 1.
1055 1611 1132 1672 1).
1151 1610 1275 1664 Hinc
1305 1609 1528 1664 historia
1551 1611 1745 1680 Moysis
1774 1613 2089 1682 legis-latoris
2111 1629 2246 1683 opus

663 1709 765 1763 est,
790 1710 844 1754 et.
871 1701 1098 1769 Spiritus
1124 1702 1291 1755 sancti
1322 1703 1592 1757 revelatio.
1619 1704 1867 1758 Continet
1893 1715 2068 1759 autem
2097 1721 2246 1761 crea-

663 1791 860 1845 tionem
890 1792 982 1845 Dei
1013 1792 1203 1846 virtute
1229 1789 1437 1859 factam,
1462 1809 1557 1862 per
1584 1795 1944 1863 prOpheticam
1969 1812 2094 1851 vero
2120 1813 2243 1868 gra-

661 1881 788 1935 tiam
818 1881 982 1951 Moysi
1031 1884 1338 1937 revelatam.
1370 1883 1482 1939 Non
1512 1887 1653 1939 enim
1685 1885 1799 1940 haec
1826 1887 2031 1958 Moyses
2069 1899 2128 1944 ut
2162 1889 2245 1943 hi-

659 1974 1059 2046 storiographus
1081 1977 1235 2042 dixit,
1260 1979 1352 2032 sed
1387 1988 1439 2032 ut
1463 1978 1739 2047 propheta.
1773 1979 1863 2033 llla
1888 1981 2082 2050 quippe
2109 1982 2242 2036 dixit

658 2079 778 2134 qua:
811 2080 914 2120 non
950 2066 1186 2132 viderat,
1216 2078 1270 2123 et
1311 2070 1396 2122 illa
1437 2069 1669 2123 narravit
1710 2086 1932 2139 quorum
1975 2082 2244 2140 spectator

660 2173 765 2211 non
798 2158 984 2213 fuerat.
1013 2158 1079 2214 Ut
1106 2160 1247 2213 enim
1279 2161 1484 2229 pridem
1530 2162 1625 2215 tria
1670 2177 1789 2216 esse
1828 2164 2118 2232 prophetia:
2144 2181 2239 2235 ge-

659 2266 788 2306 nera
818 2267 937 2306 esse
965 2252 1217 2318 diximus,
1252 2253 1480 2322 primum
1507 2256 1672 2309 verbo
1697 2297 1710 2318 ,
1739 2258 2031 2310 secundum
2055 2272 2237 2327 opere,

657 2342 872 2396 tertium
900 2357 1062 2410 opere
1087 2351 1142 2397 et
1177 2358 1425 2398 sermone
1453 2361 1466 2396 :
1495 2345 1575 2399 sic
1601 2355 1653 2397 et
1685 2356 1791 2399 tres
1813 2347 1921 2414 jam
1950 2347 2240 2415 prophetia:

657 2442 838 2502 partes
880 2434 1252 2488 constituimus
1293 2450 1306 2486 :
1352 2435 1683 2503 prophetiam
1733 2435 1800 2490 de
1856 2437 2236 2504 praisentibus,

658 2524 989 2593 prOphetiam
1015 2525 1080 2578 de
1120 2523 1340 2590 futuris,
1372 2534 1424 2578 et
1463 2526 1792 2593 prophetiam
1828 2525 1896 2579 de
1933 2527 2236 2595 praeteritis.

655 2614 896 2684 Exempli
928 2631 1088 2670 causa
1137 2632 1241 2670 non
1286 2616 1470 2670 aderat
1512 2616 1675 2670 lsaias
1719 2617 1975 2685 propheta
2019 2618 2082 2671 iis
2121 2633 2238 2686 qua:

653 2705 753 2758 sub
780 2704 960 2773 Moyse
987 2714 1132 2773 gesta
1158 2716 1284 2759 sunt
1315 2723 1327 2758 :
1357 2705 1447 2758 sed
1491 2707 1612 2774 quia
1643 2705 1862 2773 spiritus
1893 2706 2089 2776 Moysis
2125 2715 2240 2760 erat

653 2790 706 2846 in
735 2791 859 2855 illo,
889 2793 978 2861 qui
1017 2807 1078 2846 ea
1123 2793 1220 2860 ipsi
1252 2794 1543 2858 revelaret,
1590 2793 1640 2845 id
1672 2793 1944 2861 prophetia
1983 2805 2115 2848 erat.
2145 2796 2240 2848 Est

656 2883 782 2938 item
817 2884 1092 2953 prophetia
1124 2884 1282 2937 etiam
1311 2883 1378 2938 de
1411 2884 1799 2952 prazsentibus;
1829 2895 1885 2937 ut
1911 2885 1952 2936 si
1985 2885 2102 2953 quis
2140 2899 2234 2940 co-

653 2989 767 3029 ram
801 2973 1056 3043 proiiheta
1094 2974 1290 3042 aliquid
1318 2975 1368 3026 in
1399 2975 1576 3027 animo
1604 2988 1822 3028 versans
1849 3013 1862 3035 ,
1891 2975 2157 3028 occultum
2186 2977 2236 3030 ci

652 3082 771 3123 esse
798 3067 941 3130 velit,
976 3075 1029 3120 ct
1059 3067 1314 3135 propheta
1337 3067 1505 3136 ipsum
1537 3076 1740 3134 arguat,
1773 3075 1828 3120 ut
1859 3065 2080 3120 Elisznus
2111 3081 2234 3136 erga

651 3158 796 3213 Giezi
831 3156 974 3219 fecit,
1007 3156 1179 3211 futura
1213 3158 1574 3224 prsenuntians
1613 3169 1668 3210 et
1712 3157 1916 3210 occulta
1967 3159 2232 3213 revelatis.

651 3248 864 3318 Moyses
885 3264 1001 3318 quae
1031 3249 1299 3317 praeterita
1324 3259 1478 3302 erant
1502 3248 1708 3317 aperuit
1736 3264 1747 3300 :
1781 3247 1868 3302 alii
1895 3265 2012 3317 qua:
2038 3247 2229 3305 futura.

652 3343 726 3397 Ita
751 3342 908 3410 igitur
931 3351 1013 3396 est
1041 3341 1163 3395 huic
1200 3340 1435 3394 historiae
1464 3339 1865 3403 attendendum,
1900 3355 2003 3395 non
2030 3349 2087 3394 ut
2109 3355 2234 3394 nar-

649 3433 864 3496 rationi,
889 3435 980 3488 sed
1012 3444 1071 3488 ut
1097 3435 1331 3488 historiae
1369 3449 1529 3497 verae,
1561 3449 1679 3501 qua:
1710 3449 1800 3500 per
1824 3433 2077 3502 Spiritum
2107 3449 2233 3487 san-

648 3532 791 3576 ctum
840 3523 1040 3590 prolata
1079 3524 1168 3574 sit.
1198 3523 1326 3588 Quis
1357 3537 1514 3589 porro
1561 3531 1643 3575 est
1681 3522 1951 3589 propheta:
2001 3523 2233 3590 scopus?

654 3615 766 3668 Duo
794 3614 1003 3684 Moyses
1027 3614 1077 3668 in
1110 3613 1381 3682 proposito
1410 3613 1598 3676 habet,
1625 3621 1680 3667 ct
1704 3613 1999 3666 doctrinam
2039 3613 2228 3675 edere,

647 3714 701 3757 et
725 3704 866 3772 leges
892 3703 1115 3757 sancire.
1152 3703 1444 3772 Legislator
1469 3705 1609 3757 enim
1637 3719 1756 3756 cum
1784 3703 1889 3766 sit,
1921 3719 2022 3756 non
2055 3713 2230 3757 tamen

646 3811 676 3849 a
707 3795 910 3864 legibus
941 3795 1164 3862 incepit,
1191 3794 1282 3848 sed
1317 3810 1345 3848 a
1374 3795 1662 3848 creatione.
1694 3793 1799 3848 Cur
1846 3803 2020 3850 autem
2060 3796 2232 3864 primo

649 3887 811 3939 voluit
844 3885 1005 3938 Deum
1049 3885 1331 3938 ostendere
1369 3885 1674 3939 Creatorem
1706 3896 1759 3940 et
1791 3886 2068 3939 Dominum
2113 3888 2232 3939 uni-

648 3975 829 4029 versi?
862 3975 926 4030 Ut
961 3975 1098 4029 Dcus
1127 3990 1245 4030 esse
1274 3975 1749 4043 demonstraretur,
1773 3977 1861 4045 qui
1891 3993 1993 4030 non
2021 3978 2227 4040 alienis,

648 4065 742 4120 sed
782 4065 892 4118 suis
933 4064 1100 4133 legem
1135 4075 1373 4133 poneret.
1403 4065 1514 4119 Nisi
1545 4067 1685 4120 enim
1731 4067 1875 4136 prius
1913 4067 2232 4121 ostendisset

648 4171 770 4208 eum
825 4154 1005 4208 mundi
1055 4155 1435 4221 Conditorem,
1488 4171 1591 4210 non
1643 4157 1745 4212 title
1789 4157 1977 4225 dignus
2021 4158 2231 4212 habitus

647 4246 836 4300 fuisset
883 4245 1062 4298 mundi
1107 4245 1422 4314 Legislator.
1461 4246 1590 4300 Nam
1637 4248 1822 4301 alienis
1860 4249 2026 4316 legem
2068 4247 2226 4311 dare,

646 4337 937 4390 violentum
961 4353 974 4399 ;
1003 4353 1127 4390 suos
1154 4347 1329 4390 autem
1359 4339 1655 4402 instituere,
1685 4348 2098 4391 consentaneum
2124 4348 2224 4391 est.

649 4426 1106 4493 Quemadmodum
1132 4425 1363 4480 Joannes
1383 4428 1703 4494 evangelista
1730 4443 1832 4481 non
1867 4429 2010 4495 prius
2033 4428 2175 4496 leges
2199 4443 2228 4479 a

649 4517 864 4572 Christo
893 4518 1024 4569 latas
1067 4517 1272 4585 posuit.
1303 4532 1459 4584 quam
1499 4517 1613 4584 ejus
1641 4518 1966 4571 dominatum
2011 4517 2232 4570 dixisset

651 4609 733 4663 his
760 4608 932 4662 verbis
963 4624 974 4658 :
1008 4606 1073 4660 1n
1113 4608 1360 4674 principio
1387 4618 1491 4661 erat
1526 4608 1755 4669 Verbum,
1789 4618 1835 4660 et
1883 4606 2097 4660 Verbum
2126 4615 2229 4658 erat

650 4701 790 4768 apud
821 4699 1022 4763 Deum,
1055 4709 1100 4751 et
1131 4697 1270 4751 Deus
1310 4709 1414 4752 erat
1456 4699 1684 4752 Verbum.
1737 4697 1919 4752 Omnia
1950 4715 2036 4767 per
2069 4699 2230 4766 ipsum

653 4795 787 4862 facta
834 4802 948 4844 sunt
975 4831 987 4853 ,
1019 4800 1064 4843 et
1099 4791 1205 4843 sine
1234 4791 1342 4859 ipso
1369 4792 1558 4855 factum
1594 4801 1669 4845 est
1699 4793 1825 4844 nihil
1868 4791 2001 4860 quod
2041 4794 2229 4861 factum

650 4893 739 4936 est.
766 4880 832 4934 In
859 4883 967 4950 ipso
995 4883 1094 4936 vita
1122 4892 1249 4947 erat,
1281 4891 1323 4935 et
1354 4883 1452 4934 vita
1477 4892 1580 4935 erat
1607 4885 1696 4937 lux
1721 4884 1994 4936 hominum.
2021 4881 2045 4935 Î™
2055 4900 2085 4934 Î¹Î¹
2115 4900 2232 4951 pro-

654 4973 768 5041 pria
797 4973 962 5035 venit,
998 4983 1043 5024 et
1075 4974 1154 5026 sui
1183 4989 1294 5025 eum
1338 4990 1436 5025 non
1480 4985 1770 5039 receperunt
1801 4972 1975 5041 (Joan.
2008 4975 2058 5026 1.
2095 4974 2142 5025 1.
2175 4973 2228 5025 á½….

652 5066 706 5118 4.
742 5064 864 5130 11).
893 5062 1023 5115 Cum
1067 5063 1290 5117 dixisset
1336 5078 1453 5117 cum
1498 5064 1752 5130 Opiï¬cem
1796 5071 1848 5116 et
1885 5062 2227 5125 Creatorem,

655 5165 780 5209 tunc
803 5153 1004 5206 inducit
1027 5153 1169 5205 illum
1197 5142 1467 5208 doctorem
1497 5165 1547 5207 et
1572 5153 1948 5220 Legislatorem
1973 5152 2230 5205 universi.

664 5250 890 5302 Rursum
924 5245 1056 5296 alius
1083 5243 1276 5312 Moysis
1306 5260 1515 5312 scopns.
1546 5245 1651 5297 Cur
1678 5244 1864 5296 beatus
1891 5243 2097 5311 Moyses
2122 5255 2229 5293 ca:-

660 5341 765 5394 ltun
798 5336 1139 5397 memoravit,
1177 5343 1388 5396 terram,
1423 5351 1568 5389 mare
1590 5376 1604 5400 ,
1635 5349 1795 5404 aquas
1829 5346 1880 5388 et
1913 5350 1973 5387 ea
2014 5349 2130 5403 qua:
2165 5349 2228 5386 ex

655 5430 762 5484 illis
803 5440 962 5493 sunt,
997 5429 1299 5498 angelorum
1329 5436 1539 5492 autem,
1568 5427 2002 5494 archangelorum
2024 5466 2038 5489 ,
2074 5425 2231 5478 Scra-

659 5519 805 5590 phim
856 5529 904 5573 et
950 5518 1231 5572 Clierubim
1280 5516 1474 5569 nullam
1530 5517 1850 5571 mentioacm
1906 5515 2230 5581 fecit?Quia

661 5611 912 5664 nimirum
940 5609 1320 5676 lcgislationcm
1349 5606 1412 5658 ad
1438 5608 1685 5672 temporis
1716 5608 1853 5659 illius
1875 5607 2231 5660 conditionem

657 5701 890 5769 aptabat.
918 5699 1143 5753 Noverat
1165 5699 1303 5754 enim
1333 5697 1638 5766 quibuscum)
1673 5696 1994 5762 loqueretur,
2027 5714 2142 5751 cum
2169 5697 2229 5750 iis

2117 326 2485 384 SEVERIANI

3831 359 3957 413 432

2366 456 2557 507 nempe
2596 442 2686 510 qui
2722 443 3058 516 chEgypto
3086 448 3283 518 egressi
3329 461 3515 514 erant,
3547 457 3634 524 qui
3661 456 3954 528 Egyptia-

2359 545 2479 584 cum
2509 548 2768 598 errorem,
2799 537 2965 590 solem
2985 579 3000 599 ,
3032 539 3238 601 lunam,
3269 542 3470 608 stellas,
3498 544 3701 612 ï¬‚uvios,
3734 548 3949 615 latntes,

2359 636 2522 690 aquas
2549 624 2860 679 didicerant.
2891 627 3236 685 lnvisibilium
3266 647 3393 703 ergo
3421 637 3684 692 creatione
3709 641 3904 695 relicta
3926 683 3948 708 ,

2357 711 2424 763 de
2453 713 2741 769 visibilibus
2767 717 2925 770 verba
2955 717 3113 784 facit,
3140 728 3198 774 ut
3224 723 3570 789 persuaderet
3599 727 3675 779 eis
3700 730 3785 796 qui
3820 731 3951 785 ha'c

2357 803 2649 857 adorabant
2670 846 2684 868 ,
2711 814 2769 860 ut
2805 823 2872 861 ne
2910 809 2995 862 illa
3021 810 3152 865 deos
3188 826 3307 866 esse
3344 825 3619 882 putarent,
3645 819 3738 872 sed
3763 836 3949 888 Opera

2359 891 2474 948 Dei.
2502 893 2615 950 Non
2648 910 2866 952 necesse
2896 914 3120 968 namque
3151 910 3297 965 erat,
3327 912 3384 957 ut
3416 905 3520 960 illis
3545 909 3860 976 angelorum
3887 919 3950 967 et

2355 981 2794 1053 archangelorum
2838 989 3078 1042 notitiam
3125 990 3309 1054 daret,
3355 1008 3422 1049 ne
3465 1011 3671 1050 rursum
3716 998 3950 1055 illorum

2354 1075 2716 1143 aegritudinem
2747 1078 2928 1133 aleret.
2952 1080 3080 1135 Nam
3108 1083 3170 1148 si,
3200 1085 3405 1141 etiamsi
3428 1103 3530 1142 non
3557 1089 3812 1156 viderent,
3839 1109 3946 1146 an-

2355 1164 2503 1232 gelos
2530 1174 2704 1220 tamen
2738 1183 2856 1222 esse
2884 1169 3150 1239 dixerunt,
3181 1174 3348 1229 multo
3375 1179 3559 1246 magis,
3591 1179 3634 1233 si
3655 1181 3947 1236 audissent

2352 1257 2574 1325 angelos
2603 1268 2694 1312 aut
2735 1261 3085 1332 archangelos
3107 1305 3123 1330 ,
3153 1275 3423 1334 putassent
3462 1271 3580 1324 illos
3616 1287 3733 1327 esse
3769 1273 3941 1328 deos.

2353 1344 2460 1399 Sed
2507 1348 2692 1401 caelum
2740 1361 3030 1414 memorat,
3066 1363 3258 1409 terram
3285 1397 3300 1419 ,
3329 1369 3537 1414 montes
3559 1400 3575 1424 ,
3624 1376 3784 1431 aquas
3809 1403 3827 1427 ,
3884 1374 3946 1418 et

2353 1435 2528 1487 omnia
2551 1451 2668 1505 quae
2692 1452 2758 1492 ex
2785 1438 2888 1494 illis
2915 1452 3036 1495 sunt
3059 1459 3073 1507 ;
3098 1454 3156 1497 ut
3185 1446 3481 1502 visibilihus
3503 1449 3814 1505 invisibilem
3853 1453 3944 1505 in-

2353 1534 2690 1594 terpretetur,
2720 1540 2772 1582 et
2801 1547 2864 1585 ex
2893 1535 3144 1601 operibus
3178 1537 3435 1605 Opilleem
3475 1541 3774 1608 prodat.Sic
3793 1560 3944 1614 ergo

2351 1624 2508 1670 etiam
2539 1627 2645 1671 tres
2673 1621 2820 1686 pueri
2851 1622 3122 1693 Babylone
3166 1627 3419 1682 fecerunt.
3447 1631 3577 1697 Quia
3615 1634 3752 1686 enim
3779 1637 3940 1702 apud

2349 1714 2561 1773 gentem
2606 1708 2748 1763 illam
2797 1713 3141 1768 versabantur
3179 1715 3288 1771 Deo
3337 1719 3599 1774 inimicam
3631 1739 3642 1774 :
3677 1737 3771 1776 nec
3809 1738 3943 1779 erat

2351 1796 2445 1850 Dei
2474 1800 2738 1867 cognitio,
2771 1802 2865 1856 sed
2896 1802 3032 1857 idola
3079 1806 3389 1861 colebantur
3412 1849 3426 1872 ,
3459 1809 3509 1862 in
3550 1809 3760 1867 fornace
3798 1829 3939 1870 cum

2348 1898 2562 1955 essent,
2589 1890 2832 1946 dicebant
2864 1911 2876 1945 :
2905 1894 3189 1952 Benedicite
3212 1939 3225 1962 ,
3269 1902 3438 1954 omnia
3485 1919 3636 1971 Î¿ÏÎ±Ï„-Î¹Î¹
3677 1904 3898 1959 Domini
3921 1949 3938 1972 ,

2349 1978 2568 2036 Domino
2597 1982 2754 2054 (Dan.
2774 1987 2826 2040 5.
2846 1986 2957 2059 57).
2988 1987 3094 2043 Cur
3121 2006 3226 2045 non
3253 1992 3515 2059 dicebant,
3547 1997 3750 2065 Angeli,
3781 2000 3940 2062 celi,

2350 2081 2510 2138 terra,
2544 2075 2698 2143 ignis,
2721 2093 2880 2146 aqua,
2912 2080 3094 2150 frigus,
3127 2093 3305 2150 aestus,
3331 2096 3384 2140 et
3412 2088 3622 2150 similia.
3653 2091 3742 2144 sed
3768 2106 3940 2145 crea-

2349 2161 2544 2217 tionem
2575 2166 2843 2235 sigillatim
2885 2185 3195 2227 enumerant
3221 2176 3244 2228 t
3272 2174 3338 2230 Ut
3375 2187 3665 2233 creaturam
3706 2195 3936 2236 omnem

2345 2251 2648 2318 abluerent,
2678 2266 2730 2310 et
2760 2267 2923 2313 totum
2947 2264 3212 2330 opiï¬cium
3245 2268 3559 2324 mundarent
3583 2310 3596 2334 ,
3622 2271 3938 2343 nullamque

2345 2344 2706 2414 relinquerent
2762 2351 3048 2419 impietatis
3109 2359 3411 2413 scintillam.
3466 2361 3934 2426 Quemadmodum

2344 2435 2504 2488 etiam
2533 2437 2631 2492 hoc
2668 2438 2786 2493 loco
2813 2441 3020 2512 Moyses
3049 2454 3103 2498 Î¹Î¹Î¹
3130 2460 3340 2501 omnem
3369 2447 3736 2520 Egyptiacum
3767 2468 3932 2507 erm-

2345 2537 2457 2576 rem
2491 2539 2518 2577 a
2548 2525 2746 2581 Judaeis
2770 2530 3064 2585 eliminarct
3088 2573 3103 2597 ,
3135 2536 3324 2590 cst-lum
3355 2547 3409 2591 et
3437 2547 3627 2593 terram
3658 2550 3712 2594 ut
3741 2554 3933 2597 creata

2344 2628 2638 2684 memorat,
2669 2629 2723 2673 ut
2750 2620 2862 2674 huic
2905 2621 3038 2676 facta
3064 2640 3182 2679 esse
3211 2628 3547 2695 ostenderet,
3579 2641 3632 2684 et
3665 2631 3931 2700 Opiï¬cem

2343 2705 2655 2763 declararet.
2686 2710 2751 2763 In
2777 2713 3025 2783 principio
3053 2718 3236 2769 creavit
3271 2717 3409 2771 Deus
3433 2723 3609 2773 calum
3635 2731 3680 2774 et
3709 2732 3929 2778 terram.

2414 2797 2465 2850 5.
2514 2798 2670 2852 Verba
2716 2801 2944 2870 Moysis,
2995 2806 3046 2857 in
3106 2805 3364 2874 principio
3411 2819 3561 2872 erat,
3602 2827 3715 2864 cum
3756 2816 3930 2867 verbis

2341 2885 2634 2947 Joannis.in
2656 2890 2914 2958 principio
2933 2893 3072 2958 fecit,
3095 2905 3467 2963 comparantur.
3485 2899 3697 2954 Arianos
3717 2904 3930 2955 etAno-

2341 2993 2493 3030 moros
2519 2978 2793 3048 redarguit.
2828 2980 2942 3034 Duo
2966 2981 3279 3037 Testamenta
3297 3001 3398 3038 uno
3418 2983 3723 3040 Patreorta.
3742 3020 3791 3029 â€”
3817 2991 3929 3047 [Ite

2343 3065 2472 3118 mihi
2501 3067 2733 3120 animum
2757 3068 2968 3124 adhibe.
2993 3071 3103 3141 Ego
3133 3072 3298 3127 miror
3319 3077 3587 3145 quomodo
3609 3079 3846 3134 Joannes
3867 3092 3931 3136 et

2343 3156 2547 3227 Moyses
2581 3159 2716 3214 idem
2757 3161 3063 3227 principium
3105 3161 3352 3218 habeant.
3381 3166 3510 3220 Nam
3541 3167 3624 3222 hic
3650 3170 3774 3223 dicit
3801 3188 3813 3222 :
3861 3171 3932 3226 In

2343 3249 2590 3317 principio
2617 3252 2840 3315 creavit;
2874 3253 2961 3306 ille
2991 3269 3116 3306 vero
3141 3255 3250 3308 ait:
3284 3254 3349 3309 In
3379 3258 3623 3328 principio
3652 3271 3776 3315 erat.
3806 3262 3928 3316 Ve-

2340 3354 2456 3392 rum
2486 3347 2540 3393 et
2569 3340 2657 3393 ille
2683 3341 2900 3408 utiliter,
2930 3353 2982 3398 et
3012 3342 3096 3397 hic
3120 3347 3349 3412 preprie.
3382 3346 3479 3402 Ubi
3506 3363 3731 3417 namque
3757 3366 3927 3406 crea-

2343 3429 2414 3481 tio
2435 3441 2569 3494 erat,
2598 3430 2728 3482 dixit
2755 3431 2978 3499 Moyses,
3006 3431 3184 3495 Fecit;
3215 3434 3299 3487 ubi
3325 3449 3452 3488 vero
3473 3437 3704 3500 Creator,
3736 3445 3927 3506 posuit

2339 3519 2658 3586 evangelista
2682 3559 2696 3579 ,
2732 3517 2875 3570 Erat.
2910 3519 3127 3573 Multum
3174 3531 3348 3575 autem
3388 3533 3470 3576 est
3512 3524 3832 3579 discriminis
3865 3541 3926 3583 et

2340 3605 2597 3660 intervalli
2624 3607 2760 3660 inter
2784 3607 2930 3671 illud,
2958 3607 3135 3670 Fecit;
3162 3618 3215 3663 et
3242 3610 3391 3674 illud,
3415 3610 3543 3664 Erat
3572 3629 3588 3666 :
3615 3614 3740 3667 illud
3766 3618 3925 3673 enim

2337 3713 2456 3753 cum
2503 3708 2626 3752 ante
2673 3714 2777 3751 non
2825 3709 2998 3764 esset,
3043 3699 3234 3754 factum
3279 3711 3359 3756 est
3392 3721 3404 3757 :
3435 3703 3518 3758 hic
3545 3720 3669 3758 vero
3698 3721 3925 3776 semper

2339 3798 2469 3845 erat.
2502 3791 2569 3843 In
2601 3791 2847 3860 principio
2874 3793 3023 3858 fecit,
3061 3802 3145 3858 et,
3178 3792 3244 3846 In
3284 3795 3529 3865 principio
3554 3807 3674 3849 erat.
3710 3797 3801 3851 Dei
3829 3811 3926 3856 est

2338 3897 2486 3947 esse,
2516 3891 2811 3935 creaturam
2842 3898 2968 3936 vero
3008 3882 3147 3946 fieri,
3179 3893 3236 3937 ut
3258 3893 3314 3937 et
3351 3886 3668 3954 evangelista
3716 3885 3920 3942 distiu-

2337 3974 2466 4042 guit.
2499 3971 2629 4026 Nam
2660 3972 2726 4026 de
2745 3973 3025 4028 Servatore
3046 3975 3121 4026 ait
3150 3989 3164 4026 :
3197 3972 3262 4026 In
3285 3974 3653 4043 principioerat
3675 3971 3926 4041 Verbum,

2337 4072 2382 4116 et
2413 4060 2624 4115 Verbum
2650 4071 2755 4114 erat
2783 4062 2920 4131 apud
2946 4061 3128 4126 Deum,
3152 4072 3199 4115 et
3229 4061 3364 4116 Deus
3391 4073 3497 4116 erat
3535 4062 3771 4115 Verbum.
3802 4063 3923 4118 Hoc

2337 4164 2442 4207 erat
2469 4155 2521 4206 in
2548 4153 2816 4222 principio.
2844 4151 2910 4205 In
2945 4154 3055 4219 ipso
3083 4153 3182 4204 vita
3211 4161 3336 4216 erat,
3365 4161 3412 4206 et
3439 4153 3539 4204 uita
3566 4161 3671 4204 erat
3699 4152 3794 4205 tua:
3817 4159 3919 4207 Ito-

2337 4245 2548 4297 minum.
2567 4245 2748 4299 Sexies
2774 4245 2925 4305 dixit,
2947 4243 3090 4307 Erat,
3114 4251 3171 4295 ut
3196 4242 3483 4310 explicaret
3512 4243 3626 4311 ejus
3651 4243 3922 4297 cxsistenâ€”

2338 4333 2484 4387 tiam.
2508 4333 2583 4386 De
2629 4332 2823 4385 famulo
2865 4342 3038 4384 autem
3065 4371 3080 4393 ,
3113 4341 3387 4399 postquam
3438 4331 3747 4399 praedicavit
3788 4347 3918 4386 eum

2336 4424 2426 4492 qui
2456 4432 2588 4487 erat,
2627 4433 2680 4476 et
2709 4424 2850 4476 venit
2875 4421 2938 4475 ad
2967 4436 3177 4477 servum
3203 4421 3480 4486 Joannem,
3513 4422 3643 4477 dixit
3675 4441 3687 4475 :
3719 4422 3921 4477 Factus

2337 4523 2409 4567 est
2436 4513 2602 4566 homo.
2638 4513 2778 4567 Deus
2805 4522 2937 4574 erat,
2971 4511 3130 4566 homo
3155 4521 3331 4566 autem
3359 4512 3528 4567 factus
3556 4521 3655 4566 est.
3685 4512 3840 4578 Quod
3869 4515 3920 4568 si

2336 4606 2404 4660 de
2441 4604 2725 4660 Servatore
2771 4603 2948 4658 dicere
2973 4604 3201 4659 audeant
3234 4621 3244 4656 :
3273 4603 3522 4660 Servator
3546 4606 3702 4659 etiam
3741 4605 3921 4660 factus

2337 4706 2439 4756 est,
2470 4695 2597 4748 nihil
2629 4695 2866 4748 dilicrret
2891 4709 2918 4746 a
2951 4704 3111 4748 terra.
3147 4695 3393 4748 Animum
3419 4694 3610 4748 adhibe
3634 4735 3649 4758 ,
3678 4710 3868 4760 qua-so
3902 4713 3916 4746 :

2337 4789 2380 4843 si
2412 4787 2553 4841 dicat
2576 4785 2854 4839 haereticus
2885 4803 2897 4838 :
2924 4783 3164 4838 Christus
3192 4783 3358 4837 factus
3383 4794 3515 4848 erat,
3540 4798 3643 4836 non
3674 4791 3794 4836 erat
3817 4799 3920 4836 an-

2339 4888 2548 4946 tequam
2579 4878 2761 4937 fieret,
2791 4875 2912 4943 quid
2944 4890 3070 4941 ergo
3100 4875 3216 4943 plus
3258 4873 3498 4934 habebit,
3531 4887 3688 4942 quam
3721 4881 3868 4926 terra
3896 4878 3919 4926 á¼²

2339 4968 2467 5022 Nam
2495 4967 2560 5021 de
2588 4977 2725 5020 terra
2773 4980 2979 5033 quoque
3005 4965 3077 5016 ait
3115 4962 3323 5032 Moyses
3356 4979 3367 5015 :
3399 4961 3559 5015 Terra
3583 4970 3752 5014 autem
3780 4973 3917 5014 erat.

2338 5059 2392 5113 Si
2422 5059 2577 5126 igitur
2602 5056 2728 5110 illttd
2760 5073 2772 5108 :
2803 5054 2868 5105 In
2899 5054 3149 5121 principio
3174 5061 3298 5117 erat,
3323 5051 3391 5106 de
3417 5052 3687 5106 creatione
3713 5051 3915 5105 intelli-

2336 5158 2484 5218 gunt,
2521 5165 2623 5201 non
2656 5147 2721 5199 de
2746 5156 2943 5198 aeterna
2971 5152 3161 5197 natura
3195 5160 3207 5210 ;
3237 5143 3366 5196 nihil
3399 5144 3516 5211 plus
3542 5142 3720 5203 habet,
3751 5155 3917 5208 quam

2340 5251 2498 5294 terra.
2529 5239 2595 5290 Et
2621 5237 2758 5290 Deus
2789 5234 3019 5288 Verbum
3049 5245 3195 5296 erat,
3225 5243 3280 5288 et
3327 5242 3464 5287 terra
3508 5239 3622 5285 erat
3654 5246 3665 5280 :
3699 5229 3790 5282 sed
3824 5229 3918 5283 ille

2338 5330 2544 5400 quidem
2570 5330 2616 5380 in
2643 5325 2898 5395 principio
2917 5338 3049 5387 erat.
3076 5343 3178 5378 non
3197 5326 3360 5378 factus
3383 5336 3595 5389 semper
3608 5323 3876 5374 exsiSIens
3899 5337 3915 5374 :

2343 5432 2482 5474 terra
2530 5430 2654 5470 vero
2693 5416 2827 5468 facta
2865 5423 2995 5467 erat.
3033 5411 3144 5464 Non
3183 5416 3323 5465 enim
3361 5412 3504 5480 prius
3534 5409 3665 5463 dixit
3694 5409 3918 5477 legisla-

2342 5520 2440 5573 tor,
2467 5506 2623 5561 Terra
2661 5514 2785 5566 erat,
2809 5504 2982 5558 donec
3008 5504 3241 5556 diceret:
3275 5499 3339 5554 In
3367 5500 3611 5568 principio
3633 5501 3750 5568 fecit
3774 5497 3920 5551 Deus

2342 5603 2515 5652 cretum
2555 5609 2599 5650 et
2641 5609 2859 5655 terram;
2889 5594 3110 5662 primum
3136 5591 3302 5655 dixit,
3333 5589 3493 5654 Fecit,
3523 5599 3704 5657 postea
3740 5604 3876 5641 vero
3902 5629 3917 5652 ,

2351 5692 2469 5743 Erat
2519 5688 2723 5743 Scimus
2749 5695 2894 5742 certe
2920 5727 2933 5752 ,
2962 5679 3152 5737 fratres
3174 5724 3186 5749 ,
3212 5682 3305 5736 has
3336 5681 3556 5736 subtiles
3585 5679 3922 5749 qumstiuucs
