4158 6320
230 377 346 433 431

224 486 369 541 τούν
393 485 649 557 συνηθείᾳ
672 486 887 548 πάντως
915 484 1130 555 ἀληθὲς,
1162 484 1284 538 οὔτε
1318 487 1376 538 τὸ
1427 487 1573 551 ξένον
1605 485 1817 556 ψευδές·

224 568 367 623 ἀλλά
405 567 679 638 ¹πανταχοῦ
730 568 972 638 ζητεῖται
1010 569 1059 619 εί
1086 567 1371 639 άλήθειαῆ
1408 568 1602 637 ψεῦδος
1634 568 1705 621 τὰ
1736 568 1823 621 λε-

227 653 457 723 γόμενα.
516 652 676 719 Ἀξιῶ
713 652 769 705 δὲ
825 653 963 722 μήτε
1002 651 1078 714 ὡς
1125 652 1277 718 φίλον
1326 652 1451 705 τινά
1494 651 1821 723 χαρίσασθαι

226 736 600 801 ἀνεξετάστως
632 734 918 804 δεχόμενον
945 735 1071 797 τοὺς
1097 735 1308 801 λόγους·
1353 737 1492 805 μήτε
1521 736 1593 799 ὡς
1628 736 1821 808 ἐχθρὸν

226 818 509 883 ξενίζοντα
539 818 816 870 ὲκδάλλειν
868 818 957 869 τὸν
996 816 1172 883 λόγον·
1228 817 1343 868 ἀλλ’
1373 819 1506 888 όρᾷν
1544 819 1818 887 πανταχοῦ

228 899 388 969 [657]
424 900 472 950 εί
494 898 725 969 ἀλήθειά
754 901 901 951 ἐστιν
927 900 960 968 ή
978 901 1089 960 τοῖς
1114 898 1427 968 λεγομένοις
1456 900 1816 970 βραϐεύουσα.

305 1038 371 1106 β’.
418 1039 511 1090 Ἐν
536 1037 713 1106 ἀρχῇ,
747 1039 929 1107 φησὶν,
957 1039 1247 1103 ἐποίησεν
1274 1042 1305 1092 ό
1344 1039 1488 1104 Θεὸς
1512 1040 1618 1093 τὸν
1646 1041 1820 1106 οὐρα-

223 1120 344 1174 νὸν
374 1121 468 1173 καὶ
494 1121 608 1187 τὴν
637 1120 770 1189 γῆν.
791 1122 852 1173 'H
876 1119 1237 1190 ἱστορίααῦτη
1270 1122 1387 1172 ἐστὶ
1417 1120 1515 1189 μὲν
1541 1121 1819 1183 Μωῦσέως

222 1202 325 1255 τοῦ
379 1202 664 1272 νομοθέτου
720 1202 1079 1272 σύγγραμμα,
1143 1204 1237 1253 καὶ
1295 1202 1615 1271 Πνεύματος
1659 1202 1816 1271 ἁγίου

224 1285 599 1353 ἀποκάλυψις·
654 1284 896 1354 περιέχει
939 1282 995 1335 δὲ
1038 1283 1395 1353 δημιουργίαν
1443 1284 1670 1353 δυνάμει
1720 1284 1817 1352 μὲν

224 1367 366 1419 Θεοῦ
400 1368 723 1436 γεναμένην,
759 1369 1069 1436 προφητικῇ
1126 1365 1181 1416 δὲ
1216 1367 1397 1436 χάριτι
1430 1367 1653 1418 Μωῦσεῖ
1683 1366 1819 1417 ἁπο-

222 1449 615 1517 καλυφθεῖσαν.
643 1448 716 1499 υύ
758 1448 865 1518 γὰρ
904 1444 1054 1498 εἶπεν
1083 1446 1254 1498 ταῦτα
1303 1446 1542 1515 Μωῦσῆς
1571 1447 1645 1509 ὡς
1674 1448 1818 1498 ἱστο-

226 1532 541 1602 ριογράφος,
569 1529 681 1582 ἀλλ’
725 1529 799 1592 ὼς
848 1529 1153 1599 προφήτης.
1196 1523 1331 1579 Εἶπε
1368 1528 1474 1599 γάρ
1503 1526 1538 1580 ἃ
1581 1527 1653 1598 μή
1688 1525 1814 1592 εἶδε,

222 1617 324 1668 καὶ
356 1615 654 1685 διηγήσατο
707 1608 780 1664 ὧν
832 1613 1027 1683 θεατὴς
1073 1613 1171 1663 οὐκ
1198 1612 1431 1679 ἐγένετο.
1462 1612 1673 1682 Ὥσπερ
1704 1612 1815 1681 γὰρ

221 1698 358 1766 τρία
388 1696 501 1766 εἴδη
531 1694 867 1765 προφητείας
915 1696 1218 1764 είρήκαμεν
1250 1694 1437 1758 πάλαι,
1473 1695 1555 1746 ὅτι
1604 1694 1818 1763 πρῶτον

230 1781 330 1851 μὲν
362 1775 499 1841 είδος
548 1778 879 1847 προφητείας
911 1778 972 1829 τὸ
1013 1780 1207 1842 εἰπεῖν,
1264 1777 1518 1846 δεύτερον
1560 1777 1615 1828 δὲ
1650 1778 1712 1830 τὸ
1746 1777 1813 1830 δι’

223 1864 413 1931 ἔργου,
449 1860 628 1931 τρίτον
654 1861 713 1913 16
728 1860 793 1912 δι’
816 1861 976 1931 ἔργου
1007 1860 1099 1913 κα)⁵
1128 1861 1305 1927 λόγου·
1339 1860 1482 1913 οὓτω
1504 1861 1596 1913 καὶ
1626 1858 1818 1913 ὲνταῦυ

226 1944 299 1998 θα
337 1946 463 2015 τρία
493 1943 631 2014 μέρη
661 1943 1015 2014 προφητείαςο
1071 1944 1377 2014 προφητεία
1409 1943 1540 2014 περὶ⁵
1581 1941 1688 1994 τῶν
1732 1944 1819 1995 ὲν-

222 2028 499 2088 εστὼτων,
525 2026 827 2095 προφητεία
860 2027 985 2097 περὶ
1015 2025 1123 2077 τῶν
1159 2025 1478 2095 μελλόντων,
1508 2025 1814 2095 προφητεία

224 2112 359 2179 περὶ
395 2109 502 2161 τῶν
558 2107 954 2179 παρελθόντων.
1001 2103 1148 2169 Οἷον,
1186 2108 1245 2160 οὑ
1293 2108 1476 2176 παρῆν
1511 2108 1815 2177 προφήτης,

225 2195 361 2263 φέρε
389 2194 560 2244 είπεῖν
604 2192 850 2252 Ἡσαΐας,
888 2193 998 2253 τοῖς
1029 2192 1120 2244 ἐπὶ
1166 2190 1444 2251 Μωῦσέως
1485 2190 1815 2259 γενομένοις·

224 2275 343 2329 ἀλλ’
370 2274 554 2344 ἐπειδὴ
574 2273 633 2325 τὸ
653 2273 870 2341 πνεῦμα
906 2274 1181 2335 Μωῡσέως
1208 2270 1275 2343 ἦν
1306 2275 1362 2324 ὲν
1387 2272 1556 2341 αὐτῷ,
1608 2274 1810 2325 ἀποκα-

225 2358 430 2411 λύπτον
457 2356 606 2425 αὐτῷ
634 2355 703 2409 τὰ
758 2355 1044 2426 γενόμενα,
1105 2356 1412 2427 προφητεία
1444 2352 1535 2425 ἦν.
1572 2358 1725 2409 Ἐστι
1759 2355 1816 2407 δὲ

227 2439 386 2503 αὖθις
410 2443 710 2511 προφητεία
746 2441 838 2490 καὶ
879 2439 971 2489 ἐπὶ
1000 2439 1108 2490 τῶν
1154 2440 1459 2508 παρόντων·
1504 2439 1577 2501 ὼς
1615 2439 1708 2491 ἐάν
1734 2454 1815 2500 τις

226 2526 325 2577 καὶ
370 2524 462 2574 ἐπὶ
506 2520 599 2573 τοῦ
632 2520 911 2590 προφήτου
946 2520 1116 2582 ἑστὼς
1165 2519 1289 2590 θέλῃ
1323 2519 1525 2590 κρύψαι
1562 2537 1612 2571 τι
1642 2522 1698 2571 ὲν
1748 2522 1815 2591 τῇ

224 2606 457 2677 διανοίᾳ,
491 2606 583 2655 καί
616 2605 644 2655 ὁ
678 2604 960 2672 προφήτης
990 2602 1185 2673 ἐλέγχῃ
1230 2605 1391 2654 αὑτὸν
1412 2641 1425 2664 ,
1472 2602 1547 2664 ὼς
1579 2604 1607 2653 6
1645 2601 1819 2653 Ἑλισ-

229 2692 382 2752 σαῖος
434 2689 525 2741 16v
550 2686 722 2750 Γιεζὶ,
779 2687 849 2739 τὰ
884 2686 1145 2756 μέλλοντα
1202 2685 1593 2755 προσημαίνων
1628 2687 1720 2738 καὶ
1749 2684 1817 2736 τά

227 2770 586 2842 κεκρυμμένα
614 2768 890 2823 δεικνύων.
916 2769 1153 2838 Μωῡσῆς
1171 2764 1290 2820 εἷπε
1321 2770 1390 2820 τά
1424 2767 1814 2837 προγεγονότα,

226 2854 382 2907 ἄλλοι
420 2854 487 2905 τά
548 2851 828 2905 μέλλοντα.
888 2851 1070 2910 Οὕτως
1131 2846 1222 2903 οὖν
1279 2850 1357 2903 δεῖ
1400 2848 1688 2920 προσέγειν
1745 2850 1812 2895 κ·τό

232 2935 449 3007 ἱστορίᾳ
480 2934 672 3006 ταύτῃ,
705 2934 802 3003 οὐχ
825 2933 899 2997 ὼς
926 2932 1243 3002 διηγήματι,
1268 2932 1380 2984 ἀλλ’
1403 2931 1478 2993 ὼς
1513 2929 1818 3000 προφητείᾳ

229 3021 461 3090 ἀληθινῇ
513 3020 577 3070 ὲκ
612 3018 927 3087 Πνεύματος
970 3016 1124 3084 ἁγίου
1164 3014 1519 3084 λελαλημένῃ.
1570 3013 1664 3076 Τίς
1696 3014 1752 3065 δὲ
1788 3014 1817 3065 6

230 3103 433 3164 σκοπὸς
455 3101 531 3171 τῷ
560 3103 808 3169 προφήτῃ
829 3117 842 3164 ;
862 3100 964 3152 Δύο
980 3100 1291 3170 πρόκεινται
1314 3100 1540 3152 Μωῦσεῖ
1564 3096 1812 3165 ποιῆσαι,

228 3185 329 3239 καὶ
348 3183 697 3238 διδασκαλίαν
728 3181 1005 3245 ἐκθέσθαι,
1047 3181 1141 3233 καὶ
1170 3180 1492 3249 νομοθεσίαν
1522 3180 1814 3232 ύποτυπῶ-

229 3286 346 3323 σαι.
382 3267 698 3337 Νομοθέτης
730 3266 836 3337 γὰρ
856 3265 951 3329 ὢν,
975 3266 1035 3318 ού
1064 3264 1278 3336 πρῶτον
1309 3264 1507 3334 ήρξατο
1532 3265 1632 3334 τῆς
1659 3281 1817 3335 νομο-

229 3350 442 3415 θεσίας,
473 3348 609 3402 ἀλλά
639 3349 739 3419 τῆς
769 3347 1145 3419 δημιουργίας.
1179 3345 1329 3398 Διατί
1360 3345 1417 3398 δὲ
1440 3345 1653 3416 πρῶτον
1683 3345 1815 3415 ήθέ-

229 3434 367 3503 λησε
396 3432 563 3498 δεῖξαι
593 3432 685 3484 τὸν
707 3430 837 3484 Θεὸν
857 3429 1186 3501 δημιουργὸν
1235 3428 1329 3481 τοῦ
1361 3430 1561 3491 παντὸς
1597 3429 1690 3481 καὶ
1721 3431 1816 3481 Δε-

232 3515 474 3585 σπότην;
510 3516 626 3567 ’Ίνα
648 3514 830 3585 δειχθῇ
861 3512 1013 3575 Θεός⁸
1042 3514 1141 3565 οὑκ
1168 3511 1469 3584 ἀλλοτρίοις
1488 3511 1812 3581 νομοθετῶν,

230 3596 370 3650 ἀλλά
402 3598 512 3659 τοῖς
564 3596 733 3659 ἰδίοις.
786 3596 849 3648 Et
884 3595 958 3665 μὴ
999 3595 1107 3666 γάρ
1155 3593 1371 3666 πρῶτον
1426 3594 1625 3657 ἔδειξεν
1655 3594 1815 3648 αὐτὸν

228 3678 561 3750 δημιουργὸν
590 3677 683 3730 τοῦ
732 3678 958 3746 κόσμου,
1005 3679 1105 3729 οὐκ
1154 3677 1218 3729 ἂν
1267 3675 1574 3740 ἀξιόπιστος
1602 3677 1815 3747 ἐδείχθη

228 3762 529 3833 νομοθέτης
557 3759 651 3813 τοῦ
686 3760 912 3829 κόσμου.
934 3758 1007 3809 Τὸ
1028 3760 1137 3825 γὰρ
1169 3759 1468 3828 ἀλλοτρίοις
1485 3759 1813 3829 νομοθετεῖν,

230 3848 378 3919 βίας·
426 3846 486 3899 16
539 3845 594 3897 δὲ
644 3846 767 3906 τοὺς
802 3842 965 3905 ἰδίους
998 3841 1293 3904 παιδεύειν,
1331 3842 1672 3902 ἀκολουθίας.
1706 3843 1814 3893 Καὶ

228 3930 424 3999 ῶσπερ
467 3927 760 3995 Ἰωάννηςό
790 3924 1191 3994 Εὐαγγελιστὴς
1219 3924 1279 3976 οὑ
1305 3922 1518 3994 πρῶτον
1539 3924 1693 3986 ἔταξε
1717 3923 1811 3975 τοῦ

230 4008 470 4080 Χριστοῦ
509 4009 607 4079 τὴν
628 4007 968 4079 νομοθεσίαν,
994 4006 1096 4068 ἓως
1122 4002 1273 4060 εἷπεν
1305 4005 1469 4059 αὑτοῦ
1492 4006 1590 4076 τὴν
1618 4007 1812 4059 δεσπο-

228 4092 616 4157 τείαν,εἰπών·
663 4091 758 4143 Ἑν
795 4088 952 4159 ἀρχῇ
995 4084 1072 4157 ἦν
1111 4091 1143 4141 ό
1181 4089 1393 4156 Λόγος,
1431 4089 1527 4141 καί
1552 4092 1584 4141 ό
1624 4089 1813 4158 Λόγος

228 4174 315 4248 ἦν
346 4176 495 4244 πρὸς
514 4175 619 4227 τὸν
649 4173 816 4236 Θεὸν,
843 4174 938 4226 καὶ
967 4171 1109 4235 Θεὸς
1128 4167 1206 4239 ἦν
1229 4174 1261 4224 ό
1282 4172 1489 4238 Λόγος.
1518 4170 1719 4224 Πάντα
1739 4171 1812 4224 δι’

228 4260 421 4313 αὐτοῦ
448 4256 704 4326 ἐγένετο,
736 4260 834 4309 καὶ
864 4254 1041 4323 χωρὶς
1064 4253 1248 4305 αὑτοῦ
1282 4253 1519 4320 ἐγένετο
1545 4253 1685 4305 οὐδὲ
1722 4254 1810 4319 ἒν,

230 4343 266 4396 ὃ
292 4342 556 4411 γέγονεν.
605 4340 705 4393 Ἐν
728 4336 887 4402 αὐτῷ
908 4337 1019 4405 ζωὴ
1057 4335 1153 4407 ἦν,
1179 4338 1275 4391 καὶ
1298 4339 1335 4404 η
1371 4335 1481 4403 ζωὴ
1507 4332 1584 4405 ἦν
1605 4336 1671 4388 τὸ
1688 4334 1814 4404 φῶς

230 4423 355 4478 τῶν
381 4422 721 4489 ἀνθρώπων.
753 4423 857 4486 Είς
890 4422 961 4475 τὰ
992 4421 1111 4474 Ζδια
1134 4418 1299 4491 ἦλθε,
1340 4421 1439 4474 καί
1463 4424 1516 4474 οἱ
1541 4420 1675 4472 ἴδιοι
1709 4423 1815 4473 αὐ·

231 4508 345 4561 τὸν
366 4508 435 4559 οὐ
474 4503 838 4572 παρέλαϐον.
872 4505 1001 4557 Ὅτε
1052 4500 1204 4557 εἶπεν
1246 4506 1405 4557 αὐτὸν
1442 4503 1676 4574 Ποιητήν
1720 4502 1812 4555 καὶ

232 4587 598 4658 Δημιουργὸν,
622 4587 743 4638 τότε
768 4587 978 4654 εἰσάγει
1010 4587 1170 4639 αὑτὸν
1191 4587 1507 4641 διδάσκαλον
1528 4588 1621 4639 καὶ
1651 4602 1811 4655 νομο-

232 4673 398 4742 θέτην
434 4669 529 4723 τοῦ
584 4668 804 4733 παντός.
856 4670 1022 4722 Πάλιν
1073 4670 1230 4732 ἄλλος
1286 4670 1482 4733 σκοπὸς
1513 4673 1809 4734 Μωῦσέωςο

232 4755 388 4809 Διατί
411 4755 439 4806 6
469 4753 733 4823 μακάριος
762 4752 1003 4823 Μωῦσῆς
1028 4754 1258 4823 ουρανοῦ
1285 4755 1384 4821 μὲν
1418 4754 1809 4823 ἐμνημόνευσε,

235 4839 335 4893 καὶ
366 4838 468 4905 γῆς
505 4838 598 4889 καὶ
621 4837 893 4909 θαλάσσης
915 4838 1007 4892 καὶ
1028 4838 1255 4899 ὑδάτων,
1293 4838 1510 4889 καὶτῶν
1533 4838 1591 4900 ἐξ
1612 4838 1810 4903 αὐτῶν,

240 4920 489 4989 ἀγγέλων
515 4919 572 4971 δὲ
603 4920 637 4990 ἢ
656 4921 1030 4989 ἀρχαγγέλων,
1050 4922 1085 4990 ἢ
1110 4920 1408 4991 Σεραφεὶμ,
1440 4920 1473 4989 ἢ
1508 4920 1814 4990 Χερουόεὶμ

234 5004 342 5058 οὐκ
365 5001 801 5071 ἐμνημόνευσεν;
851 5003 1067 5073 Ἐπειδὴ
1091 5002 1296 5072 κα“ιτὴν
1330 5002 1648 5071 νομοθεσίαν
1678 5003 1813 5071 πρὸς

235 5089 366 5151 τοὺς
403 5086 520 5139 τότε
553 5086 777 5154 καιροὺς
800 5086 1057 5157 ἥρμοζεν.
1098 5087 1249 5158 ᾜδει
1276 5087 1383 5157 γάρ
1417 5083 1497 5150 οἷς
1524 5087 1810 5155 διελέγετο,

235 5172 356 5233 τοῖς
384 5166 683 5233 ὲξελθοῦσιν
710 5170 772 5220 ὲκ
798 5170 893 5237 τῆς
917 5169 1213 5238 Λίγύπτου,
1245 5172 1355 5239 τοῖς
1381 5170 1479 5240 τήν
1518 5173 1814 5238 Αἰγυπτια-

238 5253 347 5324 κὴν
379 5251 584 5322 πλάνην
608 5249 888 5320 μαθοῦσιν,
921 5252 1071 5319 ἥλιον
1098 5254 1192 5304 καὶ
1234 5253 1461 5323 σελήνην
1492 5254 1584 5305 καὶ
1617 5254 1810 5322 ἄστρα,

240 5336 521 5404 ποταμοὺς
559 5334 652 5387 καὶ
680 5333 860 5402 πηγὰς
902 5333 996 5384 καὶ
1029 5334 1211 5386 ὕδατα.
1250 5335 1553 5388 Κατέλιπεν
1598 5332 1689 5389 οὖν
1719 5337 1814 5406 τὴν

238 5417 352 5470 τῶν
372 5418 616 5488 ἀοράτων
648 5416 1023 5486 δημιουργίαν,
1054 5418 1146 5468 καὶ
1164 5421 1309 5469 κενοῖ
1334 5418 1420 5471 τὸν
1454 5418 1608 5486 λόγον
1630 5419 1719 5470 επὶ
1746 5420 1815 5471 τὰ

241 5499 395 5573 [458]
425 5499 696 5571 ὁρώμενα,
728 5499 811 5551 ἵνα
842 5498 1003 5568 πείσῃ
1050 5499 1174 5560 τοὺς
1203 5499 1411 5563 τούτοις
1450 5502 1815 5571 προσκυνοῦν-

237 5600 341 5647 τας
374 5584 446 5654 μὴ
472 5583 712 5654 νομίζειν
729 5581 865 5635 αὐτὰ
887 5580 1061 5643 θεοὺς,
1092 5581 1205 5633 ἀλλ’
1231 5583 1369 5651 ἔργα
1402 5585 1678 5638 Θεοῦ.Καὶ
1709 5585 1816 5654 γὰρ

238 5669 342 5722 οὐκ
384 5664 453 5739 ἦν
478 5670 772 5736 ἀναγκαῖον
799 5668 917 5721 τότε
962 5667 1127 5731 δεῖξαι
1162 5668 1387 5731 ἐκείνοις
1415 5670 1542 5739 περὶ
1572 5671 1816 5739 ἀγγέλων

238 5752 337 5805 καὶ
369 5753 746 5825 ἀρχαγγέλων,
793 5752 876 5805 ἵνα
912 5750 985 5822 μὴ
1017 5751 1175 5808 πάλιν
1205 5750 1379 5824 θρέψῃ
1404 5754 1581 5810 αὐτῶν
1607 5755 1705 5828 τήν
1737 5754 1814 5809 νό-

1278 374 1365 430 υΕ
1405 374 1621 431 MUNDI
1652 374 2048 432 CREAI‘IONE
2085 377 2339 435 ORATIO
2385 382 2421 437 Ι.

3386 395 3500 451 432

1929 504 2042 574 σον.
2066 490 2128 542 Et
2168 490 2278 561 γὰρ
2324 492 2397 563 μὴ
2430 492 2717 561 βλέποντες
2751 497 3012 564 ἀγγέλους
3050 495 3209 554 εἶπαν
3244 514 3292 568 ι,
3323 502 3504 574 πολλῷ

1925 573 2147 642 μᾶλλον,
2174 577 2222 627 εί
2248 577 2486 646 ἥκουσαν
2521 580 2785 646 ἀγγέλους
2818 582 2849 650 ἢ
2902 583 3295 651 άρχαγγέλους,
3321 573 3503 657 ἐνόμιὲ

1925 672 2023 707 σαν
2052 657 2289 721 ἐκείνους
2317 659 2469 723 θεοὺς
2495 659 2653 714 εἶναι.
2705 663 2862 716 Ἀλλά
2905 669 3231 735 μνημονεύει
3272 668 3501 737 οὐρανοῦ

1923 738 2017 789 καὶ
2044 740 2165 807 γῆς.
2196 740 2365 810 ὀρέων
2386 745 2479 794 καὶ
2498 743 2721 808 ὑδάτων,
2742 748 2833 798 καὶ
2854 747 2962 801 τῶν
2988 748 3044 812 ἐξ
3066 750 3239 802 αὐτῶν
3261 752 3499 817 πάντων,

1924 820 2008 872 ἵνα
2055 822 2163 873 ἀπὸ
2186 823 2293 873 τῶν
2322 823 2614 893 ὁρωμένων
2650 826 2963 899 ἑρμηνεύσῃ
3008 830 3097 883 τὸν
3126 830 3377 900 ἀόρατον,
3409 834 3503 885 καὶ

1922 903 2028 955 ἀπὸ
2044 903 2151 955 τῶν
2175 905 2348 973 ἔργων
2374 905 2519 976 δείξῃ
2547 907 2637 959 τὸν
2682 909 2953 979 τεχνίτην.
2984 911 3168 975 Οῦτως
3195 912 3288 966 οὖν
3322 917 3413 968 καὶ
3451 916 3500 967 οἱ

1919 989 2068 1056 τρεῖς
2100 987 2284 1068 παῖδες
2324 988 2380 1038 ὲν
2414 990 2693 1042 Βαϐυλῶνι
2723 992 3006 1062 ἐποίησαν.
3058 995 3275 1067 Ἐπειδὴ
3305 998 3413 1068 γάρ
3443 999 3501 1051 ἐν

1919 1070 1997 1139 τῷ
2024 1069 2166 1122 ἔθνει
2193 1066 2334 1140 ἦσαν
2369 1072 2562 1139 ἐκείνῳ
2587 1075 2664 1139 τῷ
2695 1074 2969 1146 θεομάχῳ,
3002 1079 3098 1130 καὶ
3142 1080 3242 1131 οὐκ
3267 1066 3335 1149 ἦν
3362 1066 3497 1132 Θεοῦ

1920 1149 2140 1218 γνῶσις,
2173 1151 2286 1203 ἀλλ’
2317 1153 2511 1205 εἴδωλα
2543 1160 2951 1223 προσεκυνείτο,
2988 1160 3044 1210 ὲν
3085 1162 3148 1229 τῇ
3178 1163 3394 1230 καμίνῳ
3416 1162 3501 1215 δν-

1919 1250 2009 1296 τες
2053 1234 2321 1301 λέγουσιν’
2359 1239 2698 1306 Εὐλογεῐτε,
2750 1241 2946 1294 πάντα
2975 1240 3045 1293 τὰ
3077 1242 3220 1311 ἔργα
3252 1244 3497 1310 Κυρίου,

1920 1316 2024 1399 τὸν
2047 1319 2283 1383 Κύριον.
2312 1321 2464 1371 Διατί
2493 1322 2591 1373 οὐκ
2615 1319 2786 1387 εἷπον,
2826 1325 3102 1392 ΙἌγγελοι,
3132 1326 3369 1397 οὐρανοὶ,
3405 1329 3499 1399 γῆ,

1919 1398 2051 1469 πῦρ,
2114 1400 2277 1471 ὕδωρ,
2324 1402 2515 1473 ψῦχος,
2548 1407 2754 1476 καῦμα,
2813 1410 2906 1461 καὶ⁸
2937 1410 3034 1461 ὅσα
3073 1410 3319 1473 τοιαῦτα,
3366 1411 3503 1465 ἀλλά

1919 1482 2015 1553 τὴν
2066 1484 2425 1555 δημιουργίαν
2477 1490 2768 1559 ἀριθμοῦσι
2816 1491 2954 1544 κατὰ
2988 1492 3186 1563 μέρος;
3220 1495 3335 1546 Ἵνα
3373 1494 3502 1565 ὅλην

1921 1566 2158 1617 πλύνωσι
2220 1568 2317 1637 τὴν
2351 1570 2548 1631 κτίσιν,
2598 1573 2690 1624 καὶ
2718 1573 2845 1642 ὃλην
2876 1574 3213 1643 καθαρίσωσι
3266 1577 3365 1645 τὴν
3406 1576 3503 1645 δη-

1922 1650 2229 1720 μιουργίαν,
2263 1652 2355 1703 καὶ
2392 1653 2593 1723 μηδένα
2635 1656 3052 1727 καταλ[ε]ίπωσι
3101 1657 3372 1727 σπινθῆρα
3402 1660 3501 1727 τῆς

1920 1732 2194 1796 ἀσεϐείας.
2230 1735 2439 1806 Ὥσπερ
2466 1738 2559 1789 καὶ
2592 1738 2823 1791 ἐνταῦθα
2856 1739 3098 1809 Μωῦσῆς
3134 1738 3366 1809 θελήσας
3392 1740 3501 1794 τῶν

1933 1816 2200 1869 Ἰουδαίων
2242 1818 2340 1889 τήν
2392 1822 2769 1892 Αἰγυπτιακὴν
2799 1824 3069 1876 ἀπελάσαι
3103 1823 3330 1893 πλάνην,
3368 1841 3501 1893 μνη-

1922 1898 2135 1967 μονεύει
2166 1902 2258 1951 καὶ
2287 1902 2515 1971 ούρανοῦ
2551 1905 2642 1955 καὶ
2671 1906 2773 1974 γῆς
2792 1905 2863 1967 ὡς
2883 1906 3207 1975 γενομένων,
3242 1907 3327 1960 ἵνα
3353 1907 3503 1979 δείξῃ

1918 1981 1985 2034 τὰ
2022 1984 2380 2051 πεποιημένα,
2436 1986 2529 2037 καὶ
2592 1988 2940 2057 μνημονεύσῃ
2995 1989 3086 2041 τὸν
3140 1990 3497 2058 πεποιηκότα⁶

1931 2064 2029 2116 Ἐν
2052 2064 2209 2134 ἀρχῇ
2236 2067 2529 2135 ἐποίησεν
2566 2072 2598 2122 ό
2646 2072 2789 2134 Θεὸς
2824 2071 2931 2122 τὸν
2970 2073 3228 2140 οὐρανὸν
3257 2073 3354 2125 καί
3387 2070 3503 2140 τὴν

1917 2164 2053 2216 γην.

1989 2229 2059 2297 γ’.
2075 2224 2201 2283 Ὧδέ
2228 2248 2315 2300 μοι
2344 2233 2435 2285 16v
2470 2232 2613 2287 νοῦν.
2662 2233 2803 2300 Ἐγὼ
2828 2234 3091 2304 θαυμάζω
3108 2234 3223 2299 πῶς
3249 2236 3502 2305 Ἰωάννης

1918 2314 2013 2365 καὶ
2040 2312 2273 2383 Μωῡσῆς
2295 2315 2354 2366 τὸ
2376 2315 2507 2366 αὐτὸ
2529 2316 2814 2386 προοίμιον
2845 2318 3024 2386 ἔσχον.
3062 2319 3171 2371 Καὶ
3209 2317 3317 2389 γὰρ
3344 2311 3501 2380 οὗτος

1917 2395 2083 2465 λέγει·
2130 2397 2223 2449 Ἐγ
2260 2397 2415 2465 ἀρχῇ
2439 2399 2707 2465 ἐποίησε·
2744 2401 2992 2463 κάκεῖνος
3018 2400 3185 2468 λέγει·
3218 2402 3319 2454 Ἑν
3340 2399 3500 2468 ἀρχῇ

1917 2477 2016 2549 ἦν.
2065 2480 2225 2533 Ἀλλά
2271 2486 2521 2545 κάκεῖνος
2575 2484 2883 2552 χρησίμως,
2931 2486 3025 2537 καὶ
3073 2480 3226 2547 οὗτος
3272 2484 3496 2553 κυρίως.

1921 2563 2095 2614 Ὅπου
2164 2563 2264 2632 μὲν
2327 2564 2435 2635 γάρ
2488 2565 2848 2635 δημιουργία,
2919 2566 3077 2630 ἔταξε
3130 2567 3369 2633 Μωῦσῆς
3401 2567 3499 2628 16.

1931 2644 2254 2711 Ἐποίησεν
2279 2664 2290 2676 ’
2324 2647 2457 2699 ὃπου
2502 2649 2557 2700 δὲ
2595 2649 2953 2718 δημιουργὸς,
2999 2650 3153 2714 ἔταξε
3187 2650 3281 2711 16,
3312 2645 3441 2715 Ἦν,
3472 2653 3501 2703 6

1918 2728 2325 2797 εὐαγγελιστής.
2362 2730 2501 2782 Πολὺ
2528 2730 2583 2782 δὲ
2616 2732 2677 2782 τὸ
2716 2732 2879 2798 μέσον
2914 2731 3027 2796 τοῦ,
3076 2733 3372 2797 Ἐποίησε,
3407 2732 3501 2786 καὶ

1915 2809 2031 2873 τοῦ,
2063 2805 2182 2863 Ἦν
2201 2827 2213 2841 ’
2250 2811 2310 2862 16
2342 2812 2439 2881 μὲν
2467 2813 2574 2883 γὰρ
2598 2813 2833 2879 ἐγένετο,
2868 2814 2940 2882 μὴ
2969 2813 3048 2877 ὃν,
3077 2816 3104 2867 6
3133 2814 3189 2868 δὲ
3210 2810 3278 2885 ἦν
3300 2814 3385 2867 ἀεὶ
3404 2814 3497 2867 ῶν.

1930 2894 2025 2945 Ἐν
2050 2894 2206 2963 ἀρχῇ
2233 2896 2503 2964 ἐποίησε·
2539 2897 2634 2949 καὶ
2655 2936 2669 2958 ,
2714 2900 2814 2950 Ἐν
2843 2897 3002 2966 ἀρχῇ
3026 2895 3123 2968 ἦν.
3165 2897 3299 2951 Θεοὺ
3340 2901 3404 2953 16
3428 2896 3501 2951 εί-

1918 2996 2023 3039 ναι,
2054 2979 2367 3049 κτισμάτων
2399 2980 2454 3030 δὲ
2483 2979 2543 3031 16
2565 2980 2829 3047 γίνεσθαι,
2871 2980 3059 3051 ῶσπερ
3087 2982 3181 3034 καὶ
3212 2984 3240 3034 6
3268 2981 3499 3049 εὐαγγε-

1916 3060 2100 3131 λιστής
2130 3061 2356 3131 μερίζει.
2386 3062 2520 3133 Περὶ
2538 3064 2636 3131 μὲν
2666 3063 2774 3131 γὰρ
2798 3063 2890 3114 τοῦ
2910 3065 3158 3132 Σωτῆρος
3179 3063 3358 3132 λέγει’
3399 3065 3502 3118 Ἐν

1915 3141 2071 3209 ἀρχῇ
2107 3138 2185 3211 ἦν
2210 3144 2241 3194 ό
2272 3144 2479 3210 Λόγος,
2513 3142 2611 3195 καὶ
2642 3145 2674 3195 ό
2706 3143 2895 3211 Λόγος
2918 3138 2997 3211 ἦν
3019 3144 3167 3209 πρὸς
3195 3144 3300 3197 τὸν
3329 3144 3497 3207 Θεὸν,

1917 3225 2015 3276 καὶ
2049 3223 2192 3289 Θεὸς
2222 3220 2300 3292 ἦν
2325 3227 2357 3278 ό
2396 3226 2604 3293 Λόγος.
2633 3221 2818 3289 Οὗτος
2845 3222 2925 3293 ἦν
2954 3226 3023 3279 ἐν
3050 3226 3226 3295 ἀρχῇ.
3269 3229 3371 3281 Ἐν
3394 3230 3501 3282 αὑ-

1916 3303 1996 3369 τῷ
2017 3303 2128 3372 ζωὴ
2160 3302 2257 3374 ἦν,
2286 3308 2383 3358 καί
2414 3308 2452 3373 ἡ
2484 3305 2595 3374 ζωὴ
2643 3303 2723 3375 ἦν
2744 3310 2808 3360 τὸ
2838 3307 2963 3376 φῶς
3003 3307 3121 3361 τῶν
3150 3310 3497 3374 ἀνθρώπων.

1928 3388 2186 3452 Ἐξάκιςδ
2222 3387 2369 3455 λέγει
2406 3388 2488 3450 16,
2517 3385 2645 3453 Ἦν,
2679 3392 2765 3443 ἵνα
2808 3392 3119 3463 ὲρμηνεύσῃ
3153 3391 3214 3445 τὸ
3245 3394 3323 3445 δν.
3363 3394 3501 3463 Περὶ⁸

1914 3470 1971 3522 δὲ
1992 3469 2084 3523 τοῦ
2104 3472 2334 3534 οἰκέτου,
2358 3473 2444 3524 ὅτε
2469 3472 2701 3543 ἐκήρυξε
2728 3473 2816 3524 τὸν
2840 3474 2986 3535 ὄντα,
3013 3476 3103 3527 καὶ
3123 3470 3284 3545 ἦλθεν
3302 3478 3381 3538 είς
3406 3476 3499 3529 τὸν

1914 3551 2098 3605 δοῦλον
2151 3554 2243 3607 τὸν
2305 3555 2585 3624 Ἰωάννην,
2634 3556 2812 3623 λέγει’
2860 3556 3127 3624 Ἐγένετο
3164 3557 3495 3627 ἄνθρωπος.

1916 3635 2048 3699 Θεὸς
2071 3633 2158 3708 ἦν,
2186 3637 2468 3709 ἄνθρωπος
2498 3640 2552 3691 δὲ
2573 3640 2807 3706 ἐγένετο.
2837 3640 2900 3692 Εἰ
2924 3640 2979 3693 δὲ
3001 3642 3092 3693 καὶ
3118 3642 3243 3712 περὶ
3265 3642 3359 3695 τοῦ
3386 3642 3498 3695 Σω-

1914 3718 2081 3788 τῆρος
2101 3721 2337 3789 τολμῶσι
2364 3721 2558 3790 λέγειν,
2588 3724 2670 3775 ὅτι
2694 3724 2785 3774 καὶ
2812 3723 2839 3773 ὁ
2868 3724 3058 3793 Σωτήρ
3086 3724 3375 3793 γενόμενος
3403 3720 3493 3795 ἦν,

1916 3801 2068 3853 οὐδὲν
2101 3802 2343 3872 διαφέρει
2375 3805 2469 3872 τῆς
2511 3804 2635 3872 γῆς.
2678 3805 2940 3874 Πρόσεχε,
2979 3807 3315 3875 παρακαλῶο
3366 3808 3494 3860 Ἐἀν

1915 3882 2045 3954 εἴπῃ
2072 3885 2099 3936 6
2133 3884 2426 3952 αίρετικὺς,
2456 3886 2536 3938 ὅτι
2567 3887 2799 3955 Χριστὸς
2829 3886 3116 3957 γενόμενος
3142 3884 3230 3953 ἦν,
3262 3888 3388 3959 πρὶν
3409 3906 3495 3957 γε-

1915 3971 2098 4023 νέσθαι
2130 3969 2229 4022 οὐκ
2262 3964 2349 4039 ἦν,
2390 3969 2442 4021 τί
2473 3969 2633 4021 πλέον
2659 3970 2770 4039 ἔχει
2799 3971 2895 4039 τῆς
2925 3970 3059 4040 γῆς;
3092 3972 3201 4024 Καὶ
3239 3971 3347 4042 γάρ
3368 3973 3495 4044 περὶ

1915 4056 2012 4124 τῆς
2046 4055 2147 4122 γῆς
2172 4047 2290 4104 εἷπε
2319 4052 2561 4120 Μωῡσῆς
2583 4070 2594 4081 ·
2629 4053 2697 4106 Ἢ
2724 4052 2791 4105 δὲ
2816 4052 2890 4123 γῆ
2919 4050 3015 4124 ἦν.
3046 4055 3110 4105 Et
3141 4050 3232 4107 οῦν
3266 4055 3343 4119 16,
3394 4055 3496 4109 Ἐν

1915 4134 2074 4204 ἀρχῇ
2102 4130 2200 4203 ἦν,
2241 4136 2319 4196 είς
2352 4134 2569 4203 ποίησιν
2601 4134 2933 4204 λαμϐάνουσι
2953 4174 2967 4198 ,
3014 4138 3107 4189 καὶ
3137 4137 3197 4189 ού
3229 4137 3367 4190 κατά
3398 4137 3495 4208 τὴν

1916 4219 2082 4270 ἀΐδιον
2114 4218 2293 4287 φύσιν,
2327 4217 2475 4270 οὐδὲν
2510 4218 2669 4270 πλέον
2698 4218 2806 4288 ἔχει
2848 4223 2944 4289 τῆς
2981 4220 3105 4289 γῆς.
3150 4222 3257 4274 Καὶ
3303 4224 3332 4273 6
3363 4221 3495 4286 Θεὸς

1916 4302 2086 4368 Λόγος
2106 4297 2194 4371 ἦν,
2225 4302 2319 4353 καὶ
2340 4304 2367 4371 ή
2390 4304 2457 4371 γῆ
2482 4297 2549 4371 ἦν
2565 4319 2579 4333 ·
2603 4301 2717 4355 ἀλλ’
2740 4304 2857 4355 ἐκεῖ
2875 4314 2895 4341 ε
2933 4304 3030 4373 μὲν
3051 4306 3108 4356 ἐν
3132 4306 3270 4375 ἀρχῇ
3299 4301 3386 4375 ἦν,
3419 4306 3493 4377 μὴ

1916 4383 2221 4453 γενόμενος,
2248 4383 2333 4436 ἀεὶ
2371 4384 2445 4435 ῶν
2468 4401 2481 4416 ·
2508 4386 2541 4453 ή
2571 4384 2627 4436 δὲ
2644 4384 2714 4454 γῆ
2740 4385 3004 4455 γενομένη
3025 4382 3112 4455 ἦν.
3146 4388 3217 4439 Οὐ
3247 4387 3354 4457 γὰρ
3374 4382 3494 4440 εἷπε

1916 4467 2129 4535 πρῶτον
2152 4468 2179 4518 6
2194 4465 2504 4536 νομοθέτης,
2535 4468 2593 4522 Ἠ
2614 4467 2681 4519 δὲ
2702 4467 2779 4534 γῆ
2794 4463 2893 4535 ἦν,
2917 4468 3017 4531 ἕως
3034 4470 3121 4521 ὅτε
3142 4467 3291 4523 εἶπεν
3306 4512 3319 4534 ,
3342 4468 3493 4540 [459]

1927 4550 2028 4601 Ἐν
2058 4548 2217 4617 ἀρχῇ
2248 4550 2533 4614 ἐποίησεν
2572 4553 2603 4601 ό
2639 4549 2780 4613 Θεός
2824 4551 2929 4602 τὸν
2960 4551 3221 4618 οὐρανὸν
3250 4551 3348 4604 καὶ
3381 4552 3496 4620 τὴν

1914 4632 2058 4700 γῆν·
2104 4632 2317 4701 πρῶτον
2361 4632 2439 4691 τὸ,
2492 4633 2809 4699 Ἐποίησε,
2840 4635 2932 4685 καὶ
2958 4635 3076 4687 τότε
3105 4635 3197 4698 16,
3232 4630 3363 4689 'Hr.
3396 4636 3492 4689 Οτ-

1912 4714 2079 4783 δαμεν
2111 4711 2202 4765 οὖν
2222 4755 2234 4778 ,
2267 4713 2505 4781 ἀδελφοὶ,
2544 4717 2625 4767 ὅτι
2658 4715 2728 4767 τὰ
2773 4715 2944 4768 λεπτὰ
2998 4716 3169 4769 ταῦτα
3204 4717 3494 4788 ζητήματα

1913 4796 2145 4866 δυσχερῆ
2180 4796 2426 4864 φαίνεται
2464 4798 2583 4860 ταῖς
2621 4798 2729 4849 τῶν
2761 4797 2969 4850 πολλῶν
3007 4798 3289 4862 διανοίαις.
3334 4799 3493 4853 Ἀλλά

1913 4878 1993 4930 δεῖ
2019 4880 2075 4929 ὲν
2101 4878 2281 4946 ἡμέρᾳ
2308 4879 2556 4947 νηστείας
2579 4880 2874 4949 νηφούσαις
2908 4880 3105 4949 μᾶλλον
3149 4882 3267 4942 ταῖς
3293 4880 3491 4949 ψυχαῖς

1915 4960 2041 5029 περὶ
2071 4959 2178 5012 τῶν
2213 4959 2526 5032 βαθυτέρων
2558 4963 2841 5033 νοημάτων
2877 4961 3239 5028 διαλέγεσθαι.
3269 4963 3369 5015 Ἐν
3395 4962 3493 5029 ἀρ-

1915 5041 1993 5109 χή
2025 5038 2121 5110 ἦν’
2155 5043 2272 5107 καὶ,
2316 5043 2417 5095 Ἐν
2441 5044 2596 5111 ἀρχῇ
2620 5046 2886 5110 ἐποίησε·
2923 5043 3009 5095 διὰ
3042 5044 3198 5095 τοῦτο
3223 5043 3283 5096 16
3306 5044 3492 5115 προοί-

1917 5141 2039 5193 μιον
2064 5124 2175 5177 ἴσον
2200 5121 2351 5177 εἷπον
2372 5125 2419 5187 ἀ,
2452 5128 2545 5178 Ἑν
2563 5125 2740 5194 ἀρχῇ,
2765 5128 2856 5179 καὶ
2882 5127 2977 5179 Ἐν
3001 5125 3178 5195 ἀρχῇ,
3203 5128 3288 5180 ἵνα
3304 5126 3488 5197 δειχθῇ

1980 5280 2006 5308 ⁸
2032 5280 2111 5328 Sic
2128 5279 2405 5330 Valiranus.
2438 5281 2486 5327 In
2528 5280 2676 5328 Savil.
2702 5280 2835 5327 εἶπαν
2862 5280 3026 5340 deest,
3048 5283 3176 5341 quod
3200 5281 3281 5329 hic
3326 5286 3486 5329 tamen

1916 5341 2244 5405 gecegafium
2263 5379 2275 5400 ,
2327 5348 2379 5388 ut
2418 5344 2520 5402 ipse
2550 5341 2884 5405 gubpdoralus
2914 5351 3005 5389 est.
3030 5404 3035 5405 γ
3059 5342 3177 5405 [Infra
3216 5356 3301 5405 prp
3341 5344 3491 5405 ὀρέων

1915 5399 2169 5475 (ῖοῐηὺεθε.
2212 5405 2333 5476 legi}
2352 5399 2516 5476 ἀέρων.
2549 5402 2610 5476 Eg
2634 5402 2821 5450 dnubus
2849 5409 2963 5451 ante
2983 5404 3035 5463 γ’
3060 5399 3381 5451 ΙίηεὶεῚόεηί
3400 5416 3490 5465 pro

1922 5465 2218 5569 μνέιῗονώσῃ
2242 5465 2385 5539 ίιαὺοι
2416 5465 2713 5535 ἑρμηνεύσῃ.
2837 5526 2846 5535 ⁸

2056 5525 2155 5571 llud
2182 5527 2331 5580 éEamc
2353 5526 2496 5571 deest
2532 5536 2580 5571 In
2606 5525 2814 5572 navum
2835 5538 2883 5573 In
2908 5524 3159 5574 Comhens.
3184 5523 3286 5572 Sed
3314 5523 3361 5571 in
3396 5523 3489 5575 Va-

1919 5588 2089 5647 licanq
2122 5585 2304 5647 legitur
2345 5593 2506 5647 recte;
2554 5598 2662 5633 nam
2686 5586 2743 5644 ἦν
2786 5588 2952 5633 sexies
2994 5585 3042 5633 in
3077 5586 3247 5646 primi.
3276 5590 3489 5646 quatuor

1917 5644 2117 5695 Joannis
2138 5644 2355 5695 versibus
2386 5644 2588 5707 legitur.

1977 5708 2002 5737 ‘
2030 5706 2284 5755 Combeﬁs.
2310 5706 2496 5762 ἐκεῖνος.

1982 5768 2006 5807 ἀ
2034 5768 2187 5819 Valic.
2213 5770 2316 5817 ἶσον
2341 5769 2499 5817 εἰπεῖν.
2525 5768 2677 5819 Savil.
2699 5769 2805 5817 ἴσον
2818 5767 3247 5830 εἶπον,ῐηθὶὶιι8,υι
3269 5768 3465 5817 videtur
