4158 6320
690 487 789 561 μία
824 486 947 560 ῥίζα
989 486 1085 558 τῆς
1118 482 1419 549 εὑσεϐεεας,
1452 487 1484 554 ἡ
1522 484 1773 539 κάκεῖνον
1796 484 2129 539 παιδεύσασα
2170 484 2262 537 τὸν

686 573 1003 645 νομοθέτην,
1037 573 1131 624 καὶ
1164 571 1351 624 τοῦτον
1375 570 1657 640 φωτίσασα
1684 572 1774 624 τὸν
1799 572 2068 639 θεολόγον.
2101 570 2273 624 Ἀδελο

686 664 786 729 ῳαὶ
830 660 937 730 γάρ
966 661 1021 711 αἱ
1049 656 1140 710 δύο
1176 658 1461 728 Διαθῆκαι,
1492 658 1552 723 ἐξ
1594 659 1710 723 ἐνὸς
1742 660 1953 729 Πατρὸς
1992 660 2227 712 τεθεῖσαι
2254 674 2268 690 ο

683 746 774 800 διὰ
806 745 964 798 τοῦτο
989 746 1084 798 καὶ
1112 743 1415 814 συμφώνως
1446 745 1535 798 τὸν
1563 745 1719 813 λόγον
1748 746 2081 817 προφέρουσι
2108 761 2121 773 ’
2150 762 2273 815 σχε-

683 834 774 887 δὸν
796 834 905 905 γὰρ
935 836 968 905 ἡ
1002 833 1137 904 αὑτὴ
1164 833 1328 887 εἰκὼν
1368 834 1460 888 καὶ
1481 835 1734 904 ὁμοιότης
1752 836 2003 905 ὑπάρχει.
2033 834 2143 888 Καὶ
2164 833 2268 887 ὤσε-

683 938 792 992 περ
812 924 868 975 ἐν
895 921 1149 990 ἀδελφαῖς
1177 921 1235 986 ἐξ
1260 922 1376 984 ένὸς
1403 922 1605 992 πατρὸς
1628 922 2066 991 γεγεννημέναις,
2102 924 2271 992 πρόσ-

682 1024 801 1062 εστι
842 1011 942 1079 τῆς
972 1008 1287 1079 ὁμοιότητος
1331 1008 1400 1061 τὰ
1450 1008 1734 1078 ἰδιώματα,
1767 1007 1939 1073 οὕτως
1996 1009 2180 1079 ἐπειδὴ
2214 1005 2271 1063 αἱ

681 1095 778 1149 δύο
820 1094 1087 1165 Διαθῆκαι
1129 1094 1187 1161 ἐξ
1232 1095 1350 1158 ἐνὸς
1390 1095 1602 1164 Πατρὸς
1645 1095 2036 1166 ἐγεννήθησαν,
2068 1096 2270 1168 πολλὴν

685 1182 870 1253 έχουσι
890 1180 987 1253 τὴν
1008 1182 1324 1252 ἐμφέρειαν.
1364 1182 1580 1251 Ἀμέλει
1610 1184 1705 1236 καὶ
1731 1184 1789 1234 ἐν
1810 1185 1876 1253 τῇ
1905 1182 2121 1253 Παλαιᾷ
2146 1186 2269 1236 Δια-

682 1270 824 1343 θὴκῃ
848 1273 1169 1341 προηγεῖται
1208 1270 1401 1341 νόμος,
1430 1270 1522 1322 καὶ
1559 1270 1913 1324 ἀκολουθοῦσι
1956 1272 2266 1343 προφῆται,

678 1359 774 1411 καὶ
804 1360 862 1411 ἐν
880 1358 944 1428 τῇ
980 1358 1076 1428 νέα
1105 1358 1286 1427 χάριτι
1326 1361 1647 1429 προηγεῖται
1676 1357 1736 1409 τὸ
1770 1358 2100 1426 Εὑαγγέλιον
2119 1397 2133 1423 ,
2173 1358 2270 1412 καὶ

678 1443 1064 1499 ἀκολουθοῦσιν
1080 1444 1384 1496 ἀπόστολοι.
1435 1445 1581 1497 Ἐκεῖ
1605 1444 1810 1497 δώδεκα
1830 1444 2124 1515 προφῆται,
2147 1445 2272 1498 ἕκα-

679 1547 803 1593 στος
827 1542 852 1571 ι
886 1529 995 1583 τῶν
1021 1528 1255 1583 δώδεκα·
1286 1529 1493 1583 δώδεκα
1513 1531 1562 1582 οἱ
1593 1531 1720 1599 περὶ
1758 1529 1917 1600 Ὠσηέ
1939 1546 1953 1560 ο
1984 1531 2266 1601 τέσσαρες,

688 1616 936 1680 Ἡσαΐας,
985 1615 1271 1688 Ἱερεμίας,
1316 1617 1614 1687 Ἰεζεκιὴλ,
1651 1616 1868 1687 Δανιὴλ.
1914 1617 2002 1670 Ἐν
2040 1620 2105 1688 τῇ
2152 1618 2269 1688 Νέᾳ

675 1707 883 1762 δώδεκα
914 1710 1219 1774 ἀπόστολοι,
1252 1711 1346 1763 καὶ
1376 1710 1641 1779 τέσσαρες
1673 1709 2076 1778 εὑαγγελισταῖ.
2123 1710 2270 1762 Ἐκεῖ

675 1793 840 1846 πάλιν
866 1793 1055 1865 πρώτη
1079 1795 1267 1865 κλῆσις
1290 1795 1425 1848 Θεοῦ
1446 1796 1554 1850 ἀπὸ
1578 1795 1820 1863 ἀδελφῶν
1844 1795 2047 1866 ἡρξατο
2066 1811 2080 1825 °
2106 1794 2266 1849 ἔλαϐε

674 1879 783 1953 γὰρ
810 1880 903 1932 τὸν
932 1880 1175 1950 Μωῦσῆν
1209 1882 1303 1934 καὶ
1339 1883 1429 1934 τὸν
1474 1882 1685 1954 Ἀαρὼν
1711 1882 1959 1953 πρώτους
1989 1884 2265 1954 κήρυκαςο

672 1968 769 2020 καὶ
799 1967 856 2019 ἐν
874 1967 952 2037 τῷ
983 1968 1299 2038 Εὑαγγελίῳ
1327 1968 1551 2040 πρώτην
1576 1968 1769 2039 κλῆσιν
1801 1971 2035 2023 ποιεῖται
2057 1968 2264 2039 Πέτρου

672 2054 768 2107 καὶ
803 2055 1073 2125 Ἀνδρέου.
1115 2057 1292 2109 Κάκεῖ
1328 2058 1427 2125 μὲν
1461 2057 1608 2127 ἀπλῆ
1645 2057 1823 2125 χάρις,
1858 2050 1959 2112 ὦδε
1992 2059 2049 2110 δὲ
2079 2057 2266 2113 διπλά-

673 2159 808 2199 σιον.
848 2145 993 2197 Ἐκεί
1038 2146 1145 2217 γάρ
1183 2146 1273 2198 δύο
1306 2146 1522 2214 ἀδελφοὶ
1554 2145 1862 2216 ἐκλήθησαν
1894 2148 2136 2217 Μωῡσῆς
2169 2150 2263 2201 καὶ

684 2229 926 2301 ’Δαρών⁸
957 2232 1190 2285 ἐνταῦθα
1210 2234 1267 2285 δὲ
1296 2233 1455 2303 διπλῆ
1485 2232 1615 2296 δυὰς
1641 2233 1908 2303 ἀδελφῶν,
1942 2234 2147 2306 Πέτρος
2170 2237 2263 2289 καὶ

684 2316 957 2387 Ἀνδρέας,
998 2318 1251 2381 Ἰάκωϐος
1276 2320 1367 2372 καὶ
1405 2320 1676 2389 Ἰωάννης.
1718 2320 1932 2392 Ἐπειδὴ
1953 2322 2215 2393 ἠθέλησεν
2234 2324 2262 2375 6

670 2404 862 2476 Σωτὴρ
897 2406 995 2474 τὴν
1026 2407 1165 2459 κατά
1191 2406 1251 2459 τὸ
1282 2406 1435 2474 ἅγιον
1463 2406 1686 2478 Πνεῦμα
1708 2409 1930 2479 ἀγάπην
1953 2411 2262 2464 ἐντυπῶσαι

670 2490 823 2560 ἡμῖν,
859 2494 951 2543 καὶ
980 2492 1238 2561 ἀδελφοὺς
1273 2494 1497 2564 ποιῆσαι
1524 2498 1592 2566 τῇ
1624 2494 1862 2549 διαθέσει
1885 2497 2079 2569 καὶτῷ
2101 2498 2262 2551 πνεύ-

672 2594 838 2648 ματι,
872 2578 1028 2631 ἔλαϐε
1066 2580 1313 2650 θεμέλιον
1348 2580 1446 2651 τὴν
1481 2582 1675 2649 φύσιν,
1720 2584 1812 2636 καὶ
1850 2583 2161 2655 προσέπηξε
2192 2584 2262 2639 τά

667 2666 767 2736 τῆς
796 2665 1009 2733 φύσεως
1045 2669 1346 2739 σπλάγχνα,
1380 2670 1475 2723 καὶ
1510 2674 1565 2724 ἐν
1592 2672 1775 2743 ἐκείνῃ
1802 2674 2146 2744 ἐποικοδομεῖ
2169 2674 2260 2727 τὸν

668 2752 919 2823 θεμέλιον
947 2755 1046 2824 τῆς
1092 2757 1435 2826 Ἐκκλησίας.
1468 2759 1687 2829 Πρῶτον
1710 2761 1933 2829 σημεῖον
1961 2761 2017 2812 ἐν
2048 2764 2112 2831 τῇ
2144 2762 2259 2814 Πα-

666 2840 794 2911 λαιᾷ
829 2842 857 2893 6
906 2843 1151 2912 ποταμὸς
1192 2845 1272 2905 εἰς
1320 2841 1459 2914 αἷμα
1506 2846 2005 2917 μεταϐαλλόμενος·
2043 2848 2258 2918 πρῶτον

670 2931 894 2998 σημεῖον
917 2931 972 2981 ἐν
1000 2932 1067 2999 τῇ
1091 2931 1261 2999 Καινῇ
1288 2932 1347 2983 τὸ
1377 2931 1517 3002 ὔδωρ
1546 2934 1624 2995 εἰς
1653 2930 1816 2987 οἶνον.
1854 2935 1991 2987 Ἀλλ’
2020 2936 2121 2988 οὑκ
2142 2936 2256 2990 ἔστι

666 3014 761 3069 τοῦ
788 3015 1051 3083 παρόντος
1081 3017 1272 3088 καιροῦ
1307 3019 1486 3071 πᾶσαν
1511 3022 1683 3073 εἰπεῖν
1721 3022 1917 3092 ἐφεξῆς
1953 3023 2051 3092 τὴν
2078 3024 2254 3091 ὁμοιό-

665 3119 833 3173 τητα·
866 3104 944 3167 εἰς
970 3103 1027 3155 δὲ
1053 3103 1113 3156 τὸ
1142 3106 1501 3176 προκείμενον
1534 3108 1939 3178 ἐπανέλθωμεν.
1976 3111 2078 3164 Ἐν
2098 3110 2255 3179 ἀρχῇ

665 3190 956 3259 ἐποίησεν
985 3195 1017 3245 ό
1047 3193 1190 3259 Θεὸς
1221 3195 1324 3248 τόν
1352 3196 1612 3262 οὐρανὸν
1638 3198 1735 3250 καὶ
1770 3198 1883 3263 τὴν
1908 3198 2042 3268 γῆν.
2081 3200 2167 3251 Ἐν
2197 3200 2257 3264 ἒξ

664 3279 904 3349 ἡμέραις
951 3281 1205 3350 ἐποίησεν
1240 3284 1267 3334 ό
1312 3281 1440 3345 Θεὸς
1469 3283 1538 3336 τὰ
1565 3285 1758 3337 πάντα.
1818 3286 1956 3338 Ἀλλ’
1989 3288 2020 3357 ἡ
2062 3286 2253 3357 πρώτη

665 3368 848 3437 ἡμέρα
880 3367 1126 3439 διαφέρει
1154 3369 1261 3421 τῶν
1304 3370 1475 3423 ἄλλων
1512 3372 1618 3423 τῶν
1656 3373 1775 3441 μετ’
1809 3374 1995 3439 αὑτήν.
2044 3374 2120 3444 Τῇ
2153 3374 2253 3443 μὲν

663 3455 773 3524 γάρ
797 3455 986 3526 πρώτῃ
1015 3457 1200 3527 ἡμέρᾳ
1232 3459 1487 3529 ἐποίησεν
1514 3461 1542 3511 6
1575 3461 1707 3523 Θεὸς
1724 3463 1787 3513 ἐκ
1819 3461 1894 3533 μὴ
1922 3462 2091 3516 ὄντων
2109 3479 2121 3493 ·
2145 3463 2254 3516 ἀπὸ

662 3541 719 3593 δὲ
750 3542 846 3611 τῆς
870 3542 1125 3613 δευτέρας
1156 3547 1368 3614 ἡμέρας
1401 3547 1553 3598 οὐδὲν
1585 3550 1839 3618 ἐποίησεν
1870 3550 1896 3600 6
1917 3550 2051 3613 Θεὸς
2079 3552 2142 3603 ἐκ
2176 3549 2250 3620 μὴ

662 3627 852 3690 ὄντων,
878 3629 991 3681 ἀλλ’
1016 3623 1090 3681 ὧν
1121 3631 1343 3700 ἐποίησε
1374 3634 1439 3701 τῇ
1479 3632 1667 3703 πρώτῃ
1698 3635 1878 3705 ἡμέρα
1900 3677 1913 3701 ,
1956 3636 2249 3705 μετέϐαλεν

660 3715 737 3778 ώς
769 3715 1021 3786 ἠθέλησε.
1071 3718 1142 3770 Σὺ
1190 3718 1246 3769 δέ
1284 3720 1310 3769 6
1348 3719 1683 3789 σκεψάμενος
1717 3721 1810 3773 καὶ
1855 3723 2171 3792 ἐρευνήσας,
2201 3725 2249 3776 εῖ

665 3803 764 3872 μὲν
790 3803 1065 3873 εὑρίσκεις
1096 3804 1382 3875 ἀλήθειαν,
1430 3805 1793 3877 συμφώνησον
1816 3826 1831 3841 ·
1862 3811 1910 3861 εἱ
1938 3810 1994 3863 δὲ
2015 3811 2112 3880 οὑχ
2156 3811 2248 3863 εὑ-

664 3889 873 3961 ρίσκεις
907 3891 1184 3961 ἀλὴθειαν,
1225 3894 1542 3963 κατηγόρει,
1588 3896 1680 3946 καὶ
1709 3896 1933 3965 δέχομαι
1968 3896 2065 3969 τὴν
2113 3916 2248 3951 κατ-

661 3977 890 4046 ηγορίαν
912 3995 924 4008 ·
960 3979 1112 4048 φέρει
1138 3978 1247 4049 γάρ
1278 3996 1366 4050 μοι
1392 3980 1588 4051 πολλὴν
1615 3982 1931 4050 ἀπολογίαν.

734 4062 796 4117 δ’.
838 4063 916 4133 Τῇ
956 4063 1051 4132 μὲν
1084 4060 1177 4117 οὖν
1212 4065 1402 4136 πρώτῃ
1433 4068 1614 4139 ἡμέρᾳ
1644 4069 1897 4139 ἐποίησεν
1929 4071 1956 4123 6
1988 4070 2119 4135 Θεὸς
2148 4071 2246 4136 τὰς

664 4150 795 4215 ῦλας
841 4152 949 4203 τῶν
997 4154 1342 4223 κτισμάτων·
1387 4159 1507 4219 ταῖς
1544 4157 1601 4209 δὲ
1632 4158 1820 4221 ἄλλαις
1863 4160 2097 4230 ἡμέραις
2146 4160 2243 4231 τὴν

661 4238 943 4307 μόρφωσιν
974 4240 1067 4291 καὶ
1098 4238 1194 4309 τὴν
1220 4240 1577 4311 διακόσμησιν
1600 4244 1708 4297 τῶν
1735 4246 2070 4315 κτισμάτων.
2118 4241 2243 4300 Οἷόν

655 4341 708 4377 τι
734 4324 875 4393 λέγω
898 4340 911 4353 ⁸
960 4326 1210 4396 Ἐποίησε
1242 4328 1331 4381 τὸν
1365 4329 1589 4400 οὑρανὸν
1629 4332 1702 4399 μὴ
1741 4332 1891 4393 δντα,
1924 4334 1984 4386 οὑ
2018 4332 2237 4397 τοῦτον,

655 4413 792 4467 ἀλλά
824 4414 913 4466 τὸν
961 4412 1245 4485 ὑπεράνω*
1294 4410 1447 4479 οῦτος
1489 4417 1597 4488 γάρ
1626 4420 1692 4488 τῇ
1726 4418 1957 4489 δευτέρᾳ
1999 4420 2233 4487 ἐγένετο.

656 4499 809 4573 [440]
845 4500 1123 4571 Ἐποίησεν
1150 4504 1178 4555 6
1206 4502 1337 4565 Θεὸς
1367 4502 1457 4555 τὸν
1483 4505 1706 4576 οὐρανὸν
1727 4506 1817 4558 τὸν
1846 4506 1953 4559 ἄνω
1972 4545 1986 4569 ,
2019 4508 2146 4577 περὶ
2176 4501 2236 4561 οῦ

655 4590 749 4641 καὶ
780 4591 807 4641 6
826 4587 987 4641 Δαυῒδ
1016 4589 1162 4657 λέγει
1187 4606 1200 4620 ·
1240 4590 1292 4642 Ὀ
1319 4592 1573 4659 οὐρανὸς
1601 4592 1707 4645 τοῦ
1734 4592 1991 4660 οὐρανοῦ
2019 4593 2098 4659 τῷ
2122 4598 2236 4648 Κυ-

648 4675 780 4741 ρίῳ.
845 4675 1122 4745 ’Υπερῷον
1166 4676 1222 4728 δέ
1264 4678 1378 4731 ἐστι
1410 4677 1585 4731 τοῦτο.
1622 4681 1729 4732 Καὶ
1780 4680 1969 4752 ὥσπερ
2001 4682 2059 4734 ὲν
2099 4683 2235 4753 οῖκῳ

651 4759 907 4830 διωρόφῳ
940 4761 1225 4830 μεσολαϐεῖ
1247 4764 1411 4834 στέγη
1439 4765 1577 4835 μέση
1594 4766 1619 4805 ι’
1641 4807 1655 4832 ,
1686 4766 1858 4829 οὑτως
1881 4768 1955 4831 ώς
1975 4767 2070 4821 ἕνα
2087 4764 2233 4822 οἷκον

654 4849 843 4910 κτίσας
871 4850 900 4901 6
930 4849 1131 4919 Κύριος
1171 4850 1261 4903 τὸν
1293 4853 1527 4921 κόσμον,
1560 4855 1730 4925 μέσην
1764 4855 1958 4925 στέγην
1996 4856 2230 4927 ἐπέθηκε

650 4935 742 4986 τὸν
772 4934 998 5003 οὑρανὸν
1030 4938 1237 4999 τοῦτον,
1261 4940 1353 4990 καὶ
1377 4940 1629 5008 ὑπεράνω
1652 4940 1718 4993 τά
1752 4940 1939 4997 ῦδατα,
1958 4942 2057 4995 Διὰ
2073 4942 2230 4995 τοῦτο

650 5021 795 5088 λέγει
819 5021 1007 5073 Δαυῖδ⁹
1036 5024 1098 5074 Ὀ
1121 5024 1415 5092 στενάζων
1440 5026 1617 5079 ὕδασι
1648 5028 1721 5079 τὰ
1758 5028 1996 5096 ὑπερῷα
2019 5029 2225 5083 αὐτοῦ.

661 5108 943 5177 Ἐποίησεν
962 5105 1055 5161 οῦν
1082 5110 1171 5161 τὸν
1192 5112 1416 5181 οὐρανὸν
1443 5114 1513 5183 μὴ
1533 5114 1679 5177 ὅντα,
1698 5115 1797 5184 τὴν
1820 5116 1922 5185 γῆν
1948 5117 2023 5186 μὴ
2040 5112 2224 5181 οὖσαν,

651 5196 746 5259 τὰς
776 5194 1043 5256 ἀϐύσσους
1076 5196 1149 5265 μὴ
1186 5196 1368 5261 οὑσας,
1397 5200 1649 5269 ἀνέμους,
1680 5200 1864 5272 ἀέρας,
1899 5201 2027 5274 πῦρ,
2061 5203 2222 5273 ὕδωρ.

650 5285 873 5338 Πάντων
908 5282 1014 5335 τῶν
1051 5284 1354 5353 γενομένων
1397 5288 1495 5356 τὴν
1540 5287 1671 5358 ὓλην
1699 5292 1763 5360 τῇ
1796 5290 1983 5361 πρώτῃ
2042 5291 2225 5362 ἡμέρᾳ

649 5372 923 5441 ἐποίησεν.
961 5371 1119 5423 Ἀλλὰ
1151 5372 1367 5434 πάντως
1401 5375 1515 5442 ἐρεῖ
1539 5391 1651 5438 τις,
1674 5375 1983 5445 Γέγραπται
2020 5377 2117 5447 μὲν
2143 5378 2224 5430 ὅτι

648 5460 870 5530 ἐποεησε
902 5460 991 5513 τὸν
1021 5460 1245 5530 οὑρανὸν
1274 5462 1367 5512 καὶ
1394 5462 1490 5531 τὴν
1516 5461 1637 5530 γῆν,
1678 5464 1805 5535 περὶ
1833 5464 1887 5517 δὲ
1913 5464 2103 5528 ὓδατος
2133 5465 2223 5517 καὶ

710 5637 1002 5701 ξῖΕκαστος
1024 5636 1165 5701 deest
1195 5637 1241 5701 in
1268 5636 1437 5701 Saivil”
1465 5637 1804 5701 claudicalque
1828 5640 2094 5691 senlenlia.

706 5697 736 5739 δ
758 5698 955 5765 Cosmus
981 5700 1059 5765 και
1084 5700 1300 5761 ὑπεράνω
1322 5700 1369 5747 δέ
1395 5700 1494 5765 ἐστι
1517 5701 1703 5759 τούτου,
1725 5697 1807 5748 καὶ
1828 5704 1891 5757 ὡς
1912 5702 1958 5750 ἐν
1980 5705 2098 5765 οἴκῳ
2122 5705 2217 5752 διο-

644 5762 774 5825 ρόφῳ
803 5760 1133 5821 μισολαϐεῖται
1160 5768 1241 5818 τῆς
1264 5768 1347 5822 γῆς
1370 5764 1529 5823 μέσον.

2146 363 2514 425 SEVEIKIANI

3856 385 4006 441 434

2378 484 2550 555 πυρὸς
2573 483 2666 536 καὶ
2686 483 2844 553 ἀέρος
2868 482 2928 536 οὑ
2948 482 3279 554 γέγραπται.
3303 482 3527 555 Πρῶτον
3556 482 3653 553 μὲν
3674 477 3787 546 οῦν,
3817 482 4007 537 ἀδελ·

2373 572 2485 640 φοὶ,
2528 572 2623 640 ἀφ’
2661 565 2722 624 οῦ
2773 565 2895 623 εἷπε
2942 571 3035 623 τὸν
3080 571 3308 640 οὐρανὸν
3354 571 3448 623 καὶ
3473 570 3569 641 τὴν
3618 570 3721 641 γῆν
3740 571 4003 639 γεγενῆ-

2375 657 2520 722 σθαι,
2547 659 2610 711 ἐκ
2639 659 2742 710 τῶν
2760 657 3126 728 περιεχόντων
3143 660 3419 728 ἡρμήνευε
3436 667 3459 697 α
3484 658 3551 710 τά
3570 658 3998 728 περιεχόμενα.

2386 745 2472 809 Ὡς
2502 745 2611 814 γὰρ
2642 745 2731 798 ὅτε
2760 740 2936 809 εἶπεν,
2984 745 3309 810 Ἐποίησεν
3344 747 3377 797 ό
3415 744 3561 808 Θεὸς
3588 745 3695 797 τὸν
3734 744 4000 813 ἂνθρω-

2377 845 2510 898 πον,
2548 831 2702 901 χοῦν
2737 831 2941 886 λαϐὼν
2972 832 3092 887 ἀπὸ
3125 830 3234 899 τῆς
3262 830 3394 901 γῆς,
3436 827 3558 885 εἷπε
3591 831 3690 901 μὲν
3732 830 3798 884 τὸ
3830 832 4005 885 πλά-

2373 935 2505 988 σμα,
2529 919 2628 972 οὑκ
2645 919 2918 991 ἡρίθμησε
2941 919 2997 972 δὲ
3024 919 3092 972 τά
3119 919 3275 990 μέλη,
3304 919 3424 972 οὑδὲ
3453 913 3608 971 εἶπεν
3627 935 3639 947 °
3679 918 4002 987 Ἐποίησεν

2372 1009 2401 1060 6
2437 1007 2567 1071 Θεὸς
2598 1008 2928 1079 ὀφθαλμοὺς,
2972 1009 3067 1066 καλ⁵
3102 1002 3238 1070 ὦτα,
3275 1008 3370 1061 καὶ
3405 1010 3526 1081 ῥῖνα
3551 1022 3563 1035 ·
3601 1005 3735 1061 ἀλλά
3768 1008 3851 1077 τῷ
3898 1009 3997 1059 εῖ-

2373 1098 2495 1149 πεῖν
2526 1095 2617 1149 τὸν
2650 1096 2937 1166 ἄνθρωπον
2968 1095 3065 1149 ὅλα
3090 1095 3496 1167 συμπεριέλαϐε
3512 1095 3577 1148 τὰ
3610 1095 3762 1165 μέλη·
3791 1095 3999 1158 οὕτως

2372 1179 2687 1249 εἰπὼν,Τὸν
2706 1183 2968 1251 οὐρανὸν
2993 1183 3091 1236 καὶ
3131 1181 3245 1251 τὴν·
3274 1181 3392 1250 γῆν
3422 1184 3759 1249 ἐποίησενό
3794 1183 3995 1246 Θεὸς,

2374 1269 2777 1339 συμπεριέλαϐε
2814 1270 3014 1334 πάντα,
3043 1271 3137 1322 καὶ
3168 1272 3530 1338 συνεισήγαγε
3558 1270 3653 1322 καὶ
3680 1268 3741 1320 τὸ
3766 1268 3994 1331 σκότος

2372 1356 2464 1408 καὶ
2512 1356 2611 1419 τάς
2654 1356 2925 1420 ἀϐύσσους
2978 1358 3381 1427 γεγενημένας⁸
3434 1357 3659 1420 Σκότος
3700 1356 3811 1425 γὰρ
3862 1350 3992 1423 ἦν.

2372 1442 2562 1513 φησὶν,
2592 1443 2797 1497 ἐπάνω
2826 1442 2936 1511 τῆς
2962 1445 3260 1499 ἀϐύσσου.
3313 1444 3582 1506 Ἀϐυσσος
3630 1444 3686 1496 δέ
3715 1443 3994 1496 καλεῖται

2369 1531 2433 1584 τὸ
2462 1531 2666 1603 πλῆθος
2692 1532 2800 1585 τῶν
2828 1533 3055 1587 ὑδάτων.
3079 1535 3200 1587 ’Ὁτι
3230 1533 3287 1587 δὲ
3318 1534 3410 1586 καὶ
3431 1532 3656 1587 ἄϐυσσοι
3686 1531 3990 1599 ἐγένοντο.

2375 1622 2651 1690 μαρτυρεῖ
2682 1621 2716 1691 ἡ
2763 1620 2954 1691 Γραφὴ
2988 1620 3257 1688 λέγουσα*
3301 1620 3420 1687 Πρὸ
3453 1619 3562 1673 τοῦ
3604 1619 3711 1683 τὰς
3766 1618 3993 1671 d660-

2368 1722 2520 1773 σους
2544 1707 2814 1773 ποιῆσαι,
2839 1708 2952 1775 πρὸ
2982 1708 3085 1762 τοῦ
3103 1709 3216 1777 τὴν
3232 1706 3349 1777 γῆν
3368 1708 3664 1776 γενέσθαι.
3684 1706 3850 1758 Ὥστε
3868 1705 3992 1758 καὶ

2368 1794 2593 1848 ἄϐυσσοι
2618 1796 2883 1861 ἐγένοντο.
2905 1790 3035 1848 Εἶτα
3060 1795 3153 1847 καὶ
3172 1798 3200 1848 6
3221 1794 3330 1864 ἀὴρ
3352 1794 3481 1845 πότε
3506 1793 3738 1861 ἐγένετο,
3758 1792 3948 1845 ἄκουε
3966 1802 3988 1819 ⁸

2369 1882 2478 1935 Καὶ
2512 1882 2746 1951 πνεῦμα
2780 1883 2929 1936 Θεοῦ
2954 1882 3273 1951 ἐπεφέρετο
3314 1880 3516 1934 ἐπάνω
3553 1878 3671 1933 τῶν
3698 1878 3987 1934 ὑδάτων.

2369 1970 2597 2041 Πνεῦμα
2617 1970 2673 2023 δὲ
2695 1971 2755 2023 οὑ
2786 1972 2846 2023 τὸ
2878 1971 3033 2038 ἅγιον
3062 1971 3209 2038 λέγει
3248 1969 3481 2023 ἐνταῦθα
3501 1986 3513 1999 ·
3547 1968 3605 2021 οὑ
3629 1968 3734 2037 γὰρ
3756 1968 3828 2037 τῇ
3855 1966 3995 2018 κτε-

2370 2075 2451 2112 σει
2484 2059 2892 2130 συναριθμεῖται
2939 2059 2999 2112 τὸ
3044 2061 3300 2114 ἆκτιστον
3328 2075 3343 2089 ·
3380 2057 3515 2111 ἀλλά
3545 2054 3760 2125 πνεῦμα
3807 2053 3995 2107 καλεῖ

2367 2146 2463 2216 τὴν
2492 2146 2586 2199 τοῦ
2613 2146 2775 2215 ἀέρος
2806 2146 3043 2216 κίνησιν.
3084 2147 3194 2200 Καὶ
3229 2145 3419 2217 ὥσπερ
3452 2146 3510 2197 ἐν
3555 2144 3631 2211 τῷ
3672 2142 3833 2212 Ἠλίᾳ
3870 2140 3993 2209 γέ-

2365 2248 2608 2303 γραπται
2634 2234 2710 2304 τῷ
2731 2235 2981 2305 προφήτῃ
2999 2250 3011 2261 ·
3031 2233 3139 2287 Καὶ
3164 2235 3196 2287 ό
3219 2232 3478 2301 oi'parbc
3498 2230 3993 2285 συνεσκότασεν

2364 2320 2434 2372 ἐν
2454 2320 2679 2390 νεφέλη
2712 2319 2808 2373 καὶ
2837 2321 3130 2389 πνεύματι
3154 2334 3167 2349 ·
3194 2318 3337 2371 οὑτω
3360 2320 3451 2371 καὶ
3481 2317 3711 2370 ἐνταῦθα
3735 2316 3995 2387 πνεῦμα

2363 2406 2464 2477 τὴν
2493 2407 2587 2459 τοῦ
2628 2408 2793 2477 ἀέρος
2836 2407 2983 2476 λέγει
3024 2408 3206 2475 φύσιν.
3240 2405 3439 2459 Λοιπὸν
3480 2404 3723 2457 λείπεται
3753 2403 3984 2470 δεῖξαι,

2365 2495 2469 2550 ποῦ
2499 2496 2560 2549 τὸ
2585 2495 2696 2566 πῦρ
2732 2496 2971 2565 ἐγένετο.
3005 2492 3170 2549 Εἶπεν
3201 2497 3229 2547 6
3270 2494 3401 2557 Θεός
3421 2512 3434 2525 ·
3462 2492 3779 2561 Γενηθήτω
3809 2491 3987 2560 φῶς,

2365 2585 2458 2636 καὶ
2495 2585 2712 2653 ἐγένετο
2747 2588 2779 2655 ἡ
2822 2583 2916 2637 τοῦ
2942 2584 3109 2655 πυρὸς
3146 2582 3307 2653 φύσις
3332 2597 3344 2611 ’
3377 2582 3438 2635 οὑ
3463 2581 3573 2653 γὰρ
3610 2581 3767 2651 μόνον
3801 2579 3991 2634 τοῦτο

2362 2671 2423 2723 τὸ
2449 2671 2560 2742 πῦρ
2604 2672 2751 2725 ἐστιν
2775 2712 2790 2737 ,
2824 2670 2960 2724 ἀλλά
3004 2673 3096 2724 καὶ
3126 2672 3181 2723 αἱ
3223 2671 3335 2725 ἄνω
3378 2669 3636 2739 δυνάμεις
3672 2667 3786 2737 πῦρ
3828 2670 3987 2731 εἰσι,

2363 2759 2459 2813 καὶ
2489 2761 2749 2828 συγγενές
2775 2761 2891 2812 ἐστι
2917 2759 2978 2811 τὸ
2998 2760 3110 2812 ἀνω
3141 2758 3251 2827 πῦρ
3290 2758 3482 2811 τούτου
3512 2756 3604 2810 τοῦ
3636 2756 3768 2826 παρ’
3802 2759 3984 2826 ἡμῖν.

2360 2848 2583 2917 Ζητεῖτε
2630 2846 2725 2907 δὲ,
2762 2848 2842 2899 ὅτι
2884 2846 2947 2898 τὸ
2994 2846 3093 2915 μὲν
3143 2846 3467 2910 σϐέννυται,
3496 2846 3555 2899 τὸ
3599 2845 3654 2897 δὲ
3701 2844 3764 2897 οὑ
3804 2846 3989 2898 σϐέν-

2360 2952 2538 2991 νυται.
2601 2934 2756 2987 Ἐπεὶ
2814 2934 2908 2987 καὶ
2952 2935 3079 2997 τοὺς
3126 2934 3393 3002 ἀγγέλους
3435 2934 3690 3003 ἐποίησεν
3732 2935 3766 2985 6
3826 2933 3991 2997 Θεὸς

2362 3023 2670 3093 πνεύματα,
2697 3024 2790 3075 καὶ⁹
2825 3023 2923 3087 τάς
2948 3022 3127 3093 ψυχὰς
3158 3022 3317 3093 ἡμῶν
3351 3020 3658 3092 πνεύματα,
3691 3020 3833 3073 ἀλλά
3862 3038 3988 3085 τλς

2364 3110 2462 3181 μὲν
2499 3110 2677 3179 ψυχὰς
2710 3110 2867 3180 ἡμῶν
2895 3113 2952 3164 ἐν
2980 3110 3217 3179 σώμασι,
3244 3110 3369 3173 τοὺς
3393 3109 3448 3163 δὲ
3488 3109 3752 3176 ἀγγέλους
3794 3110 3987 3172 ἐκτὸς

2363 3198 2653 3267 σωμάτων.
2690 3198 2901 3267 Ὥσπερ
2938 3193 3031 3251 οὖν
3062 3199 3153 3249 ἐπὶ
3183 3197 3295 3250 τῶν
3321 3195 3512 3265 ψυχῶν
3543 3197 3637 3248 καὶ
3665 3195 3775 3248 τῶν
3799 3198 3989 3263 ἀγγέ-

2359 3284 2489 3348 λων,
2521 3282 2665 3336 οῦτω
2693 3285 2785 3337 καὶ
2807 3285 2899 3336 ἐπὶ
2936 3284 3029 3337 τοῦ
3064 3284 3235 3354 πυρὸς
3284 3283 3431 3336 ἔστιν
3467 3284 3613 3336 ἰδεῖν.
3651 3282 3721 3334 Τὸ
3751 3284 3870 3353 πῦρ
3910 3285 3989 3337 τὸ

2359 3372 2473 3426 ἄνω
2494 3372 2624 3425 ἄνευ
2660 3371 2816 3441 ῦλης,
2844 3372 2908 3425 τὸ
2933 3373 3044 3444 πῦρ
3070 3375 3131 3427 τὸ
3174 3374 3326 3427 κάτω
3359 3371 3499 3444 μετά
3532 3371 3698 3441 ὕλης·
3734 3371 3797 3423 τὸ
3842 3374 3985 3447 γὰρ

2358 3460 2469 3514 ἄνω
2503 3459 2614 3529 πῦρ
2645 3460 2905 3529 συγγενὲς
2947 3461 3153 3513 τούτων
3187 3462 3355 3523 ἐστὶν,
3386 3460 3574 3530 ὥσπερ
3603 3459 3696 3511 καὶ
3726 3460 3761 3528 ἡ
3797 3459 3983 3532 ψυχὴ

2357 3549 2514 3619 ἡμῶν
2558 3552 2827 3619 συγγενὴς
2860 3550 3108 3618 ἀγγέλων
3131 3568 3143 3581 ·
3180 3550 3314 3602 καθὸ
3361 3552 3603 3604 κάκεῖνοι
3632 3550 3981 3619 πνεύματα,

2355 3642 2447 3694 καὶ
2472 3638 2630 3696 αὗται
2658 3643 2966 3712 πνεύματα,
2991 3643 3066 3706 ώς
3095 3645 3187 3696 καὶ
3220 3645 3270 3696 οἱ
3302 3648 3447 3715 τρεῖς
3478 3644 3663 3707 παῖδες
3687 3643 3936 3711 λέγουσι
3962 3662 3981 3676 ’

2354 3736 2693 3803 Εὐλογεῖτε,
2723 3738 3034 3805 πνεύματα
3060 3737 3157 3789 καὶ
3187 3738 3379 3806 ψυχαὶ
3418 3736 3690 3791 δικαίων·
3727 3740 3822 3790 καὶ
3845 3738 3986 3793 πά-

2353 3827 2469 3879 λιν·
2519 3829 2573 3880 '0
2620 3828 2807 3882 ποιῶν
2844 3829 2988 3895 τοὺς
3034 3830 3328 3899 ἀγγέλους
3372 3830 3559 3885 αὑτοῦ
3608 3832 3978 3898 πνεύματα.

2352 3919 2491 3973 Οὔτε
2519 3915 2612 3973 οὖν
2639 3919 2783 3990 ψυχὴ
2811 3922 2939 3975 ἀνευ
2964 3921 3214 3989 σώματος
3237 3923 3506 3991 φαίνεται,
3530 3921 3651 3975 οὔτε
3678 3922 3792 3993 πῦρ
3811 3924 3981 3981 ἄνευ

2354 4012 2671 4076 στυππεῖον,
2704 4013 2734 4082 ἢ
2769 4012 3116 4083 κληματιδος,
3150 4013 3182 4084 ἢ
3214 4014 3407 4084 ἐτέρας
3437 4014 3568 4085 ὕλης
3601 4013 3745 4066 ἔστιν
3790 4015 3976 4076 ἰδεῖν.

2352 4105 2469 4158 ’Ὶνα
2494 4105 2550 4157 δὲ
2578 4104 2760 4175 δειχθῇ
2787 4106 2865 4157 ὅτι
2896 4105 2956 4158 τὸ
2984 4105 3095 4175 πῦρ
3123 4106 3279 4159 τοῦτο
3310 4107 3411 4159 οὑκ
3449 4106 3593 4159 ἔστιν
3636 4106 3976 4178 ἀλλότριον,

2350 4197 2384 4265 ἡ
2429 4196 2604 4259 κτίσις
2655 4196 2915 4249 διδάσκει.
2951 4196 3144 4249 Πολλοὶ
3194 4199 3302 4268 γάρ
3352 4198 3612 4261 πολλάκις
3644 4200 3796 4269 παρά
3849 4200 3976 4256 to;

2350 4287 2501 4357 ἡλίου
2528 4287 2859 4352 δανείζονται
2894 4288 3024 4357 πῦρ,
3057 4288 3150 4340 καὶ
3192 4287 3455 4340 ἅπτουσιν
3475 4305 3487 4319 ·
3525 4290 3572 4340 εἰ
3601 4289 3655 4340 δὲ
3679 4284 3747 4358 ἦν
3781 4290 3979 4347 ἀλλό-

2346 4396 2515 4449 τριον,
2543 4378 2659 4441 πῶς
2685 4378 2743 4430 τὸ
2764 4378 3043 4447 ἀλλότριον
3071 4378 3126 4443 ἐξ
3148 4377 3312 4431 αὑτοῦ
3336 4378 3694 4448 ὲλαμϐάνετος
3722 4382 3976 4452 Ἄλλως

2348 4468 2496 4540 [Mi]
2533 4468 2588 4521 δὲ
2616 4468 2787 4531 οὕτως
2817 4470 2873 4521 ἐν
2903 4468 2979 4539 τῷ
3007 4468 3219 4541 οὑρανῷ
3249 4469 3360 4537 πῦρ
3395 4472 3541 4524 ἐστιν
3573 4472 3731 4526 άῦλον
3766 4473 3969 4545 μέγα,

2344 4559 2419 4622 ώς
2452 4559 2545 4610 καὶ
2566 4559 2631 4609 ’ἐν
2650 4558 2728 4629 τῷ
2757 4559 2871 4630 ὗρει
2901 4560 3031 4629 Σινᾷ
3059 4560 3169 4630 πῦρ
3198 4560 3453 4630 φανῆναι,
3475 4562 3650 4633 ὅπερ(ι
3672 4563 3733 4616 οὑ
3759 4564 3972 4630 ξύλων

2344 4649 2739 4717 ὑποκειμένων,
2766 4648 2881 4702 ἀλλ’
2912 4650 2971 4715 ἐξ
3005 4649 3171 4703 αὑτοῦ
3207 4651 3298 4704 τοῦ
3330 4651 3495 4705 ἀῢλου
3527 4653 3695 4724 πυρὸς
3721 4655 3972 4727 ἢγαγεν

2341 4740 2370 4791 6
2404 4738 2534 4800 Θεὸς
2566 4743 2644 4803 εἰς
2673 4740 2830 4793 θέαν·
2860 4742 2956 4794 καὶ
2998 4742 3075 4805 ώς
3106 4742 3171 4796 ἂν
3206 4744 3348 4796 εἴποι
3383 4761 3467 4806 τις
3492 4740 3631 4797 εῖναι
3652 4744 3813 4799 τοῦτο
3854 4768 3971 4819 μι-

2342 4829 2473 4899 κρὸν
2507 4830 2567 4882 τὸ
2598 4831 2709 4902 πῦρ
2752 4831 2883 4901 παρ’
2923 4832 3099 4885 ἐκεῖνο
3144 4834 3204 4886 τὸ
3250 4835 3415 4904 μέγα,
3449 4834 3622 4899 οὕτως
3652 4832 3747 4890 οῦν
3781 4837 3967 4908 λέγει

2340 4922 2433 4973 καὶ
2479 4922 2754 4992 Μωῡσῆςο
2824 4923 2924 4987 Ἐξ
2986 4924 3245 4991 οἰιρανοῦ
3293 4926 3584 4992 ἐποίησεν
3633 4929 3665 4981 ό
3712 4930 3968 5001 Κύριος

2338 5012 2655 5078 ἀκουστὴν
2692 5012 2902 5080 φωνὴν
2943 5014 3151 5075 αὐτοῦ.
3188 5014 3285 5069 καὶ
3321 5015 3554 5081 ἔδειξεν
3597 5020 3630 5071 ὁ
3676 5019 3826 5084 Θεὸς
3876 5025 3961 5077 τὸ

2338 5103 2456 5170 πῦρ
2482 5104 2668 5157 αὑτοῦ
2691 5104 2754 5155 τό
2777 5103 2931 5171 μέγα
2950 5120 2963 5134 ο
3000 5105 3086 5157 ἴνα
3110 5105 3258 5179 δείξῃ
3300 5107 3457 5160 τοῦτο
3488 5108 3701 5179 μικρόν.
3737 5110 3962 5169 Πάντα

2336 5187 2428 5244 οὖν
2463 5190 2573 5262 πῦρ
2608 5194 2742 5254 ἐστι,
2781 5194 2874 5245 καὶ
2920 5195 3195 5265 ἀστραπὴ,
3237 5195 3329 5248 καὶ
3378 5198 3425 5249 οῖ
3477 5197 3722 5268 ἀστέρες,
3772 5203 3888 5254 καὶ
3924 5208 3960 5258 ὁ

2334 5283 2614 5352 ἧλιος,καὶ
2656 5285 2689 5353 ἡ
2736 5284 2952 5355 σελήνη,
2989 5288 3171 5340 καὶτὸ
3201 5290 3329 5358 παρ’
3354 5290 3487 5359 ἡμῖν
3511 5289 3622 5361 πῦρ
3658 5295 3959 5360 συγγενές

2335 5377 2469 5428 ἐστι.
2494 5375 2604 5428 Καὶ
2627 5375 2790 5444 βλέπε
2821 5377 2936 5440 πῶς
2964 5380 3284 5447 συγγένειαν
3310 5379 3421 5451 ἔχει
3446 5382 3478 5451 ἡ
3500 5380 3752 5451 ἀστραπὴ
3780 5390 3959 5454 πρὸς

2332 5462 2457 5525 τοὺς
2494 5463 2726 5534 ἀστέρας
2754 5464 2817 5516 ἐκ
2842 5463 2934 5517 τοῦ
2976 5466 3238 5537 ὀνόματος
3259 5484 3271 5498 ·
3304 5468 3556 5543 ἀστραπὴ
3594 5470 3683 5521 καὶ
3713 5468 3950 5542 ἄστρα,

2395 5642 2417 5715 ξ
2452 5639 2604 5689 Valic.
2630 5648 2681 5689 el
2704 5640 2904 5691 Cosmas
2946 5644 3231 5707 ἡρμήνευσε,
3256 5645 3365 5696 Sav.
3408 5645 3622 5708 indeque
3646 5643 3950 5707 (lambens.

2334 5703 2555 5765 ἐμήνυσε.
2984 5703 2992 5707 ’
3012 5703 3019 5707 ⁷

2396 5761 2423 5801 d
2442 5763 2597 5825 Ὅπερ
2621 5764 2836 5814 addilum
2860 5779 2888 5814 ρ
2913 5764 3063 5816 Savil.
