4110 6318
162 368 288 423 ⁴133

179 471 479 525 multorum
510 469 701 522 animis
742 468 991 522 molestas
1026 467 1211 522 videri.
1244 468 1435 523 Verum
1465 477 1674 536 Oportet
1703 468 1753 520 in

179 560 274 613 die
300 559 509 628 jojunii,
538 573 657 611 eum
685 558 1044 626 vigilantiores
1073 558 1263 610 anima:
1292 566 1435 619 sunt,
1466 557 1531 610 de
1558 557 1759 609 altiori-

178 652 288 705 bus
314 651 472 704 verba
503 649 696 703 facere.
738 648 806 702 1η
835 650 1081 718 principio
1122 660 1261 714 erat,
1293 658 1345 702 et
1365 689 1379 712 ,
1417 648 1479 700 In
1515 648 1759 716 principio

180 741 342 807 fecit;
385 740 503 793 ideo
544 738 818 792 exordium
850 752 945 806 par
972 752 1090 792 esse
1132 738 1261 802 dixi,
1296 736 1356 790 In
1386 736 1651 805 principio,
1681 743 1755 797 et,

181 829 251 883 In
305 830 595 899 principio;
632 837 689 882 ut
725 827 1147 891 demonstretur,
1192 842 1347 880 unam
1390 842 1510 880 esse
1552 825 1759 894 pietatis

177 919 443 981 radicem,
466 934 583 987 qua:
610 927 664 972 et
693 919 857 983 illum,
893 933 1082 987 nempe
1112 919 1487 985 legislatorem,
1515 918 1755 980 instituit,

177 1020 234 1064 et
284 1010 457 1075 hunc,
508 1010 807 1077 theologum
848 1009 1079 1073 scilicet,
1137 1009 1464 1062 illuminavit.
1500 1008 1757 1063 Gemiana

178 1102 384 1168 quippe
413 1108 533 1152 sunt
553 1098 658 1152 duo
688 1100 1044 1161 Testamenta,
1074 1114 1179 1150 uno
1201 1098 1356 1151 Patre
1379 1106 1493 1150 orta
1519 1114 1531 1149 :
1563 1096 1679 1151 ideo
1707 1097 1756 1149 in

178 1204 435 1242 sermone
477 1189 851 1241 consentiunt:
886 1187 995 1241 fere
1042 1189 1181 1241 enim
1221 1188 1402 1240 eadem
1434 1188 1635 1255 imago,
1664 1200 1757 1238 ea-

177 1278 309 1331 dem
344 1278 633 1331 similitudo
657 1286 753 1329 est.
788 1278 864 1329 Ac
890 1276 1331 1343 quemadmodum
1379 1277 1430 1329 in
1470 1274 1755 1344 germanis,

180 1385 292 1421 uno
324 1378 471 1436 patre
496 1368 623 1421 ortis
647 1409 660 1432 ,
702 1368 899 1421 similes
943 1376 1065 1421 sunt
1092 1371 1442 1437 proprietates
1472 1388 1485 1421 :
1517 1368 1593 1421 sic
1636 1369 1757 1436 quia

180 1461 293 1513 duo
325 1461 657 1514 Testamenta
689 1472 793 1512 uno
819 1458 972 1511 Patre
998 1469 1112 1511 orta
1143 1468 1284 1523 sunt,
1318 1459 1533 1512 multam
1564 1458 1760 1512 habent

180 1550 603 1603 similitudinem.
637 1544 776 1602 Sane
810 1557 863 1601 et
909 1548 960 1599 in
991 1547 1162 1600 Veteri
1194 1548 1532 1601 Testamento
1562 1561 1759 1615 praece-

182 1638 263 1690 dit
284 1637 385 1699 lex,
409 1644 464 1690 et
486 1645 777 1702 sequuntur
800 1635 1087 1703 prophetze,
1111 1644 1163 1689 et
1188 1636 1238 1689 in
1270 1650 1406 1689 nova
1434 1636 1597 1703 gratia
1626 1648 1760 1702 prte-

180 1728 330 1781 cedit
349 1724 713 1791 Evangeliutn,
738 1736 789 1779 et
824 1735 1113 1793 sequuntur
1142 1726 1385 1794 apostoli.
1421 1725 1530 1778 Illic
1556 1724 1757 1777 duode-

182 1818 290 1868 rim
326 1814 595 1883 propheta:
620 1856 634 1879 ,
658 1824 710 1867 et
747 1816 935 1883 singuli
974 1825 1095 1868 sunt
1120 1830 1183 1869 ex
1210 1831 1430 1869 numero
1472 1813 1753 1867 duodeno;

184 1906 470 1959 duodecim
498 1915 618 1957 sunt
643 1904 777 1958 Osee
804 1915 857 1958 et
890 1906 1077 1975 reliqui
1114 1926 1126 1960 :
1156 1915 1413 1974 quatuor,
1446 1905 1602 1958 Isaias
1626 1944 1639 1966 ,
1670 1903 1759 1957 Je-

181 1996 416 2060 remias,
452 1994 727 2056 Ezechiel,
756 1995 955 2048 Daniel.
987 1996 1039 2048 In
1080 1995 1227 2048 Novo
1259 1995 1594 2049 Testamento
1622 1994 1757 2047 duo-

181 2083 359 2135 decim
403 2083 661 2150 apostoli,
694 2093 747 2137 et
789 2095 1011 2151 quatuor
1052 2085 1405 2152 evangelista.
1440 2083 1548 2137 Illic
1577 2098 1757 2138 rursus

183 2174 359 2241 prima
403 2174 605 2226 voeatio
652 2174 741 2226 Dei
768 2189 796 2225 a
839 2173 1087 2228 fratribus
1129 2176 1291 2243 coepit
1334 2193 1347 2227 :
1393 2176 1593 2243 accepit
1618 2174 1755 2228 enim

183 2262 429 2331 Moysem
456 2271 509 2315 et
536 2266 795 2316 Aarnnem
842 2263 1038 2330 primos
1064 2277 1331 2330 prtecoues
1372 2264 1458 2317 :in
1472 2264 1757 2332 Evangelio

185 2366 401 2419 quoque
430 2352 646 2418 primam
670 2352 995 2406 vocationem
1024 2351 1146 2404 facit
1172 2352 1310 2406 Petri
1336 2362 1388 2406 et
1415 2352 1657 2407 Andreae.
1695 2353 1757 2406 Et

186 2441 296 2496 illic
323 2442 536 2511 quidem
569 2443 790 2511 simplex
818 2442 1005 2512 gratia,
1027 2443 1112 2496 hic
1140 2451 1313 2496 autem
1342 2442 1502 2511 duplo
1531 2444 1753 2495 auctior.

186 2530 301 2583 Illic
329 2533 468 2584 enim
492 2533 595 2584 duo
625 2532 811 2585 fratres
838 2532 1005 2584 vocati
1034 2540 1173 2595 sunt,
1205 2532 1411 2601 Moyses
1443 2540 1497 2585 et
1535 2535 1708 2584 Aaron
1738 2545 1752 2594 ;

188 2620 275 2675 hic
307 2633 485 2676 autem
518 2624 597 2675 bis
632 2623 733 2675 duo
765 2622 973 2685 fratres,
1004 2623 1190 2677 Petrus
1215 2632 1271 2677 et
1313 2622 1569 2685 Andreas,
1601 2622 1756 2676 Jaco-

187 2709 287 2763 bus
312 2720 366 2763 et
389 2711 636 2765 Joannes.
670 2712 797 2777 Quia
828 2713 993 2765 voluit
1016 2712 1268 2766 Servator
1293 2728 1408 2767 eam
1430 2728 1545 2782 qua:
1570 2728 1757 2767 secun-

188 2801 312 2852 dum
340 2802 588 2868 Spiritum
612 2813 846 2855 sanctum
877 2811 960 2856 est
985 2804 1255 2856 caritatem
1283 2802 1433 2856 nobis
1463 2804 1751 2868 insinuare,

188 2901 241 2942 et
268 2890 455 2943 fratres
484 2891 673 2944 affectu
698 2892 851 2945 simul
896 2900 949 2945 et
996 2892 1180 2959 spiritu
1222 2891 1413 2956 facere,
1446 2892 1755 2945 fundamen-

189 2988 297 3031 tum
326 2982 549 3047 Sumpsit
590 2990 847 3043 naturam,
876 2982 1197 3049 inseruitque
1225 2993 1423 3034 natura:
1452 2983 1676 3044 viscera,
1704 2991 1757 3033 et

189 3067 240 3120 in
294 3068 380 3122 illa
433 3069 866 3135 supermdificavit
908 3070 1300 3123 fundamentum
1344 3070 1609 3123 Ecclesiae.
1638 3070 1761 3123 Pri-t

188 3174 333 3212 tuum
387 3161 590 3227 signum
640 3161 691 3213 in
725 3161 900 3215 Veteri
946 3162 1041 3214 fuit
1068 3169 1297 3214 mutatus
1346 3163 1396 3215 in
1444 3162 1753 3230 sanguinem

188 3248 412 3311 fluvius;
448 3250 671 3317 primum
716 3251 920 3315 signum
962 3252 1013 3303 in
1058 3251 1204 3304 Novo
1237 3251 1332 3304 fuit
1361 3254 1578 3304 mutatio
1607 3266 1754 3319 aqua:

190 3340 240 3391 in
275 3339 473 3391 viuum.
506 3339 695 3392 Verum
728 3356 830 3393 non
875 3349 955 3393 est
994 3342 1267 3408 praesentis
1309 3342 1561 3409 temporis
1588 3350 1753 3393 totam

188 3430 583 3483 similitudinem
612 3430 859 3497 deinceps
899 3432 1141 3499 persequi
1176 3451 1188 3485 :
1222 3431 1315 3484 sed
1353 3432 1418 3485 ad
1460 3432 1753 3485 institutum

190 3529 533 3571 revertamur.
566 3518 628 3571 In
657 3520 900 3587 principio
941 3520 1056 3586 fecit
1092 3519 1227 3573 Deus
1263 3522 1437 3573 cwlum
1468 3532 1511 3573 et
1550 3531 1750 3574 terram.

189 3605 287 3661 Sex
321 3610 523 3661 dierum
553 3610 719 3677 spatio
748 3610 868 3661 fecit
914 3608 1052 3662 Deus
1086 3611 1280 3661 omnia.
1311 3610 1412 3664 Sed
1441 3610 1608 3678 prima
1638 3610 1750 3665 dies

188 3697 365 3751 differt
408 3714 434 3748 a
470 3698 827 3765 sequentibus.
859 3696 986 3749 Nam
1032 3699 1197 3765 prima
1247 3697 1331 3751 die
1376 3698 1496 3751 fecit
1525 3699 1659 3753 Deus
1688 3714 1752 3751 ex

190 3804 291 3840 non
325 3788 650 3841 exstantibus
694 3804 705 3838 :
756 3802 786 3839 a
830 3786 1062 3839 secundo
1101 3796 1275 3842 autem
1323 3786 1408 3840 die
1454 3787 1579 3839 nihil
1632 3787 1754 3841 fecit

190 3879 325 3931 Deus
353 3894 417 3931 ex
456 3893 557 3930 non
586 3878 945 3939 exstantibus;
978 3877 1069 3930 sed
1115 3892 1177 3929 ex
1224 3878 1285 3930 iis
1327 3893 1441 3945 quae
1474 3879 1637 3946 prima
1669 3879 1754 3933 die

191 3968 385 4021 fecerat
417 3970 634 4020 mutavit
664 3978 718 4019 ut
748 3968 928 4020 voluit.
953 3967 1030 4019 Tu
1074 3983 1198 4019 vero
1231 3968 1309 4019 his
1336 3968 1677 4022 consideratis
1700 3978 1755 4022 et

188 4058 492 4124 exploratis,
526 4058 569 4109 si
600 4056 870 4109 veritatem
898 4056 1281 4124 deprehendis,
1311 4071 1586 4110 assensum
1613 4072 1752 4126 pra:-

188 4146 292 4211 he;
326 4149 409 4199 sin
449 4162 550 4198 non
594 4146 977 4214 deprehendis,
1028 4147 1240 4211 incusa,
1286 4155 1339 4200 et
1366 4149 1752 4202 accusationem

188 4237 406 4289 admitto
439 4255 450 4290 :
484 4236 531 4288 id
584 4237 722 4290 enim
768 4236 983 4289 multam
1025 4236 1348 4292 defensionis
1394 4252 1573 4292 ansam
1624 4238 1752 4292 mihi

194 4328 409 4393 prmbel.

255 4421 308 4473 4.
330 4418 575 4473 Ccelorum
594 4422 828 4487 formatio
842 4421 913 4489 (α)
926 4421 1191 4475 .—Primo
1210 4423 1382 4492 itaque
1397 4424 1487 4479 die
1496 4439 1612 4479 crea
1622 4435 1754 4479 tura-

188 4526 300 4561 rum
328 4511 601 4561 materiam
622 4508 739 4562 fecit
761 4511 916 4572 Deus;
946 4511 1156 4579 reliquis
1176 4528 1299 4566 vero
1317 4514 1501 4567 diebus
1532 4517 1751 4567 formam

188 4610 491 4653 eturnatum
511 4613 888 4654 creaturarum.
911 4602 1149 4671 Exempli
1168 4618 1323 4655 causa
1348 4645 1361 4668 ,
1393 4604 1513 4657 fecit
1540 4605 1747 4668 emlum,

187 4690 319 4757 quod
336 4700 454 4742 ante
474 4705 573 4742 non
592 4701 729 4754 erat;
747 4707 849 4743 non
872 4690 970 4743 hoc
995 4691 1200 4753 calum,
1226 4692 1317 4743 sed
1344 4692 1482 4760 quod
1512 4693 1751 4759 superius

193 4792 268 4834 est
292 4801 301 4834 :
340 4782 439 4833 hoc
466 4782 656 4850 quippe
680 4782 866 4835 caelum
894 4782 1124 4834 secundo
1150 4782 1235 4834 die
1263 4781 1454 4835 factum
1483 4791 1581 4835 est.
1604 4782 1754 4835 Fecit

191 4871 321 4925 Deus
337 4873 522 4925 cmlum
550 4874 806 4939 superius.
824 4872 888 4924 de
908 4887 1010 4939 quo
1035 4870 1199 4923 David
1221 4890 1232 4924 :
1254 4870 1441 4924 Caelum
1458 4872 1564 4923 caeli
1584 4871 1754 4923 Domi-

189 4977 247 5012 no
269 4962 437 5029 (Psal.
461 4962 578 5014 115.
613 4959 718 5029 16).
746 4960 873 5013 Illud
902 4976 1028 5014 vero
1057 4962 1203 5028 quasi
1226 4976 1525 5027 supremum
1556 4960 1753 5013 tabula-

191 5062 291 5105 tum
311 5062 410 5106 est.
436 5056 509 5104 Ac
534 5050 968 5119 quemadmodum
998 5050 1049 5102 in
1068 5050 1224 5102 domo
1236 5049 1455 5102 duarum
1475 5052 1747 5117 contigna-

190 5143 385 5194 tionum
416 5140 994 5193 intercedittahulatum
1025 5139 1286 5192 medium:
1317 5139 1395 5193 sic
1422 5150 1473 5192 et
1495 5140 1747 5192 Dominus

189 5232 431 5285 mundum
447 5246 630 5285 ereans
652 5246 746 5284 ceu
764 5231 996 5294 domum,
1026 5230 1251 5282 medium
1268 5230 1551 5282 tabulatum
1577 5230 1751 5296 posuit

188 5320 281 5374 hoc
304 5324 489 5376 caelum
509 5364 521 5386 ,
539 5330 591 5374 et
610 5335 763 5389 supra
796 5320 939 5373 illmn
963 5334 1139 5386 aquas.
1162 5318 1284 5372 Ideo
1310 5320 1383 5372 ait
1416 5320 1576 5373 David
1602 5338 1611 5372 :
1652 5320 1751 5386 Qui

186 5416 299 5480 tegis
321 5416 458 5479 aquis
476 5414 731 5479 superiora
743 5412 851 5475 eius
868 5410 1031 5481 (Psal.
1059 5411 1175 5463 105.
1197 5411 1270 5477 5).
1296 5411 1442 5464 Fecit
1472 5412 1625 5479 igitur
1644 5425 1747 5465 ca:-

189 5517 282 5553 ntm
307 5504 445 5571 quod
458 5513 578 5557 ante
596 5518 696 5556 non
716 5513 844 5566 erat,
862 5511 1050 5555 terram
1072 5516 1186 5570 quae
1199 5511 1318 5554 ante
1331 5518 1432 5555 non
1454 5511 1581 5566 erat,
1608 5506 1753 5572 ahys-

232 5628 311 5697 .(a)
345 5641 453 5687 Qum
492 5633 937 5697 sequunturiaf‘fert
976 5632 1165 5683 Cosmus
1206 5631 1454 5694 Egyptius
1500 5636 1547 5681 in
1594 5634 1751 5684 Colle-

188 5693 336 5739 ctione
361 5703 521 5742 nostra
544 5693 593 5743 1⁵.
622 5694 665 5752 Ξ,
694 5708 739 5755 υ.
766 5696 873 5747 ⁸520.

1248 351 1336 408 DE
1376 353 1588 409 MUNDI
1626 351 2015 407 CREATIONE
2052 354 2300 410 ORATIO
2340 357 2378 409 Ι.

3325 367 3436 425 434

1863 482 1953 523 sos
1968 484 2084 538 quae
2101 480 2223 525 ante
2237 487 2338 524 non
2357 479 2531 536 erant,
2552 483 2758 536 ventos,
2782 489 2982 541 aerem,
3004 476 3199 547 ignem,
3217 493 3429 549 aquam.

1864 558 2106 613 Omnium
2124 576 2239 628 quae
2266 559 2399 613 facta
2423 571 2545 615 sunt
2563 565 2835 617 materiam
2856 567 3021 634 prima
3043 567 3128 623 die
3156 568 3297 623 fecit.
3325 570 3431 624 Sed

1865 648 2002 701 haud
2023 649 2179 703 dubie
2207 649 2342 703 dicet
2373 651 2599 719 aliquis:
2629 652 2894 721 Scriptum
2924 665 3004 709 est
3031 657 3202 725 ipsum
3237 657 3429 712 fecisse

1863 737 2047 791 ctrlum
2088 748 2141 792 et
2184 748 2373 792 terram
2395 780 2410 804 ,
2454 740 2519 794 de
2548 756 2716 809 aqua,
2764 742 2883 811 igne
2919 754 2973 798 et
3014 760 3136 799 aere
3163 761 3267 799 non
3295 747 3430 801 scri-

1863 839 2008 895 ptum
2035 838 2137 881 est.
2167 828 2345 882 Primo
2373 831 2576 898 itaque,
2603 830 2790 885 fratres
2813 871 2826 894 ,
2857 848 2920 885 ex
2953 850 3055 901 quo
3085 835 3217 889 dixit
3243 837 3431 890 crelum

1864 926 1916 970 et
1949 927 2139 970 terram
2180 917 2313 971 facta
2342 934 2460 972 esse
2488 960 2502 984 ,
2534 935 2600 971 ex
2645 921 2707 973 iis
2751 937 2867 989 quae
2906 924 3175 978 continent
3212 940 3273 979 ea
3314 940 3432 994 quae

1864 1007 2203 1060 continentur
2246 1008 2510 1061 indicavit.
2556 1008 2701 1063 Sicut
2744 1012 2883 1064 enim
2911 1026 3029 1065 cum
3071 1012 3249 1079 dixit,
3287 1013 3433 1070 Fecit

1863 1096 1997 1148 Deus
2024 1098 2268 1150 hominem
2294 1099 2542 1166 pulverem
2563 1100 2808 1166 accipiens
2833 1102 2894 1153 de
2918 1112 3052 1154 terra
3080 1104 3224 1172 (Gen.
3261 1107 3314 1160 2.
3352 1107 3432 1175 7),

1862 1188 2127 1256 opificium
2157 1189 2287 1241 dixit
2311 1230 2326 1251 ,
2360 1206 2461 1244 non
2490 1191 2726 1245 membra
2752 1195 3081 1247 enumeravit
3110 1211 3122 1246 :
3153 1210 3324 1263 neque
3344 1195 3430 1251 di-

1863 1280 1975 1332 xit:
2008 1277 2154 1332 Fecit
2185 1278 2322 1332 Deus
2348 1281 2551 1345 oculos,
2583 1290 2829 1347 etaures,
2862 1292 2915 1337 et
2936 1298 3113 1349 nares,
3140 1285 3232 1339 sed
3257 1284 3429 1339 homi-

1864 1383 1983 1419 nem
2014 1367 2215 1429 dicens,
2242 1370 2415 1422 omnia
2440 1371 2592 1423 simul
2624 1372 2855 1425 membra
2885 1373 3284 1441 comprehendit
3310 1392 3323 1426 :
3352 1375 3430 1430 sic

1862 1472 1981 1510 cum
2011 1457 2138 1509 dicit
2168 1498 2182 1520 ,
2214 1457 2376 1511 Deum
2423 1458 2609 1513 fecisse
2646 1462 2830 1514 caelum
2880 1471 2931 1515 et
2976 1472 3166 1516 terram
3194 1504 3208 1528 ,
3239 1473 3428 1518 cuncta

1862 1546 2170 1613 comp-Iesus
2197 1557 2298 1611 est,
2332 1556 2383 1601 et
2411 1564 2511 1601 una
2543 1552 2787 1604 tenebras
2813 1560 2867 1604 et
2909 1552 3129 1620 abyssos
3154 1552 3319 1605 factas
3345 1554 3429 1606 in-

1861 1635 2004 1689 duxit
2033 1654 2045 1688 :
2074 1652 2193 1689 nam
2216 1636 2471 1703 Tenebraa,
2497 1640 2686 1708 inquit,
2719 1651 2859 1693 erant
2883 1658 3031 1711 super
3059 1643 3236 1711 faciem
3263 1643 3427 1712 abyssi

1862 1726 1880 1794 (
1904 1723 2028 1777 Gen.
2063 1727 2113 1781 I.
2146 1726 2179 1777 2
2198 1726 2234 1794 ).
2268 1727 2503 1797 Abyssus
2532 1744 2657 1782 vero
2684 1739 2904 1783 vocatur
2932 1745 3183 1799 aquarum
3211 1746 3423 1800 gurges.

1860 1814 2009 1880 Quod
2036 1823 2209 1867 autem
2232 1817 2388 1868 etiam
2421 1817 2593 1886 ahyssi
2624 1818 2773 1871 factae
2796 1820 2918 1883 sint,
2946 1820 3253 1873 testificatur
3280 1820 3424 1875 Scri-

1862 1912 2011 1971 ptura
2054 1904 2235 1957 dicens
2274 1923 2286 1957 :
2335 1906 2613 1974 Antequam
2646 1909 2850 1975 abysso:
2898 1911 3239 1969 constitueret,
3288 1921 3427 1963 ante-

1860 2009 2009 2061 quam
2046 2003 2226 2045 terram
2260 2005 2448 2046 crearet
2479 1996 2496 2061 (
2530 1994 2681 2047 Prov.
2707 1996 2759 2049 8.
2785 1997 2873 2048 24.
2903 1996 2971 2049 26
2996 1998 3036 2066 ).
3066 1996 3241 2065 Itaque
3275 1999 3425 2051 factm

1859 2092 2011 2136 erant
2050 2083 2246 2152 abyssi.
2278 2083 2475 2137 Deinde
2506 2100 2595 2136 aer
2632 2099 2843 2152 queque
2882 2087 3215 2153 quandonam
3256 2086 3424 2141 factus

1859 2171 1927 2223 sit
1948 2172 2069 2223 audi
2092 2191 2104 2221 :
2131 2171 2195 2222 Et
2216 2172 2420 2237 spiritus
2450 2172 2541 2224 Dei
2574 2174 2821 2241 ferebatur
2845 2190 2993 2240 super
3014 2190 3167 2242 aquas
3196 2174 3342 2242 (Gen.
3369 2177 3421 2228 1.

1857 2258 1937 2326 2).
1966 2259 2065 2312 Hic
2094 2274 2197 2311 non
2228 2259 2477 2326 Spiritum
2524 2272 2761 2313 sanctum
2804 2264 2963 2326 dicit;
2997 2278 3101 2315 non
3132 2264 3271 2317 enim
3301 2279 3422 2318 cum

1859 2350 2117 2402 creaturis
2158 2360 2532 2403 annumeratur
2576 2351 2625 2403 id
2657 2353 2795 2418 quod
2836 2353 3129 2407 increatum
3162 2362 3241 2406 est
3281 2372 3293 2405 :
3329 2354 3422 2409 sed

1860 2440 2100 2506 Spiritum
2143 2446 2295 2492 vocat
2333 2441 2470 2493 aeris
2513 2449 2729 2492 motum.
2773 2444 2849 2494 Ae
2883 2443 3324 2509 quemadmodum
3366 2446 3419 2498 in

1861 2528 1971 2581 Elia
2003 2528 2253 2595 propheta
2295 2529 2547 2597 scriptum
2576 2540 2657 2583 est
2690 2549 2701 2582 :
2737 2529 2802 2582 Et
2840 2533 3016 2584 caelum
3061 2536 3422 2587 contenebravit

1859 2620 1908 2672 in
1931 2622 2057 2672 nube
2085 2631 2127 2672 et
2154 2623 2332 2689 spiritu
2355 2624 2431 2690 (5.
2462 2621 2587 2691 Reg.
2613 2623 2696 2676 13.
2726 2623 2836 2690 45);
2868 2627 2943 2677 sic
2972 2634 3019 2677 et
3052 2624 3150 2677 hoc
3179 2626 3293 2679 loco
3316 2626 3423 2695 spi-

1860 2711 2015 2763 ritum
2060 2721 2211 2763 vocat
2255 2714 2390 2764 aeris
2436 2724 2696 2765 naturam.
2730 2714 2947 2766 Demum
2979 2723 3221 2781 superest
3247 2724 3301 2767 ut
3330 2730 3423 2769 os-

1859 2800 2153 2861 tendamus,
2172 2802 2382 2853 ubinam
2402 2802 2534 2869 ignis
2551 2800 2716 2853 factus
2741 2802 2826 2854 sit.
2854 2800 2992 2854 Dixit
3011 2802 3164 2866 Deus,
3189 2802 3307 2854 Fiat
3333 2804 3423 2857 tua:

1863 2889 2009 2959 (Gen.
2040 2890 2089 2943 I.
2118 2890 2197 2957 2),
2222 2898 2275 2943 et
2294 2889 2427 2944 facta
2451 2902 2530 2944 est
2553 2892 2687 2958 ignis
2708 2901 2891 2944 natura
2918 2908 2931 2943 :
2965 2907 3067 2944 non
3091 2892 3258 2945 solum
3279 2893 3419 2945 enim

1860 2982 1943 3032 hic
1974 2980 2105 3047 ignis
2134 2981 2359 3042 exsistit,
2391 2980 2480 3031 sed
2510 2981 2665 3032 etiam
2696 2995 2939 3047 superna:
2968 2989 3256 3047 potestates
3283 2982 3419 3049 ignis

1858 3078 1981 3123 Sttnl
2005 3108 2020 3133 ,
2049 3068 2327 3137 affinisque
2353 3078 2435 3121 est
2461 3084 2722 3136 supernus
2754 3069 2840 3122 ille
2869 3108 2883 3133 ,
2929 3069 3049 3121 huic
3077 3079 3259 3123 nostro
3290 3071 3415 3138 igni.

1857 3160 2118 3226 Quaeritur
2142 3168 2337 3221 autem,
2361 3174 2452 3211 cur
2471 3160 2553 3211 hic
2578 3159 2956 3228 exstinguatur,
2980 3159 3065 3212 ille
3089 3175 3214 3212 vero
3243 3174 3416 3213 secus.

1858 3252 1984 3318 Quia
2011 3252 2222 3319 angelos
2263 3251 2385 3303 fecit
2415 3250 2548 3303 Deus
2574 3250 2787 3317 spiritus
2817 3291 2830 3314 ,
2863 3251 3168 3318 animasque
3213 3256 3419 3302 nostras

1858 3340 1980 3393 item
2005 3340 2238 3407 spiritus,
2263 3339 2353 3391 sed
2388 3340 2590 3390 animas
2613 3346 2821 3391 nostras
2849 3338 2897 3391 in
2925 3353 3179 3405 corpore,
3205 3338 3420 3405 angelus

1856 3439 2031 3483 autem
2060 3440 2207 3483 extra
2235 3444 2477 3497 corpora.
2531 3428 2987 3496 Quemadmodum
3028 3429 3183 3499 igitur
3226 3429 3277 3481 in
3308 3428 3422 3481 ani-

1856 3520 2039 3573 mabus
2068 3528 2121 3572 et
2145 3518 2194 3572 in
2221 3519 2439 3587 angelis,
2473 3519 2548 3571 sic
2578 3527 2631 3572 et
2655 3519 2706 3571 in
2731 3520 2847 3587 igne
2871 3534 2979 3572 rem
3007 3534 3065 3572 se
3094 3517 3287 3572 habere
3306 3532 3423 3571 cer-

1857 3610 2018 3663 nitur.
2062 3608 2198 3677 Ignis
2238 3623 2497 3677 supernus
2534 3609 2647 3661 sine
2690 3613 2909 3662 materia
2944 3649 2959 3673 ,
3006 3609 3139 3677 ignis
3184 3608 3420 3661 infernus

1857 3715 1974 3753 cum
2000 3699 2246 3752 materia:
2275 3699 2504 3751 caelestis
2528 3699 2667 3751 enim
2698 3698 2831 3765 ignis
2860 3699 2940 3751 his
2963 3706 3042 3750 est
3064 3696 3259 3760 affinis,
3285 3698 3422 3748 sicut

1857 3798 1909 3843 et
1951 3789 2122 3840 anima
2164 3796 2344 3841 nostra
2389 3786 2559 3839 affinis
2595 3794 2676 3839 est
2721 3787 2957 3854 angelis:
2998 3795 3054 3838 ut
3092 3787 3165 3839 illi
3205 3787 3421 3853 Spiritus

1858 3889 2011 3941 sunt,
2045 3880 2121 3931 sic
2150 3889 2201 3930 et
2231 3877 2311 3930 ὴιε
2340 3885 2462 3931 sunt
2485 3876 2700 3944 spiritus
2721 3916 2735 3938 ,
2760 3884 2817 3927 ut
2836 3876 2992 3929 etiam
3026 3885 3133 3929 tres
3164 3876 3310 3943 pueri
3336 3874 3419 3925 di-

1858 3981 1981 4023 cunt
2008 3988 2019 4023 :
2046 3969 2561 4036 Benedicite,spiritus
2596 3975 2641 4018 et
2677 3968 2856 4017 anima:
2875 3969 3125 4035 justorum
3160 3964 3177 4034 (
3207 3964 3337 4015 Dan.
3364 3964 3415 4016 ζ’).

1858 4060 1946 4127 86)
1973 4076 1986 4122 ;
2018 4074 2079 4112 ac
2106 4073 2333 4121 rursum,
2361 4057 2458 4122 Qui
2488 4056 2607 4123 facit
2631 4057 2834 4123 angelos
2863 4071 2978 4107 suos
3006 4054 3168 4119 spirit:
3190 4070 3211 4097 ε
3244 4050 3413 4121 (Psal.

1859 4149 1979 4202 105.
2014 4149 2047 4201 -1
2073 4148 2110 4217 ).
2143 4146 2320 4214 Neque
2350 4146 2506 4214 igitur
2533 4144 2704 4197 anima
2748 4143 2861 4196 sine
2890 4156 3114 4211 corpore
3154 4147 3372 4207 apparet
3401 4179 3416 4203 ,

1859 4255 2028 4309 neque
2054 4241 2224 4308 ignem
2250 4240 2362 4291 sine
2388 4247 2596 4305 stuppa,
2622 4235 2704 4289 vel
2734 4244 3004 4289 sarmento
3024 4276 3038 4301 ,
3062 4235 3142 4287 vel
3166 4234 3266 4285 alia
3298 4248 3409 4284 ma—

1860 4331 1986 4384 teria
2032 4330 2211 4382 videre
2250 4338 2349 4380 est.
2396 4326 2465 4381 Ut
2498 4335 2671 4379 autem
2716 4325 3021 4379 ostendatur
3066 4322 3205 4375 hunc
3246 4322 3417 4389 ignem

1857 4436 1962 4474 non
1992 4434 2109 4473 esse
2138 4419 2402 4482 alienum,
2448 4416 2497 4469 id
2528 4416 2684 4468 dOCcl
2713 4416 2824 4482 ipsa
2858 4423 3059 4467 natura.
3086 4410 3231 4464 Multi
3263 4424 3418 4463 nam-

1857 4527 1959 4578 que
1986 4524 2124 4577 szepe
2154 4524 2216 4561 ex
2240 4508 2352 4559 sole
2384 4508 2553 4573 ignem
2587 4513 2908 4565 mutuantur,
2934 4510 2986 4554 et
3008 4498 3300 4554 accendunt
3325 4516 3338 4550 :
3374 4498 3417 4551 si

1858 4609 2030 4652 autem
2061 4599 2261 4649 alienus
2292 4605 2451 4659 esset,
2482 4592 2750 4662 quomodo
2780 4592 3007 4644 alienum
3039 4606 3103 4643 ex
3129 4592 3240 4658 ipso
3277 4590 3418 4642 acci-

1860 4688 2113 4756 peretur?
2141 4688 2385 4754 Alioquin
2418 4694 2520 4737 tam
2552 4686 2731 4753 ingens
2776 4684 2826 4735 in
2877 4682 3006 4736 cmlo
3038 4681 3168 4749 ignis
3198 4690 3281 4733 est
3306 4681 3420 4736 sine

1858 4779 2096 4836 materia,
2121 4785 2176 4829 ut
2206 4778 2255 4828 in
2286 4784 2461 4827 monte
2491 4774 2611 4828 Sina
2641 4774 2772 4841 ignis
2799 4780 3093 4839 appareret,
3113 4786 3267 4839 quem
3299 4770 3419 4825 abs—

1857 4884 1958 4938 que
1997 4868 2148 4935 lignis
2204 4866 2452 4932 subjectis
2485 4905 2498 4924 ,
2527 4863 2618 4915 sed
2666 4878 2728 4915 ex
2773 4864 2887 4929 ipso
2924 4860 3156 4914 materia:
3201 4869 3420 4929 experto

1860 4961 1978 5027 igne
2000 4958 2064 5011 ad
2088 4956 2437 5025 Spectaculum
2468 4953 2651 5006 eduxit
2681 4954 2843 5011 Deus,
2867 4962 2921 5004 ut
2942 4952 3198 5019 quispiam
3226 4951 3420 5004 dixerit

1861 5062 2075 5115 parvum
2107 5059 2223 5098 esse
2271 5045 2409 5095 hunc
2449 5044 2623 5111 ignem
2655 5057 2772 5094 cum
2803 5042 2892 5093 illo
2924 5041 3118 5108 ingenti
3146 5054 3420 5107 compara-

1861 5149 1991 5193 tum.
2037 5138 2124 5192 Sic
2164 5138 2335 5203 itaque
2380 5136 2452 5187 ait
2494 5134 2734 5203 Moyses:
2768 5131 2844 5184 De
2884 5134 3005 5183 (az/0
3044 5132 3263 5181 auditam
3308 5130 3418 5197 fecit

1859 5231 2107 5284 Dominus
2150 5243 2313 5280 vocem
2355 5243 2495 5278 suam
2530 5266 2544 5287 ,
2583 5235 2628 5277 et
2661 5225 2869 5277 ostendit
2911 5223 3045 5274 Deus
3084 5224 3245 5291 ignem
3274 5234 3416 5273 mum

1860 5320 2135 5393 magnum(
2166 5318 2311 5371 Deut.
2347 5319 2397 5370 4.
2426 5318 2495 5370 56
2526 5316 2577 5386 );
2610 5327 2663 5367 ιιι
2703 5315 3091 5369 demonstraret
3131 5313 3265 5364 hunc
3301 5322 3419 5361 esse

1860 5429 2096 5483 parvum.
2126 5410 2309 5463 Omnia
2338 5411 2508 5477 itaque
2536 5408 2667 5475 ignis
2689 5415 2827 5468 sunt,
2860 5414 2910 5457 ct
2938 5405 3129 5471 fulgur,
3153 5411 3203 5456 et
3230 5398 3413 5459 stellae,

1859 5514 1912 5558 et
1940 5504 2015 5555 sol
2039 5511 2089 5554 et
2115 5500 2257 5560 luna,
2290 5499 2496 5566 illisque
2528 5507 2706 5549 noster
2728 5495 2858 5563 ignis
2889 5494 3063 5545 afﬁnis
3087 5499 3184 5543 cst.
3208 5489 3268 5540 Et
3298 5486 3417 5539 vide

1860 5608 2015 5661 quam
2057 5590 2363 5641 affinitatem
2407 5586 2633 5639 habeant
2662 5589 2886 5653 ἀστραπὴ
2912 5591 2964 5635 et
2998 5584 3210 5646 ἀστέρες,
3245 5575 3416 5640 fulgur

1862 5694 1912 5737 ct
1939 5681 2125 5747 stellm,
2152 5680 2236 5734 vel
2262 5695 2324 5733 ex
2352 5680 2463 5748 ipso
2491 5677 2699 5731 nomine
2724 5694 2737 5741 ;
2768 5678 2989 5741 ἀστραπὴ
3022 5678 3072 5722 ct
3098 5676 3249 5739 ἅττρα
3271 5706 3285 5733 ,
3312 5663 3413 5717 ful-
