4110 6318
702 386 815 445 435

701 507 800 558 gur
823 498 878 546 et
900 490 1081 546 stella.
1115 490 1364 545 Servator
1389 499 1588 554 autem,
1623 499 1675 543 ut
1701 488 2000 545 ostenderet
2027 490 2198 560 ignem
2219 502 2272 546 et

701 582 878 653 fulgur
903 584 1092 638 similia
1119 597 1238 638 esse
1263 623 1276 646 ,
1301 584 1373 636 ait
1405 583 1453 635 in
1485 580 1806 648 Evangelio:
1833 581 2060 634 Lucerna
2090 599 2272 647 corpo-

699 673 772 725 ris
790 681 862 726 est
883 672 1074 725 oculus.
1105 671 1165 726 Si
1186 673 1358 725 oculus
1379 682 1490 723 tuus
1511 673 1659 738 fuerit
1681 671 1895 735 lucidus,
1915 680 2072 723 totum
2092 688 2275 740 corpus

701 770 840 813 tuum
863 760 1084 814 lucidum
1110 762 1202 813 erit
1222 760 1434 830 (Matth.
1462 761 1514 814 6.
1537 760 1652 828 22).
1679 761 1802 815 Ηωο
1824 763 2092 816 Servator.
2120 761 2275 816 Dein-

698 849 766 903 de
787 845 1087 919 subjungit:
1113 850 1178 904 Ut
1207 866 1319 902 cum
1345 850 1545 902 lucerna
1564 851 1764 920 fulgure
1783 851 2034 904 illuminat
2055 860 2100 904 te
2121 852 2273 923 (Luc.

703 940 788 992 ll.
823 939 949 1008 '56);
981 940 1209 994 lucerna:
1233 941 1407 1009 fulgur
1430 957 1627 995 vocans
1657 942 1888 996 lucernae
1917 942 2196 1012 fulgorem.

771 1029 823 1083 5.
851 1027 1038 1083 Omnia
1061 1030 1218 1096 igitur
1246 1029 1381 1083 facta
1409 1040 1532 1084 sunt
1565 1049 1578 1084 :
1610 1031 1746 1100 ignis
1774 1031 1943 1085 factus
1969 1041 2069 1097 est,
2094 1033 2273 1102 abyssi

699 1117 850 1173 facta:
878 1128 1001 1173 sunt
1024 1162 1036 1182 ,
1072 1121 1212 1174 venti
1237 1162 1252 1186 ,
1299 1132 1524 1190 quatuor
1553 1123 1815 1177 elementa
1844 1164 1859 1188 ,
1894 1133 2027 1176 terra
2053 1164 2067 1186 ,
2099 1126 2230 1192 ignis
2256 1166 2270 1190 ,

701 1223 854 1277 aqua,
885 1225 996 1264 aer.
1028 1209 1157 1264 Nam
1186 1227 1304 1280 qua:
1328 1214 1748 1281 omiseratquasi
1773 1214 1858 1267 hic
1882 1216 2100 1268 resumit
2127 1215 2274 1286 Moy-

697 1312 784 1354 ses
803 1299 1017 1355 dicens:
1052 1301 1157 1356 Sea:
1180 1303 1351 1356 diebus
1376 1304 1492 1372 fecit
1519 1303 1655 1358 Deus
1682 1307 1858 1358 ctutum
1887 1316 1931 1358 et
1955 1316 2140 1359 terram
2170 1348 2182 1369 ,
2226 1317 2272 1362 et

700 1390 869 1442 omnia
893 1405 1006 1458 qua:
1026 1391 1079 1444 in
1100 1392 1169 1444 eis
1197 1401 1314 1445 sunt
1340 1393 1530 1463 (Exod.
1560 1394 1649 1449 20.
1677 1393 1784 1465 ll).
1815 1396 2270 1460 Quemadmodum

697 1487 874 1534 autem
902 1482 1141 1550 corporis
1169 1499 1274 1538 non
1304 1486 1482 1539 omnia
1512 1487 1746 1540 membra
1777 1486 1930 1549 dixit,
1964 1488 2040 1542 sic
2069 1503 2129 1543 ea
2153 1505 2270 1556 qua:

696 1569 763 1622 ad
793 1571 1114 1626 creationem
1146 1583 1387 1641 spectant
1408 1591 1513 1628 nen
1543 1578 1893 1639 enumeravit,
1928 1577 2134 1632 etiamsi
2158 1593 2274 1632 om-

696 1660 782 1713 nia
805 1674 923 1716 cum
947 1662 1146 1716 mundo
1172 1664 1276 1718 sint
1299 1666 1530 1719 condita.
1564 1665 1617 1720 Si
1661 1682 1817 1734 porro
1846 1683 1948 1721 non
1970 1677 2111 1723 esset
2138 1669 2272 1739 ignis

695 1749 750 1826 in
778 1757 939 1817 terra,
965 1767 1070 1806 non
1101 1753 1258 1809 hodie
1285 1757 1456 1824 ignem
1477 1773 1540 1811 ex
1569 1766 1714 1825 petra
1741 1759 2050 1827 educerent,
2081 1776 2184 1814 non
2206 1776 2271 1816 ex

695 1839 880 1910 ligno;
911 1844 1152 1898 collisum
1189 1848 1382 1915 quippe
1428 1848 1627 1916 lignum
1678 1851 1851 1919 ignem
1898 1851 2109 1907 emittit.
2138 1853 2271 1907 Ani-

694 1946 839 1986 mum
879 1950 1005 2004 ergo
1030 1936 1313 2006 diligenter
1340 1941 1553 1996 adhibe.
1589 1943 1825 1997 Tenebrae
1850 1985 1862 2011 ,
1896 1944 2062 2014 inquit
2088 1987 2102 2011 ,
2129 1957 2272 2000 erant

694 2036 844 2091 super
871 2025 1050 2094 [aciem
1083 2027 1252 2097 abyssi
1294 2028 1314 2099 (
1339 2029 1467 2086 Gen.
1501 2033 1550 2084 l.
1582 2033 1677 2102 2).
1728 2034 1939 2102 Ergone
1965 2075 1979 2097 ,
2023 2035 2226 2104 inquies
2252 2075 2268 2103 ,

698 2109 842 2165 Deus
873 2115 1116 2170 tenebras
1146 2118 1309 2171 fecit?
1337 2120 1544 2175 Scimus
1573 2122 1731 2175 altam
1765 2137 1883 2178 esse
1909 2125 2227 2179 sententiam
2253 2143 2267 2179 :

696 2201 790 2255 sed
821 2203 940 2271 quia
964 2205 1014 2258 in
1047 2215 1187 2260 coetu
1229 2223 1372 2278 saepe
1407 2225 1588 2264 sumus
1631 2227 1817 2266 eorum
1848 2255 1863 2278 ,
1893 2229 2117 2282 quorum
2150 2230 2270 2284 pars

696 2291 868 2345 amico
894 2293 1112 2349 audiunt
1145 2298 1323 2351 animo
1343 2340 1358 2363 ,
1395 2315 1517 2368 pars
1542 2317 1668 2355 vero
1695 2303 2086 2371 reprehendere
2128 2315 2271 2359 sata-

695 2391 827 2449 gunt
860 2397 875 2446 ;
923 2397 1146 2439 necesse
1189 2397 1270 2441 est
1309 2390 1531 2444 verbum
1565 2409 1668 2445 non
1699 2395 1814 2447 siue
1841 2396 2082 2450 examine
2108 2397 2270 2452 relin-

697 2485 889 2537 quere,
916 2488 983 2528 ne
1008 2483 1128 2543 post
1155 2491 1342 2547 magna
1369 2481 1628 2548 promissa
1663 2524 1677 2548 ,
1709 2486 1898 2554 exigua
1930 2497 2266 2555 praestemus.

696 2557 973 2617 Undenam
1003 2580 1131 2635 ergo
1157 2570 1394 2624 tenebrae
1420 2571 1443 2623 ?
1471 2571 1601 2626 Nam
1632 2574 1770 2629 Deus
1803 2617 1818 2641 ,
1862 2577 2107 2646 inquiunt
2132 2619 2148 2644 ,
2175 2579 2268 2634 has

694 2666 800 2706 non
826 2651 983 2709 fecit:
1014 2656 1154 2714 Deus
1173 2662 1314 2714 enim
1348 2703 1362 2726 ,
1393 2664 1538 2716 aiunt
1567 2706 1581 2729 ,
1613 2682 1781 2735 neque
1811 2669 2142 2724 tenebrarum
2168 2688 2270 2727 ne-

694 2753 801 2809 que
843 2744 1085 2814 caliginis
1130 2750 1306 2818 Opifex
1338 2764 1437 2805 est.
1470 2755 1606 2820 Quid
1636 2757 1791 2823 igitur
1833 2770 1955 2812 sunt
1984 2761 2216 2816 tenebrae
2246 2765 2268 2817 ἲ

692 2827 839 2885 Multi
869 2831 1117 2889 dixerunt
1139 2851 1257 2893 esse
1283 2841 1397 2894 caeli
1442 2844 1704 2897 umbram.
1743 2845 1872 2899 Nam
1898 2889 1912 2910 ,
1934 2849 2082 2903 aiunt
2107 2891 2119 2911 ,
2147 2865 2268 2906 cum

692 2920 881 2974 caelum
907 2926 1150 2994 superius
1175 2929 1445 2983 conditum
1491 2941 1604 2998 cst,
1633 2949 1752 2987 cum
1801 2950 2029 3005 superna
2070 2939 2267 2994 lumina

692 3015 928 3071 nondum
968 3030 1176 3085 essent,
1208 3022 1402 3076 nudata
1431 3037 1543 3079 erat
1571 3035 1709 3081 terra
1734 3068 1749 3092 ,
1778 3040 1831 3084 et
1859 3029 2011 3085 factae
2043 3042 2165 3086 sunt
2187 3043 2267 3087 te-

691 3105 892 3161 nebrae.
935 3109 1006 3163 At
1034 3112 1222 3166 caelum
1252 3128 1536 3184 supernum
1569 3117 1800 3172 lucidum
1831 3129 1913 3174 est
1942 3162 1955 3184 ,
1988 3137 2092 3175 non
2121 3133 2268 3178 tene-

691 3196 910 3252 brosum
934 3215 947 3265 ;
974 3209 1133 3271 atque
1162 3206 1369 3258 etiamsi
1394 3222 1498 3260 non
1528 3207 1747 3263 haberet
1770 3213 1936 3265 solem
1964 3254 1978 3277 ,
2012 3215 2189 3269 lunam
2212 3224 2268 3271 et

692 3286 881 3343 stellas
913 3330 927 3354 ,
961 3290 1128 3359 ipsam
1156 3302 1396 3348 naturam
1428 3312 1520 3363 per
1542 3313 1599 3351 se
1620 3300 1987 3366 splendentem
2025 3305 2264 3361 haberet.

691 3377 744 3431 Si
771 3392 898 3449 ergo
914 3383 1100 3436 eazlum
1131 3385 1464 3452 imminebat,
1493 3398 1737 3456 terraque
1759 3407 1989 3459 expansa
2021 3405 2166 3462 erat,
2201 3397 2265 3450 il-

691 3467 889 3537 ludque
924 3485 1155 3542 superne
1202 3475 1452 3545 lucebat,
1482 3489 1534 3531 et
1571 3478 1680 3532 haec
1714 3482 1885 3536 lucem
1925 3485 2222 3554 excipiebat
2249 3527 2264 3549 ,

689 3557 953 3614 undenam
986 3562 1219 3618 tenebrae
1243 3567 1266 3617 ἲ
1291 3566 1414 3620 Mihi
1443 3577 1586 3621 certe
1613 3569 1839 3635 videtur,
1864 3573 2110 3642 quoniam
2129 3591 2264 3645 aqua

688 3659 846 3705 terra:
876 3653 1210 3720 superficiem
1240 3660 1486 3727 tegebat,
1517 3661 1815 3732 nebulaque
1854 3673 1907 3718 et
1933 3667 2103 3736 caligo
2124 3669 2264 3722 circa

686 3753 853 3809 aquas
875 3742 1203 3798 consistebat
1229 3786 1245 3811 ,
1277 3748 1418 3816 quod
1447 3751 1606 3803 etiam
1641 3767 1781 3806 nunc
1806 3756 2021 3810 evenire
2043 3757 2178 3811 solet
2210 3759 2260 3813 in

687 3829 994 3888 fluminibus
1027 3875 1042 3900 ,
1080 3836 1456 3893 obscuritatem
1481 3842 1625 3895 illam
1652 3845 1933 3913 caliginem
1962 3848 2259 3906 excitasse:

685 3922 960 3992 nubesque
1005 3924 1195 3982 fecisse
1227 3969 1242 3993 ,
1273 3943 1336 3984 ac
1386 3930 1553 3986 nubes
1595 3934 1971 3991 obumbrantes
2017 3941 2262 3996 tenebras

687 4012 981 4070 induxisse.
1003 4017 1154 4084 Quod
1184 4029 1360 4073 autem
1386 4030 1553 4076 nubes
1586 4025 1830 4080 tenebras
1858 4030 2075 4095 excitet,
2107 4032 2154 4084 id
2181 4033 2263 4086 dit

685 4103 759 4157 cit
781 4102 1087 4174 Scriptura:
1121 4109 1182 4162 Et
1222 4112 1400 4164 cretum
1425 4112 1796 4168 obtenebratum
1836 4127 1906 4171 est
1950 4119 2002 4172 in
2049 4122 2259 4176 nubibus

687 4179 778 4258 (3.
811 4193 940 4264 Reg.
971 4196 1055 4251 l8.
1075 4199 1202 4268 45).
1236 4201 1618 4257 llmreticorum
1649 4216 1831 4262 autem
1858 4209 2125 4280 allegoria:
2153 4229 2258 4268 non

686 4285 992 4355 lgnorandae
1033 4297 1174 4341 sunt.
1208 4291 1430 4356 Quidam
1459 4293 1692 4348 haeretici
1725 4297 1904 4352 dicere
1949 4302 2059 4353 ausi
2088 4313 2207 4355 sunt
2241 4345 2255 4369 ,

687 4375 937 4431 tenebras
962 4379 1378 4434 essediabolum
1403 4383 1504 4452 (α),
1534 4384 1782 4454 abyssum
1811 4402 1937 4441 vero
1965 4389 2255 4444 darmonas:

681 4465 894 4535 quando
936 4476 1113 4521 autem
1148 4468 1281 4547 diuit
1323 4471 1461 4525 Deus
1497 4491 1508 4525 :
1545 4472 1663 4526 Fiat
1705 4475 1830 4539 luat;
1861 4477 1911 4530 id
1942 4488 2019 4532 est
2070 4479 2256 4547 Filius,

683 4556 832 4610 aiunt
856 4575 867 4609 :
893 4556 1005 4612 Non
1032 4543 1345 4630 modo'ergo
1369 4565 1383 4593 ¹
1415 4563 1490 4616 illi
1517 4564 1717 4620 honore
1739 4581 1835 4634 par
1864 4577 1943 4621 est
1973 4569 2213 4626 diabolus

682 4647 777 4702 sed
827 4649 985 4703 etiam
1036 4652 1125 4707 illo
1165 4655 1360 4707 senior.
1396 4655 1587 4709 Verum
1640 4659 1776 4712 hanc
1816 4659 2138 4729 impietatem
2188 4680 2255 4719 ne

680 4750 1101 4795 commemorare
1128 4744 1338 4804 quidem
1368 4760 1462 4812 par
1484 4757 1564 4800 est
1587 4763 1602 4804 :
1623 4749 1715 4802 sed
1745 4750 1863 4803 ideo
1889 4754 2204 4820 protulimus
2235 4797 2251 4821 ,

679 4841 750 4881 ne
773 4841 836 4882 ea
863 4843 983 4899 qua)
1009 4830 1148 4885 dicta
1177 4843 1300 4887 sunt
1320 4834 1654 4904 ignoraretis.
1689 4838 1946 4896 Tenebrae
1970 4858 2097 4912 ergo
2125 4854 2250 4900 tunc

679 4915 784 4971 illm
807 4932 875 4972 ex
904 4919 1130 4975 nubibus
1171 4932 1340 4978 erant.
1389 4925 1477 4979 Sic
1516 4928 1659 4981 enim
1704 4931 1754 4982 in
1786 4930 2016 5001 Egypto
2043 4950 2252 5005 quoque

679 5007 912 5063 tenebrae
937 5020 1088 5066 erant
1111 5053 1124 5074 ,
1157 5030 1259 5068 non
1288 5016 1428 5085 quod
1459 5032 1562 5071 nox
1588 5029 1768 5086 esset,
1799 5023 1892 5076 sed
1914 5024 2054 5092 quod
2081 5027 2250 5097 caligo

678 5105 823 5149 esset
851 5095 1062 5153 inducta
1108 5100 1128 5173 (
1159 5101 1324 5157 Exod.
1357 5104 1444 5159 l0.
1475 5107 1545 5159 22
1571 5124 1677 5179 sqq.
1713 5108 1732 5180 )
1780 5109 1868 5166 Sic
1895 5122 1948 5166 et
1987 5115 2037 5167 in
2071 5095 2249 5172 monte

678 5185 804 5240 Sina
830 5185 1028 5244 factum
1055 5201 1173 5258 est;
1209 5196 1439 5252 tenebrae
1476 5210 1628 5253 erant
1670 5217 1772 5256 non
1819 5221 1885 5259 ex
1934 5217 2123 5273 nocte,
2155 5210 2247 5265 sed

742 5334 905 5408 'Jttaac
921 5335 997 5408 ⁸ἱιι
1035 5337 1549 5408 savilioadditamento
1587 5352 1722 5395 aucta
1766 5347 1995 5408 leguntur
2032 5352 2078 5399 in
2121 5353 2248 5404 hunc

675 5393 1107 5478 m-ogpmzmdg
1129 5407 1294 5478 autent
1310 5402 1436 5452 dixit
1460 5412 1587 5478 Deus
1610 5417 1627 5454 :
1659 5393 1984 5478 alt-‘iai
2099 5393 2248 5478 imp;

675 5453 875 5534 {gigni
1058 5458 1196 5534 geret
1204 5475 1228 5531 ί
1250 5467 1294 5509 et
1305 5476 1408 5534 noon
1422 5453 1718 5534 erubescunt
1728 5453 1976 5534 aliialii;
1986 5453 2244 5527 ﬁcii";-

681 5518 1025 5591 Earem‘ﬁtia.
1053 5521 1101 5569 Si
1132 5518 1261 5588 enim
1283 5523 1470 5591 damon
1492 5526 1550 5575 sit
1574 5518 1857 5591 abyssu‘s,et
1875 5518 2243 5588 ὀξέιὸῦῖῖιῖἶῶ-

674 5573 793 5652 grta,
830 5585 876 5652 et
910 5578 953 5652 si
968 5593 1104 5652 cum.
1120 5583 1222 5639 iam
1258 5583 1471 5652 abyssus
1488 5573 1541 5635 et
1564 5573 2091 5652 Δξέέιῗιίιῖἶαῖίεἶᾶτέςῖξῖεῆθὲἶιῖ

675 5633 890 5720 digerit:
915 5639 1064 5720 a'lu'iut
1087 5633 1190 5720 lum,
1202 5660 1234 5720 ι»
1256 5653 1300 5692 et
1319 5633 1410 5720 ius:
1429 5633 1670 5701 sit

735 5699 809 5752 (al
843 5707 936 5751 ttoc
957 5699 1279 5755 contendebat
1300 5709 1550 5769 Origenes.

2149 377 2514 435 SEVERIANI

3863 416 3972 471 43ίὶ

2392 493 2532 547 nube
2555 493 2905 551 obumbrante
2938 500 2956 569 (
2989 497 3136 553 Deut.
3170 503 3222 555 4.
3253 503 3309 556 ll
3345 501 3388 572 ).
3413 504 3497 559 Sic
3526 506 3687 560 etiam
3719 508 3772 561 in
3800 525 3959 567 cruce

2380 584 2577 637 Christi
2609 587 2839 640 tenehrm
2867 588 3017 641 facta:
3045 602 3167 643 sunt
3194 633 3207 654 ,
3254 609 3356 646 nou
3404 596 3722 652 adveniente
3756 610 3914 653 nocte
3941 643 3954 664 ,

2381 677 2472 731 sed
2501 679 2683 732 umbra
2707 689 2760 733 et
2788 682 3146 735 obstructione
3176 683 3331 737 facta.
3358 685 3428 738 lta
3456 704 3557 739 non
3587 699 3797 756 oportet
3825 690 3960 744 divi-

2381 781 2446 818 na
2471 767 2678 835 eloquia
2735 777 2935 824 temere
2962 773 3192 840 aggredi.
3232 774 3295 826 Et
3323 778 3527 843 spiritus
3557 777 3652 830 Dci
3677 782 3959 849 superfere-

2381 854 2526 908 batur
2551 873 2702 924 super
2726 859 2948 930 aquam(
2979 861 3104 913 Gen.
3141 864 3190 916 l.
3222 864 3255 916 2
3287 866 3324 930 ).
3352 864 3603 932 Spiritum
3641 879 3801 921 vocat
3827 887 3957 924 ven-

2382 954 2515 1007 tum,
2547 956 2601 998 ut
2624 947 2745 999 alibi
2769 948 2893 1001 dicit
2924 965 2936 1000 :
2977 949 3040 1001 In
3068 953 3244 1019 spiritu
3265 955 3532 1007 vehementi
3556 967 3780 1012 conteres
3804 977 3954 1014 nam

2383 1035 2589 1090 Tharsis
2623 1037 2790 1106 (Psal.
2823 1041 2908 1093 47.
2941 1043 3029 1111 8):
3065 1045 3304 1110 spiritum
3339 1061 3536 1099 vocans
3564 1052 3702 1101 aeris
3730 1063 3953 1105 motum.

2377 1123 2457 1178 Ne
2490 1136 2642 1194 putes
2671 1131 2812 1181 enim
2854 1132 2992 1184 aliud
3037 1148 3156 1188 esse
3194 1151 3368 1189 aerem
3400 1179 3412 1201 ,
3445 1148 3496 1190 et
3523 1140 3665 1192 aliud
3692 1153 3907 1195 \entntn
3943 1161 3953 1197 :

2382 1215 2495 1282 ipse
2523 1219 2718 1286 quippe
2744 1234 2836 1272 aer
2872 1223 3166 1276 concitatus
3207 1236 3420 1278 ventum
3455 1227 3578 1281 facit
3605 1271 3618 1293 ,
3666 1242 3720 1283 ut
3748 1234 3958 1298 experi-

2381 1317 2562 1359 mento
2583 1311 2978 1377 comprobatur.
3016 1314 3168 1381 Saepe
3199 1315 3356 1383 igitur
3379 1316 3588 1370 flabello
3616 1331 3708 1372 aut
3733 1323 3956 1378 sindone

2378 1397 2715 1464 tranquillum
2745 1415 2920 1454 aerem
2949 1417 3350 1459 commovemns
3377 1448 3389 1468 ,
3441 1417 3494 1459 et
3532 1423 3596 1460 ex
3637 1411 3780 1462 aeris
3809 1424 3954 1466 motu

2379 1497 2596 1540 ventum
2622 1488 2860 1544 facimus.
2893 1492 3103 1562 Utergo
3131 1511 3196 1549 ex
3225 1497 3337 1564 ipso
3357 1499 3541 1565 spiritu
3564 1500 3961 1558 demonstrare-

2379 1586 2466 1630 tur
2493 1589 2706 1632 ventum
2750 1597 2867 1636 esse
2910 1585 3047 1636 aeris
3092 1596 3331 1650 motum,
3376 1586 3473 1641 hac
3500 1589 3567 1642 de
3594 1605 3756 1643 causa
3787 1592 3955 1655 dixit,

2379 1665 2822 1735 Superfercbatur.
2858 1672 3133 1741 Proprium
3159 1675 3299 1728 enim
3337 1688 3493 1730 vento
3520 1689 3602 1731 est
3629 1688 3686 1732 ut
3717 1682 3961 1750 superfe-

2376 1768 2525 1812 ratur
2550 1763 2824 1815 creationi.
2871 1763 3016 1818 Dixit
3051 1765 3188 1820 Deus
3218 1807 3231 1829 ,
3276 1767 3396 1821 Fiat
3423 1770 3528 1822 lux.
3557 1770 3663 1824 Cur
3691 1788 3798 1824 non
3831 1774 3961 1826 dixit

2377 1847 2605 1918 Moyses,
2643 1851 2784 1904 Dixit
2810 1853 2948 1906 Deus
2977 1896 2989 1917 ,
3025 1853 3142 1908 Fiat
3171 1857 3355 1910 caelum
3379 1898 3393 1920 ,
3425 1857 3510 1910 fiat
3539 1874 3690 1914 mare
3713 1898 3730 1924 ,
3764 1863 3856 1914 sed
3892 1864 3957 1915 ibi

2375 1937 2588 2005 quidem
2612 1980 2626 2004 ,
2653 1939 2796 1993 Fecit
2821 1981 2834 2004 ,
2867 1941 2953 1996 hic
2973 1959 3131 2008 vero,
3164 1944 3336 2010 Dixit,
3363 1948 3792 2017 quandoquidem
3822 1953 3960 2021 apud

2377 2041 2476 2080 nos
2503 2043 2678 2083 sermo
2704 2033 2958 2099 prteccdit
2985 2048 3119 2103 opus
3145 2053 3156 2087 :
3181 2051 3300 2089 nam
3329 2038 3499 2104 primo
3523 2039 3751 2094 dicimus
3775 2083 3788 2106 ,
3813 2042 3960 2096 doin-

2376 2114 2443 2169 de
2483 2115 2747 2173 facimus?
2773 2120 3068 2178 Ostendere
3098 2125 3278 2180 volens
3307 2125 3472 2180 Deum
3524 2129 3698 2196 primo
3737 2129 3952 2196 facere;

2375 2213 2434 2257 ut
2455 2208 2597 2260 omni
2624 2224 2871 2265 sermone
2891 2213 3210 2268 velociorem
3238 2219 3561 2271 creationem
3590 2233 3708 2274 esse
3738 2221 3958 2276 demon-

2375 2304 2542 2360 stret;
2574 2301 2789 2368 quando
2811 2304 3084 2358 materiam
3110 2307 3306 2361 virtute
3335 2323 3427 2361 sua
3454 2319 3616 2369 creat.
3649 2311 3778 2366 dicit
3805 2314 3954 2377 illud,

2375 2386 2523 2441 Fecit
2547 2407 2565 2454 ;
2587 2391 2797 2459 quando
2822 2403 2999 2449 autem
3023 2397 3197 2450 omnia
3227 2399 3361 2452 Deus
3392 2409 3680 2455 ornaturus
3705 2413 3844 2468 erat,
3867 2421 3958 2459 or-

2374 2490 2531 2534 natus
2560 2493 2734 2538 autem
2761 2483 3060 2553 hujusmodi
3093 2490 3408 2557 principium
3432 2492 3519 2546 lux
3550 2504 3685 2559 erat,
3720 2505 3847 2550 tunc
3874 2499 3954 2550 in-

2373 2570 2518 2624 ducit
2547 2576 2867 2628 coneinnum
2897 2590 3218 2632 sermonem.
3251 2579 3316 2633 Et
3343 2582 3465 2649 quia
3489 2598 3700 2636 rursum
3723 2587 3950 2652 primum

2375 2658 2467 2712 Dei
2513 2675 2644 2728 opus
2684 2664 2773 2716 lux
2807 2705 2819 2722 .
2868 2676 3192 2732 postremum
3242 2685 3366 2722 vero
3415 2671 3579 2726 homo
3624 2673 3752 2727 fuit:
3785 2677 3957 2744 primo

2373 2749 2514 2802 Deus
2531 2751 2698 2805 lucem
2713 2764 2963 2822 aperatur
2979 2760 3162 2820 verbo,
3185 2767 3452 2826 postremo
3471 2761 3742 2816 hominem
3767 2781 3949 2834 opere,

2378 2855 2406 2891 a
2443 2839 2559 2894 luce
2583 2842 2632 2894 in
2661 2845 2830 2896 lucem
2857 2845 3128 2901 desinens.

2443 2928 2493 2982 6.
2529 2929 2694 2983 Homo
2727 2935 2974 2998 quomodo
3013 2936 3119 2989 lux.
3156 2967 3219 2975 —
3245 2937 3522 3003 Quomodo
3552 2951 3730 2995 autem
3783 2944 3943 2997 homo

2373 3015 2461 3070 lux
2488 3020 2574 3081 sit,
2610 3021 2753 3074 audi.
2780 3022 2891 3076 Lux
2922 3039 3005 3076 res
3035 3026 3269 3080 ostendit
3295 3046 3306 3079 :
3338 3028 3422 3081 lux
3449 3031 3629 3084 mundi
3655 3032 3817 3086 homo
3835 3045 3947 3088 est:

2373 3104 2646 3175 ingressus
2683 3111 2920 3165 ostendit
2966 3114 3057 3167 tibi
3091 3115 3260 3169 lucem
3293 3118 3444 3182 artis,
3481 3120 3651 3175 lucem
3687 3124 3944 3177 scientia).

2373 3196 2484 3251 Lux
2533 3201 2770 3255 ostendit
2819 3203 3164 3273 frumentum,
3194 3209 3540 3278 intelligentia
3572 3229 3761 3281 panem
3794 3218 3946 3280 fecit;

2374 3288 2463 3342 lux
2491 3291 2728 3344 ostendit
2757 3293 2924 3348 vinea:
2959 3311 3149 3359 uvam;
3178 3298 3263 3351 lux
3296 3299 3661 3370 intelligentiae
3709 3305 3950 3360 exhibuit

2372 3380 2554 3434 vinum
2578 3423 2591 3444 ,
2631 3384 2772 3452 quod
2804 3385 2854 3437 in
2884 3401 2984 3439 uva
3032 3390 3367 3456 continetur,
3400 3392 3487 3445 lux
3516 3398 3836 3450 monstravit
3883 3399 3950 3451 la-

2375 3486 2535 3533 nam,
2595 3474 2683 3526 lux
2715 3474 2946 3530 hominis
2992 3477 3236 3532 exhibuit
3285 3491 3486 3535 vestem
3533 3484 3660 3538 :lux
3717 3489 3950 3541 ostendit

2374 3571 2632 3626 montem,
2668 3564 2755 3618 lux
2792 3567 3156 3637 intelligentia!
3179 3572 3800 3643 exhiimitlapicidinam.
3827 3580 3946 3634 Ideo

2370 3651 2621 3706 Servator
2649 3654 2821 3708 lucem
2849 3667 3005 3710 vocat
3045 3662 3318 3728 apostolos
3347 3662 3428 3716 his
3449 3666 3627 3720 verbis
3653 3685 3665 3719 :
3709 3667 3806 3722 Vos
3830 3673 3947 3724 estis

2372 3739 2462 3794 tua:
2485 3745 2658 3796 mundi
2682 3745 2892 3812 (Matth.
2920 3749 2971 3802 5.
2998 3749 3106 3818 Η).
3142 3749 3248 3804 Cur
3276 3753 3392 3807 illos
3414 3755 3586 3810 lucem
3615 3761 3943 3816 vocat?Non

2371 3840 2427 3883 ut
2455 3831 2575 3886 illos
2600 3833 2797 3889 afficiat
2834 3837 3039 3893 honore
3072 3849 3277 3895 tantum
3300 3884 3313 3901 .
3356 3845 3448 3898 sed
3494 3849 3654 3900 etiam
3691 3859 3746 3902 ut
3794 3866 3942 3920 spem

2369 3923 2778 3975 resurrectionis
2804 3925 3069 3979 ostendat.
3102 3928 3558 3995 Quemadmodum
3582 3938 3723 3989 enim
3742 3938 3828 3992 lux
3857 3957 3943 3992 ve-

2368 4022 2523 4076 spere
2544 4011 2792 4064 occidens
2821 4028 2924 4068 non
2967 4018 3141 4084 perit,
3183 4020 3275 4072 sed
3306 4020 3670 4089 absconditur,
3719 4038 3771 4080 et
3803 4040 3942 4096 post-

2366 4112 2524 4164 quam
2548 4099 2756 4153 occulta
2778 4100 2898 4168 fuit,
2932 4119 3141 4157 rursum
3170 4116 3392 4175 apparet
3421 4127 3432 4160 :
3465 4111 3544 4165 sic
3584 4121 3638 4167 et
3668 4114 3828 4170 homo
3849 4134 3936 4171 ve-

2367 4184 2444 4239 lut
2479 4186 2530 4239 in
2565 4203 2812 4243 occasum
2868 4193 3152 4260 quemdam
3194 4195 3245 4248 in
3287 4199 3589 4266 sepulcrum
3632 4204 3931 4268 demissus.

2365 4280 2775 4334 resurrectionis
2808 4296 3018 4335 rursum
3047 4285 3185 4338 ortui
3209 4300 3470 4342 servatur.
3517 4291 3639 4345 Fiat
3665 4296 3772 4348 lux.
3800 4297 3936 4352 Dixit

2367 4364 2565 4420 factam
2599 4384 2719 4424 esse
2746 4386 2759 4433 ;
2792 4387 2898 4439 quo
2931 4383 3110 4428 autem
3138 4378 3318 4441 modo,
3345 4396 3450 4434 non
3490 4382 3800 4452 declaravit,
3850 4405 3937 4443 ne-

2367 4467 2471 4521 que
2497 4455 2654 4508 etiam
2673 4457 2872 4512 didicit.
2895 4459 3026 4515 Nam
3040 4464 3278 4531 quodlux
3307 4466 3438 4522 facta
3465 4471 3553 4535 sit,
3580 4474 3770 4542 inquit,
3796 4477 3928 4530 bene

2365 4545 2485 4598 novi
2517 4563 2532 4601 :
2564 4549 2834 4615 quomodo
2855 4559 3031 4607 autem
3057 4553 3192 4612 facta
3219 4558 3288 4611 sit
3316 4574 3418 4613 non
3450 4563 3623 4631 capio.
3655 4565 3780 4621 ldeo
3807 4568 3929 4622 Ser-

2366 4645 2518 4689 vator
2539 4641 2796 4706 apostolis
2826 4641 3037 4698 dicebat
3070 4663 3082 4695 :
3117 4645 3238 4701 Non
3264 4661 3480 4705 vestrum
3530 4666 3603 4708 est
3631 4673 3778 4712 nosse
3803 4671 3925 4714 tem-

2360 4741 2483 4792 pora
2509 4729 2584 4781 vel
2628 4742 2879 4785 momenta
2901 4775 2914 4799 ,
2944 4751 3057 4803 qua:
3083 4736 3245 4792 Pater
3270 4745 3432 4808 posuit
3460 4745 3512 4797 in
3539 4763 3633 4800 sua
3671 4760 3927 4819 potestate

2359 4815 2490 4883 (Act.
2518 4820 2570 4872 l.
2596 4820 2670 4886 7).
2721 4823 2879 4890 Atqui
2933 4840 3036 4878 non
3068 4837 3153 4880 est
3193 4841 3430 4886 nostrum
3481 4852 3646 4894 nosse
3672 4815 3923 4910 tempora

2357 4905 2438 4958 vel
2466 4918 2734 4962 momenta
2758 4952 2774 4976 ,
2811 4921 2863 4965 et
2904 4914 3187 4971 Dominum
3234 4928 3532 4989 temporum
3565 4927 3924 5002 Opificemque

2354 4997 2677 5051 saeculorum
2709 5010 2960 5067 poterunt
2991 5004 3219 5061 humana
3250 5013 3531 5069 ratiocinia
3566 4997 3920 5087 comprehen-

2352 5083 2518 5139 dere?
2544 5085 2686 5139 Dixit
2712 5087 2872 5154 Deus,
2907 5090 3025 5145 Fiat
3055 5094 3144 5148 tua:
3171 5112 3190 5149 :
3218 5109 3263 5151 et
3293 5100 3428 5169 facta
3448 5113 3521 5156 est
3547 5105 3638 5158 lux
3692 5083 3841 5175 (Gen.
3869 5113 3917 5164 Ι.

2352 5175 2429 5245 3).
2474 5175 2519 5231 Ο
2572 5188 2808 5234 sanctam
2850 5183 2991 5237 illam
3025 5200 3376 5260 magnamque
3411 5195 3743 5262 potentiam!
3772 5214 3806 5252 ο
3836 5201 3918 5254 in-

2351 5268 2528 5335 gentia
2557 5269 2811 5324 miraeula
2838 5274 2850 5326 !
2878 5271 3041 5329 Facta
3069 5288 3141 5331 est
3164 5282 3255 5335 tua:
3281 5296 3299 5334 :
3339 5293 3385 5334 et
3406 5293 3558 5337 vocat
3585 5285 3720 5342 Deus
3760 5291 3913 5344 lucem

2353 5356 2505 5421 diem,
2536 5367 2580 5411 et
2601 5361 2826 5416 tenebras
2855 5374 3047 5419 noctem
3078 5367 3226 5436 (Gen.
3270 5372 3317 5424 l.
3351 5373 3430 5438 5).
3459 5373 3564 5428 Cur
3587 5392 3746 5443 porro
3774 5381 3911 5436 dic-

2352 5458 2527 5518 ἡμέραν
2571 5454 2762 5506 vocat?
2820 5455 3081 5520 Quoniam
3131 5462 3386 5531 quidquid
3419 5463 3594 5520 laetum
3621 5479 3674 5523 et
3703 5470 3866 5528 hilare
3891 5515 3905 5538 ,

2352 5549 2518 5610 ἥμερον
2569 5543 2682 5598 sive
2719 5545 2872 5602 dulce
2899 5547 3114 5605 dicitur.
3157 5552 3282 5606 ldeo
3325 5555 3482 5609 etiam
3532 5559 3904 5632 benignitatem

2353 5640 2622 5703 ἡμιρότητα
2663 5650 2914 5693 vocamus
2934 5680 2948 5703 ,
2983 5650 3038 5696 et
3056 5641 3262 5697 cicures
3287 5644 3584 5703 animantes
3611 5659 3800 5722 ἡμέρους
3827 5655 3877 5708 di
3888 5685 3903 5697 -

2349 5721 2535 5776 cimus.
2562 5723 2628 5780 Et
2655 5727 2842 5784 vocavit
2874 5728 3008 5784 Deus
3025 5730 3186 5786 lucem
3207 5732 3336 5786 diem
3359 5774 3377 5802 ,
3401 5743 3448 5789 et
3467 5721 3901 5797 tenebrasuocavit
