4158 6320
198 358 318 413 435

222 452 338 505 Καὶ
362 453 391 504 6
418 450 606 521 Σωτὴρ
631 451 706 513 δὲ,
734 451 819 504 ἵνα
845 450 1012 522 δείξῃ.
1046 453 1125 504 ὅτι
1155 455 1215 504 16
1246 451 1355 522 πῦρ
1378 452 1468 504 καὶ
1492 454 1524 522 ή
1553 447 1804 520 ἀστραπὴ

225 539 492 606 συγγενές
525 540 663 604 ἐστι,
694 540 838 607 λέγει
868 542 925 592 ἐν
958 540 1036 608 τῷ
1075 540 1390 608 Εὐαγγελίῳ
1414 556 1426 569 ο
1475 539 1536 591 '0
1580 538 1808 604 λύχνος

223 625 335 678 τοῦ
365 625 637 693 σώματός
651 627 820 678 ἐστιν
843 629 876 678 ό
895 627 1221 693 ὀφθαλμός.
1239 625 1379 678 Ἐὰν
1401 621 1516 678 οὖν
1535 625 1568 676 ό
1589 623 1810 689 ὀφθαλ-

218 713 338 781 μός
371 730 486 766 σου
515 713 796 781 φωτεινὸς
818 707 878 781 ᾗ,
903 713 1039 765 ὅλον
1076 713 1141 763 τὸ
1179 710 1348 779 σῶμά
1375 727 1490 764 σου
1521 706 1810 778 φωτεινόν

221 801 422 852 ἔσται.
457 800 640 853 Ταῦτα
686 803 712 852 6
763 800 970 868 Σωτήρ.
1011 794 1142 850 Εἶτα
1177 799 1403 864 ἐπάγει·
1442 797 1541 861 Ὠς
1590 795 1736 848 όταν
1775 796 1808 846 ό

221 889 458 954 λύχνος
494 885 568 954 τῇ
607 885 884 952 ἀστραπῇ
916 885 1129 953 φωτίῖῃ
1156 901 1230 938 σε
1256 901 1268 914 ·
1311 885 1502 956 λύχνου
1525 883 1807 954 ἀστραπὴν

219 973 397 1025 εἰπὼν
426 974 519 1043 τὴν
546 973 718 1042 αὐγὴν
749 961 842 1024 τοῦ
872 972 1080 1039 λύχνου.

292 1066 358 1112 ε’.
402 1062 586 1112 Πάντα
613 1056 702 1112 οὖν
729 1061 973 1127 ἐγένετοο
1025 1059 1137 1128 πῦρ
1169 1057 1404 1126 ἐγένετο,
1433 1056 1656 1111 ἄϐυσσοι
1688 1055 1810 1122 ἐγέ-

220 1166 400 1210 νοντο,
431 1151 640 1216 ἄνεμοι,
674 1148 742 1200 τὰ
774 1150 1012 1218 τέσσαρα
1044 1149 1304 1216 στοιχεῖα,
1336 1146 1429 1215 γῆ,
1474 1145 1606 1214 πῦρ,
1639 1143 1805 1213 ὕδωρ,

221 1235 352 1304 ἀήρ.
395 1235 502 1286 Καὶ
545 1233 650 1303 γὰρ
698 1233 838 1304 ἅπερ
891 1233 1214 1304 παρέλειψεν
1255 1233 1330 1295 ὼς
1373 1235 1431 1285 ἐν
1477 1231 1805 1302 παραδόξῳσι

221 1321 720 1389 ἀνακεφαλαιοῦται
765 1321 1004 1391 Μωῦσῆς
1047 1322 1252 1389 λέγων’
1296 1321 1400 1374 Ἐν
1449 1318 1518 1384 ἐξ
1561 1319 1806 1387 ἡμέραις

219 1411 516 1477 ἐποίησεν
544 1411 576 1464 ό
606 1410 748 1474 Θεὸς
784 1408 890 1463 τὸν
921 1408 1181 1476 οὐρανὸν
1228 1409 1325 1462 καὶ
1373 1407 1490 1476 τὴν
1527 1407 1662 1480 γῆν,
1706 1407 1806 1459 καὶ

220 1497 425 1550 πάντα
454 1497 522 1550 τὰ
546 1497 614 1550 ὲν
634 1498 1074 1568 αὑτοῖς.Ὦσπερ
1098 1495 1156 1549 δὲ
1187 1496 1279 1549 ἐπὶ
1308 1494 1402 1548 τοῦ
1429 1493 1677 1564 σώματος
1707 1493 1806 1547 οὐκ

220 1578 345 1635 εἷπε
375 1585 551 1637 πάντα
580 1585 646 1635 τά
677 1584 835 1653 μέλη,
859 1583 1030 1647 οὕτως
1055 1582 1175 1636 οὐδέ
1196 1582 1288 1635 ἐπὶ
1320 1585 1418 1652 τῆς
1451 1581 1806 1653 δημιουργίας

221 1669 650 1741 ἐξηριθμήσατο,
701 1671 748 1722 εἰ
799 1671 892 1723 καὶ¹
939 1670 1118 1724 πάντα
1160 1668 1676 1739 συγκατεσκευάσθη
1728 1667 1807 1738 τῷ

224 1755 437 1824 κόσμῳ.
465 1756 527 1807 El
556 1755 611 1806 δέ
649 1756 722 1826 μὴ
747 1750 814 1824 ἦν
842 1756 899 1809 ἐν
931 1757 997 1827 τῇ
1035 1757 1104 1827 γῇ
1148 1755 1281 1826 πῦρ,
1321 1756 1420 1808 οὐκ
1462 1755 1527 1809 ἂν
1568 1757 1804 1826 σήμερον

221 1842 332 1894 ἀπὸ
367 1841 570 1910 πέτρας
602 1840 710 1910 πῦρ
738 1841 1008 1907 ἐξέϐαλον,
1041 1843 1073 1913 ἢ
1103 1842 1210 1895 ἀπὸ
1237 1842 1426 1908 ξύλου⁸
1473 1841 1806 1914 παρατριϐό-

226 1944 388 1995 μενον
417 1927 526 1998 γάρ
548 1927 609 1979 τὸ
636 1926 787 1991 ξύλον
813 1926 922 1998 πῦρ
946 1930 1128 1999 γεννᾷ.
1159 1928 1400 2000 Πρόσεχε
1423 1923 1515 1982 οὖν
1541 1928 1801 1999 ἀκριϐῶς.

224 2018 449 2081 Σκότος
496 2011 597 2085 ἦν,
627 2017 810 2085 φησιν,
853 2017 1053 2070 ἐπάνω
1085 2016 1195 2084 τῆς
1232 2012 1679 2087 ἀϐύσσουῘΑρα
1712 2012 1804 2070 οῦν

225 2103 436 2165 σκότος,
466 2103 650 2173 φησὶν,
681 2105 710 2156 6
728 2103 858 2166 Θεὸς
886 2103 1139 2174 ἐποίησεν
1160 2122 1174 2170 ;
1200 2104 1434 2174 Οἴδαμεν
1455 2100 1548 2158 οὖν
1567 2105 1648 2158 ὅτι
1670 2103 1802 2173 βαθὺ

223 2191 283 2242 16
312 2191 493 2261 νόημα
515 2207 527 2222 ’
560 2190 672 2245 ἀλλ’
704 2191 891 2262 ἐπειδὴ
940 2190 1143 2261 μεταξύ
1192 2194 1358 2261 ἐσμεν
1409 2191 1666 2254 πολλάκις
1710 2194 1804 2246 καὶ

225 2276 330 2328 τῶν
373 2276 673 2347 ἀγαπητῶς
721 2277 1047 2340 ἀκουόντων,
1086 2276 1178 2330 καὶ
1202 2278 1309 2331 τῶν
1338 2277 1802 2349 ἐπιλαμϐάνεσθαι

226 2361 544 2429 φιλούντων,
571 2363 781 2434 ἀνάγκη
829 2365 905 2435 μὴ
943 2363 1303 2433 παραλείπειν
1325 2365 1680 2431 ἀνεξέταστον
1712 2366 1802 2418 1.6V

226 2449 401 2518 λόγον,
431 2451 516 2503 ἵνα
550 2450 624 2521 μὴ
653 2450 860 2520 μεγάλη
891 2452 990 2520 μὲν
1016 2453 1314 2520 ἐπαγγελία
1343 2449 1400 2525 ᾗ,
1438 2453 1630 2522 μικρὸν
1660 2454 1717 2506 δὲ
1743 2454 1804 2505 16

226 2537 590 2606 ἀποτέλεσμα.
625 2537 794 2590 Πόθεν
819 2534 912 2590 οὖν
937 2538 996 2590 τὸ
1024 2540 1246 2603 σκότος;
1292 2540 1348 2590 Ὀ
1369 2539 1476 2610 γὰρ
1496 2540 1626 2602 Θεὸς
1649 2541 1798 2606 αὐτὸ,

230 2624 413 2693 φησὶν,
441 2625 540 2675 οὑκ
572 2623 826 2693 ἐποίησε·
860 2624 990 2687 Θεὸς
1015 2626 1143 2696 γάρ,
1185 2628 1369 2695 φησὶν,
1396 2626 1518 2680 οὔτε
1554 2628 1799 2690 σκότους,

226 2709 346 2761 οὔτε
377 2710 610 2777 γνόφους
634 2711 780 2764 ἐστὶν
810 2713 1065 2783 ἐργάτης.
1086 2713 1149 2765 Τί
1170 2731 1296 2767 ποτε
1321 2711 1411 2768 οὖν
1442 2717 1558 2767 ἐστι
1582 2715 1798 2780 σκότος;

228 2795 416 2848 Πολλοὶ
443 2795 714 2866 ἠθέλησαν
745 2799 940 2862 εἰπεῖν,
976 2800 1330 2870 ἀποσκίασμα
1357 2796 1493 2855 εἶναι
1522 2800 1616 2854 τοῦ
1637 2803 1801 2872 οὐρα-

227 2881 441 2944 νοῦ.Ὠς
492 2882 600 2951 γάρ
647 2885 879 2951 ἐγένετο,
911 2887 1092 2956 φησὶν,
1124 2887 1152 2938 6
1197 2887 1422 2956 οὐρανὸς
1467 2888 1495 2939 6
1540 2887 1668 2952 ἄνω,
1707 2886 1800 2940 καὶ

228 2969 444 3042 ἐλείφθη
472 2969 538 3021 τά
575 2970 728 3039 φῶτα
756 2971 820 3023 τὰ
851 2973 982 3033 ἀνω,
1014 2971 1300 3042 ἐγυμνώθη
1333 2973 1454 3042 ήγῆ
1477 2974 1568 3026 καὶ
1588 2974 1802 3043 ἐγένετο

231 3059 436 3120 σκότος.
457 3058 593 3109 Ἀλλ’
632 3059 659 3110 6
691 3059 914 3128 οὐρανὸς
948 3059 1059 3110 ἀνω
1093 3061 1352 3126 φωτεινός
1385 3062 1554 3123 ἐστιν,
1586 3063 1645 3114 οὺ
1674 3079 1800 3116 σκο-

227 3147 416 3211 τεινὸς,
443 3147 544 3200 κᾶν
576 3148 650 3218 μὴ
672 3144 782 3217 εἶχε
806 3149 895 3199 τὸν
914 3149 1083 3217 ἥλιον,
1106 3148 1252 3218 ἢτὴν
1277 3149 1523 3220 σελήνην,
1544 3151 1575 3220 ἢ
1600 3151 1795 3224 ἄστρα,

228 3235 391 3305 αὐτὴν
430 3231 542 3304 εἶχε
578 3235 675 3304 τὴν
705 3235 864 3302 φύσιν
897 3234 1234 3304 λάμπουσαν.
1279 3236 1340 3289 Εἰ
1379 3233 1470 3289 οὖν
1507 3239 1534 3287 6
1572 3238 1797 3309 οὐρανὸς

227 3324 510 3385 ἐπέκειτο,
552 3323 584 3392 ή
623 3321 675 3374 δέ
714 3323 783 3391 γῆ
821 3322 1039 3392 ἧπλωτο
1063 3363 1076 3387 ,
1117 3325 1144 3375 6
1181 3323 1411 3393 λάμπων
1449 3325 1654 3378 ἀνωθεν
1682 3367 1696 3390 ,
1735 3326 1795 3379 16

227 3408 593 3477 φωτιζόμενον
629 3407 892 3473 κάτωθεν,
934 3409 1095 3462 πόθεν
1133 3410 1191 3464 τὸ
1232 3411 1462 3478 σκότος;
1515 3413 1666 3483 Ἐμοὶ
1704 3411 1795 3468 οὖν

225 3497 386 3560 δοκεῖ,
415 3497 602 3567 ἐπειδὴ
630 3497 931 3561 ἐπεπόλαζε
957 3497 1017 3550 16
1051 3498 1193 3569 ὕδωρ
1218 3502 1282 3570 τῇ
1316 3503 1408 3572 γῇ,
1433 3501 1597 3571 ἀχλὺς
1623 3502 1677 3554 δὲ
1704 3504 1797 3556 καὶ

227 3587 416 3653 γνόφος
455 3589 581 3656 περὶ
611 3585 678 3638 τὰ
710 3585 878 3639 ὕδατα
913 3587 1269 3658 συνειστήκει,
1295 3588 1324 3639 ὃ
1349 3589 1440 3641 καὶ
1468 3590 1674 3657 γίνεται
1703 3590 1796 3644 νῦν

227 3672 313 3722 ἐπὶ
336 3675 447 3734 τοῖς
484 3674 764 3740 ποταμοῖς,
799 3673 832 3741 ή
862 3671 1026 3742 ἀχλὺς
1051 3673 1246 3741 ννόφον
1265 3675 1549 3744 ἐγείρουσα
1572 3677 1793 3747 ἐποίησε

226 3759 467 3826 νεφέλας,
488 3757 635 3830 [ΗΞ]
654 3759 711 3811 αἱ
728 3758 943 3827 νεφέλαι
959 3759 1373 3826 ἐπισκιάζουσαι
1400 3763 1585 3826 σκότος
1607 3766 1760 3836 ἐποίη
1772 3795 1792 3806 -

229 3864 342 3901 σαν.
375 3849 497 3900 Ὂτι
538 3849 592 3900 δὲ
629 3848 829 3917 ἐγείρει
863 3847 1057 3917 νεφέλη
1086 3849 1294 3913 σκότος,
1327 3849 1471 3919 λέγει
1499 3853 1532 3924 ή
1560 3853 1746 3925 Γραφή
1777 3872 1789 3883 ·

226 3935 324 3985 Καὶ
347 3937 378 3987 ό
397 3933 652 4000 οἰφανὸς
669 3935 1122 3987 συνεσκότασεν
1136 3936 1204 3989 ἐν
1219 3937 1518 4004 νεφέλαις.
1538 3941 1628 3992 Δεῖ
1646 3941 1700 3994 δὲ
1718 3942 1792 4013 μὴ

226 4020 432 4085 ἀγνοεῖν
471 4021 563 4072 καὶ
597 4020 702 4072 τῶν
738 4020 1029 4090 αίρετικῶν
1061 4019 1162 4084 τὰς
1189 4022 1536 4094 ἀλληγορίας.
1585 4026 1792 4097 Αίρετι-

224 4106 303 4156 κοί
346 4123 491 4168 τινες
540 4106 840 4175 ἐτόλμησαν
891 4109 1084 4170 εἰπεῖν,
1123 4109 1202 4161 ὅτι
1261 4111 1450 4174 σκότος
1492 4115 1521 4166 6
1551 4113 1791 4178 διάϐολός

222 4193 381 4256 ἐστιν,
408 4196 440 4262 ἡ
465 4192 520 4244 δὲ
548 4192 779 4255 ἄϐυσσος
805 4195 853 4245 οἱ
882 4193 1160 4263 δαίμονεςε
1197 4196 1282 4248 ὅτε
1310 4197 1363 4250 δὲ
1387 4195 1537 4252 εἶπεν
1565 4202 1591 4252 6
1617 4203 1746 4266 Θεός
1771 4220 1785 4234 ο

222 4279 531 4344 Γενηθήτω
559 4278 682 4348 φῶς
707 4295 719 4307 ·
749 4281 1040 4342 τουτέστιν,
1067 4282 1094 4332 6
1117 4281 1242 4343 Υἱός
1263 4282 1288 4320 b
1307 4298 1320 4311 °
1350 4284 1408 4335 οὑ
1440 4285 1596 4353 μόνον
1624 4286 1786 4340 αὐτοῦ

223 4367 362 4417 ἐστιν
397 4366 656 4434 ἰσότιμος,
693 4367 826 4420 ἀλλά
859 4369 951 4420 καὶ¹
975 4369 1363 4440 πρεσϐύτερος.
1407 4372 1564 4424 ’Λλλά
1586 4375 1787 4445 ταύτης

224 4454 316 4520 μὲν
339 4455 440 4522 τῆς
479 4455 732 4518 ἀσεϐείας
757 4456 873 4508 οῦδὲ
911 4459 1278 4527 μνημονεῦσαι
1301 4460 1382 4513 δεῖ
1405 4478 1416 4491 ·
1445 4462 1581 4533 ὑπὲρ
1609 4463 1664 4517 δὲ
1691 4467 1784 4518 τοῦ

223 4540 294 4608 μὴ
320 4541 534 4606 ἀγνοεῖν
575 4542 717 4609 ὑμᾶς
753 4543 821 4595 τά
854 4542 1118 4613 λεγόμενα
1147 4548 1558 4618 παρηγάγομεν.
1591 4551 1784 4614 Σκότος

219 4625 392 4677 τοίνυν
422 4622 490 4696 ἦν
512 4627 636 4679 τότε
665 4627 723 4679 16
753 4629 815 4680 ἐκ
846 4629 954 4680 τῶν
985 4631 1240 4699 νεφελῶν.
1278 4633 1432 4686 Ούτω
1456 4637 1564 4706 γὰρ
1594 4631 1660 4707 ἦν
1691 4640 1784 4692 καὶ

220 4710 274 4762 ἐν
301 4713 558 4782 Αἰγύπτῳ
603 4715 810 4776 σκότος,
864 4716 922 4767 οὐ
981 4717 1171 4780 νυκτὸς
1216 4717 1400 4787 οὔσης,
1440 4721 1554 4773 ἀλλ’
1588 4724 1782 4792 ἀχλύος

220 4801 536 4870 γεναμένης.
568 4801 750 4865 Οὕτως
775 4798 842 4872 ἦν
869 4804 962 4854 κα¹ι
983 4805 1041 4856 ἐν
1066 4803 1145 4873 τῷ
1179 4805 1293 4876 ὄρει
1317 4808 1446 4878 Σινᾷ
1464 4826 1477 4840 ο
1512 4811 1697 4874 σκότος
1717 4810 1784 4883 ἧν

218 4885 274 4936 οὐ
308 4888 497 4950 νυκτὸς
531 4890 855 4958 γεναμένης,
880 4890 1014 4944 ἀλλά
1038 4893 1264 4964 νεφέλης
1293 4898 1640 4970 σκιαζόύσης.
1680 4903 1784 4955 Οὓ-

218 4989 318 5036 τως
344 4977 558 5043 ἐγένετο
600 4980 692 5029 καὶ
721 4978 812 5029 ἐπὶ
849 4978 939 5030 τοῦ
981 4980 1215 5051 σταυροῦ
1251 4984 1342 5035 τοῦ
1381 4986 1616 5055 Χριστοῦ
1660 4991 1782 5043 σκό-

275 5153 301 5182 ι
328 5152 406 5225 ξος
453 5155 500 5201 ἐν
523 5154 791 5225 παραδόξῳ,
833 5157 902 5202 sic
945 5155 1240 5225 Vglieanus”:
1269 5161 1356 5225 §ic_
1378 5163 1524 5210 etiam
1548 5163 1779 5225 Savilius,

217 5210 489 5287 {aliutan‘ien
516 5210 790 5287 exeinpifiifi
816 5229 948 5287 usus}:
982 5216 1304 5287 sed-conjicii
1327 5222 1384 5287 Δἐν
1405 5210 1615 5287 παρὸδῷξ
1642 5210 1780 5277 [ίξέί

217 5276 440 5366 ῗὲξῗτέῗηέν
483 5277 685 5366 ’ξαὲἓδᾛ
707 5276 797 5366 31°
828 5278 1012 5366 Si”?
1035 5276 1219 5366 ’ἐξῆῗῴ
1257 5276 1501 5342 Videam",
1534 5276 1780 5366 "51mm?
1873 5317 2011 5366 ραν.

221 5338 399 5400 genum
419 5345 632 5391 mutare.
662 5350 770 5400 eum
797 5339 1013 5397 alioquin
1038 5338 1338 5392 Severianus
1357 5356 1453 5392 non
1480 5338 1588 5396 faro
1608 5338 1778 5400 inscii;

219 5395 283 5439 tas
307 5396 560 5445 verborum
583 5399 798 5445 rationes
819 5395 1051 5447 sedetur.

275 5453 298 5491 δ
320 5457 463 5522 Addit
481 5459 643 5522 SaYili
657 5459 915 5522 τουτέστιν,
949 5461 974 5506 6
998 5458 1104 5515 Υῑὸς
1126 5460 1203 5509 ἵνα
1224 5465 1410 5522 γένηται
1435 5466 1555 5517 εἷπε
1590 5471 1668 5518 καὶ
1690 5473 1777 5520 οῦκ

220 5514 501 5592 αξσχύνρνται
523 5520 611 5593 τὸν,
628 5521 846 5595 διάϐολον
877 5514 1419 5595 πρεσϐύτερον“).έγοντες
1440 5514 1535 5576 τοῦ.

218 5578 490 5651 Ϊάρὲαέμων
505 5581 640 5651 ,έετῖῑθ
673 5581 898 5651 ἀὲυσεὶορν
915 5578 948 5628 ’ὁ
971 5582 1022 5651 δὲ
1055 5578 1282 5651 διάδολοέ
1297 5578 1482 5651 σκότος.
1510 5578 1636 5651 μεὶᾶ
1661 5578 1776 5642 ὲὰῐὲ

219 5638 478 5717 ER“)?!
496 5643 522 5717 (ἒ
541 5641 943 5717 ἓίὒεθὲβνὶθῆτω
966 5643 1020 5688 τὸ
1034 5646 1156 5717 εὼς»
1181 5638 1439 5712 τουτέστιν»
1454 5638 1497 5702 ’ὃ
1511 5638 1648 5717 ’τοι
1672 5638 1770 5706 ὲῖὲο

221 5691 360 5749 Paulo
380 5709 486 5762 post
507 5703 636 5750 idem
650 5691 756 5749 οὐδὲ
779 5691 898 5758 ὅλως
921 5720 978 5762 μν
998 5738 1007 5749 .
1031 5691 1138 5755 ἔδειῖ

533 5787 806 5850 Ριιτιιοι.
854 5791 970 5850 Gn.
1024 5791 1174 5851 LVI.

1303 336 1390 392 DE
1430 334 1644 394 MUNDI
1683 331 2080 390 CREATIONE
2113 335 2286 391 ΟΙΚΑἸ
2303 335 2368 392 10
2409 339 2447 391 1.

3380 351 3493 405 430

1915 466 2024 514 τος,
2054 452 2114 504 οὐ
2142 453 2330 514 νυκτὸς
2364 452 2713 521 ἐπελθούσης,
2739 449 2875 504 αλλά
2918 451 3252 521 σκιάσματος
3281 449 3374 504 καὶ
3399 453 3494 506 ἀν-

1911 536 2215 605 τιφράξεως
2247 554 2378 604 γενα
2387 539 2570 607 μένης.
2593 537 2778 600 Οὕτως
2801 539 2859 590 ού
2882 537 2962 589 δεῖ
2993 537 3175 599 ἁπλῶς
3197 539 3493 607 ἐπιχειρεῖν

1911 627 2019 684 τοῖς
2054 625 2217 687 θείοις
2261 626 2480 691 λογίοις.
2538 627 2645 680 Καὶ
2695 627 2930 695 πνεῦμα
2975 626 3124 679 Θεοῦ
3172 625 3493 694 ἐπεφέρετο

1909 710 2108 764 ἐπάνω
2154 711 2262 766 τοῦ
2309 714 2544 777 ὓδατος.
2577 713 2799 782 Πνεῦμα
2843 712 3000 765 καλεῖ
3036 712 3126 766 τὸν
3156 713 3376 781 ἄνεμον,
3414 711 3492 776 ὡς

1910 798 2055 866 λέγει
2102 798 2362 866 ἀλλαχοῦο
2421 801 2515 851 Ἐν
2568 801 2855 868 πνεύματι
2907 801 3088 866 ,βιαίῳ
3137 801 3492 868 συντρίψας

1909 884 2090 938 πλοῖα
2129 886 2414 953 Θαρσεῖς·
2443 886 2658 954 πνεῦμα
2689 887 2866 938 καλῶν
2902 887 3002 956 τὴν
3030 886 3122 939 τοῦ
3153 887 3310 956 ἀέρος
3339 888 3492 957 κίνη-

1911 988 2014 1024 σιν.
2052 972 2141 1040 Μὴ
2169 972 2276 1041 γάρ
2302 974 2528 1044 νομίσῃς
2563 972 2690 1025 ἄλλο
2717 968 2854 1024 εἶναι
2891 973 3048 1042 ἀέρα,
3092 975 3185 1025 καὶ
3215 974 3341 1027 ἄλλο
3369 973 3492 1027 ἄνε-

1912 1074 2011 1124 μον
2034 1074 2048 1088 ·
2078 1059 2237 1121 αὐτὸς
2265 1059 2372 1129 γὰρ
2408 1063 2435 1111 ό
2463 1061 2569 1131 ἀὴρ
2607 1060 2920 1128 κινούμενος
2968 1063 3111 1112 ποιεῖ
3154 1061 3375 1126 ἄνεμον,
3414 1061 3492 1124 ὡς

1913 1148 2181 1215 μαρτυρεῖ
2208 1145 2417 1208 τούτοις
2451 1149 2482 1216 ή
2521 1150 2702 1214 πεῖρα.
2742 1145 3003 1210 Πολλάκις
3033 1143 3125 1200 οὖν
3154 1149 3185 1216 ἢ
3217 1148 3434 1218 ριπιδίῳ
3455 1147 3489 1217 ἢ

1914 1231 2106 1283 σινδόνι
2137 1232 2474 1302 ἡσυχάζοντα
2506 1234 2594 1286 τὸν
2626 1234 2764 1304 ἀέρα
2795 1234 3075 1305 κινοῦμεν,
3102 1237 3193 1287 καὶ
3232 1233 3490 1304 ποιοῦμεν

1911 1318 2017 1370 ἀπὸ
2043 1319 2138 1387 τῆς
2171 1321 2438 1389 κινήσεως
2467 1322 2560 1373 τοῦ
2587 1320 2746 1390 ἀέρος
2775 1321 2993 1392 ἄνεμον.
3035 1322 3152 1374 Ἵνα
3184 1317 3276 1375 οὖν
3305 1321 3488 1393 δειχθῇ

1911 1404 1976 1456 ἐκ
2000 1403 2093 1456 τοῦ
2128 1405 2456 1475 πνεύματος,
2501 1409 2583 1459 ὅτι
2611 1407 2638 1459 6
2672 1406 2870 1477 ἄνεμος
2899 1409 3058 1480 ἀέρος
3094 1409 3211 1462 ἐστί⁵
3252 1409 3486 1478 κίνησις,

1907 1490 1993 1544 διὰ
2022 1493 2180 1544 τοῦτο
2226 1487 2401 1556 εἶπεν,
2442 1492 2810 1563 Ἐπεφέρετοο
2854 1496 2984 1548 ἴδιον
3024 1496 3133 1567 γὰρ
3175 1495 3376 1566 ἀνέμου
3428 1497 3492 1550 16

1908 1578 2264 1649 ἐπιφέρεσθαι
2301 1582 2364 1648 τῇ
2392 1581 2740 1652 δημιουργίᾳ.
2787 1578 2974 1636 Εἶπεν
3016 1585 3049 1635 ό
3098 1584 3264 1648 Θεός·
3299 1584 3489 1649 Γενη-

1908 1666 2063 1733 θήτω
2101 1666 2245 1734 φῶς.
2316 1669 2468 1722 Διατί
2515 1669 2590 1739 μὴ
2640 1666 2762 1722 εἷπε
2817 1670 3080 1741 Μωῦσῆς,
3124 1672 3205 1723 ὅτι
3256 1669 3422 1724 Εἶπεν
3459 1673 3490 1724 6

1906 1752 2038 1814 Θεός
2065 1771 2076 1783 ο
2109 1755 2398 1825 Γενηθήτω
2443 1756 2690 1829 οὐρανὸς,
2733 1757 3018 1828 γενηθήτω
3061 1757 3326 1821 θάλασσα,
3375 1759 3491 1812 ἀλλ’

1906 1840 2023 1892 ἐκεῖ
2053 1841 2172 1909 μὲν,
2209 1842 2544 1906 Ἐποίησεν,
2592 1839 2694 1896 ὦδε
2747 1843 2824 1908 δέ,
2881 1839 3089 1911 Εἶπεν,
3118 1846 3305 1917 ἐπειδὴ
3358 1847 3489 1918 παρ’

1907 1928 2038 1995 ἡμῖν
2071 1932 2392 1999 προηγεῖται
2422 1929 2578 1997 λόγος
2607 1929 2699 1984 τοῦ
2731 1931 2892 2000 ἔργου
2914 1948 2927 1962 ·
2962 1931 3178 2000 πρῶτον
3199 1932 3306 2004 γάρ
3339 1933 3491 2001 λέγοι

1909 2030 2027 2083 μεν,
2068 2009 2185 2067 εἶτα
2236 2017 2618 2086 ἐργαζόμεθα;
2668 2018 3000 2089 Βουλόμενος
3043 2019 3212 2085 δεῖξαι
3238 2021 3327 2072 τὸν
3359 2019 3490 2073 Θεὸν

1906 2101 2122 2173 πρῶτον
2178 2104 2566 2174 ἐργαζόμενον,
2632 2105 2721 2160 ἵνα
2775 2106 2974 2170 παντὸς
3022 2107 3179 2175 λόγου
3230 2106 3491 2178 ὀξυτέραν

1905 2189 2232 2260 παραστήσῃ
2272 2189 2369 2259 τὴν
2410 2189 2798 2263 δημιουργίανο
2841 2194 2928 2247 ὅτε
2959 2191 3058 2264 μὲν
3090 2194 3189 2257 τάς
3231 2193 3362 2258 ὕλας
3395 2195 3490 2264 ἐρ-

1903 2274 2127 2342 γάζεται
2190 2276 2455 2346 δυνάμει,
2505 2276 2655 2346 λέγει
2713 2279 2813 2346 16,
2884 2281 3234 2348 Ἐποίησεν
3291 2281 3380 2334 ὅτε
3433 2281 3490 2335 δὲ

1903 2360 2094 2430 ἔμελλε
2122 2365 2346 2432 κοσμεῖν
2365 2363 2432 2415 τὰ
2459 2365 2658 2430 πάντα,
2682 2365 2825 2437 ἀρχὴ
2845 2367 2904 2421 δὲ
2923 2368 3017 2420 τοῦ
3049 2369 3255 2438 κόσμου
3287 2368 3350 2421 16
3374 2369 3490 2436 φῶς

1902 2445 1989 2518 ἦν,
2023 2449 2231 2516 εἰσάγει
2261 2449 2417 2516 λόγον
2441 2451 2769 2520 ἁρμόζοντα.
2799 2454 2910 2505 Καὶ
2931 2453 3116 2524 ἐπειδὴ
3147 2455 3310 2508 πάλιν
3333 2455 3488 2525 πρῶο

1901 2552 1991 2586 τον
2015 2535 2172 2605 ἔργον
2199 2536 2333 2589 Θεοῦ
2364 2537 2498 2605 φῶς,
2529 2538 2836 2592 τελευταῖον
2855 2540 2912 2594 δέ
2935 2540 3097 2610 ἔργον
3122 2541 3256 2595 Θεοῦ
3283 2541 3489 2611 ἀνθρωο

1904 2639 2003 2684 πος
2039 2617 2106 2692 ἦν
2128 2638 2140 2651 ·
2173 2622 2387 2692 πρῶτον
2415 2625 2706 2694 ἐργάζεται
2733 2625 2866 2690 Θεὸς
2894 2627 3037 2698 λόγῳ
3063 2629 3124 2681 16
3156 2629 3290 2698 φῶς,
3333 2629 3490 2682 ὓστε-

1906 2725 1995 2777 ρον
2021 2709 2076 2761 δέ
2107 2709 2197 2760 16v
2227 2710 2510 2780 ἄνθρωπον
2535 2711 2702 2782 ἔργῳ,
2737 2713 2844 2766 ἀπὸ
2885 2714 3060 2784 φωτὸς
3088 2717 3168 2779 είς
3203 2715 3320 2785 φῶς
3354 2733 3489 2788 συμ-

1903 2795 2008 2865 πλη
2018 2795 2143 2866 ρῶν.

1973 2890 2044 2948 ς’.
2074 2884 2181 2935 Καὶ
2213 2883 2330 2948 πῶς
2351 2885 2466 2952 φῶς
2487 2886 2581 2940 καὶ
2608 2887 2914 2958 ἄνθρωπος,
2937 2891 3124 2946 ἄκουε.
3147 2891 3220 2944 T6
3244 2892 3358 2959 φῶς
3375 2893 3485 2946 δεί-

1901 2987 2054 3022 κνυσι
2081 2970 2148 3022 τά
2175 2970 2331 3023 ὄνταθ
2358 2973 2417 3024 τὸ
2441 2973 2555 3041 φῶς
2581 2975 2674 3026 τοῦ
2705 2976 2907 3045 κόσμου
2929 2980 2957 3030 6
2976 2978 3260 3047 ἄνθρωπος
3279 2996 3291 3009 ·
3318 2980 3486 3032 εἰσελ-

1901 3055 2009 3108 θὼν
2041 3055 2207 3120 ἐδειξέ
2240 3073 2321 3109 σοι
2360 3057 2475 3126 φῶς
2500 3059 2716 3130 τέχνης,
2751 3061 2866 3129 φῶς
2896 3063 3227 3133 ἐπιστήμης.
3271 3065 3343 3118 T6
3367 3065 3485 3133 φῶς

1899 3143 2065 3209 ἔδειξε
2091 3145 2252 3209 σῖτον,
2285 3146 2318 3215 ή
2352 3145 2564 3208 σύνεσις
2593 3147 2848 3217 ἐποίησεν
2879 3150 3042 3220 ἄρτον
3059 3167 3070 3180 ·
3095 3151 3154 3202 16
3175 3151 3288 3219 φῶς
3315 3151 3484 3217 ἔδειξε

1899 3232 1988 3284 16v
2011 3232 2204 3302 βότρυν
2236 3235 2335 3304 τῆς
2353 3233 2620 3303 ἀμπέλου,
2653 3235 2714 3287 16
2746 3236 2861 3305 φῶς
2894 3238 2991 3307 τῆς
3025 3239 3297 3303 συνέσεως
3314 3240 3483 3307 ἔδειξε

1896 3319 1988 3372 16v
2025 3314 2165 3372 οἶνον
2194 3319 2284 3372 τὸν
2323 3321 2381 3372 ἐν
2409 3320 2485 3389 τῷ
2521 3320 2706 3393 βότρυῖ
2727 3338 2739 3351 ·
2783 3322 2842 3376 16
2881 3325 2995 3393 φῶς
3025 3325 3190 3390 ἔδειξε
3218 3327 3279 3379 16
3313 3328 3481 3398 ἔριον,

1897 3405 1956 3458 16
1985 3405 2099 3474 φῶς
2124 3404 2218 3458 τοῦ
2243 3407 2527 3477 ἀνθρώπου
2558 3409 2757 3473 ἔδειξεν
2791 3411 3002 3480 ἱμάτιον
3022 3430 3035 3444 ·
3059 3415 3118 3465 16
3146 3414 3260 3481 φῶς
3282 3415 3482 3480 ἔδειξεν

1896 3491 2041 3563 ὅρος,
2080 3493 2140 3545 16
2183 3495 2298 3562 φῶς
2349 3494 2446 3563 τῆς
2503 3495 2772 3558 συνέσεως
2828 3497 2996 3565 ἔδειξε
3054 3499 3340 3569 λατομίαν.
3379 3503 3481 3558 Διά

1895 3579 2051 3631 τοῦτο
2076 3580 2169 3632 καὶ
2198 3582 2225 3633 6
2265 3581 2453 3652 Σωτὴρ
2500 3581 2614 3649 φῶς
2643 3583 2798 3635 καλεῖ
2834 3584 2960 3648 τοὺς
3001 3585 3350 3652 ἀποστόλους,
3391 3589 3481 3644 λέ-

1896 3682 2006 3732 γων
2024 3681 2036 3692 ·
2084 3667 2280 3735 ’Υμεῖς
2308 3668 2448 3720 ἐστε
2475 3668 2540 3720 τὸ
2565 3667 2689 3738 φῶς
2713 3669 2819 3725 τοῦ
2849 3674 3103 3742 κόσμου.
3143 3675 3295 3729 Διατί
3325 3676 3480 3730 καλεῖ

1896 3750 2092 3814 αὐτοὺς
2131 3752 2273 3820 φῶςς
2316 3753 2426 3822 Οὐχ
2450 3755 2535 3806 ἵνα
2566 3756 2762 3819 αὐτοὺς
2793 3759 3002 3831 τιμήσῃ
3032 3760 3211 3830 μόνον,
3245 3762 3359 3816 ἀλλ’
3392 3764 3478 3820 ἴνα

1896 3840 1988 3890 καὶ
2026 3839 2123 3908 τὴν
2154 3837 2304 3910 [445]
2344 3839 2534 3894 ἐλπίδα
2563 3843 2664 3912 τῆς
2691 3845 3042 3910 ἀναστάσεως
3061 3847 3229 3920 δείξῃ.
3266 3851 3477 3922 Ὥσπερ

1894 3926 2000 3994 γὰρ
2052 3925 2110 3978 16
2170 3925 2285 3995 φῶς
2321 3927 2558 3998 ἑσπέρας
2615 3929 2790 3992 δῦνον,
2837 3931 2935 3985 οὐκ
2984 3935 3298 4002 ἀπόλλυται,
3339 3939 3477 3993 ἀλλὰ

1894 4011 2216 4082 κρύπτεται,
2253 4014 2347 4066 καὶ
2397 4013 2731 4083 κρυϐόμενον
2780 4017 2944 4070 πάλιν
2977 4019 3258 4086 φαίνεται·
3301 4023 3474 4089 οὕτως

1892 4101 1985 4151 καὶ
2021 4102 2048 4152 ὁ
2095 4099 2378 4169 ἄνθρωπος
2426 4101 2501 4164 ὡς
2545 4103 2623 4164 εἰς
2668 4101 2817 4155 δύσιν
2850 4103 2973 4156 τινὰ
2999 4105 3077 4175 τῷ
3101 4107 3254 4178 τάφῳ
3294 4127 3475 4181 παρα-

1892 4186 2183 4255 πεμφθεὶς,
2221 4186 2383 4239 πάλιν
2425 4189 2491 4256 τῇ
2529 4187 2760 4260 ἀνατολῇ
2795 4189 2893 4260 τῆς
2933 4191 3282 4260 ἀναστάσεως
3313 4200 3472 4270 τετή-

1892 4289 2072 4341 ρηται.
2125 4275 2442 4339 Γενηθήτω
2485 4272 2629 4342 φῶς.
2681 4271 2816 4328 Είπε
2859 4277 2920 4329 16
2952 4279 3260 4349 γενόμενον,
3296 4283 3390 4336 16v
3414 4284 3472 4338 δὲ

1890 4359 2086 4428 τρόπον
2107 4358 2204 4411 οὐ¹κ
2227 4360 2516 4429 ἐμήνυσεν,
2548 4361 2663 4414 ἀλλ’
2686 4363 2805 4416 οὑδέ
2839 4364 3061 4432 ἔμαθεν.
3100 4368 3218 4421 Ὅτι
3242 4370 3339 4440 μὲν
3362 4373 3470 4442 γάρ

1889 4446 2102 4514 ἐγένετο
2131 4446 2266 4515 φῶς,
2290 4443 2425 4511 οἶδα,
2470 4449 2632 4517 φησίν
2651 4466 2662 4476 ·
2691 4449 2753 4502 τὸ
2773 4449 2829 4502 δὲ
2854 4452 2970 4514 πῶς
3003 4454 3236 4519 ἐγένετο,
3277 4457 3338 4509 οὐ
3369 4476 3470 4511 κα-

1888 4534 2234 4603 ταλαμϐάνω.
2269 4535 2368 4586 Διὰ
2404 4534 2558 4587 τοῦτο
2587 4537 2679 4589 καὶ
2714 4539 2742 4589 ὀ
2781 4538 2971 4610 Σωτὴρ
3009 4540 3158 4609 ἔλεγε
3196 4548 3305 4607 τοῖς
3327 4547 3464 4600 ἀπο-

1889 4621 2121 4683 στόλοις·
2161 4623 2282 4688 Οὐχ
2322 4620 2488 4689 ὑμῶν
2532 4621 2662 4675 ἐστι
2693 4624 2913 4690 γνῶναι
2962 4631 3218 4696 χρόνους
3258 4632 3296 4700 ἢ
3338 4652 3467 4687 και-

1879 4707 2050 4774 ροὺς,
2073 4706 2180 4769 οὓς
2208 4710 2240 4759 ὁ
2279 4708 2478 4775 Πατὴρ
2500 4710 2664 4762 ἔθετο
2694 4711 2762 4763 ἐν
2785 4711 2858 4779 τῇ
2883 4712 3002 4782 ἰδίᾳ
3027 4716 3295 4785 ἐξουσίᾳ.
3331 4717 3464 4774 Εἶτα

1887 4795 2110 4863 χρόνους
2136 4795 2169 4864 ἢ
2199 4796 2418 4866 καιροὺς
2453 4795 2551 4848 οὐκ
2599 4798 2744 4850 ἔστιν
2778 4799 2936 4869 ήμῶν
2979 4804 3197 4870 γνῶναι,
3229 4807 3320 4858 καί
3371 4809 3464 4861 τὸν

1886 4883 2160 4950 Δεσπότην
2188 4882 2294 4934 τῶν
2325 4883 2529 4952 χρόνων
2558 4884 2652 4937 καὶ
2701 4885 2790 4939 τὸν
2835 4891 3061 4961 ποιητὴν
3099 4893 3207 4945 τῶν
3250 4894 3463 4949 αἰώνων

1886 4969 1996 5020 ἐστι
2013 4969 2288 5036 λογισμοῖς
2307 4970 2627 5023 καταλαϐεῖν
2642 4973 3023 5043 ἀνθρωπίνοις;
3045 4977 3229 5031 Εἶπεν
3244 4983 3276 5033 ό
3294 4984 3455 5048 Θεός·

1885 5052 2200 5118 Γενηθήτω
2240 5051 2397 5119 φῶςο
2452 5055 2550 5106 καὶ
2595 5056 2831 5123 ἐγένετο
2875 5056 3018 5125 φῶς.
3057 5060 3120 5112 Ὢ
3152 5063 3249 5131 τῆς
3297 5065 3459 5132 ἁγίας

1883 5134 2095 5203 ἐκείνης
2135 5135 2226 5217 καὶ
2264 5135 2500 5206 μεγάλης
2549 5137 2862 5206 δυνάμεωςί
2899 5140 2944 5192 ὣ
2975 5144 3224 5211 μεγάλων
3251 5145 3459 5217 θαυμά-

1881 5220 2020 5270 τωνῑ
2069 5216 2330 5284 Ἐγένετο
2362 5219 2508 5286 φῶς,
2538 5220 2636 5272 καὶ
2670 5222 2827 5274 καλεῖ
2847 5227 2879 5276 ὀ
2910 5226 3054 5291 Θεὸς
3074 5228 3140 5281 τὸ
3168 5230 3291 5297 φῶς
3317 5216 3456 5300 ἠμέ-

2053 5301 2150 5353 καὶ
2180 5301 2247 5353 τὸ
2277 5304 2495 5369 σκότος
2525 5305 2732 5357 νύκτα.
2761 5307 2913 5359 Διατί
2942 5309 2997 5360 δὲ
3026 5313 3239 5381 ἡμέραν
3266 5314 3452 5378 καλεῖς

1893 5383 2106 5453 Ἐπειδὴ
2136 5386 2243 5436 πᾶν
2265 5386 2485 5454 φαιδρὸν
2514 5387 2604 5438 καὶ
2634 5387 2832 5458 ἱλαρὸν,
2859 5391 3065 5463 ἥμερον
3098 5394 3332 5463 λέγεται.
3354 5399 3454 5450 Διά

1878 5463 2174 5548 τοῦτοκαὶ
2212 5469 2310 5536 τὴν
2362 5469 2771 5537 φιλανθρωπίαν
2802 5474 3110 5545 ήμερότητα
3158 5477 3449 5548 καλοῦμεν,

1878 5547 1972 5599 καὶ
2003 5547 2070 5598 τά
2102 5547 2264 5619 θηρία
2287 5550 2354 5600 τά
2389 5551 2638 5621 χειροήθη
2661 5553 2842 5624 ἥμερα
2864 5557 3150 5627 καλοῦμεν.
3183 5561 3290 5613 Καὶ
3312 5547 3452 5614 ἐκά-

1877 5633 2063 5682 λεσεν
2080 5633 2111 5682 ό
2127 5633 2270 5695 Θεὸς
2296 5633 2356 5683 τὸ
2372 5632 2494 5699 φῶς
2515 5634 2758 5701 ἡμέραν,
2777 5639 2952 5690 καὶτὸ
2966 5641 3186 5705 σκότος
3197 5643 3452 5698 ἐκάλεσε

1878 5711 2088 5767 νύκτα.
2112 5714 2297 5766 Νύκτα
2317 5714 2455 5766 διατί
2479 5733 2490 5779 ;
2521 5717 2639 5770 Ὅτι
2673 5721 2825 5773 νυκτὶ
2848 5721 2934 5774 16v
2954 5722 3234 5789 ἄνθρωπον
3257 5726 3451 5780 καθεύο

3064 5807 3140 5863 27
