4158 6320
658 335 774 391 437

653 454 808 506 δοντα
837 456 916 515 εἰς
943 451 1249 524 ὑπόμνησιν
1273 452 1503 509 Θανάτου
1528 453 1704 528 φέρει,
1727 462 2010 530 μονονουχὶ
2033 462 2209 531 λέγων
2232 478 2245 490 '

654 538 831 602 Μάθε,
845 537 1117 608 ανθρωπε,
1137 542 1218 604 τίς
1235 539 1302 594 εί.
1323 542 1527 612 Θνητὸς
1544 538 1614 608 εἷ,
1636 543 1788 615 ὕπνῳ
1801 545 2090 612 δουλεύεις·
2111 550 2252 602 διατί

652 625 722 680 τὰ
747 626 888 696 ὑπὲρ
909 627 966 679 σὲ
995 629 1235 700 φαντάζῃ
1259 646 1273 692 ;
1310 631 1375 682 'H
1398 631 1506 701 γάρ
1523 631 1620 696 νὺξ
1643 637 1922 705 κατανυγή
1949 635 2113 688 ἐστιν·
2134 637 2255 690 ὅθεν

655 715 749 768 καὶ
762 715 924 768 Δαυῖδ
941 732 1122 785 φησιν·
1139 719 1197 769 Ἃ
1214 717 1420 785 λέγετε
1436 718 1508 770 ἐν
1521 719 1648 784 ταῖς
1661 720 1936 787 καρδίαις
1955 722 2140 790 ὑμῶν,
2155 723 2251 775 ἐπί

653 801 785 866 ταῖς
800 802 1024 867 κοίταις
1041 802 1612 873 ὑμῶνκατανύγητε.
1633 806 1693 858 Ἀ
1701 808 1824 876 μέλε
1835 826 1851 859 ι
1863 810 2147 862 κεῖταιᾶνο
2160 827 2258 878 ρω-

655 909 755 956 πος
781 894 837 944 ἐν
868 893 1043 956 νυκτὶ,
1077 891 1200 946 οὗτε
1227 896 1440 966 νεκρὸς,
1481 896 1602 948 οὔτε
1637 897 1769 961 ζῶν.
1822 897 2130 968 Ἐρώτησον
2169 902 2255 951 αί-

657 982 902 1052 ρετικόν·
930 984 996 1035 Τί
1038 986 1188 1048 ἐστι;
1219 982 1328 1048 ζῶν
1353 986 1385 1054 ἦ
1413 986 1605 1056 νεκρός
1633 1005 1646 1053 ;
1680 988 1790 1040 Καὶ
1837 987 1932 1040 ἐὰν
1975 989 2074 1058 μὲν
2103 991 2253 1060 εἴπῃ,

655 1071 795 1135 Ζῶν,
833 1071 976 1123 εἰπέ·
997 1073 1151 1124 Διατί
1175 1068 1268 1124 οὖν
1300 1073 1399 1126 οὐκ
1421 1074 1735 1127 αἰσθάνεται
1762 1075 1869 1128 τῶν
1891 1075 2195 1129 λαλούντων
2220 1076 2253 1148 ἢ

656 1159 1103 1230 περιπατούντων
1122 1176 1134 1221 ;
1155 1161 1279 1212 Ἐἀν
1304 1161 1360 1213 δὲ
1387 1160 1538 1232 εἴπῃ,
1567 1163 1647 1214 ὅτι
1671 1163 1901 1234 Νεκρδς,
1937 1165 2056 1216 είπὲ
2077 1181 2089 1193 ·
2130 1165 2255 1227 Πῶς

654 1243 749 1300 οῦν
782 1248 1042 1311 ἀναπνεῖ;
1065 1247 1126 1299 τὸ
1152 1247 1260 1317 γάρ
1287 1249 1522 1318 ἐμπνέον
1541 1249 1641 1302 οῦκ
1671 1251 1784 1302 ἔστι
1819 1251 2012 1321 νεκρόν
2042 1268 2052 1280 ·
2081 1251 2142 1304 τὸ
2180 1253 2254 1322 μὴ

656 1334 1046 1403 αἰσθανόμενον
1076 1336 1177 1388 οῦκ
1208 1336 1321 1389 ἐστι
1351 1336 1462 1400 ζῶν
1487 1354 1499 1368 ·
1533 1337 1727 1390 σαυτὸν
1758 1339 1818 1389 ού
1845 1339 2080 1407 βλέπεις,
2119 1338 2256 1393 ἀλλὰ

655 1422 726 1474 τὰ
748 1423 886 1492 ύπέρ
911 1422 970 1473 σέ
1002 1422 1271 1494 φαντάζῃ.
1316 1424 1475 1476 Ἀλλά
1505 1423 1678 1477 ταῦτα
1700 1425 2014 1494 ἀρκούντως
2051 1428 2130 1488 είς
2160 1425 2255 1495 τὴν

657 1507 885 1579 πρώτην
932 1510 1146 1579 ἡμέραν
1190 1509 1448 1580 εἰρήσθω.
1500 1512 1780 1564 Κατέλαϐε
1819 1513 1928 1583 γὰρ
1962 1515 1993 1582 ή
2024 1513 2251 1582 ἑσπέρα,

655 1596 847 1666 ῶσπερ
875 1597 1036 1649 κάκεῖ
1062 1596 1129 1649 τά
1161 1598 1260 1666 τῆς
1287 1597 1512 1668 πρώτης
1539 1599 1772 1669 ἡμέρας,
1804 1601 1899 1652 καὶ
1930 1601 2072 1653 κατά
2095 1599 2255 1652 δύνα-

660 1701 775 1754 μιν,
819 1685 867 1736 εί
903 1684 999 1738 καὶ
1037 1682 1204 1753 βαθέα
1231 1680 1300 1756 ἦν
1330 1685 1398 1738 τὰ
1439 1687 1709 1755 νοήματα,
1755 1687 1905 1757 ὅμως
1933 1685 2252 1755 ἐξεθέμεθα.

657 1771 780 1823 Τῶν
808 1771 864 1823 δὲ
897 1771 1106 1824 πιστῶν
1132 1773 1280 1824 ἐστιν
1314 1774 1605 1844 ἐρευνῆσαι
1638 1774 1708 1826 τά
1732 1773 2013 1844 λεχθέντα,
2045 1775 2138 1827 καί⁵
2161 1774 2255 1845 ζη-

656 1859 820 1930 τῆσαι
839 1859 936 1930 τὴν
966 1861 1226 1930 ίστορίαν.

730 1947 797 2010 ζ’.
841 1947 1035 2018 Ἡμεῖς
1056 1949 1112 2001 δὲ
1139 1948 1394 2019 νηστείας
1428 1950 1580 2013 ὅντες
1613 1950 1774 2018 ἁγίας
1806 1949 2123 2022 θρέμματα,
2162 1952 2256 2005 καὶ

658 2035 719 2088 ἐν
746 2035 982 2107 ἀτροφίᾳ
1013 2037 1285 2106 σωμάτων
1305 2039 1687 2108 τρυφήσαντες
1713 2040 1780 2091 τά
1812 2040 2061 2110 οὐράνια,
2092 2057 2256 2092 σπου-

661 2122 915 2192 δάσωμεν
963 2123 1062 2194 τὴν
1117 2125 1374 2195 νηστείαν
1419 2126 1581 2192 ἁγίαν
1636 2126 1905 2195 φυλάξαι·
1945 2126 2259 2195 Ἀγιὰσατε

662 2211 794 2282 γὰρ,
845 2211 998 2280 φησὶ,
1035 2214 1345 2279 νηστείαν.
1395 2214 1584 2282 Ἡμεῖς
1636 2215 1806 2285 αὐτὴν
1843 2215 2178 2284 ἁγιάζομεν,
2223 2213 2256 2285 ἢ

667 2299 761 2351 ὑπ’
797 2299 967 2369 αὐτῆς
994 2299 1370 2368 ἁγιαζόμεθας
1423 2301 1584 2353 Ἀλλά
1617 2301 1737 2353 ἀντὶ
1760 2300 1855 2353 τοῦ
1901 2303 2062 2369 ἁγίαν
2091 2299 2261 2370 αὐτὴν

666 2385 922 2454 φυλάξαι,
955 2385 1114 2439 τοῦτο
1143 2387 1366 2456 εἴρηκεν
1396 2389 1424 2439 6
1457 2389 1761 2459 προφήτης.
1787 2389 1998 2458 Ὥσπερ
2031 2389 2139 2460 γάρ
2172 2389 2260 2441 ὅτε

663 2473 936 2543 εὐχόμεθα
957 2512 973 2538 ,
1021 2475 1381 2544 Ἁγιασθήτω
1405 2475 1470 2529 τὸ
1492 2476 1678 2544 ὄνομὰ
1700 2493 1837 2541 σου,
1863 2479 1984 2546 οὐχὶ
2007 2479 2088 2530 ὅτι
2119 2478 2262 2548 ὑπὲρ

664 2561 758 2616 τοῦ
791 2563 1053 2633 ὀνόματος
1100 2565 1264 2616 αὑτοῦ
1293 2565 1565 2635 εὐχόμεθα
1606 2565 1704 2636 (τὸ
1743 2565 1853 2636 γὰρ
1885 2567 2054 2636 ὄνομα
2095 2566 2260 2618 αὑτοῦ

665 2651 882 2720 ἁγιάζει
923 2653 1143 2722 πάντα),
1175 2654 1291 2706 ἀλλ’
1325 2655 1513 2724 ἐπειδὴ
1559 2655 1618 2707 τὸ
1660 2655 1834 2722 ὄνομα
1872 2655 2036 2708 αὑτοῦ
2079 2655 2264 2707 ἐπικέ-

665 2739 862 2808 κληται
899 2741 1035 2808 ἡμῖν
1064 2741 1406 2810 (Χριστιανοὶ
1453 2742 1562 2810 γὰρ
1605 2740 1713 2793 ἀπὸ
1769 2741 2006 2810 Χριστοῦ
2069 2740 2264 2794 καλού-

667 2827 857 2898 μεθα),
898 2827 1086 2896 λέγει·
1119 2828 1194 2881 Τὸ
1247 2829 1421 2898 ὄνομά
1481 2847 1576 2882 σου
1625 2831 1708 2898 ἐφ’
1744 2831 1877 2900 ἡμῖν
1923 2829 2261 2899 ἁγιασθήτω.

671 2913 833 2985 Παρὰ
860 2914 967 2987 γὰρ
999 2915 1078 2986 τῷ
1113 2915 1256 2986 ἁγίῳ
1277 2915 1455 2971 πάντα
1483 2916 1614 2985 ἅγια
1634 2933 1648 2946 ·
1685 2918 1779 2970 καὶ
1809 2918 1917 2988 γὰρ
1938 2917 2087 2970 οὐδὲν
2130 2916 2266 2987 πλη·

669 3001 847 3067 σιάζει
874 3001 994 3073 Θεῷ
1029 3001 1104 3074 μὴ
1141 3001 1200 3055 δν
1231 3003 1413 3072 ἅγιον·
1447 3004 1600 3070 ἅγιος
1635 3002 1744 3074 γάρ
1769 3005 1797 3056 6
1819 3003 1950 3066 Θεὸς
1988 3006 2045 3056 ἐν
2087 3004 2266 3072 ἁγίοις

668 3092 1104 3162 αναπαυόμενος.
1141 3092 1254 3145 Καὶ
1281 3092 1309 3142 6
1337 3092 1566 3161 οὐρανὸς
1607 3091 1663 3144 δὲ
1712 3092 1878 3145 αὐτοῦ
1915 3091 2069 3160 ἅγιος
2091 3109 2104 3123 ·
2142 3093 2267 3144 Ἐπ-

667 3179 990 3234 ακοὺσεται
1026 3179 1134 3250 γὰρ
1170 3179 1357 3233 αὑτοῦ
1385 3179 1454 3243 ἐξ
1478 3179 1738 3246 οὐρανοῦ
1769 3180 1941 3248 ἁγίου
1970 3180 2174 3232 αὑτοῦ.
2202 3180 2266 3231 Ol

669 3265 892 3334 ἄγγελοι
915 3265 1061 3333 ἆγιοι
1079 3279 1095 3293 ⁶
1128 3267 1313 3318 ’Ὅταν
1333 3265 1482 3334 ἔλθῃ
1515 3270 1546 3319 ό
1578 3267 1711 3330 Υίός
1735 3267 1840 3319 τοῦ
1863 3265 2178 3335 ἀνθρώπου
2199 3266 2267 3319 ὲν

669 3353 746 3423 τῇ
775 3353 925 3423 δόξῃ
955 3353 1144 3408 αὑτοῦ
1160 3354 1312 3423 μετὰ
1336 3353 1454 3407 τῶν
1474 3355 1661 3424 ἁγίων
1679 3355 1951 3424 ἀγγέλων
1966 3355 2173 3409 αὑτοῦ.
2201 3356 2267 3407 'H

671 3441 747 3511 γῆ
770 3442 968 3512 ἔχουσα
987 3443 1083 3511 τὴν
1102 3442 1359 3512 λατρείαν
1379 3441 1528 3513 [M4]
1557 3443 1706 3510 ἁγία·
1737 3443 1846 3496 Καί
1872 3441 2141 3508 θελήσει,
2166 3461 2269 3513 φη-

676 3530 752 3594 σὶ,
777 3529 1136 3597 διαστρέψαι
1161 3529 1459 3596 διαθήκην
1473 3530 1569 3583 ἐπί
1597 3528 1715 3599 γῆν
1736 3531 1915 3598 ἁγίαν
1929 3531 2135 3583 αὐτοῦ.
2159 3529 2270 3583 Καὶ

671 3618 701 3670 6
731 3615 915 3681 Δαυῒδ,
940 3617 974 3686 ὴ
1002 3615 1139 3686 αὐλὴ
1165 3616 1295 3684 ἁγία
1317 3633 1330 3648 ·
1368 3617 1846 3683 Προσκυνήσατε
1875 3615 1954 3681 τῷ
1982 3619 2174 3685 Κυρίῳ
2202 3618 2271 3670 ἐν

677 3703 845 3772 αὐλῇ
873 3704 1011 3773 ἁγίᾳ
1040 3704 1326 3760 αὑτοῦ.”0
1361 3704 1609 3770 Ἡσαΐας,
1656 3707 1684 3758 ὁ
1718 3704 1846 3767 ναὸς
1875 3705 2050 3772 ἆγιος·
2075 3705 2271 3774 Ἄγιος

675 3793 783 3864 γάρ
831 3795 864 3845 ό
903 3793 1051 3857 ναός
1084 3808 1222 3855 σου,
1260 3792 1606 3862 θαυμαστὸς
1661 3793 1729 3846 ἐν
1771 3791 2152 3861 δικαιοσύνῃ.
2190 3791 2270 3844 Τά

677 3880 927 3950 πρόϐατα
981 3879 1050 3931 τὰ
1089 3879 1259 3947 ἄλογα
1292 3879 1361 3931 τά
1399 3879 1521 3932 τότε
1567 3878 1807 3948 θυόμενα
1855 3881 1988 3946 ἆγια
2016 3879 2268 3947 ἐλέγετο·

687 3969 780 4033 Ὡς
807 3969 1091 4035 πρόϐατα,
1119 3968 1303 4038 φησὶν,
1328 3968 1465 4037 ἅγια
1497 3967 1567 4020 ἐν
1603 3967 2020 4037 Ἰερουσαλήμ.
2065 3968 2130 4020 Ἥ
2154 3969 2271 4021 δια-

676 4055 824 4126 θήκη
855 4056 1017 4124 ἁγία·
1075 4055 1182 4108 Καὶ
1231 4053 1572 4125 δυναμώσει
1597 4057 1750 4124 μετὰ
1791 4055 2041 4109 πολλῶν
2067 4054 2272 4120 διαθή-

677 4160 796 4210 κην
825 4144 1003 4211 ἁγίαν
1038 4143 1247 4196 αὐτοῦ.
1274 4143 1421 4209 Αὐτὴ
1453 4146 1486 4212 ὴ
1529 4144 1681 4207 πόλις
1711 4144 1842 4210 ἁγία
1876 4142 2095 4210 ἐλέγετο
2115 4159 2130 4172 ⁸
2163 4142 2275 4197 Καὶ

679 4230 777 4282 ἐπὶ
804 4229 920 4297 τὴν
943 4231 1126 4283 πόλιν
1155 4228 1271 4296 τεὴν
1298 4229 1478 4298 ἁγίαν
1516 4231 1630 4295 τὴν
1657 4230 1774 4282 τῶν
1809 4237 2081 4298 πατέρων
2105 4231 2277 4299 ἡμῶν

692 4315 1109 4385 Ἰερουσαλήμ.
1147 4315 1314 4369 Οὐδὲν
1363 4313 1472 4386 γάρ
1525 4318 1887 4386 προσέρχεται
1937 4317 2056 4386 Θεῷ
2103 4318 2175 4386 μὴ
2216 4317 2275 4370 ὃν

680 4404 859 4472 ἁγιον.
889 4402 980 4455 Διὸ
1007 4401 1154 4470 λέγει
1185 4401 1427 4466 Παῦλος·
1457 4403 1567 4455 Καί
1592 4404 1699 4455 τὸν
1719 4404 2038 4472 ἁγιασμόν,
2065 4401 2137 4458 οὗ
2167 4420 2279 4470 χω-

675 4490 776 4559 ρίς
797 4489 995 4556 οὐδείς
1021 4489 1230 4559 ὄψεται
1258 4491 1427 4546 Θεόν.
1479 4489 1913 4559 Ἑνηστεύσαμεν
1949 4489 2058 4542 ἀπὸ
2086 4491 2274 4560 ἄρτου·

684 4579 1072 4650 νηστεύσωμεν
1111 4581 1206 4634 καὶ
1257 4579 1370 4634 ἀπὸ
1410 4580 1646 4643 ἀδικίας.
1679 4580 1793 4633 Οὐκ
1828 4580 2031 4642 ἐσθίεις
2077 4581 2275 4650 ἁρτον;

689 4668 766 4740 μὴ
803 4669 987 4740 φάγῃς
1033 4670 1242 4739 σάρκας
1290 4670 1559 4740 πενήτων,
1609 4669 1694 4722 ἵνα
1729 4669 1804 4740 μὴ
1838 4670 1966 4740 εἴπῃ
2007 4669 2102 4723 καὶ⁹
2149 4670 2281 4740 περὶ

688 4757 782 4811 σοῦ
813 4758 842 4809 6
873 4756 1037 4820 Θεός·
1086 4759 1150 4809 Ol
1185 4760 1610 4823 κατεσθίοντες
1659 4757 1766 4810 τὸν
1824 4758 1983 4811 ,λαόν
2033 4774 2153 4826 μου
2210 4757 2281 4809 ἐν

681 4845 908 4914 ,βρώσει
929 4845 1134 4914 ἄρτου.
1155 4847 1230 4898 Οὐ
1257 4845 1431 4908 πίνεις
1456 4842 1628 4909 οἶνον;
1657 4847 1730 4916 μὴ
1753 4846 1964 4916 μεθύση
1993 4863 2052 4898 σε
2085 4845 2276 4916 Θυμὸς,

693 4935 782 4988 ῖνα
809 4933 884 5004 μὴ
913 4932 1203 5008 ἁκούσῃὶς]
1228 4932 1381 5006 παρά
1399 4932 1494 4986 τοῦ
1519 4933 1829 5002 νομοθέτου·
1860 4933 2054 5002 Θιιμὸς
2075 4933 2282 5000 αὐτοῖς

690 5022 841 5075 κατὰ
870 5020 986 5088 τὴν
1017 5023 1302 5090 ὁμοίωσιν
1328 5019 1436 5075 τοῦ
1473 5020 1693 5090 ὄφεως·
1733 5021 1825 5073 καὶ
1859 5022 2043 5085 πάλιν,
2087 5022 2282 5090 Θυμὸς

690 5110 1034 5178 δρακόντων
1087 5111 1120 5162 ὁ
1156 5105 1319 5176 οἶνος
1351 5108 1570 5163 αὐτῶν.
1607 5109 1776 5162 Ὅταν
1810 5112 1916 5180 γὰρ
1953 5110 2146 5182 θλίψῃς
2182 5110 2280 5162 πέ.

691 5215 849 5268 νητα,
867 5197 960 5250 καὶ
984 5195 1343 5265 στενάξῃ,ἐπὶ
1365 5196 1458 5249 τοῦ
1481 5196 1617 5250 Θεοῦ
1642 5197 1837 5266 εὑρέθη
1858 5210 1882 5236 ε
1905 5198 2097 5251 ἐσθίων
2118 5198 2282 5268 ἄρτον

690 5284 963 5356 δακρύων.
995 5284 1093 5337 Διὰ
1120 5283 1278 5336 τοῦτο
1301 5283 1448 5350 λέγει
1477 5284 1571 5337 καὶ
1603 5285 1631 5336 6
1659 5284 1792 5346 Θεός
1816 5300 1826 5310 ·
1889 5284 2283 5340 Ἑκαλύπτετε

690 5375 762 5427 ἐν
789 5371 1046 5441 δάκρυσι
1079 5370 1146 5425 τὸ
1178 5372 1610 5439 θυσιαστήριόν
1650 5391 1790 5441 μου.
1836 5373 2087 5440 Ἐγκαλεῖ
2130 5369 2222 5427 οὗν
2257 5376 2284 5426 6

692 5462 827 5527 Θεὸς
863 5465 976 5524 τοῖς
1015 5461 1293 5515 κλαίουσιν
1341 5461 1435 5513 ἐπὶ
1489 5461 1583 5514 τοῦ
1635 5461 2024 5532 θυσιαστηρίου
2073 5464 2279 5531 λέγων·

705 5549 929 5620 Ἶερεῖς,
959 5549 1291 5612 εισέλθατε,
1338 5547 1675 5604 κλαύσατε.
1725 5550 1864 5602 Ἀλλ’
1914 5551 2156 5620 ἐγκαλεῖ,
2187 5552 2284 5621 οὑχ

722 5777 734 5792 ο
758 5717 890 5836 "ac
912 5715 1070 5767 νεαρ.
1098 5713 1297 5777 melius,
1325 5715 1375 5764 ni
1404 5712 1571 5775 fallor,
1593 5727 1736 5776 quam
1759 5715 1910 5766 Savil.
1939 5717 2016 5764 ἐπὶ
2039 5716 2122 5764 τὸν
2145 5717 2284 5777 Θεὸν,

722 5792 795 5836 υρι
857 5795 897 5835 ς.

695 5792 897 5840 summa.

2116 336 2487 396 SEVERIANI

3856 359 3984 412 438

2361 458 2440 509 ὅτι
2483 457 2698 510 ἔκλαιον
2741 459 2916 523 αὐτοὶ,
2968 459 3081 513 ἀλλ’
3112 458 3298 530 ἐπειδὴ
3337 462 3386 513 οί
3432 458 3775 530 ἀδικούμενοι
3845 460 3979 511 ἐκεῖ

2360 545 2715 615 ἐνετύγχανον
2759 549 2850 600 ἐπί
2892 549 2986 601 τοῦ
3028 548 3448 619 θυσιαστηρίου,
3492 548 3713 619 ὀρφανοί
3752 563 3818 599 τε
3872 547 3978 599 καὶ

2359 634 2544 702 χῆραι.
2597 635 2704 687 Καὶ
2746 637 2834 688 ἵνα
2874 636 3041 707 δείξῃ,
3084 637 3163 688 ὅτι
3208 635 3336 705 περὶ
3378 636 3598 687 ἐκείνων
3649 635 3823 702 λέγει,
3867 634 3978 684 ἐπ-

2360 722 2556 791 ήγαγε·
2590 722 2904 792 κλαυθμῷ,
2927 725 3023 777 καί
3049 723 3298 787 κοπετῷ,
3331 722 3430 776 καί
3450 723 3633 788 κόπῳ.
3656 723 3777 775 Ἔτι
3801 721 3976 784 ἀξιον

2360 809 2647 877 ἐπιϐλέψαι
2683 812 2774 863 ἐπὶ
2797 811 2895 873 τὰς
2931 810 3119 873 θυσίας
3151 810 3324 879 ἡμῶν.
3354 811 3646 880 Πρόκειται
3679 805 3771 861 οῦν
3827 809 3980 876 τρά-

2363 895 2498 958 πεζα
2531 896 2709 966 ψυχῆς
2738 898 2766 948 6
2795 897 2886 949 τοῦ
2911 897 3045 950 Θεοῦ
3085 897 3259 964 λόγος.
3291 898 3458 967 Σῶμα
3488 895 3748 966 νηστεῦον
3792 897 3977 961 ἁγιά-

2359 983 2529 1050 ζεται,
2570 985 2716 1056 ψυχὴ
2763 985 2837 1057 μὴ
2890 986 3199 1059 τρεφομένη
3245 986 3544 1056 φθείρεται.
3578 986 3792 1038 Γένοιτο
3816 984 3883 1037 δὲ
3911 983 3978 1033 τὸ

2362 1071 2459 1141 μὲν
2486 1071 2644 1141 σῶμα
2679 1072 2961 1142 νηστεύειν
2985 1074 3091 1126 ἀπὸ
3116 1074 3548 1143 ἁμαρτημάτων,
3578 1071 3674 1142 τὴν
3695 1071 3751 1123 δὲ
3776 1071 3976 1139 ψυχὴν

2359 1160 2630 1230 ἐντρυφᾷν
2675 1163 2787 1223 τοῖς
2827 1160 2992 1224 θείοις
3023 1160 3308 1230 δόγμασιν.
3352 1161 3426 1212 Οὐ
3474 1161 3605 1230 δύνῃ
3647 1158 3702 1210 δέ
3750 1159 3976 1210 ἐσθίειν

2358 1247 2521 1317 ἁρτον
2555 1247 2791 1317 Χριστοῦ
2817 1248 2911 1300 καὶ
2941 1247 3106 1317 ἄρτον
3131 1246 3400 1318 δακρύων,
3437 1247 3514 1308 ὡς
3539 1247 3685 1312 λέγει
3709 1247 3936 1306 Παῦλος
3958 1261 3972 1273 ⁸

2361 1335 2444 1386 Οὺ
2478 1332 2743 1388 δύνασθε
2780 1334 3071 1402 τραπέζης
3098 1335 3355 1404 Χριστοῦ
3389 1335 3666 1403 μετέχειν
3686 1334 3786 1386 καὶ
3822 1349 3975 1400 τραο

2359 1420 2537 1488 πέζης
2577 1422 2917 1491 δαιμονίων.
2961 1425 3053 1475 Δεῖ
3097 1422 3277 1475 τοίνυν
3319 1422 3409 1474 τὸν
3462 1421 3791 1492 νηστεύοντα
3851 1421 3974 1472 άπ-

2359 1509 2577 1578 έχεσθαι
2596 1511 2704 1562 ἀπὸ
2734 1509 3060 1580 βρωμάτων,
3096 1509 3192 1562 καὶ
3234 1509 3446 1580 πρῶτόν
3476 1526 3540 1576 γε
3565 1508 3672 1563 ἀπὸ
3696 1510 3975 1578 ἁμαρτη-

2363 1597 2568 1666 μάτων.
2604 1599 2714 1650 Καὶ
2741 1599 2849 1668 γάρ
2885 1597 3005 1651 καθ’
3042 1597 3281 1666 ἑκάστην
3332 1597 3548 1667 ἡμέραν
3608 1597 3834 1664 ἁγγελοι
3872 1611 3975 1664 ση-

2363 1685 2759 1756 μειοῦνται,τίς
2794 1686 3053 1755 προέθετο
3081 1685 3382 1754 ἀπέχεσθαι
3413 1685 3518 1737 ἀπὸ
3551 1684 3893 1748 πλεονεξίας,
3935 1683 3972 1751 ἢ

2360 1773 2638 1844 πορνείας,
2675 1772 2707 1841 ἢ
2740 1771 2952 1836 ἀδικίας
2977 1773 3026 1826 ι).
3062 1771 3278 1834 Ταύτας
3308 1771 3418 1841 γάρ
3445 1770 3546 1834 τάς
3584 1771 3842 1842 νηστείας
3866 1770 3973 1822 καὶ

2361 1862 2583 1929 ἄγγελοι
2609 1863 3036 1933 ἀναγράφονται,
3072 1863 3165 1914 καὶ
3191 1861 3321 1925 Θεὸς
3366 1861 3703 1930 ταμιεύεται.
3741 1859 3972 1927 Ὥσπερ

2361 1951 2492 2019 γὰρ,
2535 1950 2776 2018 ἀδελφοὶ,
2816 1951 2924 2002 ἀπὸ
2957 1949 3064 2002 τῶν
3107 1949 3432 2018 ἁναφορῶνο
3483 1948 3533 2000 οί
3571 1949 3832 2016 ἄρχοντες
3883 1945 3975 2014 τῷ

2364 2038 2575 2108 βασιλεῖ
2607 2041 2786 2092 πάντα
2824 2038 3119 2109 μηνύουσιν
3140 2079 3154 2102 ,
3183 2036 3356 2098 οὕτως
3380 2038 3474 2088 καὶ
3505 2036 3555 2089 οἱ
3607 2034 3831 2102 ἄγγελοι
3885 2031 3975 2101 τῷ

2361 2125 2479 2195 Θεῷ
2506 2127 2683 2179 πάντα
2709 2125 2777 2179 τὰ
2807 2128 3089 2195 γινόμενα,
3122 2127 3222 2178 οὐκ
3248 2122 3548 2191 ἀγνοοῦντα
3584 2121 3972 2181 διδάσκοντες.

2363 2213 2500 2266 ἀλλὰ
2527 2213 2622 2284 τὴν
2662 2213 3041 2285 λειτουργικὴν
3078 2210 3230 2276 τάξιν
3279 2211 3377 2279 τῆς
3424 2207 3786 2278 δημιουργίας
3821 2205 3971 2275 πλη-

2368 2302 2606 2371 ροῦντες.
2656 2299 2799 2369 Ἐγὼ
2828 2301 3140 2370 ἐμακάρισα
3169 2299 3235 2352 ἂν
3278 2297 3537 2368 μυριάκις
3570 2295 3660 2348 τὸν
3687 2293 3971 2353 ἐσθίοντα,

2363 2388 2396 2457 ἢ
2437 2387 2528 2439 τὸν
2566 2386 2894 2456 νηστεύοντα
2948 2387 3042 2438 καὶ
3085 2385 3396 2438 ἀδικοῦντα.
3430 2381 3616 2435 Ταῦτα
3661 2381 3840 2447 λέγω,
3900 2380 3972 2430 οῦ

2363 2476 2617 2545 νηστείαν
2645 2474 2808 2539 λύων,
2837 2473 2950 2526 ἀλλ’
2985 2472 3267 2526 εὐσέϐειαν
3309 2470 3616 2541 κηρύττων.
3644 2469 3719 2546 Οὐ
3758 2466 3871 2536 γὰρ
3905 2466 3977 2518 τὺ

2365 2565 2558 2631 φαγεῖν
2608 2562 2796 2628 κακὸν,
2830 2561 2967 2615 ἀλλὰ
3001 2561 3063 2614 τὸ
3106 2559 3442 2630 ἁμαρτάνειν
3485 2557 3740 2626 πονηρὸν,
3774 2552 3974 2615 καθὼς

2365 2652 2513 2718 λέγει
2534 2653 2560 2703 6
2589 2651 2722 2713 Θεὸς
2750 2652 2879 2721 περί
2931 2668 3075 2714 τινος
3109 2649 3316 2703 δικαίου
3337 2665 3349 2677 ·
3389 2648 3454 2698 '0
3486 2643 3680 2712 πατήρ
3710 2657 3829 2696 σου
3853 2643 3977 2695 οὐκ

2365 2738 2569 2806 ἔφαγε,
2600 2738 2695 2790 καί
2726 2738 2792 2791 τὸ
2824 2735 3053 2805 θέλημά
3073 2753 3190 2805 μου
3213 2733 3530 2800 ἐποίησεν.
3565 2730 3719 2784 Οῦτω
3758 2728 3826 2799 δὴ
3873 2728 3978 2780 καὶ

2367 2825 2600 2895 ἀλλαχοῦ
2623 2843 2635 2855 ο
2668 2825 2933 2888 Νηστεία
2954 2826 2990 2892 ή
3010 2822 3237 2890 τετρὰς,
3255 2820 3354 2873 καί
3370 2819 3622 2886 νηστεία
3645 2819 3681 2885 ἠ
3699 2817 3973 2885 πέμπτη,

2370 2914 2520 2986 1445]
2549 2915 2643 2968 καί
2672 2915 2924 2982 νηστεία
2952 2916 2990 2982 ἡ
3012 2911 3252 2976 δεκάτη,
3277 2910 3449 2962 ἔσται
3479 2906 3625 2977 ὑμῖν
3655 2908 3740 2969 είς
3767 2905 3978 2973 χαρὰν

2369 3004 2467 3056 καὶ
2494 3005 2581 3069 είς
2610 3003 2999 3072 εὐφροσύνην
3039 2999 3138 3053 καί
3185 2999 3272 3063 είς
3310 2994 3514 3064 ἑορτὰς
3574 2991 3824 3060 ἀγαθὰς,
3868 2990 3978 3043 καί

2367 3090 2483 3158 τὴν
2515 3089 2807 3156 ἀλήθειαν
2832 3087 3209 3158 ἀγαπήσατε.
3228 3083 3370 3137 Ἀλλ’
3393 3079 3675 3149 ἐπέλαμψε
3692 3078 3751 3129 τὸ
3767 3075 3978 3146 αἰσθη-

2368 3180 2459 3234 τὸν
2494 3180 2630 3248 φῶς,
2662 3179 2751 3232 ἵνα
2789 3177 3036 3249 κηρυχθῇ
3083 3178 3112 3228 6
3153 3173 3247 3226 τοῦ
3281 3172 3458 3240 φωτὸς
3499 3169 3756 3237 ἐργάτης.
3815 3167 3980 3218 Κατ-

2369 3269 2607 3338 έλαὸενή
2632 3268 2840 3337 ἑσπέρα
2867 3263 3241 3334 σφραγίζουσα
3262 3262 3358 3330 τῆς
3386 3259 3599 3330 ἡμέρας
3629 3257 3719 3308 τὸν
3739 3254 3976 3323 δρόμον.

2369 3356 2526 3426 Καλὴ
2575 3359 2606 3426 ἡ
2649 3353 2825 3425 ἀρχὴ,
2872 3351 3227 3422 προστεθήτω
3278 3347 3340 3399 τὸ
3385 3347 3560 3408 τέλος.
3620 3343 3711 3412 Μὴ
3751 3339 3979 3394 ἁπιῢοει

2371 3445 2580 3508 κακῶς,
2626 3443 2741 3497 ἀλλ’
2786 3443 2950 3496 ἄκουε
2999 3437 3094 3490 τοῦ
3130 3436 3331 3489 Δαυῖδ·
3386 3435 3490 3499 Είς
3539 3432 3602 3485 τὸ
3650 3431 3845 3494 τέλος,
3874 3428 3979 3497 μὴ

2371 3532 2743 3600 διαφθείρῃς.
2779 3530 2837 3581 Ὁ
2869 3528 2926 3581 δὲ
2972 3525 3104 3588 Θεὸς
3148 3522 3242 3577 τοῦ
3278 3521 3456 3590 φωτὸς
3508 3519 3698 3573 τούτου
3755 3517 3982 3578 πάντας

2373 3621 2520 3690 ὑμᾶς
2565 3619 2774 3688 φωτίσῃ
2825 3616 2989 3684 λόγῳ,
3025 3614 3196 3684 νόμῳ,
3247 3610 3449 3671 πίστει,
3480 3605 3824 3676 δικαιοσύνη,
3858 3619 3982 3690 σωῖ

2375 3685 2638 3782 φίροσύνη,
2667 3709 2725 3759 ἐν
2750 3685 2974 3775 ’Χριστῷ
3015 3700 3190 3772 Ἰησοῦ
3223 3698 3301 3770 τῷ
3350 3696 3541 3768 Κυρίῳ
3582 3694 3759 3765 ἡμῶν,
3788 3692 3872 3782 ,δι’
3909 3685 3979 3744 οῦ

2377 3779 2471 3852 καὶ
2496 3797 2614 3868 μεθ’
2642 3789 2703 3849 οὗ
2744 3793 2820 3864 τῷ
2849 3791 3023 3861 Πατρὶ
3057 3789 3212 3853 δόξα,
3245 3788 3362 3856 ἆμα
3387 3783 3466 3854 τῷ
3489 3783 3631 3854 ἁγίῳ
3666 3779 3979 3850 Πνεύματι,

2379 3889 2456 3951 είς
2481 3887 2606 3948 τοὺς
2634 3883 2837 3945 αίῶνας
2861 3879 2970 3932 τῶν
3006 3876 3238 3932 αἰώνων.
3287 3873 3480 3943 Ἀμήν.

2384 4055 2494 4112 Τοῦ
2533 4051 2718 4106 αὑτοῦ
2761 4051 2847 4123 είς
2883 4047 2999 4123 τὴν
3035 4042 3322 4123 δευτέραν
3355 4035 3731 4123 ἡμέρᾳιχτῆς
3749 4051 3983 4123 fma-pf-

2449 4103 2667 4189 ποίίας,
2691 4103 2798 4175 καί
2823 4103 3001 4186 ’πρὸς
3029 4116 3138 4168 τὸν
3161 4103 3414 4190 Δεἶπόν-τιῑὶ
3455 4103 3616 4190 αύτῷ
3638 4123 3652 4138 ·
3677 4103 3980 4190 Ορτεδετ

2451 4176 3223 4265 ἧμᾶῌτοίξςηΧρισςτιανοιίίς
3259 4181 3463 4250 λέγειν
3503 4177 3602 4230 ἐπί
3651 4176 3757 4230 τοῦ
3803 4176 3980 4244 ἁγιά-

2451 4254 2698 4335 σᾷιατος·
2737 4254 2943 4330 Κύριος
2974 4254 3223 4309 Σαϐαὼθ.

2456 4399 2524 4445 α’.
2558 4389 2752 4458 Ψυχῆς
2786 4385 2949 4438 πόθον
2984 4382 3188 4452 ἐγείρει
3239 4378 3374 4432 Θεοῦ
3409 4378 3566 4446 λόγος
3599 4420 3612 4441 ,
3651 4376 3746 4430 καὶ
3781 4374 3982 4443 ῶσπερ

2381 4478 2505 4532 τινὰ
2541 4475 2803 4547 λαμπάδα
2832 4472 3176 4545 περιτίθησιν
3205 4469 3339 4541 αὐτῇ
3375 4469 3474 4540 τὴν
3510 4466 3706 4538 χαρὰν,
3760 4465 3848 4517 ἵνα
3877 4464 3982 4516 καὶ

2381 4569 2506 4631 τοὺς
2536 4564 2834 4633 λογισμοὺς
2867 4561 2929 4614 λα
2941 4559 3277 4631 μπρύνηται,
3303 4556 3397 4611 καὶ⁵
3435 4557 3533 4626 τὴν
3570 4555 3811 4609 διάνοιαν
3848 4569 3983 4620 φαι-

2381 4654 2672 4726 δρύνηται,
2725 4652 2816 4705 καὶ
2847 4649 2916 4703 τὰ
2967 4648 3341 4718 ἁμαρτήματα
3370 4643 3732 4712 καθαίρηται,
3767 4642 3860 4694 καὶ
3902 4639 3984 4692 τὰ

2385 4745 2630 4813 νοήματα
2661 4738 2983 4808 φωτίζηται.
3003 4733 3258 4797 Τοιοῦτός
3277 4733 3426 4784 ἐστιν
3452 4733 3480 4783 6
3500 4729 3594 4783 τοῦ
3628 4729 3764 4781 Θεοῦ
3792 4727 3974 4794 λόγος.

2385 4832 2563 4900 Ὅπερ
2595 4830 2704 4898 γάρ
2737 4829 2882 4879 ἐστιν
2907 4825 3074 4894 ἀκόνη
3106 4822 3331 4891 σιδήρῳ,
3361 4818 3520 4872 τοῦτο
3547 4816 3679 4870 Θεοῦ
3715 4815 3872 4882 λόγος
3903 4815 3982 4883 τῇ

2382 4919 2550 4989 ψυχῇ.
2583 4919 2644 4970 Ἠ
2672 4916 2837 4983 ἀκόνη
2867 4915 2966 4983 οὐχ
2997 4912 3128 4963 ’ἐντι
3159 4907 3441 4980 χαρίζεται
3466 4904 3545 4976 τῷ
3577 4905 3797 4975 σιδήρῳ,
3840 4900 3984 4989 ἀλλά

2387 5009 2602 5080 πρῶτον
2639 5003 2801 5059 αὑτὸν
2835 4998 3244 5071 παρασκευάζει
3281 4994 3591 5049 ἀποπτύσαι
3610 4993 3702 5046 τὸν
3724 4992 3828 5044 ίόν·
3857 4983 3983 5041 εἶτα

2388 5073 2564 5168 παχὺν
2593 5097 2721 5148 ὄντα
2750 5090 3024 5150 λεπτύνει,
3054 5085 3265 5157 ἀμϐλὺν
3305 5083 3434 5136 ὄντα
3465 5080 3666 5146 ὀξύνει,
3701 5073 3984 5130 σκοτεινὸν

2385 5162 2516 5242 ὄντα
2565 5179 2894 5253 λαμπρύνει,
2937 5176 3158 5246 σμήχει,
3203 5171 3507 5243 φαιδρύνει,
3547 5167 3758 5253 ὀξύνει.-
3785 5162 3984 5253 Οῦτως

2386 5273 2478 5331 οῦν
2511 5250 2656 5327 ἐστιν
2685 5250 2846 5322 ὁτοῦ
2893 5263 3029 5318 Θεοῦ
3075 5262 3251 5330 λόγος,
3282 5257 3453 5312 ποιῶν
3491 5257 3589 5327 τὴν
3630 5250 3807 5322 ψυχὴν
3842 5250 3984 5302 ἀπο-

2388 5368 2590 5420 πτύσαι
2628 5360 2718 5412 τὸν
2753 5358 2828 5409 ίὸν
2865 5355 2966 5424 τῆς
3006 5350 3300 5422 ἁμαρτίας,
3325 5347 3590 5417 ἀμϐλεῖαν
3633 5337 3798 5394 οὖσαν
3850 5337 3983 5401 ὀξύ-

2390 5472 2514 5514 νων,
2540 5450 2773 5518 παχεῖαν
2800 5439 2964 5497 οὖσαν
2993 5438 3288 5502 λεπτύνων,
3314 5431 3594 5502 σκοτεινὴν
3638 5424 3802 5482 οὖσαν
3836 5425 3984 5495 λαμ-

2453 5591 2480 5628 ιι
2504 5585 2650 5634 Addit
2675 5583 2784 5632 Sav.
2807 5580 2935 5643 ﬁxa;
2961 5571 3490 5643 ἑτέρας,ἀμᾳρτίας;,,,,
3519 5623 3667 5643 ,ωε

2457 5621 2478 5680 ε
2504 5621 3987 5712 7136033163566'éﬁrﬁinﬁéezn-'YiéaEfBE‘E‘lﬂi‘lﬁl‘zﬁ

2390 5685 3347 5762 εει-ἰοῖίιῗεέξὸῗδὶἶπδτῦντᾶναφόρῶν,
3371 5689 3454 5752 qui
3480 5685 3668 5738 libellos
3691 5685 3984 5747 imperatori

2393 5770 2668 5839 offerebam.
