4110 6318
196 367 312 422 437

209 488 433 532 noctem.
464 476 686 532 Noctem
707 488 872 546 quare
897 477 921 528 ‘l
960 474 1093 543 Quia
1120 483 1280 530 noctu
1304 474 1659 529 dormientem
1697 472 1792 527 ho-

209 571 412 623 minem
442 570 494 623 in
525 569 715 623 mortis
766 568 1078 623 memoriam
1133 576 1350 622 revocat
1401 566 1790 635 propemodum

207 661 437 714 dicens:
470 661 653 725 Disce,
712 660 894 724 homo,
937 660 1061 729 quid
1105 660 1201 713 sis.
1235 659 1476 714 Mortalis
1503 673 1584 723 es,
1614 657 1790 711 somni

208 752 393 803 virtuti
423 750 671 805 addictus
704 769 715 804 :
745 766 840 805 cur
882 766 942 805 ea
965 766 1081 820 qua:
1110 765 1267 817 supra
1298 761 1347 803 te
1375 759 1498 803 sunt
1535 749 1793 818 imagina-

206 843 329 898 ris?
362 842 478 896 Nox
507 843 652 897 enim
682 842 1021 911 compunctio
1052 850 1135 895 est
1165 859 1177 894 :
1209 841 1553 910 quamobrem
1580 840 1654 893 ait
1687 840 1790 892 Da-

208 933 294 986 vid
332 952 344 986 :
377 934 504 1000 Quw
528 934 693 986 dicitis
714 933 764 986 in
784 933 1016 986 cordibus
1042 934 1236 996 vestris,
1266 933 1316 984 in
1346 932 1591 986 cubilibus
1620 931 1793 986 vestris

205 1024 607 1092 compungimini
654 1023 819 1094 (Psal.
867 1025 918 1078 4.
948 1024 1025 1092 5).
1058 1023 1194 1077 Vere
1219 1026 1364 1091 jacet
1420 1024 1578 1076 homo
1608 1033 1790 1085 noctu,

205 1124 384 1177 neque
415 1116 676 1173 mortuus,
726 1124 898 1177 neque
927 1109 1097 1162 vivus.
1130 1109 1405 1177 Interroga
1442 1109 1748 1163 Iunreticum
1775 1125 1788 1160 :

203 1199 346 1265 Quid
381 1200 500 1252 est?
555 1200 775 1253 vivusne
812 1214 879 1252 an
932 1201 1212 1253 mortuus?
1241 1198 1297 1253 Si
1328 1200 1542 1262 dixerit,
1583 1199 1743 1253 Vivus
1775 1241 1788 1264 ,

202 1305 413 1359 repone
442 1290 516 1343 illi
544 1307 555 1341 :
582 1290 690 1344 Cur
719 1306 848 1359 ergo
876 1306 976 1345 nec
1021 1290 1301 1359 loquentes
1329 1305 1428 1345 nec
1456 1290 1793 1346 ambulantes

204 1382 412 1437 sentit?
442 1381 497 1435 Si
526 1381 742 1444 dixerit,
774 1381 1031 1443 Mortuus.
1066 1391 1118 1435 tu
1145 1381 1308 1436 dicito
1332 1399 1345 1433 :
1369 1380 1647 1448 Quomodo
1665 1396 1792 1449 ergo

203 1473 482 1541 respirat?
535 1470 677 1541 quod
727 1471 870 1526 enim
907 1472 1171 1540 reSpirat,
1222 1486 1327 1526 non
1377 1480 1459 1526 est
1486 1480 1788 1524 mortuum;

204 1567 353 1636 quod
386 1583 489 1619 non
527 1566 712 1631 sentit,
742 1581 847 1619 non
873 1575 957 1619 est
980 1567 1155 1619 vivum
1184 1582 1194 1617 :
1225 1566 1453 1633 leipsum
1480 1581 1583 1617 nou
1616 1564 1788 1626 vides,

204 1658 301 1711 sed
332 1674 450 1726 qua:
472 1672 635 1725 supra
666 1666 713 1709 te
740 1665 864 1709 sunt
904 1656 1231 1725 imaginaris.
1267 1655 1461 1708 Verum
1490 1654 1605 1708 δίης
1660 1655 1791 1707 satis

202 1750 352 1801 circa
386 1748 611 1816 primam
636 1746 779 1801 diem
820 1746 960 1801 dicta
984 1748 1107 1801 sint.
1138 1746 1297 1801 Venit
1326 1747 1521 1815 quippe
1543 1760 1788 1813 vespera,

202 1850 263 1892 ut
290 1841 452 1893 etiam
482 1840 588 1893 illic
612 1854 729 1908 qum
754 1838 818 1891 ad
834 1840 1059 1908 primam
1088 1838 1228 1892 diem
1248 1846 1491 1907 spectant
1514 1838 1785 1901 desinunt,

203 1940 259 1986 et
287 1946 387 2000 pro
415 1930 687 1994 facultate,
717 1931 817 1984 etsi
854 1928 1144 1999 profundos
1165 1943 1373 1995 sensus,
1410 1929 1791 1997 explicavimus

206 2033 409 2077 tamen.
445 2023 612 2076 Porro
642 2020 877 2077 ﬁdelium
906 2029 992 2075 est
1024 2020 1165 2075 dicta
1192 2021 1496 2091 explorare,
1525 2032 1581 2077 et
1613 2023 1787 2080 histo-

203 2114 342 2168 riam
361 2113 674 2183 disquirere.

280 2206 336 2258 7.
385 2204 649 2275 Jejunium
702 2208 949 2276 quomodo
995 2208 1403 2279 sancti/icemus;
1453 2211 1794 2280 jejunandum

205 2297 432 2350 maxime
455 2314 487 2349 a
510 2298 743 2366 peccatis.
771 2328 841 2337 —-
862 2298 971 2354 Nos
990 2309 1166 2354 autem
1198 2302 1332 2355 sacri
1352 2301 1539 2370 jejunii
1568 2302 1790 2370 alumni,

205 2398 263 2442 et.
294 2390 346 2442 in
373 2390 691 2443 abstinentia
710 2405 963 2459 corporea
989 2392 1193 2447 deliciis
1211 2393 1446 2448 fruentes
1466 2394 1787 2459 cmlestibus,

205 2489 451 2535 sanctmn
492 2482 750 2550 jejunium
796 2496 1013 2537 servare
1050 2499 1308 2537 conemur
1353 2501 1367 2537 :
1419 2484 1783 2551 Sanctiﬁcate,

206 2569 415 2639 inquit,
437 2572 694 2639 jejunium
724 2570 879 2639 (Joel.
907 2574 960 2625 1.
993 2574 1103 2641 14).
1135 2574 1311 2627 Nosne
1340 2574 1464 2628 illud
1492 2575 1791 2629 sanctiﬁca-

206 2675 331 2715 mus
352 2702 366 2727 ,
396 2676 460 2713 au
480 2662 549 2715 ab
596 2662 685 2715 illo
714 2662 1142 2716 sanctiﬁcamur?
1179 2664 1368 2718 \‘erum
1418 2666 1467 2719 id
1496 2666 1623 2719 dicit
1671 2681 1792 2735 pro-

206 2751 393 2822 pheta,
416 2760 474 2805 ut
496 2752 623 2806 illud
650 2762 888 2807 sanetum
917 2754 1298 2808 custodiamus.
1330 2755 1789 2820 Quemadmodum

210 2842 356 2896 enim
401 2857 519 2896 cum
568 2844 834 2910 precando
897 2844 1158 2911 dicimus,
1208 2846 1566 2913 Sanctiﬁcetur
1613 2863 1793 2900 nomen

207 2941 351 2986 tuum
378 2930 586 3004 (Matth.
618 2934 669 2987 6.
696 2934 747 2987 9.
767 2934 996 3002 M),non
1022 2952 1119 3005 pro
1142 2937 1354 2991 nomine
1368 2938 1482 3006 ejus
1514 2952 1794 3006 precamur

209 3023 431 3092 (nomen
458 3024 653 3093 quippe
680 3025 793 3093 ejus
823 3028 1000 3079 omnia
1041 3029 1385 3098 sanctificat),
1429 3031 1521 3084 sed
1553 3032 1671 3098 quia
1707 3048 1793 3085 no-

207 3128 336 3168 men
368 3114 485 3183 ejus
512 3116 809 3169 invocatum
836 3126 920 3171 est
950 3133 1110 3186 super
1136 3133 1232 3172 nos
1254 3118 1564 3188 (Christiani
1591 3124 1731 3176 enim
1761 3139 1792 3176 a

206 3205 427 3263 Christo
452 3206 718 3277 dicimur),
746 3208 851 3274 ait,
885 3207 1088 3263 Nomen
1117 3219 1262 3263 tuum
1295 3212 1346 3265 in
1376 3212 1529 3267 nobis
1560 3214 1792 3267 sanctiﬁ-

206 3306 385 3351 cetur.
418 3297 571 3365 Apud
602 3306 842 3352 sanctum
895 3300 1036 3354 enim
1078 3302 1254 3355 omnia
1301 3311 1485 3356 sancta
1513 3311 1678 3357 sunt:
1724 3303 1794 3358 ad

209 3388 382 3443 Deum
428 3390 622 3457 quippe
661 3388 791 3442 nihil
835 3404 939 3444 non
993 3403 1231 3447 sanctum
1277 3394 1481 3448 accedit
1521 3411 1535 3447 :
1578 3404 1793 3449 sanctus

214 3482 358 3536 enim
404 3481 543 3535 Deus
590 3491 707 3545 est,
751 3483 802 3535 in
848 3486 1049 3539 sanctis
1098 3486 1399 3552 quiescens.
1441 3487 1577 3555 Quin
1632 3488 1792 3541 etiam

208 3570 402 3624 ca-Ium
441 3572 559 3640 ejus
602 3583 842 3626 sanctum
873 3582 955 3628 est
995 3592 1008 3626 :
1059 3590 1179 3629 nam
1232 3575 1485 3630 Exaudiet
1534 3579 1679 3631 illum
1732 3581 1797 3633 de

208 3661 338 3712 ccelo
356 3670 526 3713 sancto
543 3679 632 3714 suo
648 3661 811 3733 (Psal.
834 3664 999 3734 19.7).
1031 3666 1213 3735 Angcli
1226 3682 1437 3737 quoque
1450 3670 1646 3722 sancti:
1666 3668 1793 3724 Cum

210 3751 398 3803 venerit
424 3750 594 3805 Filius
616 3753 832 3806 hominis
857 3755 909 3808 in
933 3755 1097 3825 gloria
1124 3772 1216 3809 sua
1239 3774 1352 3809 cum
1379 3760 1566 3813 sanctis
1602 3761 1797 3829 angelis

207 3842 318 3894 suis
346 3841 533 3909 (Marc.
564 3843 618 3898 8.
648 3843 762 3913 38).
791 3844 961 3900 Terra
987 3847 1040 3901 in
1068 3865 1171 3917 qua
1203 3849 1292 3903 Dei
1342 3850 1517 3906 cultus
1560 3865 1743 3907 sancta
1781 3874 1792 3908 :

208 3930 281 3989 Et
309 3934 472 3999 rolet,
524 3934 725 4003 inquit,
768 3947 984 3990 evertere
1024 3948 1370 3993 testamentum
1420 3958 1572 4013 super
1612 3955 1797 3997 terram

207 4037 440 4079 sanctam
468 4029 595 4105 ejus.
620 4027 687 4081 Et
713 4028 893 4081 Davidi
924 4030 1045 4083 aula
1066 4041 1245 4084 sancta
1278 4042 1359 4086 est
1389 4053 1401 4085 :
1434 4036 1657 4089 Aderate
1681 4034 1794 4087 Do-

208 4117 406 4169 minum
431 4118 485 4169 iu
514 4117 635 4170 aula
653 4128 827 4172 sancta
843 4120 953 4190 ejus
982 4118 1149 4190 (Psal.
1176 4123 1263 4177 95.
1289 4123 1365 4194 9).
1402 4124 1551 4179 Idem
1586 4141 1795 4196 quoque

206 4206 459 4272 templum
490 4216 718 4260 sanctum
764 4208 933 4264 dicit:
975 4226 1097 4265 nam
1138 4212 1387 4266 Sanctum
1434 4225 1504 4268 est
1554 4219 1796 4284 templum

205 4307 378 4361 tuum,
400 4297 628 4351 mirabile
650 4300 703 4353 in
730 4300 960 4370 aequitate
986 4300 1101 4373 (Ps.
1133 4304 1221 4356 61.
1245 4304 1297 4358 5.
1324 4306 1403 4373 6).
1425 4303 1561 4361 Oves
1584 4323 1796 4377 quoque

206 4387 442 4441 rationis
472 4397 720 4457 expertes
740 4430 755 4455 ,
804 4406 922 4460 quae
952 4400 1076 4447 tunc
1110 4392 1540 4459 immolabantur,
1596 4409 1795 4451 sanctae

205 4489 370 4533 erant
400 4498 411 4531 :
450 4479 517 4533 Ut
546 4497 690 4547 oves,
726 4481 894 4551 inquit
918 4523 932 4547 ,
963 4494 1151 4537 sanctw
1174 4485 1224 4537 iu
1258 4485 1538 4541 Jerusalem
1578 4488 1793 4557 (Ezeclt.

204 4569 302 4623 36.
334 4568 441 4638 58).
484 4570 881 4625 Testamentum
924 4589 1135 4643 quoque
1170 4585 1451 4630 sanctum:
1500 4577 1565 4631 Et
1605 4581 1794 4648 con/ir-

204 4660 367 4712 mubit
392 4678 507 4715 cum
551 4664 720 4717 multis
746 4673 1090 4718 testamentum
1115 4679 1343 4721 sanctum
1374 4686 1518 4723 suum
1550 4670 1712 4737 (Dan.
1737 4675 1791 4728 9.

200 4754 327 4823 27).
364 4754 500 4809 Urbs
523 4757 634 4825 ipsa
661 4772 868 4827 quoque
898 4768 1079 4813 sancta
1106 4760 1380 4815 dicebatur
1407 4778 1421 4816 :
1449 4761 1517 4815 Et
1542 4781 1692 4832 super
1718 4768 1794 4818 ci-

203 4847 416 4901 vitatem
436 4859 663 4901 sanctam
704 4859 905 4918 patrum
931 4861 1214 4905 nostrorum
1238 4852 1522 4907 Jerusalem
1551 4854 1711 4925 (Ibid.
1743 4875 1791 4913 v.

201 4938 327 5005 24).
351 4936 489 4990 Nihil
517 4938 711 5007 quippe
738 4955 842 4994 non
865 4952 1102 4994 sanctum
1124 4942 1331 4997 accedit
1358 4944 1425 4999 ad
1456 4946 1641 5001 Deum.
1671 4948 1796 5003 Ideo

206 5028 291 5082 ait
316 5027 513 5081 Paulus
542 5045 553 5079 :
584 5027 651 5081 Et
693 5032 1107 5097 sanctimoniam,
1138 5035 1247 5087 sine
1282 5051 1383 5101 qua
1427 5052 1569 5089 nemo
1613 5038 1793 5092 videbit

203 5117 576 5186 Deatm(Hebr.
608 5118 692 5171 12.
717 5122 829 5189 14).
863 5122 1223 5192 Jejunavimus
1250 5140 1279 5178 a
1307 5141 1440 5194 pane
1460 5143 1473 5191 ;
1492 5127 1795 5196 jejunemus

202 5220 269 5267 et
296 5212 366 5265 ab
405 5210 702 5281 iniquitate.
749 5212 864 5268 Non
891 5216 1124 5271 comedis
1173 5220 1402 5286 panem?
1430 5219 1506 5273 Ne
1546 5220 1794 5274 comedas

202 5316 407 5360 carnes
437 5318 753 5372 pauperum,
788 5320 854 5360 ne
878 5307 944 5362 de
977 5318 1026 5362 te
1051 5324 1264 5379 quoque
1305 5310 1445 5365 dicat
1475 5311 1612 5365 Deus
1648 5331 1659 5366 :
1696 5312 1795 5378 Qui

201 5398 453 5451 devorant
474 5397 662 5467 plebem
690 5414 851 5451 meam
878 5401 929 5452 in
954 5402 1062 5455 cibo
1089 5404 1235 5472 panis
1265 5402 1432 5474 (Psal.
1466 5405 1551 5459 15.
1575 5403 1651 5475 4).
1678 5404 1791 5458 Non

203 5490 353 5545 bibis
378 5490 596 5545 vinum?
625 5490 697 5545 Ne
725 5490 872 5545 furor
904 5492 1131 5549 inebriet
1160 5505 1238 5558 te,
1274 5511 1339 5549 ne
1368 5495 1553 5550 audias
1574 5511 1603 5549 a
1634 5496 1793 5565 legis-

204 5582 383 5637 latore
414 5600 427 5636 :
477 5582 643 5637 Furor
674 5583 775 5637 illis
812 5585 1085 5637 secundum
1123 5587 1503 5641 similitudinem
1547 5590 1791 5657 serpentis

205 5672 385 5744 (Psal.
414 5674 501 5728 57.
545 5676 637 5745 5);
684 5690 747 5729 ac
775 5690 1023 5737 rursum,
1078 5675 1250 5731 Furor
1294 5680 1571 5733 draconum
1623 5682 1791 5733 vinum

201 5780 383 5820 eorum
408 5765 586 5837 (Deut.
615 5768 703 5820 32.
751 5769 862 5836 55).
886 5768 1014 5823 Cum
1052 5770 1192 5823 enim
1227 5784 1514 5841 pauperem
1537 5770 1789 5829 afﬁixeris

1270 357 1357 419 DE
1393 355 1609 413 MUNDI
1647 353 2038 413 CREATIONE
2075 353 2331 411 ORATIO
2362 354 2423 408 ll.

3363 379 3475 435 438

1903 473 1973 526 ita
2001 479 2059 526 ut
2094 471 2440 541 ingemiscat,
2474 469 2519 525 is
2544 469 2681 539 apud
2729 470 2893 525 Deum
2926 471 3171 527 inventus
3199 478 3281 526 est
3305 485 3485 525 come-

1900 562 2034 617 dens
2064 578 2253 632 panem
2283 563 2659 631 lacrymarum.
2696 559 2925 631 Ideoque
2944 563 3019 617 ait
3048 563 3185 617 Deus
3221 579 3233 615 :
3272 561 3486 632 Operue-

1901 654 2027 707 batis
2063 655 2296 723 lacrgmis
2335 653 2497 707 altare
2538 670 2701 708 meum
2733 652 2984 722 (Malaclt.
3036 654 3090 706 .‘3.
3130 651 3239 723 I3).
3283 653 3486 722 Repre-

1901 746 2158 801 henditne
2183 760 2310 815 ergo
2352 745 2491 799 Deus
2517 759 2611 799 eos
2639 745 2727 814 qui
2758 745 3029 815 plorarent
3069 744 3133 798 ad
3160 745 3329 799 altare
3349 788 3366 811 ,
3394 744 3485 812 qui

1900 836 2056 897 dicit,
2102 836 2435 899 Sacerdotes,
2483 837 2700 900 intrate,
2732 848 2778 890 et
2826 836 3022 906 plorate
3057 836 3215 905 (loel.
3258 838 3307 889 l.
3356 837 3483 904 I5)?

1904 930 2096 983 Verum
2126 928 2469 997 reprehendit
2492 944 2614 993 eos,
2646 945 2749 983 non
2780 930 2919 999 quod
2950 930 3139 984 ﬂerent
3159 971 3173 995 ,
3216 930 3308 985 sed
3342 930 3481 998 quod

1902 1020 1933 1073 ii
1966 1021 2053 1089 qui
2084 1020 2329 1089 iujuriam
2357 1022 2491 1087 passi
2523 1028 2735 1085 essent,
2760 1020 2941 1090 pupilli
2966 1030 3019 1074 et
3039 1020 3213 1073 vidua:
3233 1060 3248 1083 ,
3284 1019 3389 1073 illic
3415 1019 3481 1071 ad

1900 1111 2069 1164 altare
2097 1110 2478 1179 supplicari-nt.
2512 1110 2683 1179 thue
2710 1110 2953 1165 ostendat
2974 1125 3030 1164 se
3057 1110 3122 1163 de
3144 1110 3246 1164 illis
3274 1123 3483 1165 sermo-

1901 1217 2021 1255 nem
2053 1202 2249 1255 habere
2270 1242 2283 1265 ,
2313 1202 2579 1269 suitjtlllxll
2604 1217 2617 1253 :
2646 1200 2708 1253 In
2734 1203 2884 1269 ﬂetu,
2934 1210 2979 1253 et
3030 1200 3231 1268 planctu
3250 1238 3265 1265 ,
3320 1211 3365 1252 et
3391 1198 3485 1251 do-

1900 1293 2005 1345 lore
2035 1291 2193 1359 (.loel.
2216 1292 2268 1343 2.
2304 1291 2370 1345 12
2400 1292 2439 1361 ).
2492 1292 2712 1360 Insuper
2758 1306 2968 1361 aequum
2998 1300 3079 1346 est
3105 1300 3162 1345 ut
3186 1291 3252 1345 ad
3280 1292 3481 1345 hostias

1900 1392 2108 1436 nostras
2132 1384 2368 1436 animum
2396 1383 2764 1436 adhibeamus.
2799 1383 3120 1450 Proponitur
3143 1397 3269 1451 ergo
3299 1396 3482 1435 mensa

1897 1471 2087 1524 animae
2107 1511 2121 1535 ,
2154 1486 2345 1541 nempe
2377 1472 2465 1524 Dei
2495 1473 2737 1525 verbum.
2781 1469 2986 1540 Corpus
3010 1471 3217 1537 jejunio
3248 1470 3484 1524 sanctiﬁ-

1898 1570 2067 1627 catur,
2091 1563 2266 1616 anima
2285 1563 2403 1616 cibo
2425 1577 2615 1631 expers
2634 1564 3014 1631 corrumpitur.
3048 1562 3261 1617 Utinam
3288 1575 3482 1630 corpus

1893 1654 2100 1723 jejunet
2127 1670 2155 1707 a
2188 1656 2418 1723 peccatis
2439 1695 2457 1721 ,
2482 1656 2654 1707 anima
2678 1669 2807 1709 vero
2832 1655 2885 1708 in
2908 1654 3100 1708 divinis
3137 1652 3475 1707 documentis

1897 1747 2235 1801 conviveturl
2270 1746 2384 1802 Non
2427 1758 2580 1818 potes
2605 1747 2889 1803 comedere
2910 1762 3098 1817 panem
3142 1748 3378 1813 Christi,
3427 1756 3483 1801 et

1898 1853 2085 1907 panem
2117 1839 2471 1910 lacrymarum
2496 1880 2510 1902 ,
2537 1848 2593 1893 ut
2621 1840 2693 1892 ait
2720 1838 2913 1893 Paulus
2945 1857 2955 1890 :
2992 1838 3112 1891 Non
3135 1839 3337 1907 potestis
3362 1855 3481 1907 par-

1897 1930 2069 1998 ticipes
2100 1946 2205 1984 esse
2250 1947 2433 1984 mensa:
2462 1930 2647 1985 Clu-isti
2669 1972 2682 1995 ,
2706 1940 2749 1984 et
2778 1946 2961 1983 mensa:
3002 1929 3363 1986 dtemoniorum
3401 1928 3445 1994 (l
3464 1968 3477 1981 .

1896 2020 2013 2075 Cor.
2040 2021 2124 2075 10.
2146 2021 2259 2091 2i).
2283 2023 2447 2077 Debet
2472 2038 2597 2093 ergo
2612 2023 2656 2077 is
2674 2024 2758 2093 qui
2784 2023 2987 2092 jejunat
3004 2022 3269 2078 abstinere
3290 2038 3318 2075 a
3337 2022 3477 2087 cibo,

1895 2113 1987 2166 sed
2027 2116 2288 2182 prmcipue
2310 2129 2339 2168 a
2376 2116 2626 2183 peccatis.
2661 2114 2870 2168 Etenim
2901 2114 3072 2181 angeli
3120 2113 3355 2181 quotidie
3385 2128 3479 2165 no-

1899 2212 2044 2269 tant,
2090 2207 2206 2273 quis
2236 2206 2571 2274 proposuerit
2614 2205 2883 2259 abstinere
2924 2204 2991 2257 ab
3032 2204 3282 2267 avaritia,
3331 2214 3416 2257 aut
3447 2217 3477 2255 a

1896 2293 2265 2357 fornicatione,
2302 2304 2394 2349 aut
2415 2296 2480 2350 ab
2512 2295 2804 2364 iniquitate.
2839 2294 2962 2348 lla:c
2980 2294 3172 2363 quippe
3198 2293 3398 2363 jejunia
3426 2302 3480 2347 et

1894 2385 2067 2453 angeli
2119 2385 2489 2451 perscribunt,
2540 2396 2594 2438 et
2636 2386 2772 2439 Deus
2820 2386 2867 2436 in
2915 2383 3164 2438 thesauro
3216 2381 3474 2438 recondit.

1895 2477 2349 2543 Quemadmodum
2378 2478 2517 2531 enim
2537 2518 2549 2539 ,
2576 2476 2766 2531 fratres
2788 2517 2801 2539 ,
2827 2477 2900 2529 illi
2934 2477 3028 2529 viri
3061 2476 3297 2545 printarii
3328 2474 3416 2545 qui
3447 2490 3477 2527 a

1895 2570 2089 2624 libellis
2119 2570 2442 2637 supplicibus
2464 2580 2587 2623 sunt
2608 2569 2918 2638 Imperatori
2945 2578 3135 2622 cuncta
3167 2568 3474 2623 declarant:

1894 2662 1972 2715 sic
1997 2670 2049 2714 et
2079 2662 2250 2730 angeli
2280 2677 2340 2715 ea
2368 2677 2485 2729 quae
2514 2661 2645 2715 ﬁunt
2673 2662 2848 2715 omnia
2880 2661 2988 2714 Deo
3012 2660 3334 2730 signiﬁcant,
3372 2674 3477 2713 non

1896 2755 2227 2823 ignorantem
2257 2754 2514 2808 docentes
2538 2794 2551 2818 ,
2576 2753 2669 2808 sed
2701 2754 3036 2808 ministrandi
3067 2754 3308 2810 ordinem
3339 2768 3481 2808 crea-

1897 2858 2030 2901 tura:
2060 2848 2361 2917 implentes.
2396 2849 2505 2915 ligo
2551 2848 2856 2902 sexcenties
2900 2846 3191 2902 beatiorem
3225 2845 3479 2915 praedica-

1896 2939 2063 2992 vcrim
2124 2940 2529 3004 comedentem,
2578 2953 2734 3007 quam
2793 2938 3123 3007 jejunantem
3190 2948 3244 2992 et
3300 2936 3481 3006 inique

1896 3040 2161 3101 agentem.
2197 3031 2318 3083 llme
2345 3031 2501 3093 dico,
2554 3045 2656 3084 non
2682 3029 2939 3098 jejunium
2967 3030 3176 3083 solvens
3196 3068 3210 3091 ,
3242 3026 3335 3081 sed
3366 3027 3480 3096 pie-

1899 3132 2059 3176 tatem
2088 3122 2401 3190 prmdicans.
2454 3121 2564 3174 Non
2608 3122 2748 3174 enim
2791 3120 3073 3174 comedere
3116 3120 3341 3181 malum,
3385 3116 3478 3172 sed

1899 3228 2120 3282 peccare
2164 3227 2382 3283 pravum
2413 3222 2522 3276 est,
2568 3212 3013 3282 quemadmodum
3058 3211 3187 3265 dicit
3235 3211 3373 3265 Deus
3412 3210 3481 3265 de

1892 3302 2036 3371 justo
2060 3302 2289 3371 quodam
2321 3320 2332 3354 :
2366 3301 2521 3354 Pater
2542 3312 2656 3355 tuus
2687 3318 2851 3354 nonne
2876 3301 3129 3367 comedit,
3160 3310 3206 3353 et
3244 3302 3480 3353 volunta-

1901 3406 1995 3448 tem
2019 3412 2180 3448 meam
2209 3396 2324 3466 fecit
2355 3394 2535 3466 (lacti.
2572 3394 2624 3449 8.
2678 3394 2811 3463 I9)?
2843 3394 2930 3447 Sic
2951 3405 3004 3448 et
3028 3392 3152 3447 alibi
3181 3411 3192 3445 :
3222 3392 3482 3462 Jejuniunt

1899 3498 2131 3556 quartum
2152 3528 2167 3555 ,
2193 3497 2239 3541 et
2258 3489 2511 3558 jejunium
2538 3488 2768 3555 quintum
2794 3527 2807 3551 ,
2838 3496 2884 3539 et
2903 3487 3159 3553 jejunium
3190 3485 3437 3538 decimum
3461 3526 3477 3550 ,

1900 3579 1990 3630 erit
2016 3578 2151 3630 vobis
2190 3579 2243 3629 in
2272 3577 2513 3645 gaudium
2557 3585 2602 3629 et
2626 3576 2678 3628 in
2722 3576 2946 3629 la'titiam
2977 3584 3022 3626 et
3063 3576 3115 3627 in
3146 3574 3481 3627 solemnitate:

1901 3668 2076 3731 bonas,
2106 3676 2149 3720 et
2176 3667 2431 3720 veritatem
2458 3665 2671 3736 diligite.
2696 3664 2804 3720 Sed
2832 3664 3004 3720 illuxit
3030 3664 3118 3718 lux
3145 3665 3358 3719 sensilis
3377 3708 3392 3730 ,
3424 3675 3481 3717 ut

1902 3758 2031 3813 lucis
2063 3754 2251 3826 Opifex
2289 3756 2689 3825 prmdicaretur.
2719 3754 2945 3809 Advenit
2966 3769 3187 3823 vespera
3219 3753 3326 3808 diei
3360 3768 3482 3809 cur-

1900 3865 2019 3905 sum
2050 3849 2357 3918 obsignaus.
2378 3847 2583 3901 Bonum
2615 3846 2955 3916 principium,
2993 3845 3112 3899 ﬁnis
3134 3845 3376 3899 addatur.
3404 3844 3482 3899 No

1902 3940 2041 3994 male
2067 3939 2325 4009 repellas,
2362 3938 2454 3992 sed
2489 3937 2612 3993 audi
2638 3937 2887 3992 Davidem
2921 3954 2933 3990 :
2966 3935 3031 3989 In
3067 3936 3250 4006 ﬁnem,
3280 3953 3341 3991 ne
3370 3954 3481 3991 cor—

1902 4053 2108 4105 rumpas
2131 4035 2296 4104 (Psal.
2332 4036 2417 4088 74.
2444 4032 2658 4103 titulus).
2676 4033 2815 4086 Deus
2850 4041 3024 4085 autem
3050 4032 3181 4085 lueis
3209 4031 3363 4100 hujus
3385 4046 3482 4084 vos

1900 4143 2086 4182 omnes
2115 4126 2398 4191 illuminet,
2429 4124 2589 4179 verbo
2609 4164 2621 4187 ,
2641 4123 2755 4192 lege
2778 4162 2790 4180 .
2822 4121 2943 4181 ﬁde.
2975 4122 3193 4189 just'tia,
3213 4124 3478 4187 castitate,

1902 4221 1952 4275 in
1983 4217 2194 4273 Christo
2233 4218 2356 4272 Jesu
2391 4216 2613 4270 Domino
2641 4224 2824 4267 nostro
2844 4254 2859 4279 ,
2896 4230 2942 4281 νι
2964 4229 2987 4265 ι·
3017 4228 3170 4282 quem
3192 4222 3245 4268 et
3266 4214 3480 4282 quicum

1902 4312 2043 4366 Patri
2083 4311 2285 4380 gloria,
2317 4308 2474 4363 simul
2519 4322 2638 4362 eum
2679 4305 2879 4376 Spiritu
2922 4313 3141 4373 sancto,
3189 4305 3240 4359 in
3287 4304 3481 4359 saecula

1901 4404 2237 4458 saeculorum.
2268 4405 2455 4456 Amen.

1903 4496 2145 4565 Ejusdem
2174 4496 2226 4548 in
2251 4494 2524 4548 secundum
2554 4493 2684 4545 diem
2711 4493 2976 4547 creationis
2996 4533 3009 4556 ,
3036 4499 3081 4544 et
3104 4490 3343 4543 adversus
3368 4505 3482 4543 eum

1971 4587 2055 4656 qui
2106 4586 2198 4640 sibi
2243 4586 2475 4650 dixerat,
2524 4600 2624 4637 non
2646 4593 2874 4651 Oportere
2920 4599 3008 4635 nos
3062 4580 3375 4635 Christianos
3426 4582 3481 4633 in

1971 4676 2368 4743 sanctiﬁcatione
2398 4674 2590 4737 dicere,
2620 4673 2756 4727 Deus
2794 4671 3045 4725 Sabaoth.

1974 4770 2023 4823 1.
2060 4768 2293 4837 Eﬁieacia
2315 4766 2447 4819 uerbi
2480 4765 2652 4818 divini.
2683 4764 2994 4818 Abstinentia
3019 4773 3176 4817 mater
3210 4764 3308 4832 pia!
3336 4779 3482 4818 men-

1903 4861 1983 4913 tis.
2012 4889 2083 4899 —-
2112 4857 2287 4911 Animi
2317 4855 2643 4911 desiderium
2686 4857 2882 4910 excitat
2934 4855 3146 4910 divinus
3189 4870 3397 4921 sermo,
3427 4865 3482 4910 et

1901 4950 2048 5019 quasi
2074 4950 2343 5002 lucernam
2370 4947 2655 5016 quamdam
2692 4946 2790 5016 ipsi
2820 4946 3067 5015 gaudium
3094 4946 3444 5014 circumponit
3463 4988 3478 5010 ,

1903 5050 1958 5095 ut
2000 5050 2055 5095 et
2082 5039 2358 5094 ratiocinia
2394 5039 2653 5103 illustret,
2686 5048 2739 5093 et
2786 5047 3021 5092 mentem
3071 5038 3369 5103 exhilaret,
3426 5048 3481 5091 et

1904 5140 2118 5199 peccata
2170 5130 2474 5199 abstergat,
2517 5138 2573 5183 et
2626 5143 2782 5183 sensa
2828 5128 3109 5182 illuminet.
3165 5127 3478 5197 Huiusmodi

1900 5232 1984 5278 est
2031 5223 2121 5277 Dei
2157 5237 2357 5277 sermo.
2390 5222 2521 5276 Nam
2567 5221 2707 5295 quod
2734 5236 2825 5277 eos
2853 5220 3026 5286 ferro,
3082 5220 3134 5274 id
3164 5221 3354 5275 animm
3386 5220 3480 5273 Dei

1901 5329 2095 5370 sermo.
2121 5314 2226 5369 Cos
2255 5328 2359 5368 non
2388 5329 2550 5368 unam
2570 5313 2743 5367 solum
2772 5327 2884 5366 rem
2908 5312 3051 5367 ferro
3079 5312 3284 5366 confert
3314 5328 3327 5363 :
3357 5326 3479 5364 nam

1902 5406 2073 5475 primo
2096 5406 2264 5474 ipsum
2295 5414 2577 5475 praeparat,
2610 5414 2667 5458 ut
2687 5406 2982 5475 rubiginem
3011 5413 3255 5472 reSpuat:
3286 5403 3481 5457 deinde

1901 5513 2139 5551 crassum
2169 5507 2452 5561 extenuat,
2486 5498 2730 5552 obtusum
2763 5498 2936 5561 acuit,
2979 5496 3263 5549 ohscurmn
3309 5496 3484 5550 reddit

1900 5589 2129 5643 lucidum
2154 5631 2167 5651 ,
2196 5589 2494 5643 abstersum
2517 5631 2532 5654 ,
2560 5588 2781 5643 nitidum
2800 5630 2813 5653 ,
2846 5597 3077 5641 acutum.
3108 5586 3197 5641 Sic
3221 5602 3279 5642 se
3320 5586 3479 5642 habet

1900 5679 1994 5732 Dei
2033 5694 2210 5733 sermo
2238 5698 2249 5732 :
2278 5678 2439 5733 efﬁcit
2472 5687 2527 5732 ut
2574 5679 2745 5731 anima
2799 5679 3092 5747 rubiginem
3142 5681 3339 5747 peccati
3386 5696 3473 5732 re-

1904 5780 2079 5841 spuat,
2120 5773 2361 5828 obtusum
2390 5771 2534 5826 illam
2556 5772 2713 5838 acuit,
2746 5785 2975 5825 crassam
3009 5772 3254 5828 subtilem
3280 5771 3474 5835 reddit,
