4110 6318
687 356 801 410 439

686 456 967 508 obscuram
1009 452 1294 522 splendore
1345 452 1528 506 afﬁcit.
1580 451 1701 506 Vult
1743 461 1920 505 autem
1966 452 2062 506 Dei
2090 467 2268 507 sermo

685 560 783 600 nos
808 545 1113 615 splendidos
1143 559 1262 598 esse
1289 543 1580 600 secundum
1603 542 1842 612 Apostoli
1863 543 2107 598 allectum
2141 545 2154 574 ¹
2181 543 2265 598 di-

685 637 855 691 centis
879 653 894 689 :
931 636 998 691 Ut
1027 637 1135 689 sitis
1165 636 1292 689 sicut
1321 635 1592 689 luminaria
1622 636 1674 688 in
1699 635 1905 700 mundo,
1931 636 2132 688 verbum
2155 636 2268 688 vita:

686 729 988 781 continentes
1033 727 1289 798 (Philipp.
1323 728 1376 780 2.
1427 728 1654 795 15.16).
1704 727 1841 780 Ecce
1885 728 2263 796 splendorem!

687 817 806 871 Vult
829 833 925 872 nos
949 833 1069 872 esse
1100 835 1204 872 non
1229 820 1447 872 obtusos
1470 859 1481 883 ,
1505 820 1596 871 sed
1627 827 1846 872 acutos:
1884 835 2004 872 nam
2035 836 2048 871 :
2093 819 2259 880 Vivus.

686 907 888 976 inquit,
919 918 989 960 est
1018 924 1181 961 sermo
1212 907 1302 960 Dci
1324 950 1338 974 ,
1369 917 1412 961 et
1434 909 1638 976 e/ﬁcax,
1673 917 1718 960 et
1748 910 2101 976 penetrabilior
2130 912 2265 962 omni

680 997 852 1063 gladio
881 999 1090 1067 ancipiti
1138 999 1320 1056 (llebr.
1348 1001 1401 1053 4.
1434 999 1544 1069 12).
1597 999 1720 1053 Vult
1763 1014 1858 1052 nos
1901 1014 2005 1052 non
2059 1016 2267 1055 crassos

681 1101 826 1151 esse,
878 1086 970 1140 sed
1018 1089 1420 1156 cogitationibus
1473 1098 1702 1142 mentem
1741 1089 1986 1142 subtilem
2019 1090 2262 1143 reddere.

685 1176 780 1229 L‘bi
812 1178 953 1231 enim
981 1180 1248 1232 crassities
1269 1221 1282 1242 ,
1315 1179 1382 1231 ibi
1406 1178 1574 1232 aliena
1598 1193 1626 1231 a
1661 1179 1749 1232 Dei
1775 1179 1938 1232 verbo
1963 1194 2116 1233 mens
2142 1192 2222 1234 est
2249 1199 2261 1234 :

681 1267 770 1320 ubi
799 1277 977 1323 autem
1002 1270 1209 1324 subtilis
1237 1279 1337 1330 est,
1364 1278 1483 1338 apta
1513 1270 1610 1338 legi
1637 1269 1830 1324 divina:
1855 1270 2104 1326 efﬁcitur.
2139 1271 2263 1326 ldco

679 1355 748 1410 de
778 1359 1127 1412 crassioribus
1156 1359 1284 1412 dicit
1311 1359 1582 1428 Scriptura
1615 1377 1628 1412 :
1662 1359 1728 1412 Et
1759 1362 1970 1413 comedit
1996 1360 2156 1414 Iacob
2177 1404 2191 1428 ,
2216 1372 2264 1415 et

681 1455 934 1499 saturatas
970 1458 1076 1512 est,
1127 1458 1174 1501 ct
1213 1450 1588 1518 impinguatus,
1637 1451 1972 1514 incrassatus,
2022 1452 2264 1505 dilatatus

677 1547 746 1588 est
777 1554 793 1590 .'
819 1541 1082 1609 dereliquit
1126 1540 1290 1594 Deum
1337 1547 1578 1610 factorem
1605 1559 1751 1594 suum
1783 1541 1958 1612 (Deut.
2007 1544 2094 1597 32.
2146 1545 2258 1614 i5).

679 1629 790 1695 Age
816 1639 1208 1696 crgo,nostram
1255 1647 1461 1700 quoque
1492 1633 1583 1686 Dei
1632 1648 1811 1687 sermo
1837 1634 2066 1687 illustret
2115 1650 2262 1689 men-

679 1727 784 1770 tetn
806 1757 820 1783 ,
852 1721 1081 1774 maxime
1120 1722 1390 1789 proposito
1411 1722 1613 1791 jejunio
1635 1762 1648 1787 ,
1679 1723 1818 1792 quod
1858 1733 2108 1778 extenuat
2135 1740 2260 1780 eor-

684 1823 811 1874 pora
833 1849 847 1873 ,
880 1821 932 1863 et
959 1820 1190 1865 mentem
1221 1814 1446 1867 exacuit.
1479 1813 1574 1867 Est
1594 1815 1735 1868 enim
1773 1814 2094 1868 abstinentia
2122 1815 2262 1884 jeju-

681 1897 750 1949 nii
782 1900 956 1953 omnis
976 1901 1412 1956 sanctiﬁcationis
1437 1905 1635 1968 nutrix,
1665 1905 2011 1973 etmaterpia:
2041 1907 2256 1960 mentis.

680 1987 794 2041 Non
813 1990 1070 2057 quieritur
1097 1993 1366 2059 quomodo
1393 1993 1692 2061 jt-junemus
1721 2003 1920 2048 tantum
1940 2036 1954 2055 .
1979 1996 2070 2050 sed
2101 2011 2258 2066 quam

680 2079 764 2148 pic
786 2079 1112 2148 jejunemus.
1140 2083 1282 2136 Multi
1311 2085 1382 2138 ob
1425 2085 1629 2152 publica
1661 2101 1838 2140 rerum
1867 2088 2076 2156 negetia
2123 2089 2260 2157 jeju-

679 2179 840 2235 nant;
871 2172 962 2225 sed
991 2187 1094 2225 non
1122 2183 1394 2241 reputatur
1415 2175 1562 2229 eisin
1589 2175 1868 2244 jejunium.
1892 2176 2094 2244 Seopus
2115 2179 2256 2231 enim

675 2260 968 2329 judicatur,
1011 2277 1114 2316 non
1163 2264 1452 2318 necessitas
1498 2274 1801 2318 coronatur.
1835 2266 1890 2320 ln
1933 2264 2034 2319 hoc
2075 2280 2258 2322 sancto

679 2361 818 2405 statu
851 2352 1034 2406 beatus
1073 2353 1278 2423 Moyses
1307 2355 1357 2406 in
1388 2366 1565 2410 monte
1612 2366 1665 2409 et
1687 2358 1855 2425 legem
1885 2357 2176 2412 docebatur
2207 2367 2260 2411 et

678 2443 1024 2497 creationem.
1061 2445 1297 2498 Diximus
1327 2461 1456 2516 ergo
1498 2447 1742 2501 hesterna
1772 2449 1857 2501 die
1890 2449 2056 2503 Deum
2079 2491 2092 2514 ,
2135 2466 2254 2504 cum

679 2532 848 2602 legem
882 2551 973 2601 per
998 2535 1462 2604 Moysemdaturus
1486 2547 1645 2601 esset,
1671 2538 1840 2607 primo
1867 2554 1924 2593 se
1951 2539 2257 2595 Creatorem

678 2625 1007 2688 ostendisse,
1041 2641 1101 2677 ae
1137 2626 1328 2680 deinde
1358 2627 1757 2696 Legislatorcm.
1787 2629 2062 2694 Quomodo
2107 2639 2258 2699 pote-

683 2725 802 2769 rant
840 2716 1005 2770 Juda-i
1037 2719 1288 2782 credere,
1321 2719 1486 2774 Deum
1531 2720 1719 2774 fecisse
1757 2722 1943 2775 cmlum
1975 2732 2027 2778 et
2057 2731 2254 2777 terram

681 2815 733 2858 et
763 2807 939 2858 omnia
963 2822 1080 2874 quze
1113 2808 1164 2859 in
1191 2809 1267 2863 eis
1297 2817 1452 2875 sunt,
1477 2811 1577 2864 nisi
1605 2811 1750 2878 prius
1777 2812 2027 2865 miracula
2056 2813 2255 2867 edidis-

678 2905 758 2948 set
803 2899 853 2948 in
903 2895 1161 2965 fligypto,
1211 2914 1328 2967 quae
1377 2901 1547 2969 ipsum
1588 2916 1708 2956 esse
1757 2902 1901 2957 orbis
1948 2904 2254 2959 Creatorem

678 2989 1123 3053 comprobarent?
1169 2989 1432 3046 Docemus
1479 3007 1577 3046 nos
1621 3000 1678 3045 ut
1704 2992 2021 3047 suadeamus
2062 3011 2074 3046 :
2117 2995 2254 3051 Deus

677 3078 885 3144 suadet,
900 3087 954 3132 ut
980 3079 1190 3135 doceat.
1223 3080 1351 3146 Quia
1384 3082 1592 3153 Moyses
1618 3084 1954 3153 expositurus
1990 3085 2254 3140 dicturus-

677 3184 778 3235 que
801 3177 944 3232 erat,
973 3171 1135 3223 Deum
1165 3171 1352 3225 fecisse
1379 3173 1566 3225 caelum
1590 3214 1603 3236 ,
1631 3181 1685 3228 et
1715 3184 1908 3227 terram
1928 3215 1942 3240 ,
1972 3183 2026 3229 et
2069 3191 2214 3229 mare
2233 3214 2250 3238 ,

677 3270 730 3310 et
755 3260 929 3310 omnia
957 3274 1075 3328 qua:
1101 3260 1151 3312 in
1176 3261 1252 3314 eis
1273 3271 1430 3327 sunt,
1463 3262 1561 3315 nisi
1585 3263 1730 3331 prius
1758 3263 2016 3318 mirabilia
2046 3275 2252 3333 patras-

675 3355 756 3400 set
785 3347 834 3400 in
866 3346 1097 3418 Aﬂgypto
1116 3390 1128 3412 ,
1163 3357 1215 3403 et
1235 3349 1651 3406 demonStrasset
1674 3351 1843 3421 ipsum
1869 3367 1989 3408 esse
2015 3356 2250 3408 omnium

675 3456 852 3495 rerum
883 3450 1180 3496 creatarum
1232 3442 1488 3511 Opiliccm
1510 3485 1523 3509 ,
1555 3458 1660 3496 non
1691 3444 1989 3498 crediturus
2019 3455 2133 3499 erat
2154 3461 2250 3515 po-

677 3534 828 3599 pulus
856 3534 1018 3588 Deum
1056 3533 1246 3588 fecisse
1272 3535 1457 3589 caelum
1490 3546 1542 3588 et
1565 3544 1780 3588 terram.
1828 3536 2078 3590 Extendit
2109 3539 2252 3604 prius

679 3624 891 3691 Moyses
921 3640 1111 3678 manus
1150 3639 1271 3677 suas
1295 3626 1345 3677 in
1373 3626 1588 3691 czelum,
1619 3635 1669 3680 et
1695 3627 1902 3680 demisit
1936 3629 2248 3696 grandinem

673 3725 726 3767 et
777 3716 946 3784 ignem
970 3756 982 3779 ,
1015 3715 1301 3783 didicitque
1345 3716 1568 3785 populus
1608 3731 1705 3785 per
1741 3716 1949 3770 ﬁdelem
1995 3733 2243 3783 servum,

673 3805 814 3856 illam
845 3804 1118 3857 mortalem
1149 3804 1422 3858 dexteram
1451 3805 1613 3858 verbo
1646 3805 1738 3858 Dei
1784 3815 1980 3860 motam
2003 3849 2017 3872 ,
2060 3808 2246 3862 carlum

673 3892 1004 3954 turbavisse,
1053 3903 1106 3946 ct
1149 3903 1445 3947 creaturam
1491 3894 1889 3949 commisenisse
1925 3914 1936 3947 :
1977 3897 2249 3966 multoque

672 3984 863 4050 petiori
893 3984 1095 4035 ratione
1123 3983 1214 4037 Dei
1242 3983 1478 4051 jubentis
1504 3983 1778 4038 dexteram
1817 3985 2112 4041 lirmavisse
2140 4003 2246 4041 ein-

669 4073 774 4126 lum
804 4083 856 4127 et
880 4072 1128 4128 fundasse
1154 4084 1372 4127 terram.
1401 4074 1568 4128 Nemo
1589 4075 1728 4128 enim
1756 4085 2053 4130 creaturam
2074 4087 2248 4130 movet

666 4162 752 4228 qui
784 4178 887 4214 non
916 4172 1100 4217 auctor
1119 4164 1234 4233 ejus
1265 4167 1350 4218 sit.
1371 4164 1767 4219 Ostemlendum
1789 4180 1914 4235 ergo
1944 4175 2060 4221 erat
2081 4167 2245 4222 Deum

664 4249 854 4304 fecisse
886 4261 1116 4306 terram:
1148 4254 1388 4308 extendit
1437 4255 1644 4324 Moyses
1672 4270 1883 4309 manum
1927 4258 1979 4310 in
2015 4268 2239 4324 terram,

665 4349 716 4392 et
731 4341 970 4394 exierunt
985 4342 1753 4410 sciniphes.Dcmonstrandum
1773 4345 1944 4399 denuo
1961 4349 2244 4402 eratDctun

665 4430 856 4486 fecisse
906 4433 1077 4500 ignem
1107 4449 1119 4484 :
1151 4435 1354 4501 accepit
1399 4434 1604 4504 Moyses
1636 4434 1867 4488 favillam
1897 4435 1963 4488 de
1991 4435 2238 4502 fornace,

662 4534 715 4576 et
743 4525 966 4591 sparsit,
997 4534 1049 4578 et
1075 4524 1441 4595 {Egyptiorum
1475 4541 1696 4594 corpora
1732 4527 1955 4596 replevit
1976 4529 2241 4582 ulceribus

662 4614 889 4668 flamma:
934 4616 1099 4670 instar
1121 4616 1463 4670 ferventibus.
1494 4614 1892 4672 Ostendendum
1931 4628 2046 4672 erat
2077 4619 2239 4672 Deum

659 4701 849 4758 fecisse
879 4719 1067 4774 aquam
1104 4724 1115 4760 :
1148 4717 1344 4760 mutata
1373 4717 1453 4760 est
1481 4722 1614 4775 aqua
1646 4708 1694 4759 in
1722 4707 2054 4776 sanguinem.
2088 4707 2239 4762 Mon-

656 4795 930 4848 strandum
955 4807 1069 4850 erat
1094 4799 1281 4852 fecisse
1312 4814 1458 4852 mare
1491 4816 1503 4850 :
1536 4815 1681 4853 mare
1705 4808 1759 4853 ut
1790 4811 1939 4868 petra
1966 4802 2111 4855 stetit
2141 4803 2237 4871 (α),

655 4892 705 4937 et
739 4885 978 4937 transivit
1006 4889 1254 4955 populus.
1287 4889 1465 4941 Primo
1505 4890 1678 4957 itaque
1703 4905 1794 4957 per
1818 4906 1976 4959 opera
2008 4893 2240 4945 ostendit

657 4989 776 5027 eum
804 4989 923 5028 esse
970 4976 1284 5041 Dominum,
1328 4979 1625 5047 deindcque
1660 4979 1836 5033 verbis
1879 4979 2091 5034 edocuit
2120 4996 2238 5036 esse

655 5064 932 5133 Oplilt‘t‘HI.

722 5157 773 5210 ΕΞ.
799 5157 1022 5211 Christus
1050 5168 1164 5211 ante
1192 5154 1595 5227 prwdirationem
1622 5161 1788 5213 docuit
1812 5177 1865 5214 se
1892 5159 2067 5213 mundi
2100 5159 2230 5224 Opi-

652 5247 794 5314 ﬁrem
816 5263 938 5299 esse.
967 5246 1218 5299 Illiracula
1245 5249 1369 5314 ﬁdes
1389 5252 1626 5318 sequitur.
1650 5281 1717 5290 ——
1743 5251 1829 5305 Sic
1863 5252 2021 5304 etiam
2046 5253 2237 5304 Serva-

717 5338 730 5402 ξ
769 5342 907 5383 .tuxta
940 5332 1306 5394 Combelisium,
1333 5334 1598 5398 legendum
1627 5347 1716 5400 est,
1745 5346 2074 5402 prreceptum,
2115 5354 2199 5401 pro
2217 5376 2230 5399 ,

649 5403 888 5444 affectum.

738 5411 744 5421 π
795 5410 888 5443 um.

824 5457 875 5504 In
900 5465 1088 5516 Crit-co,
1116 5471 1288 5520 ιπιτρώοη
1311 5470 1334 5516 ἡ
1359 5470 1535 5509 Θάλασσα..
1572 5459 1889 5510 Combeﬁsius
1911 5464 2086 5521 vertit,
2115 5461 2233 5512 divi-

647 5531 754 5565 sum
776 5525 844 5567 est
865 5531 1036 5585 mare,
1063 5523 1196 5585 quasi
1222 5524 1281 5566 ab
1307 5533 1542 5585 meum“
1561 5561 1571 5577 ,
1593 5525 1800 5583 perfero.
1830 5523 1892 5571 At
1916 5529 2031 5582 puto
2056 5537 2232 5585 ἰπιτρώθη

647 5589 674 5624 a
696 5593 830 5641 πιτράω
848 5579 1186 5628 deducendum
1212 5594 1339 5637 esse,
1366 5579 1839 5640 in'petrw'na'turam
1863 5579 2006 5631 mitto.
2034 5579 2233 5632 Kaniait

647 5647 883 5700 Scriptura
905 5679 918 5696 ,
945 5653 1077 5687 mare
1101 5644 1234 5701 quasi
1261 5655 1445 5689 murum
1470 5641 1649 5700 fuisse;
1675 5653 1812 5692 certe
1836 5647 1876 5692 si
1900 5646 1962 5694 de
1995 5646 2232 5694 divisione

645 5704 791 5748 maris
826 5711 1090 5760 ageretur.
1131 5702 1255 5750 aliud
1295 5703 1613 5764 quzerendum
1656 5706 1860 5752 verbum
1905 5715 2043 5764 erat,
2086 5720 2228 5769 quam

649 5773 901 5820 ιτιτιτρὺσιω.

2102 340 2468 397 ΞΕῊΞΗΙΑΝΙ

3859 368 3983 419 441)

2378 480 2524 534 torin
2547 481 2831 552 Evangelia
2843 497 2949 539 non
2964 495 3085 540 ante
3098 487 3274 542 docuit
3299 503 3454 558 quam
3474 488 3726 542 miracula
3746 497 3977 558 patras-

2376 579 2474 623 set.
2516 572 2748 628 Primum
2779 578 3006 646 signum,
3035 583 3255 634 mutavit
3284 595 3472 649 aquam
3524 584 3574 634 in
3605 583 3787 634 vitium
3817 622 3833 645 ,
3871 596 3977 634 nec.

2375 669 2496 715 ante
2539 662 2662 716 illud
2703 678 2921 734 apparet
2952 684 3071 722 eum
3122 671 3365 725 docuisse
3413 690 3424 724 :
3480 673 3762 740 oportebat
3819 673 3975 724 enim

2374 753 2675 819 prmcedcre
2702 769 2855 825 Opus,
2876 768 2928 812 ct
2953 761 3167 814 verbum
3191 763 3359 830 sequi.
3389 762 3620 830 Ideoque
3649 773 3705 815 et
3728 763 3978 829 scriptor

2376 843 2462 897 ille
2491 845 2562 897 ait
2597 865 2608 899 :
2646 847 2874 903 Primum
2899 853 3098 920 quidem
3133 870 3410 907 sermonem
3454 855 3547 924 feci
3578 855 3641 906 de
3683 855 3974 919 omnibus,

2375 950 2404 987 ο
2434 934 2733 1006 TlieOpltile,
2756 958 2866 1010 qum
2886 945 3030 1014 ca'pit
3053 943 3082 995 J
3091 963 3200 998 esus
3221 946 3387 1012 facere
3404 959 3448 999 et
3470 947 3644 999 docere
3665 948 3684 1014 (
3696 947 3847 1000 ActJ
3865 949 3912 1000 .l
3930 950 3971 1013 ).

2373 1025 2648 1092 Quomodo
2667 1031 2931 1088 docuisset
2948 1035 3198 1090 Servator
3225 1053 3281 1091 se
3303 1038 3555 1107 Opiﬁcem
3589 1053 3711 1092 esse
3736 1040 3974 1092 mundi?

2373 1116 2480 1169 Nisi
2509 1120 2648 1172 enim
2672 1124 2854 1177 oculos
2880 1127 3007 1178 caeci
3037 1127 3385 1182 illuminassct
3411 1169 3424 1190 ,
3453 1129 3589 1181 nulla
3615 1127 3750 1181 ﬁdes
3778 1129 3832 1182 ei
3869 1128 3971 1180 ha-

2373 1207 2475 1260 bita
2505 1219 2645 1264 esset
2672 1213 2866 1268 dicenti
2903 1233 2916 1270 :
2950 1217 3061 1288 Ego
3090 1235 3199 1270 sum
3234 1220 3321 1271 lux
3342 1221 3522 1272 mundi
3553 1221 3739 1280 (Joau.
3778 1221 3836 1274 9.
3871 1221 3968 1285 5).

2370 1299 2479 1354 Nisi
2507 1302 2764 1360 Lazarum
2804 1309 3135 1375 suscitasset,
3165 1327 3270 1364 non
3302 1312 3651 1366 credidissent
3676 1312 3973 1366 auditores

2370 1391 2563 1447 dicenti
2598 1414 2612 1449 :
2645 1396 2754 1466 Ego
2795 1414 2904 1450 sum
2931 1402 3031 1452 vita
3065 1414 3108 1452 et
3143 1403 3437 1454 resurrectio
3469 1401 3668 1472 (Joan.
3704 1404 3763 1456 H
3783 1443 3795 1455 .
3828 1401 3906 1456 25
3930 1404 3968 1466 l.

2368 1483 2476 1537 Nisi
2509 1501 2704 1554 Spueus
2748 1490 2798 1542 in
2828 1499 3021 1545 terram
3057 1493 3219 1544 lutum
3273 1492 3502 1557 fecisset,
3551 1509 3612 1545 ac
3643 1509 3854 1546 cmcum
3907 1495 3972 1545 li-

2369 1578 2608 1643 nivissct,
2640 1595 2742 1633 non
2785 1582 3045 1636 creditum
3092 1582 3277 1637 fuisset
3307 1586 3477 1650 ipsum
3501 1598 3620 1638 esse
3642 1625 3656 1645 ,
3686 1585 3780 1651 qui
3807 1599 3973 1637 accc-

2369 1676 2460 1734 pto
2488 1667 2554 1721 de
2608 1678 2745 1723 terra
2778 1672 2992 1739 pulvere
3022 1673 3281 1726 Adamum
3312 1674 3654 1727 formaverat.
3695 1674 3808 1726 Nisi
3847 1689 3967 1726 am-

2368 1756 2599 1811 bulasset
2625 1773 2783 1828 super
2804 1776 2971 1825 mare,
3007 1778 3109 1816 non
3143 1764 3284 1816 visas
3311 1774 3452 1817 esset
3485 1764 3746 1816 Dominus
3771 1765 3966 1815 maris.

2368 1844 2476 1900 Nisi
2503 1849 2829 1916 increpasset
2853 1862 3088 1914 ventum,
3115 1868 3217 1906 non
3247 1853 3644 1907 demonstratus
3669 1864 3822 1908 esset
3857 1853 3965 1905 Do-

2366 1940 2540 1994 minus
2565 1952 2860 1996 ventorum.
2913 1945 3270 2011 Quamobrem
3299 1945 3460 1998 homo
3489 1945 3706 2014 quidem
3739 1945 3968 1998 videba-

2369 2038 2473 2093 tur,
2520 2045 2617 2099 per
2643 2033 2894 2087 miracula
2933 2044 3114 2088 autem
3157 2043 3213 2088 ut
3253 2035 3392 2089 Deus
3444 2041 3608 2085 notus
3635 2039 3690 2086 et
3719 2032 3968 2104 inclytus

2366 2131 2500 2174 erat.
2533 2122 2783 2176 Servator
2807 2125 2982 2193 itaque
3003 2125 3291 2193 discipulos
3320 2125 3700 2194 obstupefecit.
3728 2133 3786 2180 et
3806 2127 3962 2180 dice-

2365 2211 2493 2267 bant
2524 2229 2537 2266 :
2571 2214 2746 2279 Qualis
2799 2226 2868 2267 est
2910 2217 3019 2275 hic.
3051 2218 3166 2282 quia
3196 2217 3332 2270 venti
3362 2229 3409 2269 ct
3457 2233 3598 2270 mare
3631 2217 3879 2270 obediunt
3923 2219 3966 2270 ei

2367 2303 2578 2375 (illatt/t.
2607 2305 2660 2359 8.
2687 2306 2756 2359 27
2779 2307 2795 2374 )
2820 2307 2842 2360 ?
2867 2305 3113 2361 Ostendit
3152 2309 3322 2376 primo
3345 2309 3606 2363 elementa
3641 2309 3744 2362 sibi
3790 2310 3962 2363 obse-

2365 2398 2474 2465 qui,
2506 2407 2558 2450 et
2587 2406 2764 2465 postea
2796 2400 2970 2452 verbis
2996 2400 3174 2454 docuit
3202 2443 3212 2464 ,
3257 2401 3432 2454 omnia
3479 2416 3573 2470 per
3610 2402 3788 2469 ipsum
3817 2401 3964 2454 facta

2365 2501 2501 2539 esse.
2545 2485 2785 2541 Ostendit
2834 2489 3005 2555 primo
3054 2490 3139 2542 illa
3185 2491 3281 2544 sibi
3335 2491 3577 2559 obsequi.
3636 2491 3752 2545 Nisi
3808 2493 3965 2560 prius

2363 2584 2654 2629 creaturam
2702 2579 2795 2647 ipsi
2840 2579 3056 2648 obsequi
3089 2591 3357 2633 ostensum
3401 2579 3630 2647 fuisset,
3663 2597 3771 2634 non
3821 2582 3966 2636 fides

2365 2662 2538 2718 habita
2567 2676 2709 2720 esset
2761 2667 2949 2721 Joanni
2991 2671 3326 2738 evangelista:
3375 2670 3571 2723 dicenti
3602 2687 3614 2722 :
3651 2670 3846 2724 Omnia
3876 2691 3968 2741 per

2363 2757 2529 2823 ipsum
2549 2763 2681 2827 facta
2702 2771 2813 2812 sunt
2837 2762 3010 2830 (.Ioan.
3047 2765 3092 2816 1.
3131 2765 3203 2830 5).
3232 2765 3509 2830 Quomodo
3535 2764 3799 2818 creditum
3824 2764 3966 2817 fuis-

2363 2858 2442 2901 set
2468 2852 2722 2917 apostolis
2746 2893 2758 2914 ,
2793 2853 2907 2905 rudi
2956 2854 3127 2921 lingua
3161 2856 3500 2923 loquentibus
3524 2898 3538 2920 ,
3572 2871 3692 2909 cum
3726 2857 3798 2910 de
3851 2857 3967 2911 Deo

2363 2939 2538 2993 Verbo
2564 2941 2926 3006 afﬁrmarent,
2971 2945 3246 3008 Creatore,
3295 2945 3582 2999 Servatore
3609 2988 3622 3008 ,
3657 2946 3961 3015 sapientis-

2361 3031 2497 3082 simo
2532 3071 2545 3093 ,
2599 3031 2859 3084 doctore?
2905 3033 3096 3085 Verum
3144 3035 3508 3102 apostolorum
3561 3035 3741 3104 lingua
3799 3045 3965 3089 erant

2361 3121 2650 3184 miracula;
2700 3137 2760 3176 os
2789 3125 3146 3192 apostolorum
3203 3134 3317 3179 crat
3372 3136 3616 3182 mortuus
3643 3127 3964 3188 suscitatus,

2361 3212 2579 3266 claudus
2623 3215 2920 3268 ambulans.
2962 3215 3113 3282 Quod
3160 3228 3334 3269 autem
3385 3217 3643 3270 miracula
3699 3229 3966 3286 sequatur

2364 3301 2495 3357 ﬁdes
2523 3345 2535 3367 ,
2583 3305 2895 3360 testiﬁcatur
2938 3308 3203 3375 Scriptura
3232 3309 3447 3362 dicens:
3473 3308 3577 3362 Per
3603 3325 3788 3361 manus
3822 3312 3965 3362 enim

2361 3395 2701 3461 apostolorum
2762 3396 2947 3464 ﬁebant
3014 3399 3157 3464 signa
3218 3414 3401 3467 magna
3459 3409 3508 3450 et
3585 3399 3824 3467 prodigia
3910 3401 3963 3451 in

2360 3483 2519 3552 plebe.
2569 3483 2847 3553 Stupebant
2892 3497 3056 3539 autem
3103 3504 3272 3539 omnes
3303 3529 3316 3551 ,
3364 3490 3624 3557 magisque
3668 3490 3961 3557 augebatur

2357 3574 2574 3642 quotidie
2624 3576 2841 3627 virorum
2884 3585 2930 3628 et
2969 3576 3234 3629 mulierum
3278 3579 3546 3630 multitudo
3579 3579 3739 3647 (Act.
3773 3581 3826 3632 5.
3863 3580 3956 3634 12.

2359 3663 2442 3717 Μ.
2475 3674 2522 3716 et
2551 3663 2604 3716 ἓ.
2629 3666 2706 3732 7).
2757 3665 3120 3721 Praelucebant
3166 3668 3418 3721 miracula
3446 3708 3458 3728 ,
3490 3677 3544 3720 et
3585 3671 3961 3736 sequebantur

2356 3754 2620 3822 dogmata.
2651 3754 2738 3809 Sic
2767 3765 2820 3809 et
2848 3756 2897 3808 iu
2923 3757 3038 3825 lege
3071 3797 3086 3820 ,
3120 3758 3373 3825 pra-ibant
3399 3759 3656 3812 miracula
3701 3760 3752 3812 in
3779 3761 3957 3832 Egy—

2359 3856 2467 3916 pto,
2503 3862 2619 3915 qua:
2646 3847 2932 3916 probarent
2960 3850 3126 3902 Deum
3167 3864 3284 3903 esse
3305 3849 3640 3904 Creatorem.
3681 3851 3824 3906 Deus
3852 3870 3956 3906 au-

2358 3950 2483 4002 tem,
2532 3941 2700 3994 bonus
2730 3955 2847 3994 cum
2894 3951 3069 4004 esset,
3123 3942 3288 3995 noluit
3316 3942 3428 4009 ipse
3457 3943 3604 3996 solus
3653 3943 3952 4008 honorari,

2355 4032 2448 4085 sed
2481 4047 2598 4084 eum
2628 4032 2804 4101 Moyse
2825 4033 3042 4101 gloriam
3072 4035 3293 4101 partitus
3319 4044 3419 4086 est.
3452 4035 3585 4099 Quia
3616 4036 3764 4088 enim
3801 4037 3947 4090 Deus

2354 4139 2417 4176 ex
2444 4123 2694 4192 Operibus
2719 4124 2827 4177 suis
2854 4125 3113 4193 apparuit,
3149 4125 3354 4194 Moyses
3379 4140 3594 4193 quoque
3615 4141 3739 4178 eum
3777 4129 3951 4195 gloria

2353 4216 2452 4284 ipsi
2499 4215 2690 4270 collata
2721 4216 2863 4269 visus
2901 4225 2980 4268 est
3011 4215 3199 4286 (Exod.
3233 4216 3322 4270 5-1.
3357 4216 3470 4285 ⁴291).
3502 4214 3637 4270 Cum
3681 4219 3827 4270 enim
3855 4219 3954 4272 de-

2353 4305 2632 4359 scenderet
2661 4305 2824 4374 legem
2860 4314 3043 4358 tenens
3075 4349 3088 4371 ,
3119 4321 3184 4360 ne
3213 4305 3383 4374 ipsmn
3433 4317 3707 4374 tamquam
3741 4309 3952 4376 simpli-

2350 4411 2464 4451 cem
2496 4397 2759 4450 bominem
2791 4399 3154 4464 respicerent,
3186 4398 3324 4452 Deus
3355 4398 3468 4465 ejus
3517 4399 3724 4451 vultum
3773 4401 3950 4468 gloria

2349 4489 2555 4556 replet,
2588 4497 2644 4539 ut
2669 4487 2804 4554 quod
2853 4502 2914 4539 ex
2948 4487 3247 4540 infirmitate
3279 4496 3479 4540 naturae
3511 4489 3823 4555 deficiebat,
3851 4506 3950 4558 per

2348 4579 2527 4646 gratia:
2585 4576 2962 4644 plenitudinem
3035 4577 3361 4646 impleretur.
3417 4577 3740 4646 Cogitabam
3797 4581 3945 4633 enim

2347 4667 2545 4719 vultum
2573 4667 2738 4735 gloria
2767 4665 3010 4719 allectum
3055 4681 3160 4720 non
3185 4681 3303 4720 esse
3349 4683 3376 4719 a
3410 4669 3519 4719 Deo
3550 4670 3817 4723 alienum.
3866 4672 3944 4722 lta

2346 4772 2554 4826 quoque
2607 4757 2857 4810 Servatur
2898 4757 3101 4810 vultum
3152 4757 3404 4824 Stephani
3467 4760 3621 4825 primi
3683 4765 3948 4830 martyris

2345 4847 2626 4914 splendere
2651 4847 2876 4899 curavit.
2899 4846 3003 4899 Cur
3018 4846 3217 4899 vultum
3241 4846 3501 4914 Stephani
3529 4849 3824 4916 Splendere
3853 4867 3945 4904 cn-

2345 4942 2480 4994 ravit
2500 4942 2522 4994 ?
2547 4940 2678 5006 Quia
2713 4950 2767 4993 ut
2798 4940 3137 5009 blasphemus
3167 4942 3482 5010 lapidandus
3511 4954 3629 4997 erat
3651 4986 3667 5007 ,
3701 4961 3828 5000 cum
3858 4948 3910 5000 di

2343 5041 2507 5094 ceret,
2547 5030 2701 5084 Video
2723 5032 2870 5084 cmlos
2894 5041 3113 5099 apertos,
3162 5043 3205 5083 et
3236 5033 3429 5086 Filium
3456 5035 3679 5089 hominis
3709 5047 3935 5091 stantem

2343 5141 2374 5175 α
2408 5124 2596 5176 dextris
2626 5124 2718 5176 Dei
2770 5125 2905 5193 (Act.
2935 5125 2964 5176 7
3025 5125 3093 5180 55
3120 5125 3171 5192 );
3205 5137 3548 5181 antevertens
3598 5130 3740 5184 Deus
3770 5147 3939 5201 ange-

2346 5214 2442 5266 lica
2475 5213 2639 5266 forma
2696 5212 2884 5266 faciem
2914 5213 3030 5280 ejus
3070 5215 3378 5278 coronavit;
3424 5225 3481 5269 ut
3510 5217 3737 5286 ingratis
3779 5235 3937 5273 mon-

2342 5314 2552 5366 straret,
2584 5320 2686 5356 non
2731 5304 2894 5373 gloria
2924 5306 3256 5359 afficiendum
3311 5306 3424 5361 fore
3444 5349 3458 5372 ,
3489 5309 3531 5362 si
3581 5309 3931 5378 blasphemus

2341 5405 2501 5449 esset.
2552 5394 2674 5449 fleri
2721 5410 2849 5463 ergo
2879 5396 3106 5450 diximus
3149 5398 3313 5451 Deum
3360 5399 3532 5466 primo
3581 5400 3669 5455 die
3719 5416 3787 5455 ex
3821 5417 3927 5456 non

2340 5485 2668 5540 exstantibus
2718 5485 2909 5540 fecisse
2976 5489 3172 5541 omnia.
3228 5488 3485 5557 Quodque
3553 5490 3746 5544 mirum
3807 5502 3926 5556 est,

2340 5591 2497 5644 opera
2522 5591 2624 5629 non
2648 5576 2806 5628 modo
2833 5579 3156 5634 creationem
3181 5579 3271 5633 Dei
3294 5582 3601 5642 ostendunt.
3632 5587 3728 5636 sed
3757 5584 3920 5637 etiam

2341 5667 2710 5720 haereticorum
2733 5669 3050 5737 impietatem
3082 5681 3392 5739 coarguunt.
3421 5671 3618 5738 Quer
3662 5689 3919 5743 namque,

2338 5757 2603 5827 quomodo
2639 5757 2772 5813 facta
2816 5769 2937 5814 sunt
2964 5776 3025 5814 ea
3051 5777 3168 5832 qua:
3197 5775 3302 5816 non
3336 5769 3505 5827 erant,
3537 5762 3665 5831 quia
3717 5763 3819 5833 ipsi
3846 5762 3917 5818 de
