  <div class='ocr_page' id='page_1' title='image "/cluster/home/n/w/nwhite01/storage/ocr_20150623/56/pst.000005712557/432.png"; bbox 0 0 4158 6320; ppageno 0'>
   <div class='ocr_carea' id='block_1_1' title="bbox 201 388 311 442">
    <p class='ocr_par' dir='ltr' id='par_1_1' title="bbox 201 388 311 442">
     <span class='ocr_line' id='line_1_1' title="bbox 201 388 311 442; baseline 0.009 -1"><span class='ocrx_word' id='word_1_1' title='bbox 201 388 311 442; x_wconf 79' lang='lat'><strong>439</strong></span> 
     </span>
    </p>
   </div>
   <div class='ocr_carea' id='block_1_2' title="bbox 204 487 1780 567">
    <p class='ocr_par' dir='ltr' id='par_1_2' title="bbox 204 487 1780 567">
     <span class='ocr_line' id='line_1_2' title="bbox 204 487 1780 567; baseline -0.005 -21"><span class='ocrx_word' id='word_1_2' title='bbox 204 490 711 567; x_wconf 84' lang='grc' dir='ltr'><em>πρύνων.Βούλεται</em></span> <span class='ocrx_word' id='word_1_3' title='bbox 731 491 786 544; x_wconf 71' lang='grc' dir='ltr'><em>δὲ</em></span> <span class='ocrx_word' id='word_1_4' title='bbox 813 492 957 560; x_wconf 82' lang='grc' dir='ltr'><em>ἡμᾶς</em></span> <span class='ocrx_word' id='word_1_5' title='bbox 982 491 1009 542; x_wconf 87' lang='lat'><em>6</em></span> <span class='ocrx_word' id='word_1_6' title='bbox 1039 490 1131 543; x_wconf 83' lang='grc' dir='ltr'><em>τοῦ</em></span> <span class='ocrx_word' id='word_1_7' title='bbox 1162 491 1297 545; x_wconf 85' lang='grc' dir='ltr'><em>Θεοῦ</em></span> <span class='ocrx_word' id='word_1_8' title='bbox 1327 492 1480 558; x_wconf 86' lang='grc' dir='ltr'><em>λόγος</em></span> <span class='ocrx_word' id='word_1_9' title='bbox 1497 487 1780 559; x_wconf 74' lang='grc' dir='ltr'><em>λαμπροὺς</em></span> 
     </span>
    </p>
   </div>
   <div class='ocr_carea' id='block_1_3' title="bbox 207 570 1782 644">
    <p class='ocr_par' dir='ltr' id='par_1_3' title="bbox 207 570 1782 644">
     <span class='ocr_line' id='line_1_3' title="bbox 207 570 1782 644; baseline -0.006 -16"><span class='ocrx_word' id='word_1_10' title='bbox 207 575 302 644; x_wconf 75' lang='grc' dir='ltr'><em>μὲν</em></span> <span class='ocrx_word' id='word_1_11' title='bbox 329 570 465 627; x_wconf 82' lang='grc' dir='ltr'><em>εῖναι</em></span> <span class='ocrx_word' id='word_1_12' title='bbox 498 575 640 626; x_wconf 71' lang='grc' dir='ltr'><em>κατὰ</em></span> <span class='ocrx_word' id='word_1_13' title='bbox 661 576 756 644; x_wconf 89' lang='grc' dir='ltr'><em>τὴν</em></span> <span class='ocrx_word' id='word_1_14' title='bbox 786 573 1146 641; x_wconf 78' lang='grc' dir='ltr'><em>ἀποστολικὴν</em></span> <span class='ocrx_word' id='word_1_15' title='bbox 1176 573 1412 626; x_wconf 86' lang='grc' dir='ltr'><em>διάθεσιν</em></span> <span class='ocrx_word' id='word_1_16' title='bbox 1434 584 1452 602; x_wconf 81' lang='grc'><strong>⁸</strong></span> <span class='ocrx_word' id='word_1_17' title='bbox 1477 572 1572 640; x_wconf 84' lang='grc' dir='ltr'><em>τὴν</em></span> <span class='ocrx_word' id='word_1_18' title='bbox 1592 571 1782 636; x_wconf 77' lang='grc' dir='ltr'><em>λέγου-</em></span> 
     </span>
    </p>
   </div>
   <div class='ocr_carea' id='block_1_4' title="bbox 207 652 1783 724">
    <p class='ocr_par' dir='ltr' id='par_1_4' title="bbox 207 652 1783 724">
     <span class='ocr_line' id='line_1_4' title="bbox 207 652 1783 724; baseline -0.004 -16"><span class='ocrx_word' id='word_1_19' title='bbox 207 672 334 708; x_wconf 69' lang='grc' dir='ltr'><em>σανα</em></span> <span class='ocrx_word' id='word_1_20' title='bbox 366 657 500 710; x_wconf 84' lang='grc' dir='ltr'><em>Ἵνα</em></span> <span class='ocrx_word' id='word_1_21' title='bbox 554 652 658 724; x_wconf 81' lang='grc' dir='ltr'><em>ἦτε</em></span> <span class='ocrx_word' id='word_1_22' title='bbox 713 656 792 718; x_wconf 80' lang='grc' dir='ltr'><em>ὡς</em></span> <span class='ocrx_word' id='word_1_23' title='bbox 844 654 1158 723; x_wconf 74' lang='grc' dir='ltr'><em>φωστῆρες</em></span> <span class='ocrx_word' id='word_1_24' title='bbox 1210 657 1281 710; x_wconf 81' lang='grc' dir='ltr'><em>ἐν</em></span> <span class='ocrx_word' id='word_1_25' title='bbox 1329 657 1555 722; x_wconf 81' lang='grc' dir='ltr'><em>κόσμῳ,</em></span> <span class='ocrx_word' id='word_1_26' title='bbox 1598 653 1783 718; x_wconf 80' lang='grc' dir='ltr'><em>λόγον</em></span> 
     </span>
    </p>
   </div>
   <div class='ocr_carea' id='block_1_5' title="bbox 205 734 1782 809">
    <p class='ocr_par' dir='ltr' id='par_1_5' title="bbox 205 734 1782 809">
     <span class='ocr_line' id='line_1_5' title="bbox 205 734 1782 809; baseline -0.008 -11"><span class='ocrx_word' id='word_1_27' title='bbox 205 737 352 804; x_wconf 59' lang='grc' dir='ltr'><em>(τω-ῆς</em></span> <span class='ocrx_word' id='word_1_28' title='bbox 371 739 714 805; x_wconf 74' lang='grc' dir='ltr'><em>ἐπέχοντες.</em></span> <span class='ocrx_word' id='word_1_29' title='bbox 764 737 891 790; x_wconf 84' lang='grc' dir='ltr'><em>Ἰδοὺ</em></span> <span class='ocrx_word' id='word_1_30' title='bbox 921 741 954 806; x_wconf 84' lang='grc' dir='ltr'><strong>ἡ</strong></span> <span class='ocrx_word' id='word_1_31' title='bbox 987 738 1325 809; x_wconf 87' lang='grc' dir='ltr'><em>λαμπρότης.</em></span> <span class='ocrx_word' id='word_1_32' title='bbox 1353 737 1609 789; x_wconf 82' lang='grc' dir='ltr'><em>Βούλεται</em></span> <span class='ocrx_word' id='word_1_33' title='bbox 1638 734 1782 803; x_wconf 81' lang='grc' dir='ltr'><em>ἡμᾶς</em></span> 
     </span>
    </p>
   </div>
   <div class='ocr_carea' id='block_1_6' title="bbox 205 814 1782 887">
    <p class='ocr_par' dir='ltr' id='par_1_6' title="bbox 205 814 1782 887">
     <span class='ocr_line' id='line_1_6' title="bbox 205 814 1782 887; baseline -0.004 -17"><span class='ocrx_word' id='word_1_34' title='bbox 205 815 336 875; x_wconf 84' lang='grc' dir='ltr'><em>εἶναι</em></span> <span class='ocrx_word' id='word_1_35' title='bbox 374 819 447 887; x_wconf 85' lang='grc' dir='ltr'><em>μὴ</em></span> <span class='ocrx_word' id='word_1_36' title='bbox 488 818 737 886; x_wconf 74' lang='grc' dir='ltr'><em>ἀμϐλεῖς,</em></span> <span class='ocrx_word' id='word_1_37' title='bbox 790 818 904 871; x_wconf 84' lang='grc' dir='ltr'><em>ἀλλ’</em></span> <span class='ocrx_word' id='word_1_38' title='bbox 942 819 1081 884; x_wconf 76' lang='grc' dir='ltr'><em>ὀξεῖς</em></span> <span class='ocrx_word' id='word_1_39' title='bbox 1105 836 1119 850; x_wconf 77' lang='grc' dir='ltr'><strong>ο</strong></span> <span class='ocrx_word' id='word_1_40' title='bbox 1175 817 1306 870; x_wconf 84' lang='grc' dir='ltr'><em>Ζών</em></span> <span class='ocrx_word' id='word_1_41' title='bbox 1347 817 1476 886; x_wconf 81' lang='grc' dir='ltr'><em>γὰρ,</em></span> <span class='ocrx_word' id='word_1_42' title='bbox 1530 814 1714 882; x_wconf 77' lang='grc' dir='ltr'><em>φησὶν,</em></span> <span class='ocrx_word' id='word_1_43' title='bbox 1751 815 1782 865; x_wconf 84' lang='grc' dir='ltr'><em>ό</em></span> 
     </span>
    </p>
   </div>
   <div class='ocr_carea' id='block_1_7' title="bbox 202 894 1781 968">
    <p class='ocr_par' dir='ltr' id='par_1_7' title="bbox 202 894 1781 968">
     <span class='ocr_line' id='line_1_7' title="bbox 202 894 1781 968; baseline -0.001 -16"><span class='ocrx_word' id='word_1_44' title='bbox 202 902 377 967; x_wconf 72' lang='grc' dir='ltr'><em>λόγος</em></span> <span class='ocrx_word' id='word_1_45' title='bbox 397 900 500 953; x_wconf 87' lang='grc' dir='ltr'><em>τοῦ</em></span> <span class='ocrx_word' id='word_1_46' title='bbox 535 899 703 962; x_wconf 85' lang='grc' dir='ltr'><em>Θεοῦ,</em></span> <span class='ocrx_word' id='word_1_47' title='bbox 737 900 833 952; x_wconf 77' lang='grc' dir='ltr'><em>καὶ</em></span> <span class='ocrx_word' id='word_1_48' title='bbox 860 900 1130 968; x_wconf 79' lang='grc' dir='ltr'><em>ἐνεργὴς,</em></span> <span class='ocrx_word' id='word_1_49' title='bbox 1168 900 1265 952; x_wconf 77' lang='grc' dir='ltr'><em>καὶ</em></span> <span class='ocrx_word' id='word_1_50' title='bbox 1288 899 1611 966; x_wconf 76' lang='grc' dir='ltr'><em>τομώτερος</em></span> <span class='ocrx_word' id='word_1_51' title='bbox 1635 894 1781 961; x_wconf 79' lang='grc' dir='ltr'><em>ὑπὲρ</em></span> 
     </span>
    </p>
   </div>
   <div class='ocr_carea' id='block_1_8' title="bbox 203 980 1782 1051">
    <p class='ocr_par' dir='ltr' id='par_1_8' title="bbox 203 980 1782 1051">
     <span class='ocr_line' id='line_1_8' title="bbox 203 980 1782 1051; baseline -0.003 -17"><span class='ocrx_word' id='word_1_52' title='bbox 203 980 408 1036; x_wconf 72' lang='grc' dir='ltr'><em>πᾶσαν</em></span> <span class='ocrx_word' id='word_1_53' title='bbox 430 981 732 1051; x_wconf 80' lang='grc' dir='ltr'><em>μάχαιραν</em></span> <span class='ocrx_word' id='word_1_54' title='bbox 769 983 1077 1051; x_wconf 83' lang='grc' dir='ltr'><em>δίστομον.</em></span> <span class='ocrx_word' id='word_1_55' title='bbox 1124 980 1382 1034; x_wconf 86' lang='grc' dir='ltr'><em>Βούλεται</em></span> <span class='ocrx_word' id='word_1_56' title='bbox 1417 981 1563 1050; x_wconf 77' lang='grc' dir='ltr'><em>ἡμᾶς</em></span> <span class='ocrx_word' id='word_1_57' title='bbox 1594 980 1782 1047; x_wconf 81' lang='grc' dir='ltr'><em>παχεῖς</em></span> 
     </span>
    </p>
   </div>
   <div class='ocr_carea' id='block_1_9' title="bbox 205 1059 1779 1134">
    <p class='ocr_par' dir='ltr' id='par_1_9' title="bbox 205 1059 1779 1134">
     <span class='ocr_line' id='line_1_9' title="bbox 205 1059 1779 1134; baseline 0 -18"><span class='ocrx_word' id='word_1_58' title='bbox 205 1063 277 1134; x_wconf 85' lang='grc' dir='ltr'><em>μὴ</em></span> <span class='ocrx_word' id='word_1_59' title='bbox 320 1059 479 1128; x_wconf 84' lang='grc' dir='ltr'><em>εἶναι,</em></span> <span class='ocrx_word' id='word_1_60' title='bbox 518 1065 651 1118; x_wconf 79' lang='grc' dir='ltr'><em>ἀλλὰ</em></span> <span class='ocrx_word' id='word_1_61' title='bbox 685 1064 967 1118; x_wconf 83' lang='grc' dir='ltr'><em>λεπτύνειν</em></span> <span class='ocrx_word' id='word_1_62' title='bbox 997 1065 1095 1133; x_wconf 86' lang='grc' dir='ltr'><em>τὴν</em></span> <span class='ocrx_word' id='word_1_63' title='bbox 1134 1064 1371 1117; x_wconf 88' lang='grc' dir='ltr'><em>διάνοιαν</em></span> <span class='ocrx_word' id='word_1_64' title='bbox 1391 1067 1502 1125; x_wconf 81' lang='grc' dir='ltr'><em>τοῖς</em></span> <span class='ocrx_word' id='word_1_65' title='bbox 1528 1064 1779 1130; x_wconf 84' lang='grc' dir='ltr'><em>νοήμασι.</em></span> 
     </span>
    </p>
   </div>
   <div class='ocr_carea' id='block_1_10' title="bbox 206 1142 1780 1218">
    <p class='ocr_par' dir='ltr' id='par_1_10' title="bbox 206 1142 1780 1218">
     <span class='ocr_line' id='line_1_10' title="bbox 206 1142 1780 1218; baseline -0.004 -18"><span class='ocrx_word' id='word_1_66' title='bbox 206 1147 372 1201; x_wconf 82' lang='grc' dir='ltr'><em>Ὅπου</em></span> <span class='ocrx_word' id='word_1_67' title='bbox 421 1147 528 1217; x_wconf 80' lang='grc' dir='ltr'><em>γὰρ</em></span> <span class='ocrx_word' id='word_1_68' title='bbox 582 1147 850 1218; x_wconf 81' lang='grc' dir='ltr'><em>παχύτης,</em></span> <span class='ocrx_word' id='word_1_69' title='bbox 877 1146 1135 1217; x_wconf 83' lang='grc' dir='ltr'><em>ἀλλοτρία</em></span> <span class='ocrx_word' id='word_1_70' title='bbox 1165 1145 1301 1198; x_wconf 83' lang='grc' dir='ltr'><em>Θεοῦ</em></span> <span class='ocrx_word' id='word_1_71' title='bbox 1338 1146 1496 1212; x_wconf 82' lang='grc' dir='ltr'><em>λόγου</em></span> <span class='ocrx_word' id='word_1_72' title='bbox 1517 1162 1529 1175; x_wconf 88' lang='grc'><strong>·</strong></span> <span class='ocrx_word' id='word_1_73' title='bbox 1563 1145 1694 1196; x_wconf 83' lang='grc' dir='ltr'><em>ὅπου</em></span> <span class='ocrx_word' id='word_1_74' title='bbox 1725 1142 1780 1196; x_wconf 81' lang='grc' dir='ltr'><em>δὲ</em></span> 
     </span>
    </p>
   </div>
   <div class='ocr_carea' id='block_1_11' title="bbox 202 1225 1782 1300">
    <p class='ocr_par' dir='ltr' id='par_1_11' title="bbox 202 1225 1782 1300">
     <span class='ocr_line' id='line_1_11' title="bbox 202 1225 1782 1300; baseline -0.001 -21"><span class='ocrx_word' id='word_1_75' title='bbox 202 1227 539 1300; x_wconf 77' lang='grc' dir='ltr'><em>λεπτομερὴς</em></span> <span class='ocrx_word' id='word_1_76' title='bbox 573 1231 808 1292; x_wconf 81' lang='grc' dir='ltr'><em>διάνοια,</em></span> <span class='ocrx_word' id='word_1_77' title='bbox 837 1230 1011 1282; x_wconf 73' lang='grc' dir='ltr'><em>οἰκεία</em></span> <span class='ocrx_word' id='word_1_78' title='bbox 1057 1228 1191 1282; x_wconf 85' lang='grc' dir='ltr'><em>Θεοῦ</em></span> <span class='ocrx_word' id='word_1_79' title='bbox 1243 1229 1429 1298; x_wconf 87' lang='grc' dir='ltr'><em>νόμου.</em></span> <span class='ocrx_word' id='word_1_80' title='bbox 1479 1227 1578 1279; x_wconf 78' lang='grc' dir='ltr'><em>Διὰ</em></span> <span class='ocrx_word' id='word_1_81' title='bbox 1624 1225 1782 1279; x_wconf 85' lang='grc' dir='ltr'><em>τοῦτο</em></span> 
     </span>
    </p>
   </div>
   <div class='ocr_carea' id='block_1_12' title="bbox 204 1308 1783 1381">
    <p class='ocr_par' dir='ltr' id='par_1_12' title="bbox 204 1308 1783 1381">
     <span class='ocr_line' id='line_1_12' title="bbox 204 1308 1783 1381; baseline -0.001 -20"><span class='ocrx_word' id='word_1_82' title='bbox 204 1312 328 1379; x_wconf 82' lang='grc' dir='ltr'><em>περὶ</em></span> <span class='ocrx_word' id='word_1_83' title='bbox 360 1312 468 1364; x_wconf 84' lang='grc' dir='ltr'><em>τῶν</em></span> <span class='ocrx_word' id='word_1_84' title='bbox 502 1311 820 1381; x_wconf 82' lang='grc' dir='ltr'>παχυτέρων</span> <span class='ocrx_word' id='word_1_85' title='bbox 862 1311 1008 1378; x_wconf 81' lang='grc' dir='ltr'><strong>λέγει</strong></span> <span class='ocrx_word' id='word_1_86' title='bbox 1053 1313 1084 1381; x_wconf 87' lang='grc' dir='ltr'><em>ή</em></span> <span class='ocrx_word' id='word_1_87' title='bbox 1137 1312 1358 1380; x_wconf 81' lang='grc' dir='ltr'><em>Γραφή⁹</em></span> <span class='ocrx_word' id='word_1_88' title='bbox 1405 1311 1513 1365; x_wconf 78' lang='grc' dir='ltr'><em>Καὶ</em></span> <span class='ocrx_word' id='word_1_89' title='bbox 1562 1308 1783 1377; x_wconf 68' lang='grc' dir='ltr'><em>ἔφαγεν</em></span> 
     </span>
    </p>
   </div>
   <div class='ocr_carea' id='block_1_13' title="bbox 215 1391 1780 1461">
    <p class='ocr_par' dir='ltr' id='par_1_13' title="bbox 215 1391 1780 1461">
     <span class='ocr_line' id='line_1_13' title="bbox 215 1391 1780 1461; baseline 0.003 -18"><span class='ocrx_word' id='word_1_90' title='bbox 215 1391 438 1456; x_wconf 80' lang='grc' dir='ltr'><em>Ἰακὼϐ,</em></span> <span class='ocrx_word' id='word_1_91' title='bbox 489 1395 588 1448; x_wconf 80' lang='grc' dir='ltr'><em>καὶ</em></span> <span class='ocrx_word' id='word_1_92' title='bbox 639 1393 1018 1461; x_wconf 81' lang='grc' dir='ltr'><em>ἐνεπλήσθη,</em></span> <span class='ocrx_word' id='word_1_93' title='bbox 1069 1392 1396 1458; x_wconf 82' lang='grc' dir='ltr'><em>ὲλιπάνθη,</em></span> <span class='ocrx_word' id='word_1_94' title='bbox 1451 1391 1780 1458; x_wconf 76' lang='grc' dir='ltr'><em>ἐπαχύνθη.</em></span> 
     </span>
    </p>
   </div>
   <div class='ocr_carea' id='block_1_14' title="bbox 201 1473 1785 1545">
    <p class='ocr_par' dir='ltr' id='par_1_14' title="bbox 201 1473 1785 1545">
     <span class='ocr_line' id='line_1_14' title="bbox 201 1473 1785 1545; baseline 0 -21"><span class='ocrx_word' id='word_1_95' title='bbox 201 1473 545 1545; x_wconf 78' lang='grc' dir='ltr'><em>ἐπλατύνθη</em></span> <span class='ocrx_word' id='word_1_96' title='bbox 571 1495 583 1506; x_wconf 90' lang='grc'>·</span> <span class='ocrx_word' id='word_1_97' title='bbox 615 1475 970 1544; x_wconf 75' lang='grc' dir='ltr'><em>ἐγκατέλιπε</em></span> <span class='ocrx_word' id='word_1_98' title='bbox 1001 1476 1147 1528; x_wconf 84' lang='grc' dir='ltr'><em>Θεὸν</em></span> <span class='ocrx_word' id='word_1_99' title='bbox 1174 1475 1280 1527; x_wconf 81' lang='grc' dir='ltr'><em>τόν</em></span> <span class='ocrx_word' id='word_1_100' title='bbox 1303 1473 1560 1539; x_wconf 79' lang='grc' dir='ltr'><em>ποιήσιιν</em></span> <span class='ocrx_word' id='word_1_101' title='bbox 1573 1489 1644 1526; x_wconf 81' lang='grc' dir='ltr'><em>τα</em></span> <span class='ocrx_word' id='word_1_102' title='bbox 1680 1473 1785 1524; x_wconf 83' lang='grc' dir='ltr'><em>αὑ·</em></span> 
     </span>
    </p>
   </div>
   <div class='ocr_carea' id='block_1_15' title="bbox 201 1551 1781 1630">
    <p class='ocr_par' dir='ltr' id='par_1_15' title="bbox 201 1551 1781 1630">
     <span class='ocr_line' id='line_1_15' title="bbox 201 1551 1781 1630; baseline -0.001 -25"><span class='ocrx_word' id='word_1_103' title='bbox 201 1557 321 1608; x_wconf 83' lang='grc' dir='ltr'><em>τόν.</em></span> <span class='ocrx_word' id='word_1_104' title='bbox 338 1557 474 1630; x_wconf 84' lang='grc' dir='ltr'><em>Φέρε</em></span> <span class='ocrx_word' id='word_1_105' title='bbox 494 1557 671 1610; x_wconf 85' lang='grc' dir='ltr'>τοίνυν</span> <span class='ocrx_word' id='word_1_106' title='bbox 695 1557 787 1610; x_wconf 77' lang='grc' dir='ltr'><em>καὶ</em></span> <span class='ocrx_word' id='word_1_107' title='bbox 816 1556 973 1626; x_wconf 84' lang='grc' dir='ltr'><em>ήμῶν</em></span> <span class='ocrx_word' id='word_1_108' title='bbox 994 1557 1022 1608; x_wconf 89' lang='lat'><em>6</em></span> <span class='ocrx_word' id='word_1_109' title='bbox 1053 1555 1190 1619; x_wconf 85' lang='grc' dir='ltr'><em>θεῖος</em></span> <span class='ocrx_word' id='word_1_110' title='bbox 1210 1555 1363 1624; x_wconf 83' lang='grc' dir='ltr'><em>λόγος</em></span> <span class='ocrx_word' id='word_1_111' title='bbox 1382 1551 1781 1623; x_wconf 86' lang='grc' dir='ltr'><em>καταλαμπέτω</em></span> 
     </span>
    </p>
   </div>
   <div class='ocr_carea' id='block_1_16' title="bbox 199 1635 1782 1709">
    <p class='ocr_par' dir='ltr' id='par_1_16' title="bbox 199 1635 1782 1709">
     <span class='ocr_line' id='line_1_16' title="bbox 199 1635 1782 1709; baseline -0.004 -17"><span class='ocrx_word' id='word_1_112' title='bbox 199 1637 296 1706; x_wconf 86' lang='grc' dir='ltr'><em>τὴν</em></span> <span class='ocrx_word' id='word_1_113' title='bbox 317 1639 572 1703; x_wconf 89' lang='grc' dir='ltr'><em>διάνοιαν,</em></span> <span class='ocrx_word' id='word_1_114' title='bbox 591 1639 682 1692; x_wconf 75' lang='grc' dir='ltr'><em>καὶ</em></span> <span class='ocrx_word' id='word_1_115' title='bbox 706 1638 936 1709; x_wconf 90' lang='grc' dir='ltr'><em>μάλιστα</em></span> <span class='ocrx_word' id='word_1_116' title='bbox 962 1639 1058 1709; x_wconf 88' lang='grc' dir='ltr'><em>τῆς</em></span> <span class='ocrx_word' id='word_1_117' title='bbox 1089 1639 1248 1705; x_wconf 81' lang='grc' dir='ltr'><em>ἁγίας</em></span> <span class='ocrx_word' id='word_1_118' title='bbox 1277 1640 1478 1707; x_wconf 85' lang='grc' dir='ltr'><em>ταύτης</em></span> <span class='ocrx_word' id='word_1_119' title='bbox 1497 1635 1782 1706; x_wconf 85' lang='grc' dir='ltr'><em>προκειμέ-</em></span> 
     </span>
    </p>
   </div>
   <div class='ocr_carea' id='block_1_17' title="bbox 201 1720 1778 1794">
    <p class='ocr_par' dir='ltr' id='par_1_17' title="bbox 201 1720 1778 1794">
     <span class='ocr_line' id='line_1_17' title="bbox 201 1720 1778 1794; baseline -0.005 -17"><span class='ocrx_word' id='word_1_120' title='bbox 201 1742 293 1794; x_wconf 90' lang='grc' dir='ltr'><em>νης</em></span> <span class='ocrx_word' id='word_1_121' title='bbox 309 1724 581 1792; x_wconf 88' lang='grc' dir='ltr'><em>νηστείας,</em></span> <span class='ocrx_word' id='word_1_122' title='bbox 601 1724 633 1791; x_wconf 83' lang='grc' dir='ltr'>ἣ</span> <span class='ocrx_word' id='word_1_123' title='bbox 651 1722 898 1775; x_wconf 80' lang='grc' dir='ltr'><em>λεπτύνει</em></span> <span class='ocrx_word' id='word_1_124' title='bbox 916 1722 982 1774; x_wconf 75' lang='grc' dir='ltr'><em>τὰ</em></span> <span class='ocrx_word' id='word_1_125' title='bbox 1007 1721 1232 1791; x_wconf 85' lang='grc' dir='ltr'><em>σώματα</em></span> <span class='ocrx_word' id='word_1_126' title='bbox 1259 1723 1351 1774; x_wconf 75' lang='grc' dir='ltr'><em>καὶ</em></span> <span class='ocrx_word' id='word_1_127' title='bbox 1366 1720 1541 1786; x_wconf 77' lang='grc' dir='ltr'><em>ὀξύνει</em></span> <span class='ocrx_word' id='word_1_128' title='bbox 1562 1720 1630 1771; x_wconf 87' lang='grc' dir='ltr'><em>τὰ</em></span> <span class='ocrx_word' id='word_1_129' title='bbox 1646 1735 1778 1788; x_wconf 86' lang='grc' dir='ltr'><em>φρο-</em></span> 
     </span>
    </p>
   </div>
   <div class='ocr_carea' id='block_1_18' title="bbox 199 1800 1782 1876">
    <p class='ocr_par' dir='ltr' id='par_1_18' title="bbox 199 1800 1782 1876">
     <span class='ocr_line' id='line_1_18' title="bbox 199 1800 1782 1876; baseline -0.005 -17"><span class='ocrx_word' id='word_1_130' title='bbox 199 1809 437 1876; x_wconf 83' lang='grc' dir='ltr'><em>νήματα.</em></span> <span class='ocrx_word' id='word_1_131' title='bbox 468 1804 623 1856; x_wconf 78' lang='grc' dir='ltr'><em>Ἔστι</em></span> <span class='ocrx_word' id='word_1_132' title='bbox 651 1806 756 1874; x_wconf 86' lang='grc' dir='ltr'><em>γὰρ</em></span> <span class='ocrx_word' id='word_1_133' title='bbox 779 1806 870 1857; x_wconf 78' lang='grc' dir='ltr'><em>καὶ</em></span> <span class='ocrx_word' id='word_1_134' title='bbox 889 1803 1108 1873; x_wconf 78' lang='grc' dir='ltr'><em>νηστεία</em></span> <span class='ocrx_word' id='word_1_135' title='bbox 1142 1804 1340 1866; x_wconf 87' lang='grc' dir='ltr'><em>παντὸς</em></span> <span class='ocrx_word' id='word_1_136' title='bbox 1365 1800 1634 1871; x_wconf 87' lang='grc' dir='ltr'><em>ἁγιασμοῦ</em></span> <span class='ocrx_word' id='word_1_137' title='bbox 1665 1817 1782 1872; x_wconf 88' lang='grc' dir='ltr'><em>τρο-</em></span> 
     </span>
    </p>
   </div>
   <div class='ocr_carea' id='block_1_19' title="bbox 200 1882 1779 1957">
    <p class='ocr_par' dir='ltr' id='par_1_19' title="bbox 200 1882 1779 1957">
     <span class='ocr_line' id='line_1_19' title="bbox 200 1882 1779 1957; baseline -0.004 -17"><span class='ocrx_word' id='word_1_138' title='bbox 200 1890 313 1957; x_wconf 80' lang='grc' dir='ltr'><em>φὸς,</em></span> <span class='ocrx_word' id='word_1_139' title='bbox 343 1887 438 1939; x_wconf 73' lang='grc' dir='ltr'><em>καὶ</em></span> <span class='ocrx_word' id='word_1_140' title='bbox 474 1889 656 1956; x_wconf 83' lang='grc' dir='ltr'><em>μήτηρ</em></span> <span class='ocrx_word' id='word_1_141' title='bbox 699 1885 949 1947; x_wconf 80' lang='grc' dir='ltr'><em>εὐσεϐοῦς</em></span> <span class='ocrx_word' id='word_1_142' title='bbox 983 1885 1238 1948; x_wconf 87' lang='grc' dir='ltr'><em>διανοίας.</em></span> <span class='ocrx_word' id='word_1_143' title='bbox 1285 1886 1358 1937; x_wconf 83' lang='grc' dir='ltr'><em>Οὐ</em></span> <span class='ocrx_word' id='word_1_144' title='bbox 1391 1885 1631 1954; x_wconf 77' lang='grc' dir='ltr'><em>ζητεῖται</em></span> <span class='ocrx_word' id='word_1_145' title='bbox 1663 1882 1779 1944; x_wconf 85' lang='grc' dir='ltr'><em>πῶς</em></span> 
     </span>
    </p>
   </div>
   <div class='ocr_carea' id='block_1_20' title="bbox 199 1964 1777 2037">
    <p class='ocr_par' dir='ltr' id='par_1_20' title="bbox 199 1964 1777 2037">
     <span class='ocr_line' id='line_1_20' title="bbox 199 1964 1777 2037; baseline -0.003 -16"><span class='ocrx_word' id='word_1_146' title='bbox 199 1968 580 2037; x_wconf 80' lang='grc' dir='ltr'><em>νηστεύσωμεν</em></span> <span class='ocrx_word' id='word_1_147' title='bbox 607 1967 782 2036; x_wconf 90' lang='grc' dir='ltr'><em>μόνον,</em></span> <span class='ocrx_word' id='word_1_148' title='bbox 806 1967 940 2019; x_wconf 87' lang='grc' dir='ltr'><em>άλλά</em></span> <span class='ocrx_word' id='word_1_149' title='bbox 965 1966 1082 2028; x_wconf 82' lang='grc' dir='ltr'><em>πῶς</em></span> <span class='ocrx_word' id='word_1_150' title='bbox 1108 1965 1346 2029; x_wconf 85' lang='grc' dir='ltr'><em>εὐσεϐῶς</em></span> <span class='ocrx_word' id='word_1_151' title='bbox 1373 1964 1777 2035; x_wconf 84' lang='grc' dir='ltr'><em>νηστεύσωμεν.</em></span> 
     </span>
    </p>
   </div>
   <div class='ocr_carea' id='block_1_21' title="bbox 200 2048 1780 2118">
    <p class='ocr_par' dir='ltr' id='par_1_21' title="bbox 200 2048 1780 2118">
     <span class='ocr_line' id='line_1_21' title="bbox 200 2048 1780 2118; baseline -0.006 -12"><span class='ocrx_word' id='word_1_152' title='bbox 200 2050 387 2106; x_wconf 75' lang='grc' dir='ltr'><em>Πολλοὶ</em></span> <span class='ocrx_word' id='word_1_153' title='bbox 417 2051 509 2102; x_wconf 77' lang='grc' dir='ltr'><em>καὶ</em></span> <span class='ocrx_word' id='word_1_154' title='bbox 537 2049 626 2100; x_wconf 78' lang='lat'><em>6:6</em></span> <span class='ocrx_word' id='word_1_155' title='bbox 654 2048 914 2118; x_wconf 87' lang='grc' dir='ltr'><em>δημοσίας</em></span> <span class='ocrx_word' id='word_1_156' title='bbox 931 2049 1114 2118; x_wconf 84' lang='grc' dir='ltr'><em>χρείας</em></span> <span class='ocrx_word' id='word_1_157' title='bbox 1135 2048 1473 2118; x_wconf 86' lang='grc' dir='ltr'><em>πραγμάτων</em></span> <span class='ocrx_word' id='word_1_158' title='bbox 1491 2048 1780 2117; x_wconf 86' lang='grc' dir='ltr'><em>νηστεύου-</em></span> 
     </span>
    </p>
   </div>
   <div class='ocr_carea' id='block_1_22' title="bbox 199 2130 1781 2200">
    <p class='ocr_par' dir='ltr' id='par_1_22' title="bbox 199 2130 1781 2200">
     <span class='ocr_line' id='line_1_22' title="bbox 199 2130 1781 2200; baseline -0.003 -15"><span class='ocrx_word' id='word_1_159' title='bbox 199 2150 300 2192; x_wconf 88' lang='grc' dir='ltr'><em>σιν.</em></span> <span class='ocrx_word' id='word_1_160' title='bbox 333 2132 448 2185; x_wconf 85' lang='grc' dir='ltr'><em>ἀλλ’</em></span> <span class='ocrx_word' id='word_1_161' title='bbox 477 2133 537 2184; x_wconf 87' lang='grc' dir='ltr'><em>ού</em></span> <span class='ocrx_word' id='word_1_162' title='bbox 562 2131 830 2199; x_wconf 75' lang='grc' dir='ltr'><em>λογίζεται</em></span> <span class='ocrx_word' id='word_1_163' title='bbox 850 2130 1033 2194; x_wconf 83' lang='grc' dir='ltr'><em>αὐτοῖς</em></span> <span class='ocrx_word' id='word_1_164' title='bbox 1053 2132 1132 2193; x_wconf 90' lang='grc' dir='ltr'><em>είς</em></span> <span class='ocrx_word' id='word_1_165' title='bbox 1153 2131 1426 2200; x_wconf 73' lang='grc' dir='ltr'><em>νηστείαν.</em></span> <span class='ocrx_word' id='word_1_166' title='bbox 1445 2130 1501 2183; x_wconf 86' lang='grc' dir='ltr'><strong>Ὀ</strong></span> <span class='ocrx_word' id='word_1_167' title='bbox 1518 2130 1625 2199; x_wconf 76' lang='grc' dir='ltr'><em>γάρ</em></span> <span class='ocrx_word' id='word_1_168' title='bbox 1659 2145 1781 2181; x_wconf 87' lang='grc' dir='ltr'><em>σκο-</em></span> 
     </span>
    </p>
   </div>
   <div class='ocr_carea' id='block_1_23' title="bbox 199 2210 1780 2284">
    <p class='ocr_par' dir='ltr' id='par_1_23' title="bbox 199 2210 1780 2284">
     <span class='ocr_line' id='line_1_23' title="bbox 199 2210 1780 2284; baseline -0.003 -18"><span class='ocrx_word' id='word_1_169' title='bbox 199 2215 294 2277; x_wconf 84' lang='grc' dir='ltr'><em>πὸς</em></span> <span class='ocrx_word' id='word_1_170' title='bbox 324 2215 568 2284; x_wconf 84' lang='grc' dir='ltr'><em>κρίνεται</em></span> <span class='ocrx_word' id='word_1_171' title='bbox 590 2251 603 2276; x_wconf 97' lang='grc'><em>,</em></span> <span class='ocrx_word' id='word_1_172' title='bbox 630 2213 727 2281; x_wconf 78' lang='grc' dir='ltr'><em>οὐχ</em></span> <span class='ocrx_word' id='word_1_173' title='bbox 760 2213 1021 2282; x_wconf 86' lang='grc' dir='ltr'><em>ήάνάγκη</em></span> <span class='ocrx_word' id='word_1_174' title='bbox 1059 2212 1433 2280; x_wconf 87' lang='grc' dir='ltr'><em>στεφανοῦται.</em></span> <span class='ocrx_word' id='word_1_175' title='bbox 1464 2213 1617 2266; x_wconf 79' lang='grc' dir='ltr'><em>Μετὰ</em></span> <span class='ocrx_word' id='word_1_176' title='bbox 1647 2210 1780 2264; x_wconf 87' lang='grc' dir='ltr'><em>ταύ-</em></span> 
     </span>
    </p>
   </div>
   <div class='ocr_carea' id='block_1_24' title="bbox 196 2293 1780 2366">
    <p class='ocr_par' dir='ltr' id='par_1_24' title="bbox 196 2293 1780 2366">
     <span class='ocr_line' id='line_1_24' title="bbox 196 2293 1780 2366; baseline -0.001 -20"><span class='ocrx_word' id='word_1_177' title='bbox 196 2313 291 2363; x_wconf 85' lang='grc' dir='ltr'><em>της</em></span> <span class='ocrx_word' id='word_1_178' title='bbox 305 2297 403 2364; x_wconf 87' lang='grc' dir='ltr'><em>τῆς</em></span> <span class='ocrx_word' id='word_1_179' title='bbox 420 2294 792 2366; x_wconf 84' lang='grc' dir='ltr'><em>άγιοπρεποῦς</em></span> <span class='ocrx_word' id='word_1_180' title='bbox 813 2293 1198 2357; x_wconf 79' lang='grc' dir='ltr'><em>καταστάσεως</em></span> <span class='ocrx_word' id='word_1_181' title='bbox 1213 2296 1242 2348; x_wconf 97' lang='lat'><em>6</em></span> <span class='ocrx_word' id='word_1_182' title='bbox 1256 2295 1524 2364; x_wconf 85' lang='grc' dir='ltr'><em>μακάριος</em></span> <span class='ocrx_word' id='word_1_183' title='bbox 1541 2295 1780 2363; x_wconf 82' lang='grc' dir='ltr'><em>Μωῦσῆς</em></span> 
     </span>
    </p>
   </div>
   <div class='ocr_carea' id='block_1_25' title="bbox 195 2376 1778 2450">
    <p class='ocr_par' dir='ltr' id='par_1_25' title="bbox 195 2376 1778 2450">
     <span class='ocr_line' id='line_1_25' title="bbox 195 2376 1778 2450; baseline 0 -21"><span class='ocrx_word' id='word_1_184' title='bbox 195 2395 282 2429; x_wconf 71' lang='grc' dir='ltr'><em>τιν</em></span> <span class='ocrx_word' id='word_1_185' title='bbox 305 2380 467 2447; x_wconf 83' lang='grc' dir='ltr'><em>νόμον</em></span> <span class='ocrx_word' id='word_1_186' title='bbox 501 2376 814 2431; x_wconf 77' lang='grc' dir='ltr'><em>ἐπαιδεύετο</em></span> <span class='ocrx_word' id='word_1_187' title='bbox 833 2377 892 2430; x_wconf 89' lang='grc' dir='ltr'><em>ἐν</em></span> <span class='ocrx_word' id='word_1_188' title='bbox 918 2376 996 2446; x_wconf 80' lang='grc' dir='ltr'><em>τῷ</em></span> <span class='ocrx_word' id='word_1_189' title='bbox 1021 2378 1158 2449; x_wconf 79' lang='grc' dir='ltr'><em>ὄρει,</em></span> <span class='ocrx_word' id='word_1_190' title='bbox 1177 2380 1270 2431; x_wconf 75' lang='grc' dir='ltr'><em>καὶ</em></span> <span class='ocrx_word' id='word_1_191' title='bbox 1291 2380 1388 2450; x_wconf 90' lang='grc' dir='ltr'><em>τὴν</em></span> <span class='ocrx_word' id='word_1_192' title='bbox 1419 2377 1778 2448; x_wconf 87' lang='grc' dir='ltr'><em>δημιουργίαν</em></span> 
     </span>
    </p>
   </div>
   <div class='ocr_carea' id='block_1_26' title="bbox 198 2461 1777 2533">
    <p class='ocr_par' dir='ltr' id='par_1_26' title="bbox 198 2461 1777 2533">
     <span class='ocr_line' id='line_1_26' title="bbox 198 2461 1777 2533; baseline 0 -19"><span class='ocrx_word' id='word_1_193' title='bbox 198 2462 527 2516; x_wconf 86' lang='grc' dir='ltr'><em>ἐδιδάσκετο.</em></span> <span class='ocrx_word' id='word_1_194' title='bbox 558 2463 784 2532; x_wconf 80' lang='grc' dir='ltr'><em>Εἴρηται</em></span> <span class='ocrx_word' id='word_1_195' title='bbox 811 2461 989 2515; x_wconf 82' lang='grc' dir='ltr'><em>τοίνυν</em></span> <span class='ocrx_word' id='word_1_196' title='bbox 1019 2464 1149 2533; x_wconf 82' lang='grc' dir='ltr'><em>ἡμῖν</em></span> <span class='ocrx_word' id='word_1_197' title='bbox 1168 2466 1233 2533; x_wconf 87' lang='grc' dir='ltr'><em>τῇ</em></span> <span class='ocrx_word' id='word_1_198' title='bbox 1255 2462 1382 2532; x_wconf 88' lang='grc' dir='ltr'><em>χθές</em></span> <span class='ocrx_word' id='word_1_199' title='bbox 1403 2462 1606 2532; x_wconf 79' lang='grc' dir='ltr'><em>ήμέρᾳ,</em></span> <span class='ocrx_word' id='word_1_200' title='bbox 1642 2463 1722 2515; x_wconf 84' lang='grc' dir='ltr'><em>ὅτι</em></span> <span class='ocrx_word' id='word_1_201' title='bbox 1749 2463 1777 2514; x_wconf 92' lang='lat'><em>6</em></span> 
     </span>
    </p>
   </div>
   <div class='ocr_carea' id='block_1_27' title="bbox 197 2544 1776 2616">
    <p class='ocr_par' dir='ltr' id='par_1_27' title="bbox 197 2544 1776 2616">
     <span class='ocr_line' id='line_1_27' title="bbox 197 2544 1776 2616; baseline -0.001 -18"><span class='ocrx_word' id='word_1_202' title='bbox 197 2544 321 2608; x_wconf 82' lang='grc' dir='ltr'><em>Θεὸς</em></span> <span class='ocrx_word' id='word_1_203' title='bbox 345 2546 554 2616; x_wconf 83' lang='grc' dir='ltr'><em>μέλλων</em></span> <span class='ocrx_word' id='word_1_204' title='bbox 579 2545 777 2600; x_wconf 86' lang='grc' dir='ltr'><em>διδόναι</em></span> <span class='ocrx_word' id='word_1_205' title='bbox 799 2545 891 2598; x_wconf 88' lang='grc' dir='ltr'><em>τὸν</em></span> <span class='ocrx_word' id='word_1_206' title='bbox 916 2545 1080 2615; x_wconf 89' lang='grc' dir='ltr'><em>νόμον</em></span> <span class='ocrx_word' id='word_1_207' title='bbox 1095 2547 1184 2598; x_wconf 80' lang='lat'><em>6:6</em></span> <span class='ocrx_word' id='word_1_208' title='bbox 1201 2545 1497 2608; x_wconf 80' lang='grc' dir='ltr'><em>Μωῦσέως,</em></span> <span class='ocrx_word' id='word_1_209' title='bbox 1515 2545 1776 2616; x_wconf 88' lang='grc' dir='ltr'><em>πρότερον</em></span> 
     </span>
    </p>
   </div>
   <div class='ocr_carea' id='block_1_28' title="bbox 199 2626 1773 2698">
    <p class='ocr_par' dir='ltr' id='par_1_28' title="bbox 199 2626 1773 2698">
     <span class='ocr_line' id='line_1_28' title="bbox 199 2626 1773 2698; baseline 0 -20"><span class='ocrx_word' id='word_1_210' title='bbox 199 2626 391 2694; x_wconf 77' lang='grc' dir='ltr'><em>ἔδειξεν</em></span> <span class='ocrx_word' id='word_1_211' title='bbox 413 2627 606 2680; x_wconf 87' lang='grc' dir='ltr'><em>ἐαυτὸν</em></span> <span class='ocrx_word' id='word_1_212' title='bbox 630 2628 979 2697; x_wconf 89' lang='grc' dir='ltr'><em>δημιουργὸν,</em></span> <span class='ocrx_word' id='word_1_213' title='bbox 1007 2629 1103 2681; x_wconf 72' lang='grc' dir='ltr'><em>καὶ</em></span> <span class='ocrx_word' id='word_1_214' title='bbox 1134 2629 1254 2680; x_wconf 64' lang='grc' dir='ltr'><em>τότε</em></span> <span class='ocrx_word' id='word_1_215' title='bbox 1284 2627 1595 2698; x_wconf 75' lang='grc' dir='ltr'><em>νομοθέτην.</em></span> <span class='ocrx_word' id='word_1_216' title='bbox 1621 2626 1773 2697; x_wconf 69' lang='grc'>[446]</span> 
     </span>
    </p>
   </div>
   <div class='ocr_carea' id='block_1_29' title="bbox 199 2707 1778 2777">
    <p class='ocr_par' dir='ltr' id='par_1_29' title="bbox 199 2707 1778 2777">
     <span class='ocr_line' id='line_1_29' title="bbox 199 2707 1778 2777; baseline -0.002 -16"><span class='ocrx_word' id='word_1_217' title='bbox 199 2709 366 2761; x_wconf 78' lang='grc' dir='ltr'><em>Πόθεν</em></span> <span class='ocrx_word' id='word_1_218' title='bbox 389 2709 654 2777; x_wconf 59' lang='grc' dir='ltr'><em>⁴ἠδύναντο</em></span> <span class='ocrx_word' id='word_1_219' title='bbox 669 2710 717 2760; x_wconf 81' lang='grc' dir='ltr'>οἱ</span> <span class='ocrx_word' id='word_1_220' title='bbox 735 2710 974 2762; x_wconf 84' lang='grc' dir='ltr'><em>Ἰουδαῖοι</em></span> <span class='ocrx_word' id='word_1_221' title='bbox 989 2709 1296 2774; x_wconf 89' lang='grc' dir='ltr'><em>πιστεῦσαι,</em></span> <span class='ocrx_word' id='word_1_222' title='bbox 1310 2711 1390 2761; x_wconf 82' lang='grc' dir='ltr'><em>ὅτι</em></span> <span class='ocrx_word' id='word_1_223' title='bbox 1411 2710 1439 2760; x_wconf 94' lang='lat'><em>6</em></span> <span class='ocrx_word' id='word_1_224' title='bbox 1452 2709 1581 2770; x_wconf 81' lang='grc' dir='ltr'><em>Θεὸς</em></span> <span class='ocrx_word' id='word_1_225' title='bbox 1599 2707 1778 2775; x_wconf 83' lang='grc' dir='ltr'><em>ἐποίη-</em></span> 
     </span>
    </p>
   </div>
   <div class='ocr_carea' id='block_1_30' title="bbox 201 2791 1776 2862">
    <p class='ocr_par' dir='ltr' id='par_1_30' title="bbox 201 2791 1776 2862">
     <span class='ocr_line' id='line_1_30' title="bbox 201 2791 1776 2862; baseline 0 -20"><span class='ocrx_word' id='word_1_226' title='bbox 201 2807 258 2842; x_wconf 89' lang='grc' dir='ltr'><em>σε</em></span> <span class='ocrx_word' id='word_1_227' title='bbox 287 2791 377 2843; x_wconf 88' lang='grc' dir='ltr'><em>τὸν</em></span> <span class='ocrx_word' id='word_1_228' title='bbox 397 2791 624 2861; x_wconf 74' lang='grc' dir='ltr'><em>οὐρανὸν</em></span> <span class='ocrx_word' id='word_1_229' title='bbox 645 2791 738 2844; x_wconf 77' lang='grc' dir='ltr'><em>καὶ</em></span> <span class='ocrx_word' id='word_1_230' title='bbox 769 2791 867 2862; x_wconf 82' lang='grc' dir='ltr'><em>τὴν</em></span> <span class='ocrx_word' id='word_1_231' title='bbox 895 2792 997 2860; x_wconf 85' lang='grc' dir='ltr'><em>γῆν</em></span> <span class='ocrx_word' id='word_1_232' title='bbox 1013 2793 1106 2844; x_wconf 86' lang='grc' dir='ltr'><em>καὶ</em></span> <span class='ocrx_word' id='word_1_233' title='bbox 1136 2792 1310 2845; x_wconf 88' lang='grc' dir='ltr'><em>πάντα</em></span> <span class='ocrx_word' id='word_1_234' title='bbox 1334 2791 1402 2843; x_wconf 78' lang='grc' dir='ltr'><em>τά</em></span> <span class='ocrx_word' id='word_1_235' title='bbox 1426 2792 1481 2844; x_wconf 83' lang='grc' dir='ltr'><em>ἐν</em></span> <span class='ocrx_word' id='word_1_236' title='bbox 1501 2791 1700 2853; x_wconf 85' lang='grc' dir='ltr'><em>αὐτοῖς,</em></span> <span class='ocrx_word' id='word_1_237' title='bbox 1727 2792 1776 2842; x_wconf 82' lang='grc' dir='ltr'><em>εί</em></span> 
     </span>
    </p>
   </div>
   <div class='ocr_carea' id='block_1_31' title="bbox 203 2871 1777 2943">
    <p class='ocr_par' dir='ltr' id='par_1_31' title="bbox 203 2871 1777 2943">
     <span class='ocr_line' id='line_1_31' title="bbox 203 2871 1777 2943; baseline 0 -20"><span class='ocrx_word' id='word_1_238' title='bbox 203 2871 274 2943; x_wconf 85' lang='grc' dir='ltr'><em>μὴ</em></span> <span class='ocrx_word' id='word_1_239' title='bbox 295 2872 511 2943; x_wconf 85' lang='grc' dir='ltr'><em>πρῶτον</em></span> <span class='ocrx_word' id='word_1_240' title='bbox 527 2873 748 2943; x_wconf 83' lang='grc' dir='ltr'><em>ἐποίησε</em></span> <span class='ocrx_word' id='word_1_241' title='bbox 771 2873 837 2924; x_wconf 84' lang='grc' dir='ltr'><em>τὰ</em></span> <span class='ocrx_word' id='word_1_242' title='bbox 857 2872 1111 2942; x_wconf 87' lang='grc' dir='ltr'><em>θαύματα</em></span> <span class='ocrx_word' id='word_1_243' title='bbox 1127 2875 1182 2926; x_wconf 83' lang='grc' dir='ltr'><em>ἐν</em></span> <span class='ocrx_word' id='word_1_244' title='bbox 1201 2874 1480 2942; x_wconf 81' lang='grc' dir='ltr'><em>Αἰγύπτῳ,</em></span> <span class='ocrx_word' id='word_1_245' title='bbox 1498 2871 1777 2925; x_wconf 78' lang='grc' dir='ltr'><em>δεικνύντα</em></span> 
     </span>
    </p>
   </div>
   <div class='ocr_carea' id='block_1_32' title="bbox 200 2955 1776 3026">
    <p class='ocr_par' dir='ltr' id='par_1_32' title="bbox 200 2955 1776 3026">
     <span class='ocr_line' id='line_1_32' title="bbox 200 2955 1776 3026; baseline -0.001 -20"><span class='ocrx_word' id='word_1_246' title='bbox 200 2955 356 3007; x_wconf 82' lang='grc' dir='ltr'><em>αὐτόν</em></span> <span class='ocrx_word' id='word_1_247' title='bbox 385 2955 714 3026; x_wconf 84' lang='grc' dir='ltr'><em>δημιουργὸν</em></span> <span class='ocrx_word' id='word_1_248' title='bbox 735 2955 835 3024; x_wconf 90' lang='grc' dir='ltr'><em>τῆς</em></span> <span class='ocrx_word' id='word_1_249' title='bbox 863 2955 1219 3025; x_wconf 82' lang='grc' dir='ltr'><em>οίκουμένης;</em></span> <span class='ocrx_word' id='word_1_250' title='bbox 1247 2955 1432 3024; x_wconf 83' lang='grc' dir='ltr'><em>Ἡμεῖς</em></span> <span class='ocrx_word' id='word_1_251' title='bbox 1457 2955 1776 3024; x_wconf 84' lang='grc' dir='ltr'><em>διδάσκομεν</em></span> 
     </span>
    </p>
   </div>
   <div class='ocr_carea' id='block_1_33' title="bbox 199 3031 1775 3104">
    <p class='ocr_par' dir='ltr' id='par_1_33' title="bbox 199 3031 1775 3104">
     <span class='ocr_line' id='line_1_33' title="bbox 199 3031 1775 3104; baseline -0.001 -19"><span class='ocrx_word' id='word_1_252' title='bbox 199 3034 282 3086; x_wconf 76' lang='grc' dir='ltr'><em>ἵνα</em></span> <span class='ocrx_word' id='word_1_253' title='bbox 329 3034 639 3103; x_wconf 87' lang='grc' dir='ltr'><em>πείσωμεν·</em></span> <span class='ocrx_word' id='word_1_254' title='bbox 674 3035 702 3085; x_wconf 93' lang='lat'><em>6</em></span> <span class='ocrx_word' id='word_1_255' title='bbox 749 3033 881 3096; x_wconf 83' lang='grc' dir='ltr'><em>Θεὸς</em></span> <span class='ocrx_word' id='word_1_256' title='bbox 926 3034 1102 3086; x_wconf 80' lang='grc' dir='ltr'><em>πείθει</em></span> <span class='ocrx_word' id='word_1_257' title='bbox 1156 3034 1244 3087; x_wconf 86' lang='grc' dir='ltr'><em>ἵνα</em></span> <span class='ocrx_word' id='word_1_258' title='bbox 1299 3031 1505 3104; x_wconf 80' lang='grc' dir='ltr'><em>διδάξῃ.</em></span> <span class='ocrx_word' id='word_1_259' title='bbox 1561 3032 1775 3104; x_wconf 83' lang='grc' dir='ltr'><em>Ἐπειδὴ</em></span> 
     </span>
    </p>
   </div>
   <div class='ocr_carea' id='block_1_34' title="bbox 198 3115 1776 3186">
    <p class='ocr_par' dir='ltr' id='par_1_34' title="bbox 198 3115 1776 3186">
     <span class='ocr_line' id='line_1_34' title="bbox 198 3115 1776 3186; baseline -0.001 -18"><span class='ocrx_word' id='word_1_260' title='bbox 198 3115 385 3184; x_wconf 77' lang='grc' dir='ltr'><em>ἔμελλε</em></span> <span class='ocrx_word' id='word_1_261' title='bbox 431 3115 665 3186; x_wconf 78' lang='grc' dir='ltr'><em>Μωῦσῆς</em></span> <span class='ocrx_word' id='word_1_262' title='bbox 713 3115 1020 3170; x_wconf 78' lang='grc' dir='ltr'><em>ἐκτίθεσθαι</em></span> <span class='ocrx_word' id='word_1_263' title='bbox 1079 3116 1175 3168; x_wconf 76' lang='grc' dir='ltr'><em>καὶ</em></span> <span class='ocrx_word' id='word_1_264' title='bbox 1223 3117 1436 3184; x_wconf 85' lang='grc' dir='ltr'><em>λέγειν,</em></span> <span class='ocrx_word' id='word_1_265' title='bbox 1466 3117 1544 3168; x_wconf 84' lang='grc' dir='ltr'><em>ὃτι</em></span> <span class='ocrx_word' id='word_1_266' title='bbox 1588 3118 1615 3168; x_wconf 91' lang='lat'><em>6</em></span> <span class='ocrx_word' id='word_1_267' title='bbox 1645 3115 1776 3178; x_wconf 87' lang='grc' dir='ltr'><em>Θεὸς</em></span> 
     </span>
    </p>
   </div>
   <div class='ocr_carea' id='block_1_35' title="bbox 198 3198 1773 3270">
    <p class='ocr_par' dir='ltr' id='par_1_35' title="bbox 198 3198 1773 3270">
     <span class='ocr_line' id='line_1_35' title="bbox 198 3198 1773 3270; baseline -0.001 -19"><span class='ocrx_word' id='word_1_268' title='bbox 198 3199 416 3269; x_wconf 88' lang='grc' dir='ltr'><em>ἐποίησε</em></span> <span class='ocrx_word' id='word_1_269' title='bbox 443 3199 535 3251; x_wconf 90' lang='grc' dir='ltr'><em>τὸν</em></span> <span class='ocrx_word' id='word_1_270' title='bbox 573 3198 820 3268; x_wconf 82' lang='grc' dir='ltr'><em>οὐρανὸν,</em></span> <span class='ocrx_word' id='word_1_271' title='bbox 847 3201 939 3252; x_wconf 70' lang='grc' dir='ltr'><em>καὶ</em></span> <span class='ocrx_word' id='word_1_272' title='bbox 961 3201 1057 3270; x_wconf 84' lang='grc' dir='ltr'><em>τὴν</em></span> <span class='ocrx_word' id='word_1_273' title='bbox 1086 3201 1212 3270; x_wconf 87' lang='grc' dir='ltr'><em>γῆν,</em></span> <span class='ocrx_word' id='word_1_274' title='bbox 1238 3202 1330 3253; x_wconf 71' lang='grc' dir='ltr'><em>καὶ</em></span> <span class='ocrx_word' id='word_1_275' title='bbox 1357 3199 1453 3270; x_wconf 82' lang='grc' dir='ltr'><em>τὴν</em></span> <span class='ocrx_word' id='word_1_276' title='bbox 1480 3199 1773 3262; x_wconf 82' lang='grc' dir='ltr'><em>Θάλασσαν,</em></span> 
     </span>
    </p>
   </div>
   <div class='ocr_carea' id='block_1_36' title="bbox 199 3281 1777 3352">
    <p class='ocr_par' dir='ltr' id='par_1_36' title="bbox 199 3281 1777 3352">
     <span class='ocr_line' id='line_1_36' title="bbox 199 3281 1777 3352; baseline 0.001 -19"><span class='ocrx_word' id='word_1_277' title='bbox 199 3283 284 3334; x_wconf 72' lang='grc' dir='ltr'><em>καὶ</em></span> <span class='ocrx_word' id='word_1_278' title='bbox 309 3281 487 3334; x_wconf 86' lang='grc' dir='ltr'><em>πάντα</em></span> <span class='ocrx_word' id='word_1_279' title='bbox 540 3281 608 3332; x_wconf 81' lang='grc' dir='ltr'><em>τά</em></span> <span class='ocrx_word' id='word_1_280' title='bbox 661 3283 717 3333; x_wconf 87' lang='grc' dir='ltr'><em>ἐν</em></span> <span class='ocrx_word' id='word_1_281' title='bbox 747 3283 947 3344; x_wconf 78' lang='grc' dir='ltr'><em>αὐτοῖς,</em></span> <span class='ocrx_word' id='word_1_282' title='bbox 995 3285 1040 3335; x_wconf 87' lang='grc' dir='ltr'><em>εί</em></span> <span class='ocrx_word' id='word_1_283' title='bbox 1083 3283 1156 3352; x_wconf 79' lang='grc' dir='ltr'><em>μὴ</em></span> <span class='ocrx_word' id='word_1_284' title='bbox 1195 3282 1408 3350; x_wconf 86' lang='grc' dir='ltr'><em>πρῶτον</em></span> <span class='ocrx_word' id='word_1_285' title='bbox 1456 3283 1678 3351; x_wconf 85' lang='grc' dir='ltr'><em>ἐποίησε</em></span> <span class='ocrx_word' id='word_1_286' title='bbox 1709 3282 1777 3334; x_wconf 83' lang='grc' dir='ltr'><em>τὰ</em></span> 
     </span>
    </p>
   </div>
   <div class='ocr_carea' id='block_1_37' title="bbox 198 3363 1775 3434">
    <p class='ocr_par' dir='ltr' id='par_1_37' title="bbox 198 3363 1775 3434">
     <span class='ocr_line' id='line_1_37' title="bbox 198 3363 1775 3434; baseline -0.001 -16"><span class='ocrx_word' id='word_1_287' title='bbox 198 3363 446 3433; x_wconf 86' lang='grc' dir='ltr'><em>θαύματα</em></span> <span class='ocrx_word' id='word_1_288' title='bbox 482 3364 536 3416; x_wconf 85' lang='grc' dir='ltr'><em>ἐν</em></span> <span class='ocrx_word' id='word_1_289' title='bbox 567 3364 846 3434; x_wconf 73' lang='grc' dir='ltr'><em>Αἰγύπτῳ,</em></span> <span class='ocrx_word' id='word_1_290' title='bbox 879 3365 971 3417; x_wconf 77' lang='grc' dir='ltr'><em>καὶ</em></span> <span class='ocrx_word' id='word_1_291' title='bbox 1015 3364 1215 3428; x_wconf 76' lang='grc' dir='ltr'><em>ἔδειξεν</em></span> <span class='ocrx_word' id='word_1_292' title='bbox 1263 3367 1340 3418; x_wconf 82' lang='grc' dir='ltr'><em>’ότι</em></span> <span class='ocrx_word' id='word_1_293' title='bbox 1396 3365 1613 3417; x_wconf 89' lang='grc' dir='ltr'><em>πάντων</em></span> <span class='ocrx_word' id='word_1_294' title='bbox 1659 3365 1775 3418; x_wconf 80' lang='grc' dir='ltr'><em>ἐστὶ</em></span> 
     </span>
    </p>
   </div>
   <div class='ocr_carea' id='block_1_38' title="bbox 197 3448 1776 3518">
    <p class='ocr_par' dir='ltr' id='par_1_38' title="bbox 197 3448 1776 3518">
     <span class='ocr_line' id='line_1_38' title="bbox 197 3448 1776 3518; baseline 0 -18"><span class='ocrx_word' id='word_1_295' title='bbox 197 3449 298 3500; x_wconf 84' lang='grc' dir='ltr'><em>τῶν</em></span> <span class='ocrx_word' id='word_1_296' title='bbox 353 3448 671 3518; x_wconf 86' lang='grc' dir='ltr'><em>κτισμάτων</em></span> <span class='ocrx_word' id='word_1_297' title='bbox 726 3448 1076 3518; x_wconf 86' lang='grc' dir='ltr'><em>δημιουργὸς,</em></span> <span class='ocrx_word' id='word_1_298' title='bbox 1121 3449 1220 3502; x_wconf 86' lang='grc' dir='ltr'><em>ούκ</em></span> <span class='ocrx_word' id='word_1_299' title='bbox 1267 3448 1331 3500; x_wconf 83' lang='grc' dir='ltr'><em>ἂν</em></span> <span class='ocrx_word' id='word_1_300' title='bbox 1387 3448 1704 3501; x_wconf 75' lang='grc' dir='ltr'><em>ἐπίστευσεν</em></span> <span class='ocrx_word' id='word_1_301' title='bbox 1748 3449 1776 3500; x_wconf 91' lang='lat'><em>6</em></span> 
     </span>
    </p>
   </div>
   <div class='ocr_carea' id='block_1_39' title="bbox 199 3531 1774 3604">
    <p class='ocr_par' dir='ltr' id='par_1_39' title="bbox 199 3531 1774 3604">
     <span class='ocr_line' id='line_1_39' title="bbox 199 3531 1774 3604; baseline 0 -20"><span class='ocrx_word' id='word_1_302' title='bbox 199 3533 339 3594; x_wconf 87' lang='grc' dir='ltr'><em>λαὸς,</em></span> <span class='ocrx_word' id='word_1_303' title='bbox 359 3533 444 3585; x_wconf 82' lang='grc' dir='ltr'><em>ὅτι</em></span> <span class='ocrx_word' id='word_1_304' title='bbox 467 3533 496 3584; x_wconf 87' lang='lat'><em>6</em></span> <span class='ocrx_word' id='word_1_305' title='bbox 529 3531 661 3595; x_wconf 86' lang='grc' dir='ltr'><em>Θεὸς</em></span> <span class='ocrx_word' id='word_1_306' title='bbox 697 3532 917 3600; x_wconf 89' lang='grc' dir='ltr'><em>ἐποίησε</em></span> <span class='ocrx_word' id='word_1_307' title='bbox 948 3532 1037 3584; x_wconf 86' lang='grc' dir='ltr'><em>τὸν</em></span> <span class='ocrx_word' id='word_1_308' title='bbox 1066 3532 1290 3604; x_wconf 74' lang='grc' dir='ltr'><em>οὐρανὸν</em></span> <span class='ocrx_word' id='word_1_309' title='bbox 1312 3531 1404 3584; x_wconf 78' lang='grc' dir='ltr'><em>καὶ</em></span> <span class='ocrx_word' id='word_1_310' title='bbox 1431 3532 1531 3602; x_wconf 85' lang='grc' dir='ltr'><em>τὴν</em></span> <span class='ocrx_word' id='word_1_311' title='bbox 1569 3532 1691 3601; x_wconf 83' lang='grc' dir='ltr'><em>γῆν.</em></span> <span class='ocrx_word' id='word_1_312' title='bbox 1713 3532 1774 3584; x_wconf 75' lang='grc' dir='ltr'><em>Εἰ</em></span> 
     </span>
    </p>
   </div>
   <div class='ocr_carea' id='block_1_40' title="bbox 201 3613 1777 3685">
    <p class='ocr_par' dir='ltr' id='par_1_40' title="bbox 201 3613 1777 3685">
     <span class='ocr_line' id='line_1_40' title="bbox 201 3613 1777 3685; baseline -0.001 -18"><span class='ocrx_word' id='word_1_313' title='bbox 201 3616 271 3685; x_wconf 84' lang='grc' dir='ltr'><em>μὴ</em></span> <span class='ocrx_word' id='word_1_314' title='bbox 294 3615 528 3680; x_wconf 74' lang='grc' dir='ltr'><em>ἐξέτεινε</em></span> <span class='ocrx_word' id='word_1_315' title='bbox 559 3613 775 3685; x_wconf 85' lang='grc' dir='ltr'><em>πρῶτον</em></span> <span class='ocrx_word' id='word_1_316' title='bbox 805 3613 1044 3684; x_wconf 85' lang='grc' dir='ltr'><em>Μωῦσῆς</em></span> <span class='ocrx_word' id='word_1_317' title='bbox 1073 3615 1168 3678; x_wconf 73' lang='grc' dir='ltr'><em>τὰς</em></span> <span class='ocrx_word' id='word_1_318' title='bbox 1197 3618 1381 3685; x_wconf 87' lang='grc' dir='ltr'><em>χεῖρας</em></span> <span class='ocrx_word' id='word_1_319' title='bbox 1408 3615 1486 3677; x_wconf 85' lang='grc' dir='ltr'><em>είς</em></span> <span class='ocrx_word' id='word_1_320' title='bbox 1508 3616 1596 3668; x_wconf 87' lang='grc' dir='ltr'><em>τὸν</em></span> <span class='ocrx_word' id='word_1_321' title='bbox 1621 3616 1777 3685; x_wconf 86' lang='grc' dir='ltr'><em>ούρα-</em></span> 
     </span>
    </p>
   </div>
   <div class='ocr_carea' id='block_1_41' title="bbox 198 3696 1773 3768">
    <p class='ocr_par' dir='ltr' id='par_1_41' title="bbox 198 3696 1773 3768">
     <span class='ocr_line' id='line_1_41' title="bbox 198 3696 1773 3768; baseline 0 -18"><span class='ocrx_word' id='word_1_322' title='bbox 198 3699 301 3760; x_wconf 86' lang='grc' dir='ltr'><em>νὸν,</em></span> <span class='ocrx_word' id='word_1_323' title='bbox 337 3697 432 3749; x_wconf 73' lang='grc' dir='ltr'><em>καὶ</em></span> <span class='ocrx_word' id='word_1_324' title='bbox 473 3698 775 3766; x_wconf 80' lang='grc' dir='ltr'><em>κατήνεγκε</em></span> <span class='ocrx_word' id='word_1_325' title='bbox 803 3696 1044 3765; x_wconf 80' lang='grc' dir='ltr'><em>χάλαζαν</em></span> <span class='ocrx_word' id='word_1_326' title='bbox 1073 3699 1166 3750; x_wconf 75' lang='grc' dir='ltr'><em>καὶ</em></span> <span class='ocrx_word' id='word_1_327' title='bbox 1199 3700 1330 3768; x_wconf 86' lang='grc' dir='ltr'><em>πῦρ,</em></span> <span class='ocrx_word' id='word_1_328' title='bbox 1365 3701 1458 3752; x_wconf 73' lang='grc' dir='ltr'><em>καὶ</em></span> <span class='ocrx_word' id='word_1_329' title='bbox 1494 3698 1694 3767; x_wconf 79' lang='grc' dir='ltr'><em>ἔμαθον</em></span> <span class='ocrx_word' id='word_1_330' title='bbox 1726 3700 1773 3750; x_wconf 82' lang='grc' dir='ltr'><em>οἱ</em></span> 
     </span>
    </p>
   </div>
   <div class='ocr_carea' id='block_1_42' title="bbox 196 3778 1774 3852">
    <p class='ocr_par' dir='ltr' id='par_1_42' title="bbox 196 3778 1774 3852">
     <span class='ocr_line' id='line_1_42' title="bbox 196 3778 1774 3852; baseline -0.001 -18"><span class='ocrx_word' id='word_1_331' title='bbox 196 3780 306 3834; x_wconf 78' lang='grc' dir='ltr'><em>λαοὶ</em></span> <span class='ocrx_word' id='word_1_332' title='bbox 337 3779 426 3833; x_wconf 78' lang='grc' dir='ltr'><em>διά</em></span> <span class='ocrx_word' id='word_1_333' title='bbox 460 3779 553 3832; x_wconf 88' lang='grc' dir='ltr'><em>τοῦ</em></span> <span class='ocrx_word' id='word_1_334' title='bbox 597 3778 787 3831; x_wconf 80' lang='grc' dir='ltr'><em>πιστοῦ</em></span> <span class='ocrx_word' id='word_1_335' title='bbox 843 3779 1186 3847; x_wconf 79' lang='grc' dir='ltr'><em>θεράποντος,</em></span> <span class='ocrx_word' id='word_1_336' title='bbox 1218 3782 1298 3833; x_wconf 84' lang='grc' dir='ltr'><em>ὅτι</em></span> <span class='ocrx_word' id='word_1_337' title='bbox 1344 3781 1479 3850; x_wconf 84' lang='grc' dir='ltr'><em>αῦτη</em></span> <span class='ocrx_word' id='word_1_338' title='bbox 1523 3782 1554 3850; x_wconf 89' lang='grc' dir='ltr'><em>ή</em></span> <span class='ocrx_word' id='word_1_339' title='bbox 1607 3781 1774 3852; x_wconf 90' lang='grc' dir='ltr'><em>θνητὴ</em></span> 
     </span>
    </p>
   </div>
   <div class='ocr_carea' id='block_1_43' title="bbox 194 3860 1775 3935">
    <p class='ocr_par' dir='ltr' id='par_1_43' title="bbox 194 3860 1775 3935">
     <span class='ocr_line' id='line_1_43' title="bbox 194 3860 1775 3935; baseline -0.002 -18"><span class='ocrx_word' id='word_1_340' title='bbox 194 3864 336 3930; x_wconf 75' lang='grc' dir='ltr'><em>δεξιὰ</em></span> <span class='ocrx_word' id='word_1_341' title='bbox 367 3864 512 3932; x_wconf 88' lang='grc' dir='ltr'><em>λόγῳ</em></span> <span class='ocrx_word' id='word_1_342' title='bbox 542 3860 676 3914; x_wconf 88' lang='grc' dir='ltr'><em>Θεοῦ</em></span> <span class='ocrx_word' id='word_1_343' title='bbox 712 3861 1013 3930; x_wconf 88' lang='grc' dir='ltr'><em>κινηθεῖσα,</em></span> <span class='ocrx_word' id='word_1_344' title='bbox 1036 3863 1126 3914; x_wconf 87' lang='grc' dir='ltr'><em>τὸν</em></span> <span class='ocrx_word' id='word_1_345' title='bbox 1161 3863 1387 3934; x_wconf 76' lang='grc' dir='ltr'><em>οὐρανὸν</em></span> <span class='ocrx_word' id='word_1_346' title='bbox 1421 3863 1650 3935; x_wconf 78' lang='grc' dir='ltr'><em>ἐτάραξε</em></span> <span class='ocrx_word' id='word_1_347' title='bbox 1682 3864 1775 3915; x_wconf 80' lang='grc' dir='ltr'><em>καὶ</em></span> 
     </span>
    </p>
   </div>
   <div class='ocr_carea' id='block_1_44' title="bbox 195 3943 1771 4015">
    <p class='ocr_par' dir='ltr' id='par_1_44' title="bbox 195 3943 1771 4015">
     <span class='ocr_line' id='line_1_44' title="bbox 195 3943 1771 4015; baseline -0.001 -17"><span class='ocrx_word' id='word_1_348' title='bbox 195 3946 287 4015; x_wconf 84' lang='grc' dir='ltr'><em>τὴν</em></span> <span class='ocrx_word' id='word_1_349' title='bbox 306 3945 669 4014; x_wconf 82' lang='grc' dir='ltr'><em>δημιουργίαν</em></span> <span class='ocrx_word' id='word_1_350' title='bbox 698 3944 927 3996; x_wconf 87' lang='grc' dir='ltr'><em>ἐθόλωσε</em></span> <span class='ocrx_word' id='word_1_351' title='bbox 947 3961 962 3975; x_wconf 74' lang='grc' dir='ltr'><strong>ο</strong></span> <span class='ocrx_word' id='word_1_352' title='bbox 1017 3945 1197 4014; x_wconf 88' lang='grc' dir='ltr'><em>πολλῷ</em></span> <span class='ocrx_word' id='word_1_353' title='bbox 1225 3946 1421 4014; x_wconf 81' lang='grc' dir='ltr'><em>μᾶλλον</em></span> <span class='ocrx_word' id='word_1_354' title='bbox 1449 3949 1480 4014; x_wconf 84' lang='grc' dir='ltr'><em>ή</em></span> <span class='ocrx_word' id='word_1_355' title='bbox 1514 3945 1606 3997; x_wconf 89' lang='grc' dir='ltr'><em>τοῦ</em></span> <span class='ocrx_word' id='word_1_356' title='bbox 1638 3943 1771 3997; x_wconf 84' lang='grc' dir='ltr'><em>Θεοῦ</em></span> 
     </span>
    </p>
   </div>
   <div class='ocr_carea' id='block_1_45' title="bbox 196 4025 1772 4098">
    <p class='ocr_par' dir='ltr' id='par_1_45' title="bbox 196 4025 1772 4098">
     <span class='ocr_line' id='line_1_45' title="bbox 196 4025 1772 4098; baseline -0.001 -18"><span class='ocrx_word' id='word_1_357' title='bbox 196 4029 552 4088; x_wconf 81' lang='grc' dir='ltr'><em>κελεύσαντος</em></span> <span class='ocrx_word' id='word_1_358' title='bbox 581 4025 732 4090; x_wconf 82' lang='grc' dir='ltr'><em>δεξιὰ</em></span> <span class='ocrx_word' id='word_1_359' title='bbox 744 4026 948 4095; x_wconf 78' lang='grc' dir='ltr'><em>ἥδρασε</em></span> <span class='ocrx_word' id='word_1_360' title='bbox 967 4026 1057 4078; x_wconf 89' lang='grc' dir='ltr'><em>τὸν</em></span> <span class='ocrx_word' id='word_1_361' title='bbox 1083 4029 1310 4096; x_wconf 82' lang='grc' dir='ltr'><em>οὐρανὸν</em></span> <span class='ocrx_word' id='word_1_362' title='bbox 1334 4029 1428 4081; x_wconf 70' lang='grc' dir='ltr'><em>καὶ</em></span> <span class='ocrx_word' id='word_1_363' title='bbox 1445 4028 1772 4098; x_wconf 83' lang='grc' dir='ltr'><em>ὲθεμελίωσε</em></span> 
     </span>
    </p>
   </div>
   <div class='ocr_carea' id='block_1_46' title="bbox 193 4109 1774 4181">
    <p class='ocr_par' dir='ltr' id='par_1_46' title="bbox 193 4109 1774 4181">
     <span class='ocr_line' id='line_1_46' title="bbox 193 4109 1774 4181; baseline -0.002 -17"><span class='ocrx_word' id='word_1_364' title='bbox 193 4113 288 4180; x_wconf 78' lang='grc' dir='ltr'><em>τὴν</em></span> <span class='ocrx_word' id='word_1_365' title='bbox 340 4113 466 4181; x_wconf 82' lang='grc' dir='ltr'><em>γῆν.</em></span> <span class='ocrx_word' id='word_1_366' title='bbox 529 4109 715 4171; x_wconf 74' lang='grc' dir='ltr'><em>Οὐδεὶς</em></span> <span class='ocrx_word' id='word_1_367' title='bbox 752 4109 860 4178; x_wconf 80' lang='grc' dir='ltr'><em>γὰρ</em></span> <span class='ocrx_word' id='word_1_368' title='bbox 920 4112 1060 4162; x_wconf 85' lang='grc' dir='ltr'><em>κινεί</em></span> <span class='ocrx_word' id='word_1_369' title='bbox 1121 4110 1505 4181; x_wconf 80' lang='grc' dir='ltr'><em>δημιουργίαν.</em></span> <span class='ocrx_word' id='word_1_370' title='bbox 1563 4111 1628 4178; x_wconf 83' lang='grc' dir='ltr'><em>ἣν</em></span> <span class='ocrx_word' id='word_1_371' title='bbox 1676 4110 1774 4161; x_wconf 85' lang='grc' dir='ltr'><em>οὐκ</em></span> 
     </span>
    </p>
   </div>
   <div class='ocr_carea' id='block_1_47' title="bbox 194 4191 1772 4265">
    <p class='ocr_par' dir='ltr' id='par_1_47' title="bbox 194 4191 1772 4265">
     <span class='ocr_line' id='line_1_47' title="bbox 194 4191 1772 4265; baseline -0.001 -19"><span class='ocrx_word' id='word_1_372' title='bbox 194 4197 466 4265; x_wconf 82' lang='grc' dir='ltr'><em>ἐποίησεν.</em></span> <span class='ocrx_word' id='word_1_373' title='bbox 513 4194 659 4246; x_wconf 83' lang='grc' dir='ltr'><em>Ἔδει</em></span> <span class='ocrx_word' id='word_1_374' title='bbox 677 4191 855 4245; x_wconf 88' lang='grc' dir='ltr'><em>τοίνυν</em></span> <span class='ocrx_word' id='word_1_375' title='bbox 887 4192 1188 4262; x_wconf 81' lang='grc' dir='ltr'><em>δειχθῆναι,</em></span> <span class='ocrx_word' id='word_1_376' title='bbox 1208 4195 1292 4246; x_wconf 84' lang='grc' dir='ltr'><em>ὅτι</em></span> <span class='ocrx_word' id='word_1_377' title='bbox 1325 4198 1352 4245; x_wconf 88' lang='grc' dir='ltr'>ὁ</span> <span class='ocrx_word' id='word_1_378' title='bbox 1384 4195 1514 4258; x_wconf 90' lang='grc' dir='ltr'><em>Θεὸς</em></span> <span class='ocrx_word' id='word_1_379' title='bbox 1544 4193 1772 4263; x_wconf 81' lang='grc' dir='ltr'><em>ἐποίησε</em></span> 
     </span>
    </p>
   </div>
   <div class='ocr_carea' id='block_1_48' title="bbox 193 4275 1775 4349">
    <p class='ocr_par' dir='ltr' id='par_1_48' title="bbox 193 4275 1775 4349">
     <span class='ocr_line' id='line_1_48' title="bbox 193 4275 1775 4349; baseline -0.002 -18"><span class='ocrx_word' id='word_1_380' title='bbox 193 4279 287 4347; x_wconf 86' lang='grc' dir='ltr'><em>τὴν</em></span> <span class='ocrx_word' id='word_1_381' title='bbox 311 4281 437 4349; x_wconf 87' lang='grc' dir='ltr'><em>γῆν·</em></span> <span class='ocrx_word' id='word_1_382' title='bbox 465 4277 699 4342; x_wconf 77' lang='grc' dir='ltr'><em>ἐξέτεινε</em></span> <span class='ocrx_word' id='word_1_383' title='bbox 726 4277 966 4345; x_wconf 85' lang='grc' dir='ltr'><em>Μωῡσῆς</em></span> <span class='ocrx_word' id='word_1_384' title='bbox 984 4275 1081 4346; x_wconf 87' lang='grc' dir='ltr'><em>τὴν</em></span> <span class='ocrx_word' id='word_1_385' title='bbox 1110 4280 1268 4347; x_wconf 85' lang='grc' dir='ltr'><em>χεῖρα</em></span> <span class='ocrx_word' id='word_1_386' title='bbox 1298 4279 1377 4339; x_wconf 84' lang='grc' dir='ltr'><em>είς</em></span> <span class='ocrx_word' id='word_1_387' title='bbox 1406 4277 1503 4346; x_wconf 88' lang='grc' dir='ltr'><em>τὴν</em></span> <span class='ocrx_word' id='word_1_388' title='bbox 1523 4279 1646 4347; x_wconf 81' lang='grc' dir='ltr'><em>γῆν,</em></span> <span class='ocrx_word' id='word_1_389' title='bbox 1681 4275 1775 4329; x_wconf 74' lang='grc' dir='ltr'><em>καὶ</em></span> 
     </span>
    </p>
   </div>
   <div class='ocr_carea' id='block_1_49' title="bbox 196 4360 1775 4431">
    <p class='ocr_par' dir='ltr' id='par_1_49' title="bbox 196 4360 1775 4431">
     <span class='ocr_line' id='line_1_49' title="bbox 196 4360 1775 4431; baseline -0.001 -17"><span class='ocrx_word' id='word_1_390' title='bbox 196 4362 412 4431; x_wconf 79' lang='grc' dir='ltr'><em>ἐξῆλθον</em></span> <span class='ocrx_word' id='word_1_391' title='bbox 468 4364 711 4423; x_wconf 84' lang='grc' dir='ltr'><em>σκνῖπες.</em></span> <span class='ocrx_word' id='word_1_392' title='bbox 745 4360 890 4412; x_wconf 82' lang='grc' dir='ltr'><em>Ἔδει</em></span> <span class='ocrx_word' id='word_1_393' title='bbox 921 4360 1081 4414; x_wconf 89' lang='grc' dir='ltr'><em>πάλιν</em></span> <span class='ocrx_word' id='word_1_394' title='bbox 1112 4360 1408 4429; x_wconf 82' lang='grc' dir='ltr'><em>δειχθῆναι,</em></span> <span class='ocrx_word' id='word_1_395' title='bbox 1442 4362 1523 4413; x_wconf 84' lang='grc' dir='ltr'><em>ὅτι</em></span> <span class='ocrx_word' id='word_1_396' title='bbox 1573 4361 1601 4412; x_wconf 89' lang='lat'><em>6</em></span> <span class='ocrx_word' id='word_1_397' title='bbox 1644 4360 1775 4423; x_wconf 85' lang='grc' dir='ltr'><em>Θεὸς</em></span> 
     </span>
    </p>
   </div>
   <div class='ocr_carea' id='block_1_50' title="bbox 194 4441 1772 4515">
    <p class='ocr_par' dir='ltr' id='par_1_50' title="bbox 194 4441 1772 4515">
     <span class='ocr_line' id='line_1_50' title="bbox 194 4441 1772 4515; baseline -0.001 -19"><span class='ocrx_word' id='word_1_398' title='bbox 194 4445 411 4515; x_wconf 87' lang='grc' dir='ltr'><em>ἐποίησε</em></span> <span class='ocrx_word' id='word_1_399' title='bbox 434 4444 498 4495; x_wconf 91' lang='grc' dir='ltr'><em>τὸ</em></span> <span class='ocrx_word' id='word_1_400' title='bbox 525 4442 634 4510; x_wconf 85' lang='grc' dir='ltr'><em>πῦρ</em></span> <span class='ocrx_word' id='word_1_401' title='bbox 654 4460 667 4473; x_wconf 79' lang='grc' dir='ltr'><strong>ο</strong></span> <span class='ocrx_word' id='word_1_402' title='bbox 712 4441 870 4494; x_wconf 81' lang='grc' dir='ltr'><em>ἔλαϐε</em></span> <span class='ocrx_word' id='word_1_403' title='bbox 917 4441 1159 4510; x_wconf 83' lang='grc' dir='ltr'><em>Μωῦσῆς</em></span> <span class='ocrx_word' id='word_1_404' title='bbox 1191 4443 1417 4513; x_wconf 85' lang='grc' dir='ltr'><em>αἰθάλην</em></span> <span class='ocrx_word' id='word_1_405' title='bbox 1462 4443 1772 4512; x_wconf 86' lang='grc' dir='ltr'><em>καμιναίας,</em></span> 
     </span>
    </p>
   </div>
   <div class='ocr_carea' id='block_1_51' title="bbox 196 4521 1775 4596">
    <p class='ocr_par' dir='ltr' id='par_1_51' title="bbox 196 4521 1775 4596">
     <span class='ocr_line' id='line_1_51' title="bbox 196 4521 1775 4596; baseline 0 -17"><span class='ocrx_word' id='word_1_406' title='bbox 196 4528 284 4580; x_wconf 79' lang='grc' dir='ltr'><em>καὶ</em></span> <span class='ocrx_word' id='word_1_407' title='bbox 318 4527 490 4579; x_wconf 79' lang='grc' dir='ltr'><em>ἕπασε</em></span> <span class='ocrx_word' id='word_1_408' title='bbox 527 4521 672 4593; x_wconf 87' lang='lat' dir='ltr'><em>(sic),</em></span> <span class='ocrx_word' id='word_1_409' title='bbox 720 4525 811 4577; x_wconf 73' lang='grc' dir='ltr'><em>καὶ</em></span> <span class='ocrx_word' id='word_1_410' title='bbox 839 4523 1121 4596; x_wconf 73' lang='grc' dir='ltr'><em>ἐπλήρωσε</em></span> <span class='ocrx_word' id='word_1_411' title='bbox 1152 4524 1222 4578; x_wconf 80' lang='grc' dir='ltr'><em>τὰ</em></span> <span class='ocrx_word' id='word_1_412' title='bbox 1269 4525 1494 4596; x_wconf 82' lang='grc' dir='ltr'><em>σώματα</em></span> <span class='ocrx_word' id='word_1_413' title='bbox 1521 4526 1630 4577; x_wconf 82' lang='grc' dir='ltr'><em>τῶν</em></span> <span class='ocrx_word' id='word_1_414' title='bbox 1679 4528 1775 4579; x_wconf 80' lang='lat' dir='ltr'><em>Al-</em></span> 
     </span>
    </p>
   </div>
   <div class='ocr_carea' id='block_1_52' title="bbox 195 4606 1776 4678">
    <p class='ocr_par' dir='ltr' id='par_1_52' title="bbox 195 4606 1776 4678">
     <span class='ocr_line' id='line_1_52' title="bbox 195 4606 1776 4678; baseline -0.001 -18"><span class='ocrx_word' id='word_1_415' title='bbox 195 4610 434 4676; x_wconf 85' lang='grc' dir='ltr'><em>γυπτίων</em></span> <span class='ocrx_word' id='word_1_416' title='bbox 466 4607 636 4661; x_wconf 82' lang='grc' dir='ltr'><em>ἐλκῶν</em></span> <span class='ocrx_word' id='word_1_417' title='bbox 666 4607 860 4676; x_wconf 88' lang='grc' dir='ltr'><em>φλογὸς</em></span> <span class='ocrx_word' id='word_1_418' title='bbox 899 4607 1051 4678; x_wconf 84' lang='grc' dir='ltr'><em>δίκην</em></span> <span class='ocrx_word' id='word_1_419' title='bbox 1091 4606 1339 4670; x_wconf 78' lang='grc' dir='ltr'><em>ζεόντων.</em></span> <span class='ocrx_word' id='word_1_420' title='bbox 1381 4609 1526 4661; x_wconf 85' lang='grc' dir='ltr'><em>Ἔδει</em></span> <span class='ocrx_word' id='word_1_421' title='bbox 1565 4607 1776 4678; x_wconf 86' lang='grc' dir='ltr'><em>δειχθῆ-</em></span> 
     </span>
    </p>
   </div>
   <div class='ocr_carea' id='block_1_53' title="bbox 197 4689 1774 4762">
    <p class='ocr_par' dir='ltr' id='par_1_53' title="bbox 197 4689 1774 4762">
     <span class='ocr_line' id='line_1_53' title="bbox 197 4689 1774 4762; baseline -0.001 -19"><span class='ocrx_word' id='word_1_422' title='bbox 197 4709 302 4755; x_wconf 88' lang='grc' dir='ltr'><em>ναι,</em></span> <span class='ocrx_word' id='word_1_423' title='bbox 335 4693 417 4744; x_wconf 81' lang='grc' dir='ltr'><em>ὅτι</em></span> <span class='ocrx_word' id='word_1_424' title='bbox 446 4692 476 4743; x_wconf 97' lang='lat'><em>6</em></span> <span class='ocrx_word' id='word_1_425' title='bbox 498 4689 631 4752; x_wconf 86' lang='grc' dir='ltr'><em>Θεὸς</em></span> <span class='ocrx_word' id='word_1_426' title='bbox 664 4689 723 4742; x_wconf 83' lang='grc' dir='ltr'><em>τὸ</em></span> <span class='ocrx_word' id='word_1_427' title='bbox 745 4689 886 4762; x_wconf 76' lang='grc' dir='ltr'><em>ὕδωρ</em></span> <span class='ocrx_word' id='word_1_428' title='bbox 916 4689 1172 4760; x_wconf 76' lang='grc' dir='ltr'><em>ἐποίησε’</em></span> <span class='ocrx_word' id='word_1_429' title='bbox 1209 4690 1511 4760; x_wconf 83' lang='grc' dir='ltr'><em>μετεϐλήθη</em></span> <span class='ocrx_word' id='word_1_430' title='bbox 1545 4690 1604 4742; x_wconf 90' lang='grc' dir='ltr'><em>τὸ</em></span> <span class='ocrx_word' id='word_1_431' title='bbox 1633 4691 1774 4760; x_wconf 73' lang='grc' dir='ltr'><em>ὕδωρ</em></span> 
     </span>
    </p>
   </div>
   <div class='ocr_carea' id='block_1_54' title="bbox 198 4768 1772 4843">
    <p class='ocr_par' dir='ltr' id='par_1_54' title="bbox 198 4768 1772 4843">
     <span class='ocr_line' id='line_1_54' title="bbox 198 4768 1772 4843; baseline -0.003 -15"><span class='ocrx_word' id='word_1_432' title='bbox 198 4775 271 4836; x_wconf 77' lang='grc' dir='ltr'><em>εἰς</em></span> <span class='ocrx_word' id='word_1_433' title='bbox 301 4768 464 4843; x_wconf 72' lang='grc' dir='ltr'><em>αἷμα.</em></span> <span class='ocrx_word' id='word_1_434' title='bbox 487 4771 635 4824; x_wconf 81' lang='grc' dir='ltr'><em>Ἔδει</em></span> <span class='ocrx_word' id='word_1_435' title='bbox 658 4772 956 4841; x_wconf 81' lang='grc' dir='ltr'><em>δειχθῆναι,</em></span> <span class='ocrx_word' id='word_1_436' title='bbox 993 4772 1075 4824; x_wconf 83' lang='grc' dir='ltr'><em>ὅτι</em></span> <span class='ocrx_word' id='word_1_437' title='bbox 1114 4773 1336 4841; x_wconf 88' lang='grc' dir='ltr'><em>ἐποίησε</em></span> <span class='ocrx_word' id='word_1_438' title='bbox 1361 4773 1456 4842; x_wconf 81' lang='grc' dir='ltr'><em>τὴν</em></span> <span class='ocrx_word' id='word_1_439' title='bbox 1481 4772 1772 4825; x_wconf 89' lang='grc' dir='ltr'><em>θάλασσαν·</em></span> 
     </span>
    </p>
   </div>
   <div class='ocr_carea' id='block_1_55' title="bbox 198 4853 1776 4927">
    <p class='ocr_par' dir='ltr' id='par_1_55' title="bbox 198 4853 1776 4927">
     <span class='ocr_line' id='line_1_55' title="bbox 198 4853 1776 4927; baseline -0.001 -20"><span class='ocrx_word' id='word_1_440' title='bbox 198 4854 525 4927; x_wconf 70' lang='grc' dir='ltr'><em>ἐπετρὼθτι1⁵</em></span> <span class='ocrx_word' id='word_1_441' title='bbox 555 4856 588 4924; x_wconf 82' lang='grc' dir='ltr'>ἡ</span> <span class='ocrx_word' id='word_1_442' title='bbox 610 4854 874 4918; x_wconf 89' lang='grc' dir='ltr'><em>θάλασσα,</em></span> <span class='ocrx_word' id='word_1_443' title='bbox 899 4855 991 4906; x_wconf 73' lang='grc' dir='ltr'><em>καὶ</em></span> <span class='ocrx_word' id='word_1_444' title='bbox 1010 4853 1282 4922; x_wconf 83' lang='grc' dir='ltr'><em>παρῆλθεν</em></span> <span class='ocrx_word' id='word_1_445' title='bbox 1311 4855 1338 4905; x_wconf 91' lang='grc' dir='ltr'><em>ὀ</em></span> <span class='ocrx_word' id='word_1_446' title='bbox 1373 4854 1517 4918; x_wconf 90' lang='grc' dir='ltr'><em>λαός.</em></span> <span class='ocrx_word' id='word_1_447' title='bbox 1555 4854 1776 4925; x_wconf 85' lang='grc' dir='ltr'><em>Πρῶτον</em></span> 
     </span>
    </p>
   </div>
   <div class='ocr_carea' id='block_1_56' title="bbox 195 4934 1776 5007">
    <p class='ocr_par' dir='ltr' id='par_1_56' title="bbox 195 4934 1776 5007">
     <span class='ocr_line' id='line_1_56' title="bbox 195 4934 1776 5007; baseline 0.001 -17"><span class='ocrx_word' id='word_1_448' title='bbox 195 4934 281 4991; x_wconf 74' lang='grc' dir='ltr'><em>οὖν</em></span> <span class='ocrx_word' id='word_1_449' title='bbox 310 4938 484 5003; x_wconf 72' lang='grc' dir='ltr'><em>ἔδειξε</em></span> <span class='ocrx_word' id='word_1_450' title='bbox 539 4937 625 4990; x_wconf 86' lang='grc' dir='ltr'><em>διὰ</em></span> <span class='ocrx_word' id='word_1_451' title='bbox 669 4938 775 4990; x_wconf 83' lang='grc' dir='ltr'><em>τῶν</em></span> <span class='ocrx_word' id='word_1_452' title='bbox 823 4937 1020 5007; x_wconf 77' lang='grc' dir='ltr'><em>ἔργων,</em></span> <span class='ocrx_word' id='word_1_453' title='bbox 1053 4937 1132 4988; x_wconf 79' lang='grc' dir='ltr'><em>ὅτι</em></span> <span class='ocrx_word' id='word_1_454' title='bbox 1185 4938 1481 5007; x_wconf 85' lang='grc' dir='ltr'><em>Δεσπότης,</em></span> <span class='ocrx_word' id='word_1_455' title='bbox 1525 4941 1620 4991; x_wconf 78' lang='grc' dir='ltr'><em>καὶ</em></span> <span class='ocrx_word' id='word_1_456' title='bbox 1654 4939 1776 4991; x_wconf 88' lang='grc' dir='ltr'><em>τότε</em></span> 
     </span>
    </p>
   </div>
   <div class='ocr_carea' id='block_1_57' title="bbox 198 5019 1384 5093">
    <p class='ocr_par' dir='ltr' id='par_1_57' title="bbox 198 5019 1384 5093">
     <span class='ocr_line' id='line_1_57' title="bbox 198 5019 1384 5093; baseline 0.012 -24"><span class='ocrx_word' id='word_1_457' title='bbox 198 5023 513 5093; x_wconf 74' lang='grc' dir='ltr'><em>ἡρμήνευσε</em></span> <span class='ocrx_word' id='word_1_458' title='bbox 544 5019 631 5073; x_wconf 85' lang='lat'><em>6:6</em></span> <span class='ocrx_word' id='word_1_459' title='bbox 659 5021 767 5072; x_wconf 86' lang='grc' dir='ltr'><em>τῶν</em></span> <span class='ocrx_word' id='word_1_460' title='bbox 788 5019 981 5087; x_wconf 87' lang='grc' dir='ltr'><em>λόγων,</em></span> <span class='ocrx_word' id='word_1_461' title='bbox 1015 5020 1096 5071; x_wconf 84' lang='grc' dir='ltr'><em>ὅτι</em></span> <span class='ocrx_word' id='word_1_462' title='bbox 1127 5019 1384 5089; x_wconf 84' lang='grc' dir='ltr'><em>Ποιητής·</em></span> 
     </span>
    </p>
   </div>
   <div class='ocr_carea' id='block_1_58' title="bbox 264 5101 1778 5172">
    <p class='ocr_par' dir='ltr' id='par_1_58' title="bbox 264 5101 1778 5172">
     <span class='ocr_line' id='line_1_58' title="bbox 264 5101 1778 5172; baseline 0 -17"><span class='ocrx_word' id='word_1_463' title='bbox 264 5104 325 5172; x_wconf 85' lang='grc' dir='ltr'><em>β’.</em></span> <span class='ocrx_word' id='word_1_464' title='bbox 367 5103 528 5157; x_wconf 86' lang='grc' dir='ltr'><em>Οῦτω</em></span> <span class='ocrx_word' id='word_1_465' title='bbox 550 5103 642 5156; x_wconf 71' lang='grc' dir='ltr'><em>καὶ</em></span> <span class='ocrx_word' id='word_1_466' title='bbox 661 5106 689 5154; x_wconf 92' lang='lat'><em>6</em></span> <span class='ocrx_word' id='word_1_467' title='bbox 715 5103 903 5172; x_wconf 88' lang='grc' dir='ltr'><em>Σωτὴρ</em></span> <span class='ocrx_word' id='word_1_468' title='bbox 921 5102 978 5153; x_wconf 85' lang='grc' dir='ltr'><em>ἐν</em></span> <span class='ocrx_word' id='word_1_469' title='bbox 997 5101 1073 5171; x_wconf 83' lang='grc' dir='ltr'><em>τῷ</em></span> <span class='ocrx_word' id='word_1_470' title='bbox 1096 5101 1414 5172; x_wconf 78' lang='grc' dir='ltr'><em>Εὑαγγελίῳ</em></span> <span class='ocrx_word' id='word_1_471' title='bbox 1435 5101 1494 5152; x_wconf 84' lang='grc' dir='ltr'><em>ού</em></span> <span class='ocrx_word' id='word_1_472' title='bbox 1518 5101 1778 5172; x_wconf 87' lang='grc' dir='ltr'><em>πρότερον</em></span> 
     </span>
    </p>
   </div>
   <div class='ocr_carea' id='block_1_59' title="bbox 197 5184 1779 5255">
    <p class='ocr_par' dir='ltr' id='par_1_59' title="bbox 197 5184 1779 5255">
     <span class='ocr_line' id='line_1_59' title="bbox 197 5184 1779 5255; baseline 0.001 -18"><span class='ocrx_word' id='word_1_473' title='bbox 197 5185 452 5251; x_wconf 78' lang='grc' dir='ltr'><em>ἐδίδαξεν,</em></span> <span class='ocrx_word' id='word_1_474' title='bbox 487 5184 591 5248; x_wconf 77' lang='grc' dir='ltr'><em>ἕως</em></span> <span class='ocrx_word' id='word_1_475' title='bbox 613 5184 1114 5254; x_wconf 84' lang='grc' dir='ltr'><em>ἐθαυματούργησε.</em></span> <span class='ocrx_word' id='word_1_476' title='bbox 1146 5184 1367 5253; x_wconf 82' lang='grc' dir='ltr'><em>Πρῶτον</em></span> <span class='ocrx_word' id='word_1_477' title='bbox 1395 5187 1636 5255; x_wconf 89' lang='grc' dir='ltr'><em>σημεῖον,</em></span> <span class='ocrx_word' id='word_1_478' title='bbox 1658 5204 1779 5254; x_wconf 86' lang='grc' dir='ltr'><em>μετ·</em></span> 
     </span>
    </p>
   </div>
   <div class='ocr_carea' id='block_1_60' title="bbox 256 5323 1224 5385">
    <p class='ocr_par' dir='ltr' id='par_1_60' title="bbox 256 5323 1224 5385">
     <span class='ocr_line' id='line_1_60' title="bbox 256 5323 1224 5385; baseline -0.003 -10"><span class='ocrx_word' id='word_1_479' title='bbox 256 5326 278 5354; x_wconf 81' lang='grc'>³</span> <span class='ocrx_word' id='word_1_480' title='bbox 303 5323 525 5375; x_wconf 75' lang='lat' dir='ltr'><em>Combef.</em></span> <span class='ocrx_word' id='word_1_481' title='bbox 551 5323 818 5385; x_wconf 79' lang='lat' dir='ltr'><em>legendum</em></span> <span class='ocrx_word' id='word_1_482' title='bbox 839 5328 980 5385; x_wconf 75' lang='lat' dir='ltr'><em>putat</em></span> <span class='ocrx_word' id='word_1_483' title='bbox 1003 5324 1224 5379; x_wconf 79' lang='grc' dir='ltr'><em>διάταξιν.</em></span> 
     </span>
    </p>
   </div>
   <div class='ocr_carea' id='block_1_61' title="bbox 254 5385 1782 5454">
    <p class='ocr_par' dir='ltr' id='par_1_61' title="bbox 254 5385 1782 5454">
     <span class='ocr_line' id='line_1_61' title="bbox 254 5385 1782 5454; baseline 0.005 -20"><span class='ocrx_word' id='word_1_484' title='bbox 254 5386 282 5425; x_wconf 73' lang='grc' dir='ltr'><em>Ιι</em></span> <span class='ocrx_word' id='word_1_485' title='bbox 324 5385 598 5454; x_wconf 76' lang='grc' dir='ltr'><em>Ἐπετρῴθῃ</em></span> <span class='ocrx_word' id='word_1_486' title='bbox 634 5387 670 5454; x_wconf 47' lang='grc' dir='ltr'>ζὴ</span> <span class='ocrx_word' id='word_1_487' title='bbox 720 5387 951 5454; x_wconf 76' lang='grc' dir='ltr'><em>θάλασσα.</em></span> <span class='ocrx_word' id='word_1_488' title='bbox 997 5385 1214 5454; x_wconf 67' lang='grc' dir='ltr'><em>(ὶοῐηὺεῑ.</em></span> <span class='ocrx_word' id='word_1_489' title='bbox 1252 5388 1426 5454; x_wconf 70' lang='grc' dir='ltr'><em>Δνειίῑι,</em></span> <span class='ocrx_word' id='word_1_490' title='bbox 1471 5385 1680 5454; x_wconf 69' lang='lat' dir='ltr'><em>djm&#39;sum</em></span> <span class='ocrx_word' id='word_1_491' title='bbox 1711 5396 1782 5441; x_wconf 74' lang='lat' dir='ltr'><em>est</em></span> 
     </span>
    </p>
   </div>
   <div class='ocr_carea' id='block_1_62' title="bbox 196 5445 1782 5512">
    <p class='ocr_par' dir='ltr' id='par_1_62' title="bbox 196 5445 1782 5512">
     <span class='ocr_line' id='line_1_62' title="bbox 196 5445 1782 5512; baseline 0.005 -19"><span class='ocrx_word' id='word_1_492' title='bbox 196 5460 342 5512; x_wconf 52' lang='lat' dir='ltr'><em>mare,</em></span> <span class='ocrx_word' id='word_1_493' title='bbox 377 5445 518 5512; x_wconf 58' lang='lat' dir='ltr'><em>qga‘sj</em></span> <span class='ocrx_word' id='word_1_494' title='bbox 543 5448 602 5494; x_wconf 85' lang='lat' dir='ltr'><em>ab</em></span> <span class='ocrx_word' id='word_1_495' title='bbox 628 5445 974 5512; x_wconf 72' lang='grc' dir='ltr'><em>ἐπιτιτρώσκω,</em></span> <span class='ocrx_word' id='word_1_496' title='bbox 999 5445 1212 5509; x_wconf 76' lang='lat' dir='ltr'><em>perforo.</em></span> <span class='ocrx_word' id='word_1_497' title='bbox 1239 5449 1303 5496; x_wconf 78' lang='grc' dir='ltr'><em>Αι</em></span> <span class='ocrx_word' id='word_1_498' title='bbox 1345 5455 1464 5508; x_wconf 74' lang='lat' dir='ltr'>puto</span> <span class='ocrx_word' id='word_1_499' title='bbox 1492 5451 1727 5512; x_wconf 83' lang='grc' dir='ltr'><em>έπετρώθη</em></span> <span class='ocrx_word' id='word_1_500' title='bbox 1755 5467 1782 5501; x_wconf 82' lang='lat' dir='ltr'><strong>a</strong></span> 
     </span>
    </p>
   </div>
   <div class='ocr_carea' id='block_1_63' title="bbox 196 5506 1781 5570">
    <p class='ocr_par' dir='ltr' id='par_1_63' title="bbox 196 5506 1781 5570">
     <span class='ocr_line' id='line_1_63' title="bbox 196 5506 1781 5570; baseline 0.003 -14"><span class='ocrx_word' id='word_1_501' title='bbox 196 5511 375 5570; x_wconf 79' lang='grc' dir='ltr'><em>πετρόω</em></span> <span class='ocrx_word' id='word_1_502' title='bbox 395 5506 751 5558; x_wconf 66' lang='lat' dir='ltr'><em>deducendum</em></span> <span class='ocrx_word' id='word_1_503' title='bbox 785 5506 925 5564; x_wconf 49' lang='lat' dir='ltr'><em>&#39;esse,</em></span> <span class='ocrx_word' id='word_1_504' title='bbox 953 5506 1007 5556; x_wconf 69' lang='grc' dir='ltr'><em>ιη</em></span> <span class='ocrx_word' id='word_1_505' title='bbox 1025 5506 1175 5570; x_wconf 62' lang='lat' dir='ltr'><strong><em>pelue</em></strong></span> <span class='ocrx_word' id='word_1_506' title='bbox 1214 5506 1440 5558; x_wconf 71' lang='lat' dir='ltr'><em>nalufum</em></span> <span class='ocrx_word' id='word_1_507' title='bbox 1469 5506 1617 5559; x_wconf 54' lang='lat' dir='ltr'><em>malo&quot;.</em></span> <span class='ocrx_word' id='word_1_508' title='bbox 1662 5506 1781 5561; x_wconf 66' lang='lat' dir='ltr'><em>Ném</em></span> 
     </span>
    </p>
   </div>
   <div class='ocr_carea' id='block_1_64' title="bbox 199 5569 1779 5629">
    <p class='ocr_par' dir='ltr' id='par_1_64' title="bbox 199 5569 1779 5629">
     <span class='ocr_line' id='line_1_64' title="bbox 199 5569 1779 5629; baseline 0.003 -11"><span class='ocrx_word' id='word_1_509' title='bbox 199 5573 263 5618; x_wconf 75' lang='lat' dir='ltr'><em>ait</em></span> <span class='ocrx_word' id='word_1_510' title='bbox 283 5569 556 5628; x_wconf 71' lang='lat' dir='ltr'><em>Scriptura,</em></span> <span class='ocrx_word' id='word_1_511' title='bbox 589 5581 724 5615; x_wconf 78' lang='lat' dir='ltr'><em>mare</em></span> <span class='ocrx_word' id='word_1_512' title='bbox 756 5570 892 5628; x_wconf 82' lang='lat' dir='ltr'><strong>quasi</strong></span> <span class='ocrx_word' id='word_1_513' title='bbox 915 5582 1108 5616; x_wconf 90' lang='lat' dir='ltr'><strong>murum</strong></span> <span class='ocrx_word' id='word_1_514' title='bbox 1129 5569 1310 5629; x_wconf 85' lang='lat' dir='ltr'><em>fuisse;</em></span> <span class='ocrx_word' id='word_1_515' title='bbox 1337 5576 1476 5619; x_wconf 79' lang='lat' dir='ltr'><em>certe</em></span> <span class='ocrx_word' id='word_1_516' title='bbox 1501 5577 1538 5619; x_wconf 77' lang='lat' dir='ltr'><em>si</em></span> <span class='ocrx_word' id='word_1_517' title='bbox 1565 5574 1628 5620; x_wconf 78' lang='lat' dir='ltr'><em>de</em></span> <span class='ocrx_word' id='word_1_518' title='bbox 1653 5574 1779 5622; x_wconf 78' lang='lat' dir='ltr'><em>divi-</em></span> 
     </span>
    </p>
   </div>
   <div class='ocr_carea' id='block_1_65' title="bbox 199 5629 1778 5704">
    <p class='ocr_par' dir='ltr' id='par_1_65' title="bbox 199 5629 1778 5704">
     <span class='ocr_line' id='line_1_65' title="bbox 199 5629 1778 5704; baseline 0.005 -28"><span class='ocrx_word' id='word_1_519' title='bbox 199 5633 330 5679; x_wconf 72' lang='lat' dir='ltr'>sione</span> <span class='ocrx_word' id='word_1_520' title='bbox 363 5632 524 5704; x_wconf 59' lang='lat' dir='ltr'><em>paris</em></span> <span class='ocrx_word' id='word_1_521' title='bbox 558 5636 825 5704; x_wconf 44' lang='lat' dir='ltr'><em>’agerclur,</em></span> <span class='ocrx_word' id='word_1_522' title='bbox 873 5629 1004 5680; x_wconf 81' lang='lat' dir='ltr'><em>aliud</em></span> <span class='ocrx_word' id='word_1_523' title='bbox 1043 5632 1362 5695; x_wconf 61' lang='lat' dir='ltr'><em>quwrcndum</em></span> <span class='ocrx_word' id='word_1_524' title='bbox 1409 5634 1611 5684; x_wconf 81' lang='lat' dir='ltr'><em>verbum</em></span> <span class='ocrx_word' id='word_1_525' title='bbox 1655 5641 1778 5696; x_wconf 82' lang='lat' dir='ltr'><em>erat,</em></span> 
     </span>
    </p>
   </div>
   <div class='ocr_carea' id='block_1_66' title="bbox 200 5692 707 5754">
    <p class='ocr_par' dir='ltr' id='par_1_66' title="bbox 200 5692 707 5754">
     <span class='ocr_line' id='line_1_66' title="bbox 200 5692 707 5754; baseline -0.002 -15"><span class='ocrx_word' id='word_1_526' title='bbox 200 5703 336 5752; x_wconf 76' lang='lat' dir='ltr'><em>quam</em></span> <span class='ocrx_word' id='word_1_527' title='bbox 359 5692 707 5754; x_wconf 81' lang='grc' dir='ltr'><em>ἐπιτιτρὼσκω.</em></span> 
     </span>
    </p>
   </div>
   <div class='ocr_carea' id='block_1_67' title="bbox 1202 361 2367 426">
    <p class='ocr_par' dir='ltr' id='par_1_67' title="bbox 1202 361 2367 426">
     <span class='ocr_line' id='line_1_67' title="bbox 1202 361 2367 426; baseline -0.006 -2"><span class='ocrx_word' id='word_1_528' title='bbox 1202 369 1289 424; x_wconf 80' lang='lat' dir='ltr'><em>DE</em></span> <span class='ocrx_word' id='word_1_529' title='bbox 1325 367 1543 426; x_wconf 77' lang='lat' dir='ltr'><em>MUNDI</em></span> <span class='ocrx_word' id='word_1_530' title='bbox 1573 361 1967 421; x_wconf 81' lang='lat' dir='ltr'><em>CREATlONE</em></span> <span class='ocrx_word' id='word_1_531' title='bbox 2004 362 2261 422; x_wconf 82' lang='lat' dir='ltr'><strong>ORATIO</strong></span> <span class='ocrx_word' id='word_1_532' title='bbox 2301 364 2367 418; x_wconf 85' lang='lat' dir='ltr'><em>ll.</em></span> 
     </span>
    </p>
   </div>
   <div class='ocr_carea' id='block_1_68' title="bbox 3343 371 3456 425">
    <p class='ocr_par' dir='ltr' id='par_1_68' title="bbox 3343 371 3456 425">
     <span class='ocr_line' id='line_1_68' title="bbox 3343 371 3456 425; baseline 0.027 -3"><span class='ocrx_word' id='word_1_533' title='bbox 3343 371 3456 425; x_wconf 80' lang='lat'><em>440</em></span> 
     </span>
    </p>
   </div>
   <div class='ocr_carea' id='block_1_69' title="bbox 1887 481 3455 557">
    <p class='ocr_par' dir='ltr' id='par_1_69' title="bbox 1887 481 3455 557">
     <span class='ocr_line' id='line_1_69' title="bbox 1887 481 3455 557; baseline -0.002 -19"><span class='ocrx_word' id='word_1_534' title='bbox 1887 485 2048 538; x_wconf 80' lang='grc' dir='ltr'><em>ἐσαλε</em></span> <span class='ocrx_word' id='word_1_535' title='bbox 2089 486 2152 539; x_wconf 88' lang='grc' dir='ltr'><em>τὸ</em></span> <span class='ocrx_word' id='word_1_536' title='bbox 2182 486 2324 557; x_wconf 78' lang='grc' dir='ltr'><em>ὕδωρ</em></span> <span class='ocrx_word' id='word_1_537' title='bbox 2366 487 2444 550; x_wconf 86' lang='grc' dir='ltr'><em>είς</em></span> <span class='ocrx_word' id='word_1_538' title='bbox 2489 481 2648 552; x_wconf 69' lang='grc' dir='ltr'><em>οἶνον,</em></span> <span class='ocrx_word' id='word_1_539' title='bbox 2695 485 2787 539; x_wconf 68' lang='grc' dir='ltr'><em>καὶ</em></span> <span class='ocrx_word' id='word_1_540' title='bbox 2831 484 2891 537; x_wconf 79' lang='grc' dir='ltr'>οὐ</span> <span class='ocrx_word' id='word_1_541' title='bbox 2928 483 3170 554; x_wconf 89' lang='grc' dir='ltr'><em>φαίνεται</em></span> <span class='ocrx_word' id='word_1_542' title='bbox 3211 482 3317 554; x_wconf 89' lang='grc' dir='ltr'><em>πρὸ</em></span> <span class='ocrx_word' id='word_1_543' title='bbox 3360 481 3455 536; x_wconf 87' lang='grc' dir='ltr'><em>τοῦ</em></span> 
     </span>
    </p>
   </div>
   <div class='ocr_carea' id='block_1_70' title="bbox 1885 566 3455 638">
    <p class='ocr_par' dir='ltr' id='par_1_70' title="bbox 1885 566 3455 638">
     <span class='ocr_line' id='line_1_70' title="bbox 1885 566 3455 638; baseline -0.001 -19"><span class='ocrx_word' id='word_1_544' title='bbox 1885 569 2112 638; x_wconf 86' lang='grc' dir='ltr'><em>σημείου</em></span> <span class='ocrx_word' id='word_1_545' title='bbox 2142 569 2331 622; x_wconf 89' lang='grc' dir='ltr'><em>τούτου</em></span> <span class='ocrx_word' id='word_1_546' title='bbox 2356 569 2571 635; x_wconf 86' lang='grc' dir='ltr'><em>διδάξας</em></span> <span class='ocrx_word' id='word_1_547' title='bbox 2589 585 2602 600; x_wconf 89' lang='grc'><strong>·</strong></span> <span class='ocrx_word' id='word_1_548' title='bbox 2637 569 2744 622; x_wconf 79' lang='grc' dir='ltr'><em>ἔδει</em></span> <span class='ocrx_word' id='word_1_549' title='bbox 2770 568 2878 638; x_wconf 82' lang='grc' dir='ltr'><em>γάρ</em></span> <span class='ocrx_word' id='word_1_550' title='bbox 2907 566 3196 638; x_wconf 85' lang='grc' dir='ltr'><em>προλαϐεῖν</em></span> <span class='ocrx_word' id='word_1_551' title='bbox 3217 567 3277 618; x_wconf 89' lang='grc' dir='ltr'><em>τὸ</em></span> <span class='ocrx_word' id='word_1_552' title='bbox 3297 566 3455 637; x_wconf 75' lang='grc' dir='ltr'><em>ἔργον</em></span> 
     </span>
    </p>
   </div>
   <div class='ocr_carea' id='block_1_71' title="bbox 1885 649 3456 723">
    <p class='ocr_par' dir='ltr' id='par_1_71' title="bbox 1885 649 3456 723">
     <span class='ocr_line' id='line_1_71' title="bbox 1885 649 3456 723; baseline -0.003 -19"><span class='ocrx_word' id='word_1_553' title='bbox 1885 652 1976 704; x_wconf 70' lang='grc' dir='ltr'><em>καὶ</em></span> <span class='ocrx_word' id='word_1_554' title='bbox 2008 652 2367 723; x_wconf 87' lang='grc' dir='ltr'><em>ἀκολουθῆσαι</em></span> <span class='ocrx_word' id='word_1_555' title='bbox 2394 653 2483 706; x_wconf 85' lang='grc' dir='ltr'><em>τὸν</em></span> <span class='ocrx_word' id='word_1_556' title='bbox 2516 653 2688 720; x_wconf 89' lang='grc' dir='ltr'><em>λόγον.</em></span> <span class='ocrx_word' id='word_1_557' title='bbox 2734 651 2832 705; x_wconf 84' lang='grc' dir='ltr'><em>Διά</em></span> <span class='ocrx_word' id='word_1_558' title='bbox 2859 650 3015 704; x_wconf 89' lang='grc' dir='ltr'><em>τοῦτο</em></span> <span class='ocrx_word' id='word_1_559' title='bbox 3052 650 3080 700; x_wconf 90' lang='lat'><em>6</em></span> <span class='ocrx_word' id='word_1_560' title='bbox 3113 649 3456 718; x_wconf 79' lang='grc' dir='ltr'><em>συγγραφεὺς</em></span> 
     </span>
    </p>
   </div>
   <div class='ocr_carea' id='block_1_72' title="bbox 1884 731 3455 805">
    <p class='ocr_par' dir='ltr' id='par_1_72' title="bbox 1884 731 3455 805">
     <span class='ocr_line' id='line_1_72' title="bbox 1884 731 3455 805; baseline -0.002 -18"><span class='ocrx_word' id='word_1_561' title='bbox 1884 735 2063 802; x_wconf 86' lang='grc' dir='ltr'><em>λέγει·</em></span> <span class='ocrx_word' id='word_1_562' title='bbox 2096 735 2206 788; x_wconf 86' lang='grc' dir='ltr'><em>Τὸν</em></span> <span class='ocrx_word' id='word_1_563' title='bbox 2247 735 2364 804; x_wconf 80' lang='grc' dir='ltr'><em>μὲν</em></span> <span class='ocrx_word' id='word_1_564' title='bbox 2406 735 2642 804; x_wconf 84' lang='grc' dir='ltr'><em>πρῶτον</em></span> <span class='ocrx_word' id='word_1_565' title='bbox 2688 738 2873 805; x_wconf 80' lang='grc' dir='ltr'><em>λόγον</em></span> <span class='ocrx_word' id='word_1_566' title='bbox 2917 732 3295 803; x_wconf 81' lang='grc' dir='ltr'><em>ἐποιησάμην</em></span> <span class='ocrx_word' id='word_1_567' title='bbox 3322 731 3455 799; x_wconf 73' lang='grc' dir='ltr'><em>περὶ</em></span> 
     </span>
    </p>
   </div>
   <div class='ocr_carea' id='block_1_73' title="bbox 1885 812 3458 888">
    <p class='ocr_par' dir='ltr' id='par_1_73' title="bbox 1885 812 3458 888">
     <span class='ocr_line' id='line_1_73' title="bbox 1885 812 3458 888; baseline -0.003 -18"><span class='ocrx_word' id='word_1_568' title='bbox 1885 817 2146 881; x_wconf 84' lang='grc' dir='ltr'><em>πάντων,</em></span> <span class='ocrx_word' id='word_1_569' title='bbox 2170 813 2217 872; x_wconf 82' lang='grc' dir='ltr'><em>ὦ</em></span> <span class='ocrx_word' id='word_1_570' title='bbox 2247 819 2514 888; x_wconf 75' lang='grc' dir='ltr'><em>Θεόφιλε,</em></span> <span class='ocrx_word' id='word_1_571' title='bbox 2541 812 2630 871; x_wconf 83' lang='grc' dir='ltr'><em>ὧν</em></span> <span class='ocrx_word' id='word_1_572' title='bbox 2655 817 2878 885; x_wconf 78' lang='grc' dir='ltr'><em>ἤρξατο</em></span> <span class='ocrx_word' id='word_1_573' title='bbox 2903 821 2934 872; x_wconf 87' lang='grc' dir='ltr'><em>ό</em></span> <span class='ocrx_word' id='word_1_574' title='bbox 2987 817 3215 885; x_wconf 83' lang='grc' dir='ltr'><em>Ἰησοῦς</em></span> <span class='ocrx_word' id='word_1_575' title='bbox 3265 813 3458 870; x_wconf 80' lang='grc' dir='ltr'><em>ποιεῖν</em></span> 
     </span>
    </p>
   </div>
   <div class='ocr_carea' id='block_1_74' title="bbox 1885 897 3452 968">
    <p class='ocr_par' dir='ltr' id='par_1_74' title="bbox 1885 897 3452 968">
     <span class='ocr_line' id='line_1_74' title="bbox 1885 897 3452 968; baseline -0.002 -15"><span class='ocrx_word' id='word_1_576' title='bbox 1885 918 1948 954; x_wconf 89' lang='grc' dir='ltr'><em>τε</em></span> <span class='ocrx_word' id='word_1_577' title='bbox 1986 901 2085 954; x_wconf 75' lang='grc' dir='ltr'><em>καὶ</em></span> <span class='ocrx_word' id='word_1_578' title='bbox 2135 899 2464 954; x_wconf 81' lang='grc' dir='ltr'><em>διδάσκειν.</em></span> <span class='ocrx_word' id='word_1_579' title='bbox 2498 898 2620 962; x_wconf 86' lang='grc' dir='ltr'><em>Πῶς</em></span> <span class='ocrx_word' id='word_1_580' title='bbox 2655 899 2842 968; x_wconf 82' lang='grc' dir='ltr'><em>ἔμελλε</em></span> <span class='ocrx_word' id='word_1_581' title='bbox 2870 900 3138 954; x_wconf 82' lang='grc' dir='ltr'><em>διδάσκειν</em></span> <span class='ocrx_word' id='word_1_582' title='bbox 3176 901 3204 953; x_wconf 94' lang='lat'><em>6</em></span> <span class='ocrx_word' id='word_1_583' title='bbox 3242 897 3452 967; x_wconf 86' lang='grc' dir='ltr'><em>Σωτὴρ,</em></span> 
     </span>
    </p>
   </div>
   <div class='ocr_carea' id='block_1_75' title="bbox 1884 979 3455 1053">
    <p class='ocr_par' dir='ltr' id='par_1_75' title="bbox 1884 979 3455 1053">
     <span class='ocr_line' id='line_1_75' title="bbox 1884 979 3455 1053; baseline -0.004 -18"><span class='ocrx_word' id='word_1_584' title='bbox 1884 983 1964 1035; x_wconf 83' lang='grc' dir='ltr'><em>ὅτι</em></span> <span class='ocrx_word' id='word_1_585' title='bbox 2000 983 2232 1052; x_wconf 83' lang='grc' dir='ltr'><em>ποιητής</em></span> <span class='ocrx_word' id='word_1_586' title='bbox 2256 983 2372 1036; x_wconf 89' lang='grc' dir='ltr'><em>ἐστι</em></span> <span class='ocrx_word' id='word_1_587' title='bbox 2403 982 2494 1036; x_wconf 89' lang='grc' dir='ltr'><em>τοῦ</em></span> <span class='ocrx_word' id='word_1_588' title='bbox 2549 983 2786 1050; x_wconf 88' lang='grc' dir='ltr'><em>κόσμου;</em></span> <span class='ocrx_word' id='word_1_589' title='bbox 2825 983 2888 1034; x_wconf 75' lang='lat' dir='ltr'><strong>El</strong></span> <span class='ocrx_word' id='word_1_590' title='bbox 2922 983 2995 1053; x_wconf 86' lang='grc' dir='ltr'><em>μὴ</em></span> <span class='ocrx_word' id='word_1_591' title='bbox 3027 982 3135 1052; x_wconf 83' lang='grc' dir='ltr'><em>γὰρ</em></span> <span class='ocrx_word' id='word_1_592' title='bbox 3159 993 3180 1020; x_wconf 79' lang='grc' dir='ltr'><strong>ο</strong></span> <span class='ocrx_word' id='word_1_593' title='bbox 3224 979 3455 1048; x_wconf 81' lang='grc' dir='ltr'><em>ἐφώτισε</em></span> 
     </span>
    </p>
   </div>
   <div class='ocr_carea' id='block_1_76' title="bbox 1882 1062 3453 1136">
    <p class='ocr_par' dir='ltr' id='par_1_76' title="bbox 1882 1062 3453 1136">
     <span class='ocr_line' id='line_1_76' title="bbox 1882 1062 3453 1136; baseline -0.003 -19"><span class='ocrx_word' id='word_1_594' title='bbox 1882 1066 2010 1127; x_wconf 82' lang='grc' dir='ltr'><em>τοὺς</em></span> <span class='ocrx_word' id='word_1_595' title='bbox 2063 1065 2372 1136; x_wconf 76' lang='grc' dir='ltr'><em>ὀφθαλμοὺς</em></span> <span class='ocrx_word' id='word_1_596' title='bbox 2428 1062 2523 1119; x_wconf 89' lang='grc' dir='ltr'><em>τοῦ</em></span> <span class='ocrx_word' id='word_1_597' title='bbox 2581 1063 2812 1133; x_wconf 86' lang='grc' dir='ltr'><em>τυφλοῦ,</em></span> <span class='ocrx_word' id='word_1_598' title='bbox 2871 1066 2971 1118; x_wconf 80' lang='grc' dir='ltr'><em>οὐκ</em></span> <span class='ocrx_word' id='word_1_599' title='bbox 3031 1064 3097 1118; x_wconf 82' lang='grc' dir='ltr'><em>ἂν</em></span> <span class='ocrx_word' id='word_1_600' title='bbox 3162 1062 3453 1130; x_wconf 82' lang='grc' dir='ltr'><em>ἐπιστεύθη</em></span> 
     </span>
    </p>
   </div>
   <div class='ocr_carea' id='block_1_77' title="bbox 1885 1145 3455 1218">
    <p class='ocr_par' dir='ltr' id='par_1_77' title="bbox 1885 1145 3455 1218">
     <span class='ocr_line' id='line_1_77' title="bbox 1885 1145 3455 1218; baseline -0.006 -13"><span class='ocrx_word' id='word_1_601' title='bbox 1885 1146 2092 1214; x_wconf 80' lang='grc' dir='ltr'><em>λέγων·</em></span> <span class='ocrx_word' id='word_1_602' title='bbox 2135 1147 2282 1218; x_wconf 79' lang='grc' dir='ltr'><em>Ἐγώ</em></span> <span class='ocrx_word' id='word_1_603' title='bbox 2332 1151 2446 1217; x_wconf 76' lang='grc' dir='ltr'><em>ειμι</em></span> <span class='ocrx_word' id='word_1_604' title='bbox 2491 1147 2559 1201; x_wconf 83' lang='grc' dir='ltr'><em>τὸ</em></span> <span class='ocrx_word' id='word_1_605' title='bbox 2618 1148 2743 1217; x_wconf 73' lang='grc' dir='ltr'><em>φῶς</em></span> <span class='ocrx_word' id='word_1_606' title='bbox 2791 1147 2898 1201; x_wconf 86' lang='grc' dir='ltr'><em>τοῦ</em></span> <span class='ocrx_word' id='word_1_607' title='bbox 2953 1149 3204 1215; x_wconf 82' lang='grc' dir='ltr'><em>κόσμου.</em></span> <span class='ocrx_word' id='word_1_608' title='bbox 3261 1146 3322 1197; x_wconf 80' lang='grc' dir='ltr'><strong>Εἰ</strong></span> <span class='ocrx_word' id='word_1_609' title='bbox 3381 1145 3455 1215; x_wconf 84' lang='grc' dir='ltr'><em>μὴ</em></span> 
     </span>
    </p>
   </div>
   <div class='ocr_carea' id='block_1_78' title="bbox 1885 1227 3456 1303">
    <p class='ocr_par' dir='ltr' id='par_1_78' title="bbox 1885 1227 3456 1303">
     <span class='ocr_line' id='line_1_78' title="bbox 1885 1227 3456 1303; baseline -0.004 -20"><span class='ocrx_word' id='word_1_610' title='bbox 1885 1230 2074 1301; x_wconf 82' lang='grc' dir='ltr'><em>ἦγειρε</em></span> <span class='ocrx_word' id='word_1_611' title='bbox 2092 1231 2362 1303; x_wconf 78' lang='grc' dir='ltr'><em>Λάζαρον,</em></span> <span class='ocrx_word' id='word_1_612' title='bbox 2394 1232 2493 1285; x_wconf 83' lang='grc' dir='ltr'><em>οὐκ</em></span> <span class='ocrx_word' id='word_1_613' title='bbox 2533 1231 2596 1284; x_wconf 85' lang='grc' dir='ltr'>ἂν</span> <span class='ocrx_word' id='word_1_614' title='bbox 2626 1231 2949 1284; x_wconf 79' lang='grc' dir='ltr'><em>ἐπίστευσαν</em></span> <span class='ocrx_word' id='word_1_615' title='bbox 2976 1231 3022 1282; x_wconf 79' lang='grc' dir='ltr'>οἱ</span> <span class='ocrx_word' id='word_1_616' title='bbox 3055 1227 3339 1290; x_wconf 84' lang='grc' dir='ltr'><em>ἀκούοντες</em></span> <span class='ocrx_word' id='word_1_617' title='bbox 3367 1227 3456 1278; x_wconf 90' lang='grc' dir='ltr'><em>λέ-</em></span> 
     </span>
    </p>
   </div>
   <div class='ocr_carea' id='block_1_79' title="bbox 1887 1309 3455 1384">
    <p class='ocr_par' dir='ltr' id='par_1_79' title="bbox 1887 1309 3455 1384">
     <span class='ocr_line' id='line_1_79' title="bbox 1887 1309 3455 1384; baseline 0.003 -27"><span class='ocrx_word' id='word_1_618' title='bbox 1887 1329 2066 1379; x_wconf 78' lang='grc' dir='ltr'><em>γοντιο</em></span> <span class='ocrx_word' id='word_1_619' title='bbox 2125 1313 2270 1382; x_wconf 79' lang='grc' dir='ltr'><em>Ἐγώ</em></span> <span class='ocrx_word' id='word_1_620' title='bbox 2297 1315 2412 1384; x_wconf 73' lang='grc' dir='ltr'><em>εἰμι</em></span> <span class='ocrx_word' id='word_1_621' title='bbox 2462 1315 2499 1382; x_wconf 73' lang='grc' dir='ltr'>ἡ</span> <span class='ocrx_word' id='word_1_622' title='bbox 2543 1311 2652 1380; x_wconf 78' lang='grc' dir='ltr'><em>ζωὴ</em></span> <span class='ocrx_word' id='word_1_623' title='bbox 2693 1312 2790 1366; x_wconf 78' lang='grc' dir='ltr'><em>καὶ</em></span> <span class='ocrx_word' id='word_1_624' title='bbox 2818 1312 2856 1378; x_wconf 74' lang='grc' dir='ltr'><strong><em>ἠ</em></strong></span> <span class='ocrx_word' id='word_1_625' title='bbox 2904 1311 3256 1376; x_wconf 82' lang='grc' dir='ltr'><em>ἀνάστασις.</em></span> <span class='ocrx_word' id='word_1_626' title='bbox 3283 1310 3345 1362; x_wconf 69' lang='lat' dir='ltr'><em>El</em></span> <span class='ocrx_word' id='word_1_627' title='bbox 3381 1309 3455 1379; x_wconf 83' lang='grc' dir='ltr'><em>μὴ</em></span> 
     </span>
    </p>
   </div>
   <div class='ocr_carea' id='block_1_80' title="bbox 1888 1392 3456 1467">
    <p class='ocr_par' dir='ltr' id='par_1_80' title="bbox 1888 1392 3456 1467">
     <span class='ocr_line' id='line_1_80' title="bbox 1888 1392 3456 1467; baseline -0.001 -22"><span class='ocrx_word' id='word_1_628' title='bbox 1888 1394 2097 1458; x_wconf 88' lang='grc' dir='ltr'><em>πτύσας</em></span> <span class='ocrx_word' id='word_1_629' title='bbox 2136 1397 2217 1460; x_wconf 84' lang='grc' dir='ltr'><em>είς</em></span> <span class='ocrx_word' id='word_1_630' title='bbox 2256 1397 2354 1467; x_wconf 89' lang='grc' dir='ltr'><em>τὴν</em></span> <span class='ocrx_word' id='word_1_631' title='bbox 2391 1397 2493 1466; x_wconf 91' lang='grc' dir='ltr'><em>γῆν</em></span> <span class='ocrx_word' id='word_1_632' title='bbox 2538 1395 2757 1466; x_wconf 89' lang='grc' dir='ltr'><em>ἐποίησε</em></span> <span class='ocrx_word' id='word_1_633' title='bbox 2789 1395 2976 1466; x_wconf 83' lang='grc' dir='ltr'><em>πηλὸν,</em></span> <span class='ocrx_word' id='word_1_634' title='bbox 3021 1394 3116 1446; x_wconf 60' lang='grc' dir='ltr'><em>καὶ⁵</em></span> <span class='ocrx_word' id='word_1_635' title='bbox 3159 1393 3339 1465; x_wconf 80' lang='grc' dir='ltr'><em>ἔχρισε</em></span> <span class='ocrx_word' id='word_1_636' title='bbox 3367 1392 3456 1444; x_wconf 85' lang='grc' dir='ltr'><em>τὸν</em></span> 
     </span>
    </p>
   </div>
   <div class='ocr_carea' id='block_1_81' title="bbox 1886 1473 3456 1548">
    <p class='ocr_par' dir='ltr' id='par_1_81' title="bbox 1886 1473 3456 1548">
     <span class='ocr_line' id='line_1_81' title="bbox 1886 1473 3456 1548; baseline -0.001 -20"><span class='ocrx_word' id='word_1_637' title='bbox 1886 1477 2081 1544; x_wconf 85' lang='grc' dir='ltr'><em>τυφλὸν</em></span> <span class='ocrx_word' id='word_1_638' title='bbox 2101 1517 2116 1539; x_wconf 90' lang='grc'><em>,</em></span> <span class='ocrx_word' id='word_1_639' title='bbox 2149 1481 2247 1531; x_wconf 84' lang='grc' dir='ltr'><em>οὐκ</em></span> <span class='ocrx_word' id='word_1_640' title='bbox 2275 1478 2339 1532; x_wconf 84' lang='grc' dir='ltr'><em>ἂν</em></span> <span class='ocrx_word' id='word_1_641' title='bbox 2381 1478 2694 1548; x_wconf 85' lang='grc' dir='ltr'><em>ἐπιστεύθη,</em></span> <span class='ocrx_word' id='word_1_642' title='bbox 2721 1478 2801 1531; x_wconf 84' lang='grc' dir='ltr'><em>ὅτι</em></span> <span class='ocrx_word' id='word_1_643' title='bbox 2841 1477 2999 1539; x_wconf 79' lang='grc' dir='ltr'><em>αὐτός</em></span> <span class='ocrx_word' id='word_1_644' title='bbox 3037 1480 3181 1530; x_wconf 84' lang='grc' dir='ltr'><em>ἐστιν</em></span> <span class='ocrx_word' id='word_1_645' title='bbox 3219 1477 3247 1528; x_wconf 89' lang='lat'><em>6</em></span> <span class='ocrx_word' id='word_1_646' title='bbox 3278 1473 3456 1527; x_wconf 84' lang='grc' dir='ltr'><em>λαϐὼν</em></span> 
     </span>
    </p>
   </div>
   <div class='ocr_carea' id='block_1_82' title="bbox 1886 1555 3457 1630">
    <p class='ocr_par' dir='ltr' id='par_1_82' title="bbox 1886 1555 3457 1630">
     <span class='ocr_line' id='line_1_82' title="bbox 1886 1555 3457 1630; baseline -0.002 -20"><span class='ocrx_word' id='word_1_647' title='bbox 1886 1557 2016 1628; x_wconf 91' lang='grc' dir='ltr'><em>χοῦν</em></span> <span class='ocrx_word' id='word_1_648' title='bbox 2045 1559 2152 1612; x_wconf 88' lang='grc' dir='ltr'><em>άπὸ</em></span> <span class='ocrx_word' id='word_1_649' title='bbox 2182 1561 2279 1630; x_wconf 86' lang='grc' dir='ltr'><em>τῆς</em></span> <span class='ocrx_word' id='word_1_650' title='bbox 2308 1560 2412 1629; x_wconf 88' lang='grc' dir='ltr'><em>γῆς</em></span> <span class='ocrx_word' id='word_1_651' title='bbox 2440 1561 2533 1613; x_wconf 72' lang='grc' dir='ltr'><em>καὶ</em></span> <span class='ocrx_word' id='word_1_652' title='bbox 2557 1560 2765 1623; x_wconf 86' lang='grc' dir='ltr'><em>πλάσας</em></span> <span class='ocrx_word' id='word_1_653' title='bbox 2788 1560 2879 1612; x_wconf 91' lang='grc' dir='ltr'><em>τὸν</em></span> <span class='ocrx_word' id='word_1_654' title='bbox 2909 1558 3094 1627; x_wconf 86' lang='grc' dir='ltr'><em>Ἀδάμ.</em></span> <span class='ocrx_word' id='word_1_655' title='bbox 3116 1559 3177 1610; x_wconf 78' lang='grc' dir='ltr'><strong>Εἰ</strong></span> <span class='ocrx_word' id='word_1_656' title='bbox 3209 1555 3281 1626; x_wconf 83' lang='grc' dir='ltr'><em>μὴ</em></span> <span class='ocrx_word' id='word_1_657' title='bbox 3307 1573 3457 1626; x_wconf 83' lang='grc' dir='ltr'><em>περι-</em></span> 
     </span>
    </p>
   </div>
   <div class='ocr_carea' id='block_1_83' title="bbox 1886 1640 3452 1712">
    <p class='ocr_par' dir='ltr' id='par_1_83' title="bbox 1886 1640 3452 1712">
     <span class='ocr_line' id='line_1_83' title="bbox 1886 1640 3452 1712; baseline -0.003 -18"><span class='ocrx_word' id='word_1_658' title='bbox 1886 1642 2155 1710; x_wconf 88' lang='grc' dir='ltr'><em>επάτησεν</em></span> <span class='ocrx_word' id='word_1_659' title='bbox 2188 1644 2279 1695; x_wconf 74' lang='grc' dir='ltr'><em>ἐπὶ</em></span> <span class='ocrx_word' id='word_1_660' title='bbox 2310 1643 2406 1712; x_wconf 91' lang='grc' dir='ltr'><em>τῆς</em></span> <span class='ocrx_word' id='word_1_661' title='bbox 2433 1643 2726 1712; x_wconf 81' lang='grc' dir='ltr'><em>θαλάσσης,</em></span> <span class='ocrx_word' id='word_1_662' title='bbox 2766 1643 2864 1695; x_wconf 82' lang='grc' dir='ltr'><em>οὐκ</em></span> <span class='ocrx_word' id='word_1_663' title='bbox 2894 1644 2959 1695; x_wconf 85' lang='grc' dir='ltr'><em>ἂν</em></span> <span class='ocrx_word' id='word_1_664' title='bbox 2985 1643 3152 1711; x_wconf 85' lang='grc' dir='ltr'><em>ἐφάνη</em></span> <span class='ocrx_word' id='word_1_665' title='bbox 3183 1640 3452 1708; x_wconf 84' lang='grc' dir='ltr'><em>Δεσπότης</em></span> 
     </span>
    </p>
   </div>
   <div class='ocr_carea' id='block_1_84' title="bbox 1885 1721 3454 1794">
    <p class='ocr_par' dir='ltr' id='par_1_84' title="bbox 1885 1721 3454 1794">
     <span class='ocr_line' id='line_1_84' title="bbox 1885 1721 3454 1794; baseline -0.002 -18"><span class='ocrx_word' id='word_1_666' title='bbox 1885 1727 1982 1793; x_wconf 83' lang='grc' dir='ltr'><em>τῆς</em></span> <span class='ocrx_word' id='word_1_667' title='bbox 2007 1725 2299 1794; x_wconf 80' lang='grc' dir='ltr'><em>θαλάσσης.</em></span> <span class='ocrx_word' id='word_1_668' title='bbox 2360 1725 2420 1778; x_wconf 78' lang='grc' dir='ltr'>Εἰ</span> <span class='ocrx_word' id='word_1_669' title='bbox 2456 1725 2529 1794; x_wconf 88' lang='grc' dir='ltr'><em>μὴ</em></span> <span class='ocrx_word' id='word_1_670' title='bbox 2561 1725 2858 1794; x_wconf 86' lang='grc' dir='ltr'><em>ἐπετίμησε</em></span> <span class='ocrx_word' id='word_1_671' title='bbox 2891 1723 2966 1792; x_wconf 81' lang='grc' dir='ltr'><em>τῷ</em></span> <span class='ocrx_word' id='word_1_672' title='bbox 2999 1724 3201 1792; x_wconf 85' lang='grc' dir='ltr'><em>ἀνέμῳ,</em></span> <span class='ocrx_word' id='word_1_673' title='bbox 3242 1722 3340 1774; x_wconf 85' lang='grc' dir='ltr'><em>οὐκ</em></span> <span class='ocrx_word' id='word_1_674' title='bbox 3389 1721 3454 1774; x_wconf 82' lang='grc' dir='ltr'><em>ἂν</em></span> 
     </span>
    </p>
   </div>
   <div class='ocr_carea' id='block_1_85' title="bbox 1886 1803 3455 1878">
    <p class='ocr_par' dir='ltr' id='par_1_85' title="bbox 1886 1803 3455 1878">
     <span class='ocr_line' id='line_1_85' title="bbox 1886 1803 3455 1878; baseline -0.003 -19"><span class='ocrx_word' id='word_1_675' title='bbox 1886 1807 2100 1877; x_wconf 78' lang='grc' dir='ltr'><em>ἐδείχθη</em></span> <span class='ocrx_word' id='word_1_676' title='bbox 2147 1807 2423 1878; x_wconf 86' lang='grc' dir='ltr'><em>Δεσπότης</em></span> <span class='ocrx_word' id='word_1_677' title='bbox 2448 1808 2553 1860; x_wconf 81' lang='grc' dir='ltr'><em>τῶν</em></span> <span class='ocrx_word' id='word_1_678' title='bbox 2582 1808 2816 1877; x_wconf 81' lang='grc' dir='ltr'><em>ἀνέμων.</em></span> <span class='ocrx_word' id='word_1_679' title='bbox 2846 1804 2945 1858; x_wconf 86' lang='grc' dir='ltr'><em>Διὰ</em></span> <span class='ocrx_word' id='word_1_680' title='bbox 2982 1805 3137 1858; x_wconf 89' lang='grc' dir='ltr'><em>τοῦτο</em></span> <span class='ocrx_word' id='word_1_681' title='bbox 3174 1803 3455 1873; x_wconf 84' lang='grc' dir='ltr'><em>ἄνθρωπος</em></span> 
     </span>
    </p>
   </div>
   <div class='ocr_carea' id='block_1_86' title="bbox 1889 1884 3454 1959">
    <p class='ocr_par' dir='ltr' id='par_1_86' title="bbox 1889 1884 3454 1959">
     <span class='ocr_line' id='line_1_86' title="bbox 1889 1884 3454 1959; baseline -0.003 -18"><span class='ocrx_word' id='word_1_682' title='bbox 1889 1890 1985 1959; x_wconf 89' lang='grc' dir='ltr'><em>μὲν</em></span> <span class='ocrx_word' id='word_1_683' title='bbox 2017 1885 2084 1959; x_wconf 85' lang='grc' dir='ltr'><em>ἦν</em></span> <span class='ocrx_word' id='word_1_684' title='bbox 2114 1890 2453 1958; x_wconf 82' lang='grc' dir='ltr'><em>φαινόμενος,</em></span> <span class='ocrx_word' id='word_1_685' title='bbox 2490 1891 2577 1943; x_wconf 90' lang='lat'><em>6:6</em></span> <span class='ocrx_word' id='word_1_686' title='bbox 2626 1890 2680 1942; x_wconf 83' lang='grc' dir='ltr'><em>δὲ</em></span> <span class='ocrx_word' id='word_1_687' title='bbox 2719 1888 2826 1941; x_wconf 79' lang='grc' dir='ltr'><em>τῶν</em></span> <span class='ocrx_word' id='word_1_688' title='bbox 2861 1888 3150 1958; x_wconf 86' lang='grc' dir='ltr'><em>θαυμάτων</em></span> <span class='ocrx_word' id='word_1_689' title='bbox 3197 1886 3272 1947; x_wconf 86' lang='grc' dir='ltr'><em>ὡς</em></span> <span class='ocrx_word' id='word_1_690' title='bbox 3324 1884 3454 1948; x_wconf 83' lang='grc' dir='ltr'><em>Θεὸς</em></span> 
     </span>
    </p>
   </div>
   <div class='ocr_carea' id='block_1_87' title="bbox 1884 1966 3456 2041">
    <p class='ocr_par' dir='ltr' id='par_1_87' title="bbox 1884 1966 3456 2041">
     <span class='ocr_line' id='line_1_87' title="bbox 1884 1966 3456 2041; baseline -0.001 -19"><span class='ocrx_word' id='word_1_691' title='bbox 1884 1972 2280 2041; x_wconf 77' lang='grc' dir='ltr'><em>γνωριζόμενος</em></span> <span class='ocrx_word' id='word_1_692' title='bbox 2314 1973 2406 2025; x_wconf 80' lang='grc' dir='ltr'><em>καὶ</em></span> <span class='ocrx_word' id='word_1_693' title='bbox 2449 1971 2818 2041; x_wconf 78' lang='grc' dir='ltr'><em>δοξαζόμενος.</em></span> <span class='ocrx_word' id='word_1_694' title='bbox 2885 1971 2943 2022; x_wconf 85' lang='lat'><em>&#39;0</em></span> <span class='ocrx_word' id='word_1_695' title='bbox 2975 1970 3163 2039; x_wconf 87' lang='grc' dir='ltr'><em>Σωτὴρ</em></span> <span class='ocrx_word' id='word_1_696' title='bbox 3211 1966 3340 2036; x_wconf 83' lang='grc' dir='ltr'><em>γοῦν</em></span> <span class='ocrx_word' id='word_1_697' title='bbox 3370 1969 3456 2033; x_wconf 80' lang='grc' dir='ltr'><em>ἐξ·</em></span> 
     </span>
    </p>
   </div>
   <div class='ocr_carea' id='block_1_88' title="bbox 1885 2051 3456 2125">
    <p class='ocr_par' dir='ltr' id='par_1_88' title="bbox 1885 2051 3456 2125">
     <span class='ocr_line' id='line_1_88' title="bbox 1885 2051 3456 2125; baseline -0.002 -20"><span class='ocrx_word' id='word_1_698' title='bbox 1885 2053 2115 2124; x_wconf 87' lang='grc' dir='ltr'><em>έπληττε</em></span> <span class='ocrx_word' id='word_1_699' title='bbox 2144 2055 2270 2118; x_wconf 85' lang='grc' dir='ltr'><em>τοὺς</em></span> <span class='ocrx_word' id='word_1_700' title='bbox 2305 2055 2574 2125; x_wconf 82' lang='grc' dir='ltr'><em>μαθητάς,</em></span> <span class='ocrx_word' id='word_1_701' title='bbox 2615 2057 2707 2108; x_wconf 75' lang='grc' dir='ltr'><em>καὶ</em></span> <span class='ocrx_word' id='word_1_702' title='bbox 2737 2054 2919 2121; x_wconf 83' lang='grc' dir='ltr'><em>ἐλεγον</em></span> <span class='ocrx_word' id='word_1_703' title='bbox 2943 2071 2956 2085; x_wconf 87' lang='grc'>·</span> <span class='ocrx_word' id='word_1_704' title='bbox 2989 2054 3262 2116; x_wconf 85' lang='grc' dir='ltr'><em>Ποταπός</em></span> <span class='ocrx_word' id='word_1_705' title='bbox 3286 2051 3456 2103; x_wconf 82' lang='grc' dir='ltr'><em>ἐστιν</em></span> 
     </span>
    </p>
   </div>
   <div class='ocr_carea' id='block_1_89' title="bbox 1885 2132 3456 2206">
    <p class='ocr_par' dir='ltr' id='par_1_89' title="bbox 1885 2132 3456 2206">
     <span class='ocr_line' id='line_1_89' title="bbox 1885 2132 3456 2206; baseline -0.004 -15"><span class='ocrx_word' id='word_1_706' title='bbox 1885 2132 2081 2202; x_wconf 86' lang='grc' dir='ltr'><em>οὗτος,</em></span> <span class='ocrx_word' id='word_1_707' title='bbox 2118 2136 2206 2190; x_wconf 87' lang='grc' dir='ltr'><em>ὅτι</em></span> <span class='ocrx_word' id='word_1_708' title='bbox 2229 2139 2283 2190; x_wconf 80' lang='grc' dir='ltr'><em>οἱ</em></span> <span class='ocrx_word' id='word_1_709' title='bbox 2316 2137 2519 2206; x_wconf 78' lang='grc' dir='ltr'><em>ἄνεμοι</em></span> <span class='ocrx_word' id='word_1_710' title='bbox 2543 2137 2640 2193; x_wconf 77' lang='grc' dir='ltr'><em>καὶ</em></span> <span class='ocrx_word' id='word_1_711' title='bbox 2669 2139 2707 2205; x_wconf 75' lang='grc' dir='ltr'><strong><em>ἠ</em></strong></span> <span class='ocrx_word' id='word_1_712' title='bbox 2735 2137 3017 2191; x_wconf 78' lang='grc' dir='ltr'><em>θάλασσα</em></span> <span class='ocrx_word' id='word_1_713' title='bbox 3041 2135 3456 2189; x_wconf 82' lang='grc' dir='ltr'><em>ὑπακούουσιν</em></span> 
     </span>
    </p>
   </div>
   <div class='ocr_carea' id='block_1_90' title="bbox 1885 2214 3455 2290">
    <p class='ocr_par' dir='ltr' id='par_1_90' title="bbox 1885 2214 3455 2290">
     <span class='ocr_line' id='line_1_90' title="bbox 1885 2214 3455 2290; baseline -0.004 -18"><span class='ocrx_word' id='word_1_714' title='bbox 1885 2218 2072 2284; x_wconf 80' lang='grc' dir='ltr'><em>αὑτῷ;</em></span> <span class='ocrx_word' id='word_1_715' title='bbox 2101 2220 2307 2286; x_wconf 81' lang='grc' dir='ltr'><em>Ἕδειξε</em></span> <span class='ocrx_word' id='word_1_716' title='bbox 2354 2219 2569 2290; x_wconf 83' lang='grc' dir='ltr'><em>πρῶτον</em></span> <span class='ocrx_word' id='word_1_717' title='bbox 2596 2218 2937 2272; x_wconf 86' lang='grc' dir='ltr'><em>ὑπακούοντα</em></span> <span class='ocrx_word' id='word_1_718' title='bbox 2967 2218 3033 2270; x_wconf 83' lang='grc' dir='ltr'><em>τὰ</em></span> <span class='ocrx_word' id='word_1_719' title='bbox 3062 2219 3298 2286; x_wconf 83' lang='grc' dir='ltr'><em>στοιχεῖα</em></span> <span class='ocrx_word' id='word_1_720' title='bbox 3317 2257 3331 2279; x_wconf 97' lang='grc'><em>,</em></span> <span class='ocrx_word' id='word_1_721' title='bbox 3361 2214 3455 2268; x_wconf 80' lang='grc' dir='ltr'><em>καὶ</em></span> 
     </span>
    </p>
   </div>
   <div class='ocr_carea' id='block_1_91' title="bbox 1885 2297 3454 2374">
    <p class='ocr_par' dir='ltr' id='par_1_91' title="bbox 1885 2297 3454 2374">
     <span class='ocr_line' id='line_1_91' title="bbox 1885 2297 3454 2374; baseline -0.004 -18"><span class='ocrx_word' id='word_1_722' title='bbox 1885 2303 2002 2356; x_wconf 86' lang='grc' dir='ltr'><em>τότε</em></span> <span class='ocrx_word' id='word_1_723' title='bbox 2035 2304 2340 2374; x_wconf 82' lang='grc' dir='ltr'><em>ἡρμήνευσε</em></span> <span class='ocrx_word' id='word_1_724' title='bbox 2380 2302 2467 2356; x_wconf 84' lang='grc' dir='ltr'><em>διὰ</em></span> <span class='ocrx_word' id='word_1_725' title='bbox 2495 2302 2601 2355; x_wconf 84' lang='grc' dir='ltr'><em>τῶν</em></span> <span class='ocrx_word' id='word_1_726' title='bbox 2636 2302 2830 2372; x_wconf 83' lang='grc' dir='ltr'><em>ἔργων,</em></span> <span class='ocrx_word' id='word_1_727' title='bbox 2875 2303 2951 2354; x_wconf 80' lang='grc' dir='ltr'><em>ὅτι</em></span> <span class='ocrx_word' id='word_1_728' title='bbox 2989 2299 3162 2352; x_wconf 89' lang='grc' dir='ltr'><em>πάντα</em></span> <span class='ocrx_word' id='word_1_729' title='bbox 3188 2299 3254 2351; x_wconf 81' lang='grc' dir='ltr'><em>δι’</em></span> <span class='ocrx_word' id='word_1_730' title='bbox 3289 2297 3454 2350; x_wconf 77' lang='grc' dir='ltr'><em>αὑτοῦ</em></span> 
     </span>
    </p>
   </div>
   <div class='ocr_carea' id='block_1_92' title="bbox 1883 2381 3452 2457">
    <p class='ocr_par' dir='ltr' id='par_1_92' title="bbox 1883 2381 3452 2457">
     <span class='ocr_line' id='line_1_92' title="bbox 1883 2381 3452 2457; baseline -0.002 -19"><span class='ocrx_word' id='word_1_731' title='bbox 1883 2386 2116 2454; x_wconf 88' lang='grc' dir='ltr'><em>ἐγένετο.</em></span> <span class='ocrx_word' id='word_1_732' title='bbox 2155 2385 2360 2451; x_wconf 77' lang='grc' dir='ltr'><em>Ἕδειξε</em></span> <span class='ocrx_word' id='word_1_733' title='bbox 2396 2386 2609 2457; x_wconf 87' lang='grc' dir='ltr'><em>πρῶτον</em></span> <span class='ocrx_word' id='word_1_734' title='bbox 2632 2386 2990 2439; x_wconf 85' lang='grc' dir='ltr'><em>ὑπακούοντα.</em></span> <span class='ocrx_word' id='word_1_735' title='bbox 3029 2384 3091 2436; x_wconf 73' lang='lat' dir='ltr'><em>El</em></span> <span class='ocrx_word' id='word_1_736' title='bbox 3125 2383 3198 2454; x_wconf 85' lang='grc' dir='ltr'><em>μὴ</em></span> <span class='ocrx_word' id='word_1_737' title='bbox 3236 2381 3452 2453; x_wconf 85' lang='grc' dir='ltr'><em>πρῶτον</em></span> 
     </span>
    </p>
   </div>
   <div class='ocr_carea' id='block_1_93' title="bbox 1881 2465 3454 2539">
    <p class='ocr_par' dir='ltr' id='par_1_93' title="bbox 1881 2465 3454 2539">
     <span class='ocr_line' id='line_1_93' title="bbox 1881 2465 3454 2539; baseline -0.003 -19"><span class='ocrx_word' id='word_1_738' title='bbox 1881 2470 2091 2538; x_wconf 81' lang='grc' dir='ltr'><em>ἐδείχθη</em></span> <span class='ocrx_word' id='word_1_739' title='bbox 2145 2471 2176 2539; x_wconf 84' lang='grc' dir='ltr'>ἡ</span> <span class='ocrx_word' id='word_1_740' title='bbox 2225 2469 2404 2533; x_wconf 88' lang='grc' dir='ltr'><em>κτίσις</em></span> <span class='ocrx_word' id='word_1_741' title='bbox 2454 2467 2831 2532; x_wconf 84' lang='grc' dir='ltr'><em>ὑπακούουσα,</em></span> <span class='ocrx_word' id='word_1_742' title='bbox 2871 2466 3021 2538; x_wconf 70' lang='grc'><strong>[447]</strong></span> <span class='ocrx_word' id='word_1_743' title='bbox 3066 2466 3164 2518; x_wconf 82' lang='grc' dir='ltr'><em>οὑκ</em></span> <span class='ocrx_word' id='word_1_744' title='bbox 3211 2465 3276 2517; x_wconf 87' lang='grc' dir='ltr'><em>ἂν</em></span> <span class='ocrx_word' id='word_1_745' title='bbox 3337 2466 3454 2517; x_wconf 86' lang='grc' dir='ltr'><em>ἐπι-</em></span> 
     </span>
    </p>
   </div>
   <div class='ocr_carea' id='block_1_94' title="bbox 1884 2548 3454 2622">
    <p class='ocr_par' dir='ltr' id='par_1_94' title="bbox 1884 2548 3454 2622">
     <span class='ocr_line' id='line_1_94' title="bbox 1884 2548 3454 2622; baseline -0.003 -18"><span class='ocrx_word' id='word_1_746' title='bbox 1884 2551 2078 2621; x_wconf 88' lang='grc' dir='ltr'><em>στεύθη</em></span> <span class='ocrx_word' id='word_1_747' title='bbox 2122 2552 2368 2622; x_wconf 86' lang='grc' dir='ltr'><em>Ἰωάννης</em></span> <span class='ocrx_word' id='word_1_748' title='bbox 2393 2555 2420 2606; x_wconf 93' lang='lat'><em>6</em></span> <span class='ocrx_word' id='word_1_749' title='bbox 2451 2551 2850 2620; x_wconf 84' lang='grc' dir='ltr'><em>Εὐαγγελιστὴς</em></span> <span class='ocrx_word' id='word_1_750' title='bbox 2896 2551 3095 2618; x_wconf 80' lang='grc' dir='ltr'><em>λέγων’</em></span> <span class='ocrx_word' id='word_1_751' title='bbox 3141 2551 3339 2602; x_wconf 78' lang='grc' dir='ltr'><em>Πάντα</em></span> <span class='ocrx_word' id='word_1_752' title='bbox 3381 2548 3454 2601; x_wconf 81' lang='grc' dir='ltr'><em>δι’</em></span> 
     </span>
    </p>
   </div>
   <div class='ocr_carea' id='block_1_95' title="bbox 1881 2631 3456 2702">
    <p class='ocr_par' dir='ltr' id='par_1_95' title="bbox 1881 2631 3456 2702">
     <span class='ocr_line' id='line_1_95' title="bbox 1881 2631 3456 2702; baseline -0.003 -16"><span class='ocrx_word' id='word_1_753' title='bbox 1881 2632 2066 2686; x_wconf 83' lang='grc' dir='ltr'><em>αὐτοῦ</em></span> <span class='ocrx_word' id='word_1_754' title='bbox 2096 2633 2348 2700; x_wconf 79' lang='grc' dir='ltr'><em>ἐγένετο.</em></span> <span class='ocrx_word' id='word_1_755' title='bbox 2381 2635 2506 2696; x_wconf 81' lang='grc' dir='ltr'><em>Πῶς</em></span> <span class='ocrx_word' id='word_1_756' title='bbox 2544 2633 2805 2702; x_wconf 72' lang='grc' dir='ltr'><em>ἠδύναντο</em></span> <span class='ocrx_word' id='word_1_757' title='bbox 2838 2633 2886 2684; x_wconf 81' lang='grc' dir='ltr'><em>οἱ</em></span> <span class='ocrx_word' id='word_1_758' title='bbox 2922 2631 3208 2685; x_wconf 77' lang='grc' dir='ltr'><em>ἀπόστολοι</em></span> <span class='ocrx_word' id='word_1_759' title='bbox 3235 2645 3456 2682; x_wconf 89' lang='grc' dir='ltr'><em>πιστευ-</em></span> 
     </span>
    </p>
   </div>
   <div class='ocr_carea' id='block_1_96' title="bbox 1883 2713 3453 2785">
    <p class='ocr_par' dir='ltr' id='par_1_96' title="bbox 1883 2713 3453 2785">
     <span class='ocr_line' id='line_1_96' title="bbox 1883 2713 3453 2785; baseline 0 -21"><span class='ocrx_word' id='word_1_760' title='bbox 1883 2713 2059 2782; x_wconf 87' lang='grc' dir='ltr'><em>θῆναι,</em></span> <span class='ocrx_word' id='word_1_761' title='bbox 2089 2714 2358 2785; x_wconf 83' lang='grc' dir='ltr'><em>ἰδιωτικὴν</em></span> <span class='ocrx_word' id='word_1_762' title='bbox 2380 2715 2590 2784; x_wconf 75' lang='grc' dir='ltr'><em>ἔχοντες</em></span> <span class='ocrx_word' id='word_1_763' title='bbox 2617 2714 2888 2782; x_wconf 85' lang='grc' dir='ltr'><em>γλῶσσαν,</em></span> <span class='ocrx_word' id='word_1_764' title='bbox 2921 2713 3298 2783; x_wconf 90' lang='grc' dir='ltr'><em>συνιστάμενοι</em></span> <span class='ocrx_word' id='word_1_765' title='bbox 3325 2713 3453 2782; x_wconf 76' lang='grc' dir='ltr'><em>περὶ</em></span> 
     </span>
    </p>
   </div>
   <div class='ocr_carea' id='block_1_97' title="bbox 1881 2797 3453 2871">
    <p class='ocr_par' dir='ltr' id='par_1_97' title="bbox 1881 2797 3453 2871">
     <span class='ocr_line' id='line_1_97' title="bbox 1881 2797 3453 2871; baseline 0 -21"><span class='ocrx_word' id='word_1_766' title='bbox 1881 2797 2015 2851; x_wconf 84' lang='grc' dir='ltr'><em>Θεοῦ</em></span> <span class='ocrx_word' id='word_1_767' title='bbox 2039 2798 2232 2866; x_wconf 88' lang='grc' dir='ltr'><em>Λόγου,</em></span> <span class='ocrx_word' id='word_1_768' title='bbox 2267 2800 2630 2870; x_wconf 89' lang='grc' dir='ltr'><em>Δημιουργοῦ,</em></span> <span class='ocrx_word' id='word_1_769' title='bbox 2666 2799 2936 2871; x_wconf 84' lang='grc' dir='ltr'><em>Σωτῆρος,</em></span> <span class='ocrx_word' id='word_1_770' title='bbox 2972 2799 3269 2866; x_wconf 88' lang='grc' dir='ltr'><em>πανσόφου,</em></span> <span class='ocrx_word' id='word_1_771' title='bbox 3310 2797 3453 2850; x_wconf 88' lang='grc' dir='ltr'><em>διδα-</em></span> 
     </span>
    </p>
   </div>
   <div class='ocr_carea' id='block_1_98' title="bbox 1883 2879 3455 2952">
    <p class='ocr_par' dir='ltr' id='par_1_98' title="bbox 1883 2879 3455 2952">
     <span class='ocr_line' id='line_1_98' title="bbox 1883 2879 3455 2952; baseline -0.002 -18"><span class='ocrx_word' id='word_1_772' title='bbox 1883 2881 2081 2934; x_wconf 86' lang='grc' dir='ltr'><em>σκάλου</em></span> <span class='ocrx_word' id='word_1_773' title='bbox 2103 2899 2117 2947; x_wconf 87' lang='grc'><strong>;</strong></span> <span class='ocrx_word' id='word_1_774' title='bbox 2158 2882 2368 2952; x_wconf 84' lang='grc' dir='ltr'><em>Ἀλλάή</em></span> <span class='ocrx_word' id='word_1_775' title='bbox 2399 2882 2616 2950; x_wconf 83' lang='grc' dir='ltr'><em>γλῶσσα</em></span> <span class='ocrx_word' id='word_1_776' title='bbox 2641 2883 2750 2935; x_wconf 84' lang='grc' dir='ltr'><em>τῶν</em></span> <span class='ocrx_word' id='word_1_777' title='bbox 2777 2881 3084 2934; x_wconf 78' lang='grc' dir='ltr'><em>ἀποστόλων</em></span> <span class='ocrx_word' id='word_1_778' title='bbox 3113 2882 3179 2932; x_wconf 79' lang='grc' dir='ltr'><em>τά</em></span> <span class='ocrx_word' id='word_1_779' title='bbox 3205 2879 3455 2949; x_wconf 87' lang='grc' dir='ltr'><em>θαύματα</em></span> 
     </span>
    </p>
   </div>
   <div class='ocr_carea' id='block_1_99' title="bbox 1879 2961 3451 3037">
    <p class='ocr_par' dir='ltr' id='par_1_99' title="bbox 1879 2961 3451 3037">
     <span class='ocr_line' id='line_1_99' title="bbox 1879 2961 3451 3037; baseline -0.001 -19"><span class='ocrx_word' id='word_1_780' title='bbox 1879 2961 1967 3036; x_wconf 81' lang='grc' dir='ltr'><em>ἦν·</em></span> <span class='ocrx_word' id='word_1_781' title='bbox 1999 2965 2059 3018; x_wconf 88' lang='grc' dir='ltr'><em>τὸ</em></span> <span class='ocrx_word' id='word_1_782' title='bbox 2100 2965 2274 3037; x_wconf 87' lang='grc' dir='ltr'><em>στόμα</em></span> <span class='ocrx_word' id='word_1_783' title='bbox 2300 2967 2407 3019; x_wconf 84' lang='grc' dir='ltr'><em>τῶν</em></span> <span class='ocrx_word' id='word_1_784' title='bbox 2438 2967 2749 3019; x_wconf 88' lang='grc' dir='ltr'><em>ἀποστόλων</em></span> <span class='ocrx_word' id='word_1_785' title='bbox 2773 2961 2840 3035; x_wconf 80' lang='grc' dir='ltr'><em>ἦν</em></span> <span class='ocrx_word' id='word_1_786' title='bbox 2870 2966 3059 3035; x_wconf 88' lang='grc' dir='ltr'><em>νεκρὸς</em></span> <span class='ocrx_word' id='word_1_787' title='bbox 3089 2965 3451 3034; x_wconf 86' lang='grc' dir='ltr'><em>ἐγειρόμενος,</em></span> 
     </span>
    </p>
   </div>
   <div class='ocr_carea' id='block_1_100' title="bbox 1880 3047 3450 3120">
    <p class='ocr_par' dir='ltr' id='par_1_100' title="bbox 1880 3047 3450 3120">
     <span class='ocr_line' id='line_1_100' title="bbox 1880 3047 3450 3120; baseline -0.002 -19"><span class='ocrx_word' id='word_1_788' title='bbox 1880 3048 2048 3120; x_wconf 88' lang='grc' dir='ltr'><em>χωλὸς</em></span> <span class='ocrx_word' id='word_1_789' title='bbox 2068 3048 2406 3120; x_wconf 82' lang='grc' dir='ltr'><em>περιπατῶν.</em></span> <span class='ocrx_word' id='word_1_790' title='bbox 2439 3049 2560 3102; x_wconf 89' lang='grc' dir='ltr'><em>Ὅτι</em></span> <span class='ocrx_word' id='word_1_791' title='bbox 2591 3048 2645 3100; x_wconf 80' lang='grc' dir='ltr'><em>δέ</em></span> <span class='ocrx_word' id='word_1_792' title='bbox 2674 3051 2784 3110; x_wconf 88' lang='grc' dir='ltr'><em>τοῖς</em></span> <span class='ocrx_word' id='word_1_793' title='bbox 2815 3047 3086 3117; x_wconf 88' lang='grc' dir='ltr'><em>θαύμασιν</em></span> <span class='ocrx_word' id='word_1_794' title='bbox 3113 3047 3392 3100; x_wconf 87' lang='grc' dir='ltr'><em>ἀκολουθεῖ</em></span> <span class='ocrx_word' id='word_1_795' title='bbox 3419 3051 3450 3115; x_wconf 79' lang='grc' dir='ltr'>ἡ</span> 
     </span>
    </p>
   </div>
   <div class='ocr_carea' id='block_1_101' title="bbox 1881 3129 3456 3204">
    <p class='ocr_par' dir='ltr' id='par_1_101' title="bbox 1881 3129 3456 3204">
     <span class='ocr_line' id='line_1_101' title="bbox 1881 3129 3456 3204; baseline -0.003 -19"><span class='ocrx_word' id='word_1_796' title='bbox 1881 3134 2081 3198; x_wconf 89' lang='grc' dir='ltr'><em>πίστις,</em></span> <span class='ocrx_word' id='word_1_797' title='bbox 2122 3135 2389 3204; x_wconf 79' lang='grc' dir='ltr'><em>μαρτυρεῖ</em></span> <span class='ocrx_word' id='word_1_798' title='bbox 2431 3133 2462 3203; x_wconf 85' lang='grc' dir='ltr'><em>ὴ</em></span> <span class='ocrx_word' id='word_1_799' title='bbox 2502 3131 2689 3202; x_wconf 85' lang='grc' dir='ltr'><em>Γραφὴ</em></span> <span class='ocrx_word' id='word_1_800' title='bbox 2733 3132 2991 3198; x_wconf 85' lang='grc' dir='ltr'><em>λέγουσα·</em></span> <span class='ocrx_word' id='word_1_801' title='bbox 3037 3131 3140 3184; x_wconf 82' lang='grc' dir='ltr'><em>Διὰ</em></span> <span class='ocrx_word' id='word_1_802' title='bbox 3185 3131 3292 3200; x_wconf 79' lang='grc' dir='ltr'><em>γὰρ</em></span> <span class='ocrx_word' id='word_1_803' title='bbox 3337 3129 3456 3182; x_wconf 85' lang='grc' dir='ltr'><em>τῶν</em></span> 
     </span>
    </p>
   </div>
   <div class='ocr_carea' id='block_1_102' title="bbox 1881 3214 3455 3284">
    <p class='ocr_par' dir='ltr' id='par_1_102' title="bbox 1881 3214 3455 3284">
     <span class='ocr_line' id='line_1_102' title="bbox 1881 3214 3455 3284; baseline -0.003 -15"><span class='ocrx_word' id='word_1_804' title='bbox 1881 3215 2092 3284; x_wconf 77' lang='grc' dir='ltr'><em>χειρῶν</em></span> <span class='ocrx_word' id='word_1_805' title='bbox 2130 3216 2250 3270; x_wconf 86' lang='grc' dir='ltr'><em>τῶν</em></span> <span class='ocrx_word' id='word_1_806' title='bbox 2278 3217 2638 3270; x_wconf 79' lang='grc' dir='ltr'><em>ἀποστόλων</em></span> <span class='ocrx_word' id='word_1_807' title='bbox 2684 3216 2920 3282; x_wconf 76' lang='grc' dir='ltr'><em>ἐγένετο</em></span> <span class='ocrx_word' id='word_1_808' title='bbox 2956 3214 3174 3283; x_wconf 84' lang='grc' dir='ltr'><em>σημεῖα</em></span> <span class='ocrx_word' id='word_1_809' title='bbox 3220 3214 3455 3282; x_wconf 77' lang='grc' dir='ltr'><em>μεγάλα</em></span> 
     </span>
    </p>
   </div>
   <div class='ocr_carea' id='block_1_103' title="bbox 1881 3295 3448 3367">
    <p class='ocr_par' dir='ltr' id='par_1_103' title="bbox 1881 3295 3448 3367">
     <span class='ocr_line' id='line_1_103' title="bbox 1881 3295 3448 3367; baseline -0.001 -16"><span class='ocrx_word' id='word_1_810' title='bbox 1881 3300 1979 3352; x_wconf 64' lang='grc' dir='ltr'><em>καὶ</em></span> <span class='ocrx_word' id='word_1_811' title='bbox 2015 3297 2228 3367; x_wconf 84' lang='grc' dir='ltr'><em>τέρατα</em></span> <span class='ocrx_word' id='word_1_812' title='bbox 2265 3299 2335 3352; x_wconf 85' lang='grc' dir='ltr'><em>ἐν</em></span> <span class='ocrx_word' id='word_1_813' title='bbox 2360 3298 2439 3363; x_wconf 83' lang='grc' dir='ltr'><em>τῷ</em></span> <span class='ocrx_word' id='word_1_814' title='bbox 2465 3297 2609 3363; x_wconf 81' lang='grc' dir='ltr'><em>λαῷ.</em></span> <span class='ocrx_word' id='word_1_815' title='bbox 2636 3297 2743 3352; x_wconf 76' lang='grc' dir='ltr'><em>Καὶ</em></span> <span class='ocrx_word' id='word_1_816' title='bbox 2776 3297 3092 3361; x_wconf 80' lang='grc' dir='ltr'><em>ἐξίσταντο</em></span> <span class='ocrx_word' id='word_1_817' title='bbox 3116 3296 3182 3348; x_wconf 85' lang='grc' dir='ltr'><em>δὲ</em></span> <span class='ocrx_word' id='word_1_818' title='bbox 3211 3295 3448 3362; x_wconf 86' lang='grc' dir='ltr'><em>πάντες,</em></span> 
     </span>
    </p>
   </div>
   <div class='ocr_carea' id='block_1_104' title="bbox 1881 3378 3453 3451">
    <p class='ocr_par' dir='ltr' id='par_1_104' title="bbox 1881 3378 3453 3451">
     <span class='ocr_line' id='line_1_104' title="bbox 1881 3378 3453 3451; baseline -0.002 -15"><span class='ocrx_word' id='word_1_819' title='bbox 1881 3382 1979 3436; x_wconf 83' lang='grc' dir='ltr'><em>καὶ</em></span> <span class='ocrx_word' id='word_1_820' title='bbox 1998 3381 2238 3451; x_wconf 84' lang='grc' dir='ltr'><em>μᾶλλον</em></span> <span class='ocrx_word' id='word_1_821' title='bbox 2258 3382 2675 3450; x_wconf 80' lang='grc' dir='ltr'><em>προσετίθεντο</em></span> <span class='ocrx_word' id='word_1_822' title='bbox 2704 3381 2830 3433; x_wconf 83' lang='grc' dir='ltr'><em>καθ’</em></span> <span class='ocrx_word' id='word_1_823' title='bbox 2855 3379 3082 3447; x_wconf 70' lang='grc' dir='ltr'><em>ἡμέραν</em></span> <span class='ocrx_word' id='word_1_824' title='bbox 3099 3378 3331 3446; x_wconf 78' lang='grc' dir='ltr'><em>ἀνδρῶν</em></span> <span class='ocrx_word' id='word_1_825' title='bbox 3356 3381 3453 3433; x_wconf 81' lang='grc' dir='ltr'><em>καὶ</em></span> 
     </span>
    </p>
   </div>
   <div class='ocr_carea' id='block_1_105' title="bbox 1882 3461 3456 3534">
    <p class='ocr_par' dir='ltr' id='par_1_105' title="bbox 1882 3461 3456 3534">
     <span class='ocr_line' id='line_1_105' title="bbox 1882 3461 3456 3534; baseline -0.004 -16"><span class='ocrx_word' id='word_1_826' title='bbox 1882 3465 2182 3534; x_wconf 76' lang='grc' dir='ltr'><em>γυναικῶν</em></span> <span class='ocrx_word' id='word_1_827' title='bbox 2202 3465 2421 3532; x_wconf 79' lang='grc' dir='ltr'><em>πλήθη.</em></span> <span class='ocrx_word' id='word_1_828' title='bbox 2456 3464 2781 3534; x_wconf 86' lang='grc' dir='ltr'><em>Προέλαμπε</em></span> <span class='ocrx_word' id='word_1_829' title='bbox 2807 3464 2875 3516; x_wconf 80' lang='grc' dir='ltr'><em>τά</em></span> <span class='ocrx_word' id='word_1_830' title='bbox 2909 3461 3180 3532; x_wconf 86' lang='grc' dir='ltr'><em>θαύματα,</em></span> <span class='ocrx_word' id='word_1_831' title='bbox 3205 3462 3299 3514; x_wconf 72' lang='grc' dir='ltr'><em>καὶ</em></span> <span class='ocrx_word' id='word_1_832' title='bbox 3326 3464 3456 3530; x_wconf 81' lang='grc' dir='ltr'><em>ἡκο-</em></span> 
     </span>
    </p>
   </div>
   <div class='ocr_carea' id='block_1_106' title="bbox 1879 3545 3457 3617">
    <p class='ocr_par' dir='ltr' id='par_1_106' title="bbox 1879 3545 3457 3617">
     <span class='ocr_line' id='line_1_106' title="bbox 1879 3545 3457 3617; baseline -0.003 -17"><span class='ocrx_word' id='word_1_833' title='bbox 1879 3548 2100 3601; x_wconf 90' lang='grc' dir='ltr'><em>λούθουν</em></span> <span class='ocrx_word' id='word_1_834' title='bbox 2147 3548 2217 3601; x_wconf 85' lang='grc' dir='ltr'><em>τὰ</em></span> <span class='ocrx_word' id='word_1_835' title='bbox 2260 3549 2524 3617; x_wconf 86' lang='grc' dir='ltr'><em>δόγματα.</em></span> <span class='ocrx_word' id='word_1_836' title='bbox 2561 3547 2718 3599; x_wconf 81' lang='grc' dir='ltr'><em>Οῦτω</em></span> <span class='ocrx_word' id='word_1_837' title='bbox 2755 3547 2848 3598; x_wconf 67' lang='grc' dir='ltr'><em>καὶ</em></span> <span class='ocrx_word' id='word_1_838' title='bbox 2899 3545 2955 3597; x_wconf 92' lang='grc' dir='ltr'><em>ἐν</em></span> <span class='ocrx_word' id='word_1_839' title='bbox 3002 3546 3080 3615; x_wconf 84' lang='grc' dir='ltr'><em>τῷ</em></span> <span class='ocrx_word' id='word_1_840' title='bbox 3128 3546 3295 3615; x_wconf 85' lang='grc' dir='ltr'><em>νόμῳ,</em></span> <span class='ocrx_word' id='word_1_841' title='bbox 3331 3563 3457 3616; x_wconf 88' lang='grc' dir='ltr'><em>προ-</em></span> 
     </span>
    </p>
   </div>
   <div class='ocr_carea' id='block_1_107' title="bbox 1878 3628 3455 3702">
    <p class='ocr_par' dir='ltr' id='par_1_107' title="bbox 1878 3628 3455 3702">
     <span class='ocr_line' id='line_1_107' title="bbox 1878 3628 3455 3702; baseline -0.001 -18"><span class='ocrx_word' id='word_1_842' title='bbox 1878 3633 2122 3702; x_wconf 88' lang='grc' dir='ltr'><em>ηγήσατο</em></span> <span class='ocrx_word' id='word_1_843' title='bbox 2163 3631 2230 3684; x_wconf 81' lang='grc' dir='ltr'><em>τά</em></span> <span class='ocrx_word' id='word_1_844' title='bbox 2281 3633 2340 3684; x_wconf 86' lang='grc' dir='ltr'><em>ἐν</em></span> <span class='ocrx_word' id='word_1_845' title='bbox 2369 3631 2628 3700; x_wconf 84' lang='grc' dir='ltr'><em>Αἰγύπτῳ</em></span> <span class='ocrx_word' id='word_1_846' title='bbox 2678 3628 2948 3700; x_wconf 87' lang='grc' dir='ltr'><em>θαύματα,</em></span> <span class='ocrx_word' id='word_1_847' title='bbox 3012 3629 3323 3682; x_wconf 87' lang='grc' dir='ltr'><em>δεικνύοντα</em></span> <span class='ocrx_word' id='word_1_848' title='bbox 3365 3629 3455 3682; x_wconf 78' lang='grc' dir='ltr'><em>τὸν</em></span> 
     </span>
    </p>
   </div>
   <div class='ocr_carea' id='block_1_108' title="bbox 1879 3709 3455 3786">
    <p class='ocr_par' dir='ltr' id='par_1_108' title="bbox 1879 3709 3455 3786">
     <span class='ocr_line' id='line_1_108' title="bbox 1879 3709 3455 3786; baseline -0.003 -20"><span class='ocrx_word' id='word_1_849' title='bbox 1879 3715 2010 3767; x_wconf 86' lang='grc' dir='ltr'><em>Θεὸν</em></span> <span class='ocrx_word' id='word_1_850' title='bbox 2033 3714 2365 3786; x_wconf 88' lang='grc' dir='ltr'><em>δημιουργόν</em></span> <span class='ocrx_word' id='word_1_851' title='bbox 2387 3753 2400 3767; x_wconf 93' lang='grc'><em>.</em></span> <span class='ocrx_word' id='word_1_852' title='bbox 2435 3714 2492 3765; x_wconf 86' lang='lat'><em>&#39;0</em></span> <span class='ocrx_word' id='word_1_853' title='bbox 2518 3713 2572 3764; x_wconf 86' lang='grc' dir='ltr'><em>δέ</em></span> <span class='ocrx_word' id='word_1_854' title='bbox 2600 3712 2750 3775; x_wconf 84' lang='grc' dir='ltr'><em>Θεὸς,</em></span> <span class='ocrx_word' id='word_1_855' title='bbox 2787 3712 2985 3780; x_wconf 82' lang='grc' dir='ltr'><em>άγαθὸς</em></span> <span class='ocrx_word' id='word_1_856' title='bbox 3018 3711 3110 3775; x_wconf 80' lang='grc' dir='ltr'><em>ὢν,</em></span> <span class='ocrx_word' id='word_1_857' title='bbox 3138 3712 3237 3763; x_wconf 83' lang='grc' dir='ltr'><em>οὐκ</em></span> <span class='ocrx_word' id='word_1_858' title='bbox 3263 3709 3455 3780; x_wconf 75' lang='grc' dir='ltr'><em>ἠθέλη-</em></span> 
     </span>
    </p>
   </div>
   <div class='ocr_carea' id='block_1_109' title="bbox 1881 3794 3456 3867">
    <p class='ocr_par' dir='ltr' id='par_1_109' title="bbox 1881 3794 3456 3867">
     <span class='ocr_line' id='line_1_109' title="bbox 1881 3794 3456 3867; baseline -0.003 -17"><span class='ocrx_word' id='word_1_859' title='bbox 1881 3814 1970 3850; x_wconf 92' lang='grc' dir='ltr'><em>σεν</em></span> <span class='ocrx_word' id='word_1_860' title='bbox 2020 3797 2209 3850; x_wconf 87' lang='grc' dir='ltr'><em>ἐαυτὸν</em></span> <span class='ocrx_word' id='word_1_861' title='bbox 2262 3797 2420 3867; x_wconf 92' lang='grc' dir='ltr'><em>μόνον</em></span> <span class='ocrx_word' id='word_1_862' title='bbox 2466 3795 2762 3866; x_wconf 85' lang='grc' dir='ltr'><em>σεμνῦναι,</em></span> <span class='ocrx_word' id='word_1_863' title='bbox 2803 3795 2939 3848; x_wconf 81' lang='grc' dir='ltr'><em>ἀλλά</em></span> <span class='ocrx_word' id='word_1_864' title='bbox 2983 3794 3262 3864; x_wconf 80' lang='grc' dir='ltr'><em>μερίζεται</em></span> <span class='ocrx_word' id='word_1_865' title='bbox 3319 3794 3456 3858; x_wconf 78' lang='grc' dir='ltr'><em>μετὰ</em></span> 
     </span>
    </p>
   </div>
   <div class='ocr_carea' id='block_1_110' title="bbox 1877 3871 3455 3953">
    <p class='ocr_par' dir='ltr' id='par_1_110' title="bbox 1877 3871 3455 3953">
     <span class='ocr_line' id='line_1_110' title="bbox 1877 3871 3455 3953; baseline -0.003 -17"><span class='ocrx_word' id='word_1_866' title='bbox 1877 3883 2154 3945; x_wconf 80' lang='grc' dir='ltr'><em>Μωΰσέως</em></span> <span class='ocrx_word' id='word_1_867' title='bbox 2170 3881 2267 3953; x_wconf 84' lang='grc' dir='ltr'><em>τὴν</em></span> <span class='ocrx_word' id='word_1_868' title='bbox 2297 3882 2474 3946; x_wconf 83' lang='grc' dir='ltr'><em>δόξαν.</em></span> <span class='ocrx_word' id='word_1_869' title='bbox 2514 3881 2726 3951; x_wconf 84' lang='grc' dir='ltr'><em>Ἐπειδὴ</em></span> <span class='ocrx_word' id='word_1_870' title='bbox 2759 3879 2865 3952; x_wconf 81' lang='grc' dir='ltr'><em>γάρ</em></span> <span class='ocrx_word' id='word_1_871' title='bbox 2892 3882 2918 3932; x_wconf 90' lang='lat'><em>6</em></span> <span class='ocrx_word' id='word_1_872' title='bbox 2945 3880 3075 3942; x_wconf 85' lang='grc' dir='ltr'><em>Θεὸς</em></span> <span class='ocrx_word' id='word_1_873' title='bbox 3104 3879 3273 3948; x_wconf 83' lang='grc' dir='ltr'><em>ἐφάνη</em></span> <span class='ocrx_word' id='word_1_874' title='bbox 3302 3877 3360 3940; x_wconf 86' lang='grc' dir='ltr'><em>ἐξ</em></span> <span class='ocrx_word' id='word_1_875' title='bbox 3381 3871 3455 3932; x_wconf 82' lang='grc' dir='ltr'><em>ὧν</em></span> 
     </span>
    </p>
   </div>
   <div class='ocr_carea' id='block_1_111' title="bbox 1881 3955 3453 4034">
    <p class='ocr_par' dir='ltr' id='par_1_111' title="bbox 1881 3955 3453 4034">
     <span class='ocr_line' id='line_1_111' title="bbox 1881 3955 3453 4034; baseline -0.005 -16"><span class='ocrx_word' id='word_1_876' title='bbox 1881 3966 2126 4034; x_wconf 86' lang='grc' dir='ltr'><em>ἐποίησε,</em></span> <span class='ocrx_word' id='word_1_877' title='bbox 2160 3965 2405 4034; x_wconf 86' lang='grc' dir='ltr'><em>φαίνεται</em></span> <span class='ocrx_word' id='word_1_878' title='bbox 2437 3965 2531 4018; x_wconf 72' lang='grc' dir='ltr'><em>καὶ</em></span> <span class='ocrx_word' id='word_1_879' title='bbox 2564 3964 2804 4033; x_wconf 80' lang='grc' dir='ltr'><em>Μωῦσῆς</em></span> <span class='ocrx_word' id='word_1_880' title='bbox 2850 3963 2907 4028; x_wconf 80' lang='grc' dir='ltr'><em>ἐξ</em></span> <span class='ocrx_word' id='word_1_881' title='bbox 2949 3955 3022 4014; x_wconf 83' lang='grc' dir='ltr'><em>ὧν</em></span> <span class='ocrx_word' id='word_1_882' title='bbox 3053 3960 3331 4030; x_wconf 82' lang='grc' dir='ltr'><em>ἐδοξάσθη.</em></span> <span class='ocrx_word' id='word_1_883' title='bbox 3368 3959 3453 4021; x_wconf 71' lang='grc' dir='ltr'><em>Ὡς,</em></span> 
     </span>
    </p>
   </div>
   <div class='ocr_carea' id='block_1_112' title="bbox 1880 4041 3456 4117">
    <p class='ocr_par' dir='ltr' id='par_1_112' title="bbox 1880 4041 3456 4117">
     <span class='ocr_line' id='line_1_112' title="bbox 1880 4041 3456 4117; baseline -0.005 -18"><span class='ocrx_word' id='word_1_884' title='bbox 1880 4048 1987 4117; x_wconf 76' lang='grc' dir='ltr'><em>γάρ</em></span> <span class='ocrx_word' id='word_1_885' title='bbox 2025 4047 2263 4116; x_wconf 88' lang='grc' dir='ltr'><em>κατῆλθε</em></span> <span class='ocrx_word' id='word_1_886' title='bbox 2305 4047 2552 4116; x_wconf 82' lang='grc' dir='ltr'><em>κατέχων</em></span> <span class='ocrx_word' id='word_1_887' title='bbox 2599 4046 2686 4097; x_wconf 87' lang='grc' dir='ltr'><em>τὸν</em></span> <span class='ocrx_word' id='word_1_888' title='bbox 2733 4045 2915 4114; x_wconf 88' lang='grc' dir='ltr'><em>νόμον,</em></span> <span class='ocrx_word' id='word_1_889' title='bbox 2947 4045 3033 4096; x_wconf 82' lang='grc' dir='ltr'><em>ἵνα</em></span> <span class='ocrx_word' id='word_1_890' title='bbox 3071 4043 3144 4112; x_wconf 89' lang='grc' dir='ltr'><em>μὴ</em></span> <span class='ocrx_word' id='word_1_891' title='bbox 3193 4043 3267 4103; x_wconf 84' lang='grc' dir='ltr'><em>ὡς</em></span> <span class='ocrx_word' id='word_1_892' title='bbox 3315 4041 3456 4110; x_wconf 74' lang='grc' dir='ltr'><em>ψιλῷ</em></span> 
     </span>
    </p>
   </div>
   <div class='ocr_carea' id='block_1_113' title="bbox 1881 4123 3458 4199">
    <p class='ocr_par' dir='ltr' id='par_1_113' title="bbox 1881 4123 3458 4199">
     <span class='ocr_line' id='line_1_113' title="bbox 1881 4123 3458 4199; baseline -0.005 -18"><span class='ocrx_word' id='word_1_893' title='bbox 1881 4129 2152 4199; x_wconf 78' lang='grc' dir='ltr'><em>ἀνθρώπῳ</em></span> <span class='ocrx_word' id='word_1_894' title='bbox 2188 4128 2526 4199; x_wconf 84' lang='grc' dir='ltr'><em>προσέχωσι,</em></span> <span class='ocrx_word' id='word_1_895' title='bbox 2562 4125 2758 4196; x_wconf 82' lang='grc' dir='ltr'><em>πληροῖ</em></span> <span class='ocrx_word' id='word_1_896' title='bbox 2785 4125 2948 4178; x_wconf 80' lang='grc' dir='ltr'><em>αὑτοῦ</em></span> <span class='ocrx_word' id='word_1_897' title='bbox 2988 4127 3015 4177; x_wconf 89' lang='lat'><em>6</em></span> <span class='ocrx_word' id='word_1_898' title='bbox 3052 4125 3180 4186; x_wconf 82' lang='grc' dir='ltr'><em>Θεὸς</em></span> <span class='ocrx_word' id='word_1_899' title='bbox 3212 4123 3368 4190; x_wconf 79' lang='grc' dir='ltr'><em>δόξης</em></span> <span class='ocrx_word' id='word_1_900' title='bbox 3397 4123 3458 4173; x_wconf 82' lang='grc' dir='ltr'><em>τὸ</em></span> 
     </span>
    </p>
   </div>
   <div class='ocr_carea' id='block_1_114' title="bbox 1880 4205 3458 4282">
    <p class='ocr_par' dir='ltr' id='par_1_114' title="bbox 1880 4205 3458 4282">
     <span class='ocr_line' id='line_1_114' title="bbox 1880 4205 3458 4282; baseline -0.004 -20"><span class='ocrx_word' id='word_1_901' title='bbox 1880 4212 2190 4282; x_wconf 86' lang='grc' dir='ltr'><em>πρόσωπον,</em></span> <span class='ocrx_word' id='word_1_902' title='bbox 2228 4212 2316 4265; x_wconf 82' lang='grc' dir='ltr'><em>ἵνα</em></span> <span class='ocrx_word' id='word_1_903' title='bbox 2355 4211 2415 4264; x_wconf 91' lang='grc' dir='ltr'><em>τὸ</em></span> <span class='ocrx_word' id='word_1_904' title='bbox 2469 4210 2652 4262; x_wconf 83' lang='grc' dir='ltr'><em>λεῖπον</em></span> <span class='ocrx_word' id='word_1_905' title='bbox 2686 4211 2751 4280; x_wconf 76' lang='grc' dir='ltr'><em>τῇ</em></span> <span class='ocrx_word' id='word_1_906' title='bbox 2798 4207 3053 4278; x_wconf 73' lang='grc' dir='ltr'><em>ἀσθενείᾳ</em></span> <span class='ocrx_word' id='word_1_907' title='bbox 3095 4207 3195 4276; x_wconf 86' lang='grc' dir='ltr'><em>τῆς</em></span> <span class='ocrx_word' id='word_1_908' title='bbox 3243 4205 3458 4274; x_wconf 82' lang='grc' dir='ltr'><em>φύσεως</em></span> 
     </span>
    </p>
   </div>
   <div class='ocr_carea' id='block_1_115' title="bbox 1883 4287 3457 4364">
    <p class='ocr_par' dir='ltr' id='par_1_115' title="bbox 1883 4287 3457 4364">
     <span class='ocr_line' id='line_1_115' title="bbox 1883 4287 3457 4364; baseline -0.004 -18"><span class='ocrx_word' id='word_1_909' title='bbox 1883 4294 2143 4364; x_wconf 81' lang='grc' dir='ltr'><em>πληρώσῃ</em></span> <span class='ocrx_word' id='word_1_910' title='bbox 2176 4293 2235 4346; x_wconf 89' lang='grc' dir='ltr'><em>τὸ</em></span> <span class='ocrx_word' id='word_1_911' title='bbox 2289 4293 2540 4363; x_wconf 89' lang='grc' dir='ltr'><em>περιττὸν</em></span> <span class='ocrx_word' id='word_1_912' title='bbox 2596 4292 2694 4361; x_wconf 89' lang='grc' dir='ltr'><em>τῆς</em></span> <span class='ocrx_word' id='word_1_913' title='bbox 2751 4291 2990 4362; x_wconf 88' lang='grc' dir='ltr'><em>χάριτος.</em></span> <span class='ocrx_word' id='word_1_914' title='bbox 3043 4288 3312 4342; x_wconf 85' lang='grc' dir='ltr'><em>Ἐνενόουν</em></span> <span class='ocrx_word' id='word_1_915' title='bbox 3351 4287 3457 4356; x_wconf 82' lang='grc' dir='ltr'><em>γάρ</em></span> 
     </span>
    </p>
   </div>
   <div class='ocr_carea' id='block_1_116' title="bbox 1880 4370 3458 4446">
    <p class='ocr_par' dir='ltr' id='par_1_116' title="bbox 1880 4370 3458 4446">
     <span class='ocr_line' id='line_1_116' title="bbox 1880 4370 3458 4446; baseline -0.006 -16"><span class='ocrx_word' id='word_1_916' title='bbox 1880 4378 1962 4430; x_wconf 88' lang='grc' dir='ltr'><em>ὄτι</em></span> <span class='ocrx_word' id='word_1_917' title='bbox 1999 4378 2120 4446; x_wconf 71' lang='grc' dir='ltr'><em>ὄψις</em></span> <span class='ocrx_word' id='word_1_918' title='bbox 2136 4377 2496 4446; x_wconf 81' lang='grc' dir='ltr'><em>δεδοξασμένη</em></span> <span class='ocrx_word' id='word_1_919' title='bbox 2525 4376 2623 4428; x_wconf 82' lang='grc' dir='ltr'><em>οὐκ</em></span> <span class='ocrx_word' id='word_1_920' title='bbox 2649 4376 2794 4428; x_wconf 74' lang='grc' dir='ltr'><em>ἐστιν</em></span> <span class='ocrx_word' id='word_1_921' title='bbox 2817 4373 3071 4444; x_wconf 85' lang='grc' dir='ltr'><em>ἀλλοτρία</em></span> <span class='ocrx_word' id='word_1_922' title='bbox 3108 4371 3264 4424; x_wconf 87' lang='grc' dir='ltr'><em>Θεοῦ.</em></span> <span class='ocrx_word' id='word_1_923' title='bbox 3303 4370 3458 4424; x_wconf 85' lang='grc' dir='ltr'><em>Οῦτω</em></span> 
     </span>
    </p>
   </div>
   <div class='ocr_carea' id='block_1_117' title="bbox 1881 4455 3456 4530">
    <p class='ocr_par' dir='ltr' id='par_1_117' title="bbox 1881 4455 3456 4530">
     <span class='ocr_line' id='line_1_117' title="bbox 1881 4455 3456 4530; baseline -0.004 -16"><span class='ocrx_word' id='word_1_924' title='bbox 1881 4461 1975 4514; x_wconf 72' lang='grc' dir='ltr'><em>καὶ</em></span> <span class='ocrx_word' id='word_1_925' title='bbox 2015 4463 2042 4513; x_wconf 94' lang='lat'><em>6</em></span> <span class='ocrx_word' id='word_1_926' title='bbox 2071 4460 2257 4530; x_wconf 88' lang='grc' dir='ltr'><em>Σωτὴρ</em></span> <span class='ocrx_word' id='word_1_927' title='bbox 2295 4459 2566 4528; x_wconf 83' lang='grc' dir='ltr'><em>Στεφάνου</em></span> <span class='ocrx_word' id='word_1_928' title='bbox 2598 4458 2691 4511; x_wconf 88' lang='grc' dir='ltr'><em>τοῦ</em></span> <span class='ocrx_word' id='word_1_929' title='bbox 2737 4458 3198 4530; x_wconf 89' lang='grc' dir='ltr'><em>πρωτομάρτυρος</em></span> <span class='ocrx_word' id='word_1_930' title='bbox 3234 4455 3456 4525; x_wconf 88' lang='grc' dir='ltr'><em>ἐποίησε</em></span> 
     </span>
    </p>
   </div>
   <div class='ocr_carea' id='block_1_118' title="bbox 1879 4537 3457 4612">
    <p class='ocr_par' dir='ltr' id='par_1_118' title="bbox 1879 4537 3457 4612">
     <span class='ocr_line' id='line_1_118' title="bbox 1879 4537 3457 4612; baseline -0.003 -18"><span class='ocrx_word' id='word_1_931' title='bbox 1879 4542 2090 4612; x_wconf 75' lang='grc' dir='ltr'><em>λάμψαι</em></span> <span class='ocrx_word' id='word_1_932' title='bbox 2137 4542 2199 4595; x_wconf 87' lang='grc' dir='ltr'><em>τὸ</em></span> <span class='ocrx_word' id='word_1_933' title='bbox 2253 4542 2560 4612; x_wconf 88' lang='grc' dir='ltr'><em>πρόσωπον.</em></span> <span class='ocrx_word' id='word_1_934' title='bbox 2609 4541 2760 4592; x_wconf 89' lang='grc' dir='ltr'><em>Διατί</em></span> <span class='ocrx_word' id='word_1_935' title='bbox 2811 4541 2866 4593; x_wconf 83' lang='grc' dir='ltr'><em>δὲ</em></span> <span class='ocrx_word' id='word_1_936' title='bbox 2900 4539 3121 4608; x_wconf 86' lang='grc' dir='ltr'><em>ἐποίησε</em></span> <span class='ocrx_word' id='word_1_937' title='bbox 3159 4537 3366 4606; x_wconf 70' lang='grc' dir='ltr'><em>λάμψαι</em></span> <span class='ocrx_word' id='word_1_938' title='bbox 3397 4537 3457 4589; x_wconf 90' lang='grc' dir='ltr'><em>τὸ</em></span> 
     </span>
    </p>
   </div>
   <div class='ocr_carea' id='block_1_119' title="bbox 1881 4621 3456 4697">
    <p class='ocr_par' dir='ltr' id='par_1_119' title="bbox 1881 4621 3456 4697">
     <span class='ocr_line' id='line_1_119' title="bbox 1881 4621 3456 4697; baseline -0.006 -18"><span class='ocrx_word' id='word_1_939' title='bbox 1881 4627 2171 4697; x_wconf 90' lang='grc' dir='ltr'><em>πρόσωπον</em></span> <span class='ocrx_word' id='word_1_940' title='bbox 2205 4626 2513 4692; x_wconf 85' lang='grc' dir='ltr'><em>Στεφάνου;</em></span> <span class='ocrx_word' id='word_1_941' title='bbox 2543 4623 2760 4692; x_wconf 83' lang='grc' dir='ltr'><em>Ἐπειδὴ</em></span> <span class='ocrx_word' id='word_1_942' title='bbox 2788 4621 3008 4692; x_wconf 78' lang='grc' dir='ltr'><em>ἔμελλεν</em></span> <span class='ocrx_word' id='word_1_943' title='bbox 3033 4622 3108 4684; x_wconf 87' lang='grc' dir='ltr'><em>ὡς</em></span> <span class='ocrx_word' id='word_1_944' title='bbox 3141 4621 3456 4690; x_wconf 80' lang='grc' dir='ltr'><em>βλάσφημος</em></span> 
     </span>
    </p>
   </div>
   <div class='ocr_carea' id='block_1_120' title="bbox 1880 4703 3458 4774">
    <p class='ocr_par' dir='ltr' id='par_1_120' title="bbox 1880 4703 3458 4774">
     <span class='ocr_line' id='line_1_120' title="bbox 1880 4703 3458 4774; baseline -0.003 -14"><span class='ocrx_word' id='word_1_945' title='bbox 1880 4708 2211 4773; x_wconf 82' lang='grc' dir='ltr'><em>λιθάςεσθαι,</em></span> <span class='ocrx_word' id='word_1_946' title='bbox 2238 4706 2425 4770; x_wconf 75' lang='grc' dir='ltr'><em>εἰπὼν,</em></span> <span class='ocrx_word' id='word_1_947' title='bbox 2461 4707 2660 4774; x_wconf 80' lang='grc' dir='ltr'><em>Θεωρῶ</em></span> <span class='ocrx_word' id='word_1_948' title='bbox 2684 4705 2825 4770; x_wconf 90' lang='grc' dir='ltr'><em>τοὺς</em></span> <span class='ocrx_word' id='word_1_949' title='bbox 2853 4705 3145 4773; x_wconf 81' lang='grc' dir='ltr'><em>οὐρανοὺς</em></span> <span class='ocrx_word' id='word_1_950' title='bbox 3172 4703 3458 4771; x_wconf 74' lang='grc' dir='ltr'><em>ἀνεφγμέ·</em></span> 
     </span>
    </p>
   </div>
   <div class='ocr_carea' id='block_1_121' title="bbox 1879 4786 3457 4856">
    <p class='ocr_par' dir='ltr' id='par_1_121' title="bbox 1879 4786 3457 4856">
     <span class='ocr_line' id='line_1_121' title="bbox 1879 4786 3457 4856; baseline -0.004 -11"><span class='ocrx_word' id='word_1_951' title='bbox 1879 4809 2046 4855; x_wconf 88' lang='grc' dir='ltr'><em>νους,</em></span> <span class='ocrx_word' id='word_1_952' title='bbox 2060 4790 2158 4844; x_wconf 81' lang='grc' dir='ltr'><em>καὶ</em></span> <span class='ocrx_word' id='word_1_953' title='bbox 2179 4790 2285 4844; x_wconf 83' lang='grc' dir='ltr'><em>τόν</em></span> <span class='ocrx_word' id='word_1_954' title='bbox 2308 4790 2444 4843; x_wconf 79' lang='grc' dir='ltr'><em>Υἱὸν</em></span> <span class='ocrx_word' id='word_1_955' title='bbox 2461 4789 2564 4843; x_wconf 81' lang='grc' dir='ltr'><em>τσῦ</em></span> <span class='ocrx_word' id='word_1_956' title='bbox 2587 4790 2896 4856; x_wconf 85' lang='grc' dir='ltr'><em>ἀνθρώπου</em></span> <span class='ocrx_word' id='word_1_957' title='bbox 2912 4788 3140 4841; x_wconf 79' lang='grc' dir='ltr'><em>ἑστῶτα</em></span> <span class='ocrx_word' id='word_1_958' title='bbox 3155 4788 3220 4840; x_wconf 82' lang='grc' dir='ltr'><em>ἐκ</em></span> <span class='ocrx_word' id='word_1_959' title='bbox 3245 4786 3457 4850; x_wconf 78' lang='grc' dir='ltr'><em>δεξιῶν</em></span> 
     </span>
    </p>
   </div>
   <div class='ocr_carea' id='block_1_122' title="bbox 1882 4869 3456 4944">
    <p class='ocr_par' dir='ltr' id='par_1_122' title="bbox 1882 4869 3456 4944">
     <span class='ocr_line' id='line_1_122' title="bbox 1882 4869 3456 4944; baseline -0.004 -16"><span class='ocrx_word' id='word_1_960' title='bbox 1882 4875 1987 4928; x_wconf 82' lang='grc' dir='ltr'><em>τοῦ</em></span> <span class='ocrx_word' id='word_1_961' title='bbox 2011 4873 2186 4938; x_wconf 83' lang='grc' dir='ltr'><em>Θεοῦ,</em></span> <span class='ocrx_word' id='word_1_962' title='bbox 2224 4872 2509 4944; x_wconf 86' lang='grc' dir='ltr'><em>προλαϐὼν</em></span> <span class='ocrx_word' id='word_1_963' title='bbox 2541 4875 2568 4926; x_wconf 93' lang='lat'><em>6</em></span> <span class='ocrx_word' id='word_1_964' title='bbox 2593 4871 2724 4933; x_wconf 87' lang='grc' dir='ltr'><em>Θεὸς</em></span> <span class='ocrx_word' id='word_1_965' title='bbox 2765 4871 3136 4941; x_wconf 84' lang='grc' dir='ltr'><em>ἐστεφάνωσεν</em></span> <span class='ocrx_word' id='word_1_966' title='bbox 3166 4869 3329 4922; x_wconf 84' lang='grc' dir='ltr'><em>αὑτοῦ</em></span> <span class='ocrx_word' id='word_1_967' title='bbox 3359 4869 3456 4940; x_wconf 86' lang='grc' dir='ltr'><em>τὴν</em></span> 
     </span>
    </p>
   </div>
   <div class='ocr_carea' id='block_1_123' title="bbox 1881 4957 3456 5030">
    <p class='ocr_par' dir='ltr' id='par_1_123' title="bbox 1881 4957 3456 5030">
     <span class='ocr_line' id='line_1_123' title="bbox 1881 4957 3456 5030; baseline -0.001 -18"><span class='ocrx_word' id='word_1_968' title='bbox 1881 4960 2002 5030; x_wconf 75' lang='grc' dir='ltr'><em>ὄψιν</em></span> <span class='ocrx_word' id='word_1_969' title='bbox 2031 4959 2295 5030; x_wconf 81' lang='grc' dir='ltr'><em>ἀγγελικῇ</em></span> <span class='ocrx_word' id='word_1_970' title='bbox 2331 4962 2535 5030; x_wconf 82' lang='grc' dir='ltr'><em>μορφῇ,</em></span> <span class='ocrx_word' id='word_1_971' title='bbox 2566 4959 2652 5013; x_wconf 81' lang='grc' dir='ltr'><em>ἵνα</em></span> <span class='ocrx_word' id='word_1_972' title='bbox 2682 4959 2841 5029; x_wconf 83' lang='grc' dir='ltr'><em>πείσῃ</em></span> <span class='ocrx_word' id='word_1_973' title='bbox 2864 4961 2988 5021; x_wconf 83' lang='grc' dir='ltr'><em>τοὺς</em></span> <span class='ocrx_word' id='word_1_974' title='bbox 3019 4957 3456 5028; x_wconf 83' lang='grc' dir='ltr'><em>άγνώμονας,ὃτι</em></span> 
     </span>
    </p>
   </div>
   <div class='ocr_carea' id='block_1_124' title="bbox 1883 5035 3457 5114">
    <p class='ocr_par' dir='ltr' id='par_1_124' title="bbox 1883 5035 3457 5114">
     <span class='ocr_line' id='line_1_124' title="bbox 1883 5035 3457 5114; baseline -0.001 -19"><span class='ocrx_word' id='word_1_975' title='bbox 1883 5043 2272 5114; x_wconf 79' lang='grc' dir='ltr'><em>εἰβλάσ-φημός</em></span> <span class='ocrx_word' id='word_1_976' title='bbox 2325 5043 2459 5102; x_wconf 83' lang='grc' dir='ltr'><em>ἐστι,</em></span> <span class='ocrx_word' id='word_1_977' title='bbox 2491 5043 2631 5096; x_wconf 89' lang='grc' dir='ltr'><em>διατί</em></span> <span class='ocrx_word' id='word_1_978' title='bbox 2682 5040 2996 5105; x_wconf 73' lang='grc' dir='ltr'><em>δοξάζεταις</em></span> <span class='ocrx_word' id='word_1_979' title='bbox 3027 5039 3167 5103; x_wconf 87' lang='grc' dir='ltr'><em>Χθές</em></span> <span class='ocrx_word' id='word_1_980' title='bbox 3227 5041 3323 5109; x_wconf 82' lang='grc' dir='ltr'><em>μὲν</em></span> <span class='ocrx_word' id='word_1_981' title='bbox 3364 5035 3457 5093; x_wconf 83' lang='grc' dir='ltr'><em>οὖν</em></span> 
     </span>
    </p>
   </div>
   <div class='ocr_carea' id='block_1_125' title="bbox 1884 5122 3456 5196">
    <p class='ocr_par' dir='ltr' id='par_1_125' title="bbox 1884 5122 3456 5196">
     <span class='ocr_line' id='line_1_125' title="bbox 1884 5122 3456 5196; baseline -0.003 -18"><span class='ocrx_word' id='word_1_982' title='bbox 1884 5127 2094 5195; x_wconf 65' lang='grc' dir='ltr'><em>εἴρηται</em></span> <span class='ocrx_word' id='word_1_983' title='bbox 2123 5127 2280 5196; x_wconf 80' lang='grc' dir='ltr'><em>ἡμῖν,</em></span> <span class='ocrx_word' id='word_1_984' title='bbox 2309 5126 2388 5178; x_wconf 78' lang='grc' dir='ltr'><em>ὅτι</em></span> <span class='ocrx_word' id='word_1_985' title='bbox 2409 5128 2436 5178; x_wconf 93' lang='lat'><em>6</em></span> <span class='ocrx_word' id='word_1_986' title='bbox 2455 5125 2584 5187; x_wconf 89' lang='grc' dir='ltr'><em>Θεὸς</em></span> <span class='ocrx_word' id='word_1_987' title='bbox 2609 5125 2671 5176; x_wconf 79' lang='grc' dir='ltr'><em>ἐκ</em></span> <span class='ocrx_word' id='word_1_988' title='bbox 2692 5124 2764 5194; x_wconf 91' lang='grc' dir='ltr'><em>μὴ</em></span> <span class='ocrx_word' id='word_1_989' title='bbox 2789 5123 2959 5177; x_wconf 72' lang='grc' dir='ltr'><em>ὄντων</em></span> <span class='ocrx_word' id='word_1_990' title='bbox 2985 5124 3207 5192; x_wconf 91' lang='grc' dir='ltr'><em>ἐποίησε</em></span> <span class='ocrx_word' id='word_1_991' title='bbox 3236 5122 3306 5175; x_wconf 82' lang='grc' dir='ltr'><em>τὰ</em></span> <span class='ocrx_word' id='word_1_992' title='bbox 3326 5123 3456 5175; x_wconf 72' lang='grc' dir='ltr'><em>ὄντα</em></span> 
     </span>
    </p>
   </div>
   <div class='ocr_carea' id='block_1_126' title="bbox 1881 5206 3456 5280">
    <p class='ocr_par' dir='ltr' id='par_1_126' title="bbox 1881 5206 3456 5280">
     <span class='ocr_line' id='line_1_126' title="bbox 1881 5206 3456 5280; baseline -0.003 -18"><span class='ocrx_word' id='word_1_993' title='bbox 1881 5213 1948 5280; x_wconf 83' lang='grc' dir='ltr'><em>τῇ</em></span> <span class='ocrx_word' id='word_1_994' title='bbox 1979 5210 2169 5280; x_wconf 83' lang='grc' dir='ltr'><em>πρώτῃ</em></span> <span class='ocrx_word' id='word_1_995' title='bbox 2225 5208 2427 5279; x_wconf 71' lang='grc' dir='ltr'><em>ἡμέρᾳ.</em></span> <span class='ocrx_word' id='word_1_996' title='bbox 2466 5209 2572 5260; x_wconf 75' lang='grc' dir='ltr'><em>Καὶ</em></span> <span class='ocrx_word' id='word_1_997' title='bbox 2607 5208 2666 5261; x_wconf 88' lang='grc' dir='ltr'><em>τὸ</em></span> <span class='ocrx_word' id='word_1_998' title='bbox 2708 5207 3038 5278; x_wconf 86' lang='grc' dir='ltr'><em>θαυμαστὸν,</em></span> <span class='ocrx_word' id='word_1_999' title='bbox 3081 5207 3161 5260; x_wconf 83' lang='grc' dir='ltr'><em>ὅτι</em></span> <span class='ocrx_word' id='word_1_1000' title='bbox 3206 5207 3266 5259; x_wconf 85' lang='grc' dir='ltr'>οὐ</span> <span class='ocrx_word' id='word_1_1001' title='bbox 3298 5206 3456 5276; x_wconf 88' lang='grc' dir='ltr'><em>μόνον</em></span> 
     </span>
    </p>
   </div>
   <div class='ocr_carea' id='block_1_127' title="bbox 1883 5290 3456 5364">
    <p class='ocr_par' dir='ltr' id='par_1_127' title="bbox 1883 5290 3456 5364">
     <span class='ocr_line' id='line_1_127' title="bbox 1883 5290 3456 5364; baseline -0.003 -18"><span class='ocrx_word' id='word_1_1002' title='bbox 1883 5294 1980 5364; x_wconf 89' lang='grc' dir='ltr'><em>τὴν</em></span> <span class='ocrx_word' id='word_1_1003' title='bbox 2013 5293 2372 5363; x_wconf 89' lang='grc' dir='ltr'><em>δημιουργίαν</em></span> <span class='ocrx_word' id='word_1_1004' title='bbox 2401 5292 2492 5345; x_wconf 91' lang='grc' dir='ltr'><em>τοῦ</em></span> <span class='ocrx_word' id='word_1_1005' title='bbox 2517 5291 2648 5345; x_wconf 88' lang='grc' dir='ltr'><em>Θεοῦ</em></span> <span class='ocrx_word' id='word_1_1006' title='bbox 2671 5290 2906 5344; x_wconf 88' lang='grc' dir='ltr'><em>δείκνυσι</em></span> <span class='ocrx_word' id='word_1_1007' title='bbox 2927 5291 2996 5343; x_wconf 84' lang='grc' dir='ltr'><em>τὰ</em></span> <span class='ocrx_word' id='word_1_1008' title='bbox 3014 5291 3169 5359; x_wconf 75' lang='grc' dir='ltr'><em>ἔργα,</em></span> <span class='ocrx_word' id='word_1_1009' title='bbox 3200 5290 3333 5342; x_wconf 79' lang='grc' dir='ltr'><em>ἀλλὰ</em></span> <span class='ocrx_word' id='word_1_1010' title='bbox 3362 5293 3456 5342; x_wconf 77' lang='grc' dir='ltr'><em>καὶ</em></span> 
     </span>
    </p>
   </div>
   <div class='ocr_carea' id='block_1_128' title="bbox 1881 5373 3452 5446">
    <p class='ocr_par' dir='ltr' id='par_1_128' title="bbox 1881 5373 3452 5446">
     <span class='ocr_line' id='line_1_128' title="bbox 1881 5373 3452 5446; baseline -0.003 -16"><span class='ocrx_word' id='word_1_1011' title='bbox 1881 5377 1991 5430; x_wconf 83' lang='grc' dir='ltr'><em>τῶν</em></span> <span class='ocrx_word' id='word_1_1012' title='bbox 2025 5377 2310 5446; x_wconf 85' lang='grc' dir='ltr'><em>αἰρετικῶν</em></span> <span class='ocrx_word' id='word_1_1013' title='bbox 2343 5375 2436 5446; x_wconf 86' lang='grc' dir='ltr'><em>τὴν</em></span> <span class='ocrx_word' id='word_1_1014' title='bbox 2459 5375 2712 5428; x_wconf 86' lang='grc' dir='ltr'><em>ἀσέϐειαν</em></span> <span class='ocrx_word' id='word_1_1015' title='bbox 2735 5375 3066 5444; x_wconf 87' lang='grc' dir='ltr'><em>ἐλέγχουσιν.</em></span> <span class='ocrx_word' id='word_1_1016' title='bbox 3087 5373 3301 5444; x_wconf 83' lang='grc' dir='ltr'><em>Ἐρωτῶ</em></span> <span class='ocrx_word' id='word_1_1017' title='bbox 3325 5375 3452 5444; x_wconf 87' lang='grc' dir='ltr'><em>γάρ·</em></span> 
     </span>
    </p>
   </div>
   <div class='ocr_carea' id='block_1_129' title="bbox 1883 5455 3460 5530">
    <p class='ocr_par' dir='ltr' id='par_1_129' title="bbox 1883 5455 3460 5530">
     <span class='ocr_line' id='line_1_129' title="bbox 1883 5455 3460 5530; baseline -0.005 -17"><span class='ocrx_word' id='word_1_1018' title='bbox 1883 5459 1966 5513; x_wconf 83' lang='lat' dir='ltr'><em>T6</em></span> <span class='ocrx_word' id='word_1_1019' title='bbox 1993 5460 2065 5530; x_wconf 86' lang='grc' dir='ltr'><em>μὴ</em></span> <span class='ocrx_word' id='word_1_1020' title='bbox 2099 5460 2228 5513; x_wconf 75' lang='grc' dir='ltr'><em>ὄντα</em></span> <span class='ocrx_word' id='word_1_1021' title='bbox 2250 5459 2366 5522; x_wconf 85' lang='grc' dir='ltr'><em>πῶς</em></span> <span class='ocrx_word' id='word_1_1022' title='bbox 2386 5460 2620 5527; x_wconf 86' lang='grc' dir='ltr'><em>ἐγένετο,</em></span> <span class='ocrx_word' id='word_1_1023' title='bbox 2660 5458 2846 5528; x_wconf 87' lang='grc' dir='ltr'><em>ἐπειδὴ</em></span> <span class='ocrx_word' id='word_1_1024' title='bbox 2872 5455 3108 5526; x_wconf 71' lang='grc' dir='ltr'><em>περὶτοῦ</em></span> <span class='ocrx_word' id='word_1_1025' title='bbox 3144 5457 3294 5518; x_wconf 72' lang='grc' dir='ltr'><em>όντος</em></span> <span class='ocrx_word' id='word_1_1026' title='bbox 3328 5458 3460 5527; x_wconf 82' lang='grc' dir='ltr'><em>ἐρω-</em></span> 
     </span>
    </p>
   </div>
   <div class='ocr_carea' id='block_1_130' title="bbox 1882 5537 3456 5612">
    <p class='ocr_par' dir='ltr' id='par_1_130' title="bbox 1882 5537 3456 5612">
     <span class='ocr_line' id='line_1_130' title="bbox 1882 5537 3456 5612; baseline -0.003 -17"><span class='ocrx_word' id='word_1_1027' title='bbox 1882 5543 2034 5606; x_wconf 84' lang='grc' dir='ltr'><em>τῶσι,</em></span> <span class='ocrx_word' id='word_1_1028' title='bbox 2067 5542 2183 5606; x_wconf 85' lang='grc' dir='ltr'><em>πῶς</em></span> <span class='ocrx_word' id='word_1_1029' title='bbox 2208 5541 2505 5612; x_wconf 86' lang='grc' dir='ltr'><em>ἐγεννήθη;</em></span> <span class='ocrx_word' id='word_1_1030' title='bbox 2537 5542 2599 5594; x_wconf 76' lang='grc' dir='ltr'><strong>Εἰ</strong></span> <span class='ocrx_word' id='word_1_1031' title='bbox 2645 5540 2717 5611; x_wconf 87' lang='grc' dir='ltr'><em>μὴ</em></span> <span class='ocrx_word' id='word_1_1032' title='bbox 2750 5537 2836 5611; x_wconf 82' lang='grc' dir='ltr'><em>ῆν,</em></span> <span class='ocrx_word' id='word_1_1033' title='bbox 2867 5541 3080 5604; x_wconf 78' lang='grc' dir='ltr'><em>εἴπωσι,</em></span> <span class='ocrx_word' id='word_1_1034' title='bbox 3112 5541 3178 5592; x_wconf 81' lang='grc' dir='ltr'><em>τά</em></span> <span class='ocrx_word' id='word_1_1035' title='bbox 3206 5539 3282 5609; x_wconf 83' lang='grc' dir='ltr'><em>μὴ</em></span> <span class='ocrx_word' id='word_1_1036' title='bbox 3328 5539 3456 5591; x_wconf 77' lang='grc' dir='ltr'><em>ὄντα</em></span> 
     </span>
    </p>
   </div>
   <div class='ocr_carea' id='block_1_131' title="bbox 1950 5697 2534 5760">
    <p class='ocr_par' dir='ltr' id='par_1_131' title="bbox 1950 5697 2534 5760">
     <span class='ocr_line' id='line_1_131' title="bbox 1950 5697 2534 5760; baseline -0.003 -12"><span class='ocrx_word' id='word_1_1037' title='bbox 1950 5701 1972 5730; x_wconf 79' lang='grc'><strong><em>⁶</em></strong></span> <span class='ocrx_word' id='word_1_1038' title='bbox 2009 5697 2242 5748; x_wconf 74' lang='lat' dir='ltr'><em>Additum</em></span> <span class='ocrx_word' id='word_1_1039' title='bbox 2262 5697 2350 5760; x_wconf 86' lang='grc' dir='ltr'><em>γάρ</em></span> <span class='ocrx_word' id='word_1_1040' title='bbox 2373 5711 2401 5747; x_wconf 86' lang='lat' dir='ltr'>c</span> <span class='ocrx_word' id='word_1_1041' title='bbox 2426 5697 2534 5748; x_wconf 83' lang='lat' dir='ltr'><em>Sav.</em></span> 
     </span>
    </p>
   </div>
  </div>
