4110 6318
231 375 342 428 441

226 486 294 522 eo
323 469 416 540 qui
459 478 572 525 erat
622 478 888 539 quarrunt,
931 465 1200 537 quomodo
1224 465 1434 535 genitus
1486 465 1574 518 sit.
1602 463 1656 517 Si
1705 476 1808 514 non

226 569 388 613 erant
415 559 501 613 illa
535 575 635 613 non
669 560 928 612 exstantia
951 600 965 624 ,
996 558 1192 621 dicant,
1227 555 1492 625 quomodo
1519 554 1653 608 facta
1681 553 1807 607 sint.

224 649 384 716 Quod
413 664 519 704 non
546 659 647 716 est,
682 666 785 704 non
815 650 1045 704 efficitur
1088 648 1378 702 secundum
1409 647 1700 700 humanum
1727 660 1811 698 ra-

226 740 527 806 tiocinium,
551 755 652 793 non
677 739 802 793 item
834 738 1123 794 secundum
1143 737 1372 791 divinam
1400 738 1670 790 virtutem.
1701 736 1812 788 Ali-

223 827 441 893 quando
460 827 592 883 dicit
612 827 895 883 haereticus
919 845 932 892 ;
963 828 1104 882 Dixit
1127 829 1348 891 Deus,et
1375 826 1510 880 facta
1533 835 1674 879 sunt.
1706 825 1808 880 Sed

223 932 370 971 nunc
400 932 513 973 rem
538 916 738 981 dixisti,
771 933 873 970 non
903 917 1139 972 modum.
1172 916 1315 970 Dixit
1345 916 1501 982 Deus,
1533 915 1653 968 Fiat
1679 915 1767 968 luas
1793 931 1810 967 :

228 1007 438 1062 factum
472 1017 554 1063 est
592 1009 641 1063 id
668 1009 808 1078 quod
837 1025 941 1062 non
966 1019 1100 1063 erat.
1133 1009 1324 1062 Sermo
1359 1008 1409 1060 in
1437 1022 1548 1061 rem
1577 1015 1811 1060 mutatus

221 1109 310 1152 est
332 1117 346 1163 ;
371 1107 512 1168 puta,
542 1101 653 1168 ipsa
672 1115 772 1153 vox
801 1115 1013 1168 egressa
1037 1099 1173 1153 facta
1200 1107 1282 1153 est
1306 1098 1416 1152 lux.
1440 1098 1576 1167 Ergo
1608 1111 1708 1150 non
1732 1105 1812 1150 est

219 1204 290 1241 ex
321 1205 426 1243 non
447 1190 798 1256 exstantibus,
819 1190 913 1245 sed
940 1207 1003 1244 ex
1032 1191 1312 1245 existente.
1346 1189 1475 1256 Quis
1505 1190 1647 1243 enim
1675 1189 1810 1241 ausit

219 1279 406 1335 dicere
438 1281 669 1336 Verbum
703 1299 805 1335 non
835 1282 1084 1336 exstare?
1115 1282 1255 1351 Ergo
1287 1282 1416 1335 nihil
1441 1281 1565 1336 fecit
1591 1296 1655 1334 ex
1706 1297 1809 1333 non

217 1374 575 1438 exstantibus,
607 1375 700 1428 sed
728 1391 797 1429 ex
831 1375 918 1428 illo
944 1392 955 1427 :
988 1375 1168 1442 sicque
1198 1375 1532 1441 reperiuntur
1555 1382 1811 1428 creaturae

220 1464 326 1531 ipsi
341 1465 837 1531 consubstantiales,
857 1466 1061 1535 etquod
1083 1465 1149 1519 de
1172 1465 1307 1519 Filio
1323 1467 1498 1520 dicere
1522 1466 1807 1536 refugiunt,

218 1556 275 1609 id
303 1558 561 1611 creaturis
581 1557 908 1612 adscribunt.
931 1557 1127 1613 Verum
1159 1572 1343 1611 rursus
1365 1558 1550 1611 arctati
1577 1557 1761 1612 dicunt
1785 1575 1798 1609 :

222 1649 488 1703 Voluntas
519 1651 608 1703 Dei
637 1665 696 1702 ea
723 1666 842 1719 qua:
873 1666 974 1703 non
1008 1659 1160 1704 erant
1190 1650 1366 1704 effecit
1396 1667 1408 1714 ;
1440 1651 1584 1719 atqui
1614 1650 1805 1703 volun-

217 1749 304 1794 tas
331 1740 381 1794 id
410 1740 548 1809 quod
582 1757 685 1794 non
716 1750 828 1794 erat
860 1741 1130 1810 producit;
1160 1752 1343 1794 natura
1376 1750 1552 1794 autem
1587 1742 1636 1795 id
1668 1741 1806 1810 quod

213 1841 340 1886 erat
378 1847 485 1886 non
524 1833 708 1902 gignit.
770 1836 846 1888 Ac
895 1834 1137 1887 mirabile
1195 1834 1375 1901 utique
1419 1843 1519 1887 est.
1567 1833 1806 1901 Exempli

212 1937 380 1976 causa
414 1923 604 1992 loquor
639 1939 914 1992 :suppone
941 1923 1067 1976 mihi
1103 1923 1299 1978 fontem
1323 1934 1372 1977 et
1404 1931 1609 1992 petram
1639 1941 1650 1976 :
1677 1923 1800 1992 quid

214 2015 431 2069 facilius
473 2029 663 2083 aquam
711 2017 927 2085 gignere
968 2023 1162 2084 potest,
1206 2031 1270 2068 an
1316 2014 1454 2079 fons,
1504 2031 1571 2068 an
1616 2015 1807 2083 petra?

214 2104 364 2158 Fons
388 2106 433 2158 si
459 2106 722 2175 genuerit.
752 2122 818 2160 ex
847 2106 910 2159 iis
932 2123 1048 2175 qua:
1077 2106 1256 2169 habet,
1290 2106 1508 2174 profert,
1541 2117 1684 2175 petra
1711 2122 1804 2160 ve-

211 2212 278 2250 ro
305 2211 374 2250 ex
397 2197 461 2249 iis
491 2212 609 2265 qua:
636 2212 740 2249 non
770 2196 950 2250 habet.
978 2196 1120 2266 Ergo
1147 2197 1196 2250 id
1220 2197 1362 2266 quod
1390 2212 1493 2251 non
1516 2207 1629 2252 erat
1660 2206 1805 2266 petra

208 2289 402 2355 genuit
430 2303 494 2342 ex
522 2289 587 2342 iis
618 2304 738 2356 qua:
779 2305 880 2341 non
921 2290 1148 2343 habebat
1180 2308 1191 2341 :
1222 2301 1276 2344 et
1328 2290 1446 2344 fons
1473 2308 1626 2360 quem
1658 2293 1706 2344 in
1747 2307 1807 2345 se

210 2381 422 2431 lontem
470 2377 697 2432 habebat
739 2395 842 2431 non
881 2381 1083 2449 genuit.
1119 2380 1182 2433 Et
1228 2381 1496 2449 quomodo
1525 2383 1657 2436 facta
1685 2391 1807 2433 sunt

209 2483 338 2535 qua:
369 2483 475 2520 non
507 2470 700 2521 erant?
747 2485 870 2521 num
922 2469 970 2522 id
1004 2485 1128 2522 casu
1174 2481 1226 2524 et
1257 2488 1353 2538 per
1378 2486 1435 2524 se
1490 2473 1723 2526 accidit?
1756 2474 1804 2525 id

209 2558 360 2624 quod
385 2573 491 2612 non
513 2567 644 2622 erat,
679 2573 874 2611 nomen
903 2569 1004 2620 est,
1033 2560 1268 2627 nihilque
1295 2561 1476 2612 aliud?
1504 2561 1633 2626 Quia
1661 2562 1803 2628 dico,

211 2651 296 2704 Ex
333 2664 440 2703 non
489 2650 842 2714 exstantibus,
875 2666 942 2705 ne
983 2652 1102 2704 ideo
1131 2651 1404 2705 existimes
1434 2653 1484 2705 id
1532 2655 1671 2722 quod
1702 2672 1803 2708 non

210 2748 396 2794 exstat
423 2740 619 2809 aliquid
642 2755 779 2794 esse.
811 2741 948 2810 Ergo
974 2757 1092 2794 cum
1135 2758 1237 2793 non
1271 2743 1441 2810 possis
1467 2743 1643 2798 dicere
1674 2760 1806 2813 (μιοο

209 2829 381 2884 modo
407 2829 459 2883 id
481 2829 620 2899 quod
649 2844 754 2883 non
784 2840 919 2894 crat,
949 2846 1010 2884 ex
1041 2848 1145 2884 non
1171 2842 1413 2886 exstante
1435 2849 1530 2887 seti
1555 2851 1618 2888 ex
1644 2834 1806 2888 nihilo

209 2922 413 2974 factum
439 2920 525 2985 sit,
552 2919 840 2973 audebisne
869 2921 1131 2974 curiosius
1149 2921 1416 2990 inquirere
1444 2925 1712 2992 quomodo
1761 2928 1805 2980 is

206 3012 304 3077 qui
350 3019 466 3064 erat
493 3025 557 3065 ex
584 3025 648 3064 eo
677 3011 765 3079 qui
795 3021 907 3066 erat
939 3012 1147 3081 genitus
1187 3013 1515 3070 sit?0mnes
1545 3025 1804 3069 creatura:

209 3119 325 3158 non
347 3113 499 3157 erant
518 3103 585 3156 ab
603 3104 770 3166 initio,
795 3113 850 3157 et
876 3103 1028 3158 facta:
1052 3113 1204 3157 sunt:
1226 3105 1552 3174 unigenitum
1577 3108 1803 3161 Verbum

206 3207 267 3248 et
287 3195 510 3249 Creator
531 3195 711 3247 mundi
727 3210 828 3247 non
849 3195 1016 3248 factus
1039 3205 1120 3249 est
1139 3197 1205 3249 ab
1226 3196 1394 3260 initio,
1414 3199 1505 3251 sed
1524 3208 1656 3252 erat.
1683 3200 1806 3253 flare

211 3301 324 3338 non
347 3293 572 3339 erantet
597 3283 729 3336 facta
756 3292 877 3338 sunt
910 3302 921 3336 :
955 3283 1040 3338 hic
1066 3294 1181 3339 erat
1212 3287 1262 3338 in
1293 3289 1552 3356 principio
1574 3305 1680 3342 non
1716 3290 1800 3342 fa-

206 3385 358 3440 ctus,
381 3375 464 3427 hte
489 3388 618 3428 vero
643 3373 796 3428 facta:
823 3384 943 3428 sunt
969 3376 1019 3428 in
1040 3377 1320 3446 principio,
1349 3394 1468 3433 cum
1485 3394 1587 3434 non
1604 3391 1801 3435 essent.

286 3469 343 3522 5.
378 3468 537 3522 Terra
557 3473 805 3538 quomodo
835 3474 1098 3528 invisibilis
1126 3484 1235 3528 erat
1278 3475 1328 3528 in
1354 3477 1642 3546 principio;
1678 3476 1803 3530 Fir-

209 3563 457 3614 mamenti
488 3572 532 3615 et
573 3564 685 3616 caeli
721 3566 851 3617 ratio
875 3567 1148 3619 secundant
1177 3567 1438 3622 Seueriani
1466 3581 1696 3624 mentem.
1735 3603 1804 3611 —

215 3653 382 3707 Terra
412 3665 602 3721 autem,
636 3657 822 3725 inquit,
843 3670 948 3712 erat
969 3661 1250 3714 invisibilis.
1277 3661 1414 3727 Quid
1441 3671 1543 3727 est,
1569 3663 1806 3718 Invisibi-

214 3747 283 3798 lis
308 3746 334 3797 ?
364 3746 495 3800 Novi
541 3749 739 3803 multos
766 3761 1069 3806 sanctorum
1101 3755 1318 3809 Patrum
1343 3756 1577 3811 dixisse:
1615 3757 1802 3811 Invisi-

214 3838 345 3890 bilis
372 3846 488 3891 erat
514 3848 653 3892 terra
683 3881 698 3906 ,
725 3842 977 3908 quoniam
1005 3858 1141 3912 aqua
1169 3845 1536 3900 occultabatur
1565 3847 1716 3916 (Gen.
1749 3851 1800 3902 1.

209 3929 293 3996 9).
329 3929 505 3982 Mulae
531 3939 656 3983 sunt
682 3934 962 3986 sententiae
993 3935 1091 4001 pia:
1121 3934 1357 4003 quidem,
1390 3938 1484 3990 sed
1511 3954 1618 3991 non
1643 3955 1801 3993 vene.

217 4021 462 4088 Exempli
484 4035 663 4088 causa,
694 4030 802 4077 tres
828 4023 984 4077 amici
1014 4023 1155 4089 Jobi,
1179 4039 1302 4079 cum
1332 4026 1480 4080 illum
1531 4028 1583 4081 in
1611 4044 1802 4083 aerum-

212 4113 302 4164 nis
329 4110 604 4174 viderent,
650 4121 891 4166 sanctum
918 4114 1090 4167 virum
1118 4114 1458 4181 damnarunt,
1490 4119 1638 4187 quasi
1660 4119 1801 4189 justa

212 4202 534 4270 patientem,
562 4203 918 4273 dicebantque
950 4223 962 4258 :
991 4205 1099 4258 Nisi
1127 4207 1311 4259 viduas
1355 4206 1655 4273 afflixisses,
1701 4212 1801 4266 nisi

211 4294 448 4364 pupillos
473 4295 850 4363 Oppressisses,
887 4312 1173 4364 munquam
1203 4297 1293 4348 tibi
1348 4299 1484 4351 Deus
1510 4299 1624 4353 haec
1656 4302 1797 4355 inﬂi-

210 4389 402 4441 xisset.
457 4387 523 4439 Et
568 4395 743 4440 tamen
791 4387 912 4455 quia
953 4388 1043 4440 Dei
1083 4388 1407 4455 pr0p0situm
1461 4390 1797 4458 ignorabant,

210 4477 523 4531 maluerunt
577 4477 718 4530 hunc
765 4477 1020 4532 damnare
1067 4479 1215 4546 quasi
1265 4478 1407 4548 justa
1475 4483 1799 4549 patientem,

208 4584 374 4638 quam
411 4568 596 4631 Deum,
627 4577 684 4621 ut
716 4569 906 4637 injuste
936 4569 1070 4621 mala
1100 4568 1438 4625 inferentem.
1473 4572 1564 4626 Dei
1586 4589 1801 4629 causam

209 4658 464 4728 agebant,
506 4668 560 4711 et
613 4668 786 4711 tamen
831 4660 968 4713 Deus
1000 4661 1117 4713 illos
1168 4663 1407 4730 coarguit
1442 4683 1453 4716 :
1488 4664 1660 4729 Quare
1700 4683 1798 4719 non

209 4750 410 4818 loquuti
460 4749 574 4802 estis
602 4760 738 4801 recta
767 4749 1004 4802 adversus
1034 4763 1229 4802 servant
1261 4769 1421 4805 meum
1452 4753 1570 4824 (Job
1597 4756 1686 4809 4‘2.
1723 4757 1795 4826 7).

211 4846 312 4899 Est
356 4844 514 4912 igitur
537 4844 799 4897 sententia
829 4844 912 4910 pia
944 4842 1179 4912 quidem,
1215 4844 1307 4896 sed
1353 4860 1457 4899 non
1486 4861 1630 4900 vera.
1662 4849 1798 4913 Quid

206 4947 296 4992 est
324 4937 500 5004 igitur,
531 4935 688 4989 Terra
725 4945 890 4987 autem
915 4944 1020 4987 erat
1045 4935 1305 4987 invisibilis
1332 4945 1377 4987 et
1423 4937 1799 5006 incomposita?

209 5029 540 5097 lnterpretes
581 5027 724 5081 clare
767 5036 1148 5094 exposuerunt.
1200 5028 1288 5080 Ait
1338 5029 1479 5081 enim
1533 5029 1720 5099 Aquila
1781 5048 1794 5082 :

209 5119 373 5173 Terra
401 5127 566 5170 autem
593 5129 701 5173 erat
757 5119 980 5172 inanitas
1025 5128 1070 5173 et
1117 5119 1263 5172 nihil.
1313 5119 1590 5176 Invisibilis
1618 5132 1794 5177 autem

204 5209 428 5273 dicitur,
465 5222 569 5261 non
590 5207 733 5276 quod
753 5224 856 5261 non
887 5217 1191 5277 appareret,
1224 5207 1408 5278 sed,ut
1433 5212 1551 5279 quis
1572 5211 1790 5277 dixerit,

203 5306 478 5359 inornata.
500 5301 743 5357 Nondum
771 5311 884 5356 erat
905 5303 1020 5356 lmta
1042 5303 1250 5372 plantis,
1275 5304 1508 5358 nondum
1538 5303 1795 5358 fructibus

202 5404 485 5463 coronata,
515 5394 750 5449 nondum
777 5393 949 5448 fluviis
993 5407 1046 5449 et
1073 5395 1307 5449 fontibus
1329 5397 1521 5460 cincta,
1554 5397 1787 5450 nondum

199 5488 325 5540 aliis
376 5485 642 5556 variisque
692 5485 1018 5540 ornamentis
1057 5486 1270 5551 decora,
1303 5499 1522 5556 eratque
1553 5489 1790 5542 invisibi-

199 5581 268 5634 lis
288 5579 524 5632 nondum
546 5581 800 5633 instructa
828 5578 1074 5647 gignendi
1106 5579 1374 5633 facultate.
1405 5582 1492 5633 Ait
1519 5581 1787 5649 Scriptura

200 5671 272 5724 de
303 5671 535 5738 quodam
580 5671 695 5724 viro
727 5668 844 5723 forti
881 5679 934 5722 et
964 5669 1232 5722 formoso:
1266 5669 1450 5724 Nonne
1488 5673 1567 5723 hic
1588 5689 1788 5740 percus-

200 5763 265 5821 sit
291 5764 453 5816 virum
483 5761 793 5833 zEgyptium
824 5763 1061 5818 visibilem
1092 5762 1165 5829 (‘2.
1204 5762 1328 5831 Reg.
1359 5763 1445 5818 25.
1476 5764 1536 5820 21
1563 5766 1580 5836 )
1603 5767 1623 5816 2'
1657 5765 1787 5818 Nunt

1265 349 1350 406 DE
1389 347 1598 405 MUNDI
1637 344 2031 402 CllEATlDNE
2072 345 2328 403 ORATIO
2367 347 2430 400 11.

3394 367 3507 422 442

1920 470 2003 515 est
2030 475 2158 529 ergo
2189 462 2268 514 vir
2300 460 2621 514 invisibilis?
2667 460 2771 515 Sed
2804 460 2995 530 dignus
3027 469 3139 522 est,
3172 461 3337 530 inquit
3367 503 3380 525 ,
3411 463 3501 530 qui

1919 553 2256 621 suspiciatnr.
2297 550 2752 618 Quemadmodum
2804 552 2962 620 igitur
3009 551 3313 621 IEgyptium
3369 551 3500 604 dixit

1918 647 2088 699 virum
2143 645 2424 710 visibilem,
2470 659 2568 699 ceu
2613 644 2826 712 digmun
2877 644 3180 712 spectaculo
3235 661 3248 694 :
3287 645 3364 697 sic
3400 652 3505 695 ler-

1919 751 2031 789 ram
2088 735 2367 790 informem
2411 734 2725 789 invisibilem
2773 734 2923 787 dixit.
2954 733 3200 788 Secundo
3238 733 3323 788 die
3368 731 3501 786 dixit

1921 827 2058 880 Deus
2117 843 2128 878 :
2189 825 2309 878 Fiat
2367 826 2737 892 ﬁrmamentum
2784 825 2834 876 in
2885 825 3049 876 medio
3087 839 3233 891 aqua:
3263 864 3278 889 ,
3325 831 3372 875 et
3432 822 3498 874 sit

1919 917 2142 968 dividens
2161 917 2288 968 inter
2312 932 2494 983 aquam
2521 924 2568 968 et
2588 931 2772 982 aquam
2795 913 2946 983 (Gen.
2976 916 3026 968 1.
3052 913 3128 985 6).
3166 914 3311 968 Fecit
3339 914 3499 982 igitur

1920 1004 2020 1058 hoc
2046 1006 2255 1070 caelum,
2287 1019 2392 1057 non
2421 1019 2547 1058 vero
2569 1005 2756 1058 czelutn
2781 1005 3046 1073 superius,
3083 1003 3176 1058 scd
3200 1003 3327 1057 illud
3357 1003 3502 1072 quod

1918 1097 2161 1163 videtur,
2211 1111 2280 1152 ex
2330 1097 2480 1164 aquis
2507 1112 2698 1166 nempe
2728 1097 2961 1166 et'ystalli
3005 1098 3170 1150 instar
3213 1097 3500 1150 concretis.

1923 1191 2088 1243 \‘elint
2119 1204 2232 1244 rem
2265 1188 2356 1243 tibi
2393 1190 2442 1242 itt
2469 1200 2810 1256 ουιιενοειιιιιι
2840 1189 2967 1243 dare
3007 1207 3018 1242 :
3056 1190 3220 1242 multa
3251 1190 3392 1242 enim
3434 1204 3503 1242 cx

1917 1285 2030 1335 visu
2064 1293 2247 1336 nostro
2274 1283 2462 1336 melius
2485 1299 2639 1350 quam
2672 1282 2834 1336 verbo
2879 1283 3178 1335 traduntur.
3216 1283 3338 1335 lla-c
3364 1297 3498 1350 aqua

1917 1390 2076 1442 supra
2102 1383 2296 1428 terram
2326 1373 2615 1436 eminebat,
2646 1373 2791 1427 verbi
2821 1388 3002 1437 causa,
3035 1373 3226 1427 cubitis
3260 1373 3494 1441 triginta.

1917 1463 2224 1518 Tunedixit
2252 1465 2388 1516 Deus
2423 1482 2432 1515 :
2471 1461 2587 1514 Fiat
2617 1464 2991 1531 ﬁrmamentum
3026 1464 3078 1516 in
3121 1465 3286 1517 medio
3313 1478 3456 1533 aqua:
3484 1479 3502 1516 :

1919 1556 2239 1624 domumque
2287 1556 2335 1608 in
2388 1555 2564 1608 medio
2593 1571 2851 1624 aquarum
2882 1555 3153 1611 concretio
3180 1557 3229 1609 in
3263 1557 3500 1626 crystalli

1917 1646 2256 1711 moremf‘uit,
2284 1646 2580 1713 levavitque
2605 1646 2832 1699 mediam
2862 1656 3066 1714 partem
3096 1661 3228 1714 aqua
3262 1662 3495 1710 sursum,

1916 1738 2144 1790 mediam
2181 1752 2310 1791 vero
2355 1736 2576 1791 inferius
2620 1737 2853 1804 reliquit,
2900 1737 3038 1790 sicut
3062 1738 3316 1806 scriptum
3353 1746 3433 1791 est
3481 1757 3494 1792 :

1919 1829 2033 1882 Fiat
2056 1830 2429 1897 ﬁrmamentum
2452 1830 2503 1882 in
2529 1830 2690 1883 medio
2716 1845 2879 1899 aqum,
2907 1837 2952 1882 et
2974 1830 3066 1883 erit
3110 1829 3336 1882 dividens
3364 1830 3494 1881 inter

1914 1938 2097 1990 aquam
2118 1930 2162 1973 et
2188 1938 2391 1990 aquam.
2415 1922 2521 1975 Cur
2547 1931 2722 1975 autem
2748 1920 2873 1974 illud
2898 1922 3289 1975 firmamentum
3309 1931 3460 1975 vocat
3478 1922 3501 1971 ‘i

1913 2011 2043 2076 Quia
2075 2011 2322 2064 nimirum
2353 2027 2416 2065 ex
2449 2012 2651 2065 rariore
2696 2021 2750 2064 ct
2791 2011 3047 2065 dissoluta
3089 2027 3344 2081 aquarum
3375 2012 3500 2066 Stib-

1912 2103 2102 2156 stantia
2131 2102 2258 2157 illud
2287 2104 2533 2156 firmavit.
2559 2103 2680 2157 Ideo
2706 2103 2868 2156 David
2892 2119 3104 2172 quoque
3128 2104 3200 2156 ait
3231 2123 3242 2157 :
3266 2102 3499 2155 Laadate

1913 2211 2025 2248 eum
2059 2195 2111 2245 in
2137 2195 2455 2262 ﬁrmamento
2486 2195 2687 2246 virtutis
2717 2197 2824 2264 ejus
2854 2193 3023 2263 (l’sal.
3061 2195 3185 2248 150.
3217 2196 3236 2248 Ι
3262 2196 3301 2264 ).
3355 2195 3421 2247 Et
3442 2204 3500 2247 ιιι

1913 2288 2018 2340 alio
2063 2296 2179 2340 utar
2221 2288 2468 2354 exemplo
2501 2304 2511 2339 :
2542 2285 2988 2354 quetnadntodum
3037 2287 3212 2340 fumus
3233 2324 3248 2352 ,
3281 2301 3401 2338 cum
3429 2301 3495 2338 ex

1913 2378 2068 2447 lignis
2099 2384 2153 2430 et
2185 2375 2306 2446 igne
2351 2376 2665 2439 cmerserit,
2696 2375 2867 2428 rarior
2907 2384 2991 2429 est
3038 2384 3197 2443 atque
3244 2375 3496 2439 mollior;

1911 2484 2031 2522 cum
2054 2478 2230 2521 autem
2248 2468 2303 2521 in
2329 2467 2557 2521 sublime
2578 2467 2900 2528 ascenderit,
2932 2467 2983 2519 in
3007 2466 3162 2519 nubis
3179 2466 3496 2520 densitatem

1912 2566 2183 2611 mutatur:
2217 2558 2294 2610 sic
2325 2571 2580 2625 aquarum
2606 2556 2814 2608 illarum
2859 2557 3122 2609 rariorum
3165 2565 3410 2610 naturam
3444 2556 3496 2609 in

1911 2649 2137 2702 sublime
2158 2647 2369 2700 ductant
2392 2648 2528 2701 Deus
2552 2647 2665 2699 fixit
2693 2655 2746 2700 et
2763 2647 3136 2700 consolidavit.
3166 2647 3300 2701 Rem
3319 2657 3494 2700 autem

1911 2756 2027 2793 esse
2055 2753 2233 2791 veram
2269 2739 2579 2792 testificatur
2623 2736 2788 2791 Isaias
2833 2737 3015 2790 dicens
3043 2754 3057 2791 :
3088 2736 3281 2790 (Ia'lum
3329 2748 3380 2790 ut
3409 2742 3494 2809 fu-

1911 2848 2021 2884 mus
2053 2833 2285 2900 ﬁrmatus
2325 2841 2396 2884 est
2431 2829 2586 2900 (lsai.
2613 2831 2698 2884 51.
2731 2831 2763 2885 6
2790 2831 2828 2900 ).
2863 2831 3060 2884 (Ξίιιιιιιιι
3091 2832 3268 2900 itaque
3297 2832 3346 2885 in
3380 2848 3493 2886 nte-

1911 2924 1999 2976 dio
2027 2938 2282 2990 aquarum
2313 2932 2620 2977 concretum
2654 2963 2669 2988 ,
2697 2923 2971 2976 dimidiam
2999 2937 3257 2991 aquarum
3295 2933 3495 2992 partem

1912 3019 1963 3070 in
1993 3016 2222 3070 sublime
2255 3016 2467 3070 levavit.
2520 3016 2628 3069 Cur
2656 3024 2835 3069 autem
2867 3030 3018 3084 aqua:
3061 3015 3164 3068 illa:
3206 3031 3452 3083 super-me
3480 3055 3496 3079 ,

1909 3122 1962 3164 et
1989 3111 2074 3164 etti
2098 3109 2248 3163 usui?
2274 3125 2339 3162 an
2365 3118 2420 3162 ttt
2445 3110 2565 3178 quis
2587 3109 2754 3174 bibat,
2784 3123 2850 3160 an
2877 3117 2933 3161 tit
2957 3109 3076 3176 quis
3098 3108 3343 3176 naviget?
3367 3107 3495 3160 Nam

1909 3215 2073 3268 aquas
2099 3214 2329 3266 superne
2359 3200 2560 3266 positas
2591 3212 2710 3252 esse
2738 3197 3050 3252 teSIiftcatur
3075 3197 3235 3250 David
3265 3197 3452 3250 dicens
3478 3215 3491 3249 :

1911 3291 1977 3344 Et
2007 3309 2139 3360 aqua
2168 3308 2281 3360 qua:
2307 3308 2456 3361 super
2486 3291 2635 3344 aulas
2662 3301 2733 3343 est
2757 3290 2926 3357 (Psal.
2962 3291 3085 3345 148.
3113 3292 3145 3344 4
3165 3291 3207 3360 ).
3239 3291 3494 3344 Animad-

1909 3395 2056 3439 verte
2095 3385 2205 3453 jam
2255 3384 2527 3438 Creatoris
2577 3384 2912 3452 sapientiam.
2960 3382 3337 3453 Crystallinum
3383 3393 3499 3437 erat

1910 3479 2179 3534 cmhnnex
2208 3478 2358 3546 aquis
2388 3486 2697 3530 concretum
2721 3494 2733 3529 :
2762 3477 2884 3544 quia
2907 3476 3049 3530 enim
3076 3477 3203 3530 solis
3230 3475 3495 3529 ﬂammam

1910 3578 2281 3638 suscepturum
2311 3579 2425 3622 erat
2452 3579 2612 3636 atque
2643 3567 2802 3633 lnam,
2837 3582 3044 3621 necnon
3088 3566 3344 3620 infinitam
3368 3567 3499 3619 stel-

1911 3660 2080 3713 larum
2113 3659 2532 3724 multitudinem,
2575 3659 2918 3727 futurumque
2946 3666 3061 3712 erat
3090 3667 3146 3711 ut
3177 3667 3346 3711 totum
3375 3657 3497 3728 igne

1910 3755 2231 3823 replerelur,
2265 3768 2331 3806 ne
2358 3768 2420 3805 ex
2465 3752 2645 3806 calore
2674 3752 2840 3806 nimio
2872 3751 3172 3806 solveretur
3197 3760 3288 3805 aut
3319 3767 3499 3806 urere-

1913 3857 2029 3912 tur,
2060 3847 2221 3901 dorso
2250 3847 2366 3899 Caeli
2413 3845 2705 3898 constravit
2744 3845 2834 3898 illa
2883 3860 3144 3914 aquarum
3177 3845 3344 3898 maria
3370 3886 3385 3910 ,
3441 3853 3498 3897 ut

1910 3937 2025 4005 ejus
2055 3937 2212 3990 dorsa
2258 3936 2527 3989 emolliret
2571 3944 2730 4003 atque
2777 3935 2975 4000 finiret,
3009 3947 3063 3988 et
3089 3936 3164 3988 sic
3203 3943 3383 4002 pos-set
3412 3949 3495 3986 re-

1911 4028 2098 4079 sistere
2126 4024 2373 4086 flannme,
2409 4039 2507 4077 nec
2548 4034 2858 4078 torreretur.
2894 4025 3208 4092 Exemplum
3239 4026 3289 4076 in
3336 4040 3496 4076 matiu

1910 4119 2073 4174 habes
2106 4135 2117 4170 :
2150 4118 2194 4173 si
2238 4117 2394 4171 hodie
2426 4116 2652 4171 lebetetn
2681 4118 2786 4186 igni
2820 4117 3136 4184 imposueris
3160 4158 3176 4182 ,
3219 4117 3264 4169 si
3305 4132 3496 4186 aquam

1912 4212 2123 4275 habeat,
2161 4211 2267 4280 igni
2297 4209 2530 4273 resistit;
2567 4210 2648 4262 sin
2672 4224 2776 4262 non
2807 4209 3018 4275 habeat,
3042 4209 3383 4264 dissolvitur:
3417 4211 3496 4264 sic

1913 4303 2062 4357 Deus
2107 4302 2210 4371 igni
2240 4303 2597 4356 adversariam
2630 4302 2807 4370 posuit
2843 4317 3034 4370 aquam
3059 4343 3073 4365 ,
3106 4312 3165 4356 ut
3206 4302 3496 4371 perdurare

1909 4402 2123 4462 posset,
2157 4407 2228 4446 ex
2274 4393 2425 4462 aquis
2454 4407 2665 4446 sursum
2711 4393 2841 4447 illud
2873 4393 3202 4449 linientibus.
3256 4395 3332 4447 Ac
3378 4394 3497 4450 vide

1908 4499 2019 4537 rem
2051 4484 2238 4536 miram
2272 4501 2286 4536 :
2322 4493 2522 4537 tantum
2549 4483 2781 4537 abundat
2814 4483 3029 4538 humida
3063 4485 3359 4539 substantia
3391 4499 3495 4538 ca:-

1909 4575 2025 4629 lesti
2062 4574 2272 4643 corpori
2307 4575 2579 4642 imposita,
2615 4583 2758 4628 tanto
2780 4574 2906 4628 licet
2928 4575 3244 4629 adversante
3273 4577 3412 4643 igne,
3439 4585 3496 4628 ut

1907 4669 2067 4720 etiam
2099 4677 2255 4720 terra:
2285 4666 2608 4721 commodet.
2638 4665 2768 4719 Nam
2797 4665 2938 4719 unde
2984 4665 3114 4722 ros?
3147 4665 3326 4720 Nubes
3367 4681 3495 4720 nus-

1906 4774 2066 4829 quam
2112 4767 2228 4823 est,
2280 4773 2371 4811 aer
2413 4773 2603 4825 aquam
2664 4770 2771 4809 non
2820 4755 3015 4821 habet;
3055 4773 3251 4826 nempe
3301 4758 3492 4812 caelum

1906 4867 1969 4905 ex
2018 4849 2471 4917 superabundanti
2524 4863 2660 4916 aqua
2734 4847 2974 4901 distillat.
3034 4847 3158 4902 Ideo
3209 4848 3355 4901 Isaac
3403 4864 3494 4917 pa-

1907 4941 2134 4996 triarcha
2165 4955 2285 4993 cum
2313 4938 2513 4992 Jacobo
2542 4939 2880 4993 benediceret
2901 4979 2917 5004 ,
2947 4940 3158 4994 dicebat
3201 4957 3214 4992 :
3265 4939 3362 4992 Det
3407 4939 3495 4992 tibi

1905 5033 2041 5085 Deus
2059 5033 2120 5082 de
2150 5046 2262 5082 rore
2290 5030 2399 5083 cwli
2433 5041 2477 5082 ct
2497 5030 2558 5082 de
2581 5031 2884 5100 pinguedine
2908 5041 3054 5084 terra:
3080 5030 3232 5101 (Gen.
3248 5031 3340 5084 27.
3362 5030 3482 5100 28).

1976 5124 2028 5177 4.
2062 5123 2223 5174 Aiunt
2253 5137 2395 5183 vero,
2431 5121 2642 5189 fratres,
2689 5123 2743 5176 in
2790 5121 2878 5176 die
2899 5123 3084 5191 judicii
3111 5165 3126 5189 ,
3154 5138 3490 5177 recessuram

1903 5229 2090 5282 aquam
2121 5214 2265 5266 illam
2288 5229 2597 5282 supernam,
2639 5216 2935 5284 czelumque
2976 5217 3206 5270 solutum
3235 5216 3296 5271 iri
3322 5258 3337 5283 ,
3367 5230 3487 5270 cum

1903 5324 2006 5361 non
2048 5308 2181 5360 ultra
2234 5307 2538 5362 habiturum
2583 5308 2652 5360 sit
2681 5308 2823 5361 illam
2880 5323 3134 5377 aquarum
3177 5310 3395 5374 molem,
3436 5315 3488 5360 et

1903 5398 2017 5451 fore
2045 5405 2102 5449 ut
2129 5398 2298 5451 stella:
2326 5400 2557 5460 cadant,
2610 5413 2730 5451 cum
2762 5414 2860 5453 nec
2887 5404 3022 5452 viam
3073 5415 3172 5453 nec
3203 5400 3487 5453 stationem

1903 5488 2037 5539 ultra
2073 5488 2330 5542 habiturae
2361 5490 2486 5541 sint.
2519 5488 2642 5541 Hinc
2672 5503 2832 5557 porro
2861 5506 2963 5542 non
2993 5500 3192 5544 temere
3220 5489 3481 5550 dicimus;

1902 5579 1994 5633 sed
2017 5581 2287 5648 Scriptura
2313 5579 2471 5634 docet
2503 5597 2513 5632 :
2551 5579 2744 5634 Ctelum
2771 5582 2914 5634 enim
2944 5581 3262 5634 convolvetur
3285 5593 3338 5631 ut
3357 5582 3484 5631 liber

1901 5671 2054 5738 (Istti.
2091 5674 2178 5727 3i.
2209 5674 2299 5742 4);
2331 5688 2523 5742 nempe
2570 5672 2817 5727 adustum
2848 5688 2863 5726 :
2892 5672 3032 5741 quod
3064 5671 3204 5725 enim
3241 5669 3484 5725 aduritur

1903 5767 2233 5821 convolvitur
2259 5781 2270 5819 :
2292 5776 2333 5820 ct
2365 5767 2523 5821 stella:
2548 5768 2728 5821 caa’cnt
2758 5769 2886 5821 sicut
2914 5767 3035 5835 folia
3071 5766 3197 5819 ritis.
3235 5764 3484 5829 Attende,
