4110 6318
652 341 766 397 443

650 456 850 510 quaeso,
883 449 938 498 et
962 441 1124 498 alium
1155 458 1329 499 usum.
1362 445 1527 514 Aqua:
1559 445 1660 500 illa:
1687 461 1840 514 ,-qu:e
1874 461 2031 516 super
2061 448 2224 501 melus

654 545 798 601 sunt,
831 551 935 589 non
965 534 1124 590 modo
1146 537 1332 592 cadum
1369 549 1687 593 conservant
1715 578 1727 602 ,
1761 538 1853 593 sed
1895 541 2056 594 etiam
2087 537 2235 591 flani-

660 643 802 680 Inam
831 627 958 683 solis
985 637 1040 681 et
1069 626 1208 682 lume
1237 629 1506 683 emittunt.
1536 630 1590 685 Si
1617 631 1758 685 enim
1789 631 2107 700 pellucidum
2149 645 2237 685 es-

647 725 732 771 set
757 718 968 784 caelum,
1016 720 1193 774 omnis
1231 720 1345 788 ejus
1393 721 1646 789 splendor
1684 738 1893 777 sursum
1941 732 2230 785 curreret,

645 809 784 879 ignis
835 811 1032 880 quippe
1083 827 1201 867 cum
1257 829 1469 868 sursum
1518 816 1740 881 tendat,
1800 826 1995 871 terram
2047 816 2232 871 deser-

644 911 753 952 tam
782 901 1127 970 relinqueret.
1183 903 1384 958 idcirco
1432 905 1591 976 igitur
1628 917 1794 960 totum
1836 907 2026 960 cmlum
2069 921 2232 975 supc-

649 990 766 1046 rius
797 991 1072 1048 immensis
1119 996 1273 1064 aquis
1300 995 1610 1052 addensavit
1637 1040 1652 1065 ,
1715 1009 1770 1051 nt
1815 999 2066 1069 splendor
2112 1013 2234 1054 coa-

641 1089 762 1136 ctus
813 1081 951 1137 infra
997 1082 1364 1141 descenderet.
1413 1086 1546 1142 Vide
1606 1089 1837 1143 Artiﬁcis
1891 1091 2230 1159 sapientiam.

643 1169 820 1226 llabes
846 1181 1026 1228 autem
1052 1175 1102 1228 in
1131 1176 1301 1244 teipso
1329 1177 1605 1246 sapientiae
1631 1179 1868 1234 Artiﬁcis
1899 1181 2180 1251 imaginem
2208 1198 2224 1242 ;

643 1262 773 1316 fecit
802 1265 996 1333 quippe
1024 1266 1164 1319 Deus
1194 1267 1354 1322 etiam
1382 1269 1434 1322 in
1465 1278 1516 1323 te
1558 1280 1790 1340 quatuor
1831 1272 2223 1326 elementorum

640 1351 893 1423 efﬁgiem.
917 1355 1318 1425 Animadverte,
1342 1374 1524 1428 quzeso
1548 1379 1560 1414 :
1582 1362 1753 1430 cogita
1778 1363 1908 1416 mihi
1940 1373 2098 1433 caput
2127 1367 2227 1417 hoc

640 1458 759 1499 esse
781 1446 970 1501 eielum
1012 1449 1296 1517 superius;
1332 1466 1452 1520 quae
1483 1466 1644 1521 supra
1676 1453 1911 1523 linguam
1944 1466 2089 1520 sunt,
2122 1472 2227 1510 ca:-

641 1534 750 1588 lum
772 1537 1017 1604 alterum,
1046 1539 1097 1593 id
1129 1549 1208 1594 est
1241 1540 1633 1597 ﬁrmamentum
1667 1563 1679 1598 :
1716 1545 1949 1616 indeque
1971 1557 2050 1602 est
2076 1549 2215 1618 quod

640 1632 905 1697 οὖρανίσκος
927 1670 941 1693 ,
970 1631 1081 1684 sive
1114 1649 1331 1701 parvum
1379 1637 1570 1689 etelum
1601 1645 1838 1692 vocetur.
1872 1637 2129 1709 Superius
2172 1643 2222 1693 in

644 1717 783 1774 locis
821 1720 1016 1775 abditis
1068 1723 1371 1790 cerebrum,
1416 1727 1555 1795 quod
1586 1743 1690 1782 non
1725 1728 1936 1783 videtur
1964 1772 1977 1792 ,
2009 1731 2226 1787 inferius

641 1809 844 1880 lingua,
867 1827 986 1882 qua:
1001 1814 1100 1868 sub
1125 1825 1399 1884 aspectum
1429 1817 1603 1871 cadit.
1635 1818 2095 1884 Quemadmodum
2129 1821 2224 1891 igi-

640 1911 727 1954 tur
751 1903 938 1957 czelum
961 1905 1207 1971 superius
1235 1905 1287 1958 in
1321 1907 1673 1962 invisibilibus
1705 1918 1806 1973 cst,
1833 1909 2062 1966 mundus
2095 1926 2224 1965 vero

637 1991 692 2045 in
714 1992 843 2046 locis
859 1991 924 2046 de
941 1994 1134 2063 quibus
1160 1995 1455 2063 loquimur:
1477 2012 1540 2050 ac
1563 1998 2010 2066 quemadmodum
2034 2002 2085 2054 in
2108 2002 2220 2055 elc-

639 2083 838 2138 mentis
881 2093 1074 2139 terram
1121 2089 1386 2156 comperis
1433 2103 1553 2144 esse
1580 2105 1819 2159 gravem,
1847 2106 2040 2160 aquam
2095 2107 2222 2146 vero

635 2181 778 2230 terra
836 2176 1116 2243 leviorem,
1171 2179 1292 2248 igne
1329 2181 1666 2248 graviorem;
1699 2196 2016 2252 rursumque
2039 2199 2218 2239 aerem

633 2267 786 2336 aquis
812 2268 1086 2332 leviorem,
1120 2271 1239 2339 igne
1266 2273 1562 2339 graviorem
1591 2290 1604 2326 :
1632 2275 1708 2326 sic
1753 2283 1808 2328 et
1838 2276 1889 2328 in
1919 2275 2071 2328 nobis
2098 2290 2222 2329 sen-

631 2373 746 2424 sus,
778 2369 982 2428 gustus,
1016 2359 1290 2424 odoratus,
1319 2361 1552 2426 auditus,
1575 2363 1720 2418 visus
1741 2379 1839 2418 nec
1863 2379 2049 2419 omnes
2071 2365 2218 2420 simi-

632 2449 712 2503 les
747 2459 887 2505 sunt.
925 2451 1058 2506 Rem
1108 2453 1394 2521 comproba
1431 2471 1442 2508 :
1476 2453 1520 2508 si
1551 2455 1682 2508 velis
1716 2455 1913 2524 aliquid
1954 2467 2170 2525 gustare
2200 2499 2214 2524 ,

632 2542 731 2594 nisi
776 2542 966 2612 linguae
993 2543 1282 2599 admoveas
1311 2587 1324 2609 ,
1359 2546 1506 2600 nullo
1547 2556 1735 2616 gustus
1765 2562 1924 2602 sensu
1957 2549 2208 2604 afﬁceris.

629 2632 874 2686 Crassior
902 2634 1095 2704 quippe
1126 2650 1314 2691 sensus
1349 2647 1454 2701 est,
1488 2651 1588 2692 nec
1621 2646 1794 2707 potest
1825 2639 2007 2708 prorul
2045 2639 2219 2708 perci-

631 2737 782 2791 pere.
814 2723 1050 2779 Olfactns
1083 2742 1206 2780 vero
1236 2727 1417 2796 procul
1445 2729 1675 2798 percipit
1705 2745 1720 2793 ;
1748 2729 1978 2798 exempli
2025 2744 2212 2796 causa,

631 2827 730 2880 per
785 2811 1000 2868 domum
1054 2817 1287 2881 transis,
1328 2817 1509 2872 odoris
1554 2818 1899 2888 fragrantiam
1957 2821 2214 2890 percipis,

629 2918 789 2970 quam
819 2919 923 2957 non
949 2904 1116 2960 vides.
1149 2905 1357 2961 Rursus
1396 2909 1541 2962 visus
1579 2908 1776 2962 olfactu
1820 2910 2048 2963 celerior
2087 2920 2168 2964 est
2197 2927 2211 2963 :

629 2994 771 3049 videt
814 2998 955 3051 enim
1005 3012 1070 3051 ex
1107 3011 1286 3053 monte
1325 2999 1482 3053 latam
1525 3000 1817 3067 planitiem.
1860 3001 1990 3056 Visu
2028 3016 2214 3056 rursus

629 3103 782 3142 mens
795 3091 998 3144 acutior
1020 3093 1238 3146 :cazlum
1269 3093 1485 3163 cogitat,
1511 3101 1726 3159 terram,
1752 3109 1919 3159 mare,
1945 3103 1999 3148 et
2021 3094 2213 3164 ubique

629 3179 917 3234 invenitur.
1818 3245 1823 3250 .

711 3274 857 3329 Meus
886 3275 1136 3344 quomodo
1181 3285 1253 3329 est
1303 3276 1471 3346 imago
1505 3277 1620 3331 Dei.
1666 3276 1898 3331 Historia
1923 3276 2208 3344 cuiusdam,

628 3371 716 3439 qui
738 3386 800 3423 ex
825 3367 1226 3434 sanctiﬁcatione
1252 3367 1445 3420 volebat
1476 3369 1766 3420 detruncari
1787 3369 1936 3433 illud,
1961 3367 2213 3421 Dominus

629 3460 908 3513 sabaoth...
949 3487 1019 3496 -—
1041 3456 1163 3511 ldeo
1194 3456 1366 3524 imago
1395 3458 1486 3511 Dei
1519 3473 1669 3512 mens
1694 3468 1795 3512 est.
1828 3459 1974 3512 Mens
1994 3459 2209 3528 cogitat,

629 3566 860 3620 moxque
881 3551 932 3602 in
957 3565 1014 3603 se
1042 3550 1148 3601 fora
1177 3559 1344 3615 creat,
1381 3550 1585 3603 turbam
1617 3551 1716 3605 sibi
1744 3550 2002 3620 depingit,
2028 3560 2082 3605 ct
2112 3567 2208 3620 po-

628 3642 830 3711 pulum.
864 3639 1191 3694 Ernbeseant
1220 3640 1471 3692 haeretici.
1507 3641 1655 3694 Mens
1687 3642 1808 3693 talia
1836 3651 2088 3709 operatur
2113 3684 2128 3707 ,
2158 3653 2212 3696 et

630 3733 824 3788 mentis
851 3731 1075 3796 Artifex,
1103 3733 1246 3785 onmi
1295 3731 1490 3785 olfactu
1518 3733 1764 3785 subtilior
1785 3775 1799 3798 ,
1831 3749 1934 3786 non
1981 3735 2209 3788 celerio-

631 3844 743 3882 rem
776 3826 936 3880 habet
966 3825 1351 3894 operationcm,
1374 3840 1478 3879 non
1511 3836 1807 3894 promptam
1837 3826 2051 3880 creandi
2078 3827 2208 3892 vim,

634 3938 737 3973 non
776 3918 1366 3986 incomprehensibilcm
1392 3927 1633 3970 naturam
1653 3917 1675 3969 ?
1705 3916 1840 3970 Volo
1864 3928 2063 3984 autem,
2098 3919 2208 3972 fra-

635 4019 742 4063 tres
775 4051 788 4072 ,
845 4023 957 4061 rem
986 4007 1136 4060 vobis
1163 4007 1341 4060 dicere
1370 4006 1683 4059 illSUit'chm
1714 4007 1928 4075 quidem
1957 4016 2210 4077 quantum

632 4101 698 4152 ad
753 4098 1099 4166 impietatem,
1143 4097 1238 4150 sed
1284 4097 1402 4150 ﬁdei
1452 4112 1741 4152 censonam
1770 4138 1784 4162 ,
1840 4110 2094 4167 quantum
2147 4101 2212 4154 ad

633 4204 892 4253 examen;
923 4197 980 4242 ut
1025 4186 1241 4241 discetis
1282 4196 1477 4256 quanta
1523 4197 1575 4240 et
1617 4203 1774 4256 quam
1815 4203 1959 4243 nova
2007 4199 2215 4244 moveat

633 4279 896 4342 diabolus,
924 4288 1116 4346 quanta
1143 4279 1393 4345 reperiat,
1426 4290 1621 4346 quanta
1653 4288 1902 4347 suggerat
1929 4280 2212 4340 lueretieis.

631 4369 716 4422 vel
775 4369 824 4420 hi
880 4369 1052 4435 potius
1099 4366 1329 4420 diabolo.
1384 4367 1552 4421 llodie
1599 4369 1860 4435 quispiam
1906 4369 2210 4435 haereticus,

633 4458 985 4529 pr'JPSClllibus
1014 4458 1211 4514 sanctis
1243 4457 1371 4510 viris
1395 4465 1447 4511 et
1473 4457 1706 4525 patribus
1731 4499 1745 4521 ,
1777 4472 1872 4510 nos
1893 4460 2215 4512 conveniens

633 4552 844 4606 dicebat
876 4569 887 4604 :
921 4551 1032 4604 inec
1061 4550 1182 4604 dico
1208 4559 1406 4611 autem,
1445 4565 1510 4602 ne
1539 4564 1622 4602 res
1649 4549 1800 4601 aliter
1831 4549 2030 4612 audita,
2061 4549 2215 4602 aliter

634 4645 789 4697 feriat
821 4659 833 4694 :
866 4643 1040 4708 Pater,
1068 4641 1261 4702 aiebat,
1291 4650 1344 4693 et
1369 4640 1534 4693 Filius
1559 4640 1855 4707 etSpiritns
1872 4649 2087 4693 sanctus
2114 4653 2214 4692 una

633 4733 903 4793 divinitas,
941 4749 1040 4786 una
1066 4735 1250 4794 virtus,
1284 4747 1447 4787 unum
1482 4747 1725 4799 regnum.
1760 4732 1985 4797 Oportet
2013 4738 2214 4792 autem,

637 4827 828 4894 inquit,
861 4823 1068 4878 auferre
1095 4824 1162 4876 ab
1192 4823 1370 4875 animo
1404 4824 1441 4885 ί,
1475 4839 1577 4874 non
1611 4822 1751 4872 enim
1781 4822 1849 4873 ab
1876 4821 2028 4874 altari
2054 4819 2172 4874 dico
2201 4862 2212 4882 ,

636 4933 703 4970 ne
737 4917 787 4969 in
820 4915 1235 4969 sanctiﬁcatione
1278 4915 1501 4975 dicatur,
1536 4914 1772 4975 Sanctus,
1833 4921 2058 4975 sanctus,
2101 4928 2218 4962 san-

639 5019 751 5059 ctus
779 5005 1029 5059 Dominus
1058 5007 1305 5060 Sabaoth.
1333 5006 1440 5059 Nisi
1474 5003 1620 5066 illud,
1648 5003 1836 5072 inquit,
1868 5003 2214 5068 abstuleritis,

637 5097 924 5156 Christiani
957 5112 1064 5149 non
1095 5100 1238 5154 estis,
1289 5096 1530 5149 Vidistin‘
1555 5105 1750 5148 tantam
1779 5094 2075 5156 audaciam,
2103 5101 2216 5144 tan-

637 5198 850 5256 tamque
873 5185 1064 5241 diaboli
1097 5186 1388 5238 inSattiam?
1409 5185 1636 5237 vidistin'
1669 5184 1902 5236 radicem
1931 5182 2215 5235 adversan-

638 5280 703 5332 tis
739 5279 844 5332 Deo
871 5275 1202 5345 impietatis?
1257 5274 1489 5326 vidistin’
1521 5274 1936 5341 magnitudinen‘i
1972 5272 2218 5340 blasphe-

639 5371 802 5423 mi;e?
860 5369 1076 5424 Pietatis
1143 5376 1301 5435 caput
1364 5366 1530 5418 voluit
1596 5378 1903 5432 amputare,
1961 5381 2219 5419 enervare

640 5462 970 5532 mysterium,
1003 5461 1158 5515 ﬁdem
1188 5459 1403 5512 abolere
1431 5500 1443 5522 ,
1477 5457 1592 5524 ejus
1623 5456 1960 5509 fundamenta
2008 5472 2213 5511 eruere.

641 5553 707 5606 Et
735 5552 851 5607 vide
878 5552 1071 5606 diaboli
1096 5553 1361 5604 astutiam.
1391 5547 1657 5602 Persuasit
1679 5547 1724 5600 ei
1755 5556 1809 5600 ut
1846 5546 2046 5599 diceret
2078 5565 2089 5598 :
2125 5547 2218 5599 Pa-

707 5684 722 5714 ι
758 5683 895 5732 Savil.
922 5683 1185 5742 legendum
1212 5690 1362 5744 putat,
1390 5681 1448 5728 ab
1471 5677 1698 5740 oratione,
1727 5692 1827 5740 pro.
1858 5677 1915 5726 ab
1930 5677 2102 5727 animo.
2132 5681 2219 5727 Sed

644 5749 773 5796 ante
798 5754 952 5809 potest
981 5746 1123 5794 i8LilO
1148 5747 1373 5794 Codicum
1396 5745 1622 5792 omnium.

2105 331 2475 389 SEVERIANI

3837 362 3953 413 44-4

2351 458 2430 499 ter
2455 456 2509 500 et
2540 446 2705 502 Filius
2732 458 2786 503 et
2835 449 3062 519 Spiritus
3092 460 3305 505 sanctus
3333 493 3347 517 ,
3381 469 3480 504 una
3517 452 3647 506 ﬁdes
3680 455 3759 524 (ιι)
3786 497 3803 519 ,
3838 469 3946 508 una

2350 537 2515 591 virtus
2539 578 2554 604 ,
2601 553 2764 593 unum
2795 555 3039 610 regnum.
3081 539 3355 596 Venenum
3395 544 3553 596 melle
3583 546 3944 612 temperavit.

2342 626 2565 697 Semper
2587 630 2727 683 enim
2748 631 3104 697 mendacium,
3125 647 3244 685 cum
3267 633 3377 687 vult
3403 633 3502 686 sibi
3531 634 3692 687 ﬁdem
3715 634 3944 699 haberi,

2343 719 2444 772 nisi
2472 719 2872 774 fundamentum
2901 723 3136 791 posuerit
3180 724 3486 792 apparentis
3536 725 3781 779 veritatis
3805 767 3822 789 ,
3880 736 3941 779 ut

2341 811 2529 865 falsum
2559 812 2797 882 rejicitur
2829 831 2840 865 :
2874 824 2926 868 et
2948 829 3047 884 qua
3073 815 3277 868 ratione
3297 856 3311 879 ,
3339 815 3492 868 audi:
3532 816 3665 869 nihil
3699 817 3936 886 quidem

2340 901 2533 965 simile,
2585 901 2756 955 dicam
2791 911 2988 957 tamen.
3023 904 3208 958 Rahab
3235 905 3487 958 meretrix
3539 920 3653 959 cum
3709 908 3946 973 excepit

2339 994 2720 1063 exploratores,
2754 996 3068 1065 interrogata
3095 1013 3108 1048 :
3145 995 3365 1066 Ingresai
3387 1006 3498 1049 sum
3521 997 3586 1048 ad
3601 1009 3644 1050 te
3668 1001 3761 1050 viri
3789 998 3938 1068 (λος.

2337 1082 2392 1137 2.
2431 1085 2484 1138 4.
2518 1083 2623 1156 5)?
2675 1086 2994 1154 respondet,
3050 1085 3266 1151 Etiam;
3318 1087 3420 1142 hoc
3456 1091 3678 1156 primum
3730 1105 3940 1143 verum

2337 1181 2420 1228 est
2453 1175 2594 1229 :Sed
2617 1176 2867 1242 exierunt,
2925 1176 3127 1246 inquit;
3153 1176 3255 1231 hoc
3286 1177 3574 1232 secundum
3618 1179 3843 1233 falsum.
3881 1180 3942 1232 Si

2337 1265 2578 1332 dixisset,
2607 1267 2719 1320 Non
2740 1268 2938 1338 egressi
2961 1276 3106 1333 sunt,
3132 1268 3346 1323 dommn
3376 1270 3684 1338 perscrutati
3712 1281 3936 1325 essent.

2337 1357 2478 1412 Dixit
2505 1374 2715 1424 verum,
2745 1369 2803 1415 ut
2833 1360 2988 1416 ﬁdem
3017 1361 3362 1416 conciliaret:
3394 1363 3584 1416 falsum
3610 1363 3844 1429 addidit,
3876 1375 3937 1417 ut

2335 1449 2623 1519 deciperet.
2656 1450 2730 1504 Ita
2763 1460 2818 1506 et
2862 1451 2963 1507 iste
3009 1469 3022 1505 :
3075 1453 3231 1508 nobis
3275 1454 3717 1522 interrogantibus
3745 1495 3763 1516 ,
3819 1454 3936 1508 Cur

2333 1542 2813 1597 sanctiﬁcationem
2844 1543 3314 1598 detruncabimns‘!
3341 1545 3532 1607 dicitis,
3569 1545 3756 1614 inquit,
3809 1544 3931 1598 ll‘o-

2333 1635 2502 1685 minus
2532 1631 2758 1686 Sabaoth
2804 1650 2823 1685 :
2852 1634 2995 1702 atqui
3027 1648 3131 1687 non
3162 1643 3242 1688 est
3292 1648 3484 1688 numen
3521 1634 3609 1688 Dei
3633 1677 3646 1699 ,
3681 1650 3790 1689 non
3845 1647 3936 1690 est

2331 1720 2526 1776 Christi
2554 1764 2568 1787 ,
2604 1738 2778 1793 neque
2828 1724 3018 1777 Patris.
3055 1724 3296 1778 Vidistin’
3324 1739 3384 1778 os
3417 1725 3512 1778 vile
3534 1733 3586 1778 et
3615 1726 3932 1793 impurum?

2333 1811 2627 1880 Ignoravit,
2687 1830 2879 1882 nempe
2918 1815 2987 1869 ob
3017 1815 3312 1879 inscitiam,
3346 1815 3576 1869 Sabaoth
3625 1831 3729 1868 non
3798 1831 3932 1869 esse

2332 1916 2525 1955 nomen
2558 1901 2674 1967 Dei,
2707 1903 2802 1957 sed
2833 1919 3026 1957 nomen
3056 1905 3380 1958 exercituum
3409 1922 3422 1969 ;
3448 1905 3495 1957 id
3526 1914 3622 1969 cst,
3657 1905 3933 1961 Dominus

2332 1993 2608 2047 virtutum.
2660 1995 2888 2048 Causam
2917 2003 3091 2048 autem
3121 1995 3241 2049 dico
3277 2013 3288 2047 :
3327 1996 3420 2049 sed
3452 2007 3571 2050 ante
3597 1996 3753 2050 ﬁnem
3787 1998 3931 2067 quid

2328 2085 2483 2139 fausti
2513 2086 2754 2140 evenerit
2801 2088 3055 2141 annuntio
3109 2105 3121 2140 :
3172 2089 3436 2156 paenituit,
3468 2090 3734 2156 procidit,
3778 2105 3926 2146 ana-

2329 2179 2561 2233 themata
2588 2178 2740 2242 dixit,
2767 2187 3012 2248 precatus
3039 2189 3140 2241 est,
3175 2188 3418 2249 receptus
3446 2190 3547 2233 est.

2395 2271 2448 2325 5.
2492 2271 2719 2326 Attende
2748 2271 2941 2339 igitur:
2967 2270 3089 2339 quia
3111 2285 3286 2324 sermo
3340 2271 3540 2334 incidit,
3568 2286 3742 2340 Opere
3787 2289 3924 2339 pre-

2326 2358 2454 2413 tium
2479 2368 2680 2414 estnos
2704 2374 2916 2413 causam
2949 2359 3154 2417 dicere,
3198 2361 3267 2414 ob
3313 2376 3468 2428 quam
3513 2362 3693 2415 brutus
3743 2361 3924 2417 Isaias

2326 2448 2460 2504 hanc
2497 2451 2971 2507 sanctiﬁcationem
3032 2451 3140 2504 Deo
3189 2451 3435 2504 emissam
3479 2451 3692 2504 audivit.
3743 2453 3924 2507 Isaias

2323 2549 2438 2594 erat
2463 2539 2542 2594 vir
2562 2540 2838 2606 mirabilis,
2866 2541 2981 2596 zelo
3004 2541 3214 2610 plenus,
3249 2541 3328 2593 vir
3355 2541 3547 2602 audax,
3579 2542 3744 2594 audax
3803 2559 3920 2597 nun

2327 2635 2670 2702 procacitate,
2697 2633 2790 2687 sed
2820 2635 2955 2688 zelo.
2977 2633 3068 2687 llis
3101 2633 3425 2701 temporibus
3465 2635 3557 2686 fuit
3601 2649 3713 2695 rex,
3746 2635 3918 2688 Ozias

2329 2725 2544 2778 nomine
2579 2741 2591 2777 :
2621 2725 2664 2778 is
2692 2739 2811 2778 cmn
2835 2725 2980 2794 regia
3007 2724 3304 2792 majestate,
3329 2724 3680 2778 sacerdotium
3741 2727 3918 2779 etiam

2323 2813 2573 2868 invadere
2623 2813 2860 2868 tentavit.
2909 2813 3224 2868 Sacerdotes
3267 2813 3389 2882 quid
3419 2815 3538 2867 inde
3588 2825 3920 2883 sequeretur

2322 2912 2614 2967 noverant;
2647 2903 2755 2972 regi
2787 2913 2960 2958 tamen
2997 2904 3277 2971 plurimmn
3312 2903 3557 2957 reluctari
3594 2905 3914 2966 noluerunt;

2320 2997 2626 3064 dignitatem
2666 2997 2906 3061 reveriti,
2936 2996 3124 3050 solium
3157 2995 3360 3048 honore
3407 2996 3712 3062 prosequuti
3753 3007 3914 3062 sunt,

2320 3089 2584 3143 exercitus
2608 3089 2915 3142 timuerunt.
2945 3087 3060 3154 lpse
3087 3101 3294 3156 quoque
3341 3086 3502 3140 Isaias
3554 3086 3736 3147 tacuit,
3795 3101 3915 3141 non

2320 3179 2524 3234 obstitit
2573 3180 2702 3248 regi.
2736 3177 2804 3233 Ut
2831 3178 2957 3232 vidit
3000 3178 3138 3231 Deus
3168 3177 3472 3230 sacerdotes
3503 3176 3913 3244 formidolosus,

2320 3281 2594 3326 nutantem
2650 3270 2985 3340 prophetam,
3044 3285 3222 3338 regem
3272 3268 3523 3322 audacter
3561 3284 3907 3338 aggressum,

2321 3361 2540 3415 immisit
2558 3361 2605 3415 ei
2635 3362 2838 3429 lepram
2863 3360 2914 3412 in
2945 3358 3169 3420 vultum,
3203 3367 3383 3424 utpote
3416 3358 3504 3424 qui
3537 3367 3718 3410 sancta
3742 3359 3917 3409 attin-

2318 3467 2442 3520 gere
2469 3465 2626 3505 ausus
2652 3460 2792 3503 esset
2819 3465 2831 3499 :
2862 3456 3020 3515 atque
3050 3447 3299 3512 expulsus
3325 3446 3537 3498 demum
3560 3446 3648 3500 ille
3678 3456 3906 3500 estnon

2322 3541 2480 3594 modo
2507 3555 2538 3593 a
2585 3537 2912 3602 sacerdotio,
2936 3536 3028 3591 sed
3059 3537 3216 3591 etiam
3247 3551 3273 3588 a
3316 3552 3501 3603 regno,
3549 3546 3601 3589 et
3657 3537 3914 3606 leprosos

2321 3631 2532 3686 mansit.
2558 3631 2697 3685 Deus
2714 3643 2872 3699 porro
2888 3629 3025 3698 quod
3049 3641 3202 3682 suum
3232 3638 3347 3682 erat
3373 3629 3636 3697 praestitit,
3662 3631 3914 3699 indigna-

2323 3735 2402 3778 tus
2431 3732 2607 3779 autem
2636 3732 2716 3777 cst
2747 3723 2796 3775 in
2825 3720 3148 3785 sacerdotes,
3181 3722 3516 3790 maximeque
3566 3723 3615 3773 in
3671 3723 3914 3790 prophe-

2323 3827 2448 3880 tam,
2471 3814 2610 3884 quod
2643 3827 2877 3883 praesens
2905 3827 3024 3866 cum
3075 3822 3238 3877 esset,
3277 3813 3526 3880 pietatem
3560 3813 3910 3880 prodidisset.

2323 3908 2657 3976 Deusitaque
2691 3921 2814 3974 erga
2843 3903 3153 3974 prophetam
3191 3904 3460 3959 silentium
3489 3904 3771 3966 servabat;
3806 3924 3910 3960 nec

2323 4001 2482 4057 verba
2506 4015 2623 4054 cum
2654 4015 2719 4054 eo
2760 3998 2908 4063 fecit,
2959 3999 3131 4052 donec
3183 3999 3391 4066 iniquus
3435 4000 3525 4055 ille
3578 4009 3905 4053 moreretur.

2320 4092 2454 4147 Cum
2484 4100 2661 4144 autem
2688 4089 2905 4144 obiisset
2930 4090 3123 4158 impius
3145 4089 3250 4154 ille,
3285 4099 3392 4143 tum
3427 4091 3565 4144 Deus
3592 4091 3762 4158 pesita
3822 4092 3906 4142 in-

2321 4184 2644 4254 dignatione,
2670 4184 2938 4252 propheta:
2960 4182 3288 4236 conciliatur.
3305 4182 3394 4234 Ait
3417 4183 3592 4251 itaque
3621 4181 3814 4236 Isaias:
3843 4181 3909 4233 Et

2324 4279 2511 4346 pictum
2535 4285 2605 4328 est
2632 4274 2682 4328 in
2703 4290 2857 4338 anno,
2887 4273 2938 4325 in
2963 4289 3062 4340 quo
3091 4282 3316 4325 mortuus
3351 4283 3419 4324 est
3467 4289 3556 4326 rex
3580 4273 3751 4335 Ozias,
3800 4274 3909 4325 vidi

2320 4365 2595 4418 Dominum
2614 4365 2862 4418 sedentem
2890 4380 3040 4431 super
3081 4363 3261 4415 solium
3285 4363 3534 4415 excelsum
3559 4374 3607 4415 et
3659 4363 3908 4415 eleuatum

2326 4454 2489 4522 (lsai.
2520 4455 2674 4524 6.1).
2721 4453 2829 4506 Cur
2863 4468 2987 4506 vero
3025 4453 3161 4505 Dens
3213 4453 3458 4520 apparuit
3497 4467 3660 4519 super
3707 4454 3906 4507 solium

2323 4547 2595 4601 excelsum
2624 4557 2675 4599 et
2696 4543 2999 4598 elevatnm?
3028 4544 3155 4608 Quia
3191 4543 3472 4596 invisibilis
3489 4554 3572 4598 est
3598 4545 3756 4607 Dens,
3810 4561 3905 4598 rex

2323 4649 2497 4690 autem
2528 4637 2668 4690 visus
2695 4644 2889 4689 metum
2919 4635 3169 4697 incussit;
3198 4634 3471 4703 prophetze
3502 4637 3771 4689 czelestem
3794 4637 3910 4705 glo-

2325 4731 2455 4781 riam
2480 4726 2754 4789 exhibuit;
2785 4735 2840 4778 ut
2861 4723 3168 4779 ostenderet
3215 4725 3281 4788 ei,
3317 4740 3419 4793 quo
3441 4726 3579 4778 solio
3629 4725 3907 4796 despecto,

2324 4820 2463 4889 quod
2509 4819 2697 4872 solium
2731 4816 3079 4870 honorassent
3113 4833 3124 4867 :
3157 4814 3294 4884 quod
3338 4815 3665 4879 satellitium,
3715 4833 3912 4884 nempe

2325 4915 2533 4967 caeleste
2560 4920 2612 4965 et
2630 4910 2946 4978 angelicum,
2972 4923 3074 4961 non
3099 4907 3440 4969 honorantes,
3472 4921 3647 4974 neque
3671 4909 3912 4976 cogitan-

2329 5015 2427 5070 tes,
2463 5007 2748 5056 huniannm
2769 5001 3072 5054 satellitium
3094 4998 3428 5053 metuissent.
3459 4996 3526 5051 Et
3555 5010 3686 5065 erat,
3717 5000 3910 5068 inquit,

2327 5099 2504 5150 domus
2528 5098 2672 5164 plena
2700 5095 2857 5163 gloria
2880 5095 2988 5161 ejus
3017 5109 3032 5144 :
3062 5102 3105 5144 et
3127 5091 3396 5159 Seraphin:
3419 5093 3618 5146 stabant
3645 5097 3695 5147 in
3722 5096 3909 5147 circui-

2329 5203 2381 5243 tu
2405 5191 2512 5258 ejus
2531 5190 2547 5258 (
2564 5187 2696 5240 Ibid.
2717 5203 2762 5238 υ.
2785 5187 2818 5238 2
2839 5185 2877 5255 ).
2901 5184 3182 5237 Cherubim
3207 5183 3422 5248 solium,
3442 5184 3722 5254 Scraphim
3750 5185 3913 5238 satel-

2330 5283 2498 5334 litium
2518 5289 2641 5334 sunt
2661 5296 2670 5329 :
2692 5277 2974 5331 Chernhim
3005 5290 3229 5343 namque
3257 5275 3386 5327 nihil
3410 5277 3552 5328 aliud
3584 5278 3905 5346 signiﬁcant,

2329 5388 2484 5441 (piam
2516 5367 2822 5436 sapientiam
2857 5367 3086 5434 plenam.
3113 5365 3572 5431 Quemadnmdnm
3604 5376 3780 5418 autem
3809 5367 3911 5418 hoc

2329 5464 2519 5518 solium
2550 5461 2662 5514 sive
2687 5457 2826 5511 aliud
2854 5456 3074 5524 quodvis
3125 5457 3356 5525 quietem
3415 5457 3616 5526 przebet
3672 5454 3909 5519 sedenti,

2401 5557 2470 5620 (α)
2498 5552 2776 5611 Vaticanus,
2805 5551 3018 5620 Savilius
3037 5553 3243 5620 ejusque
3267 5553 3437 5620 Codd.)
3463 5553 3546 5612 μία
3569 5552 3745 5620 πίστες.
3775 5550 3919 5599 Com-

2333 5614 2534 5668 beﬁsius
2562 5630 2693 5680 vero,
2728 5628 2817 5680 suo
2844 5615 3026 5680 Marte,
3066 5614 3350 5680 auidiusque
3385 5614 3702 5672 Manuscripti
3746 5620 3920 5680 aucto-

2332 5683 2496 5734 ι-ίι,ιι,ρ,
2522 5676 2778 5725 substituit
2803 5677 2885 5735 μία
2925 5679 3104 5732 θεότης.
3133 5676 3239 5726 Non
3265 5677 3406 5724 video
3431 5688 3518 5724 cur
3541 5681 3714 5723 textus
3749 5675 3829 5723 hic
3855 5675 3924 5723 sit

2333 5743 2465 5791 nulla
2496 5741 2785 5788 auctoritate
2814 5739 3088 5786 imitandus.
