4158 6320
226 373 346 428 443

230 475 441 545 φύλλα
463 477 759 545 ἀμπέλου.
788 479 1023 549 Πρόσεχε
1056 478 1132 542 δὲ,
1161 477 1483 548 παρακαλῶ,
1513 477 1606 531 καὶ
1633 475 1824 546 ἑτέραν

231 563 446 634 χρείαν·
473 563 556 616 Τά
589 562 758 617 ὕδατα
789 565 974 619 ἐπάνω
999 565 1106 618 τῶν
1127 567 1185 618 οὑ
1197 565 1394 636 ρανῶν,
1427 565 1488 618 οὑ
1519 564 1675 634 μόνον
1706 580 1828 616 συν-

232 653 396 721 τηρεῖ
424 651 516 703 τὸν
542 651 789 721 οὐρανὸν,
820 653 958 705 ἀλλά
985 653 1077 704 καὶ
1107 655 1207 724 τὴν
1231 653 1405 722 φλόγα
1434 652 1527 705 τοῦ
1555 651 1702 722 ἡλίου
1734 653 1827 706 καὶ

232 741 335 806 τῆς
368 738 596 809 σελήνης
624 739 975 808 καταπέμπει
1006 749 1047 792 ⁸.
1083 741 1145 792 Εί
1174 739 1284 809 γάρ
1308 735 1376 810 ἦν
1396 739 1659 810 διαφανής
1681 740 1710 791 6
1737 739 1827 792 οὑο

237 823 418 894 ρανὸς,
451 825 548 894 ὅλη
579 827 613 896 ή
643 826 787 896 αὑγὴ
815 827 927 880 ἄνω
953 827 1160 898 ἔτρεχε·
1183 829 1244 880 τὸ
1269 827 1378 897 γάρ
1411 826 1524 898 πῦρ
1545 827 1826 900 ἀνωφερὲς

229 912 315 971 δν.
355 912 559 983 ἔρημον
609 912 707 985 τὴν
751 915 855 985 γῆν
899 916 1291 985 κατελίμπανε.
1345 914 1444 967 Διὰ
1484 912 1642 967 τοῦτο
1697 913 1826 981 γοῦν

232 1002 460 1071 ἐπίλησε
493 1002 585 1056 τὸν
617 1005 841 1074 οὐρανὸν
867 1005 1071 1060 ἀνωθεν
1116 1006 1365 1077 ἀπείροις
1415 1005 1625 1067 ὕδασιν,
1658 1005 1743 1058 ἵνα
1791 1006 1821 1074 ή

233 1090 381 1162 αὑγὴ
403 1093 734 1163 στενουμένη
769 1095 920 1150 κάτω
950 1095 1256 1166 πέμπηται.
1295 1097 1434 1164 Ὅρα
1460 1095 1552 1148 τοῦ
1580 1093 1822 1162 τεχνίτου

228 1178 332 1247 τὴν
363 1181 574 1248 σοφίαν.
603 1183 788 1252 Ἔχεις
821 1183 876 1236 δὲ
905 1184 1000 1236 καὶ
1026 1185 1083 1236 ἐν
1119 1183 1296 1254 ἐαυτῷ
1323 1182 1418 1235 τοῦ
1446 1180 1690 1251 τεχνίτου
1725 1182 1824 1252 τῆς

231 1265 427 1333 σοφίας
466 1267 564 1339 τὴν
602 1269 804 1326 είκόνα·
841 1271 1095 1340 ἐποίησεν
1124 1273 1152 1324 6
1179 1271 1310 1334 Θεὸς
1341 1267 1494 1342 [450]
1527 1267 1617 1321 καὶ
1648 1267 1705 1321 ἐν
1741 1270 1823 1320 001

226 1351 344 1406 τῶν
377 1356 659 1427 τεσσάρων
702 1357 982 1427 στοιχείων
1025 1359 1123 1428 τήν
1168 1358 1372 1412 εἰκόνα.
1413 1357 1524 1410 K61
1562 1355 1819 1426 πρόσεχε,

230 1442 554 1510 παρακαλῶ·
578 1443 769 1512 νόησόν
800 1462 888 1515 μοι
914 1444 1011 1516 τήν
1039 1445 1278 1515 κεφαλήν
1307 1445 1512 1515 ταύτην
1539 1444 1630 1496 τὸν
1659 1444 1823 1513 ούρα-

226 1527 322 1579 νὸν
351 1528 443 1580 τὸν
473 1529 603 1594 ἀνω,
638 1531 707 1583 τά
739 1532 925 1586 ἐπάνω
963 1534 1064 1604 τῆς
1093 1533 1364 1602 γλώσσης,
1411 1533 1500 1585 τὸν
1530 1531 1688 1586 ἄλλον
1732 1531 1822 1584 οὑ-

233 1614 418 1685 ρανὸν,
467 1617 714 1671 τουτέστι
754 1618 814 1671 τὸ
852 1619 1160 1691 στερέωμα·
1205 1619 1327 1674 ὅθεν
1367 1620 1462 1673 καὶ
1498 1619 1821 1690 οὑρανίσκος

229 1705 498 1756 καλεῖται.
536 1705 682 1757 Ἀνω
723 1707 781 1757 ἐν
809 1709 921 1769 τοῖς
959 1708 1210 1778 ἀοράτοις
1242 1708 1544 1776 ἐγκέφαλος
1579 1707 1652 1777 μὴ
1694 1725 1820 1776 φαι-

228 1791 475 1860 νόμενος,
511 1793 568 1844 ἐν
597 1791 673 1862 τῷ
697 1793 847 1846 κάτω
878 1795 1096 1862 γλῶσσα
1131 1795 1452 1867 φαινόμένη.
1490 1796 1698 1868 Ὥσπερ
1727 1793 1821 1850 οὖν

226 1879 258 1930 6
289 1880 520 1950 οὑρανὸς
547 1883 575 1932 6
608 1881 719 1936 ἄνω
749 1883 807 1934 ἐν
827 1885 937 1946 τοῖς
968 1885 1242 1955 ἀοράτοις,
1275 1888 1301 1938 6
1325 1885 1382 1937 δὲ
1405 1885 1606 1955 κόσμος
1630 1887 1687 1937 ἐν
1710 1887 1820 1948 τοῖς

227 1965 602 2034 λαλουμένοις·
637 1967 732 2020 καὶ
773 1967 962 2040 ὥσπερ
1000 1972 1058 2024 ἐν
1095 1973 1208 2034 τοῖς
1235 1973 1518 2042 στοιχείοις
1549 1972 1823 2042 εὑρίσκεις

225 2052 331 2122 τήν
367 2053 466 2122 μὲν
494 2056 598 2124 γῆν
636 2053 880 2124 βαρεῖαν,
903 2058 964 2110 τὸ
993 2059 1049 2110 δὲ
1073 2057 1216 2130 ὕδωρ
1245 2059 1347 2128 τῆς
1379 2061 1475 2128 μὲν
1499 2061 1601 2130 γῆς
1626 2061 1822 2129 κουφό-

225 2157 410 2210 τερον,
441 2139 535 2193 τοῦ
568 2141 626 2194 δὲ
663 2142 833 2210 πυρὸς
867 2143 1184 2216 βαρύτερον·
1225 2146 1384 2199 πάλιν
1423 2147 1514 2198 τὸν
1543 2147 1683 2218 ἀέρα
1712 2148 1820 2201 τῶν

228 2227 440 2281 ὑδάτων
484 2230 829 2301 κουφότερον,
879 2231 972 2284 τοῦ
1011 2231 1067 2285 δὲ
1104 2233 1273 2304 πυρὸς
1311 2233 1632 2306 βαρύτερον·
1677 2235 1821 2289 οὕτω

225 2318 328 2370 καὶ
380 2319 440 2369 ἐν
485 2319 616 2389 ήμῖν
647 2319 703 2371 αἱ
738 2319 1039 2390 αἰσθήσεις,
1075 2321 1284 2388 γεῦσις,
1324 2322 1613 2393 ὄσφρησις,
1659 2324 1818 2394 ἀκοὴ,

226 2405 373 2472 ὄψις,
422 2407 514 2459 καὶ
560 2407 619 2458 οὑ
652 2409 819 2460 πᾶσαι
871 2409 1004 2461 ίσαι.
1037 2410 1182 2463 Λάϐε
1220 2410 1318 2481 τήν
1349 2411 1644 2478 ἀπόδειξιν·
1695 2413 1821 2466 Ἐὰν

225 2490 392 2562 θέλῃς
417 2493 560 2556 τινὸς
580 2494 901 2560 γεύσασθαι,
935 2496 1029 2548 ἐάν
1055 2496 1127 2566 μὴ
1156 2497 1459 2570 πλησιάζῃς
1481 2502 1546 2568 τῇ
1576 2498 1817 2571 γλώσσῃ.

225 2579 326 2632 τοῦ
372 2582 666 2650 γευομένου
715 2585 776 2634 οὑ
821 2584 1120 2653 λαμϐάνεις
1157 2587 1430 2655 αἴσθησιν.
1463 2588 1668 2656 Παχεῖα
1712 2589 1819 2659 γάρ

225 2669 368 2732 ἐστι,
392 2671 484 2722 καὶ
506 2672 566 2723 οὑ
593 2671 816 2726 δύναται
842 2673 1124 2744 πόρρωθεν
1146 2670 1277 2728 οὖσα
1301 2675 1816 2746 ἀντιλαμϐάνεσθαι.

238 2754 302 2807 ’11
335 2755 599 2828 ὄσφρησις
625 2759 682 2811 δὲ
719 2761 993 2831 μακρόθεν
1018 2760 1493 2830 ἀντιλαμϐάνεται·
1523 2757 1655 2828 οἷον,
1689 2780 1821 2832 παρ-

227 2844 370 2914 έρχῃ
419 2845 484 2897 δι’
518 2847 717 2909 οίκίας,
765 2848 1030 2919 όσφραίνῃ
1074 2848 1440 2920 θυμιάματος,
1479 2849 1507 2903 δ
1554 2849 1628 2921 μὴ
1665 2853 1817 2921 ὁρᾷς.

228 2933 405 2985 Πάλιν
437 2935 469 3003 ή
502 2933 624 3002 ὄψις
655 2934 759 3004 τῆς
784 2935 1101 3007 ὀσφρήσεως
1131 2940 1425 3009 ταχυτέρα·
1477 2937 1664 3008 βλέπει
1711 2940 1821 3011 γάρ

225 3021 340 3074 ἀπὸ
364 3020 523 3091 δρους
556 3021 730 3092 πλάτη
763 3023 994 3092 μεγάλα.
1029 3025 1140 3094 Τῆς
1173 3025 1348 3094 ὅψεως
1383 3026 1546 3079 πάλιν
1571 3025 1822 3097 ὀξύτερος

225 3111 257 3160 6
289 3107 434 3170 νοῦς·
465 3110 637 3160 ἐννοεῖ
663 3110 909 3180 οὐρανὸν,
935 3111 1061 3181 γῆν,
1085 3112 1378 3175 θάλασσαν,
1411 3113 1504 3165 καὶ
1529 3114 1703 3183 πάντη
1730 3115 1816 3165 εὑο

229 3195 506 3265 ρίσκεται.

302 3282 402 3335 Διά
445 3282 604 3336 τοῦτο
643 3285 736 3337 καὶ
772 3283 934 3337 είκὼν
969 3284 1104 3338 Θεοῦ
1144 3288 1171 3338 6
1202 3284 1348 3349 νοῦς.
1390 3288 1591 3340 Ἐννοεῖ
1618 3288 1645 3340 6
1675 3287 1817 3349 νοῦς,

226 3371 330 3425 καὶ
361 3371 562 3434 εὑθέως
591 3372 764 3436 κτίζει
796 3375 924 3441 παρ’
960 3374 1140 3443 ἐαυτῷ
1173 3374 1400 3445 ἀγορὰς,
1437 3375 1824 3446 ἀναζωγραφεῖ

229 3460 410 3531 δχλον,
454 3463 641 3533 δῆμον.
694 3462 1022 3516 Λίδεσθῶσιν
1070 3465 1357 3534 αίρετικοί.
1411 3466 1552 3527 Νοῦς
1599 3467 1822 3516 τοιαῦτα

229 3549 544 3620 ἐργάζεται,
579 3552 672 3604 καὶ
707 3553 735 3602 6
768 3551 860 3604 τοῦ
903 3550 994 3604 νοῦ
1033 3552 1304 3622 τεχνίτης,
1335 3554 1363 3605 6
1399 3553 1578 3623 πάσης
1615 3553 1821 3621 ὀσφρή-

232 3655 376 3700 σεως
409 3638 679 3707 ὀξύτερος.
711 3639 772 3691 οὑ
807 3639 1112 3708 ταχυτέραν
1151 3640 1262 3708 ἔχει
1295 3642 1395 3710 τὴν
1427 3640 1726 3708 ἐνέργειαν,
1761 3640 1822 3692 οὑ

233 3724 502 3794 σύντομον
527 3726 624 3796 τήν
651 3725 1032 3796 δημιουργίαν,
1064 3727 1162 3778 οὑκ
1197 3726 1580 3796 ἀκατάληπτον
1600 3725 1696 3795 τὴν
1725 3725 1823 3795 φύ-

233 3828 362 3875 σιν;
397 3813 662 3884 Βούλομαι
689 3813 764 3878 δὲ,
802 3813 1039 3882 ἀδελφοὶ,
1071 3815 1245 3866 εἰπεῖν
1291 3815 1365 3875 είς
1402 3814 1545 3883 ὑμᾶς
1577 3813 1639 3864 τὸ
1675 3813 1823 3877 ξένον

235 3901 362 3969 μὲν,
405 3901 526 3952 ὅσον
560 3902 637 3963 είς
681 3901 953 3961 ἀσέϐειαν,
1005 3900 1301 3972 σύντροφον
1337 3900 1393 3952 δὲ
1431 3901 1530 3970 τῆς
1564 3901 1822 3964 πίστεως,

230 3989 361 4042 ὅσον
392 3991 470 4052 εἰς
490 3989 754 4056 ἐξέτασιν,
787 3991 872 4044 ἵνα
903 3990 1111 4060 μάθητε
1141 3982 1281 4043 πόσα
1315 3995 1628 4060 καινοτομεῖ
1659 3993 1686 4043 6
1712 3991 1826 4044 διά-

227 4077 413 4139 ϐολος,
440 4079 579 4130 πόσα
601 4079 864 4148 εὑρίσκει,
896 4079 1038 4132 πόσα
1060 4079 1348 4131 ὑποϐάλλει
1371 4081 1482 4141 τοῖς
1508 4080 1822 4149 αἱρετικοῖς,

229 4164 440 4236 μᾶλλον
460 4165 514 4217 δέ
535 4165 728 4235 ἐκείνῳ
761 4167 809 4216 οἱ
838 4166 1122 4237 αἱρετικοί·
1150 4167 1222 4237 Σή
1235 4166 1397 4237 μερόν
1425 4183 1509 4228 τις
1538 4167 1628 4217 ἐπὶ
1655 4167 1825 4233 ἁγίων

226 4243 453 4324 ἀνδρῶν
501 4256 594 4306 καὶ
643 4255 903 4325 Πατέρων
950 4255 1121 4308 ἐλθὼν
1176 4255 1312 4324 πρὸς
1363 4257 1506 4325 ἡμᾶς
1554 4254 1827 4325 αίρετικὸς

226 4342 393 4408 ἔλεγε
413 4338 431 4410 (
452 4342 593 4409 λέγω
619 4342 676 4395 δὲ
708 4342 796 4394 ἵνα
822 4344 1029 4412 μήποτε
1060 4345 1087 4396 6
1124 4343 1278 4409 λόγος
1308 4341 1481 4405 ἄλλως
1516 4341 1824 4404 ἀκουσθείς,

226 4429 418 4491 ἄλλως
449 4429 674 4502 πλήξῃ)·
709 4431 895 4501 Πατήρ
927 4431 1052 4501 γὰρ,
1090 4430 1240 4499 φησι,
1279 4431 1373 4482 καὶ
1411 4429 1535 4491 Υίὸς
1555 4431 1647 4482 καὶ
1674 4430 1828 4496 ἆγιον

228 4516 467 4585 Πνεῦμα
518 4519 616 4587 μία
669 4518 882 4588 θεότης,
950 4521 1047 4588 μία
1097 4519 1342 4588 δύναμις,
1406 4518 1504 4588 μία
1557 4517 1824 4586 βασιλεία.

227 4603 427 4663 Δείδὲ,
465 4605 647 4672 φησιν,
673 4603 1014 4674 ἐξαιρεθῆναι
1045 4606 1151 4658 ἀπὸ
1180 4608 1277 4675 τῆς
1305 4605 1482 4674 ψυχῆς
1508 4605 1668 4658 αὑτοῦ
1689 4607 1714 4645 b
1747 4606 1826 4675 (ού

231 4694 352 4760 γὰρ
381 4691 522 4758 λέγω
553 4691 662 4743 ἀπὸ
691 4690 784 4742 τοῦ
820 4691 1251 4761 θυσιαστηρίου),
1281 4694 1341 4743 τό
1372 4692 1547 4760 λέγειν
1586 4697 1642 4744 ἐν
1675 4695 1832 4755 ἁγια-

235 4779 389 4848 aut?"
437 4781 648 4848 Ἄγιος,
700 4779 884 4848 ἅγιος,
935 4777 1101 4847 ἅγιος
1144 4779 1356 4844 Κύριος
1403 4779 1663 4832 Σαϐαὼθ·
1706 4781 1831 4832 Ἐὰν

234 4867 421 4929 τοῦτο,
458 4869 612 4937 φησὶ,
647 4867 720 4938 μὴ
748 4867 1055 4936 περιέλητε,
1085 4866 1399 4936 Χριστιανοὶ
1430 4866 1529 4917 οὑκ
1559 4869 1702 4920 ἐστέ.
1740 4865 1830 4920 Εἷ-

235 4955 332 5016 65;
355 4955 622 5024 τοσαύτην
645 4954 846 5024 τόλμαν
882 4958 973 5006 καὶ
1011 4957 1206 5025 μανίαν
1239 4955 1330 5007 τοῦ
1368 4954 1653 5019 διαϐόλου;
1691 4953 1829 5019 εἶδες

242 5044 404 5115 ῥίζαν
475 5043 809 5113 θεομαχίας;
865 5041 1003 5107 εἶδες
1071 5046 1378 5116 ὑπερϐολὴν
1443 5044 1826 5115 βλασφημίαςς

255 5131 681 5200 ’Λποκεφαλίσαι
728 5133 957 5203 ἠθέλησε
1009 5133 1105 5204 τὴν
1159 5135 1458 5192 εὐσέϐειαν,
1498 5134 1828 5202 ἐκνευρῶσαι

239 5223 307 5274 τὸ
365 5223 684 5292 μυστήριον,
735 5222 996 5288 ἀφανίσαι
1044 5223 1140 5294 τὴν
1177 5223 1381 5286 πίστιν,
1425 5223 1719 5292 ἐκριζῶσαι
1763 5224 1830 5274 τά

242 5309 667 5378 θεμελιωθέντα.
707 5310 815 5361 K61
841 5310 939 5378 ὅρα
964 5311 1025 5362 τὸ
1052 5311 1221 5363 δεινὸν
1251 5310 1346 5363 τοῦ
1373 5310 1633 5363 διαϐόλου·
1666 5311 1832 5380 Προσ-

245 5397 450 5467 ἐπηξεν
478 5395 628 5466 αὑτῷ
656 5398 844 5450 εἰπεῖν·
880 5398 1066 5468 Πατὴρ
1099 5401 1190 5450 καὶ
1217 5399 1339 5461 Υἱὸς
1367 5399 1458 5453 καὶ
1485 5401 1633 5467 άγιον
1661 5397 1830 5450 Πνεῦ-

310 5663 333 5691 ⁸
363 5663 564 5713 Cosmas
596 5662 731 5711 κάτω
774 5665 966 5714 πέμπει.
996 5659 1123 5709 Infra
1155 5659 1287 5711 idem
1331 5665 1409 5712 διὰ
1433 5663 1578 5714 τοῦτο
1602 5664 1683 5712 οῦν
1723 5682 1826 5712 συν-

247 5726 466 5781 ιπίλησε.

310 5786 340 5828 δ
359 5789 468 5836 Sav.
495 5786 730 5851 conj.61:6
754 5792 835 5846 τῆς
861 5786 1000 5848 εὑχῆς
1022 5784 1182 5834 αὑτοῦ.

1248 361 1337 413 DE
1377 359 1599 417 MUNDI
1629 353 2028 414 CREATIONE
2053 357 2315 418 ORATIO
2357 363 2417 416 ΙΙ.

3392 365 3504 418 444

1933 492 2031 544 μα,
2061 476 2156 547 μία
2185 477 2387 543 πίστις,
2425 479 2522 549 μία
2549 479 2794 550 δύναμις,
2833 479 2931 549 μία
2961 479 3225 548 βασιλεία.
3257 479 3513 552 Ἐκέρασε

1928 563 1988 614 τὸ
2016 563 2344 635 δηλητήριον
2377 565 2573 636 μέλιτι.
2609 566 2720 619 Ἀεὶ
2749 566 2858 636 γὰρ
2881 567 2943 619 τὸ
2975 566 3191 636 ψεῦδος,
3227 567 3355 622 ὅταν
3384 569 3514 642 θέλῃ

1928 653 2306 724 πιστευθῆναι,
2344 656 2439 709 ἐὰν
2477 655 2550 726 μή
2586 655 2733 726 πήξῃ
2781 655 3026 725 θεμέλιον
3065 654 3329 725 δοκούσης
3377 657 3513 728 ἀλη-

1929 739 2100 803 θείας,
2156 741 2217 793 οὑ
2270 742 2606 794 πιστεύεται·
2656 744 2749 795 καὶ
2795 743 2962 808 ὅπως,
2995 744 3179 797 ἄκουε·
3217 744 3367 796 οὑδέν
3417 745 3515 814 μὲν

1927 827 2133 896 ὅμοιον,
2156 828 2296 896 λέγω
2318 829 2395 882 δέ·
2432 830 2600 883 Ῥαάϐ
2628 832 2660 901 ή
2683 829 2855 901 πόρνη
2874 831 2960 884 ὅτε
2980 830 3193 893 ἐδέξατο
3209 830 3336 894 τοὺς
3356 849 3518 883 κατα-

1930 917 2182 981 σκόπους,
2224 920 2502 988 ἠρωτήθη·
2534 919 2680 991 [451]
2708 920 3011 986 Εἱσῆλθον
3039 919 3191 986 πρὸς
3219 920 3292 972 σὲ
3323 922 3376 972 of
3410 920 3515 973 ἇν-

1926 1003 2096 1072 δρες;
2125 1007 2307 1072 Λέγει,
2334 1007 2466 1060 Ναί·
2492 1009 2553 1060 τὸ
2576 1008 2790 1077 πρῶτον
2808 1008 3024 1076 ἀληθές·
3054 1008 3206 1061 Ἀλλ’
3227 1007 3511 1073 ἐξῆλθον,

1928 1092 2097 1162 φησί·
2132 1094 2194 1146 τὸ
2223 1093 2474 1165 δεύτερον
2507 1094 2720 1164 ψεῦδος.
2765 1097 2826 1148 Εἰ
2879 1092 3056 1159 εἶπεν,
3109 1095 3222 1147 Οὑκ
3269 1093 3512 1164 ἐξῆλθον,

1928 1179 2197 1250 ήρευνᾶτο
2226 1183 2259 1251 ή
2301 1181 2467 1236 οἰκία.
2505 1178 2640 1235 Εἷπε
2673 1183 2734 1236 τὸ
2766 1183 2982 1254 ἀληθὲς.
3014 1185 3100 1236 ἵνα
3129 1183 3384 1253 ἐντρέψῃ·
3419 1182 3516 1234 ἐπ-

1928 1265 2101 1334 ήγαγε
2155 1267 2216 1320 τὸ
2260 1267 2475 1338 ψεῦδος,
2522 1270 2609 1322 ’ίνα
2651 1270 2926 1342 ἀπατήσῃ.
2987 1269 3144 1323 Οὕτω
3192 1270 3283 1322 καὶ
3337 1263 3512 1332 οὗτος·

1925 1351 2257 1424 ἐρωτώντων
2283 1356 2462 1426 ήμῶν,
2494 1357 2648 1409 Διατί
2671 1357 2939 1428 ἐξέλωμεν
2965 1357 3058 1409 τὸν
3080 1357 3383 1426 ἀγιασμόνς
3427 1355 3514 1408 λέ-

1925 1454 2049 1507 γετε
2075 1451 2124 1503 ο,
2165 1443 2381 1510 Κύριος
2414 1443 2676 1497 Σαθηώθ·
2713 1444 2829 1498 ἀλλ’
2859 1444 2957 1496 οὑκ
3002 1443 3117 1498 ἔστι
3152 1443 3286 1497 Θεοῦ
3321 1443 3511 1513 δνομα,

1924 1526 2025 1580 οὑκ
2049 1527 2198 1580 ἐστιν
2228 1527 2351 1582 οὔτε
2377 1530 2470 1582 τοῦ
2501 1531 2758 1600 Χριστοῦ,
2801 1530 2924 1585 οὔτε
2957 1530 3052 1584 τοῦ
3096 1532 3329 1601 Πατρός.
3364 1528 3515 1596 Εἶδες

1924 1613 1984 1667 τὸ
2033 1614 2451 1686 ἐξουθενημένον
2494 1619 2591 1670 καὶ
2642 1618 2837 1688 μιαρὸν
2891 1619 3103 1689 στόμα;
3153 1618 3417 1688 Ἠγνόησε
3457 1619 3513 1672 δὲ

1925 1702 2032 1754 ἀπὸ
2067 1702 2353 1768 ἰδιωτείας,
2386 1704 2466 1757 ὅτι
2501 1703 2564 1757 τὸ
2591 1705 2817 1758 Σαϐαὼθ
2849 1705 2949 1758 οὑκ
2981 1706 3127 1758 ἔστιν
3155 1705 3325 1775 δνομα
3354 1705 3512 1772 Θεοῦ,

1923 1788 2038 1843 ἀλλ’
2085 1789 2254 1860 ὄνομα
2303 1792 2590 1861 στρατιῶν·
2644 1792 2913 1859 τουτέστι,
2960 1793 3168 1864 Κύριος
3215 1791 3322 1844 τῶν
3356 1791 3515 1845 δυνά-

1926 1893 2091 1947 μεων.
2125 1877 2284 1946 Λέγω
2320 1879 2374 1932 δὲ
2404 1879 2496 1931 καὶ
2529 1879 2627 1949 τὴν
2658 1881 2857 1932 αἰτίαν·
2887 1879 3025 1933 ἀλλά
3053 1879 3159 1949 πρὸ
3197 1879 3291 1931 τοῦ
3325 1878 3514 1942 τέλους

1925 1962 2348 2033 εὐαγγελίζομαι
2387 1967 2553 2035 ὑμᾶς·
2590 1967 2903 2038 μετενόησε,
2937 1967 3298 2038 προσέπεσεν,
3328 1965 3516 2020 ἀνεθε-

1927 2051 2174 2122 μάτισεν,
2211 2051 2434 2122 ηὔξατο,
2465 2054 2679 2124 ἐδέχθη.

1994 2145 2056 2190 ε’.
2085 2138 2326 2208 Πρόσεχε
2347 2139 2546 2192 τοίνυν·
2573 2140 2762 2210 ἐπειδὴ
2789 2139 3163 2212 παρενέπεσεν
3182 2139 3210 2190 6
3227 2139 3407 2209 λόγος,
3435 2139 3514 2194 δεῖ

1923 2229 2071 2298 ήμᾶς
2092 2230 2183 2282 καὶ
2201 2230 2302 2298 τὴν
2324 2230 2500 2283 αἰτίαν
2517 2233 2693 2283 εἰπεῖν
2716 2231 2838 2284 καθ’
2854 2231 2921 2301 ἣν
2943 2235 2970 2284 6
2994 2231 3262 2302 μακάριος
3287 2229 3513 2295 Ἡσαΐας

1921 2316 2014 2367 τὸν
2041 2316 2312 2386 ἀγιασμὸν
2337 2316 2526 2370 τοῦτον
2556 2319 2757 2389 ήκουσε
2790 2318 2866 2388 τῷ
2893 2318 3014 2388 Θεῷ
3036 2319 3514 2388 ἀναπεμπόμενονο

1933 2401 2163 2466 Ὶισαῖας
2193 2405 2410 2472 ἐγένετο
2435 2405 2575 2476 ἀνὴρ
2597 2406 2930 2474 θαυμαστὸς,
2966 2405 3127 2475 ζήλου
3158 2404 3515 2474 πεπληρωμέ-

1922 2510 2033 2557 νος,
2068 2493 2203 2561 άνὴρ
2241 2491 2531 2561 τολμηρὸς,
2563 2491 2833 2561 τολμηρὸς
2867 2492 2922 2544 δὲ
2952 2494 3052 2544 οὑκ
3090 2493 3196 2543 ἀπὸ
3241 2491 3513 2560 θρασύτη-

1921 2596 2033 2641 τος,
2063 2579 2179 2631 ἀλλ’
2207 2578 2314 2631 ἀπὸ
2341 2578 2525 2648 ζήλου.
2558 2578 2714 2630 Κατά
2738 2579 2863 2639 τοὺς
2897 2578 3120 2648 χρόνους
3143 2577 3362 2640 τούτους
3393 2578 3514 2645 ἐγέ-

1921 2683 2043 2718 νετο
2070 2665 2320 2736 βασιλεὺς
2349 2665 2529 2728 Ὀζίας
2567 2665 2814 2734 ὀνόματι·
2843 2665 2900 2727 ὃς
2927 2665 3064 2734 μετά
3093 2665 3193 2734 τῆς
3227 2665 3391 2732 ἄλλης
3415 2665 3513 2734 τῆς

1925 2754 2210 2824 βασιλικῆς
2239 2754 2396 2824 δόξης
2439 2753 2675 2823 ἠθέλησε
2707 2753 2802 2806 καὶ
2833 2753 3133 2824 ἱερωσύνην
3169 2751 3510 2806 ἐνδύσασθαι.

1923 2843 1988 2894 υί
2023 2843 2190 2912 ίερεῗέ
2223 2841 2320 2911 μὲν
2350 2839 2449 2912 τὴν
2479 2840 2800 2894 ἀκολουθίαν
2833 2840 3051 2911 ⁴ᾔδεσαν·
3087 2838 3299 2908 βασιλεῖ
3336 2839 3391 2892 δὲ
3423 2841 3516 2892 ἐπὶ

1924 2930 2176 2982 πλεῖστον
2203 2930 2478 2982 ἀντειπεῖν
2501 2928 2601 2980 οὑκ
2623 2926 2911 2998 ἠθέλησαν·
2943 2927 3248 2997 ᾐδέσθησαν
3273 2927 3334 2978 τὸ
3354 2927 3516 2990 ἀξίω-

1928 3035 2022 3087 μα,
2049 3018 2316 3087 ἐτίμησαν
2345 3015 2436 3068 τὸν
2467 3015 2676 3085 θρόνον,
2707 3011 3136 3084 ἐδυσωπήθησαν
3161 3014 3230 3066 τά
3257 3013 3516 3084 στρατεύ-

1928 3122 2094 3176 ματα.
2129 3105 2355 3166 Ἡσαΐας
2381 3103 2476 3156 καὶ
2499 3104 2661 3164 αὑτὸς
2694 3102 3022 3172 ἐσιώπησεν,
3045 3103 3144 3154 οὑκ
3177 3103 3408 3171 ἀντέστη
3437 3101 3516 3171 τῷ

1927 3193 2154 3263 βασιλεῖ,
2199 3192 2286 3252 Ὠς
2322 3185 2460 3242 εἶδεν
2489 3191 2516 3241 6
2543 3189 2676 3251 Θεὸς
2700 3190 2826 3250 τοὺς
2854 3190 3018 3258 ίερεῖς
3046 3188 3400 3257 φοϐηθέντας,
3423 3188 3516 3241 τὸν

1925 3280 2212 3350 προφήτην
2244 3277 2582 3341 όκλάσαντα,
2623 3277 2717 3329 καὶ
2747 3275 2838 3327 τὸν
2880 3275 3103 3344 βασιλέα
3147 3275 3514 3344 τολμήσαντα,

1925 3366 2186 3420 ἐπέϐαλεν
2230 3364 2378 3435 αὑτῷ
2409 3363 2619 3435 λέπραν
2663 3365 2721 3415 ἐν
2763 3361 2841 3432 τῷ
2871 3362 3168 3433 προσώπῳ,
3209 3364 3282 3424 ὡς
3309 3364 3511 3433 τολμή-

1929 3472 2082 3508 σαντι
2125 3452 2365 3521 ἅψασθαι
2402 3451 2512 3504 τῶν
2551 3452 2744 3519 ἀγίων·
2792 3450 2886 3501 καὶ
2925 3449 3186 3518 ἐξεϐλήθη
3224 3449 3408 3502 λοιπὸν
3452 3451 3512 3501 ού

1931 3545 2089 3614 μόνον
2132 3542 2232 3610 τῆς
2273 3539 2593 3611 ἱερωσύνης,
2632 3538 2767 3591 ἀλλὰ
2806 3537 2898 3590 καὶ
2937 3537 3035 3605 τῆς
3085 3536 3380 3606 βασιλείας,
3421 3539 3516 3589 καὶ

1927 3631 2142 3701 διέμενε
2185 3626 2403 3698 λεπρός.
2453 3627 2509 3680 Ὀ
2563 3627 2620 3679 δέ
2677 3627 2810 3689 Θεὸς
2856 3622 3080 3692 ἐποίησε
3124 3626 3222 3693 μὲν
3261 3625 3322 3677 τὸ
3363 3625 3514 3687 ἴδιον,

1928 3721 2224 3788 ἠγανάκτει
2253 3717 2310 3770 δὲ
2332 3724 2445 3783 τοῖς
2476 3716 2700 3787 ἱερεῦσι,
2738 3715 2832 3769 καὶ
2869 3717 3104 3786 μάλιστα
3133 3714 3209 3784 τῷ
3238 3715 3513 3785 προφήτῃ,

1927 3806 2007 3858 ὃτι
2037 3805 2230 3876 παρὼν
2263 3805 2540 3880 προέδωκε
2569 3803 2666 3873 τὴν
2702 3802 3002 3856 εὐσέϐειαν.
3035 3799 3142 3855 Ἷιν
3189 3796 3280 3852 οὖν
3319 3801 3346 3850 6
3387 3799 3520 3859 Θεὸς

1927 3896 1985 3947 ἐν
2045 3899 2463 3964 παρασιωπήσει
2511 3893 2645 3962 πρὸς
2685 3892 2777 3944 τὸν
2809 3893 3117 3963 προφήτην,
3157 3891 3249 3941 καὶ
3287 3887 3344 3939 οὑ
3391 3903 3519 3956 μετ-

1929 3983 2098 4036 έδωκε
2140 3983 2351 4048 λόγους,
2386 3983 2492 4046 ἕως
2532 3979 2886 4046 ἐτελεύτησεν
2924 3981 2950 4031 ό
2991 3978 3327 4047 παράνομος.
3383 3975 3515 4026 Ὅτε

1928 4070 2111 4122 λοιπὸν
2141 4071 2411 4124 ἀπέθανεν
2442 4073 2469 4123 6
2502 4068 2724 4134 ἀσεϐὴς,
2753 4067 2874 4118 τότε
2908 4068 2934 4118 6
2965 4065 3097 4126 Θεὸς
3121 4063 3147 4100 ιι
3181 4061 3517 4130 ἀποθέμενος

1928 4157 2025 4228 τὴν
2060 4159 2454 4227 ἀγανάκτησιν,
2502 4154 2880 4208 διαλλάσσεται
2918 4150 2996 4221 τῷ
3041 4151 3315 4221 προφήτῃ.
3352 4149 3516 4213 Λέγει

1928 4247 2106 4300 τοίνυν
2137 4248 2384 4309 Ίῐσαΐας-
2419 4244 2526 4300 Καὶ
2554 4243 2790 4312 ἐγένετο
2830 4242 2898 4294 ἐν
2926 4239 3006 4306 τῷ
3027 4237 3300 4301 ἐνιαυτῷ,
3328 4230 3376 4302 ᾦ
3408 4238 3520 4290 ἀπ-

1928 4335 2145 4388 έθανεν
2182 4335 2362 4400 Ὀζίας
2389 4336 2421 4386 ό
2449 4331 2773 4397 βασιλεὺς,
2805 4325 2969 4383 εἶδον
2996 4327 3101 4380 τόν
3130 4327 3350 4392 Κύριον
3386 4329 3517 4376 καθ-

1929 4423 2155 4491 ήμενον
2205 4421 2301 4473 ἐπὶ
2348 4421 2566 4488 θρόνου
2608 4415 2854 4486 ὑψηλοῦ
2883 4416 2980 4470 καὶ
3006 4412 3366 4481 ἐπηρμένου.
3408 4410 3516 4461 K61

1929 4511 2070 4566 διατί
2105 4510 2238 4572 Θεὸς
2267 4507 2512 4577 ἐπεφάνη
2549 4508 2640 4559 ἐπὶ
2674 4505 2861 4575 θρόνου
2899 4500 3104 4569 ὑψηλοῦ
3142 4498 3234 4549 καὶ
3267 4495 3514 4565 ἐπηρμέ-

1931 4619 2057 4668 νου;
2105 4600 2323 4670 Ἐπειδὴ
2359 4601 2586 4669 ἀόρατός
2628 4600 2775 4648 ἐστιν
2819 4596 2846 4646 6
2894 4592 3046 4653 Θεὸς,
3094 4590 3122 4640 6
3158 4588 3214 4640 δὲ
3265 4587 3518 4656 βασιλεὺς

1932 4691 2207 4762 ὁρώμενος
2241 4689 2406 4757 φόϐον
2440 4687 2584 4754 ἔσχε,
2629 4683 2866 4734 δείκνυσι
2905 4676 2984 4747 τῷ
3013 4676 3267 4746 προφήτῃ
3293 4674 3392 4743 τὴν
3423 4675 3516 4727 οὺ-

1936 4780 2115 4850 ράνιον
2140 4777 2316 4840 δόξαν,
2347 4776 2433 4827 ἵνα
2467 4773 2628 4839 πείσῃ
2659 4768 2819 4820 αὑτὸν
2849 4765 2999 4818 ποίου
3029 4765 3220 4835 θρόνου
3253 4778 3520 4831 καταφρο-

1933 4867 2218 4934 νήσαντες,
2255 4865 2404 4912 ποῐον
2435 4859 2620 4928 θρόνον
2649 4855 2935 4924 ἐτίμησαν·
2980 4856 3140 4904 ποίαν
3166 4851 3516 4922 δορυφορίαν,

1931 4953 2181 5020 οὐράνιον
2207 4952 2300 5001 καὶ
2329 4945 2648 5014 ἀγγελικὴν,
2687 4944 2763 5014 μὴ
2783 4943 3136 5011 τιμήσαντες,
3171 4938 3306 5008 μηδὲ
3336 4940 3489 5007 ἐννοή
3507 4965 3522 4976 -

1936 5056 2145 5102 σαντες,
2186 5035 2513 5106 δορυφορίαν
2549 5032 2896 5102 ἀνθρωπίνην
2927 5028 3375 5098 ἐδυσωπήθησαν.
3407 5026 3518 5080 Καί

1932 5124 2030 5195 ἦν,
2061 5126 2244 5194 φησὶν,
2270 5122 2512 5191 πλήρης
2542 5124 2574 5175 ό
2608 5116 2771 5185 οἶκος
2814 5117 2921 5185 τῆς
2957 5116 3144 5183 δόξης
3177 5116 3386 5178 αὑτοῦ,
3420 5115 3517 5167 καί

1936 5217 2004 5268 τὰ
2051 5212 2343 5282 Σεραφεὶμ
2379 5210 2766 5276 είστήκεισαν
2807 5209 3011 5269 κύκλῳ
3046 5205 3255 5258 αὑτοῦ.
3298 5204 3378 5255 Τὰ
3415 5205 3520 5255 Χε-

1936 5303 2164 5372 ρουϐεὶμ
2223 5299 2409 5369 θρόνος
2456 5297 2592 5363 ἐστὶ,
2650 5297 2718 5349 τὰ
2768 5294 3047 5364 Σεραφεὶμ
3096 5293 3412 5362 δορυφορία·
3451 5289 3518 5341 τὰ

1934 5388 2246 5460 Χερουϐεὶμ
2276 5387 2384 5458 γὰρ
2414 5387 2564 5440 οὑδέν
2593 5385 2720 5439 ἀλλο
2749 5381 3131 5454 ἑρμηνεύεται,
3170 5380 3202 5449 ἢ
3234 5379 3394 5447 σοφία
3421 5393 3518 5428 πε-

1999 5539 2022 5569 ⁹
2050 5536 2134 5585 Sic
2179 5536 2443 5586 Vaticanus
2482 5541 2621 5600 [cete
2667 5555 2678 5582 :
2728 5532 2876 5600 quil:
2926 5536 2978 5578 οι
3007 5526 3517 5600 ⁷(ἷ9ῐηῦεῇε.νὲλεγεελ,

1936 5602 2006 5646 ὅτι
2053 5600 2199 5646 ἄλλον
2249 5600 2350 5647 ἐστὶ
2393 5597 2516 5646 Θεοῦ
2543 5600 2708 5659 ὄνομα·
2739 5595 2827 5642 οὑκ
2853 5595 2980 5642 ἔστιν
3019 5592 3145 5648 οὑτε,
3169 5594 3266 5634 elc.
3292 5587 3396 5636 Vox
3420 5589 3521 5636 ἐλε-

1935 5679 2012 5722 γεν
2034 5668 2180 5709 1.01am
2207 5657 2797 5721 perlurbatsentemiam.
3078 5712 3108 5722 η
3317 5716 3324 5722 λ
3396 5712 3402 5719 η
3475 5712 3481 5719 ι

1940 5712 1957 5832 ἐ
2000 5722 2028 5794 ιξ
2051 5723 2137 5770 lhs
2159 5712 2317 5774 uﬁiuia
2344 5723 2465 5777 dicit
2504 5724 2881 5784 L‘brysoslomus
2904 5727 3051 5777 supra
3075 5712 3439 5762 Commentario
3471 5712 3522 5764 in

1963 5797 2124 5832 5mm.

1963 5797 2124 5833 εςιιιιιυ.
