4110 6318
184 345 299 401 445

185 464 375 523 estque
403 451 589 509 honori
617 452 775 509 simul
823 460 878 507 et
920 451 1123 522 quieti:
1150 453 1216 506 ita
1248 464 1301 508 et
1327 454 1419 508 Dei
1450 452 1637 507 solium
1677 464 1767 503 sa-

190 547 387 616 pientia
417 547 467 599 in
505 562 609 615 qua
638 546 775 601 Deus
821 546 1123 615 requiescit.
1156 545 1277 601 Ideo
1324 546 1489 600 David
1520 546 1594 598 ait
1628 561 1640 598 :
1673 543 1771 610 Qui

190 638 332 691 sedes
354 653 504 705 super
520 635 785 690 Clterubim
808 636 977 706 (Psal.
1010 636 1095 691 79.
1126 638 1178 690 5.
1207 646 1252 690 et
1287 636 1375 692 98.
1408 635 1457 705 l)
1484 652 1501 699 ;
1526 649 1588 688 ac
1617 634 1660 688 si
1686 633 1769 688 di-

188 734 359 793 ceret,
386 728 474 796 qui
504 727 555 779 in
577 727 729 795 plena
757 727 1011 795 sapientia
1052 728 1301 797 quiescis.
1335 726 1458 780 Ideo
1483 726 1771 781 Cberubim

189 817 349 887 plena
372 827 495 871 sunt
519 818 705 884 oculis,
736 818 785 872 in
808 818 986 885 dorso,
1040 821 1090 873 itt
1127 821 1321 890 capite,
1356 820 1411 873 in
1455 820 1665 888 pennis,
1719 819 1770 872 in

188 908 435 977 pedibus,
471 910 522 962 in
553 918 789 978 pectore,
817 919 871 964 et
900 920 1006 965 tota
1030 913 1203 964 oculis
1229 912 1383 981 plena
1410 920 1583 974 erant,
1636 926 1771 979 quo-

192 1002 334 1053 niam
364 1001 620 1069 sapientia
650 1004 878 1072 undique
905 1002 1184 1070 conspicit,
1216 1013 1269 1057 et
1296 1002 1528 1071 undique
1573 1003 1774 1071 apertis

186 1100 272 1146 est
299 1093 487 1149 oculis.
518 1112 534 1143 ι
553 1092 656 1148 Sex
683 1094 835 1157 alam
865 1095 1049 1163 inquit,
1091 1113 1108 1145 ι
1137 1096 1245 1160 uni,
1267 1106 1321 1150 et
1342 1110 1433 1149 sex
1457 1097 1551 1148 alte
1575 1097 1682 1151 uni.
1710 1095 1776 1150 Et

186 1181 399 1237 duabus
420 1184 630 1253 quidem
659 1187 903 1255 tegebant
930 1186 1149 1248 vultum,
1183 1195 1236 1239 ct
1255 1185 1461 1241 duabus
1490 1186 1669 1254 pedes,
1723 1196 1775 1239 et

190 1272 405 1329 duabus
454 1276 721 1331 volabant.
773 1278 837 1332 Et
882 1279 1180 1333 clamabant
1225 1280 1361 1334 alter
1412 1280 1477 1333 ad
1527 1282 1773 1347 alterum,

186 1366 438 1435 Sanctus,
470 1378 703 1433 sanctus,
756 1380 969 1425 sanctus
1001 1372 1251 1425 Dominus
1276 1371 1507 1426 SabaOth
1548 1392 1569 1424 ι
1602 1374 1618 1439 (
1650 1371 1775 1425 Isai.

188 1458 242 1511 6.
277 1458 331 1511 2.
360 1459 393 1513 3
418 1460 434 1526 )
461 1477 472 1511 :
503 1458 606 1513 hoc
631 1470 732 1525 est,
765 1461 1017 1514 Dominus
1044 1464 1390 1515 exercituum.
1424 1464 1531 1517 Sea:
1555 1466 1774 1529 (tlteuni,

186 1556 235 1600 et
264 1564 352 1600 sca:
387 1549 484 1601 alte
511 1552 618 1602 uni.
641 1548 772 1603 Octo
799 1550 1065 1605 silentium
1109 1561 1305 1614 tenent,
1338 1564 1390 1607 et
1416 1564 1641 1622 quatuor
1668 1554 1776 1607 ela-

190 1647 363 1691 mant.
394 1638 528 1706 Quid
556 1654 683 1709 ergo
713 1640 868 1695 docet
890 1656 985 1695 nos
1006 1642 1273 1711 Scriptura
1299 1643 1321 1695 ?
1350 1642 1425 1697 Nc
1473 1659 1631 1697 omne
1689 1660 1776 1697 ra-

191 1731 472 1785 tiocinium
497 1747 805 1785 moveamus
827 1733 969 1787 circa
1020 1735 1220 1797 Deum;
1279 1736 1371 1788 sed
1422 1735 1523 1787 alia
1569 1736 1779 1789 silentio

188 1822 565 1890 praedicamus,
592 1824 694 1876 alia
725 1824 825 1877 ﬁde
851 1825 1209 1893 gloriﬁeemus
1235 1835 1288 1880 et
1310 1827 1485 1879 divina
1510 1829 1770 1882 dicamus.

188 1912 302 1966 Cur
329 1921 505 1970 autem
540 1913 698 1981 pedes
728 1916 986 1983 obtegunt
1011 1925 1062 1969 et
1088 1926 1245 1985 caput
1276 1918 1296 1969 ?
1325 1918 1456 1985 Quia
1489 1934 1586 1971 nec
1633 1920 1781 1986 prin-

196 2006 398 2070 cipium
427 2020 523 2059 nec
552 2004 669 2059 linis
714 2008 994 2073 reperitur.
1029 2008 1237 2060 Duabus
1290 2018 1472 2077 legunt
1526 2022 1683 2077 caput
1728 2021 1782 2065 et

196 2095 405 2150 duabus
423 2096 605 2164 pedes,
632 2112 821 2166 nempe
837 2098 1040 2151 duabus
1060 2099 1243 2152 mediis
1262 2101 1447 2166 pennis
1463 2100 1662 2163 volant,
1677 2117 1781 2155 non

198 2184 586 2255 superioribus,
610 2203 706 2241 nec
722 2187 1079 2242 inferioribus.
1096 2189 1201 2242 Nos
1220 2190 1359 2242 enim
1375 2189 1439 2243 de
1453 2190 1560 2243 Deo
1574 2191 1783 2258 loquen-

196 2287 307 2341 tes,
343 2279 515 2331 media
543 2277 816 2333 declarare
844 2288 1056 2348 oportet
1081 2297 1093 2333 :
1140 2280 1279 2349 quod
1308 2296 1497 2351 netnpe
1523 2282 1591 2333 sit
1626 2282 1781 2348 Deus,

197 2371 343 2437 quod
361 2370 601 2437 Creator,
621 2372 760 2440 quod
776 2372 1049 2437 Dominus,
1070 2373 1211 2441 quod
1233 2372 1523 2428 bcnelieus.
1544 2374 1787 2428 llreeom-

198 2465 285 2516 nia
300 2462 470 2516 media
495 2472 636 2516 sunt.
661 2463 716 2518 Si
739 2463 903 2529 dicas,
924 2464 1200 2531 Quomodo
1221 2467 1397 2535 genuit
1415 2466 1437 2517 ?
1454 2477 1611 2534 caput
1632 2467 1785 2521 dete—

197 2554 347 2616 xisti,
378 2554 516 2622 quod
544 2555 829 2608 Cltcrubitn
880 2565 1081 2624 tegunt.
1112 2557 1163 2611 Si
1210 2574 1369 2626 porro
1414 2559 1631 2620 dixeris,
1688 2560 1783 2614 Ubi

198 2654 283 2697 est
313 2642 409 2698 Dei
440 2646 594 2698 linis?
620 2645 781 2713 pedes
809 2647 1035 2709 nudasti,
1070 2662 1201 2715 quos
1239 2658 1421 2715 tegunt
1468 2649 1781 2701 Cheruhim.

198 2737 410 2807 Tegunt
430 2747 600 2790 autem
616 2747 773 2806 caput
794 2747 847 2792 et
880 2739 1060 2806 pedes,
1095 2755 1197 2793 non
1230 2750 1285 2793 ut
1313 2741 1663 2799 abscondant,
1692 2741 1783 2793 sed

202 2838 262 2880 ut
290 2827 519 2881 doceant
547 2828 661 2881 hree
711 2842 831 2882 esse
880 2830 1238 2882 inscrutabilia
1266 2871 1280 2890 ,
1335 2830 1791 2897 incomprehensi-

202 2917 351 2969 bilia.
385 2919 578 2984 Accipe
629 2917 867 2986 ﬁguram.
902 2918 1068 2971 Erant
1107 2933 1198 2971 sex
1246 2927 1297 2972 et
1340 2932 1455 2983 sex,
1511 2920 1788 2974 duodecim

201 3023 396 3077 penum
430 3018 586 3063 :oeto
616 3009 917 3076 quiescunt,
945 3017 997 3062 et
1050 3019 1279 3078 quatuor
1315 3022 1615 3065 moventur.
1668 3012 1791 3067 ":l‘C

203 3103 370 3168 ﬁgura
398 3114 521 3154 sunt
549 3102 930 3169 apostolorum.
961 3102 1246 3155 Duodecim
1270 3112 1390 3157 sunt
1420 3106 1667 3173 apostoli,
1696 3105 1790 3159 sed

203 3202 437 3261 quatuor
460 3193 794 3260 evangelista:
822 3194 1070 3247 clamant.
1105 3193 1167 3246 Et
1196 3194 1319 3263 quid
1351 3196 1625 3248 clamant?
1656 3197 1785 3249 Eam

203 3298 393 3337 vocem
415 3299 575 3352 quam
597 3293 842 3338 evertere
887 3294 1097 3337 satanas
1126 3296 1346 3338 conatus
1376 3295 1479 3339 est.
1521 3288 1779 3341 Animad-

204 3384 378 3439 verte,
410 3390 608 3444 quaeso.
635 3375 746 3429 Non
777 3376 1087 3443 simpliciter
1115 3376 1385 3441 dicebant,
1421 3387 1475 3429 ut
1498 3392 1614 3438 nos,
1652 3378 1791 3431 San-

206 3476 339 3529 ctus,
370 3474 593 3529 sanctus,
626 3474 849 3530 sanctus,
877 3464 972 3519 sed
1001 3466 1138 3518 alter
1167 3466 1232 3519 ad
1275 3468 1500 3521 alterum
1558 3468 1793 3523 vicissim

206 3554 544 3619 emittebant,
587 3564 641 3607 ut
669 3556 920 3623 scriptum
958 3568 1039 3609 est
1069 3574 1080 3609 :
1116 3556 1177 3608 Et
1230 3558 1517 3610 clamabant
1552 3559 1680 3610 alter
1729 3560 1795 3612 ad

205 3650 445 3702 alterum.
470 3648 713 3711 Sanctus,
748 3647 934 3715 inquit,
972 3648 1138 3702 semel
1167 3648 1451 3701 dicendum
1506 3650 1658 3703 nobis
1687 3658 1789 3703 est.

213 3739 367 3792 Alius
394 3738 521 3791 dicit
546 3738 769 3791 Sanctus
795 3755 807 3789 :
838 3736 1032 3790 deinde
1073 3738 1224 3800 alius,
1260 3738 1393 3791 adde
1440 3740 1616 3801 tertio,
1664 3741 1794 3792 San-

208 3840 350 3884 ctus.
370 3830 499 3895 Quia
530 3844 656 3899 ergo
682 3838 791 3883 tres
826 3832 1236 3894 numeravimus,
1266 3846 1329 3882 ne
1348 3839 1500 3897 putes
1532 3841 1637 3884 tres
1680 3848 1797 3886 esse

210 3923 364 3976 deos.
390 3920 495 3975 Cur
519 3936 645 3989 ergo
673 3939 684 3973 :
716 3922 957 3985 Sanctus,
1007 3931 1228 3986 sanctus,
1273 3932 1476 3975 sanctus
1510 3921 1800 3977 Dominus?

212 4011 366 4068 Unus
396 4012 540 4066 enim
569 4021 649 4065 est
692 4012 968 4079 Dominus,
1002 4030 1102 4065 una
1137 4014 1281 4077 lides,
1316 4030 1477 4067 unum
1514 4015 1791 4085 baptisma.

210 4104 291 4157 Ac
315 4101 760 4171 quemadmodum
782 4102 1251 4172 inpsaltnodiislulii
1282 4103 1399 4155 aliis
1418 4119 1601 4157 versus
1626 4115 1797 4157 trans-

211 4196 452 4258 mittunt,
479 4195 555 4248 sic
580 4210 822 4263 superna:
851 4203 1139 4263 potestates
1168 4205 1378 4248 mutuos
1396 4195 1589 4249 choros
1616 4206 1797 4266 agunt,

214 4300 280 4341 ac
302 4285 465 4338 veluti
494 4300 556 4339 ex
590 4284 816 4339 melodia
851 4285 1085 4341 vicissim
1128 4284 1327 4350 habita,
1358 4286 1799 4356 gloriﬁcationem

213 4376 490 4438 emittunt,
542 4376 761 4431 Deinde.
807 4376 971 4430 Plena
1003 4386 1129 4441 erat,
1182 4378 1370 4447 inquit,
1412 4379 1589 4433 damus
1640 4382 1802 4450 gloria

210 4468 347 4534 ejus.
378 4465 445 4518 Et
465 4467 705 4519 elevatum
722 4477 791 4520 est
819 4468 1207 4535 superliminare
1235 4485 1267 4520 a
1318 4484 1432 4522 voce
1461 4486 1559 4539 qua
1606 4472 1799 4523 clama-

211 4556 359 4623 bant,
388 4566 432 4609 et
452 4557 630 4609 domus
654 4559 843 4627 repleta
866 4567 939 4610 est
956 4558 1094 4626 fumo
1113 4558 1129 4626 (
1151 4557 1277 4610 Isai.
1311 4560 1363 4612 5.
1394 4560 1426 4613 4
1447 4562 1487 4627 ).

286 4650 343 4702 6.
373 4648 503 4702 Rem
532 4650 876 4712 stupendam!
905 4649 1036 4702 Cum
1070 4660 1188 4717 post
1219 4651 1654 4719 gloriﬁcotionem
1684 4652 1801 4723 glo-

213 4742 295 4796 ria
326 4739 566 4797 addenda
608 4741 909 4806 videretur,
940 4742 1099 4795 etiam
1128 4758 1187 4794 ea
1216 4760 1333 4812 qua:
1377 4754 1492 4798 erat
1532 4746 1718 4813 periit,
1752 4754 1805 4801 et

214 4832 395 4886 fumus
422 4832 652 4885 intravit.
684 4831 880 4885 Fumus
919 4841 1094 4886 autem
1126 4834 1470 4889 desolationis
1498 4846 1579 4890 est
1608 4839 1798 4907 imago.

215 4924 359 4992 Quid
406 4926 560 4993 igitur
602 4925 701 4979 hoc
739 4925 860 4978 est?
902 4925 1230 4979 Pranvidebat
1272 4926 1502 4995 Spiritus
1550 4940 1798 4995 sanctus,

214 5016 370 5079 illud,
403 5016 621 5069 Sanctus
645 5055 660 5078 ,
690 5024 894 5068 sanctus
918 5056 931 5078 ,
968 5025 1167 5067 sanctus
1186 5057 1200 5080 ,
1232 5017 1428 5071 mundo
1450 5034 1567 5073 csse
1592 5020 1804 5074 concin-

216 5119 423 5171 natum,
448 5106 805 5175 przcdicationi
828 5107 1210 5174 apostolorum,
1236 5118 1289 5159 et
1317 5110 1571 5175 templum
1595 5109 1805 5163 Judtco-

218 5211 339 5254 rum
373 5210 473 5248 non
503 5196 627 5249 illud
651 5198 909 5265 accipere.
935 5196 1209 5266 Dicitergo
1236 5208 1350 5264 post
1379 5199 1802 5264 praedicationem

224 5286 858 5357 Evangeliidesolatione
892 5294 946 5339 et
985 5286 1126 5339 l'umo
1169 5288 1469 5354 replendum
1500 5304 1616 5342 esse
1642 5306 1801 5359 syna-

213 5391 429 5449 gogam.
463 5376 737 5430 Elevatum
769 5386 850 5429 est
877 5392 979 5429 non
1010 5378 1225 5440 ostium,
1255 5378 1347 5431 sed
1376 5380 1797 5447 superliminare.

216 5470 469 5523 Animum
498 5468 707 5522 adhibe.
739 5468 922 5524 Omnis
956 5470 1115 5537 janua
1142 5471 1310 5523 solum
1343 5472 1667 5525 substratum
1711 5474 1804 5527 ha-

217 5559 345 5622 bet,
392 5568 445 5612 et
485 5558 888 5626 superliminare
931 5560 1234 5627 impositum
1276 5564 1555 5629 parastatis
1585 5582 1598 5618 :
1632 5580 1802 5633 neque

219 5659 443 5719 possunt
474 5658 751 5719 parastatzc
791 5661 930 5705 stare
952 5692 965 5715 ,
995 5652 1093 5705 nisi
1132 5654 1301 5706 solum
1337 5654 1600 5719 habeant;
1633 5672 1802 5726 neque

220 5740 419 5796 ﬁrmari
444 5740 779 5812 immotacquc
800 5756 915 5800 csse
942 5752 1177 5813 possunt,
1206 5743 1305 5797 nisi
1336 5746 1593 5816 accipiant
1615 5762 1795 5817 supcr-

1248 342 1335 397 DE
1374 338 1588 396 MUNDI
1627 334 2016 394 CREATIONE
2054 338 2310 397 ORATIO
2348 340 2410 395 11.

3356 363 3471 416 4411

1880 448 2139 505 liminare.
2166 451 2387 506 Elevata
2413 460 2497 507 est
2520 467 2646 522 ergo
2672 469 2955 526 synagogze
2978 458 3221 527 superior
3251 459 3419 515 forma
3448 478 3462 513 :

1877 557 1981 595 non
2008 549 2116 596 tota
2146 540 2357 611 quidem
2385 558 2671 613 synagoga,
2689 561 2805 612 qua:
2833 555 3010 615 portas
3038 548 3252 617 quidem
3283 550 3463 616 habet,

1876 631 2281 700 superliminare
2304 642 2479 689 autem
2510 636 2732 689 nullum.
2755 636 3174 707 Superliminare
3204 655 3361 709 porro
3384 652 3468 695 est

1877 724 2044 778 virtus
2063 737 2290 792 superne
2310 728 2608 779 continens.
2629 726 2901 781 Elevatutn
2929 738 3011 783 est
3036 746 3097 784 su
3107 730 3464 799 perliminare,

1880 813 2135 867 nudatum
2163 824 2241 868 est
2270 816 2453 883 gratia.
2490 816 2565 869 Ex
2595 832 2699 885 quo
2727 826 2899 871 autem
2929 820 3332 888 superliminare
3360 820 3471 873 ele-

1879 919 2056 962 vatum
2096 917 2212 973 est,
2257 911 2613 963 necessarimn
2656 909 2755 962 fuit
2792 920 3081 979 parastatas
3119 915 3197 966 vel
3229 930 3255 965 a
3303 912 3465 967 debili

1881 1012 2036 1053 manu
2067 1001 2409 1055 commoveri.
2442 1000 2561 1055 Ideo
2601 1004 2803 1071 qucevis
2845 1018 3030 1057 manus
3066 1004 3283 1059 Judaiea
3323 1019 3469 1059 (‘Olll-

1882 1102 2057 1144 movet
2084 1106 2099 1147 :
2131 1090 2328 1144 idcirco
2360 1092 2615 1160 propheta
2656 1093 2869 1160 quidam
2900 1093 3144 1148 dicebat:
3186 1094 3251 1147 Et
3283 1111 3468 1164 ponam

1890 1178 2161 1234 Ierusalem
2186 1191 2237 1234 ut
2265 1182 2499 1233 vestibula
2522 1198 2632 1250 qute
2662 1192 2939 1235 moventur.
2974 1182 3037 1234 Et
3067 1184 3243 1237 domus
3277 1184 3469 1253 repleta

1882 1282 1952 1324 est
1992 1276 2131 1341 fumo
2154 1271 2331 1342 (Zac/t.
2370 1271 2455 1326 12.
2486 1272 2562 1341 2).
2601 1274 2664 1326 Et
2713 1288 2941 1341 quonam
2977 1274 3105 1327 abiit
3138 1274 3346 1342 gloria?
3373 1277 3470 1327 At-

1884 1362 2039 1417 tende
2063 1404 2078 1427 ,
2108 1378 2309 1432 quaeso.
2341 1364 2475 1417 Dicit
2506 1364 2664 1417 Isaias
2691 1406 2703 1427 ,
2736 1364 2799 1416 Et
2842 1365 2988 1434 plena
3021 1376 3123 1418 erat
3152 1366 3332 1417 domus
3362 1365 3472 1435 glo-

1883 1454 1958 1504 ria
1988 1456 2126 1518 eius;
2154 1454 2342 1506 deinde
2373 1455 2539 1507 dicit:
2572 1456 2779 1522 Ilt‘pleta
2812 1466 2879 1508 est
2912 1460 3069 1524 fumo.
3102 1456 3343 1525 Ingresso
3368 1456 3469 1509 ita-

1883 1560 1986 1614 que
2036 1547 2215 1607 l'umo,
2246 1562 2461 1600 necesse
2505 1550 2599 1599 fuit
2653 1559 2707 1601 ut
2755 1549 2920 1617 gloria
2965 1548 3359 1602 transferretur.
3407 1547 3473 1601 Et

1884 1652 2115 1705 quonam
2150 1638 2399 1690 translata
2430 1649 2510 1691 est
2533 1642 2555 1690 ‘t
2578 1640 2689 1691 Non
2726 1641 2776 1692 in
2802 1657 2957 1692 unam
2989 1641 3227 1706 domum,
3252 1640 3345 1694 sed
3372 1641 3471 1694 im—

1887 1730 2047 1797 plevit
2094 1730 2355 1782 Ecelesias
2396 1746 2493 1800 per
2534 1740 2699 1784 totum
2740 1734 2941 1786 orbem.
2991 1734 3055 1787 Et
3091 1743 3145 1787 ut
3194 1733 3473 1788 ostendant

1884 1821 2168 1875 Cheruhim
2197 1838 2427 1890 qttonam
2454 1824 2642 1877 abierit
2669 1824 2833 1891 gloria
2861 1841 2979 1894 qua:
3010 1828 3061 1879 in
3095 1827 3290 1896 templo
3335 1837 3471 1889 erat,

1886 1910 2065 1963 dicunt
2092 1930 2103 1964 :
2132 1911 2294 1965 Plena
2328 1925 2398 1965 est
2443 1915 2605 1967 omnis
2646 1923 2775 1966 terra
2815 1916 2975 1983 gloria
3004 1918 3130 1985 ejus.
3160 1916 3366 1971 Nudata
3396 1925 3477 1972 est

1887 2016 2014 2069 gens
2038 2017 2159 2066 una,
2189 2014 2236 2055 et
2268 2004 2542 2057 illuntinati
2579 2015 2702 2059 sunt
2726 2008 2934 2059 termini
2965 2017 3139 2062 teme.
3171 2008 3316 2062 lianc
3346 2024 3471 2063 san-

1886 2101 2026 2145 ctam
2073 2108 2256 2146 vocem
2310 2094 2557 2160 Domini,
2589 2097 2787 2165 regiam
2832 2098 3268 2167 gloriﬁcationem
3296 2142 3309 2165 ,
3342 2102 3475 2154 hanc

1888 2183 2121 2236 divinam
2164 2186 2439 2253 mysticam
2472 2187 2852 2241 institutionem
2885 2230 2899 2254 ,
2929 2188 3137 2243 dicebat
3167 2204 3227 2243 os
3253 2190 3479 2244 diaboli-

1889 2288 2006 2325 cum
2034 2313 2047 2338 ,
2080 2274 2229 2327 aufer
2273 2275 2339 2327 ah
2380 2276 2553 2329 altari.
2581 2278 2732 2342 Quod
2765 2288 2941 2331 autem
2988 2279 3101 2333 hmc
3148 2280 3475 2349 blasphemia

1889 2363 2158 2418 Christum
2206 2365 2463 2434 impetat,
2512 2368 2847 2421 manifestum
2896 2370 3251 2424 testimonium
3304 2370 3475 2426 adest.

1892 2457 2184 2520 Quemnam
2221 2456 2346 2506 vidit
2380 2457 2428 2507 in
2459 2457 2594 2508 solio
2629 2458 2788 2510 lsaias
2810 2462 2831 2511 ’ἰ
2861 2460 2948 2511 Ait
2974 2461 3147 2525 enim,
3181 2461 3362 2513 Audiri
3390 2477 3478 2514 ινο-

1890 2563 1993 2597 cem
2020 2545 2216 2597 Domini
2249 2547 2456 2599 dicentis
2482 2564 2499 2598 .'
2524 2549 2682 2612 Quem
2713 2551 2903 2601 mittant
2926 2552 2950 2603 ?
2971 2560 3015 2603 el
3041 2553 3150 2621 quis
3178 2553 3266 2605 ibit
3291 2553 3358 2605 ad
3385 2570 3478 2621 po.

1892 2637 2066 2705 pulum
2093 2638 2223 2690 [tunc
2249 2638 2394 2704 (lsui.
2422 2639 2470 2693 6.
2498 2640 2592 2708 8)?
2622 2641 3011 2695 lieconcilialtts
3041 2653 3121 2697 est
3146 2658 3323 2707 servo,
3354 2660 3479 2712 Spe-

1891 2728 2026 2779 cirm
2055 2735 2225 2780 tamen
2259 2731 2571 2796 praeferebat
2599 2730 2988 2797 indignationis.
3022 2732 3089 2787 Ut
3133 2748 3230 2786 nos
3271 2735 3481 2802 quando

1894 2831 2049 2871 servo
2079 2820 2409 2886 pepercimus
2438 2862 2451 2884 ,
2483 2835 2586 2874 non
2618 2823 2795 2875 statim
2827 2824 2899 2877 illi
2928 2833 3094 2879 totum
3127 2827 3331 2880 vultum
3358 2842 3483 2897 gra-

1895 2908 2085 2960 tiosum
2128 2909 2442 2964 exhibemus
2465 2953 2478 2975 ,
2510 2913 2601 2965 sed
2633 2923 2905 2983 aspectum
2937 2919 3193 2984 tantisper
3235 2918 3455 2973 subduci

1895 3015 2013 3053 mus
2033 3000 2129 3055 :ita
2159 3001 2294 3055 Deus
2315 3018 2433 3055 cum
2459 3019 2562 3056 non
2585 3006 2741 3059 vellet
2766 3014 2931 3059 totum
2952 3007 3231 3062 ostendere
3260 3010 3481 3077 vultum,

1896 3101 2069 3145 stante
2109 3094 2197 3145 illo
2224 3093 2429 3147 dicebat
2458 3114 2470 3147 :
2498 3096 2655 3161 Quem
2696 3098 2928 3151 mittam?
2952 3099 3408 3164 Quemadmodum
3440 3104 3483 3156 si

1898 3184 2036 3237 servi
2075 3194 2277 3238 starent
2302 3202 2481 3239 coratn
2513 3188 2642 3241 hero
2667 3231 2679 3253 ,
2708 3200 2759 3242 et
2789 3192 2947 3244 vellet
2977 3193 3088 3260 ipse
3116 3208 3300 3246 eorum
3340 3194 3484 3263 igna-

1896 3275 2036 3327 viam
2074 3276 2336 3343 incasare,
2359 3277 2559 3331 diceret
2586 3297 2598 3332 :
2622 3279 2787 3347 Quem
2819 3282 3067 3335 mittam?
3090 3283 3165 3337 Ad
3197 3285 3295 3337 hoc
3326 3300 3484 3353 nego-

1898 3364 2029 3416 tium
2070 3364 2336 3418 hominem
2381 3381 2485 3419 non
2526 3366 2730 3432 habeo;
2765 3385 2869 3423 non
2916 3371 3053 3439 quod
3104 3388 3206 3425 non
3256 3374 3482 3440 habeat,

1899 3454 1992 3508 sed
2018 3455 2157 3524 quod
2186 3466 2458 3510 strenuum
2488 3474 2591 3511 non
2624 3460 2832 3513 habeat.
2858 3462 2945 3515 Sic
2969 3463 3139 3516 Deus:
3166 3464 3334 3530 Quem
3364 3466 3485 3517 mit-

1906 3554 2009 3598 tam
2056 3546 2210 3613 hujus
2241 3548 2394 3601 loco?
2423 3564 2489 3602 an
2518 3567 2640 3603 cum
2671 3553 2759 3619 qui
2793 3554 2988 3614 tacuit,
3020 3554 3203 3607 videns
3232 3572 3352 3609 cum
3397 3558 3485 3626 qui

1900 3638 2253 3692 sacerdotium
2310 3641 2688 3710 impugnabat?
2728 3644 2861 3710 Quid
2914 3660 3041 3713 ergo
3095 3646 3291 3701 Isaias?
3329 3648 3488 3715 Quasi

1904 3731 2128 3784 famulus
2160 3732 2210 3784 in
2238 3732 2435 3785 oll‘ensa
2465 3733 2848 3801 deprehensus,
2876 3750 2938 3789 ac
2964 3750 3330 3807 compunctus,
3362 3740 3485 3808 qui-

1902 3837 2005 3889 que
2048 3822 2259 3876 studeat
2301 3825 2473 3891 priora
2524 3826 2829 3893 ahSIergere
2855 3845 2867 3879 :
2893 3825 3023 3879 Ecce
3061 3845 3149 3899 ego
3173 3870 3187 3890 ,
3219 3830 3355 3881 mitte
3392 3846 3486 3882 me.

1904 3913 2056 3969 Unde
2094 3930 2220 3983 ergo
2249 3917 2594 3973 ostendemus
2634 3934 2748 3973 eam
2795 3920 2958 3975 fuisse
2988 3922 3183 3976 Christi
3222 3925 3491 3993 gloriam?

1903 4006 1990 4059 Ait
2023 4006 2253 4061 Joannes
2284 4010 2603 4076 evangelista
2637 4026 2649 4061 :
2688 4030 2705 4060 ‹
2740 4012 2867 4063 Cum
2900 4021 3040 4064 tanta
3083 4014 3230 4081 signa
3276 4013 3490 4067 fecisset

1904 4096 2079 4161 Jesus,
2115 4113 2218 4151 non
2250 4100 2591 4152 crediderunt
2618 4102 2665 4153 ci
2697 4100 2867 4154 Judmi
2891 4144 2903 4163 ,
2934 4112 2989 4155 ut
3022 4104 3327 4170 impleretur
3351 4105 3489 4174 quod

1905 4187 2102 4239 dictum
2134 4198 2214 4240 est
2242 4204 2333 4255 per
2362 4190 2545 4241 Is:iiam
2578 4207 2589 4241 :
2618 4191 2811 4242 Auditu
2838 4193 3084 4256 audietis,
3116 4202 3169 4246 ct
3198 4209 3301 4247 non
3333 4196 3487 4248 intel-

1905 4279 2099 4346 ligetis.
2130 4279 2252 4333 llrec
2279 4290 2454 4333 autem
2480 4281 2611 4334 dixit
2636 4282 2847 4351 quando
2874 4283 3002 4335 vidit
3030 4285 3249 4352 gloriam
3278 4286 3411 4353 ejus,
3437 4294 3490 4340 et

1906 4371 2155 4440 loquutus
2193 4381 2273 4426 est
2322 4372 2389 4425 de
2415 4387 2480 4426 eo
2510 4391 2528 4424 ι
2559 4372 2738 4442 (Joan.
2773 4373 2861 4425 12.
2893 4374 3121 4442 57.41).
3160 4374 3491 4429 Vidistin'ca-

1908 4471 1998 4531 pttt
2050 4463 2234 4516 salutis
2295 4474 2523 4531 nostrae,
2573 4462 3083 4518 sanetilicationem?
3128 4465 3492 4519 Sanctilicatio

1906 4557 1949 4609 si
1978 4571 2079 4609 non
2113 4555 2301 4617 fuerit,
2332 4571 2501 4624 neque
2527 4556 2835 4625 mysterium
2867 4566 3281 4609 consummatur.
3318 4556 3489 4611 Habes

1910 4649 2211 4716 imaginem.
2240 4648 2421 4703 Solum
2449 4648 2629 4701 dixere
2654 4647 2936 4702 Cheruhim
2965 4666 2976 4699 :
3006 4646 3243 4712 Sanctus,
3269 4659 3489 4713 sanctus,

1906 4751 2105 4794 sanctus
2130 4739 2373 4793 Dominus
2398 4757 2415 4793 :
2437 4740 2758 4793 sanetilicata
2788 4749 2867 4793 est
2890 4740 3079 4792 hostia.
3107 4739 3169 4791 Et
3196 4743 3375 4793 missus
3395 4750 3485 4805 est,

1910 4832 2095 4899 ittquit,
2128 4832 2194 4882 ad
2223 4848 2299 4883 me
2324 4848 2451 4883 unus
2476 4831 2537 4883 de
2568 4829 2852 4893 Clterubim,
2888 4840 2931 4883 et
2958 4832 3007 4883 in
3037 4847 3190 4883 manu
3216 4848 3309 4884 sua
3340 4832 3490 4884 liabe-

1908 4924 1987 4974 bnt
2008 4922 2287 4983 carbonem,
2312 4938 2457 4991 quem
2477 4921 2671 4991 forcipe
2697 4922 2873 4973 tulerat
2896 4922 2958 4972 de
2983 4920 3133 4973 altari
3156 4919 3305 4992 (lsni.
3330 4920 3383 4974 6.
3409 4921 3488 4991 6).

1908 5014 2021 5068 Non
2050 5014 2187 5077 tulit,
2212 5014 2379 5067 donec
2406 5014 2760 5067 sanctiﬁcatus
2783 5022 2883 5066 est.
2917 5012 3116 5082 Tetigit,
3147 5012 3333 5081 inquit,
3355 5012 3489 5066 lcbia

1910 5122 2019 5157 mea
2049 5104 2207 5173 (ibid.
2253 5120 2295 5156 υ.
2340 5103 2416 5169 7).
2448 5104 2552 5156 (an
2589 5104 2765 5155 labia?
2792 5103 3159 5172 Mysteriorum
3210 5103 3487 5156 vestibula.

1908 5199 2039 5265 Quid
2070 5198 2290 5252 dicimus
2314 5199 2525 5252 ﬁdeles?
2551 5199 2658 5251 Hoc
2684 5200 2989 5269 mysterium
3020 5207 3229 5267 peccata
3254 5199 3491 5253 dimittit.

1915 5292 2099 5344 Dicunt
2129 5291 2284 5343 etiam
2316 5290 2598 5343 Clterubitn
2622 5307 2635 5343 :
2663 5290 2792 5343 Ecce
2814 5291 2999 5343 abstuli
3032 5304 3233 5360 peccata
3265 5302 3368 5343 tua.
3398 5292 3488 5345 Vi-

1909 5382 2028 5436 disti
2073 5381 2331 5451 ﬁguram?
2357 5382 2527 5434 vidisti
2570 5382 2934 5450 splendentem
2965 5382 3283 5436 veritatem?
3312 5384 3489 5453 Ipsum

1909 5477 2085 5545 igitur,
2112 5476 2199 5543 qui
2230 5476 2377 5530 sedet
2406 5492 2566 5543 super
2592 5476 2781 5529 solium
2809 5477 3077 5530 excelsum
3110 5486 3162 5530 et
3188 5477 3452 5532 elevatum
3473 5520 3486 5543 ,

1909 5568 2237 5621 sanctiﬁcare
2278 5583 2343 5620 ne
2386 5582 2700 5631 cessemus;
2733 5568 2927 5636 gratias
2968 5582 3094 5621 vero
3139 5582 3353 5637 agamus
3396 5583 3492 5635 pro

1907 5660 2079 5711 anima
2104 5674 2219 5725 qua:
2245 5656 2457 5711 seducta
2488 5657 2657 5711 fuerat
2682 5698 2697 5723 ,
2730 5673 2884 5726 quam
2917 5658 3068 5725 lupus
3095 5657 3297 5724 rapuit,
3326 5672 3483 5727 quam

1909 5748 2101 5803 avulsit
2132 5758 2328 5816 pastor,
2360 5764 2515 5820 quam
2546 5749 2716 5814 rapuit
2740 5748 2997 5807 diabolus.
3031 5748 3122 5804 sed
3150 5747 3365 5803 abstulit
3398 5748 3485 5803 ille
