4110 6318
647 346 757 397 447

641 445 878 496 clemens
903 455 964 495 ac
991 441 1277 510 benignus;
1300 450 1353 492 ut
1375 456 1434 494 os
1456 456 1613 495 omne
1635 440 1961 509 lia‘reticum,
1987 455 2037 497 et
2059 445 2232 514 lingua

642 532 950 601 blasphema
979 532 1175 592 furens,
1201 531 1370 584 laudet
1395 532 1603 585 Patrem
1626 543 1675 586 et
1700 534 1889 588 Filium
1911 546 1962 589 et
1981 537 2233 605 Spiritum

641 635 882 679 Sanctum
917 627 969 679 in
1000 625 1210 678 smcula.
1244 627 1410 676 Amen
1446 624 1541 693 (α).

640 757 884 828 Ejusdem
906 758 958 810 in
989 759 1118 810 diem
1147 761 1348 811 tertium
1368 760 1633 813 creationis
1654 801 1666 824 ,
1692 771 1737 814 et
1759 762 1821 814 de
1846 766 2227 821 resurrectione.

712 873 760 925 1.
793 871 970 924 Mundi
1004 872 1205 926 Artifex
1237 874 1369 938 sole,
1406 873 1549 941 luna,
1583 877 1751 930 stellis
1782 877 1970 930 c-.elum
1996 882 2226 944 ornavit,

638 973 941 1033 terramque
964 963 1184 1019 ﬂoribus
1213 976 1265 1018 et
1290 967 1483 1033 plantis
1512 970 1804 1032 coronavit,
1829 981 1986 1038 atque
2014 986 2228 1026 onmem

634 1065 937 1109 creaturam
968 1058 1126 1110 variis
1173 1058 1447 1112 decoravit
1493 1060 1768 1114 ornatibus
1804 1079 1816 1113 :
1848 1076 1946 1114 nos
1975 1078 2102 1117 vero
2135 1079 2229 1132 par

632 1157 736 1213 est,
769 1158 1042 1216 resumpto
1071 1149 1138 1202 de
1167 1150 1437 1202 creatione
1461 1165 1742 1214 sermone,
1779 1152 1988 1219 epitlcia
2011 1153 2225 1220 quidem

634 1241 851 1306 mirari,
895 1242 1150 1310 Upilicem
1198 1252 1374 1294 autem
1407 1241 1651 1294 adorare.
1712 1242 1896 1310 Neque
1925 1243 2068 1297 enim
2113 1244 2226 1300 hinc

634 1331 832 1398 scripta
860 1341 983 1384 sunt
1011 1332 1215 1396 solum,
1265 1339 1323 1384 ut
1371 1331 1638 1385 discamus
1676 1333 1763 1386 illa
1796 1332 1932 1388 facta
1959 1349 2099 1401 esse,
2129 1338 2222 1390 sed

632 1429 688 1474 ut
717 1422 970 1490 Opilicem
1005 1422 1351 1475 admirenmr.
1400 1423 1602 1476 Dictum
1658 1435 1741 1479 est
1765 1425 1911 1480 illum
1943 1428 2113 1495 primo
2139 1428 2223 1483 die

631 1523 997 1569 creaturarum
1024 1520 1300 1570 materiam
1327 1517 1638 1586 produxisse
1664 1536 1676 1570 :
1702 1521 1937 1573 secundo
1965 1521 2070 1585 die,
2091 1537 2222 1589 quo-

627 1605 787 1658 modo
815 1621 877 1659 ex
907 1608 1108 1660 rariore
1140 1609 1490 1678 mollioreque
1519 1624 1772 1678 aquarum
1799 1613 2017 1665 materia
2046 1615 2222 1666 lirma-

629 1708 868 1749 mentum
898 1698 1254 1766 constituerit,
1291 1700 1512 1769 ideoque
1549 1701 1940 1756 firmamentum
1975 1715 2218 1758 vocatum

623 1785 804 1841 fuerit.
838 1787 1038 1842 Idcirco
1069 1791 1227 1843 etiam
1257 1791 1501 1844 Christus
1544 1801 1710 1846 totum
1743 1794 1926 1847 orbem
1957 1805 2215 1849 terrarum

621 1887 966 1931 extenuatum
987 1887 1040 1932 et
1063 1879 1379 1944 emollitum,
1405 1881 1719 1950 diversoque
1743 1883 1972 1950 plurium
1994 1884 2214 1938 deorum

622 1984 807 2023 errore
832 1985 929 2024 ceu
959 1972 1181 2023 materia
1213 1972 1563 2040 dissipatum,
1602 1974 1832 2044 collegit,
1865 1984 1919 2028 et
1948 1993 2103 2030 unam
2151 1980 2213 2028 li-

617 2061 740 2115 dcm
779 2060 935 2126 fecit,
986 2077 1143 2130 quam
1187 2065 1576 2116 lirmamentmn
1624 2074 1778 2118 vocat
1802 2068 2086 2134 Apostolus
2133 2067 2214 2122 his

621 2151 796 2204 verbis
821 2170 832 2203 :
861 2151 1152 2205 Secundum
1182 2155 1555 2220 ﬁrmamentum
1577 2157 1696 2222 [idci
1724 2158 1776 2209 in
1797 2157 2050 2210 Christum
2077 2158 2207 2228 (Col.

616 2241 670 2292 ‘2.
696 2243 774 2309 5).
802 2242 976 2294 Divisa
1002 2254 1084 2296 est
1112 2245 1268 2313 igitur
1290 2246 1551 2312 abyssus;
1578 2257 1797 2316 eratque
1822 2266 1954 2318 aqua
1986 2251 2069 2302 illa
2092 2268 2210 2319 qua:

619 2333 756 2388 infra
781 2338 1028 2388 manebat
1066 2335 1311 2405 abyssus,
1344 2346 1500 2404 atque
1536 2339 1695 2390 etiam
1723 2340 1810 2392 illa
1849 2356 1965 2408 qua:
1999 2356 2207 2394 sursum

615 2433 670 2477 et
690 2422 932 2477 sublimis
953 2434 1068 2478 erat
1095 2427 1339 2496 abyssus.
1369 2425 1518 2481 Unde
1545 2427 1680 2482 hoc?
1705 2429 1790 2481 Ait
1821 2430 1980 2483 David
2007 2449 2018 2482 :
2044 2431 2207 2501 Abys-

613 2532 702 2568 sus
760 2518 999 2586 abyssum
1054 2518 1248 2569 invocat
1297 2519 1349 2569 in
1403 2534 1522 2572 voce
1576 2530 1946 2573 cataractarmn
2009 2535 2208 2576 tuarum

613 2609 797 2680 (Psal.
828 2611 912 2664 M.
949 2611 1035 2680 8).
1074 2611 1249 2664 Divisa
1283 2620 1362 2664 est
1406 2613 1582 2680 itaque
1613 2614 1836 2683 abyssus
1861 2655 1876 2679 ,
1927 2623 1981 2668 et
2008 2614 2203 2669 factum

611 2711 694 2754 est
725 2702 1119 2756 lirmamcntmn
1153 2720 1164 2754 :
1198 2702 1452 2772 deinceps
1495 2713 1634 2757 terra
1677 2717 1860 2773 operta
1897 2717 2012 2761 erat
2046 2722 2202 2776 aqua.

611 2792 679 2845 Et
709 2792 837 2846 dixit
871 2792 1003 2845 Deus
1023 2836 1037 2859 ,
1087 2795 1255 2862 inquit
1275 2836 1288 2856 ,
1322 2795 1663 2865 Congregetnr
1689 2813 1820 2862 aqua
1844 2813 1955 2865 qua:
1983 2801 2072 2851 sub
2102 2813 2202 2852 ctr-

610 2885 660 2936 lo
703 2893 773 2936 est
833 2885 883 2935 in
926 2886 1361 2954 congregationem
1416 2903 1568 2938 unam
1594 2927 1609 2952 ,
1665 2898 1709 2940 et
1757 2900 1999 2957 apparent
2056 2891 2202 2943 arida

612 2972 777 3044 (Gen.
813 2976 862 3027 1.
894 2975 979 3042 9).

689 3063 877 3118 Contra
921 3065 1750 3136 Anomtros.—-Quandoquidcm
1787 3073 1964 3123 omnia
2008 3073 2201 3127 intelli-

612 3172 738 3226 gere
763 3159 945 3209 volunt
968 3158 1144 3210 miseri
1178 3158 1248 3210 illi
1280 3159 1534 3223 ha-retici,
1564 3169 1612 3213 el
1648 3161 2200 3230 iucomprehensibilis

611 3258 816 3302 natura:
845 3249 1060 3302 modum
1090 3259 1424 3313 scrutantur,
1456 3250 1637 3304 dicant
1660 3255 1929 3321 quomodo
1969 3271 2198 3325 congre-

602 3349 720 3407 gata
750 3342 817 3392 sit
842 3355 997 3407 aqua,
1028 3349 1118 3392 aut
1146 3352 1461 3409 congregata
1490 3357 1717 3410 quonam
1749 3349 2049 3399 recesserit.
2081 3347 2195 3400 Non

602 3434 768 3496 enim,
801 3432 1093 3486 secundum
1122 3448 1214 3485 vos
1241 3474 1253 3495 ,
1285 3435 1429 3486 nullo
1459 3436 1704 3488 examine
1733 3438 1952 3490 vocibus
1980 3438 2192 3493 ha‘reu-

599 3529 726 3579 dum
757 3534 858 3587 est,
893 3527 980 3579 sed
1014 3542 1099 3578 res
1127 3536 1249 3579 sunt
1290 3528 1611 3594 qua-rendus.
1658 3529 1803 3581 Dixit
1843 3529 1982 3585 Dens
2015 3549 2031 3584 :
2058 3533 2193 3587 (Ion-

598 3627 828 3688 gregetur
857 3634 1010 3687 aqua.
1043 3618 1284 3684 Quonam
1316 3631 1634 3689 congregata
1668 3621 1803 3674 fuit?
1830 3623 1884 3676 ln
1914 3641 2078 3680 mare.
2111 3630 2191 3680 An

597 3725 747 3764 mare
778 3719 900 3764 tunc
929 3711 1139 3777 plenum
1171 3729 1276 3763 non
1307 3723 1423 3765 erat
1444 3713 1464 3763 '?
1489 3713 1648 3764 'l'erra
1681 3716 1828 3780 plena
1851 3725 1986 3778 erat,
2013 3719 2191 3786 utique

597 3816 727 3854 sane
756 3811 808 3855 et
834 3818 999 3855 mare.
1028 3804 1269 3866 Quonam
1301 3805 1460 3870 igitur
1489 3817 1806 3872 congregata
1836 3812 1954 3860 cst?
1981 3811 2077 3875 Qui
2101 3812 2185 3864 illa

596 3908 715 3960 qua:
745 3893 795 3944 in
820 3892 1044 3960 pedibus
1074 3893 1290 3957 habent,
1317 3911 1541 3963 quaique
1563 3896 1807 3951 videntur
1836 3914 1939 3952 non
1970 3913 2190 3968 possunt

595 3998 808 4052 capere,
831 3983 1226 4037 inscrutabilem
1248 3985 1580 4038 altitudinem
1610 3988 1824 4041 curiose
1851 3993 2183 4059 perquirunt,

593 4085 649 4128 et
694 4075 1285 4144 incomprehensibilem
1333 4075 1630 4131 divinitatis
1673 4078 1959 4149 abyssum,
2013 4099 2186 4152 neque

593 4181 744 4220 mare
767 4206 781 4230 ,
830 4166 970 4235 quod
1001 4175 1080 4218 est
1123 4168 1658 4235 incomprehensibile
1679 4209 1693 4233 ,
1732 4170 1965 4225 deterret
1995 4189 2088 4227 eos
2118 4174 2184 4229 ab

592 4258 922 4325 explorando
961 4258 1199 4310 Artiliee.
1249 4256 1368 4310 Ideo
1396 4257 1662 4313 hmreticis
1702 4259 1842 4314 dicat
1882 4264 2178 4332 propheta:

591 4344 928 4401 Ernbescant
977 4347 1253 4411 haeretici,
1306 4348 1441 4400 dixit
1499 4363 1683 4413 mare;
1734 4354 2180 4419 quemadmodmn

589 4439 760 4492 dixit:
788 4437 1249 4502 Erubesce,Sidon,
1270 4440 1398 4491 dixit
1427 4456 1563 4492 mare
1584 4445 1598 4471 ⁸
1637 4440 1785 4509 (lsai.
1817 4444 1908 4499 ‘25.
1937 4447 2014 4515 1).
2039 4447 2181 4513 Quo-

589 4545 716 4582 nam
746 4529 903 4598 igitur
928 4530 1047 4584 loco
1069 4543 1403 4600 congregata:
1433 4544 1557 4586 sunt
1587 4538 1780 4602 aquas?
1810 4539 1966 4591 Audi.
1997 4541 2180 4606 Quan-

589 4622 661 4675 do
690 4631 885 4674 terram
914 4621 1040 4675 fecit
1072 4623 1207 4676 Deus
1230 4665 1243 4688 ,
1291 4627 1524 4678 nondum
1557 4637 1704 4680 erant
1748 4643 1977 4682 concava
2023 4648 2177 4685 mou-

592 4715 759 4776 tium;
791 4713 882 4766 sed
915 4713 1072 4766 simul
1099 4723 1258 4783 atque
1279 4715 1441 4781 dixit,
1474 4715 1817 4787 Congregetur
1842 4737 1973 4788 aqua
1993 4763 2005 4786 ,
2039 4731 2175 4778 terra

588 4804 803 4872 dirupta
830 4814 913 4858 est
938 4847 952 4868 ,
985 4821 1046 4858 ac
1083 4806 1229 4859 sinus
1262 4806 1402 4860 fecit.
1436 4808 1562 4874 Quae
1592 4826 1676 4863 res
1706 4822 2175 4879 eonnnonstratur,

591 4913 783 4965 nempe
809 4897 948 4967 quod
979 4905 1117 4952 terra
1145 4899 1351 4968 dirupta
1385 4899 1567 4964 fuerit,
1596 4917 1659 4955 ex
1691 4903 1875 4956 insulis
1899 4914 1952 4958 et
1981 4907 2177 4958 monti-

590 4989 688 5042 bus
716 4989 841 5043 hinc
863 4989 986 5043 inde
1012 4991 1213 5058 positis.
1249 4991 1475 5060 Ideoque
1503 4994 1714 5060 reliquit
1744 4996 1881 5048 Deus
1905 4996 2101 5051 insulas
2123 5007 2179 5052 et

591 5091 835 5148 montes,
889 5091 946 5135 ut
987 5083 1160 5138 discas
1191 5099 1316 5150 cava
1359 5085 1617 5153 principio
1645 5087 1924 5155 conjuncta
1968 5090 2128 5144 fuisse
2159 5107 2174 5144 :

591 5174 681 5226 Dei
710 5181 885 5226 autem
909 5174 1126 5226 verbum
1159 5173 1273 5227 hate
1305 5177 1619 5244 segregavit.
1650 5176 1992 5246 Congregetur
2021 5195 2173 5248 aqua,

590 5263 781 5316 nudata
810 5274 892 5317 est
923 5273 1082 5318 terra.
1109 5265 1394 5319 Sciendum
1426 5279 1638 5332 autem,
1693 5279 1886 5322 terram
1913 5311 1926 5331 ,
1956 5287 2072 5338 quae
2100 5273 2176 5326 sic

589 5354 747 5407 hodie
777 5355 1102 5423 appellatur,
1132 5372 1159 5409 a
1188 5358 1294 5410 Deo
1322 5372 1423 5411 nec
1465 5369 1657 5411 terram
1690 5373 1808 5412 esse
1837 5361 2045 5424 factam,
2081 5377 2174 5414 ne-

590 5461 693 5514 que
715 5445 815 5500 hoc
842 5448 1055 5500 nomine
1092 5460 1332 5503 vocatam
1370 5469 1382 5503 :
1413 5450 1504 5504 sed
1527 5466 1556 5503 a
1591 5452 1847 5519 principio
1889 5454 2174 5507 creationis

591 5553 784 5594 nomen
808 5541 924 5608 ejus
949 5538 1130 5602 fuisse,
1149 5541 1316 5606 arida,
1340 5551 1395 5594 ut
1418 5544 1489 5595 ait
1515 5543 1674 5596 David
1703 5562 1715 5597 :
1741 5543 1991 5610 Quoniam
2018 5545 2174 5614 ipsius

650 5649 810 5719 *__Itaec
829 5690 840 5707 ,
865 5651 1269 5719 quemadmodum
1292 5652 1537 5719 dixit"...
1565 5654 1695 5707 dixit
1735 5669 1895 5719 mare,
1929 5670 2091 5719 neque
2123 5658 2170 5706 in

584 5709 723 5776 savii.
750 5709 914 5776 neque
941 5713 1262 5776 incombelis.
1292 5714 1536 5776 leguntur.

647 5771 721 5833 (at
756 5771 1027 5826 sie—desiuit
1055 5775 1325 5825 Vaticanus.

2107 332 2470 392 SEVERIANI

3838 382 3958 434 448

2348 459 2421 502 est
2451 466 2607 516 mare,
2640 464 2686 506 et
2711 455 2819 524 ipse
2843 455 2961 524 fecit
2986 458 3132 525 illud,
3169 469 3213 513 et
3240 463 3436 518 aridam
3462 467 3810 534 formaverunt
3833 490 3946 525 ma-

2344 560 2437 596 nus
2466 546 2574 612 ejus
2595 546 2612 610 (
2633 545 2780 600 Psal.
2814 549 2904 603 94.
2936 549 3024 619 5).
3067 554 3226 607 Arida
3257 554 3391 610 facta
3424 567 3525 622 est,
3557 565 3941 631 cognominata

2340 645 2516 689 autem
2557 636 2650 690 fuit
2682 649 2822 694 terra
2854 658 2865 693 :
2897 645 3345 712 quemadmodum
3377 649 3476 704 hoc
3527 653 3940 709 lirmameutmn

2341 728 2611 782 conditum
2635 741 2751 798 est,
2803 742 2857 787 et
2901 746 3141 790 vocatum
3187 750 3268 794 est
3308 743 3515 796 caelum.
3568 745 3732 800 Facto
3775 748 3942 817 igitur

2339 831 2592 886 aquarum
2621 821 2868 890 divortio,
2903 828 3097 894 prodiit
3121 829 3287 896 arida,
3319 834 3551 899 Speciem
3585 835 3790 893 habens
3821 841 3938 892 inc-

2338 907 2519 963 briatze
2545 918 2700 966 terra:
2729 929 2915 982 :aquze
2943 917 3082 970 enim
3113 923 3414 988 nuperrime
3443 940 3802 982 recesserant.
3837 929 3938 983 Ubi

2334 1015 2462 1068 ergo
2500 1000 2707 1056 detecta
2753 1004 2848 1058 fuit
2888 1015 3062 1073 terra,
3103 1011 3252 1078 jubet
3290 1013 3511 1068 Creator
3544 1032 3556 1068 :
3593 1036 3610 1068 ι
3647 1018 3938 1073 Ορι-ιηὶιιιει

2337 1099 2471 1142 terra
2497 1089 2714 1146 herbam
2748 1093 2894 1158 faeni,
2929 1099 3280 1156 seminantem
3310 1119 3489 1158 semen
3515 1110 3810 1162 secundum
3838 1127 3938 1178 ge-

2334 1197 2430 1234 nus
2463 1191 2516 1236 et
2539 1185 2832 1240 secundum
2864 1189 3266 1247 similitudinem
3291 1237 3303 1259 ,
3346 1206 3397 1250 et
3428 1199 3624 1266 lignum
3677 1204 3930 1257 fructife-

2331 1287 2470 1338 rmn,
2499 1273 2651 1342 cujus
2673 1290 2860 1333 semen
2889 1280 2940 1332 in
2971 1281 3082 1348 ipso
3113 1285 3200 1348 sit,
3236 1288 3525 1340 secundum
3557 1306 3723 1359 genus
3749 1304 3808 1347 et
3841 1310 3934 1347 sc-

2329 1363 2556 1416 cundum
2599 1366 2999 1423 similitudinem
3038 1390 3055 1423 ι
3101 1372 3262 1441 (Gen.
3309 1377 3359 1428 1.
3408 1378 3505 1447 11)
3544 1397 3556 1433 :
3591 1381 3769 1450 Neque
3825 1384 3936 1435 hoe

2329 1453 2532 1519 pudore
2559 1455 2724 1510 afﬁcit
2747 1458 3046 1515 luereticos.
3079 1465 3252 1518 llerba
3281 1476 3334 1521 et
3363 1468 3503 1537 ligna
3528 1480 3578 1524 et
3605 1470 3809 1524 funium
3840 1492 3935 1542 ge-

2327 1556 2516 1601 nerant
2542 1551 2832 1604 secundum
2866 1553 3268 1612 similitudinem
3295 1601 3309 1623 ,
3356 1572 3409 1614 et
3442 1564 3575 1617 Deus
3600 1565 3932 1620 dissimilem

2323 1637 2422 1689 sibi
2461 1640 2684 1706 genuit?
2715 1643 2918 1698 Etcum
2940 1649 3308 1716 quadrupedes
3338 1668 3552 1711 rursum
3577 1696 3590 1719 ,
3625 1659 3841 1725 reptilia
3877 1670 3936 1712 et

2323 1741 2448 1782 aves
2493 1728 2627 1785 facta
2655 1741 2811 1800 sunt,
2859 1736 2984 1791 dicit
3031 1739 3168 1794 Deus
3198 1759 3214 1802 _:
3247 1741 3487 1797 Educant
3521 1765 3662 1816 aqua:
3705 1750 3929 1816 reptitia

2321 1821 2606 1874 animarum
2631 1826 2892 1879 viventium
2920 1870 2934 1894 ,
2965 1840 3009 1882 et
3042 1833 3263 1886 volatilia
3295 1837 3511 1888 volantia
3540 1855 3690 1905 super
3717 1849 3928 1893 terram

2320 1915 2593 1966 secundum
2621 1932 2778 1984 genus
2811 1917 2971 1987 (Gen.
3007 1921 3058 1974 1.
3092 1921 3220 1992 20).
3253 1924 3426 1992 Fera',
3457 1930 3679 1996 reptilia,
3716 1932 3929 1983 volati-

2321 2000 2410 2064 lia,
2451 2005 2706 2071 natatilia,
2737 2007 2918 2071 herba,
2965 2010 3184 2076 finitum,
3223 2015 3381 2082 ligna,
3420 2018 3704 2070 seetmdum
3737 2035 3929 2088 genus

2319 2103 2372 2146 et
2402 2095 2693 2151 secundum
2729 2099 3126 2156 similitudinem
3151 2118 3407 2172 generant
3442 2127 3453 2160 :
3483 2111 3730 2180 soluSqne
3764 2115 3929 2169 Dens

2316 2184 2627 2241 dissimilem
2657 2192 2882 2259 genuit?
2911 2191 3151 2264 Cumque
3180 2213 3276 2250 nos
3302 2201 3500 2252 creavit
3535 2202 3688 2266 Deus,
3723 2204 3871 2258 dixit
3913 2225 3926 2257 :

2317 2273 2591 2330 Faciamus
2622 2279 2873 2333 hominem
2913 2283 2981 2334 ad
3023 2287 3291 2354 imaginem
3318 2297 3362 2339 et
3396 2290 3774 2344 similitudinem
3821 2311 3928 2346 ηο-

2314 2376 2468 2420 stram
2503 2368 2665 2437 (Gen.
2709 2372 2759 2425 1.
2787 2371 2891 2441 26)
2929 2391 2941 2426 :
2974 2390 3107 2444 opus
3139 2387 3219 2430 est
3261 2381 3552 2434 secundum
3594 2383 3924 2439 similitudi-

2313 2472 2458 2520 nem.
2487 2469 2541 2512 et
2567 2461 2756 2516 artifex
2778 2462 3100 2519 dissimilis?

2381 2549 2435 2602 2.
2482 2551 2585 2604 Sed
2633 2569 2745 2607 rem
2798 2557 2986 2610 miram
3019 2558 3136 2613 vide
3167 2577 3180 2611 :
3212 2574 3355 2629 saepe
3392 2577 3614 2633 namque
3649 2565 3922 2623 hmretica

2316 2641 2554 2709 nequitia
2581 2643 2858 2699 latibulum
2890 2649 3102 2715 reperit.
3130 2650 3220 2714 Si,
3251 2651 3452 2720 inquit,
3484 2655 3550 2707 ita
3581 2655 3780 2710 dixeris
3817 2657 3921 2712 Fi-

2309 2728 2437 2782 limn
2463 2733 2756 2786 secundum
2786 2736 3205 2804 similitudinem,
3243 2749 3298 2792 ut
3329 2750 3382 2796 et
3418 2759 3510 2796 nos
3536 2786 3548 2808 ,
3585 2744 3632 2797 id
3659 2746 3919 2801 admitti-

2313 2838 2450 2875 tnus.
2501 2823 2787 2879 Enimvero
2817 2826 2957 2880 aliud
3002 2838 3083 2883 est
3127 2841 3329 2885 natura:
3377 2835 3703 2901 similitudo,
3749 2839 3912 2893 aliud

2305 2917 2510 2984 gratim.
2546 2917 2651 2971 Nos
2680 2920 2969 2973 secumlum
3002 2923 3402 2979 similitudinem
3425 2968 3439 2992 ,
3487 2928 3572 2981 ille
3602 2930 3914 2986 similitudo

2306 3018 2385 3060 est
2416 3024 2428 3057 :
2460 3023 2578 3061 nam
2607 3010 2706 3074 Qui
2729 3012 2847 3063 vidit
2871 3028 2965 3076 me,
2993 3014 3112 3066 vidit
3142 3013 3346 3068 Patrem
3370 3015 3546 3084 (Joan.
3575 3020 3654 3071 14.
3677 3019 3770 3085 9);
3801 3039 3914 3077 nos

2305 3098 2595 3150 secundum
2637 3100 3056 3156 similitudinem.
3097 3103 3291 3158 Servos
3326 3116 3507 3160 autem
3545 3108 3634 3162 Dei
3679 3123 3916 3178 Oportet

2304 3191 2591 3244 dictionum
2621 3193 2926 3247 discrimina
2954 3211 3212 3263 quaerere.
3241 3197 3381 3251 Dixit
3420 3199 3556 3253 Deus
3590 3218 3600 3251 :
3637 3198 3914 3258 Germinet

2303 3294 2436 3336 terra
2466 3285 2668 3337 herbam
2693 3288 2816 3354 [avri
2839 3329 2853 3352 ,
2887 3298 2932 3340 et
2963 3289 3153 3357 lignum
3184 3291 3509 3362 fructifcrum
3548 3296 3738 3364 faciens
3784 3301 3912 3366 fru-

2301 3385 2455 3426 ctum.
2489 3375 2690 3429 Deinde
2721 3376 2848 3430 dicit
2879 3395 2889 3429 :
2927 3377 3125 3431 Educat
3167 3390 3300 3432 terra
3335 3383 3680 3452 quadrupedes
3721 3396 3769 3438 et
3813 3388 3909 3440 be-

2300 3466 2440 3516 stias.
2472 3464 2577 3518 Cur
2608 3466 2674 3518 ibi
2701 3506 2713 3529 ,
2749 3465 3022 3530 Ger-minet,
3053 3467 3157 3534 hic,
3201 3468 3418 3535 Educat,
3449 3473 3611 3527 dicit?
3637 3474 3907 3532 Gertnina

2299 3567 2350 3609 et
2382 3559 2516 3627 ligna
2543 3557 2850 3628 fructusque
2877 3563 3159 3628 quotannis
3199 3567 3520 3631 germinant.
3564 3566 3693 3632 Quia
3731 3571 3909 3637 igitur

2297 3650 2499 3701 semina
2527 3650 2578 3702 in
2605 3659 2742 3702 terra
2775 3664 3020 3703 mansura
3049 3663 3201 3704 erant
3227 3693 3241 3718 ,
3289 3663 3340 3705 et
3370 3670 3432 3706 ex
3461 3653 3548 3706 illa
3583 3658 3862 3722 proditur-4
3885 3699 3900 3721 ,

2299 3743 2416 3795 ideo
2446 3743 2554 3809 ait,
2585 3743 2854 3795 Germinet.
2891 3744 2952 3796 Et
2989 3747 3127 3798 circa
3161 3748 3408 3801 animalia
3433 3791 3446 3812 ,
3487 3750 3678 3802 lz'ducat
3701 3793 3716 3815 ,
3767 3756 3902 3820 quia

2295 3849 2416 3885 cum
2445 3835 2607 3888 semel
2634 3850 2696 3888 ex
2730 3845 2866 3888 terra
2897 3848 3011 3888 orta
3037 3848 3233 3902 essent,
3261 3854 3365 3892 non
3395 3842 3528 3893 ultra
3557 3856 3582 3892 a
3610 3853 3772 3905 terra,
3794 3847 3899 3898 sed

2297 3941 2389 3992 per
2425 3928 2818 3980 successionem
2850 3928 3152 3996 gignuntur.
3192 3927 3406 3981 Factum
3434 3941 3503 3984 est
3530 3934 3617 3982 ita.
3649 3932 3897 3987 Verbum

2294 4018 2344 4069 iu
2374 4033 2506 4086 opus
2530 4017 2764 4071 decurrit
2792 4037 2803 4084 ;
2835 4028 3020 4072 ornata
3048 4019 3144 4074 fuit
3166 4029 3338 4087 terra;
3369 4023 3645 4092 Oportebat
3665 4025 3898 4080 demum

2292 4113 2469 4164 ornari
2499 4110 2711 4164 czelum.

2361 4201 2462 4254 Cur
2502 4202 2656 4253 solem
2685 4210 2732 4254 et
2773 4201 2945 4253 lunam
2971 4218 3071 4254 non
3104 4203 3263 4272 primo
3293 4204 3374 4256 die
3417 4208 3584 4274 fecerit
3628 4205 3793 4260 Deus.
3823 4239 3899 4247 -—-

2289 4293 2393 4346 Cur
2425 4293 2570 4360 prius
2595 4303 2787 4345 terram
2822 4304 3078 4358 exornat,
3108 4309 3262 4361 quam
3291 4294 3476 4347 caelum
3498 4294 3518 4346 ’ἶ
3539 4295 3771 4364 Propter
3797 4315 3895 4352 er-

2288 4401 2464 4439 rorem
2488 4386 2860 4454 multiplicium
2888 4385 3132 4449 deorum,
3165 4387 3252 4454 qui
3286 4390 3587 4442 exoritur-us
3610 4400 3753 4455 erat,
3780 4407 3895 4461 quo

2286 4477 2485 4539 solem,
2516 4477 2692 4528 lunam
2721 4518 2735 4541 ,
2767 4476 2946 4528 stellas
2977 4478 3272 4529 coluerunt.
3327 4475 3468 4529 Dixit
3514 4477 3680 4539 Deus,
3719 4480 3892 4535 Fiant

2286 4568 2557 4620 luminaria
2587 4568 2637 4618 in
2683 4568 3000 4633 ﬁrmamento
3029 4567 3138 4618 calli
3187 4565 3390 4632 (lienes.
3427 4569 3477 4620 1.
3511 4569 3618 4637 14).
3649 4567 3766 4623 Cur
3794 4590 3891 4625 st)-

2288 4659 2391 4711 lem
2420 4669 2470 4709 et
2500 4659 2673 4709 lunam
2709 4672 2812 4709 non
2843 4657 3013 4724 primo
3061 4658 3145 4710 die
3176 4658 3340 4710 fecit?
3364 4659 3495 4723 Quia
3528 4660 3771 4714 nondum
3811 4667 3896 4718 fa-

2285 4762 2426 4802 ctum
2461 4748 2632 4801 fuerat
2660 4750 3072 4812 firmamentum,
3100 4749 3149 4800 in
3182 4766 3285 4817 quo
3316 4750 3401 4802 illa
3427 4751 3668 4818 ponenda
3697 4768 3892 4812 erant.

2284 4841 2466 4908 Neque
2485 4841 2552 4893 ob
2572 4841 2707 4893 hanc
2731 4850 2933 4894 tantum
2950 4856 3162 4893 causam
3185 4857 3197 4904 ;
3215 4839 3308 4894 sed
3325 4843 3445 4909 quia
3465 4843 3698 4897 nondum
3726 4859 3896 4900 erant

2288 4933 2489 4986 fructus
2515 4974 2526 4995 ,
2557 4934 2643 5002 qui
2676 4933 2744 4986 ab
2790 4933 2893 4987 illis
2931 4937 3251 4987 foverentur.
3300 4934 3480 4989 Tertio
3526 4952 3764 5007 namque
3797 4941 3893 4995 die

2284 5024 2487 5077 fruetus
2534 5025 2922 5092 germiuarunt.
2956 5027 3032 5078 Ac
3063 5041 3128 5079 ne
3155 5035 3433 5093 putaretur
3477 5016 3600 5082 illus
3645 5045 3711 5083 ex
3748 5032 3890 5086 solis

2285 5127 2469 5169 natura
2498 5118 2846 5185 germinasse,
2878 5126 3001 5186 post
3026 5117 3324 5172 absolutam
3350 5120 3714 5188 creationem,
3753 5135 3888 5178 tunc

2288 5209 2425 5262 Deus
2477 5209 2596 5261 fecit
2645 5210 2850 5274 solem,
2884 5209 3062 5262 lunam
3091 5218 3144 5264 et
3179 5210 3380 5264 stellas.
3424 5211 3699 5266 Undenam
3736 5215 3888 5269 Deus

2286 5300 2372 5353 illa
2399 5300 2561 5354 fecit?
2594 5301 2797 5355 Dictum
2839 5310 2922 5355 est
2945 5303 3086 5355 enim
3132 5300 3303 5369 ipsum
3333 5303 3506 5370 primo
3537 5305 3621 5358 die
3665 5321 3734 5359 ex
3769 5325 3885 5361 non

2283 5394 2611 5446 exstantibus
2633 5403 2819 5446 cuncta
2850 5392 3040 5447 fecisse
3065 5435 3077 5457 ,
3112 5393 3328 5462 reliquis
3377 5403 3553 5448 autem
3586 5396 3784 5450 diebus
3816 5415 3884 5452 ex

2286 5486 2630 5540 exstantibus.
2661 5485 2810 5539 Unde
2833 5500 2961 5553 ergo
2992 5484 3112 5538 sol?
3138 5485 3211 5538 Ex
3260 5485 3377 5539 luce
3405 5503 3524 5556 qua:
3567 5491 3743 5556 primo
3791 5488 3887 5544 die

2285 5582 2417 5632 facta
2451 5577 2655 5643 fuerat,
2689 5593 2848 5646 quam
2889 5578 3110 5630 mutavit
3153 5584 3210 5629 ut
3238 5578 3405 5631 voluit
3427 5577 3632 5632 Artifex
3655 5620 3669 5642 ,
3695 5579 3751 5632 in
3787 5596 3887 5633 va-

2285 5673 2492 5737 t'ias‘quc
2536 5671 2742 5740 species
2773 5671 3035 5723 convertit
3067 5688 3079 5722 :
3117 5670 3221 5723 illie
3262 5670 3393 5725 lucis
3432 5674 3752 5738 materiam,
3790 5675 3886 5732 hic

2289 5766 2466 5820 stellas
2494 5783 2504 5818 :
2532 5763 2975 5835 «'luetitatlmodum
3006 5764 3047 5816 si
3069 5764 3184 5833 quis
3211 5766 3555 5832 prmmitteret
3584 5766 3699 5821 auri
3727 5784 3882 5822 mas-
