4158 6320
615 469 665 522 οἱ
698 457 1004 528 ὺνρείλοντες
1045 456 1365 512 θάλπεσθαι.
1388 469 1412 496 α
1439 457 1516 528 Τῇ
1549 457 1657 528 γὰρ
1693 455 1847 527 τρίτῃ
1876 455 2215 523 ἐϐλάστησαν

616 547 680 624 οί⁴
699 543 918 616 καρποί.
952 545 1060 596 Καὶ
1108 544 1194 596 ἴνα
1229 545 1303 615 μὴ
1337 544 1566 614 νομισθῇ
1601 544 1784 596 πάλιν.
1814 546 1894 596 ὅτι
1939 544 2006 612 τῇ
2059 539 2217 610 φύσει

618 632 710 685 τοῦ
743 631 894 702 ήλίου
925 630 1284 701 ἐϐλάστησαν,
1315 631 1403 683 ὅτε
1433 630 1742 700 ἀπηρτίσθη
1787 631 1819 700 ή
1861 628 2213 699 δημιουργία,

616 720 737 772 τότε
769 718 955 771 λοιπὸν
980 721 1125 771 ποιεῖ
1148 721 1174 771 6
1197 719 1328 782 Θεὸς
1355 719 1524 788 ἣλιον,
1548 718 1798 789 σελήνην,
1824 719 2016 788 ἄστρα.
2044 715 2217 769 Πόθεν

615 807 687 859 τὰ
717 805 856 858 αὐτὰ
884 804 1170 874 ἐποίησεν;
1201 804 1427 876 Εἴρηται
1463 805 1592 875 γὰρ,
1618 806 1699 856 ὅτι
1720 806 1785 873 τῇ
1815 803 2004 872 πρώτῃ
2032 801 2216 872 ἡμέρα

617 895 682 946 ἐκ
721 894 793 963 μὴ
832 894 999 944 ὄντων
1042 880 1262 960 ἐποίησε
1311 894 1378 945 τὰ
1425 893 1622 954 πάντα,
1656 894 1776 954 ταῖς
1825 891 1880 944 δὲ
1928 890 2113 952 ἄλλαις
2158 889 2214 954 ἐξ

618 977 806 1029 ὄντων.
847 976 1015 1028 Πόθεν
1049 972 1140 1028 οὖν
1169 977 1195 1028 6
1225 977 1408 1046 ἥλιος;
1449 974 1546 1028 Ἐκ
1578 975 1671 1028 τοῦ
1701 977 1993 1044 γενομένου
2039 972 2215 1041 φωτὸς

617 1063 682 1130 τῇ
730 1060 920 1132 πρώτῃ
971 1059 1170 1129 ήμέρα,
1206 1059 1233 1110 ὃ
1264 1059 1556 1130 μετέϐαλεν
1585 1059 1659 1121 ὡς
1692 1058 1955 1127 ἠθέλησεν
1981 1061 2008 1111 6
2035 1056 2212 1126 τεχνί-

617 1161 738 1212 της,
768 1144 863 1196 καὶ
902 1145 980 1206 είς
1023 1144 1311 1212 διαφόρους
1346 1142 1742 1212 μετεσκεύασεν
1769 1142 1939 1210 ἧψεις,
1975 1144 2090 1194 ἐκεῖ
2116 1140 2212 1208 τὴν

614 1226 752 1296 ὓλην
782 1226 876 1280 τοῦ
906 1228 1100 1294 φωτὸς,
1134 1221 1234 1280 ὦδε
1265 1227 1392 1288 τοῦς
1422 1226 1657 1297 ἀστέρας
1683 1243 1695 1255 ·
1725 1226 1802 1288 ὡς
1826 1226 1876 1278 εί
1902 1243 1983 1287 τις
2009 1223 2214 1294 προϐά-

617 1308 761 1362 λοιτο
799 1310 974 1378 μᾶζαν
1007 1309 1231 1378 χρυσοῦ.
1272 1310 1365 1362 καὶ
1401 1307 1537 1376 μετά
1570 1308 1742 1361 ταῦτα.
1774 1308 2084 1376 νομίσματα
2117 1324 2214 1358 κα-

617 1393 880 1459 τακόψας,
919 1394 1063 1446 οὕτω
1091 1393 1299 1459 διαθείη
1332 1391 1426 1444 τοῦ
1470 1391 1645 1458 φωτὸς
1689 1392 1788 1460 τὴν
1832 1391 2210 1461 διακόσμησιν.

619 1475 831 1543 ’Ὠσπερ
865 1475 973 1546 γὰρ
1007 1476 1103 1544 τὴν
1134 1475 1366 1528 ἄϐυσσον
1398 1475 1517 1527 τότε
1569 1474 1627 1526 ἓν
1673 1473 1814 1543 ὕδωρ
1862 1474 2213 1542 ὑπάρχουσαν

618 1559 873 1628 ἐμέρισεν
902 1561 979 1620 εἰς
1006 1559 1101 1621 τὰς
1127 1557 1423 1621 θαλάσσας,
1461 1560 1536 1620 εἰς
1560 1557 1859 1619 ποταμοὺς,
1895 1559 1973 1619 εἰς
2010 1557 2209 1624 πηγὰς,

619 1642 698 1703 είς
738 1641 952 1711 λίμνας,
988 1642 1067 1704 εἰς
1109 1640 1355 1711 φρέατα·
1393 1639 1537 1693 οὕτω
1567 1641 1658 1693 καὶ
1686 1639 1746 1692 τὸ
1772 1639 1905 1708 φῶς,
1944 1639 2000 1690 ἓν
2043 1640 2214 1708 ὑπάρ-

619 1740 733 1792 χον,
779 1723 1065 1794 μονοειδὲς,
1115 1722 1441 1790 κατατεμὼν
1474 1725 1502 1775 6
1529 1723 1800 1790 τεχνίτης,
1836 1721 2089 1792 ἐμέρισεν
2136 1723 2213 1783 είς

615 1807 766 1878 ἥλιον
800 1809 893 1861 καὶ
918 1808 1148 1876 σελήνην
1189 1810 1281 1858 καὶ
1322 1807 1516 1874 ἄστρα.
1550 1807 1700 1859 Θέλω
1731 1808 1785 1858 δὲ
1818 1805 2072 1875 ζητῆσαι,
2098 1805 2213 1867 πῶς

618 1889 872 1960 ἐποίησεν
897 1891 924 1942 6
950 1889 1081 1952 Θεὸς
1111 1890 1234 1951 τοὺς
1271 1889 1564 1960 φωστῆρας
1585 1907 1597 1919 ·
1645 1890 1895 1954 φαίνεται
1923 1890 2030 1956 γὰρ
2059 1889 2213 1958 ποιή-

621 1988 719 2034 σας
766 1973 962 2033 αὐτοὺς
1004 1971 1108 2035 ἔξω
1155 1970 1250 2022 τοῦ
1297 1971 1548 2042 οὐρανοῦ,
1580 1971 1671 2024 καὶ
1704 1972 1826 2023 τότε
1873 1971 2050 2042 πήξας
2081 1973 2210 2025 ἄνω.

621 2057 830 2126 Ὠσπερ
862 2055 1130 2124 τεχνίτης,
1160 2055 1381 2108 ἐπειδὰν
1413 2056 1689 2126 ἀπαρτίσῃ
1728 2056 1930 2117 εἰκόνα,
1961 2055 2081 2107 τότε
2113 2055 2216 2124 πή-

616 2155 806 2207 γνυσιν
840 2138 1008 2207 αὐτὴν
1033 2139 1088 2190 ἐν
1118 2138 1283 2208 τοίχῳ
1307 2155 1320 2167 °
1356 2136 1528 2201 οὕτως
1550 2141 1576 2191 6
1598 2138 1729 2201 Θεὸς
1754 2139 1967 2208 πρῶτον
1992 2139 2214 2205 ἐποίησε

613 2221 742 2279 τοὺς
793 2221 1087 2290 φωστῆρας
1135 2220 1238 2284 ἔξω
1288 2219 1381 2271 τοῦ
1434 2218 1688 2290 οὐρανοῦ,
1722 2220 1814 2273 κοιλ¹
1858 2219 1980 2272 τότε
2016 2218 2214 2287 ἔπηξεν

615 2302 748 2365 ἅνω,
791 2302 978 2372 ὥσπερ
1021 2302 1288 2372 τεχνίτης,
1320 2303 1396 2365 ὡς
1448 2305 1714 2373 μαρτυρεῖ
1765 2305 1790 2372 ἡ
1835 2303 2058 2372 Γραφή’
2106 2300 2215 2354 Καὶ

614 2385 906 2453 ἐποίησεν
938 2389 970 2439 ό
1005 2385 1147 2450 Θεὸς
1190 2386 1332 2451 τοὺς
1375 2385 1483 2438 δύο
1527 2385 1865 2453 φωστῆρας,
1907 2385 2003 2438 καί
2049 2384 2215 2438 ἔθετο

614 2469 835 2536 αὐτοὺς
866 2470 933 2522 ἐν
957 2469 1034 2534 τῷ
1062 2469 1316 2537 οὐρανῷ.
1352 2470 1475 2532 Πῶς
1505 2467 1597 2522 οῦν
1625 2471 1819 2530 αὐτοὺς
1852 2468 2048 2537 ἔπηξεν
2069 2485 2082 2532 ;
2106 2464 2215 2538 ἆρα

618 2550 693 2620 μὴ
740 2550 874 2620 ὁμοῦ
920 2547 1061 2621 ἦσαν
1109 2553 1156 2604 οἱ
1198 2550 1290 2603 δύο
1327 2551 1705 2622 πεπηγμένοις
1752 2551 1865 2603 Οὐκ
1897 2551 2008 2619 ἔχει
2035 2550 2211 2615 λόγον.

627 2633 790 2687 Ἀλλὰ
823 2634 876 2687 τί
896 2653 910 2700 ;
948 2635 1103 2686 Κατὰ
1134 2634 1233 2704 τὴν
1269 2635 1452 2705 φωνὴν
1487 2633 1651 2688 αὐτοῦ
1679 2634 1772 2686 τοῦ
1800 2635 1933 2687 Θεοῦ
1963 2636 1994 2704 ή
2031 2633 2212 2704 πῆξις.

620 2717 842 2780 Ἕθετο,
889 2717 1076 2787 φησὶν,
1112 2719 1144 2769 ό
1181 2715 1325 2781 Θεὸς
1378 2715 1520 2782 τοὺς
1557 2716 1901 2786 φωστῆρίις,
1945 2716 2051 2770 τὸν
2101 2733 2218 2785 φω-

613 2796 810 2865 στῆρα
833 2798 942 2851 τὸν
974 2798 1166 2866 μέγαν
1207 2801 1291 2862 εἰς
1329 2798 1520 2866 ἀρχὰς
1553 2798 1664 2865 τῆς
1694 2799 1938 2865 ἡμέρας,
1971 2798 2069 2852 καί
2111 2799 2216 2851 τὸν

614 2879 906 2948 φωστῆρα
943 2879 1049 2932 τὸν
1078 2879 1324 2932 ἐλάσσω
1365 2882 1452 2942 είς
1484 2881 1677 2947 ἀρχὰς
1704 2879 1813 2946 τῆς
1835 2881 2216 2944 νυκτός-,Ὅτε

615 2963 646 3016 6
675 2962 827 3033 ῆλιος
863 2962 1044 3031 ἐπάγη
1079 2963 1159 3024 είς
1186 2962 1476 3032 ἀνατολήν,
1501 2963 1681 3032 ἐπάγη
1722 2963 1750 3032 ή
1794 2963 1990 3032 σελήνη
2025 2964 2105 3024 εἰς
2127 2961 2218 3014 δύ-

619 3061 704 3098 σιν
727 3061 741 3074 ’
769 3043 954 3113 ἐπειδὴ
984 3044 1163 3112 ἐκείνη
1199 3043 1296 3112 μὲν
1327 3044 1515 3115 ἄρχειν
1545 3045 1645 3114 τῆς
1678 3046 1869 3106 νυκτὸς
1897 3043 2214 3111 ἐκελεύσθη,

616 3129 646 3180 6
674 3125 730 3180 δὲ
756 3127 856 3196 τῆς
891 3126 1123 3196 ἡμέρας.
1143 3127 1392 3193 Ἐγένετο
1424 3122 1518 3180 οῦν
1545 3129 1576 3196 ή
1607 3127 1826 3198 σελήνη,
1847 3128 1940 3179 καὶ
1962 3127 2217 3194 γεννᾶται

615 3210 682 3279 τῇ
712 3207 904 3281 πρώτῃ
937 3210 1122 3279 ήμέρᾳ
1157 3210 1513 3280 πανσέληνος.
1550 3211 1623 3262 Οὐ
1661 3209 1771 3281 γὰρ
1819 3209 1924 3264 ἔδει
1972 3211 2217 3278 ὴκρωτη-

617 3291 840 3363 ριὰσθαι
872 3291 933 3344 τὸ
963 3292 1123 3361 ἔργον
1149 3291 1372 3354 εὐθέως,
1399 3291 1512 3344 ἀλλ’
1542 3292 1648 3344 ἔδει
1682 3291 1960 3362 δειχθῆναι
1984 3291 2075 3344 τὸν
2102 3309 2217 3360 φω-

620 3375 794 3444 στῆρα
844 3367 955 3436 οἷος
1001 3373 1236 3441 ἐγένετο.
1275 3374 1429 3428 Μετὰ
1487 3373 1544 3426 δέ
1597 3373 1768 3428 ταῦτα
1819 3376 1886 3444 τῇ
1935 3372 2217 3426 ἀλλοιώσει

619 3456 786 3520 ἔδειξε
837 3456 1060 3526 χρόνους
1105 3458 1199 3509 καὶ
1250 3457 1475 3526 καιροὺς
1522 3457 1616 3509 καὶ
1662 3456 1926 3526 διαφορὰς
1970 3457 2214 3529 ήμερῶν.

620 3539 771 3591 Ποιεί
799 3535 893 3592 οῦν
929 3539 1097 3610 αὐτὴν
1123 3540 1150 3592 6
1184 3539 1316 3601 Θεὸς
1345 3540 1420 3602 ὼς
1442 3541 1988 3592 πεντεκαιδεκαταίαν
2009 3540 2218 3612 πεπλη-

621 3621 971 3692 ρωμένην.”0
1007 3624 1155 3692 ῆλιος
1192 3622 1471 3674 ἀνέτελλεν
1500 3624 1699 3694 ὄρθρου
1723 3641 1736 3654 °
1774 3626 1862 3676 ὅτε
1904 3624 2011 3694 γὰρ
2039 3627 2214 3695 ἐπάγη

619 3707 652 3775 ή
688 3704 888 3775 σελήνη
922 3707 979 3756 ἐν
1015 3703 1092 3774 τῷ
1131 3705 1337 3775 ὄρθρῳ,
1371 3706 1619 3770 ἐφαίνετο
1649 3705 1785 3775 πρὸς
1820 3705 2095 3766 δύσιν.Ὠς
2125 3703 2218 3760 οῦν

620 3787 840 3859 ἔτρεχεν
870 3789 898 3840 6
927 3788 1073 3856 ’ήλιος
1108 3788 1199 3840 τὸν
1226 3788 1354 3840 ἴδιον
1381 3788 1579 3858 δρόμον
1603 3789 1740 3860 πρὸς
1766 3788 1936 3850 δύσιν,
1960 3791 1993 3860 ή
2021 3790 2216 3861 σελήνη

619 3871 820 3943 ήρχετο
850 3869 1051 3933 εὐθέως
1089 3870 1181 3924 τοῦ
1213 3870 1546 3934 ἀνατέλλειν,
1581 3871 1669 3925 ἵνα
1703 3872 1964 3944 πληρωθῇ
1989 3874 2069 3938 τὸ,
2089 3875 2218 3942 Ἀρ-

621 3954 899 4023 χέτωσαν
934 3953 1044 4020 τῆς
1075 3951 1299 4021 ἡμέρας
1331 3954 1428 4006 καὶ
1460 3953 1570 4020 τῆς
1603 3957 1845 4021 νυκτός.

692 4038 892 4090 Λοιπὸν
921 4038 1225 4108 ζήτημαδ·
1262 4038 1361 4090 Διά
1394 4037 1446 4089 τί
1483 4036 1638 4108 [45η
1685 4039 1712 4090 6
1757 4038 1889 4102 Θεὸς
1926 4038 2219 4110 πεπληρω-

625 4119 794 4190 μένην
827 4119 1049 4189 ἐποίησε
1082 4121 1180 4191 τὴν
1211 4121 1472 4191 σελήνην;
1506 4120 1780 4191 Πρόσεχε·
1821 4120 1880 4172 τὸ
1911 4123 2019 4192 γὰρ
2045 4123 2223 4193 νόημα

624 4203 783 4274 βαθύο
803 4203 1001 4274 Ἐχρῆν
1030 4204 1201 4275 αὐτὴν
1225 4207 1291 4275 τῇ
1323 4203 1557 4275 τετάρτῃ
1589 4205 1770 4275 ἡμέρα
1797 4205 2124 4276 γεναμέντρέ,
2146 4208 2220 4271 ὼς

621 4288 945 4358 τεταρταίαν
992 4287 1301 4354 φαίνεσθαι.
1323 4287 1483 4340 Ἀλλὰ
1514 4287 1675 4340 πάλιν
1711 4290 1758 4340 εἰ
1787 4283 1854 4358 ἦν
1899 4291 2218 4360 τεταρταία,

622 4369 684 4423 τὸ
703 4369 871 4441 ἄκρον
896 4372 995 4439 τῆς
1020 4369 1226 4433 δύσεως
1248 4371 1346 4423 οὐκ
1374 4371 1641 4439 ἀντεῖχεν.
1673 4369 1887 4440 Εὐρέθη
1918 4367 2011 4425 οῦν
2033 4373 2223 4426 πλεον-

624 4453 856 4506 εκτοῦσα
881 4451 1073 4505 ἓνδεκα
1095 4451 1202 4521 ήμέ
1211 4470 1309 4521 ρας
1332 4469 1344 4482 ·
1371 4452 1665 4521 τεταρταία
1688 4452 1921 4518 ἐγένετο,
1950 4455 2044 4506 καὶ
2064 4456 2219 4522 ἐφαίο

623 4554 746 4590 νετο
769 4537 844 4599 ὡς
874 4535 1418 4588 πεντεκαιδεκαταίαο
1443 4534 1633 4588 ’ἐνδεκα
1653 4534 1862 4606 ἡμέρας
1883 4536 2222 4590 ἐπλεονέκτει

625 4619 816 4672 λοιπὸν
859 4622 894 4688 ή
949 4618 1146 4689 σελήνη
1181 4618 1272 4670 τὸν
1307 4618 1477 4688 ἥλιον,
1509 4618 1569 4670 οὐ
1593 4621 1660 4688 τῇ
1697 4626 1934 4689 ποιήσει,
1971 4620 2110 4674 ἀλλὰ
2153 4623 2221 4692 τῇ

627 4702 848 4771 φαύσει.
881 4702 982 4756 Διὰ
1020 4701 1178 4755 τοῦτο
1227 4702 1293 4764 ἃς
1336 4703 1456 4754 τότε
1491 4701 1914 4772 ἐπλεονέκτησεν
1941 4703 1973 4772 ή
2003 4703 2221 4774 σελήνη,

625 4785 924 4839 ἀποδίδωσι
970 4785 1048 4854 τῷ
1097 4784 1329 4854 ήλίῳ.⁹0
1357 4785 1466 4855 γὰρ
1497 4784 1638 4838 κατὰ
1685 4785 1915 4856 σελήνην
1958 4787 2052 4840 καὶ
2102 4789 2225 4840 καθ’

626 4869 858 4921 ἕκαστον
888 4868 1033 4939 μῆνα
1053 4867 1162 4922 ἀπὸ
1185 4868 1357 4920 εἴκοσι
1381 4870 1536 4920 ἐννέα
1557 4869 1728 4939 ἥμισυ
1751 4869 1782 4940 ή
1792 4870 1972 4942 μερῶν
1996 4869 2228 4941 ἀριθμὸς

628 4952 970 5021 γιγνόμενος,
1005 4954 1149 5004 ποιεῖ
1179 4953 1238 5003 ἐν
1265 4952 1374 5013 τοῖς
1407 4951 1634 5005 δεκαδύο
1662 4960 1798 5022 μησὶ
1838 4954 1932 5006 τοῦ
1975 4953 2224 5007 ἐνιαυτοῦ

627 5035 845 5106 ἡμέρας
889 5034 1208 5104 τριακοσίας
1257 5035 1594 5104 πεντήκοντα
1641 5037 1932 5106 τέσσαρας.
1953 5038 2077 5090 Ἐὰν
2119 5038 2227 5108 γὰρ

630 5117 774 5172 οῦτω
800 5116 1045 5189 ψηφίσῃς
1078 5117 1168 5168 τὸν
1204 5118 1347 5188 μῆνα
1379 5118 1486 5170 ἀπὸ
1520 5120 1692 5171 εἴκοσι
1723 5120 1880 5172 ἐννέα
1899 5121 2068 5189 ἥμισυ
2091 5122 2226 5190 ήμεο

634 5204 766 5276 ρῶν,
799 5201 1072 5270 γίγνονται
1119 5201 1210 5253 τοῦ
1251 5203 1497 5256 ἐνιαυτοῦ
1532 5206 1732 5275 ἡμέραι
1758 5207 2065 5276 τριακόσιαι
2096 5223 2227 5258 πεν·

632 5289 868 5359 τήκοντα
894 5285 1181 5350 τέσσαρες,
1215 5286 1302 5336 ἵνα
1341 5287 1408 5349 ἃς
1437 5287 1825 5358 ἐπλεονέκτησε
1864 5290 1984 5342 τότε
2015 5290 2225 5360 ἡμέρας

633 5373 669 5441 ή
701 5368 898 5439 σελήνη
929 5369 1047 5421 κατ’
1078 5367 1322 5421 ἐνιαυτὸν
1365 5370 1658 5424 ἀποδίδωσι
1691 5372 1768 5443 τῷ
1807 5373 2038 5443 ήλίῳ.”0
2066 5373 2228 5443 ψηφι-

641 5453 774 5522 στὴς
798 5451 1102 5521 ψηφιξέτωο

707 5541 778 5603 γ’.
819 5532 1262 5602 Γενηθήτωσαν
1296 5535 1612 5603 φωστῆρες
1641 5538 1711 5592 ἐν
1745 5537 1823 5604 τῷ
1871 5540 2227 5610 στερεώματι

707 5631 860 5701 nHac
879 5631 1007 5693 apud
1031 5631 1248 5681 Cosmam
1273 5631 1555 5701 Egyptium
1580 5634 1825 5701 habentur
1846 5652 1894 5701 p.
1921 5638 2030 5701 523,
2057 5638 2138 5687 ubi
2167 5639 2226 5689 ad

636 5695 908 5756 mu‘qdum
932 5693 1503 5756 sermonemiperliuere
1527 5697 1655 5745 male
1675 5693 1906 5750 dicunlin'
1925 5698 1974 5750 in
1999 5693 2162 5749 titulo.

699 5753 726 5794 ιι
748 5753 865 5805 Hec
886 5755 1036 5807 habes
1060 5758 1188 5818 apud
1215 5753 1432 5808 Cbsuum
1456 5769 1502 5818 p.
1529 5757 1636 5806 525.

2071 331 2444 392 SEVERIANI

3811 347 3960 402 450

2323 458 2430 511 τοῦ
2456 457 2738 527 οὐρανοῦ,
2765 455 2922 510 ὥστε
2960 455 3199 523 φαίνειν
3226 452 3325 506 ἐπὶ
3352 449 3464 521 τῆς
3492 448 3625 521 τῆς.
3645 452 3878 524 Ἐπειδῆ
3916 441 3960 510 ἦ

2322 545 2484 612 φύσις
2511 544 2605 597 τοῦ
2638 545 2809 616 πυρὸς
2838 543 3150 614 ἀνὼδρομος
3175 538 3263 612 ἦν,
3299 541 3518 611 χαλινὸν
3559 539 3888 609 ἐπιτίθησιν
3924 541 3960 592 ὁ

2321 632 2453 695 Θεὸς
2500 636 2565 702 τῇ
2619 633 2798 700 φύσει,
2833 631 2974 684 ὥστε
3028 631 3101 699 μὴ
3149 631 3260 683 ἅνω
3309 627 3550 698 πέμπειν
3581 627 3679 696 τὴν
3722 627 3955 696 αὐγὴν,

2323 720 2456 772 ἀλλὰ
2487 721 2657 776 κάτω.
2687 719 2807 789 Πῦρ
2840 719 2950 788 γὰρ
2995 718 3095 772 οὐκ
3142 718 3397 786 ἀνέχεται
3435 716 3716 786 προσέχειν
3746 715 3952 778 κάτω,

2321 806 2434 859 ἀλλ’
2467 807 2744 860 ἄνακἘὲιν
2790 806 2919 876 ἔχῃς
2948 806 3099 874 δᾷδα,
3143 804 3371 874 στρέψον
3409 800 3579 872 αὐτὴν
3614 803 3782 863 κάτω,
3827 799 3955 854 καὶ

2319 894 2451 965 ὁρᾷς
2487 895 2566 947 ὅτι
2595 894 2698 947 κᾶν
2744 893 2806 946 τὸ
2848 892 3080 961 ὄργανον
3134 891 3392 962 στρέῴῃς,
3424 891 3484 942 τὸ
3514 887 3624 958 πῦρ
3650 889 3760 940 ἄνω
3794 888 3955 958 τρέ-

2319 999 2422 1051 χει.
2444 982 2660 1050 Ἐπειδὴ
2680 975 2772 1034 οῦν
2805 981 2920 1050 ᾔδει
2948 977 3115 1032 αὐτοῦ
3148 978 3403 1047 τοιαύτην
3434 973 3573 1028 εἶναι
3613 975 3707 1046 τήν
3735 973 3948 1044 φύσιν,

2319 1072 2582 1142 ἐπέδησεν
2612 1072 2802 1142 αὐτὴν,
2834 1071 2920 1123 ἵνα
2948 1071 3020 1141 μὴ
3047 1069 3189 1122 κατὰ
3213 1069 3312 1139 τὴν
3346 1066 3506 1136 φύσιν
3544 1066 3756 1138 λάμπῃ,
3785 1062 3953 1121 ἀλλὰ

2318 1160 2461 1211 κατὰ
2499 1159 2559 1211 τὸ
2615 1160 2964 1228 πρόσταγμα.
3023 1158 3090 1209 Εἴ
3138 1174 3221 1219 τις
3269 1155 3422 1225 ὑμῶν
3476 1153 3952 1223 παρατηρησάτω

2319 1249 2510 1312 (sine)
2549 1243 2725 1298 ἔλαιον
2775 1246 2884 1298 ἀπὸ
2935 1244 3152 1312 λύχνου.
3189 1243 3304 1303 πῶς
3348 1244 3799 1308 συγκατασπᾶται
3849 1240 3950 1310 τῷ

2318 1333 2482 1402 ἐλαίῳ
2509 1332 2569 1383 τὸ
2601 1333 2733 1403 πῦρ,
2761 1333 2854 1384 καὶ
2883 1333 2917 1402 ἡ
2957 1332 3055 1400 μὲν
3105 1329 3193 1399 βία
3233 1329 3326 1382 τοῦ
3360 1328 3537 1382 ἐλαίου
3572 1329 3717 1381 κάτω
3746 1327 3947 1387 ἕλκει,

2316 1422 2347 1488 ή
2395 1419 2452 1473 δὲ
2494 1419 2653 1488 φύσις
2701 1419 2796 1471 τοῦ
2851 1418 3023 1486 πυρὸς
3069 1417 3180 1470 ἄνω
3223 1417 3425 1486 τρέχει,
3454 1415 3542 1467 καὶ
3577 1415 3764 1484 ὧσπερ
3799 1413 3949 1483 βίαν

2319 1508 2682 1577 ὑφιστάμενον
2709 1505 2953 1574 καταὸοᾷ
2974 1521 2985 1532 ’
3023 1505 3074 1556 εἴ
3104 1521 3234 1556 ποτε
3266 1502 3373 1572 γάρ
3405 1501 3776 1569 ἀναγκάζεται
3808 1500 3948 1570 πῦρ

2316 1595 2530 1662 τρέχειν
2557 1593 2706 1662 παρὰ
2728 1593 2825 1662 τὴν
2857 1590 3200 1654 ἀκολουθίαν,
3239 1589 3419 1658 φωνὴν
3446 1589 3667 1656 ἀφίησιν
3695 1589 3771 1650 ὡς
3797 1586 3947 1656 βίαν

2318 1683 2546 1749 πάσχον,
2579 1681 2653 1742 ὡς
2703 1681 2852 1749 παρὰ
2903 1677 3064 1748 φύσιν
3112 1673 3490 1729 ὁδεῦον.”οταν
3530 1676 3637 1742 γὰρ
3670 1691 3719 1726 τι
3770 1675 3947 1744 παρὰ

2318 1766 2478 1832 φύσιν
2508 1768 2564 1818 ἐν
2591 1766 2667 1836 τῷ
2705 1766 2952 1835 στοιχείῳ
2983 1765 3229 1834 γένηται,
3257 1761 3572 1832 βοᾷ.Διατί;
3607 1762 3774 1813 ’Ὀταν
3797 1763 3946 1814 ἐπι-

2319 1854 2486 1923 ϐληθῇ
2535 1854 2710 1906 ἔλαιον
2755 1852 2835 1923 τῷ
2889 1854 3044 1922 πυρὶ,
3085 1850 3268 1921 φωνὴν
3316 1848 3416 1902 οὐκ
3457 1849 3698 1918 ἀφίησιν·
3729 1848 3828 1900 ἐὰν
3876 1848 3946 1902 δὲ

2319 1939 2463 2010 ὕδωρ
2510 1940 2799 2011 ἐπιϐληθῇ,
2852 1939 3046 2009 τρίζει.
3097 1939 3205 1990 Καὶ
3253 1935 3410 1989 τοῦτο
3456 1936 3641 2004 ὐγρὸν,
3695 1936 3947 1988 κάκεῖνο

2319 2029 2665 2100 ὐγρόν.Ἀλλ’
2695 2029 2883 2100 ἐπειδὴ
2939 2031 3160 2081 κάκεῖνο
3206 2027 3316 2080 ἀπὸ
3360 2026 3520 2092 ξύλου
3571 2025 3718 2094 ὃψον,
3752 2027 3856 2079 καὶ
3903 2025 3944 2095 ἠ

2318 2117 2472 2170 ἐλαία
2507 2116 2804 2187 τρέφουσα,
2833 2115 2985 2185 φίλον
3015 2116 3070 2168 δὲ
3105 2116 3189 2168 ἀεὶ
3219 2113 3295 2182 τῷ
3345 2112 3484 2183 ξύλῳ
3515 2113 3572 2165 τὸ
3604 2112 3731 2183 πῦρ,
3767 2113 3942 2182 δέχε-

2318 2221 2407 2258 ται
2437 2206 2607 2275 ἡδέως
2653 2205 2720 2258 τὰ
2762 2205 2870 2258 ἀπὸ
2903 2204 2996 2256 τοῦ
3032 2202 3348 2271 συγγενοῦς.
3368 2201 3493 2254 Ἐὰν
3527 2201 3584 2253 δὲ
3615 2199 3758 2269 ὕδωρ
3791 2202 3947 2269 πυρὶ

2319 2291 2608 2362 ἐπιϐληθῇ,
2636 2291 2848 2362 τρίζειο
2873 2290 2950 2360 τῷ
2995 2291 3103 2360 γὰρ
3148 2289 3376 2359 ἐναντίῳ
3410 2289 3660 2358 μάχεται.
3693 2287 3770 2338 Τὸ
3811 2287 3943 2357 πῦρ

2319 2379 2451 2434 ἴδιόν
2493 2382 2610 2433 ἐστι
2662 2379 2754 2432 τοῦ
2800 2378 2997 2450 ἀέρος·
3036 2379 3301 2446 συγγενὲς
3331 2378 3460 2448 γάρ.
3492 2379 3672 2446 Φυσᾷς
3711 2378 3798 2439 εἰς
3839 2375 3945 2429 λῦ-

2317 2485 2460 2537 χνον,
2496 2467 2590 2520 καὶ
2635 2465 2889 2530 καπνίζει
2917 2467 2945 2519 6
2973 2466 3082 2536 ἀὴρ
3110 2465 3171 2517 τὸ
3214 2465 3346 2536 πῦρ,
3375 2465 3470 2517 καὶ
3493 2463 3727 2532 οὐδαμοῦ
3765 2463 3937 2533 εὐρε-

2318 2570 2506 2608 σκεται
2527 2572 2539 2583 ·
2569 2553 2629 2607 τὸ
2657 2553 2766 2624 γὰρ
2799 2553 3060 2620 συγγενὲς
3089 2551 3313 2622 ἔδραμε.
3344 2551 3515 2604 Βλέπε
3537 2550 3629 2604 τοῦ
3659 2550 3940 2619 Τεχνίτου

2314 2642 2412 2713 τήν
2436 2641 2644 2710 σοφίαν,
2675 2640 2838 2710 βλέπε
2866 2641 2965 2710 τὴν
2990 2638 3454 2707 δύναμιν.¹Ἐθηκε
3477 2639 3602 2701 τούς
3623 2636 3941 2708 φωστῆρας

2317 2732 2375 2783 ἐν
2402 2727 2480 2799 τῷ
2507 2726 2746 2798 οὐρανῷ,
2782 2726 2925 2779 ὥστε
2958 2727 3166 2794 φαίνειν
3189 2727 3280 2778 ἐπὶ
3301 2726 3399 2794 τῆς
3431 2725 3559 2794 γῆς·
3593 2724 3698 2777 Καὶ
3733 2723 3942 2777 ἔστω-

2316 2830 2458 2879 σαν,
2507 2815 2695 2884 φησὶν,
2734 2816 2823 2881 εἰς
2869 2813 3090 2882 σημεῖα
3145 2813 3241 2866 καὶ
3290 2815 3378 2878 εὶς
3427 2811 3648 2880 ἡμέρας
3688 2810 3790 2864 καὶ
3838 2812 3943 2877 εὶς

2315 2903 2652 2968 ἐνιαυτούς.

2388 2990 2455 3042 Τί
2500 2991 2668 3054 ἐστιν,
2704 2991 2810 3055 Εἰς
2853 2988 3112 3058 σημεῒα;
3157 2990 3220 3042 Οἱ
3278 2989 3377 3057 μὲν
3411 2986 3756 3056 ματαιολόγοι
3792 2986 3942 3056 περὶ

2316 3077 2671 3147 ἀστρολογίας
2703 3075 2913 3130 ἐαυτῶν
2952 3075 3225 3129 ἐκένωσαν
3251 3074 3350 3138 τὰς
3379 3075 3623 3137 ἐλπίδας,
3661 3073 3942 3142 σημειοὺ-

2321 3182 2472 3236 μενοι
2516 3165 2819 3236 πράγματα
2869 3165 3368 3218 ἀνυπόστατα.’¹οτι
3400 3164 3510 3233 γὰρ
3558 3163 3656 3215 οὐκ
3701 3160 3822 3214 ἔστι
3872 3178 3940 3213 τι

2320 3252 2733 3324 σημειώσασθαι
2781 3255 2910 3322 περὶ
2957 3252 3103 3323 ζωῆς
3151 3252 3456 3322 ἀνθρώπων
3511 3250 3617 3302 ἀπὸ
3660 3249 3887 3319 ἄστρων
3916 3292 3936 3316 ,

2321 3344 2588 3412 μαρτυρεῖ
2624 3341 2853 3402 Ἡσαΐας
2886 3339 3091 3407 λέγων⁵
3131 3339 3600 3407 Ἀναστήτωσαν
3624 3339 3676 3390 οι
3700 3337 3942 3402 ἀστρο-

2315 3432 2484 3498 λόγοι
2515 3429 2620 3482 τοῦ
2654 3427 2936 3497 οὐρανοῦ,
2967 3427 3066 3482 καὶ
3099 3431 3152 3481 οι
3186 3426 3526 3492 ,βλέποντες
3561 3427 3633 3479 τὰ
3668 3424 3935 3490 σημεῖα,

2317 3516 2414 3569 καὶ
2458 3516 2799 3568 εὶπιὶτωσιὶν
2838 3531 2936 3568 σοι
2983 3517 3038 3567 τί
3080 3514 3293 3582 μέλλει
3322 3515 3612 3583 γίνεσθαι.
3653 3513 3789 3581 Περὶ
3823 3512 3939 3581 μὲν

2317 3599 2410 3656 οῦν
2451 3602 2596 3670 ζωῆς
2625 3602 2928 3672 ἀνθρώπων
2963 3602 3115 3654 οὐδὲν
3163 3603 3390 3672 σημεῖον
3421 3600 3634 3652 δίδωσιν
3665 3600 3934 3668 οὐρανός.

2317 3688 2500 3751 Θέλεις
2526 3688 2580 3740 δὲ
2608 3688 2801 3757 μαθεῖν
2823 3687 2990 3740 αὐτοῦ
3013 3689 3080 3741 τὰ
3105 3691 3339 3757 σημεῖα;
3372 3688 3633 3758 Σημαίνει
3655 3685 3936 3756 δμερους,

2319 3777 2573 3847 ἀνέμους,
2602 3777 2866 3847 χειμῶνα,
2898 3776 3100 3830 εὐδίαν.
3131 3777 3214 3829 Τὰ
3241 3777 3417 3847 ἄστρα
3446 3774 3621 3828 ταῦτα
3642 3773 3935 3843 σημαίνει,

2321 3865 2415 3918 καὶ
2441 3864 2598 3918 τοῦτο
2621 3865 2707 3918 διὰ
2738 3863 2873 3917 Θεοῦ
2907 3863 3340 3935 φιλανθρωπίαν,
3378 3863 3464 3916 ἴνα
3499 3865 3526 3916 6
3555 3861 3805 3924 ναυτίλος
3838 3861 3939 3933 ἴδῃ

2320 3952 2379 4004 τὸ
2405 3953 2646 4022 σημεῖον,
2677 3952 2771 4006 καὶ
2798 3950 2946 4023 φύγῃ
2974 3950 3064 4003 τὸν
3094 3950 3366 4003 κίνδυνον·
3395 3949 3482 4002 ἴνα
3502 3951 3530 4001 6
3553 3947 3800 4018 γεωργὸς
3841 3947 3939 4020 [an

2319 4040 2530 4112 ὀσμὴνά
2557 4040 2846 4112 χειμῶνος,
2869 4040 2964 4093 καὶ
2993 4036 3281 4108 προλαϐὼν
3304 4040 3605 4110 ἀροτριάσῃ
3626 4033 3936 4106 γῆν.[4581

2323 4129 2533 4180 Γίνεται
2581 4131 2804 4198 σημεῖον
2849 4127 2944 4180 καὶ
2988 4125 3226 4195 πολέμου
3262 4126 3356 4178 καὶ
3388 4126 3630 4196 εἰρήνης.
3658 4121 3852 4176 Ταῦτα
3905 4126 3942 4176 6

2323 4215 2515 4285 Σωτὴρ
2546 4213 2896 4276 ἐϐεϐαίωσεν,
2938 4213 3097 4266 ἆτινά
3122 4215 3260 4265 εἰσιν
3288 4211 3435 4264 ἁπλᾶ
3467 4211 3562 4264 καὶ
3588 4208 3938 4280 ἀπερίεργα.

2322 4303 2484 4370 Λέγει
2526 4300 2636 4372 γὰρ
2677 4303 2790 4364 τοῖς
2831 4301 3133 4362 Ἰουδαίοις·
3186 4298 3550 4366 ’Υποκριταὶ,
3591 4296 3698 4350 ἐὰν
3751 4295 3943 4363 ἴδητε

2322 4391 2590 4459 νεφέλην
2643 4390 2761 4444 ἀπὸ
2831 4388 3083 4458 δυσμῶν
3138 4387 3625 4451 ἀνατέλλουσαν,
3670 4385 3891 4454 λέγετε
3917 4404 3936 4419 ο

2323 4476 2551 4544 Χειμὼν
2580 4476 2805 4545 γίνεται
2823 4492 2836 4505 ·
2869 4476 2967 4529 καὶ
3002 4477 3226 4543 γίνεται
3247 4473 3599 4540 οὔτως-,Κᾶν
3619 4471 3783 4539 ιδητε
3805 4473 3941 4540 ὀψὲ

2322 4561 2692 4631 πυρῤἁζοντα
2728 4563 2836 4616 τὸν
2875 4565 3156 4631 οὐρανὸν,
3187 4563 3416 4630 λέγετε,
3444 4560 3650 4624 Εὐδία,
3683 4559 3787 4613 καὶ
3833 4561 3940 4628 γί-

2323 4667 2487 4704 νεται
2521 4649 2710 4703 εὐδία.
2735 4650 2863 4704 Κᾶν
2887 4649 3050 4717 ἴδητε
3079 4648 3197 4718 ὀψὲ
3231 4646 3638 4718 ,γτυτνὰζοντα
3675 4645 3787 4700 τὸν
3823 4650 3940 4703 οὺ-

2317 4735 2529 4804 ρανὸν,
2561 4736 2800 4804 λέγετε’
2829 4737 3062 4804 Χειμὼν
3085 4737 3332 4805 γίνεται.
3368 4736 3478 4789 Καὶ
3522 4735 3719 4802 ἐπάγει
3757 4728 3887 4788 εἶτα.
3915 4752 3932 4766 ο

2329 4821 2404 4875 Τὸ
2428 4824 2751 4890 πρόσωπον
2771 4823 2876 4876 τοῦ
2901 4822 3162 4891 οὐρανοῦ
3191 4824 3291 4877 καὶ
3319 4821 3432 4890 τῆς
3455 4819 3568 4891 γῆς
3596 4821 3799 4876 οῑδατε
3827 4822 3939 4876 δο-

2328 4911 2606 4982 κιμάζειν,
2645 4914 2752 4965 τὸν
2775 4912 2843 4965 δὲ
2862 4911 3074 4981 καιρὸν
3094 4912 3308 4967 τοῦτον
3329 4914 3439 4966 οὐκ
3478 4912 3713 4975 οἷδατε;
3733 4911 3939 4967 Ταῦτά

2328 5000 2443 5052 ἐστι
2478 5001 2546 5052 τὰ
2573 5001 2775 5070 σημεῖα
2813 4997 2881 5051 τά
2909 4999 3166 5052 ἀκίνδυνα
3198 4997 3712 5070 παρατηρήσασθαι,
3739 4997 3933 5067 θέρος,

2329 5089 2593 5158 χειμῶνα,
2637 5089 2811 5151 ὑετὸν,
2870 5087 3072 5139 εὐδίαν.
3107 5086 3293 5139 Ταῦτα
3341 5091 3436 5140 καὶ
3487 5086 3588 5157 τῆς
3637 5085 3938 5152 εὐσεϐείας

2328 5178 2428 5229 οὐκ
2454 5178 2727 5247 ἀλλότρια,
2768 5177 2864 5228 καὶ
2906 5175 2998 5228 τοῦ
3027 5174 3165 5228 Θεοῦ
3209 5170 3450 5230 ι’δια.⁷Ην
3475 5176 3533 5230 δέ
3563 5175 3692 5246 περὶ
3721 5176 3938 5247 ἀστρο-

2328 5264 2515 5332 λογίας
2559 5263 2724 5317 πολὺν
2759 5264 3040 5316 ἀποτεῖναι
3068 5262 3258 5331 λόγον’
3300 5263 3437 5317 ἀλλὰ
3464 5263 3648 5335 χρείαν
3675 5263 3790 5334 ἔχει
3829 5267 3939 5317 καὶ

2327 5351 2696 5421 τετονωμένης
2748 5351 2954 5421 φωνῆς,
3000 5350 3097 5404 καὶ
3149 5352 3382 5421 ὀργάνου
3436 5353 3510 5422 μὴ
3557 5350 3888 5415 ὀκλάζοντος
3916 5369 3932 5383 -

2330 5441 2645 5511 συμϐαδίζει
2675 5441 2785 5512 γὰρ
2808 5440 2886 5510 τῷ
2913 5441 3056 5511 λόγῳ
3084 5444 3116 5511 ή
3149 5441 3372 5505 διάνοια,
3398 5443 3490 5495 καὶ
3517 5441 3838 5494 συνασθενεῐ
3856 5445 3935 5514 τῇ

2327 5529 2541 5600 γλώττῃ
2569 5531 2597 5581 6
2629 5528 2909 5596 λογισμός,
2929 5527 3054 5581 Ἐπὶ
3079 5523 3175 5582 οὖν
3197 5529 3264 5580 τὰ
3291 5527 3632 5599 ἁπλούστερα
3658 5529 3934 5599 χωρήσω-

2390 5637 2412 5664 °
2440 5633 2551 5682 Sav.
2574 5633 2702 5693 conj.
2727 5634 3041 5695 παρατηρὴσῃ
3065 5633 3139 5682 τό.
3185 5631 3441 5695 Combeﬂs.
3467 5633 3609 5681 dedit
3651 5631 3934 5694 παρετ-τιθή-

2328 5712 2448 5758 σατο
2469 5697 2536 5742 ελ.
2558 5695 2683 5758 Fort
2715 5695 2828 5758 rleg.
2856 5694 3250 5758 παρατηρῆσαιτο
3273 5695 3327 5740 τὸ
3351 5694 3422 5742 ἑλ.

2388 5757 2416 5796 δ
2439 5757 2589 5806 Sm'il.
2614 5757 2740 5817 conj.
2761 5757 2928 5818 ὁρμήν.
