4110 6318
210 370 330 426 449

211 495 329 534 sam
359 521 373 545 ,
409 478 637 547 indeque
667 486 854 547 postea
900 490 1094 531 aureos
1137 475 1388 541 cuderet;
1421 476 1497 530 sic
1550 476 1812 543 diSposuit

211 569 349 625 lucis
378 578 648 623 ornatum.
686 568 1147 635 Quemadmodum
1195 569 1335 620 enim
1370 568 1620 637 abyssum
1643 610 1657 632 ,
1686 582 1806 635 qua:

211 670 344 715 tunc
370 675 471 713 una
500 668 614 713 erat
643 674 800 728 aqua,
830 659 1008 713 divisit
1038 661 1089 712 in
1122 659 1309 722 maria,
1339 658 1577 721 flumina,
1612 658 1806 722 fontes,

213 754 365 806 lacus
385 793 398 816 ,
428 761 617 820 puteos
650 768 662 803 :
690 751 766 805 sic
794 759 848 804 et
876 751 1077 812 lucem,
1110 766 1228 818 qua:
1259 765 1358 802 una
1386 750 1646 817 uniusque
1687 763 1810 817 spe-

212 845 315 901 :iei
346 852 481 905 erat,
502 843 774 897 dlSSCCaIIS
803 842 1007 896 Artifex
1033 842 1210 895 divisit
1245 842 1294 894 in
1324 842 1514 901 solem,
1551 841 1726 891 lunam
1755 848 1809 893 et

209 935 417 989 stellas.
452 933 619 987 Porro
649 932 776 985 libet
803 932 1073 1000 inquirere
1100 972 1113 994 ,
1145 931 1412 1000 quomodo
1451 929 1637 983 fecerit
1670 930 1807 983 Deus

208 1024 494 1080 luminaria
528 1043 540 1077 :
574 1024 782 1078 videtur
804 1024 945 1077 enim
976 1038 1037 1077 ea
1059 1034 1205 1076 extra
1236 1022 1427 1076 ca‘lum
1458 1021 1763 1076 condidisse
1788 1061 1803 1087 ,

207 1129 274 1169 ac
304 1124 411 1168 tum
446 1116 688 1184 superius
717 1114 915 1169 fixisse.
938 1112 1397 1181 Quemadmodum
1437 1112 1627 1165 artifex
1651 1153 1665 1177 ,
1684 1127 1805 1165 cum

209 1206 439 1275 perfecit
466 1207 780 1275 imaginem,
816 1213 941 1259 tunc
983 1204 1034 1257 in
1064 1205 1271 1273 pariete
1299 1203 1465 1273 infigit
1511 1204 1655 1256 illam
1684 1221 1694 1254 :
1730 1203 1807 1256 sic

211 1296 359 1352 Deus
391 1299 561 1365 primo
603 1298 726 1352 fecit
759 1297 940 1351 stellas
971 1305 1125 1351 extra
1171 1296 1361 1349 etelum
1387 1338 1401 1361 ,
1431 1305 1661 1365 tuncque
1691 1296 1804 1348 fixit

210 1404 307 1443 eas
353 1404 564 1443 sursum
592 1431 605 1454 ,
635 1391 771 1443 sicut
798 1389 983 1443 artifex
1010 1431 1024 1454 ,
1058 1397 1115 1441 ut
1145 1389 1458 1441 testificatur
1485 1387 1758 1455 Scriptura
1789 1404 1802 1441 :

210 1480 281 1535 Et
304 1482 422 1550 fecit
450 1482 587 1537 Ilus
619 1482 719 1535 duo
750 1482 1040 1544 luminaria,
1072 1490 1117 1534 et
1150 1483 1314 1549 posuit
1338 1482 1426 1533 illa
1456 1482 1507 1532 in
1534 1481 1656 1533 cwlo
1680 1479 1805 1548 (Ge-

208 1590 314 1626 πει.
360 1575 411 1626 1.
470 1574 555 1627 It).
606 1573 716 1642 I7).
748 1574 1027 1640 Quirmodo
1070 1582 1246 1627 autem
1303 1574 1389 1626 illa
1444 1575 1651 1628 infixit?
1680 1592 1802 1629 num

206 1664 371 1716 ambo
398 1664 550 1715 simul
580 1673 702 1717 ante
723 1673 998 1732 compacta
1026 1665 1210 1719 erant?
1238 1665 1292 1718 ld
1321 1665 1511 1719 rationi
1535 1674 1617 1720 est
1644 1666 1803 1719 abso-

205 1768 363 1807 num.
411 1754 513 1806 Sed
557 1754 718 1823 quid?
763 1754 1067 1809 Secundum
1108 1756 1200 1809 Dei
1229 1772 1414 1811 vocem
1459 1759 1569 1827 ipsa
1622 1759 1807 1813 infixio

205 1843 330 1898 fuit.
363 1843 567 1908 Posuit,
601 1845 806 1913 inquit,
842 1845 978 1899 Deus
1008 1846 1280 1900 luminaria
1301 1890 1313 1911 ,
1346 1849 1597 1903 luminare
1640 1850 1805 1918 majus

203 1933 261 1986 in
308 1934 623 2001 principatus
653 1934 753 1986 diei
778 1975 791 1997 ,
816 1944 861 1987 et
907 1936 1160 1988 luminare
1187 1938 1351 1988 minus
1398 1937 1451 1989 in
1494 1939 1805 2007 principatus

206 2028 393 2081 noctis.
425 2026 557 2080 Cum
584 2028 662 2080 sol
704 2026 840 2080 fixus
867 2037 949 2081 est
980 2028 1032 2081 in
1078 2029 1284 2082 oriente
1305 2070 1318 2093 ,
1350 2030 1473 2082 luna
1506 2032 1609 2083 lixa
1642 2039 1722 2083 est
1749 2031 1801 2083 in

203 2118 491 2172 occidente
523 2136 536 2171 :
569 2120 818 2187 quoniam
844 2118 965 2173 huic
994 2122 1206 2189 quidem
1230 2121 1436 2189 jussum
1464 2122 1630 2175 fuerat
1661 2138 1803 2192 pine-

202 2224 330 2263 esse
372 2210 552 2273 nocti,
584 2210 658 2263 illi
688 2225 815 2263 vero
857 2211 984 2265 diei.
1016 2211 1175 2267 Facta
1225 2214 1383 2281 igitur
1436 2222 1517 2267 est
1564 2214 1685 2269 luna
1713 2255 1725 2279 ,
1751 2223 1805 2268 et

203 2298 390 2367 primo
416 2298 505 2354 die
549 2301 704 2369 plena
731 2302 980 2372 gignitur.
1026 2302 1142 2357 Non
1174 2304 1317 2358 enim
1350 2319 1446 2373 par
1475 2315 1591 2359 erat
1621 2306 1799 2359 statim

204 2389 458 2443 mutilum
516 2404 649 2459 opus
702 2406 999 2459 apparere;
1058 2394 1150 2447 sed
1197 2394 1476 2462 Oportebat
1542 2395 1802 2449 luminare

201 2478 419 2533 ostendi
468 2481 624 2547 quale
664 2478 861 2533 factum
888 2492 988 2534 est.
1026 2482 1216 2536 Postea
1261 2499 1386 2537 vero
1414 2500 1477 2538 ex
1508 2487 1801 2540 mutatione

200 2569 443 2624 ostendit
476 2579 713 2637 tempora
741 2579 793 2625 et
838 2580 1181 2638 tempestates
1213 2585 1266 2629 et
1293 2574 1497 2629 dierum
1534 2577 1801 2632 vicissitu-

200 2657 383 2713 dines.
419 2658 566 2713 Illam
603 2659 762 2729 igitur
782 2664 964 2716 condit
996 2664 1133 2719 Deus
1164 2666 1312 2735 quasi
1344 2667 1607 2722 decimam
1639 2670 1799 2736 quin-

203 2765 316 2809 tam
360 2755 594 2825 plenam.
636 2756 725 2813 Sol
769 2770 917 2814 ortus
963 2772 1045 2815 est
1072 2778 1227 2817 mane
1261 2764 1510 2833 :quando
1540 2764 1681 2817 enim
1716 2765 1797 2817 in-

199 2843 309 2899 fixa
335 2846 431 2899 fuit
456 2848 577 2901 luna
601 2848 652 2901 in
681 2851 951 2904 matutinis
973 2851 1137 2915 horis,
1160 2854 1403 2922 apparuit
1421 2854 1473 2907 in
1495 2855 1795 2913 occidente.

203 2936 305 2993 Ubi
336 2939 496 3008 igitur
522 2940 601 2994 sol
627 2956 840 2995 cursum
872 2956 1026 2997 suum
1071 2944 1135 2998 ad
1164 2946 1494 3001 occidentem
1542 2946 1796 3001 conficie-

200 3027 315 3093 bat,
352 3031 476 3084 luna
506 3032 685 3086 statim
702 3033 768 3085 ad
799 3044 973 3088 ortum
1002 3036 1285 3102 veniebat,
1312 3045 1367 3090 ut
1391 3038 1701 3107 impleretur
1728 3040 1793 3092 il-

199 3120 294 3178 Iud
319 3138 333 3174 :
368 3120 704 3176 Dominentur
724 3124 825 3177 diei
853 3136 897 3179 et
923 3127 1057 3179 nocti
1085 3126 1324 3196 (Ibidem.
1354 3145 1398 3180 υ.
1436 3131 1549 3195 I8).

276 3209 414 3263 Dem
434 3228 527 3264 cur
548 3212 720 3266 lunam
734 3215 933 3282 plenam
952 3217 1113 3285 primo
1136 3220 1560 3288 fecerit—Aliud
1577 3221 1695 3275 dem
1705 3239 1789 3276 um

196 3303 498 3370 quaeritur:
529 3320 624 3357 cur
668 3305 807 3360 Deus
851 3308 1029 3362 lunam
1078 3310 1288 3379 plenam
1336 3311 1500 3366 fecit?
1538 3314 1788 3369 Animum

196 3393 577 3449 adhibe:alta
633 3398 776 3451 enim
828 3408 909 3453 est
962 3403 1246 3456 sententia.
1305 3403 1597 3473 Oportebat
1645 3408 1787 3461 illam

194 3494 387 3554 quarta
417 3486 503 3541 die
534 3488 722 3542 factam
743 3531 758 3553 ,
789 3500 1030 3559 quartam
1055 3494 1248 3549 lucere.
1281 3496 1349 3549 At
1378 3497 1421 3549 si
1447 3508 1633 3566 quarta
1658 3500 1788 3555 fuis-

195 3586 305 3645 set,
337 3595 602 3634 summum
633 3582 926 3638 occidentis
953 3600 1055 3638 non
1085 3597 1417 3656 occupasset.
1444 3590 1663 3645 Inventa
1693 3592 1791 3662 igi-

193 3679 286 3722 tur
321 3679 406 3724 est
428 3672 693 3726 excedens
724 3674 965 3728 undecim
1011 3676 1125 3731 dies
1154 3694 1167 3729 :
1198 3688 1383 3748 quarta
1416 3680 1549 3734 facta
1589 3693 1701 3745 est,
1736 3697 1789 3737 et

192 3761 493 3829 apparebat
536 3772 590 3814 ut
638 3764 1025 3832 quintadecima
1071 3769 1364 3823 :undecim
1415 3786 1543 3840 ergo
1598 3772 1789 3827 diebus

191 3849 323 3903 luna
364 3851 532 3905 solem
560 3854 894 3921 praecedebat
916 3895 930 3917 ,
964 3872 1068 3910 non
1095 3858 1386 3913 secundum
1416 3864 1741 3917 creationem
1770 3904 1784 3929 ,

190 3942 291 3995 sed
322 3942 616 3995 secundum
644 3943 777 3997 lucis
802 3945 1164 4013 splendorem.
1206 3948 1563 4014 Quamobrem
1593 3953 1785 4021 quibus

189 4040 323 4086 tunc
352 4031 475 4085 luna
503 4034 793 4089 excedebat
812 4035 1002 4090 diebus
1026 4077 1040 4102 ,
1074 4053 1168 4093 eos
1197 4040 1295 4094 soli
1325 4042 1573 4095 restituit.
1621 4042 1785 4098 Luna:

187 4124 335 4178 enim
365 4140 428 4178 ac
454 4125 653 4179 mensis
673 4126 932 4196 cujuSque
961 4144 1232 4196 numerus,
1255 4146 1285 4185 a
1306 4134 1487 4201 viginti
1515 4150 1704 4189 novem
1733 4145 1787 4190 et

186 4216 415 4270 dimidio
440 4215 647 4282 diebus,
680 4217 729 4271 in
754 4218 1031 4274 duodecim
1061 4224 1183 4275 anni
1216 4226 1509 4291 mensibus,
1543 4226 1657 4281 dies
1690 4228 1786 4280 ha-

187 4306 281 4361 bet
332 4316 601 4361 trecentos
627 4310 1004 4378 quinquaginta
1028 4320 1275 4382 quatuor.
1309 4314 1445 4368 Nam
1488 4317 1531 4370 si
1574 4319 1643 4371 ita
1672 4318 1782 4372 cal-

184 4396 371 4450 culum
420 4399 695 4465 posueris,
722 4407 779 4452 ut
804 4401 1003 4453 mensis
1028 4403 1092 4455 sit
1124 4402 1329 4457 dierum
1360 4406 1543 4474 viginti
1588 4422 1778 4463 novem

185 4498 243 4541 et
313 4488 558 4553 dimidii,
598 4490 723 4544 anni
783 4491 899 4546 dies
949 4502 1074 4547 sunt
1124 4496 1347 4551 trecenti
1396 4500 1778 4571 quinquaginta

183 4588 439 4647 quatuor,
474 4588 529 4631 ut
559 4594 692 4648 quos
736 4581 859 4634 luna
894 4592 1018 4637 tunc
1059 4588 1233 4654 rapuit
1274 4588 1454 4656 plures
1499 4591 1614 4645 dies
1638 4632 1653 4657 ,
1682 4608 1777 4661 per

181 4685 388 4723 annum
436 4671 537 4725 soli
581 4672 789 4729 reddat.
842 4674 1103 4745 Supputet
1155 4681 1241 4747 qui
1290 4682 1405 4749 ejus
1458 4685 1592 4737 artis
1639 4686 1778 4753 peri-

182 4770 272 4815 tus
299 4769 403 4814 est.

257 4854 314 4908 5.
350 4853 504 4907 Fiant
523 4856 796 4912 funtinaria
820 4860 869 4912 in
884 4860 1199 4927 ﬁrmamento
1220 4866 1360 4929 ca'li,
1384 4877 1436 4918 nt
1460 4867 1657 4922 luceant
1687 4887 1773 4923 su-

179 4961 273 5015 per
300 4955 481 4998 terram
511 4946 663 5014 (Gen.
692 4950 742 5003 I.
772 4950 857 5004 14.
883 4951 996 5022 15).
1015 4954 1270 5021 Quoniam
1294 4959 1427 5027 ignis
1449 4970 1631 5015 natura
1655 4976 1774 5017 sur-

176 5052 303 5090 sum
336 5036 615 5105 tendebat,
644 5039 851 5097 frenum
881 5054 1085 5101 natura:
1116 5048 1254 5103 Deus
1278 5050 1564 5119 imposuit,
1602 5064 1658 5108 ut
1684 5071 1769 5109 ra-

176 5128 300 5181 dios
328 5143 433 5184 non
458 5146 670 5185 sursum
701 5136 968 5191 emitteret
993 5176 1007 5202 ,
1030 5137 1123 5192 sed
1150 5139 1423 5197 deorsum.
1460 5141 1597 5213 Ignis
1624 5146 1765 5199 enim

177 5236 288 5273 non
320 5220 456 5277 solet
502 5221 752 5278 deorsum
808 5228 1059 5296 tendere,
1093 5230 1186 5285 sed
1214 5246 1450 5288 sursum.
1498 5236 1554 5290 Si
1597 5236 1765 5293 facem

172 5311 365 5377 habes,
387 5324 537 5368 verte
566 5314 849 5382 deorsum,
883 5331 934 5373 et
970 5322 1171 5377 videbis
1201 5323 1405 5378 etiamsi
1438 5327 1757 5383 instrumen-

172 5412 289 5455 tum
321 5401 447 5459 iIIud
478 5403 726 5460 deorsum
758 5419 959 5472 vertas,
989 5413 1160 5481 ignem
1192 5424 1368 5468 tamen
1397 5431 1606 5472 sursum
1642 5430 1759 5474 ten-

170 5495 324 5550 dere.
357 5495 487 5551 Cutn
510 5499 671 5552 sciret
696 5514 823 5570 ergo
854 5516 969 5555 eam
1003 5520 1122 5558 esse
1148 5506 1291 5561 illius
1322 5519 1585 5573 naturam,
1611 5513 1763 5567 cohi-

171 5587 287 5641 buit
317 5586 481 5653 illam,
508 5605 574 5643 ne
603 5593 895 5645 secundum
927 5603 1167 5650 naturam
1203 5599 1420 5667 luceret,
1450 5603 1541 5658 sed
1566 5618 1758 5661 secun-

172 5680 298 5733 dum
346 5692 690 5751 pratcvptum.
725 5684 779 5738 Si
828 5687 946 5754 quis
975 5697 1202 5743 vestrum
1233 5692 1535 5750 observavit
1578 5698 1754 5753 oleum

174 5789 225 5827 III
256 5774 495 5842 lucerna,
531 5792 630 5844 qua
669 5778 869 5832 scilicet
912 5782 1117 5837 ratione
1164 5798 1282 5838 cum
1312 5787 1427 5841 oleo
1473 5790 1748 5854 avellatur,

1286 357 1372 411 DE
1410 354 1619 411 MUNDI
1663 352 2055 410 CREATIONE
2092 354 2350 414 ORATIO
2392 358 2479 413 III.

3404 373 3518 428 450

1919 480 1973 526 ει
1999 471 2078 526 vis
2104 473 2209 527 olei
2242 474 2375 529 infra
2404 476 2599 542 trahat,
2630 485 2815 532 natura
2849 493 2975 534 vero
3004 480 3139 551 ignis
3160 495 3372 539 sursum
3401 492 3511 541 ten-

1917 560 2030 627 dat,
2060 578 2123 617 ac
2155 565 2307 633 quasi
2340 567 2447 620 vim
2478 568 2733 633 patiatur,
2763 570 2960 624 clamat
2990 590 3003 625 :
3036 572 3078 625 si
3120 574 3335 643 quando
3365 576 3508 633 enim

1917 651 2053 721 ignis
2097 662 2318 723 cogatur
2344 670 2589 721 currere,
2617 667 2800 713 contra
2842 675 3046 715 morem
3097 676 3250 718 suum
3277 707 3291 731 ,
3323 682 3507 723 vocem

1914 744 2146 808 emittit,
2194 760 2257 799 ac
2298 746 2339 798 si
2371 747 2474 798 vim
2508 756 2809 815 pateretur,
2843 764 2905 803 ac
2950 752 2993 804 si
3024 763 3208 808 contra
3257 766 3502 811 naturam

1917 834 2181 889 tenderet.
2211 835 2265 890 Si
2298 837 2421 905 quid
2446 838 2586 891 enim
2617 838 2885 894 elemento
2913 853 3107 911 praeter
3135 853 3381 902 naturam
3407 864 3503 904 ac-

1914 923 2083 989 cidat,
2135 926 2305 995 ipsum
2334 928 2552 981 clamat.
2597 930 2810 994 Quare?
2847 934 3033 987 Oleum
3074 950 3195 991 cum
3249 940 3503 1008 injectum

1912 1014 2070 1069 fuerit
2095 1015 2147 1069 in
2181 1017 2374 1085 ignem,
2402 1034 2586 1072 vocem
2619 1036 2723 1073 non
2753 1024 2978 1085 emittit;
3010 1040 3145 1093 aqua
3169 1069 3183 1093 ,
3227 1029 3271 1082 si
3313 1030 3505 1099 injecta

1913 1104 2116 1172 fuerit,
2143 1107 2354 1161 stridet.
2388 1110 2548 1179 Atqui
2588 1120 2642 1163 et
2690 1112 2791 1167 hoc
2818 1122 2871 1166 et
2924 1114 3048 1169 illud
3081 1128 3161 1171 est
3208 1119 3503 1176 humidum.

1913 1195 2017 1251 Sed
2041 1196 2161 1265 quia
2195 1197 2369 1251 oleum
2414 1215 2483 1253 ex
2531 1200 2674 1269 ligno
2697 1205 2976 1271 Opsnnium
3024 1211 3278 1276 nascitur,
3312 1221 3365 1266 et
3387 1214 3504 1269 olea

1913 1291 2078 1343 nutrit
2129 1293 2301 1360 ipsum
2333 1335 2346 1358 ,
2392 1295 2635 1364 ignisque
2692 1311 2905 1367 semper
2957 1309 3039 1354 est
3077 1303 3219 1371 ligno
3263 1307 3504 1373 amicus,

1913 1382 2140 1439 libenter
2185 1388 2377 1455 accipit
2420 1388 2562 1457 quod
2611 1402 2674 1442 ex
2723 1392 2866 1453 affini
2923 1401 3110 1448 natura
3142 1405 3240 1449 est.
3282 1396 3375 1453 Sin
3407 1416 3504 1454 au-

1914 1482 2015 1527 tem
2050 1490 2184 1543 aqua
2226 1477 2277 1529 in
2329 1478 2502 1546 ignem
2542 1479 2878 1541 immittatur,
2922 1480 3149 1549 stridet,
3192 1488 3333 1556 quod
3384 1505 3503 1544 cum

1910 1566 2182 1618 Cutilrariu
2215 1576 2428 1635 pugnet.
2464 1568 2600 1636 Ignis
2627 1570 2736 1622 aeri
2779 1571 2983 1627 amicus
3001 1582 3109 1637 est;
3146 1576 3321 1633 affinis
3362 1582 3503 1637 enim

1911 1665 1992 1708 est
2036 1656 2105 1710 ei.
2154 1656 2403 1712 lnsufllas
2440 1660 2491 1712 in
2538 1660 2837 1725 lucernam,
2876 1671 2929 1717 et
2974 1678 3067 1718 aer
3114 1667 3288 1735 ignem
3324 1670 3375 1723 in
3422 1671 3504 1724 fu-

1912 1763 2058 1801 mum
2102 1750 2289 1815 vertit,
2324 1766 2386 1805 ac
2434 1766 2694 1821 nusquam
2742 1767 3015 1823 comparet
3048 1777 3059 1811 :
3088 1775 3207 1813 nam
3239 1762 3382 1831 quod
3422 1766 3501 1817 al-

1913 1836 2017 1890 fine
2042 1849 2155 1891 erat
2182 1842 2459 1894 abscessit.
2479 1842 2611 1895 Vide
2638 1844 2871 1898 Artificis
2894 1848 3232 1916 sapientiam,
3260 1853 3380 1907 vide
3410 1870 3503 1923 po-

1913 1938 2181 1983 testatem.
2212 1931 2394 1985 l’osunt
2427 1934 2704 1988 luminaria
2738 1935 2788 1988 in
2820 1936 2972 2001 ca‘lo,
2994 1948 3049 1993 ut
3079 1940 3317 1997 lucerent
3343 1961 3505 2016 super

1914 2030 2107 2073 terram
2136 2039 2146 2073 :
2180 2021 2245 2074 Et
2296 2026 2424 2086 sint,
2469 2026 2674 2093 inquit,
2717 2028 2770 2080 in
2810 2029 2988 2098 signa,
3033 2041 3079 2085 et
3114 2034 3164 2086 in
3196 2036 3300 2089 dies
3322 2079 3336 2103 ,
3364 2048 3408 2091 et
3452 2042 3504 2093 in

1909 2129 2087 2165 annos.

1981 2204 2267 2271 Astrologia
2284 2221 2557 2274 vannquw.
2588 2205 2870 2263 Discrimen
2909 2212 3036 2266 inter
3057 2225 3213 2282 χρόνος
3247 2227 3293 2271 ει
3322 2231 3502 2291 καιρός.

1911 2291 2079 2347 Filius
2122 2311 2218 2348 non
2249 2298 2412 2365 factus
2438 2308 2528 2351 est.
2546 2299 2762 2365 —Quid
2784 2310 2886 2367 est,
2915 2302 2939 2354 l
2950 2320 2980 2355 ιι
3008 2304 3191 2373 signa?
3207 2307 3305 2373 Qui
3325 2320 3504 2364 astro-

1909 2386 2102 2455 logiam
2135 2402 2272 2441 vane
2306 2398 2572 2455 tractant,
2612 2405 2761 2459 spem
2809 2406 2958 2446 suam
3007 2408 3372 2465 evacuarunt,
3417 2416 3504 2456 res

1908 2478 2270 2547 significantes
2320 2495 2440 2547 qua:
2503 2496 2762 2549 nusquam
2805 2485 3083 2538 exsistunt.
3150 2488 3300 2553 Quod
3356 2493 3499 2545 enim

1907 2571 2076 2623 stella:
2118 2571 2246 2624 nihil
2292 2573 2594 2641 significent
2637 2574 2775 2627 circa
2816 2576 2975 2629 vitam
3032 2578 3307 2635 hominum
3353 2585 3501 2638 testi-

1907 2662 2093 2715 ficatur
2116 2662 2275 2715 Isaias
2307 2663 2521 2717 dicens:
2545 2663 2770 2733 Surgunt
2797 2667 3040 2736 astrologi
3070 2669 3209 2735 ca’li,
3236 2685 3281 2723 et
3310 2674 3394 2741 qui
3424 2677 3497 2727 si-

1904 2768 2005 2821 gna
2032 2754 2221 2818 vident;
2241 2763 2285 2806 et
2312 2754 2481 2805 dicant
2505 2755 2590 2806 tibi
2614 2757 2737 2823 quid
2758 2759 2986 2825 futurum
3012 2760 3073 2811 sit
3094 2759 3246 2827 (Isai.
3272 2764 3357 2817 47.
3381 2764 3494 2833 I3).

1906 2841 1981 2895 De
2030 2843 2132 2896 vita
2166 2856 2294 2912 ergo
2340 2843 2614 2897 hominum
2648 2844 2849 2898 nullmn
2884 2847 3093 2915 signum
3142 2850 3230 2905 dat
3279 2854 3491 2909 cazlum.

1903 2931 1995 2986 Vis
2033 2933 2149 3001 ejus
2187 2935 2336 3003 signa
2376 2934 2626 2988 discere?
2656 2935 2931 3003 Significat
2985 2940 3224 3007 pluvias,
3269 2955 3494 3013 ventos,

1903 3022 2110 3076 hiemes
2154 3038 2217 3077 ac
2241 3033 2586 3093 tempestates
2609 3063 2623 3089 ,
2661 3026 3005 3094 tranquillum
3047 3044 3249 3084 acrem.
3282 3033 3406 3088 Iltec
3426 3036 3498 3088 si-

1898 3114 2154 3183 gnificant
2181 3115 2349 3168 stella:
2376 3156 2388 3180 ,
2424 3114 2581 3184 idque
2608 3131 2701 3185 per
2732 3117 2821 3171 Dei
2850 3118 3255 3189 benignitatem,
3287 3135 3341 3178 ut
3367 3142 3496 3180 nau-

1898 3206 2075 3259 clerus
2106 3206 2312 3275 signum
2337 3206 2544 3271 videat,
2575 3216 2628 3261 et
2657 3209 2944 3275 periculum
2976 3211 3226 3280 effugiat;
3256 3224 3316 3268 ut
3344 3219 3488 3287 agri-

1897 3297 2012 3350 cola
2062 3296 2253 3351 hiemis
2296 3312 2510 3351 sensum
2559 3297 2783 3363 habeat,
2813 3308 2867 3353 et
2900 3312 3243 3359 antevertens
3289 3316 3488 3362 terram

1898 3398 2078 3443 aratro
2106 3390 2293 3444 sulcet.
2326 3390 2421 3444 Est
2449 3400 2503 3445 et
2525 3392 2645 3445 belli
2679 3401 2731 3445 et
2762 3394 2905 3460 pacis
2932 3392 3165 3462 signum.
3196 3396 3321 3452 Ilzec
3367 3398 3492 3453 Ser-

1895 3491 2048 3535 vator
2074 3481 2356 3535 affirmavit
2380 3522 2393 3546 ,
2425 3497 2544 3552 qua:
2573 3482 2753 3551 utique
2799 3493 2923 3537 sunt
2949 3484 3213 3553 simplicia
3238 3528 3252 3552 ,
3283 3496 3337 3541 et
3383 3504 3483 3543 ex-

1894 3573 2104 3643 ploratu
2135 3572 2329 3626 facilia.
2375 3575 2462 3626 Ait
2502 3574 2699 3643 quippe
2738 3572 2936 3628 Judreis
2970 3590 2983 3627 :
3020 3593 3038 3627 ι
3078 3575 3413 3645 Hypocritaz,
3444 3585 3488 3635 si

1897 3664 2133 3718 videritis
2182 3665 2375 3718 nubem
2418 3664 2485 3717 ab
2530 3680 2720 3719 occasu
2751 3667 3010 3721 orientem
3038 3707 3052 3732 ,
3082 3668 3259 3725 dicitis
3284 3711 3297 3735 ,
3333 3671 3491 3727 Venit

1895 3762 2185 3822 tempestas
2215 3773 2232 3805 ι
2260 3754 2469 3825 (Matth.
2500 3756 2585 3808 I6.
2604 3754 2761 3823 2-4):
2791 3774 2809 3805 ‹
2831 3766 2885 3809 et
2906 3758 2975 3810 ita
3005 3756 3081 3811 fit.
3106 3759 3232 3815 Etsi
3251 3760 3488 3817 videritis

1894 3861 2124 3915 vespere
2172 3846 2527 3900 rubicundum
2581 3847 2769 3901 cadum
2797 3888 2811 3912 ,
2843 3847 3020 3902 dicitis
3050 3866 3064 3902 :
3097 3851 3400 3921 Serenum;
3433 3866 3487 3911 et

1894 3941 2039 3995 venit
2064 3955 2337 3995 serenum.
2370 3940 2438 3994 Et
2468 3945 2512 3993 si
2546 3940 2787 3995 videritis
2816 3955 2940 3995 sero
2975 3943 3126 3997 triste
3158 3946 3366 4012 caelum,
3395 3946 3483 4001 di-

1891 4031 2010 4087 citis
2029 4072 2044 4098 ,
2076 4032 2391 4101 Tempestas
2413 4033 2558 4086 venit
2591 4051 2609 4084 ι
2638 4031 2785 4103 (Luc.
2817 4032 2903 4087 I2.
2938 4034 3147 4106 54-56).
3177 4036 3485 4110 Deindeque

1890 4122 2163 4192 subjungit
2193 4140 2205 4177 :
2233 4141 2250 4174 ι
2290 4122 2499 4177 Faciem
2530 4123 2645 4177 cadi
2668 4132 2721 4177 et
2752 4132 2906 4177 terrae
2931 4124 3161 4193 probare
3188 4127 3335 4183 scitis
3365 4170 3380 4196 ,
3410 4131 3481 4185 il-

1890 4215 1981 4269 lud
2020 4225 2196 4269 autem
2237 4227 2445 4285 tempus
2495 4215 2747 4269 nescitis?
2782 4234 2800 4267 ι
2836 4215 2961 4271 Hinc
3002 4227 3127 4272 sunt
3168 4220 3316 4290 signa
3359 4236 3480 4291 qua:

1888 4309 2004 4363 sine
2026 4310 2263 4378 pericqu
2292 4308 2663 4375 observantur,
2678 4318 2857 4373 testas,
2884 4309 3077 4377 hiems,
3101 4312 3303 4380 pluvia,
3330 4328 3475 4371 sere-

1887 4416 1989 4454 nus
2004 4416 2115 4455 aer.
2143 4400 2267 4455 Ilaec
2283 4417 2386 4455 non
2403 4411 2525 4455 sunt
2541 4416 2569 4453 a
2593 4402 2787 4469 pietate
2806 4401 2999 4465 aliena,
3016 4403 3106 4455 sed
3129 4403 3219 4458 Dei
3238 4407 3473 4474 propria.

1885 4493 2045 4548 Multa
2074 4495 2429 4564 potuissemus
2454 4494 2521 4548 de
2543 4494 2829 4562 astrologia
2847 4492 3045 4558 dicere;
3071 4496 3163 4548 sed
3187 4511 3320 4565 opus
3341 4498 3475 4554 fuis-

1886 4598 1967 4642 set
1996 4597 2049 4641 et
2096 4587 2429 4641 contentiore
2459 4600 2589 4640 voce
2614 4626 2627 4651 ,
2651 4594 2705 4640 et
2745 4600 2944 4655 organo
2994 4601 3096 4639 non
3150 4588 3426 4648 fatiscente
3454 4612 3469 4649 :

1884 4696 2002 4733 nam
2031 4695 2151 4733 cum
2180 4694 2428 4733 sermone
2458 4694 2608 4732 mens
2645 4679 2755 4748 pari
2796 4695 2981 4749 gressu
3013 4683 3269 4749 procedit,
3298 4695 3351 4740 et
3382 4703 3470 4741 ra-

1883 4773 2151 4826 tiocinium
2182 4787 2283 4825 una
2306 4786 2425 4825 cum
2458 4771 2630 4839 lingua
2660 4768 2974 4824 infirmatur.
3005 4770 3083 4823 Ad
3108 4787 3167 4825 ea
3192 4788 3321 4844 ergo
3349 4793 3467 4847 qua:

1880 4874 2002 4918 sunt
2045 4864 2365 4931 simpliciora
2410 4861 2781 4931 procedamus.
2817 4861 2929 4915 Sint
2977 4863 3031 4914 in
3072 4864 3216 4933 signa
3254 4876 3301 4921 et
3344 4878 3466 4922 tem.

1878 4973 2023 5027 pora.
2068 4953 2224 5008 Aliud
2269 4955 2411 5007 enim
2452 4962 2534 5006 est
2560 4963 2717 5022 χρόνος
2759 4961 3001 5022 tempus,
3037 4964 3090 5007 et
3115 4956 3256 5011 al.ud
3306 4968 3464 5031 καιρός

1877 5048 2266 5118 Opportunitas.
2294 5052 2468 5115 Χρόνος
2494 5044 2813 5098 diuturnitas
2837 5053 2919 5099 est
2941 5087 2956 5111 ,
2985 5057 3037 5100 et
3075 5057 3235 5119 καιρός
3262 5064 3461 5120 oppor-

1878 5141 2090 5194 tunitas.
2125 5138 2233 5191 Nec
2261 5137 2454 5206 estqui
2485 5136 2643 5203 dicat,
2677 5145 2834 5205 χρόνος
2861 5147 2940 5191 εει
2964 5137 3273 5206 vindemiae;
3304 5158 3461 5197 nemo

1874 5234 2022 5297 dicit,
2053 5242 2207 5303 χρόνος
2235 5240 2315 5285 εει
2340 5230 2596 5300 virginem
2628 5228 2836 5283 Ioeandi
2869 5248 2881 5283 :
2916 5230 3029 5294 sed,
3062 5240 3219 5301 καιρός
3249 5242 3330 5288 εει
3350 5237 3458 5289 vir-

1872 5329 2048 5396 ginem
2079 5324 2286 5379 Iocandi
2312 5366 2325 5390 ,
2354 5334 2513 5394 καιρὸς
2542 5323 2796 5377 sementis
2825 5332 2878 5377 et
2927 5334 3087 5393 καιρὸς
3114 5326 3322 5378 messis.
3357 5326 3459 5381 Sa-

1872 5422 2157 5488 lomnnque
2186 5418 2257 5471 ait
2293 5434 2305 5471 :
2333 5420 2492 5488 καιρὸς
2526 5415 2787 5483 pariendi,
2818 5424 2863 5467 et
2896 5425 3055 5482 καιρὸς
3098 5415 3375 5480 moriendi,
3409 5428 3457 5471 et

1869 5521 2029 5580 καιρὸς
2080 5509 2367 5575 ωίιίῥεαιιάὶ
2389 5549 2401 5571 ,
2438 5516 2482 5558 et
2525 5515 2682 5575 καιρὸς
2715 5506 3000 5557 destruendi
3031 5502 3238 5572 (Eccle.
3267 5504 3323 5559 3.
3354 5505 3388 5558 2

1874 5613 2049 5674 Καιρὸν
2076 5602 2201 5656 dicit
2238 5600 2709 5669 Opportunitatem.
2744 5597 2868 5652 Ilaec
2910 5610 3036 5650 vero
3084 5595 3250 5648 stella:
3284 5597 3451 5666 signi-

1868 5699 2062 5761 ficant;
2095 5706 2216 5766 puta
2243 5737 2257 5763 ,
2283 5690 2547 5764 pleiadum
2589 5698 2762 5745 ortum
2803 5688 3004 5743 initium
3059 5702 3177 5742 esse
3218 5688 3444 5754 messis;

1870 5788 2077 5859 plciadu
2102 5807 2131 5839 ιι
2182 5801 2451 5853 occasura,
2482 5783 2687 5839 initium
2721 5779 2989 5837 sementis.
3018 5779 3137 5833 Il;cc
3167 5779 3230 5831 ab
3259 5778 3445 5850 impie-
