4110 6318
2112 331 2193 386 SE
2202 327 2477 385 VERIANI

703 361 810 415 451

702 465 810 510 tate
833 453 1002 509 aliena
1023 495 1036 517 ,
1060 450 1348 525 pietatique
1376 453 1587 520 propria
1623 457 1767 506 sunt.
1798 458 1975 515 Kaipot
2002 448 2113 504 sive
2140 457 2273 503 tem-

699 561 826 616 pora
868 544 994 600 festa
1034 558 1242 614 quoque
1291 552 1568 596 vocamur.
1622 543 1710 596 Ait
1759 542 1897 596 Deus
1936 559 1948 594 :
1989 539 2111 594 Tria
2155 543 2278 594 anni

698 646 922 705 tempora
969 632 1274 687 Celebrabitis
1317 633 1476 696 mihi,
1518 631 1696 699 festum
1725 632 2067 701 Azymorum,
2096 636 2276 700 festum

701 726 1046 790 I’entecostes,
1076 733 1121 777 et
1158 729 1336 794 festum
1366 722 1788 793 Scenopegiorum
1833 723 2004 794 (Deut.
2039 724 2126 778 16.
2162 723 2272 792 16).

694 817 817 872 Tria
847 825 1102 885 tempora.
1138 815 1274 870 Ecce
1302 816 1468 882 signa,
1499 825 1550 867 et
1572 823 1830 882 tempora.
1865 814 1988 868 Dies
2008 828 2191 868 rursus
2215 815 2268 868 in

695 907 913 960 sabbato
933 914 986 959 et
1007 919 1217 959 menses
1250 903 1371 958 facit
1400 903 1542 957 luna.
1567 902 1660 958 Sol
1683 919 1940 957 annorum
1963 904 2272 959 conversio-

695 1013 788 1051 nes
810 997 1074 1060 observat,
1102 1011 1335 1058 vernam,
1367 995 1787 1064 aequinoctialem
1810 996 1849 1060 ¹,
1879 997 2114 1048 :estivam
2141 1036 2156 1061 ,
2180 1010 2272 1049 au-

695 1089 1002 1142 tumnalem.
1033 1086 1182 1141 Stant
1215 1087 1355 1155 leges
1384 1086 1634 1139 immotae.
1671 1086 1850 1148 Dixit,
1883 1095 1937 1141 et
1981 1087 2080 1140 fixa
2111 1097 2268 1153 stmt;

694 1179 997 1239 mandavit,
1030 1186 1084 1230 et
1114 1175 1326 1228 fundata
1359 1185 1497 1229 sunt.
1545 1176 1639 1229 llic
1665 1175 1877 1230 demum
1918 1179 2150 1231 animum
2179 1177 2272 1231 ad-

694 1271 902 1324 vertite.
947 1269 1074 1335 Quis
1104 1267 1290 1320 horum
1334 1267 1566 1322 artifex?
1592 1271 1708 1338 quis
1741 1269 1856 1323 haae
1881 1268 2045 1323 fecit?
2075 1269 2270 1324 Pater?

693 1360 858 1415 Nemo
890 1359 1170 1412 inficiatur.
1203 1357 1404 1412 Filius?
1431 1359 1600 1412 Etiam
1623 1359 1854 1413 haeretici
1885 1359 2136 1425 fatentur,
2165 1360 2265 1415 etsi

691 1465 799 1503 non
845 1458 988 1504 recte
1017 1467 1028 1500 :
1053 1449 1233 1502 dicunt
1273 1449 1413 1502 enim
1441 1489 1456 1510 ,
1487 1448 1642 1502 Pater
1685 1448 1875 1503 Filium
1916 1449 2040 1505 fecit
2063 1487 2079 1515 ,
2105 1451 2268 1505 Filius

693 1551 869 1595 autem
909 1541 1107 1593 omnia.
1131 1539 1493 1593 Admittamue
1523 1539 1890 1606 impietatem?
1915 1539 2044 1607 Quia
2067 1542 2267 1596 insolu-

691 1629 816 1683 bilia
847 1630 1051 1696 vincula
1083 1629 1450 1684 haereticorum
1499 1638 1729 1683 mentem
1759 1632 2161 1700 constringunt,
2187 1632 2267 1685 in-

697 1727 1029 1788 terrogemus
1073 1717 1552 1788 prophetasznum
1606 1719 1682 1773 is.
1737 1721 1823 1788 qui
1877 1721 2052 1774 omnia
2107 1720 2264 1787 fecit,

689 1811 988 1880 quempiam
1017 1810 1208 1864 habeat
1232 1809 1504 1877 majorem,
1523 1824 1589 1861 ao
1620 1809 1865 1864 omnibus
1890 1809 1958 1864 sit
1985 1811 2262 1880 superior:

688 1916 782 1956 sua
804 1903 944 1957 enim
977 1901 1073 1970 ipsi
1103 1901 1460 1969 propositione
1486 1899 1706 1957 cadunt.

761 1993 817 2046 4.
852 1993 1038 2047 Dicunt
1064 2032 1078 2057 ,
1107 1991 1294 2044 Omnia
1336 1991 1462 2045 fecit
1487 1991 1651 2045 Filius
1671 2032 1686 2055 ,
1717 1991 1886 2060 ipsum
1917 2006 2044 2046 vero
2080 1993 2260 2048 Pater.

689 2081 953 2150 Propitius
978 2081 1128 2135 nobis
1163 2081 1234 2134 sit
1258 2095 1358 2149 pro
1379 2080 1704 2149 blasphemia
1738 2099 1749 2134 :
1780 2081 1934 2150 plane
1955 2079 2096 2136 enim
2125 2081 2257 2136 hor-

685 2190 776 2228 ror
818 2184 899 2229 est
936 2174 1218 2244 impiorum
1265 2175 1424 2228 verba
1473 2175 1706 2238 iterare;
1762 2184 1994 2228 attamen
2026 2173 2261 2228 medicos

685 2266 972 2330 imitemur,
994 2265 1335 2320 immittentes
1357 2266 1406 2320 in
1432 2265 1646 2320 vulnera
1673 2281 1881 2330 manus,
1904 2273 1958 2318 ut
1979 2265 2153 2318 ulcera
2178 2279 2266 2319 cu-

682 2369 900 2410 remus:
925 2366 1141 2410 coactus
1168 2355 1326 2408 etiam
1374 2355 1470 2408 fuit
1492 2355 1778 2423 Apostolus
1818 2371 1904 2408 res
1928 2355 2260 2422 turpissimas

681 2459 1100 2499 commemorare
1124 2487 1138 2509 ,
1171 2460 1276 2498 non
1305 2454 1360 2498 ut
1399 2445 1626 2513 linguam
1659 2444 1901 2507 undaret,
1930 2443 2022 2498 sed
2055 2452 2110 2497 ut
2138 2457 2260 2512 pec-

679 2545 796 2588 cata
827 2535 1082 2588 ablueret.
1113 2535 1322 2598 Dicunt,
1352 2533 1541 2588 Omnia
1566 2533 1693 2589 fecit
1719 2533 1902 2600 Filius,
1938 2533 2108 2602 ipsum
2131 2548 2258 2589 vero

683 2625 855 2678 Pater.
891 2624 1233 2694 lnterrogabo
1262 2625 1545 2694 prophetas
1565 2665 1580 2692 ,
1612 2625 1729 2694 quis
1754 2633 1806 2678 et
1849 2633 2079 2694 quantus
2116 2625 2184 2680 sit
2210 2624 2257 2680 is

679 2718 766 2785 qui
814 2717 1002 2771 caelum
1049 2716 1193 2770 fecit.
1224 2717 1312 2770 Ait
1357 2716 1518 2770 Isaias
1570 2715 1866 2786 propheta:
1905 2735 1924 2768 ι
1962 2716 2086 2771 Hazc
2129 2716 2258 2771 dicit

680 2805 935 2859 Dominus
959 2846 972 2869 ,
1022 2805 1108 2874 qui
1141 2807 1261 2859 fecit
1301 2806 1486 2858 caelum
1509 2845 1524 2866 ,
1554 2812 1608 2858 et
1650 2804 1762 2858 fixit
1799 2803 1924 2858 illud
1972 2805 2103 2873 :qui
2139 2804 2256 2858 fun-

677 2895 819 2948 davit
847 2905 1059 2960 terram,
1089 2905 1142 2948 et
1161 2911 1279 2964 qua:
1307 2896 1356 2948 in
1381 2895 1466 2948 illa
1490 2905 1612 2948 sunt
1646 2912 1657 2948 :
1682 2894 1768 2964 qui
1800 2894 1887 2948 dat
1911 2894 2252 2964 spirationem

677 2984 869 3054 populo
898 2986 984 3055 qui
1015 2987 1063 3039 in
1095 2985 1181 3039 illa
1215 2993 1295 3038 est
1321 3026 1335 3051 ,
1368 2993 1421 3040 et
1460 2985 1699 3054 spiritum
1730 2984 2056 3039 calcantibus
2083 2999 2200 3038 eam
2236 3001 2250 3038 :

680 3077 788 3145 Ego
811 3077 1061 3130 Dominus
1095 3095 1112 3126 ι
1141 3075 1308 3146 (lsai.
1339 3076 1427 3129 42.
1461 3076 1514 3130 5.
1544 3075 1622 3144 6).
1660 3093 1678 3126 ι
1706 3077 1841 3129 Ante
1869 3089 1953 3128 me
1979 3075 2119 3130 Deus
2142 3089 2250 3128 non

673 3177 774 3234 est,
790 3177 840 3222 et
854 3177 972 3237 post
996 3183 1079 3220 me
1107 3168 1244 3220 Deus
1258 3183 1360 3220 non
1375 3175 1475 3220 est.
1496 3165 1608 3234 Ego
1624 3180 1761 3232 sum,
1779 3174 1832 3219 et
1849 3182 1952 3219 non
1974 3165 2201 3219 cstalius
2225 3181 2244 3214 ι

677 3260 829 3331 (lsai.
862 3261 949 3314 45.
980 3260 1065 3313 10.
1098 3260 1205 3328 ll).
1258 3258 1381 3312 Haec
1416 3257 1548 3312 dicit
1589 3257 1680 3326 qui
1705 3257 2043 3313 fecitcaalum
2061 3266 2244 3313 etter-

672 3365 784 3403 ram
816 3350 1127 3419 Unigenitus
1148 3390 1162 3412 ,
1185 3349 1271 3418 qui
1298 3348 1590 3403 secundum
1621 3349 1901 3402 haereticos
1928 3347 2096 3402 factus
2125 3355 2244 3413 est,

669 3449 724 3494 et
775 3449 956 3508 postea
1001 3441 1222 3494 creavit.
1251 3439 1446 3494 Verum
1501 3439 1553 3492 in
1604 3438 1940 3492 sermonibus
1987 3438 2246 3492 labiorum

667 3547 884 3585 suorum
930 3530 1330 3600 Comprehensa:
1360 3539 1432 3582 est
1462 3539 1694 3599 peccator
1737 3527 1907 3599 (Psal.
1931 3529 1984 3583 9.
2019 3531 2128 3598 17).
2161 3531 2250 3585 Ait

667 3623 852 3677 beatus
879 3621 1138 3677 Jereinias
1171 3638 1184 3675 :
1215 3619 1304 3676 Sic
1334 3619 1500 3674 dicite.
1529 3620 1896 3687 Quibusnam?
1922 3618 2242 3686 Gentilibus;

665 3711 755 3766 Dii
803 3714 888 3783 qui
943 3713 1121 3766 cerium
1168 3723 1215 3765 et
1270 3721 1453 3764 terram
1507 3728 1606 3764 non
1657 3715 1913 3780 fecerunt,
1962 3713 2246 3781 dispereunt

664 3807 726 3860 de
754 3816 887 3860 terra
913 3807 1044 3879 (Jer.
1080 3807 1166 3861 10.
1202 3807 1314 3875 11).
1345 3805 1617 3869 Dominus,
1657 3805 1754 3870 Qui
1779 3806 1894 3874 fecit
1923 3807 2070 3859 carfas
2096 3807 2147 3858 in
2171 3807 2246 3857 in-

662 3899 862 3952 tellectu
903 3899 1074 3967 (Psal.
1124 3899 1244 3952 l55.
1275 3897 1370 3967 5),
1400 3898 1512 3966 ipse
1550 3898 1687 3951 Deus
1715 3897 1862 3949 vivus
1899 3907 1953 3952 ct
1979 3912 2153 3952 verus.
2186 3897 2241 3952 Si

661 4003 820 4042 verus
842 3997 925 4042 est
953 3988 1198 4042 Deusille
1219 3987 1306 4057 qui
1337 3987 1457 4041 fecit
1483 3986 1692 4051 culum,
1717 3987 1814 4054 ipsi
1846 4002 1973 4040 vero
2004 3986 2239 4040 haeretici

659 4077 980 4132 conﬁtentur
999 4077 1190 4132 Filium
1207 4092 1325 4132 esse
1341 4093 1459 4131 eum
1478 4093 1562 4146 qui
1590 4075 1712 4131 fecit
1733 4078 1917 4130 etclam
1945 4088 1999 4132 et
2021 4088 2236 4142 terram,

659 4185 778 4238 qua:
807 4183 979 4239 pugna
1008 4183 1128 4223 cum
1157 4167 1559 4232 dieitChristus,
1593 4166 1657 4220 Ut
1685 4181 1984 4237 cognoscant
2014 4176 2058 4219 te
2077 4167 2241 4222 solum

660 4259 823 4312 Deum
843 4276 1028 4321 verum,
1049 4269 1093 4311 et
1117 4275 1259 4327 quem
1282 4259 1456 4311 misisti
1475 4239 1651 4311 Jesunt
1674 4257 1927 4311 Clu-istum
1945 4258 1995 4325 (J
2004 4275 2120 4311 oan.
2149 4260 2234 4312 17.

657 4355 738 4426 '5).
770 4353 903 4407 Cum
931 4353 1185 4407 Servatur
1212 4361 1302 4404 aut
1332 4366 1424 4420 per
1451 4351 1741 4419 prophetas
1763 4388 1777 4414 ,
1805 4359 1895 4401 aut
1919 4365 2010 4417 per
2038 4364 2096 4402 se
2125 4352 2237 4403 lucc

655 4445 893 4506 diccbat,
926 4458 1030 4497 non
1055 4443 1122 4496 ad
1150 4442 1596 4509 comparationem
1621 4455 1742 4493 cum
1768 4439 1922 4493 Patre
1955 4439 2066 4492 hzec
2096 4439 2238 4493 dice-

655 4535 740 4588 bat
759 4575 775 4602 ,
807 4533 873 4588 Ut
903 4541 1204 4604 cognoscant
1233 4543 1277 4584 te
1303 4531 1464 4585 solum
1509 4530 1672 4584 Deum
1696 4547 1716 4594 ;
1747 4530 1840 4585 sed
1869 4530 1934 4584 ad
1984 4529 2236 4586 differen-

655 4626 781 4678 tiam
810 4639 1015 4689 eorum,
1048 4624 1136 4690 qui
1170 4623 1302 4676 falso
1324 4622 1393 4676 dii
1431 4623 1783 4690 appellantur,
1810 4622 2230 4692 significandam.

654 4715 1014 4782 Quamobrem
1047 4713 1238 4767 Paulus
1285 4727 1496 4782 quoque
1535 4713 1663 4766 dicit
1697 4729 1708 4764 ε
1744 4711 1976 4766 Conversi
2020 4714 2136 4766 estis
2173 4713 2235 4765 ab

653 4811 823 4874 idolis,
851 4809 1035 4862 servire
1064 4807 1171 4860 Deo
1198 4809 1304 4858 vivo
1329 4816 1373 4859 et
1401 4822 1515 4860 vero
1546 4807 1622 4875 (l.
1653 4803 1827 4858 Thess.
1858 4805 1906 4856 l.
1938 4803 2014 4870 9).
2037 4804 2233 4858 Verum

651 4909 826 4962 vocat,
856 4908 912 4952 ut
939 4897 1099 4950 falsos
1121 4895 1360 4951 confutet
1383 4913 1396 4960 ;
1417 4895 1614 4962 vivum,
1641 4905 1695 4948 ut
1728 4904 1933 4948 mortua
1962 4895 2097 4949 idola
2129 4907 2234 4948 tra-

653 4990 831 5042 ducat.
868 4989 976 5056 Ego
1001 5003 1128 5039 vero
1155 4996 1301 5056 puto,
1333 4988 1437 5040 imo
1461 4987 1638 5056 potius
1666 4987 1849 5051 credo,
1882 4997 2116 5040 mortuos
2142 4986 2234 5040 ad-

653 5096 864 5133 versum
918 5093 1016 5132 nos
1043 5079 1232 5142 irasci,
1278 5079 1320 5130 si
1371 5077 1586 5130 audiant
1639 5091 1735 5131 nos
1781 5077 1917 5130 idola
1964 5077 2232 5146 appellare

653 5181 882 5225 mortua.
918 5169 1162 5239 lnjuriam
1185 5211 1200 5235 ,
1229 5170 1394 5230 aiunt,
1427 5169 1668 5237 irrogatis
1696 5177 1876 5220 nostro
1902 5167 2096 5221 ordini.
2125 5166 2232 5220 Nos

653 5263 849 5317 mortui
890 5277 1173 5327 vocamur,
1205 5261 1292 5329 qui
1333 5259 1617 5328 aliquando
1667 5259 1930 5311 viximus:
1963 5258 2050 5326 qui
2087 5274 2231 5311 num-

651 5366 813 5421 quam
855 5331 1063 5414 vixere,
1109 5366 1202 5403 cur
1248 5351 1440 5403 mortui
1485 5347 1861 5418 appellantur?
1894 5347 1976 5400 Dii
2015 5349 2229 5416 quieo:-

652 5448 755 5498 luut
781 5453 827 5498 et
858 5452 1043 5496 terram
1069 5458 1170 5496 non
1210 5446 1429 5511 fecerunt
1453 5482 1466 5507 ,
1499 5443 1784 5511 dispereunt
1841 5440 1969 5510 (Jer.
2001 5442 2084 5495 10.
2113 5441 2224 5511 11).

713 5606 730 5638 ί
764 5607 837 5656 sic
857 5604 1034 5663 Vatia,
1058 5601 1194 5650 Savil.
1216 5608 1284 5663 _et
1316 5607 1620 5663 omnesrttss.
1657 5597 1970 5663 Combcﬁsius
2006 5611 2125 5646 vero
2163 5610 2226 5663 ex

647 5668 944 5727 mojectura,
972 5661 1373 5728 (equinoctialem,
1395 5663 1464 5719 iu,
1490 5662 1771 5728 [tyberuann
1797 5661 2028 5710 mutavit:
2053 5673 2142 5709 nec
2165 5661 2227 5711 de

649 5726 771 5778 im
795 5726 1059 5777 mutatione
1083 5728 1317 5775 lectorem
1341 5726 1539 5772 monuit.

3850 354 3962 408 45?.

2385 448 2658 514 Dominus,
2691 449 2788 515 Qui
2813 451 2926 522 fecit
2953 451 3099 506 celos
3126 453 3178 506 in
3199 452 3449 508 intellectu
3477 451 3698 526 (Psalm.
3727 453 3849 508 155.
3880 452 3957 523 5),

2382 538 2495 606 ipse
2537 539 2687 592 vivus
2729 539 2866 594 Deus
2895 549 2950 596 et
2977 555 3155 596 verus.
3189 543 3316 610 Quis
3343 551 3424 597 est
3451 543 3638 596 vivus?
3682 541 3784 608 Qui
3832 540 3960 596 fecit

2378 628 2584 683 caelum.
2617 627 2752 684 Num
2779 639 2920 685 stant
2953 630 3324 686 haereticorum
3368 631 3749 687 deﬁnitiones?
3777 648 3958 688 annon

2377 718 2518 773 eadit
2543 734 2727 774 eorum
2756 721 3035 790 impietas?
3065 736 3239 777 annon
3285 723 3621 794 redarguitur
3645 740 3836 780 eorum
3869 741 3956 780 rc-

2378 809 2537 880 ligio?
2585 826 2759 864 annon
2806 811 3116 866 dissolvitur
3163 813 3762 882 pravitas?Conditoris
3792 829 3955 885 opera

2376 902 2828 970 comprehendere
2860 919 2964 957 non
2996 913 3147 972 potes
3171 945 3186 968 ,
3218 913 3272 959 ct
3299 905 3569 959 Artificem
3618 907 3836 960 curiose
3882 909 3958 962 in-

2377 994 2541 1062 quiris
2571 1002 2622 1048 et
2647 994 2927 1061 exploras?
2952 994 3087 1061 Quid
3117 995 3309 1048 clamat
3334 995 3537 1049 David?
3569 996 3734 1063 Quam
3767 999 3959 1063 magni-

2375 1085 2525 1154 βίαια
2550 1095 2665 1139 sunt
2695 1102 2848 1155 opera
2877 1096 2964 1138 tua
2989 1125 3004 1149 ,
3029 1087 3276 1140 Domine!
3309 1085 3490 1140 Omnia
3520 1088 3570 1140 in
3595 1089 3854 1156 sapientia
3881 1094 3957 1159 fe-

2375 1177 2485 1228 cisti
2517 1175 2740 1239 (Psalm.
2772 1177 2894 1231 103.
2921 1176 3033 1242 24).
3071 1177 3346 1246 Pr0phet:e
3376 1193 3540 1245 opera
3570 1180 3921 1249 magnificam
3941 1223 3957 1245 ,

2375 1264 2607 1320 lueretiei
2653 1266 2906 1334 Opificem
2945 1267 3211 1320 minuunt.
3258 1267 3474 1337 Magnus
3519 1269 3605 1324 ille
3647 1271 3881 1325 consilio
3905 1280 3958 1324 et

2377 1367 2560 1425 potens
2583 1358 2830 1425 operibus
2851 1399 2863 1420 ,
2888 1359 2976 1427 qui
2999 1361 3184 1413 cmlum
3214 1358 3457 1415 formavit
3483 1371 3533 1415 et
3556 1362 3667 1415 fixit
3689 1377 3752 1417 ex
3777 1361 3958 1430 aquis;

2375 1465 2478 1500 nou
2510 1449 2648 1500 enim
2689 1464 2716 1500 a
2759 1449 3013 1502 miraculo
3044 1450 3292 1504 abscedo.
3328 1451 3402 1504 Ex
3430 1453 3583 1520 aquis
3635 1463 3959 1506 concretum

2373 1549 2488 1602 est,
2518 1550 2570 1595 et
2608 1556 2797 1610 aquam
2837 1551 3052 1611 gestat:
3099 1557 3162 1597 ex
3207 1543 3358 1612 aquis
3388 1552 3690 1597 concretum
3737 1553 3860 1605 est,
3905 1553 3958 1596 et

2373 1634 2622 1702 abyssum
2649 1642 2822 1702 gestat
2851 1652 2865 1698 ;
2899 1633 3114 1688 omnino
3143 1644 3317 1686 autem
3345 1633 3586 1702 exemplo
3614 1635 3775 1688 lueret
3801 1675 3814 1694 ,
3854 1649 3958 1685 Im-

2374 1739 2492 1776 vnm
2515 1765 2530 1789 ,
2560 1724 2774 1792 inquam
2801 1764 2815 1790 ,
2849 1723 2951 1777 hoc
2994 1724 3328 1778 miraculum.
3372 1723 3612 1777 Vidistin’
3647 1723 3860 1777 tabulas
3888 1724 3958 1776 ab

2371 1829 2506 1883 aqua
2541 1823 2800 1884 gestatas,
2850 1824 2903 1868 et
2931 1813 3158 1883 desuper
3191 1815 3364 1868 nivem
3405 1813 3650 1882 gestare?
3681 1812 3872 1866 Hiems
3903 1813 3955 1866 id

2370 1903 2516 1970 fecit,
2549 1915 2602 1959 et
2629 1905 2766 1960 Deus
2790 1919 2894 1959 non
2925 1905 3112 1960 faciet?
3136 1904 3285 1961 Fecit
3312 1906 3521 1969 cadum,
3555 1919 3659 1960 non
3689 1913 3739 1959 ut
3768 1904 3957 1974 Spbar-

2371 2012 2482 2052 ram
2533 1997 2645 2067 (α),
2695 2008 2750 2051 ut
2793 1997 3232 2068 philosophantur
3257 2012 3484 2067 nugaces
3515 1997 3610 2052 illi.
3643 1996 3752 2052 Non
3800 1997 3954 2051 enim

2369 2089 2631 2158 sphaaram
2661 2089 2782 2144 fecit
2811 2104 2928 2159 quae
2955 2090 3212 2145 volvatur.
3241 2089 3460 2153 Verum,
3491 2099 3547 2144 ut
3574 2088 3953 2157 aitpropheta,

2369 2183 2448 2238 sol
2471 2182 2737 2252 quomodo
2765 2182 2974 2238 currit?
3000 2183 3098 2247 Qui
3117 2183 3291 2236 statuit
3315 2183 3492 2235 cazluni
3517 2183 3642 2235 sicut
3671 2181 3953 2250 fornicem,

2368 2285 2414 2331 et
2455 2278 2675 2331 extendit
2728 2278 2857 2332 illud
2895 2279 3026 2333 velut
3069 2280 3444 2333 tabernaculum
3488 2279 3655 2349 (Isai.
3687 2280 3772 2334 40.
3806 2279 3948 2346 22).

2367 2367 2533 2422 Nemo
2561 2379 2798 2422 nostrum
2833 2371 2900 2423 ita
2929 2369 3119 2439 impius
3139 2379 3221 2424 est
3250 2379 3307 2424 ut
3335 2370 3618 2440 nugacibus
3649 2370 3750 2424 illis
3781 2369 3951 2423 fidem

2367 2461 2580 2516 habeat.
2614 2463 2894 2532 Pmphela:
2915 2463 3095 2517 dicunt
3123 2463 3308 2517 cadum
3340 2463 3546 2516 initium
3577 2473 3630 2517 et
3656 2462 3818 2514 finem
3852 2461 3952 2514 lia-

2366 2552 2511 2608 bere.
2535 2553 2659 2608 Ideo
2685 2554 2762 2609 sol
2796 2569 2898 2607 non
2922 2553 3182 2618 ascendit,
3213 2552 3306 2608 sed
3337 2554 3596 2622 procedit.
3626 2553 3759 2606 Dicit
3789 2551 3950 2606 Scri-

2365 2657 2518 2718 ptura
2550 2666 2562 2702 :
2597 2649 2692 2703 Sol
2717 2665 2941 2719 egressus
2969 2659 3041 2702 est
3070 2665 3220 2718 super
3249 2659 3433 2702 terram
3451 2689 3467 2714 ,
3494 2658 3539 2702 et
3561 2646 3654 2700 Lot
3680 2649 3949 2716 ingressus

2363 2747 2433 2792 est
2460 2740 2510 2790 in
2538 2738 2700 2808 Segor
2726 2738 2889 2809 (Gen.
2926 2739 3012 2794 19.
3041 2739 3166 2809 25).
3216 2739 3400 2794 Palam
3431 2753 3558 2808 ergo
3586 2747 3666 2793 est
3692 2754 3757 2793 ex
3789 2739 3950 2794 Scri-

2364 2837 2515 2896 ptura
2545 2829 2712 2882 solem
2746 2844 3017 2899 egressum
3047 2844 3187 2895 esse,
3219 2845 3327 2885 non
3355 2828 3656 2904 ascendisse
3683 2847 3697 2883 :
3728 2845 3796 2886 ac
3823 2844 3952 2887 rur-

2362 2937 2502 2984 sum,
2532 2923 2572 2976 Α
2598 2939 2794 2976 summo
2817 2924 2940 2977 cazlo
2961 2925 3177 2994 egressio
3196 2923 3305 2993 ejus
3335 2922 3501 2994 (Psal.
3533 2924 3618 2979 18.
3641 2924 3715 2994 7),
3740 2923 3950 2995 inquit,

2361 3029 2466 3067 non
2513 3028 2785 3068 ascensus.
2831 3014 2884 3069 Si
2911 3015 3115 3084 spluera
3157 3024 3269 3081 est,
3309 3030 3573 3070 summum
3617 3031 3721 3070 non
3748 3015 3945 3073 habet.

2359 3105 2509 3172 Quod
2542 3107 2686 3160 enim
2716 3107 2951 3176 undique
2979 3107 3261 3162 rotundum
3294 3117 3394 3174 est,
3426 3107 3633 3162 ubinam
3661 3122 3946 3162 summum

2357 3198 2557 3252 habet?
2587 3198 2720 3252 Num
2750 3214 2878 3268 ergo
2898 3199 3042 3253 solus
3070 3199 3232 3253 David
3261 3197 3420 3263 dicit,
3449 3213 3514 3252 an
3542 3201 3696 3253 etiam
3733 3198 3946 3252 Serva-

2357 3292 2478 3345 tur?
2508 3291 2641 3345 Audi
2665 3292 2835 3360 ipsum
2863 3291 3163 3345 dicentem:
3197 3309 3214 3342 ι
3246 3291 3377 3346 Cum
3411 3291 3612 3345 venerit
3637 3289 3806 3342 Filius
3842 3290 3949 3344 bo-

2357 3384 2514 3437 minis
2540 3385 2590 3437 iu
2613 3383 2888 3451 majestate
2918 3395 3034 3448 sua,
3066 3384 3238 3436 mittet
3261 3381 3477 3451 angelos
3507 3395 3630 3434 suos
3654 3395 3773 3434 cum
3813 3383 3945 3435 tuba

2354 3485 2408 3529 et
2435 3490 2564 3529 voce
2587 3489 2773 3544 magna
2795 3515 2808 3539 ,
2847 3485 2900 3528 et
2925 3473 3316 3543 congregabunt
3341 3473 3538 3527 electos
3564 3473 3675 3540 ejus
3709 3489 3740 3526 a
3780 3488 3945 3527 sum-

2354 3583 2439 3622 mo
2469 3569 2600 3622 cazlo
2631 3581 2796 3635 usque
2821 3565 2884 3620 ad
2912 3579 3175 3620 summum
3205 3563 3390 3618 cauum
3417 3562 3657 3633 »(Μαιυι.
3690 3562 3781 3616 2t.
3819 3564 3942 3634 5t).

2425 3663 2479 3716 5.
2513 3659 2698 3714 Futilis
2721 3657 2978 3712 Seueriani
3001 3657 3294 3726 sphwricant
3314 3656 3446 3709 orbis
3465 3660 3677 3725 formam
3700 3660 3947 3726 negantis

2349 3752 2541 3819 opinio.
2594 3781 2663 3791 ——
2701 3750 2994 3817 Qumrimus
3040 3757 3216 3803 autem
3281 3748 3368 3802 ubi
3434 3748 3513 3800 sol
3559 3747 3810 3813 occidat,
3887 3759 3946 3804 et

2349 3846 2434 3900 ubi
2465 3855 2622 3899 noctu
2649 3853 2846 3897 currat.
2891 3841 3194 3897 Secundum
3241 3849 3454 3894 exteros
3494 3840 3593 3894 sub
3641 3848 3820 3905 terra;
3853 3855 3947 3896 se-

2348 3935 2578 3989 cundum
2630 3949 2727 3988 nos
2770 3942 2984 3996 autem,
3014 3932 3102 4001 qui
3151 3931 3336 3986 cadum
3383 3931 3778 3986 tabernaculum
3811 3946 3944 3987 esse

2347 4029 2569 4082 dicimus
2589 4070 2604 4093 ,
2631 4028 2922 4096 quidnam?
2962 4028 3210 4081 Animum
3230 4025 3442 4092 adhibe,
3473 4040 3672 4094 quasso,
3703 4039 3840 4077 nun)
3870 4031 3945 4080 sit

2347 4119 2474 4172 falsa
2519 4118 2824 4172 sententia:
2856 4116 2948 4172 sed
2975 4118 3019 4171 si
3072 4116 3267 4171 habeas
3311 4116 3636 4186 signaculum
3679 4115 3940 4170 veritatis

2347 4209 2649 4262 testimonio
2698 4207 3004 4272 firmatum,
3055 4207 3328 4262 concurrit
3367 4221 3486 4260 cum
3533 4204 3715 4274 phrasi
3757 4215 3821 4260 et
3852 4207 3940 4261 lo-

2342 4314 2458 4354 cus.
2505 4300 2685 4370 COgita
2728 4301 3112 4369 supcrpositam
3168 4299 3425 4352 fornicem
3473 4298 3565 4366 (b).
3612 4295 3810 4352 Oriens
3845 4298 3939 4355 hic

2343 4401 2457 4457 est,
2489 4401 2544 4445 ut
2576 4393 2738 4461 figura
2769 4392 3119 4460 exprimitur:
3169 4389 3460 4459 septentrio
3489 4404 3614 4444 vero
3669 4387 3782 4444 illic
3809 4432 3826 4456 ,
3861 4407 3938 4446 ex

2347 4484 2592 4552 opposito
2621 4483 2870 4537 meridies
2894 4522 2908 4542 ,
2943 4482 3050 4536 illic
3091 4480 3364 4535 occidens.
3395 4478 3487 4536 Sol
3515 4480 3695 4534 oriens
3715 4495 3849 4535 cum
3882 4483 3938 4536 iu

2341 4590 2587 4630 occasum
2618 4574 2784 4643 vergit
2805 4615 2818 4638 ,
2844 4589 2947 4626 non
2990 4572 3088 4627 sub
3118 4581 3257 4626 terra
3287 4571 3514 4636 occidit,
3551 4569 3644 4626 sed
3667 4585 3936 4639 egressus

2341 4669 2405 4723 ad
2433 4669 2547 4722 caeli
2572 4667 2703 4721 fines
2728 4709 2741 4730 ,
2773 4676 2950 4735 partes
2971 4664 3211 4720 boreales
3256 4665 3516 4733 percurrit
3540 4703 3553 4726 ,
3585 4663 3735 4732 quasi
3767 4679 3938 4718 muro

2339 4761 2565 4831 quodam
2597 4760 2908 4824 occultatus,
2941 4759 3090 4827 aquis
3117 4773 3221 4810 non
3250 4755 3549 4810 sinentibus
3573 4766 3628 4808 ut
3655 4755 3774 4823 ejus
3799 4772 3935 4811 cur—

2340 4871 2431 4909 sus
2479 4863 2768 4924 appareat,
2801 4854 3074 4920 curritque
3116 4865 3213 4918 per
3242 4859 3420 4918 partes
3462 4847 3739 4912 boreales,
3769 4859 3833 4901 et
3865 4850 3934 4902 ad

2339 4953 2597 5005 orientem
2624 4948 2785 5000 venit.
2829 4944 3103 4999 Undenam
3131 4942 3234 4996 hoc
3260 4941 3430 5010 palam
3457 4940 3581 4996 est?
3609 4941 3699 4994 Ait
3731 4940 3932 4995 beatus

2339 5045 2592 5099 Salomon
2632 5042 2682 5094 in
2712 5037 3066 5094 Ecclesiaste.
3100 5050 3219 5103 qure
3255 5041 3338 5088 est
3367 5033 3626 5102 scriptura
3657 5043 3828 5087 certae
3865 5033 3930 5087 ﬁ-

2337 5138 2460 5202 dei,
2520 5150 2623 5187 non
2673 5132 2965 5186 adulterata
2998 5145 3010 5180 :
3045 5127 3220 5180 Oritur
3243 5167 3259 5192 ,
3291 5126 3460 5196 inquit
3482 5167 3497 5192 ,
3525 5128 3602 5180 sol
3621 5169 3634 5191 ,
3664 5137 3712 5179 et
3738 5129 3931 5178 occidit

2337 5230 2430 5281 sol.
2475 5227 2654 5280 Oriens
2702 5223 2863 5291 pergit
2901 5221 2970 5272 ad
2997 5231 3254 5281 austrum,
3287 5228 3332 5272 et
3359 5218 3537 5271 circuit
3568 5220 3634 5270 ad
3676 5218 3924 5271 boream:

2335 5319 2510 5372 circuit
2538 5313 2893 5369 circumeundo
2914 5353 2928 5376 ,
2959 5320 3002 5364 et
3025 5312 3077 5364 in
3105 5312 3214 5364 loco
3237 5326 3328 5365 suo
3367 5312 3526 5364 oritur
3546 5307 3746 5374 (Eccie.
3767 5308 3825 5362 1.
3845 5311 3904 5378 5)

2422 5473 2471 5532 (ι)
2505 5470 2628 5518 Vide
2653 5468 2871 5532 Cosmam
2895 5465 3168 5532 Egyptium
3193 5478 3239 5526 p.
3264 5464 3371 5513 335.
3486 5526 3495 5532 _
3743 5521 3755 5532 ‘
3878 5526 3886 5532 _

2408 5475 2450 5519 τα
2505 5473 2628 5518 Vide
2653 5473 2871 5517 Cosmam
2895 5473 3168 5527 ASgyptium
3193 5478 3239 5526 p.
3264 5473 3371 5513 δῦ.
3878 5526 3886 5532 _

2408 5473 2472 5594 ibi
2509 5541 2573 5579 De
2597 5531 2825 5591 Opinione
2849 5527 3163 5594 quorumdam
3196 5535 3422 5594 veterum
3455 5526 3579 5594 circa
3613 5521 3850 5594 mundum
3876 5539 3921 5594 in

2333 5586 2527 5643 fornicis
2550 5586 2736 5639 morem
2760 5586 2992 5637 structum
3031 5590 3140 5637 vide
3176 5600 3287 5650 quae
3322 5586 3530 5650 diximus
3565 5587 3615 5634 iu
3635 5586 3829 5650 alonim
3861 5587 3919 5634 ad

2334 5657 2570 5706 Cosmam.
2596 5652 2687 5700 Sed
2715 5652 2816 5699 hrec
2843 5649 3058 5712 pluribus
3097 5643 3339 5712 agitantur
3362 5646 3583 5712 aggsma
3618 5643 3846 5706 [Egyptio
3871 5661 3918 5695 tu

2336 5714 2663 5779 't‘opographia
2688 5725 2789 5773 sua,
2815 5707 2956 5776 quam
2983 5707 3220 5761 edidimus
3242 5721 3366 5758 anno
3392 5707 3526 5760 1700.
