4158 6320
696 360 809 417 453

695 456 793 510 καὶ
811 452 995 523 τρέχει
1015 449 1156 505 κατὰ
1177 447 1402 522 βορῤινά
1425 448 1566 521 μέρη
1591 487 1607 512 ,
1628 447 1724 502 καὶ
1744 445 2156 517 καταλαμϐάνει
2186 447 2286 516 τήν

695 535 984 606 ἀνατολήν.
1021 534 1129 587 Καὶ
1162 534 1324 586 πόθεν
1363 533 1522 587 τοῦτο
1549 531 1742 601 δῆλον;
1771 531 1935 599 Λέγει
1961 533 1988 582 6
2020 529 2288 600 μακάριος

697 619 951 689 Σολομὼν
976 619 1032 670 ὲν
1059 617 1135 685 τῷ
1173 617 1577 686 Ἐκκλησιαστῇ
1599 632 1612 645 ο
1636 613 1822 686 γραφή
1841 613 1897 666 δέ
1923 615 2037 666 ἐστι
2079 629 2285 683 μεμαρ·

696 703 999 774 τυρημένη.
1027 702 1087 753 οὑ
1127 701 1604 771 παραγραφομένη
1630 715 1642 726 ·
1690 698 2056 761 Ἀνατέ.1.2ει,
2102 698 2288 766 φησὶν,

699 791 732 840 ό
755 786 949 853 ἣλιος,
978 783 1078 836 καὶ
1107 783 1274 836 δύνει
1293 787 1324 837 ό
1354 783 1548 849 ἣλιος.
1584 780 1960 835 Ἀνατέλλων
1979 782 2289 848 πορεύεται

697 871 785 936 εἰς
823 869 1028 931 δύσιν,
1070 866 1172 920 καὶ
1218 866 1440 920 κυκλοῖ
1466 865 1616 933 πρὸς
1636 863 1873 932 ,βορῤιῖν
1897 882 1910 896 ο
1934 862 2156 916 κυκλοῖ
2186 881 2290 917 κυ-

697 951 882 1014 κλῶν,
915 953 1016 1004 καί
1045 954 1133 1016 εἰς
1174 949 1280 1003 τὸν
1313 950 1503 1002 τόπον
1525 949 1713 1001 αὑτοῦ
1746 946 2086 1002 ἀνατέλλει.
2134 947 2290 999 Κατὰ

701 1034 1052 1105 μεσημϐρίαν
1109 1037 1407 1103 τρέχοντα.
1457 1031 1550 1084 καὶ
1591 1032 1682 1082 τὸν
1734 1030 1936 1100 βορρᾶν
1987 1028 2290 1081 κυκλοῦντα

698 1116 884 1170 λοιπὸν
915 1115 1052 1186 μάθε
1098 1117 1156 1167 ὲν
1189 1120 1255 1186 τῇ
1284 1115 1378 1169 τοῦ
1414 1114 1683 1185 χειμῶνος
1712 1114 2076 1167 καταστάσει·
2103 1111 2289 1182 ἐπειδὴ

698 1203 798 1254 οὑκ
847 1201 954 1253 ἀπὸ
988 1201 1159 1271 μέσης
1190 1203 1287 1270 τῆς
1320 1199 1586 1268 ἀνατολῆς
1629 1198 1931 1259 ἀνατέλλει,
1977 1195 2114 1250 ἀλλά
2162 1195 2290 1266 περὶ

699 1283 765 1336 τὸ
803 1283 975 1353 κλίμα
1000 1285 1101 1350 τῆς
1135 1281 1488 1353 μεσημϐρίας
1523 1281 1834 1350 πλαγιάζει,
1868 1281 1963 1334 καὶ
1995 1280 2176 1346 ὀλίγον
2201 1295 2289 1330 τε-

701 1367 818 1437 μὼν
849 1366 1145 1434 διάστημα,
1195 1367 1341 1417 ποιεῖ
1379 1363 1584 1436 μικρὰν
1618 1365 1833 1435 ἡμέραν
1854 1380 1866 1392 ’
1896 1363 2062 1426 δύσας
2103 1362 2160 1414 δὲ
2197 1361 2290 1414 καὶ

700 1450 868 1504 πάλιν
895 1447 1095 1502 κύκλον
1131 1447 1365 1518 τρέχων,
1413 1450 1558 1501 ποιεῖ
1603 1447 1822 1518 μακράν
1853 1446 2043 1500 νύκτα.
2075 1446 2286 1515 Ἰσμεν,

700 1532 942 1601 ἀδελφοὶ,
974 1532 1055 1584 ὃτι
1082 1532 1109 1583 6
1137 1530 1289 1602 ἥλιος
1327 1531 1388 1583 οὑ
1433 1532 1650 1594 πάντως
1681 1531 1790 1583 ἀπὸ
1833 1529 1926 1583 τοῦ
1967 1528 2134 1582 αὑτοῦ
2167 1527 2291 1581 κένο

699 1633 828 1686 τρου
853 1616 1201 1686 προέρχεται.
1233 1615 1358 1677 Πῶς
1381 1609 1474 1667 οὖν
1492 1613 1730 1680 γίνονται
1755 1615 1951 1684 μικραὶ⁵
1969 1615 2024 1668 αἱ
2052 1611 2158 1683 ήμέ
2169 1628 2286 1683 ραι;

700 1698 999 1770 Πλησιάζει
1033 1698 1201 1752 αὑτοῦ
1229 1701 1262 1770 ἡ
1303 1698 1538 1768 ἀνατολὴ
1582 1698 1661 1769 τῷ
1689 1699 1912 1767 κλίματι
1939 1697 2040 1767 τῆς
2077 1713 2291 1766 μεσημ-

701 1783 861 1856 ϐρίας
879 1799 892 1814 ·
927 1777 1044 1836 εἶτα
1079 1782 1139 1834 οὑ
1181 1781 1281 1852 τὴν
1319 1781 1529 1852 ὑψηλὴν
1551 1781 1742 1845 ἐλθὼν,
1766 1781 1902 1834 ἀλλά
1929 1780 2028 1850 τὴν
2055 1779 2289 1846 πλαγίαν

702 1864 1007 1936 συντεμὼν,
1031 1865 1360 1936 τάςὴμέρας
1395 1867 1541 1918 ποιεῖ
1570 1865 1794 1936 μικράς.
1822 1863 2000 1926 Δύσας
2031 1862 2088 1915 δὲ
2123 1863 2202 1925 είς
2230 1861 2291 1914 τὸ

703 1950 876 2019 ἀκρον
915 1948 1013 2017 τῆς
1047 1947 1274 2011 δύσεως,
1299 1948 1548 2019 ἀνάγκην
1593 1948 1706 2018 ἔχει
1738 1945 2034 2000 κυκλεύσαι
2074 1945 2160 1998 διὰ
2188 1945 2290 2013 τῆς

708 2030 902 2093 νυκτὸς
915 2030 1067 2084 δύσιν
1088 2030 1219 2102 ὅλην
1234 2031 1330 2084 καὶ
1347 2032 1549 2102 ἄρκτον
1560 2031 1708 2100 ὃλην,
1733 2031 1826 2083 καὶ
1851 2028 2118 2099 ἀνατολὴν
2139 2027 2288 2096 ὃλην,

703 2116 800 2169 καὶ
827 2113 1029 2184 φθάσαι
1048 2116 1141 2168 ἐπὶ
1167 2114 1228 2168 τὸ
1245 2114 1415 2186 ἀκρον
1435 2115 1534 2185 τῆς
1554 2113 1902 2186 μεσημϐρίας
1919 2129 1932 2144 ⁸
1964 2113 2058 2166 καὶ
2075 2111 2290 2180 ἀνάγκη

705 2197 948 2269 μεγάλην
979 2197 1232 2264 γενέσθαι
1260 2198 1361 2268 τὴν
1391 2195 1584 2250 νύκτα.
1620 2196 1791 2249 Ὅταν
1815 2197 1998 2267 μέντοι
2020 2194 2290 2262 ἐξισοῦται

701 2283 780 2352 τῷ
801 2282 988 2352 μήκει,
1018 2282 1113 2333 καὶ
1147 2281 1259 2334 ἴσον
1284 2280 1435 2351 βῆμα
1469 2279 1589 2353 ἔχῃ,
1620 2281 1910 2351 ἰσημερίαν
1935 2281 2098 2334 ποιεῖ.
2125 2277 2294 2332 Πάλιν

703 2364 890 2427 κλίνας
912 2363 1053 2418 κατὰ
1073 2363 1164 2416 τὸν
1185 2361 1461 2434 βορῤᾶ[ν],
1492 2363 1680 2432 ὥσπερ
1698 2361 1963 2432 χειμῶνος
1981 2364 2060 2425 είς
2082 2379 2295 2432 μεσημ-

707 2447 891 2519 ϐρίαν,
924 2446 1022 2500 καὶ
1055 2447 1135 2510 είς
1173 2446 1243 2499 τά
1266 2447 1411 2516 ἄκρα
1447 2447 1542 2498 τοῦ
1578 2446 1751 2516 βορρᾶ
1783 2444 2112 2508 ἀναϐαίνων,
2139 2445 2298 2512 ὑψοῦ-

702 2546 795 2584 ται
831 2529 926 2582 καὶ
956 2529 1199 2600 μεγάλην
1225 2531 1370 2581 ποιεῖ
1392 2527 1490 2598 τὴν
1511 2529 1731 2600 ἡμέραν
1750 2544 1764 2558 ο
1807 2529 1985 2595 ὀλίγον
2009 2527 2066 2580 δὲ
2099 2528 2294 2598 μικρὸν

704 2613 846 2684 ἔχων
869 2614 959 2666 τὸν
991 2612 1212 2673 κύκλον,
1247 2611 1450 2682 μικράν
1489 2615 1630 2665 ποιεῖ
1659 2613 1758 2679 τὴν
1789 2611 1979 2664 νύκτα.
2007 2612 2082 2664 Οὐ
2109 2611 2296 2674 παῖδες

717 2696 986 2768 Ἑλλήνων
1019 2695 1266 2759 ἐδίδαξαν
1291 2696 1439 2765 ἡμᾶς
1466 2694 1640 2746 ταῦτα
1657 2709 1670 2721 θ
1703 2693 1823 2746 οὑδὲ
1858 2693 1970 2764 γὰρ
1988 2693 2148 2747 τοῦτο
2172 2693 2296 2761 βού-

708 2781 893 2833 λονται
914 2798 926 2810 ·
960 2779 1076 2833 ἀλλ’
1103 2777 1210 2830 ὑπὸ
1234 2779 1334 2847 τὴν
1362 2775 1470 2844 γῆν
1505 2794 1638 2842 φασι
1662 2776 1876 2845 τρέχειν
1907 2777 1974 2828 τὰ
1997 2777 2174 2846 ἄστρα
2202 2779 2298 2829 καὶ

707 2863 801 2915 τὸν
824 2861 996 2932 ἥλιον.
1043 2860 1107 2913 Ἡ
1135 2860 1172 2912 Γ
1181 2859 1326 2931 ραφὴ
1355 2858 1412 2910 δὲ
1445 2858 1626 2929 ήμῶν,
1661 2860 1694 2928 ἡ
1745 2858 1867 2911 θεία
1891 2857 2229 2920 διδάσκαλος,
2262 2859 2295 2928 ή

708 2946 900 3018 Γραφή
934 2943 1082 3016 ἡμᾶς
1140 2940 1409 3004 παιδεύει,
1457 2941 1701 3009 φωτίζει.
1752 2937 1884 2992 Εἶτα
1937 2941 2160 3011 ἐποίησε
2208 2942 2298 2994 τὸν

704 3029 879 3097 ἥλιον,
915 3026 1259 3079 ἀδιάλειπτον
1293 3024 1576 3094 φωστῆρα,
1608 3022 1706 3095 τὴν
1742 3022 1995 3093 σελήνην,
2025 3024 2121 3076 καὶ
2149 3024 2286 3076 άπο-

710 3111 978 3181 δυομένην
1005 3111 1065 3161 τὸ
1096 3106 1251 3181 μοι]
1278 3106 1497 3169 κάλλος,
1530 3106 1624 3160 καὶ
1647 3105 2092 3176 άμφιεννυμένην
2112 3107 2293 3163 πάλιν.

707 3193 962 3246 Δείκνυσι
1004 3191 1058 3244 δὲ
1104 3190 1170 3242 τὸ
1212 3190 1373 3260 ἔργον
1424 3190 1516 3242 τὸν
1560 3189 1831 3258 τεχνίτην.
1895 3189 2219 3259 Ἀνεκλιπὴς
2270 3192 2298 3242 6

708 3276 985 3348 τεχνίτης,
1008 3275 1179 3328 ἀΐδιον
1206 3275 1268 3326 τὸ
1289 3274 1468 3344 ἔργον.
1501 3274 1575 3325 Οὐ
1602 3273 1711 3341 γάρ
1737 3272 2084 3325 ἀναλίσκεται
2104 3274 2164 3325 τὺ
2185 3272 2298 3341 φῶς
2340 3284 2346 3290 ’

711 3362 813 3432 τῆς
845 3361 1098 3429 σελήνης,
1141 3358 1277 3411 ἀλλά
1309 3358 1635 3429 κρύπτεται.
1667 3357 1879 3410 Γίνεται
1908 3356 1965 3409 δὲ
1995 3358 2088 3410 καὶ
2137 3357 2298 3409 εἰκὼν

708 3445 867 3515 ήμῶν
896 3443 1004 3496 τῶν
1034 3442 1245 3512 θνητῶν
1276 3441 1602 3512 ἀνθρώπων.
1638 3441 1916 3510 Ἐννόησον
1937 3441 2137 3503 πόσους
2165 3441 2297 3493 αἰῶ-

709 3546 805 3591 νας
840 3526 952 3596 εχει
996 3525 1383 3579 ἀνατέλλουσα.
1435 3524 1544 3576 Καὶ
1584 3524 1677 3576 ὲάν
1783 3522 1996 3593 πρώτη,
2032 3522 2296 3592 λέγομεν·

711 3612 960 3680 Σήμερον
1005 3609 1259 3676 γεννᾶται
1299 3609 1332 3677 ή
1385 3607 1602 3675 σελήνη.
1644 3605 1830 3669 Διατί;
1884 3605 2103 3674 Ἐπειδὴ
2138 3604 2299 3657 εἰκών

711 3695 828 3746 ἐστι
852 3692 961 3746 τῶν
992 3691 1276 3762 ἡμετέρων
1304 3690 1593 3759 σωμάτων.
1635 3689 1918 3749 Γεννᾶται,
1943 3686 2115 3750 αὔξει,
2161 3687 2298 3758 πλη-

714 3777 926 3847 ροῦται,
956 3773 1294 3836 ἐλαττοῦται,
1323 3772 1594 3843 μειοῦται,
1625 3771 1767 3824 δύνει
1789 3787 1802 3800 ο
1833 3771 2019 3839 ἐπειδὴ
2037 3771 2300 3840 καὶήμεῖς

711 3859 1054 3930 γεννώμεθα,
1079 3856 1408 3927 αὑξάνομεν,
1432 3854 1814 3926 πληρούμεθα,
1838 3853 2298 3924 παρακμάζομεν,

713 3943 975 4014 λήγομεν,
1019 3940 1307 4012 γηρῶμεν,
1356 3938 1796 4008 ἀποθνήσκομεν,
1847 3937 2095 4007 δύνομεν.
2141 3935 2300 3988 Ἀλλά

713 4028 877 4082 πάλιν
907 4027 1185 4096 γεννᾶται,
1219 4021 1408 4092 ἐπειδὴ
1449 4023 1543 4076 καὶ
1580 4023 1740 4092 ἡμεῖς
1789 4020 2055 4091 μέλλομεν
2087 4019 2300 4072 ἀνίστα-

715 4111 863 4175 σθαι,
884 4111 980 4164 καλ⁸
1011 4109 1162 4181 μένει
1182 4109 1332 4179 ἡμᾶς
1360 4106 1611 4176 γέννησις
1637 4105 1794 4174 άλλη.
1820 4104 1919 4156 Διὰ
1943 4103 2099 4156 τοῦτο
2128 4106 2155 4156 6
2191 4105 2300 4157 Σω-

714 4194 820 4266 τὴρ
850 4192 1172 4264 βουλόμενος
1187 4189 1377 4253 δεῖξαι,
1410 4190 1490 4240 ὃτι
1506 4189 1580 4250 ὡς
1604 4186 1970 4257 ἐγεννήθημεν
1992 4181 2116 4250 ὦδε,
2142 4186 2300 4239 πάλιν

715 4273 1054 4344 γεννώμεθα,
1077 4271 1259 4339 λέγει·
1287 4272 1473 4324 Ὅταν
1487 4272 1634 4336 ἔλθῃ
1651 4273 1681 4322 ό
1709 4271 1838 4329 Υἱὸς
1858 4269 1964 4322 τοῦ
1987 4268 2300 4336 ἀνθρώπου

714 4361 787 4413 ἐν
818 4355 892 4426 τῇ
920 4354 1374 4424 παλιγγενεσία.
1425 4353 1720 4420 Ἐγγυᾶται
1746 4353 1779 4420 ἠ
1809 4350 2006 4421 σελήνη
2041 4353 2140 4419 τὴν
2173 4352 2303 4404 ἀνά-

717 4457 929 4494 στασιν.
968 4438 1125 4508 Ἐμὲ,
1148 4437 1304 4508 φησὶ,
1333 4435 1560 4506 βλέπετε
1585 4433 1993 4504 κρυπτομένην,
2023 4435 2118 4486 καὶ
2141 4433 2303 4486 πάλιν

717 4521 1073 4594 φαινομένην,
1107 4521 1201 4575 καὶ
1231 4517 1607 4588 ἀπαγορεύετε
1641 4517 1795 4587 ὑμῶν
1823 4516 1920 4579 τάς
1955 4515 2205 4580 ὲλπίδας;
2246 4516 2303 4568 '0

716 4610 866 4678 ἥλιος
899 4607 958 4659 οὑ
986 4606 1052 4660 δι’
1103 4605 1248 4676 ἡμᾶς
1281 4603 1535 4671 ὲγένετο;
1561 4603 1595 4672 ή
1622 4600 1821 4671 σελήνη
1851 4602 1909 4653 οὑ
1940 4599 2004 4652 δι’
2037 4601 2212 4671 ήμᾶς;
2236 4599 2305 4652 τά

718 4689 991 4758 γενόμενα
1028 4688 1240 4752 πάντας
1293 4686 1360 4738 Τί
1386 4686 1496 4756 γάρ
1529 4685 1630 4738 οὑκ
1676 4686 1943 4753 ἐγγυᾶται
2002 4682 2159 4755 ήμῶν
2204 4683 2299 4753 τὴν

719 4772 1052 4837 ἀνάστασιν;
1096 4771 1159 4823 'H
1205 4769 1302 4835 νὺξ
1353 4770 1455 4822 οὑκ
1494 4768 1641 4820 ἐστιν
1688 4766 1851 4820 εἰκὼν
1895 4765 1988 4818 τοῦ
2037 4766 2302 4830 θανάτους

722 4857 1025 4926 Ἐρῤιπται
1057 4854 1126 4906 τά
1177 4852 1404 4923 σώματα
1455 4852 1560 4904 ὑπὸ
1605 4851 1682 4921 τῷ
1730 4851 1929 4914 σκότει,
1983 4851 2197 4920 μορφάς
2242 4851 2303 4902 οὑ

719 4938 1055 5012 διακρίνεις;
1087 4935 1350 4999 Πολλάκις
1388 4938 1454 5007 τῇ
1487 4936 1627 5006 χειρὶ
1658 4934 1915 5004 ψηλαφᾷς
1947 4935 2014 4986 τά
2043 4933 2306 5003 πρόσωπα

720 5029 829 5082 τῶν
859 5025 1239 5098 κοιμωμένων,
1272 5025 1365 5077 καλ⁵
1403 5025 1502 5077 οὑκ
1532 5019 1676 5084 οἶδας
1708 5025 1859 5076 ποῖον
1903 5023 2096 5075 τούτου
2141 5021 2308 5090 πρόσ-

725 5128 894 5174 ωπον,
927 5111 1081 5163 ποῖον
1111 5107 1343 5168 ἐκείνου,
1368 5107 1482 5160 ἀλλ’
1506 5108 1735 5177 ἐρωτᾷς,
1768 5107 1856 5160 ἵνα
1884 5108 1916 5177 ή
1954 5105 2106 5175 φωνὴ
2133 5102 2306 5174 κήρυξ

725 5195 954 5265 γένηται
991 5195 1099 5246 τῶν
1129 5194 1186 5245 ὲν
1221 5193 1401 5244 σκότει
1441 5192 1851 5261 κρυπτομένων.
1900 5191 2111 5259 Ὥσπερ
2152 5184 2244 5240 οὖν
2274 5190 2305 5258 ή

725 5278 822 5345 νὺξ
850 5275 1114 5329 καλύπτει
1143 5276 1299 5346 ήμῶν
1335 5274 1432 5338 τάς
1477 5275 1711 5344 μορφὰς,
1759 5272 1863 5326 κᾶν
1909 5275 2108 5333 πάντες
2157 5265 2307 5342 ὦμεν

725 5362 818 5416 ἐπὶ
847 5361 909 5413 τὸ
943 5357 1096 5420 αὑτὸ,
1128 5360 1221 5410 καὶ
1253 5358 1427 5421 οὐδεὶς
1465 5358 1556 5411 τὸν
1590 5358 1776 5428 ἕτερον
1814 5355 2100 5426 γνωρίζει·
2134 5355 2306 5418 οὑτως

725 5447 946 5518 ἔρχεται
992 5441 1221 5503 θάνατος
1266 5442 1359 5493 καὶ
1411 5442 1528 5495 λύει
1575 5443 1673 5505 τὰς
1722 5439 1957 5511 μορφὰς,
2011 5439 2086 5502 ὡς
2133 5439 2308 5502 οὐδεὶς

724 5527 916 5584 οὑδένα
947 5525 1210 5596 γνωρίζῃ.
1249 5524 1503 5595 Παρέρχῃ
1531 5528 1789 5595 μνημεῖα.
1832 5524 1955 5576 Ἐάν
1989 5522 2101 5594 ἴδῃς
2137 5521 2308 5578 πολλά

727 5611 926 5683 κρανία
951 5612 1007 5662 έν
1041 5610 1216 5678 τάφῳ,
1237 5602 1381 5670 οἶδας
1411 5607 1568 5658 τοῦτο
1594 5609 1765 5672 τίνος;
1805 5607 1942 5658 Ἀλλ’
1973 5607 2001 5658 6
2041 5607 2309 5671 σκευάσας

727 5693 895 5751 οἶδεν·
926 5697 954 5748 6
991 5693 1158 5756 λύσας
1207 5691 1493 5744 ἐπίσταται
1541 5691 1704 5743 πόθεν
1747 5689 2016 5761 προῆλθον
2062 5685 2219 5742 αὗται
2252 5694 2306 5744 αί

732 5780 956 5854 μορφαί.
995 5779 1070 5833 Οὑ
1099 5778 1396 5850 θαυμάζεις
1426 5776 1560 5830 Θεοῦ
1596 5775 1989 5846 δημιουργίαν;
2025 5775 2305 5829 Τοσούτων

2139 325 2507 384 SEVERIANI

3869 352 3978 407 454

2399 446 2624 518 μορφῶν
2655 447 2712 500 ὲν
2736 446 3029 511 τοσαύταις
3049 447 3273 519 μυριάσι
3303 445 3530 517 οὐδεμία
3546 445 3843 516 δμοιότηςῑ
3879 447 3982 499 κᾶν

2393 535 2472 597 είς
2499 532 2569 586 τά
2595 533 2808 603 πέρατα
2836 532 2937 600 τῆς
2958 531 3284 602 οἰκουμένης
3313 531 3551 602 δράμῃς,
3574 530 3765 583 οὐδένα
3791 532 3982 600 ὅμοιον

2392 615 2668 684 εὑρίσκεις
2687 630 2700 644 ’
2733 613 2869 666 ἀλλά
2889 615 3043 665 καὶεί
3064 611 3252 682 εὕρῃς.
3272 611 3423 682 παρά
3445 613 3564 681 ῥῖνα
3583 609 3616 678 ἢ
3639 611 3768 679 παρ’
3785 610 3985 679 όφθαλυ

2394 698 2516 768 μὸν,
2554 699 2642 751 ῖνα
2673 700 2814 767 φανῇ
2847 697 2908 750 τὸ
2948 697 3118 762 ξένον.
3149 695 3368 766 Δίδυμοι
3407 695 3721 764 ἐξέρχονται
3744 696 3809 747 ὲκ
3851 697 3982 764 μιᾶς

2392 782 2622 845 κοιλίας,
2659 782 2752 835 καὶ
2777 782 3030 852 τέμνεται
3066 781 3096 850 ή
3130 780 3405 849 ὁμοιότης.

2465 871 2536 930 ς’.
2577 859 2714 918 Εἶτα
2737 863 2795 927 ὃς
2824 863 2900 934 μὴ
2925 863 3090 925 οῦσας
3120 861 3389 923 τοσαύτας
3422 859 3638 931 μορφάς
3661 864 3980 930 παρήγαγε,

2389 948 2560 1012 λύσας
2611 947 2916 1002 ἀνανεῶσαι
2968 947 3028 1000 οὑ
3085 945 3460 1014 δύναται;Μὴ
3507 944 3584 1008 ὡς
3629 945 3984 1014 ταλαίπωρος

2391 1031 2676 1103 ἄνθρωπος
2714 1030 2905 1102 μέτρει
2937 1033 3048 1092 τοῖς
3097 1032 3208 1092 σοῖς
3238 1029 3517 1098 λογισμοῖς
3560 1027 3695 1080 Θεοῦ
3723 1029 3981 1097 δύναμιν.

2391 1116 2483 1186 Μὴ
2521 1115 2742 1185 νόμιζε,
2783 1116 2866 1168 ὃτι
2900 1113 3141 1167 τοσαῦτα
3169 1112 3392 1165 δύναται
3418 1114 3447 1165 6
3484 1111 3634 1174 Θεὸς,
3659 1112 3762 1164 ὅσα
3799 1113 3864 1163 σὺ
3897 1110 3984 1162 δύ-

2390 1216 2550 1253 νασαι
2591 1197 2932 1268 λογίσασθαι.
2973 1198 3035 1251 Εἰ
3075 1197 3130 1250 δὲ
3162 1193 3399 1250 τοσαῦτα
3439 1194 3682 1258 δύναται,
3725 1195 3826 1247 ὅσα
3875 1192 3985 1261 ἐγὼ

2391 1283 2516 1347 νοῶ,
2553 1283 2738 1354 τολμῶ
2767 1283 2963 1345 εἰπεῖν,
3010 1279 3192 1351 πολλῷ
3219 1278 3412 1350 μικρὸς
3447 1280 3475 1330 6
3504 1276 3634 1339 Θεός
3654 1293 3668 1307 ⁸
3707 1276 3985 1346 ὲμέτρησε

2390 1367 2500 1438 γάρ
2527 1365 2688 1419 αὑτὸν
2718 1366 2751 1435 ή
2793 1365 2901 1436 ἐμὴ
2941 1365 3168 1418 διάνοια.
3203 1364 3264 1415 Et
3299 1363 3355 1415 δέ
3390 1359 3708 1432 ὑπερϐαίνει
3740 1358 3984 1412 διάνοιαν

2391 1453 2487 1506 καὶ
2536 1451 2669 1520 νικᾷ
2718 1451 3001 1520 λογισμδν,
3044 1447 3447 1517 ἀνεξιχνίαστος
3492 1446 3520 1498 6
3561 1445 3830 1514 ποιήσας,
3892 1443 3984 1497 καὶ

2392 1535 2754 1604 ἀκατάληπτα
2795 1534 2864 1586 τά
2914 1533 3074 1603 ἔργα.
3119 1530 3546 1602 Ἐρωτάσθωσαν
3576 1527 3846 1600 αἰρετικοὶ
3876 1527 3984 1580 ἀπὸ

2392 1620 2498 1673 τῶν
2548 1618 2916 1689 φαινομένων,
2952 1619 3038 1670 ἵνα
3069 1614 3316 1685 μάθωσιν
3359 1612 3568 1666 ἑαυτῶν
3593 1612 3692 1682 τὴν
3721 1611 3982 1682 ἀπορίαν.

2404 1701 2623 1774 Ἐπειδὴ
2680 1698 2831 1754 εἶπεν
2864 1701 2893 1753 6
2923 1699 3090 1763 Θεός·
3138 1696 3460 1764 Γενηθήτω
3505 1694 3833 1762 στερέωμα·
3891 1697 3983 1747 καὶ

2392 1786 2593 1848 εὐθέως
2634 1786 2663 1836 6
2704 1784 2860 1852 λόγος
2903 1783 3218 1854 είργάσατο,
3246 1779 3539 1833 κατέλιπεν
3570 1779 3701 1848 ἡμῖν
3725 1776 3982 1846 ἐνέχυρον

2390 1870 2570 1933 τοῦτο,
2600 1870 2683 1922 ὅτι
2718 1868 2880 1931 αὑτὸς
2916 1867 3191 1936 ἐποίησεν.
3215 1864 3464 1934 Σήμερον
3491 1860 3981 1930 καταλιμπάνομεν

2390 1952 2482 2005 τὸν
2511 1951 2739 2022 οὐρανὸν
2773 1951 2979 2020 γυμνὸν
3015 1949 3123 2002 ἀπὸ
3157 1947 3418 2017 ἑσπέρας,
3464 1945 3552 1998 καὶ
3583 1943 3782 2014 ἀθρόον
3827 1945 3982 2012 ἐγερο

2393 2035 2598 2098 θέντες,
2635 2034 2966 2106 εὑρίσκομεν
2995 2032 3125 2087 ἄλλο
3153 2030 3441 2101 στερέωμα
3462 2027 3572 2082 άπὸ
3599 2026 3710 2079 τῶν
3745 2027 3983 2094 νεφελῶν

2393 2119 2587 2188 παγέν.
2617 2117 2838 2188 Μερικά
2869 2115 3021 2187 1462]
3051 2114 3283 2185 ἐνέχυρά
3305 2114 3422 2165 ἐστι
3446 2110 3555 2164 τῶν
3583 2109 3838 2181 πρώτων,
3859 2110 3982 2162 ὅταν

2397 2202 2512 2272 ἴδῃς
2542 2201 2633 2253 τὸν
2677 2199 2908 2270 οὐρανὸν
2947 2197 3370 2267 ὲσκοτασμένον,
3407 2195 3501 2248 καὶ
3539 2193 3668 2249 ἄλλο
3697 2193 3984 2263 στερέωμα

2394 2285 2459 2337 ὲκ
2486 2283 2593 2336 τῶν
2624 2283 2863 2352 νεφελῶν
2888 2295 2936 2337 δ.
2985 2283 3042 2335 '0
3072 2281 3168 2334 νῦν
3204 2279 3485 2348 συντόμως
3514 2278 3683 2330 ποιῶν
3731 2276 3980 2344 νεφέλας,

2393 2366 2634 2419 δείκνυσι
2671 2365 2788 2428 πῶς
2827 2365 2949 2418 τότε
2997 2364 3277 2433 συντόμως
3318 2361 3411 2415 τὸν
3459 2361 3689 2433 οὐρανὸν
3736 2362 3981 2430 ἐποίησε.

2395 2452 2504 2504 Καὶ
2531 2451 2586 2504 τί
2613 2453 2798 2514 ποιεῖ;
2840 2451 2956 2512 πῶς
2998 2450 3054 2502 αἱ
3083 2448 3302 2516 νεφέλαι
3347 2446 3670 2518 βρέχουσινς
3732 2446 3982 2516 Ἐποίησε

2395 2533 2495 2597 τάς
2524 2535 2755 2602 νεφέλας
2784 2533 2858 2596 ὡς
2883 2532 3109 2595 ἀσκοὺς,
3144 2533 3241 2585 καὶ
3278 2531 3461 2584 ἀντλεῖ
3485 2530 3552 2595 δι’
3585 2529 3768 2582 αὑτῶν
3792 2530 3862 2582 τὰ
3891 2530 3985 2599 τῆς

2399 2615 2675 2686 θαλάσσης
2699 2616 2888 2678 ὕδατα,
2921 2614 3143 2686 ἁλμυρά
3175 2615 3325 2677 ὄντα,
3362 2614 3456 2667 καὶ
3481 2611 3679 2682 πληροῖ
3706 2611 3807 2675 τὰς
3831 2613 3985 2680 νεφέ-

2396 2699 2512 2762 λας,
2567 2702 2659 2753 καὶ
2693 2699 3019 2769 μεταϐάλλει
3054 2699 3114 2750 τὸ
3162 2697 3324 2768 ῦξωρ,
3361 2697 3454 2750 καὶ⁵
3489 2695 3697 2760 ποτίζει
3730 2696 3835 2766 τὴν
3865 2696 3983 2766 γῆν.

2398 2783 2724 2836 Εἰπάτωσαν
2754 2783 2870 2845 πῶς
2907 2781 3238 2850 ἀναφέρεται
3269 2780 3329 2832 τὸ
3356 2777 3521 2850 βάρος
3553 2781 3631 2842 εἰς
3672 2779 3831 2847 ὕψος,
3875 2778 3986 2842 πῶς

2399 2865 2690 2925 ἀντλεῖται,
2734 2865 2848 2928 πῶς
2877 2867 2931 2918 αί
2977 2864 3194 2932 νεφέλαι
3243 2861 3580 2916 ἀντλοῦνται,
3629 2862 3744 2914 Οῦκ
3789 2862 3987 2923 εῦθέως

2399 2949 2670 3013 κενοῦσιν,
2698 2948 2833 3001 ἀλλὰ
2858 2949 3143 3018 τρέχουσιν
3169 2946 3419 3006 ἐπιπολὺ.
3443 2947 3578 2999 ὅπου
3605 2945 3671 2999 ἂν
3696 2945 3937 3018 κελεύσῃ
3961 2947 3990 2998 6

2399 3033 2696 3099 Δεσπότης,
2743 3032 2837 3084 καὶ
2878 3033 2994 3084 ἔστι
3031 3032 3091 3084 τὸ
3125 3031 3453 3102 πρόσταγμα
3485 3027 3579 3083 τοῦ
3622 3027 3759 3081 Θεοῦ
3803 3028 3989 3098 ὥσπερ

2397 3116 2598 3186 δεσμὸς
2628 3116 2979 3183 ἐπικείμενος
3008 3117 3127 3178 ταῖς
3161 3114 3431 3184 νεφέλαις,
3463 3114 3558 3167 καὶ
3581 3112 3655 3183 μὴ
3689 3111 3992 3182 συγχωρῶν

2401 3198 2632 3269 βρέχειν,
2669 3198 2775 3259 ἓως
2809 3197 2875 3251 ἃν
2905 3199 3093 3271 νεύσῃ.
3129 3198 3251 3251 Ὀτι
3275 3197 3332 3250 δὲ
3369 3196 3528 3250 ἀσκοί
3557 3198 3686 3256 εἰσι,
3721 3195 3990 3264 μαρτυρεῖ

2399 3283 2592 3335 Δαυῖδ·
2659 3282 2720 3334 '0
2773 3281 3087 3349 συνάγων,
3135 3280 3321 3350 φησὶν,
3369 3279 3512 3332 ὡσεὶ
3552 3277 3753 3331 ἀσκὸν
3802 3277 3990 3330 ὕδατα

2403 3365 2739 3430 θαλάσσης.
2773 3366 2882 3416 Καὶ
2905 3365 3004 3434 δρα
3022 3364 3082 3414 τὸ
3099 3362 3200 3415 θαυ
3210 3363 3434 3433 μαστόν·
3469 3361 3784 3428 Συνάγειτά
3802 3359 3990 3423 ὕδατα,

2400 3449 2675 3501 ἐπίκειται
2704 3449 2736 3517 ή
2769 3449 2889 3516 χεὶρ
2923 3449 2954 3516 ὴ
2982 3447 3271 3509 ἀθάνατος,
3315 3448 3347 3516 ή
3382 3448 3634 3515 ἀόρατος,
3668 3445 3744 3516 μὴ
3781 3462 3990 3514 συγχωο

2405 3533 2573 3604 ροῦσα
2613 3531 2748 3601 ὁμοῦ
2796 3529 3121 3600 κενωθῆναι,
3166 3530 3302 3582 ἀλλά
3350 3528 3492 3582 κατά
3535 3529 3721 3599 μέρος.
3781 3527 3994 3597 Ὥσπερ

2403 3617 2648 3684 στήμονα
2679 3615 2873 3667 λεπτὸν
2905 3615 3041 3685 γυνὴ
3071 3613 3391 3683 διανήσασα,
3427 3613 3618 3682 τέμνει
3647 3612 3710 3664 τδ
3743 3610 3891 3683 ἔριον
3912 3615 3993 3674 εἰς

2403 3697 2603 3761 πολλάς
2632 3697 2726 3749 καὶ
2749 3696 3042 3767 διαφόρους
3069 3695 3250 3764 ὄψεις⁸
3285 3695 3427 3748 οὓτω
3453 3696 3544 3748 τὸν
3573 3695 3804 3765 ἀπειρόν
3833 3694 3994 3764 βυθὸν

2401 3783 2500 3850 τῆς
2531 3780 2808 3848 θαλάσσης
2841 3781 2921 3842 είς
2953 3784 3219 3848 σταγόνας
3247 3778 3437 3848 ὥσπερ
3484 3779 3723 3849 σχήματι
3762 3775 3794 3816 δ
3825 3794 3993 3831 κατα-

2400 3866 2639 3935 τέμνων,
2691 3863 2832 3916 οὑτω
2864 3864 3070 3934 πέμπει
3115 3866 3182 3935 τῇ
3217 3867 3310 3934 γῇ.
3359 3862 3520 3916 Ἀλλά
3552 3863 3612 3915 τὸ
3653 3863 3989 3930 θαυμαστὸν,

2403 3950 2451 4001 εί
2501 3947 2743 4011 λέλυται,
2789 3946 2908 4010 πῶς
2947 3947 3008 3998 οὑ
3046 3946 3325 4017 συντόμως
3354 3945 3644 4011 κενοῦται;
3673 3946 3720 3996 εί
3757 3945 3988 4006 δέδεται,

2401 4031 2540 4084 διατί
2574 4030 2686 4101 ῥέει
2710 4046 2723 4093 ;
2753 4029 2937 4098 Ἔχεις
2961 4029 3263 4100 ὑπόδειγμα
3286 4028 3509 4092 ἀσθενὲς
3547 4028 3666 4098 μὲν,
3695 4027 3993 4097 δυνάμενον

2401 4116 2458 4169 δέ
2487 4133 2546 4169 σε
2579 4119 2783 4172 πεῖσαι,
2816 4110 2970 4177 Εἶδες
3003 4113 3257 4185 άρπαγέα
3293 4112 3538 4177 ὑδάτων;
3570 4106 3710 4174 εἶδες
3746 4111 3865 4174 πῶς
3894 4130 3993 4166 κα-

2403 4201 2734 4272 τατέτρηται
2778 4197 3022 4252 κάτωθεν
3051 4215 3065 4258 ;
3106 4196 3484 4266 Ἐπικείμειος
3531 4194 3641 4264 ἔχει
3667 4193 3766 4265 τὴν
3797 4196 3991 4264 φορὰν,

2404 4284 2500 4336 καὶ
2535 4284 2834 4352 φράττεται
2861 4280 3010 4334 κάτω
3040 4279 3128 4332 διὰ
3155 4279 3216 4331 τὸ
3246 4277 3454 4331 ἄνωθεν
3483 4276 3849 4347 ἐπικείμενον.
3889 4278 3993 4330 0-3-

2404 4382 2512 4428 τως
2550 4368 2577 4417 6
2623 4364 2890 4426 ἀθάνατος
2937 4361 3200 4424 δάκτυλος
3245 4359 3341 4413 τοῦ
3385 4359 3518 4414 Θεοῦ
3555 4360 3832 4414 ἐπίκειται
3871 4364 3994 4424 ταῖς

2406 4446 2677 4514 νεφέλαις,
2714 4447 2809 4498 καὶ
2855 4445 2995 4515 χαλᾷ
3049 4446 3173 4497 ὅσον
3209 4441 3480 4513 βούλεται,
3532 4444 3625 4496 καὶ
3666 4447 3826 4515 τηρεῖ
3867 4445 3993 4498 ὅσον

2409 4529 2676 4600 βούλεται,
2711 4529 2797 4582 ῖνα
2839 4527 2982 4581 κατὰ
3013 4527 3194 4597 πάσης
3224 4527 3324 4597 τῆς
3360 4526 3463 4597 γῆς
3493 4527 3846 4600 παραπέμπῃ
3891 4529 3992 4600 τήν

2405 4613 2632 4684 δωρεάν.
2679 4612 2789 4664 Καὶ
2840 4610 3075 4682 μάλιστα
3121 4609 3276 4662 τοῦτο
3329 4612 3473 4663 ποιεῖ
3505 4610 3562 4663 ὲν
3613 4614 3727 4675 τοῖς
3776 4611 3993 4681 ὀψίμοις

2406 4694 2653 4765 ὄμϐροις,
2683 4694 2772 4746 ὅτε
2797 4697 2977 4748 πᾶσαν
3012 4692 3273 4764 μεθύσκει
3295 4694 3394 4764 τὴν
3418 4695 3519 4763 γῆν
3546 4711 3558 4724 ·
3590 4695 3678 4747 ὅτε
3728 4695 3856 4748 ποτὲ
3891 4696 3993 4765 μὲν

2406 4777 2584 4842 τοῦτο,
2617 4778 2744 4830 ποτὲ
2769 4777 2826 4830 δὲ
2848 4776 2977 4829 ἄλλο
3012 4777 3182 4847 κλίμα
3206 4776 3437 4840 ποτίζει.
3472 4777 3569 4829 Διά
3602 4776 3758 4830 τοῦτο
3792 4778 3939 4846 λέγει
3967 4781 3993 4830 6

2409 4865 2715 4934 προφήτηςο
2732 4861 2842 4914 Καὶ
2871 4861 3188 4926 βρέξειὲπὶ
3212 4861 3393 4913 πόλιν
3411 4860 3578 4927 μίαν,
3604 4861 3700 4913 ἐπὶ
3729 4860 3796 4913 δὲ
3812 4863 3994 4914 πόλιν

2403 4948 2552 5014 μίαν
2573 4948 2642 5000 οὐ
2665 4943 2892 5010 βρέξει.
2912 4945 3091 5011 Μερίς
3115 4944 3226 5012 μία
3253 4942 3654 5010 βραχιιῇσεται,
3687 4944 3784 4996 καὶ
3799 4945 3990 5012 μερίς,

2409 5029 2598 5098 ἐφ’ῆν
2623 5031 2694 5082 ού
2732 5029 2960 5096 βρέξει,
3003 5027 3465 5094 ξηρανθήσεται.
3517 5027 3814 5080 Ἐπίκειται
3840 5027 3895 5080 δὲ
3935 5027 3994 5078 οὑ

2409 5113 2668 5176 δάκτυλος
2706 5111 2866 5175 Θεοῦ,
2915 5111 3051 5164 ἀλλὰ
3087 5109 3244 5180 στολή
3285 5122 3330 5164 ε.
3385 5108 3760 5180 Ἑσχημάτισα
3801 5111 3854 5162 δὲ
3907 5110 3996 5162 τὸν

2410 5199 2567 5266 λόγον
2591 5198 2669 5259 εἰς
2703 5195 2872 5248 τύπον
2906 5195 3194 5266 ἡμέτερον.
3243 5193 3597 5256 Ἐντέλλεται,
3641 5196 3735 5248 καὶ
3772 5195 3830 5246 οὑ
3870 5192 3996 5261 βρέ-

2411 5297 2586 5352 χουσι.
2631 5280 2740 5333 Καὶ
2774 5279 2930 5331 τοῦτο
2982 5278 3128 5347 λέγει
3173 5277 3463 5350 ήΓραφή·
3519 5277 3652 5342 Ταῖς
3690 5276 3994 5344 νεφέλαις,

2473 5407 2499 5436 ⁸
2529 5404 2663 5464 Haec,
2686 5403 2854 5466 μερικά
2875 5415 3031 5464 usque
3056 5402 3115 5451 ad
3140 5403 3361 5466 νεφελῶν,
3391 5403 3570 5466 desunt
3601 5404 3648 5466 in
3672 5402 3785 5466 δαν.

2473 5466 2501 5506 b
2525 5466 2607 5515 Sic
2639 5458 2757 5514 in'ssI
2783 5467 2893 5513 Sav.
2944 5458 2993 5513 i'n
3017 5477 3167 5525 marg.
3194 5458 3323 5524 éonj.
3349 5458 3487 5525 ’νῆμά
3510 5480 3572 5512 τι.
3598 5458 3996 5525 Εοωὺςίζχεῦμὰ

2409 5547 2452 5578 τι
2473 5527 3058 5598 ροςυίιηὲἱ-ῐηυιεηόριη
3085 5521 3166 5597 είῖ,
3195 5521 3324 5575 malb
3362 5521 3512 5598 δεινῇ.
3558 5524 3718 5598 εθσυί.
3748 5521 3877 5572 ιειΓὲα
3915 5526 3999 5587 ἁρ-

2409 5589 2719 5699 παέέὸιιξῗιῗὲ
2740 5589 3814 5709 ἓξεῗτέ-έοῗέἶ“ἐὲ¹νῖ“ιῗῖξίηί⁹’.ἀίέαῗέῗιολή,
3855 5646 3993 5697 Com-

2409 5713 2509 5760 bol‘.
2537 5713 2717 5760 ἐντολή.
2747 5713 2843 5760 Sed
2865 5715 3011 5760 στολή
3041 5720 3174 5760 slarc
3199 5718 3380 5760 potest.
3399 5661 3535 5760 ῗηῐιιε
3561 5714 3672 5760 post
3709 5709 3993 5760 emam.

2409 5713 2472 5826 1gp
2480 5713 2509 5762 r.
2527 5686 2717 5785 ἔᾷζέῐτζ.
2747 5686 3174 5770 ἕὲἷσῖ-ὁὶξὲιέἶὸ
3186 5686 3672 5774 ’661ἕέἶῖῗὶηὲἒῖοᾶ

2451 5789 2528 5826 av.
2561 5789 2667 5826 γαρ.

2451 5789 2528 5826 av.
2561 5789 2667 5837 γαρ.
