4110 6318
194 420 305 475 453

198 518 512 574 Curreutem
555 512 621 569 ad
663 510 979 575 meridiem,
1009 514 1066 562 ut
1094 505 1311 561 boream
1354 502 1773 558 circumeuntem

198 610 304 681 iam
333 609 481 663 disce
511 606 562 661 in
594 604 786 659 hiemis
833 606 1148 669 tempestate
1177 613 1189 649 :
1219 596 1341 667 quia
1385 608 1490 647 non
1531 607 1561 645 a
1602 589 1779 645 medio

200 704 408 759 oriente
443 701 647 763 oritur,
679 696 770 753 scd
795 697 935 752 circa
982 693 1149 748 austri
1178 692 1316 745 latus
1344 689 1555 755 oblique
1586 684 1775 755 pergit,

199 796 555 864 exiguumque
587 788 921 845 intervallum
952 798 1161 847 secans,
1198 781 1412 836 brevem
1441 778 1582 833 diem
1614 776 1776 839 facit;

197 902 321 939 cum
347 883 544 939 occidit
571 890 746 936 autem
774 888 828 933 et
854 891 1040 933 rursus
1065 873 1323 931 circulum
1353 869 1591 925 decurrit
1616 908 1633 935 ,
1660 868 1778 921 lon-

198 991 319 1043 gam
347 981 559 1028 noctem
592 971 733 1025 facit.
759 970 1004 1034 Scimus,
1048 964 1244 1019 fratres
1264 1003 1280 1027 ,
1309 961 1478 1017 solem
1530 974 1634 1012 non
1659 972 1778 1011 om-

194 1068 329 1119 nino
356 1064 423 1119 ab
451 1064 638 1119 eodem
669 1068 865 1133 puncto
891 1056 1160 1130 progredi.
1193 1053 1470 1124 Quomodo
1507 1066 1633 1121 ergo
1656 1051 1779 1105 bre-

199 1172 292 1211 ves
324 1158 457 1210 fiunt
482 1154 642 1209 dies?
667 1150 886 1207 Accedit
905 1152 1022 1219 ejus
1045 1158 1198 1203 ortus
1223 1146 1289 1201 ad
1324 1147 1459 1199 latus
1489 1142 1729 1198 meridiei
1762 1158 1777 1195 :

198 1245 393 1300 deinde
413 1259 519 1299 non
550 1244 708 1297 altam
738 1252 925 1297 tenens
950 1282 964 1306 ,
992 1238 1084 1294 sed
1116 1237 1386 1307 obliquam
1417 1233 1563 1289 brevi
1592 1245 1781 1286 secans

197 1337 336 1389 viam
354 1376 370 1400 ,
398 1335 587 1389 breves
607 1332 769 1387 efficit
794 1340 997 1386 noctes.
1023 1329 1286 1384 Occidens
1306 1333 1479 1381 autem
1503 1326 1554 1379 in
1572 1336 1781 1379 summo

196 1424 511 1489 occidentis,
540 1421 841 1477 necessario
871 1421 1058 1475 circuit
1088 1433 1181 1488 per
1204 1426 1415 1472 noctem
1447 1423 1614 1469 totum
1641 1412 1783 1467 occi-

196 1514 413 1571 dentem
445 1522 497 1567 et
524 1522 689 1566 totum
716 1512 963 1573 boream,
990 1520 1262 1579 totumque
1291 1508 1549 1562 orientem
1572 1546 1589 1572 ,
1620 1515 1781 1575 atque

200 1606 265 1660 ad
292 1605 533 1660 meridiei
556 1619 823 1657 summum
863 1602 1048 1666 venit;
1076 1615 1140 1655 ac
1181 1613 1403 1655 necesse
1428 1607 1508 1652 est
1535 1611 1780 1665 magnam

195 1711 316 1752 esse
341 1706 574 1750 noctem.
604 1694 829 1762 Quando
867 1702 1045 1747 autem
1089 1692 1348 1762 aequalem
1397 1689 1781 1759 longitudinem

195 1799 249 1843 et
279 1787 542 1857 :rqualem
588 1800 801 1840 cursum
844 1784 1035 1849 habet,
1069 1792 1193 1838 tunc
1220 1781 1597 1851 aequinoctium
1632 1780 1775 1833 facit.

197 1879 405 1932 Rursus
425 1878 491 1932 ad
508 1877 724 1931 boream
747 1875 1021 1931 declinans
1041 1875 1183 1930 velut
1201 1874 1374 1929 hieme
1394 1872 1459 1927 ad
1482 1871 1780 1937 meridiem,

195 1980 245 2023 et
264 1968 331 2022 ad
355 1968 530 2023 boreae
548 1982 754 2022 summa
776 1966 1069 2021 ascendens
1084 1966 1365 2030 exaltatur,
1395 1975 1447 2019 et
1467 1965 1680 2033 longum
1698 1963 1782 2018 ef-

196 2062 305 2116 ficit
325 2060 468 2116 diem
493 2078 506 2113 :
534 2061 749 2116 brevem
779 2068 955 2115 autem
982 2058 1236 2113 circulum
1259 2056 1652 2112 decurrendum
1687 2055 1777 2109 ba-

195 2156 350 2218 beus,
369 2153 583 2208 brevem
599 2152 757 2208 efficit
774 2159 1005 2206 noctem.
1020 2149 1133 2205 Non
1153 2149 1265 2204 lucc
1280 2147 1451 2204 Graeci
1470 2163 1565 2201 nos
1581 2147 1781 2201 docue-

196 2256 322 2300 runt
348 2262 362 2299 :
392 2260 562 2315 neque
605 2244 747 2300 enim
792 2245 891 2299 hoc
920 2242 1124 2308 volunt;
1154 2240 1246 2295 scd
1287 2240 1385 2295 sub
1414 2250 1553 2293 terra
1599 2238 1782 2293 dicunt

196 2351 342 2394 astra
381 2353 598 2394 currere
640 2345 797 2407 atque
843 2336 1033 2391 solem.
1080 2334 1350 2401 Scriptura
1396 2346 1527 2386 vero
1556 2339 1775 2396 nostra,

196 2433 379 2485 divina
407 2430 661 2500 magistra
688 2428 983 2498 Scriptura,
1018 2441 1114 2479 nos
1141 2425 1318 2479 erudit
1337 2464 1352 2486 ,
1386 2424 1777 2492 illuminatque.

197 2522 405 2577 Deinde
434 2521 557 2577 fecit
584 2521 773 2585 solem,
805 2536 907 2575 non
934 2518 1188 2573 deficiens
1232 2517 1493 2571 luminare
1519 2532 1533 2582 ;
1572 2517 1775 2583 lunam,

196 2630 317 2684 qua:
364 2614 611 2669 decorem
640 2613 785 2667 exuit
814 2621 867 2666 et
898 2626 1111 2665 rursum
1142 2609 1332 2663 induit.
1376 2608 1557 2663 Prodit
1598 2609 1780 2663 Artiﬁ-

198 2722 317 2760 cem
365 2721 517 2774 opus.
571 2704 870 2773 Numquam
920 2702 1098 2757 deficit
1143 2700 1381 2766 Artifex;
1408 2710 1665 2755 aeternum
1697 2710 1780 2755 est

196 2812 359 2867 opus.
401 2795 584 2867 Neque
630 2796 770 2849 luna:
803 2795 890 2848 lux
935 2793 1229 2849 absumitur
1254 2834 1267 2857 ,
1315 2792 1406 2847 sed
1437 2792 1721 2846 occultatur
1762 2810 1778 2846 .-

196 2899 391 2957 estque
422 2895 664 2941 nostrum
696 2885 999 2940 mortalium
1043 2884 1315 2937 hominum
1359 2883 1553 2953 imago.
1591 2882 1776 2950 Cogita

203 2996 315 3050 quo
335 2980 649 3035 smeulorum
680 2978 849 3047 spatio
879 2986 992 3031 orta
1034 2977 1122 3031 sit.
1148 2975 1213 3029 Et
1239 2976 1283 3029 si
1312 2975 1479 3045 prima
1504 2976 1611 3040 sit,
1643 2973 1775 3028 dici-

198 3085 321 3125 mus
350 3083 364 3124 :
399 3069 546 3124 Luna
574 3067 733 3123 hodie
778 3067 1030 3121 nascitur.
1074 3066 1292 3133 Quare?
1318 3066 1450 3131 Quia
1484 3065 1659 3134 imago
1688 3073 1773 3118 est

197 3174 505 3217 nostrorum
556 3176 861 3231 corporum.
904 3159 1179 3223 Nascitur,
1212 3158 1437 3221 crescit,
1488 3157 1772 3227 impletur,

196 3255 500 3318 decrescit,
532 3252 807 3317 minuitur,
836 3250 1030 3305 occidit
1058 3265 1073 3307 :
1108 3258 1162 3304 et
1209 3262 1306 3303 nos
1348 3248 1568 3318 perinde
1600 3247 1775 3303 nasci-

197 3361 341 3409 mur,
375 3345 699 3408 crescimus,
730 3342 795 3397 ad
847 3341 1229 3411 plenitudinem
1276 3340 1540 3405 venimus,
1566 3355 1775 3395 marce-

194 3440 419 3499 scimus,
448 3437 799 3501 declinamus,
824 3434 1257 3490 consenescimus
1275 3473 1290 3497 ,
1322 3433 1601 3496 morimur,
1630 3433 1775 3486 occi-

194 3529 392 3582 dimus.
440 3527 636 3582 Verum
681 3527 766 3580 illa
797 3539 980 3581 rursus
1022 3525 1297 3579 nascitur:
1329 3532 1384 3579 et
1427 3537 1525 3577 nos
1558 3522 1778 3592 perinde

194 3619 556 3673 resurrecturi
612 3631 828 3681 sumus,
859 3630 1063 3684 nosque
1108 3622 1288 3669 manet
1334 3613 1434 3667 alia
1484 3613 1774 3682 generatio.

197 3709 323 3763 Ideo
348 3708 599 3763 Servator
644 3716 702 3760 ut
750 3706 995 3761 ostendat
1026 3720 1121 3759 nos
1146 3745 1160 3769 ,
1207 3703 1651 3773 quemadmodum
1693 3703 1778 3757 hic

197 3800 310 3854 uati
338 3812 545 3861 sumus,
581 3813 788 3851 rursum
819 3797 1119 3851 nascituros
1146 3810 1265 3849 esse
1290 3836 1304 3857 ,
1331 3796 1404 3847 ait
1437 3811 1449 3845 :
1482 3792 1609 3846 Cum
1634 3809 1780 3846 verte-

194 3890 262 3942 rit
295 3887 463 3942 Filius
507 3888 722 3941 hominis
763 3888 816 3940 in
858 3887 1230 3957 regeneratioue
1273 3883 1492 3956 (Matth.
1520 3884 1605 3940 i9.
1645 3884 1776 3954 28).

197 3981 490 4034 l‘ollicetur
532 3981 654 4033 luna
700 3982 1165 4033 resurrectionem.
1207 3976 1317 4041 Me,
1359 3976 1560 4045 inquit,
1588 3975 1778 4031 videtis

194 4071 491 4137 occultari,
516 4080 569 4125 et
595 4086 803 4124 rursum
833 4085 1108 4139 apparere,
1140 4080 1193 4123 et
1223 4085 1369 4138 spem
1399 4084 1614 4123 omnem
1640 4068 1777 4136 abji-

195 4165 364 4220 citis?
394 4164 583 4219 Nonne
613 4166 693 4218 sol
722 4165 772 4217 in
804 4164 970 4217 nostri
1008 4163 1228 4232 gratiam
1258 4162 1425 4216 factus
1452 4164 1572 4216 est?
1604 4178 1778 4217 nonne

196 4257 323 4310 luna
346 4257 368 4309 ‘t
395 4271 570 4310 nonne
596 4264 854 4310 creatum:
883 4252 1103 4307 omnes?
1139 4252 1273 4319 Quid
1303 4252 1445 4306 enim
1486 4254 1637 4306 nobis
1673 4268 1776 4306 non

198 4349 484 4418 pollicetur
517 4343 1007 4401 resurrectionem?
1044 4341 1231 4397 Nonne
1262 4343 1446 4395 mortis
1474 4342 1646 4411 imago
1674 4358 1780 4397 nox

195 4440 315 4494 est?
337 4438 580 4506 Proiecta
610 4437 708 4491 sub
726 4436 961 4491 tenebris
978 4448 1222 4505 corpora,
1248 4433 1444 4487 formas
1465 4449 1567 4486 non
1588 4433 1781 4488 discer-

196 4530 317 4584 nis?
361 4531 516 4597 Saepe
565 4544 721 4580 manu
770 4538 1070 4580 contrec:as
1116 4525 1319 4579 vultum
1369 4525 1776 4589 dormientium,

199 4637 301 4677 nec
331 4621 470 4675 nosti
502 4634 743 4689 quamam
778 4617 892 4672 lnrc
937 4617 1102 4672 facies
1144 4619 1247 4683 sit,
1277 4633 1395 4687 qua:
1426 4617 1546 4681 illa;
1578 4617 1670 4672 sed
1703 4619 1785 4671 in-

198 4728 477 4783 terrogas,
507 4721 564 4764 ut
591 4726 696 4765 vox
742 4724 917 4780 praeco
959 4709 1028 4764 sit
1054 4723 1236 4763 eorum
1260 4749 1273 4771 ,
1326 4709 1414 4776 qui
1469 4709 1518 4761 in
1550 4708 1783 4763 tenebris

198 4804 555 4861 occultantur.
588 4799 1041 4867 Quemadmodum
1092 4800 1248 4869 igitur
1278 4812 1381 4852 nox
1430 4798 1629 4853 formas
1665 4799 1786 4851 abs-

200 4899 388 4955 condit
416 4904 624 4951 uostras
644 4935 660 4957 ,
704 4891 911 4949 etiamsi
939 4907 1127 4947 omnes
1175 4891 1333 4946 simul
1370 4891 1535 4945 simus
1555 4932 1569 4953 ,
1594 4907 1781 4945 nemo-

199 5005 307 5061 que
342 4989 567 5041 alterum
592 4985 863 5054 cognoscit
889 5001 901 5036 :
930 4985 1007 5039 sic
1036 4987 1183 5037 venit
1208 4998 1311 5037 uox
1332 5024 1347 5048 ,
1393 4992 1447 5037 et
1476 4982 1638 5036 solvit
1670 4982 1779 5035 for-

198 5096 317 5136 mas
335 5122 349 5145 ,
380 5088 438 5132 ut
460 5091 615 5131 nemo
644 5076 869 5129 alterum
895 5076 1118 5129 noverit.
1142 5074 1477 5128 Monumenta
1502 5074 1775 5145 pervadis;

200 5176 245 5227 si
274 5173 471 5227 multas
494 5168 674 5225 videas
695 5168 949 5220 ealvarias
980 5168 1031 5220 in
1066 5166 1308 5235 sepulcro
1330 5204 1345 5228 ,
1367 5166 1579 5217 nostine
1604 5164 1782 5233 cujus-

197 5278 324 5318 nam
357 5268 471 5316 lucc
508 5260 613 5313 sit?
643 5261 707 5313 At
751 5259 901 5311 novit
952 5258 1038 5312 ille
1077 5258 1164 5326 qui
1194 5256 1388 5309 struxit
1418 5271 1432 5307 :
1469 5254 1556 5323 qui
1586 5257 1778 5321 Solvit,

198 5358 352 5411 novit
408 5353 547 5409 unde
601 5352 785 5406 forma:
841 5352 953 5403 ista:
1006 5355 1396 5417 processerunt.
1444 5350 1631 5401 Annon
1684 5350 1783 5400 tni-

196 5448 341 5501 raris
394 5446 485 5500 Dei
536 5444 841 5515 opificium,
895 5440 1033 5510 quod
1083 5442 1135 5494 iu
1185 5450 1263 5494 tot
1310 5438 1546 5493 millibus
1589 5439 1787 5493 forma-

195 5554 323 5594 rum
370 5537 515 5592 nulla
563 5536 772 5591 intersit
803 5532 1126 5588 similitudo?
1155 5532 1235 5586 vel
1274 5531 1317 5584 si
1351 5530 1417 5585 ad
1462 5529 1596 5585 fines
1640 5530 1785 5583 orbis

198 5643 494 5701 properes,
553 5628 819 5680 neminem
873 5624 1024 5677 alteri
1079 5622 1303 5675 similem
1370 5622 1639 5690 reperies;
1692 5622 1786 5675 sed

195 5719 417 5776 etiamsi
456 5719 739 5787 repereris,
767 5715 967 5784 aliquid
992 5714 1092 5767 erit
1122 5713 1202 5765 vel
1228 5712 1281 5765 in
1309 5725 1439 5764 naso
1463 5711 1542 5764 vel
1572 5711 1622 5763 in
1656 5726 1786 5764 ocu-

197 5815 254 5871 lo
300 5810 661 5876 discriminis,
692 5817 751 5863 ut
797 5821 882 5865 res
930 5802 1188 5877 stupenda
1236 5812 1510 5872 appareat.
1558 5800 1781 5858 Gemelli

1229 387 1314 444 DE
1352 383 1561 443 MUNDI
1598 383 1991 441 CREATIONE
2030 382 2285 439 ORATIO
2326 382 2412 439 lli.

3361 393 3471 448 454

1886 512 1952 553 ex
1996 512 2101 552 uno
2129 508 2325 553 exeunt
2367 507 2549 565 utero,
2582 507 2636 554 ct
2676 499 3024 556 similitudine
3067 499 3460 573 disgregantur.

1954 590 2007 645 6.
2042 590 2253 662 Ergone
2297 592 2387 663 qui
2418 601 2493 646 tot
2523 590 2725 647 fortnas
2747 634 2764 660 ,
2793 607 2914 647 cum
2964 609 3071 649 non
3094 603 3309 659 essent,
3335 610 3463 665 pro-

1884 684 2070 751 duxit,
2119 698 2238 739 cum
2291 683 2513 739 solverit
2560 700 2821 741 renovare
2866 701 2971 741 non
3015 687 3247 757 poterit?
3291 686 3369 743 Ne
3410 697 3466 743 ut

1884 790 2219 831 aerumnosas
2242 776 2401 830 homo
2430 776 2523 830 Dei
2554 778 2845 847 potentiam
2878 778 2981 833 tuis
3020 779 3313 835 ratiociniis
3349 795 3464 835 me-

1886 868 2052 922 tiaris.
2084 867 2161 922 Ne
2188 877 2341 938 putes
2389 868 2558 924 Deum
2591 878 2732 924 tanta
2764 870 3019 943 (solum)
3052 887 3232 943 posse,
3266 882 3464 944 quanta

1886 968 1939 1014 tu
1966 959 2201 1029 cogitare
2230 959 2394 1014 vales.
2421 960 2573 1026 Quod
2595 961 2639 1015 si
2674 970 2815 1017 tanta
2844 962 3015 1016 solum
3042 964 3240 1032 possit,
3268 973 3465 1035 quanta

1884 1066 1986 1121 ego
2007 1052 2204 1122 cngito,
2232 1052 2400 1107 ausim
2424 1053 2625 1115 dicere.
2652 1053 2829 1125 Longe
2856 1056 3029 1110 minor
3049 1068 3131 1113 est
3162 1058 3321 1124 Deus;
3348 1073 3467 1115 me-

1886 1143 2014 1196 titur
2041 1144 2183 1197 enim
2221 1144 2369 1199 illum
2397 1146 2649 1215 cogitatio
2682 1162 2819 1201 mea.
2849 1146 3000 1213 Quod
3032 1148 3077 1202 si
3114 1159 3347 1206 mentem
3376 1165 3467 1206 su-

1886 1246 2069 1305 perat,
2097 1248 2150 1291 et
2181 1237 2513 1293 ratiocinium
2553 1240 2731 1304 vincit,
2763 1240 3119 1295 inscrutabilis
3161 1250 3242 1296 est
3271 1242 3468 1297 Condi-

1887 1334 2006 1391 tor,
2070 1337 2121 1379 et
2192 1327 2753 1397 incomprehensibilia
2814 1346 2997 1400 Opera.
3067 1329 3467 1402 Interrogentur

1887 1415 2127 1471 hazretici
2158 1432 2225 1472 ex
2255 1418 2317 1473 iis
2347 1434 2465 1486 qure
2495 1421 2779 1489 conspicua
2810 1431 2969 1490 sunt,
3001 1432 3058 1477 ut
3079 1422 3287 1479 discant
3312 1439 3371 1479 ea
3398 1424 3469 1481 de

1885 1507 2078 1578 quibus
2102 1509 2426 1577 quaestiones
2462 1520 2693 1565 movent.
2713 1511 2846 1579 Quia
2872 1513 3005 1568 dixit
3035 1515 3195 1579 Deus,
3231 1514 3350 1569 Fiat
3376 1517 3471 1585 ﬁr-

1887 1610 2229 1665 mamentum,
2275 1610 2329 1655 et
2368 1602 2547 1656 statim
2589 1604 2812 1659 verbum
2846 1603 2973 1661 illud
3013 1606 3223 1673 effecit,
3252 1609 3469 1680 reliquit

1887 1692 2164 1747 nobishoc
2196 1694 2387 1763 pignus
2412 1694 2552 1764 quod
2580 1695 2693 1766 ipse
2719 1695 2925 1752 fecerit.
2956 1697 3127 1753 Hodie
3157 1700 3346 1755 cmlum
3374 1718 3467 1757 re-

1890 1784 2176 1852 linquimus
2218 1785 2417 1839 nudum
2448 1801 2477 1839 a
2504 1802 2751 1855 vespera,
2781 1803 2845 1842 ac
2890 1799 3112 1859 repente
3148 1800 3463 1862 surgentes,

1888 1873 2189 1929 invenimus
2244 1875 2388 1930 aliud
2434 1876 2824 1932 firmamentum
2871 1878 2921 1931 iu
2968 1879 3195 1935 nubibus
3246 1895 3466 1938 concre-

1888 1971 2018 2018 tum.
2048 1962 2121 2035 (η)
2146 1963 2167 2036 [
2190 1965 2281 2019 lite
2302 1967 2418 2020 alia:
2444 1967 2721 2036 pignorum
2746 1981 2919 2037 partes
2950 1978 3072 2024 sunt
3104 1981 3220 2040 post
3245 1974 3465 2041 primas,

1886 2069 2009 2109 cum
2041 2054 2235 2109 videris
2264 2057 2453 2111 cmlum
2482 2057 2848 2126 caliginosum,
2882 2058 3130 2129 aliudque
3159 2060 3467 2118 firmamen-

1887 2154 1998 2201 tum
2043 2162 2107 2201 ex
2156 2148 2409 2203 nubibus.
2438 2148 2459 2222 ]
2504 2148 2603 2217 Qui
2643 2165 2785 2205 nunc
2814 2152 2962 2206 brevi
2994 2153 3273 2210 intervallo
3301 2156 3469 2212 nubes

1886 2247 2062 2305 creat,
2108 2240 2341 2295 ostendit
2370 2242 2637 2310 quomodo
2682 2252 2806 2298 tunc
2839 2260 2945 2298 uno
2973 2256 3244 2303 momento
3274 2250 3464 2307 cmlum

1888 2331 2204 2387 condiderit.
2265 2335 2328 2388 Et
2363 2334 2487 2405 quid
2532 2335 2688 2391 facit?
2732 2338 3000 2406 quomodo
3041 2340 3211 2396 nubes
3261 2342 3466 2412 pluvias

1888 2425 2175 2479 emittunt?
2197 2425 2345 2480 Fecit
2374 2427 2542 2481 nubes
2564 2429 2702 2482 sicut
2729 2439 2897 2493 utres,
2932 2446 3131 2500 perque
3153 2432 3271 2487 illas
3294 2433 3468 2491 haurit

1889 2533 2052 2587 aquas
2099 2520 2300 2582 maris,
2346 2535 2465 2589 quae
2508 2519 2664 2574 salsa:
2705 2530 2865 2585 sunt,
2916 2521 3205 2593 impletque
3247 2525 3417 2581 nubes
3450 2544 3475 2581 :-

1888 2620 2055 2666 mutat
2087 2626 2275 2681 aquam
2296 2652 2308 2674 ,
2340 2620 2394 2666 et
2419 2611 2552 2681 rigat
2585 2622 2799 2666 terram.
2836 2614 3019 2667 Dicant
3047 2616 3314 2684 quomodo
3339 2617 3467 2673 effe.

1886 2712 2037 2758 ratur
2066 2703 2116 2756 in
2145 2704 2370 2756 sublime
2413 2702 2462 2756 id
2501 2702 2640 2773 quod
2684 2718 2844 2771 grave
2873 2712 2990 2769 est;
3034 2706 3303 2774 quomodo
3328 2707 3463 2763 hau-

1886 2796 2087 2859 riatur;
2121 2795 2392 2864 quomodo
2420 2795 2588 2849 nubes
2638 2794 2905 2849 hauriant.
2954 2795 3071 2850 Non
3126 2800 3304 2853 statim
3334 2815 3464 2855 evao

1886 2896 2130 2950 cuantur,
2165 2886 2258 2941 sed
2302 2886 2455 2956 longe
2499 2894 2752 2945 currunt.
2775 2900 2881 2955 quo
2902 2886 3121 2954 jusserit
3167 2887 3423 2944 Dominus
3445 2930 3463 2957 ,

1885 2990 2074 3049 estque
2120 2979 2426 3033 mandatum
2484 2977 2576 3032 Dei
2624 2977 2773 3047 quasi
2830 2977 3100 3031 vinculum
3157 2978 3463 3047 impositura

1886 3071 2149 3133 nubibus,
2176 3068 2317 3140 quod
2350 3084 2454 3123 non
2499 3068 2624 3122 sinit
2651 3082 2743 3121 eas
2774 3068 2953 3135 pluere
2979 3109 2992 3130 ,
3024 3067 3197 3122 donec
3224 3069 3341 3139 ipse
3364 3085 3465 3125 an-

1889 3161 2086 3217 nuerit.
2120 3159 2270 3228 Quod
2321 3169 2497 3213 autem
2546 3168 2693 3212 utres
2741 3158 2848 3211 sint
2893 3157 3203 3213 testificatur
3259 3159 3463 3217 David:

1892 3252 2236 3324 Congregam,
2265 3252 2454 3322 inquit,
2486 3251 2611 3305 sicut
2638 3258 2795 3304 utrem
2823 3266 2981 3319 aqua:
3002 3251 3156 3305 maris
3179 3249 3347 3325 (Psal.
3372 3253 3462 3310 52.

1890 3346 1961 3413 7).
1994 3341 2063 3397 Ει
2086 3343 2208 3397 vide
2237 3357 2349 3396 rem
2397 3342 2608 3395 miram.
2637 3339 2935 3410 Congregat
2977 3355 3174 3410 aquas,
3205 3342 3465 3401 incumbit

1888 3450 2076 3490 manus
2100 3433 2436 3497 immortalis,
2464 3432 2740 3485 invisibilis
2763 3472 2778 3493 ,
2810 3445 2913 3486 non
2937 3431 3120 3486 sinens
3140 3435 3318 3488 statim
3340 3450 3463 3490 eva-

1885 3527 2029 3581 cnari
2044 3568 2058 3590 ,
2091 3525 2183 3579 sed
2213 3540 2306 3594 per
2329 3532 2528 3595 partes.
2551 3523 2620 3579 Ut
2648 3523 2839 3577 mulier
2858 3523 3050 3578 subtile
3069 3535 3275 3581 stamen
3305 3544 3457 3594 nens,

1886 3618 2058 3671 lanam
2089 3616 2331 3685 dispertit
2356 3617 2406 3670 in
2435 3616 2596 3669 multa
2625 3614 2939 3685 diversaque
2969 3614 3057 3669 fila
3090 3634 3104 3671 :
3137 3618 3213 3671 sic
3240 3619 3470 3674 immen-

1884 3725 1997 3763 sam
2028 3710 2190 3763 maris
2215 3707 2548 3762 altitudinem
2592 3707 2646 3760 in
2689 3706 2854 3761 stillas
2884 3710 3032 3776 quasi
3059 3708 3140 3763 fila
3188 3710 3462 3780 dividens,

1886 3801 1955 3854 ita
1988 3800 2039 3853 in
2081 3809 2277 3854 terram
2321 3799 2533 3854 emittit.
2588 3796 2778 3852 Verum
2826 3798 2966 3865 quod
3011 3807 3091 3854 est
3117 3798 3462 3865 admirabile,

1886 3893 1928 3947 si
1957 3894 2129 3947 soluta
2160 3901 2241 3945 est
2264 3934 2279 3956 ,
2312 3889 2580 3960 quomodo
2620 3905 2724 3943 non
2754 3891 2934 3944 statim
2968 3900 3289 3954 evacuatur;
3317 3892 3361 3947 si
3393 3894 3462 3946 li-

1886 3992 2004 4053 gata
2030 4026 2043 4049 ,
2095 3998 2193 4037 cur
2240 3982 2400 4036 fluit?
2435 3980 2607 4035 llabes
2637 3980 2971 4049 exemplum,
3018 3980 3192 4035 debile
3216 3981 3426 4049 quidem
3449 4024 3462 4046 .

1886 4076 1977 4130 sed
2010 4074 2151 4144 quod
2182 4074 2231 4127 id
2262 4073 2353 4127 tibi
2385 4071 2611 4125 suadere
2652 4070 2841 4124 valeat.
2876 4068 3058 4124 Vidisti
3090 4085 3344 4139 aquarum
3374 4088 3460 4126 ra-

1886 4168 2132 4237 ptorem?
2161 4164 2337 4219 vidisti
2365 4162 2635 4234 quomodo
2666 4161 2733 4216 ab
2778 4161 2885 4215 imo
2915 4160 3212 4230 perforatas
3238 4164 3343 4217 sit?
3373 4165 3460 4218 Iu-

1886 4258 2144 4314 cumbens
2179 4257 2414 4312 continet
2436 4269 2695 4323 aquarum
2726 4253 2931 4322 copiam
2956 4294 2969 4317 ,
2989 4253 3266 4307 obturatur
3286 4266 3461 4310 autem

1888 4351 2107 4405 inferius
2130 4366 2224 4419 per
2253 4350 2379 4403 illud
2410 4347 2547 4416 quod
2580 4346 2823 4416 superius
2843 4354 3011 4416 urget.
3040 4345 3125 4401 Sic
3151 4349 3465 4404 immortalis

1890 4444 1982 4499 Dei
2008 4443 2203 4513 digitus
2231 4442 2471 4495 imminet
2499 4439 2749 4503 nubibus,
2778 4438 3022 4507 laxatque
3048 4447 3303 4507 quantum
3331 4442 3465 4502 vult.

1890 4543 1943 4589 et
1988 4543 2242 4602 quantum
2290 4531 2403 4583 vult
2451 4538 2655 4591 servat,
2695 4536 2751 4581 ut
2808 4543 2903 4594 per
2934 4527 3235 4581 universam
3269 4536 3467 4584 terram

1890 4619 2088 4672 donum
2118 4617 2344 4672 emittat.
2374 4613 2535 4681 lthue
2567 4611 2797 4665 maxime
2836 4610 2961 4664 facit
3013 4610 3063 4664 in
3097 4612 3345 4665 serotinis
3370 4612 3469 4666 itu-

1890 4710 2072 4764 bribus
2095 4749 2109 4773 ,
2134 4705 2345 4777 quando
2368 4714 2531 4759 totam
2560 4702 2787 4757 inebriat
2810 4710 3002 4754 terram
3035 4718 3046 4753 :
3074 4703 3288 4771 quando
3311 4704 3471 4757 modo

1895 4803 2044 4867 illud,
2081 4801 2240 4853 modo
2270 4797 2412 4853 aliud
2441 4798 2595 4852 clima
2634 4796 2789 4863 rigat.
2824 4793 2943 4848 Ideo
2968 4794 3042 4847 ait
3070 4793 3324 4864 propheta
3356 4814 3369 4849 :
3404 4795 3470 4849 Et

1894 4896 2030 4963 pluet
2076 4908 2226 4961 super
2264 4890 2511 4943 civitatem
2538 4902 2720 4949 unam,
2763 4894 2809 4938 et
2836 4901 2987 4954 super
3032 4887 3281 4939 civitatem
3316 4902 3471 4940 uuam

1892 5005 1991 5041 non
2027 4987 2179 5057 pluet.
2208 4984 2342 5038 Pars
2377 4998 2477 5034 una
2499 4979 2816 5043 compluetur
2841 5018 2855 5040 ,
2883 4986 2930 5029 et
2958 4993 3076 5045 pars
3097 5018 3111 5041 ,
3146 4992 3297 5045 super
3321 4993 3472 5047 quam

1893 5098 1990 5134 non
2012 5080 2169 5149 pluet,
2203 5083 2453 5130 exarescet
2486 5072 2659 5141 (Amos
2686 5069 2736 5123 4.
2770 5069 2843 5137 7).
2874 5066 3135 5121 incumbit
3160 5076 3337 5121 autem
3365 5083 3468 5121 nou

1894 5174 1985 5227 Dei
2017 5170 2211 5240 digitus
2234 5210 2247 5230 ,
2274 5167 2366 5221 sed
2392 5164 2575 5219 missio
2607 5161 2702 5232 (ὁ).
2734 5160 2844 5214 Sub
2875 5159 3040 5227 figura
3064 5167 3239 5213 autem
3268 5174 3474 5213 sermo-

1896 5280 2016 5319 nem
2049 5262 2163 5315 usui
2192 5266 2376 5313 nostro
2406 5250 2824 5310 accommodavi.
2847 5250 3023 5315 Jubet,
3050 5258 3105 5304 et
3128 5265 3234 5304 non
3265 5251 3469 5318 pluunt.

1894 5362 2068 5425 Atque
2121 5354 2219 5405 hoc
2249 5349 2377 5403 dicit
2420 5346 2689 5415 Scriptura
2725 5358 2737 5393 :
2772 5339 3035 5401 Nubibus,
3070 5340 3276 5409 inquit,
3326 5355 3471 5391 utau-

1897 5449 2026 5501 dubo
2068 5463 2127 5499 ne
2171 5443 2352 5513 pluaut
2402 5438 2608 5491 imbrem
2639 5433 2805 5505 (lsai.
2840 5433 2892 5487 5.
2920 5433 2952 5486 6
2977 5433 3021 5503 ).
3054 5432 3214 5499 Quam
3266 5430 3466 5500 magni-

1980 5630 2031 5691 a)
2067 5627 2250 5675 Phrasis
2275 5627 2402 5673 inter
2424 5611 3038 5691 uncinosﬂrositagdeestiu

1980 5630 2031 5691 (ι)
2067 5629 2250 5675 Phrasis
2275 5629 2402 5673 inter
2424 5629 2627 5671 uncinos
2650 5629 2802 5688 rostra
2823 5629 2967 5661 aeeSt
2990 5629 3038 5659 ιιι
3063 5629 3202 5678 sunt.

1958 5629 2029 5752 lb)
2063 5698 2239 5737 Omnes
2263 5694 2396 5752 loss,
2422 5682 2595 5752 ntjssio.
2624 5676 3035 5752 Sa_v'tl._rin_-ntarg;
3067 5665 3470 5752 [iQStlll'E,-t

1896 5728 2238 5803 "suam";
2264 5728 2585 5799 caseatae
2605 5728 3038 5803 τιυιιαθιῐοιονίωίθ
3066 5728 3238 5803 Ᾰ.¹³⁰.¹¹²
3260 5732 3474 5794 ³Ρ¹¹⁰⁶⁵⁸³

1899 5798 2343 5877 ἧῦἶάξνὴιαηααηιηι
2368 5806 2542 5871 posuit.
2571 5802 2662 5853 Sed
2686 5798 2845 5853 missio
2866 5806 2999 5846 stare
3023 5798 3205 5857 potest.
