4110 6318
661 395 776 450 455

668 495 822 559 ﬁcata
874 495 989 544 sunt
1043 499 1194 552 opera
1243 493 1328 536 tua
1353 523 1367 549 ,
1414 481 1628 537 Domine
1652 481 1673 536 ,ν
1722 480 1903 534 Omnia
1949 479 2003 532 in
2045 480 2253 542 sapien-

670 585 741 640 tia
787 582 948 654 fecisti
987 577 1181 651 (Psal.
1229 576 1353 631 105.
1406 572 1478 628 ΞΛ
1505 575 1542 645 ).
1588 571 1834 628 Vidistin’
1877 570 1972 626 Del
2017 571 2253 626 creatio-

670 676 835 733 nem?
869 670 1100 727 vidistin’
1125 667 1394 740 quomodo
1433 667 1675 722 obstruat
1723 664 2095 719 lnrreticorum
2123 677 2216 717 ora
2235 704 2250 728 ,

667 767 758 840 qui
787 763 1112 823 creationem
1160 762 1439 830 ignorant,
1479 768 1532 814 et
1579 757 1886 813 Creatorem
1925 755 2134 810 curiose
2161 769 2256 810 ex-

667 863 880 932 plorant
905 859 926 913 τ
948 855 1138 913 Omnia
1173 855 1263 910 Dei
1305 854 1405 924 legi
1456 853 1842 922 obsequuntur.
1876 850 1988 906 Stat
2019 849 2207 904 catlum
2235 890 2251 916 ,

667 972 773 1014 non
807 970 900 1011 sua
934 968 1093 1008 manu
1125 957 1388 1021 gestatum
1410 989 1423 1013 ,
1456 947 1550 1002 sed
1592 946 1769 1000 divina
1814 946 1929 1015 lege
1961 943 2252 998 ﬁrmatunt.

667 1048 803 1104 Cum
853 1047 996 1102 enim
1041 1044 1392 1106 dubitavere,
1440 1039 1707 1110 quomodo
1751 1054 1819 1092 ex
1875 1036 2029 1108 aquis
2065 1035 2254 1090 caelum

665 1147 972 1194 concretum
1000 1135 1089 1200 sit,
1121 1132 1506 1188 dubitationem
1532 1145 1705 1184 meam
1737 1129 1897 1183 solvit
1928 1127 2114 1181 beatus
2146 1125 2254 1180 Da-

666 1229 756 1284 vid
786 1230 972 1283 dicens
1002 1244 1014 1278 :
1053 1224 1211 1279 Verbo
1234 1223 1439 1278 Domini
1467 1222 1574 1275 ειεΙὶ
1607 1221 1793 1288 ﬁrmati
1813 1227 1927 1274 sunt
1952 1221 1968 1287 (
1990 1216 2132 1272 Psal.
2162 1215 2251 1272 32.

667 1320 746 1393 6).
787 1320 897 1375 Cur
922 1319 1062 1373 enim
1097 1316 1290 1370 tit-mali
1320 1314 1481 1370 sunt?
1511 1312 1771 1380 Quoniam
1803 1326 1867 1364 ex
1900 1309 2051 1379 aquis
2080 1317 2251 1362 erant.

667 1414 963 1482 Numquam
987 1411 1053 1466 de
1092 1409 1264 1464 solido
1295 1417 1348 1461 et
1379 1407 1532 1460 ﬁrtno
1558 1405 1784 1469 dicitur,
1814 1403 2110 1458 Firmatum
2149 1410 2251 1456 est.

669 1506 850 1576 Neque
871 1513 1047 1574 potest
1076 1501 1340 1572 quispiam
1353 1500 1553 1563 dicere,
1585 1506 1790 1569 petram
1823 1495 2083 1550 ﬁrmatam
2110 1508 2250 1548 esse.

667 1596 824 1652 Aliud
849 1602 931 1649 est
955 1593 1224 1647 ﬁrmatum
1257 1606 1402 1653 eSse,
1437 1589 1579 1642 aliud
1611 1602 1731 1643 esse
1763 1585 2000 1640 ﬁrmum.
2048 1583 2254 1638 Firma-

667 1696 781 1741 tum
809 1682 1182 1753 dicitur,'quod
1210 1696 1328 1735 cum
1361 1696 1538 1735 rarum
1567 1687 1619 1734 et
1650 1677 1810 1732 molle
1835 1686 1999 1742 esset,
2029 1691 2252 1731 concre-

667 1790 779 1832 tum
812 1777 930 1830 fuit.
965 1774 1090 1830 Ideo
1120 1774 1330 1838 Petrus,
1364 1770 1579 1841 quando
1615 1769 1967 1840 paralyticum
2011 1768 2250 1832 sanavit,

666 1870 804 1924 dixit
834 1885 848 1922 :
904 1885 920 1918 ι
958 1866 1070 1921 Viri
1119 1864 1396 1929 Israelitze,
1427 1862 1551 1931 qttid
1587 1859 1855 1915 miramini
1899 1860 1951 1914 in
1993 1858 2131 1924 hoc,
2165 1867 2255 1912 aut

667 1975 767 2015 nos
793 1959 920 2029 quid
950 1956 1254 2020 intuemini,
1289 1953 1439 2024 quasi
1486 1963 1668 2008 nostra
1698 1953 1900 2006 virtute
1940 1959 2028 2004 aut
2059 1950 2254 2020 pietate

667 2054 954 2108 fecerimus
988 2049 1127 2104 hunc
1153 2046 1466 2102 ambulare?
1495 2045 1634 2100 Deus
1670 2052 1880 2114 patrum
1921 2051 2249 2106 nostrorum,

670 2147 812 2199 Deus
843 2143 1112 2198 Abraham
1143 2148 1194 2195 et
1241 2139 1386 2192 Isaac
1432 2147 1481 2192 et
1512 2136 1699 2197 Jacob,
1731 2135 2045 2204 gloriﬁcavit
2087 2133 2252 2186 ﬁlium

667 2253 823 2292 suum
853 2237 1068 2290 Jesum:
1105 2243 1158 2287 et
1186 2233 1238 2286 in
1269 2231 1371 2285 ﬁde
1398 2230 1630 2285 nominis
1663 2230 1782 2299 ejus
1810 2228 1950 2282 hunc
1983 2241 2142 2297 quem
2169 2225 2251 2280 vi-

669 2328 808 2383 detis
838 2336 891 2381 et
916 2325 1105 2390 nostis,
1149 2322 1487 2378 conﬁrmavit
1516 2336 1707 2374 nomen
1736 2320 1853 2389 ejus
1893 2320 1909 2388 (
1943 2318 2055 2372 Act.
2080 2319 2132 2372 5.
2164 2317 2249 2372 12.

665 2419 754 2471 15.
793 2417 858 2470 16
885 2417 905 2487 )
934 2432 947 2479 ;
980 2428 1174 2482 nempe
1204 2412 1550 2482 paralytieum
1571 2409 1922 2464 conﬁrmavit.
1945 2407 2068 2462 Ideo
2095 2405 2253 2460 Verbo

665 2508 873 2562 Domini
913 2506 1024 2560 ειειὶ
1073 2504 1264 2572 ﬁrmati
1308 2511 1422 2555 sunt
1464 2499 1482 2572 (
1515 2499 1659 2554 Psal.
1695 2499 1783 2555 52.
1813 2500 1914 2568 6);
1953 2515 2014 2553 ex
2045 2498 2180 2552 raris
2200 2506 2254 2553 et

665 2597 942 2652 dissolutis
972 2596 1123 2664 aquis
1149 2594 1313 2648 verbo
1345 2593 1552 2646 Domini
1595 2591 1762 2645 nubes
1809 2591 1860 2644 in
1891 2589 2121 2644 sublime
2153 2590 2255 2644 tol-
2288 2601 2294 2606 '

667 2691 867 2744 luntur.
893 2688 1047 2753 Vide,
1077 2699 1285 2756 quaeso.
1320 2685 1466 2753 Aqua
1497 2698 1613 2752 qua:
1640 2697 1820 2736 amara
1843 2691 1976 2748 erat,
1998 2690 2248 2736 mutatur.

669 2783 745 2835 Ex
787 2779 920 2835 mari
956 2778 1210 2833 hauriunt
1256 2776 1428 2830 nubes
1451 2817 1464 2843 ,
1497 2785 1550 2828 et
1584 2789 1702 2828 eam
1731 2787 1852 2842 quae
1896 2788 1959 2826 ex
1990 2771 2254 2841 profundo

669 2872 912 2926 hauritur
961 2884 1142 2923 amara
1168 2909 1183 2935 ,
1218 2867 1428 2922 dulcem
1477 2875 1532 2920 et
1574 2863 1861 2934 potabilem
1891 2861 2147 2917 efﬁciunt.
2181 2861 2255 2916 De

666 2962 944 3032 profundis
974 2974 1071 3014 nos
1111 2959 1319 3030 abyssis
1340 2957 1592 3012 excitavit
1615 2955 1883 3021 Christus,
1908 2961 1963 3008 et
1991 2953 2252 3008 amaritu-

667 3058 844 3110 dinem
874 3063 1112 3108 nostram
1138 3067 1241 3104 non
1271 3050 1605 3119 deponimus.

739 3149 969 3202 Christus
1011 3146 1064 3198 in
1102 3144 1330 3198 omnibus
1373 3141 1626 3196 elementis
1675 3138 1925 3192 miracula
1957 3139 2106 3208 fecit,
2138 3138 2254 3193 hinc

668 3239 910 3310 probatur
937 3237 1092 3290 Deus.
1135 3265 1203 3275 —-
1228 3235 1358 3300 Quis
1392 3244 1472 3290 est
1503 3233 1546 3288 is
1575 3233 1663 3303 qui
1693 3232 1818 3287 fecit
1842 3233 2030 3286 ezelum
2061 3241 2115 3285 et
2143 3242 2252 3286 ler-

668 3330 823 3385 ram?
857 3331 966 3399 Ego
996 3328 1116 3382 dico
1162 3327 1434 3380 Christum
1470 3341 1610 3380 esse.
1663 3325 1731 3379 Et
1765 3325 1906 3378 unde
1951 3323 2092 3378 hoc?
2119 3323 2251 3391 Quia

667 3426 711 3477 si
741 3438 846 3478 non
875 3433 1017 3477 esset
1051 3420 1304 3474 Dominus
1335 3419 1593 3481 omnimn,
1626 3418 1677 3470 in
1705 3417 1982 3487 evangelio
2015 3432 2121 3470 non
2157 3416 2258 3470 mi-

668 3515 843 3571 racula
874 3521 1133 3583 patrassct
1157 3513 1207 3564 in
1229 3510 1474 3564 omnibus
1492 3511 1769 3564 creaturis.
1795 3509 1895 3563 Per
1912 3509 2088 3563 omnia
2112 3507 2254 3562 enim

667 3608 932 3660 elementa
966 3603 1230 3658 mirabilia
1276 3602 1432 3665 fecit;
1473 3617 1564 3671 per
1594 3611 1806 3661 terram.
1847 3616 1941 3670 per
1971 3615 2137 3664 mare,
2163 3614 2257 3669 per

667 3714 868 3762 aerem,
901 3712 997 3767 per
1024 3697 1197 3766 ignem
1220 3703 1306 3758 ;ut
1327 3696 1674 3764 conspicuum
1705 3695 1772 3747 sit
1794 3695 1966 3762 ipsum
1994 3707 2113 3748 esse
2131 3707 2254 3746 om-

669 3792 816 3844 nium
843 3798 1206 3844 creaturarum
1233 3787 1533 3840 Dominum.
1568 3787 1676 3841 Diei
1701 3787 1803 3841 luci
1830 3785 2139 3856 supervenit
2166 3799 2260 3839 ve-

670 3898 841 3952 spera:
870 3883 978 3936 lux.
1023 3879 1112 3934 Sol
1159 3880 1320 3943 lucet,
1349 3889 1402 3933 et
1433 3878 1648 3933 lucerna
1679 3877 1846 3932 facem
1879 3878 2091 3947 prtefert
2113 3898 2124 3932 :
2150 3876 2255 3932 dici

670 3976 812 4041 ﬁnis,
842 3989 906 4029 ac
935 3974 1103 4028 noctis
1131 3972 1432 4028 exordium.
1474 3971 1576 4026 Sed
1608 3980 1682 4032 tu,
1717 3986 1835 4024 eum
1863 3970 2060 4025 videris
2084 3970 2256 4024 lucer-

669 4081 793 4119 nam
819 4075 872 4119 et
901 4065 1068 4118 solem
1098 4103 1112 4127 ,
1147 4062 1308 4116 dicito
1339 4079 1353 4116 :
1386 4061 1525 4114 Tuus
1554 4072 1623 4114 est
1651 4061 1756 4114 dies
1778 4102 1791 4124 ,
1824 4071 1868 4113 et
1897 4071 1984 4113 tua
2009 4069 2080 4114 est
2117 4076 2256 4125 nox;

671 4166 723 4206 tu
750 4156 1024 4224 fabricatus
1055 4170 1104 4208 es
1126 4153 1281 4222 jubar
1311 4163 1355 4206 et
1381 4153 1574 4221 solem(
1609 4151 1748 4206 l’sat.
1782 4153 1869 4206 75.
1903 4151 2026 4221 16).
2060 4151 2255 4206 Verum

670 4249 756 4302 fax
802 4249 916 4310 illa,
943 4261 1062 4316 quze
1099 4244 1380 4314 praefertur
1401 4283 1414 4307 ,
1458 4258 1761 4296 sermonem
1793 4258 1899 4296 non
1931 4241 2254 4312 interpellat.

669 4341 893 4408 Oportet
933 4337 1074 4391 enim
1119 4335 1285 4388 solem
1341 4347 1561 4387 currere
1605 4332 1671 4385 ad
1710 4333 1828 4400 ejus
1858 4333 2063 4400 jussum
2098 4333 2256 4402 (nam

670 4429 766 4482 .Sol
783 4428 1010 4498 cognovit
1038 4442 1273 4480 occasum
1301 4441 1449 4478 suum
1480 4422 1654 4496 [PsaL
1684 4421 1958 4495 105.19]),
1993 4432 2048 4477 ιιι
2075 4432 2259 4476 osten-

669 4518 829 4574 datur
851 4518 1121 4573 Christum
1145 4516 1380 4570 omuium
1421 4526 1787 4568 creaturarum
1806 4513 2096 4568 Dominum
2114 4528 2255 4569 esse.

671 4612 725 4663 ld
753 4610 986 4666 Joannes
1018 4609 1290 4678 praedicat,
1329 4608 1516 4661 Omnia
1543 4624 1632 4677 per
1653 4609 1819 4677 ipsum
1846 4608 1982 4678 facta
2013 4616 2132 4661 sunt
2156 4648 2170 4672 ,
2211 4615 2259 4662 et

670 4706 777 4757 sine
799 4704 908 4772 ipso
937 4703 1124 4771 factum
1152 4712 1222 4754 est
1251 4701 1377 4754 nihil
1405 4700 1539 4769 quod
1560 4704 1746 4770 factum
1769 4709 1841 4752 est
1869 4697 2060 4766 (Joan.
2089 4699 2140 4754 1.
2165 4698 2254 4770 5).

673 4797 869 4851 Verum
899 4795 1176 4865 oportebat
1202 4794 1372 4860 ipsum
1405 4807 1508 4846 nou
1535 4807 1783 4845 sermone
1812 4801 2014 4844 tantum
2043 4792 2254 4856 lucere,

675 4887 769 4942 sed
799 4888 958 4942 etiam
991 4899 1174 4955 opere.
1201 4883 1339 4938 Dixit
1362 4883 1515 4944 mari,
1558 4880 1707 4946 Tace,
1739 4881 2059 4949 obmutesce(
2090 4880 2254 4936 ﬁfarc.

669 4982 722 5036 4.
754 4980 866 5050 59);
895 4987 946 5034 et
976 4978 1258 5041 obmutuit,
1292 4977 1607 5046 agnovitque
1633 4989 1766 5045 opus
1811 4972 2088 5044 Opiﬁeent.
2119 4975 2258 5030 Dixit

674 5075 816 5125 enim
863 5072 1017 5135 mari,
1051 5078 1103 5125 et
1141 5069 1337 5131 tacuit;
1372 5068 1504 5121 dixit
1534 5079 1709 5131 vento,
1741 5077 1795 5121 et
1834 5067 2130 5123 refrenatus
2152 5076 2252 5122 est.

675 5162 728 5217 Si
756 5177 858 5215 non
889 5162 1332 5229 obtemperasset,
1364 5159 1480 5225 ejus
1502 5157 1755 5212 Conditor
1796 5175 1899 5212 non
1944 5158 2106 5214 fuisse
2133 5173 2257 5228 pro-

676 5255 893 5308 deretur
919 5270 932 5318 ;
967 5252 1066 5306 nisi
1093 5251 1348 5304 Dominus
1381 5263 1520 5304 esset
1549 5265 1720 5318 aqum,
1751 5266 1856 5304 non
1885 5250 2028 5306 illam
2059 5261 2260 5306 mutas-

675 5355 758 5402 set
784 5347 834 5400 in
860 5346 1065 5407 vinum;
1089 5345 1185 5397 nisi
1219 5351 1360 5397 esset
1386 5343 1500 5397 eacli
1533 5343 1804 5408 Dominus,
1831 5360 1935 5399 non
1965 5361 2086 5400 eum
2106 5345 2256 5400 stella

679 5440 743 5492 de
783 5437 915 5492 caelo
943 5434 1321 5506 prmdicasset;
1370 5434 1469 5488 nisi
1500 5445 1643 5489 esset
1685 5435 1812 5489 solis
1842 5437 2117 5504 Dominus,
2151 5452 2256 5492 non

679 5531 914 5585 tenebris
944 5544 1001 5584 se
1028 5528 1331 5583 obvelasset
1364 5527 1412 5580 in
1436 5542 1616 5582 cruce.
1649 5528 1893 5583 Christus
1926 5531 1974 5584 in
1999 5547 2173 5593 cruce,
2207 5541 2260 5586 et

679 5623 756 5676 sol
786 5621 1165 5675 obtenebratus
1194 5626 1294 5673 est.
1325 5617 1369 5672 Ο
1399 5620 1746 5672 miraculum!
1777 5618 2027 5674 Creatura
2050 5637 2156 5676 non
2181 5633 2261 5676 tu-

680 5713 738 5767 lit
783 5711 1159 5766 contumeliam
1213 5709 1443 5764 Domini.
1493 5710 1883 5765 Obtenebratus
1930 5721 2012 5766 est
2060 5715 2176 5776 Sol,
2204 5723 2262 5768 ut

681 5804 734 5858 in
775 5802 884 5866 ipsa
914 5817 1071 5858 cruce
1115 5802 1242 5858 solis
1276 5802 1555 5857 Dominum
1602 5804 1836 5858 noveris.
1877 5805 2152 5858 Commota
2179 5816 2260 5860 est

2098 361 2460 418 SEVERIANI

3844 383 3958 438 456

2375 489 2532 542 terra,
2559 488 2613 534 ut
2641 478 2814 534 discas
2841 481 2907 536 de
2937 482 3051 552 ipso
3085 483 3337 538 Davidem
3373 481 3577 538 dixisse
3609 500 3621 535 :
3655 483 3759 551 Qui
3790 502 3955 552 respi-

2361 572 2429 625 cit
2459 582 2642 626 terram
2673 584 2718 626 et
2748 575 2868 643 facit
2896 591 3005 627 eam
3048 586 3255 630 tremere
3285 575 3454 645 (Psal.
3487 577 3608 633 105.
3635 577 3761 646 52).
3815 580 3954 632 Scis-

2362 680 2437 718 sa:
2468 673 2588 719 sunt
2617 675 2800 734 petrzr,
2823 676 2876 720 ut
2902 667 3076 722 discas
3102 667 3170 722 de
3196 683 3422 738 quonam
3449 669 3643 724 diterit
3675 670 3955 740 proplteta'

2364 753 2536 808 Furor
2561 757 2669 828 ejus
2696 757 2942 811 tabescere
2964 759 3086 829 facit
3112 760 3445 827 principatus,
3469 769 3513 813 et
3536 771 3694 829 petra:
3717 766 3953 832 perfora-

2362 855 2427 900 ta:
2444 856 2558 901 sunt
2579 847 2640 900 ab
2669 864 2725 901 eo
2749 847 3002 918 (Nonum.
3030 849 3080 904 1.
3101 849 3175 918 6).
3211 849 3545 906 Monumeuta
3580 861 3767 922 aperta
3795 863 3922 907 sunt
3940 897 3952 916 ,

2363 947 2420 993 ut
2467 949 2750 1010 appareret
2781 942 3141 1009 resurrectio,
3190 950 3245 998 et
3280 943 3369 1012 qui
3421 944 3642 998 suscitat
3685 944 3830 1000 Deus
3863 960 3956 1016 per

2361 1042 2554 1088 cuncta
2580 1033 2908 1102 splenderet.

2434 1128 2486 1181 7.
2540 1126 2756 1181 Moralis
2785 1128 3085 1193 conclusio;
3110 1128 3416 1198 sacriﬁcium
3449 1130 3790 1200 vespertinum
3813 1131 3934 1200 quid

2359 1251 2429 1262 —
2467 1220 2655 1292 Opera:
2706 1221 2931 1288 pretium
2961 1235 3088 1276 vero
3126 1232 3210 1276 est
3247 1230 3304 1275 ut
3339 1220 3597 1276 moralem
3643 1236 3956 1276 moveamus

2361 1329 2685 1368 sermonem.
2710 1312 2948 1368 Lucerna
2973 1322 3129 1368 vocat
3158 1328 3278 1379 nos,
3312 1323 3367 1366 ut
3398 1313 3637 1367 dicamus
3675 1329 3689 1365 :
3726 1311 3956 1366 Lucerna

2363 1406 2570 1475 pedibus
2595 1406 2716 1458 meis
2745 1407 2945 1458 verbum
2979 1414 3143 1472 tuum,
3167 1414 3213 1458 et
3231 1405 3397 1458 lumen
3423 1403 3611 1458 semitis
3635 1404 3762 1457 meis
3785 1403 3952 1473 (Ρωι.

2365 1498 2485 1551 118.
2521 1497 2686 1564 103).
2734 1496 2963 1552 Advenit
2991 1511 3211 1565 vespera
3257 1505 3314 1550 ut
3361 1495 3648 1550 dicamus:
3690 1494 3956 1567 Dirigatur

2362 1591 2523 1643 oratio
2567 1607 2676 1642 utea
2717 1589 2846 1642 sicut
2890 1590 3147 1643 incensum
3187 1590 3240 1643 in
3289 1599 3559 1660 conspectu
3590 1599 3713 1654 tuo,
3746 1591 3958 1644 elevatio

2361 1695 2600 1733 manuum
2631 1697 2857 1735 mearum
2898 1681 3204 1750 sacriﬁcium
3242 1681 3574 1749 vespertinum
3607 1679 3626 1750 (
3665 1678 3806 1733 Ibid.
3833 1681 3956 1737 HO.

2359 1769 2442 1840 Ξ).
2469 1769 2576 1824 Cur
2599 1786 2702 1824 non
2737 1771 3097 1826 matutinum?
3126 1771 3224 1826 llic
3251 1771 3485 1825 animum
3517 1768 3770 1825 adhibete
3797 1789 3810 1825 :
3837 1787 3955 1826 nam

2362 1879 2486 1933 qum
2519 1863 2813 1932 psallimus,
2849 1863 2987 1918 scire
3013 1863 3292 1919 debemus.
3335 1863 3473 1918 Dicit
3499 1862 3664 1917 David
3701 1861 3957 1917 :Psallite

2361 1959 2632 2025 sapienter.
2663 1955 2890 2010 Elevatio
2911 1973 3150 2010 manuum
3177 1973 3404 2010 mearum
3423 1956 3729 2023 sacriﬁcium
3750 1972 3954 2024 resper-

2363 2049 2701 2116 tinumUbid.
2735 2047 2824 2104 46.
2850 2047 2925 2118 8).
2953 2049 3065 2104 Duo
3091 2047 3349 2103 sacriﬁcia
3386 2048 3544 2118 jussit
3580 2047 3698 2102 ﬁeri
3721 2047 3955 2118 Moyses,

2362 2143 2470 2197 imo
2503 2142 2663 2207 Deus,
2706 2159 2867 2196 unum
2900 2141 3239 2206 matutinum,
3270 2151 3324 2195 et
3363 2156 3522 2194 unum
3563 2140 3951 2208 vespertinum.

2361 2235 2613 2289 Matutina
2681 2236 2969 2303 gratiarum
2999 2236 3138 2289 actio
3175 2250 3269 2302 pro
3311 2243 3468 2288 nocte
3514 2242 3650 2288 erat.
3698 2232 3838 2287 Nam
3873 2237 3957 2302 qui

2363 2326 2414 2380 in
2455 2336 2612 2380 nocte
2644 2335 2888 2381 servatus
2917 2335 3036 2391 est,
3084 2326 3135 2379 in
3165 2325 3251 2381 die
3277 2327 3474 2397 gratias
3513 2324 3640 2392 agit.
3677 2323 3955 2391 VeSperti-

2362 2434 2490 2472 tuntt
2523 2418 2845 2472 sacriﬁcium
2875 2433 2972 2487 pro
2999 2417 3087 2474 die
3117 2428 3249 2473 erat.
3283 2417 3435 2486 Quia,
3457 2416 3647 2486 inquit,
3679 2417 3733 2470 itt
3760 2417 3854 2472 die
3877 2432 3957 2471 me

2362 2509 2610 2575 servasti,
2643 2525 2736 2578 pro
2761 2519 2872 2563 toto
2899 2509 2986 2563 die
3015 2510 3212 2576 gratias
3242 2524 3340 2577 ago
3368 2508 3482 2562 tibi.
3520 2507 3846 2562 Matutiuum
3872 2522 3955 2562 sa-

2359 2599 2619 2653 crificium
2647 2613 2749 2653 non
2773 2615 2895 2654 cum
2918 2600 3124 2668 recipit,
3154 2601 3242 2670 qui
3277 2601 3326 2653 in
3357 2609 3514 2654 noete
3543 2601 3811 2670 peccavit.
3837 2599 3960 2653 Ideo

2359 2689 2525 2744 dicit:
2560 2687 2793 2745 Eleoatio
2832 2707 3071 2745 manuum
3103 2708 3327 2746 mearum
3365 2691 3677 2760 sacriﬁcium
3709 2693 3957 2762 vesperti-

2361 2801 2500 2837 num.
2534 2784 2838 2853 lngrederis
2863 2799 3165 2854 vesperam,
3189 2783 3445 2855 expandis
3479 2786 3710 2846 manus:
3745 2785 3789 2837 si
3824 2784 3957 2837 ﬁdu-

2360 2877 2496 2930 ciam
2521 2875 2739 2942 habent,
2759 2877 3124 2946 expandantur
3159 2895 3172 2930 :
3200 2877 3242 2931 si
3276 2891 3378 2930 non
3408 2877 3740 2944 scripserunt
3765 2874 3958 2944 iniqui-

2361 2975 2523 3021 tatem
2555 3009 2569 3032 ,
2613 2968 2656 3022 si
2689 2983 2950 3038 pauperes
2986 2983 3092 3022 non
3136 2967 3467 3034 spoliarunt,
3496 2967 3540 3021 si
3574 2967 3808 3036 pupillos
3853 2983 3959 3020 non

2360 3067 2764 3128 Oppresseruut,
2795 3069 2851 3113 ut
2893 3074 3011 3129 qua:
3043 3073 3324 3128 personam
3371 3059 3568 3113 habent
3603 3058 3961 3113 extollantur.

2369 3147 2596 3203 Elevatio
2623 3165 2866 3202 manuum
2911 3165 3178 3212 ineorum;
3217 3164 3280 3203 ac
3323 3149 3366 3202 si
3406 3148 3628 3209 diceret.
3659 3147 3821 3211 Vide,
3855 3149 3963 3202 Do-

2363 3239 2506 3294 mine
2529 3280 2542 3301 ,
2576 3239 2788 3293 munda:
2827 3249 2952 3296 sunt
2992 3255 3199 3294 manus.
3233 3238 3690 3308 Quemadmodum
3732 3255 3889 3295 enuu
3920 3243 3963 3295 is

2362 3331 2450 3398 qui
2485 3333 2722 3398 peccavit
2754 3332 2956 3385 vultum
2988 3333 3249 3387 extollere
3279 3348 3382 3386 non
3414 3343 3607 3395 notest,
3637 3333 3728 3386 sed
3771 3349 3803 3385 a
3833 3349 3966 3387 con-

2365 3421 2585 3475 scientia
2621 3423 2930 3476 incurt-atur
2955 3440 2966 3475 :
2997 3424 3075 3476 sic
3099 3437 3290 3477 manus
3313 3425 3534 3493 polluta,
3564 3441 3627 3477 ne
3649 3424 3813 3478 audet
3843 3426 3966 3493 qui-

2363 3511 2483 3565 dem
2511 3527 2693 3566 eorum
2716 3514 2822 3566 Deo
2849 3513 3165 3567 consisIere.
3193 3512 3326 3567 Vide
3351 3531 3365 3566 :
3395 3515 3436 3566 si
3468 3528 3651 3568 manus
3672 3515 3779 3568 sint
3803 3530 3966 3569 mutt-

2363 3605 2445 3658 dm
2467 3605 2533 3659 ab
2556 3606 2852 3672 iniquitate,
2881 3606 3268 3675 expamlantur.
3301 3605 3424 3660 Ideo
3451 3606 3746 3676 patriarcha
3785 3607 3965 3661 Abra-

2365 3697 2486 3753 ham
2519 3709 2670 3768 turpe
2698 3700 2900 3754 lucrum
2934 3701 3216 3762 recusavit,
3247 3713 3366 3753 eum
3395 3699 3598 3753 diceret
3634 3699 3681 3752 ei
3713 3713 3816 3752 rex
3865 3699 3969 3754 So-

2363 3790 2643 3844 domorum
2689 3807 2701 3842 :
2751 3791 2933 3860 Accipe
2982 3791 3151 3844 omnia
3178 3834 3192 3856 ,
3243 3791 3476 3844 mulieres
3519 3799 3708 3843 tantum
3755 3791 3969 3844 dimitte

2367 3881 2516 3955 (Gen.
2549 3883 2633 3937 14.
2665 3881 2755 3936 21.
2786 3881 2900 3953 2‘2).
2935 3882 3003 3938 Ut
3042 3884 3218 3953 itaque
3257 3883 3498 3937 ﬁduciam
3529 3883 3740 3937 haberet
3769 3924 3785 3944 ,
3827 3884 3971 3938 nihil

2364 3977 2568 4044 accepit
2598 3993 2611 4037 ;
2645 3975 2737 4029 sed
2766 3990 2885 4029 cum
2920 3976 3063 4043 puris
3091 3975 3332 4030 manibus
3357 3986 3518 4039 esset,
3549 3974 3756 4028 dicebat
3802 3984 3819 4026 :
3856 3974 3967 4028 Ez-

2365 4067 2568 4120 tendam
2601 4083 2779 4120 manus
2819 4083 2957 4121 meas
2988 4067 3057 4120 ad
3086 4066 3268 4131 Desint,
3295 4068 3381 4135 qui
3409 4067 3523 4134 fecit
3560 4067 3734 4118 ca'lunt
3768 4076 3824 4119 et
3863 4077 3964 4121 ter-

2363 4174 2474 4211 ram
2501 4172 2520 4211 :
2547 4165 2601 4211 et
2643 4156 2904 4222 extendit,
2938 4158 3057 4226 quia
3097 4171 3202 4212 nou
3228 4166 3381 4211 erant
3411 4157 3621 4226 polluta:
3651 4154 3866 4224 iujusto
3893 4158 3972 4212 lu-

2362 4266 2478 4306 cro.
2510 4249 2736 4304 Elevatio
2756 4267 2995 4303 manuum
3014 4266 3265 4304 mearum.
3291 4249 3439 4314 Illud,
3465 4248 3689 4303 Elevatio
3704 4264 3969 4304 manuum

2365 4356 2613 4403 mearum,
2641 4339 3024 4409 interpretatur
3047 4340 3271 4394 Paulus:
3310 4338 3438 4394 Volo
3465 4341 3616 4410 igitur
3641 4339 3778 4392 viros
3811 4357 3970 4395 amre

2366 4435 2418 4483 in
2446 4431 2581 4483 omni
2626 4428 2735 4483 loco
2763 4430 2980 4484 levantes
3017 4440 3220 4484 sanctas
3261 4447 3440 4485 manus
3482 4431 3588 4485 sine
3613 4431 3689 4482 ira
3713 4440 3762 4484 et
3794 4431 3968 4485 disce-

2367 4521 2675 4592 ptationibus
2707 4521 2724 4591 (
2765 4523 2817 4575 1.
2852 4519 2983 4576 Tim.
3011 4520 3066 4575 2.
3111 4521 3145 4577 8
3175 4520 3215 4592 ).
3259 4520 3493 4591 Vespera
3533 4536 3561 4575 a
3593 4518 3739 4574 nobis
3793 4523 3968 4591 exigit

2365 4627 2605 4683 vesperae
2627 4626 2809 4682 opera.
2845 4611 3118 4681 Expandis
3157 4626 3381 4676 manus,
3413 4619 3677 4666 scrutatur
3718 4611 3967 4666 Artifex.

2364 4705 2595 4762 Advenit
2620 4703 2937 4759 matutinum
2964 4711 3201 4774 tempus,
3238 4713 3292 4758 et
3320 4704 3362 4758 si
3395 4717 3578 4772 puram
3609 4715 3710 4755 non
3748 4701 3972 4757 habeas

2363 4807 2417 4853 et
2447 4811 2660 4850 manum
2680 4804 2734 4850 et
2752 4805 3004 4862 mentem,
3028 4795 3343 4850 matutinum
3369 4803 3572 4862 tempus
3595 4807 3657 4846 ne
3683 4794 3974 4861 respicere

2364 4888 2578 4958 quidem
2607 4885 2811 4941 audes:
2836 4887 3166 4956 experientia
3197 4886 3452 4952 magistra
3479 4894 3580 4940 est.
3610 4883 3801 4953 Cogita
3836 4900 3970 4939 cum

2365 4988 2560 5049 quanta
2586 4977 2775 5032 ﬁducia
2809 4977 3135 5046 ingrediatur
3165 4976 3209 5032 is
3233 4976 3322 5047 qui
3349 4990 3511 5046 purus
3532 4981 3758 5037 maneat,
3801 4977 3973 5044 quasi

2367 5071 2419 5124 in
2451 5070 2664 5139 propria
2688 5069 2849 5122 domo
2873 5067 3128 5122 ambulet.
3159 5066 3430 5123 Fiduciam
3474 5067 3562 5122 dat
3609 5065 3680 5120 illi
3726 5069 3975 5120 matuti-

2366 5161 2450 5216 nis
2475 5162 2618 5214 horis
2649 5175 2749 5214 nox
2780 5161 2829 5214 in
2849 5161 3175 5216 continentia
3203 5173 3408 5216 exacta.
3441 5160 3562 5215 Ideo
3590 5155 3750 5213 David
3791 5157 3968 5214 dicit.

2370 5251 2431 5306 Si
2450 5267 2638 5304 memor
2663 5252 2738 5322 fui
2769 5252 2842 5304 tui
2869 5267 3021 5320 super
3045 5262 3260 5306 stratum
3284 5269 3468 5317 meum,
3487 5252 3541 5305 in
3567 5247 3837 5303 matutinis
3863 5268 3967 5305 me

2368 5343 2565 5395 ditabar
2589 5343 2641 5395 in
2672 5352 2716 5396 te
2747 5342 2765 5412 (
2799 5340 2943 5395 Psal.
2973 5341 3062 5397 62.
3093 5343 3126 5397 7
3155 5344 3196 5410 ).
3228 5341 3437 5399 Gratias
3465 5355 3566 5410 ago
3593 5339 3734 5393 Deo:
3774 5353 3953 5396 recor

2369 5436 2470 5491 dor
2503 5437 2833 5490 fatiscentem
2863 5450 3048 5490 vocem
3079 5451 3109 5492 a
3154 5436 3248 5492 Dei
3286 5436 3450 5492 verbo
3476 5439 3775 5503 reparatam
3801 5448 3941 5489 esse

2369 5544 2475 5582 non
2519 5543 2615 5596 pro
2647 5527 2846 5582 nostris
2891 5529 3131 5595 meritis,
3180 5528 3275 5584 sed
3321 5541 3422 5598 pro
3461 5533 3636 5580 vestro
3662 5523 3974 5583 desiderio.

2369 5620 2658 5674 Precemur
2705 5635 2832 5691 ergo
2864 5621 2914 5676 in
2947 5622 3170 5677 veritate
3207 5621 3408 5685 cordis,
3451 5628 3507 5674 ut
3535 5631 3662 5689 pace
3693 5617 3974 5686 fruamur,

2369 5722 2426 5766 et
2455 5712 2504 5764 in
2539 5712 2810 5768 matutinis
2838 5713 3082 5768 ﬁduciam
3126 5712 3438 5777 habeamus,
3473 5709 3866 5766 luereticorum
3899 5714 3977 5768 fu-

2372 5821 2548 5861 rorem
2607 5804 2910 5862 devitemus
2945 5849 2961 5875 ,
3017 5806 3175 5862 ﬁdem
3227 5803 3575 5862 orthodoxam
3632 5817 3975 5874 sequamur,
