4158 6320
232 465 422 536 φησὶν,
452 463 809 535 ἑντελοῦμαι
842 464 949 520 τοῦ
980 462 1066 535 μὴ
1091 463 1310 533 βρέξαι
1341 467 1540 522 ὑετόν.
1579 465 1674 531 Ὠς
1698 463 1818 533 ἐμε·

233 548 502 617 γειιύνθη
532 549 746 619 γὰρ-τὰ
777 548 920 618 ἔργα
956 563 1096 612 σου,
1125 548 1348 614 Κύριε]
1383 546 1588 602 Πάντα
1622 548 1690 601 ἐν
1724 562 1830 600 σου

234 649 344 700 φιᾳ
384 632 702 700 ἐποίησας.
739 627 896 696 Εἶδες
923 631 1060 685 Θεοῦ
1098 631 1500 702 δημιουργίαν;
1542 625 1682 694 εἶδες
1712 630 1831 695 πῶς

234 716 542 786 ἐμφράττει
563 714 672 768 τῶν
691 715 989 788 αίρετικῶν
1013 714 1082 768 τά
1112 714 1377 785 στόματα,
1404 715 1512 770 τῶν
1531 716 1630 786 τὴν
1654 714 1830 768 κτίσιν

233 798 597 866 ἀγνοούντων,
643 800 738 853 καὶ
782 798 874 853 τὸν
924 797 1152 867 κτίστην
1191 795 1828 869 πολυπραγμονούντωνς

234 883 421 938 Πάντα
447 882 695 937 πείθεται
718 882 853 937 Θεοῦ
887 883 1058 954 νόμῳ.
1106 882 1164 936 '0
1192 882 1419 951 οὐρανὸς
1453 881 1703 951 ἔστηκεν,
1730 881 1831 934 οὐκ

235 964 343 1036 ίδίᾳ
366 964 596 1036 δυνάμει
631 963 1054 1035 βασταζόμενος,
1085 964 1221 1019 ἀλλά
1253 964 1383 1035 θείῳ
1404 963 1554 1034 νόμῳ
1580 963 1832 1034 στερεού-

232 1066 413 1121 μενος.
452 1050 622 1103 Ὅταν
659 1049 765 1122 γὰρ
799 1050 1084 1121 ἀπορήσω,
1127 1049 1245 1113 πῶς
1284 1047 1343 1113 ἐξ
1375 1048 1584 1103 ὑδάτων
1612 1051 1641 1103 6
1667 1050 1832 1120 ούρα-

231 1131 325 1196 νδς
375 1131 677 1203 πέπηκται,
727 1132 845 1186 λύει
881 1149 981 1201 μου
1037 1133 1138 1204 τὴν
1183 1131 1420 1202 ἀπορίαν
1467 1134 1496 1186 6
1561 1133 1831 1203 μακάριος

232 1214 398 1268 Δαυῒδ
439 1215 614 1284 λέγων
637 1231 651 1247 ·
704 1214 789 1282 Τῷ
819 1217 980 1285 λόγῳ
1017 1215 1241 1283 Κυρίου
1285 1218 1337 1268 οὶ
1368 1215 1612 1283 οὐρανοὶ
1672 1215 1832 1269 ἐστε-

224 1299 562 1367 ρεώθησαν.
607 1299 758 1352 Διατί
794 1301 906 1369 γὰρ
954 1295 1407 1369 ἐστερεώθησαν;
1467 1297 1682 1369 Ἐπειδὴ
1723 1299 1831 1352 ἀπὸ

230 1383 460 1437 ὑδάτων.
492 1382 761 1438 Οὐδέποτε
788 1382 898 1452 γὰρ
924 1381 985 1434 τὸ
1029 1380 1249 1452 στερεὸν
1279 1380 1516 1447 λέγεται,
1552 1383 1630 1435 ὅτι
1674 1383 1828 1435 ἐστεο

227 1465 434 1537 ρεώθη·
468 1464 587 1520 ούδέ
611 1484 695 1530 τις
719 1465 942 1519 δύναται
971 1465 1166 1516 εἰπεῖν’
1198 1465 1266 1516 'H
1294 1465 1474 1535 πέτρα
1500 1465 1827 1537 ἐστερεώθη.

231 1549 398 1602 Ἀλλο
442 1548 834 1620 περεωθῆναι,
872 1546 998 1601 ἄλλο
1046 1545 1184 1601 εἶναι
1237 1547 1480 1619 στερεόν.
1528 1549 1832 1619 Στερεωθὲν

227 1631 448 1701 λέγεται
481 1631 658 1705 [4651.
683 1632 810 1686 ὅταν
832 1631 893 1684 :6
922 1631 1270 1702 ὴραιωμένον
1300 1632 1394 1685 καὶ
1415 1633 1832 1702 κεχαυνωμένον

226 1719 403 1788 παγῇ.
443 1717 542 1769 Διά
568 1715 728 1768 τοῦτο
769 1714 798 1766 ὁ
854 1713 1084 1784 Ηέτρος,
1114 1715 1203 1767 ὅτε
1250 1713 1340 1766 τὸν
1389 1715 1833 1787 παραλελυμένον

225 1803 441 1873 ἧγειρε,
467 1800 654 1868 λέγει’
696 1796 938 1866 Ἄνδρες
997 1795 1388 1866 Ἰσραηλῖται,
1417 1799 1473 1850 τί
1511 1797 1833 1868 θαυμάζετε

223 1885 326 1938 ἐπὶ
351 1884 548 1947 τοῦτο,
580 1883 618 1951 ἢ
652 1881 798 1952 ἡμῖν
825 1883 883 1934 τί
916 1880 1226 1941 ἀτενίζετε,
1262 1881 1343 1946 ὠς
1386 1881 1557 1950 ἡμῶν
1599 1879 1672 1950 τῇ
1717 1879 1834 1948 ἰδίᾳ

223 1965 482 2036 δυνάμει
529 1964 629 2019 καὶ
675 1965 956 2032 εὐσεϐείᾳ
988 1964 1406 2030 πεποιηκότων
1451 1963 1558 2018 τοῦ
1593 1979 1836 2033 περιπα-

223 2049 354 2103 τεῖν
391 2049 613 2115 αύτόν;
651 2049 707 2101 '0
737 2048 881 2114 Θεὸς
910 2045 1029 2100 τῶν
1059 2047 1334 2117 πατέρων
1375 2044 1568 2118 ἡμῶν,
1606 2051 1640 2101 ό
1690 2047 1835 2114 Θεὸς

239 2132 491 2202 Ἀϐραὰμ
509 2133 607 2186 καὶ
648 2131 848 2186 Ἰσαὰκ
879 2131 977 2184 καί
1012 2128 1493 2195 Ἰακὼϐἐδόξασε
1519 2130 1625 2184 τὸν
1651 2129 1837 2184 παῖδα

224 2220 418 2276 αὐτοῦ
454 2218 726 2287 Ἰησοῦν·
775 2217 874 2272 καὶ
904 2217 1004 2272 ἐπὶ
1040 2217 1117 2286 τῇ
1145 2219 1348 2272 πίστει
1392 2216 1500 2272 τοῦ
1544 2218 1836 2287 ὀνόματος

226 2309 426 2365 αὐτοῦ
449 2309 687 2374 τοῦτον,
728 2308 803 2362 ὃν
827 2306 1098 2377 θεωρεῖτε
1123 2306 1222 2360 καί
1253 2306 1476 2373 οίὸατε,
1506 2307 1837 2376 ἐστερέωσε

225 2398 294 2453 τὸ
338 2397 532 2467 ὄνομα
562 2395 782 2451 αὐτοῦ’
833 2395 928 2448 τὸν
980 2393 1428 2466 παραλελυμένον
1480 2395 1833 2466 ἐστερέωσεν.

227 2486 329 2539 Διά
363 2485 523 2539 τοῦτο
574 2482 659 2548 Τῷ
699 2485 860 2554 λόγῳ
896 2486 1120 2553 Κυρίου
1156 2487 1211 2537 οί
1263 2484 1508 2552 οὐρανοί
1557 2482 1838 2552 ἐστερεώ-

227 2577 452 2640 θησαν.
515 2572 612 2625 Ἐκ
650 2571 760 2625 τῶν
805 2570 1012 2641 ἀραιῶν
1053 2571 1149 2623 καὶ
1182 2569 1582 2640 διαλελυμένων
1627 2571 1837 2625 ὑδάτων

227 2659 306 2729 τῷ
326 2657 470 2728 λόγῳ
500 2656 707 2728 Κυρίου
735 2658 790 2710 αἱ
819 2656 1040 2724 νεφέλαι
1073 2657 1153 2719 είς
1181 2656 1310 2726 ύψος
1336 2657 1600 2728 αἴρονται.
1638 2658 1835 2722 Βλέπε,

231 2743 565 2816 παρακαλῶ·
604 2744 679 2795 Τὸ
715 2743 861 2815 ὕδωρ
888 2743 951 2796 τὸ
995 2743 1193 2813 πικρὸν
1243 2745 1642 2814 μεταϐάλλεται
1667 2761 1680 2775 ·
1729 2746 1840 2798 ἀπὸ

230 2833 514 2903 θαλάσσης
540 2829 824 2885 ἀντλοῦσιν
848 2831 904 2883 at
929 2829 1170 2899 νεφέλαι,
1201 2831 1297 2884 καὶ
1329 2831 1391 2884 :6
1421 2833 1484 2884 ἐκ
1517 2832 1713 2902 βάθους
1746 2832 1841 2885 ἀν-

229 2921 430 2993 τληθέν
476 2917 695 2990 πικρὸν,
744 2917 918 2987 γλυκὺ
970 2919 1067 2971 καὶ
1106 2917 1338 2988 πότιμον
1383 2918 1649 2973 ποιοῦσιν.
1707 2919 1842 2974 ’Λπὺ

233 3008 416 3079 βυθῶν
443 3008 593 3079 ἡμᾶς
626 3005 815 3080 ἦγειρε
843 3004 1100 3076 Χριστὸς,
1137 3004 1232 3058 καὶ
1270 3003 1370 3076 τὴν
1416 3003 1645 3075 πικρίαν
1683 3004 1841 3076 ἡμῶν

229 3098 334 3152 ούκ
367 3094 765 3167 ἀποτιθέμεθα.

305 3185 406 3250 Τίς
455 3186 606 3238 ἐστιν
638 3185 668 3238 6
709 3182 946 3253 ποιήσας
995 3180 1089 3235 τὸν
1135 3180 1368 3254 ούρανδν
1422 3180 1519 3235 καὶ
1557 3180 1656 3253 τὴν
1697 3182 1840 3254 γῆν;

243 3273 393 3345 Ἐγὼ
422 3271 586 3341 λέγω,
623 3271 704 3324 ὅτι
756 3272 782 3324 6
829 3269 1083 3342 Χριστός.
1124 3269 1235 3331 Καὶ
1272 3268 1438 3324 πόθεν
1473 3268 1672 3336 τοῦτος
1719 3270 1843 3324 Ὅτι

232 3366 286 3418 εί
317 3363 394 3434 μὴ
448 3357 518 3432 ἦν
573 3361 851 3431 Δεσπότης
901 3359 1013 3412 τῶν
1073 3357 1352 3421 ἁπάντων,
1399 3357 1500 3412 οὐκ
1547 3357 1614 3412 ἂν
1664 3359 1723 3412 ἐν
1765 3358 1844 3430 τῷ

233 3448 560 3519 Εύαγγελίῳ
582 3447 757 3500 ἐποίει
771 3447 839 3499 τὰ
859 3445 1116 3518 θαύματα
1137 3446 1204 3499 δι’
1223 3445 1361 3499 ὅλων
1376 3444 1486 3500 τῶν
1505 3446 1840 3518 κτισμάτων.

245 3533 508 3605 Ἐποίησε
536 3532 644 3604 γάρ
667 3531 732 3585 δι’
761 3530 898 3584 ὅλων
925 3529 1203 3600 στοιχείων
1223 3570 1236 3594 ,
1265 3529 1354 3582 διὰ
1386 3529 1512 3600 γῆς,
1531 3529 1620 3583 διὰ
1642 3529 1842 3584 θαλάσ-

236 3636 364 3690 σης,
415 3617 482 3671 δι’
529 3617 712 3688 ἀέρος,
762 3614 854 3668 διὰ
908 3612 1118 3681 πυρὸς,
1173 3613 1260 3666 ἵνα
1294 3616 1436 3685 φανῇ
1480 3612 1702 3667 πάντων
1733 3612 1843 3666 τῶν

235 3701 558 3772 κτισμάτων
616 3697 916 3768 Δεσπότης.
982 3695 1302 3766 Ἐπεισῆλθε
1352 3695 1432 3766 τῷ
1480 3695 1583 3766 τῆς
1629 3695 1841 3767 ἡμέρας

237 3789 383 3859 φωτὶ
427 3787 491 3840 τὸ
535 3784 638 3856 τῆς
683 3785 944 3855 ἑσπέρας.
987 3783 1179 3845 ’Ἥλιος
1231 3783 1460 3856 λάμπει,
1505 3784 1601 3837 καὶ
1648 3783 1841 3854 λύχνος

235 3876 490 3949 δᾳδουχεῖ
509 3891 523 3905 ·
555 3871 770 3944 ἡμέρας
798 3872 974 3936 τέλος,
998 3871 1093 3924 καὶ
1114 3871 1311 3934 νυκτὸς
1336 3872 1648 3943 προοίμιον.
1684 3870 1846 3925 ’Λλλά

239 3967 332 4032 σὺ,
357 3964 487 4017 ὅταν
519 3960 636 4033 ἴδῃς
668 3958 858 4028 λύχνον
909 3959 1002 4012 καὶ
1039 3957 1212 4028 ἥλιον,
1265 3959 1423 4012 εἰπέο
1477 3959 1564 4028 Σή
1600 3959 1772 4014 ἐστιν
1799 3959 1838 4026 ἡ

229 4048 454 4122 ἡμέρα,
485 4049 583 4102 καὶ
618 4046 702 4116 σή
730 4047 901 4100 ἐστιν
929 4047 969 4113 ἠ
1008 4046 1153 4111 νύξ·
1202 4046 1284 4100 σὺ
1318 4046 1658 4115 κατηρτίσω
1693 4046 1846 4116 φαῦ-

237 4153 348 4190 σιν
378 4135 479 4190 καί
511 4135 714 4203 ἣλιον.
767 4131 905 4184 Ἀλλ’
939 4133 998 4184 ού
1029 4132 1314 4186 διακόπτει
1348 4133 1438 4184 τὸν
1481 4133 1639 4200 λόγον
1678 4135 1712 4204 ή
1747 4134 1844 4205 δᾳ-

239 4224 454 4295 δουχία.
511 4225 604 4276 Δεῖ
651 4220 760 4292 γὰρ
800 4220 893 4273 τὸν
930 4219 1084 4288 ἥλιον
1136 4219 1362 4291 δραμεῖν
1407 4221 1501 4274 ἐπὶ
1534 4221 1634 4290 τὴν
1677 4220 1846 4273 αὑτοῦ

241 4312 494 4366 κέλευσιν
530 4310 627 4380 \‘0
661 4309 837 4375 ἣλιος
876 4307 983 4378 γὰρ
1026 4306 1179 4376 ἔγνω
1227 4306 1342 4375 τὴν
1381 4307 1564 4361 δύσιν
1597 4307 1842 4377 αὑτοῦ),

242 4402 335 4454 ἵνα
364 4398 573 4469 δειχθῇ.
596 4397 678 4450 ὅτι
696 4395 930 4466 Χριστὸς
961 4395 1181 4448 πάντων
1210 4393 1322 4446 τῶν
1340 4394 1846 4465 δημιουργημάτων

241 4487 525 4554 Δεσπότης
570 4483 708 4536 ἐστί.
761 4481 1032 4554 Κηρύττει
1083 4480 1184 4551 μὲν
1238 4481 1492 4550 Ἰωάννης
1531 4481 1727 4548 τοῦτο,
1765 4483 1847 4535 ὅτι

243 4573 452 4628 Πάντα
483 4569 723 4640 ἐγένετο
754 4568 826 4621 δι’
869 4567 1080 4630 αὑτοῦ,
1131 4567 1231 4620 καὶ
1264 4567 1440 4636 χωρίς
1470 4569 1660 4623 αὐτοῦ
1706 4569 1850 4624 οὐδὲ

239 4659 317 4714 ἓν
341 4658 591 4729 γέγονεν
619 4656 651 4710 ὃ
685 4655 951 4726 γέγονεν.
998 4654 1139 4707 Ἀλλ’
1163 4653 1268 4706 ἔδει
1302 4656 1375 4725 μὴ
1407 4655 1567 4726 μόνον
1595 4654 1673 4726 τῷ
1707 4654 1849 4728 λόγῳ

242 4747 480 4818 λάμψαι,
509 4744 650 4798 ἀλλὰ
683 4745 778 4796 καὶ
809 4743 978 4815 ἔργῳ.
1016 4741 1179 4808 Λέγει
1208 4744 1275 4811 τῇ
1319 4741 1558 4813 θαλάττῃ
1579 4758 1593 4772 ·
1625 4742 1843 4807 Σιώπα,

244 4837 604 4904 πεφίμωσοο
644 4831 738 4884 καὶ
766 4829 1041 4900 ἐφιμώθη,
1090 4828 1185 4882 καὶ
1245 4829 1388 4896 ἔγνω
1434 4829 1496 4882 :6
1543 4831 1704 4900 ἔργον
1757 4831 1849 4882 τὸν

244 4924 522 4995 τεχνίτην.
577 4917 717 4974 Εἷπε
770 4919 881 4990 γὰρ
1043 4917 1306 4988 θαλάττῃ,
1361 4918 1454 4970 καὶ
1500 4918 1846 4988 ἐσιώπησεν·

245 5010 373 5067 εἶπε
403 5013 481 5083 τῷ
521 5011 733 5081 ἀνέμῳ,
770 5010 864 5062 καὶ
893 5006 1168 5078 ἐφιμώθη.
1206 5007 1268 5058 Εἰ
1302 5007 1376 5076 μὴ
1402 5007 1702 5076 ὑπήκουσε,
1750 5007 1850 5060 ούκ

248 5101 318 5152 ἂν
352 5097 609 5169 ἐποίησεν
638 5095 800 5149 αὐτόν
822 5111 835 5125 ·
881 5095 932 5148 εί
975 5093 1050 5165 μὴ
1081 5088 1149 5163 ἦν
1179 5091 1371 5156 ὓδατος
1405 5095 1702 5163 Δεσπότης,
1750 5095 1850 5146 ούκ

245 5189 319 5243 ἂν
354 5185 618 5259 μετέϐαλε
656 5185 717 5238 :6
757 5183 900 5254 ὕδωρ
935 5183 1017 5247 είς
1044 5178 1219 5235 οἷνονο
1275 5183 1322 5235 εί
1369 5182 1443 5253 μὴ
1505 5179 1574 5253 ἦν
1621 5184 1849 5254 ούρανοῦ

247 5277 551 5348 Δεσπότης,
578 5276 678 5328 ούκ
708 5274 774 5329 ἂν
796 5274 959 5327 αὑτὸν
985 5273 1161 5344 ἀστὴρ
1185 5271 1241 5338 ἐξ
1265 5270 1496 5343 ούρανοῦ
1517 5273 1813 5343 ἐκήρυττεν
1833 5289 1847 5304 ο

249 5367 302 5417 εἰ
335 5364 410 5435 μὴ
447 5358 515 5434 ἦν
547 5361 699 5433 ἡλίου
732 5361 1032 5430 Δεσπότης,
1075 5360 1175 5411 ούκ
1209 5361 1275 5411 Ξιν
1326 5360 1514 5423 σκότος
1564 5360 1852 5412 ἐνεδύσατο

249 5454 313 5504 ἐν
357 5453 434 5521 τῷ
479 5447 718 5520 σταυρῷ.
754 5448 987 5520 Χριστὸς
1041 5447 1134 5499 ἐπὶ
1188 5447 1444 5518 σταυροῦ,
1498 5449 1588 5501 καὶ
1627 5451 1654 5500 6
1702 5448 1852 5517 ἥλιος

250 5540 567 5611 ἐσκοτίσθη.
605 5541 667 5592 Ὤ
698 5539 791 5591 τοῦ
826 5537 1131 5609 θαύματοςί
1169 5538 1303 5589 Ούδέ
1351 5541 1381 5608 ἡ
1431 5539 1610 5601 κτίσις
1653 5539 1851 5609 ἤνεγκε

249 5631 355 5700 τὴν
403 5628 561 5699 ὓϐριν
619 5627 714 5680 τοῦ
769 5626 1058 5678 Δεσπότου.
1106 5624 1423 5696 Ἑσκοτίσθη
1460 5629 1488 5679 6
1532 5627 1704 5695 ἥλιος,
1767 5628 1852 5680 ἵνα

255 5717 436 5787 μάθῃς
487 5719 580 5770 καὶ
635 5718 692 5769 ἐν
744 5714 890 5785 αύτῴ
945 5713 1022 5784 τῷ
1081 5713 1296 5784 σταυρῷ
1348 5715 1498 5784 ἡλίου
1552 5716 1848 5783 Δεσπότην.

264 5804 520 5876 Ἐκίσθη
562 5807 596 5874 ἡ
641 5805 736 5874 γῆ,
775 5805 861 5858 ἵνα
895 5801 1092 5874 μάθῃς,
1148 5803 1229 5855 ὅτι
1271 5803 1396 5872 περὶ
1431 5804 1599 5857 αὐτοῦ
1629 5806 1656 5858 6
1686 5805 1851 5858 Δαυῖδ

1241 348 1328 403 DE
1366 344 1582 402 MUNDI
1622 341 2021 400 CREATIONE
2061 346 2322 404 "RATIO
2352 346 2437 404 Ill.

3420 365 3535 422 456

1937 462 2090 522 εἶπεν
2107 484 2120 498 ο
2152 469 2215 522 '0
2242 467 2581 522 ἐπιϐλέπων
2599 469 2696 523 ἐπὶ
2721 470 2835 538 τὴν
2863 469 2979 540 γῆν
3001 469 3097 525 καί
3129 466 3314 523 ποιῶν
3334 469 3530 538 αὐτὴν

1933 551 2186 621 τρέμειν.
2245 553 2609 624 Ἐσχίσθησαν
2659 557 2716 608 at
2755 555 2976 627 πέτραι,
3031 557 3118 610 ενα
3160 555 3338 625 μάθῃς
3399 555 3528 626 περὶ

1934 635 2077 699 τίνος
2136 631 2288 690 εἶπεν
2346 638 2375 688 6
2424 640 2746 709 προφήτης·
2793 640 2847 692 '0
2899 639 3086 708 θυμὸς
3126 639 3313 694 αὑτοῦ
3364 639 3527 706 τήκει

1933 719 2144 789 ἀρχὰς,
2168 719 2266 774 καί
2286 723 2347 773 αὶ
2367 720 2573 790 πέτραι
2592 722 2934 791 ἑθρύϐησαν
2953 725 3052 778 ἀπ’
3075 722 3282 779 αὑτοῦ.
3304 723 3525 795 Ἡνοίγη

1935 805 2003 858 τὰ
2039 805 2320 875 μνήματα,
2356 805 2442 857 ἵνα
2487 807 2688 878 φανῇή
2731 808 3056 871 ἀνάστασις,
3103 809 3194 860 καὶ
3235 809 3261 861 6
3296 808 3528 879 ἐγείρων

1934 885 2068 951 Θεὸς
2095 886 2182 940 διὰ
2211 887 2319 942 τῶν
2347 887 2566 941 πάντων
2587 889 2795 962 λάμύῃ.

2007 969 2072 1035 ζ’.
2130 969 2288 1024 Ἀλλά
2317 971 2398 1024 δεῖ
2429 972 2575 1043 ἡμᾶς
2621 974 2714 1025 καὶ
2758 973 2950 1041 ἠθικὸν
2988 973 3207 1045 κινῆσαι
3249 973 3426 1040 λόγον.
3473 973 3530 1026 ’0

1934 1051 2127 1122 λύχνος
2153 1054 2304 1123 ἡμᾶς
2335 1053 2491 1108 καλεῖ
2521 1056 2613 1108 ἐπὶ
2641 1056 2702 1108 :6
2725 1058 2899 1109 εἰπεῖν
2919 1074 2931 1086 ·
2970 1058 3209 1125 Λύχνος
3241 1056 3364 1122 τοῖς
3385 1056 3533 1110 ποτὶ

1930 1156 2051 1210 μου
2077 1140 2110 1193 d
2131 1140 2315 1209 λόγος
2347 1155 2488 1202 σου,
2510 1139 2607 1192 καὶ
2640 1138 2766 1208 φῶς
2801 1139 2931 1206 ταῖς
2966 1142 3189 1208 τρίϐοις
3213 1157 3354 1210 μου.
3383 1141 3533 1193 Κατ-

1935 1220 2129 1276 έλαὸεν
2144 1223 2354 1294 ἑσπέρα
2375 1223 2461 1276 ἴνα
2487 1222 2755 1294 λέγωμεν·
2783 1225 3247 1290 Κατευθυνθήτω
3270 1223 3308 1289 ἢ
3343 1237 3534 1292 προσ-

1934 1309 2085 1380 ευχή
2111 1329 2230 1381 μου
2261 1312 2342 1379 ὠς
2369 1312 2632 1381 θυμίαμα
2673 1312 2933 1366 ἐνώπιόν
2962 1327 3101 1374 σου,
3137 1313 3389 1379 ἔπαρσις
3416 1309 3536 1363 τῶν

1935 1397 2150 1468 χειρῶν
2165 1417 2284 1469 μου
2307 1403 2489 1455 θυσία
2510 1399 2820 1469 ὲσπερινή.
2850 1398 3000 1472 [464]
3019 1400 3127 1453 Καὶ
3160 1398 3300 1451 διατί
3329 1397 3404 1468 μὴ
3430 1399 3534 1450 ἐω-

1938 1488 2094 1560 θινήνς
2129 1484 2255 1543 Ὧδε
2291 1490 2382 1546 τὸν
2413 1490 2556 1545 νοῦν·
2593 1493 2629 1545 ἀ
2667 1492 2775 1562 γὰρ
2808 1490 3102 1561 ψάλλομεν,
3142 1489 3427 1558 ὀφείλομεν
3461 1488 3538 1539 εί-

1934 1577 2106 1632 δέναι.
2134 1577 2296 1646 Λέγει
2325 1580 2504 1632 Δαυῖδ·
2540 1579 2778 1634 Ψάλατε
2808 1578 3395 1646 συνετῶς.Ἕπαρσις
3419 1574 3538 1629 τῶν

1939 1666 2153 1736 χειρῶν
2175 1685 2295 1737 μου
2335 1670 2518 1723 θυσία
2545 1669 2857 1737 ἑσπερινή.
2907 1669 3011 1722 Δύο
3053 1667 3243 1732 θυσίας
3281 1667 3535 1721 ἐκέλευσε

1937 1754 2181 1825 Μωῦσῆς
2213 1754 2487 1824 γίνεσθαι,
2540 1756 2739 1827 μᾶλλον
2781 1756 2835 1809 δὲ
2879 1757 3047 1820 Θεὸς·
3103 1757 3230 1826 μίαν
3272 1755 3531 1825 ἑωθινὴν,

1943 1843 2072 1912 μίαν
2103 1844 2418 1915 ἐσπερινήν.
2458 1843 2522 1898 Ἡ
2551 1843 2778 1916 ὀρθρινὴ
2815 1843 3139 1917 εὐχαριστία.
3173 1839 3240 1910 ἦν
3273 1844 3411 1913 ὑπὲρ
3433 1842 3536 1911 τῆς

1940 1931 2158 1995 νυκτός.
2212 1931 2270 1984 '0
2300 1931 2409 2002 γὰρ
2439 1931 2728 1996 διασωθεὶς
2755 1933 2855 2004 τὴν
2884 1933 3076 1998 νύκτα,
3119 1932 3437 2002 εὐχαριστεῖ
3477 1932 3536 1982 ἐν

1939 2023 2004 2094 τῇ
2039 2021 2243 2094 ἡμέρᾳ.
2279 2021 2342 2074 Ἥ
2365 2022 2628 2093 ἐσπερινὴ
2651 2021 2811 2076 θυσία
2838 2022 3158 2094 εὐχαριστία
3178 2017 3242 2092 ἦν
3270 2019 3409 2090 ὑπὲρ
3437 2017 3537 2088 τῆς

1938 2110 2174 2182 ἡμέρας.
2218 2109 2438 2182 Ἐπειδὴ
2466 2109 2796 2182 διετήρησάς
2827 2128 2916 2180 με,
2946 2112 3132 2182 φησὶν,
3154 2113 3211 2163 ἐν
3239 2112 3305 2180 τῇ
3327 2107 3534 2179 ἡμέρᾳ.

1940 2198 2246 2269 εὐχαριστῶ
2306 2215 2388 2252 σοι
2437 2198 2578 2269 ὑπὲρ
2621 2200 2748 2268 ὅλης
2793 2199 2893 2269 τῆς
2941 2198 3181 2270 ἡμέρας.
3224 2197 3290 2250 Ἦ
3341 2195 3539 2266 ἑωθινὴ

1942 2285 2102 2340 θυσία
2146 2286 2208 2340 ού
2254 2286 2468 2358 δέχεται
2513 2287 2603 2341 τὸν
2645 2288 3047 2360 ἀμαρτήσαντα
3091 2287 3148 2338 ὲν
3199 2285 3380 2340 νυκτί.
3441 2284 3539 2338 Διά

1939 2372 2100 2427 τοῦτο
2147 2374 2332 2442 λέγει’
2391 2375 2690 2444 Ἔπαρσις
2743 2374 2863 2428 τῶν
2920 2372 3132 2444 χειρῶν
3192 2390 3308 2443 μου
3357 2373 3542 2427 θυσιίι

1941 2461 2256 2532 ἐσπερινή.
2285 2462 2525 2534 Εἰσέρχῃ
2565 2463 2828 2535 ἑσπέραν.
2870 2461 3061 2526 ἁπλοῖς
3095 2460 3192 2524 τὰς
3226 2462 3444 2531 χεῖρας’
3490 2459 3539 2512 εί

1942 2550 2125 2621 ἔχουσι
2158 2551 2471 2623 παρρησίαν
2504 2551 2900 2605 άπλούσθωσαν
2923 2568 2936 2583 ο
2963 2551 3011 2603 εί
3041 2549 3116 2621 μὴ
3146 2548 3394 2619 ἔγραψαν
3429 2545 3542 2601 ἀδι-

1942 2641 2088 2701 κίαν,
2129 2640 2178 2692 εί
2205 2639 2279 2711 μὴ
2310 2642 2568 2712 ἥρπασαν
2606 2639 2870 2710 πένητας,
2909 2641 2957 2692 εἰ
2993 2638 3068 2709 μὴ
3104 2637 3541 2706 ἐπλεονέκτησαν

1943 2729 2235 2799 ὀρφανοὺς,
2267 2728 2342 2790 ὡς
2369 2728 2661 2797 πρόσωπον
2677 2728 2895 2798 ἔχουσαι
2923 2727 3298 2796 ὑψούσθωσαν.
3327 2726 3542 2792 Ἐπαρ-

1945 2831 2047 2878 σις
2075 2813 2195 2866 τῶν
2222 2814 2438 2882 χειρῶν
2453 2830 2572 2883 μου
2596 2830 2609 2845 ·
2641 2815 2761 2868 ἀντὶ
2788 2814 2905 2880 τοῦ,
2939 2815 3135 2878 Βλέπε,
3156 2812 3350 2884 Κύριε,
3372 2811 3541 2864 καθαο

1949 2901 2039 2973 ραὶ
2073 2904 2128 2956 at
2162 2903 2360 2972 χεῖρες.
2403 2902 2613 2972 Ὥσπερ
2645 2902 2755 2973 γὰρ
2792 2904 2821 2956 6
2864 2903 3211 2974 ἁμαρτήσας,
3249 2899 3542 2972 πρόσωπον

1945 2991 2150 3062 ἐπᾶραι
2171 2989 2232 3043 ού
2262 2987 2507 3055 δύναται,
2531 2989 2644 3044 ἀλλ’
2669 2991 2775 3044 ὑπὸ
2806 2989 3163 3061 συνειδήσεως
3193 2988 3539 3058 κάμπτεται,

1945 3076 2090 3130 οὕτω
2138 3075 2259 3148 χεὶρ
2309 3076 2696 3148 μεμολυσμένη
2738 3077 2858 3131 ούδέ
2906 3076 3080 3148 τολμᾷ
3123 3075 3544 3147 ἀντιπρόσωπος

1947 3165 2202 3234 γενέσθαι
2231 3164 2368 3236 Θεῷ.
2400 3164 2575 3218 Βλέπε
2599 3184 2613 3198 ο
2642 3167 2691 3220 εί
2724 3165 2966 3237 καθαραὶ
2991 3165 3048 3217 αἱ
3079 3166 3258 3235 χεῖρες
3285 3163 3393 3217 ἀπὸ
3425 3162 3542 3215 ἀδι-

1949 3254 2094 3319 κίας,
2115 3255 2532 3310 ἀπλούσθωσαν.
2557 3255 2657 3308 Διά
2674 3255 2832 3310 τοῦτο
2860 3258 2888 3309 6
2915 3255 3261 3326 πατριάρχης
3293 3253 3544 3325 Ἀδραάμ

1949 3344 2305 3416 παρῃτήσατο
2362 3343 2546 3397 λαϐεῖν
2594 3344 2701 3396 ἀπὸ
2740 3343 3189 3414 αίσχρσκερδείας
3233 3341 3423 3418 κέρδη,
3456 3341 3547 3394 ὅτε

1948 3432 2134 3501 ἔλεγεν
2161 3432 2310 3504 αύτῷ
2343 3432 2372 3484 6
2395 3431 2648 3502 βασιλεὺς
2678 3432 2928 3502 Σοδόμων
2947 3448 2960 3462 ο
3002 3431 3157 3485 Λάϐε
3180 3431 3396 3484 πάντα·
3435 3431 3543 3498 μό-

1948 3537 2063 3574 νον
2089 3520 2196 3586 τὰς
2226 3519 2518 3590 γυναῖκας
2564 3520 2903 3573 ἀπόλυσον.
2960 3519 3078 3572 Ἵνα
3105 3514 3198 3571 οὗν
3228 3517 3545 3590 παρρησίαν

1951 3607 2070 3681 ἔχῃ,
2099 3607 2253 3661 οὐδὲν
2295 3607 2518 3660 ἔλαϐενο
2550 3606 2800 3678 καθαρὰς
2831 3606 2885 3659 δέ
2913 3606 3052 3677 ἔχων
3087 3607 3184 3669 τὰς
3211 3609 3399 3676 χεῖρας
3429 3604 3545 3658 ἔλε-

1950 3711 2072 3764 γεν·
2117 3693 2370 3748 Ἐκτενῶ
2406 3693 2514 3761 τὰς
2552 3693 2755 3764 χεῖράς
2791 3711 2911 3763 μου
2941 3694 3092 3761 πρὸς
3126 3695 3232 3746 τόν
3263 3694 3432 3758 Θεὸν,
3478 3693 3546 3757 ὃς

1951 3783 2201 3850 ἐποίησε
2230 3780 2337 3834 τὸν
2369 3782 2632 3849 οὐρανὸν
2658 3781 2755 3834 καὶ
2782 3781 2895 3848 τὴν
2935 3779 3070 3851 γῆν.
3117 3781 3227 3834 Καὶ
3261 3781 3542 3847 ἐξέτεινεν.

1955 3869 2144 3942 ἐπειδὴ
2168 3872 2266 3924 ούκ
2295 3866 2435 3940 ἦσαν
2466 3870 2872 3941 μεμολυσμέναι
2906 3870 3290 3941 κέρδειάδίκῳ.
3325 3872 3547 3938 "Exup-

1951 3978 2053 4028 σις
2069 3959 2188 4014 τῶν
2212 3960 2428 4029 χειρῶν
2450 3979 2592 4030 μου.
2637 3961 2961 4032 Ἐρμηνεύει
2990 3961 3069 4025 :6,
3107 3963 3397 4029 Ἔπαρσις
3427 3959 3548 4013 τῶν

1952 4047 2168 4118 χειρῶν
2183 4066 2325 4117 μου,
2363 4047 2608 4111 Παῦλος*
2642 4050 2942 4117 Βούλομαι
2982 4045 3097 4103 οὖν
3140 4049 3280 4115 τοὺς
3319 4049 3546 4115 ἄνδρας

1951 4139 2396 4206 προσεύχεσθαι
2431 4135 2500 4190 ἑν
2520 4138 2698 4189 παντὶ
2724 4138 2906 4201 τόπῳ,
2949 4136 3306 4205 ἐπαίροντας
3334 4137 3548 4202 ὁσίους

1953 4223 2156 4292 χεῖρας
2186 4225 2364 4292 χωρίς
2402 4224 2587 4293 ὀργῆς
2621 4225 2718 4276 καὶ
2753 4223 3180 4292 διαλογισμῶν.
3227 4225 3288 4276 'H
3336 4224 3547 4295 ἑσπέρα

1955 4310 2178 4362 ἀπαιτεί
2227 4312 2374 4380 ἡμᾶς
2415 4311 2485 4362 τά
2525 4308 2624 4380 τῆς
2677 4311 2913 4380 ἑσπέρας
2966 4311 3123 4380 ἔργα.
3184 4309 3400 4373 Ἀπλοίς
3448 4312 3549 4376 τὰς

1956 4399 2147 4467 χεῖρας
2169 4414 2181 4428 ·
2212 4398 2408 4469 ἐρευνᾷ
2431 4399 2458 4450 ὁ
2480 4398 2744 4467 τεχνίτης.
2776 4398 3076 4468 Ἔρχεταιό
3093 4397 3312 4460 ἑωθινὸς
3335 4399 3548 4469 καιρὸς,

1954 4485 2050 4538 καὶ
2081 4483 2175 4538 ἐὰν
2217 4485 2292 4555 μὴ
2327 4484 2456 4555 ἔχῃς
2482 4485 2727 4554 καθαρὰν
2757 4484 2854 4554 τὴν
2881 4487 3040 4556 χεῖρα
3079 4485 3112 4555 ἢ
3153 4484 3251 4555 τὴν
3285 4485 3548 4552 διάνοιαν,

1954 4571 2176 4626 ἑωθινὸν
2200 4571 2392 4643 καιρὸν
2413 4571 2534 4624 οὕτε
2557 4571 2684 4624 ἰδεῖν
2701 4571 2907 4642 τολμᾷς
2923 4590 2935 4602 ’
2971 4574 3002 4641 ἠ
3031 4575 3196 4642 πεῖρα
3210 4572 3546 4636 διδάσκαλος.

1966 4659 2255 4730 Ἐννόησον
2283 4660 2410 4712 ὅταν
2433 4676 2517 4722 τις
2537 4659 2775 4730 καθαρὸς
2795 4659 3069 4730 διαμείνῃ.
3100 4658 3218 4722 πῶς
3243 4660 3550 4730 εἰσέρχεται

1953 4747 2042 4802 διὰ
2080 4746 2417 4818 παρρησίας,
2460 4746 2536 4810 ὼς
2573 4746 2708 4800 ίδίαν
2751 4746 2921 4816 αὐλὴν
2961 4746 3168 4801 πατῶν.
3225 4747 3552 4819 Παρρησίαν

1952 4837 2062 4906 γὰρ
2098 4834 2247 4905 αὐτῷ
2283 4834 2499 4887 δίδωσιν
2537 4836 2595 4888 ἐν
2629 4834 2710 4904 τῷ
2753 4834 2960 4906 ἑωθινῷ
3009 4835 3187 4906 καιρῷ
3230 4837 3264 4905 ἡ
3298 4835 3358 4890 ἐν
3395 4838 3553 4891 νυκτὶ

1956 4921 2303 4994 σωφροσύνη.
2339 4921 2439 4975 Διά
2459 4921 2620 4974 τοῦτο
2639 4921 2803 4975 Δαυῒδ
2833 4921 2979 4989 λέγει
3005 4938 3020 4953 ο
3048 4923 3116 4974 El
3135 4921 3552 4992 ἐμνημόνευόν

1955 5026 2072 5063 σου
2098 5009 2197 5062 ἐπὶ
2219 5008 2332 5078 τῆς
2347 5009 2666 5078 στρωμνῆς
2686 5027 2826 5077 μου,
2857 5008 2928 5061 ἐν
2952 5007 3076 5075 τοῖς
3094 5008 3324 5077 όρθροις
3342 5009 3553 5079 έμελέ-

1955 5114 2074 5151 των
2126 5101 2213 5163 είς
2262 5096 2357 5151 σέ.
2413 5096 2736 5166 Εύχαριστῶ
2777 5096 2856 5167 τῷ
2894 5096 3055 5166 Θεῷο
3114 5097 3419 5167 μέμνημαι,
3469 5098 3553 5151 ὅτι

1953 5185 2274 5255 κάμνουσαν
2313 5187 2446 5254 ἡμῖν
2480 5185 2577 5256 τὴν
2617 5185 2802 5255 φωνὴν
2851 5185 2880 5236 6
2927 5183 3020 5236 τοῦ
3073 5183 3209 5236 Θεοῦ
3256 5184 3552 5255 ἀνώρθωσε

1957 5273 2135 5341 λόγος,
2162 5275 2222 5326 οὐ
2258 5275 2393 5344 πρὸς
2415 5273 2514 5344 τὴν
2541 5274 2819 5344 ἡμετέραν
2855 5272 3013 5337 ἀξίαν
3045 5272 3206 5344 ὀρῶν,
3243 5273 3377 5326 ἀλλὰ
3412 5273 3552 5346 πρὸς

1957 5363 2047 5416 τὸν
2083 5364 2350 5434 ὑμέτερον
2402 5363 2583 5416 πόθον.
2631 5362 2931 5432 Εύξώμεθα
2983 5363 3165 5415 τοίνυν
3209 5364 3266 5415 ἐν
3321 5363 3551 5434 ἀληθείᾳ

1959 5454 2207 5524 καρδίας.
2245 5452 2340 5507 καὶ
2369 5455 2593 5524 εἰρήνην
2623 5453 2787 5523 ἔχειν,
2826 5453 2920 5506 καὶ
2966 5454 3024 5507 ἐν
3065 5452 3284 5524 δρθροις
3311 5456 3544 5525 -παρρη-

1961 5540 2262 5605 σιάζεσθαι,
2294 5543 2387 5595 καὶ
2416 5541 2699 5611 αίρετικὴν
2736 5543 2932 5610 μανίαν
2969 5541 3213 5609 φεύγειν,
3257 5541 3350 5594 καὶ
3390 5541 3548 5612 ὀρθό-

1959 5629 2109 5694 δοξον
2145 5630 2330 5682 πίστιν
2366 5629 2741 5700 μεταδιώκειν,
2795 5629 2885 5681 καί¹
2914 5629 3071 5694 δόξαν
3101 5629 3451 5699 ἀναπέμπειν
3474 5627 3552 5699 τῷ

1960 5718 2137 5788 Πατρὶ
2174 5718 2266 5771 καὶ
2299 5717 2377 5786 τῷ
2409 5717 2521 5786 Υἱῷ
2549 5719 2640 5770 καὶ
2669 5717 2746 5786 τῷ
2786 5717 2927 5786 ἁγίῳ
2971 5715 3273 5786 Πνεύματι,
3321 5716 3418 5770 νῦν
3459 5720 3547 5774 καὶ

1960 5807 2065 5871 ἀεὶ,
2099 5807 2192 5858 καὶ
2223 5806 2301 5869 είς
2332 5806 2454 5869 τοὺς
2490 5804 2690 5868 αἰῶνας
2719 5806 2826 5859 τῶν
2858 5805 3085 5860 αἰώνων.
3129 5805 3318 5876 Ἀμήν.
