4158 6320
662 337 770 393 457

657 438 812 517 [665]
861 437 969 496 Τοῦ
1003 434 1191 491 αὐτοῦ
1226 436 1314 501 είς
1364 432 1480 502 τὴν
1527 434 1819 517 τετάρτην
1874 426 2107 499 ἡμέραν
2144 424 2255 493 τῆς

1230 516 1647 586 κοσμοποιίας.

728 607 798 663 α’.
832 605 1165 677 Κάμνουσαν
1191 605 1326 675 ἡμῖν
1352 604 1451 675 τὴν
1473 602 1659 674 φωνήν
1682 604 1746 673 τῇ
1773 599 2079 671 προτεραίᾳ
2101 598 2135 669 ἡ
2161 592 2257 648 τοῦ

656 692 793 747 Θεοῦ
828 691 990 763 χάρις
1030 688 1119 743 διά
1140 688 1239 752 τὰς
1266 688 1538 759 ὑμετέρας
1567 687 1732 756 εὐχάς
1752 684 1958 739 καὶτὸν
1994 682 2259 753 ὑμέτερον

657 778 824 832 πόθον
854 775 1210 847 ἐστερέωσεν.
1235 773 1383 845 Αὐτῇ
1409 771 1591 826 τοίνυν
1612 770 1961 841 χρησάμενος
1989 768 2055 838 τῇ
2093 764 2260 834 πείρᾳ

656 862 987 933 διδασκάλῳ,
1023 861 1146 914 ὅσον
1196 858 1373 930 ίσχύει
1417 857 1579 920 πόθος
1618 857 1713 908 καὶ
1752 854 1916 924 ζῆλος
1960 850 2256 923 φιλοθετας,

659 946 753 1000 ἐπὶ
775 944 873 1017 τὴν
899 944 1071 1014 αὐτὴν
1097 940 1446 1013 παράκλησιν
1469 940 1608 1011 ἥκω,
1636 937 1799 992 πάλιν
1833 934 1987 1007 ὐμῶν
2006 933 2260 1017 δεόμενος

657 1030 757 1101 τὴν
781 1015 951 1100 αὐτὴν
984 1027 1126 1098 ὑπὲρ
1158 1025 1312 1096 ὑμῶν
1346 1022 1675 1093 αἰτήσασθαι
1718 1023 1899 1093 χάριν.
1946 1021 2009 1073 Et
2039 1018 2149 1089 γάρ
2198 1015 2261 1068 τὸ

660 1112 852 1176 σκεῦος
886 1111 988 1182 τῆς
1030 1110 1263 1179 ἐκλογῆς
1297 1108 1326 1160 6
1361 1105 1592 1169 Παῦλος.
1643 1108 1672 1159 ό
1717 1102 1982 1157 λαλοῦντα
2014 1102 2155 1174 ἔχων
2200 1101 2259 1155 ἐν

658 1198 838 1270 ἐαυτῷ
860 1196 953 1250 τὸν
982 1193 1238 1266 Χριστὸν,
1260 1193 1288 1246 ό
1315 1191 1595 1262 Πνεὺματι
1626 1190 1767 1259 άγίῳ
1800 1188 2257 1262 κυϐερνούμενος,

656 1287 756 1359 τὴν
813 1282 966 1355 παρά
1008 1280 1121 1334 τῶν
1162 1278 1452 1349 ἀκροατῶν
1496 1275 1913 1349 ἡῤῥαϐωνίζετο
1948 1272 2259 1359 προσευχὴν

657 1357 867 1439 λέγων’
928 1364 1229 1434 Ἀδελφοί,
1284 1362 1709 1431 προσεύχεσθε
1763 1359 1898 1427 περὶ
1943 1357 2110 1427 ἐμοῦ,
2160 1357 2262 1410 ἵνα

651 1471 755 1526 μοι
790 1448 942 1518 δοθῇ
990 1450 1175 1519 λόγος
1212 1447 1281 1500 έν
1322 1444 1553 1510 ἀνοίξει
1599 1444 1705 1498 τοῦ
1764 1442 2063 1512 στόματός
2098 1455 2255 1526 μοιβ

660 1539 810 1607 πόσῳ
854 1534 1055 1607 μᾶλλον
1108 1532 1268 1603 ἡμεῖς
1316 1530 1367 1582 οἱ
1413 1529 1657 1582 ταπεινοῖ
1706 1528 1799 1582 καὶ
1844 1528 1905 1580 τὸ
1949 1526 2139 1598 μηδὲν,
2184 1525 2261 1588 ὡς

656 1623 856 1686 εἰπεῖν,
886 1619 1039 1681 ὄντες
1065 1615 1327 1686 αίτοῦμεν
1353 1613 1453 1683 τήν
1487 1614 1616 1684 παρ’
1641 1610 1797 1682 ὑμῶν
1831 1608 2151 1682 πρεσϐείαν,
2174 1608 2260 1661 ῖνα

658 1706 793 1776 λυθῇ
825 1704 925 1775 μὲν
961 1704 989 1756 6
1016 1699 1214 1771 δεσμὸς
1242 1698 1342 1769 τῆς
1381 1695 1650 1765 γλώττης,
1688 1696 1879 1765 ἀνοιγῇ
1908 1694 1967 1748 δέ
1991 1694 2091 1764 τῆς
2114 1695 2260 1766 παρ-

662 1775 857 1859 ρησίας
900 1788 928 1840 6
980 1785 1139 1853 λόγος
1167 1798 1181 1811 ’
1231 1784 1326 1836 καὶ
1374 1779 1514 1851 αὐτὴ
1543 1779 1600 1832 δὲ
1649 1782 1682 1850 ή
1727 1779 1847 1832 θεία
1879 1777 2041 1849 χάρις
2071 1777 2167 1831 καὶ
2200 1775 2260 1830 τὸ

656 1873 891 1945 δργανον
938 1866 1339 1941 ἀνεμπόδιστον
1385 1864 1621 1936 φυλάξῃ,
1669 1864 1764 1917 καὶ
1813 1862 1924 1916 τῶν
1970 1863 2261 1933 νοημάτων

654 1960 757 2029 τὴν
791 1951 1058 2028 χορηγίαν
1110 1951 1428 2022 ἀφθονήσῃο
1481 1950 1581 2018 οὐχ
1618 1947 1707 2001 ἰνα
1750 1948 1780 2002 6
1823 1945 1999 2014 λέγων
2041 1945 2111 1999 τά
2140 1946 2261 1999 θεῖα

657 2040 894 2112 κερδάνῃ
952 2037 1134 2110 μόνος,
1181 2033 1298 2088 ἀλλ’
1354 2035 1440 2091 ba.
1497 2030 1619 2104 μεθ’
1663 2030 1820 2103 ὑμῶν
1865 2030 1959 2083 τὸν
2006 2029 2259 2102 οὐράνιον

656 2122 888 2178 πλοῦτον
917 2122 1184 2193 ἀντλήσῃ.
1222 2118 1361 2190 Φέρε
1388 2118 1594 2181 τοίνυν,
1629 2116 1729 2187 τῆς
1763 2114 2088 2178 ἀκολουθίας
2118 2114 2263 2185 ἁψώ-

659 2208 823 2280 μεθα.
855 2206 1066 2277 Πρέπει
1089 2205 1221 2274 γὰρ,
1255 2197 1432 2273 οἶμαι,
1460 2200 1650 2272 ῶσπερ
1682 2198 1848 2262 αὐτὸς
1891 2201 1920 2252 6
1964 2198 2261 2270 νομοθέτης

656 2291 897 2361 Μωῡσῆς
941 2288 1238 2362 ἀκολουθίᾳ
1290 2286 1387 2338 καὶ
1428 2284 1582 2351 τάξει
1630 2284 1724 2337 τὸν
1770 2282 1872 2353 τῆς
1900 2281 2260 2353 δημιουργίας

659 2374 996 2445 συνεπέρανε
1032 2371 1215 2439 λόγον,
1244 2368 1389 2425 οὕτω
1431 2370 1526 2422 καὶ
1569 2369 1717 2439 ἡμᾶς
1756 2369 1871 2429 τοῖς
1914 2362 2156 2437 πρώτοις
2192 2362 2262 2445 τά

654 2444 910 2531 δεύτερα,
944 2457 1039 2510 καὶ
1074 2458 1188 2522 τοῖς
1215 2454 1489 2526 δευτέροις
1519 2452 1586 2507 τά
1616 2450 1777 2523 τρίτα
1809 2450 2180 2511 συνάπτοντας
2200 2444 2261 2500 εὖ

658 2546 866 2616 κρῖναι,
890 2542 985 2596 καὶ
1014 2539 1322 2611 άσύγχυτον
1345 2539 1473 2608 ὑμῖν
1497 2533 1838 2608 παραδοῦναι
1865 2532 1957 2587 τοῦ
1984 2532 2141 2603 λόγου
2164 2534 2263 2605 τὴν

657 2628 969 2698 εἰσήγησινο
1004 2624 1266 2694 Πέπηκτο
1285 2623 1313 2675 6
1329 2622 1387 2674 οὐ
1396 2620 1579 2691 ρανὸς,
1606 2618 1846 2690 ήδραστο
1867 2616 1929 2670 τὸ
1950 2616 2261 2689 στερέωμα,

657 2713 946 2782 ἀφώριστο
982 2710 1017 2780 ἡ
1063 2707 1329 2772 θάλασσα,
1360 2703 1691 2775 γεγύμνωτο
1738 2704 1770 2773 ή
1809 2702 1903 2777 γῆ,
1946 2700 2265 2755 πεποίκιλτο

659 2798 917 2869 καρποῖς,
942 2795 1151 2862 φυτοῖς,
1185 2790 1447 2857 δένδροις,
1486 2789 1716 2856 πηγαῖς,
1759 2786 1851 2839 καὶ
1890 2787 2057 2869 πᾶσιν
2086 2785 2263 2850 ἀπαξ-

659 2868 849 2945 απλῶς
874 2874 956 2942 οἷς
978 2876 1146 2950 ἐχρῆν
1180 2872 1617 2928 κεκαλλώπιστο.
1667 2869 1805 2924 Οὔτε
1840 2868 1949 2940 γάρ
1998 2869 2143 2940 ἁπλῆ
2180 2886 2265 2934 τις

658 2962 729 3039 ἦν
754 2969 787 3037 ή
820 2968 884 3018 ἐκ
905 2962 1110 3031 ταύτης
1132 2959 1386 3021 ἀνάδοσις
1410 2955 1710 3027 γεναμένη,
1729 2953 1866 3039 ἀλλά
1892 2955 2148 3039 διάφορος
2170 2956 2266 3039 καὶ

661 3038 908 3119 ποικίλη.
935 3048 1017 3099 Τά
1053 3045 1152 3115 μὲν
1187 3042 1297 3114 γάρ
1324 3041 1495 3112 αὑτήν
1522 3040 1746 3109 ἐκόσμει
1798 3038 1896 3109 τὴν
1926 3038 2050 3109 γῆν,
2095 3039 2165 3092 τά
2208 3038 2265 3092 δέ

663 3136 743 3196 εἰς
775 3130 1076 3203 διατροφὴν
1103 3130 1217 3190 τοῖς
1237 3124 1552 3197 ἀνθρώποις
1582 3121 1616 3192 ἢ
1650 3125 1766 3186 τοῖς
1786 3121 2003 3191 ἀλόγοις
2034 3122 2264 3191 ἐγίνετο,

660 3217 735 3272 τά
778 3216 838 3270 δέ
889 3215 1055 3285 ἐτερι
1093 3213 1321 3282 παρεῖχε
1348 3211 1446 3280 τήν
1476 3209 1673 3279 χρῆσιν
1726 3209 1838 3270 τοῖς
1891 3206 2267 3277 προλεχθεῖσιν

663 3300 996 3372 ανθρώποις.
1051 3298 1126 3349 Οὐ
1157 3296 1267 3365 γάρ
1295 3292 1391 3346 τοῦ
1428 3292 1697 3363 παρόντος
1726 3289 1848 3342 ἐστὶ
1890 3291 2110 3360 καιροῦ,
2157 3290 2266 3343 τῶν

663 3383 938 3454 διαφόρων
970 3394 995 3421 ι
1032 3379 1141 3435 τῶν
1171 3381 1237 3433 ἐκ
1276 3378 1376 3449 τῆς
1408 3377 1512 3447 γῆς
1558 3372 1930 3428 ἀναδοθέντων
1968 3373 2263 3439 ἐπεξιέναι,

665 3468 810 3537 ὑπὲρ
865 3464 955 3519 τοῦ
1010 3463 1086 3535 μὴ
1128 3463 1207 3533 τῷ
1254 3463 1422 3532 μήκει
1476 3457 1572 3512 τοῦ
1617 3456 1779 3525 λόγου
1842 3456 1940 3519 τὰς
1995 3457 2266 3529 ὑμετέρας

667 3552 837 3616 ἀκοάς
858 3552 1138 3605 ἀποκνεῖν.
1188 3544 1504 3613 ’Λπειλήφει
1542 3542 1635 3594 καὶ
1680 3542 1707 3593 6
1742 3539 1972 3611 οὐρανὸς
2014 3541 2106 3594 τὸν
2139 3543 2267 3597 ἴδιον

668 3637 894 3705 κόσμον.
926 3633 1110 3703 Χωρεῖ
1133 3629 1317 3683 λοιπὸν
1348 3630 1381 3681 6
1408 3626 1542 3691 Θεὸς
1570 3625 1663 3676 ἐπὶ
1688 3624 1758 3676 τά
1791 3622 1980 3689 ὓδατα,
2000 3624 2095 3680 καὶ
2126 3628 2270 3680 ποιεῖ

666 3718 843 3772 ταῦτα
872 3715 1239 3786 προσενέγκαι
1266 3709 1445 3781 ψυχήν
1475 3708 1676 3772 ζῶσαν,
1719 3708 1747 3758 6
1782 3707 1959 3776 μέγας
1996 3706 2089 3758 καὶ
2131 3708 2267 3760 πάν-

671 3817 835 3871 σοφος
864 3796 1229 3869 Δημιουργὸς,
1259 3795 1287 3845 ὁ
1317 3794 1548 3863 νεύματι
1593 3790 1841 3860 ἀϐιάστῳ
1878 3790 1971 3841 καὶ
2009 3789 2169 3859 Λόγῳ
2192 3790 2269 3860 τῷ

667 3888 812 3956 ἀγίῳ
837 3886 904 3938 τά
930 3884 1103 3937 πάντα
1133 3878 1529 3953 ἐργασάμενος,
1559 3874 1634 3937 ώς
1662 3873 1718 3937 ἐξ
1744 3873 1917 3943 αὐτῆς
1964 3872 2057 3926 τοῦ
2090 3877 2266 3944 Λόγου

667 3973 765 4043 τῆς
784 3969 1040 4041 ἀληθείας
1061 3965 1171 4020 τῶν
1195 3963 1537 4035 πραγμάτων
1562 3959 1661 4031 τὴν
1684 3958 1942 4043 ἀλήθειαν
1971 3958 2266 4027 ἐπέγνωτε,

668 4041 758 4111 ὅτε
797 4053 1026 4125 ἠκούετε
1054 4048 1222 4105 αὐτοῦ
1262 4049 1545 4115 λέγοντοςο
1575 4041 1940 4112 Συναχθιξτω
1964 4044 2035 4097 τὰ
2056 4044 2267 4097 ὕδαταο

668 4142 762 4196 καὶ
790 4139 991 4201 εὐθέως
1023 4132 1308 4205 ἠκολούθει
1333 4131 1395 4183 τὸ
1428 4130 1588 4199 ἔργον
1617 4126 1695 4197 τῷ
1724 4127 1900 4197 λόγῳ·
1940 4127 2034 4181 καὶ
2073 4128 2264 4182 πάλιν·

681 4221 1053 4293 agt-“raram
1089 4221 1128 4288 ἠ
1344 4214 1461 4276 καὶ,
1521 4211 1889 4280 Ἐξαγαγέτω
1930 4211 2001 4263 τὰ
2039 4210 2269 4264 ὕδατα·

667 4311 787 4377 καὶ,
836 4302 1284 4371 Γενηθήτωσαν
1335 4293 1671 4366 φωστῆρες.
1713 4294 1820 4344 Καὶ
1868 4294 2037 4357 πολὺς
2078 4296 2145 4349 ἂν
2181 4297 2266 4367 εἴη

667 4394 765 4447 νῦν
788 4394 818 4445 6
838 4389 933 4443 τοῦ
964 4385 1227 4458 παρόντος
1259 4380 1448 4451 καιρὸς
1477 4378 1522 4437 δ,
1556 4381 1689 4430 πᾶσι
1713 4380 1826 4440 τοῖς
1854 4377 2011 4447 Λόγῳ
2038 4381 2270 4449 γεναμέ-

669 4492 783 4540 νοις
822 4470 1117 4535 ἐπεξιέναι.
1152 4467 1272 4519 Ἵνα
1320 4465 1429 4533 γὰρ
1464 4461 1534 4514 τά
1581 4461 1720 4514 κατὰ
1757 4461 1855 4531 τήν
1904 4466 2140 4514 παλαιάν
2178 4464 2271 4533 δη-

677 4558 964 4630 μιουργίαν
987 4550 1430 4619 καταλείψωμεν,
1465 4544 1709 4630 ἔλθωμεν
1742 4545 1833 4597 ἐπὶ
1866 4544 1933 4597 τὰ
1964 4547 2021 4597 ἐν
2053 4548 2119 4616 τῇ
2149 4547 2270 4630 P151?

671 4625 917 4713 Διαθήκῃ
952 4638 1084 4709 παρ’
1129 4632 1295 4688 αὐτοῦ
1335 4633 1494 4700 Λόγῳ
1546 4629 1705 4700 μόνον
1750 4630 2043 4699 γενάμενα.
2102 4625 2269 4694 Οὗτος

672 4732 782 4800 γάρ
816 4728 969 4779 ἐστιν
1009 4725 1039 4776 6
1081 4721 1151 4774 τὰ
1197 4716 1407 4771 παλαιά
1456 4714 1891 4800 δημιουργήσας,
1922 4718 2032 4800 ’καὶ
2073 4716 2144 4767 τά
2175 4717 2271 4767 νέα

676 4797 931 4885 ποιήσας,
967 4807 1110 4862 κατά
1149 4802 1409 4885 Ἰωάννην
1437 4799 1529 4852 τὸν
1557 4798 1817 4885 λέγονταῖ
1843 4797 2047 4853 Πάντα
2075 4800 2148 4885 διξ
2175 4804 2272 4854 αὑ.

675 4881 1075 4964 τοῦ-ἐγένετο,
1132 4886 1231 4940 καὶ
1276 4883 1455 4952 χωρίς
1500 4881 1687 4935 αὐτοῦ
1720 4881 1959 4950 ἐγένετο
2005 4884 2147 4937 οὐδὲ
2180 4885 2268 4939 ἐν,

674 4984 835 5042 Ποῖος
861 4979 970 5047 ἀρα
1006 4969 1384 5041 ἐξηγήσασθαι
1412 4964 1585 5019 ταῦτα
1629 4967 1748 5017 κατ’
1787 4966 2070 5037 ἀκρίϐειαν
2112 4968 2271 5041 δυνή-

678 5079 834 5115 σεται
860 5060 1048 5127 λόγος;
1102 5053 1265 5107 Ἀλλά
1304 5052 1402 5121 τῆς
1442 5048 1762 5112 ἀκολουθίας
1800 5050 2072 5120 ἐχώμεθα.
2106 5047 2271 5116 Οὗτος

676 5146 857 5201 τοίνυν
887 5145 915 5198 6
949 5142 1225 5206 πάνσοφος
1255 5135 1616 5207 Δημιουργὸς,
1643 5132 1825 5196 καθὼς
1852 5133 2002 5206 [466]
2034 5136 2275 5202 φθάσαν-

678 5250 769 5297 τες
798 5232 1056 5299 εἴπαμεν,
1085 5222 1111 5275 ὃ
1144 5222 1363 5291 πρῶτον
1392 5223 1637 5288 ἐποίησε,
1667 5219 1826 5272 τοῦτο
1855 5220 1949 5271 καὶ
1975 5221 2271 5292 ἐκόσμησε·

678 5311 836 5379 οὗτος
869 5314 965 5368 καὶ
1001 5310 1079 5380 τῷ
1122 5308 1363 5378 δευτέρῳ
1406 5307 1704 5375 γενομένῳ,
1756 5306 1995 5377 δευτέρῳ
2034 5310 2128 5360 καῖ¹
2182 5308 2273 5361 τὸν

680 5403 887 5471 κόσμον
942 5395 1257 5449 ἀπέδωκεν’
1305 5390 1503 5459 ὁμοίως
1554 5388 1648 5441 καὶ
1698 5390 1775 5460 up
1836 5392 2023 5461 τρίτῳ,
2067 5393 2159 5445 καὶ
2198 5392 2275 5462 τῷ

748 5529 765 5551 ⁸
788 5526 940 5579 Ξειίὶ.
967 5525 1090 5587 conj.
1117 5524 1201 5579 τὰς
1235 5521 1479 5587 διαφοράς,
1502 5519 1631 5587 qqod
1665 5522 1858 5587 recepit
1880 5522 2079 5571 Combe?
2101 5538 2141 5569 s.
2168 5523 2274 5572 Mox

683 5590 838 5643 Suil.
866 5592 917 5639 in
940 5583 1083 5637 ιριιὺ
1110 5596 1164 5636 eL
1182 5583 1440 5637 Combens.
1463 5583 1708 5640 ἐπεξιέναι,
1730 5584 1782 5629 in
1809 5597 1959 5644 marg.
1977 5598 2007 5633 e
2031 5596 2132 5633 Var.
2158 5588 2275 5636 lect.

683 5656 815 5708 ὐοτεξ-

755 5704 917 5762 δ’δειν.
945 5710 1084 5783 conj:
1112 5707 1282 5783 καιροῦ
1327 5708 1479 5769 λόγος.
1523 5704 1781 5761 Combcﬂs.
1820 5707 2001 5758 omisso
2045 5706 2126 5757 νῦν
2172 5716 2279 5775 post

688 5780 953 5841 γενομένοις
978 5775 1108 5823 addit
1136 5774 1373 5833 ἐλόμενος.

2125 302 2496 360 SEV'EBIANI

3850 338 3963 391 458

2360 432 2629 493 τετάρτῳ,
2683 421 2779 474 καὶ⁹
2826 424 2942 486 τοῖς
2986 420 3193 486 λοιποῖς
3229 420 3429 491 ἐφεξῆς
3469 421 3642 476 ἅπασι
3688 424 3833 479 κατά
3878 427 3976 499 τὴν

2355 505 2510 570 τάξιν
2542 504 2908 575 δημιουργίας
2942 505 3040 559 καὶ
3075 505 3174 577 τὴν
3223 503 3525 574 εὐκοσμίαν
3566 507 3869 578 παρέσχεν.
3908 512 3975 563 Τί

2354 588 2413 642 δὲ
2442 588 2531 642 διὰ
2560 588 2752 642 τούτου
2786 592 3349 662 πραγματευόμενοςς
3389 590 3421 659 ἢ
3455 590 3598 661 τάχα
3647 592 3746 644 καὶ
3792 594 3975 647 αὐτῶν

2354 671 2466 724 τῶν
2523 671 2806 741 στοιχείων
2855 673 3005 743 ἡμᾶς
3070 671 3282 737 διδάξαι
3338 672 3665 744 βουλόμενος
3708 675 3872 747 ὄρους
3914 692 3976 732 τε

2354 756 2544 826 τιμᾷν,
2568 756 2662 807 καὶ
2683 754 2839 820 τάξιν
2861 754 3249 824 ἐπιγινώσκειν
3267 774 3281 821 ;
3308 756 3529 830 Πρῶτον
3550 757 3730 811 τοίνυν
3744 759 3975 831 ἐποίησε

2358 837 2447 892 τὸν
2472 837 2706 910 οὐρανὸν
2726 837 2818 892 τὸν
2855 838 3063 904 ἐπάνω,
3100 839 3354 908 δεύτερον
3389 839 3489 911 τὴν
3520 839 3649 910 γῆν,
3693 842 3881 910 τρίτον
3913 844 3975 896 τὸ

2360 923 2671 993 στερέωμα,
2707 922 2971 993 τέταρτον
3000 922 3281 993 ἀφώρισεν
3309 922 3378 977 τά
3420 922 3613 979 ὕδατα.
3645 925 3711 978 ὐ
3755 924 3973 995 πρῶτον

2358 1006 2607 1077 ἐποίησε,
2643 1004 2805 1059 τοῦτο
2834 1005 3054 1073 πρῶτον
3097 1005 3398 1075 ἐκόσμησε.
3435 1005 3563 1070 Πῶς
3604 1002 3718 1072 οῦν,
3750 1009 3976 1071 πάντως

2359 1091 2475 1161 ἐρεῖ
2500 1106 2583 1154 τις
2609 1089 2719 1143 τῶν
2763 1088 3195 1160 ἀκριϐεστέρων,
3223 1090 3486 1160 δευτέραν
3529 1085 3698 1144 οὖσαν
3734 1091 3836 1162 τὴν
3868 1092 3976 1161 γῆν

2359 1174 2585 1245 πρώτην
2645 1174 2957 1244 ἐκόσμησε,
3012 1174 3108 1227 καὶ
3156 1174 3234 1237 ώς
3279 1174 3595 1244 μαχομένου
3654 1174 3837 1246 ἐαυτῷ
3877 1175 3975 1229 τοῦ

2358 1257 2517 1326 λόγου
2572 1274 2675 1327 μου
2746 1255 3069 1328 βουλήσεται
3134 1255 3629 1327 ἐπιλαμϐάνεσθαι.
3694 1257 3842 1329 Πρὸς
3915 1258 3975 1312 ὃν

2358 1341 2601 1404 λεκτέον,
2625 1341 2701 1405 ώς
2725 1341 2876 1394 οὐδὲν
2909 1339 3154 1395 ἐναντίον
3181 1342 3313 1411 παρ’
3336 1340 3497 1412 ήμῶν
3528 1342 3621 1395 ἐπὶ
3643 1340 3738 1395 τοῦ
3770 1342 3977 1413 παρόν-

2357 1443 2452 1492 τος
2481 1424 2698 1497 ἐλέχθη,
2729 1424 2865 1479 ἀλλὰ
2904 1424 3001 1479 καὶ
3038 1424 3182 1477 πάνυ
3218 1423 3401 1495 ἐαυτῷ
3443 1425 3704 1495 ἁρμόζων
3741 1427 3771 1479 6
3814 1425 3973 1494 λόγος

2357 1510 2637 1580 τυγχάνει.
2690 1509 2804 1581 Πρὸ
2852 1509 2963 1580 γάρ
3010 1507 3103 1561 τοῦ
3155 1508 3539 1580 οτερεώματος
3594 1508 3812 1575 τούτου,
3876 1512 3972 1564 τοῦ

2362 1594 2501 1664 μετά
2528 1592 2621 1645 τὸν
2651 1591 2882 1665 οὐρανὸν
2910 1591 3002 1646 τὸν
3031 1590 3143 1645 ἅνω
3166 1591 3485 1663 γενομένου,
3526 1592 3834 1665 ἐκοσμήθη,
3877 1593 3972 1647 τοῦ

2360 1679 2455 1730 καὶ
2494 1677 2554 1730 ἐν
2594 1679 2661 1750 τῇ
2707 1676 2939 1749 δευτέρᾳ
2990 1675 3179 1750 ἡμέρα
3219 1676 3321 1747 τὴν
3354 1675 3613 1732 σύστασιν
3646 1678 3969 1750 ἐσχηκότος.

2362 1760 2513 1815 Ἔδει
2548 1760 2661 1833 γὰρ
2698 1760 2771 1814 τά
2808 1759 3081 1833 πρεσϐεῖα
3120 1770 3144 1799 ο
3179 1759 3522 1831 φυλαχθῆναι
3547 1764 3613 1832 τῇ
3656 1762 3970 1833 ἀκολουθία.

2362 1846 2491 1900 Ὅτε
2524 1845 2625 1918 τὴν
2661 1845 2767 1917 γῆν
2796 1844 3075 1916 ἐκόσμησε
3127 1846 3318 1915 φυτοῖς
3346 1846 3443 1899 καὶ
3472 1848 3728 1917 καρποῖς,
3761 1846 3852 1899 ὅτε
3883 1846 3973 1899 τὸν

2358 1930 2591 2003 οὐρανὸν
2615 1929 2995 1985 ἐκαλλώπισεν
3027 1929 3167 2002 ήλίῳ
3200 1932 3300 1985 καὶ
3340 1930 3543 2006 σελήνῃ
3572 1931 3765 2001 καὶτῷ
3798 1932 3973 2000 λοιπῷ

2357 2015 2469 2068 τῶν
2507 2014 2729 2087 ἄστρων
2772 2013 2941 2087 χορῷ,
2974 2009 3142 2086 ἦλθεν
3172 2014 3267 2069 ἐπὶ
3312 2014 3383 2070 τὰ
3436 2014 3630 2070 ὕδατα.
3681 2014 3796 2069 Καὶ
3846 2015 3899 2067 τί
3944 2016 3972 2068 ό

2363 2097 2806 2169 ίστοριογράφος;
2833 2098 2943 2154 Καί
2966 2095 3120 2167 εἶπε,
3148 2097 3337 2170 φησὶν,
3357 2100 3392 2153 ὀ
3418 2100 3582 2165 Θεός·
3601 2097 3975 2169 Ἐξαγατέτω

2359 2184 2433 2235 τὰ
2459 2181 2650 2236 ὕδατα
2677 2182 2897 2251 ἑρπετὰ
2931 2181 3154 2252 ψυχῶν
3198 2182 3426 2248 ζωσῶν,
3465 2183 3565 2237 καί
3595 2184 3840 2237 πετεινὰ
3865 2197 3971 2235 πε-

2359 2261 2583 2329 τόμενα
2624 2258 2725 2312 ἐπὶ
2765 2258 2878 2327 τῆς
2918 2258 3037 2328 τῆς
3062 2261 3215 2314 κατά
3256 2259 3323 2313 τὸ
3370 2260 3681 2330 στερέωμα
3718 2258 3828 2315 τοῦ
3869 2260 3973 2313 οὺ-

2353 2344 2569 2412 ρανοῦ.
2613 2342 2789 2398 Βλέπε
2836 2342 2974 2396 Θεοῦ
3024 2343 3183 2413 λόγον
3230 2342 3372 2416 ἔργα
3420 2346 3533 2409 τοῖς
3577 2345 3823 2418 ῥήμασιν
3868 2344 3970 2397 ἐπ-

2362 2427 2655 2499 άγοντοςά,
2703 2429 2798 2482 καὶ⁵
2835 2427 2903 2482 τὰ
2955 2428 3180 2500 ῥήματα
3225 2429 3596 2484 ἀποτελοῦντα
3640 2430 3968 2502 πράγματα.

2361 2514 2509 2586 Ὅρα
2560 2513 2697 2567 Θεοῦ
2735 2512 3008 2576 συλλαϐάς
3042 2514 3141 2567 καὶ
3184 2514 3407 2584 ῥήματα
3448 2512 3623 2586 μικρά
3669 2512 3825 2577 θείας
3875 2530 3973 2565 πε-

2362 2596 2700 2670 πληρωμένα
2760 2596 3067 2667 δυνάμεως.
3137 2595 3504 2668 Ἐξαγαγέτω
3548 2596 3622 2651 τὰ
3668 2595 3903 2650 ὕδαταο
3942 2596 3973 2648 6

2360 2684 2517 2753 λόγος
2541 2686 2569 2738 6
2596 2683 2690 2737 τοῦ
2719 2680 2856 2736 Θεοῦ
2904 2681 3094 2746 κόπος.
3137 2681 3280 2751 Ἐγὼ
3310 2681 3538 2754 νομίζω,
3568 2682 3651 2735 ὄτι
3682 2680 3970 2753 προελάμ-

2362 2768 2493 2821 ϐανε
2522 2766 2592 2821 τὰ
2623 2767 2761 2838 ἔργα
2784 2766 2876 2819 τὸν
2902 2764 3061 2834 λόγον
3082 2782 3095 2795 ·
3121 2765 3355 2837 ὀξυτέρα
3380 2765 3490 2838 γάρ
3516 2760 3586 2836 ῆν
3622 2764 3735 2819 τῶν
3771 2763 3971 2831 λέξεων

2362 2856 2394 2924 ή
2429 2852 2678 2923 δύναμις.
2716 2850 2946 2906 οὐδέπω
2988 2845 3179 2923 είρητὸ
3217 2852 3247 2905 6
3276 2850 3457 2921 λόγος,
3485 2851 3664 2905 καὶτὸ
3685 2849 3852 2922 ἔργον
3874 2850 3972 2920 τὴν

2367 2937 2503 2989 ἰδίαν
2523 2934 2827 3006 εὐκοσμίαν
2853 2934 3129 3005 ἐλάμϐανε
3145 2951 3160 2964 ·
3188 2934 3367 2989 καὶτὸ
3386 2934 3722 3006 θαυμαστὸν,
3755 2934 3976 3005 ἑκάστῳ

2363 3021 2473 3073 τῶν
2510 3019 2790 3090 στοιχείων
2823 3018 3030 3073 τούτων
3053 3021 3081 3071 6
3110 3017 3243 3083 Θεὸς
3264 3018 3459 3090 διπλῆν
3493 3018 3796 3090 εὐκοσμίαν
3829 3034 3969 3090 παρ-

2365 3103 2544 3173 έσχεν.
2584 3104 2795 3156 Ἔδωκε
2821 3102 2898 3173 τῷ
2921 3108 3265 3175 στερεώματι
3288 3103 3587 3175 φωστῆρας
3622 3102 3720 3156 καὶ
3755 3102 3967 3175 δρόσον.

2376 3187 2539 3241 Ἀλλά
2570 3188 2665 3240 καὶ
2710 3186 2920 3241 τούτων
2973 3187 3134 3241 πάλιν
3167 3187 3278 3241 τῶν
3330 3188 3640 3259 φωστήρων
3685 3188 3721 3259 ή
3770 3185 3970 3257 χρῆσις

2364 3272 2646 3343 διάφορος,
2689 3270 2767 3335 ῶς
2817 3270 2911 3324 καὶ
2942 3270 3000 3336 ἐξ
3049 3270 3231 3326 αὐτῶν
3270 3271 3430 3343 δῆλον
3451 3271 3554 3341 τῆς
3597 3271 3638 3323 Γ
3639 3271 3826 3342 ραφῆς
3861 3268 3969 3323 τῶν

2368 3358 2635 3428 ῥημάτων
2674 3354 3007 3426 καθέστηκε,
3056 3355 3187 3426 περὶ
3214 3348 3289 3408 ῶν
3329 3355 3469 3410 κατά
3505 3354 3759 3427 δύναμιν,
3788 3354 3841 3406 εί
3880 3353 3973 3407 καὶ

2369 3439 2447 3511 μὴ
2477 3438 2599 3492 κατ’
2638 3436 2799 3507 ἀξίαν
2837 3436 3160 3507 διελάϐομεν
3191 3435 3406 3508 πρώην,
3441 3439 3526 3490 ὅτε
3550 3437 3680 3506 ὑμῖν
3720 3435 3814 3489 τὸν
3844 3438 3972 3507 περί¹

2367 3522 2575 3577 τούτων
2614 3518 2968 3589 ἐξετιθέμεθα
2997 3519 3176 3587 λόγον,
3208 3521 3339 3590 περὶ
3372 3512 3448 3573 ὧν
3476 3519 3641 3572 πάλιν
3668 3518 3851 3572 λαλεῖν
3879 3518 3972 3571 ἐπὶ

2367 3604 2461 3658 τοῦ
2490 3602 2763 3672 παρόντος
2793 3603 2854 3655 οὐ
2880 3603 3174 3673 χρήσιμον.

2441 3687 2504 3763 β’.
2548 3687 2629 3757 Τῇ
2658 3688 2735 3757 γῇ
2758 3686 2977 3760 σπαρτά
3000 3687 3096 3739 καὶ¹
3123 3685 3286 3755 φυτά,
3318 3686 3431 3749 τοῖς
3456 3683 3613 3739 ὕδασι
3630 3697 3654 3727 ο
3679 3687 3857 3757 νηκτὰ
3879 3687 3972 3740 καὶ

2369 3770 2616 3825 πετεινά.
2664 3768 3037 3840 Ἐξαταγέτω
3063 3771 3137 3824 τὰ
3164 3768 3356 3823 ὕδατα
3382 3769 3602 3838 ἑρπετὰ
3625 3769 3847 3839 ψυχῶν
3873 3770 3972 3832 ζω-

2369 3854 2518 3920 σῶν,
2554 3855 2653 3908 καί
2700 3853 2943 3908 πετεινὰ
2990 3853 3309 3923 πετόμενα.
3354 3854 3593 3925 Ἐρπετά
3648 3855 3805 3908 καλεῖ
3847 3857 3972 3917 τοὺς

2373 3937 2595 4009 ίχθύας,
2645 3937 2837 4009 ἐπειδὴ
2893 3937 3095 4009 μᾶλλον
3141 3936 3323 4006 ἱρπει,
3368 3937 3401 4009 ἢ
3448 3940 3762 4007 περιπατεῖ.
3807 3938 3971 3991 Ὅθεν

2371 4024 2467 4076 καὶ⁸
2500 4024 2529 4077 6
2558 4022 2829 4093 μακάριος
2855 4022 3018 4075 Δαυῖδ
3044 4022 3359 4075 ἀκολουθῶν
3386 4022 3462 4093 τῷ
3490 4022 3761 4092 νομοθέτῃ
3790 4022 3966 4090 λέγει·

2370 4106 2534 4173 Αὕτη
2577 4107 2616 4174 ή
2657 4104 2945 4162 θάλασσα
2974 4106 3011 4173 ἠ
3055 4103 3291 4173 μεγάλη
3326 4104 3425 4158 καί
3448 4106 3819 4173 εὐρύχωρος·
3849 4104 3973 4158 ἐκεῖ

2374 4193 2593 4263 ἑρπετὰ
2637 4186 2726 4245 ὧν
2766 4194 2879 4247 οὐκ
2931 4192 3102 4245 ἐστιν
3153 4193 3421 4261 ἀριθμός.
3475 4190 3639 4245 Ξένον
3697 4194 3965 4263 πρᾶγμα,

2378 4277 2501 4347 ξένη
2530 4277 2795 4342 διάταξις,
2821 4274 2969 4341 ξένον
3000 4275 3093 4328 τοῦ
3119 4275 3278 4344 λόγου
3308 4275 3369 4329 τὸ
3389 4275 3748 4349 ἐπάγγελμαι
3780 4276 3965 4339 Διατί;

2378 4362 2499 4413 Ὅτι
2526 4362 2745 4413 πάντων
2784 4361 3013 4431 ποιητής
3034 4374 3046 4387 ⁸
3084 4358 3260 4423 οὑτως
3282 4358 3396 4431 ἔχει
3440 4360 3543 4431 πρὸ
3578 4358 3874 4437 ὀφθαλμῶν
3905 4362 3967 4413 τά

2374 4461 2433 4498 τε
2463 4443 2829 4515 προλαϐόντα,
2870 4444 2968 4497 καὶ
3008 4443 3077 4497 τά
3110 4444 3405 4510 ἐνεστῶτα,
3436 4447 3532 4497 καὶ
3572 4445 3643 4498 τὰ
3686 4444 3972 4515 μέλλοντα,

2373 4529 2448 4592 ὼς
2469 4527 2592 4580 οὔτε
2615 4528 2778 4597 ἡμεῖς
2797 4528 2909 4590 τοῖς
2936 4526 3240 4598 ὀφθαλμοῖς
3262 4528 3443 4599 ήμῶν.
3483 4528 3639 4582 Ἐπεὶ
3660 4526 3754 4582 οὖν
3780 4528 3973 4599 ἔμελλε

2372 4614 2472 4684 τὴν
2489 4611 2633 4683 ζωήν
2656 4610 2882 4682 πρώτην
2909 4611 2997 4666 διὰ
3013 4611 3121 4667 τῶν
3150 4612 3361 4668 ὑδάτων
3376 4616 3636 4685 χορηγεῖν
3659 4614 3737 4685 τῷ
3759 4617 3966 4687 κόσμῳ,

2373 4695 2611 4767 πρώτοις
2652 4696 2941 4767 ἐπιτρέπει
2980 4699 3097 4761 τοῖς
3135 4698 3292 4752 ὕδασι
3340 4699 3607 4767 ζωογόνον
3640 4701 3971 4768 προενέγκσι

2374 4780 2568 4849 φύσιν·
2598 4780 2684 4834 ἵνα
2711 4780 2889 4852 μάθῃς
2916 4781 3084 4836 πόθεν
3120 4784 3153 4853 ή
3182 4782 3308 4854 ῥίζα
3336 4783 3436 4853 τῆς
3468 4782 3633 4852 ζωῆς.
3674 4782 3819 4850 Ἐγὼ
3847 4784 3971 4836 ὅταν

2377 4863 2472 4917 ἴδω
2501 4864 2631 4927 τοὺς
2676 4864 3081 4935 φωτιζομένους
3122 4865 3513 4937 ἐξερχομένους
3550 4867 3616 4918 ἐκ
3661 4866 3771 4921 τῶν
3800 4867 3971 4933 ἁγίων

2375 4949 2607 5013 ὑδάτων,
2632 4948 2977 5013 εἰσελθόντας
3017 4951 3119 5021 μὲν
3149 4952 3231 5015 είς
3263 4950 3323 5003 τὸ
3354 4951 3640 5020 βάπτισμα
3674 4951 3814 5021 μετά
3849 4949 3971 5003 πολ-

2374 5032 2481 5087 λῶν
2513 5033 2702 5087 κακῶν
2734 5033 2811 5097 ώς
2858 5034 3089 5106 ἐρπετά,
3125 5033 3518 5106 ἐξερχομένους
3564 5034 3622 5088 δέ
3656 5035 3796 5106 μετά
3829 5034 3969 5103 ζωῆς

2375 5117 2619 5179 αἰωνίου,
2659 5117 2771 5189 όρῶ
2800 5118 2891 5171 τὸν
2920 5120 3217 5191 νομοθέτην
3242 5119 3489 5187 λέγοντα·
3527 5117 3875 5187 Ἐξαγαγέτω
3906 5117 3977 5176 τά

2379 5198 2529 5272 [467]
2560 5200 2729 5252 ὕδατα
2750 5200 2819 5253 τά
2849 5202 2980 5255 ποτέ
3002 5203 3231 5274 ἑρπετὰ,
3255 5201 3352 5261 νῦν
3370 5202 3549 5273 ψυχὴν
3574 5203 3776 5267 ζῶσαν.
3803 5200 3969 5254 Πόθεν

2375 5282 2531 5335 τοῦτο
2582 5282 2741 5352 δῆλον
2786 5285 2919 5356 ἡμῖν
2965 5286 3228 5358 γένηται;
3280 5286 3405 5340 ὐτι
3452 5287 3502 5340 οί
3546 5285 3970 5358 προσερχόμενοι

2376 5366 2453 5437 τῷ
2506 5366 2714 5442 λουτρῷ
2750 5368 2839 5421 διά
2882 5370 2983 5434 τάς
3037 5370 3311 5443 προτέρας
3354 5370 3664 5441 ἁμαρτίας,
3714 5370 3815 5441 τὴν
3866 5368 3975 5425 τῶν

2381 5451 2629 5523 ἑρπετῶν
2658 5451 2998 5521 λαμϐάνουσι
3025 5454 3236 5526 κλῆσιν.
3278 5453 3528 5526 Ἐξῆλθον
3556 5453 3648 5506 ἐπὶ
3684 5453 3747 5506 τὸ
3781 5454 3972 5522 βάπτι-

2382 5551 2495 5606 σμα
2549 5535 2800 5588 Ἰωάννου
2842 5537 3055 5593 πολλοί⁶
3088 5538 3236 5607 λέγει
3277 5540 3389 5602 τοῖς
3416 5535 3695 5591 ἐλθοῦσινο
3748 5538 3975 5608 Ὀφεις.

2446 5656 2467 5722 ξ
2496 5655 3091 5722 ξανχταπαραπρέσϐεια.
3120 5659 3273 5710 Vallo.
3301 5665 3359 5708 τα
3383 5659 3629 5722 πρέσϐεια.

2442 5714 2470 5753 ά
2492 5717 2753 5781 (ξοηιδοιῑε.
2777 5714 3033 5781 ἐπάγοντα.

2453 5783 2475 5812 θ
2504 5777 2617 5828 Post
2636 5780 2778 5831 ὕδασι
2800 5777 2912 5831 δαν.
2940 5796 2968 5833 e
2987 5787 3113 5847 conj.
3139 5786 3338 5848 supp20l
3359 5784 3529 5833 ἔδωκε.
