4110 6318
190 369 300 423 457

201 470 538 543 gloriamque
595 466 892 523 referamus
930 462 1108 529 Patri,
1155 461 1291 517 Filio
1320 468 1375 517 et
1406 457 1627 530 Spiritui
1674 472 1802 512 san-

202 572 293 618 cto
319 577 462 617 nunc
487 569 543 616 et
569 574 805 630 semper,
836 564 891 612 et
917 557 968 610 in
995 555 1193 611 saecula
1219 553 1560 608 smenlorum.
1604 551 1800 607 Amen.

372 653 619 724 Ejusdem
643 653 695 706 in
722 659 953 724 quartam
970 649 1101 704 diem
1128 648 1396 701 creationis
1416 644 1621 699 mundi.

278 749 335 803 l.
364 746 658 803 Labantem
706 759 895 801 vocem
943 751 1180 798 nostram
1214 741 1380 809 pridie
1411 755 1505 811 per
1530 738 1801 794 orationes

202 850 412 897 vestras
442 854 642 911 perque
670 846 907 894 vestrum
935 834 1261 892 desiderium
1297 834 1387 889 Dei
1414 833 1585 904 gratia
1618 832 1800 886 lirma-

200 934 298 988 vit.
332 931 451 1003 Ipsa
492 932 652 1004 igitur
690 930 940 1000 magistra
974 942 1102 983 usus
1141 925 1473 996 experientia
1496 967 1511 991 ,
1539 935 1799 996 quantmn

201 1038 355 1078 amor
384 1022 686 1093 divinaeque
706 1022 921 1090 pietatis
944 1019 1183 1075 studium
1214 1025 1390 1088 potest
1410 1055 1425 1081 ,
1451 1016 1519 1071 ad
1553 1016 1798 1071 eamdem

200 1115 632 1170 obsecrationem
662 1112 879 1177 accedo,
910 1125 1096 1166 rursus
1116 1123 1312 1180 rogans
1334 1118 1395 1163 ut
1420 1106 1663 1163 eamdem
1704 1121 1801 1176 pro

202 1206 359 1261 nobis
390 1205 616 1276 gratiam
660 1204 874 1276 petatis.
914 1201 1047 1257 Nam
1078 1202 1123 1256 si
1156 1216 1251 1255 vas
1283 1198 1562 1255 electionis
1579 1197 1797 1261 Paulus,

198 1300 291 1369 qni
312 1299 586 1355 Christum
638 1298 694 1354 in
735 1298 917 1367 seipse
959 1297 1264 1367 loquentem
1312 1293 1561 1358 habebat,
1592 1293 1715 1362 quia
1768 1306 1796 1344 a

196 1394 404 1465 Spiritu
429 1400 618 1449 sancto
643 1390 949 1462 regebatur,
969 1389 1272 1443 auditorum
1297 1386 1657 1457 precationem
1678 1400 1794 1438 mu-

197 1488 451 1543 tuabatur
489 1486 675 1542 dicens
706 1503 720 1540 :
753 1484 982 1551 Fratres,
1014 1492 1162 1537 orate
1193 1498 1286 1553 pro
1310 1498 1390 1534 me
1414 1521 1429 1545 ,
1459 1489 1511 1533 ut
1555 1480 1675 1532 milii
1705 1479 1796 1531 de-

198 1590 284 1632 tur
312 1579 516 1633 verbum
570 1577 625 1631 in
679 1577 939 1647 apertione
984 1576 1088 1629 oris
1144 1574 1242 1627 mei
1281 1573 1301 1642 (
1335 1572 1526 1642 Ephes.
1556 1571 1611 1627 6.
1655 1568 1795 1641 19):

197 1680 401 1739 quanto
431 1668 600 1739 magis
645 1682 745 1723 nos
775 1668 908 1723 viles
928 1709 943 1733 ,
974 1675 1030 1721 et
1057 1665 1183 1736 qui,
1216 1673 1275 1719 ut
1323 1665 1391 1718 ita
1418 1663 1593 1717 dicam
1619 1703 1634 1728 ,
1668 1662 1797 1716 nihil

196 1777 415 1826 sumus,
453 1761 891 1816 intercessionem
942 1768 1178 1814 vestram
1225 1765 1488 1826 petemus,
1520 1764 1579 1809 ut
1605 1754 1799 1824 lingua:

194 1853 472 1908 vinculum
514 1852 752 1907 solvatur
775 1891 791 1916 ,
816 1850 1089 1921 aperiatur
1117 1848 1358 1904 veritatis
1404 1860 1620 1911 sermo;
1653 1846 1798 1913 ipsa-

193 1966 301 2020 que
328 1948 508 2004 divina
532 1948 704 2020 gratia
736 1946 1046 2017 expeditum
1070 1959 1329 2015 organum
1356 1941 1643 2003 custodiat,
1677 1956 1801 1994 sen-

194 2041 596 2111 tentiarumque
622 2040 831 2109 copiam
857 2037 1196 2108 suppeditet;
1230 2050 1334 2091 non
1363 2043 1422 2089 ut
1450 2034 1595 2089 solus
1618 2042 1800 2087 orator

193 2133 377 2187 divina
429 2133 699 2197 lucretur,
746 2130 842 2187 sed
871 2139 928 2185 ut
967 2130 1243 2185 vobiscum
1288 2128 1560 2183 caelestem
1590 2125 1799 2179 hauriat

195 2226 537 2282 thesaurum.
566 2226 679 2295 Age
708 2239 839 2295 ergo
865 2265 879 2288 ,
921 2224 1072 2293 prius
1101 2221 1367 2276 dictorum
1397 2219 1557 2273 seriei
1589 2219 1788 2271 haerea-

193 2333 336 2372 mus.
369 2318 471 2371 Par
501 2326 583 2372 est
607 2317 775 2380 enim,
807 2315 1060 2380 arbitror,
1096 2323 1155 2369 ut
1194 2310 1648 2383 quemadmodum
1686 2310 1799 2379 ipse

192 2412 472 2483 legislalor
500 2411 709 2485 Moyses
747 2410 888 2465 serie
935 2417 1097 2478 atque
1141 2405 1331 2461 ordine
1360 2404 1647 2461 creationis
1686 2417 1799 2457 scr-

193 2521 413 2559 monem
444 2504 693 2566 absolvit,
722 2504 801 2557 sic
846 2512 900 2557 et
927 2516 1025 2555 nos
1054 2499 1243 2571 primis
1269 2497 1524 2561 secunda,
1548 2495 1798 2550 secundis

191 2600 349 2654 tertia
384 2596 699 2667 capulemns
719 2602 773 2649 et
798 2594 1209 2662 distinguamus,
1238 2589 1497 2657 vobisque
1527 2602 1631 2641 non
1656 2602 1792 2656 pra:-

191 2700 467 2763 posteram
496 2688 763 2743 sermonis
802 2685 1198 2745 enarrationem
1232 2681 1524 2736 tradamus.
1563 2679 1795 2748 Compa-

190 2793 340 2839 t-tum
366 2793 485 2836 erat
512 2781 722 2845 cadum,
756 2778 928 2833 solide
953 2786 1215 2832 structum
1245 2775 1638 2830 ﬁrmamentum
1664 2813 1679 2838 ,
1706 2786 1796 2827 se-

190 2884 472 2947 gregatum
506 2886 672 2933 mare,
714 2869 920 2924 detecta
950 2878 1113 2933 terra,
1140 2867 1419 2932 fructibus,
1464 2865 1677 2936 plantis,
1706 2879 1796 2918 ar-

192 2968 415 3021 boribus
441 3007 455 3028 .
487 2964 719 3018 fontibus
761 2964 907 3016 varie
937 2972 1146 3025 ornata,
1180 2970 1235 3015 et
1277 2968 1336 3013 ut
1380 2958 1687 3013 summatim
1719 2956 1798 3010 di-

190 3076 330 3124 cam,
363 3059 611 3113 omnibus
654 3058 753 3111 sibi
794 3056 1213 3125 congruentibus
1240 3055 1488 3110 decorata
1521 3062 1656 3109 erat.
1694 3051 1796 3108 Ne-

192 3169 297 3223 que
325 3153 471 3206 enim
503 3152 727 3220 simplex
759 3151 1002 3220 qua-dam
1032 3148 1285 3203 leracitas
1316 3149 1408 3202 fuit
1434 3190 1447 3212 ,
1482 3148 1574 3203 sed
1603 3147 1795 3201 distin-

191 3255 277 3299 cta
306 3253 365 3300 et
403 3244 571 3297 varia.
615 3242 746 3296 Nam
776 3242 876 3294 alia
924 3242 1091 3310 ipsam
1119 3241 1384 3294 ornabant
1425 3249 1621 3294 terram
1650 3255 1663 3303 ;
1694 3239 1795 3291 alia

193 3340 247 3394 in
294 3353 476 3393 escam
509 3336 817 3391 hominibus
847 3346 901 3390 et
936 3334 1106 3388 brutis
1134 3333 1495 3386 animantibus
1536 3330 1794 3402 producta

192 3438 339 3495 sunt,
363 3438 557 3484 caetera
589 3427 892 3482 hominibus
913 3441 1068 3479 usum
1094 3424 1423 3493 praebebant.
1454 3422 1635 3492 Neque
1654 3423 1793 3475 enim

188 3523 481 3593 pra-sentis
508 3533 589 3576 est
613 3521 893 3590 temporis,
918 3520 1127 3574 diversa
1151 3519 1234 3571 illa
1264 3534 1384 3587 quae
1411 3534 1476 3571 ex
1513 3524 1652 3571 terra
1683 3530 1795 3584 pro-

194 3618 355 3671 ducta
386 3626 511 3670 sunt
544 3629 827 3672 recensere
853 3656 866 3677 ,
900 3629 966 3666 ne
989 3612 1255 3666 sermonis
1280 3608 1552 3677 longitudo
1578 3607 1797 3661 auribus

195 3709 391 3765 vestris
422 3707 644 3760 molesta
676 3706 764 3759 sit.
800 3705 1096 3773 Acceperat
1116 3702 1277 3756 etiam
1306 3702 1493 3755 cadum
1523 3699 1793 3767 proprium

196 3802 300 3853 sibi
330 3807 600 3853 ornatum.
637 3798 887 3852 Procedit
911 3798 1022 3865 jam
1057 3796 1195 3850 Deus
1219 3795 1289 3848 ad
1307 3807 1491 3864 aquas,
1522 3791 1794 3861 efﬁcitque

198 3903 256 3949 ut
281 3891 387 3945 illa:
412 3891 645 3944 animam
683 3891 951 3943 viventem
982 3888 1298 3957 producant,
1332 3900 1558 3955 magnus
1584 3887 1797 3953 sapiens

198 3984 551 4051 tissimusqne
600 3981 824 4038 Creator
847 4022 860 4044 ,
892 3981 981 4049 qui
1033 3979 1203 4033 libero
1232 3992 1330 4032 suo
1378 3988 1506 4031 nutu
1536 3984 1592 4029 et
1622 3975 1794 4031 Verbo

194 4085 388 4133 sancto
412 4090 512 4133 suo
534 4074 711 4129 omnia
741 4076 893 4139 fecit,
940 4082 998 4127 ut
1021 4089 1083 4127 ex
1118 4073 1231 4142 ipsa
1266 4071 1428 4126 Verbi
1457 4071 1683 4125 veritate
1712 4086 1797 4124 re-

195 4185 315 4224 rum
343 4168 624 4223 veritatem
656 4168 843 4229 nostis,
877 4182 999 4221 cum
1029 4165 1307 4220 audivistis
1334 4180 1457 4219 eum
1487 4164 1790 4221 dicentem:

194 4262 580 4333 Congregentur
608 4276 754 4329 aqua:
782 4276 799 4322 ;
827 4269 880 4313 et
910 4259 1089 4313 statim
1119 4272 1253 4327 opus
1279 4265 1562 4327 sequutum
1595 4266 1677 4311 est
1698 4274 1709 4317 ;
1734 4271 1797 4309 ac

195 4370 435 4417 rursum,
474 4351 674 4406 Educat
721 4362 895 4415 terra;
935 4360 1007 4418 et,
1038 4350 1273 4405 Educant
1312 4366 1492 4421 aquw;
1523 4360 1606 4411 et,
1640 4349 1688 4401 F
1692 4352 1797 4403 iant

195 4445 493 4499 luminaria.
522 4443 777 4512 Multique
801 4442 956 4496 fuerit
988 4442 1263 4510 temporis,
1284 4442 1461 4495 omnia
1481 4457 1599 4512 quae
1621 4441 1795 4495 Verbo

197 4537 336 4591 facta
366 4544 490 4589 sunt
511 4549 650 4588 nunc
679 4548 929 4587 sermone
958 4535 1227 4602 prosequi.
1253 4531 1321 4587 Ut
1352 4534 1493 4586 enim
1525 4533 1794 4602 antiquam

197 4630 345 4684 illam
376 4629 702 4682 creationem
733 4628 1023 4689 mittamus,
1052 4627 1163 4695 jam
1189 4626 1464 4679 veniamus
1494 4626 1560 4679 ad
1588 4640 1648 4679 ea
1676 4640 1795 4693 quae

198 4722 252 4775 in
284 4721 434 4775 Novo
466 4720 807 4773 Testamento
836 4720 951 4773 solo
981 4719 1160 4773 Verbo
1180 4719 1247 4771 ab
1268 4734 1333 4772 eo
1360 4729 1484 4771 sunt
1511 4719 1667 4772 facta.
1703 4719 1798 4772 llic

199 4825 433 4881 namque
457 4820 537 4863 est
558 4810 647 4879 qui
671 4818 849 4863 vetera
875 4811 1093 4874 creavit,
1117 4818 1169 4862 et
1187 4824 1323 4862 nova
1354 4808 1479 4862 fecit
1502 4808 1793 4863 secundum

197 4904 463 4959 Joannem
502 4900 766 4956 dicentent
801 4916 814 4952 :
865 4902 1052 4953 Umnia
1083 4918 1169 4969 per
1200 4901 1364 4969 ipsum
1409 4904 1543 4971 facta
1568 4910 1727 4967 sunt,
1756 4918 1783 4955 δ

196 4998 311 5053 sine
348 4995 460 5064 ipso
504 4994 693 5061 factum
737 5002 809 5046 est
857 4994 984 5046 nihil
1032 4992 1232 5064 (Juan.
1262 4994 1311 5047 l.
1342 4992 1439 5061 3).
1470 4993 1599 5059 Quae
1643 4992 1803 5063 igitur

201 5088 381 5143 oratio
409 5087 525 5141 hmc
555 5095 801 5140 accurate
833 5085 1082 5156 prosequi
1135 5086 1348 5155 possit?
1379 5086 1480 5141 Sed
1528 5087 1683 5141 seriei
1715 5088 1799 5139 in-

203 5182 483 5235 sistamus.
516 5178 611 5231 llic
655 5177 815 5246 igitur
855 5177 1283 5246 sapientissimus
1319 5176 1577 5239 Creator,
1604 5187 1659 5229 ut
1691 5176 1800 5245 jam

203 5274 462 5336 diximus,
490 5270 629 5341 quod
662 5272 890 5339 primum
936 5269 1171 5335 fecerat,
1202 5270 1306 5324 hoc
1345 5279 1399 5323 et
1427 5270 1675 5333 ornavit;
1716 5269 1802 5323 hic

205 5367 373 5421 etiam
405 5363 480 5427 id,
514 5362 655 5432 quod
698 5362 989 5417 secundum
1033 5362 1227 5416 factum
1265 5362 1467 5429 fuerat,
1500 5362 1688 5416 ordine
1718 5377 1804 5416 se—

213 5459 452 5514 cundum
475 5460 791 5522 exornavit;
825 5457 1056 5523 itemque
1088 5455 1326 5521 tertium,
1362 5464 1605 5525 quartum
1634 5462 1687 5508 et
1714 5469 1803 5509 rc-

210 5551 357 5621 liqna
386 5549 643 5617 deinceps
669 5545 849 5601 omnia
892 5544 1185 5599 secundum
1227 5546 1469 5599 ordinem
1515 5545 1802 5599 creationis

210 5650 404 5696 ornatu
431 5654 531 5694 suo
561 5637 853 5693 decoravit.
875 5636 990 5704 Quo
1015 5644 1193 5690 autem
1211 5635 1389 5689 animo
1411 5635 1461 5689 id
1494 5635 1653 5689 fecit?
1676 5649 1801 5687 num

214 5732 448 5789 fortasse
474 5729 663 5786 volens
694 5729 891 5784 docere
920 5744 1036 5793 nos,
1054 5736 1110 5781 ut
1131 5726 1516 5781 elementorum
1546 5726 1803 5781 terminos

214 5824 473 5893 colamus,
524 5822 872 5892 ordinemque
914 5820 1301 5893 agnoscamus?
1329 5819 1506 5876 Primo
1545 5819 1701 5890 igitur
1727 5817 1803 5875 fe-

1237 344 1327 402 DE
1357 342 1572 401 MUNDI
1611 339 2004 399 CREATIONE
2040 344 2297 401 ORATIO
2333 345 2428 403 ιγ.

3399 362 3511 417 458

1913 456 1985 512 cit
2012 458 2203 513 ea-lum
2254 459 2537 531 superius;
2570 460 2807 516 secundo
2857 472 3088 530 terram;
3143 464 3298 520 tcrtio
3325 465 3509 522 ﬁrma-

1911 559 2403 619 mentum;quarto
2428 553 2726 621 segregavit
2751 568 2939 623 aquas.
2978 554 3130 623 Quod
3168 556 3400 625 primum
3427 558 3503 612 le-

1911 641 2003 706 cit,
2035 642 2268 711 primum
2297 644 2527 697 ornavit.
2560 644 2841 710 Quomodo
2869 661 3034 717 ergo,
3067 647 3214 703 dicet
3239 649 3503 719 qnispiant

1907 748 1974 789 ex
2005 733 2442 801 studiosioribus,
2470 750 2589 789 cum
2620 737 2853 792 secunda
2883 749 3027 793 esset
3065 748 3203 795 terra
3222 782 3235 805 ,
3276 743 3500 810 primaut

1910 826 2051 881 illam
2078 828 2323 882 ornavit?
2361 844 2423 883 ac
2448 830 2597 899 quasi
2639 845 2820 885 secum
2853 841 3118 903 pugnante
3156 834 3496 899 narratione,

1908 935 2200 991 coarguere
2230 922 2390 976 vnlcl.
2419 921 2522 992 Ipsi
2553 925 3007 992 respondendum,
3033 926 3165 981 nihil
3196 941 3377 982 secum
3411 944 3508 997 pu-

1905 1029 2076 1084 gnans
2102 1030 2131 1067 a
2164 1015 2318 1070 nobis
2351 1015 2403 1069 in
2438 1018 2689 1085 praesenti
2720 1018 2919 1072 dietmn
2944 1018 3109 1076 fuisse
3130 1060 3146 1085 ,
3181 1020 3276 1076 sed
3299 1022 3501 1075 oratio-

1910 1122 2030 1161 nem
2074 1107 2173 1162 sibi
2205 1109 2427 1163 omnino
2454 1125 2576 1164 esse
2607 1112 3057 1167 consentientem.
3088 1113 3221 1169 Nam
3248 1122 3383 1170 ante
3402 1113 3505 1171 hoc

1912 1202 2333 1267 ﬁrmamentum,
2360 1200 2501 1273 quod
2533 1211 2655 1273 post
2678 1204 2864 1259 erebum
2893 1206 3140 1276 superius
3167 1206 3360 1261 factum
3387 1216 3501 1273 est,

1907 1301 2068 1357 atque
2114 1293 2349 1348 secunda
2396 1294 2484 1349 die
2534 1296 2921 1361 constitutum,
2965 1307 3151 1352 ornata
3201 1308 3337 1355 terra
3384 1299 3503 1355 fuit.

1910 1383 2205 1451 Oportebat
2226 1387 2367 1440 enim
2396 1386 2601 1441 ordinis
2632 1390 2826 1444 seriem
2857 1391 3084 1446 servari.
3129 1391 3263 1447 Cum
3305 1402 3504 1449 terram

1908 1476 2105 1545 plantis
2130 1486 2183 1531 et
2207 1478 2466 1533 fructibus
2493 1492 2763 1547 ornasset,
2797 1498 2920 1539 cum
2949 1486 3143 1540 caelum
3172 1488 3305 1552 sole,
3341 1488 3461 1543 luna
3491 1529 3507 1553 ,

1906 1585 1970 1624 ac
1999 1569 2207 1638 reliquo
2232 1570 2509 1626 stellarum
2534 1573 2700 1628 choro
2729 1574 3061 1644 decorasset,
3092 1579 3157 1633 ad
3181 1595 3345 1650 aquas
3377 1597 3504 1650 pros

1906 1666 2091 1719 cessit.
2127 1666 2196 1720 Et-
2222 1668 2347 1737 quid
2378 1669 2616 1724 historia:
2658 1672 2929 1741 scriptor?
2956 1671 3023 1726 Et
3053 1674 3182 1727 dixit
3212 1674 3351 1729 Deus
3374 1716 3388 1740 ,
3426 1677 3505 1730 in-

1904 1758 2052 1825 quit,
2089 1757 2320 1813 Educant
2371 1778 2517 1829 aqua:
2560 1764 2763 1833 reptilia
2805 1764 3093 1819 animarum
3136 1766 3423 1833 viventium,
3457 1777 3511 1822 et-

1905 1863 2020 1901 avt's
2059 1850 2284 1904 volantes
2328 1869 2481 1921 super
2527 1862 2748 1917 terram,
2802 1855 3079 1909 secundum
3125 1857 3505 1927 ﬁrmamentum

1905 1942 2018 1995 cadi
2046 1942 2064 2012 (
2096 1941 2223 1997 Cen.
2251 1945 2300 1999 l.
2334 1944 2405 2000 20
2434 1945 2475 2016 ).
2512 1946 2646 2000 Vide
2670 1948 2763 2001 Dei
2795 1961 3123 2014 sermonem,
3156 1965 3319 2019 Opera
3347 1950 3505 2006 dictis

1905 2035 2216 2103 addentem,
2269 2046 2323 2090 ct
2355 2038 2517 2093 verba
2574 2038 2625 2092 in
2663 2054 2824 2108 opera
2870 2050 3187 2098 vertentem.
3223 2041 3359 2098 Vide
3405 2043 3497 2097 Dei

1904 2128 2137 2199 syllabas
2164 2130 2437 2200 verbaque
2461 2131 2668 2197 brevia,
2702 2133 2881 2187 divina
2918 2135 3116 2191 virtute
3152 2136 3327 2206 plena.
3354 2135 3503 2192 Edu-

1905 2232 2021 2275 cant
2049 2240 2234 2294 aqum:
2262 2239 2443 2281 sermo
2470 2226 2622 2280 labor
2648 2237 2701 2281 et
2726 2243 2860 2296 opus
2880 2228 2974 2283 Dei
3005 2238 3105 2283 est.
3134 2229 3380 2284 Arbitror
3402 2246 3503 2300 ego

1904 2331 2065 2385 opera
2115 2332 2421 2372 sermonem
2450 2321 2803 2376 antevertisse
2832 2340 2845 2374 :
2894 2322 3131 2377 velocior
3173 2324 3316 2378 enim
3347 2324 3508 2378 dictis

1906 2412 2140 2480 potentia
2188 2411 2435 2466 Nondum
2465 2414 2703 2480 prolatus
2724 2430 2905 2469 sermo
2928 2416 3189 2482 fuerat,et
3218 2431 3352 2486 Oplls
3381 2432 3503 2486 pro-

1906 2502 2076 2570 prium
2109 2504 2407 2570 accipiebat
2434 2516 2681 2557 ornatum
2713 2522 2728 2559 :
2762 2506 3013 2576 quodque
3036 2506 3229 2561 mirum
3256 2516 3358 2569 est.
3392 2509 3504 2563 sin-

1901 2594 2038 2664 gulis
2064 2595 2211 2649 hisce
2237 2597 2517 2651 elementis
2554 2598 2689 2652 Deus
2728 2599 2994 2669 duplicem
3031 2602 3303 2671 prmbebat
3346 2620 3503 2658 orna-

1906 2696 2035 2741 tum.
2097 2687 2252 2740 Dedit
2301 2687 2638 2743 ﬁrmamento
2698 2692 2981 2747 luminaria
3029 2702 3085 2749 ct
3138 2710 3337 2752 mrem.
3392 2696 3503 2751 lmo

1905 2779 2065 2831 etiam
2116 2777 2305 2833 horum
2354 2780 2698 2837 luminarium
2733 2783 2979 2841 diversus
3020 2797 3137 2842 erat
3164 2805 3328 2856 usus;
3356 2799 3412 2846 ut
3436 2806 3502 2847 ex

1906 2869 2034 2938 ipsis
2062 2870 2353 2941 Scriptura:
2402 2873 2558 2930 dictis
2605 2886 2817 2931 constat
2842 2918 2856 2942 ,
2884 2877 2951 2934 de
2981 2880 3173 2949 quibus
3202 2898 3300 2953 pro
3340 2883 3501 2951 virili,

1905 2961 2005 3015 etsi
2053 2978 2160 3015 non
2205 2978 2309 3033 pro
2348 2964 2639 3033 dignitate,
2685 2983 2857 3038 nuper
2890 2970 3054 3025 verba
3092 2970 3347 3042 fecimus,
3380 2990 3501 3031 cum

1909 3054 2062 3109 vobis
2088 3053 2280 3109 horum
2313 3057 2574 3113 rationem
2609 3061 3012 3129 exponebamus
3045 3078 3059 3117 :
3091 3064 3160 3121 de
3187 3066 3377 3135 quibus
3406 3069 3502 3123 itc-

1903 3163 2020 3201 rum
2054 3148 2105 3201 in
2129 3150 2382 3216 praesenti
2430 3167 2735 3207 sermonem
2770 3154 2968 3211 habere
2999 3158 3187 3214 inutile
3213 3160 3368 3215 foret.

1972 3238 2027 3291 2.
2070 3237 2207 3292 Deus
2235 3242 2491 3307 praeterita
2515 3283 2529 3305 ,
2563 3246 2831 3310 prwsentia
2860 3255 2907 3298 et
2935 3251 3111 3318 futura
3139 3249 3287 3303 uidet.
3318 3250 3501 3320 Bapti-

1901 3346 2037 3384 smus
2076 3331 2313 3385 eiuundat
2342 3349 2374 3386 a
2416 3335 2631 3401 peccatis
2670 3337 2920 3392 omnibus.
2962 3337 3213 3411 Baptismi
3254 3342 3419 3413 ﬁgura
3454 3353 3504 3399 et

1902 3426 1993 3478 vis.
2020 3455 2093 3465 —
2122 3425 2304 3480 Terra:
2330 3428 2533 3482 semina
2564 3428 2714 3483 dedit
2741 3439 2795 3485 et
2825 3431 3032 3501 plautas
3057 3451 3070 3500 ;
3102 3435 3277 3505 aquis,
3305 3435 3501 3492 natati-

1903 3518 1972 3571 lia
2002 3527 2054 3572 et
2084 3519 2339 3573 volatilia.
2367 3519 2600 3575 Educant
2621 3539 2764 3590 aqua:
2790 3526 2994 3593 reptilia
3018 3526 3305 3580 animarum
3331 3529 3500 3583 viven-

1905 3610 2027 3663 tium
2052 3652 2065 3673 ,
2097 3619 2142 3663 et
2168 3612 2397 3665 volatilia
2426 3612 2668 3666 volantia.
2702 3613 2929 3683 lleptilia
2962 3617 3136 3686 pisces
3159 3626 3349 3685 vocat,
3378 3620 3500 3690 quia

1905 3703 2078 3769 potius
2120 3712 2352 3772 repunt,
2393 3718 2549 3772 quam
2591 3705 2887 3761 ambulant.
2922 3707 3279 3773 Quamobrem
3312 3709 3502 3766 beatus

1903 3793 2068 3845 David
2112 3793 2470 3861 legislaturem
2508 3810 2737 3865 sequens
2779 3798 2854 3851 ait
2885 3815 2898 3853 :
2932 3797 3046 3852 Hoc
3081 3816 3220 3854 mare
3260 3818 3503 3873 magnum

1903 3894 1948 3936 et
1994 3885 2275 3951 spatiosum
2308 3904 2327 3937 .·
2355 3884 2465 3937 illis
2499 3885 2704 3955 reptilia
2746 3904 2961 3957 quorum
3006 3907 3108 3944 non
3150 3900 3224 3945 est
3264 3908 3514 3946 numerus.

1903 3980 1920 4047 (
1948 3979 2090 4031 I’sal.
2122 3978 2243 4032 103.
2271 3977 2344 4031 25
2366 3977 2406 4048 ).
2437 3978 2571 4033 Rem
2596 3980 2914 4048 stupendam
2946 3984 2958 4035 !
3002 3982 3325 4051 stupemlnm
3350 3985 3499 4039 ordi-

1903 4070 2067 4124 nem!
2116 4069 2362 4139 stupendi
2410 4070 2558 4124 verbi
2602 4072 3050 4140 promissionem!
3092 4074 3320 4141 Quare?
3367 4076 3499 4142 Quia

1902 4162 2141 4216 omnium
2174 4160 2361 4229 Opifex
2393 4171 2476 4216 est
2502 4179 2515 4227 ;
2546 4163 2623 4217 sic
2663 4178 2771 4232 pra:
2802 4164 2971 4219 oculis
3003 4164 3163 4220 habet
3191 4168 3456 4236 przeterita
3483 4209 3499 4232 .

1903 4254 2185 4323 praesentia
2218 4262 2274 4308 et
2316 4253 2487 4307 futura
2515 4295 2530 4320 ,
2574 4264 2631 4307 ut
2672 4270 2842 4325 neque
2878 4270 2976 4310 nos
3012 4272 3074 4312 ea
3107 4257 3218 4327 ipsa
3244 4275 3361 4330 qua:
3391 4276 3501 4330 pra:

1904 4348 2072 4401 oculis
2094 4355 2234 4400 sunt.
2258 4346 2392 4413 Quia
2419 4346 2578 4417 igitur
2604 4362 2698 4417 per
2722 4363 2887 4418 aquas
2911 4350 3084 4418 primo
3110 4351 3270 4406 vitam
3303 4353 3502 4409 mundo

1905 4442 2124 4496 daturus
2154 4448 2289 4504 erat,
2319 4440 2493 4510 primo
2522 4440 2674 4510 aquis
2706 4442 2968 4512 praecipit,
2997 4452 3055 4497 ut
3083 4443 3372 4513 viviparam
3404 4460 3499 4498 na-

1908 4542 2080 4586 turam
2113 4532 2409 4602 producant
2440 4549 2452 4585 :
2486 4541 2543 4586 ut
2568 4532 2744 4587 discas
2776 4532 2916 4588 unde
2943 4534 3092 4588 radix
3121 4536 3240 4587 vitm
3270 4536 3357 4588 sit.
3390 4536 3499 4606 Ego

1905 4642 2026 4681 cmn
2057 4626 2213 4679 video
2243 4639 2338 4680 eos
2380 4625 2469 4695 qui
2510 4625 2794 4680 illuminati
2828 4625 2977 4679 fuere
3021 4641 3088 4679 ex
3118 4626 3315 4681 sanctis
3346 4628 3498 4698 aquis

1906 4719 2071 4782 exire,
2098 4718 2186 4786 qui
2212 4717 2264 4771 in
2293 4716 2613 4785 baptismum
2636 4730 2756 4769 cum
2785 4715 2965 4768 multis
2985 4715 3141 4770 malis
3160 4718 3309 4787 quasi
3336 4719 3499 4789 repti-

1907 4809 1974 4862 lia
2003 4806 2226 4876 ingressi
2253 4814 2393 4870 sunt,
2426 4814 2479 4859 et
2505 4820 2624 4858 cum
2653 4804 2757 4859 vita
2788 4813 2989 4861 reterna
3017 4816 3141 4861 sunt
3176 4808 3398 4879 egressi,
3422 4810 3505 4865 vi-

1908 4900 2006 4953 deo
2037 4898 2415 4967 chislatorem
2458 4895 2722 4949 dicentem
2754 4914 2766 4949 :
2801 4897 3043 4952 Educant
3075 4914 3227 4969 aqua:
3257 4917 3355 4967 ea,
3388 4918 3507 4973 quae

1910 5003 2032 5047 tunc
2056 4990 2262 5058 reptilia
2284 4996 2456 5053 erant,
2487 5004 2628 5043 nunc
2657 4990 2833 5044 anima
2856 4991 3039 5047 vivens
3059 5003 3203 5048 sunt.
3230 4994 3505 5051 Undenam

1910 5087 2009 5139 hoc
2036 5082 2190 5137 nobis
2219 5081 2393 5152 palam
2427 5082 2565 5136 erit?
2597 5082 2731 5149 Quia
2776 5084 2809 5137 ii
2839 5084 2929 5153 qui
2958 5086 3221 5141 accedunt
3265 5086 3330 5140 ad
3365 5088 3509 5144 lava-

1908 5190 2056 5231 crum
2086 5174 2138 5228 in
2166 5173 2344 5243 priora
2386 5184 2601 5243 peccata
2628 5218 2641 5241 ,
2671 5176 2938 5245 reptilimn
2981 5193 3174 5234 nomen
3207 5181 3502 5250 accipiunt.

1910 5268 2176 5321 Exierunt
2201 5267 2351 5321 multi
2384 5267 2447 5322 ad
2480 5268 2805 5337 baptismum
2830 5270 3052 5325 Joannis
3083 5289 3099 5324 ι
3129 5273 3509 5329 accedentibus

1908 5358 2036 5413 dicit
2068 5376 2080 5411 :
2116 5359 2422 5427 Serpentes,
2466 5362 2723 5432 genimina
2765 5364 3051 5433 viperarum
3081 5406 3096 5432 ,
3133 5367 3244 5437 quis
3286 5365 3508 5421 ostendit

1908 5451 2044 5504 vobis
2070 5454 2243 5521 fugere
2263 5468 2296 5504 a
2316 5462 2525 5506 ventura
2556 5456 2634 5507 ira
2663 5457 2681 5522 (
2705 5455 2891 5511 Matth.
2920 5458 2970 5513 '5.
2998 5457 3066 5530 7)
3090 5458 3114 5512 ’ἶ
3141 5458 3272 5512 Cum
3304 5455 3503 5527 anima,

1910 5557 2027 5611 qua:
2044 5544 2223 5597 multis
2247 5544 2404 5597 annis
2435 5545 2486 5597 in
2522 5546 2754 5615 nequitia
2783 5548 2952 5615 vixit,
2987 5549 3037 5603 in
3071 5549 3390 5618 baptismum
3423 5549 3509 5604 in-

1913 5642 2019 5688 trat
2044 5675 2057 5698 ,
2099 5643 2153 5689 et
2192 5635 2532 5706 improbitate
2571 5635 2812 5708 deposita
2852 5640 3142 5711 egreditur,
3171 5640 3293 5696 vide
3329 5657 3508 5698 annon

1912 5725 2161 5795 operibus
2186 5728 2526 5796 reSpleudcat
2549 5728 2637 5783 illa
2661 5745 2763 5784 vox
2786 5729 3073 5798 dominica,
3102 5746 3221 5801 quae
3247 5733 3341 5799 ait,
3368 5731 3512 5788 Edu-

1917 5825 2033 5871 cant
2057 5833 2204 5889 aqua
2232 5818 2435 5891 reptilia
2461 5821 2744 5876 animarum
2775 5822 3061 5891 viventium,
3095 5830 3142 5879 et
3168 5824 3393 5882 volatilia
3423 5841 3509 5882 vo-
