4110 6318
651 332 767 385 459

639 435 800 489 lentia
819 433 846 489 .’
876 431 1146 501 Dupliccm
1197 444 1427 500 namque
1469 430 1694 499 gratiam
1723 428 1920 500 accipit
1947 428 1994 482 is
2019 428 2107 497 qui
2138 442 2231 479 sa-

640 530 803 581 lutem
831 526 1200 596 consequitur.
1230 539 1419 593 nempe
1447 532 1502 579 et
1534 520 1830 577 viviﬁcatur
1849 521 2046 586 anima,
2069 529 2124 575 et
2144 535 2237 575 vo-

638 620 797 675 latilis
824 619 1072 685 efﬁcitur,
1103 627 1157 673 et
1180 617 1248 671 ad
1274 617 1530 671 canorum
1562 615 1799 670 fornices
1826 614 2040 686 attingit
2066 656 2081 680 ,
2110 629 2234 669 cum

636 711 841 785 angelis
869 720 1136 776 versatur,
1162 715 1219 764 et
1246 724 1367 764 cum
1394 708 1594 763 celesti
1623 706 1815 762 ordine
1840 707 2020 763 locum
2052 706 2233 759 habet.

642 804 705 858 Et
735 806 962 859 volatilia
986 803 1211 857 volantia
1237 819 1392 870 super
1412 811 1599 855 terram
1628 800 1905 854 secundum
1934 800 2233 868 firmamen-

637 907 744 949 tum
769 897 901 950 casti.
934 893 1104 964 Super
1124 903 1309 947 terram
1333 933 1350 959 ,
1378 906 1627 962 corpore,
1656 892 1709 946 in
1735 891 1902 957 cazlis,
1935 891 2057 943 vitae
2084 888 2235 943 insti-

636 998 767 1044 tuto.
801 988 926 1044 Hch
954 1004 1059 1043 non
1093 1003 1189 1058 per
1217 987 1526 1057 allegoriam
1559 985 1861 1040 inducimus
1884 1026 1898 1049 ,
1934 982 2029 1038 sed
2061 985 2113 1038 in
2146 982 2231 1036 hi-

632 1084 799 1138 storia
826 1082 1213 1152 conspicimus.
1237 1079 1395 1135 Aliud
1423 1088 1506 1134 est
1534 1080 1845 1149 allegoriam
1873 1078 1925 1132 in
1954 1078 2230 1133 historiam

635 1175 689 1229 vi
721 1174 1013 1239 inducere;
1047 1174 1190 1229 aliud
1231 1173 1451 1229 historia
1482 1183 1691 1229 servata
1718 1173 2031 1241 allegoriam
2063 1186 2231 1226 exco-

631 1265 821 1335 gitare.
862 1268 1037 1335 Atque
1074 1274 1133 1320 ut
1169 1264 1421 1320 ostendat
1461 1277 1521 1320 se
1551 1263 1762 1334 reptilia
1788 1262 1968 1318 dicere
1994 1262 2231 1317 volatilia

634 1368 862 1425 pennata
888 1399 901 1421 ,
931 1373 1051 1427 qua:
1079 1367 1205 1412 sunt
1244 1358 1295 1411 in
1334 1356 1467 1411 mari
1492 1397 1505 1419 ,
1532 1354 1753 1420 subdit;
1793 1374 1811 1406 ‹
1842 1354 1909 1410 Et
1936 1354 2062 1409 fecit
2093 1356 2231 1410 Dens

630 1459 751 1504 rete
775 1449 1017 1520 grandia,
1047 1459 1102 1504 et
1128 1464 1346 1504 miincm
1375 1449 1611 1502 animam
1637 1448 1904 1503 viventem
1936 1448 2228 1518 reptilium,

627 1556 746 1610 qua:
769 1540 950 1597 eduxit
972 1556 1108 1611 aqua
1130 1557 1144 1605 ;
1168 1549 1223 1594 et
1247 1539 1462 1596 volatile
1490 1548 1781 1610 pennatum
1809 1558 1828 1592 ι
1863 1538 2017 1609 (Gen.
2040 1540 2091 1592 1.
2113 1540 2225 1610 21).

629 1631 795 1686 Estne
825 1647 954 1701 ergo
992 1630 1205 1686 volatile
1242 1645 1351 1686 non
1388 1632 1723 1701 pennatum?
1766 1630 1893 1702 quid
1936 1647 2071 1702 opus
2114 1642 2232 1688 erat

627 1722 829 1787 dicere,
862 1721 1080 1776 Valatile
1108 1731 1386 1793 pennatam
1408 1722 1434 1776 ?
1463 1722 1655 1778 Volare
1683 1721 1771 1779 hic
1790 1721 1985 1777 dicitur
2012 1723 2065 1777 id
2086 1724 2228 1795 quod

628 1823 713 1868 est
757 1813 1062 1884 expandere
1112 1828 1322 1870 manus.
1378 1814 1564 1869 Potest
1605 1814 1767 1869 etiam
1819 1815 1940 1885 quis
1983 1815 2231 1871 manibus

626 1915 878 1975 πετῖισθαι,
911 1917 968 1962 ut
993 1908 1068 1961 ait
1093 1906 1356 1978 propheta
1380 1925 1394 1960 :
1428 1906 1555 1961 Tota
1582 1908 1663 1960 die
1681 1914 1942 1973 ἐξεπέτασα
1960 1947 1975 1973 ,
2005 1908 2227 1977 expendi

627 2014 807 2052 manus
836 2015 974 2053 ineas
997 1999 1065 2052 ad
1086 2002 1334 2070 populum
1362 2016 1463 2053 non
1490 2000 1776 2054 credentem
1802 2008 1847 2054 et
1872 2001 2226 2054 contradicen-

627 2104 726 2145 tein
756 2089 911 2164 (lsai.
942 2092 1031 2148 65.
1056 2091 1116 2164 2)
1150 2109 1165 2146 :
1195 2107 1303 2148 non
1331 2091 1472 2163 quod
1504 2107 1693 2147 manus
1722 2107 1931 2163 pennas
1956 2092 2187 2149 habeant
2209 2135 2225 2161 ,

626 2183 720 2238 sed
742 2184 866 2254 quia
889 2192 1118 2238 τητᾶσθαι
1139 2184 1441 2254 expandere
1458 2184 1741 2255 significat.
1764 2184 1916 2253 Quod
1943 2186 2080 2256 repit
2100 2202 2227 2257 ergo

627 2275 841 2330 volatile
863 2276 966 2331 dici
998 2286 1193 2346 potest,
1216 2276 1357 2346 quod
1385 2285 1558 2346 repat,
1577 2291 1741 2346 seque
1761 2275 2060 2347 expandat:
2087 2278 2227 2333 unde
2259 2290 2268 2301 ‘

626 2378 683 2423 et
707 2370 871 2424 David
899 2372 975 2425 ait
1003 2388 1018 2429 :
1051 2370 1321 2439 Serpentes
1348 2379 1398 2425 et
1415 2370 1642 2425 volatilia
1668 2380 1911 2441 pennata.
1938 2368 2084 2424 Fecit
2100 2386 2231 2441 ergo

626 2460 765 2516 Dens
802 2473 909 2516 cete
947 2463 1161 2533 grandia
1209 2463 1227 2533 (
1258 2461 1345 2515 Ps.
1376 2462 1502 2517 148.
1535 2462 1642 2531 10)
1674 2477 1688 2527 ;
1723 2462 1773 2515 id
1804 2472 1888 2517 est
1916 2503 1932 2528 ,
1964 2461 2226 2519 dracones

627 2567 851 2621 magnos
890 2553 943 2606 in
993 2553 1145 2606 mari.
1199 2552 1409 2623 Reliqui
1457 2554 1599 2607 enim
1647 2553 1968 2621 interpretes
1994 2554 2223 2608 dicunt:

636 2646 773 2701 Fecit
802 2645 939 2700 Deus
978 2645 1220 2700 dracones
1249 2660 1459 2715 magnos
1485 2644 1583 2715 (a).
1630 2644 1748 2699 Non
1776 2646 2053 2709 dixerunt,
2087 2644 2223 2711 Cete,

626 2739 743 2803 sed,
777 2738 1052 2792 Dracones.
1082 2736 1219 2792 Nihil
1253 2737 1303 2791 in
1335 2737 1466 2791 mari
1498 2735 1692 2791 factum
1721 2746 1804 2791 est
1829 2737 1969 2793 inter
1996 2738 2225 2791 viventia

630 2830 778 2897 prius
806 2844 966 2899 quam
997 2831 1179 2885 draco.
1212 2827 1336 2884 ldco
1365 2828 1441 2883 ait
1471 2827 1635 2882 David
1666 2846 1680 2882 :
1716 2846 1734 2878 ‹
1772 2827 2007 2882 Laudate
2040 2828 2225 2882 Domi-

628 2940 753 2979 num
775 2922 843 2978 de
861 2930 1021 2989 terra,
1037 2922 1301 2978 dracones
1316 2931 1371 2976 et
1390 2935 1577 2976 omnes
1591 2921 1765 2993 abyssi
1790 2941 1807 2974 ι
1834 2920 1951 2995 (Ps.
1978 2921 2099 2977 M8.
2131 2923 2185 2993 7)
2207 2940 2221 2989 ;

628 3027 683 3071 ct
711 3018 836 3072 alibi
866 3035 879 3071 :
915 3036 934 3069 ι
962 3017 1075 3072 Hoc
1109 3032 1257 3072 mare
1284 3032 1533 3087 maguum
1558 3027 1610 3070 et
1636 3018 1930 3085 spatiosum
1952 3058 1968 3083 ,
1999 3018 2106 3072 illic
2136 3033 2225 3071 re-

628 3108 776 3177 ptilia
801 3123 1030 3178 quorum
1061 3123 1164 3163 non
1191 3118 1273 3165 est
1294 3124 1583 3163 numerus:
1613 3110 1861 3163 animalia
1891 3111 2081 3179 pusilla
2100 3126 2223 3165 cutn

628 3202 833 3273 magnis
864 3219 876 3254 :
907 3202 1015 3257 illic
1040 3217 1200 3256 naves
1230 3202 1648 3270 pertransibunt.
1696 3202 1865 3254 Dmco
1896 3200 1997 3255 iste
2017 3241 2031 3259 .
2061 3218 2220 3271 quem

623 3293 866 3348 formasti
915 3293 981 3347 ad
1028 3291 1354 3348 illudeudum
1396 3292 1445 3346 ei
1474 3310 1493 3343 ι
1540 3290 1677 3358 (Ps.
1712 3290 1842 3348 105.
1868 3291 1959 3346 25.
1986 3292 2057 3347 26
2081 3292 2121 3358 ).
2158 3294 2225 3349 Et

625 3383 753 3437 alibi
780 3393 837 3437 ut
863 3382 1114 3438 oswndat
1143 3398 1249 3436 non
1282 3398 1443 3436 unum
1463 3423 1477 3446 ,
1513 3382 1605 3435 sed
1637 3380 1834 3436 multos
1863 3382 1932 3436 ibi
1960 3382 2224 3439 dracones

623 3491 747 3532 esse
766 3519 781 3541 ,
810 3477 883 3531 ait
912 3492 927 3530 :
954 3474 1036 3530 Tu
1063 3476 1345 3531 contrivisti
1366 3476 1535 3544 capita
1556 3476 1833 3529 draconum
1864 3476 1915 3528 in
1941 3493 2072 3547 aqua
2101 3475 2220 3548 (Ps.

624 3568 721 3623 73.
747 3569 856 3639 l3).
891 3566 1033 3623 Fecit
1060 3568 1217 3638 igitur
1246 3578 1351 3622 cete
1378 3566 1615 3637 grandia.
1646 3566 1713 3620 Et
1742 3568 1862 3621 vidit
1894 3566 2032 3623 Deus
2055 3610 2070 3632 ,
2102 3569 2223 3638 quia

622 3660 795 3714 omnia
824 3659 973 3713 bona.
1004 3658 1182 3731 Quare
1211 3658 1375 3717 dixit.
1420 3657 1567 3712 Bona
1588 3660 1613 3712 ?
1640 3659 1895 3728 numquid
1926 3660 2063 3714 bona
2097 3674 2221 3729 pro-

624 3762 746 3823 pter
776 3751 1212 3807 multitudinem?
1241 3751 1399 3820 Atqui
1431 3750 1645 3821 quando
1675 3751 1858 3804 stellas
1892 3751 2018 3805 fecit
2045 3760 2102 3805 et
2130 3764 2221 3803 so-

623 3853 731 3900 lem
760 3853 816 3901 et
846 3846 1025 3899 lunam
1051 3885 1066 3909 ,
1103 3844 1269 3898 multa
1313 3844 1439 3897 licet
1476 3852 1657 3897 essent
1688 3859 1811 3913 qua:
1842 3842 1978 3897 facta
2010 3843 2225 3897 fuerant

621 3938 784 3992 dicit:
822 3936 956 3991 Vidit
978 3936 1116 3991 Deus
1136 3937 1270 4007 quod
1284 3947 1410 3992 essu
1437 3936 1622 3990 bonum
1645 3934 1799 4007 (Gen.
1831 3936 2017 4006 1.10).
2046 3936 2223 3992 Multa:

620 4037 749 4084 sunt
772 4029 967 4095 stellae,
990 4043 1281 4097 earumque
1314 4028 1477 4082 millia
1507 4030 1819 4083 innumera:
1841 4045 2014 4098 neque
2043 4037 2220 4085 tamen

622 4121 756 4175 dixit
778 4137 794 4174 :
818 4119 959 4174 Vidit
982 4120 1122 4175 Deus
1145 4118 1288 4189 quod
1319 4118 1458 4174 bona
1480 4128 1699 4185 essent;
1732 4120 1826 4175 sed
1861 4120 2013 4187 Quod
2035 4122 2223 4175 bonam

621 4223 768 4268 esset.
794 4213 1007 4281 Quare?
1030 4212 1160 4280 Quia
1183 4214 1282 4269 etsi
1303 4214 1466 4268 multa
1493 4214 1799 4281 luminaria,
1822 4230 1892 4271 ex
1913 4230 2017 4270 una
2043 4225 2219 4271 tamen

619 4304 741 4358 luce
770 4314 915 4371 sunt,
948 4313 1003 4359 et
1027 4304 1092 4358 ad
1124 4308 1371 4360 eumdem
1404 4305 1583 4359 omnia
1611 4321 1765 4359 usum
1799 4323 1810 4358 :
1845 4322 1969 4361 nam
1999 4307 2065 4361 ad
2093 4308 2221 4362 illit-

618 4397 932 4451 miuandum
971 4397 1141 4466 posita
1182 4407 1325 4451 sunt.
1359 4397 1457 4452 Hic
1482 4412 1612 4452 vero
1640 4397 1763 4468 quia
1805 4398 1993 4465 ingens
2018 4408 2101 4454 est
2129 4416 2221 4455 re-

619 4489 827 4557 ptilium
857 4488 1154 4543 differentia
1179 4528 1196 4554 ,
1223 4496 1277 4543 et
1304 4488 1619 4552 volatilium,
1652 4490 2061 4559 uatatiliumque
2096 4490 2217 4563 (alia

618 4581 815 4651 quippe
843 4580 980 4635 ratio
1006 4588 1091 4635 est
1120 4581 1443 4646 natatilium,
1463 4582 1565 4635 alia
1589 4582 1905 4648 volatilium,
1925 4583 2029 4636 alia
2056 4585 2219 4653 repti-

616 4674 793 4743 lium),
817 4682 870 4726 et
893 4674 943 4727 in
973 4672 1196 4742 singulis
1224 4672 1509 4741 generibus
1536 4672 1700 4725 multa
1722 4672 2040 4743 diversaque
2070 4684 2216 4741 sunt,

613 4766 778 4821 dicit:
820 4762 958 4817 Vidit
986 4763 1125 4818 Deus
1146 4764 1281 4832 quod
1307 4774 1468 4817 essent
1493 4763 1645 4817 bona.
1671 4764 1776 4820 Pro
1803 4768 2059 4819 varietate
2088 4780 2217 4835 ope-

609 4874 731 4912 rum
771 4858 886 4912 laus
927 4858 1188 4927 sequitur.
1223 4856 1290 4910 Et
1318 4856 1569 4911 benedixit
1599 4874 1658 4912 ea
1684 4855 1823 4911 Deus
1848 4858 2020 4911 dicens
2044 4874 2063 4913 :
2088 4856 2214 4912 Cre-

610 4951 735 5003 scite
762 4959 809 5003 et
830 4949 1261 5017 multiplicamini,
1282 4958 1334 5003 et
1346 4949 1534 5019 replete
1555 4966 1739 5018 aquas,
1767 4958 1813 5004 et
1836 4949 2063 5003 volatilia
2086 4949 2204 5003 an

614 5043 908 5112 tiplicentur
937 5040 1090 5114 (Gen.
1126 5043 1176 5097 1.
1202 5040 1317 5113 22).

686 5135 737 5187 3.
761 5133 935 5188 Stellis
951 5150 1042 5187 cur
1062 5150 1161 5185 non
1181 5133 1487 5187 hancdixerit
1508 5130 1659 5186 Deus.
1673 5163 1745 5173 —
1765 5131 1874 5187 Cur
1892 5148 2012 5186 cum
2036 5134 2218 5189 stellas

612 5227 755 5286 fecit.
776 5240 879 5279 non
898 5224 1205 5280 benedixit?
1229 5239 1325 5279 cur
1339 5240 1459 5278 cum
1485 5225 1676 5279 herbas
1694 5234 1749 5278 et
1772 5224 1908 5294 ligna
1939 5225 2086 5290 fecit,
2112 5243 2215 5280 non

611 5317 1044 5371 benetlixit?Alia
1063 5316 1355 5383 benedixit,
1372 5318 1471 5370 alia
1489 5332 1591 5370 non
1607 5317 1893 5372 benedicit.
1910 5317 2039 5384 Qum
2057 5334 2217 5373 causa

609 5409 821 5462 virtutis
838 5407 994 5476 hujus
1010 5416 1267 5462 creatura:
1286 5408 1415 5461 fuit?
1441 5409 1689 5463 Attende.
1706 5410 1884 5462 Stella:
1904 5418 2032 5476 quot
2061 5409 2215 5463 facta‘e

608 5511 736 5557 sunt
757 5500 825 5556 ab
852 5500 1003 5556 initio
1021 5542 1036 5567 ,
1066 5509 1145 5557 tot
1172 5510 1391 5557 mnent
1415 5542 1438 5569 ν
1462 5518 1526 5557 ac
1552 5518 1724 5573 neque
1752 5519 1978 5558 numero
2003 5547 2016 5569 ,
2043 5521 2216 5575 neque

609 5593 975 5665 magnitudine
1014 5604 1235 5664 possunt
1271 5595 1497 5666 augeri;
1540 5610 1733 5664 nempe
1778 5610 1897 5650 cum
1934 5596 1986 5649 in
2018 5595 2213 5650 identi-

674 5726 749 5782 (η)
782 5734 895 5791 μειερ
917 5726 1217 5791 reliquorum
1248 5736 1572 5791 interpretum
1612 5727 1757 5779 lectio
1796 5742 1890 5779 nan
1931 5738 2123 5780 notatur
2166 5745 2216 5781 tu

616 5788 841 5852 hexaplis
865 5790 1061 5841 nostris.

2086 313 2454 370 SEVERIANI

3836 357 3965 408 461]

2349 437 2457 483 tate
2500 437 2703 485 natura:
2750 443 3115 495 permansura:
3155 444 3371 505 essent,
3409 436 3787 497 benedictione
3829 458 3961 511 qua

2343 519 2487 588 ipsas
2506 520 2887 592 multiplicaret
2914 539 3019 579 non
3043 525 3290 596 egebant.
3321 527 3451 596 Qum
3477 545 3604 586 vero
3629 546 3699 586 ex
3724 549 3959 589 succes—

2341 612 2493 667 sinue
2518 622 2802 683 augentur,
2836 629 2933 669 nec
2956 615 3058 671 alio
3088 627 3312 687 possunt
3340 624 3519 691 augeri
3548 623 3749 691 modo,
3777 624 3959 680 bene-

2341 701 2631 759 dictionem
2664 706 2971 761 necessario
2996 709 3351 778 accipiebant.
3383 709 3523 767 Idem
3554 730 3771 770 rursum
3802 715 3957 781 dico,

2342 805 2400 848 ut
2423 796 2627 851 dictum
2642 798 2820 867 magis
2846 799 3091 869 inligatur
3113 804 3295 856 menti.
3320 803 3503 873 Neque
3525 807 3693 873 enim,
3726 808 3955 870 fratres,

2343 888 2543 957 planta,
2566 905 2686 959 qua:
2708 900 2910 945 temere
2931 900 2984 945 et
3015 893 3373 961 perfunctorie
3402 896 3454 949 in
3484 903 3643 952 terra:
3675 900 3954 953 scissuras

2341 979 2629 1043 inducitur,
2658 982 2865 1037 ﬁrmam
2898 982 3056 1038 habet
3085 984 3303 1046 sedem;
3348 987 3444 1041 sed
3481 1004 3602 1058 quae
3631 988 3684 1042 in
3720 991 3958 1059 profun-

2339 1070 2464 1126 dum
2497 1073 2616 1141 ejus
2644 1090 2769 1130 cum
2796 1074 2941 1129 omni
2971 1074 3246 1146 diligentia
3276 1078 3599 1134 immittitur.
3630 1079 3821 1136 Stellae
3848 1082 3957 1137 δο-

2340 1163 2643 1220 nedictione
2666 1181 2800 1235 opus
2830 1182 2937 1222 non
2970 1167 3239 1222 habebant
3268 1186 3282 1224 :
3316 1184 3489 1239 neque
3514 1172 3654 1227 enim
3689 1174 3810 1229 hinc
3843 1174 3958 1229 illis

2340 1256 2729 1327 multiplicandi
2761 1259 2865 1313 vim
2907 1259 3193 1314 tribuebat.
3222 1260 3467 1315 Volatilia
3498 1272 3679 1319 autem
3708 1274 3763 1319 et
3792 1277 3955 1319 nata-

2340 1350 2451 1403 tilia
2480 1359 2639 1418 atque
2677 1352 2838 1405 homo
2880 1350 3019 1406 hanc
3060 1353 3492 1410 benedictionem
3526 1355 3953 1421 desiderabant,

2337 1442 2698 1496 successionis
2716 1458 2896 1497 causa.
2923 1444 3098 1514 Atque
3121 1447 3211 1499 ubi
3240 1448 3396 1503 aliter
3424 1448 3803 1518 multiplicatio
3831 1450 3959 1508 ﬁeri

2338 1535 2541 1605 nequit,
2569 1534 2639 1589 ibi
2668 1534 2844 1590 locum
2874 1534 3035 1590 habet
3064 1537 3366 1593 benedictio
3390 1558 3404 1594 :
3434 1541 3520 1595 ubi
3549 1558 3747 1612 nempe
3778 1557 3958 1612 pauca

2336 1626 2783 1695 multiplicantur,
2816 1636 2871 1683 et
2905 1642 3066 1696 parva
3098 1638 3440 1699 augmentum
3470 1633 3780 1687 admittunt.
3812 1635 3954 1700 Quia

2337 1719 2494 1789 igitur
2516 1734 2730 1774 causam
2749 1720 3065 1789 agnovimus
3082 1736 3179 1776 cur
3200 1721 3315 1776 hmc
3330 1721 3709 1779 benedictione
3730 1725 3954 1795 dignata

2336 1812 2550 1879 fuerint,
2570 1827 2748 1881 opera:
2777 1812 3003 1882 pretium
3033 1811 3193 1868 fuerit
3214 1813 3283 1868 ad
3309 1815 3443 1868 alias
3465 1815 3680 1870 demum
3706 1815 3957 1886 Scriptu-

2335 1919 2515 1959 rarum
2550 1905 2811 1961 dictiones
2862 1922 2960 1961 nos
2998 1906 3263 1961 conferre.
3294 1906 3512 1963 Crescite
3535 1948 3550 1975 ,
3580 1911 3704 1978 quia
3736 1925 3906 1979 parva
3939 1928 3955 1974 ;

2336 1995 2759 2067 Multiplicamini
2781 2037 2798 2063 ,
2830 1998 2952 2068 quia
2985 2013 3152 2069 pauca
3179 2014 3193 2064 ;
3229 1998 3449 2069 Implete
3489 2016 3647 2071 aquas
3673 2042 3689 2067 ,
3723 1996 3854 2071 quia
3899 2003 3955 2057 in

2334 2102 2505 2159 parte.
2537 2090 2768 2147 Necesse
2794 2101 2974 2147 autem
2993 2103 3100 2159 est,
3134 2102 3193 2149 ut
3215 2093 3322 2147 alio
3341 2104 3582 2163 tempore
3606 2112 3952 2164 qua-ramus,

2332 2196 2429 2237 cur
2455 2183 2632 2252 pisces
2669 2194 2722 2238 et
2751 2182 2987 2240 volatilia
3027 2195 3081 2239 et
3112 2184 3382 2240 hominem
3412 2186 3693 2241 dumtaxat
3722 2189 3957 2242 benedi-

2332 2272 2510 2327 ctione
2533 2273 2782 2343 dignatus
2804 2274 2907 2339 sit;
2930 2275 3140 2331 caeteris
3161 2292 3289 2332 vero
3312 2292 3417 2330 non
3446 2292 3564 2331 eam
3593 2278 3952 2348 impertierit.

2332 2363 2549 2418 Interim
2575 2373 2754 2419 autem
2780 2405 2796 2429 ,
2830 2375 2887 2418 ut
2917 2365 3141 2434 polliciti
3171 2381 3355 2421 sumus
3374 2409 3389 2433 ,
3422 2369 3580 2423 seriei
3613 2370 3953 2425 hmreamus.

2332 2454 2401 2511 Et
2422 2455 2550 2509 dixit
2575 2455 2715 2511 Deus
2743 2472 2760 2511 :
2788 2455 2989 2510 Educet
3024 2468 3156 2511 terra
3181 2460 3403 2512 animum
3430 2461 3668 2514 viventem
3698 2461 3864 2530 (Gen.
3898 2465 3951 2516 1.

2331 2546 2443 2614 21).
2462 2547 2680 2602 Terram
2706 2549 2845 2603 Deus
2865 2549 3061 2620 duplici
3080 2550 3242 2606 afﬁcit
3256 2550 3481 2606 honore.
3501 2553 3675 2610 Primo
3692 2556 3843 2611 enim
3862 2556 3961 2611 illa

2334 2640 2537 2693 semina
2568 2642 2735 2711 gignit
2761 2650 2815 2695 et
2845 2641 3071 2710 plantas,
3103 2652 3158 2696 et
3187 2653 3368 2711 postea
3396 2644 3675 2711 animalia;
3701 2663 3806 2702 nec
3831 2651 3959 2705 sine

2332 2746 2514 2798 causa,
2545 2733 2639 2787 sed
2668 2733 2790 2803 quia
2815 2733 3051 2788 hominis
3080 2733 3407 2789 domicilium
3446 2735 3620 2791 futura
3650 2748 3760 2792 erat
3799 2756 3818 2794 :
3854 2756 3957 2795 ne-

2332 2840 2438 2894 que
2466 2824 2517 2878 id
2551 2833 2755 2879 tantum
2780 2842 2792 2890 ;
2816 2825 2911 2880 sed
2937 2826 3057 2895 quia
3082 2839 3148 2880 ex
3179 2825 3265 2878 illa
3294 2826 3407 2895 ipsa
3436 2826 3598 2883 homo
3621 2828 3956 2885 alimentum

2330 2930 2650 2988 accepturus
2674 2928 2790 2975 erat
2814 2962 2828 2987 ,
2862 2920 3003 2974 illam
3039 2927 3095 2974 ut
3119 2920 3379 2974 nutricem
3411 2929 3466 2974 et
3497 2932 3719 2977 matrem
3751 2926 3957 2994 magni

2332 3014 2493 3081 hujus
2522 3013 2773 3069 animalis
2802 3055 2817 3080 ,
2860 3013 3071 3069 honore
3100 3012 3285 3067 afﬁcit.
3321 3012 3417 3069 Hic
3449 3013 3568 3069 vide
3597 3030 3696 3084 qua
3726 3016 3961 3070 ordinis

2330 3106 2469 3161 serie
2490 3107 2560 3161 sit
2580 3121 2725 3159 usus.
2759 3106 2938 3160 Primo
2963 3105 3215 3160 alimenta
3246 3116 3395 3175 parat
3421 3122 3435 3168 ;
3469 3107 3702 3161 secundo
3729 3107 3960 3164 inducit

2330 3212 2392 3251 ca
2432 3213 2552 3267 quae
2592 3197 2859 3251 alimentis
2902 3195 3179 3262 fruantur,
3222 3206 3282 3251 ut
3323 3213 3449 3266 erga
3479 3198 3745 3253 hominem
3783 3199 3958 3255 fecit-

2331 3289 2511 3342 Primo
2528 3287 2744 3342 domum
2769 3285 3010 3358 perfecit,
3044 3296 3097 3342 et
3117 3287 3193 3341 sic
3222 3290 3657 3357 patremfamilias
3685 3291 3957 3346 introdu-

2330 3382 2424 3436 xit.
2454 3380 2648 3435 Edncat
2669 3391 2804 3435 terra
2823 3382 3047 3433 animam
3067 3380 3326 3434 viventem.
3366 3379 3601 3435 lnanima
3628 3390 3759 3437 terra
3795 3400 3958 3454 quo-

2330 3472 2488 3527 modo
2530 3473 2698 3542 gignit
2726 3472 2959 3525 animam
2992 3471 3302 3525 viventem?
3332 3471 3472 3525 unde
3500 3472 3692 3541 prodiit
3720 3472 3813 3527 leo
3853 3492 3960 3529 ru—

2327 3568 2499 3637 giens,
2527 3575 2620 3621 aut
2645 3581 2814 3636 equus
2838 3580 3079 3632 currens,
3109 3575 3198 3618 aut
3225 3565 3322 3619 bos
3353 3564 3666 3632 laboriosus,
3695 3576 3790 3620 aut
3821 3583 3961 3623 sar-

2326 3661 2463 3716 cinis
2488 3667 2643 3728 aptus
2672 3659 2892 3712 asinus?
2914 3655 3055 3711 unde
3076 3658 3387 3710 animalium
3413 3658 3759 3713 diﬁcrentix?
3793 3664 3958 3718 unde

2327 3766 2392 3806 ex
2419 3751 2651 3805 inanima
2681 3759 2759 3805 tot
2783 3749 3020 3803 animae?
3046 3748 3157 3804 Nec
3183 3749 3346 3818 pudet
3372 3749 3649 3805 hazreticos
3668 3751 3760 3821 (a),
3790 3757 3957 3821 quod

2328 3842 2561 3897 inanima
2581 3850 2719 3897 terra
2742 3857 2900 3911 quam
2920 3857 3025 3894 non
3044 3839 3204 3895 habet
3218 3841 3449 3895 animam
3474 3841 3735 3909 proferat;
3758 3843 3961 3901 Deum

2326 3950 2457 3990 vero
2480 3934 2525 3989 si
2551 3936 2801 4005 genuisse
2824 3934 3046 3989 audiant
3072 3948 3137 3988 ex
3171 3933 3381 4003 propria
3407 3934 3717 3998 substantia,
3744 3938 3952 3992 statim

2326 4030 2728 4085 ratiociniorum
2753 4028 2915 4083 tricas
2941 4035 3191 4082 moveant
3213 4068 3227 4092 ,
3250 4037 3305 4082 et
3326 4026 3555 4081 inferant
3581 4040 3595 4077 :
3622 4026 3763 4097 Ergo
3796 4030 3957 4085 divi-

2328 4136 2421 4176 sus
2451 4130 2533 4176 est
2560 4162 2574 4185 ,
2618 4136 2747 4191 ergo
2789 4120 3087 4184 dissectus,
3116 4134 3248 4189 ergo
3275 4133 3465 4187 passus
3492 4128 3609 4185 est,
3648 4127 3703 4172 et
3732 4119 3958 4176 similia

2328 4230 2450 4284 qua:
2477 4214 2656 4268 dicere
2686 4212 2881 4267 solent.
2913 4210 3095 4280 Neque
3122 4211 3265 4265 enim
3295 4210 3572 4278 prazsentis
3602 4219 3684 4265 est
3716 4220 3955 4282 tempo-

2327 4309 2402 4360 ris
2432 4306 2610 4359 omnia
2642 4320 2762 4375 qua:
2791 4313 2978 4358 contra
3009 4302 3347 4372 Unigenitum
3374 4344 3389 4369 ,
3424 4302 3529 4355 imo
3560 4311 3743 4357 contra
3774 4318 3954 4360 suam

2326 4398 2554 4453 salutem
2606 4398 2828 4465 dicunt,
2860 4395 3159 4450 confutare.
3196 4395 3334 4448 Deus
3363 4395 3507 4449 enim
3540 4408 3635 4448 nec
3663 4394 3708 4447 si
3742 4394 3955 4451 laude-

2329 4499 2429 4555 tur,
2456 4490 2652 4559 aliquid
2677 4490 2805 4544 lucri
2836 4488 3080 4557 percipit,
3108 4503 3207 4542 nec
3235 4488 3277 4541 si
3303 4486 3597 4541 maledictis
3619 4490 3954 4556 impetatur,

2326 4580 2525 4652 aliquid
2547 4580 2728 4636 damni
2760 4599 2770 4633 :
2801 4580 2902 4635 nisi
2935 4581 3160 4634 fortasse
3189 4579 3407 4643 dixeris,
3438 4578 3656 4633 salutem
3685 4590 3955 4637 nostram

2324 4673 2532 4728 lucrum
2566 4689 2688 4728 esse
2721 4672 2835 4727 Dei.
2870 4670 2988 4741 Ipse
3015 4686 3246 4740 namque
3271 4669 3459 4739 plenus
3485 4680 3567 4724 est
3585 4671 3730 4724 omni
3758 4672 3950 4738 bono,

2326 4767 2577 4835 nullaque
2608 4782 2665 4821 re
2692 4774 2812 4835 eget
2834 4780 2849 4821 :
2873 4762 2964 4835 qui
2991 4778 3181 4818 omnes
3207 4763 3362 4828 ditet,
3394 4762 3642 4833 nulloque
3667 4778 3807 4834 opus
3848 4766 3957 4822 ha-

2325 4860 2465 4915 beat.
2500 4859 2791 4914 Enimvero
2819 4859 2938 4928 quis
2964 4856 3171 4911 dederit
3191 4855 3459 4927 quidpiam
3484 4856 3554 4918 ei,
3577 4856 3665 4925 qui
3684 4859 3957 4918 omnium

2325 4962 2408 5007 est
2436 4951 2557 5006 fons
2585 4951 2846 5006 bonorum
2874 4991 2889 5014 ,
2921 4964 2988 5003 ex
3017 4948 3170 5017 cujus
3200 4948 3355 5001 unius
3391 4946 3717 5018 benignitate
3745 4953 3951 5007 omnia

2326 5044 2637 5118 pendeant?
2683 5040 3143 5109 Quemadmodum
3194 5040 3269 5093 ait
3318 5038 3483 5093 David
3514 5056 3527 5093 :
3561 5038 3745 5093 Omnia
3783 5042 3866 5094 ad
3900 5054 3953 5099 te

2323 5148 2634 5211 exspectant,
2668 5138 2845 5207 Aperi:
2866 5146 2920 5189 tu
2947 5150 3155 5188 manum
3182 5144 3341 5198 tuam,
3375 5141 3421 5187 et
3448 5132 3623 5202 imples
3646 5149 3793 5187 omne
3819 5138 3951 5190 ani—

2324 5235 2427 5287 mal
2453 5233 2791 5286 benedictione
2820 5226 2949 5298 (Ps.
2975 5228 3097 5282 105.
3121 5226 3210 5280 27.
3244 5236 3289 5279 et
3315 5226 3439 5280 114.
3466 5226 3588 5296 l6).
3628 5225 3733 5280 Sed
3763 5242 3944 5297 quem

2323 5325 2558 5396 aggressi
2597 5338 2782 5378 sumus
2826 5334 3132 5377 sermonem
3178 5319 3243 5371 ad
3288 5318 3447 5372 ﬁnem
3491 5317 3766 5372 ducamus.
3813 5319 3946 5377 Hoc

2323 5419 2465 5473 enim
2498 5430 2550 5471 et
2580 5416 2735 5470 nobis
2762 5425 2972 5485 gratum
3002 5398 3085 5466 est
3106 5454 3120 5477 ,
3153 5420 3208 5465 et
3234 5410 3368 5466 ordo
3395 5410 3647 5480 postulat.
3689 5409 3747 5463 Id
3781 5416 3945 5477 quod

2323 5526 2433 5563 non
2463 5508 2623 5562 habet
2652 5517 2790 5560 terra
2825 5504 3042 5574 profert,
3068 5500 3308 5571 jubentis
3338 5501 3561 5569 imperio
3585 5499 3940 5569 obsequens;

2321 5610 2376 5657 et
2405 5600 2454 5654 id
2493 5598 2635 5668 quod
2661 5597 2821 5651 habet
2846 5594 3026 5648 divina
3057 5603 3110 5647 ct
3150 5593 3460 5646 intemerata
3492 5601 3674 5645 natura
3705 5606 3812 5644 non
3850 5596 3941 5663 gi.

2320 5692 2475 5765 gnit?
2502 5692 2698 5746 Verum
2732 5704 2799 5743 ne
2838 5688 2958 5756 quis
3002 5700 3211 5739 rursum
3245 5699 3427 5739 vocem
3461 5682 3656 5739 habere
3685 5681 3940 5742 humano

2390 5786 2462 5849 (a)
2499 5787 2702 5834 Arianos
2726 5779 2972 5842 intelligit.
