4158 6320
653 356 762 411 461

655 457 833 528 πέρας
868 453 1187 524 ἀγάγωμεν.
1235 449 1407 506 Τοῦτο
1437 452 1545 529 γὰρ
1577 449 1675 504 καὶ⁵
1703 449 1836 520 ἡμῖν
1864 447 2018 518 φίλον
2051 446 2148 500 καὶ
2178 449 2245 519 τῇ

651 541 805 606 τάξει
848 539 1212 608 καθέστηκεν.
1259 539 1324 590 Ὃ
1362 539 1462 591 οὐκ
1505 538 1618 609 έχει
1653 537 1684 606 ή
1727 535 1799 604 γῆ
1843 531 2141 604 προφέρει,
2171 530 2252 599 τῷ

653 623 1041 695 προστάγματι
1070 620 1368 691 πειθομένη
1393 638 1408 651 ι
1441 620 1470 673 ὅ
1498 620 1612 691 ἔχει
1646 621 1680 690 ή
1712 617 1832 670 θεία
1866 617 1960 669 καὶ
1983 615 2252 687 ἄχραντος

652 708 754 761 οὐκ
800 707 1076 776 ἀπογεννᾷ
1127 703 1322 771 φύσις;
1377 703 1540 757 Ἀλλά
1587 701 1750 755 πάλιν
1801 701 1876 771 μή
1910 716 1994 769 τις
2021 699 2081 751 τὸ
2105 698 2250 770 ἔχειν

651 788 1140 861 ἀνθρωπινώτερον
1160 787 1484 858 λαμϐανέτω
1521 787 1729 855 λέγων·
1787 785 1952 857 Ὁρᾷς
1991 782 2110 846 πῶς
2154 782 2249 836 καὶ

650 873 815 935 αὑτὸς
859 873 886 925 ὁ
931 871 1254 934 διδάσκαλος
1300 871 1469 924 ἔδωκε
1509 868 1941 942 προγενέστερον
1981 867 2249 938 ὑπάρχειν

648 956 745 1010 τοῦ
782 957 916 1010 Υίοῦ
942 957 1037 1009 τὸν
1067 957 1319 1026 Πατέρα;
1357 954 1493 1008 ἀλλά
1525 953 1725 1025 μᾶλλον
1757 950 2088 1021 συγγνώμην
2115 949 2249 1004 ἀπό-

649 1057 834 1110 νειμαι
858 1038 936 1108 τῷ
976 1037 1137 1108 λόγῳ,
1167 1037 1477 1109 ἀνθρώποις
1508 1034 1629 1090 οὖσι
1658 1037 1754 1089 καὶ
1789 1037 2023 1106 πηλίνην
2049 1052 2248 1105 κεκτη-

651 1122 838 1192 μένοις
878 1121 1162 1190 γλῶσσαν,
1207 1121 1303 1173 καὶ
1341 1121 1480 1190 πρὸς
1525 1118 1847 1191 ἀνθρώπους
1903 1117 2248 1188 ποιουμένοις

647 1205 806 1275 λόγον
857 1209 988 1276 περὶ
1029 1206 1182 1268 θείας
1227 1204 1323 1257 καὶ
1378 1204 1556 1257 πάντα
1593 1204 1752 1271 λόγον
1804 1200 2247 1272 ὑπερϐαινούσης

647 1288 882 1358 φύσεως.
913 1289 1224 1358 ’Δνθρωποι
1263 1287 1373 1358 γὰρ
1412 1287 1586 1349 ὄντες,
1633 1286 1708 1348 ὡς
1747 1284 2027 1356 ἄνθρωποι
2063 1284 2245 1338 λαλεῖν

643 1373 1029 1444 ἐδιδάχθημεν.
1065 1373 1158 1444 Μὴ
1189 1371 1299 1441 γὰρ
1340 1371 1519 1423 ίσασιν
1546 1372 1594 1423 οί
1616 1369 1812 1434 ἀθλιοι,
1843 1369 1924 1422 ὅτι
1955 1370 2083 1439 περὶ
2109 1366 2244 1421 Θεοῦ

641 1456 1014 1525 διαλέγονται,
1060 1456 1431 1527 προφέροντες
1477 1454 1668 1522 λόγους
1707 1454 1836 1516 τοὺς
1876 1452 1969 1505 ἐπὶ
2001 1451 2137 1504 Θεοῦ
2168 1451 2244 1522 μὴ

644 1541 986 1612 ἁρμόζοντας
1025 1538 1300 1608 λέγεσθαι.
1336 1536 1445 1591 Καὶ
1482 1539 1585 1608 ὅρα
1628 1535 1986 1607 κακουργίαν.
2016 1534 2147 1588 Ὅτε
2177 1534 2246 1587 τά

645 1623 938 1695 ζητήματα
982 1623 1392 1692 προτείνουσιν,
1439 1620 1550 1674 ἀπὺ
1601 1618 1715 1672 τῶν
1746 1618 2108 1690 ἀνθρωπίνων
2152 1617 2243 1670 λο-

643 1705 861 1776 γισμῶν
892 1705 1180 1760 λαλοῦσιν·
1222 1700 1365 1758 οἷον·
1414 1705 1552 1768 Πᾶν,
1603 1703 1758 1773 φησὶ,
1809 1703 1871 1755 τὸ
1902 1699 2244 1772 γεννώμενον

643 1790 821 1858 ἀρχὴν
856 1790 969 1860 ἔχει
1001 1789 1096 1842 τοῦ
1130 1784 1291 1842 εῖναι.
1327 1787 1437 1840 Καὶ
1483 1785 1686 1851 πόθεν;
1720 1785 1891 1839 Τοῦτο
1923 1785 2127 1849 εὐθέως
2154 1785 2242 1838 λέ-

645 1888 803 1940 γουσι
829 1888 844 1900 ⁶
877 1874 950 1926 Σὺ
979 1872 1260 1943 γεννηθεὶς
1284 1870 1386 1924 οὑκ
1425 1871 1604 1942 ἀρχὴν
1632 1869 1824 1940 ἐσχες;
1855 1869 1884 1920 0
1915 1870 2096 1940 πατήρ
2123 1886 2240 1934 σου,

643 1958 674 2009 0
704 1956 928 2019 πάππος
953 1974 1080 2019 σου;
1128 1955 1254 2008 Ἐάν
1279 1955 1643 2025 παραστήσῃς
1671 1952 1820 2023 αὑτῴ
1846 1952 1906 2017 ἐξ
1933 1952 2114 2006 αὐτῶν
2135 1953 2243 2006 τῶν

644 2039 921 2111 λογισμῶν
947 2038 1206 2110 λογισμὸν
1231 2038 1420 2108 ἕτερον
1445 2035 1696 2090 διαλῦσαι
1722 2035 1887 2088 αὐτοῦ
1907 2035 2006 2108 τὴν
2045 2035 2243 2107 μανίαν

641 2124 967 2193 δυνάμενον,
1006 2121 1170 2185 εὐθὺς
1213 2120 1525 2191 σοφίζεται’
1583 2119 1719 2190 Περὶ
1762 2117 1898 2170 Θεοῦ
1940 2118 2116 2186 λόγος,
2150 2120 2245 2173 καί⁵

641 2205 1024 2278 ἀνθρωπίνους
1071 2222 1161 2276 μοι
1208 2203 1505 2273 λογισμοὺς
1561 2201 1954 2272 παρεισάγεις;
2002 2203 2097 2256 καὶ
2145 2202 2245 2275 τήν

645 2290 747 2358 μὲν
779 2290 936 2359 ῥίζαν
970 2288 1080 2342 τῶν
1125 2287 1312 2341 κακῶν
1339 2286 1448 2340 ἀπὸ
1495 2284 1691 2338 κοινῶν
1728 2286 2062 2357 προφέρουσι
2093 2286 2244 2355 λογι-

644 2372 800 2441 σμῶν
819 2388 833 2402 ο
874 2372 974 2442 τὴν
1001 2371 1060 2424 δὲ
1106 2370 1350 2424 διάλυσιν
1389 2369 1500 2422 τῶν
1523 2367 1713 2422 κακῶν
1738 2369 1799 2421 ού
1827 2368 2108 2440 βούλονται
2133 2371 2243 2424 ἀπὸ

641 2455 753 2510 τῶν
773 2455 953 2509 αὑτῶν
982 2454 1234 2527 δέχεσθαι
1260 2452 1558 2525 λογισμῶν.

710 2613 774 2668 δ’.
801 2613 966 2681 Λέγει
985 2613 1266 2676 πολλάκις·
1285 2612 1522 2667 Δύναταί
1544 2631 1627 2676 τις
1644 2613 1784 2667 εἶναι
1804 2612 1900 2667 καὶ
1915 2612 2205 2682 γεννᾶσθαι
2224 2630 2240 2682 ;

653 2695 781 2748 Ἐάν
810 2691 923 2758 οὖν,
947 2695 1109 2761 δείξω
1142 2696 1243 2767 τὴν
1276 2696 1500 2768 Γραφῆν
1525 2697 1608 2750 ὅτι
1635 2697 1736 2750 οὑκ
1781 2697 1874 2749 ἐπὶ
1891 2694 2026 2750 Θεοῦ
2059 2697 2240 2768 μόνον,

641 2778 780 2831 ἀλλά
820 2779 917 2831 καὶ
966 2779 1061 2830 ἐπὶ
1107 2779 1413 2849 ἀνθρώπων
1460 2781 1722 2850 εἰσήγαγε
1775 2779 1836 2832 τὸ
1884 2780 2159 2845 τοιοῦτον,
2190 2783 2243 2834 τί

641 2867 847 2928 ποιείς;
886 2864 1025 2926 Τοὺς
1056 2862 1152 2915 τοῦ
1196 2862 1470 2933 μακαρίου
1517 2862 1773 2934 ’Δϐραάμ
1806 2863 2004 2926 παῖδας
2033 2865 2130 2934 οὐχ
2165 2865 2244 2930 ὡς

642 2947 722 3019 μῆ
746 2947 903 3010 ὄντας
929 2947 962 3016 ή
999 2945 1191 3016 Γραφῆ
1231 2945 1378 3013 λέγει
1425 2946 1758 3015 γεννᾶσθαι,
1792 2945 1908 3000 ἀλλ’
1938 2946 2015 3012 ὡς
2047 2948 2245 3018 προόν-

638 3048 760 3095 τας.
795 3033 853 3084 ’0
885 3033 992 3102 γὰρ
1032 3029 1285 3101 ’Δϐραάμ
1327 3029 1588 3100 ἐγέννησε
1614 3030 1706 3083 τὸν
1744 3031 1962 3085 Ἰσαάκ·
1990 3033 2018 3084 0
2056 3031 2242 3086 Ἰσαάκ

639 3115 901 3185 ἐγέννησε
953 3114 1046 3168 τὸν
1100 3112 1296 3166 Ἰακώϐ
1317 3130 1331 3144 ο
1378 3112 1573 3168 Ἰακὼϐ
1604 3113 1696 3168 τὸν
1727 3115 1878 3180 Λευὶ,
1909 3114 1970 3182 ἐξ
2011 3109 2072 3170 οῦ
2106 3117 2139 3186 ή
2171 3116 2242 3169 ἱε-

641 3199 842 3270 ρατική
865 3198 1028 3270 φυλή.
1057 3196 1278 3268 Ἐπειδὴ
1315 3198 1494 3251 τοίνυν
1525 3197 1604 3268 τῷ
1633 3197 1970 3269 Μελχισεδὲκ
2001 3200 2243 3272 ἀπήντηο

640 3300 733 3337 σεν
766 3279 954 3347 οὗτος,
987 3282 1130 3350 λέγω
1172 3282 1236 3352 δή
1287 3281 1542 3354 Ἁϐραάμ
1564 3323 1578 3346 ,
1617 3282 1830 3346 Παῦλος
1875 3286 1904 3337 ό
1942 3283 2240 3348 ἀπόστολος

637 3365 958 3439 ἑρμηνεύων
1007 3364 1106 3436 τὴν
1154 3366 1286 3418 ποτὲ
1321 3366 1560 3437 ἱστορίαν
1604 3368 1684 3429 είς
1727 3366 2004 3435 θεολογίαν
2042 3367 2189 3439 λέγει
2221 3384 2236 3398 ·

637 3450 997 3518 Συνήντησε
1052 3448 1120 3502 δὲ
1170 3452 1204 3503 ὀ
1256 3448 1636 3517 Μελχισεδὲκ
1681 3448 1764 3516 τῷ
1818 3452 2063 3522 Ἀϐραὰμ
2093 3492 2108 3518 ,
2139 3452 2240 3507 καί

635 3535 984 3603 ηὑλόγησεν
1035 3534 1244 3586 αὐτόν.
1298 3534 1408 3585 Καὶ
1460 3534 1655 3600 ἐπάγει
1704 3533 1908 3598 εύθέως
1942 3551 1956 3565 ·
1988 3536 2100 3589 Καὶ
2157 3538 2238 3604 ὠς

634 3617 781 3682 ἔπος
808 3615 1001 3669 εἰπεῖν
1016 3613 1032 3685 [
1038 3613 1190 3685 470],
1219 3615 1293 3668 δι’
1322 3614 1581 3684 Ἀϐραὰμ
1607 3616 1706 3669 καὶ
1737 3617 1881 3670 Λευὶ
1916 3621 1949 3671 d
1980 3618 2237 3684 δεκάτας

634 3698 959 3769 ,λαμϐάνων
987 3697 1378 3752 δεδεκάτωται
1398 3714 1411 3727 ⁸
1458 3698 1546 3751 ἐτι
1580 3698 1692 3768 γὰρ
1711 3699 1782 3752 ἐν
1809 3698 1883 3769 τῇ
1924 3701 2116 3770 ὀσφύϊ
2129 3704 2234 3759 τοῦ

635 3783 861 3853 πατρὸς
889 3779 969 3853 ἦν
1013 3782 1282 3852 Ἀϐραάμ.
1311 3783 1422 3836 Καὶ
1447 3784 1476 3836 0
1504 3783 1699 3854 θνητὸς
1733 3784 1863 3854 πρὶν
1910 3787 2233 3857 γεννηθῆναι

634 3863 721 3938 ἦν.
764 3866 984 3939 Ἐπειδὴ
1006 3867 1144 3929 ὅλως
1176 3868 1209 3938 ή
1247 3866 1374 3937 ῥίζα
1416 3865 1538 3937 ἔζη,
1568 3866 1661 3920 τὸν
1707 3869 1921 3939 καρπὸν
1953 3871 2092 3941 μετὰ
2133 3872 2233 3942 τῆς

634 3950 819 4021 ζώσης
847 3949 1004 4021 ῥίζης
1028 3951 1345 4018 εἰσήγαγεν.
1377 3948 1647 4002 Ἐνταῦθα
1680 3949 1908 4016 δέ,ὃπου
1947 3957 2009 4006 ού
2039 3952 2232 4021 πάθος,

635 4036 698 4089 οὑ
752 4034 1004 4105 διαδοχῆς
1043 4034 1264 4104 τρόπος,
1298 4033 1359 4085 ού
1411 4036 1676 4103 κυοφορία
1697 4073 1712 4097 ,
1745 4035 1846 4088 οὑκ
1873 4037 2232 4108 ἀνθρωπίνων

636 4119 826 4174 παθῶν
849 4117 1161 4182 ἀκολουθία,
1195 4118 1258 4170 οὑ
1288 4116 1434 4168 θέλει
1468 4119 1644 4171 εἰπεῖν
1673 4118 1804 4172 ὄντα
1841 4121 1900 4187 ἐξ
1929 4120 2080 4186 δντος
2108 4139 2233 4186 γεν-

632 4204 885 4274 νηθέντα,
915 4204 1142 4272 μένοντα
1172 4201 1229 4254 δὲ
1263 4200 1470 4264 ἀῖδίως.
1516 4201 1656 4254 Ἀλλ’
1681 4205 1730 4255 εί
1759 4204 2044 4275 ἐγεννήθη,
2073 4207 2227 4278 φησὶ,

632 4286 752 4349 πῶς
783 4288 871 4339 ἀεὶ
900 4282 968 4356 ῆν
1001 4302 1015 4349 ;
1043 4286 1158 4347 Πᾶς
1178 4285 1287 4355 γὰρ
1310 4285 1338 4335 0
1369 4283 1710 4353 γεννώμενος
1737 4287 1913 4358 ἀρχὴν
1939 4287 2224 4360 λαμϐάνει.

632 4371 707 4424 Τδ
734 4370 904 4441 δνομα
935 4367 1031 4422 τοῦ
1062 4367 1267 4440 πατρὸς
1303 4368 1433 4436 παρ’
1465 4366 1626 4436 ήμῶν
1652 4368 1740 4422 διά
1769 4369 1980 4422 πολλῶν
2010 4373 2227 4443 ἔρχεται

630 4455 919 4527 περιόδων.
963 4447 1123 4508 Οἶοψ
1169 4452 1375 4506 ὑπόθου
1411 4455 1692 4507 νεανίσκον
1726 4453 2096 4525 ἐπιθυμοῦντα
2126 4458 2228 4528 γά-

629 4557 757 4611 μου.
803 4537 1027 4611 Πρῶτον
1080 4537 1291 4606 γίνεται
1327 4539 1614 4609 μνηστήρ,
1664 4533 1785 4591 εἶτα
1822 4539 2073 4608 νυμφίος,
2108 4537 2227 4596 εἶτα

627 4626 767 4695 ἀνήρ
785 4641 800 4654 ·
827 4622 930 4676 κάν
952 4622 1112 4692 τέκῃ,
1147 4621 1268 4673 τότε
1290 4620 1510 4688 λέγεται
1530 4622 1717 4692 πατήρ
1738 4638 1751 4652 ·
1785 4621 1887 4676 κᾶν
1922 4623 1997 4695 μή
2022 4623 2082 4676 τὸ
2104 4641 2226 4693 γεν-

625 4708 871 4778 νώμενον
903 4705 1128 4774 αύτῷτὸ
1157 4705 1330 4774 δνομα
1377 4706 1695 4778 χαρίσηται,
1729 4706 1900 4777 μυρία
1945 4706 2041 4778 ἐτη
2087 4710 2223 4779 μετὰ

624 4793 726 4862 τῆς
751 4789 1010 4860 γυναικὸς
1031 4789 1126 4844 ἐὰν
1151 4789 1376 4862 ποιήσῃ,
1409 4791 1469 4842 οὑ
1495 4790 1740 4845 καλεῖται
1769 4794 1974 4864 πατήρ.
1991 4794 2224 4865 Ὁμοίως

626 4877 658 4945 ή
684 4876 890 4945 μήτηρ,
912 4873 1129 4945 πρῶτον
1157 4871 1446 4944 παρθένος,
1467 4868 1587 4927 εἶτα
1617 4875 1851 4946 μνηστὴ,
1869 4872 1987 4930 εἶτα
2011 4879 2219 4949 νύμφη,

625 4954 743 5009 εἶτα
771 4959 944 5028 γυνή·
980 4958 1277 5028 κυοφορεῖ,
1306 4956 1566 5025 βαστάζει
1608 4957 1700 5010 τὸν
1736 4959 1949 5030 καρπόν
1970 4977 1983 4991 ο
2019 4961 2123 5014 κᾶν
2147 4964 2220 5032 μή

621 5040 765 5094 οὕτω
815 5040 1076 5112 προέλθῃ,
1125 5042 1310 5111 μήτηρ
1358 5041 1420 5094 οὑ
1471 5040 1710 5110 λέγεται.
1745 5043 1865 5096 Κάν
1908 5044 2219 5118 βαστάσῃή

622 5123 750 5195 ῥίζα
780 5125 873 5175 τὸν
905 5123 1139 5192 καρπὸν,
1166 5123 1263 5175 ἐὰν
1296 5126 1371 5194 μὴ
1395 5123 1673 5194 προελθὼν
1702 5126 1730 5177 0
1767 5129 1894 5190 παῖς
1929 5130 2219 5201 χαρίσηται

620 5208 760 5278 αὐτῇ
797 5206 1031 5278 ἀμοιϐήν
1068 5205 1178 5258 τῶν
1212 5206 1391 5259 πόνων
1446 5209 1546 5278 τὴν
1583 5211 1987 5282 προσηγορίαν,
2023 5215 2082 5265 οὑ
2133 5214 2221 5267 λέ-

618 5307 777 5358 γεται
815 5292 1020 5361 μήτηρ.
1049 5289 1159 5342 Καὶ
1191 5288 1351 5340 τοῦτο
1380 5289 1636 5359 ἐποίησεν
1685 5293 1762 5356 ὡς
1811 5295 1973 5363 σοφὸς
2005 5297 2032 5348 ὁ
2063 5297 2215 5362 Θεὸς.

620 5376 705 5427 ἵνα
739 5374 814 5444 μὴ
845 5376 891 5426 οἱ
925 5373 1160 5442 πατέρες
1189 5371 1330 5425 κατά
1367 5372 1475 5425 τῶν
1522 5375 1728 5428 παίδων
1761 5379 2106 5448 καυχῶνται·
2131 5383 2217 5435 ἴνα

619 5459 695 5529 μή
717 5458 852 5529 λέγῃ
874 5460 902 5512 ὁ
935 5457 1117 5528 πατὴρ
1148 5455 1225 5527 τῷ
1250 5456 1419 5521 παιδί,
1469 5458 1608 5526 Ἐγώ
1637 5476 1717 5512 σοι
1741 5461 1802 5512 τὸ
1835 5461 2216 5536 ζῇνὲχαρισά-

618 5559 729 5612 μην
750 5558 763 5571 °
795 5543 863 5594 δι’
895 5541 997 5612 ἐμὲ
1035 5541 1330 5611 ἐγεννήθης
1362 5558 1376 5571 ·
1423 5541 1491 5594 δι’
1525 5541 1660 5612 ἐμοῦ
1692 5546 1773 5607 είς
1803 5545 1864 5598 τὸ
1897 5542 2036 5601 εἶναι
2071 5567 2215 5620 παρ-

613 5626 810 5696 ήχθηςε
844 5625 958 5679 ἀλλ’
983 5627 1070 5680 ἵνα
1097 5627 1200 5680 κᾶν
1232 5627 1362 5699 είπῃ
1381 5627 1574 5692 ταῦτα,
1597 5628 1798 5693 εύθέως
1827 5631 2053 5703 ἀκούσῃο
2074 5634 2216 5703 Ἐγὼ

609 5709 700 5763 διὰ
735 5711 795 5763 σὲ
843 5710 1141 5782 ἐγεννήθην
1169 5750 1183 5775 ,
1214 5711 1280 5764 δι’
1315 5711 1417 5781 ἐμὲ
1463 5713 1558 5765 καὶ
1601 5713 1666 5766 σὺ
1721 5715 1925 5784 πατήρ.
1983 5716 2214 5787 Ὁμοίως

611 5795 708 5850 καὶ
730 5795 822 5851 ἐπὶ
851 5796 951 5868 τῆς
982 5797 1207 5870 μητρός
1244 5795 1514 5869 Ἐχαρίοω
1549 5815 1640 5870 μοι
1669 5798 1729 5853 τὸ
1763 5799 1903 5855 εἶναι
1926 5801 2062 5871 υίὸς,
2085 5804 2214 5874 ἐχα-

2127 321 2500 382 SEVEBIANI

2366 448 2612 534 ρισάμην
2654 467 2736 505 σοι
2782 453 2845 506 τὸ
2886 471 3026 509 ειναι
3077 457 3284 531 μήτηρ.
3325 461 3444 530 Ἐφ’
3485 461 3645 533 ήμῶν
3693 462 3962 534 λαμϐάνει

2358 532 2536 587 ταῦτα
2575 536 2740 607 χάριν
2768 538 2893 591 τινά
2924 541 3018 592 καὶ
3047 542 3339 598 ἀντίδοσιν.
3386 532 3617 616 Ὁμοίως
3642 549 3739 602 καὶ
3772 532 3941 613 όυίδς

2355 622 2456 672 οὑκ
2477 618 2680 685 εὐθέως
2711 621 2845 685 υίὸς,
2875 624 3012 678 ἀλλά
3040 626 3259 696 πρῶτον
3285 629 3529 700 σπέρμα.
3555 625 3678 684 εἶτα
3698 631 3954 704 ἔμϐρυον,

2355 705 2450 757 καὶ
2477 704 2567 758 ὅτε
2593 706 2866 779 γεννηθῇ,
2897 709 3017 762 τότε
3052 710 3187 774 υἱός.
3227 712 3414 766 Ταῦτα
3449 715 3658 785 χρόνων
3691 718 3958 787 ἀνάγκαις

2353 787 2593 841 δουλεύει
2633 805 2648 819 ο
2679 789 2851 843 ταῦτα
2891 791 3123 845 πάθεσιν
3170 795 3471 850 ὑποπίπτει
3504 813 3518 829 ·
3556 798 3731 853 ταῦτα
3782 818 3960 871 σωμα-

2351 871 2511 956 τικῆς
2572 873 2688 925 ἐστι
2761 875 3169 940 καταστάσεως.
3223 877 3400 932 Ὅπου
3467 879 3527 935 δέ
3579 881 3875 952 ἀσώματος
3924 887 3956 956 ή

2353 952 2515 1022 φύσις
2547 955 2579 1024 ἡ
2631 956 2908 1022 γεννῶσα,
2935 958 3070 1011 ὅπου
3109 957 3405 1031 ἀσώματος
3449 966 3477 1017 0
3510 965 3727 1035 καρπὸς
3771 969 3800 1018 ὁ
3839 952 3956 1033 γενέ

2350 1035 2610 1108 νώμενος.
2646 1042 2799 1092 ποῖον
2826 1042 3136 1112 ἐπιδέχεται
3167 1043 3351 1113 λόγον,
3379 1047 3460 1100 ὃτι
3487 1044 3556 1119 ἦν
3586 1066 3718 1101 ποτε
3741 1051 3830 1103 ὅτε
3859 1051 3955 1104 οὑκ

2347 1114 2448 1190 ἦν,
2482 1122 2576 1174 καὶ
2625 1122 2853 1196 ὕστερον
2898 1127 3200 1199 ἐγεννήθης
3241 1129 3352 1182 Καί
3391 1114 3574 1202 φαμεν
3603 1133 3812 1195 οὕτως·
3845 1135 3958 1188 ‘Ei

2348 1202 2436 1256 ἀεὶ
2468 1202 2643 1270 οὑτως
2674 1207 2786 1278 ἔχει
2817 1209 2971 1274 Θεὸς,
3004 1213 3051 1263 εί
3087 1212 3256 1283 μηδὲν
3286 1216 3630 1285 προσκτᾶταί
3671 1234 3826 1280 ποτε,
3872 1219 3955 1270 ἀεί

2350 1287 2467 1371 ἐστι
2519 1289 2614 1343 καὶ
2657 1291 2870 1364 Πατήρ.
2909 1292 2971 1346 Et
3003 1294 3060 1347 δὲ
3089 1297 3176 1349 ἀεί
3205 1299 3323 1350 ἐστι
3351 1298 3578 1370 Πατήρ,
3611 1299 3701 1353 ἀεὶ
3741 1299 3955 1371 δέχεται

2348 1370 2440 1424 τὸν
2468 1371 2596 1429 Υίόν
2623 1388 2637 1404 ’
2667 1377 2934 1444 συναῖδιος
2976 1379 3084 1450 ἄρα
3109 1382 3139 1433 ό
3170 1379 3300 1445 Υίδς
3345 1383 3424 1453 τῷ
3456 1383 3653 1454 Πατρί.
3710 1382 3839 1436 Υἱδν
3871 1384 3954 1438 λέ-

2348 1470 2520 1525 γομεν
2541 1459 2870 1530 γεννηθέντα
2904 1462 3004 1532 μὲν
3035 1463 3289 1531 ἀπαθῶς,
3323 1467 3416 1520 τὸν
3439 1466 3497 1520 δέ
3521 1467 3620 1537 τῆς
3645 1469 3954 1538 γεννήσεως

2345 1538 2549 1622 τρόπον
2578 1542 2906 1614 ἑρμηνεύειν
2939 1547 3041 1600 οὑκ
3063 1549 3434 1620 ἐπιστάμεθα.
3478 1549 3547 1604 Ἥ
3575 1551 3788 1622 ἀληθὴς
3815 1550 3954 1620 γνιῖι-

2348 1637 2434 1685 σις
2471 1621 2613 1696 αὕτη
2643 1626 2816 1693 ἐστιν,
2856 1628 2921 1682 τδ
2957 1629 3032 1683 τά
3059 1631 3461 1703 ὑπερϐαίνοντα
3479 1621 3766 1706 τὴνφύσιν
3795 1635 3958 1706 ήμῶν

2343 1709 2630 1780 ὁμολογεῖν
2648 1715 2725 1786 μὴ
2745 1716 2968 1773 είδέναι.
2989 1720 3065 1774 Τὸ
3088 1723 3188 1792 μὲν
3216 1717 3314 1776 οὖν
3343 1720 3590 1794 γέννημα
3616 1724 3952 1794 1190mm-

2348 1811 2472 1880 μεν,
2498 1797 2596 1870 τήν
2629 1800 2686 1853 δὲ
2713 1801 2876 1870 φύσιν
2911 1805 2976 1858 οὑ
3001 1805 3593 1879 πολυπραγμονοῦμεν.
3631 1809 3698 1862 Et
3731 1809 3833 1880 μὲν
3860 1805 3951 1864 οὖν

2344 1878 2413 1969 ἦν
2444 1885 2541 1938 ἀνθ
2549 1904 2732 1957 ρωπος
2746 1891 2774 1943 ό
2794 1893 3083 1964 γεννήσας,
3107 1894 3460 1968 ἀνθρωπίνην
3477 1878 3714 1969 ἐποίησε
3733 1878 3838 1952 καὶ
3855 1898 3955 1969 τήν

2345 1967 2700 2052 γέννησιν.Εί
2734 1974 2894 2044 σῶμα
2923 1972 3087 2046 εἶχεν,
3113 1979 3412 2049 ἐγέννησεν
3449 1979 3526 2044 ὥς
3571 1967 3756 2052 σῶμα.
3803 1982 3866 2035 El
3895 1967 3950 2036 δέ

2347 2049 2599 2122 σώματος
2628 2057 2997 2127 ἀπήλλακται,
3021 2060 3095 2131 μὴ
3124 2064 3394 2134 περίαπτε
3705 2065 3856 2136 πάθη
3875 2065 3948 2136 τῷ

2345 2137 2646 2210 ἀσωμάτῳ.
2690 2141 2831 2193 Ἀλλ’
2855 2143 3132 2216 ἐγέννησε,
3168 2146 3439 2216 φησὶν,ἐκ
3480 2147 3582 2219 τῆς
3617 2148 3779 2214 ἰδίας,
3812 2151 3948 2204 κατά

2344 2220 2517 2285 πάθος
2547 2223 2827 2295 ἐγέννησε,
2850 2228 2992 2280 κατά
3022 2227 3374 2300 τομήν,κατά
3399 2229 3604 2304 ρεῦσιν.
3627 2233 3816 2287 Πείσω
3844 2234 3948 2287 ἀπὸ

2342 2304 2451 2358 τῶν
2487 2307 2712 2376 γηΐνων.
2743 2310 2913 2382 Γεννᾷ
2934 2314 2967 2382 ή
2994 2311 3242 2382 ἄμπελος
3265 2354 3281 2379 ,
3308 2316 3476 2386 γεννᾷ
3507 2317 3540 2388 ἡ
3569 2315 3753 2379 ἐλαία,
3787 2319 3948 2387 γεννᾷ

2346 2390 2441 2443 καὶ
2483 2391 2544 2444 τὸ
2591 2392 2765 2464 ὕδωρ,
2812 2396 2871 2446 οὐ
2907 2395 3050 2448 κατά
3091 2396 3192 2467 τὴν
3245 2397 3525 2470 ἡμετέραν
3584 2399 3778 2469 φύσιν,
3814 2400 3947 2455 ἀλλά

2344 2473 2487 2528 κατά
2508 2474 2606 2547 τήν
2637 2477 2773 2530 ίδίαν
2797 2478 2968 2544 τάξιν.
2995 2478 3147 2552 [47η
3177 2481 3334 2534 Πᾶσα
3359 2482 3522 2552 γυνὴ,
3543 2481 3768 2536 ἐπειδὰν
3799 2483 3945 2555 παρά

2343 2556 2480 2611 Θεοῦ
2511 2559 2652 2633 λάϐῃ
2673 2560 2733 2614 τὸ
2755 2562 3008 2625 γενέσθαι
3036 2564 3241 2636 μήτηρ.
3263 2565 3614 2637 κυοφοροῦσα
3643 2566 3744 2637 μέν
3763 2564 3946 2636 ὠγκω-

2342 2656 2470 2695 ται·
2507 2643 2821 2714 ἀποθεμένη
2866 2645 2925 2698 δὲ
2964 2645 3056 2700 τὸν
3088 2648 3302 2718 καρπὸν
3336 2649 3707 2704 συστέλλεται.
3744 2651 3868 2705 Ἐπὶ
3891 2651 3946 2706 δὲ

2343 2726 2454 2778 τῶν
2475 2726 2709 2799 δένδρων
2729 2729 2796 2782 τὰ
2831 2730 3053 2784 ἐναντία
3079 2731 3228 2785 ἐστιν
3268 2734 3472 2806 εὑρεῖν.
3521 2735 3661 2806 Πρὶν
3706 2735 3940 2807 γεννηθῇ

2343 2810 2445 2863 οὐκ
2480 2809 2768 2878 ὣγκωται·
2806 2814 2934 2866 ὅταν
2954 2816 3212 2886 γεννήσῃ,
3244 2821 3365 2869 τότε
3400 2817 3722 2889 παχύνεται,
3751 2821 3781 2872 0
3815 2837 3944 2890 καρ-

2345 2891 2446 2955 πὸς
2478 2892 2719 2956 αὑξεται,
2759 2896 2853 2946 καὶ
2889 2897 2921 2965 ή
2952 2896 3079 2965 ῥίζα
3125 2898 3482 2970 πληθύνεται,
3512 2913 3608 2956 και
3631 2901 3756 2956 οὔτε
3783 2903 3946 2973 μείω-

2346 2990 2429 3038 σις
2464 2979 2530 3046 τῇ
2561 2977 2808 3048 γεννώσῃ
2845 2980 2991 3051 ῥίζῃ,
3022 2980 3147 3034 οὔτε
3185 2982 3484 3047 ἐλάττωσις
3517 2984 3596 3054 τῷ
3627 2985 3942 3056 γεννηθέντι

2343 3059 2724 3130 προσγίνεται.
2764 3063 2826 3114 'H
2856 3062 3100 3134 ἄμπελος
3129 3067 3295 3138 γεννᾷ
3321 3067 3383 3120 οὐ
3432 3067 3555 3120 καθ’
3596 3069 3778 3138 ἡμᾶς·
3811 3067 3943 3122 Θεὸν

2345 3141 2441 3195 ἐὰν
2491 3144 2730 3216 ἀκούσῃς
2760 3146 2841 3200 ὅτι
2873 3145 3166 3218 ἐγέννησεν
3190 3190 3203 3212 ,
3229 3149 3546 3222 ἀνθρώπινα
3585 3150 3738 3224 πάθη
3783 3168 3941 3223 περι-

2343 3226 2538 3292 άπτεις
2562 3227 2639 3300 τῷ
2672 3231 2852 3284 πᾶσαν
2877 3230 3226 3307 ἀνθρωπίνην
3256 3234 3643 3309 ὑπερϐαίνοντι
3671 3235 3868 3307 φύσιν;

2414 3387 2476 3441 ε’.
2518 3388 2628 3442 Καὶ
2658 3389 2832 3443 εἶπεν
2867 3392 2899 3444 ό
2940 3392 3085 3458 Θεός
3105 3407 3118 3420 ·
3151 3393 3524 3465 Ἑξαγαγέτω
3553 3398 3590 3466 ἠ
3622 3396 3698 3468 γῆ
3725 3399 3941 3467 ψυχὴν

2340 3472 2540 3534 ζῶσαν
2567 3474 2719 3526 κατὰ
2757 3472 2955 3542 γένος,
2987 3475 3340 3544 τετράποδα.
3371 3478 3611 3546 ἑρπετὰ,
3635 3483 3832 3548 θηρία.
3860 3485 3936 3536 Τά

2337 3555 2646 3627 τετράποδα
2694 3557 2863 3626 κτήνη
2910 3558 3094 3611 ἐστίν’
3138 3560 3368 3629 έρπετά,
3403 3561 3587 3634 θηρία,
3629 3564 3788 3633 δφις,
3819 3566 3941 3636 δρά.

2338 3657 2451 3722 κων
2478 3655 2491 3667 ·
2528 3640 2589 3692 οὑ
2632 3639 2742 3709 γάρ
2774 3639 2934 3709 μόνον
2955 3641 3024 3694 τὰ
3057 3641 3219 3713 θηρία
3257 3645 3328 3697 10
3356 3645 3734 3703 ὑποπίπτοντα
3765 3653 3935 3722 κτήνη

2338 3720 2576 3790 λέγεται,
2617 3721 2753 3776 ἀλλά
2806 3723 2902 3776 καὶ
2947 3724 3016 3777 τά
3048 3725 3350 3799 ἀχθοφόρα.
3385 3729 3501 3782 Πάν
3552 3720 3932 3801 χορτοφάγον,

2337 3807 2449 3859 εἴτε
2502 3807 2649 3878 βοῦς,
2695 3808 2806 3860 εἴτε
2841 3807 3113 3879 πρόϐατον
3140 3851 3154 3872 ,
3192 3810 3391 3881 κτῆνος
3439 3813 3718 3879 καλεῖται,
3742 3819 3935 3887 κτῆνος

2336 3889 2492 3961 παρά
2518 3889 2579 3944 τὸ
2627 3890 2817 3960 κτῆμα
2847 3887 2986 3946 εἶναι
3025 3892 3121 3946 τοῦ
3165 3893 3478 3966 ἀνθρώπου.
3521 3898 3644 3951 Ὀτι
3675 3900 3733 3953 δέ
3765 3905 3935 3972 κτήνη

2336 3974 2580 4028 καλεῖται
2616 3976 2713 4027 καὶ
2741 3974 2987 4046 πρόϐατα
3026 3977 3121 4030 καὶ
3167 3976 3308 4047 βόες,
3343 3985 3613 4051 μαρτυρεῖ
3635 3984 3668 4052 ή
3701 3984 3889 4055 Γραφή
3917 4002 3930 4015 ·

2333 4057 2444 4111 Kal
2489 4056 2769 4125 ἐγένοντο
2801 4057 2963 4126 αὐτῷ
3016 4060 3209 4129 κτήνη
3233 4064 3546 4130 προϐάτων
3592 4067 3694 4119 καὶ
3743 4069 3932 4134 κτήνη

2327 4140 2518 4205 βοῶν.
2567 4142 2890 4215 Ἐπληρὼθη
2927 4145 2958 4215 ἡ
2991 4145 3092 4215 γῆ,
3117 4146 3293 4216 ἐκόμα
3328 4151 3440 4210 τοῖς
3475 4150 3731 4219 καρποῖς,
3765 4155 3930 4222 πρωϊ-

2332 4242 2496 4293 νεγκε
2525 4225 2593 4278 τά
2621 4225 2738 4291 ζῶα
2762 4243 2776 4257 ⁸
2803 4226 2986 4280 ἔλειπε
3022 4228 3205 4283 λοιπὸν
3250 4231 3278 4283 ό
3318 4231 3710 4303 οίκοδεσπότης
3730 4249 3745 4265 ·
3776 4237 3805 4287 ό
3843 4237 3931 4288 οὑ-

2336 4309 2498 4380 ρανὸς
2531 4309 2993 4376 ἐκεκαλλώπιστο,
3024 4314 3055 4382 ή
3094 4314 3166 4382 γῆ
3196 4313 3546 4368 ἐπεποίκιλτο
3569 4317 3640 4384 ,ή
3684 4317 3928 4372 θάλασσα

2331 4393 2713 4464 ἐπεπλήρωτο,
2769 4395 2797 4446 0
2853 4395 2964 4466 ἀὴρ
3018 4395 3249 4466 ὀρνίθων
3307 4399 3651 4469 ἐκεκόσμητο
3710 4403 3923 4472 πλήθει.

2331 4477 2516 4529 Πάντα
2539 4473 2607 4546 ἦν
2636 4478 2965 4556 ἓτοιμα,καὶ
2995 4478 3206 4532 ἔλειπεν
3233 4482 3262 4532 0
3294 4481 3602 4553 ἄνθρωπος.
3633 4486 3751 4556 Ούχ
3780 4486 3927 4554 ὑϐρί-

2329 4557 2478 4624 ζεται
2515 4559 2573 4612 δὲ
2618 4559 2697 4628 τῷ
2730 4555 3228 4642 εἷναι-τελευταῖος,
3273 4563 3413 4618 ἀλλά
3456 4569 3717 4637 τιμᾶται·
3744 4555 3926 4642 παρα-

2328 4642 2653 4706 σκευάζεται
2676 4643 2785 4713 γάρ
2810 4644 2838 4696 ό
2857 4639 3028 4709 οἶκος,
3047 4646 3142 4699 καὶ
3167 4648 3447 4715 είσάγεται
3467 4652 3496 4702 0
3515 4639 3921 4724 οἰκοδεσπότης.

2327 4726 2493 4779 Οὐδὲν
2529 4727 2638 4797 γάρ
2669 4727 2844 4791 ὁΘεὸς
2876 4727 3002 4781 οὔτε
3029 4729 3296 4802 ἀκαίρως,
3321 4730 3447 4784 οὔτε
3474 4733 3737 4803 ἀμέτρως
3764 4741 3920 4800 ποιεῖ,

2325 4808 2463 4862 ἀλλά
2508 4811 2687 4865 πάντα
2732 4811 2820 4866 διὰ
2866 4811 2968 4882 τὴν
3007 4813 3215 4884 χρείαν.
3254 4815 3366 4868 Καὶ
3414 4815 3577 4885 βλέπε
3617 4818 3721 4890 τὴν
3751 4822 3917 4888 τάξιν.

2324 4894 2550 4967 Πρῶτον
2603 4895 2860 4967 ἐποίησεν
2889 4898 2917 4948 ὁ
2956 4895 3090 4960 Θεὸς
3145 4896 3378 4968 βοτάνην
3421 4900 3517 4954 καὶ
3565 4901 3798 4972 χόρτον,
3831 4905 3919 4956 καὶ

2321 4977 2444 5030 τότε
2479 4977 2547 5030 τὰ
2570 4977 2734 5048 θηρία
2757 4979 3087 5048 τρεφόμενα.
3107 4981 3218 5033 Καὶ
3243 4983 3291 5034 εί
3323 4983 3424 5035 ούκ
3439 4978 3508 5054 ἦν
3527 4985 3596 5037 τά
3628 4988 3916 5057 τρέφοντα,

2322 5064 2550 5133 ἄκαιρος
2571 5059 2639 5133 ἦν
2671 5064 2702 5131 ή
2735 5061 3066 5135 δημιουργία
3087 5062 3197 5117 τῶν
3228 5063 3404 5132 ζώων,
3433 5067 3780 5141 ζημιουμένη
3813 5072 3917 5124 τῶν

2323 5147 2554 5216 καρπῶν
2578 5146 2676 5216 τὴν
2707 5144 2934 5198 ἔνδειαν.
2981 5147 3236 5218 Ἐποίησε
3257 5148 3328 5202 τά
3361 5154 3650 5220 τρέφοντα,
3682 5156 3778 5207 καὶ
3799 5154 3914 5206 τότε

2320 5230 2389 5284 τά
2411 5231 2721 5301 τρεφόμενα
2745 5231 3299 5302 προπαρασκευάζει·
3325 5235 3544 5306 πρῶτον
3576 5237 3677 5302 τάς
3704 5239 3914 5308 χρείας,

2322 5318 2417 5368 καὶ
2454 5317 2625 5379 οὕτως
2665 5317 2873 5382 εἰσάγει
2912 5316 2983 5369 τά
3024 5317 3125 5387 τῆς
3169 5319 3360 5389 χρείας
3406 5320 3723 5390 μεθέξοντα.
3758 5322 3916 5376 Οὕτω

2321 5399 2413 5451 καὶ
2438 5401 2530 5451 ἐπὶ
2554 5400 2662 5450 τῶν
2686 5399 2917 5469 Γραφῶν
2935 5401 3180 5471 ἐποίησε.
3213 5403 3525 5473 Προέλαϐον
3555 5406 3645 5457 τὸν
3678 5406 3914 5476 Χριστὸν

2320 5483 2377 5533 αι
2415 5483 2630 5553 Γραφαὶ
2677 5482 2894 5552 πρῶτον
2945 5486 3315 5554 κηρύττουσαι
3343 5528 3358 5550 ,
3392 5489 3487 5540 καὶ
3531 5484 3654 5540 τότε
3704 5485 3916 5560 ἦλθενό

2323 5565 2785 5637 μαρτυρούμενος.
2833 5569 3139 5638 Προέλαϐον
3194 5573 3251 5624 αί
3303 5571 3638 5642 μαρτυρίαι,
3681 5572 3771 5626 ἵνα
3819 5591 3915 5627 πιο

2383 5746 2407 5773 ⁸
2429 5744 2761 5820 Ηὶενηιιμξάειη
2791 5749 2973 5820 desunt
2996 5752 3044 5801 in
3068 5751 3320 5820 Vatiqano.
3346 5752 3507 5820 (Ἐστι.
3537 5755 3686 5806 verba
3724 5754 3807 5805 καί
3825 5773 3909 5820 1n-

2315 5823 2458 5868 μεν...
2482 5809 2550 5870 τῷ
2578 5809 2748 5871 Ιιατρί,
2771 5823 2884 5872 quae
2907 5813 3018 5864 δαν.
3049 5817 3239 5866 uncinis
3264 5809 3506 5880 inclusit.)
