4110 6318
211 378 323 433 461

218 474 449 546 accipiat
490 486 641 529 more
683 469 911 525 dicens:
944 461 1131 519 Viden‘
1170 456 1441 531 quomodo
1470 456 1585 525 ipse
1626 452 1813 507 doctor

218 544 553 627 concesserit
596 565 804 619 Patrem
847 558 984 615 Filio
1026 556 1258 625 priorem
1296 549 1459 606 esse?
1502 545 1599 602 sed
1642 544 1814 615 potius

218 661 458 719 sermoni
481 658 689 715 veniam
708 655 929 717 tribuas,
948 665 1071 705 eunt
1098 646 1339 701 homines
1358 642 1547 705 simus,
1568 641 1815 704 luteaque

221 758 401 825 lingua
441 763 652 807 utamur
674 792 689 815 ,
721 757 880 818 atque
927 741 1233 798 hominibus
1264 736 1419 792 verba
1470 732 1721 787 faciamus
1751 728 1816 783 de

220 848 402 902 divina
430 858 751 912 omnemque
781 840 1041 895 rationem
1072 840 1357 903 superante
1386 836 1595 882 natura.
1630 823 1815 877 llomi-

222 953 321 994 nes
343 937 486 991 enim
513 950 632 990 cum
653 934 841 998 simus,
866 938 922 983 ut
943 925 1186 982 homines
1213 920 1355 990 loqui
1378 917 1678 973 didicimus.
1702 914 1816 968 Non

221 1029 369 1083 enim
392 1027 570 1082 sciunt
599 1023 800 1087 miseri,
826 1035 884 1076 se
908 1019 977 1073 de
1001 1019 1108 1071 Deo
1134 1014 1421 1073 disserere,
1453 1007 1613 1062 verba
1646 1003 1820 1073 profe-

223 1129 425 1185 rcntes,
457 1132 577 1188 qua:
601 1117 667 1170 de
697 1115 805 1168 Deo
834 1112 1013 1166 dicere
1044 1122 1148 1161 non
1177 1110 1598 1159 consentaneum
1629 1106 1727 1149 εει.
1758 1094 1821 1147 Et

222 1211 347 1265 vide
366 1223 555 1264 eorum
581 1204 863 1260 vafritiem.
888 1201 1021 1255 Cum
1049 1194 1372 1267 quatstioucs
1400 1193 1721 1258 proponunt,
1751 1199 1816 1237 ex

226 1301 475 1358 humanis
499 1300 785 1369 loquuntur
812 1291 1136 1354 ratiociniis;
1167 1284 1397 1353 exempli
1434 1295 1590 1335 causa
1615 1297 1629 1332 :
1652 1279 1821 1331 Omne

224 1392 369 1463 quod
392 1367 647 1462 gignitur,
681 1386 943 1457 inquiunt,
969 1377 1262 1437 exsistendi
1291 1375 1606 1445 principium
1638 1367 1819 1422 habet.

226 1462 507 1542 Undenam
540 1481 713 1537 vero?
752 1478 943 1533 Statim
974 1478 1242 1542 reponunt
1270 1486 1283 1521 :
1316 1465 1395 1520 Tn
1424 1462 1514 1533 qui
1547 1469 1700 1514 natus
1729 1472 1786 1510 es
1806 1497 1820 1519 ,

224 1593 406 1632 annon
432 1574 747 1645 principium
767 1567 995 1625 habuisti
1016 1583 1030 1620 :
1054 1578 1179 1619 num
1202 1569 1350 1630 pater
1369 1555 1523 1609 tuus?
1554 1567 1675 1606 num
1695 1562 1824 1601 avus

228 1669 387 1723 tuus?
407 1667 462 1723 Si
487 1642 725 1735 proferas
751 1662 824 1716 illi
842 1675 907 1715 ex
930 1659 1048 1728 ipso
1064 1667 1247 1710 eorum
1266 1645 1542 1703 ratiocinio
1566 1642 1823 1697 rationem

224 1764 411 1828 aliam,
435 1777 554 1832 qua:
576 1760 818 1813 insanum
843 1754 984 1809 illius
1002 1756 1360 1805 commentum
1392 1738 1558 1808 possit
1576 1736 1822 1797 obruere,

226 1823 410 1907 statim
434 1823 672 1921 captiose
701 1848 826 1901 dicit
855 1863 869 1897 :
898 1844 974 1897 De
1004 1842 1113 1895 Deo
1138 1837 1327 1906 agitur,
1361 1840 1415 1886 et
1443 1831 1666 1883 humana
1697 1823 1825 1879 mihi

228 1945 507 1999 ratiocinia
539 1939 780 1996 inducis?
802 1944 854 1991 et
882 1933 959 1989 illi
981 1930 1192 2002 quidem
1213 1924 1444 1980 radicem
1473 1919 1729 1971 malorum
1759 1929 1827 1968 ex

226 2033 606 2090 cmutnunibus
624 2027 914 2085 ratiociniis
937 2021 1211 2095 proferunt
1243 2036 1256 2071 :
1290 2015 1551 2070 malorum
1580 2022 1707 2063 vero
1732 2020 1824 2060 so-

229 2128 490 2182 lutionem
515 2123 699 2178 nolunt
723 2136 788 2174 ex
820 2118 1006 2172 iisdem
1031 2107 1320 2167 ratiociniis
1348 2102 1646 2157 admittere.

306 2219 362 2273 4.
400 2218 489 2270 Ait
519 2229 659 2282 saepe
705 2209 988 2265 harretieus
1022 2222 1035 2258 :
1068 2204 1149 2257 An
1198 2206 1369 2268 potest
1397 2192 1586 2261 aliquis
1628 2203 1745 2242 esse
1772 2195 1827 2240 et

235 2310 423 2367 nasci?
453 2307 508 2363 Si
537 2306 695 2376 igitur
720 2308 1110 2359 monstravere,
1141 2290 1469 2359 Scripturam
1499 2300 1601 2337 non
1626 2280 1690 2335 de
1717 2280 1826 2332 Deo

238 2414 473 2464 tantum,
505 2398 598 2452 sed
626 2396 784 2451 etiarn
817 2392 882 2445 de
913 2385 1219 2442 hominibus
1249 2379 1423 2435 simile
1452 2374 1719 2446 quidpiam
1748 2370 1827 2422 in-

232 2460 470 2556 ducere,
500 2490 624 2558 quid
672 2483 838 2555 ages?
868 2478 1010 2535 Beati
1048 2474 1279 2531 Abraha:
1322 2470 1481 2531 ﬁlios,
1528 2480 1633 2519 non
1675 2460 1826 2532 quasi

236 2601 343 2641 non
372 2587 499 2645 sint,
524 2580 617 2635 sed
642 2577 789 2647 quasi
826 2572 1225 2643 przeexsistant,
1247 2564 1521 2631 Scriptura
1559 2556 1702 2610 nasci
1741 2552 1826 2606 di-

230 2679 331 2737 cit.
366 2675 497 2729 Nam
523 2644 789 2727 Abraham
815 2664 997 2736 genuit
1040 2662 1213 2723 Isaac,
1245 2656 1391 2709 Isaac
1416 2648 1597 2722 genuit
1627 2644 1825 2709 Jacob,

234 2736 407 2823 .lacob
446 2764 607 2827 Levi,
641 2776 705 2816 ex
734 2772 840 2827 quo
881 2754 1049 2809 tribus
1090 2744 1455 2803 sacerdotalis.
1494 2739 1628 2806 Quia
1672 2736 1829 2806 igitur

238 2859 351 2923 hic,
399 2868 589 2924 nempe
636 2848 933 2909 Abraham,
983 2837 1370 2897 lllclchisedeeo
1408 2832 1618 2888 obviam
1660 2827 1825 2893 venit,

237 2920 439 3007 Paulus
460 2920 731 3016 apostolus
761 2940 811 2995 id
838 2938 975 3010 quod
1005 2946 1129 2990 tunc
1157 2940 1362 3002 gestum
1397 2926 1496 2981 fuit
1533 2920 1830 2990 theologica

237 3054 392 3095 more
437 3038 792 3104 interpretans
832 3032 905 3083 ait
939 3046 952 3080 :
992 3046 1010 3077 ε
1049 3025 1270 3080 Obviam
1306 3019 1451 3073 venit
1494 3023 1669 3068 autem
1699 3011 1829 3065 Mel—

234 3128 494 3186 chisedec
532 3100 795 3185 Abralm,
841 3129 895 3173 et
938 3114 1205 3171 benedixit
1234 3110 1318 3173 ei;
1360 3116 1455 3161 »οι
1497 3103 1673 3158 statim
1706 3100 1831 3153 sub-

233 3219 415 3290 iungit
442 3236 455 3272 :
487 3236 503 3268 ι
542 3215 611 3270 Et
653 3223 710 3267 nt
745 3214 815 3266 ita
857 3210 1055 3263 dictum
1097 3204 1184 3265 sit,
1228 3216 1322 3270 per
1356 3195 1623 3252 Abraham
1671 3192 1827 3246 etiam

238 3312 395 3373 Levi,
419 3310 505 3379 qui
527 3307 760 3361 decimas
783 3300 995 3369 accipit,
1024 3295 1315 3351 decimatas
1341 3299 1423 3345 est
1447 3306 1459 3343 :
1488 3286 1661 3340 adhuc
1690 3284 1829 3337 enim

240 3406 295 3458 ili
326 3400 522 3456 lumbis
562 3408 678 3452 erat
720 3392 950 3449 Ahraha:
987 3385 1205 3457 3(Hebr.
1239 3386 1291 3438 7.
1325 3384 1373 3437 Ι.
1421 3381 1472 3436 9.
1512 3379 1623 3447 10).
1661 3378 1834 3445 Atque

238 3496 381 3551 adeo
409 3491 647 3547 mortalis
671 3490 831 3543 homo
860 3493 1143 3553 antequam
1165 3484 1472 3532 nasceretur
1498 3479 1632 3526 erat.
1652 3470 1832 3537 Quan~

240 3586 533 3656 tloquidem
580 3582 728 3637 radix
771 3578 1012 3640 vivebat,
1061 3573 1288 3627 fructum
1336 3582 1458 3621 cum
1500 3564 1711 3617 vivente
1754 3578 1836 3613 ra-

240 3678 335 3731 dix
370 3673 593 3728 induxit.
627 3671 722 3725 llic
763 3684 918 3729 vero,
953 3664 1041 3719 ubi
1080 3662 1223 3716 nulla
1264 3658 1462 3729 passio,
1496 3654 1671 3709 nullus
1716 3669 1836 3706 suc-

239 3765 506 3823 cessionis
556 3761 775 3825 modus,
836 3756 979 3812 nulla
1032 3754 1165 3809 uteri
1220 3750 1480 3821 gestatio,
1537 3745 1677 3799 nulla
1732 3743 1831 3796 hu-

243 3871 526 3914 manarum
584 3852 888 3923 passionum
924 3848 1119 3909 series,
1168 3859 1273 3896 non
1318 3840 1432 3894 vult
1486 3836 1665 3892 dicere
1710 3849 1832 3887 eum

244 3950 339 4018 qui
373 3945 578 4002 eratab
604 3944 892 3999 exsistente
920 3937 1097 4010 gigni,
1127 3943 1180 3988 et
1224 3935 1275 3987 in
1307 3942 1562 3986 mternum
1596 3943 1830 3981 tuanere.

246 4044 321 4102 At
358 4040 401 4094 si
449 4038 656 4108 genitus
705 4034 832 4099 fuit,
884 4030 1073 4100 inquit,
1123 4023 1391 4096 quomodo
1430 4036 1643 4090 semper
1682 4018 1835 4071 erat?

245 4130 505 4201 Quisquis
548 4129 688 4183 enim
735 4125 987 4195 gignitur,
1036 4118 1353 4190 principium
1404 4112 1616 4181 accipit.
1665 4110 1836 4165 Patris

247 4239 450 4285 nomen
474 4220 613 4292 apud
643 4234 741 4274 nos
772 4234 864 4288 per
895 4214 1094 4270 multos
1121 4209 1371 4265 circuitus
1392 4205 1649 4259 decurrit.
1675 4200 1835 4255 Verbi

246 4316 445 4387 gratia,
477 4326 718 4381 suppone
742 4310 996 4379 juvenem
1029 4317 1249 4357 uxorem
1280 4299 1477 4353 ducere
1509 4295 1831 4362 cupientem.

248 4408 490 4462 Primum
524 4403 580 4456 ﬁt
605 4415 832 4471 procas,
864 4396 1058 4452 deinde
1088 4405 1337 4463 sponsus,
1370 4398 1550 4459 postea
1581 4386 1833 4445 maritus;

246 4501 293 4554 si
326 4498 525 4567 gignat,
554 4494 746 4548 dicitur
766 4498 949 4560 pater;
972 4488 1053 4541 sin
1083 4486 1258 4554 proles
1282 4484 1380 4535 hoc
1410 4481 1482 4535 illi
1512 4492 1703 4532 nomen
1734 4491 1835 4527 non

249 4585 519 4649 tribuerit,
546 4579 753 4637 etiamsi
774 4585 1057 4633 sexcentos
1083 4587 1252 4626 annos
1279 4586 1399 4624 cum
1432 4584 1597 4621 uxore
1624 4563 1834 4623 vixerit,

249 4694 361 4733 non
394 4689 541 4746 pater
565 4671 858 4727 vocabitur.
888 4666 1249 4731 Similiterque
1272 4670 1462 4721 mater,
1498 4658 1667 4725 primo
1690 4655 1838 4722 virgo

249 4772 382 4827 hinc
409 4767 695 4838 postulata,
718 4774 904 4833 postea
925 4758 1266 4827 desponsata,
1291 4752 1505 4806 demum
1534 4764 1695 4810 uxor;
1727 4756 1840 4799 ute-

248 4880 374 4921 rum
427 4870 618 4932 gestat,
668 4858 897 4911 fructum
951 4858 1151 4921 portat;
1200 4845 1294 4900 sed
1342 4844 1387 4897 si
1442 4857 1546 4895 non
1594 4839 1834 4908 prodeat,

250 4968 428 5012 mater
458 4969 560 5007 non
591 4958 825 5005 vocatur.
859 4944 1082 5001 Etiamsi
1113 4940 1261 4995 radix
1292 4940 1521 4991 fructum
1555 4934 1707 4991 ferat,
1740 4931 1838 4983 nisi

252 5060 540 5122 progressa
572 5043 751 5112 proles
793 5040 1035 5094 laborant
1078 5032 1379 5089 mercedem
1404 5071 1419 5095 ,
1458 5029 1593 5079 hanc
1636 5024 1840 5077 scilicet

250 5138 784 5199 denominationem,
816 5130 1091 5193 retulerit,
1143 5136 1313 5180 mater
1361 5138 1465 5177 non
1524 5119 1836 5188 appellatur.

256 5234 493 5299 Idipsum
543 5230 715 5291 Deus,
764 5233 945 5295 utpote
996 5220 1209 5290 sapiens
1259 5217 1416 5279 fecit,
1476 5228 1542 5267 ne
1588 5212 1841 5264 adversus

255 5326 403 5379 filios
428 5317 779 5391 gloriarentur
809 5325 1151 5386 patres,neve
1181 5310 1381 5363 diceret
1405 5314 1552 5376 pater
1575 5303 1700 5365 ﬁlio,
1734 5300 1841 5368 Ego

255 5418 355 5470 tibi
398 5415 559 5467 vitam
609 5410 827 5481 largitus
871 5422 1026 5469 sum,
1055 5412 1269 5473 propter
1299 5415 1383 5453 me
1419 5406 1574 5450 natus
1606 5410 1686 5458 es,
1725 5405 1842 5445 mea

254 5520 431 5573 Opera
458 5504 509 5557 in
552 5517 730 5557 rerum
763 5508 1003 5553 naturam
1043 5492 1332 5564 productus
1371 5504 1428 5542 cs
1458 5506 1471 5542 :
1500 5485 1593 5539 sed
1636 5481 1843 5539 etiamsi

256 5597 380 5652 hu-c
418 5594 641 5656 diceret,
676 5591 855 5646 statim
902 5586 1148 5640 audiret:
1195 5583 1308 5651 Ego
1349 5586 1567 5649 propter
1596 5586 1646 5629 te
1690 5583 1843 5628 natus

258 5703 406 5748 Stttlt,
441 5694 494 5737 tu
525 5684 685 5738 etiam
718 5689 933 5750 propter
976 5692 1061 5731 me
1090 5682 1237 5743 pater
1278 5687 1359 5726 es.
1394 5668 1625 5738 Idipsum
1654 5673 1708 5720 et
1734 5678 1846 5716 mae

261 5779 332 5835 tri
365 5795 379 5831 :
408 5773 664 5833 Tribnisti
692 5773 821 5830 mihi
857 5782 913 5827 ut
950 5782 1124 5827 essent
1153 5766 1324 5834 ﬁlius,
1353 5773 1407 5822 et
1435 5776 1533 5833 ego
1556 5758 1718 5816 tribui
1750 5757 1842 5815 tibi

1286 345 1374 400 DE
1413 339 1624 399 ιιυΝυι
1661 331 2049 395 ειιΕΑτιυΝΕ
2084 333 2337 392 ORATIO
2372 333 2463 390 IV.

3380 340 3494 395 462

1917 460 1975 505 ιιι
1998 463 2147 505 esses
2172 457 2363 503 mater.
2395 445 2517 500 lltec
2542 441 2682 514 apud
2712 456 2810 498 nos
2835 445 3055 517 gratiam
3098 442 3381 512 quamdam
3415 442 3501 498 vl-

1917 555 2140 610 cemque
2183 536 2551 592 retributionis
2577 550 2687 604 prae
2714 549 2773 588 se
2820 532 3015 586 ferunt.
3042 532 3405 602 Similiterque
3433 531 3498 586 ﬁ-

1920 632 2056 697 lius,
2104 646 2209 683 non
2263 629 2439 682 statim
2486 626 2657 686 ﬁlius,
2696 624 2791 679 sed
2840 623 3010 693 primo
3045 638 3260 685 semen,
3307 622 3500 678 deinde

1920 721 2080 785 fctus,
2108 729 2161 775 et
2185 735 2303 773 eum
2331 728 2485 772 natus
2516 725 2625 776 est,
2665 724 2791 769 tunc
2815 722 2899 768 est
2939 714 3099 766 filius.
3143 713 3268 768 Haec
3295 722 3501 782 tempo-

1920 828 2036 867 rum
2079 809 2482 865 necessitatibus
2527 806 2756 861 obnoxia
2808 812 2934 858 sunt
2966 822 2978 857 :
3011 802 3124 857 ha.-c
3166 802 3502 872 passionibns

1921 900 2160 969 subjecta
2193 916 2205 951 :
2233 898 2345 952 inec
2370 911 2646 964 corporeae
2676 904 2798 948 sunt
2828 892 3242 948 constitutionis.
3273 892 3372 948 Ubi
3401 908 3501 946 au-

1924 1000 2027 1046 tem
2055 991 2363 1057 incorporea
2382 995 2466 1042 est
2487 995 2674 1039 natura
2691 1001 2808 1053 qute
2833 983 3018 1053 gignit,
3050 984 3133 1037 ubi
3154 984 3502 1050 incorporeus

1924 1094 2004 1138 est
2031 1081 2232 1135 fructus
2276 1080 2363 1150 qui
2390 1079 2655 1149 gignitur,
2683 1092 2783 1146 qua
2833 1078 3036 1130 ratione
3078 1074 3284 1128 dicatur
3323 1074 3449 1127 illud
3484 1091 3497 1127 :

1927 1174 2053 1226 Erat
2082 1168 2296 1240 quando
2328 1184 2433 1222 non
2462 1176 2600 1232 erat,
2631 1176 2683 1221 et
2709 1174 2889 1234 postea
2919 1165 3129 1234 genitus
3154 1164 3279 1217 est?
3306 1165 3375 1216 At
3404 1177 3502 1217 nos

1924 1262 2149 1318 dicimus
2175 1280 2187 1315 :
2216 1261 2271 1317 Si
2306 1262 2443 1315 Dens
2474 1260 2543 1313 ita
2584 1273 2796 1325 semper
2827 1272 2885 1310 se
2921 1255 3106 1320 habet,
3147 1255 3192 1307 si
3224 1253 3353 1307 nihil
3380 1269 3501 1307 utn-

1923 1372 2081 1425 quam
2104 1355 2363 1425 acquirat,
2386 1367 2601 1422 semper
2625 1352 2786 1405 etiam
2816 1357 2899 1403 est
2920 1349 3093 1402 Pater.
3122 1346 3271 1414 Quod
3298 1345 3341 1399 si
3362 1360 3502 1400 sera-

1928 1464 2020 1518 per
2049 1458 2129 1502 est
2156 1447 2334 1511 Pater,
2349 1460 2560 1514 semper
2580 1443 2770 1497 Filium
2794 1440 2980 1509 recipit
3012 1457 3025 1492 :
3055 1454 3183 1509 ergo
3207 1447 3504 1493 coaeternus

1927 1551 2011 1598 est
2038 1542 2177 1595 Patri
2205 1538 2393 1594 Filius.
2424 1536 2613 1592 Filium
2640 1535 2866 1590 dicimus
2886 1533 3000 1586 sine
3026 1530 3271 1601 passione
3298 1540 3501 1593 natum,

1929 1632 2293 1705 generationis
2318 1645 2447 1684 vero
2489 1627 2703 1682 modum
2740 1625 3009 1695 explicare
3053 1638 3157 1677 non
3200 1635 3503 1691 possumus.

1935 1726 2072 1780 Vera
2105 1725 2218 1779 hzec
2237 1732 2320 1778 est
2344 1721 2588 1785 scientia,
2618 1727 2676 1771 ut
2697 1718 2955 1771 fateamur
2983 1729 3081 1767 nos
3107 1727 3168 1767 ea
3190 1727 3293 1766 non
3323 1725 3502 1775 nosse,

1929 1833 2049 1888 qua:
2086 1826 2325 1870 naturam
2352 1821 2590 1867 nostram
2627 1814 2898 1876 superant.
2930 1803 3139 1857 Prolcm
3172 1801 3350 1869 itaque
3377 1799 3506 1853 ado-

1930 1921 2110 1963 ramus
2161 1915 2404 1960 naturam
2432 1915 2559 1955 vero
2578 1914 2683 1952 non
2706 1896 2913 1952 curiose
2934 1904 3254 1948 scrutamur.
3273 1889 3326 1945 Si
3347 1889 3507 1942 homo

1932 2010 2076 2056 esset
2101 1999 2147 2053 is
2168 1998 2257 2067 qui
2284 1995 2487 2065 genuit,
2520 1992 2807 2046 humanam
2828 1996 2973 2041 certe
2994 1982 3391 2055 generationem
3413 1978 3508 2031 ha-

1931 2092 2155 2147 buisset.
2184 2090 2239 2144 Si
2263 2102 2459 2156 corpus
2482 2085 2774 2145 habuisset,
2803 2079 3073 2150 genuisset
3092 2087 3145 2129 ut
3174 2089 3387 2144 corpus.
3412 2072 3505 2127 Sin

1933 2197 2063 2236 vero
2094 2178 2346 2233 immunis
2375 2177 2446 2229 sit
2474 2190 2502 2228 a
2542 2186 2768 2240 corpore
2790 2212 2803 2235 ,
2840 2186 2907 2224 nc
2937 2166 3177 2236 corporis
3203 2164 3509 2218 affectiones

1941 2271 2260 2339 incorporeo
2300 2265 2593 2321 adscrihas.
2631 2265 2698 2315 At
2726 2260 2934 2331 genuit,
2970 2258 3174 2326 inquit,
3202 2270 3265 2309 ex
3297 2254 3509 2322 propria

1934 2370 2141 2424 natura,
2173 2374 2293 2413 cum
2327 2356 2573 2427 passione
2604 2353 2808 2423 genuit,
2843 2365 2935 2419 per
2965 2348 3278 2410 sectionem,
3313 2359 3406 2412 per
3432 2342 3513 2395 ef-

1933 2451 2154 2505 ﬁuxum.
2188 2450 2265 2503 Ex
2297 2448 2525 2502 terrenis
2553 2442 2884 2497 contrarium
2914 2439 3100 2507 probo.
3147 2434 3326 2504 Gignit
3353 2434 3506 2497 vitis,

1930 2544 2096 2615 gignit
2116 2542 2254 2605 olea,
2282 2539 2448 2609 gignit
2470 2537 2629 2591 etiam
2646 2547 2805 2602 aqua,
2825 2546 2929 2585 non
2951 2527 3243 2585 secundum
3266 2536 3507 2579 naturam

1932 2643 2203 2696 nostram,
2247 2629 2342 2683 sed
2378 2626 2669 2683 secundum
2700 2622 2969 2691 proprium
3000 2618 3263 2671 ordinem.
3296 2616 3508 2683 Quzevis

1933 2724 2126 2779 mulier
2150 2720 2362 2791 quando
2384 2719 2434 2773 id
2458 2734 2487 2772 a
2519 2718 2630 2771 Deo
2648 2719 2976 2782 consequuta
3005 2719 3107 2776 est,
3137 2718 3196 2763 ut
3219 2710 3291 2764 sit
3317 2717 3507 2772 mater,

1935 2826 2144 2871 uterum
2172 2822 2365 2884 gestat,
2398 2807 2706 2863 intumescit
2735 2821 2750 2858 :
2778 2804 2974 2858 emisso
3000 2812 3175 2856 autent
3206 2798 3399 2863 fructu,
3431 2808 3513 2852 ιιι-

1937 2924 2141 2965 morem
2172 2905 2342 2976 ponit.
2371 2901 2426 2955 ln
2459 2898 2742 2953 arboribus
2767 2910 2922 2949 secus
2950 2892 3160 2947 accidit.
3198 2891 3509 2959 Priusquam

1934 3000 2178 3072 genuerit
2220 2996 2381 3049 arbor
2430 3007 2536 3045 non
2578 2986 2883 3043 intumescit
2917 3000 3079 3039 zeum
3119 2982 3363 3052 genuerit
3402 2990 3513 3034 tum

1935 3068 2169 3146 crassior
2199 3085 2449 3146 efﬁcitur,
2483 3081 2684 3134 fructus
2714 3085 2969 3145 augetur,
3001 3082 3055 3128 et
3082 3072 3228 3127 radix
3262 3068 3517 3139 multipli-

1936 3194 2107 3245 catur,
2157 3192 2328 3247 neque
2368 3171 2665 3228 imminutio
2715 3176 2797 3223 est
2835 3164 3069 3237 gignenti
3110 3162 3294 3225 radici,
3342 3174 3515 3229 neque

1939 3285 2064 3330 nato
2095 3272 2305 3326 fructui.
2329 3268 2510 3337 Gignit
2530 3264 2651 3318 vitis
2672 3278 2778 3317 non
2805 3274 2956 3315 more
2982 3266 3167 3312 nostro
3192 3269 3207 3307 :
3244 3254 3516 3321 Deumque

1939 3368 1983 3421 si
2006 3364 2236 3420 audieris
2261 3361 2528 3431 genuisse,
2556 3357 2813 3410 humanas
2844 3350 3118 3421 passiones
3139 3345 3396 3401 adscribis
3422 3358 3518 3397 na-

1940 3468 2112 3514 turam
2137 3469 2349 3511 omnem
2378 3452 2660 3506 humanam
2687 3442 2998 3515 superanti?

2012 3552 2064 3604 5.
2100 3548 2165 3601 Et
2194 3546 2321 3600 dixit
2350 3543 2483 3596 Deus
2509 3556 2526 3594 :
2556 3538 2757 3593 Educat
2783 3545 2915 3590 terra
2935 3535 3158 3586 annnam
3184 3530 3421 3585 viventem
3440 3544 3521 3582 so-

1940 3644 2162 3697 cundum
2204 3655 2392 3711 genus,
2432 3633 2821 3702 quadrupedes,
2861 3629 3098 3696 reptilia,
3141 3627 3321 3679 bestias
3362 3622 3514 3694 (Gen.

1945 3737 1992 3790 l.
2024 3733 2135 3795 24).
2171 3725 2555 3797 Quadrupedes
2581 3724 2817 3793 jumenta
2846 3728 2996 3783 sunt;
3031 3717 3272 3785 reptiles,
3307 3713 3516 3781 chtite,

1942 3841 2166 3894 serpens
2205 3836 2257 3876 et
2283 3822 2483 3882 draco;
2514 3830 2683 3885 neque
2708 3813 2848 3867 enim
2892 3810 3077 3865 bestia:
3119 3808 3291 3861 solum
3334 3805 3516 3872 subju-

1942 3920 2109 3989 gales,
2144 3915 2235 3969 sed
2268 3915 2425 3968 etiam
2454 3925 2572 3980 qua:
2598 3906 2847 3961 oneribus
2878 3903 3142 3966 ferendis,
3169 3900 3406 3969 jumenta
3435 3896 3520 3950 di-

1943 4022 2153 4066 cuntur.
2186 4004 2450 4075 Quidquid
2484 4004 2626 4056 freno
2655 3999 2887 4052 vescitur
2907 4036 2922 4061 ,
2952 3996 3063 4050 sive
3091 3995 3216 4055 bos,
3246 3992 3357 4044 sive
3383 3990 3520 4051 ovis,

1941 4118 2105 4176 pecus
2147 4108 2403 4155 vocatur:
2447 4112 2609 4157 κτῆνος
2650 4092 2760 4145 sive
2800 4102 2960 4157 [tectis
3002 4085 3225 4147 dicitur,
3268 4082 3388 4151 quia
3440 4090 3523 4135 est

1942 4214 2101 4264 κτῆμα
2149 4194 2260 4248 sive
2290 4190 2556 4261 possessio
2597 4184 2845 4241 hominis.
2891 4178 3042 4247 Quod
3088 4184 3266 4229 autem
3314 4186 3441 4225 oves
3466 4180 3521 4223 et

1944 4292 2110 4345 boves
2138 4300 2326 4355 pecora
2356 4289 2613 4336 vocentur
2635 4274 2944 4331 testificatur
2964 4269 3235 4337 Scriptura
3268 4282 3281 4318 :
3316 4263 3377 4317 Et
3408 4264 3521 4332 fue-

1943 4389 2061 4434 runt
2085 4352 2162 4432 illi
2190 4390 2371 4446 pecora
2420 4372 2584 4425 ovium
2622 4376 2666 4421 et
2702 4380 2881 4435 pecora
2919 4361 3066 4413 boum
3091 4358 3109 4427 (
3133 4356 3257 4409 Gen.
3284 4354 3371 4406 26.
3408 4352 3520 4418 Μ).

1946 4472 2169 4540 Repleta
2198 4476 2281 4521 est
2314 4475 2486 4525 terra,
2528 4456 2783 4511 vernabat
2831 4450 3106 4509 fructibus,
3157 4443 3372 4513 protulit
3410 4440 3523 4493 ani-

1949 4564 2139 4623 malia;
2172 4554 2576 4612 desiderabatur
2609 4549 2821 4601 demum
2865 4550 3014 4609 pater
3041 4536 3302 4596 familias;
3335 4534 3522 4587 celum

1946 4660 2194 4708 ornatum
2233 4648 2422 4709 fuerat,
2458 4653 2597 4695 terra
2640 4637 2789 4689 vario
2823 4633 3017 4686 decore
3060 4625 3406 4696 Splendebat,
3440 4638 3526 4676 re-

1947 4744 2146 4814 pletum
2193 4748 2307 4793 erat
2351 4748 2519 4798 mare,
2564 4745 2657 4784 aer
2695 4726 2869 4779 avium
2919 4718 3256 4775 multitudine
3303 4725 3529 4769 ornatus

1947 4810 2082 4889 erat.
2113 4831 2299 4886 Omnia
2346 4834 2525 4896 parata
2572 4828 2761 4883 erant,
2792 4829 2845 4872 et
2893 4812 3299 4869 desiderabatur
3342 4810 3524 4861 homo.

1948 4926 2061 4979 Non
2091 4924 2162 4977 illi
2196 4919 2531 4977 contumelize
2558 4924 2658 4978 est,
2695 4911 2834 4981 quod
2863 4910 2931 4962 sit
2955 4915 3275 4977 postremus,
3306 4901 3397 4955 sed
3428 4901 3530 4952 hoc

1950 5018 2023 5072 illi
2056 5016 2196 5070 cedit
2223 5010 2411 5066 honori
2448 5027 2460 5062 :
2492 5016 2825 5076 prmparatur
2850 5000 2991 5056 enim
3019 4998 3239 5059 domus,
3275 5002 3327 5047 et
3374 4990 3520 5045 induv

1948 5109 2089 5163 citur
2117 5115 2266 5175 pater
2298 5102 2547 5157 familias.
2582 5097 2718 5152 Nihil
2750 5095 2945 5163 quippe
2978 5091 3119 5144 Dens
3157 5083 3530 5153 intempestive

1956 5211 2010 5257 et
2036 5201 2151 5254 sine
2182 5198 2341 5252 modo
2375 5196 2526 5259 facit,
2570 5191 2661 5246 sed
2690 5197 2878 5243 cuncta
2908 5186 2973 5239 ad
3003 5192 3207 5237 certum
3244 5193 3418 5231 usum.
3455 5176 3530 5227 Ac

1951 5292 2070 5346 vide
2094 5289 2354 5344 ordinent.
2388 5287 2565 5339 Primo
2598 5282 2719 5337 fecit
2744 5282 2879 5334 Deus
2906 5275 3122 5329 herbam
3153 5282 3200 5327 et
3227 5272 3447 5329 fumum,
3476 5273 3531 5317 et

1951 5396 2135 5459 postea
2161 5383 2408 5437 animalia
2432 5395 2549 5449 qum
2577 5377 2661 5431 his
2685 5373 3031 5428 nutrirentur.
3058 5365 3165 5420 Nisi
3188 5363 3328 5417 enim
3351 5364 3533 5412 essent

1951 5478 2233 5541 alimenta,
2288 5470 2655 5541 intempestiva
2702 5465 2889 5519 fuisset
2937 5457 3241 5515 animalium
3287 5449 3532 5513 creatio,

1952 5585 2070 5641 quze
2116 5566 2335 5638 penuria
2373 5564 2637 5619 fructuum
2670 5558 2953 5611 laboraret.
2986 5549 3134 5605 Fecit
3161 5544 3413 5598 alimenta
3435 5581 3450 5603 ,
3478 5548 3534 5593 et

1953 5634 2159 5732 postea
2194 5674 2313 5730 qua:
2355 5657 2419 5711 iis
2455 5656 2729 5709 alerentur
2774 5644 3037 5705 condidit;
3068 5639 3237 5709 primo
3279 5634 3345 5688 ad
3379 5647 3536 5688 usum

1955 5729 2279 5823 necessaria,
2322 5745 2517 5805 deinde
2573 5742 2772 5801 inducit
2810 5754 2873 5797 ea
2919 5749 3037 5807 qua:
3090 5729 3193 5785 illis
3234 5734 3533 5784 uterentur.
