4110 6318
626 343 742 399 463

630 443 830 499 Ιιῖοιιρηι
865 441 1026 497 modo
1071 457 1135 498 se
1181 442 1234 495 in
1261 440 1555 510 Scripturis
1591 440 1776 512 gessit.
1807 443 2226 501 Antecesserunt

626 536 902 590 Christum
928 533 1219 604 Scriptum
1241 533 1414 602 ipsum
1442 530 1819 603 praedicantes,
1844 542 1898 587 et
1929 542 2054 588 tunc
2079 533 2225 590 venit

629 629 674 683 is
715 643 875 697 quem
927 628 1314 697 pra-dicabant.
1359 627 1766 683 Praecesseruut
1800 629 2135 692 testimonia,
2169 637 2226 682 ut

627 721 940 776 crederetur
965 721 1038 783 ei,
1068 719 1136 774 de
1180 733 1287 789 quo
1328 720 1696 774 testimonium
1747 720 2034 775 ferebatur.
2084 720 2227 775 Prai-

628 820 792 873 eessit
827 819 933 883 lex,
967 825 1026 872 ut
1056 816 1372 886 pradicaret
1402 816 1787 888 legislatorem.
1821 816 2225 871 Praecesserunt

631 910 906 980 propheta:
931 949 946 975 ,
991 918 1048 965 ut
1091 909 1240 965 illum
1288 908 1662 976 declararent,
1702 908 1769 965 de
1816 922 1920 978 quo
1963 907 2225 963 vaticina~

628 1002 844 1057 bantur.
1217 1048 1222 1060 .

703 1092 991 1163 Scriptura
1010 1107 1099 1146 cur
1118 1090 1316 1146 Iudicis
1345 1090 1551 1146 relictae.
1571 1119 1646 1132 —
1667 1090 1744 1144 Ac
1764 1089 1885 1144 vide
1905 1089 2225 1159 sapientiam

626 1185 749 1239 Dei.
795 1185 1104 1254 Seripturas
1151 1183 1533 1255 pmphetarum
1583 1197 1690 1239 non
1735 1182 1858 1237 sivit
1900 1181 1952 1236 in
1984 1181 2226 1236 Ecclesia

632 1279 804 1332 solum
826 1293 971 1345 esse,
996 1278 1092 1333 sed
1120 1287 1172 1333 et
1193 1279 1331 1348 apud
1355 1277 1598 1332 Judazos:
1620 1278 1768 1333 utilli
1787 1285 2225 1349 coarguerentur,

629 1369 848 1438 reliquit
873 1384 965 1424 eas
991 1369 1131 1438 apud
1154 1369 1371 1425 Judaeos
1397 1367 1667 1440 indignos,
1695 1369 1788 1423 Dei
1807 1370 2009 1431 hostes.
2028 1367 2227 1423 Christi

629 1461 896 1516 inimicos.
914 1460 1023 1516 Cur
1044 1477 1172 1531 ergo
1199 1461 1249 1514 id
1273 1461 1419 1525 fecit,
1445 1476 1542 1516 nec
1563 1461 1632 1515 sb
1657 1461 1761 1516 illis
1781 1460 2086 1531 Scripturas
2107 1461 2229 1516 abs—

628 1553 791 1608 tulit?
823 1553 1057 1608 Evidens
1086 1569 1246 1608 causa
1271 1564 1375 1618 eSt,
1407 1569 1506 1609 nec
1546 1554 1708 1607 multa
1752 1554 2066 1624 probatione
2093 1568 2228 1623 Opus

630 1645 811 1700 habet.
845 1645 917 1701 Ut
944 1646 1253 1716 praedicatio
1277 1660 1395 1700 mea
1418 1661 1524 1701 non
1548 1657 1796 1716 suspecta
1819 1656 1983 1702 esset.
2007 1646 2061 1702 Si
2085 1646 2229 1702 solus

631 1738 926 1808 prephetas
956 1738 1213 1794 haberem
1233 1781 1247 1803 ,
1279 1750 1463 1808 posset
1491 1739 1799 1795 incredulus
1835 1740 2224 1794 contradicere.

630 1833 881 1887 Aususne
902 1846 1077 1887 essem
1105 1847 1205 1902 ego
1227 1831 1430 1896 dicere,
1456 1832 1598 1886 Dixit
1625 1833 1858 1904 Moyses,
1885 1832 2019 1886 dixit
2040 1832 2226 1898 Isaias,

630 1932 721 1977 aut
749 1923 887 1977 dixit
921 1924 1162 1993 reliquus
1190 1925 1574 1993 prophetarum
1603 1924 1738 1979 ordo
1758 1965 1772 1989 ,
1807 1924 1874 1979 de
1900 1923 2139 1989 Christo,
2174 1931 2230 1978 et

629 2015 698 2070 de
727 2015 790 2069 iis
821 2031 941 2084 qua:
983 2023 1225 2084 tempore
1271 2015 1537 2072 adventus
1560 2016 1681 2086 cjus
1727 2025 1987 2071 eventura
2033 2016 2229 2071 erant?

633 2106 848 2160 Poterat
873 2106 1046 2176 quivis
1071 2107 1435 2175 respondere:
1463 2107 1740 2164 Uudenam
1770 2108 1969 2163 scimus
1991 2108 2228 2180 Moysem

631 2198 800 2253 fuisse
832 2199 1186 2267 prophetam,
1220 2210 1276 2253 et
1321 2199 1437 2255 htec
1468 2201 1691 2266 dixisse,
1737 2209 1828 2254 aut
1881 2199 2225 2269 praedicasse,

633 2289 1089 2357 quemadmodum
1123 2290 1275 2343 vobis
1299 2291 1619 2344 Christianis
1657 2291 1724 2344 ad
1760 2292 2228 2347 confirmationem

629 2378 894 2432 doctrina:
914 2387 1103 2432 vestra:
1124 2380 1392 2434 blaterare
1411 2381 1581 2434 visum
1603 2390 1702 2445 est,
1727 2381 2015 2450 prophetas
2039 2396 2232 2451 nempe

633 2471 861 2539 lingere,
891 2479 946 2525 et
991 2472 1207 2525 nomina
1239 2471 1483 2527 fabulose
1525 2473 1899 2528 comminisci?
1940 2489 2109 2529 nosne
2139 2475 2232 2529 dc-

634 2564 822 2617 bemus
852 2565 990 2619 hane
1018 2568 1391 2623 auctoritatem
1418 2567 1740 2624 admittere?
1767 2569 1919 2625 Nunc
1949 2585 2080 2625 vero
2103 2584 2232 2625 con-

635 2654 952 2720 tradicenti,
994 2659 1204 2712 etiamsi
1252 2661 1458 2729 magnis
1514 2662 1752 2716 munitus
1807 2662 1876 2716 sit
1915 2662 2228 2729 ratiociniis,

630 2749 807 2803 omnis
850 2750 1057 2805 sublata
1101 2752 1314 2806 occasio
1353 2763 1455 2819 est,
1509 2769 1575 2809 eo
1613 2754 1754 2825 quod
1796 2755 1885 2810 illa
1929 2756 2229 2810 testimonia

630 2842 772 2912 apud
807 2847 950 2912 ipsos
976 2844 1216 2913 deposita
1245 2846 1372 2911 sint,
1404 2862 1522 2916 qua:
1548 2861 1648 2902 nos
1689 2846 1756 2901 ad
1780 2846 2089 2918 dogmatum
2127 2862 2229 2902 no-

631 2948 867 2991 strorntn
903 2937 1269 2992 defensionem
1307 2939 1595 2994 aﬂ’erimus.
1639 2940 1792 2996 Unde
1832 2941 1974 2995 enim
2014 2940 2228 3011 coargui

631 3043 737 3083 non
760 3029 929 3098 possit
948 3045 1134 3084 eorum
1154 3031 1376 3085 levitas?
1400 3031 1476 3086 Ne
1501 3033 1661 3102 igitur
1685 3032 1801 3087 hmc
1817 3033 2081 3098 dicantur,
2107 3049 2230 3102 per-

633 3121 780 3176 misit
824 3131 881 3177 ut
910 3123 1032 3177 libri
1079 3123 1474 3194 Scripturarum
1520 3123 1658 3194 apud
1689 3124 1811 3178 illos
1855 3132 2071 3194 essent,
2102 3126 2232 3180 utsi

635 3214 762 3269 mihi
805 3214 941 3270 fides
985 3224 1226 3286 negetur,
1255 3216 1405 3286 quasi
1450 3217 1514 3271 ad
1543 3215 1881 3287 propriorum
1921 3216 2231 3288 dogmatum

631 3309 856 3378 gratiam
887 3309 975 3364 illa
1005 3311 1355 3366 confinxerim
1377 3352 1392 3377 ,
1420 3310 1524 3366 illis
1554 3310 1687 3366 lides
1713 3311 2010 3380 habeatur,
2042 3311 2130 3382 qui
2163 3309 2230 3364 ab

631 3401 737 3455 illis
779 3401 1118 3471 dogmatibus
1163 3403 1474 3459 abhorrent.
1503 3403 1559 3460 Si
1606 3403 1845 3460 Judmum
1894 3405 2226 3476 interroges,

631 3507 738 3545 non
767 3492 889 3547 dico
921 3494 1205 3562 quemdam
1235 3495 1302 3550 de
1333 3495 1490 3564 plebe
1515 3511 1577 3551 ac
1611 3495 1682 3550 de.
1719 3496 1901 3562 turba,
1933 3497 2026 3552 sed
2056 3497 2144 3567 qui
2175 3504 2231 3552 ct

630 3586 794 3640 verbo
819 3586 1017 3655 polleat
1046 3596 1100 3640 et
1126 3587 1299 3658 legem
1331 3595 1529 3654 teneat,
1555 3587 1721 3642 Estne
1742 3588 2023 3643 Christus?
2044 3597 2097 3643 et
2119 3603 2225 3642 non

627 3677 770 3734 diem
801 3695 907 3732 non
947 3694 1069 3734 esse
1089 3721 1103 3745 ,
1131 3679 1226 3735 sed
1255 3695 1377 3735 esse
1419 3680 1657 3751 quidem,
1685 3691 1741 3735 at
1767 3697 1871 3738 non
1913 3698 2032 3738 esse
2061 3681 2223 3749 hunc,

627 3785 786 3839 quem
815 3784 912 3823 vos
951 3767 1159 3835 dicitis,
1188 3770 1282 3824 sed
1309 3771 1471 3824 alium
1502 3787 1517 3824 :
1550 3771 1807 3826 hactenus
1835 3773 1922 3828 ille
1965 3788 2078 3827 rem
2117 3788 2227 3828 non

626 3860 841 3925 evertit,
875 3859 968 3914 sed
993 3874 1275 3928 personam
1301 3860 1352 3914 in
1379 3859 1597 3915 dubium
1630 3863 1857 3916 vocavit.
1885 3863 2039 3917 Aliud
2063 3877 2228 3932 porro

625 3959 708 4004 est
739 3966 855 4006 rem
897 3967 1116 4022 negare,
1149 3952 1292 4007 aliud
1343 3968 1473 4008 vero
1516 3969 1820 4025 personam.
1867 3955 1930 4012 Ut
1975 3957 2019 4011 si
2049 3958 2167 4028 quis
2193 3973 2226 4014 a

627 4058 714 4098 me
739 4042 979 4098 debitum
1007 4053 1273 4114 reposcat,
1306 4044 1449 4100 aliud
1474 4056 1556 4100 est
1579 4046 1779 4114 dicere,
1798 4046 1914 4102 Non
1947 4046 2137 4113 debeo,
2171 4057 2225 4104 et

624 4133 766 4188 aliud
793 4135 994 4202 dicere,
1017 4135 1130 4190 Non
1161 4135 1274 4199 tibi,
1299 4136 1394 4192 sed
1415 4137 1502 4191 alii
1526 4137 1718 4193 debeo.
1743 4137 1959 4193 Interim
1982 4138 2223 4196 debitum

625 4226 676 4282 in
707 4227 959 4284 confesso
985 4237 1086 4283 est.
1113 4230 1265 4295 Quod
1288 4230 1446 4301 igitur
1473 4228 1718 4286 Christus
1745 4231 1833 4298 sit,
1863 4232 1914 4286 id
1945 4232 2020 4287 illi
2052 4233 2223 4287 confi-

625 4329 830 4382 tcntur,
857 4319 1105 4373 dubitant
1129 4329 1307 4376 autem
1338 4337 1405 4376 an
1435 4322 1522 4376 hic
1547 4323 1637 4388 sit,
1669 4323 1758 4392 qui
1787 4339 1820 4378 a
1845 4323 1997 4378 nobis
2025 4324 2222 4394 prardi-

620 4420 794 4476 catur,
815 4422 870 4467 et
885 4428 1010 4467 eum
1038 4413 1128 4480 qui
1156 4430 1260 4467 non
1283 4414 1492 4470 exsistit
1518 4414 1823 4481 admittunt,
1844 4416 1967 4486 quia
1985 4431 2107 4471 eum
2131 4417 2219 4486 qui

623 4520 753 4561 vere
783 4516 866 4560 est
895 4515 1175 4576 negarunt.
1206 4508 1276 4562 Et
1299 4507 1548 4563 advertas
1582 4510 1769 4572 velim,
1799 4511 1971 4580 ipsum
2000 4509 2216 4580 legisla-

620 4606 794 4651 torem
837 4595 1075 4669 Moysem
1115 4597 1229 4667 ipsa
1273 4597 1502 4654 hominis
1531 4597 1851 4655 formatione
1888 4600 2080 4656 Filium
2129 4602 2218 4656 in-

617 4691 836 4755 ducere,
857 4690 1080 4760 ejusque
1095 4692 1476 4762 cognitionem.
1495 4693 1657 4760 Dixit,
1675 4693 1796 4748 Fiat
1813 4696 2184 4764 ﬁrmamentum
2196 4718 2219 4767 ,-

616 4782 772 4847 dixit,
802 4781 1058 4837 Genninet
1098 4793 1269 4846 terra;
1296 4784 1457 4851 dixit,
1495 4785 1730 4840 Educant
1758 4803 1921 4855 aqum.
1951 4786 2085 4841 Cum
2117 4803 2216 4842 au—

618 4885 726 4929 tem
751 4876 897 4930 venit
941 4876 1008 4930 ad
1037 4876 1307 4930 hominem
1335 4879 1409 4932 ait
1440 4896 1451 4931 :
1484 4877 1551 4931 Et
1579 4880 1706 4932 dixit
1732 4878 1902 4945 Deus,
1938 4879 2217 4937 Faciamus

616 4969 891 5022 hominem.
920 4971 1192 5053 Interrogo
1211 4970 1483 5026 Judaeum:
1509 4975 1564 5026 Si
1586 4974 1732 5026 solus
1753 4984 1855 5039 est,
1879 4988 1978 5028 nec
1994 4983 2210 5028 cstcum

616 5079 682 5117 eo
732 5063 917 5129 Filius,
965 5079 1122 5132 quem
1174 5074 1556 5133 praedicamus,
1607 5067 1650 5120 si
1699 5081 1807 5122 non
1854 5075 1938 5121 est
1982 5066 2214 5137 Spiritus

615 5165 852 5221 sanctus,
881 5172 1038 5225 quem
1064 5149 1370 5222 adoramus,
1397 5157 1610 5212 cuinam
1640 5158 1793 5222 dixit,
1818 5156 2092 5213 Faciamus
2119 5161 2212 5213 lto-

616 5246 841 5300 minem?
869 5247 1072 5300 Caelum
1099 5247 1251 5316 jussu
1283 5250 1397 5303 solo
1427 5248 1573 5313 facit,
1604 5257 1797 5304 terram
1826 5259 1880 5305 et
1907 5251 2106 5320 reliqua
2137 5252 2209 5306 si-

615 5339 842 5392 militer:
871 5354 993 5392 cum
1018 5340 1288 5395 hominem
1308 5351 1476 5407 creat,
1500 5339 1833 5397 divinitatem
1857 5343 1976 5397 Filii
1993 5343 2206 5399 demum

616 5432 804 5486 volens
820 5435 968 5501 quasi
994 5450 1086 5501 per
1106 5433 1365 5488 fenestras
1384 5436 1820 5506 conspiciendam
1843 5436 2102 5506 praebere,
2121 5437 2206 5490 di-

612 5522 706 5586 cit,
731 5520 1000 5577 Faciamus
1024 5525 1312 5591 hominem;
1337 5536 1393 5582 nt
1413 5527 1660 5583 ostendat
1687 5529 1832 5582 illum
1860 5529 1912 5582 in
1941 5529 2206 5597 prioribus

613 5615 772 5668 etiam
799 5617 1047 5671 creandis
1071 5618 1170 5672 sibi
1198 5622 1404 5674 socium
1429 5621 1611 5675 fuisse.
1646 5622 1805 5676 Aiunt
1828 5621 2007 5692 itaque
2033 5619 2206 5675 Judtei

612 5707 662 5759 in
694 5718 976 5777 angustum
1020 5709 1256 5776 redacti,
1292 5727 1391 5768 nec
1437 5714 1676 5768 valentes
1725 5715 1794 5768 ita
1838 5723 2075 5784 apertam
2118 5713 2202 5766 di-

610 5801 838 5857 (lienem
872 5812 1106 5870 mutare,
1141 5804 1310 5876 ipsum
1345 5805 1396 5861 id
1422 5806 1624 5877 angelis
1666 5805 1862 5862 dixisse
1892 5822 1904 5860 :
1950 5805 2199 5878 quoniam

2092 325 2467 384 διενειὶιΑΜ

3818 362 3935 416 464

2333 440 2587 499 dictionis
2630 453 2873 499 naturam
2921 455 3105 516 aperte
3145 463 3343 519 negare
3373 465 3479 507 lion
3524 463 3789 522 possunt,
3834 454 3944 510 alio

2334 537 2496 590 modo
2550 536 2888 607 negationem
2945 539 3087 593 illam
3142 540 3430 598 insinuant.
3488 544 3714 600 Cuinam
3779 546 3943 618 igitur

2333 627 2487 691 dixit,
2519 626 2837 683 Faciamus?
2862 631 3102 702 Angelis,
3131 633 3392 704 inquiunt.
3423 636 3652 705 Quaero,
3678 635 3800 694 Utri
3829 655 3942 694 ma-

2332 717 2476 788 jores
2507 728 2650 782 sunt,
2699 721 2897 791 angeli,
2944 737 3008 776 an
3061 723 3512 783 homines?Sane
3559 729 3756 799 angeli.
3805 729 3944 785 Nam

2332 810 2546 879 quando
2589 811 2750 866 etiam
2802 811 3088 868 admodum
3135 815 3187 870 in
3235 816 3429 872 virtute
3475 818 3841 888 profecimus,
3877 836 3946 875 ne

2335 910 2461 957 tunc
2490 903 2706 973 quidem
2740 905 2861 960 illos
2902 921 3239 975 superamus,
3284 909 3377 965 sed
3405 924 3562 980 pares
3604 911 3683 967 eis
3726 927 3943 966 sumus.

2333 992 2486 1048 Nunc
2519 1011 2649 1050 vero
2691 996 2756 1051 iis
2784 1007 2972 1051 natura
3013 998 3168 1070 longe
3207 1001 3485 1058 inferiores
3513 1015 3723 1069 sumus,
3759 1003 3945 1060 incor-

2335 1089 2618 1158 poreisque
2643 1090 2844 1160 angelis
2868 1105 3052 1146 sumus
3081 1093 3334 1149 minores.

2407 1177 2462 1233 6.
2495 1181 2632 1235 Audi
2664 1183 2916 1238 Davidem
2945 1183 3044 1238 hac
3068 1184 3135 1241 de
3161 1200 3220 1239 re
3248 1185 3624 1244 testiﬁcantem
3655 1206 3669 1242 :
3698 1188 3845 1256 Quid
3871 1199 3945 1244 est

2335 1273 2507 1336 homo,
2535 1273 2669 1343 quod
2689 1291 2879 1329 memor
2906 1291 2959 1330 es
2981 1277 3110 1346 ejus,
3144 1287 3234 1331 aut
3261 1277 3397 1348 ﬁlius
3428 1279 3670 1344 hominis,
3694 1281 3945 1350 quoniam

2334 1365 2507 1418 uisitas
2554 1367 2708 1419 eum?
2753 1366 2989 1422 Minuisti
3036 1384 3152 1423 eum
3204 1369 3356 1438 paulo
3409 1370 3578 1425 minus
3625 1369 3689 1424 ab
3742 1374 3944 1442 angelis

2335 1454 2508 1526 (Psal.
2536 1457 2590 1512 8.
2614 1458 2667 1513 5.
2690 1457 2766 1528 6).
2791 1458 2948 1514 Certe
2971 1459 3204 1516 minores
3229 1461 3431 1532 angelis
3458 1476 3642 1518 sumus
3674 1479 3689 1516 :
3732 1478 3836 1518 nos
3865 1464 3947 1517 in-

2335 1545 2591 1613 feriores,
2622 1549 2795 1618 angeli
2823 1550 3081 1619 majores.
3111 1551 3166 1607 Si
3193 1566 3313 1607 cum
3346 1551 3620 1608 hominem
3651 1553 3810 1608 illum
3844 1555 3944 1608 mi-

2337 1653 2521 1692 norem
2574 1638 2797 1705 faceret,
2842 1656 2976 1710 Opus
3022 1642 3209 1699 habuit
3258 1643 3465 1715 angelis
3513 1645 3844 1700 consiliariis
3890 1656 3944 1700 ct

2335 1729 2692 1798 adjutoribus,
2722 1747 2842 1785 cum
2874 1733 3105 1802 majores
3135 1733 3367 1801 faceret,
3412 1753 3516 1790 non
3545 1752 3715 1792 unum
3746 1753 3944 1806 nempe

2335 1822 2623 1892 angelum,
2672 1825 2766 1878 sed
2814 1825 2902 1878 illa
2950 1826 3114 1880 millia
3156 1827 3382 1883 millium
3430 1828 3942 1894 innumerabilium;

2335 1913 2790 1983 quemadmodum
2824 1915 2966 1970 enim
2991 1917 3268 1973 luminaria
3299 1919 3458 1974 simul
3481 1920 3663 1975 omnia
3691 1919 3844 1986 fecit,
3868 1922 3947 1977 sic

2333 2016 2388 2061 et
2417 2007 2638 2076 angelos
2665 2016 2720 2062 et
2755 2008 3110 2080 archangelos
3153 2010 3345 2076 simul;
3378 2020 3434 2066 et
3463 2020 3540 2067 tot
3581 2020 3708 2067 sunt
3739 2021 3799 2067 ut
3827 2027 3946 2067 om-

2335 2115 2458 2154 nem
2504 2110 2759 2170 superent
2805 2117 3110 2169 numerum,
3160 2104 3462 2175 clamatque
3495 2104 3679 2158 Daniel
3717 2123 3732 2158 :
3764 2102 3946 2160 Decies

2336 2193 2518 2247 millies
2549 2194 2679 2248 dena
2702 2194 2867 2247 millia
2886 2196 3237 2251 ministrabant
3259 2197 3323 2264 ei,
3345 2208 3393 2251 et
3416 2198 3576 2252 millia
3604 2198 3832 2252 millium
3853 2199 3948 2251 ad-

2335 2286 2535 2340 stabant
2564 2287 2608 2340 ei
2635 2287 2792 2355 (Dan.
2827 2288 2879 2341 7.
2906 2287 3019 2357 10).
3051 2288 3197 2342 Dena
3224 2289 3386 2342 millia
3417 2288 3683 2344 denorum
3712 2290 3947 2345 millium

2336 2379 2654 2448 angelorum
2699 2378 2845 2446 fecit,
2891 2381 3163 2450 milliaque
3205 2381 3430 2436 millium
3467 2382 3944 2452 arcbangelorum,

2335 2485 2436 2525 nec
2477 2486 2612 2540 opus
2660 2471 2843 2526 habuit
2888 2473 3197 2529 consiliario
3243 2483 3336 2529 aut
3372 2474 3661 2545 adjutore,
3713 2486 3769 2531 et
3821 2492 3950 2531 cum

2337 2577 2502 2617 unum
2527 2562 2730 2619 faceret
2759 2564 2960 2620 luteum
2994 2567 3298 2631 hominem,
3331 2568 3556 2622 consilio
3590 2568 3795 2634 utitur,
3831 2585 3949 2623 ser-

2337 2671 2552 2711 monem
2575 2657 2803 2723 confert,
2836 2658 3117 2713 consilium
3143 2657 3277 2713 init?
3305 2657 3431 2725 Quis
3455 2669 3530 2712 est
3552 2659 3744 2712 homo?
3768 2675 3950 2715 nonne

2337 2758 2480 2804 terra
2509 2750 2655 2806 etde
2693 2749 2874 2805 terra?
2900 2765 3081 2805 nonne
3110 2750 3246 2806 cinis
3291 2758 3345 2804 et
3370 2748 3586 2804 favilla?
3624 2750 3950 2819 Clamatque

2335 2841 2605 2896 Abraham
2633 2857 2783 2897 suam
2819 2841 3120 2913 prardicans
3142 2842 3399 2898 vilitatem
3434 2860 3448 2897 :
3482 2840 3597 2913 Ego
3625 2855 3803 2896 autem
3834 2860 3949 2897 sum

2337 2943 2472 2989 terra
2499 2944 2549 2988 et
2573 2936 2700 2989 cinis
2730 2934 2884 3006 (Gen.
2921 2936 3008 2991 18.
3039 2937 3156 3006 27).
3188 2934 3324 3004 Quid
3355 2945 3480 2991 sunt
3513 2936 3733 3006 angeli?
3764 2952 3949 2991 nouno

2335 3027 2593 3097 spiritus?
2638 3043 2817 3084 nonne
2859 3029 3039 3098 ignis?
3080 3028 3215 3083 Audi
3257 3028 3518 3083 Davidem
3560 3027 3894 3083 clamantem
3931 3047 3944 3082 :

2340 3119 2442 3185 Qui
2469 3124 2594 3190 facit
2621 3120 2830 3191 angelos
2857 3138 2974 3174 suos
3004 3122 3231 3191 spiritus,
3261 3130 3306 3174 et
3338 3121 3598 3175 ministros
3625 3137 3750 3175 suos
3777 3123 3946 3192 ignem

2336 3221 2560 3264 urentem
2587 3210 2758 3283 (Psal.
2791 3211 2914 3267 105.
2943 3212 3024 3282 4).
3056 3211 3186 3267 Cum
3213 3211 3348 3282 ignis
3377 3222 3627 3266 naturam
3655 3213 3943 3276 conderet,

2336 3302 2698 3372 intelligentes
2727 3312 2782 3358 et
2809 3304 3156 3374 incorporeas
3180 3305 3421 3374 spiritus,
3452 3319 3557 3358 non
3585 3319 3728 3375 opus
3759 3306 3945 3361 habuit

2333 3395 2662 3461 consiliario,
2715 3411 2820 3450 non
2867 3397 3030 3460 socio,
3083 3412 3188 3452 non
3233 3397 3338 3452 alio
3384 3398 3641 3467 qu0piam
3684 3398 3740 3451 in
3778 3413 3946 3467 opere

2333 3486 2578 3555 adjutore
2610 3505 2622 3540 :
2657 3497 2712 3542 et
2741 3503 2862 3543 cum
2895 3503 3018 3544 eum
3042 3490 3130 3559 qui
3162 3489 3231 3545 de
3258 3497 3400 3544 terra
3430 3500 3512 3546 est
3539 3489 3751 3557 condit,
3783 3492 3944 3545 mise-

2333 3591 2450 3630 rum
2481 3576 2651 3643 illum,
2684 3578 2874 3645 vilem,
2907 3580 2995 3650 qui
3026 3579 3173 3634 brevi
3205 3589 3386 3650 postea
3431 3591 3679 3651 tempore
3719 3599 3830 3636 non
3860 3582 3942 3636 fu-

2334 3676 2485 3722 turus
2514 3677 2617 3733 est,
2653 3671 2741 3739 qui
2774 3672 2826 3724 in
2875 3670 3124 3740 sepulcro
3169 3671 3526 3736 dissolvetur,
3557 3676 3648 3741 qui
3699 3682 3942 3745 tempore

2331 3769 2701 3828 eonsumetur,
2754 3762 3036 3817 consilium
3084 3764 3200 3831 init,
3243 3766 3558 3820 cOnsultat?
3609 3765 3814 3832 Etiam,
3865 3769 3943 3820 in-

2334 3854 2504 3924 quiet,
2531 3855 2684 3911 decet
2713 3856 2999 3911 Dominum
3031 3858 3100 3913 ob
3130 3862 3404 3914 summam’
3419 3875 3571 3915 suam
3607 3861 3938 3926 bonitatem,

2331 3947 2514 4003 dicere
2544 3948 2756 4004 famulis
2781 3951 3134 4019 praesentibus
3156 3993 3173 4019 ,
3205 3951 3343 4020 Quid
3372 3952 3490 4008 fieri
3524 3955 3786 4024 oportet?
3817 3956 3938 4025 quid

2333 4040 2629 4096 faciemus?
2653 4042 2764 4098 lloc
2794 4058 3008 4114 quoque
3033 4045 3274 4101 concedo
3293 4088 3306 4110 ,
3337 4061 3399 4100 ac
3430 4057 3550 4116 post
3581 4056 3794 4103 tantum
3823 4066 3938 4104 cer-

2333 4141 2532 4199 tamen,
2560 4133 2786 4189 admitto
2806 4176 2822 4200 ,
2849 4136 3001 4201 illud,
3033 4135 3337 4202 Faciamus,
3371 4139 3437 4192 ad
3477 4141 3706 4210 angelos
3735 4142 3935 4197 dictum

2329 4226 2511 4282 fuisse.
2548 4227 2700 4293 Illud,
2731 4227 3030 4296 Faciamus,
3058 4231 3249 4286 audisti
3272 4249 3285 4296 ;
3312 4232 3436 4287 illud
3458 4248 3609 4300 vero,
3637 4235 3936 4290 Secundum

2327 4319 2598 4391 imaginem
2621 4329 2670 4375 et
2692 4321 3073 4375 similitudinem
3094 4338 3197 4377 non
3222 4324 3437 4378 vidisti?
3463 4324 3576 4380 lloc
3602 4330 3751 4380 enim
3775 4330 3936 4382 verbo

2326 4411 2632 4468 Judmorum
2659 4422 2712 4468 et
2735 4414 3106 4470 haereticorum
3135 4432 3227 4470 ora
3253 4418 3547 4471 obstruam.
3574 4418 3769 4490 Neque
3794 4423 3936 4476 enim

2325 4502 2565 4572 Judaeus,
2607 4521 2781 4576 neque
2809 4523 3020 4562 rursum
3060 4507 3342 4563 hmreticus
3363 4549 3375 4572 ,
3409 4509 3525 4578 ipse
3560 4527 3783 4582 quoque
3813 4530 3935 4568 vere

2324 4595 2574 4662 Julianus;
2611 4598 2716 4651 imo
2745 4598 2896 4668 pejor
2928 4618 2940 4652 :
2975 4599 3045 4652 illi
3080 4614 3310 4669 namque
3338 4615 3537 4669 corpus
3575 4604 3793 4660 \‘isibilc
3816 4622 3936 4659 cru-

2325 4686 2643 4752 citixerunt;
2695 4687 2747 4742 hi
2802 4704 2929 4743 vero
2987 4689 3316 4745 divinitatem
3370 4691 3701 4749 invisibilem
3759 4696 3932 4765 impu-

2322 4791 2489 4850 gnaut
2508 4797 2520 4844 ;
2541 4781 2647 4834 imo
2667 4782 3042 4851 veroipsorum
3059 4784 3304 4839 salutem.
3327 4783 3529 4840 Verum
3557 4796 3612 4841 et
3636 4788 3712 4842 illi
3735 4789 3932 4859 ltllpxls-

2322 4876 2498 4929 sibilia
2540 4875 2753 4944 aggredi
2794 4875 3144 4931 demonsmiti
3176 4887 3318 4932 sunt.
3343 4877 3690 4949 Quapropter
3739 4884 3928 4951 partim

2323 4981 2510 5037 poenas
2552 4966 2708 5036 hujus
2747 4966 2998 5023 facinoris
3039 4970 3091 5023 in
3132 4972 3380 5038 praesenti
3422 4970 3718 5038 dederunt,
3763 4989 3931 5044 genus

2322 5075 2479 5113 suum
2509 5059 2753 5113 videntes
2787 5074 2882 5128 per
2912 5070 3078 5114 totum
3111 5061 3296 5115 orbem
3338 5062 3644 5133 dispersum
3704 5068 3928 5122 Demum

2322 5161 2500 5204 autem
2545 5151 2645 5204 illis
2686 5160 2922 5205 extrema
2956 5154 3083 5204 ultio
3119 5163 3201 5206 est
3231 5153 3551 5223 iulligenda,
3581 5159 3804 5227 quando
3833 5175 3927 5213 ex-

2325 5254 2555 5299 tremum
2605 5245 2841 5299 omnium
2886 5245 3144 5314 judicium
3192 5247 3526 5303 reddendum
3579 5253 3704 5304 erit.
3751 5253 3926 5318 Atque

2319 5338 2386 5391 ab
2433 5338 2560 5406 ipsis
2588 5352 2683 5390 suo
2728 5347 2970 5405 tempore
3017 5339 3320 5406 promerita:
3366 5349 3681 5409 repetentur
3724 5358 3921 5411 pagum.

2316 5431 2452 5499 Quid
2482 5445 2656 5484 causae
2685 5429 2843 5497 igitur
2868 5440 2969 5491 est,
2999 5445 3092 5483 cur
3117 5429 3214 5484 hos
3235 5445 3426 5486 omnes
3449 5448 3734 5489 sermones
3769 5437 3922 5490 vobis

2316 5526 2724 5595 proposuerim?
2765 5525 2898 5579 Volo
2946 5525 3089 5580 enim
3141 5541 3352 5580 rursum
3403 5528 3596 5583 seriem
3644 5542 3919 5600 repetere.

2313 5617 2429 5672 Non
2455 5619 2611 5672 audet
2635 5617 2943 5683 hmreticus,
2968 5635 3068 5674 nec
3099 5618 3258 5673 audet
3277 5618 3492 5674 Iudaeus
3520 5619 3726 5687 dicere,
3759 5639 3915 5676 unam

2313 5726 2432 5767 esse
2467 5711 2558 5767 Dei
2600 5722 2652 5765 ct
2681 5713 2989 5780 angelorum
3038 5712 3344 5782 imaginem.
3393 5711 3532 5768 Num
3569 5716 3772 5786 angeli,
3821 5717 3915 5785 qui

2317 5803 2441 5859 facti
2464 5811 2607 5873 sunt,
2632 5803 2904 5874 adjutores
2928 5804 3021 5861 Dei
3042 5803 3275 5861 fuerint?
3291 5803 3519 5863 Miuistri
3535 5807 3710 5864 solum
3737 5818 3910 5872 erant,
