4158 6320
223 495 422 571 στευθῇ
478 493 507 547 ό
555 486 1016 563 μαρτυρούμενος.
1070 486 1375 571 Προέλαϐεν
1419 488 1447 539 ὁ
1477 486 1677 571 Νόμος,
1720 484 1807 571 ῖνα

218 567 436 652 κηρύξῄ
462 576 552 629 τὸν
578 572 913 643 Νομοθέτην.
945 569 1252 642 Προέλαϐον
1280 572 1574 640 προφῆται,
1601 568 1687 621 ἵνα
1722 567 1814 638 ἐρ·-

224 658 540 737 μηνεύσωσι
566 657 657 711 τὸν
682 654 1179 726 προφητευόμενον.

292 731 402 800 Καὶ
448 744 550 815 ὅρα
590 739 684 793 τοῦ
737 738 871 792 Θεοῦ
922 738 1020 809 τὴν
1060 737 1272 805 σοφίαν.
1304 737 1414 799 Τάς
1449 734 1674 806 Γραφάς
1704 731 1811 785 τῶν

220 826 520 900 προφητῶν
562 826 622 877 οὑ
665 820 1042 892 συνεχώρησεν
1087 821 1145 871 ἐν
1191 821 1256 890 τῇ
1309 819 1606 889 Ἐκκλησία
1653 818 1811 887 μόνον

220 909 386 973 εἶναι,
413 909 549 964 ἀλλά
610 907 704 959 καὶ
744 906 882 975 πρὸς
942 903 1228 965 Ἰουδαίους
1268 918 1282 932 ·
1326 903 1415 955 ἵνα
1448 902 1808 971 ἐλέγχωνται,

220 997 407 1050 εῖασεν
431 991 599 1054 αὑτάς
633 989 725 1042 καὶ
764 984 913 1058 παρὰ
959 985 1233 1048 Ἰουδαίοις
1266 987 1377 1049 τοῖς
1405 984 1663 1049 ἀναξίοις,
1700 987 1812 1048 τοῖς

223 1078 535 1150 θεομάχοις,
563 1075 675 1137 τοῖς
705 1072 917 1144 ἐχθροῖς
948 1068 1043 1122 τοῦ
1075 1067 1334 1140 Χριστοῦ.
1366 1068 1515 1121 Διατί
1545 1063 1637 1121 οὖν
1657 1067 1811 1121 τοῦτο

221 1162 517 1229 πεποίηκε,
555 1157 649 1211 καὶ
678 1158 753 1225 μὴ
774 1152 964 1206 ἐλαϐεν
1001 1151 1168 1215 αὑτὰς
1197 1150 1325 1224 παρ’
1353 1150 1566 1217 αὑτῶν;
1598 1150 1812 1221 Φανερὰ

220 1246 255 1317 ὴ
292 1244 447 1299 αἰτία
474 1284 488 1309 ,
517 1242 611 1297 καὶ
660 1241 722 1293 οὑ
771 1236 972 1306 πολλῆς
1015 1234 1360 1305 κατασκευῆς
1407 1233 1657 1317 δεομένη.
1693 1235 1810 1287 ’Ὶνα

219 1314 532 1384 ἀνύποπτον
559 1319 593 1396 ἦ
630 1323 689 1376 τὸ
718 1321 850 1390 ἐμὸν
906 1322 1188 1390 κήρυγμα.
1221 1318 1285 1371 Εἰ
1332 1319 1491 1388 μόνος
1517 1314 1660 1387 εἶχον
1686 1318 1812 1380 τοὺς

222 1413 528 1485 προφήτας,
552 1409 675 1478 ἐνῆν
717 1405 993 1459 ἀντειπεῖν
1016 1403 1094 1473 τῷ
1125 1402 1461 1485 ἀπιστοῦντι.
1505 1401 1811 1471 Ἑτόλμησα

222 1484 399 1550 εἰπεῖν
431 1492 569 1562 ἐγὼ,
602 1492 681 1545 ὅτι
711 1485 830 1543 εἷπε
882 1489 1145 1556 Μωὺσῆς,
1191 1488 1225 1558 ἢ
1277 1484 1429 1541 εἶπεν
1481 1487 1708 1549 Ἡσαΐας
1729 1526 1742 1550 ,
1776 1485 1809 1557 ἢ

220 1576 341 1633 εἷπε
376 1577 439 1631 τὸ
477 1575 662 1629 λοιπὸν
708 1573 818 1627 τῶν
856 1570 1151 1642 προφητῶν
1196 1570 1405 1641 τάγμα,
1438 1570 1563 1640 περί
1587 1586 1646 1622 τε
1677 1570 1812 1640 Χρι-

222 1660 371 1725 στοῦ,
411 1662 502 1713 καὶ
523 1658 629 1712 τῶν
660 1656 802 1710 κατὰ.
830 1658 920 1709 τὸν
955 1653 1145 1725 καιρὸν
1180 1654 1279 1719 τῆς
1308 1653 1608 1720 παρουσίας
1644 1650 1807 1706 αὑτοῦ

220 1743 600 1815 γενησομένων
640 1758 655 1809 ;
711 1739 870 1809 Ἐνῆν
922 1737 1198 1790 ἀντειπεῖν
1244 1736 1320 1807 τῷ
1367 1736 1677 1806 βουλομένῳ
1717 1734 1810 1788 καὶ

220 1829 452 1898 φάσκειν
479 1844 491 1855 ·
528 1825 697 1880 Πόθεν
728 1821 905 1885 τοῦτο,
932 1822 1017 1875 ὃτι
1052 1821 1293 1890 Μωῦσῆς
1325 1821 1541 1887 ἐγένετό
1574 1838 1656 1882 τις
1678 1836 1811 1890 προ-

220 1914 417 1983 φήτης,
452 1911 542 1963 καὶ
590 1905 709 1961 εἷπε
768 1904 1019 1975 ταῦτα,ἢ
1074 1903 1357 1976 ἐκήρυξεν,
1400 1903 1475 1966 ὡς
1510 1902 1810 1973 ἠθελήσατε

220 1997 377 2068 ὑμεῖς
400 1992 776 2066 οἱΧριστιανοὶ
800 1990 931 2060 πρὸς
950 1988 1209 2041 σύστασιν
1235 1988 1343 2040 τῶν
1367 1989 1583 2040 οίκείων
1605 1987 1811 2057 δογμά-

221 2098 327 2133 των
350 2080 446 2131 καὶ
474 2078 758 2149 προφήτας
779 2073 1002 2135 πλάσαι,
1037 2071 1189 2143 [472]
1221 2072 1315 2126 καὶ
1350 2071 1588 2141 ὀνόματα
1614 2068 1812 2140 μυθεῦ-

224 2182 348 2230 σαι;
381 2166 545 2233 ήμεῖς
587 2163 651 2213 ἐκ
709 2158 900 2212 τούτου
956 2158 1241 2229 πρόκριμα
1278 2156 1565 2227 ὀφείλομεν
1601 2155 1807 2225 ὑπομέ-

222 2266 363 2315 νειν;
396 2247 513 2301 Νῦν
556 2246 612 2300 δὲ
661 2245 812 2299 πᾶσα
852 2241 929 2312 τῷ
975 2241 1274 2309 ἀντιλέγειν
1334 2241 1640 2312 βουλομένῳ
1664 2281 1678 2303 ,
1706 2240 1810 2294 κᾶν

226 2332 443 2402 μακρὰν
472 2330 646 2399 ἔχοντι
705 2325 1089 2393 δικαιολογίαν,
1128 2324 1458 2396 περιῄρηται
1515 2325 1809 2394 πρόφασις,

222 2417 304 2470 διὰ
342 2414 402 2467 τὸ
436 2413 637 2475 ταύτας
662 2411 761 2474 τάς
797 2409 1100 2483 μαρτυρίας
1132 2410 1261 2477 παρ’
1297 2409 1481 2473 αὑτοῖς
1497 2409 1809 2479 τυγχάνειν,

223 2498 285 2561 ἃς
306 2499 469 2567 ἡμεῖς
501 2495 636 2567 πρὸς
667 2493 927 2547 σύστασιν
956 2492 1062 2545 τῶν
1090 2492 1306 2545 οἰκείων
1338 2491 1579 2563 φέρομεν
1607 2490 1810 2560 δογμά-

222 2598 348 2635 των.
381 2579 555 2633 Πόθεν
578 2580 684 2649 γὰρ
717 2576 791 2648 μή
826 2576 1050 2630 δυνατὸν
1076 2575 1292 2643 ἐλέγξαι
1337 2576 1437 2646 τὴν
1464 2576 1667 2630 τούτων
1709 2578 1810 2648 ρᾳ-

223 2662 529 2734 διουργίαν;
556 2662 673 2715 Ἵνα
702 2660 879 2713 τοίνυν
905 2661 976 2731 μὴ
995 2660 1171 2713 ταῦτα
1200 2657 1810 2729 λέγηται,συνεχώρησε

228 2749 351 2817 παρ’
386 2744 618 2808 ἐκείνοις
661 2744 729 2796 τά
759 2742 868 2796 τῶν
902 2742 1133 2813 Γραφῶν
1166 2744 1457 2813 τυγχάνειν
1491 2743 1690 2813 βιϐλία,
1724 2744 1811 2796 ῖνα

226 2830 325 2885 κᾶν
344 2828 455 2898 ἐγὼ
490 2826 778 2897 ἀπιστηθῶ
806 2826 879 2890 ὼς
910 2826 1047 2897 πρὸς
1066 2826 1226 2899 χάριν
1245 2828 1585 2881 τῶνοίκείων
1609 2827 1813 2898 δογμά-

226 2932 329 2969 των
357 2913 727 2983 πλαττόμενος
764 2910 851 2964 διά
875 2912 972 2982 τὴν
1003 2912 1332 2982 οἰκειότητα,
1361 2914 1558 2966 ἐκεῖνοι
1587 2929 1813 2966 πιστευ·

226 2997 357 3052 eam
386 2990 476 3051 διά
502 2996 601 3067 τὴν
634 2994 1041 3066 ἀλλοτριότητα.
1074 2995 1199 3049 Ἐἀν
1220 2997 1504 3069 ἐρωτήσῃς
1539 2996 1809 3061 Ἰουδαῖον,

227 3083 285 3135 οὑ
329 3082 472 3150 λέγω
504 3079 594 3133 τὸν
644 3080 863 3150 χυδαῖον
916 3080 1012 3133 καὶ
1044 3079 1267 3150 δημώδη
1317 3080 1507 3150 ὄχλον,
1535 3080 1673 3134 ἀλλά
1722 3079 1813 3133 τὸν

228 3165 374 3228 ἐντὸς
396 3166 554 3233 λόγου
588 3165 680 3217 καὶ
708 3162 898 3231 νόμου,
935 3162 1091 3215 Ἔστι
1128 3164 1390 3233 Χριστός;
1425 3166 1518 3218 καί
1550 3165 1609 3219 οὑ
1664 3164 1812 3234 λέγει

228 3248 305 3302 δτι
343 3249 455 3300 Οὑκ
482 3247 627 3300 ἔστιν
648 3286 660 3310 ,
688 3245 802 3299 ἀλλ’
827 3247 910 3299 ὅτι
966 3245 1123 3299 Ἐστι
1164 3247 1292 3317 μὲν,
1323 3248 1421 3318 οὑχ
1456 3242 1608 3312 οὗτος
1651 3248 1708 3301 δὲ
1754 3248 1814 3302 ὃν

229 3329 379 3402 ὑμεῖς
421 3331 627 3399 λέγετε,
653 3329 767 3385 ἀλλ’
794 3329 949 3393 ἄλλος
969 3348 982 3361 ·
1012 3333 1149 3395 τέως
1191 3330 1252 3384 τὸ
1291 3334 1525 3403 πρᾶγμα
1557 3332 1655 3385 οὑκ
1690 3331 1814 3386 ἀνέ-

229 3413 408 3483 τρεψε,
435 3415 563 3485 περὶ
584 3413 640 3467 δέ
669 3413 731 3467 τὸ
754 3413 1041 3486 πρόσωπον
1073 3414 1544 3469 ἐδίστασεν.”Αλλο
1577 3415 1634 3469 δέ
1667 3417 1814 3470 ἐστιν

229 3496 565 3569 ἀρνήσασθαι
600 3500 855 3570 πρᾶγμα,
878 3498 1006 3552 ἀλλο
1037 3499 1093 3552 δέ
1124 3499 1436 3570 πρόσωπον.
1456 3494 1581 3555 Οἷον
1607 3501 1702 3555 ἐάν
1729 3518 1813 3567 τις

231 3581 395 3655 ἐνάγῃ
427 3600 518 3651 μοι
561 3583 688 3653 περὶ
715 3582 928 3653 χρέους,
957 3583 1085 3636 ἀλλο
1118 3584 1266 3637 ἐστὶν
1306 3585 1499 3651 εἰπεῖν,
1533 3586 1605 3638 Οὑ
1643 3603 1815 3657 χρεω·

234 3665 358 3728 στῶ,
383 3668 476 3718 καὶ
499 3666 626 3721 ἄλλο
657 3664 724 3738 ἦν
759 3668 953 3731 εἰπεῖν,
987 3670 1059 3720 υὺ
1087 3668 1168 3720 σοὶ
1195 3670 1481 3739 χρεωστῶ,
1500 3669 1613 3722 ἀλλ’
1644 3671 1807 3741 ἄλλῳ.

233 3752 376 3816 Τέως
402 3752 462 3806 τὸ
500 3753 661 3825 χρέος
714 3753 1080 3824 ὡμολόγηται.
1110 3752 1235 3809 ’Ότι
1281 3755 1378 3825 μὲν
1412 3752 1504 3811 οὖν
1531 3758 1645 3810 ἔστι
1674 3759 1812 3828 Χρι-

236 3840 351 3903 στὸς
375 3880 389 3905 ,
422 3840 797 3911 ὁμολογοῦσιν,
831 3841 1231 3912 ἀμφιϐάλλουσι
1281 3843 1337 3897 δέ
1370 3844 1417 3897 εἰ
1468 3840 1620 3909 οὗτός
1664 3847 1812 3899 ἐστιν

233 3928 259 3979 ὁ
280 3928 403 3998 παρ’
435 3927 594 3999 ήμῶν
624 3929 1047 3999 κηρυττόμενος,
1068 3929 1271 3982 καὶτὸν
1308 3932 1383 4004 μὴ
1416 3932 1543 3987 ὄντα
1574 3933 1813 4006 ἐκδέχον-

233 4030 338 4078 ται,
368 4015 551 4086 ὲπειδὴ
590 4016 679 4068 τὸν
713 4015 839 4068 ὄντα
868 4018 1195 4087 ἠρνήσαντο.
1240 4018 1351 4072 Καὶ
1379 4022 1612 4092 πρόσεχε
1647 4024 1811 4077 αὑτὸν

233 4096 317 4149 τὸν
346 4098 641 4169 νομοθέτην
666 4098 908 4152 Μωῢσέα
936 4101 1070 4169 αὐτῇ
1107 4103 1173 4171 τῇ
1201 4102 1295 4153 τοῦ
1327 4103 1616 4175 ἀνθρώπου
1644 4122 1810 4159 καταο

237 4182 395 4250 σκευῇ
437 4181 797 4248 εἰσαγαγόντα
832 4181 921 4234 τὸν
972 4182 1099 4235 Υἰὸν
1130 4186 1222 4237 καὶ
1248 4186 1345 4253 τὴν
1390 4188 1592 4254 γνῶσιν
1621 4188 1805 4244 αὑτοῦ.

236 4256 383 4343 Εἶπε,
401 4341 411 4343 ξ
428 4262 747 4329 Γενηθήτω
792 4265 1095 4335 στερέωμα
1114 4282 1126 4295 ·
1166 4263 1310 4335 εἶπε,
1331 4272 1745 4338 Βλαστησάτω
1770 4276 1808 4343 ή

236 4342 341 4413 τῆ·
372 4341 516 4409 εἷπε,
566 4348 933 4418 Ἐξαγαγέτω
988 4350 1061 4404 τὰ
1106 4351 1315 4407 ὕδατα.
1358 4354 1483 4408 ’Ὀτε
1534 4352 1695 4426 ἦλθεν
1732 4341 1810 4421 είς

235 4427 321 4479 τὸν
357 4430 671 4498 ἄνθρωπον,
700 4433 845 4501 λέγει
877 4449 891 4463 ·
924 4434 1036 4487 Καὶ
1076 4432 1245 4489 εἶπεν
1279 4439 1311 4490 ό
1347 4438 1510 4505 Θεὸς,
1543 4441 1812 4506 Ποιήσω-

232 4527 339 4578 μεν
377 4512 709 4577 ἄνθρωπον.
756 4517 971 4587 Ἐρωτῶ
1009 4519 1257 4573 Ἰουδαῖον
1292 4536 1306 4551 ·
1341 4522 1404 4575 Εἰ
1459 4524 1617 4594 μόνος
1669 4526 1807 4591 ἐστὶ,

239 4595 324 4676 καὶ
349 4597 445 4648 οὑκ
471 4596 585 4649 ἔστι
628 4598 743 4669 μετ’
776 4601 940 4653 αὑτοῦ
984 4602 1111 4667 Υἱὸς
1141 4605 1200 4656 ὃν
1228 4605 1569 4676 κηρύττομεν
1590 4648 1603 4672 ,
1639 4610 1687 4660 εί
1712 4611 1809 4661 οὑκ

238 4674 343 4744 ἐστι
367 4678 589 4749 Πνεῦμα
613 4681 767 4749 ἆγιον
797 4682 825 4735 ὃ
854 4674 1293 4755 προσκυνοῦμεν,
1307 4674 1424 4741 τίνι
1456 4674 1595 4754 εἷπε,
1634 4693 1810 4761 Ποιή-

239 4775 428 4845 σωμεν
458 4763 806 4832 ἄνθρωπον;
845 4767 949 4822 Τὸν
982 4769 1209 4841 οὐρανὸν
1253 4776 1397 4826 ποιεῖ
1428 4776 1808 4845 προστάγματι

242 4842 395 4914 μόνῳ,
420 4847 521 4917 τὴν
560 4847 664 4918 γῆν
693 4850 894 4920 ὁμοίως
916 4853 1009 4905 καὶ
1043 4854 1110 4907 τά
1134 4854 1297 4908 λοιπά
1326 4873 1338 4885 ·
1362 4857 1449 4909 ὅτε
1475 4842 1578 4911 τὸν
1604 4842 1808 4929 ἀνθρω-

239 4942 330 4978 πον
352 4928 693 5001 δημιουργεῖ,
716 4933 813 5004 τὴν
840 4933 1167 5001 θεοίνωσίαν
1209 4939 1391 4993 λοιπὸν
1426 4939 1519 4994 τοῦ
1555 4942 1683 4994 Υίοῦ
1708 4928 1714 4929 ί
1735 4943 1809 5005 ώς

237 5009 317 5065 διὰ
347 5012 575 5083 θυρίδων
609 5017 927 5087 παρακύψαι
969 5020 1315 5091 βουλόμενος,
1342 5024 1510 5094 λέγει,
1545 5025 1809 5091 Ποιήσω-

237 5095 679 5163 μενᾶνθρωπον,
714 5099 800 5153 ἵνα
846 5101 994 5176 δείξῃ
1026 5106 1121 5158 καὶ
1151 5106 1260 5159 τῶν
1319 5108 1549 5179 πρώτων
1596 5110 1745 5178 αὑτῷ
1781 5123 1805 5151 α

242 5180 507 5267 συνεργόν.
540 5182 767 5267 Λέγουσι
791 5188 967 5243 τοίνυν
992 5191 1040 5242 οἱ
1079 5191 1316 5246 Ἰουδαῖοι
1345 5197 1706 5266 στενούμενοι,
1735 5198 1807 5267 μὴ

240 5258 512 5349 δυνάμενοι
543 5266 604 5319 τὸ
653 5272 925 5339 προφανὲς
966 5275 1310 5343 μετατιθέναι
1351 5279 1450 5349 τῆς
1488 5258 1805 5346 λέξεως,

240 5346 342 5435 τοῖς
371 5348 621 5435 ἀγγέλοις
655 5349 808 5408 εἶπεν
843 5371 857 5386 ο
883 5358 1071 5430 ἐπειδὴ
1116 5362 1369 5433 φανερῶς
1410 5346 1701 5435 ⁷ἀρνεῖσθαι
1747 5368 1806 5419 οὑ

241 5421 480 5523 δύνανται
499 5516 510 5523 ᾳ
529 5433 631 5523 τῆς
672 5436 867 5503 λέξεως
910 5441 1010 5509 τὴν
1044 5421 1234 5511 φύσιν,
1261 5421 1440 5519 ’ἑτέ-ρῳ
1461 5421 1661 5519 ’τρόπῳ
1692 5467 1807 5514 πως

241 5516 429 5600 ’ἕιύτην
458 5516 557 5588 τήν
587 5518 813 5591 ἄρνησιν
838 5526 1237 5594 ἐπεισάγουσιν.
1275 5516 1394 5584 Τίνι
1412 5516 1421 5519 ’
1439 5516 1616 5587 τοίνυν
1634 5516 1768 5587 ἐἰπε
1790 5574 1805 5600 ,

245 5592 614 5670 Ποιήσωμεν;
657 5605 951 5674 Ἀγγέλοις,
1002 5592 1185 5682 φησίν,
1239 5616 1476 5687 Ἐρωτῶ,
1506 5617 1646 5685 τίνες
1688 5592 1808 5691 μείλ

304 5785 327 5813 ⁸
350 5784 454 5839 Sav.
489 5790 650 5840 αὑτὸν.
671 5792 926 5846 Combens.
952 5796 1115 5849 αὑτοῦ.

1319 374 1408 430 DE
1442 373 1659 431 MUNDI
1697 367 2095 427 CREATIONE
2134 369 2392 429 ORATIO
2430 372 2519 428 IV.

3378 383 3491 439 464

1919 480 2064 546 ζους,
2097 482 2145 535 οἰ
2171 481 2417 551 ἄγγελοι,
2455 484 2487 555 ἢ
2520 483 2571 535 οί
2597 482 2902 553 ἀνθρωποι;
2937 482 3163 548 Πάντως
3190 485 3237 538 οἰ
3268 486 3509 556 ἄγγελοι.

1922 564 2087 619 Ὅταν
2128 567 2236 636 γάρ
2280 568 2422 621 πάνυ
2456 568 2753 637 φθάσωμεν
2788 568 2869 630 είς
2899 568 3099 638 ἀρετῆς
3136 569 3366 640 μέτρον,
3392 574 3512 627 τότε

1920 649 2164 712 ἐκείνους
2215 650 2312 720 οὑχ
2366 650 2798 721 ὑπερϐαίνομεν,
2832 651 2946 702 ἀλλ’
2974 652 3203 715 ἐκείνοις
3230 654 3511 723 ἰσούμεθα.

1918 730 2030 783 Νῦν
2057 729 2111 785 δὲ
2156 733 2288 787 πολὺ
2341 734 2439 804 τὴν
2479 734 2701 786 ἐκείνων
2733 733 3157 804 ὑποϐεϐήκαμεν
3201 734 3382 801 φύσιν,
3420 740 3514 791 καὶ

1918 813 2173 878 ἐλάττους
2219 815 2320 886 τῆς
2368 816 2661 887 ἀσωμάτου
2716 816 2825 871 τῶν
2878 816 3128 885 ἀγγέλων
3172 817 3514 892 τυγχάνομεν

1918 899 2328 963 καταστάσεως.

1991 980 2065 1046 ς’.
2102 983 2305 1035 ’Λκουε
2334 982 2462 1054 περὶ
2509 982 2701 1037 τούτου
2755 982 2925 1037 Δαυῖδ
2968 983 3410 1057 μαρτυροῦντος·
3456 986 3517 1040 Τί

1916 1062 2090 1118 ἐστιν
2129 1064 2460 1132 ἅνθρωπος,
2493 1066 2581 1119 ὅτι
2597 1064 2916 1135 μιμνήσκῃ
2944 1066 3151 1131 αὐτοῦ,
3177 1069 3214 1136 ἢ
3250 1069 3380 1133 υἱὸς
3410 1069 3517 1122 ἀν-

1918 1147 2153 1216 θρώπου
2175 1187 2189 1212 ,
2224 1147 2313 1201 ὅτι
2350 1148 2685 1218 ἐπισκέπτῃ
2733 1150 2958 1214 αὑτόν;
3014 1149 3389 1217 Ἠλάττωσας
3408 1153 3517 1205 aii--

1917 1230 2024 1283 τὸν
2065 1230 2268 1298 βραχύ
2302 1247 2356 1284 τι
2415 1232 2551 1299 παρ’
2589 1231 2904 1301 ἀγγέλους.
2938 1231 3088 1295 Τέως
3140 1234 3514 1304 ὴλαττωμένοι

1918 1314 2083 1382 ἐσμὲν
2119 1315 2251 1384 παρ’
2304 1314 2568 1383 ἀγγέλους
2596 1330 2610 1344 ·
2642 1317 2806 1385 ἡμεῖς
2862 1314 3140 1379 ἐλάττους,
3182 1318 3232 1370 οί
3292 1317 3513 1386 ἄγγελοι

1923 1394 2166 1465 μείζους.
2191 1396 2255 1451 Εἰ
2285 1398 2374 1450 τὸν
2398 1397 2682 1468 ἄνθρωπον
2707 1398 2798 1451 τὸν
2828 1399 3087 1452 ἐλάττονα
3114 1398 3305 1464 ποιῶν,
3324 1402 3515 1471 χρείαν

1918 1479 2046 1550 ἔσχε
2080 1478 2397 1549 συμϐούλων
2425 1480 2533 1534 τῶν
2569 1480 2818 1548 ἀγγέλων
2844 1482 2876 1552 ἢ
2912 1484 3211 1551 συνεργῶν,
3233 1487 3261 1528 b
3280 1484 3369 1536 ὅτε
3389 1486 3515 1547 τοὺς

1921 1561 2137 1631 μείζους
2175 1561 2370 1629 ἐποίει,
2401 1562 2499 1632 οὑχ
2534 1563 2629 1616 ἕνα
2669 1562 2923 1631 ἄγγελον,
2950 1563 3067 1616 ἀλλ’
3114 1564 3249 1634 ὁμοῦ
3281 1566 3380 1628 τὰς
3421 1584 3515 1636 μυ-

1920 1644 2111 1714 ριάδας
2152 1644 2367 1709 ἐκείνας
2402 1645 2500 1710 τάς
2524 1647 2927 1718 ἀναριθμήτους
2954 1662 2968 1680 ο
3004 1645 3151 1719 [475]
3189 1647 3378 1717 ὥσπερ
3404 1650 3512 1719 γὰρ

1916 1728 2043 1790 τοὺς
2063 1727 2355 1798 φωστῆρας
2378 1729 2512 1799 ὁμοῦ
2545 1729 2751 1793 πάντας
2776 1730 3050 1799 ἐποίησεν,
3077 1728 3220 1783 οὑτω
3246 1731 3511 1799 ἀγγέλους

1918 1811 2011 1863 καὶ
2033 1811 2408 1881 ἀρχαγγέλους
2439 1812 2573 1882 ὁμοῦ
2596 1828 2608 1844 ’
2643 1814 2737 1866 καὶ
2766 1812 3010 1866 τοσοῦτοί
3038 1815 3142 1865 εἰσι
3171 1814 3253 1867 ὅτι
3279 1813 3378 1885 τὴν
3404 1815 3512 1867 τῶν

1917 1891 2170 1964 ἀριθμῶν
2194 1893 2606 1966 ὑπερϐεϐήκασι
2628 1895 2808 1965 φύσιν,
2840 1898 2931 1949 καὶ
2976 1896 3073 1966 βοᾷ
3110 1896 3345 1967 Δανιήλ·
3384 1899 3510 1953 Μύ-

1909 1992 2034 2044 ριαι
2066 1975 2353 2045 μυριάδες
2401 1976 2821 2049 ἐλειτούργουν
2858 1978 3038 2043 αὐτῷ.
3073 1980 3170 2031 καί
3212 1981 3399 2050 χίλιαι
3426 1998 3513 2048 χι·-

1915 2057 2123 2125 λιάδες
2174 2060 2684 2129 παρειστήκεισαν
2734 2062 2913 2127 αὐτῷ.
2973 2063 3189 2133 Μυρίας
3247 2064 3514 2134 μυριάδας

1918 2142 2174 2211 ἐποίησεν
2201 2142 2469 2211 ἀγγέλων,
2504 2145 2597 2197 καὶ
2636 2144 2813 2213 χιλίας
2854 2144 3096 2214 χιλιάδας
3132 2145 3510 2215 ἀρχαγγέλων,

1919 2226 2012 2281 καὶ
2045 2226 2106 2279 οὐ
2142 2227 2299 2297 χρεία
2332 2227 2638 2297 συμϐούλου
2670 2228 2703 2299 ἢ
2737 2228 3024 2299 συνεργοῦ,
3067 2230 3161 2283 καὶ
3201 2230 3295 2283 Eva
3340 2229 3513 2283 ποιῶν

1918 2311 2142 2381 πήλινον
2194 2311 2480 2381 ἄνθρωπον
2524 2312 2687 2383 βουλῇ
2728 2314 3025 2384 κέχρηται.
3058 2313 3216 2382 λόγον
3260 2315 3511 2382 εἰσάγει,

1920 2393 2234 2465 συμϐουλὴν
2267 2394 2537 2466 λαμϐάνει
2568 2412 2587 2462 ;
2626 2396 2688 2449 Τί
2736 2396 2909 2449 ἐστιν
2941 2397 3251 2465 ἅνθρωπος
3278 2414 3298 2462 ;
3328 2399 3389 2451 οὑ
3439 2400 3509 2467 γῆ

1919 2476 2014 2530 καὶ
2043 2475 2151 2530 ἀπὸ
2197 2476 2336 2546 γῆςς
2373 2478 2432 2530 ού
2485 2477 2634 2541 κόνις
2685 2477 2843 2548 μόνον
2893 2480 2989 2533 καὶ
3019 2480 3232 2549 τέφρα;
3270 2481 3380 2533 Καὶ
3414 2482 3514 2551 βοᾷ

1932 2558 2184 2631 Ἀϐραάμ
2225 2561 2327 2631 τὴν
2378 2560 2570 2614 ἐαυτοῦ
2602 2560 2884 2633 κηρύττων
2914 2562 3189 2615 εὐτέλειαν
3209 2579 3221 2591 ·
3272 2562 3413 2631 Ἐγὼ
3445 2562 3511 2616 δέ

1918 2643 2032 2711 εἰμι
2063 2642 2138 2712 γῆ
2169 2641 2265 2696 καί
2294 2643 2547 2711 σποδός.
2588 2644 2653 2699 Τί
2683 2645 2821 2697 είσιν
2861 2646 3080 2713 ἄγγελοι
3114 2645 3207 2711 ;οὑ
3255 2644 3509 2715 πνεῦμα;

1919 2725 1979 2779 οὑ
2034 2725 2188 2796 πῦρ;
2225 2725 2333 2779 Καὶ
2381 2726 2546 2780 ἄκουε
2590 2726 2683 2780 τοῦ
2730 2726 2895 2780 Δαυῖδ
2935 2727 3196 2798 βοῶντοςο
3242 2728 3303 2781 '0
3324 2728 3513 2782 ποιῶν

1919 2810 2061 2876 τοὺς
2110 2810 2406 2881 ἀγγέλους
2452 2810 2639 2866 αὐτοῦ
2686 2813 3014 2880 πνεύματα,
3045 2813 3144 2864 καί
3196 2812 3338 2879 τοὺς
3392 2816 3509 2866 .18:-

1918 2894 2208 2963 τουρτοὺς
2230 2893 2415 2948 αὑτοῦ
2446 2893 2566 2961 πῦρ
2593 2893 2843 2963 φλέγον.
2876 2895 2987 2965 Τήν
3017 2894 3110 2947 τοῦ
3145 2897 3317 2964 πυρὸς
3347 2896 3512 2964 φύσιν

1920 2974 2306 3049 ἐργαζόμενος,
2340 2975 2412 3029 τά
2458 2976 2619 3047 νοερέι
2662 2979 2753 3030 καὶ
2788 2976 3054 3047 ἀσώματα
3095 2978 3403 3047 πνεύματα,
3446 2980 3509 3030 ού

1920 3059 2111 3130 χρείαν
2142 3057 2268 3128 ἔσχε
2293 3058 2620 3128 συμϐούλου,
2639 3060 2699 3112 οὑ
2724 3058 3008 3131 συνεργοῦ,
3028 3060 3125 3129 οὑχ
3152 3061 3239 3113 ἐτέ
3250 3078 3343 3131 ρου
3369 3062 3512 3124 τινὸς

1921 3143 2065 3215 πρὸς
2117 3144 2436 3215 συμμαχίαν
2465 3143 2572 3197 τῶν
2616 3144 2922 3213 γενομένων
2955 3160 2967 3174 ’
3006 3144 3100 3198 καί
3140 3144 3231 3197 τὸν
3274 3146 3380 3197 ἀπὸ
3408 3149 3511 3217 γῆς

1921 3233 2116 3299 ποιῶν,
2143 3234 2233 3288 τὸν
2260 3235 2497 3307 οἰκτρὸν,
2527 3236 2618 3289 τὸν
2655 3235 2870 3304 εὐτελῆ,
2911 3235 3001 3288 τὸν
3051 3237 3246 3307 μικρὸν
3282 3235 3510 3309 ὕστερον

1920 3319 2022 3371 οὑκ
2054 3318 2330 3389 ἐσόμενον,
2378 3319 2469 3372 τὸν
2519 3319 2673 3389 τάφῳ
2726 3320 3095 3389 διαλυόμενον,
3149 3321 3240 3373 τὸν
3290 3324 3505 3392 καιροῖς

1920 3399 2328 3472 δαπανώμενον,
2361 3401 2555 3472 βουλὴν
2586 3401 2816 3472 είσάγει,
2852 3403 3042 3472 σκέψιν
3069 3407 3340 3468 ποιεῖται;
3376 3406 3505 3467 Ναὶ,

1922 3485 2118 3554 φησὶν,
2163 3484 2439 3555 ἐνδέχεται
2481 3486 2759 3555 Δεσπότην
2810 3486 2898 3539 διά
2942 3484 3144 3555 πολλὴν
3198 3487 3509 3558 ἀγαθότητα

1921 3569 2092 3621 εἰπεῖν
2120 3566 2326 3631 δούλοις
2359 3569 2700 3639 παρεστῶσι·
2729 3570 2793 3623 Τί
2824 3570 2903 3624 δεῖ
2936 3569 3219 3639 γενέσθαι;
3249 3570 3302 3623 τί
3340 3572 3508 3624 ποιῶ-

1925 3666 2058 3722 μεν;
2101 3648 2375 3720 Συγχωρῶ
2421 3654 2515 3705 καὶ
2557 3650 2735 3716 τοῦτο,
2782 3653 2874 3706 καὶ
2932 3654 3068 3723 μετά
3118 3654 3209 3706 τὸν
3254 3655 3512 3708 τοσοῦτον

1919 3733 2140 3801 ἀγῶνα,
2172 3733 2361 3802 δίδωμι
2406 3734 2486 3797 τὸ,
2537 3735 2911 3804 Ποιήσωμεν,
2958 3736 3092 3807 πρὸς
3124 3738 3391 3804 ἀγγέλους
3431 3740 3508 3789 ei—

1924 3817 2136 3887 ρῆσθαι.
2166 3816 2259 3881 Τὸ,
2286 3815 2655 3883 Ποιήσωμεν,
2699 3820 2964 3888 ἤκουσας’
3014 3819 3095 3881 τὸ,
3142 3820 3282 3873 Κατ’
3304 3823 3509 3874 εἰκόνα

1918 3898 2016 3952 καὶ
2045 3900 2345 3968 ὁμοίωσιν,
2375 3900 2473 3952 οὑκ
2500 3896 2665 3965 εἶδες;
2702 3900 2886 3971 Τούτῳ
2910 3902 3017 3971 γὰρ
3038 3900 3232 3970 ὀφείλω
3259 3904 3338 3973 τῷ
3364 3904 3508 3975 λόγῳ

1920 3983 2013 4037 καὶ
2066 3982 2334 4036 Ἰουδαίων
2382 3984 2477 4036 καὶ
2530 3984 2822 4056 αἰρετικῶν
2870 3985 3183 4056 ἁπορῤάψαι
3240 3988 3503 4057 στόματα.

1919 4065 2056 4119 Οὑτε
2111 4065 2217 4136 γάρ
2255 4067 2525 4128 Ἰουδαῖος,
2563 4066 2685 4119 οὗτε
2740 4067 2902 4120 πάλιν
2951 4070 3229 4137 αἰρετικὸς
3268 4071 3296 4122 ὁ
3343 4071 3505 4133 αὑτὸς

1918 4150 2037 4202 κατ’
2083 4147 2341 4218 ἀλήθειαν
2388 4150 2669 4215 Ἰουδαῖος,
2718 4152 2917 4220 μᾶλλον
2952 4151 3006 4204 δέ
3043 4153 3137 4205 καί
3184 4153 3417 4223 χείρων·
3455 4157 3507 4208 οί

1922 4232 2021 4301 μὲν
2052 4231 2159 4301 γὰρ
2180 4232 2240 4284 τὸ
2264 4232 2420 4301 σῶμα
2451 4232 2803 4304 ἐσταύρωσαν
2832 4233 2893 4286 τὸ
2923 4234 3219 4305 δρώμενον,
3246 4240 3295 4289 οί
3324 4238 3379 4290 δέ
3406 4239 3507 4309 τὴν

1919 4316 2145 4387 θεότητα
2182 4316 2280 4385 τὴν
2310 4316 2539 4385 ἀόρατον
2570 4316 2863 4387 πολεμοῦσι
2883 4336 2894 4348 '
2938 4320 3136 4387 μᾶλλον
3164 4321 3219 4373 δέ
3250 4321 3347 4392 τὴν
3378 4323 3506 4374 ἐαυ-

1917 4399 2025 4452 τῶν
2052 4399 2341 4470 σωτηρίαν.
2383 4400 2543 4453 Ἀλλά
2572 4402 2813 4454 κάκεῖνοι
2849 4402 3194 4473 ἠλέγχθησάν
3221 4405 3507 4470 ἀδυνάτοις

1917 4483 2361 4552 ἐπιχειρήσαντες
2396 4484 2736 4552 πράγμασιν.
2783 4485 2873 4536 Διὸ
2921 4488 3013 4537 καὶ
3065 4487 3222 4555 δίκην
3274 4488 3505 4559 μερικὴν

1916 4564 2117 4634 ταύτης
2147 4563 2245 4631 τῆς
2278 4563 2480 4632 τόλμης
2507 4565 2598 4615 ἐπὶ
2629 4565 2721 4617 τοῦ
2759 4567 3020 4636 παρόντος
3051 4568 3367 4633 δεδώκασιν,
3398 4572 3503 4624 ἀνά

1916 4647 2097 4698 πᾶσαν
2129 4646 2228 4715 τήν
2256 4645 2581 4716 οἰκουμένην
2607 4647 2667 4700 τὸ
2700 4648 2907 4701 ἑαυτῶν
2945 4649 3343 4722 διεσπαρμένον
3378 4653 3501 4706 θεα-

1919 4731 2142 4799 σάμενοι
2191 4727 2367 4796 γένος.
2407 4729 2673 4800 ’Ὕστερον
2720 4731 2829 4802 γάρ
2875 4732 3056 4795 αὑτοῖς
3098 4736 3131 4805 ή
3185 4734 3364 4787 τελεία
3405 4738 3504 4788 ἐπ-

1915 4814 2213 4883 αχθήσεται
2242 4811 2397 4881 δίκη,
2428 4813 2517 4866 ὅτε
2559 4813 2621 4866 τὺ
2654 4813 2935 4886 πάνδημον
2972 4815 3152 4885 μέλλει
3175 4821 3497 4888 συγκροτεῖ⁹

1918 4894 2039 4947 σθαι
2085 4894 2386 4964 κριτήριον.
2422 4896 2531 4948 Καὶ
2572 4896 2725 4949 αὑτοὶ
2772 4897 2827 4950 δέ
2862 4896 2940 4967 τῷ
2972 4898 3140 4951 δέοντι
3184 4900 3359 4969 καιρῷ
3399 4902 3499 4963 τὰς

1915 4977 2071 5043 ἀξίας
2106 4975 2258 5047 παρά
2288 4976 2381 5028 τοῦ
2420 4977 2584 5029 αὑτοῦ
2612 4979 3077 5049 ἀπαιτηθήσονται
3112 4981 3287 5042 δίκας.
3328 4982 3501 5035 Τοῦτο

1914 5060 1967 5113 τί
1996 5056 2087 5113 οῦν
2116 5060 2253 5123 ἐστι,
2294 5057 2372 5111 διὸ
2410 5060 2618 5123 πάντας
2659 5061 2785 5131 ὑμῖν
2814 5062 3036 5126 τούτους
3070 5064 3386 5135 παρεθέμην
3419 5066 3500 5120 λό-

1916 5161 2078 5214 γους;
2111 5144 2381 5214 Βούλομαι
2414 5144 2523 5215 γάρ
2552 5145 2712 5199 πάλιν
2740 5146 2839 5215 τῆς
2869 5147 3186 5213 ἀκολουθίας
3220 5150 3492 5218 γενέσθαι.

1916 5230 1989 5284 Οὑ
2038 5228 2209 5299 τολμᾷ
2250 5226 2373 5281 οὕτε
2406 5230 2709 5299 αἰρετικὸς,
2754 5228 2876 5283 οὔτε
2919 5231 3169 5297 Ἰουδαῖος
3200 5236 3371 5287 εἰπεῖν
3416 5237 3497 5288 ὅτι

1920 5313 2017 5383 μία
2044 5310 2206 5365 εἰκὼν
2233 5312 2326 5365 καὶ
2349 5312 2606 5381 ὁμοίωσις
2629 5312 2763 5366 Θεοῦ
2790 5315 2883 5367 καὶ
2911 5315 3180 5384 ἀγγέλων.
3213 5329 3233 5355 ε
3264 5319 3353 5387 Μὴ
3386 5320 3496 5387 γὰρ

1916 5395 2157 5467 ἄγγελοι,
2188 5396 2238 5448 οί
2270 5395 2569 5465 γενόμενοι,
2604 5399 2855 5470 συνεργοὶ
2882 5395 3024 5471 ἦσαν
3052 5400 3146 5454 τοῦ
3173 5401 3341 5465 Θεοῦ;
3375 5404 3498 5454 Λει-

1914 5480 2133 5552 τουργοί
2181 5481 2359 5549 μόνον,
2391 5478 2717 5549 ὑμνοῦντες,
2768 5482 3249 5555 εὐχαριστοῦντες,
3297 5484 3498 5547 ειδότες

1976 5625 2004 5664 b
2030 5624 2138 5674 Sav.
2163 5624 2210 5671 in
2237 5635 2404 5686 marg,
2424 5622 2751 5684 supplendum
2783 5625 2976 5686 coniicit
2999 5626 3160 5671 πολλῶ
3197 5625 3390 5684 μᾶλλον,
3413 5628 3496 5676 ve)

1914 5688 2054 5749 πόσῳ
2080 5686 2275 5748 μᾶλλον.
2310 5684 2409 5734 seu
2444 5686 2719 5748 intercepta
2740 5684 2900 5736 seriek
2936 5689 3171 5735 orationis
3193 5686 3315 5736 infra
3340 5691 3472 5737 conli

1916 5757 2144 5860 "uf'ﬂic
2168 5811 2292 5863 aoud
2313 5810 2528 5863 Cosmum
2549 5809 2829 5871 [Egyplium
2852 5808 3097 5860 habentur
3121 5822 3167 5873 p.
3200 5810 3306 5860 525.
