4110 6318
176 376 293 432 465

186 478 491 542 laudantes,
522 473 720 547 gratias
749 480 989 544 agentes,
1019 470 1172 542 gnari
1198 484 1259 524 se
1287 468 1455 524 factos
1483 478 1626 531 esse,
1660 465 1677 495 ⁸
1707 461 1789 532 let

190 578 349 625 antea
393 582 501 622 non
549 566 746 631 fuisse,
774 578 839 620 ac
867 572 998 618 nutu
1032 560 1326 615 voluntatis
1374 559 1519 613 illius
1560 562 1772 609 creatos

196 658 426 732 fuisse]:
476 657 796 726 stabantque
825 652 1281 722 contemplantes,
1325 648 1677 716 videntesque
1719 657 1783 698 ea

192 768 317 822 qua:
355 758 477 821 post
516 750 660 819 ipsos
708 750 846 802 facta
897 746 1131 801 fuerant.
1181 742 1446 797 Videbant
1484 739 1674 794 caelum
1721 753 1787 792 ex

195 845 367 900 nihilo
395 842 609 905 factum,
632 850 686 896 et
710 840 1035 909 stupebant;
1064 852 1211 891 mare
1230 842 1588 905 segregatum,
1616 841 1669 887 et
1691 833 1791 885 mi-

194 937 494 996 rabantur;
527 934 1023 1003 contemplabantur
1051 942 1246 986 terram
1288 937 1566 991 ornatam,
1615 936 1666 981 et
1694 942 1793 979 ex-

194 1028 603 1083 horrcscebant.
633 1025 785 1092 Quod
816 1035 992 1079 autem
1020 1024 1195 1093 angeli
1237 1036 1341 1076 non
1370 1021 1639 1089 adjutores
1672 1016 1788 1069 fue-

194 1122 329 1183 rint,
381 1120 474 1174 sed
516 1118 901 1183 admiratores,
934 1118 1008 1170 ait
1054 1116 1193 1171 Dens
1236 1114 1429 1170 Jobum
1470 1113 1788 1181 alloquens:

201 1211 427 1277 Quando
454 1209 550 1279 feci
575 1209 766 1267 stellas.
799 1209 1128 1261 laudauerunt
1152 1222 1230 1260 me
1250 1222 1421 1261 omnes
1445 1204 1612 1274 angeli
1640 1212 1688 1257 et
1712 1217 1793 1254 ce-

218 1300 550 1354 lebraverunt
597 1298 729 1365 (Job.
766 1296 853 1351 38.
904 1298 978 1365 7).

290 1390 451 1453 Illud,
477 1388 778 1450 Faciamus,
804 1386 1112 1441 Trinitatem
1135 1395 1180 1439 et
1200 1387 1452 1438 unitatem
1475 1383 1788 1435 subindicat.

215 1511 289 1524 —-
326 1480 614 1534 Faciamus
653 1481 930 1533 hominem.
965 1479 1173 1534 Dictum
1224 1479 1351 1532 illud
1393 1485 1447 1530 ct
1481 1476 1789 1543 loquentem

217 1573 489 1642 signiﬁcat
529 1581 583 1625 et
635 1570 965 1625 audientem.
1016 1569 1150 1623 Vide
1195 1569 1504 1622 orthodoxa:
1538 1564 1659 1618 ﬁdei
1706 1579 1792 1616 ra-

218 1663 372 1717 dium
424 1676 638 1731 semper
675 1662 1047 1732 splendentem
1080 1677 1092 1713 :
1136 1670 1189 1713 et
1227 1660 1305 1714 sol
1350 1659 1540 1714 lucens
1580 1656 1791 1711 radium

216 1768 381 1806 suum
422 1751 682 1819 adjunxit.
732 1752 1008 1805 Faciamus
1037 1752 1293 1805 hominem
1328 1749 1608 1802 secundum
1650 1748 1790 1800 ima-

214 1843 393 1909 ginem
427 1850 474 1894 et
512 1842 908 1895 similitudinem
952 1852 1203 1894 nostram.
1251 1840 1609 1893 Personarum
1645 1836 1791 1889 ordi-

198 1951 330 1989 nem
377 1937 626 2003 servavit,
656 1946 711 1991 et
738 1937 1049 1991 substantia:
1076 1937 1357 1993 unitatem.
1398 1935 1673 1989 Faciamus
1700 1938 1791 1988 ho-

197 2026 389 2079 minem
408 2028 682 2080 secundum
710 2027 1000 2098 imaginem.
1031 2026 1147 2083 Non
1178 2027 1467 2081 secundum
1498 2026 1753 2093 imagines
1778 2043 1791 2079 :

197 2132 378 2186 neque
406 2117 549 2171 enim
573 2118 675 2173 alia
706 2127 789 2173 est
817 2119 990 2189 imago
1028 2118 1225 2185 Patris,
1268 2119 1371 2172 alia
1414 2119 1554 2174 Filii.
1605 2118 1794 2172 Facia-

198 2224 317 2261 mus
351 2225 363 2260 :
392 2216 449 2262 ut
477 2223 824 2277 personarum
857 2210 1158 2279 pluritatem
1190 2210 1468 2275 ostendat;
1504 2210 1794 2265 Secundum

196 2299 473 2369 imaginem
507 2310 729 2354 nostram
753 2316 776 2352 .°
807 2311 865 2355 ut
893 2302 1495 2357 consubstantialitatcm
1539 2302 1793 2357 declaret.

197 2389 459 2457 Quisnam
490 2406 619 2445 vero
654 2401 736 2445 est
760 2393 934 2462 magni
968 2393 1122 2462 hujus
1149 2395 1412 2448 sermonis
1442 2402 1497 2448 et
1522 2393 1796 2447 admiran-

195 2485 284 2536 da:
309 2485 595 2538 creationis
624 2486 839 2540 socius?
863 2486 1031 2541 Judazi
1062 2488 1454 2553 contradicunt,
1483 2503 1546 2543 ac
1570 2490 1650 2544 vel
1676 2504 1798 2544 cou-

200 2571 359 2628 lntati
393 2576 727 2645 impudenter
757 2591 816 2632 se
840 2586 1071 2648 gerunt;
1106 2578 1342 2634 hmretici
1377 2581 1665 2645 insaniunt,
1699 2597 1795 2636 ve-

199 2664 339 2717 ritas
385 2664 740 2734 impugnatur,
784 2669 999 2738 pietatis
1042 2669 1285 2725 doctrina
1314 2671 1564 2726 invictam
1598 2687 1707 2741 pra:
1738 2688 1797 2729 se

196 2752 306 2807 fert
331 2752 740 2809 confessionem.

277 2845 332 2898 7.
376 2844 527 2901 Unde
562 2847 721 2917 igitur
760 2850 1105 2906 ostendemus
1132 2853 1217 2907 cui
1258 2852 1472 2920 dixerit,
1523 2853 1794 2909 Faciamus

197 2936 454 2990 hominem
477 2938 503 2991 Ρ
525 2949 617 2993 aut
646 2941 765 3010 quis
787 2952 872 2997 est
895 2943 1012 3011 ejus
1038 2945 1414 3001 consiliarius?
1446 2948 1576 3001 Illud
1612 2948 1755 3003 enim
1776 2989 1791 3012 ,

196 3028 501 3096 Faciamus,
543 3033 883 3101 prazsentiam
919 3037 1209 3091 consiliarii
1250 3039 1430 3109 exigit.
1489 3041 1576 3094 Ait
1618 3042 1795 3110 itaque

196 3119 391 3174 beatus
416 3120 575 3175 lsaias
600 3123 667 3177 de
698 3124 969 3194 unigenito
994 3125 1127 3182 Filio
1150 3128 1264 3196 Dei,
1312 3131 1400 3200 qui
1442 3141 1657 3199 propter
1697 3146 1795 3187 nos

195 3210 437 3265 humana
468 3212 610 3268 venit
640 3214 809 3270 forma
844 3234 858 3272 :
890 3216 1029 3272 Puer
1068 3228 1217 3273 natus
1264 3230 1337 3275 est
1373 3222 1535 3286 nobis,
1569 3222 1705 3289 ﬁlius
1749 3234 1795 3278 et

192 3304 398 3372 juvenis
424 3303 573 3358 datus
601 3316 674 3359 est
698 3304 855 3373 (lsai.
877 3307 930 3364 9.
952 3309 1027 3380 6).
1060 3309 1161 3378 Qui
1192 3325 1297 3366 non
1330 3323 1446 3368 erat
1476 3329 1606 3383 puer
1636 3325 1791 3369 natns

193 3401 323 3457 est;
358 3394 445 3463 qni
477 3405 591 3450 erat
622 3395 808 3462 Filius,
840 3398 997 3455 datus
1042 3411 1144 3457 est.
1201 3400 1271 3456 Et
1309 3404 1568 3459 vocabitur
1612 3421 1792 3460 nomen

193 3486 336 3554 ejus,
380 3488 551 3558 magni
570 3490 769 3543 consilii
795 3493 1025 3561 angelus,
1058 3508 1249 3564 nempe
1289 3497 1458 3565 pueri,
1488 3498 1577 3567 qui
1614 3496 1791 3574 filius

193 3587 319 3632 erat
346 3589 560 3648 propter
584 3581 937 3651 divinitatem,
980 3601 1110 3655 puer
1140 3597 1315 3642 autem
1341 3599 1557 3659 propter
1600 3591 1791 3644 huma-

194 3669 443 3722 nitatem.
478 3668 657 3740 Magni
677 3675 874 3727 consilii
919 3678 1149 3746 angelus,
1200 3679 1513 3733 admirabilis
1555 3683 1791 3735 consilia-

192 3761 327 3815 rius.
364 3759 418 3816 Si
458 3777 618 3832 porro
647 3765 1005 3821 consiliarium
1030 3769 1116 3823 cui
1142 3769 1292 3833 dixit,
1325 3769 1598 3826 Faciamus
1627 3774 1791 3826 homi-

192 3869 317 3906 nen
365 3854 639 3907 secundum
682 3854 952 3927 imaginem
998 3870 1045 3913 et
1088 3860 1469 3915 similitudinem
1521 3872 1787 3929 nostram,

194 3944 380 4013 magni
410 3946 614 4001 consilii
641 3948 903 4018 Angelum
932 3964 1113 4018 vocas,
1157 3952 1415 4019 nondum,
1449 3969 1482 4008 o
1509 3955 1788 4024 pr0pheta,

192 4035 516 4104 dignitatem
555 4036 671 4105 ejus
699 4040 845 4107 quia
877 4048 929 4094 te
967 4042 1301 4098 consiliarius
1343 4054 1563 4099 vocatur
1607 4046 1789 4101 decla-

192 4125 353 4180 rasti.
390 4125 509 4180 Fuit
553 4130 693 4181 enim
737 4138 791 4183 et
831 4130 1038 4201 Moyses
1066 4135 1399 4190 consiliarius
1451 4153 1464 4189 :
1513 4137 1792 4192 videbatur

192 4218 345 4273 enim
374 4218 651 4274 consilium
676 4220 804 4277 dare
833 4237 955 4279 cum
982 4224 1217 4280 diceret:
1246 4226 1328 4282 Ne
1355 4230 1555 4283 occidas
1595 4248 1696 4297 eos,
1731 4247 1793 4284 ne

192 4310 334 4379 forte
374 4310 544 4363 dicant
575 4322 741 4381 gentes
791 4328 811 4368 :
859 4312 939 4368 Eo
976 4317 1110 4385 quod
1154 4334 1253 4371 non
1295 4328 1457 4388 posset
1505 4321 1619 4374 illos
1652 4322 1792 4389 prole

192 4416 406 4470 augere,
444 4403 625 4455 occidit
661 4419 764 4458 eos.
804 4404 1001 4460 Verum
1028 4422 1095 4463 ne
1126 4410 1436 4464 miraculum
1457 4412 1521 4465 ad
1542 4415 1791 4468 consilia-

192 4493 338 4546 rium
367 4506 532 4559 usque
570 4495 821 4549 statueris
855 4514 867 4549 :
900 4512 967 4551 ne
1004 4513 1289 4555 commune
1331 4518 1524 4558 nomen
1576 4504 1787 4571 feceris,

191 4582 299 4636 ctsi
348 4582 498 4635 multi
524 4583 813 4639 consiliarii
853 4590 981 4653 sint,
1016 4603 1082 4643 ne
1108 4594 1427 4648 contumelia
1456 4594 1717 4652 afﬁciatur
1744 4598 1789 4653 is

190 4675 290 4745 qui
324 4675 470 4728 solus
506 4682 605 4729 est.
639 4678 709 4730 At
738 4677 996 4743 nondum,
1028 4680 1217 4751 inquit,
1251 4684 1366 4752 ejus
1408 4688 1494 4752 qui
1528 4690 1788 4755 praedica-

193 4775 287 4819 tur
322 4762 631 4833 dignitatem
659 4768 820 4823 nosti.
866 4770 1002 4826 Audi
1026 4771 1093 4827 de
1119 4773 1418 4831 admirabili
1446 4780 1787 4848 c0nsiliario;

189 4858 364 4913 Isaias
396 4859 538 4912 enim
580 4860 630 4914 id
674 4862 816 4931 quod
851 4865 1098 4934 sequitur
1125 4867 1193 4922 ab
1231 4884 1316 4931 eo,
1344 4871 1482 4940 quod
1511 4874 1787 4946 praecedit,

192 4952 581 5018 interpretatur
612 4969 626 5005 :
653 4951 1001 5022 Admirabilis,
1044 4958 1232 5028 inquit,
1269 4962 1605 5028 consiliarius,
1653 4965 1790 5019 Deus

192 5042 371 5111 fortis.
431 5040 597 5097 Recte
648 5043 757 5099 Deo
811 5045 1175 5103 fortitudinem
1236 5052 1496 5120 adjnnxit.
1562 5055 1791 5122 Quare?

190 5132 659 5201 Quemadmodum
686 5136 829 5191 enim
869 5140 1022 5194 multi
1067 5140 1217 5197 fuere
1260 5146 1569 5213 consiliarii,
1616 5164 1790 5218 neque

192 5233 379 5278 tamen
406 5224 526 5279 ideo
551 5226 705 5280 unius
726 5228 1016 5285 consiliarii
1046 5232 1275 5303 dignitas
1306 5237 1423 5289 lazdi
1449 5237 1667 5303 debuit,
1713 5242 1789 5296 sic

188 5315 323 5383 quia
363 5316 514 5370 multi
548 5313 701 5374 fuere
738 5318 810 5374 dii
855 5320 1016 5390 (nam
1045 5325 1155 5379 ait:
1194 5325 1300 5397 Ego
1324 5329 1446 5393 dixi,
1470 5332 1557 5385 Dii
1579 5334 1711 5393 estis,
1742 5344 1788 5387 et

192 5407 295 5472 ﬁlii
348 5404 594 5463 Altissimi
640 5425 811 5463 omnes
858 5409 1049 5483 [PsaL
1081 5416 1168 5470 81.
1200 5416 1310 5490 6];
1375 5435 1439 5474 ac
1474 5438 1682 5477 rursum
1714 5427 1788 5478 ait

191 5501 342 5554 Deus
367 5500 563 5573 Moysi,
597 5502 729 5559 Ecce
764 5506 910 5576 posui
936 5507 1059 5561 tein
1081 5510 1227 5563 deum
1258 5512 1546 5569 Pharaonis
1589 5516 1783 5589 [E.rod.

186 5592 246 5646 7.
275 5590 390 5663 1]),
440 5594 526 5649 ltic
554 5596 643 5667 qui
672 5598 993 5668 praedicatur
1020 5616 1127 5657 non
1151 5603 1331 5661 debuit
1359 5612 1675 5665 contumelia
1702 5612 1781 5667 af-

258 5790 277 5822 ί
318 5789 506 5841 ιιιιηείει
524 5794 753 5847 articulus
774 5798 856 5861 qui
881 5801 1067 5851 uncinis
1088 5800 1323 5854 clauditur
1341 5806 1483 5858 deest
1509 5809 1555 5858 in
1582 5810 1721 5860 Savil.

1184 354 1270 411 DE
1307 347 1519 411 MUNDI
1556 340 1944 406 CREATIONE
1981 341 2236 402 ORATIO
2272 344 2358 403 IV.

3365 356 3478 412 466

1895 459 2003 515 ﬁci.
2030 462 2110 516 Ac
2138 476 2209 516 ne
2237 471 2391 531 putes
2420 478 2543 519 eum
2569 463 2638 517 ita
2664 462 2823 519 deum
2852 476 2993 530 esse,
3027 470 3084 518 ut
3110 471 3226 519 erat
3252 462 3485 536 Moyses,

1895 564 1953 610 ut
1980 566 2136 610 erant
2159 558 2410 626 apostoli,
2463 557 2686 623 addidit,
2716 556 2853 612 Deus
2892 560 3055 630 fortis.
3089 553 3301 631 Moyses
3346 558 3488 612 Dens

1895 656 2030 712 erat,
2061 663 2167 702 non
2213 646 2388 717 tortis,
2433 649 2529 704 sed
2575 648 2887 705 fortitudine
2929 651 3179 705 donatus;
3218 649 3375 704 Aliud
3405 660 3491 705 est

1897 736 2209 794 fortitudine
2257 738 2503 806 donatus,
2558 750 2612 794 et
2662 740 2802 795 aliud
2850 740 3023 796 fortis.
3074 740 3232 795 Aliud
3263 742 3487 810 gratiam

1895 832 2261 899 commodans,
2289 834 2433 889 aliud
2450 833 2735 905 accipiens.
2768 834 2904 888 Deus
2932 833 3096 904 fartis.
3125 832 3333 905 Moyses
3356 832 3491 887 deus

1896 935 2010 977 erat
2040 925 2349 979 fortitudine
2368 925 2615 987 donatus,
2648 925 2856 978 etiamsi
2886 924 3166 995 grandium
3206 926 3493 979 miraculo—

1898 1029 2015 1067 rum
2046 1022 2281 1083 patrator
2307 1031 2321 1079 ;
2361 1030 2545 1069 verum
2576 1016 2797 1083 gratiam
2827 1016 3035 1085 accipit.
3087 1014 3200 1069 Sub
3226 1025 3489 1083 potestate

1896 1113 2050 1158 erant
2075 1106 2322 1174 apostoli,
2373 1118 2561 1176 potens
2590 1118 2671 1162 est
2698 1108 2969 1172 Servatur,
2998 1117 3054 1163 et
3091 1108 3295 1163 tribuit.
3351 1107 3493 1165 Deus

1897 1196 2063 1266 fortis.
2110 1197 2292 1267 Neque
2334 1198 2436 1252 hoc
2476 1208 2679 1254 tantum
2723 1201 2853 1253 satis
2899 1199 3104 1263 habuit,
3146 1201 3237 1253 sed
3270 1200 3492 1270 adjicit,

1898 1298 2093 1357 potens,
2145 1298 2201 1342 ut
2243 1297 2297 1344 et
2339 1304 2437 1343 nos
2479 1299 2533 1343 et
2574 1290 2855 1345 bmreticos
2884 1291 3121 1357 doceret,
3156 1308 3223 1347 ne
3261 1294 3360 1347 sub
3398 1308 3495 1362 po-

1898 1389 2088 1434 testate
2139 1380 2440 1437 diceremus
2487 1397 2610 1437 eum
2668 1384 2758 1453 qui
2806 1384 2904 1452 ipsi
2946 1386 3195 1454 potestati
3242 1385 3489 1454 imperat.

1897 1471 2051 1526 Aliud
2093 1481 2174 1527 est
2217 1472 2316 1527 sub
2360 1483 2622 1543 potestate
2664 1475 3018 1539 constitutus,
3084 1475 3226 1530 aliud
3271 1485 3486 1547 potens.

1898 1564 1989 1618 Vis
2021 1580 2178 1620 nosse
2211 1565 2497 1621 discrimen
2538 1567 2677 1622 inter
2703 1583 2824 1623 eum
2847 1568 2935 1637 qui
2965 1584 3034 1624 ex
3067 1582 3124 1623 se
3164 1579 3352 1639 potens
3394 1570 3486 1636 sit,

1898 1667 1951 1709 et
1996 1671 2116 1710 enm
2147 1660 2237 1727 qni
2258 1658 2359 1712 sub
2383 1668 2646 1728 potestate
2669 1660 2776 1714 sit?
2801 1660 3037 1729 Apostoli
3069 1661 3169 1715 sub
3203 1669 3488 1731 potestate,

1898 1747 2158 1802 Servator
2187 1765 2315 1804 vero
2345 1760 2535 1821 potens
2564 1761 2699 1807 erat.
2723 1752 2916 1807 Paulus
2942 1752 3073 1807 vidit
3099 1753 3153 1808 in
3183 1753 3489 1811 Macedonia

1902 1835 2127 1905 puellam
2188 1839 2434 1906 spiritum
2476 1841 2734 1912 Pythonis
2776 1842 3090 1909 habentem,
3138 1845 3490 1915 omnibusque

1901 1928 2166 1986 dicentem
2202 1948 2216 1986 :
2246 1932 2318 1986 Ili
2345 1934 2571 1988 homines
2595 1936 2723 1989 servi
2755 1934 2854 1989 Dei
2893 1937 3130 1991 altissimi
3156 1948 3293 1992 sunt.
3324 1938 3493 2010 Αἶαν-ε

1900 2030 2067 2073 autem
2100 2021 2264 2091 ferens
2300 2024 2518 2089 Paulus,
2546 2040 2811 2081 conuersus
2835 2027 2965 2082 dixit
2993 2028 3193 2098 spiritui
3232 2030 3365 2100 (Act.
3397 2030 3487 2085 i6.

1904 2114 1990 2167 Π.
2022 2113 2110 2185 18)
2135 2130 2150 2180 ;
2197 2131 2303 2170 non
2330 2126 2506 2171 autem
2533 2118 2746 2188 puellaz,
2776 2119 2870 2174 sed
2902 2121 3131 2189 puellam
3166 2123 3444 2191 occupanti
3469 2162 3487 2189 ,

1901 2202 2159 2261 Denuntio
2184 2207 2271 2262 tibi
2309 2213 2365 2266 in
2392 2210 2592 2264 nomine
2619 2210 2823 2265 Domini
2844 2210 2969 2266 Iesu
2992 2210 3198 2279 Christi,
3249 2222 3304 2267 ut
3338 2231 3489 2269 mas

1901 2299 1965 2351 ab
2003 2299 2114 2353 illa.
2178 2299 2346 2356 Vocat
2394 2302 2713 2372 Dominum,
2760 2311 2820 2359 ut
2856 2305 3103 2360 ostendat
3144 2321 3203 2361 se
3249 2321 3487 2361 servum.

1902 2388 2033 2454 Quia
2064 2406 2222 2460 supra
2253 2391 2523 2449 hominem
2557 2394 2658 2449 hoc
2694 2396 3011 2451 miraculum
3039 2404 3174 2462 erat,
3202 2397 3343 2466 quod
3374 2397 3488 2452 dae-

1901 2496 2088 2537 mones
2139 2483 2419 2540 obedirent
2464 2486 2785 2553 hominibus,
2839 2504 2907 2545 ne
2951 2490 3095 2544 visus
3126 2505 3312 2544 vocem
3335 2506 3489 2561 rape-

1901 2583 2004 2641 ret,
2049 2591 2182 2632 neve
2225 2577 2289 2644 ii,
2332 2578 2423 2649 qui
2468 2580 2560 2635 Dei
2600 2582 2829 2636 ministri
2876 2591 3062 2647 erant,
3110 2583 3182 2637 dii
3227 2599 3348 2639 esse
3392 2598 3488 2653 pu-

1904 2673 2160 2731 tarentur,
2218 2667 2491 2737 Denuntio,
2541 2672 2732 2742 inquit,
2783 2673 2871 2726 tibi
2918 2674 2970 2726 in
3014 2675 3214 2729 nomine
3257 2674 3484 2728 Domini.

1902 2757 2055 2814 Servi
2080 2768 2165 2816 est
2190 2761 2533 2829 denuntiare,
2568 2765 2661 2821 Dei
2691 2780 2813 2821 cum
2851 2774 3114 2837 potestate
3158 2782 3339 2837 agere.
3390 2768 3487 2822 Vi-

1902 2852 2023 2907 disti
2057 2852 2308 2909 [annulum
2350 2856 2775 2923 denuntiantem,
2817 2858 2937 2911 vide
2984 2860 3265 2912 Dominum
3309 2865 3482 2929 tmpe-

1902 2954 2127 2999 rantem.
2177 2945 2400 3003 Oblatas
2426 2957 2509 3002 est
2554 2948 2776 3003 Domino
2818 2948 3030 3017 quidam
3083 2948 3480 3013 daemoniacus.

1900 3033 2091 3089 surdus
2119 3047 2173 3090 et
2202 3047 2397 3093 mutus.
2445 3038 2560 3093 Non
2600 3039 2731 3095 dixit
2761 3040 3031 3103 Dominus,
3084 3040 3344 3095 Denuntio
3390 3040 3487 3096 tibi

1901 3125 2067 3181 surdo
2097 3136 2149 3182 et
2175 3138 2324 3184 muto
2352 3129 2652 3196 diemonio;
2685 3130 2799 3195 sed,
2832 3130 2941 3201 Ego
2979 3131 3067 3184 tibi
3094 3131 3351 3199 ρνωεὶρίο.
3385 3131 3489 3187 De-

1900 3219 2161 3273 nuntiatio
2214 3230 2295 3274 est
2342 3220 2511 3286 Pauli,
2567 3222 2800 3291 potentis
2846 3232 3025 3276 autem
3069 3232 3150 3277 est
3194 3222 3483 3292 imperare.

1901 3306 2013 3378 Ego
2056 3310 2146 3364 tibi
2193 3312 2452 3380 prwcipio,
2499 3314 2578 3367 exi
2627 3314 2690 3366 ab
2738 3330 2816 3379 eo,
2866 3330 2954 3366 nec.
2978 3314 3197 3381 amplius
3222 3314 3486 3369 intraveris

1902 3397 2091 3467 (Marc.
2112 3400 2162 3456 9.
2184 3399 2295 3463 24).
2319 3401 2565 3457 Obedivit
2593 3402 2823 3468 dtemon,
2843 3403 2989 3457 novit
3009 3404 3151 3459 enim
3176 3407 3483 3472 potentiam.

1897 3490 2047 3545 Dicat
2073 3490 2259 3546 beatus
2276 3491 2525 3548 Ezechiel
2546 3493 2610 3548 ad
2633 3508 2957 3565 synanogam
2978 3495 3279 3549 luereticam
3315 3513 3329 3550 :
3362 3494 3487 3549 Vit-0

1897 3596 2009 3651 ego,
2042 3581 2160 3634 dicit
2188 3581 2437 3637 Dominus
2460 3624 2475 3647 ,
2495 3585 2782 3653 justiﬁcata
2827 3595 2898 3638 est
2942 3602 3087 3638 soror
3130 3596 3215 3638 tua
3257 3585 3485 3639 Sodoma

1895 3690 2050 3742 supra
2076 3683 2123 3726 te
2166 3672 2380 3742 (Ezeclt.
2408 3675 2493 3729 l6.
2526 3675 2639 3744 52).
2663 3676 2797 3742 Quid
2840 3686 2921 3731 est
2964 3676 3091 3732 illud
3137 3678 3277 3746 quod
3314 3677 3484 3732 dicit?

1896 3764 2007 3818 Nisi
2039 3767 2181 3820 enim
2208 3766 2338 3820 illud
2366 3765 2639 3832 didiceris,
2688 3783 2792 3822 non
2824 3770 3023 3837 poteris
3053 3770 3237 3825 deduci
3267 3771 3333 3825 ad
3373 3772 3483 3840 spi-

1897 3858 2103 3913 ritnalis
2151 3873 2339 3914 sensus
2384 3860 2808 3929 intelligentiam.
2872 3861 3162 3916 Sodomita:
3214 3862 3485 3932 desperati

1896 3958 2086 4011 erant;
2121 3950 2173 4003 in
2199 3952 2404 4005 scelere
2435 3952 2578 4006 enim
2609 3953 2766 4005 vitam
2799 3952 3161 4021 transigebant
3205 3971 3218 4006 :
3253 3954 3481 4024 ideoque

1897 4040 2147 4096 divinitus
2174 4042 2412 4097 immisso
2442 4044 2739 4113 consumpti
2771 4055 2888 4097 sunt
2922 4045 3060 4113 igne.
3110 4044 3342 4114 Eratque
3389 4045 3482 4099 Je-

1898 4134 2127 4187 rusalem
2157 4143 2276 4202 post
2314 4150 2497 4189 eorum
2526 4136 2766 4202 exitium,
2804 4135 3055 4205 urbisque
3080 4152 3265 4190 eorum
3298 4136 3484 4191 incen-

1896 4225 2064 4291 dium,
2107 4226 2290 4279 mnltis
2316 4227 2770 4296 generationibus,
2820 4228 2997 4297 specie
3023 4228 3235 4297 quidem
3261 4227 3481 4291 ﬂorens,

1897 4318 2097 4387 majora
2120 4327 2294 4373 tamen
2320 4320 2520 4374 scelera
2543 4328 2877 4389 perpetrans.
2928 4319 3061 4374 Cum
3099 4320 3254 4389 igitur
3292 4319 3346 4373 hi
3385 4320 3485 4374 So-

1896 4409 2217 4465 domitarum
2266 4410 2554 4479 nequitiam
2606 4418 2955 4479 superarent,
2999 4410 3143 4478 jttrat
3199 4410 3337 4463 Deus
3386 4426 3483 4477 per

1896 4500 2232 4555 Ezechielem
2275 4502 2356 4556 his
2406 4502 2584 4556 verbis
2639 4520 2653 4556 ε
2707 4520 2724 4552 ι
2763 4501 2894 4554 Vivo
2936 4517 3035 4571 ego
3073 4501 3310 4565 Adonai,
3352 4500 3483 4554 dicit

1898 4594 2174 4658 Dominus,
2197 4593 2283 4649 dic
2306 4594 2670 4663 incomposita:
2697 4593 2819 4647 ﬁlia:
2844 4592 3138 4647 Jerusalem
3169 4610 3179 4645 :
3208 4592 3321 4646 Non
3353 4607 3479 4659 pec-

1895 4685 2036 4741 cavit
2078 4700 2230 4741 soror
2286 4698 2373 4740 tua
2418 4684 2650 4741 Sodoma
2693 4686 2774 4740 vel
2822 4685 3097 4740 dimidium
3140 4692 3479 4749 peccatorum

1900 4788 2131 4845 tuorum,
2172 4790 2221 4835 et
2245 4779 2529 4850 jnstiﬁcata
2562 4789 2643 4833 est
2669 4778 2899 4833 Sodoma
2927 4793 2989 4831 ex
3023 4787 3073 4831 te
3098 4795 3117 4828 ›
3145 4775 3354 4848 (Ezeclt.
3389 4776 3477 4831 16.

1898 4873 1987 4927 48.
2022 4870 2146 4941 52),
2194 4886 2257 4925 ac
2300 4872 2343 4924 si
2384 4872 2609 4935 diceret,
2657 4870 2887 4923 Sodoma
2942 4867 3341 4936 comparatione
3398 4870 3471 4922 tui

1891 4963 2031 5033 jnsta
2077 4972 2189 5025 est;
2235 4978 2296 5016 ac
2339 4963 2381 5015 si
2425 4962 2543 5029 quis
2600 4960 2860 5013 hmreticis
2908 4959 3161 5013 diceret:
3198 4958 3479 5015 iustiﬁcati

1898 5065 2020 5109 sunt
2060 5067 2111 5109 et
2135 5055 2302 5109 Judaei
2334 5070 2398 5108 ex
2431 5055 2624 5123 ingenti
2660 5053 3029 5105 lnrreticorum
3060 5050 3275 5118 furore;
3317 5052 3477 5121 justi-

1898 5148 2036 5203 ﬁcati
2085 5156 2207 5201 sunt
2251 5148 2541 5208 dmmones,
2590 5147 2710 5216 quia
2742 5145 2793 5198 hi
2827 5144 3016 5198 Filium
3060 5146 3233 5214 ipsum
3262 5152 3474 5209 vocant,

1896 5244 1969 5299 illi
2001 5260 2127 5299 vero
2152 5242 2443 5311 Opiﬁcium.
2483 5240 2776 5308 Justi/icata
2814 5248 2886 5293 est
2936 5238 3163 5293 Sodoma
3202 5255 3263 5293 ea:
3292 5250 3354 5293 te.
3383 5238 3477 5291 llic

1896 5349 2072 5392 autem
2120 5338 2291 5393 obiter
2317 5353 2498 5407 qnazro
2527 5350 2739 5390 causam
2771 5350 2866 5387 cur
2896 5334 2930 5387 ii
2959 5334 3046 5402 qui
3078 5332 3475 5387 Sodomitnrum

1895 5432 2095 5485 scelera
2136 5439 2532 5500 perpetrarnnt,
2574 5443 2677 5481 non
2730 5427 2999 5495 perierunt
3040 5437 3097 5479 ut
3144 5423 3475 5485 Sodomitaa;

1896 5524 2002 5578 imo
2042 5526 2221 5589 etiam,
2272 5523 2317 5577 si
2357 5522 2517 5590 duplo
2560 5519 2762 5587 majora
2815 5526 3185 5586 peccaverunt,
3227 5530 3324 5569 cur
3368 5531 3475 5568 non

1893 5618 2149 5674 devastati
2179 5629 2297 5671 sunt
2329 5626 2383 5669 ut
2413 5616 2522 5669 illi?

1964 5710 2017 5765 8.
2061 5712 2197 5764 Deus
2239 5710 2413 5777 itaque
2462 5723 2566 5760 non
2616 5706 2775 5759 modo
2823 5704 3035 5759 videbat
3078 5703 3345 5772 ingentem
3377 5698 3474 5754 Ju-

1899 5806 2134 5859 ὁποι-ωτι
2164 5801 2509 5870 impietatem,
2534 5796 2627 5854 sed
2655 5798 2813 5852 etiam
2841 5810 2980 5859 eam,
3006 5808 3123 5865 qua:
3155 5801 3272 5864 post
3301 5790 3474 5848 futura
