4110 6318
663 382 778 439 467

653 494 787 548 erat,
831 479 1062 536 fidelium
1109 478 1390 548 pietatem;
1437 473 1762 545 prmidehat
1804 465 2129 540 prodituram
2173 476 2241 518 ex

653 575 835 630 Judaia
865 588 985 629 esse
1017 581 1253 626 sanctam
1283 569 1562 639 Deiparam
1590 566 1847 635 virginem
1880 579 1893 616 :
1924 556 2246 630 pratvidebat

655 670 878 724 chorum
928 665 1316 736 apostolorum,
1361 677 1566 717 necnon
1607 659 1822 713 ordines
1855 653 2244 715 confessornm,

650 771 705 816 et
737 761 900 814 multa
931 758 1091 812 millia
1113 756 1418 811 Judzcorum
1438 753 1527 823 qui
1545 750 1798 805 credituri
1825 753 1996 801 erant.
2023 740 2248 810 Quando

652 855 795 907 enim
820 851 1062 906 ascendit
1091 849 1288 903 Paulus
1315 847 1367 902 in
1398 843 1696 901 Jerusalem
1717 883 1732 904 ,
1754 839 1936 894 dicunt
1973 837 2020 889 ei
2049 849 2248 902 coapo-

652 946 776 1000 stoIi
810 962 823 998 :
849 942 1024 1008 Vides,
1050 940 1214 996 Paule
1247 935 1435 1003 frater,
1460 945 1578 1003 quot
1600 933 1760 987 millia
1788 941 1905 986 sunt
1938 924 2251 978 Jutfwortiiit

654 1038 742 1105 qui
782 1035 1100 1089 crediderunt
1148 1033 1286 1101 (Act.
1315 1027 1546 1096 2l.20).
1597 1022 1906 1079 Przevidens
1950 1019 2109 1088 igitur
2153 1028 2248 1069 eos

651 1129 739 1199 qui
771 1126 1023 1182 credituri
1055 1133 1229 1187 erant,
1257 1122 1497 1192 pepercit
1528 1117 1844 1178 incredulis;
1884 1129 1988 1167 non
2012 1112 2246 1179 ipsorum

657 1221 847 1291 gratia,
896 1217 987 1272 sed
1032 1227 1245 1286 propter
1289 1213 1541 1274 fructum,
1583 1211 1670 1280 qui
1703 1224 1768 1262 ex
1801 1205 1906 1259 illis
1948 1203 2247 1256 nasciturus

652 1290 786 1367 erat.
816 1311 870 1366 Id
914 1310 1229 1366 testificatur
1255 1307 1417 1362 Isaias
1443 1324 1454 1358 :
1485 1305 1579 1358 «Et
1611 1302 1710 1356 nisi
1740 1298 1994 1353 Dominus
2015 1290 2246 1349 Sabaoth

657 1405 963 1473 reliquisset
993 1401 1146 1455 nobis
1177 1414 1382 1463 semen,
1415 1395 1567 1465 quasi
1595 1393 1824 1449 Sodoma
1848 1389 2153 1450 fuissemus,
2195 1393 2250 1438 et

654 1498 802 1566 quasi
846 1493 1143 1551 Gomorrha
1175 1492 1380 1548 similes
1407 1491 1526 1544 facti
1551 1500 1794 1543 essemus
1825 1503 1842 1533 ι
1904 1481 2053 1553 (lsai.
2087 1481 2138 1532 I.
2167 1476 2244 1549 9).

659 1589 853 1642 \‘erum
903 1585 1039 1640 forte
1083 1599 1180 1638 nos
1219 1583 1364 1638 dicto
1413 1582 1518 1634 vim
1568 1578 1862 1634 intulimus.
1894 1572 2038 1628 etde
2059 1572 2158 1624 alia
2190 1585 2249 1624 re

655 1680 891 1750 loquitur
921 1677 1127 1732 Isaias?
1174 1677 1243 1730 At
1289 1673 1509 1728 Paulum
1552 1669 1696 1732 audi,
1728 1665 2108 1737 prophetarum
2139 1661 2245 1714 fra-

657 1783 794 1827 trem
823 1781 874 1826 ct
907 1772 1256 1839 interpretem
1283 1767 1546 1822 dicentem
1577 1781 1589 1813 :
1628 1781 1646 1814 c
1674 1761 1908 1819 Fratres.
1963 1774 2068 1812 non
2124 1755 2245 1810 zeli-

655 1863 797 1933 quia;
854 1861 1148 1916 secundum
1193 1859 1505 1914 electionem
1557 1853 1741 1924 gratia:
1793 1851 1944 1905 factae
1985 1856 2142 1906 sunt;
2193 1853 2249 1900 ut

654 1954 894 2025 reliquiae
923 1953 1083 2006 salvae
1105 1960 1306 2007 essent.
1342 1949 1410 2003 Et
1437 1949 1573 2002 sicut
1599 1944 1732 1999 dixit
1769 1943 1945 2006 Isaias,
1989 1939 2100 1994 Nisi
2140 1939 2247 1992 Do-

654 2046 834 2102 minus
863 2044 1101 2100 Sabaoth
1136 2042 1437 2112 reliquisset
1467 2038 1620 2093 nobis
1649 2050 1857 2097 semen,
1896 2033 2044 2103 quasi
2073 2029 2244 2085 Sodo-

652 2152 742 2193 ma
790 2137 914 2191 facti
965 2150 1209 2190 essemus
1265 2153 1284 2186 ι
1345 2131 1519 2201 (Rom.
1554 2131 1638 2184 11.
1668 2128 1720 2182 5.
1750 2137 1796 2181 et
1825 2125 1879 2181 9.
1911 2122 2025 2194 29).
2057 2121 2248 2176 Omnia

650 2228 914 2298 siquidem
936 2224 1262 2296 praevidebat
1287 2224 1449 2289 Deus,
1469 2231 1523 2276 et
1553 2236 1659 2274 non
1692 2215 1910 2287 perinde
1939 2224 2099 2284 atque
2127 2227 2245 2274 nos,

651 2323 741 2392 qui
773 2330 1015 2391 tempore
1040 2319 1318 2382 docemur,
1364 2316 1443 2370 sic
1469 2315 1609 2369 Deus
1637 2327 1731 2382 per
1755 2307 2141 2378 experientiam
2168 2305 2248 2357 di-

650 2414 771 2470 scit.
803 2413 1011 2467 Rursus
1040 2412 1181 2476 dico,
1218 2419 1274 2465 ut
1299 2424 1442 2480 saepe
1471 2407 1602 2472 dixi,
1643 2404 1963 2460 smeutorum
2003 2399 2136 2454 fines
2167 2397 2247 2451 vi-

649 2512 811 2568 debat
844 2527 858 2565 :
888 2509 1151 2565 Adamum
1184 2507 1315 2562 vidit
1361 2511 1689 2574 peccantem,
1730 2496 2058 2569 prtevidebat
2085 2493 2246 2548 etiam

650 2618 747 2659 eos
773 2603 863 2673 qui
895 2618 964 2656 ex
999 2601 1093 2654 illo
1134 2598 1293 2652 futuri
1337 2603 1518 2651 essent
1553 2591 1706 2664 justi,
1736 2588 1951 2645 videbat
1997 2600 2120 2640 eum
2150 2583 2247 2652 eji-

650 2695 900 2750 ciendum
928 2709 994 2748 cx
1036 2691 1284 2762 paradiso
1313 2706 1325 2742 :
1369 2701 1552 2742 verum
1582 2682 1910 2753 prawidcbat
1939 2691 2158 2746 regnum
2199 2674 2248 2727 ei

649 2801 771 2842 esse
815 2794 1080 2855 paratum.
1109 2781 1369 2850 Quodque
1397 2774 1712 2831 admirabile
1738 2783 1840 2833 est,
1873 2780 1998 2823 ante
2034 2765 2246 2836 paradi-

649 2892 768 2933 sum
798 2889 1024 2944 regnum
1057 2880 1298 2942 paratum
1327 2869 1442 2922 fuit.
1468 2865 1675 2922 Miraris
1702 2862 1844 2933 quod
1862 2860 2030 2914 Adam
2048 2858 2248 2926 ejectus

651 2969 814 3025 fuerit
856 2983 921 3022 ex
969 2965 1259 3036 paradiso?
1309 2963 1534 3026 Mirare,
1584 2958 1726 3028 quod
1769 2964 1895 3011 ante
1942 2952 2246 3024 paradisum

650 3072 893 3134 paratum
938 3062 1035 3131 ipsi
1083 3059 1243 3115 fuerit
1273 3073 1495 3126 regnum
1521 3055 1799 3109 malorum.
1830 3051 1920 3104 Ait
1949 3048 2203 3103 Servatur
2231 3062 2244 3099 :

664 3157 853 3218 Venite,
878 3155 1122 3209 benedicti
1176 3151 1350 3206 Patris
1394 3151 1525 3211 mei,
1559 3146 1809 3219 possidete
1848 3152 2083 3213 paratum
2111 3139 2248 3193 vobis

649 3263 861 3320 regnum
900 3263 932 3298 a
981 3245 1336 3298 constitutione
1376 3241 1553 3294 mundi
1605 3238 1815 3309 (Matth.
1845 3237 1935 3292 25.
1970 3235 2084 3304 51).

721 3343 911 3398 Contra
939 3339 1178 3393 Arianos.
1221 3334 1557 3405 Primogeniti
1584 3343 1632 3386 et
1662 3331 1906 3403 unigeniti
1939 3331 2245 3398 diﬂ’erentia.

648 3432 1076 3488 ~Erubescant
1119 3426 1385 3493 haeretici,
1430 3440 1552 3478 cum
1601 3423 1820 3476 audiunt
1864 3438 1926 3476 ea
1966 3438 2087 3492 qua:
2127 3438 2247 3476 sano

649 3528 750 3581 ctis
794 3534 974 3595 parata
1024 3531 1166 3585 sunt,
1212 3529 1337 3573 ante
1379 3516 1817 3571 constitutionem
1851 3517 2057 3579 mundi,
2087 3525 2141 3570 et
2169 3515 2249 3569 di-

651 3625 798 3682 cunt,
843 3615 969 3668 Erat
1003 3611 1289 3681 aliquando
1331 3624 1452 3663 cum
1485 3607 1652 3662 Filius
1691 3621 1798 3659 non
1848 3616 2012 3660 esset.
2058 3606 2249 3674 Specie

651 3718 856 3764 tantum
911 3703 1254 3774 Unigenitnm
1311 3699 1670 3760 confitentur,
1729 3696 1852 3767 quia
1913 3696 2246 3765 Scripturam

650 3799 831 3854 delere
861 3811 966 3850 non
998 3800 1258 3863 possunt;
1303 3804 1488 3843 vocem
1534 3787 1851 3857 largiuntur,
1894 3795 1947 3841 et
1974 3801 2087 3840 rem
2121 3787 2248 3840 sub-

651 3889 887 3944 trahunt.
938 3885 994 3940 Si
1035 3883 1332 3936 dixerimus
1386 3878 1716 3947 uuigcnitum
1771 3877 1964 3930 Filium
1995 3918 2008 3941 ,
2067 3878 2245 3930 statim

651 3983 836 4036 dicunt
867 3997 880 4033 :
913 3978 1180 4046 Scriptum
1212 3985 1293 4029 est
1319 3975 1500 4038 etiam,
1531 3971 1908 4040 Primogenitns
1939 3971 2089 4023 totius
2116 3970 2248 4024 orbis

650 4084 900 4127 terrarum
930 4068 1066 4138 (Col.
1105 4069 1156 4121 I.
1189 4065 1299 4135 15).
1337 4064 1479 4134 Ergo
1509 4061 1801 4116 secundum
1826 4060 2106 4114 haereticos
2133 4060 2249 4114 haec

651 4169 757 4221 duo
785 4167 923 4219 inter
950 4178 1009 4218 se
1036 4170 1294 4232 pugnant.
1317 4158 1449 4212 Nam
1477 4157 1518 4210 si
1553 4155 1956 4226 primogenitus,
1990 4170 2094 4207 non
2127 4154 2248 4207 uni-

650 4258 862 4329 genitus
887 4265 970 4309 est
1003 4273 1016 4309 :
1048 4251 1434 4323 primogenitus
1456 4249 1620 4312 enim,
1672 4261 1792 4301 cum
1821 4245 2014 4299 fratres
2045 4244 2248 4298 habue-

654 4352 742 4413 rit,
779 4345 1164 4417 primogenitus
1191 4342 1388 4395 dicitur
1419 4357 1432 4392 :
1467 4339 1771 4408 unigenitus
1799 4352 1946 4400 vero,
1985 4336 2026 4389 si
2058 4334 2248 4389 fratres

657 4441 869 4503 habeat,
922 4436 1032 4506 jam
1088 4432 1393 4502 unigenitus
1458 4445 1563 4483 non
1633 4427 1828 4481 dicitur
1881 4446 1893 4481 :
1951 4425 2250 4492 unigenitus

653 4534 852 4605 quippe
890 4529 1047 4584 estis
1087 4527 1176 4596 qui
1214 4541 1351 4579 unus
1391 4539 1455 4576 ex
1487 4522 1666 4590 aliquo
1700 4528 1857 4572 natus
1897 4526 2013 4580 est;
2061 4530 2250 4584 quem-

655 4626 942 4683 admodum
988 4633 1042 4677 et
1081 4619 1358 4688 Scriptura
1407 4616 1727 4670 testificatur
1762 4610 2129 4664 Abrahamum
2171 4609 2251 4663 al-

661 4721 884 4789 loquens
916 4733 928 4769 :
957 4715 1104 4770 Tolle
1131 4713 1294 4780 ﬁlium
1327 4722 1469 4762 tuum
1509 4705 1826 4776 unigenitum
1869 4701 2024 4772 (Gen.
2049 4702 2140 4755 22.
2168 4701 2246 4771 Ξ).

659 4808 1049 4879 Printogenitns
1108 4805 1302 4859 dicitur
1352 4802 1427 4864 is,
1476 4799 1562 4869 qui
1629 4797 1823 4852 fratres
1876 4795 2073 4858 habet;
2132 4793 2252 4848 ideo

657 4903 800 4959 enim
851 4900 1054 4970 primus
1081 4908 1183 4957 est,
1240 4893 1378 4965 quod
1427 4894 1571 4960 prior
1609 4900 1761 4943 natus
1806 4889 1892 4942 sit.
1940 4886 2253 4955 Unigenitns

657 5009 809 5059 vero,
859 4991 984 5046 ideo
1023 4988 1217 5042 dicitur
1257 4985 1577 5054 unigenitus,
1624 4980 1766 5050 quod
1807 4980 1997 5034 fratres
2026 4993 2130 5032 non
2160 4977 2253 5031 ha-

661 5085 802 5140 beat.
823 5083 970 5137 Alias
995 5094 1204 5149 quoque
1229 5076 1533 5146 unigenitus
1563 5084 1666 5140 est,
1686 5072 1776 5142 qui
1805 5071 1952 5126 solus
1981 5086 2045 5125 ex
2075 5070 2253 5139 aliquo

663 5184 822 5231 natus
849 5183 951 5239 est,
981 5187 1086 5226 non
1119 5170 1206 5240 qui
1237 5170 1382 5222 solus
1413 5166 1582 5219 factus
1609 5173 1709 5228 est,
1765 5173 1822 5216 ut
1849 5171 2114 5231 nuganlur
2143 5159 2253 5214 hac-

663 5269 836 5324 rctici.
867 5265 1203 5335 Unigenitus,
1237 5261 1358 5331 quia
1393 5262 1538 5313 solus
1570 5257 1687 5310 talis
1705 5255 1874 5310 factus
1898 5266 1998 5310 est.
2033 5255 2173 5323 Ergo
2201 5263 2254 5307 et

665 5362 809 5417 Elias
854 5359 1176 5427 unigenitus,
1210 5358 1330 5426 quia
1376 5354 1523 5407 solus
1565 5350 1720 5414 talis;
1767 5349 1908 5418 quod
1958 5364 2086 5404 sane
2132 5363 2254 5401 cum

666 5456 875 5510 ratione
923 5460 1141 5521 pugnat.
1177 5453 1245 5503 At
1273 5451 1322 5502 in
1356 5463 1506 5502 more
1527 5445 1817 5513 Scriptura:
1845 5453 1947 5505 est,
1981 5453 2038 5495 ut
2069 5441 2255 5510 unige-

666 5550 836 5602 nitum
864 5545 1007 5600 dicat
1035 5557 1178 5606 eum,
1211 5540 1298 5609 qui
1325 5540 1472 5592 solus
1496 5538 1564 5592 ab
1592 5536 1772 5604 aliquo
1799 5534 2008 5604 genitus
2039 5541 2139 5595 est,
2168 5545 2256 5585 se-

670 5638 903 5692 cundum
945 5636 1090 5706 prius
1136 5633 1555 5689 demonstratam
1601 5629 1749 5682 vocis
1793 5624 2256 5694 significationem.

670 5729 920 5794 Attende,
957 5743 1156 5799 quaeso.
1188 5723 1600 5793 Primogenitus,
1625 5722 1668 5776 si
1700 5720 1887 5774 fratres
1910 5732 2012 5771 non
2045 5716 2256 5779 habeat,

671 5823 980 5894 unigenitus
1019 5830 1122 5875 est.
1158 5819 1267 5889 Ego
1297 5832 1400 5874 non
1429 5828 1614 5878 unum,
1647 5827 1752 5866 non
1792 5812 1945 5876 duos,
1979 5824 2083 5864 non
2115 5818 2257 5876 tres,

2113 340 2484 400 SEVERIANI

3853 372 3967 427 468

2352 458 2445 514 sed
2490 456 2749 528 plurimos
2796 461 3007 528 reperio
3051 459 3458 531 primOgcnitos.
3522 460 3655 518 Rem
3714 469 3948 519 novam!

2353 549 2695 620 Primogeniti
2727 551 2999 620 quomodo
3031 551 3250 620 plures?
3279 552 3452 607 Unum
3477 556 3616 609 enim
3641 570 3766 609 esse
3794 571 3956 625 opor-

2354 649 2449 694 tet.
2479 641 2796 696 Sermonem
2829 642 3081 711 produxi,
3113 644 3182 698 ob
3209 645 3324 698 illas
3355 660 3536 708 voces,
3565 649 3956 718 primogenitus

2353 745 2408 788 et
2459 734 2764 802 nnigenitus
2815 753 2826 788 :
2871 733 3246 790 difficultatem
3274 754 3403 792 vero
3445 739 3736 795 solvnnms.
3798 742 3951 807 Eum,

2353 825 2440 893 qui
2473 825 2674 892 primus
2714 825 2899 881 credat
2928 828 2978 879 in
3011 843 3105 880 sua
3133 837 3312 894 aetate,
3351 830 3489 884 Deus
3533 832 3952 902 primogenitum

2355 927 2529 980 vocat,
2574 933 2676 970 non
2719 919 2860 986 quod
2904 920 2975 972 sit
3022 919 3226 988 primus
3270 921 3407 976 inter
3449 927 3581 978 alios
3609 926 3822 992 fideles,
3862 930 3954 983 sed

2354 1007 2494 1076 quod
2548 1009 2599 1061 in
2651 1007 2763 1063 suis
2810 1013 3139 1078 temporibus
3191 1014 3338 1082 prius
3406 1018 3754 1084 apparuerit;
3808 1022 3956 1074 verbi

2353 1101 2556 1169 gratia,
2619 1101 2668 1154 in
2725 1102 2959 1175 {Egypto
3007 1115 3122 1160 erat
3170 1109 3432 1176 pepulus,
3487 1109 3613 1162 dicit
3671 1111 3816 1165 Dcus
3866 1129 3958 1181 per

2355 1192 2586 1264 Moyscm
2626 1213 2637 1248 :
2671 1194 2838 1250 Filius
2883 1201 3246 1270 primogenitus
3275 1218 3409 1254 meus
3440 1200 3624 1256 Israel.
3677 1203 3801 1258 Dixi
3833 1222 3852 1257 :
3881 1207 3959 1258 di-

2356 1287 2494 1338 mitte
2543 1288 2666 1340 milu'
2715 1292 2961 1359 populum
3003 1309 3170 1346 meum
3213 1292 3406 1365 (Exod.
3441 1296 3494 1348 4.
3525 1295 3617 1348 22.
3650 1297 3770 1365 23).
3822 1298 3959 1352 Ecce

2355 1380 2607 1449 populum
2663 1383 3073 1453 primogenitum
3124 1404 3134 1437 :
3189 1387 3312 1455 quia
3361 1387 3453 1442 illo
3506 1399 3750 1457 tempore
3809 1393 3958 1460 prior

2353 1481 2470 1525 erat
2524 1475 2789 1542 populus,
2845 1478 2934 1546 qui
2985 1478 3150 1532 Deum
3193 1489 3440 1534 noverat.
3491 1480 3726 1536 Emersit
3776 1495 3958 1549 postea

2356 1562 2542 1628 David,
2573 1573 2695 1636 post
2720 1566 2911 1637 legem,
2947 1579 3069 1639 post
3103 1569 3300 1624 multas
3330 1580 3534 1635 aetates,
3567 1589 3629 1626 ac
3665 1573 3958 1643 pollicetur

2357 1652 2406 1706 ei
2443 1653 2602 1719 Deus,
2635 1671 2700 1710 ex
2733 1657 2936 1712 semine
2965 1659 3081 1728 ejus
3107 1660 3380 1715 Christum
3429 1663 3692 1716 oriturum
3736 1679 3882 1726 eSsc,
3912 1679 3958 1719 ιιι

2353 1747 2431 1800 sic
2475 1748 2548 1801 ait
2592 1765 2605 1801 :
2651 1748 2828 1804 Inveni
2856 1750 3021 1806 David
3048 1768 3246 1806 servum
3273 1770 3460 1818 meum,
3498 1755 3606 1808 oleo
3635 1766 3817 1809 sancto
3839 1760 3962 1810 auxi

2353 1855 2486 1892 eum.
2512 1837 2634 1908 Ipse
2659 1842 2909 1896 invocabit
2956 1861 3056 1911 me,
3104 1856 3248 1914 pater
3273 1863 3409 1900 meus
3450 1862 3518 1900 es.
3548 1846 3616 1900 Et
3650 1864 3743 1918 ego
3771 1851 3962 1919 primo-

2353 1932 2577 2002 genilum
2605 1951 2792 2005 ponam
2822 1937 2967 1991 illum
3011 1938 3180 2008 (Psal.
3212 1939 3301 1995 88.
3332 1940 3420 1995 2|.
3455 1941 3544 1994 27.
3576 1942 3696 2011 28).
3736 1944 3893 2010 Quod
3918 1946 3958 1997 al

2357 2025 2740 2096 primogenitus
2766 2027 2836 2084 sit
2860 2030 3043 2097 David,
3079 2031 3464 2102 primogenitus
3493 2049 3708 2104 quoque
3732 2043 3961 2105 ponulns

2354 2124 2456 2170 cst.
2514 2117 2680 2172 Adam
2729 2121 3116 2190 primogenitus
3164 2123 3214 2177 in
3262 2125 3611 2193 generatione
3652 2141 3772 2188 sua,
3828 2127 3959 2191 Nec,

2353 2205 2476 2260 Sem
2507 2210 2867 2279 primogeniti,
2899 2214 3168 2269 Abraham
3200 2217 3592 2287 primogenitns
3632 2219 3685 2272 in
3728 2235 3959 2288 genera-

2357 2299 2499 2355 tione
2530 2318 2648 2362 sua.
2680 2303 2910 2375 Moyses,
2942 2307 3127 2371 Isaias,
3175 2309 3298 2378 quia
3341 2311 3454 2363 suis
3487 2314 3822 2380 temporibus
3853 2316 3962 2384 pie.

2358 2395 2450 2448 tati
2477 2409 2537 2450 se
2564 2395 2904 2452 dediderunt.
2955 2401 3029 2454 Ex
3079 2401 3163 2456 his
3211 2403 3392 2457 multis
3426 2404 3798 2474 primogenitis
3836 2422 3963 2461 con-

2353 2496 2566 2557 gregata
2606 2501 2689 2542 est
2720 2489 2958 2545 Ecclesia
2990 2507 3202 2561 magna,
3235 2509 3352 2564 qua:
3379 2505 3462 2549 est
3493 2496 3544 2549 in
3589 2497 3742 2550 caelo.
3787 2498 3961 2551 Testi-

2354 2582 2544 2634 ficatur
2573 2581 2767 2636 Paulus
2798 2599 2810 2635 :
2850 2601 2869 2634 ι
2894 2584 3211 2641 AcceSsistis
3253 2586 3321 2641 ad
3347 2585 3474 2642 Sion
3499 2598 3761 2652 montem,
3812 2599 3869 2644 et
3896 2591 3958 2644 ad

2355 2674 2622 2727 civitatem
2665 2675 2756 2728 Dei
2803 2676 3026 2730 viventis
3073 2676 3402 2743 Jerusalem,
3457 2688 3512 2732 et
3555 2681 3621 2732 ad
3669 2680 3958 2735 multomm

2357 2765 2582 2818 millium
2628 2767 2938 2835 angelorum
2973 2766 3364 2837 frequentiam,
3410 2784 3464 2825 ct
3505 2771 3804 2826 Ecclesiatn
3858 2776 3960 2842 pri-

2355 2856 2681 2922 mitivorum,
2728 2862 2815 2927 qui
2843 2861 3129 2930 conscripti
3160 2872 3283 2916 sunt
3309 2864 3358 2915 in
3387 2865 3530 2918 czclis
3560 2884 3579 2915 ι
3636 2863 3826 2931 (Hebr.
3871 2868 3956 2921 12.

2353 2947 2469 3016 22).
2545 2951 3025 3020 Primogenitorum
3074 2955 3282 3009 illorqu
3335 2970 3471 3009 unus
3523 2966 3607 3010 cst
3658 2960 3954 3012 secundum

2354 3058 2569 3098 carnem
2614 3043 2879 3112 Christus,
2909 3048 3202 3103 secundum
3242 3048 3574 3103 divinitatem
3608 3049 3952 3120 Uuigenitus.

2354 3139 2486 3206 Quia
2535 3139 2678 3193 enim
2723 3155 2819 3195 eos
2854 3143 2942 3211 qui
2989 3157 3082 3210 per
3129 3143 3364 3212 singulas
3395 3153 3581 3196 tetates
3609 3143 3959 3212 profecerunt

2353 3234 2596 3297 assumit,
2642 3250 2766 3288 cum
2803 3236 3051 3289 omnibus
3078 3245 3131 3290 et
3167 3236 3278 3305 ipse
3309 3236 3695 3304 primogenitus
3738 3236 3955 3290 dicitur.

2356 3326 2481 3380 Ideo
2525 3328 2600 3380 ait
2649 3327 2846 3381 Paulus
2895 3347 2907 3382 :
2967 3328 3347 3400 Primogenitus
3390 3330 3444 3381 in
3491 3330 3663 3382 multis
3713 3331 3957 3397 fratribus

2355 3416 2733 3488 (Rom.8.29).
2766 3419 2960 3473 Verum
2998 3420 3067 3475 de.
3095 3421 3309 3474 homine
3338 3421 3502 3474 multa
3533 3420 3637 3474 dici
3671 3431 3954 3490 poterant:

2355 3518 2601 3563 servatur
2626 3519 2806 3564 autem
2833 3512 3103 3566 enarratio
3134 3513 3185 3565 in
3212 3512 3353 3566 diem
3377 3523 3582 3566 sextam
3611 3525 3954 3582 sequentem,

2356 3602 2410 3655 in
2448 3618 2552 3671 qua
2594 3602 2859 3658 formatus
2903 3614 3005 3670 est,
3052 3614 3127 3668 ut,
3166 3615 3490 3675 cooperante
3529 3605 3710 3660 divina
3742 3610 3953 3677 gratia,

2355 3693 2573 3759 clarior,
2605 3709 2702 3763 pro
2730 3697 2868 3749 virili
2899 3705 3105 3762 nostra,
3147 3698 3319 3751 oratio
3350 3697 3568 3761 evadat;
3620 3713 3728 3752 non
3779 3714 3848 3753 cx
3898 3701 3957 3753 iis

2354 3800 2474 3853 quae
2500 3784 2747 3855 cogitatio
2779 3797 2958 3841 nostra
2987 3787 3364 3859 suppeditabit,
3403 3789 3498 3842 sed
3529 3804 3591 3842 ex
3634 3790 3701 3842 iis
3726 3806 3851 3859 qum
3880 3792 3956 3844 di-

2353 3873 2598 3931 dicimus.
2649 3877 2961 3933 Communis
2989 3881 3182 3948 quippe
3213 3877 3332 3933 fons
3357 3889 3474 3941 est;
3501 3882 3816 3934 communia
3843 3896 3955 3935 mn-

2355 3967 2440 4019 nia
2480 3969 2751 4036 proposita
2795 3969 2958 4033 dona,
3001 3970 3044 4022 si
3089 3969 3249 4023 modo
3281 3983 3377 4023 nos
3405 3971 3632 4023 velimus
3657 3985 3782 4024 cum
3813 3973 3953 4026 omni

2355 4061 2631 4116 alacritate
2657 4059 2891 4114 studium
2922 4062 3200 4116 adhibere.
3250 4060 3566 4116 Sermonem
3610 4073 3798 4116 autem
3839 4079 3954 4118 ver-

2357 4165 2529 4207 tamus
2555 4153 2621 4207 ad
2649 4169 2856 4208 morum
2890 4155 3295 4210 institutionem.

2426 4245 2478 4302 9.
2523 4245 2646 4300 Ileri
2682 4247 3013 4301 ostendimus
3044 4247 3313 4316 quomodo
3354 4260 3474 4301 esse
3503 4245 3699 4299 debeat
3727 4248 3953 4301 clevatio

2355 4356 2608 4394 manuum
2639 4342 2820 4410 pietati
2845 4341 3140 4394 fidentium.
3164 4340 3263 4406 Qui
3290 4339 3380 4392 dat
3402 4337 3748 4407 pauperibus,
3775 4340 3914 4393 dicat
3939 4358 3948 4391 :

2356 4433 2584 4487 Elevatio
2610 4450 2851 4486 manuum
2885 4448 3110 4485 mearum
3139 4430 3312 4501 (Psal.
3345 4430 3466 4485 {‘40.
3498 4430 3577 4499 2).
3611 4430 3714 4496 Qui
3748 4431 3951 4500 lapsum

2357 4526 2530 4594 erigit,
2577 4525 2738 4585 dicat,
2784 4523 3010 4577 Elevatio
3053 4539 3296 4577 manuum
3335 4537 3581 4575 mearum.
3633 4521 3951 4587 Qttteratuus

2358 4616 2551 4671 I’salmi
2581 4616 2912 4685 prooemium,
2940 4613 3366 4684 quandoquidem
3393 4627 3486 4681 par
3505 4621 3586 4666 est
3605 4627 3667 4666 ea
3697 4626 3799 4666 nos
3819 4615 3952 4666 scire

2357 4723 2475 4776 qua:
2506 4707 2798 4776 psallimus.
2829 4705 2938 4759 Cttr
2962 4705 3208 4770 dicimus,
3228 4702 3497 4772 Dirigatur
3526 4703 3690 4755 oratio
3721 4719 3834 4755 mea
3859 4703 3952 4756 sic-

2357 4811 2408 4852 ut
2455 4800 2707 4853 incensum
2747 4798 2798 4850 in
2843 4805 3111 4866 conspectu
3154 4795 3282 4847 tuo?
3324 4793 3439 4847 Non
3479 4793 3622 4846 enim
3671 4792 3948 4846 incensum

2356 4908 2516 4949 omne
2543 4907 2647 4946 non
2675 4889 2954 4958 dirigitur:
2991 4887 3131 4942 Deus
3173 4885 3370 4955 quippe
3400 4893 3800 4953 unguentorum
3844 4883 3950 4936 fra-

2358 4985 2563 5053 grantia
2605 4997 2708 5034 non
2749 4981 3064 5034 delectatur.
3096 4976 3232 5043 Quid
3264 4975 3422 5045 igitur
3450 4985 3532 5030 est
3559 4975 3715 5040 illud,
3746 4974 3951 5044 Dirigu-

2361 5085 2442 5128 tur
2471 5076 2632 5128 oratio
2655 5072 2803 5126 mea?
2832 5070 3101 5124 Articulus
3121 5067 3292 5134 deest,
3326 5068 3396 5121 ita
3426 5076 3484 5120 ut
3509 5080 3704 5122 sensus
3732 5067 3860 5120 dicti
3887 5069 3951 5118 sit

2360 5169 2481 5222 talis
2521 5189 2532 5222 :
2567 5165 2830 5234 Dirigatur
2845 5162 3005 5214 oratio
3026 5176 3136 5213 mea
3167 5159 3295 5212 sicut
3326 5161 3584 5212 incensum
3611 5157 3662 5210 in
3681 5170 3949 5226 corispectu

2362 5270 2468 5314 tuo.
2500 5259 2667 5327 Quale
2696 5254 3007 5310 incensum?
3038 5253 3149 5307 Duo
3179 5252 3362 5308 erant‘
3392 5251 3574 5304 altaria
3604 5250 3654 5303 in
3701 5249 3948 5303 taberna-

2426 5377 2441 5405 ¹
2481 5371 2604 5422 Illud
2629 5371 2902 5420 membrum
2939 5367 3158 5429 phrasis,
3185 5361 3428 5429 Artiorth
3453 5362 3684 5429 deest..."
3811 5359 3947 5429 talis.

2361 5449 2457 5485 non
2483 5421 2660 5498 legitur
2688 5436 2735 5482 in
2761 5430 2897 5498 52V“:
2926 5421 3022 5498 nec
3050 5430 3099 5476 ia
3124 5421 3409 5496 Combeﬁsio
3429 5465 3443 5482 ._
3466 5421 3762 5498 quii‘liabcut
3778 5434 3797 5498 _:

2360 5505 2504 5570 gatur
2532 5489 2689 5570 oratio
2711 5507 2818 5544 mea
2850 5492 2971 5570 sicut
3005 5489 3252 5570 incensum
3281 5489 3333 5537 in
3363 5489 3948 5570 commfflu‘fufmijuat:

2362 5545 2610 5610 incensum
2634 5557 2657 5606 ?
2684 5565 2788 5606 nuo
2809 5561 2974 5610 erant,
3004 5562 3102 5602 etc.
3129 5561 3305 5602 sensus
3331 5560 3422 5607 est,
3449 5548 3498 5595 ui
3520 5545 3676 5610 fallor,
3687 5545 3948 5610 articulum

2363 5607 2479 5671 ante
2505 5607 2661 5681 ius...
2682 5621 2864 5668 deesse
2883 5653 2896 5676 ,
2921 5607 2973 5665 ut
2998 5616 3234 5681 indicetur
3258 5616 3510 5681 incensum
3532 5607 3946 5681 quoddauipecn-

2366 5685 2512 5739 Iiare,
2539 5674 2666 5744 quod
2710 5683 2824 5744 ἰιηευΔ
2852 5674 3017 5741 pestea
3058 5678 3248 5744 indicat.
3284 5674 3465 5744 Verlum
3497 5674 3649 5744 etiam.
3675 5674 3746 5740 sic
3778 5680 3948 5744 sensus

2367 5730 2632 5801 claudicat,
2659 5730 2888 5791 articulus
2914 5744 3044 5789 enim
3068 5732 3501 5801 potiuspeculiarc
3535 5730 3782 5801 quidpiam
3825 5731 3942 5780 iudi-

2363 5816 2516 5860 caret.
2545 5795 2660 5856 Rem
2684 5819 2780 5855 non
2805 5804 2970 5866 majori
2996 5795 3349 5864 pcrqtttsitiene
3372 5795 3565 5858 dignam
3590 5795 3844 5843 mittimus.
