4158 6320
186 394 292 453 467

211 499 513 573 μελλόντων
552 499 850 553 πιστεύειν.
881 499 955 554 Οὐ
993 498 1102 571 γὰρ
1135 499 1369 568 ἀνῆλθεν
1406 501 1434 553 6
1462 497 1671 559 Παῦλος
1716 495 1798 556 εἰς

219 585 612 656 Ἰερουσαλὴμ,
664 585 914 653 λέγουσιν
967 587 1016 637 ot
1067 583 1490 637 συναπόστολοι·
1531 579 1797 648 Θεωρεῖς,

207 668 436 736 ἀδελφέ
470 666 691 729 Παῦλε,
723 667 906 719 πόσαι
936 665 1224 735 μυριάδες
1251 667 1369 720 εἰσί
1399 665 1517 718 τῶν
1556 678 1802 717 πιστευ-

206 751 451 804 σάντων
489 749 817 803 Ἰουδαίων.
848 749 1090 818 Προῖδὼν
1128 745 1222 803 οὐν
1258 749 1386 810 τοὺς
1425 747 1800 808 πιστεύοντας,

206 836 464 902 ἐφείσατο
496 830 606 884 τῶν
643 833 1087 901 ἀπιστησάντων·
1135 832 1196 884 οὐ
1231 831 1298 884 δι’
1345 831 1623 896 ἐκείνους,
1667 827 1804 883 ἀλλὰ

203 919 294 970 διὰ
332 915 485 988 [476]
510 913 602 967 τὸν
629 914 688 979 ἐξ
729 913 910 967 αὐτῶν
943 914 1204 984 μέλλοντα
1236 915 1519 968 τίκτεσθαι
1568 913 1799 985 καρπόν.

203 1001 316 1053 Καὶ
354 1000 622 1069 μαρτυρεῖ
657 997 881 1058 Ἡσαΐας
902 1013 916 1026 ·
950 997 1059 1050 Καὶ
1093 999 1146 1050 εἰ
1184 996 1272 1067 μὴ
1316 999 1533 1065 Κύριος
1561 996 1806 1050 Σαϐαὼθ

199 1084 597 1154 ἐγκατέλιπεν
633 1081 778 1150 ἡμῖν
806 1079 1064 1149 σπέρμα,
1093 1082 1174 1146 ὡς
1212 1080 1447 1150 Σόδομα
1482 1080 1559 1134 ἂν
1594 1081 1804 1148 ἐγενή-

201 1172 419 1237 θημεν,
470 1165 568 1218 καὶ
618 1165 698 1230 ὡς
750 1163 1028 1232 Γόμορρα
1075 1164 1152 1217 ἂν
1203 1164 1607 1233 ὡμοιώθημεν.
1663 1162 1803 1214 Ἀλλ’

202 1247 320 1322 ἆρα
359 1249 432 1320 μὴ
464 1249 622 1318 ἡμεῖς
666 1246 1005 1316 ἐϐιασάμεθα
1036 1247 1098 1298 τὸ
1135 1246 1308 1317 ῥῆμα,
1348 1246 1443 1299 καὶ
1474 1246 1602 1316 περὶ
1643 1244 1803 1298 ἄλλου

203 1330 366 1387 εῐπεν
405 1332 658 1393 Ἡσαΐας;
708 1329 845 1381 Ἀλλ’
889 1329 1053 1382 ἄκουε
1102 1330 1273 1383 ταῦτα
1327 1328 1536 1382 Παύλου
1568 1327 1662 1380 τοῦ
1697 1326 1804 1381 τῶν

203 1415 504 1487 προφητῶν
544 1412 772 1480 ἀδελφοῦ
818 1413 909 1465 καὶ⁸
949 1412 1236 1483 ἑρμηνέως
1293 1412 1572 1480 λέγοντος’
1615 1410 1808 1464 Ἀδελο

199 1502 332 1569 φοί,
369 1501 486 1552 νῦν
528 1496 747 1565 λεῖμμα
774 1497 900 1548 κατ’
931 1495 1199 1564 ἐκλογὴν
1233 1495 1478 1564 χάριτος
1532 1493 1802 1564 γέγονεν,

204 1586 315 1636 ἵνα
373 1579 538 1648 σωθῇ
607 1578 673 1632 τὸ
739 1577 1132 1647 κατάλειμμα.
1198 1579 1308 1632 Καὶ
1382 1577 1579 1642 καθὼς
1637 1573 1808 1631 εἶπεν

211 1668 486 1730 Ἡσαταςι
519 1667 587 1718 El
612 1662 700 1733 μὴ
728 1663 944 1731 Κύριος
971 1662 1215 1716 Σαϐαὼθ
1239 1661 1636 1731 ἐγκατέλιπεν
1662 1659 1808 1730 ἡμῖν

197 1749 466 1816 σπέρμα,
500 1748 576 1813 ὡς
609 1746 843 1814 Σόδομα
883 1744 961 1799 ἂν
998 1745 1387 1815 ἐγενήθημεν.
1419 1745 1669 1798 ’Ἂπαντα
1698 1744 1808 1816 γὰρ

199 1833 454 1904 προεῖδεν
490 1832 518 1882 6
563 1829 716 1892 Θεὸς,
751 1828 845 1881 καὶ
879 1828 978 1898 οὐχ
1024 1829 1100 1891 ὡς
1141 1830 1301 1900 ἡμεῖς
1335 1828 1514 1900 χρόνῳ
1559 1827 1808 1880 διδασκό-

202 1917 355 1987 μεθα
383 1915 449 1967 τὰ
479 1913 804 1986 πράγματα,
828 1910 972 1965 οὕτω
1012 1914 1107 1965 καὶ
1139 1915 1167 1966 6
1199 1913 1332 1976 Θεὸς
1361 1913 1450 1965 διὰ
1478 1913 1577 1982 τῆς
1612 1911 1808 1982 πείρας

202 1999 497 2071 μανθάνει.
543 1996 730 2060 Πάλιν,
779 1995 853 2058 ὼς
887 1995 1149 2059 πολλάκις
1187 1991 1361 2060 εἷπον,
1407 1995 1477 2048 τὰ
1524 1995 1653 2065 τέλη
1699 1995 1808 2046 τῶν

197 2083 421 2137 αἰώνων
449 2080 704 2132 ἔϐλεπεν·
738 2079 828 2131 τὸν
864 2080 1038 2148 Ἀδὰμ
1071 2074 1212 2131 εἶδεν
1244 2079 1649 2149 ἁμαρτάνοντα,
1683 2093 1812 2144 προ-

199 2166 358 2238 εώρα
406 2165 500 2218 καὶ
547 2165 674 2226 τοὺς
707 2163 764 2228 ἐξ
804 2162 972 2216 αὐτοῦ
1013 2163 1306 2233 μέλλοντας
1351 2161 1617 2228 δικαίους,
1655 2161 1808 2214 ἔϐλε-

199 2267 310 2303 πεν
345 2265 367 2287 ο
419 2248 580 2302 αὐτὸν
644 2246 1040 2316 ἐκϐαλλόμενον
1100 2245 1196 2298 τοῦ
1255 2245 1624 2319 παραδείσουο
1671 2245 1808 2299 ἀλλὰ

200 2331 494 2403 προεώρα,
523 2332 603 2384 ὅτι
631 2329 957 2401 ἡτοίμασται
989 2328 1140 2400 αὐτῷ
1175 2328 1467 2399 βασίλειον.
1497 2329 1570 2382 Τὸ
1595 2329 1653 2382 δὲ
1687 2327 1811 2383 θαυ-

205 2416 440 2484 μαστὸν,
475 2413 582 2483 πρὸ
629 2412 724 2465 τοῦ
776 2412 1108 2483 παραδείσου
1161 2413 1195 2483 ἡ
1251 2411 1500 2481 βασιλεία
1565 2411 1803 2479 ἐγένετο·

199 2496 526 2563 Θαυμάζεις
553 2495 636 2548 ότι
665 2495 838 2564 Ἀδὰμ
865 2495 1128 2565 ἐξεϐλήθη
1159 2493 1255 2548 τοῦ
1284 2494 1644 2565 παραδείσου;
1677 2493 1812 2548 Θαύ⁹

205 2598 386 2652 μασον
415 2581 494 2632 ὅτι
529 2581 636 2649 πρὸ
665 2579 759 2632 τοῦ
794 2575 1130 2652 παραδείσου
1165 2580 1198 2649 ἡ
1236 2579 1484 2649 βασιλεία
1513 2579 1622 2632 τῶν
1647 2579 1812 2648 οὐρα-

202 2664 316 2717 νῶν
357 2661 505 2733 αὐτῴ
541 2661 856 2732 ἡτοίμαστο.
888 2661 1052 2729 Λέγει
1081 2662 1108 2713 6
1144 2662 1355 2732 Σωτήρ⁸
1392 2660 1592 2724 Δεῦτε,
1623 2664 1677 2715 οί
1713 2663 1812 2714 εὐ-

201 2746 533 2817 λογημένοι
579 2745 684 2799 τοῦ
719 2747 951 2813 Πατρός
978 2762 1118 2814 μου,
1162 2745 1662 2814 κληρονομήσατε
1698 2746 1812 2811 τὴν

203 2830 665 2901 ἡτοιμασμένην
717 2830 860 2899 ὑμῖν
910 2829 1240 2894 βασιλείαν
1298 2830 1418 2883 άπὸ
1471 2829 1812 2899 καταϐολῆς

204 2920 472 2986 κόσμου.

285 3055 748 3127 Αἰσχυνθήτωσαν
786 3055 1076 3125 αἱρετικοὶ,
1111 3055 1180 3108 τὰ
1228 3056 1610 3126 ἡτοιμασμένοι
1634 3055 1661 3094 δ
1700 3056 1812 3115 τοῖς

207 3144 392 3212 ἁγίοις
432 3142 538 3212 πρὸ
583 3140 886 3210 καταϐολῆς
919 3141 1149 3210 κόσμου,
1196 3143 1288 3194 καὶ
1329 3143 1356 3191 6
1394 3141 1518 3202 Υἱὸς
1565 3135 1631 3208 ἦν
1681 3155 1810 3190 ποτε

205 3229 298 3279 ὅτε
332 3226 431 3277 οὐκ
461 3220 549 3293 ἦν.
596 3226 846 3292 Σχήματι
893 3222 1218 3292 ὁμολογοῦσι
1274 3225 1575 3292 Μονογενῆ,
1625 3220 1812 3290 ἐπειδὴ

206 3306 511 3375 ἀπαλεῖψαι
545 3306 606 3357 τὸ
658 3308 893 3376 γράμμα
937 3306 997 3358 οὐ
1035 3305 1329 3360 δύνανται“
1377 3306 1438 3357 τὸ
1473 3305 1622 3375 ῥῆμα
1652 3304 1811 3374 χαρί-

206 3391 430 3455 ζονται,
478 3389 665 3442 καὶτὸ
711 3389 942 3458 πρᾶγμα
992 3387 1340 3442 κλέπτουσιν.
1395 3389 1520 3441 Ἐὰν
1571 3387 1812 3456 εἴπωμεν

211 3472 483 3544 μονογενῆ
537 3472 694 3533 Υίὸν,
744 3471 950 3534 εὐθέως
997 3469 1255 3537 λέγουσι’
1308 3471 1625 3540 Γέγραπται
1681 3468 1809 3532 καὶ,

207 3557 596 3624 Πρωτότοκος
627 3553 830 3620 πάσης
871 3553 981 3621 τῆς
1018 3553 1396 3623 οἰκουμένης.
1429 3553 1636 3606 Οὐκοῦν
1672 3553 1813 3605 κατὰ

209 3641 340 3702 τοὺς
388 3639 701 3710 αἱρετικοὺς
735 3639 802 3690 τά
836 3637 929 3690 δύο
967 3637 1220 3708 μάχεται.
1272 3639 1334 3689 Εἰ
1389 3636 1498 3707 γὰρ
1533 3635 1811 3707 πρωτότο-

210 3740 339 3785 κος,
377 3721 437 3772 ού
477 3721 801 3790 μονογενής·
838 3721 866 3773 6
906 3719 1013 3792 γὰρ
1066 3719 1445 3791 πρωτότοκος.
1488 3720 1618 3771 ὅταν
1659 3719 1812 3771 ἀδελ-

211 3807 350 3873 φοὺς
403 3804 538 3872 ἔχη,
596 3803 940 3871 πρωτότοκος
986 3802 1242 3869 λέγεται·
1288 3806 1317 3855 6
1358 3803 1414 3854 δὲ
1478 3801 1808 3871 μονογενὴς,

212 3889 310 3940 ἐὰν
358 3885 619 3952 ἀδελφοὺς
666 3884 800 3954 ἔχῃ,
853 3884 1146 3953 μονογενὴς
1193 3885 1253 3936 οὐ
1287 3885 1539 3951 λέγεται·
1588 3901 1811 3953 μονογε-

212 3971 310 4039 νὴς
345 3969 452 4039 γάρ
500 3971 650 4021 ἐστιν
681 3970 708 4019 6
749 3967 910 4036 μόνος
960 3966 1022 4020 ἐκ
1071 3985 1216 4030 τινος
1267 3967 1583 4035 γεννηθείς·
1628 3966 1810 4028 καθὼς

213 4053 313 4105 καὶ
376 4054 408 4120 ἡ
464 4049 656 4120 Γραφὴ
725 4053 994 4122 μαρτυρεῖ
1051 4050 1187 4122 πρὸς
1246 4051 1337 4103 τὸν
1413 4050 1664 4121 ’Λϐραάμ
1721 4049 1812 4102 λέ-

211 4149 426 4203 γουσαο
461 4133 617 4188 Λάϐε
657 4133 765 4185 τὸν
805 4135 939 4187 υἱόν
971 4151 1089 4188 σου
1140 4135 1248 4186 τὸν
1291 4132 1611 4202 μονογενῆ.
1655 4135 1813 4203 Πρω-

210 4221 437 4280 τὸτοκος
465 4217 680 4285 λέγεται
709 4217 736 4270 6
768 4217 1032 4284 ἀδελφοὺς
1071 4216 1238 4286 ἔχων·
1288 4216 1560 4288 πρωτεύει
1593 4216 1700 4286 γὰρ
1734 4214 1813 4284 τῷ

214 4303 471 4370 γενέσθαι
529 4300 768 4370 πρῶτος.
823 4300 883 4352 Ὀ
933 4299 990 4352 δέ
1047 4300 1340 4370 μονογενὴς
1397 4301 1475 4368 τῷ
1532 4299 1608 4369 μὴ
1667 4299 1813 4369 ἔχειν

211 4384 482 4451 ἀδελφοὺς
541 4383 759 4451 λέγεται
809 4385 1126 4452 μονογενής.
1184 4383 1295 4435 Καὶ
1350 4382 1554 4453 ἑτέρως
1601 4382 1657 4434 δὲ
1712 4400 1812 4452 μο-

213 4469 445 4536 νογενής
490 4468 658 4532 ἐστιν,
694 4465 723 4517 6
756 4467 1052 4536 μονογενὴς
1090 4465 1151 4518 ἔκ
1183 4482 1325 4528 τινος
1370 4465 1672 4536 γεννηθεὶς,
1715 4466 1813 4535 οὐχ

213 4553 242 4601 ὀ
273 4550 436 4620 μόνος
474 4548 764 4617 γενόμενος
785 4589 798 4613 ,
835 4549 908 4610 ὡς
941 4548 1359 4619 ῥᾳδιουργοῦσιν
1387 4549 1675 4620 αἱρετικοί.
1701 4549 1814 4602 Μο-

213 4635 467 4704 νογενὴς,
510 4635 592 4687 ὄτι
641 4635 799 4704 μόνος
845 4636 1060 4703 ἐγένετο
1097 4635 1360 4699 τοιοῦτος.
1409 4635 1619 4690 Οὐκοῦν
1661 4637 1754 4688 καὶ
1785 4636 1813 4687 6

227 4724 420 4787 Ἠλίας
450 4724 766 4794 μονογενὴς,
797 4724 878 4776 ὅτι
913 4725 1075 4794 μόνος
1107 4725 1347 4789 τοιοῦτος
1370 4740 1382 4752 ·
1410 4725 1547 4796 ὅπερ
1574 4725 1673 4778 οὐκ
1699 4725 1811 4794 ἔχει

211 4814 396 4879 λόγον.
443 4809 604 4864 Ἀλλά
654 4812 918 4880 μονογενῆ
972 4813 1092 4875 ἔθος
1146 4813 1330 4880 λέγειν
1379 4815 1444 4882 τῇ
1481 4813 1674 4884 Γραφῇ
1720 4812 1813 4863 τὸν

215 4901 385 4972 μόνον
409 4898 472 4950 ἐκ
509 4916 654 4960 τινος
689 4899 1037 4969 γεννηθέντα,
1068 4900 1210 4952 κατά
1237 4901 1335 4970 τὴν
1375 4898 1808 4970 προπαρατεθεῖ-

215 5005 319 5042 σαν
363 4987 636 5050 ἀπόδειξιν
661 4987 737 5058 τῷ
769 4989 994 5057 ῥήματι.
1031 4987 1295 5058 Πρόσεχε.
1334 4987 1394 5043 Ὀ
1442 4988 1808 5058 πρωτότοκος,

213 5078 314 5130 ἐὰν
358 5073 622 5140 ἀδελφοὺς
659 5076 734 5144 μὴ
768 5075 896 5146 ἔχῃ,
951 5075 1244 5144 μονογενής
1294 5076 1462 5127 ἐστιν.
1525 5074 1668 5142 Ἐγὼ
1713 5077 1811 5144 οὐχ

214 5167 340 5230 ἱνα,
371 5163 430 5215 οὐ
461 5161 572 5224 δύο,
604 5163 662 5214 οὐ
692 5168 860 5232 τρεῖς,
889 5163 1022 5215 ἀλλὰ
1051 5163 1279 5224 πολλοὺς
1309 5162 1694 5235 πρωτοτόκους
1717 5165 1812 5216 εὐ-

216 5255 418 5325 ρίσκω.
461 5248 621 5302 Ξένον
663 5252 914 5320 πρᾶγμα.
948 5251 1287 5322 Πρωτότοκοι
1317 5251 1434 5316 πῶς
1471 5251 1688 5314 πολλοί;
1717 5247 1814 5314 Εἷς

213 5340 327 5409 γὰρ
363 5337 567 5406 ὀφείλει
609 5331 769 5389 εἶναι.
817 5337 1087 5402 Ἐξέτεινα
1114 5337 1204 5390 τὸν
1238 5337 1393 5406 λόγον
1432 5337 1520 5391 διὰ
1551 5337 1638 5390 τὸν
1665 5353 1814 5407 πρω-

213 5429 442 5480 τότοκον
474 5427 566 5479 καὶ
595 5427 687 5478 τὸν
723 5427 1014 5495 μονογενῆ·
1039 5425 1258 5496 λύωμεν
1289 5427 1346 5479 δὲ
1376 5426 1436 5479 τὸ
1457 5427 1682 5497 ἄπορον.
1709 5425 1812 5476 Τὸν

285 5638 310 5665 ⁸
346 5635 468 5696 Τοὺς
488 5636 535 5690 ἐξ
559 5634 704 5682 αὐτοῦ
730 5633 1197 5696 δικαιοπραγοῦντας,
1235 5637 1442 5684 ἔϐλεπεν.

290 5701 316 5739 b
341 5695 432 5760 Hic
456 5703 594 5744 locus
613 5705 874 5760 inonivagal
901 5695 1183 5760 Suspicione
1206 5700 1389 5748 mendi.
1415 5700 1526 5748 Sav.
1547 5703 1655 5760 post
1679 5699 1812 5760 ἡτοι-

215 5759 460 5882 ῌῖιμεᾶνέ,
485 5759 684 5817 supplet
711 5758 961 5813 ἀκούοντες
1004 5759 1174 5820 ἀγαθά,
1199 5775 1239 5808 s.
1296 5762 1532 5821 ϐασίλεια,
1549 5758 1686 5822 ‘post
1709 5758 1809 5816 καί,

329 5837 351 5876 ς
453 5834 599 5873 οντες.

329 5837 351 5876 ς
369 5834 599 5876 Αεγοντες.

519 5918 796 5978 ΡΑτιιοι.
845 5916 964 5974 Gn.
1017 5912 1172 5974 LVI.

1279 378 1367 435 DE
1396 376 1613 436 MUNDI
1647 372 2047 432 CREATIONE
2092 373 2356 429 ORATIO
2397 378 2485 433 IV.

1904 491 2124 564 πρῶτον
2161 493 2492 548 πιστεύοντα
2521 494 2656 558 Θεὸς
2695 504 2754 549 έν
2789 507 2853 566 τῃ
2894 497 2997 570 ἰδίᾳ
3031 499 3191 568 γενεᾷ
3222 499 3498 568 πρωτότοο

1905 597 2000 634 κον
2038 581 2224 645 καλεῖ,
2260 582 2360 652 οὐχ
2401 582 2477 645 ὼς
2510 582 2729 656 πρῶτον
2770 583 2948 638 ἄλλων
2988 585 3219 649 πιστῶν,
3255 585 3392 638 ἀλλὰ
3437 588 3498 638 ἐν

1905 670 2018 732 τοῖς
2065 668 2216 732 ἰδίοις
2262 670 2479 739 χρόνοις
2517 669 2734 741 πρῶτον
2783 671 3052 740 φανέντα·
3093 665 3225 735 οἷον,
3259 673 3317 724 ἐν
3343 669 3497 744 [47η

1904 757 2171 828 Αἰγύπτῳ
2216 753 2287 829 ἦν
2330 759 2358 811 ό
2395 758 2554 825 λαὸς,
2604 759 2751 828 λέγει
2790 762 2819 813 6
2875 759 3007 824 Θεὸς
3057 761 3144 815 διὰ
3187 759 3497 823 Μωῦσέως·

1917 847 2052 911 Υἱὸς
2101 846 2481 914 πρωτότοκός
2528 863 2648 916 μου
2701 846 2962 915 Ἰσραήλ.
3006 843 3196 900 Εἴπω
3251 847 3500 911 Ἑξαπύ-

1907 937 2156 990 στειλόν
2177 953 2280 1006 μοι
2308 935 2416 990 τὸν
2443 938 2599 990 λαόν
2619 954 2760 1005 μου.
2804 936 2932 990 Ἰδοὺ
2963 935 3087 998 λαὸς
3119 937 3462 1006 πρωτότοκος
3481 951 3497 966 °

1908 1025 2095 1095 ἐπειδὴ
2127 1027 2184 1077 ἐν
2214 1024 2292 1095 τῷ
2322 1024 2498 1096 καιρῷ
2522 1025 2718 1095 ἐκείνῳ
2753 1025 2966 1094 πρῶτος
2991 1017 3058 1095 ἧν
3089 1025 3216 1088 λαὸς
3255 1027 3500 1092 ἐπεγνω-

1908 1113 2018 1175 κὼς
2051 1112 2142 1164 τὸν
2181 1111 2337 1165 Θεόν.
2385 1109 2648 1180 Ἀνέκυψε
2698 1111 2837 1182 μετὰ
2889 1110 3064 1164 ταῦτα
3118 1109 3309 1176 Δαυῒδ,
3363 1109 3503 1182 μετὰ

1908 1201 1999 1252 τὸν
2033 1201 2219 1271 νόμον,
2267 1199 2407 1269 μετὰ
2458 1198 2661 1261 πολλὰς
2693 1198 2886 1267 γενεὰς
2913 1240 2926 1261 ,
2972 1199 3065 1252 καλ⁸
3101 1197 3498 1267 ἐπαγγέλλεται

1908 1287 2083 1355 λέγων
2111 1289 2140 1339 6
2174 1286 2307 1348 Θεὸς
2331 1327 2345 1350 ,
2382 1287 2446 1338 ἐκ
2471 1284 2564 1338 τοῦ
2601 1285 2916 1356 σπέρματος
2945 1286 3109 1339 αὐτοῦ
3141 1286 3230 1339 τὸν
3261 1287 3498 1356 Χριστὸν

1909 1375 2273 1445 ἀναστήσειν,
2335 1376 2429 1428 καὶ
2474 1375 2626 1442 λέγει
2676 1375 2882 1438 οὓτως·
2925 1371 3123 1442 Εὗρον
3169 1376 3350 1430 Δαυῒδ
3393 1376 3503 1429 τὸν

1907 1462 2136 1517 δοῦλόν
2160 1481 2302 1532 μου,
2332 1463 2403 1515 ἐν
2430 1462 2613 1529 ἐλαίῳ
2638 1462 2784 1531 ἁγίῳ
2816 1462 3035 1532 ἕχρισα
3066 1463 3273 1516 αὐτόν.
3308 1464 3503 1526 Αὐτὸς

1907 1550 2332 1606 ἐπικαλέσεταί
2359 1567 2438 1620 με
2461 1591 2475 1614 ,
2522 1549 2725 1618 Πατήρ
2754 1567 2873 1618 μου
2900 1546 2958 1604 εἷ
2995 1550 3097 1603 σύ.
3138 1549 3311 1620 Κάγὼ
3342 1567 3502 1619 πρω-

1909 1640 2162 1693 τότοκον
2186 1637 2446 1707 θήσομαι
2465 1639 2672 1690 αὐτόν.
2705 1638 2767 1690 Εἰ
2797 1637 2855 1690 δέ
2888 1637 3236 1708 πρωτότοκος
3261 1638 3290 1690 6
3313 1635 3499 1698 Δαυῒδ.

1912 1726 2256 1798 πρωτότοκος
2283 1727 2378 1779 καὶ
2403 1728 2432 1777 6
2462 1726 2612 1788 λαός.
2663 1725 2722 1777 '0
2765 1724 2938 1793 Ἀδὰμ
2971 1727 3317 1795 πρωτότοκος
3346 1726 3403 1776 ἐν
3431 1726 3498 1794 τῇ

1915 1817 2020 1888 ἰδίᾳ
2045 1817 2229 1886 γενεᾷ,
2254 1815 2401 1880 Νῶε,
2434 1814 2558 1884 Σὴμ
2595 1815 2952 1885 πρωτότοκοι,
2999 1812 3252 1885 Ἀϐραὰμ
3286 1814 3502 1883 πρωτό-

1909 1921 2066 1968 τοκος
2098 1906 2156 1958 ἐν
2199 1907 2266 1975 τῇ
2315 1904 2423 1974 ἰδίᾳ.
2465 1905 2659 1974 γενεᾷ,
2691 1903 2968 1974 Μωῦσῆς,
3011 1903 3273 1966 Ἡσαΐας,
3315 1902 3502 1974 ἐπειδὴ

1911 1992 2054 2046 κατὰ
2079 1994 2206 2055 τοὺς
2238 1992 2450 2045 ἑαυτῶν
2479 1992 2705 2062 χρόνους
2744 1991 3060 2062 προέκυψαν
3085 1993 3164 2054 εἰς
3194 1989 3498 2044 εὐσέϐειαν.

1924 2081 2020 2133 Ἐκ
2060 2081 2268 2134 τούτων
2322 2081 2535 2134 πολλῶν
2581 2081 2947 2152 πρωτοτόκων
2997 2080 3238 2151 συνήχθη
3290 2080 3500 2151 μεγάλη

1924 2169 2243 2240 Ἐκκλησία,
2270 2170 2366 2225 καὶ
2403 2169 2552 2223 ἐστιν
2586 2173 2644 2223 ἐν
2675 2168 2911 2240 οὐρανῷ.
2940 2170 3230 2241 Μαρτυρεῖ
3255 2168 3498 2232 Παῦλοςο

1911 2258 2420 2325 Προσεληλύθατε
2445 2257 2600 2312 Σιὼν
2629 2258 2751 2325 ὄρει
2783 2257 2880 2310 καί
2905 2259 3079 2310 πόλει
3106 2257 3256 2312 Θεοῦ
3286 2255 3502 2323 ζῶντος

1925 2344 2344 2414 Ἰερουσαλὴμ,
2379 2345 2478 2399 καί
2507 2345 2799 2414 μυριάσιν
2840 2347 3112 2414 ἀγγέλων
3151 2346 3501 2415 πανηγύρει,

1912 2433 2011 2486 καὶ
2047 2433 2375 2500 Ἐκκλησία
2419 2434 2808 2500 πρωτοτόκων
2847 2431 3392 2501 ἀπογεγραμμένων
3431 2433 3505 2485 ἐν

1915 2519 2215 2588 οὐρανοῖς.
2257 2519 2513 2572 Ἐκείνων
2549 2519 2656 2571 τῶν
2694 2518 3056 2590 πρωτοτόκων
3088 2511 3167 2581 εἷς
3201 2520 3317 2571 ἐστι
3360 2521 3504 2572 κατά

1916 2610 2094 2677 σάρκα
2122 2606 2380 2676 Χριστὸς,
2406 2607 2546 2659 κατὰ
2581 2607 2680 2677 τὴν
2706 2604 2937 2676 θεότητα
2964 2606 3298 2675 Μονογενὴς.
3331 2606 3505 2659 Ἐπειο

1913 2695 1976 2762 δὴ
2018 2695 2127 2762 γάρ
2156 2695 2284 2757 τοὺς
2329 2696 2390 2746 ἐν
2437 2696 2644 2768 ἑκάστῃ
2674 2695 2840 2764 γενεᾷ
2881 2693 3293 2764 προκόπτοντας
3336 2711 3505 2765 προσ-

1913 2781 2274 2850 λαμϐάνεται,
2317 2781 2456 2852 μετὰ
2490 2782 2710 2834 πάντων
2739 2782 2832 2833 καὶ
2863 2781 3026 2844 αὐτὸς
3050 2781 3395 2852 πρωτότοκος
3416 2782 3504 2835 λέ-

1911 2887 2087 2938 γεται.
2138 2872 2236 2925 Διὰ
2283 2871 2444 2925 τοῦτο
2491 2871 2640 2940 λέγει
2698 2870 2946 2936 Παῦλος·
2999 2872 3380 2940 Πρωτότοκος
3434 2873 3507 2926 ἐν

1913 2958 2168 3025 πολλοῖς
2213 2958 2522 3029 ἀδελφοῖς.
2580 2959 2722 3013 Ἀλλ’
2770 2958 2850 3011 ενι
2895 2958 3025 3029 περὶ
3069 2956 3165 3011 τοῦ
3212 2957 3504 3030 ἀνθρώπου

1913 3051 2086 3104 πολλὰ
2112 3054 2286 3104 εἰπεῖν
2307 3068 2320 3081 ο
2354 3054 2606 3124 τηρεῖται
2635 3051 2691 3104 δὲ
2719 3050 2780 3106 τὸ
2816 3051 3061 3122 διήγημα
3088 3053 3154 3121 τῇ
3189 3051 3321 3120 ἑξῆς
3348 3051 3405 3103 ἐν
3433 3053 3502 3121 τῇ

1913 3140 2047 3210 ἕκτῃ
2081 3140 2285 3212 ἡμέρᾳ,
2336 3141 2394 3193 ἐν
2515 3140 2608 3194 καὶ
2653 3138 2923 3210 ἐπλάσθη,
2960 3141 3066 3206 ἵνα,
3113 3139 3211 3209 τῆς
3241 3139 3336 3192 τοῦ
3365 3139 3502 3192 Θεοῦ

1915 3231 2136 3300 χάριτος
2185 3229 2586 3300 συνεργούσης,
2618 3229 2994 3300 ἐντελέστερον
3019 3228 3323 3300 σαφηνισθῇ
3364 3227 3504 3282 κατᾶ

1914 3316 2144 3387 δύναμιν
2165 3316 2263 3390 τὴν
2285 3316 2562 3387 ἡμετέραν
2584 3319 2610 3369 6
2629 3317 2784 3384 λόγος
2805 3333 2816 3346 ·
2841 3317 2942 3369 οὐκ
2969 3317 3027 3383 ἐξ
3050 3311 3124 3370 ὧν
3151 3316 3502 3387 λογιζόμεθα,

1913 3405 2029 3460 ἀλλ’
2062 3407 2120 3473 ἐξ
2153 3399 2228 3461 ὧν
2265 3407 2659 3476 παιδευόμεθα.
2708 3404 2879 3476 Κοινὴ
2927 3405 3038 3475 γὰρ
3067 3408 3100 3475 ἡ
3133 3407 3309 3476 πηγὴ,
3346 3407 3504 3458 κοινὰ

1915 3494 2092 3547 πάντα
2113 3495 2182 3547 τὰ
2203 3494 2545 3564 προκείμενα
2564 3493 2731 3561 δῶρα,
2751 3493 2847 3546 ἐὰν
2881 3493 3042 3562 μόνον
3067 3493 3310 3562 θέλωμεν
3339 3494 3504 3563 ἡμεῖς

1919 3580 2057 3650 μετὰ
2087 3581 2269 3649 πάσης
2290 3579 2602 3651 προθυμίας
2634 3579 2977 3644 σπουδάζειν.
2999 3579 3302 3651 Τρέψωμεν
3325 3579 3382 3633 δὲ
3407 3580 3502 3633 τὸν

1914 3666 2071 3735 λόγον
2099 3668 2192 3720 ἐπὶ
2215 3667 2314 3739 τὴν
2345 3665 2456 3720 τῶν
2482 3666 2628 3736 ἡθῶν
2657 3667 2998 3736 ἐπιμέλειαν.

1985 3793 2050 3852 θ’.
2088 3792 2230 3856 Χθές
2261 3792 2475 3863 ἐδείχθη
2501 3792 2616 3855 πῶς
2632 3793 2712 3845 δεῖ
2751 3787 3140 3860 εἷναιὲπαρσιν
3184 3791 3380 3860 χειρῶν
3414 3807 3500 3843 πε-

1915 3879 2420 3950 παρρησιασμένων
2448 3881 2507 3931 έν
2541 3879 2815 3950 εὐσεϐείᾳ.
2855 3879 2914 3932 ’0
2962 3878 3136 3940 διδοὺς
3183 3877 3376 3947 πένησι
3415 3877 3504 3930 λε-

1915 3970 2080 4036 γέτω,
2119 3970 2416 4036 Ἔπαρσις
2453 3965 2571 4021 τῶν
2611 3966 2828 4036 χειρῶν
2863 3986 3004 4036 μου.
3039 3967 3099 4021 '0
3134 3967 3365 4037 ἐγείρων
3410 3966 3503 4019 τὸν

1917 4058 2155 4110 πεσόντα
2180 4056 2419 4124 λεγέτω,
2455 4057 2752 4122 Ἔπαρσις
2780 4054 2897 4108 τῶν
2922 4054 3139 4124 χειρῶν
3159 4072 3302 4122 μου.
3331 4054 3504 4125 Ζητὴ-

1919 4162 2101 4214 σωμεν
2130 4144 2187 4197 δὲ
2219 4144 2281 4196 τὸ
2310 4144 2599 4213 προοίμιον
2625 4143 2720 4195 τοῦ
2750 4142 2993 4212 ψαλμοῦ,
3028 4144 3215 4212 ἐπειδὴ
3243 4142 3278 4196 ἃ
3301 4142 3501 4211 ψάλλος

1920 4248 2018 4299 μεν
2058 4230 2276 4290 πάντως
2337 4229 2538 4281 εἰδέναι
2587 4231 2715 4299 χρή.
2768 4229 2920 4280 Διατί
2963 4229 3228 4299 λέγομεν,
3275 4229 3503 4282 Κατευ-

1917 4316 2188 4381 θυνθήτω
2238 4318 2276 4384 ἡ
2323 4315 2636 4384 προσευχὴ
2677 4334 2797 4384 μου
2825 4317 2905 4381 ὡς
2944 4317 3207 4386 θυμίαμα
3246 4317 3504 4370 ἐνώπιόν

1915 4421 2070 4471 σου;
2094 4408 2210 4460 Πᾶν
2230 4406 2341 4476 γὰρ
2370 4406 2625 4478 θυμίαμα
2649 4407 3043 4461 κατευθύνεται
3063 4419 3084 4445 ο
3110 4424 3122 4437 ⁸
3152 4408 3212 4461 οὐ
3244 4409 3351 4479 γὰρ
3370 4407 3506 4472 Θεὸς

1916 4495 2114 4564 εὐωδίᾳ
2155 4495 2413 4566 τέρπεται
2469 4497 2677 4566 μύρων.
2721 4497 2787 4549 Τί
2835 4493 2928 4549 οὖν
2976 4497 3114 4558 ἐστι,
3167 4500 3506 4552 Κατευθυν-

1918 4583 2074 4650 θήτω
2112 4585 2149 4651 ἠ
2182 4584 2494 4652 προσευχὴ
2541 4601 2698 4652 μους
2738 4586 2812 4638 Τὸ
2851 4585 3052 4656 ἄρθρον
3093 4585 3307 4649 λείπει,
3347 4586 3431 4638 ἵνα

1915 4673 1976 4724 τὸ
2014 4672 2304 4740 λεγόμενον
2338 4672 2580 4725 τοιοῦτον
2603 4688 2617 4703 ο
2666 4672 3133 4736 Κατευθυνθήτω
3169 4674 3206 4740 ἡ
3247 4685 3506 4741 προσευ-

1917 4759 1994 4827 χή
2021 4776 2140 4827 μου
2168 4759 2247 4824 ὡς
2276 4759 2540 4826 θυμίαμα
2569 4758 2827 4812 ἐνώπιόν
2856 4776 2993 4812 σου.
3022 4760 3179 4812 Ποῖον
3218 4760 3502 4830 θυμίαμα;

1916 4846 2020 4898 Δύο
2049 4842 2116 4915 ἦν
2146 4846 2512 4918 θυσιαστήρια
2537 4849 2595 4898 ἐν
2631 4849 2695 4914 τῇ
2727 4851 2898 4918 σκηνῇ
2925 4863 2937 4876 ·
2963 4848 3022 4900 ἓν
3056 4850 3113 4901 ὲν
3135 4850 3198 4918 τῇ
3229 4848 3365 4918 αὐλῇ
3400 4848 3506 4912 ἔξω

1918 4935 1977 4986 ἐν
2025 4934 2278 5004 ὑπαίθρῳ
2299 4950 2312 4963 ·
2351 4935 2537 5004 ἓτερον
2568 4934 2624 4987 δὲ
2654 4937 2735 4998 εἰς
2767 4935 2836 4987 τὰ
2871 4935 3002 5004 ἆγια
3038 4937 3141 4990 ὑπὸ
3172 4937 3388 5005 στέγην.
3433 4938 3504 4989 Τὸ

1917 5020 2026 5074 ἔσω
2059 5021 2447 5092 θυσιαστήριον
2490 5022 2852 5092 θυμιαμάτων
2891 5019 2959 5092 ἦν
2991 5023 3173 5092 μόνον,
3213 5024 3310 5092 οὐχ
3337 5024 3505 5094 αἱμά-

1916 5128 2027 5163 των
2053 5110 2264 5179 χύσεως
2285 5127 2298 5140 ⁶
2341 5111 2401 5163 τὸ
2439 5111 2496 5164 δὲ
2540 5112 2645 5177 ἔξω
2677 5112 3060 5180 θυσιαστήριον
3089 5111 3198 5163 τῶν
3229 5111 3506 5182 θυομένων

1918 5197 2073 5261 ζώων
2109 5199 2204 5252 καὶ
2255 5199 2435 5270 ἄρτων
2468 5199 2784 5270 προσφορᾶς
2823 5198 2916 5251 καί
2963 5217 3124 5251 τινων
3155 5197 3349 5253 ἄλλων.
3396 5200 3507 5251 Καὶ

1916 5291 2007 5344 τὸν
2043 5289 2142 5361 μὲν
2189 5288 2293 5353 ἔξω
2335 5287 2516 5357 βωμὸν
2554 5287 2766 5340 κελεύει
2811 5290 2839 5340 6
2880 5288 3013 5351 Θεὸς
3055 5287 3132 5357 τῷ
3179 5289 3406 5341 Μωῦσεῖ
3443 5290 3506 5339 ἐκ

1921 5378 2072 5449 [478]
2117 5377 2282 5429 λίθων
2324 5376 2680 5445 ἀπελεκήτων
2725 5375 2987 5445 ποιῆσαι·
3019 5375 3111 5428 τὸν
3155 5375 3210 5428 δὲ
3254 5376 3401 5428 ἔνδον
3447 5377 3505 5426 ἐν

1982 5581 2004 5609 ε
2033 5577 2185 5625 Savil.
2208 5582 2349 5637 putat
2373 5575 2640 5637 legendum
2661 5577 2762 5630 πῶς
2783 5575 2873 5637 γὰρ
2897 5577 3125 5638 θυμίαμα.
3159 5576 3306 5624 Forte
3329 5578 3508 5626 melius

1920 5643 2111 5700 legatur
2151 5644 2243 5686 πᾶν
2268 5639 2356 5699 γὰρ
2379 5638 2589 5700 θυμίαμα
2630 5638 2683 5684 οὐ
2709 5637 3053 5685 κατευθύνεται.
3103 5638 3411 5700 Ιιιυόνροῐτο,
3452 5641 3508 5700 τὸ

1917 5697 2315 5771 ᾁρθρον-λείπειι..
2336 5697 2578 5771 τοιοῦτον
2610 5703 2754 5771 goes}:
2781 5701 2829 5747 in
2859 5700 2990 5771 βάν.
3011 5707 3074 5770 ,Εἰ
3114 5697 3508 5771 (ῖοῐηϋςῧείηυί

1918 5761 2104 5826 habent
2125 5777 2233 5811 κατ.
2257 5764 2286 5817 ἡ
2311 5776 2389 5826 πρς
2408 5775 2516 5821 μου,
2531 5763 2595 5815 ὡς
2616 5761 2826 5826 ιυμίαμα
2853 5761 3050 5826 ἐνεδπὲὁῖ
3070 5776 3183 5826 σενι
3207 5762 3343 5826 ποῖον
3367 5761 3509 5826 θυμοῖ

2322 5777 2346 5807 It
2383 5776 2595 5821 .μου,ως
2616 5776 2826 5822 συμιαμα
2853 5777 3050 5808 ενωπιον
3070 5776 3183 5817 σου;
3207 5777 3343 5809 ποσσν
3367 5776 3504 5826 ww}

2322 5776 2397 5882 ά.
2435 5827 2596 5871 notam
2618 5819 2995 5882 interpretationi
3024 5820 3204 5873 Latina:
3223 5823 3504 5884 subiectam.

3089 5915 3168 5974 29

1918 5825 2001 5872 δύο
2024 5825 2080 5879 ἧν
2106 5830 2204 5873 etc.
2229 5850 2290 5859 —
