4110 6318
179 407 284 462 469

179 515 319 579 culo;
363 525 527 566 unum
560 510 611 564 in
656 509 794 563 atrio
832 503 1082 561 exteriori
1127 503 1228 557 sub
1269 500 1387 565 dio;
1435 496 1578 553 aliud
1617 496 1754 550 intra

179 616 347 661 sancta
377 602 477 657 sub
505 611 661 656 tecto.
696 598 920 654 Interius
958 597 1125 651 altare
1154 594 1220 648 ad
1264 594 1537 647 incensum
1582 588 1757 642 solum

177 707 303 762 erat,
347 710 451 750 non
493 694 556 748 ad
599 692 912 747 eﬁusioncm
960 686 1249 757 sanguinis.
1290 682 1538 737 Exterius
1579 687 1755 732 autem

177 791 334 843 altare
362 785 429 839 ad
457 784 702 839 animalia
729 796 847 853 qua:
874 778 1299 841 immolabantur,
1331 774 1397 827 ad
1439 786 1601 842 panes
1629 784 1756 840 pro-

178 880 467 952 positionis,
498 887 552 933 et
590 876 655 930 ad
698 884 893 931 caetera
938 873 1201 944 quaedam.
1234 867 1566 924 Exteriorem
1607 877 1755 918 aram

175 974 323 1047 jussit
353 972 607 1027 Dominus
637 968 800 1039 Moysi
831 982 895 1021 ex
938 962 1192 1034 impolitis
1221 958 1484 1029 lapidibus
1513 967 1752 1047 struere,

177 1044 475 1122 interiorem
506 1075 632 1116 vero
663 1060 713 1114 in
742 1056 1105 1119 tabernaculo,
1135 1068 1201 1108 ex
1238 1064 1369 1105 auro
1397 1048 1581 1119 polito.
1619 1044 1756 1111 Quid

175 1162 343 1215 divina
373 1157 541 1228 gratia
576 1170 670 1225 per
698 1153 812 1207 haec
834 1149 1155 1212 subindicet,
1179 1159 1357 1215 opera:
1384 1142 1614 1212 pretium
1645 1138 1758 1193 fue—

174 1255 240 1309 rit
277 1252 576 1322 explorare.
612 1248 752 1301 Duos
782 1257 974 1312 nempe
1003 1238 1229 1309 pepulos
1260 1236 1351 1291 Dei
1382 1234 1566 1305 gloria:
1598 1231 1758 1285 mini-

174 1320 422 1406 strantes,
453 1351 677 1409 quorum
714 1349 852 1388 unus
892 1330 1207 1391 ineruditus,
1238 1327 1375 1380 alter
1413 1323 1579 1393 probe
1610 1320 1761 1375 iusti-

178 1445 313 1489 tutus
356 1433 445 1487 sit.
492 1430 589 1495 Qui
622 1429 673 1482 in
714 1422 1364 1481 dictionilms'solmcissat
1406 1428 1461 1472 et
1499 1414 1760 1469 barbarus

174 1537 268 1590 est,
297 1539 576 1580 sermones
602 1520 805 1593 profert
847 1526 903 1571 ut
937 1515 1141 1585 lapides
1181 1512 1485 1582 impolitos;
1524 1519 1756 1562 attamen

176 1621 205 1673 ii
252 1619 316 1673 ad
358 1616 546 1671 altaris
591 1623 910 1668 structuram
963 1609 1266 1663 conferunt.
1314 1605 1518 1659 Rursus
1569 1616 1757 1655 aurum

174 1713 459 1782 expolitum
490 1710 754 1779 pretiosus
780 1705 971 1760 dicitur
1001 1703 1172 1772 lapis;
1202 1711 1255 1753 at
1281 1712 1452 1767 neque
1474 1697 1561 1749 hic
1584 1695 1760 1749 cxtol-

176 1810 311 1874 Iitur,
346 1821 523 1876 neque
562 1805 651 1858 illc
689 1803 917 1871 ejicitur.
949 1798 1081 1853 Nam
1112 1807 1165 1851 et
1197 1795 1302 1849 illic
1332 1794 1501 1848 altare
1549 1792 1662 1857 Dei,
1707 1799 1760 1843 et

176 1901 254 1952 hic
279 1900 448 1951 altare
477 1897 589 1950 Dei.
623 1896 855 1963 Eratque
881 1907 947 1946 ex
974 1904 1202 1960 quatuor
1223 1884 1501 1957 speciebus
1523 1897 1761 1950 unguen-

175 2003 277 2043 tum
306 1990 687 2059 eompositum,
727 2003 791 2041 ex
821 1992 1011 2050 stacte,
1040 1997 1107 2037 ex
1137 1995 1330 2051 onyce,
1361 1994 1425 2032 ex
1452 1977 1682 2047 galbano
1708 1984 1764 2029 et

174 2085 340 2137 thure.
372 2084 504 2149 Quia
543 2081 701 2151 igitur
730 2088 1051 2148 unguentum
1076 2075 1237 2129 variis
1259 2089 1322 2127 ex
1354 2072 1514 2125 rebus
1539 2084 1763 2137 compo-

176 2178 330 2238 nitur,
376 2176 653 2242 virtusque
702 2173 827 2225 item
873 2186 939 2224 ex
979 2166 1144 2221 variis
1186 2171 1419 2227 constat,
1455 2161 1573 2215 ideo
1612 2161 1758 2224 dicit,

174 2267 436 2336 Dirigntnr
466 2266 627 2319 oratio
658 2281 764 2317 mea
792 2264 918 2316 sicut
947 2263 1203 2335 incensum
1242 2259 1294 2310 in
1339 2266 1604 2324 conspectu
1632 2263 1715 2306 tuo
1744 2269 1761 2304 :

173 2362 616 2430 quemadmodum
652 2358 779 2412 illtid
818 2374 880 2412 ex
915 2356 1097 2409 multis
1123 2352 1498 2421 compositum,
1527 2358 1581 2402 et
1604 2362 1761 2400 unam

172 2455 511 2524 fragrantiam
540 2456 811 2509 emittens.
859 2452 991 2519 Quia
1030 2465 1151 2504 cum
1193 2448 1431 2502 oratione
1468 2442 1763 2512 ingreditur

172 2552 284 2618 quis
305 2550 513 2619 jejunio
549 2560 790 2609 ornatus,
835 2547 1195 2614 eleemosyna,
1236 2542 1359 2607 ﬁde,
1393 2540 1592 2594 Similis
1621 2547 1758 2600 esto,

174 2644 358 2711 inquit,
390 2641 686 2712 quadrupla
719 2640 887 2692 virtus
934 2639 1151 2691 incenso
1198 2635 1294 2695 illi,
1345 2633 1485 2701 quod
1529 2632 1579 2684 in
1629 2646 1760 2683 con-

171 2747 349 2803 spectu
385 2746 477 2788 tuo
514 2733 777 2801 dirigitur.
823 2732 911 2786 Sic
950 2739 999 2782 et
1044 2729 1227 2783 beatus
1271 2726 1431 2779 David
1468 2724 1591 2777 alibi
1632 2723 1703 2776 ait
1744 2738 1757 2775 :

171 2827 301 2881 Ecce
326 2844 479 2897 quam
508 2827 690 2879 bonum
721 2834 765 2877 et
804 2840 952 2891 quam
972 2821 1281 2891 jucu‘idnm,
1318 2818 1542 2870 habitare
1579 2817 1761 2885 fratres

170 2923 218 2973 in
246 2939 429 2987 unum,
464 2921 592 2974 sicut
619 2928 926 2989 unguentum
962 2918 1012 2968 in
1058 2917 1238 2982 capite,
1270 2912 1405 2983 quod
1432 2911 1683 2964 descendit
1710 2910 1762 2962 in

170 3013 392 3072 barbam,
427 3011 631 3063 barbam
661 3011 829 3062 Aaron
862 3007 1030 3077 (Psal.
1064 3006 1181 3059 159..
1216 3007 1264 3058 1.
1290 3003 1345 3073 2)
1371 3005 1382 3056 !
1412 3002 1650 3055 Similem
1684 3001 1763 3052 di—

170 3104 237 3157 cit
274 3104 555 3157 caritatem
605 3109 877 3171 unguento
915 3097 1267 3162 sacerdotali,
1324 3095 1621 3148 orationem
1676 3093 1759 3144 in-

170 3210 329 3249 ccnso
360 3193 703 3248 sacerdotali.

236 3286 561 3341 Continentia
596 3283 861 3338 sacerdotii
890 3298 1033 3336 soror
1058 3290 1148 3335 est.
1168 3278 1589 3334 —Continentia
1616 3291 1757 3346 pra:-

169 3378 306 3433 ditus
359 3380 461 3432 cs?
512 3378 698 3431 Frater
741 3390 801 3429 es
852 3374 1167 3428 sacerdotis.
1211 3371 1578 3426 Sacerdotium
1625 3369 1761 3424 forte

171 3485 269 3523 non
304 3470 498 3533 habeo,
525 3468 907 3523 continentiam
941 3466 1131 3519 habeo.
1160 3463 1327 3519 Soror
1359 3472 1441 3517 est
1484 3461 1762 3515 continen-

170 3564 235 3616 tia
273 3579 392 3616 mea
425 3561 709 3617 sacerdotii
744 3561 838 3615 tui.
870 3560 1020 3615 Unde
1048 3559 1188 3613 hoc?
1228 3556 1435 3612 Etenim
1467 3556 1615 3609 illum
1642 3568 1762 3608 esse

168 3665 369 3707 castum
405 3664 639 3723 oportet,
670 3654 756 3722 qui
788 3652 1093 3707 sacerdotio
1122 3652 1376 3720 fungitur,
1420 3660 1475 3703 et
1514 3664 1621 3714 me,
1671 3647 1761 3718 qui

171 3746 332 3798 Deum
362 3747 557 3799 colam.
591 3746 643 3799 Si
676 3747 975 3798 castitatem
1006 3744 1250 3807 habeam,
1283 3743 1639 3796 sacerdotium
1674 3756 1763 3795 ac-

168 3837 322 3904 cipio.
357 3836 636 3891 Undenam
671 3834 814 3887 hoc?
844 3834 1002 3885 David
1038 3833 1245 3902 fugiens
1274 3848 1302 3885 a
1333 3833 1493 3887 Saule
1524 3832 1672 3885 venit
1697 3831 1762 3885 ad

170 3929 521 3981 Abiathzirum
563 3926 637 3998 (a)
687 3942 951 3979 summum
996 3924 1362 3985 sacerdotem,
1404 3923 1584 3990 aitque
1628 3922 1701 3974 illi
1748 3941 1760 3972 :

169 4021 248 4074 Da
279 4022 404 4074 milii
433 4038 587 4090 panes
614 4021 687 4091 (I.
722 4019 850 4088 Reg.
878 4017 967 4072 21.
1001 4018 1054 4072 5.
1083 4018 1162 4085 4),
1187 4016 1305 4084 quia
1332 4024 1549 4082 repente
1571 4014 1764 4065 missus

169 4131 284 4169 sum
316 4131 346 4168 a
372 4130 518 4183 rege,
544 4123 597 4166 et
626 4112 810 4166 viatica
838 4127 943 4165 non
973 4110 1160 4163 habeo.
1196 4109 1500 4175 Respondet
1523 4120 1763 4158 summus

168 4208 426 4262 sacerdos
461 4209 632 4276 legum
672 4207 874 4276 peritus
919 4220 932 4256 :
968 4202 1089 4257 Non
1129 4216 1201 4256 est
1233 4202 1371 4254 nobis
1419 4200 1563 4267 punis
1606 4198 1762 4261 alius,

169 4304 265 4355 nisi
296 4303 447 4372 panis
475 4310 696 4362 sanctus,
728 4315 872 4366 quem
901 4314 1000 4348 non
1030 4298 1141 4348 licet
1172 4296 1279 4357 alii,
1313 4311 1463 4362 quam
1494 4292 1760 4355 sacerdoti,

168 4395 451 4447 comedere.
496 4392 630 4459 Quia
660 4392 819 4460 igitur
866 4388 1237 4441 necessitatem
1276 4385 1510 4445 videbat,
1545 4384 1766 4436 timebat

170 4503 296 4541 vero
325 4501 494 4555 panes
526 4483 897 4553 propositionis
923 4482 1152 4546 tradere,
1177 4479 1365 4548 quaerit
1390 4479 1454 4531 ab
1481 4478 1543 4531 iis
1565 4476 1653 4546 qui
1683 4491 1768 4529 sa-

170 4580 424 4632 cerdotes
473 4594 578 4631 non
625 4587 797 4639 erant,
842 4592 906 4627 an
959 4575 1075 4644 puri
1121 4582 1320 4635 essent,
1370 4572 1605 4639 dicitque
1649 4588 1661 4623 :
1706 4568 1767 4621 Si

170 4673 349 4725 mundi
376 4681 495 4724 sunt
522 4670 664 4740 pueri
702 4669 788 4739 qui
828 4679 989 4720 tecum
1029 4677 1147 4719 sunt
1190 4666 1250 4718 ab
1297 4664 1556 4728 uxoribus,
1602 4678 1763 4717 sume.

168 4758 569 4814 Continentiaiu
611 4760 750 4814 enim
782 4759 1001 4828 putabat
1029 4773 1149 4811 esse
1187 4756 1470 4810 sacerdotii
1501 4769 1763 4808 sororem.

171 4857 247 4909 Ac
294 4871 363 4908 ne
412 4856 531 4923 quis
578 4857 629 4908 in
675 4853 995 4908 ealumninm
1046 4852 1339 4905 Sacerdotis
1386 4850 1558 4902 trahat
1605 4849 1763 4911 illud,

171 4946 311 5017 quod
349 4961 517 5014 panes
539 4947 735 4999 dederit
766 4947 846 5008 iis,
872 4946 957 5011 qui
986 4944 1289 4997 sacerdotes
1318 4958 1419 4994 non
1443 4949 1617 5005 erant,
1644 4940 1767 4993 audi

172 5040 449 5110 quomodo
478 5040 732 5093 Serv-ator
762 5041 809 5091 id
835 5039 981 5107 quasi
1012 5038 1175 5106 probe
1210 5036 1402 5088 factum
1436 5049 1767 5089 commemo-

172 5144 273 5189 ret.
304 5133 627 5188 lncusabant
657 5133 942 5201 aliquando
970 5132 1241 5201 apostolos
1268 5128 1459 5191 Judzei,
1492 5127 1630 5196 quod
1660 5128 1769 5195 spi-

172 5241 263 5281 cas
306 5224 586 5284 vellerent,
634 5231 686 5274 et
725 5224 966 5275 manibus
1003 5221 1358 5276 confricanlcs
1392 5218 1763 5281 eomederent;

173 5317 370 5385 quibus
412 5315 487 5367 ait
525 5314 777 5365 Servatur
810 5331 821 5365 :
861 5313 980 5365 Non
1020 5314 1207 5382 legistis
1238 5313 1357 5380 quid
1388 5313 1557 5380 fecerit
1603 5310 1769 5363 David

174 5427 285 5460 cum
313 5405 571 5460 esuriret?
600 5422 752 5472 panes
785 5406 1143 5471 propositionis
1168 5405 1401 5463 comedit,
1435 5420 1559 5471 quos
1590 5418 1687 5455 non
1716 5402 1769 5453 li-

175 5499 315 5552 cebat
347 5501 394 5551 ei
435 5498 711 5560 comedere,
747 5512 833 5547 nec
861 5497 920 5547 iis
947 5499 1032 5563 qui
1062 5514 1173 5548 cum
1205 5496 1294 5549 illo
1324 5507 1485 5560 erant,
1520 5495 1607 5547 sed
1648 5493 1769 5546 solis

176 5589 524 5643 sacerdotibus
552 5584 701 5655 (Luc.
733 5588 783 5641 6.
811 5588 863 5640 5.
897 5586 975 5653 ιι).
1006 5587 1245 5641 Vidistin'
1269 5603 1507 5641 sororem
1540 5601 1656 5641 esse
1682 5600 1770 5639 sa-

179 5771 315 5883 δαςα)
354 5770 583 5819 Memoria
611 5768 785 5818 labitur
808 5767 1113 5817 Severianus.
1140 5769 1223 5817 llic
1247 5768 1376 5817 enim
1410 5781 1507 5819 non
1524 5767 1769 5828 Abiathar,

192 5850 199 5855 '
287 5831 581 5883 Acbimelcc
607 5834 713 5883 eius
737 5838 873 5883 pater
896 5835 1017 5878 erat.

192 5831 263 5883 καὶ
287 5831 581 5884 Ᾱειιὶωριαε
607 5834 713 5895 ejus
737 5838 873 5892 pater
896 5835 1017 5878 erat.

1198 387 1283 441 DE
1320 378 1532 439 MUNDI
1570 368 1966 432 CREATIONE
2006 372 2261 433 ORATIO
2299 378 2387 433 ιν.

3338 385 3454 443 470

1870 492 2090 548 ccrdotii
2119 492 2458 549 castitatem?
2486 492 2716 548 vidistin‘
2740 491 3008 564 quomodo
3032 493 3169 549 Deus
3196 508 3455 564 personas

1867 598 1970 637 non
2000 585 2241 655 recipiat,
2273 584 2365 639 sed
2394 585 2669 640 veritatem
2699 583 2980 654 exploret?

1938 676 2025 730 -l0.
2068 676 2439 746 Prmparemus
2471 690 2567 731 nos
2596 692 2726 748 ergo
2753 677 2817 730 ad
2850 676 3279 741 beneﬁcentiam,
3305 686 3359 733 et
3387 677 3455 730 ad

1861 768 2142 836 justitiam,
2176 778 2233 823 ut
2254 770 2512 838 jejunium
2560 747 2678 825 alas?
2711 770 2954 838 accipiat.
2996 747 3457 837 Quemadmodum

1865 862 2008 916 enim
2038 864 2152 917 avis
2180 864 2390 917 nonnisi
2424 864 2624 917 alarum
2663 878 2766 933 0pc
2798 864 2977 919 volare
3016 873 3191 934 potest
3228 882 3241 918 :
3284 864 3362 919 sic
3405 876 3461 919 et

1861 952 2121 1022 jejunium
2147 955 2278 1010 duas
2300 956 2457 1011 habet
2481 957 2613 1025 alas,
2640 957 2936 1012 orationem
2958 966 3012 1011 et
3031 956 3457 1029 eleemosyuam.

1866 1048 2055 1117 quibus
2083 1049 2393 1104 destitutum
2424 1064 2633 1104 sursum
2670 1064 2886 1104 currere
2916 1048 3118 1117 nequit.
3156 1048 3287 1104 Vide
3322 1050 3463 1104 Cor-

1867 1144 2063 1199 nelium
2089 1159 2209 1198 cum
2236 1143 2440 1211 jejunio
2468 1142 2549 1196 his
2574 1156 2786 1212 quoque
2811 1141 2910 1196 alis
2939 1143 3289 1207 instructum;
3322 1158 3463 1211 qua-

1870 1245 2086 1306 propter
2111 1245 2163 1290 et
2190 1251 2372 1290 vocem
2402 1236 2600 1289 audivit
2630 1234 2697 1288 de
2731 1234 2863 1289 czelo
2904 1252 2918 1289 :
2951 1233 3172 1299 Corneli,
3204 1236 3465 1289 orationes

1868 1338 1970 1381 tua:
1994 1339 2041 1380 et
2069 1328 2398 1397 eleemosyna:
2424 1338 2523 1381 tua:
2548 1326 2880 1380 ascenderunt
2906 1328 2974 1379 ad
3000 1325 3165 1380 Deum
3201 1326 3333 1397 (Act.
3366 1327 3456 1380 111.

1866 1422 1944 1492 ι).
1982 1423 2146 1492 Finge
2175 1423 2369 1477 animal
2416 1437 2535 1477 esse
2573 1421 2856 1491 jejunium,
2899 1420 3194 1486 carissime,
3237 1420 3463 1489 ejusque

1866 1520 1978 1571 alas
2023 1532 2145 1572 esse
2184 1518 2577 1586 eleemosynam
2628 1524 2682 1568 et
2725 1514 3060 1579 orationem;
3112 1514 3226 1566 sine
3270 1512 3462 1583 quibus

1867 1625 2078 1664 sursum
2112 1608 2235 1663 ferri
2267 1624 2369 1661 non
2402 1608 2588 1676 possit.
2617 1606 2717 1673 Qui
2744 1605 2861 1658 talis
2888 1614 2988 1669 est,
3025 1604 3122 1657 etsi
3147 1620 3253 1658 non
3279 1605 3463 1673 loqua-

1869 1714 1972 1765 tur,
2007 1702 2269 1772 justitiam
2298 1715 2484 1768 magna
2517 1714 2647 1752 voce
2678 1698 2892 1751 clamat.
2926 1698 3109 1766 Magna
3141 1697 3336 1767 quippe
3372 1696 3464 1765 ju-

1867 1795 2025 1848 stitiw
2050 1805 2267 1863 patrona
2302 1792 2467 1847 virtus
2492 1801 2591 1847 est.
2630 1791 2751 1845 Ideo
2778 1790 2906 1845 dicit
2930 1808 2942 1844 :
2971 1791 3195 1855 Exaudi,
3222 1790 3459 1854 Domine,

1866 1888 2113 1955 justitiam
2144 1902 2328 1938 meam.
2363 1885 2599 1938 Primum
2631 1884 2807 1954 itaque
2832 1883 3229 1951 maximumque
3262 1884 3460 1937 bonum

1868 1990 1950 2033 est
1974 1977 2166 2041 oratio,
2195 1978 2533 2047 eleemosyua
2565 1986 2621 2031 ct
2642 1978 2878 2044 justitia;
2912 1976 3053 2046 quod
3084 1986 3261 2031 autem
3288 1986 3461 2031 tutum

1869 2087 1951 2133 est
1981 2088 2033 2131 et
2066 2078 2439 2131 inconcussum
2472 2078 2815 2147 omniumque
2861 2077 3031 2142 radix,
3067 2077 3159 2131 Dei
3202 2078 3458 2148 cognitio,

1872 2171 2137 2240 Uuigeniti
2188 2170 2461 2233 adoratio,
2516 2169 2745 2237 Spiritus
2796 2170 2965 2224 sancti
3018 2169 3315 2235 confessio,
3357 2186 3463 2226 una

1870 2266 2001 2320 ﬁdes
2028 2267 2271 2329 indivisa,
2297 2280 2507 2326 secura,
2532 2273 2663 2330 tum,
2690 2265 2848 2319 nullis
2873 2267 3109 2335 partibus
3130 2267 3315 2322 scissa.
3344 2267 3461 2322 Jam

1869 2360 2065 2412 dictum
2098 2369 2181 2412 est
2219 2359 2359 2428 quod
2391 2358 2631 2412 dicturus
2675 2373 2814 2423 sum,
2860 2368 3092 2414 attamen
3139 2375 3348 2413 rursum
3382 2359 3464 2414 di-

1868 2464 2004 2502 cam.
2052 2449 2192 2502 Deus
2232 2451 2445 2518 sapiens
2475 2464 2593 2502 cum
2641 2450 2727 2515 sit,
2776 2451 3016 2518 permisit
3060 2461 3117 2505 ut
3159 2452 3389 2506 lia-reses
3430 2466 3460 2505 a

1869 2540 1982 2592 suis
2007 2539 2316 2593 auctoribus
2357 2540 2804 2610 dogmatibusque
2837 2557 3031 2595 nomen
3075 2541 3335 2597 haberent
3359 2584 3374 2608 ,
3404 2552 3461 2597 ut

1868 2630 1991 2685 hinc
2025 2634 2252 2701 liqueret
2294 2650 2396 2686 non
2434 2634 2521 2686 Dei
2565 2633 2859 2686 doctrinam
2884 2675 2896 2699 ,
2942 2635 3033 2688 sed
3068 2636 3340 2689 hominum
3374 2637 3458 2689 in-

1868 2739 2085 2782 ventum
2118 2744 2235 2784 esse
2264 2730 2473 2783 illorum
2505 2731 2818 2798 opiniones;
2851 2734 3078 2799 exempli
3124 2748 3281 2784 causa
3305 2773 3317 2793 ,
3353 2732 3463 2786 Ma-

1867 2823 2146 2877 cedoniani
2169 2839 2196 2874 a
2221 2823 2550 2887 Macedonio,
2577 2825 2757 2877 Ariani
2782 2825 2847 2879 ab
2881 2827 3025 2889 Ario,
3054 2826 3366 2879 Eunoniiani
3392 2826 3460 2879 ah

1868 2917 2149 2971 Eunomio.
2181 2916 2438 2970 Similiter
2468 2927 2519 2969 ct
2548 2915 2766 2986 reliqua:
2800 2916 3051 2971 hrereses.
3080 2918 3458 2986 Apostolorum

1868 3026 1994 3065 vero
2019 3010 2176 3065 ﬁdem
2204 3024 2323 3064 cum
2350 3011 2718 3064 intemeratum
2750 3025 2969 3066 servare
2996 3012 3173 3075 vellet,
3207 3026 3309 3064 non
3342 3026 3462 3081 per-

1867 3103 2013 3158 misit
2042 3113 2099 3157 ut
2124 3105 2191 3159 ab
2212 3104 2427 3160 homine
2454 3120 2647 3159 nomen
2677 3105 2935 3161 haberet:
2961 3105 3165 3159 etiamsi
3197 3105 3336 3159 enim
3364 3120 3461 3159 nos

1867 3207 2060 3252 vocent
2092 3198 2512 3259 llomousiastas,
2547 3213 2650 3251 non
2694 3199 2791 3252 viri
2841 3208 3016 3253 tamen
3050 3213 3243 3253 nomen
3280 3198 3460 3267 profe-

1866 3298 2007 3351 runt,
2045 3288 2137 3342 sed
2170 3287 2325 3341 ﬁdem
2355 3289 2664 3357 pra-dicant.
2699 3289 2849 3354 Quod
2879 3289 3018 3342 enim
3062 3289 3128 3341 ab
3160 3287 3461 3341 hominibus

1866 3394 2059 3433 nomen
2106 3380 2321 3442 habere,
2368 3396 2473 3432 non
2517 3380 2586 3433 sit
2624 3379 2877 3443 fidelium,
2920 3380 3009 3435 sed
3061 3378 3458 3439 hmreticorutn.

1867 3473 1942 3525 ait
1992 3473 2185 3526 l’aulus
2224 3472 2532 3526 Corinthios
2576 3473 2899 3540 rcdarguens
2951 3490 2963 3524 :
3015 3471 3180 3524 Audio
3224 3472 3275 3523 in
3326 3470 3462 3523 vobis

1868 3565 2140 3619 schismata
2168 3582 2290 3625 esse,
2316 3581 2432 3616 nam
2453 3565 2585 3618 alius
2605 3564 2804 3634 quidem
2832 3564 2951 3615 dicit
2974 3579 2991 3614 :
3019 3562 3123 3631 Ego
3145 3579 3254 3615 sum
3288 3560 3458 3626 Pauli,

1868 3677 1958 3728 ego
1988 3669 2152 3711 mitem
2183 3660 2387 3729 Apollo,
2420 3677 2509 3729 ego
2539 3675 2649 3711 vero
2676 3656 2862 3726 Cap/ia:
2892 3657 2966 3729 (Ι.
2998 3656 3111 3709 Cor.
3148 3656 3195 3709 1.
3234 3657 3318 3709 11.
3350 3655 3460 3721 1⁸2).

1874 3755 2057 3807 Videu‘
2080 3755 2145 3806 ah
2174 3753 2477 3807 hominibus
2506 3752 2797 3820 nuncupari
2827 3751 3170 3803 schismatum
3198 3764 3317 3804 esse
3342 3765 3465 3819 pro-

1869 3847 2080 3916 prium?
2110 3848 2302 3900 Annon
2334 3844 2436 3899 ﬁde
2468 3845 2677 3913 dignior
2709 3843 2897 3897 Petrus
2939 3842 3286 3895 Macedonio?
3314 3845 3462 3909 Apo-

1870 3942 2127 3993 stolorum
2158 3940 2369 3992 nomina
2398 3937 2605 4008 fugiunt
2638 3952 2757 4007 qua:
2784 3936 2967 4006 gloria:
3007 3934 3201 3989 Christi
3234 3934 3459 3994 cedant;

1872 4044 1923 4087 tu
1956 4050 2081 4087 vero
2121 4034 2320 4087 scindis
2367 4031 2545 4094 ﬁdem,
2592 4031 2878 4085 indivisum
2914 4046 3157 4099 regnum,
3193 4030 3465 4098 insepara-

1869 4125 2029 4179 bilem
2064 4124 2326 4191 gloriam?
2362 4124 2553 4175 \'crum
2586 4122 2842 4174 hactenus
2873 4139 2884 4173 :
2918 4121 3175 4173 habemus
3203 4120 3341 4175 enim
3378 4121 3462 4172 ln-

1869 4232 2085 4271 cernam
2117 4224 2169 4268 et
2202 4215 2380 4268 lumen
2417 4233 2426 4265 :
2460 4229 2579 4266 nam
2613 4211 2841 4265 Lucerna
2872 4213 3078 4280 pedibus
3111 4213 3231 4265 meis
3260 4212 3464 4264 uerbum

1872 4320 2031 4371 tuum,
2063 4317 2107 4360 et
2140 4308 2309 4360 lumen
2338 4307 2524 4359 semitis
2552 4305 2673 4357 meis
2702 4304 2872 4373 (Psal.
2916 4304 3033 4357 HS.
3068 4303 3215 4369 105).
3244 4302 3349 4357 Cur
3378 4303 3460 4357 lu-

1872 4402 2068 4455 cerna?
2096 4416 2189 4453 cur
2234 4399 2354 4452 lux?
2392 4398 2630 4451 Lucerna
2679 4396 2874 4465 quippe
2925 4393 3339 4459 catechumenis,
3376 4393 3464 4448 lux

1870 4497 1935 4550 iis
1973 4496 2059 4566 qui
2103 4494 2290 4548 initiati
2335 4492 2604 4562 mysteriis
2639 4499 2779 4544 sunt.

1942 4589 2205 4658 Jejunium
2229 4602 2343 4638 cum
2370 4584 2512 4639 bouis
2540 4584 2771 4651 operibus
2796 4584 3120 4652 conjunctum
3152 4596 3256 4633 esse
3299 4578 3459 4631 debet.

1872 4682 2103 4751 —ltogo
2134 4680 2408 4734 caritatem
2438 4686 2689 4739 vestram,
2724 4684 2777 4728 ut
2806 4674 3175 4726 intemeratum
3205 4671 3463 4738 jejunium

1874 4784 2107 4827 vestrmn
2157 4774 2401 4834 servetis,
2452 4769 2785 4837 impollutum
2839 4765 2905 4817 ab
2950 4763 3226 4831 injustitia,
3275 4776 3462 4829 purum

1874 4865 1941 4918 ab
1968 4865 2209 4917 avaritia.
2244 4861 2371 4914 Vide
2412 4858 2688 4912 stultitiam
2732 4871 2935 4918 eorum,
2970 4856 3057 4922 qui
3091 4853 3464 4907 abstinentiam

1875 4972 1901 5008 a
1948 4956 2081 5009 cibis
2118 4963 2405 5012 sectantur,
2453 4964 2548 5003 nec
2593 4957 2781 5001 curant
2819 4963 2845 4999 a
2901 4947 3128 5015 pecratis
3170 4944 3460 4998 abstinere.

1875 5050 1986 5101 Non
2024 5047 2167 5109 bibo,
2223 5045 2410 5113 inquit,
2458 5045 2657 5099 vinum,
2706 5056 2811 5093 non
2854 5040 3076 5093 comedo
3118 5038 3315 5101 oleum,
3362 5051 3463 5088 non

1875 5141 1977 5193 edo
2005 5153 2211 5193 carnes.
2244 5137 2387 5190 Bene
2418 5151 2544 5188 sane
2572 5135 2683 5185 hrec
2710 5141 2925 5201 propter
2950 5130 3112 5183 Deum
3146 5136 3426 5182 servantur
3452 5143 3463 5176 :

1877 5234 1988 5286 hcce
2022 5232 2155 5283 bona
2190 5237 2344 5292 sunt;
2378 5228 2469 5281 sed
2502 5242 2613 5281 rem
2643 5237 2963 5291 quzerainus.
3002 5222 3176 5281 Panis,
3210 5234 3365 5288 aqua,
3393 5217 3469 5267 vi-

1877 5342 2022 5385 num,
2058 5340 2265 5387 carnes,
2316 5322 2512 5381 oleum,
2564 5319 2675 5372 lucc
2716 5319 2889 5369 omnia
2938 5317 3028 5369 Dei
3077 5329 3237 5381 opera
3286 5320 3407 5365 sunt
3452 5324 3466 5360 :

1876 5420 2091 5474 avaritia
2146 5432 2301 5481 vero,
2349 5414 2604 5483 injustitia
2652 5421 2704 5465 et
2750 5412 2992 5480 impietas
3034 5422 3167 5478 opus
3204 5416 3325 5459 sunt
3355 5403 3467 5457 dia-

1878 5514 2002 5568 boli.
2037 5514 2075 5566 Α
2113 5512 2202 5565 Dei
2231 5511 2480 5578 operibus
2522 5505 2758 5559 abstines
2801 5512 3018 5573 propter
3044 5500 3325 5569 jejunium,
3356 5506 3407 5550 et
3436 5512 3461 5547 a

1878 5607 2071 5663 diaboli
2102 5605 2355 5673 eperibus
2395 5617 2496 5653 non
2528 5599 2761 5654 abstines
2791 5606 3003 5664 propter
3039 5590 3336 5662 jejunium?
3365 5590 3466 5645 Pa-

1881 5702 1983 5766 nis,
2014 5700 2219 5762 vinum,
2252 5698 2447 5756 oleum,
2491 5701 2544 5746 et
2583 5692 2625 5744 si
2674 5704 2775 5759 qua
2821 5688 2942 5748 alia,
2989 5685 3078 5738 Dei
3127 5691 3251 5736 sunt
3282 5699 3467 5751 opera,

1881 5803 2067 5851 cuncta
2102 5795 2235 5847 booa
2270 5797 2321 5842 ct
2362 5782 2645 5840 admodum
2690 5782 2843 5833 bona.
2881 5778 2963 5829 Ait
3000 5774 3195 5829 Paulus
3241 5793 3251 5828 :
3296 5773 3475 5830 Omnis
