4110 6318
663 430 772 484 471

654 533 887 581 creatura
915 517 1009 573 Dei
1036 516 1188 577 bona,
1216 521 1261 565 et
1288 508 1417 563 nihil
1445 502 1795 572 reficiendum,
1824 496 1959 569 quod
1989 511 2105 549 cum
2131 508 2249 562 gra-

657 619 843 672 tiarum
873 611 1068 666 actione
1090 605 1429 677 percipiamus
1449 617 1465 654 :
1488 597 1833 664 saneti/icatur
1861 592 1994 645 enim
2021 603 2109 657 per
2135 601 2249 641 uer-

657 711 773 763 bum
799 705 894 759 Dei
917 712 966 757 et
991 700 1271 755 orationem
1303 693 1378 766 (1.
1411 691 1544 746 Tim.
1579 691 1633 745 6.
1661 689 1712 742 4.
1739 686 1815 757 5).
1847 684 1903 738 Si
1935 696 2063 751 ergo
2089 680 2251 733 bene-

657 798 874 862 dicitur,
898 794 941 850 si
964 805 1094 863 ergo
1115 786 1497 851 sanetificatur,
1524 797 1621 836 cur
1641 774 2009 834 abstinemus?
2035 767 2250 840 lnjusti-

659 893 725 946 tia
753 899 953 956 autem,
985 883 1234 948 avaritia,
1257 889 1311 937 et
1332 881 1376 934 si
1403 893 1509 950 qua
1538 875 1664 938 alia,
1691 869 1887 928 diaboli
1918 873 2043 923 sunt
2063 876 2249 934 opera.

659 984 742 1038 Ab
783 954 1035 1052 operibus
1078 976 1176 1032 Dei
1217 972 1455 1028 abstines
1508 976 1730 1040 propter
1766 963 2047 1036 jejunium,
2092 969 2147 1014 et
2187 954 2256 1010 ab

660 1047 912 1145 operibus
964 1068 1164 1125 diaboli
1227 1081 1332 1121 non
1395 1061 1635 1118 abstines
1688 1065 1906 1129 propter
1959 1047 2256 1124 pietatem?

662 1165 843 1236 Atqui,
887 1163 1098 1227 fratres,
1148 1157 1406 1214 adversus
1449 1169 1570 1209 eum
1605 1152 1694 1221 qui
1732 1163 1838 1205 non
1881 1146 2104 1218 jejunat,
2148 1154 2255 1196 non

663 1235 868 1327 prolata
902 1252 1163 1309 sententia
1187 1258 1290 1314 est,
1313 1247 1570 1302 adversus
1595 1258 1715 1298 eum
1743 1249 1942 1304 autem,
1966 1238 2053 1308 qui
2076 1235 2256 1302 inique

663 1353 792 1422 agit,
823 1362 1037 1420 pennam
1080 1343 1479 1401 iuterminatur.
1514 1339 1596 1394 Ab
1639 1337 1705 1392 iis
1737 1348 1857 1406 qua:
1888 1331 2102 1387 innoxia
2133 1333 2258 1383 sunt

664 1455 954 1506 cavemus,
1012 1453 1111 1494 nec
1159 1448 1413 1491 cavemus
1464 1431 1532 1487 ab
1585 1430 1684 1495 iis,
1736 1440 1855 1496 qua:
1909 1433 2036 1478 sunt
2084 1418 2257 1487 culpa:

666 1535 913 1590 obnoxia.
947 1533 1091 1587 Bona
1121 1543 1210 1586 res
1247 1536 1330 1584 est
1367 1527 1730 1595 cleemosyna,
1770 1535 1890 1590 qua:
1918 1515 2097 1587 specie
2135 1511 2256 1581 qui-

665 1626 786 1680 dem
815 1624 1094 1693 dispergit,
1129 1637 1186 1675 re
1224 1627 1401 1672 autem
1444 1621 1749 1684 congregat.
1796 1604 2257 1676 Quemadmodum

667 1717 810 1770 enim
839 1713 1068 1786 agricola
1099 1723 1255 1768 terrae
1284 1711 1596 1770 fteneratur,
1617 1723 1678 1760 ex
1707 1719 1809 1774 qua
1838 1701 2040 1757 semina
2064 1710 2257 1764 exspe-

669 1817 816 1864 ctat:
869 1807 946 1862 sic
990 1807 1332 1876 eleemosyna
1369 1802 1498 1857 dum
1543 1799 1660 1853 aliis
1694 1795 1809 1851 dari
1857 1794 2086 1855 videtur,
2137 1802 2260 1842 vero

670 1901 817 1955 danti
849 1899 1110 1954 recondit.
1144 1896 1275 1952 Nam
1301 1895 1373 1949 ait
1403 1892 1565 1948 David
1611 1909 1623 1945 :
1655 1887 1926 1958 Dispersit,
1962 1883 2098 1938 dedit
2129 1896 2260 1950 pau-

673 1990 892 2062 peribus,
919 1990 1114 2060 iustitia
1143 1989 1252 2059 eius
1278 1995 1443 2040 manet
1473 1986 1525 2038 in
1547 1982 1792 2039 saxulum
1825 1977 1996 2047 (Psal.
2031 1975 2153 2030 111.
2180 1973 2259 2040 9).

673 2084 761 2140 Sic
788 2083 1112 2154 jejuncmus,
1143 2081 1222 2137 sic
1247 2079 1553 2142 adoremus,
1586 2076 1661 2129 sic
1700 2071 2004 2132 credamus,
2052 2067 2262 2121 Patrem

672 2178 1054 2247 gloriticantes,
1103 2174 1296 2230 Filium
1341 2169 1554 2242 hymnis
1601 2166 1965 2226 celebrantes,
2007 2158 2261 2226 Spiritum

674 2279 915 2326 sanctum
944 2269 1250 2331 adorantes,
1277 2265 1398 2335 quia
1424 2262 1522 2332 ipsi
1548 2259 1714 2331 gloria
1743 2258 1793 2311 in
1817 2253 2034 2310 smcula.
2069 2252 2259 2304 Amen.

924 2403 1168 2474 Ejusdem
1198 2401 1249 2454 in
1293 2399 1520 2470 quintam
1555 2394 1687 2447 diem
1727 2389 2013 2444 creationis.

749 2544 800 2597 1.
829 2540 987 2596 Multa
1014 2538 1227 2609 quidem
1251 2549 1547 2606 magnaque
1575 2546 1604 2586 a
1627 2526 2007 2598 benignissimo
2031 2523 2140 2577 Deo
2171 2521 2268 2574 ho-

679 2633 909 2689 minibus
939 2643 1192 2685 concessa
1221 2641 1443 2680 munera
1467 2631 1624 2685 sunt;
1671 2620 1898 2690 primum
1945 2623 2122 2666 autem
2150 2613 2266 2678 ejus

681 2726 1079 2791 maximumque
1109 2720 1308 2774 donum
1333 2725 1416 2770 est
1450 2713 1843 2781 Scripturarum
1890 2708 2149 2762 doctrina.
2175 2703 2268 2758 Sol

679 2816 823 2871 enim
850 2823 904 2868 et
957 2814 1099 2878 luna,
1150 2811 1430 2877 omnisque
1473 2804 1746 2860 stellarum
1776 2800 2007 2864 chorus,
2051 2797 2268 2852 ﬂumina

682 2909 832 2974 item,
865 2905 1056 2967 fontes,
1086 2911 1142 2958 et
1169 2902 1338 2967 lacus,
1363 2899 1428 2953 ad
1458 2909 1743 2968 corporum
1769 2909 1922 2949 usum
1947 2892 2083 2947 facta
2112 2898 2228 2946 sunt
2252 2905 2267 2956 ;

682 3015 849 3054 sacrm
878 3013 1008 3052 vero
1033 2995 1346 3066 Scriptum,
1392 2991 1458 3046 ad
1493 2992 1788 3045 animarum
1840 2987 2270 3042 emendationem

683 3098 808 3144 sunt
832 3089 986 3142 datm.
1018 3087 1228 3153 Quanto
1251 3094 1427 3138 autem
1457 3083 1631 3135 anima
1649 3093 1872 3148 corpore
1897 3077 2140 3145 superior
2167 3083 2270 3140 cst,

685 3191 834 3237 tanto
859 3180 1106 3250 superius
1134 3177 1254 3231 aliis
1299 3185 1383 3230 est
1420 3174 1719 3228 divinarum
1749 3170 2142 3239 Scripturarum
2174 3168 2273 3220 do-

685 3289 832 3328 nttm.
859 3272 982 3327 ldeo
1008 3272 1082 3325 ait
1106 3269 1356 3325 Servator
1383 3287 1396 3322 ;
1422 3265 1736 3320 Scrutantini
1755 3263 2069 3330 Seripturas,
2088 3259 2138 3312 in
2165 3259 2275 3327 qui-

686 3367 776 3421 bus
821 3363 1055 3420 videmini
1101 3363 1253 3416 vitam
1299 3368 1539 3414 cateruam
1569 3357 1749 3410 habere
1793 3353 1985 3422 (Joan.
2034 3352 2088 3406 5.
2141 3348 2270 3420 59).

687 3458 1000 3514 Scrutemur
1019 3469 1148 3526 ergo
1178 3455 1458 3508 thesauros
1483 3451 1876 3518 Scripturarum
1898 3487 1912 3513 ,
1946 3454 2000 3498 et
2024 3458 2140 3514 qua:
2164 3441 2278 3510 pol—

686 3549 816 3604 liciti
871 3563 1057 3602 sumus
1105 3541 1500 3615 aggrediamur,
1556 3539 1894 3608 hominisque
1947 3535 2273 3589 creationem

686 3655 784 3710 pro
813 3639 950 3692 virili
986 3645 1164 3691 nostra
1187 3634 1480 3688 ordiamur.
1512 3629 1682 3685 Nemo
1711 3643 1837 3682 vero
1857 3642 2064 3681 rursum
2093 3638 2275 3692 reprc-

687 3732 886 3786 hendat
937 3745 998 3784 ea
1049 3743 1166 3799 qua:
1214 3725 1512 3780 accuratius
1557 3721 1942 3792 exploramus:
1984 3717 2086 3770 hoc
2134 3713 2275 3769 enim

688 3826 899 3880 illorum
951 3822 1224 3893 proprium
1266 3829 1349 3874 est
1374 3819 1464 3887 qui
1492 3816 1677 3886 nugari
1705 3813 1940 3874 student.
1969 3825 2028 3865 ea
2061 3821 2281 3877 carpere

690 3933 809 3987 qua:
838 3932 865 3970 a
895 3917 1002 3971 Deo
1029 3923 1224 3969 statuta
1247 3919 1391 3976 sunt,
1423 3918 1477 3965 et
1499 3923 1560 3963 ea
1592 3921 1711 3978 qua
1732 3911 1982 3960 accurate
2033 3902 2281 3956 dicuntur

692 4008 1109 4080 reprehendere.
1143 4004 1332 4058 Audivi
1365 4002 1440 4056 sic
1464 4001 1767 4054 incusantes
1796 4013 1808 4048 :
1839 3996 1966 4062 Quae
1994 3992 2284 4046 necessitas

692 4110 808 4155 erat
832 4100 899 4154 de
928 4100 1046 4168 igne
1076 4106 1129 4152 et
1175 4109 1309 4165 aqua
1352 4092 1466 4146 haec
1509 4088 1691 4145 dicere
1716 4105 1727 4141 :
1752 4087 1940 4141 stridet
1970 4084 2127 4154 ignis,
2162 4097 2282 4137 cum

694 4209 829 4264 aqua
859 4195 910 4246 in
938 4206 1063 4246 eum
1115 4186 1390 4257 injicitur?
1419 4183 1547 4248 Nos,
1595 4181 1824 4245 aiebant,
1850 4193 1954 4235 non
1989 4192 2164 4233 rerum
2195 4190 2290 4230 na-

698 4287 946 4341 turalium
987 4280 1414 4351 disquisitionem
1460 4274 1769 4347 quaerimus,
1819 4270 1912 4328 sed
1965 4270 2284 4325 divinarum.

695 4380 846 4436 Scias
876 4385 1050 4430 autem
1086 4383 1317 4441 Oportet,
1361 4372 1474 4424 hanc
1503 4368 1661 4422 verba
1695 4368 2003 4436 ignavorum
2041 4373 2092 4416 et
2144 4362 2288 4415 intrr-

699 4474 827 4527 tium
851 4486 970 4526 esse
997 4468 1293 4522 hominum.
1323 4465 1450 4518 Post
1476 4462 1793 4529 theologiam
1820 4460 1960 4514 enim
1985 4472 2163 4511 rerum
2199 4471 2290 4508 ua-

700 4564 951 4620 turalium
975 4560 1244 4616 enarratio
1267 4555 1448 4627 pietati
1467 4553 1866 4608 fundamentum
1891 4549 2094 4620 pt'mbcl
2116 4565 2128 4600 :
2151 4547 2288 4616 quod

703 4658 748 4710 si
805 4654 1121 4710 naturalium
1156 4664 1332 4704 rerum
1386 4643 1949 4701 commemorationem
1976 4639 2288 4703 eliminant,

705 4756 957 4805 accusent
981 4745 1288 4818 prophetas,
1321 4739 1592 4812 apostolos
1620 4746 1862 4807 arguant.
1900 4735 2186 4804 Apostolus
2211 4746 2294 4786 res

706 4841 977 4896 naturales
1007 4845 1239 4892 tractat:
1279 4853 1296 4885 ε
1335 4833 1452 4887 Νοη
1489 4831 1664 4886 omnis
1706 4843 1832 4882 caro
1888 4827 2074 4880 eadem
2125 4836 2292 4886 caro;

709 4933 801 4986 sed
857 4932 956 4984 alia
1005 4944 1132 4984 caro
1189 4926 1483 4989 hominum,
1531 4921 1630 4974 alia
1671 4920 2054 4988 jumentorum,
2088 4913 2188 4965 alia
2222 4911 2299 4978 pi-

711 5024 903 5088 scium,
935 5022 1038 5074 alia
1083 5019 1293 5077 avium;
1325 5024 1379 5069 et
1423 5026 1644 5082 corpora
1693 5008 1945 5068 crclestia,
1979 5015 2030 5058 et
2074 5016 2298 5070 corpora

701 5105 923 5169 terrena
956 5129 974 5162 ι
1020 5109 1116 5180 (1.
1164 5107 1402 5163 Cor.15.
1435 5101 1524 5160 '59.
1566 5103 1635 5157 40
1660 5105 1697 5171 ).
1740 5101 1844 5154 Cur
1881 5096 2134 5151 naturalia
2163 5094 2302 5148 edis-

715 5206 844 5260 serit
877 5202 1088 5262 l‘aulus,
1122 5209 1176 5252 et
1197 5215 1259 5252 ex
1287 5198 1501 5251 musicis
1527 5192 1890 5249 instrumentis
1912 5188 2304 5243 accusationem

718 5299 964 5361 instituit,
993 5302 1046 5349 et
1067 5294 1137 5347 ait
1163 5309 1175 5347 :
1216 5311 1232 5343 t
1260 5291 1391 5345 Tam
1412 5288 1596 5353 multa,
1626 5296 1682 5340 ut
1715 5291 1859 5354 puta,
1882 5295 2074 5352 genera
2101 5280 2302 5350 lingua-

721 5405 840 5445 rum
873 5395 996 5442 sunt
1025 5387 1076 5439 in
1109 5381 1327 5444 tnundo,
1355 5389 1407 5433 et
1429 5378 1557 5432 nihil
1581 5378 1697 5432 sine
1723 5389 1851 5428 voce
1876 5371 1991 5426 est?
2022 5370 2232 5425 Etenim
2259 5370 2304 5423 si

722 5485 984 5538 incertam
1016 5491 1198 5531 vocem
1221 5472 1425 5528 dederit
1451 5470 1594 5533 tuba,
1622 5469 1739 5539 quis
1761 5464 1968 5537 parabit
1997 5479 2054 5518 se
2085 5462 2150 5517 ad
2174 5477 2303 5532 pra:-

725 5576 895 5632 lium?
922 5576 1032 5628 sive
1056 5570 1202 5634 tibia,
1245 5567 1358 5621 sive
1387 5563 1607 5627 cithara,
1651 5560 1750 5615 nisi
1774 5553 2174 5614 distinctionem
2224 5569 2309 5608 so-

728 5671 935 5726 nituum
965 5665 1228 5726 dederint,
1260 5656 1524 5730 quomodo
1556 5662 1909 5722 cognoscetur
1938 5650 1986 5705 id
2015 5650 2154 5720 quod
2187 5649 2308 5701 tibia

731 5771 824 5818 aut
868 5757 1007 5829 quod
1042 5755 1242 5809 cithara
1297 5750 1503 5806 canitur
1539 5766 1557 5798 i
1594 5746 1686 5814 (1.
1723 5744 1841 5797 Cor.
1874 5745 1959 5797 11.
1992 5744 2076 5796 10.
2110 5741 2161 5794 8.
2196 5739 2314 5806 7)?

737 5852 873 5924 Quid
902 5850 1047 5906 Pauli
1068 5849 1240 5917 lingua
1280 5853 1563 5900 commune
1592 5836 1824 5892 habebat
1855 5850 1974 5889 cum
2009 5834 2130 5888 tibia
2161 5842 2211 5888 et
2235 5833 2310 5887 ci-

2071 370 2257 432 SEVE
2268 364 2451 427 MAN!

3849 380 3961 434 472

2359 482 2551 541 tbara?
2577 480 2682 538 Sed
2713 477 3118 550 philosophatur
3163 490 3232 533 ex
3279 476 3344 532 iis
3387 489 3507 547 qurc
3537 473 3637 531 sub
3674 482 3959 544 aspectum

2355 576 2574 639 cadunt,
2608 582 2666 627 ut
2703 586 2764 627 ea
2791 570 3028 625 declaret
3064 583 3184 638 qua-
3224 565 3494 621 intellectu
3525 566 3954 634 perspiciuntur.

2356 667 2496 738 Quid
2549 679 2768 722 necesse
2819 673 2936 718 erat
2979 663 3031 716 in
3087 662 3221 715 libro
3268 659 3390 725 Job,
3439 658 3507 713 de
3555 665 3632 712 tot
3687 658 3961 724 tantisque

2359 757 2690 814 naturalibus
2759 755 2924 810 rebus
2991 751 3242 807 tractari?
3299 768 3320 802 ς
3373 748 3566 804 Leonis
3635 746 3902 802 fortitudo
3943 786 3959 810 ,

2359 857 2542 911 leama:
2565 867 2689 917 vox,
2716 848 2965 919 superbia
3011 846 3302 901 draconum
3350 843 3610 898 exstincta
3657 848 3765 894 est.
3816 838 3961 909 Hyr-

2361 947 2634 1004 mecoleon
2697 943 2895 1014 periit,
2957 955 3022 996 eo
3086 937 3227 1009 quod
3293 951 3400 992 non
3473 934 3695 990 haberet
3757 947 3958 987 escam.

2361 1040 2495 1096 Pulli
2542 1047 2719 1092 autent
2762 1035 3030 1090 vulturum
3060 1032 3164 1085 alte
3190 1029 3371 1084 volant
3396 1046 3415 1080 ι
3445 1025 3598 1099 (Job.
3623 1025 3676 1078 ι.
3708 1023 3802 1079 10.
3835 1024 3895 1076 11
3923 1030 3962 1089 ).

2360 1136 2470 1189 Cur
2518 1133 2655 1186 alius
2703 1128 2959 1200 propheta
3018 1124 3267 1188 dicebat,
3331 1117 3657 1187 «Quomodo
3695 1117 3742 1170 si
3788 1124 3962 1169 sumat

2362 1226 2448 1280 leo
2470 1233 2525 1280 et
2551 1225 2744 1294 rapiat,
2786 1230 2944 1290 atque
2971 1219 3144 1288 rugiat
3167 1229 3330 1284 super
3359 1211 3614 1282 pta‘dam,
3635 1219 3692 1263 et
3710 1208 3964 1278 replean-

2363 1329 2453 1374 tur
2477 1324 2683 1372 montes
2713 1328 2843 1368 voce
2866 1311 2980 1382 ejus
3014 1329 3032 1362 ι
3095 1307 3261 1378 (lsai.
3309 1304 3525 1377 5|.4)?
3565 1301 3798 1372 Ipseque
3841 1299 3963 1354 εκτ-

2361 1419 2515 1465 vator
2542 1408 2610 1464 de
2653 1403 2983 1461 naturalibus
3028 1401 3186 1455 rebus
3229 1395 3665 1452 sermocinatur:
3714 1410 3734 1443 ι
3773 1390 3960 1445 Simile

2363 1511 2446 1556 est
2470 1514 2692 1570 regnum
2736 1495 2987 1551 ctulorum
3035 1504 3204 1561 grano
3243 1486 3465 1556 sinapis,
3492 1482 3636 1555 quod
3681 1481 3964 1536 minimum

2363 1604 2446 1648 est
2470 1593 2717 1649 omnibus
2746 1587 3062 1650 seminibus,
3092 1598 3214 1638 cum
3252 1591 3431 1636 autem
3475 1577 3731 1640 creverit,
3794 1575 3965 1644 majus

2363 1695 2448 1741 est
2476 1683 2724 1739 omnibus
2743 1679 2977 1736 oleribus
3011 1697 3029 1730 ι
3077 1673 3298 1746 (Matth.
3331 1672 3419 1727 t3.
3443 1672 3530 1725 51.
3568 1668 3638 1723 52
3664 1669 3682 1738 )
3709 1685 3721 1721 :
3749 1681 3815 1721 ac
3844 1680 3962 1720 rur—

2366 1792 2524 1830 sum:
2564 1791 2582 1824 t
2646 1771 2832 1828 Simile
2885 1776 2968 1823 est
3021 1779 3243 1836 regnum
3285 1763 3558 1826 caelorum,
3609 1755 3965 1829 quemadmo—

2367 1868 2493 1922 dum
2525 1867 2567 1920 si
2595 1865 2758 1919 homo
2776 1862 2934 1932 jaciat
2985 1865 3280 1913 sementem
3312 1868 3482 1912 suam.
3516 1861 3570 1905 et
3598 1848 3890 1920 germinet,
3918 1855 3968 1899 et

2368 1969 2598 2025 crescat,
2637 1956 2764 2012 dum
2794 1955 2964 2010 nescit
2994 1952 3084 2008 ille
3120 1967 3132 2004 ε
3172 1948 3311 2004 ultro
3343 1946 3485 2001 enim
3515 1954 3655 1998 terra
3677 1940 3966 2010 germinat,

2370 2055 2544 2127 primo
2564 2052 2808 2114 herbam,
2824 2045 3020 2102 deinde
3035 2044 3237 2115 spicam
3260 2059 3272 2096 :
3293 2039 3486 2095 deinde
3513 2036 3749 2090 triticum
3786 2033 3968 2101 implet

2371 2123 2425 2207 in
2452 2150 2596 2220 spica
2632 2165 2650 2198 ι
2689 2142 2893 2217 (Marc.
2936 2139 2990 2194 4.
3023 2135 3191 2192 26-28
3217 2135 3256 2205 ).
3309 2129 3630 2187 Naturalitcr
3688 2126 3856 2181 etiam
3905 2123 3968 2175 de

2371 2242 2504 2299 creto
2528 2247 2719 2295 tractat
2752 2236 3005 2291 Servator
3045 2246 3059 2284 :
3097 2247 3115 2281 ι
3153 2226 3208 2283 Si
3239 2225 3452 2288 caelum,
3502 2219 3696 2289 inquit,
3745 2229 3970 2284 vespere

2375 2337 2592 2391 rubrum
2624 2331 2798 2394 fuerit,
2832 2325 3031 2392 dicitis,
3063 2323 3324 2378 Serenum
3359 2317 3482 2382 erit,
3513 2313 3669 2369 rubet
3694 2310 3841 2366 enim
3865 2323 3941 2362 ea:

2374 2429 2481 2484 lum
2510 2445 2523 2479 :
2556 2435 2611 2480 et
2635 2423 2734 2478 sub
2758 2419 3067 2482 diluculum,
3091 2413 3261 2470 Hodie
3287 2410 3455 2466 imber
3475 2406 3577 2461 erit
3601 2423 3613 2459 :
3641 2404 3802 2457 rubet
3829 2398 3971 2454 enim

2375 2523 2526 2577 triste
2550 2517 2737 2573 (zelum
2777 2533 2796 2566 ι
2832 2507 3149 2582 (MatthJG.
3175 2505 3231 2558 ἓ.
3252 2503 3349 2574 5).
3380 2498 3516 2570 Quid
3547 2496 3629 2550 his
3654 2507 3792 2562 opus
3823 2488 3974 2544 erat?

2374 2613 2501 2667 Haec
2530 2609 2650 2663 dico
2679 2615 2895 2676 prOpter
2917 2615 3010 2656 eos
3031 2600 3117 2670 qui
3141 2595 3327 2652 inscite
3358 2586 3758 2662 reprehendere
3787 2594 3974 2653 aggre-

2373 2702 2610 2758 diuntur.
2665 2697 2741 2752 De
2782 2673 2906 2748 Deo
2933 2699 3177 2746 movetur
3206 2699 3406 2751 sermo,
3446 2690 3502 2736 et
3544 2684 3855 2734 accoratarn
3882 2673 3976 2726 do-

2376 2793 2563 2849 ctrin'e
2601 2785 2996 2844 enarrationem
3053 2779 3239 2834 audire
3278 2773 3498 2830 renuis?
3548 2767 3778 2836 Quando
3821 2764 3975 2834 igitur

2377 2882 2706 2956 propositum
2729 2886 2812 2932 est
2842 2891 2934 2945 per
2960 2873 3192 2928 divinam
3221 2868 3440 2938 gratiam
3463 2863 3530 2918 de
3561 2859 3798 2915 hominis
3829 2870 3976 2911 crea-

2379 2977 2523 3032 tione
2553 2983 2859 3028 sermonem
2886 2966 3106 3029 habere,
3139 2977 3243 3016 non
3275 2974 3371 3028 pro
3412 2957 3488 3011 rei
3537 2953 3823 3024 dignitate,
3885 2946 3973 3000 sed

2379 3084 2476 3140 pro
2508 3066 2756 3121 facultate
2785 3068 2965 3116 nostra
3001 3070 3178 3126 opera:
3205 3053 3432 3124 pretium
3463 3057 3544 3102 est
3583 3043 3649 3098 ad
3680 3053 3970 3110 argumen-

2383 3171 2490 3216 tum
2523 3155 2833 3229 procedere.

2451 3254 2507 3308 2.
2533 3251 2792 3306 Ornatum
2821 3259 2975 3300 suum
2999 3247 3277 3309 acceperat
3306 3233 3518 3297 carlum,
3549 3238 3690 3283 terra
3719 3221 3976 3279 fructibus

2381 3353 2635 3403 coronata
2658 3348 2792 3402 erat,
2819 3351 2969 3407 aqua:
2991 3333 3154 3388 maris
3178 3335 3466 3398 segregate
3502 3323 3742 3387 fuerant,
3786 3319 3976 3386 stirpes

2381 3439 2816 3511 germinaverant
2840 3470 2853 3492 ,
2883 3430 3052 3482 bruta:
3081 3426 3378 3478 animantes
3409 3414 3686 3487 producta:
3732 3411 3939 3465 fuerant
3960 3448 3973 3468 ,

2385 3531 2585 3600 repleta
2617 3533 2733 3580 erat
2761 3533 2927 3585 terra,
2957 3525 3146 3571 ornata
3175 3523 3288 3567 erat
3316 3510 3529 3570 domus,
3576 3502 3977 3557 desiderabatur

2386 3592 2625 3677 omnium
2655 3629 2773 3684 qua:
2805 3611 2940 3665 facta
2989 3608 3199 3662 fuerant
3251 3604 3411 3656 herus
3459 3606 3513 3652 et
3573 3592 3972 3665 paterfamilias.

2389 3711 2530 3768 Dixit
2571 3708 2708 3761 Deus
2733 3721 2751 3758 :
2779 3701 3049 3756 Faciamus
3075 3698 3326 3750 hominem
3360 3692 3427 3744 ad
3455 3687 3728 3758 imaginem
3763 3692 3811 3736 et
3845 3683 3979 3736 simi-

2390 3803 2649 3858 litudiuem
2680 3789 3090 3862 nostram(Gen.
3140 3789 3191 3839 t.
3229 3784 3355 3854 9.6).
3412 3780 3850 3834 Demonstratum
3906 3779 3982 3826 est

2390 3893 2581 3965 pridie,
2607 3903 2724 3960 qua:
2749 3887 2818 3940 sit
2850 3885 2989 3937 illius
3015 3879 3162 3934 vocis
3191 3878 3290 3939 vis,
3324 3872 3619 3931 Faciamus,
3664 3879 3720 3921 et
3751 3865 3871 3936 quis
3903 3863 3979 3916 eui

2389 3987 2637 4055 loquatur
2676 3998 2688 4034 :
2722 3979 2838 4049 quis
2878 3972 3234 4034 consiliarius,
3267 3977 3320 4020 et
3373 3963 3522 4034 cujus
3566 3961 3636 4013 sit
3688 3954 3983 4010 communis

2391 4048 2962 4130 deliberatioJ’erum
3011 4064 3132 4133 quia
3165 4075 3229 4114 ex
3273 4054 3566 4126 Scripturis
3614 4048 3979 4108 ostendimus,

2391 4165 2755 4224 consiliarium
2786 4158 2989 4229 antiqui
3032 4156 3174 4210 illius
3218 4149 3426 4207 consilii
3465 4146 3662 4202 Filium
3716 4157 3875 4205 esse,
3929 4154 3982 4192 ac

2395 4261 2628 4332 Spiritus
2657 4253 2826 4312 sancti
2853 4251 3074 4321 gloriam
3123 4246 3417 4307 tacuimus;
3470 4254 3537 4293 ne
3584 4251 3651 4290 ex
3702 4234 3862 4288 nobis
3903 4231 3982 4298 qui

2396 4357 2509 4409 Sani
2539 4363 2745 4412 sumus,
2778 4346 2811 4399 ii
2844 4345 2928 4414 qui
2967 4347 3224 4409 agrotant
3247 4335 3555 4389 occasiones
3584 4335 3827 4400 captent,
3857 4322 3984 4377 scire

2396 4451 2624 4507 Oportet,
2661 4454 2817 4492 unam
2850 4449 2967 4488 csse
2997 4430 3240 4500 gloriam,
3275 4439 3432 4478 uuam
3457 4423 3804 4478 sententiam,
3831 4429 3984 4469 unum

2398 4539 2710 4604 Operantem
2736 4539 3034 4580 sermonem
3063 4520 3254 4578 Patris,
3284 4525 3336 4569 et
3366 4513 3482 4568 Filii
3515 4521 3569 4566 et
3603 4509 3842 4578 Spiritus
3872 4521 3987 4558 sau-

2398 4599 2488 4680 cii.
2514 4621 2824 4691 Appellatus
2847 4627 2926 4669 est
2947 4615 3032 4668 hic
3054 4610 3390 4666 consiliarius
3417 4604 3616 4659 Filius:
3641 4601 3767 4654 alibi
3797 4599 3987 4652 dictum

2400 4731 2500 4784 est,
2555 4717 2645 4772 Dei
2687 4711 2964 4766 scientiam
3013 4705 3279 4760 nemiuem
3323 4699 3539 4760 habere,
3590 4695 3688 4748 nisi
3742 4693 3988 4762 Spiritum

2401 4817 2666 4866 sanctum.
2695 4803 2776 4858 Ait
2803 4798 2996 4855 Paulus
3028 4815 3039 4849 :
3069 4792 3235 4848 Nemo
3265 4791 3355 4844 scit
3377 4795 3617 4856 quazsuut
3636 4782 3878 4845 hominis,
3906 4781 3990 4832 uiti

2403 4901 2612 4973 spiritus
2647 4894 2885 4957 hominis,
2923 4889 3010 4960 qui
3052 4889 3105 4940 in
3146 4885 3257 4954 ipso
3286 4893 3356 4936 est
3387 4879 3496 4933 :ita
3518 4885 3562 4929 et
3592 4889 3706 4944 qua:
3739 4871 3837 4926 Dei
3889 4881 3992 4926 sunt

2406 4963 2552 5047 tiemo
2582 4987 2832 5059 cognovit,
2864 4982 2957 5036 nisi
3017 4977 3241 5048 Spiritus
3290 4971 3386 5025 Dei
3439 4970 3520 5037 (t.
3549 4966 3668 5021 Cor.
3703 4964 3758 5018 2.
3792 4965 3854 5019 11
3883 4965 3919 5033 ).
3944 4963 3991 5017 Si

2409 5085 2647 5155 Spiritus,
2689 5077 2774 5146 qui
2798 5085 2879 5129 est
2909 5074 2961 5126 in
2988 5080 3061 5133 te,
3109 5083 3138 5120 a
3186 5076 3272 5120 tua
3304 5061 3601 5116 substantia
3645 5058 3859 5111 alienus
3900 5067 3989 5112 est.

2410 5151 2567 5234 etiam
2581 5174 2670 5243 qui
2690 5175 2741 5225 in
2760 5171 2867 5224 Deo
2881 5163 3197 5232 cstSpiritus
3215 5159 3419 5212 alienus
3430 5163 3512 5209 est
3525 5173 3552 5205 ει
3572 5153 3662 5208 Dei
3682 5151 3988 5205 substantia.

2484 5269 2680 5331 Patris,
2711 5264 2838 5317 Filii
2876 5271 2920 5315 et
2956 5257 3179 5327 Spiritus
3205 5252 3366 5306 sancti
3390 5266 3492 5303 una
3511 5247 3766 5301 voluntas.
3789 5274 3862 5284 —
3883 5243 3993 5297 Vult

2413 5360 2611 5433 aliquid
2645 5354 2837 5412 Pater?
2888 5349 3088 5405 Eadem
3130 5345 3377 5400 voluntas
3429 5350 3482 5394 et
3526 5337 3643 5393 Filii
3681 5345 3738 5391 ct
3777 5335 3993 5402 Spiritus

2416 5428 2586 5510 san-eti
2631 5456 2733 5504 est.
2766 5443 2891 5498 Vult
2945 5438 3142 5510 aliquid
3189 5433 3392 5490 Filius?
3422 5430 3620 5486 Eadem
3675 5428 3922 5480 voluntas
3949 5433 3991 5474 et

2417 5547 2590 5603 Patris
2619 5551 2671 5596 et
2709 5535 2939 5606 Spiritus
2979 5543 3079 5586 est.
3115 5528 3239 5584 Vult
3279 5524 3477 5594 aliquid
3508 5516 3777 5589 Spiritus?
3808 5516 3990 5574 Eadem

2422 5640 2667 5694 voluntas
2699 5642 2750 5687 et
2781 5627 2952 5684 Patris
2989 5633 3042 5678 et
3073 5621 3211 5677 Filii.
3253 5617 3485 5675 Suscitat
3526 5615 3682 5668 Pater
3730 5610 3994 5663 mortuos?

2420 5733 2730 5791 Suscitatet
2767 5722 2951 5778 Filius.
3000 5719 3086 5773 Ait
3125 5715 3319 5786 quippe
3357 5712 3624 5770 Servator,
3675 5705 3824 5760 Sicut
3874 5705 3994 5758 enim

2430 5825 2584 5880 Pater
2615 5814 2818 5874 suscitat
2869 5823 3094 5866 mortuos
3135 5819 3182 5864 et
3213 5807 3447 5874 vitii/icui,
3477 5802 3548 5856 sit:
3596 5811 3641 5853 et
3687 5797 3858 5852 Filius
3883 5811 3992 5856 atros
