4158 6320
211 309 316 362 471

190 417 297 474 τῶν
328 417 516 490 ἔργων
559 418 657 472 τοῦ
701 418 949 474 διαϐόλου
997 422 1058 475 ού
1106 425 1316 498 χωρίζῃ
1361 426 1430 480 δι’
1463 428 1777 490 εύσέϐειανς

189 509 300 561 Καὶ
333 506 477 578 μὴν,
508 507 762 577 ἀδελφοὶ,
790 508 931 563 κατά
960 509 1056 564 τοῦ
1105 512 1179 584 μὴ
1216 514 1569 584 νηστεύοντος
1600 515 1781 584 κρίσις

186 595 282 664 οὐχ
303 593 544 664 ὥρισται
567 610 580 626 ·
616 595 756 650 κατὰ
780 595 837 648 δὲ
861 596 958 650 τοῦ
986 597 1297 664 ἀδικοῦντος
1319 602 1592 672 τιμωρίαν
1624 603 1781 672 ἠπεί-

184 677 367 748 λησεν.
404 679 490 735 Τὰ
529 682 797 736 ἀνεύθυνα
845 681 1142 755 φεύγομεν,
1194 687 1288 740 καὶ
1332 689 1402 742 τά
1437 689 1669 744 ὑπόδικα
1714 691 1775 743 ού

184 767 494 839 φεύγομεν;
537 771 767 840 Ἀγαθὸν
806 774 839 844 ἡ
871 773 1210 848 ἐλεημοσύνη
1230 793 1244 807 ο
1277 779 1344 848 τῇ
1393 777 1493 847 μὲν
1523 778 1631 850 γὰρ
1658 780 1777 848 ὄψει

184 857 600 930 σκορπιζομένη
622 903 637 926 ,
671 862 731 931 τῇ
762 860 818 914 δέ
854 861 1082 933 ἀληθείᾳ
1133 865 1377 933 συνάγει.
1411 867 1620 939 Ὥσπερ
1666 868 1776 939 γὰρ

181 945 429 1017 γεωργὸς
462 949 530 1018 τῇ
563 950 634 1019 γῇ
664 947 915 1015 δανείζει,
970 951 1064 1020 ἀφ’
1094 945 1162 1024 ἦς
1191 953 1471 1024 ἐκδέχεται
1506 956 1576 1009 τὰ
1607 957 1776 1026 σπέρ-

183 1049 328 1103 ματα
355 1049 370 1064 ο
407 1026 586 1098 οῦτως
617 1036 650 1106 ἡ
701 1034 1040 1108 ἐλεημοσύνη
1090 1038 1240 1094 δοκεῖ
1267 1042 1366 1111 μὲν
1411 1042 1592 1107 ἄλλοις
1633 1043 1773 1097 δίδο-

181 1119 323 1184 σθαι,
344 1123 412 1190 τῇ
442 1120 504 1174 δὲ
528 1121 757 1194 ἀληθείᾳ
783 1121 861 1192 τῷ
884 1122 1139 1179 δεδωκότι
1161 1127 1505 1197 ταμιεύεται.
1525 1131 1773 1200 Ἐσκόρο

179 1221 318 1260 πισε
346 1208 481 1281 γὰρ,
534 1211 698 1280 φησὶν
729 1212 757 1264 6
801 1208 966 1264 Δαυτδ
987 1251 1002 1276 ,
1029 1212 1213 1268 ἔδωκε
1261 1216 1386 1282 τοῖς
1420 1218 1702 1287 πένησιν,
1731 1220 1771 1289 ἡ

176 1291 542 1363 δικαιοσύνη
574 1295 762 1350 αὐτοῦ
800 1298 970 1366 μένει
996 1301 1085 1364 είς
1109 1301 1215 1354 τὸν
1237 1302 1446 1360 αἰῶνα.
1491 1304 1650 1360 Οὕτω
1676 1324 1773 1378 νη·

178 1379 496 1451 στεύσωμεν
519 1423 534 1446 ,
576 1382 719 1438 οὕτω
766 1389 1256 1461 προσκυνήσωμεν,
1289 1390 1432 1446 οὕτω
1465 1394 1772 1448 πιστεύσω-

181 1484 298 1536 μεν,
328 1468 422 1520 τδν
457 1469 683 1542 Πατέρα
716 1471 1049 1540 δοξάζοντες,
1082 1475 1174 1529 τὸν
1207 1477 1336 1531 Υίδν
1362 1479 1682 1549 ὑμνοῦντες,
1710 1480 1770 1535 τὸ

179 1553 400 1625 Πνεῦμα
425 1555 490 1608 τὸ
518 1557 674 1626 ἅγιον
699 1560 1157 1631 προσκυνοῦντες,
1188 1565 1272 1618 ὅτι
1300 1565 1447 1638 αύτῷ
1475 1569 1510 1638 ἡ
1533 1567 1659 1636 δόξα
1689 1571 1770 1634 είς

177 1642 298 1706 τοὺς
329 1643 563 1709 αἰῶνας.
615 1645 810 1718 Ἀμήν.

181 1793 289 1850 Τοῦ
313 1796 510 1851 αὐτοῦ
537 1799 622 1866 είς
644 1797 759 1868 τὴν
807 1800 1086 1925 «frgi-amr
1135 1805 1367 1880 ἡμέραν
1400 1806 1509 1878 τῆς
1540 1825 1766 1879 κοσμο-

891 1890 1070 1925 οιιαιι.

891 1890 1070 1938 τοιιας.

244 2018 310 2065 α’.
338 2014 521 2068 ιιολλά
546 2016 644 2084 μὲν
678 2019 770 2072 καὶ
797 2021 1010 2090 μεγάλα
1041 2023 1111 2077 τὰ
1130 2024 1282 2094 παρὰ
1320 2025 1417 2078 τοῦ
1447 2025 1754 2098 φιλανθρὼ-

179 2122 275 2157 που
292 2106 426 2160 Θεοῦ
447 2110 562 2172 τοῖς
589 2109 894 2182 ἀνθρώποις
906 2113 1112 2187 δεδωρη
1122 2117 1260 2186 μένα
1279 2134 1291 2148 ·
1313 2117 1502 2190 πρώτη
1524 2120 1579 2172 δὲ
1599 2119 1764 2174 αὑτοῦ

178 2200 265 2253 καὶ
293 2201 531 2273 μεγίστη
563 2203 754 2257 πασῶν
781 2204 1001 2277 δωρεῶν
1030 2210 1062 2279 η
1091 2208 1201 2262 τῶν
1237 2210 1471 2282 Γραφῶν
1511 2211 1766 2266 διδασκα-

178 2290 277 2346 λία.
313 2294 503 2356 Ἥλιος
551 2297 649 2367 μὲν
697 2296 806 2369 γὰρ
852 2300 948 2353 καὶ
1001 2301 1234 2374 σελήνη,
1285 2306 1379 2358 καὶ
1425 2306 1530 2370 πᾶς
1571 2309 1599 2360 6
1654 2308 1762 2363 τῶν

177 2383 384 2456 ἄστρων
421 2390 604 2460 χορὸς,
653 2393 747 2444 καὶ
794 2395 1029 2465 ποταμοὶ
1072 2398 1166 2449 καὶ
1209 2400 1385 2470 πηγαὶ
1431 2400 1524 2452 καὶ
1576 2400 1761 2470 λίμναι

180 2477 306 2546 πρὸς
335 2480 436 2550 τὴν
468 2480 580 2533 τῶν
614 2484 882 2554 σωμάτων
909 2486 1206 2557 θεραπείαν
1236 2491 1597 2562 γεγένηνται·
1620 2497 1675 2547 αἱ
1702 2495 1759 2548 δὲ

178 2571 322 2638 ἅγιαι
342 2573 381 2625 Γ
387 2576 562 2645 ραφαὶ
593 2576 728 2648 πρὸς
753 2577 851 2649 τὴν
881 2577 989 2634 τῶν
1025 2580 1216 2653 ψυχῶν
1246 2584 1533 2656 διόρθωσιν
1574 2587 1761 2660 ἐδόθη-

179 2681 270 2721 σαν
289 2683 302 2696 ’
358 2666 470 2737 ὅσῳ
500 2667 558 2722 δὲ
613 2669 881 2739 σωμάτων
911 2673 1167 2746 ἀνωτέρα
1188 2676 1357 2748 ψυχὴ,
1383 2678 1622 2749 τοσούτῳ
1651 2683 1760 2736 τῶν

176 2757 339 2810 ἄλλων
365 2759 587 2832 δωρεῶν
626 2763 877 2836 ἀνωτέρα
926 2766 958 2838 ἡ
991 2765 1100 2820 τῶν
1153 2767 1314 2822 θείων
1347 2769 1599 2841 Γραφῶν.
1659 2774 1757 2827 Διὰ

180 2848 323 2902 τοῦτο
342 2849 491 2919 λέγει
515 2853 542 2906 6
562 2853 753 2925 Σωτήρ
775 2870 787 2883 ’
826 2855 1137 2924 Ἐρευνᾶτε
1157 2858 1263 2925 τὰς
1283 2861 1549 2931 Γραφὰς,
1572 2863 1643 2919 ἐν
1659 2858 1758 2930 αῖς

176 2939 391 2997 δοκεῖτε
431 2943 587 3015 ζωὴν
611 2945 851 3002 αίώνιον
895 2949 1079 3018 ἔχειν.
1125 2953 1536 3027 Ἑρευνήσωμεν
1577 2957 1756 3010 τοίνυν

177 3033 289 3098 τοὺς
327 3036 636 3108 θησαυροὺς
688 3039 797 3092 τῶν
847 3041 885 3092 Γ
893 3043 1102 3112 ραφῶν,
1153 3045 1250 3098 καὶ
1292 3047 1392 3117 τῆς
1423 3049 1755 3117 ἐπαγγελίας

179 3122 453 3195 ἁψώμεθα,
498 3131 592 3181 καὶ
633 3128 724 3182 τοῦ
755 3130 1044 3204 ἀνθρώπου
1071 3135 1168 3206 τὴν
1217 3135 1578 3210 δημιουργίαν
1611 3141 1754 3193 κατὰ

178 3214 390 3288 δύναμιν
440 3222 679 3287 ἐξειπεῖν
731 3224 1192 3296 ἐπιχειρήσωμεν.
1234 3229 1440 3300 Μηδεὶς
1485 3231 1542 3284 δὲ
1597 3233 1753 3287 πάλιν

181 3311 464 3380 μεμφέσθω
493 3318 606 3378 τοῖς
629 3316 765 3385 μετά
782 3317 1069 3389 ἀκριϐείας
1090 3318 1444 3391 ζητουμένοις
1461 3342 1474 3355 ·
1496 3325 1629 3380 ῐδιον
1644 3327 1751 3398 γὰρ

175 3401 273 3452 τῶν
298 3403 556 3475 φλυαρεῖν
589 3408 1015 3478 ἐπιχειρούντων
1049 3410 1107 3464 τὸ
1136 3412 1454 3484 μέμφεσθαι
1491 3422 1611 3482 ταῖς
1655 3419 1748 3474 τοῦ

177 3491 298 3547 θεοῦ
349 3496 626 3564 διατάξεσι
677 3500 773 3553 καὶ
826 3500 1079 3569 ἐγκαλεῖν
1126 3507 1239 3568 τοῖς
1285 3507 1422 3577 μετά
1469 3508 1749 3580 ἀκριϐείας

177 3582 752 3674 λησμένοιςβῐίκουσά
773 3610 936 3647 τινων
956 3595 1356 3663 ἐγκαλούντων,
1379 3601 1461 3654 ὅτι
1486 3620 1569 3667 τις
1592 3605 1750 3674 χρεία

179 3666 420 3766 ᾖνείπεῖν
455 3682 586 3750 περὶ
615 3682 787 3753 πυρὸς
820 3684 914 3738 καὶ
946 3685 1168 3753 ὓδατος,
1211 3689 1293 3744 ὅτι
1334 3692 1507 3762 τρίζει
1535 3666 1746 3766 τὸηίιτῦρ

179 3763 351 3832 ὓδατος
381 3772 839 3844 ἐπιϐαλλομένου;
884 3775 1093 3846 Ἡμεῖς,
1123 3780 1276 3849 φησὶ,
1313 3783 1656 3850 φυσιολογίαν
1685 3763 1746 3840 ού

179 3857 382 3932 θέλομεν
413 3863 726 3935 μανθάνειν,
756 3867 888 3921 ἀλλά
916 3867 1211 3938 θεολογίαν.
1266 3873 1356 3926 Δεῖ
1404 3874 1461 3928 δέ
1513 3875 1742 3944 εἰδέναι,

179 3949 247 4005 ὅτι
273 3955 436 4010 ταῦτα
470 3958 538 4012 τά
566 3961 784 4029 ῥήματα
810 3962 994 4033 ἀργῶν
1015 3966 1132 4018 ἐστι
1157 3966 1251 4018 καὶ
1282 3967 1559 4039 ῥᾳθύμων.
1591 3972 1746 4026 Μετά

177 4045 273 4138 γᾷρ
296 4048 390 4119 τὴν
417 4050 696 4119 θεολογίαν
735 4055 767 4123 ή
801 4055 1113 4125 φυσιολογία
1146 4060 1386 4130 κρηπῖδα
1420 4063 1647 4134 παρέχει
1675 4069 1741 4138 τῇ

178 4137 409 4210 εὐσεϐείᾳ.
433 4159 446 4172 ⁸
477 4145 600 4197 είδὲ
625 4145 945 4200 ἐκϐάλλουσι
975 4151 1344 4220 φυσιολογίαν,
1375 4137 1743 4222 ἐγκαλείσθωέ

179 4245 267 4283 σαν
290 4237 395 4299 τοῖς
416 4238 749 4308 προφήταις,
794 4240 1196 4310 μεμφέσθωσαν
1237 4246 1352 4309 τοῖς
1396 4247 1737 4316 ἀποστόλοις.

187 4316 240 4373 '0
270 4322 580 4393 Ἀπόστολος
609 4330 953 4400 φυσιολογεῖ·
979 4335 1064 4388 Οὐ
1107 4333 1277 4390 πᾶσα
1317 4338 1476 4406 σὰρξ
1505 4341 1543 4409 ἡ
1585 4342 1738 4412 αὐτὴ

178 4411 348 4481 σάρξ·
383 4419 522 4473 ἀλλ’
550 4419 707 4488 άλλη
743 4423 860 4490 μὲν
892 4424 1049 4494 σὰρξ
1091 4427 1439 4496 ἀνθρώπων,
1472 4432 1632 4500 ἄλλη
1673 4411 1740 4489 δέ

177 4503 318 4569 σὰρξ
349 4508 604 4575 κτηνῶν,
647 4512 805 4580 άλλη
851 4512 919 4568 δὲ
945 4518 1186 4584 ἰχθύων,
1217 4519 1376 4589 άλλη
1421 4521 1490 4576 δὲ
1548 4539 1734 4581 πετει⁴

178 4593 310 4688 τῶν·
333 4602 425 4654 καὶ
450 4601 698 4671 σώματα
712 4605 1058 4675 ἐπουράνια,
1095 4613 1192 4667 καί
1215 4615 1460 4685 σώματα
1485 4618 1732 4688 ἐπίγεια·

179 4686 311 4779 διατί
335 4695 643 4763 φυσιολογεῖ
669 4697 897 4766 Παῦλος,
927 4702 1020 4755 καὶ
1053 4705 1160 4757 ἀπὸ
1183 4709 1459 4776 μουσικῶν
1488 4686 1736 4779 όργάνων

180 4777 388 4871 ἐγκαλεῖ,
417 4787 514 4841 καὶ
548 4788 729 4857 λέγει’
761 4789 1035 4847 Τοσαῦτα
1054 4797 1107 4850 εί
1138 4799 1331 4868 τύχοι,
1351 4801 1494 4870 γένη

177 4867 324 4963 ἐστιν
354 4878 419 4931 ἐν
438 4882 667 4950 κόσμῳ,
700 4883 799 4936 καὶ
819 4884 1002 4938 οὐδὲν
1026 4867 1268 4955 άςοωνόν
1292 4867 1422 4944 ἐστι
1444 4907 1463 4953 ;
1482 4867 1599 4946 ’Καὶ
1625 4894 1730 4963 γὰρ

179 4959 270 5016 ἐὰν
297 4969 520 5038 ἄδηλον
547 4974 758 5042 φωνὴν
788 4975 1060 5049 σάλπιγξ
1093 4980 1196 5047 δῷ,
1226 4983 1320 5050 τίς
1354 4983 1504 5057 [481]
1543 4959 1732 5055 παρα-

179 5061 497 5147 ςμυάζεται
512 5067 599 5131 είς
628 5067 932 5135 πόλεμονς
962 5071 1101 5125 Εἴτε
1124 5072 1333 5140 αὐλὸς,
1354 5076 1475 5129 εἶτε
1498 5079 1730 5147 κιθάρα,

181 5143 272 5199 ἐὰν
298 5151 626 5224 διαστολὴν
669 5157 795 5224 τοῖς
829 5162 1112 5231 ,φθόγγοις
1154 5163 1238 5232 μὴ
1285 5165 1389 5230 δῷ,
1426 5167 1552 5234 πῶς
1585 5143 1733 5238 γνωέ

181 5238 439 5304 σθήσεται
475 5246 543 5299 τὸ
568 5249 947 5318 αὐλούμενον
979 5253 1018 5322 ἢ
1056 5255 1124 5307 τὸ
1159 5256 1638 5327 κιθαριζόμενον;
1666 5261 1732 5314 Τί

181 5332 330 5424 ξνξνδν
349 5336 486 5410 εῖχεν
503 5343 534 5408 ὴ
553 5341 765 5395 Παύλου
784 5342 1003 5411 γλῶσσα
1014 5347 1150 5419 πρὸς
1175 5348 1334 5403 αύλὸν
1357 5355 1451 5405 καὶ
1467 5354 1727 5424 κιθάρανς

193 5417 328 5517 Ἄξελὰ
376 5434 687 5502 φυσιολογεῖ
714 5435 820 5487 ἀπὸ
849 5435 956 5488 τῶν
984 5417 1324 5510 φαινομένων
1347 5483 1360 5503 ,
1410 5444 1495 5497 ἵνα
1549 5417 1696 5517 παρα

183 5511 330 5608 Si?!)
373 5522 434 5575 τὰ
464 5523 748 5594 νοούμενα.
788 5525 883 5590 Τίς
914 5522 982 5597 ἦν
1029 5530 1186 5599 χρεία
1225 5533 1282 5584 ἐν
1312 5536 1378 5605 τῇ
1424 5534 1592 5608 βίϐλῳ
1631 5511 1727 5592 τοῦ

193 5596 292 5653 Ἰὼϐ
336 5614 783 5687 φυσιυλογηθῆναι
836 5596 1077 5671 τοσαῦτα
1107 5637 1120 5684 ;
1178 5596 1396 5691 Σθένοξ
1424 5596 1687 5696 ’λέοντος
1710 5674 1722 5695 ,

183 5697 324 5766 φωνὴ
360 5705 642 5775 λεαίνης,
701 5711 993 5780 γαυρίαμα
1044 5711 1388 5782 δρακόντων
1437 5720 1716 5790 ἐσϐέσθη.

1267 309 1354 364 DE
1392 310 1608 368 MUNDI
1647 311 2046 369 CBEATIONE
2083 312 2339 369 ORATIO
2377 315 2440 368 V.

3361 321 3476 376 472

1892 429 2337 497 Μυρμηκολέων
2365 428 2552 483 ὤλετο
2601 427 2760 497 παρὰ
2808 427 2871 483 τὸ
2922 425 3005 497 μὴ
3055 428 3219 496 ἔχειν
3248 427 3466 497 βοράν.

1884 520 2144 575 Νεοσσοί
2167 519 2236 573 δὲ
2252 518 2462 589 γυπῶν
2480 519 2552 574 τὰ
2581 519 2790 590 ὑψηλὰ
2821 519 3118 574 πέτονται.
3142 519 3291 573 Διατί
3311 520 3469 585 ἄλλος

1888 613 2176 684 προφήτης
2213 612 2399 682 ἔλεγεν
2417 627 2432 643 ·
2462 615 2574 667 Ὃν
2598 613 2822 682 τρόπον
2857 612 2966 666 ἐὰν
2997 610 3151 680 λάϐῃ
3181 610 3338 666 λέων
3367 612 3466 667 καί

1881 705 2146 774 ἁρπάσῃ,
2182 706 2506 777 καίβοήσῃ
2535 707 2633 762 ἐπὶ
2661 706 2740 776 τῇ
2772 705 2942 776 θήρᾳ,
2985 708 3081 761 καὶ
3113 706 3363 774 πλησθῇ
3395 704 3492 760 τὰν

1883 806 1992 876 ὄρη
2023 807 2132 876 τῆς
2158 807 2363 878 φωνῆς
2393 807 2614 873 αὐτοῦ;
2647 807 2759 862 Καὶ
2803 806 2965 868 αὐτὸς
3002 808 3030 860 6
3063 806 3253 876 Σωτὴρ
3279 821 3468 875 φυσιο-

1881 900 2029 970 λογεῖ
2043 919 2058 933 ο
2087 901 2279 972 Ὁμοία
2299 901 2470 956 ἐστίν
2486 904 2523 971 ἡ
2537 902 2826 967 ,ϐασιλεία
2847 901 2966 954 τῶν
2984 899 3255 970 οὐρανῶν
3271 900 3467 966 κόκκῳ

1882 994 2222 1065 σινήπεως,
2278 995 2308 1050 6
2352 997 2705 1066 μικρότερον
2751 995 2869 1065 μὲν
2898 995 3032 1050 ἔστι
3095 991 3215 1046 τῶν
3257 991 3468 1046 ἄλλων

1877 1091 2255 1159 σπερμάτων,
2299 1089 2567 1158 αὐξηθὲν
2609 1088 2698 1154 δὲ,
2737 1085 2939 1157 μεῖζον
2971 1085 3212 1139 πάντων
3239 1084 3466 1154 γίνεται

1876 1179 1997 1235 τῶν
2018 1180 2331 1251 λαχάνωνο
2358 1183 2453 1236 καὶ
2479 1181 2672 1234 πάλιν·
2702 1180 2899 1250 Ὁμοία
2917 1178 3088 1232 ἐστὶν
3112 1179 3148 1246 ἠ
3174 1176 3464 1241 ,Βασιλεία

1875 1276 1994 1330 τῶν
2020 1276 2314 1346 οἰφανῶν,
2340 1277 2423 1345 ὡς
2455 1277 2564 1332 ἐὰν
2587 1276 2898 1345 ἄνθρωπος
2908 1273 3075 1341 βάλῃ
3096 1271 3206 1326 τὸν
3230 1272 3466 1340 σπόρον

1874 1371 2084 1437 αὐτοῦ,
2129 1373 2228 1426 καὶ
2279 1371 2607 1441 βλαστάνῃ
2664 1369 2767 1424 καί
2798 1369 3168 1440 μηκύνηται,
3219 1366 3301 1431 ὡς
3349 1366 3463 1419 οὐκ

1873 1460 2036 1519 οἶδεν
2086 1465 2302 1532 αὐτός·
2354 1463 2657 1535 αὐτομάτη
2716 1461 2830 1533 γὰρ
2879 1463 2918 1530 ἡ
2967 1459 3042 1531 τῆ
3084 1455 3460 1524 βλαστάνει,

1873 1558 2108 1626 πρῶτον
2129 1559 2369 1628 χόρτον,
2409 1555 2537 1614 εἶτα
2569 1557 2827 1628 στάχυν,
2861 1551 2990 1610 εἶτα
3018 1552 3193 1608 σῖτον
3241 1548 3468 1618 πληροῖ

1871 1650 1941 1704 ἐν
1967 1650 2046 1712 τῷ
2071 1651 2313 1720 στάχυϊ.
2341 1652 2657 1720 Φυσιολογεῖ
2673 1651 2768 1704 καὶ
2798 1649 2889 1702 τὸν
2911 1645 3138 1717 οὐρανὸν
3166 1645 3194 1698 6
3223 1642 3417 1712 Σωτήρ
3441 1657 3456 1673 ⁸

1884 1744 2026 1798 Ἐὰν
2053 1744 2316 1813 γένηται,
2349 1744 2545 1815 φησιν,
2590 1746 2623 1797 ό
2661 1741 2919 1812 οὐρανὸς
2959 1739 3140 1808 ὀψίας
3194 1734 3455 1804 πυρῤὸς,

1867 1836 2094 1907 λέγετε,
2122 1837 2331 1901 Εὐδία,
2361 1835 2637 1906 πυρράζει
2673 1835 2780 1904 γὰρ
2807 1837 2838 1889 ό
2881 1831 3138 1900 οὐρανός
3158 1846 3170 1859 ·
3203 1827 3302 1882 καί
3335 1825 3456 1881 ὐπὸ

1869 1931 1978 1984 τὸν
2011 1931 2246 2000 ὄρθρον,
2277 1929 2550 2000 Σήμερον
2577 1927 2819 1998 χειμὼν,
2856 1923 3135 1995 πυρράζει
3167 1925 3278 1992 γὰρ
3303 1936 3457 1974 στυ-

1870 2027 2094 2098 γνάζων
2142 2031 2176 2083 ό
2219 2027 2498 2096 οὐρανός.
2535 2027 2632 2090 Τίς
2669 2019 2762 2079 οῦν
2794 2022 2952 2093 χρεία
2980 2021 3227 2082 τούτων;
3264 2016 3452 2070 Ταῦτα

1866 2123 2009 2190 λέγω
2042 2121 2131 2175 διὰ
2159 2120 2287 2185 τοὺς
2332 2118 2672 2184 ἀπαιδεύτως
2720 2116 2973 2186 ἐγκαλεῖν
3018 2109 3447 2183 ἐπιχειροῦντας.

1867 2216 2003 2285 Περὶ
2049 2213 2184 2268 Θεοῦ
2220 2215 2453 2268 κινεῖται
2483 2211 2639 2281 λόγος
2662 2250 2677 2275 ,
2717 2210 2814 2264 καὶ
2854 2206 3074 2278 φεύγεις
3106 2203 3205 2275 τὴν
3245 2202 3450 2274 ἀκριϐῆ

1864 2308 1974 2360 τῶν
2023 2307 2310 2378 δογμάτων
2360 2305 2663 2378 ἀκρόασιν;
2730 2303 2882 2358 Ἐπεὶ
2927 2301 3106 2354 τοίνυν
3167 2299 3449 2372 πρόκειται

1863 2398 1999 2454 Θεοῦ
2054 2400 2238 2471 χάριτι
2286 2399 2366 2462 είς
2424 2397 2523 2468 τὴν
2579 2395 2674 2450 τοῦ
2743 2393 3034 2466 ἀνθρώπου
3084 2391 3450 2464 δημιουργίαν

1862 2496 2072 2560 εἰπεῖν,
2107 2492 2168 2545 ού
2210 2493 2332 2546 κατ’
2380 2491 2538 2557 ἀξίαν
2583 2488 2678 2542 τοῦ
2729 2489 3075 2559 πράγματος,
3126 2486 3260 2540 ἀλλὰ
3307 2483 3450 2538 κατά

1859 2586 2088 2656 δύναμιν
2117 2585 2212 2656 τὴν
2242 2583 2537 2657 ἡμετέραν,
2582 2580 2895 2650 ἀναγκαίως
2939 2580 3020 2634 ei:
3054 2578 3152 2649 τὴν
3191 2576 3450 2631 ὑπόθεσιν

1861 2679 2206 2751 καθήξωμεν.
3521 2668 3526 2674 ’

1933 2781 1997 2851 β’.
2027 2778 2399 2850 Ἐκεκόσμητο
2417 2780 2446 2833 6
2461 2779 2522 2832 ού
2531 2776 2710 2849 ρανὺς,
2726 2775 3068 2845 ἐστεφάνωτο
3084 2774 3196 2835 τοῖς
3213 2773 3448 2843 καρποῖς

1856 2875 1889 2942 ή
1937 2873 2033 2943 γῆ,
2080 2870 2336 2942 διώριστο
2378 2870 2447 2924 τὰ
2470 2871 2569 2940 τῆς
2601 2869 2877 2938 θαλάσσης
2906 2867 3095 2931 ῦδατα,
3141 2863 3444 2933 ἐϐλάστησε

1859 2964 2233 3034 βλαστήματα,
2261 2961 2499 3034 προῆλθε
2529 2960 2599 3014 τὰ
2637 2960 2806 3028 ἄλογα
2839 2959 2974 3026 ζῶα,
3017 2957 3375 3027 ἐπεπλήρωτο
3408 2956 3443 3026 ἡ

1859 3056 2173 3127 οἰκουμένη,
2204 3054 2542 3126 ἐκεκόσμητο
2575 3055 2604 3106 6
2641 3049 2810 3116 οἶκος.
2839 3051 3052 3105 ἔλειπεν
3077 3051 3106 3103 6
3129 3047 3445 3101 οἰκοδεσπό-

1855 3166 1956 3220 της
1977 3148 2197 3202 πάντων
2221 3147 2330 3200 τῶν
2358 3145 2687 3217 γενομένων.
2717 3140 2903 3199 Εἶπεν
2923 3147 2956 3198 ό
2980 3142 3144 3208 Θεὸς,
3176 3138 3443 3205 Ποιήσωο

1847 3259 1965 3311 μεν
1986 3241 2299 3309 ἄνθρωπον
2323 3240 2450 3294 κατ’
2477 3238 2680 3293 εἰκόνα
2700 3236 2993 3308 ἡμετέραν
3008 3235 3104 3288 καὶ
3135 3234 3438 3303 ὁμοίωσιν.

1865 3331 2106 3403 Ἐδείχθη
2140 3335 2206 3402 τῇ
2238 3331 2539 3402 προτεραίᾳ
2570 3330 2654 3393 τίς
2694 3332 2727 3400 ἡ
2777 3329 3008 3399 δύναμις
3033 3327 3149 3392 τοῦ,
3179 3323 3442 3390 Ποιήσω-

1846 3444 1982 3497 μεν,
1994 3426 2139 3489 τίνος
2157 3427 2186 3479 6
2199 3426 2377 3494 λόγος,
2404 3427 2498 3478 καὶ
2515 3424 2650 3496 πρὸς
2666 3423 2787 3477 τίνα
2800 3425 2828 3477 6
2843 3422 3002 3485 λόγος
3015 3439 3028 3454 ο
3046 3420 3128 3484 τίς
3149 3421 3177 3472 6
3199 3417 3262 3471 σύ
3270 3417 3439 3488 p.600-

1850 3518 1961 3582 λος,
1993 3519 2090 3571 καὶ
2126 3518 2269 3581 τίνος
2298 3520 2331 3586 ἡ
2383 3517 2537 3588 κοινὴ
2564 3517 2775 3586 σκέψις.
2808 3514 2948 3568 Ἀλλ’
2977 3512 3165 3581 ἐπειδὴ
3198 3509 3305 3563 ἀπὸ
3328 3508 3437 3561 τῶν

1849 3611 2084 3684 Γραφῶν
2102 3611 2423 3683 παρεστήσα
2430 3626 2530 3682 μεν
2551 3607 2853 3680 σύμϐουλον
2879 3607 2976 3678 τῆς
2987 3604 3221 3677 ἀρχαίας
3240 3602 3437 3673 βουλῆς

1849 3703 1940 3756 τὸν
1965 3703 2112 3767 Υἱὺν,
2142 3703 2533 3773 ἐσιωπήσαμεν
2575 3701 2630 3754 δέ
2674 3700 2767 3753 τοῦ
2797 3699 2954 3766 ἁγίου
2986 3696 3304 3767 Πνεύματος
3335 3696 3437 3765 τὴν

1846 3797 2025 3862 δόξαν,
2057 3797 2145 3849 ἵνα
2202 3795 2277 3868 μὴ
2327 3795 2581 3867 ἀφορμὰς
2607 3795 2868 3865 δέχωνται
2907 3793 3038 3862 παρ’
3067 3791 3222 3861 ἡμῶν
3254 3791 3435 3858 ὑγιαι-

1846 3889 2045 3943 νόντων
2077 3891 2126 3942 οί
2147 3888 2452 3953 νοσοῦντες,
2480 3889 2776 3956 ἀναγκαῖον
2802 3885 3023 3946 εἰδέναι,
3045 3885 3126 3937 ὅτι
3161 3882 3258 3953 μία
3286 3881 3431 3949 δόξα,

1848 3982 1950 4052 μία
1975 3981 2204 4054 γνώμη,
2252 3975 2332 4045 εἷς
2373 3980 2528 4050 λόγος
2570 3979 2810 4050 ἐνεργῶν
2838 3978 2930 4032 τοῦ
2969 3976 3180 4047 Πατρδς
3214 3975 3305 4028 καὶ
3337 3973 3433 4029 τοῦ

1849 4075 1980 4129 Υίοῦ
2015 4077 2109 4130 καὶ
2164 4074 2258 4128 τοῦ
2309 4075 2466 4143 ἁγίου
2517 4073 2852 4144 Πνεύματος.
2921 4072 3147 4142 Εἴρηται
3199 4067 3434 4122 ἐνταῦθα

1847 4167 2152 4237 σύμϐουλος
2173 4169 2202 4221 6
2225 4166 2351 4232 Υἱός
2375 4183 2390 4201 ο
2423 4164 2659 4236 ἀλλαχοῦ
2696 4167 2934 4238 εἴρηται,
2974 4164 3056 4216 ὅτι
3097 4161 3196 4231 τὴν
3229 4161 3432 4230 γνῶσιν

1843 4257 1935 4313 τοῦ
1979 4258 2115 4312 Θεοῦ
2156 4259 2333 4321 οὐδεὶς
2377 4255 2537 4323 οἶδεν,
2569 4259 2617 4312 εί
2661 4256 2736 4328 μὴ
2782 4257 2844 4310 τὸ
2886 4255 3110 4325 Πνεῦμα
3153 4253 3213 4306 τὸ
3252 4253 3427 4322 ἅγιον.

1843 4350 2005 4419 Λέγει
2035 4351 2264 4418 Παῦλος,
2281 4353 2363 4406 ὄτι
2386 4350 2594 4416 Οὐδείς
2610 4346 2734 4404 οἶδε
2754 4347 2871 4402 τῶν
2892 4346 3217 4415 ἀνθρώπων
3235 4346 3308 4400 τὰ
3323 4345 3434 4399 τοῦ

1841 4440 2180 4511 ἀνθρώπου,
2211 4444 2264 4496 εί
2289 4441 2376 4511 μὴ
2411 4441 2475 4495 τὸ
2509 4441 2748 4510 πνεῦμα
2775 4439 2880 4495 τοῦ
2919 4437 3235 4507 ἀνθρώπου
3261 4437 3328 4490 τὸ
3359 4437 3429 4488 ἐν

1839 4532 2000 4598 αὐτῷ
2019 4551 2032 4565 ·
2060 4532 2215 4587 οὕτω
2241 4531 2341 4586 καὶ
2368 4531 2438 4586 τὰ
2465 4533 2571 4587 τοῦ
2599 4532 2747 4586 Θεοῦ
2771 4530 2968 4599 οὐδεὶς
2998 4527 3241 4594 οῖδενβί
3256 4527 3340 4597 μὴ
3358 4528 3426 4582 τὸ

1839 4626 2083 4695 Πνεῦμα
2099 4625 2206 4679 τοῦ
2225 4625 2392 4680 Θεοῦ.
2419 4626 2481 4678 El
2502 4625 2562 4679 τὸ
2589 4626 2645 4678 ἐν
2673 4624 2755 4679 σοὶ
2777 4624 2998 4694 πνεῦμα
3017 4624 3296 4694 ἀλλότριον
3325 4625 3426 4696 τῆς

1841 4718 1938 4786 σῆς
1960 4716 2172 4781 ούσίας,
2215 4717 2309 4771 καὶ
2337 4717 2398 4771 τὸ
2425 4721 2483 4772 ἐν
2504 4718 2580 4789 τῷ
2602 4716 2722 4786 Θεῷ
2758 4715 2985 4786 Πνεῦμα
3013 4715 3293 4787 ἀλλότριον
3324 4716 3424 4788 τῆς

1837 4809 1931 4862 τοῦ
1956 4807 2089 4862 Θεοῦ
2114 4809 2320 4872 οὐσίας.

1909 4908 2164 4961 Βούλεταί
2213 4925 2264 4960 τι
2321 4908 2544 4979 Πατήρ;
2616 4909 2679 4960 Ἡ
2730 4908 2867 4978 αὐτὴ
2931 4907 3092 4979 βουλὴ
3147 4907 3242 4961 καὶ
3288 4906 3418 4961 Υίοῦ

1836 5000 1930 5054 καὶ
1963 4999 2116 5067 ἁγίου
2156 4998 2490 5068 Πνεύματος.
2539 4998 2795 5053 Βούλεταί
2844 5014 2896 5052 τι
2947 4998 3112 5064 Υίόςς
3173 4998 3236 5052 Ἢ
3281 4998 3419 5070 αὐτὴ

1835 5095 1998 5165 βουλὴ
2051 5093 2262 5163 Πατρὸς
2310 5092 2405 5146 καὶ
2448 5094 2780 5164 Πνεύματος.
2843 5092 3099 5146 Βούλεταί
3154 5109 3207 5146 τι
3265 5089 3417 5163 [489]

1834 5186 2093 5256 Πνεῦμα;
2140 5185 2202 5237 Ἡ
2233 5186 2374 5256 αύτὴ
2407 5185 2569 5255 βουλὴ
2606 5185 2820 5255 Πατρὸς
2853 5185 2948 5238 καὶ
2983 5183 3132 5238 Υιοῦ.
3180 5184 3414 5254 Ἐγείρει

1831 5280 1859 5332 6
1885 5279 2068 5349 Πατὴρ
2097 5279 2223 5343 τοὺς
2253 5279 2512 5351 νεκρούς;
2557 5279 2790 5350 Ἐγείρει
2838 5278 2933 5331 καὶ
2964 5282 2992 5332 6
3022 5278 3166 5341 Υίός.
3195 5277 3356 5345 Λέγει
3387 5278 3414 5329 6

1832 5370 2020 5440 Σωτήρ
2043 5387 2056 5400 ο
2092 5370 2317 5438 Ὥσπερ
2342 5370 2449 5439 γὰρ
2472 5374 2506 5423 ό
2527 5368 2726 5437 Πατὴρ
2759 5369 2968 5439 ἐγείρει
2993 5368 3134 5434 τοὺς
3161 5366 3413 5434 νεκροὺς

1831 5462 1927 5514 καὶ
1961 5460 2240 5523 ζωοποιεῖ,
2262 5462 2415 5514 οὕτω
2452 5460 2552 5514 καὶ
2580 5463 2612 5514 ό
2640 5461 2769 5526 Υἱὸς
2796 5461 2902 5528 οὓς
2929 5461 3088 5514 θέλει
3127 5456 3409 5519 ζωοποιεῖ,

1843 5552 1971 5605 ’ἰδοὺ
1995 5554 2028 5623 ἡ
2049 5553 2209 5623 βουλὴ
2246 5553 2578 5623 συνηγμένη.
2612 5553 2722 5605 Ποῦ
2749 5549 2841 5608 οῦν
2874 5555 2904 5622 ἡ
2928 5551 3091 5622 βουλὴ
3124 5551 3216 5603 τοῦ
3242 5550 3412 5604 Πνεύ-

1833 5657 2034 5712 ματος;
2069 5643 2287 5694 Ἀκουε.
2328 5642 2514 5695 Ταῦτα
2535 5641 2603 5694 δὲ
2634 5640 2832 5695 πάντα
2856 5640 3086 5710 ἐνεργεῖ
3119 5640 3182 5692 τὸ
3216 5639 3286 5693 ἓν
3310 5639 3408 5694 καὶ

1836 5734 1899 5786 τό
1923 5733 2070 5788 αὐτὸ
2086 5735 2346 5804 Πνεῦμα,
2376 5732 2643 5804 διαιροῦν
2663 5735 2782 5804 ίδίςι
2802 5733 3040 5800 ἑκάστῳ
3061 5732 3392 5802 καθὼςβού
