4110 6318
165 359 285 416 473

169 461 279 517 uult
307 457 523 528 vivificat
550 456 744 527 (Joau.
770 457 823 512 5.
858 455 919 509 2i
947 454 986 525 ).
1018 453 1154 507 Ecce
1196 451 1479 519 conjuncta
1505 448 1761 503 voluntas.

176 551 278 609 Ubi
300 565 429 620 ergo
459 549 702 603 voluntas
729 545 1000 614 Spiritus?
1029 542 1182 597 Audi.
1217 540 1342 594 11αέ
1383 551 1552 594 autem
1596 541 1764 592 ontnia

174 651 417 710 operatur
470 654 598 692 unus
627 646 772 706 atque
820 636 950 687 idem
1001 633 1244 701 Spiritus,
1284 631 1509 685 dividens
1555 628 1765 700 singulis

179 741 330 800 prout
359 731 462 783 uult
492 729 584 799 (l.
634 729 750 782 Lor.
786 729 873 782 l2.
899 727 954 780 Il
983 726 1021 793 ).
1055 723 1226 780 Unum
1257 737 1478 792 regnum
1511 722 1682 776 Patris
1712 732 1763 775 et

179 820 301 875 Filii
329 829 384 874 et
407 818 635 889 Spiritus
661 817 852 872 sancti.
877 815 1128 884 Coarguit
1154 823 1329 868 autem
1359 813 1499 868 Deus
1535 826 1648 876 eos,
1677 811 1766 880 qui

179 911 301 970 sine
327 911 598 964 voluntate
638 909 730 962 Dei
773 905 972 976 aliquid
1017 920 1173 974 agere
1226 913 1505 958 conantur.
1558 902 1646 955 Ait
1676 917 1768 969 per

183 999 502 1071 prophetam
539 1017 554 1052 :
595 997 681 1052 Vw
708 997 802 1065 ﬁlii
847 996 1137 1059 desertores,
1175 994 1294 1046 dicit
1344 992 1610 1046 Dominus.
1665 990 1768 1044 Fe-

183 1093 327 1148 cistis
355 1091 640 1155 consilium,
673 1105 773 1141 non
799 1104 886 1158 per
915 1101 1012 1152 me,
1046 1096 1089 1139 et
1117 1086 1324 1155 fwdera,
1349 1101 1447 1138 non
1477 1102 1563 1154 per
1595 1083 1766 1153 Spiri-

187 1197 300 1237 tum
343 1199 510 1237 meum
561 1180 722 1253 (Isai.
756 1181 844 1235 '50.
894 1179 983 1248 1).
1012 1178 1167 1233 Cfare
1192 1186 1428 1232 sanctam
1452 1179 1768 1232 Trinitatem

185 1281 616 1328 eommonstrans
637 1272 842 1325 dicebat
868 1269 1152 1326 Zacharias
1175 1269 1433 1337 propheta
1451 1270 1560 1338 (a):
1592 1289 1611 1321 ι
1628 1268 1771 1323 Con-

187 1363 458 1418 lortentur
478 1378 663 1415 manus
686 1360 996 1424 Zorobabel,
1026 1359 1151 1412 dicit
1180 1358 1454 1419 Dominus,
1485 1367 1537 1412 et
1559 1357 1770 1413 confor-

189 1465 373 1510 tentur
415 1469 604 1507 manus
642 1453 867 1507 Josedec
901 1451 1209 1516 sacerdotis,
1249 1459 1302 1504 et
1333 1467 1518 1505 manus
1561 1451 1766 1519 populi,

185 1549 312 1614 quia
348 1561 448 1615 ego
486 1545 754 1598 vobiscum
801 1559 937 1608 sum,
983 1542 1107 1596 dicit
1157 1542 1430 1606 Dominus,
1460 1552 1512 1594 et
1540 1541 1769 1595 Verbum

188 1655 370 1696 meum
413 1638 640 1698 bonum;
670 1636 963 1705 etSpiritus
993 1649 1141 1687 meus
1187 1633 1238 1685 in
1272 1632 1446 1686 medio
1480 1642 1711 1686 vestrum
1745 1650 1764 1683 ι

188 1730 361 1803 (Agg.
400 1730 454 1783 2.
486 1731 538 1785 5.
571 1729 659 1799 6).
691 1730 952 1782 Praeterea
997 1742 1142 1791 vero,
1186 1725 1400 1791 fratres,
1442 1726 1771 1795 regeneratio

189 1830 376 1874 nostra
401 1820 686 1874 creationis
713 1817 1066 1872 testimonium
1098 1827 1198 1870 est.
1223 1816 1334 1870 Nisi
1374 1815 1599 1885 Spiritus
1631 1816 1771 1870 Patri

186 1921 244 1965 et
288 1911 427 1964 Filio
455 1925 675 1964 consors
699 1909 882 1963 luisset
911 1909 960 1960 in
992 1908 1283 1971 creatione,
1327 1922 1498 1976 neque
1531 1906 1685 1960 fuerit
1717 1907 1768 1960 in

190 2001 613 2071 t't-generat'tone.
645 2000 920 2066 Qurmodo
951 1997 1314 2067 baptizamur?
1347 1997 1409 2050 In
1444 2001 1642 2051 nomine
1667 1997 1774 2052 Pa-

189 2093 282 2144 tris
321 2101 367 2144 et
398 2089 523 2143 Filii
547 2101 593 2142 et
635 2091 858 2160 Spiritus
903 2092 1059 2143 sancti
1109 2090 1336 2161 (Matth.
1366 2090 1453 2144 ‘28.
1490 2091 1611 2160 19).
1645 2090 1774 2156 Qua:

191 2181 366 2251 major
390 2182 688 2251 generatio,
715 2196 781 2233 an
827 2181 1131 2248 creationis,
1179 2197 1243 2234 an
1294 2181 1635 2236 iuitiationis?
1665 2184 1775 2237 Illic

191 2273 510 2342 principium
537 2273 657 2327 vita:
685 2273 736 2326 in
767 2283 1012 2337 mortem,
1047 2273 1128 2324 hic
1163 2274 1473 2342 principium
1507 2276 1692 2328 mortis
1719 2275 1774 2328 in

188 2365 376 2419 vitam.
410 2364 507 2431 Qui
538 2379 663 2434 ergo
695 2364 805 2418 ﬁeri
834 2373 1025 2433 potest,
1057 2376 1112 2418 ut
1135 2367 1362 2434 Spiritus
1387 2376 1602 2422 sanctus
1631 2368 1678 2421 in
1710 2383 1774 2423 co

190 2456 339 2524 quod
372 2456 541 2524 majus
567 2464 650 2510 est
678 2471 896 2510 consors
924 2458 989 2510 sit
1017 2458 1185 2510 Patris
1230 2468 1283 2512 et
1315 2459 1462 2522 Filii;
1497 2461 1547 2513 in
1578 2476 1771 2530 corpo-

192 2548 290 2600 rali
313 2557 491 2601 autem
510 2549 778 2602 creatione
794 2564 822 2600 a
845 2551 1108 2603 communi
1131 2550 1386 2619 dignitate
1410 2555 1772 2607 removeatur?

192 2639 494 2708 Numquam
538 2639 737 2693 conditi
788 2642 1089 2704 fuissemus,
1129 2642 1227 2693 nisi
1274 2656 1303 2693 a
1345 2641 1546 2709 Spiritu
1590 2653 1774 2696 sancto

192 2729 409 2782 formati
440 2743 698 2784 essemus.
726 2731 789 2782 Et
820 2731 939 2798 quia
971 2731 1023 2782 in
1077 2731 1245 2798 prima
1284 2732 1554 2785 creatione
1597 2732 1775 2786 socius

189 2828 278 2873 est
304 2818 474 2872 Patris
519 2829 572 2874 et
619 2819 758 2882 Filii,
795 2821 1037 2874 similiter
1081 2829 1136 2873 et
1172 2821 1223 2874 in
1263 2821 1578 2890 baptismate
1600 2821 1775 2876 socius

191 2919 278 2961 est
299 2918 353 2961 et
372 2909 601 2976 adjutor.
630 2910 830 2964 l'tursus
851 2909 907 2963 in
936 2909 1323 2965 resurrectione
1365 2909 1474 2964 lieri
1500 2911 1683 2979 nequit
1722 2919 1778 2965 ut

193 3014 297 3056 nos
323 2999 430 3053 alio
463 3000 621 3055 modo
649 3015 1008 3070 resurgamus,
1031 3015 1188 3070 quam
1218 3001 1376 3056 Patre
1393 3002 1620 3068 volente,
1643 3002 1776 3057 Filio

191 3099 554 3157 cooperante,
601 3098 656 3144 et
705 3090 901 3158 Spiritu
948 3100 1131 3144 sancto
1170 3091 1411 3145 virtutem
1467 3102 1772 3160 praestante.

193 3181 335 3234 Audi
391 3181 668 3234 Dominum
733 3183 1032 3246 dicentem;
1089 3190 1231 3236 recte
1288 3183 1396 3236 dixi
1451 3183 1776 3237 Dominum:

193 3273 407 3327 etiamsi
443 3275 583 3327 enim
615 3274 760 3327 Pauli
807 3289 902 3326 vox
935 3275 1024 3339 sit,
1057 3275 1260 3326 Domini
1296 3284 1471 3329 tamen
1502 3285 1582 3329 est
1614 3295 1626 3328 :
1653 3277 1777 3330 licet

193 3364 343 3415 enim
372 3378 434 3417 ex
468 3365 579 3430 ipso
607 3365 789 3418 audire
815 3381 827 3416 :
868 3364 944 3416 An
968 3365 1358 3431 experimentum
1383 3367 1606 3434 quan-itis
1645 3368 1772 3437 ejus,

191 3453 280 3519 qui
305 3453 457 3506 inme
487 3453 720 3519 loquitur,
745 3453 932 3508 Christi
960 3453 1050 3525 (2.
1077 3453 1192 3506 Cor.
1236 3456 1322 3509 15.
1349 3454 1446 3525 '5)?
1491 3456 1576 3509 Ait
1621 3455 1778 3526 igitur

195 3543 249 3594 in
296 3542 457 3597 Paulo
506 3544 726 3612 loquens
760 3562 772 3596 :
815 3562 830 3593 ι
864 3543 966 3596 Vos
997 3552 1173 3597 autem
1209 3559 1312 3597 non
1347 3546 1474 3598 estis
1503 3546 1552 3598 in
1585 3561 1776 3612 carne,

192 3631 290 3686 sed
317 3632 572 3699 iuspiritu
601 3652 612 3686 :
637 3634 678 3685 si
702 3635 912 3702 quidem
936 3633 1162 3702 Spiritus
1186 3636 1275 3688 Dei
1305 3635 1506 3690 habitat
1528 3639 1580 3690 in
1608 3639 1774 3692 vobis.

193 3724 253 3777 Si
277 3725 400 3792 quis
421 3733 596 3779 autem
624 3725 876 3794 Spiritum
907 3727 994 3778 Dei
1028 3742 1130 3778 non
1168 3726 1378 3791 habeat,
1425 3727 1509 3782 hie
1547 3745 1650 3782 non
1699 3738 1780 3783 est

188 3817 335 3886 ejus.
379 3817 436 3872 Si
475 3825 652 3872 autem
689 3817 933 3873 Christus
955 3818 1006 3872 in
1040 3819 1184 3873 vobis
1214 3828 1313 3884 est,
1348 3834 1538 3889 corpus
1564 3821 1776 3890 quidem

193 3918 467 3968 mortuum
496 3919 578 3965 est
620 3923 838 3981 propter
889 3921 1158 3979 peccatum
1189 3951 1205 3976 ,
1255 3913 1474 3979 Spiritus
1512 3928 1636 3967 vero
1673 3915 1776 3969 vita

195 4009 416 4070 propter
436 4002 717 4070 justitiam.
740 4003 888 4070 Quod
917 4003 959 4055 si
992 4002 1220 4071 Spit-itus
1245 4005 1357 4072 ejus
1385 4007 1475 4073 qui
1505 4008 1777 4061 suscitavit

191 4090 465 4145 Christum
500 4091 700 4145 habitat
730 4093 780 4146 in
814 4093 984 4156 vobis,
1016 4094 1102 4158 qui
1133 4095 1412 4148 suscitavit
1449 4095 1714 4151 Christum
1746 4114 1776 4152 a

193 4182 424 4236 mortuis
445 4183 725 4236 viviﬁeahit
748 4192 801 4237 et
821 4185 1061 4237 mortalia
1088 4198 1306 4253 corpora
1335 4194 1530 4252 vestra,
1563 4199 1777 4256 propter

192 4271 578 4326 inhabitantem
609 4272 679 4341 Sp
703 4273 862 4326 ritum
888 4273 1001 4340 ejus
1024 4273 1074 4326 in
1098 4275 1243 4327 vobis
1269 4295 1286 4326 ›
1313 4274 1487 4342 (Rom.
1517 4276 1568 4330 8.
1599 4277 1773 4347 9-H).

192 4362 361 4416 Extra
409 4361 619 4416 Patrem
672 4372 725 4417 et
772 4363 967 4417 Filium
1017 4372 1071 4417 et
1120 4363 1375 4434 Spiritum
1409 4377 1649 4419 sanetum
1680 4381 1777 4422 nec

191 4453 368 4522 prima
400 4453 598 4507 creatio
623 4462 723 4519 est,
772 4468 868 4507 nec
921 4454 1150 4510 secunda
1204 4457 1492 4524 generatio,
1545 4472 1641 4511 nec
1684 4472 1778 4526 po-

187 4551 395 4597 strema
419 4544 757 4597 resurrectio.
807 4543 1080 4597 Faciamus
1115 4546 1383 4600 hominem.

262 4635 321 4692 3.
353 4635 448 4693 llic
491 4636 601 4704 jam
652 4651 744 4690 eos
779 4637 867 4706 qui
912 4637 1307 4705 reprehendunt
1339 4642 1769 4706 prmmonuimus.

188 4726 437 4780 Hominis
472 4728 757 4795 appellatio
819 4727 1073 4782 llebraiea
1141 4730 1316 4797 lingua
1363 4729 1534 4798 ignem
1575 4731 1773 4800 signili-

187 4826 279 4871 cat
428 4816 523 4871 llic
544 4819 776 4870 animum
795 4817 1007 4880 adhibe,
1030 4835 1097 4886 qu
1116 4835 1208 4871 esu
1231 4837 1242 4871 :
1263 4821 1350 4887 qui
1379 4821 1585 4873 sincere
1604 4820 1770 4887 audit,

188 4914 378 4977 utpote
399 4908 635 4961 veritatis
665 4909 868 4961 amicus
887 4909 1218 4971 etalunmus,
1243 4910 1469 4964 salutem
1495 4913 1772 4980 consequi-

189 5007 279 5051 tur
308 5014 323 5050 :
349 4997 441 5066 qui
469 5012 594 5051 vero
626 4997 818 5066 iniquis
844 5006 924 5051 est
952 4999 1187 5060 auribus,
1218 5014 1321 5052 non
1354 5001 1543 5068 quaerit
1575 5002 1626 5053 in
1667 5017 1771 5070 quo

186 5089 474 5142 utilitatem
502 5090 746 5156 accipiat,
773 5089 865 5144 sed
895 5090 945 5143 in
975 5106 1080 5159 quo
1116 5091 1444 5144 criminetur.
1480 5091 1648 5146 Ilomo
1671 5093 1773 5146 IIe-

188 5180 370 5231 liraica
387 5177 611 5231 dialecto
630 5179 764 5247 ignis
783 5179 991 5233 dicitur.
1015 5181 1124 5234 Iloc
1145 5196 1338 5235 nomen
1360 5196 1460 5234 non
1481 5185 1593 5236 sine
1614 5198 1772 5237 causa

187 5270 419 5323 inditum
446 5279 528 5323 est
552 5270 755 5324 Adatuo
803 5289 814 5322 :
850 5271 942 5324 sed
977 5281 1204 5339 quatuor
1243 5281 1368 5325 sunt
1407 5273 1666 5327 elementa
1719 5275 1768 5328 in

185 5356 392 5412 mundo
419 5357 666 5427 (rursum
694 5360 760 5412 de
789 5359 944 5412 rebus
970 5374 1067 5428 ago
1098 5362 1448 5425 naturalibus,
1483 5363 1643 5417 velint
1678 5380 1770 5418 no-

248 5488 328 5553 (ᾳ)
360 5494 506 5553 [ρους
529 5490 702 5553 citatus
727 5489 986 5550 estAggaei
1009 5527 1020 5548 ,
1050 5497 1103 5537 ut
1143 5490 1286 5553 Biblia
1328 5491 1523 5541 adeunti
1565 5494 1767 5553 patebit.

252 5549 331 5610 (b)
367 5549 466 5617 'Viri
505 5549 764 5617 appellatio
800 5549 1029 5617 ltebraica
1068 5552 1252 5617 accedit
1292 5552 1512 5617 adignis
1551 5549 1764 5603 nomen:

182 5617 300 5663 trux:
341 5611 412 5659 νὺ·
449 5611 684 5659 Hebraiee
721 5613 1022 5672 dicitur-,wx
1062 5611 1198 5673 ignis.
1227 5613 1314 5659 sed
1340 5615 1377 5660 si
1407 5611 1558 5674 ipsum
1593 5629 1767 5664 nomen

186 5685 312 5733 ιιι-τες
333 5679 479 5728 Adam
495 5679 595 5728 vult
619 5680 677 5729 ad
697 5681 823 5738 ignis
847 5694 1019 5730 nomen
1045 5682 1299 5740 accedere,
1315 5683 1458 5745 longe
1480 5691 1607 5733 errat
1624 5693 1704 5733 Set
1720 5701 1767 5734 e-

187 5762 366 5801 τωιυδ.

1223 335 1309 390 DE
1347 330 1559 390 MUNDI
1595 327 1986 386 CliEATlﬂNE
2025 330 2276 385 UIlA'l‘lU
2323 331 2382 385 ν.

3327 351 3441 408 474

1872 447 2006 507 Iint)
2043 457 2428 518 :terra,aqua,
2472 461 2579 510 air,
2633 446 2787 515 ignis.
2847 448 3049 502 Cartera
3095 446 3354 500 elementa
3397 457 3454 500 ut

1871 547 2222 593 suntmanent
2244 555 2258 601 ;
2283 536 2508 605 exempli
2531 552 2710 600 causa,
2729 535 2772 588 si
2803 547 2952 589 terra:
2979 536 3188 604 glebam
3210 549 3454 604 sumpse-

1874 631 1966 693 ris,
1996 644 2098 683 non
2130 639 2281 698 potes
2305 644 2369 682 ex
2393 645 2453 682 ea
2493 645 2649 697 quam
2695 639 2841 682 tenes
2882 630 3089 695 glebam
3134 642 3405 696 apponere
3439 644 3452 678 :

1873 735 2000 790 ergo
2029 720 2072 774 si
2103 720 2311 790 glebam
2337 720 2648 787 sumpseris,
2675 719 2726 772 id
2755 726 2930 772 manet
2959 720 3096 787 quod
3124 731 3223 772 est.
3249 720 3458 784 Aquam

1874 826 2084 864 rursum
2111 809 2156 863 si
2182 824 2426 864 mensura
2455 811 2678 877 quadam
2711 810 3001 876 sumpseris
3020 851 3033 873 ,
3064 819 3239 862 manet
3268 809 3456 862 eadem

1875 916 2030 970 aqua,
2064 912 2408 968 augmentum
2439 916 2542 952 non
2566 902 2777 965 accipit.
2816 905 2952 955 Aere
2981 900 3024 953 si
3075 909 3244 952 utrem
3283 899 3455 967 reple-

1875 995 2035 1056 v.-ris,
2084 993 2243 1045 alium
2289 1002 2460 1044 utrem
2493 1006 2558 1044 ex
2586 992 2675 1043 illo
2717 991 2936 1057 implere
2973 1007 3078 1044 non
3113 1000 3283 1059 potes.
3323 989 3459 1058 Ignis

1874 1100 2000 1139 vero
2029 1099 2132 1138 non
2161 1094 2340 1137 manet
2370 1084 2542 1150 qualis
2571 1093 2670 1136 est.
2704 1083 2868 1135 Parva
2891 1083 3198 1136 accenditur
3221 1084 3457 1142 lucerna,

1875 1178 2285 1246 innumerasque
2305 1193 2371 1230 ex
2405 1177 2489 1229 illa
2519 1175 2658 1230 faces
2684 1174 2949 1237 accendis,
2998 1176 3253 1244 integram
3286 1176 3461 1228 forna-

1875 1283 2012 1333 cem,
2047 1267 2316 1321 ﬂammam
2367 1269 2656 1336 ingentem,
2711 1280 2810 1320 nec
2862 1274 3043 1318 manet
3093 1266 3230 1334 ignis
3274 1267 3458 1319 eadem

1877 1359 2064 1424 forma,
2095 1360 2189 1414 sed
2218 1359 2600 1428 qttnnlamlibcl
2627 1360 2901 1411 materiam
2931 1358 3246 1425 cett-ipuerit
3265 1399 3276 1420 ,
3305 1374 3462 1411 exsu-

1877 1454 2150 1520 perantius
2171 1464 2412 1521 augetur.
2443 1452 2573 1506 Cum
2610 1452 2881 1518 praesciret
2919 1467 3046 1520 ergo
3077 1451 3233 1512 Deus,
3267 1467 3328 1504 ex
3359 1468 3462 1503 uno

1877 1558 2103 1611 Corpore
2128 1545 2357 1597 humano
2387 1544 2668 1612 replendos
2716 1559 2836 1598 esse
2884 1544 3029 1598 orbis
3062 1545 3318 1598 terminos
3347 1544 3461 1610 (In-

1879 1649 2036 1688 cerua
2069 1634 2264 1702 quippe
2297 1650 2396 1687 uua
2428 1645 2503 1688 ιοι.
2543 1635 2784 1688 accendit
2809 1635 2971 1696 faces,
3000 1647 3222 1703 eratque
3247 1635 3459 1698 oriens,

1878 1725 2148 1792 occidens,
2193 1727 2487 1792 septentrio
2518 1735 2570 1778 et
2599 1726 2847 1779 meridies
2873 1727 2920 1792 ),
2947 1742 3140 1779 nomen
3169 1725 3359 1778 indidit
3386 1727 3463 1780 rei

1878 1827 2315 1873 consentaneum.
2351 1817 2554 1872 Idcirco
2585 1820 2754 1886 ipsum
2795 1817 2982 1871 Adami
3031 1832 3222 1871 nomen
3279 1820 3464 1884 pignus

1879 1917 1994 1960 erat
2020 1907 2164 1960 orbis
2199 1919 2479 1961 terrarum.
2516 1908 2646 1973 Quia
2685 1908 2830 1960 enim
2859 1907 3090 1960 futurum
3117 1919 3228 1960 erat
3260 1917 3314 1960 ut
3338 1922 3468 1974 qua-

1882 2010 2000 2052 tuor
2037 1999 2248 2053 climata
2275 2015 2340 2053 ex
2377 2000 2490 2068 ipso
2522 2000 2890 2067 implereutur,
2927 1998 3150 2066 imponit
3178 2000 3224 2052 ei
3271 2015 3464 2051 nomen

1881 2091 2049 2144 Adam
2079 2108 2090 2143 :
2123 2098 2252 2162 ἄλῖα.
2276 2093 2480 2151 ἀνατολὴ
2504 2132 2516 2155 ,
2545 2092 2724 2145 oriens
2751 2133 2765 2155 ,
2799 2097 2938 2144 δέλτα
2973 2097 3096 2149 aen;
3122 2131 3135 2155 ,
3187 2091 3461 2151 occidens,

1879 2192 2004 2255 ἄλφοι
2027 2191 2212 2256 ἄρκτος,
2237 2185 2547 2254 septentrio,
2574 2197 2636 2245 μῦ
2661 2195 2943 2253 μεσημϐρία,
2968 2185 3237 2238 meridies.
3273 2185 3336 2237 Et
3363 2200 3463 2236 tto-

1883 2293 2002 2330 men
2038 2286 2091 2330 et
2109 2276 2273 2330 liter-.e
2300 2276 2666 2340 testiﬁcantur,
2697 2277 2964 2330 hominem
2990 2278 3314 2344 repleturum
3347 2291 3466 2328 esse

1881 2369 2063 2422 orbem
2095 2379 2377 2423 terrarum.
2411 2369 2639 2422 Vocatur
2663 2385 2788 2439 ergo
2813 2369 3067 2423 Ilebraica
3102 2370 3275 2437 lingua
3310 2370 3462 2436 ignis.

1880 2463 2011 2526 Quia
2060 2461 2217 2530 igitur
2258 2462 2392 2529 ignis
2430 2461 2836 2529 appellationem
2879 2461 3058 2525 habet,
3110 2475 3212 2512 non
3265 2459 3470 2512 dubitat

1881 2555 2153 2622 Scriptura
2183 2554 2340 2608 etiam
2363 2554 2577 2621 angelos
2596 2553 2840 2606 homines
2859 2566 3066 2605 vocare.
3088 2550 3466 2616 Quandoeuint

1883 2654 2140 2700 venerunt
2168 2644 2327 2696 Maria
2369 2652 2422 2696 et
2452 2643 2610 2696 scene
2637 2642 2887 2695 mulieres
2919 2640 2985 2693 ad
3020 2650 3418 2692 monumentum
3452 2679 3467 2703 ,

1882 2738 2008 2790 dicit
2041 2735 2209 2788 :Ecce
2250 2736 2548 2788 adstiterant
2587 2733 2688 2786 illis
2738 2734 2838 2786 duo
2887 2734 2978 2786 viri
3022 2731 3177 2802 (Lac.
3233 2731 3321 2785 “li.
3371 2731 3466 2800 4).

1885 2829 2253 2882 Erantautem
2298 2827 2488 2895 angeli.
2535 2827 2637 2895 Ipsi
2683 2841 2810 2880 vero
2844 2826 3016 2895 angeli
3066 2839 3274 2894 quoque
3336 2825 3471 2892 ignis

1884 2929 2137 2974 vocantur
2167 2938 2178 2972 :
2210 2934 2354 2985 nam,
2384 2919 2482 2985 Qui
2509 2919 2628 2988 facit
2668 2919 2872 2988 angelos
2900 2935 3015 2971 suos
3045 2919 3269 2986 spiritus,
3299 2929 3341 2969 et
3384 2918 3473 2968 nti-

1883 3015 2064 3066 nistros
2093 3029 2210 3067 suos
2236 3013 2401 3082 ignem
2429 3022 2651 3065 urentem
2676 3007 2842 3075 (Psal.
2879 3012 2993 3066 105.
3025 3012 3105 3080 4).
3133 3011 3290 3064 Viros
3318 3019 3472 3063 vocat

1885 3105 2022 3169 illus,
2053 3107 2176 3173 quia
2203 3118 2538 3157 communem
2569 3103 2898 3157 habentcum
2929 3103 3141 3155 homine
3175 3102 3465 3155 notionem.

1884 3197 2085 3266 Ecquid
2132 3196 2364 3250 mirum?
2395 3196 2512 3264 Ipse
2561 3195 2700 3249 Deus
2734 3205 2949 3248 vocatur
2978 3195 3130 3261 ignis,
3161 3204 3378 3247 vocatur
3409 3204 3462 3246 et

1884 3290 2063 3342 homo.
2095 3290 2184 3342 Ait
2211 3289 2462 3342 Servator
2488 3287 2554 3340 de
2581 3287 2739 3340 Patre
2766 3303 2863 3339 suo
2891 3309 2901 3339 :
2935 3285 3100 3338 Homo
3137 3286 3339 3354 quidam
3361 3295 3467 3336 erat

1886 3378 2269 3450 paterfamilias,
2290 3380 2372 3446 qui
2401 3378 2639 3445 plantavit
2662 3377 2874 3429 vineam.
2903 3375 2965 3427 Et
2989 3377 3120 3428 misit
3147 3391 3309 3436 servos
3329 3390 3466 3436 suos,

1886 3482 1928 3523 (ι
1959 3470 2109 3523 occisi
2135 3479 2248 3522 sunt
2275 3469 2399 3522 servi
2426 3467 2643 3537 (Matth.
2670 3467 2761 3520 ‘21.
2785 3468 2871 3520 55.
2905 3483 3009 3534 sqq.
3041 3470 3078 3534 ).
3112 3465 3281 3532 thue
3309 3480 3458 3517 enm-

1888 3562 2078 3629 pendio
2105 3561 2274 3615 dicam
2304 3579 2314 3612 :
2349 3559 2413 3612 Et
2444 3559 2568 3613 dixit
2594 3559 2741 3611 ltonto
2770 3557 2876 3622 ille,
2915 3557 3091 3609 Att/mc
3120 3572 3275 3607 unum
3305 3556 3471 3621 [ilium

1884 3654 2290 3718 liabeo;mittam
2318 3652 2483 3714 illum,
2523 3652 2565 3703 si
2610 3654 2739 3719 forte
2785 3657 3121 3702 revereantur.
3174 3646 3310 3712 Quid
3363 3647 3464 3698 sibi

1886 3748 1992 3798 vult
2048 3760 2239 3799 nomen
2300 3747 2458 3798 homo
2512 3759 2605 3812 pro
2660 3742 2875 3796 nomine
2914 3742 3135 3795 divino?
3178 3740 3294 3793 Non
3325 3740 3468 3792 enim

1884 3836 2016 3888 dixit
2047 3834 2348 3902 parabolatn
2389 3853 2401 3887 :
2450 3851 2553 3886 non
2584 3833 2736 3896 dixit,
2783 3831 2962 3886 Simile
3008 3841 3118 3896 est;
3151 3831 3266 3894 sed,
3300 3829 3468 3883 llomo

1882 3925 2083 3994 quidam
2107 3935 2231 3976 erat.
2263 3923 2465 3977 Idcirco
2493 3922 2702 3991 Moyses
2727 3940 2739 3974 :
2773 3920 2912 3974 Deus
2939 3931 3103 3972 noster
3131 3921 3259 3989 ignis
3287 3935 3470 3971 consu-

1884 4035 2020 4070 mens
2047 4017 2064 4089 (
2089 4017 2235 4070 Deut.
2266 4018 2320 4070 4.
2353 4016 2480 4086 24).
2505 4015 2972 4082 Salvatorquoque
2998 4021 3270 4081 postquam
3305 4028 3467 4064 vene—

1885 4119 1964 4161 rat
1991 4109 2120 4162 dicit
2153 4125 2164 4158 :
2195 4106 2372 4176 Ignem
2395 4107 2504 4158 veni
2523 4106 2713 4158 mittere
2743 4105 2793 4156 in
2822 4114 3003 4156 terram
3024 4104 3039 4172 (
3064 4101 3191 4156 Luc.
3226 4101 3311 4155 1‘2.
3335 4103 3403 4154 49
3427 4107 3464 4167 ).

1884 4197 2111 4250 Adhibet
2138 4197 2313 4265 itaque
2337 4211 2527 4249 nomen
2557 4195 2632 4248 rei
2660 4201 3095 4247 consentaneum.
3122 4193 3465 4259 Quauquui-

1883 4287 2003 4341 dem
2062 4286 2218 4356 ignis,
2265 4294 2322 4339 ut
2341 4285 2449 4354 jam
2480 4285 2609 4350 dixi,
2639 4299 2700 4338 ex
2746 4298 2910 4353 parvo
2936 4298 3158 4351 magnus
3188 4283 3386 4347 evadit,
3418 4295 3471 4336 et

1883 4377 2043 4432 homo
2065 4393 2093 4430 a
2142 4392 2310 4446 parvo
2351 4377 2534 4430 orbem
2570 4385 2828 4429 terrarum
2859 4375 3114 4443 implevit,
3143 4385 3358 4427 vocatus
3390 4388 3472 4427 est

1885 4469 2043 4523 homo
2090 4469 2254 4538 ignis,
2285 4484 2380 4536 per
2407 4468 2556 4531 illttd,
2589 4467 2862 4520 Faciamus
2889 4468 3141 4520 hominem
3163 4484 3178 4520 :
3208 4485 3327 4520 naut
3361 4467 3467 4520 iii--

1883 4563 2060 4616 braice
2082 4571 2165 4616 est
2193 4579 2204 4614 :
2241 4561 2515 4614 Faciamus
2543 4563 2724 4631 ignem.

1952 4655 2138 4710 Contra
2154 4655 2692 4724 Anthropomorphitas
2713 4671 2729 4706 :
2748 4655 2880 4707 Deus
2900 4672 2998 4708 non
3018 4655 3350 4707 circumscribi
3357 4665 3458 4706 tur.

1881 4779 1950 4786 —-
1977 4746 2249 4800 Faciamus
2295 4748 2546 4801 ltominem
2591 4749 2660 4800 ad
2705 4749 2975 4817 imaginem
3024 4757 3268 4800 nostram.
3316 4747 3463 4800 Multi

1882 4839 2163 4892 stultorum
2185 4848 2236 4891 et
2260 4839 2622 4905 imperitorum
2647 4847 2916 4906 putarunt,
2943 4838 3211 4891 hominem
3241 4839 3306 4891 ad
3334 4839 3466 4890 ima-

1880 4931 2056 4999 ginem
2082 4930 2174 4982 Dei
2206 4944 2344 4992 cssc,
2377 4928 2515 4997 quod
2552 4928 2688 4981 Deus
2718 4943 2874 4982 nares
2905 4927 3114 4992 habeat,
3141 4941 3225 4980 aut
3257 4929 3461 4991 oculos,

1883 5021 1964 5075 vel
1993 5034 2167 5081 aures,
2200 5019 2279 5071 vel
2310 5034 2391 5084 os,
2421 5029 2475 5071 ut
2501 5033 2597 5071 nos
2629 5019 2886 5072 habemus
2917 5035 2928 5070 :
2959 5029 3013 5072 at
3044 5019 3172 5072 falsa
3203 5020 3462 5072 absurda-

1879 5127 1980 5180 que
2004 5121 2082 5164 est
2112 5111 2227 5164 haec
2254 5110 2454 5179 opinio.
2478 5109 2675 5178 Estque
2702 5109 2960 5164 hactenus
2992 5110 3210 5164 lia-resis
3237 5127 3354 5180 qua:
3386 5110 3463 5163 di-

1880 5205 1949 5256 cit
1987 5203 2191 5257 Numen
2231 5203 2465 5255 divinum
2517 5203 2746 5255 hominis
2792 5202 3015 5256 formam
3066 5204 3281 5257 habere.
3328 5204 3458 5270 Quia

1879 5295 2018 5345 enim
2039 5293 2339 5355 audierunt,
2367 5290 2515 5343 Oculi
2540 5290 2762 5354 Domini,
2788 5309 2933 5345 aures
2960 5293 3156 5345 Domini
3178 5292 3347 5361 (Psal.
3369 5295 3455 5347 ὖῦ.

1881 5383 1990 5451 16),
2032 5392 2104 5444 ct,
2151 5383 2405 5434 ()tloratus
2444 5395 2511 5432 est
2553 5380 2798 5434 Dominus
2841 5381 2988 5447 (Cen.
3027 5384 3078 5438 8.
3118 5385 3231 5454 2i),
3265 5395 3337 5449 et,
3388 5387 3457 5436 Us

1882 5476 2084 5528 Domini
2112 5476 2371 5543 loqutttum
2399 5485 2467 5527 est
2496 5476 2644 5541 (isai.
2681 5476 2728 5527 1.
2763 5475 2878 5544 20),
2906 5486 2978 5540 cl,
3005 5476 3189 5530 Manus
3220 5476 3310 5528 ΒΛ
3339 5481 3457 5544 [erit

1878 5567 2020 5633 (Jul).
2068 5567 2153 5621 12.
2186 5567 2256 5634 9).
2305 5578 2376 5631 Cl,
2415 5566 2574 5619 PUllL‘S
2609 5567 2700 5618 Dei
2741 5577 2979 5621 steterunt
3012 5570 3178 5638 (l’sal.
3232 5572 3345 5623 151.
3376 5573 3479 5631 7),-

1879 5661 2251 5726 incorporeum
2293 5676 2410 5710 cum
2463 5658 2716 5712 tnctttbris
2759 5659 3130 5728 depinxerunt.
3179 5666 3455 5716 sentence;

1882 5749 2254 5805 absurditalem
2295 5766 2397 5802 non
2436 5750 2805 5818 percipientcs.
2841 5750 2973 5804 Dicit
3011 5752 3167 5817 Deus,
3201 5762 3253 5806 ut
3282 5753 3455 5806 discas
