4110 6318
646 317 761 374 475

649 417 852 472 mulam
891 415 1124 473 hominls
1164 433 1286 472 cum
1319 417 1427 471 Deo
1467 430 1591 472 esse
1613 415 2039 484 similitudinem,
2067 433 2237 488 quan-

649 518 761 564 tum
793 508 996 564 scilicet
1026 509 1094 564 ad
1121 510 1454 578 corporalem
1493 508 1750 579 speciem.
1779 509 1893 564 Non
1924 511 2068 566 enim
2097 510 2237 565 hanc

648 619 834 658 vocem
862 603 1012 670 tollo,
1047 603 1322 658 Faciamus
1351 605 1604 658 hominem
1631 605 1700 657 ad
1719 603 2008 674 imaginem.
2041 604 2238 658 Verum

648 695 1071 750 demonstratum
1094 705 1200 763 est,
1223 695 1496 766 quomodo
1516 695 1583 750 ad
1604 696 1877 767 imaginem
1901 696 2048 751 dicat
2076 696 2235 750 Deus.

647 788 842 844 Ctelum
868 797 913 842 et
940 797 1126 843 terram
1167 807 1258 858 ego
1297 789 1504 858 impleo,
1537 789 1660 842 dicit
1701 788 1952 844 Dominus
1984 789 2116 859 (Jer.
2145 787 2237 843 25.

643 880 762 954 24).
806 881 1013 938 Rursus
1043 883 1184 940 Idem
1213 899 1230 935 :
1258 881 1450 937 Ca'lum
1493 882 1618 935 mihi
1646 882 1862 946 solium;
1909 893 2044 936 terra
2072 890 2242 934 autem

645 973 925 1028 scabellum
955 971 1140 1041 pedum
1182 989 1410 1028 meorum
1445 971 1600 1044 (lsai.
1633 972 1724 1026 66.
1759 971 1835 1044 1).
1875 972 2240 1031 Vocesnese-

644 1078 874 1132 quemur
895 1063 918 1116 ?
942 1063 1311 1120 serviemusne
1353 1065 1568 1120 literae?
1596 1065 1702 1121 Sed
1739 1081 1862 1136 qum
1893 1064 2018 1119 hinc
2046 1078 2242 1120 conse-

645 1165 884 1226 quuntur
921 1171 1014 1212 me
1053 1157 1397 1227 redarguent.
1439 1157 1720 1230 Quomodo
1753 1156 2002 1226 cogitabo
2048 1155 2239 1214 celum

644 1248 838 1303 solium
877 1248 1039 1303 esse?
1078 1248 1282 1304 Solium
1322 1250 1698 1318 complectitur
1738 1247 2053 1312 sedentem;
2100 1247 2242 1303 Deus

645 1355 776 1395 vero
801 1355 908 1394 non
941 1340 1420 1398 circumscribitur.
1447 1341 1586 1395 Nihil
1611 1349 1694 1396 est
1725 1341 1868 1395 circa
1911 1340 2119 1404 Deum;
2143 1338 2240 1395 sed

646 1432 764 1502 ipse
807 1433 976 1488 ambit
1013 1434 1195 1488 omnia
1239 1441 1295 1488 et
1337 1431 1728 1502 circumcingit.
1769 1430 1824 1486 Si
1877 1445 2007 1500 ergo
2047 1429 2238 1485 caelum

645 1522 843 1578 haheat
894 1525 1113 1591 solium,
1163 1525 1434 1595 quomodo
1487 1525 1675 1579 czelum
1726 1524 1905 1594 palmo
1951 1523 2240 1580 metietur'l

642 1616 915 1685 quomodo
950 1616 1104 1671 sedet
1145 1617 1196 1670 in
1233 1616 1406 1671 οωΙοῖ
1433 1615 1625 1670 (Icelum
1657 1615 1782 1669 mihi
1805 1616 1946 1670 sedes
1984 1624 2079 1680 est,
2106 1624 2241 1669 terra

643 1718 810 1762 autem
836 1708 1110 1763 scabellum
1138 1709 1325 1778 pedum
1343 1725 1566 1774 mearum
1590 1709 1743 1781 (lsai.
1761 1708 1852 1766 40.
1876 1707 1985 1779 12).
2011 1707 2238 1767 Ubinam

643 1800 835 1856 sedet?
864 1801 918 1856 in
954 1803 1087 1857 caelo
1118 1801 1260 1873 quod
1295 1803 1602 1858 cernimus?
1631 1801 1815 1858 Stellae
1859 1811 1985 1856 sunt
2013 1801 2114 1856 sub
2149 1801 2241 1855 lir-

646 1904 956 1959 mamenlo;
997 1909 1150 1963 aqum
1195 1909 1358 1964 super
1389 1895 1517 1948 illud
1554 1897 1742 1964 positu!
1782 1903 1924 1948 sunt.
1973 1891 2029 1950 Si
2079 1907 2238 1962 supra

643 1984 816 2050 sedet,
863 2000 967 2041 non
1014 2001 1177 2054 super
1216 1987 1398 2050 cados.
1451 1987 1544 2040 sed
1589 1987 1639 2040 in
1673 1987 1953 2052 superiore
1995 1985 2149 2040 caelo.
2183 1984 2240 2041 Si

644 2075 798 2130 sedet
817 2076 1059 2142 omnino,
1082 2077 1244 2130 etiam
1275 2076 1437 2146 pedes
1460 2091 1631 2147 usque
1658 2077 1725 2130 ad
1754 2086 1948 2130 terram
1983 2076 2236 2146 pendent.

643 2167 905 2224 Talemne
950 2168 1172 2237 figuram
1204 2169 1468 2224 adscribis
1505 2168 1582 2232 ei,
1612 2167 1703 2239 qui
1733 2169 1852 2223 sine
1895 2169 2063 2236 tigura
2107 2169 2238 2224 est?

643 2261 838 2313 Annon
869 2259 1090 2327 impium
1120 2269 1202 2313 est
1232 2259 1362 2316 illud
1389 2260 1457 2312 ita
1481 2259 1754 2327 cogitare?
1776 2259 2022 2324 Demum,
2052 2260 2096 2314 si
2124 2259 2240 2328 ejus

645 2349 810 2420 pedes
859 2357 1058 2402 terram
1093 2350 1321 2410 calcant,
1365 2349 1635 2415 quomodo
1671 2351 1900 2404 serimus
1921 2351 1946 2403 ἲ
1971 2353 2241 2420 quomodo

646 2442 899 2496 metimus
919 2441 946 2494 ἲ
969 2441 1238 2509 quomodo
1269 2439 1678 2510 pertransimus,
1710 2456 1808 2494 nec
1835 2441 1888 2495 in
1920 2441 2085 2511 pedes
2124 2443 2241 2512 ejus

647 2533 1030 2603 impingimus?
1074 2532 1359 2598 Quomodo
1398 2533 1587 2587 czelum
1641 2533 1819 2602 palmo
1859 2549 2080 2588 mensus
2118 2535 2244 2590 est?

645 2641 808 2696 quam
839 2640 1062 2696 magnos
1103 2625 1287 2680 habuit
1312 2625 1507 2695 digitos
1534 2626 1880 2695 proportione
1905 2626 2243 2681 divinitatis?

647 2725 703 2771 et
729 2717 1000 2788 quomodo
1043 2717 1236 2772 talibus
1278 2717 1459 2787 digitis
1501 2718 1721 2788 exiguas
1762 2717 1971 2773 tabulas
2003 2719 2234 2788 scripsit,

650 2824 826 2878 neque
867 2809 973 2864 illis
1022 2809 1308 2877 pluribus?
1337 2809 1446 2864 Nos
1495 2809 1664 2863 tribus
1702 2809 1893 2880 digitis-
1933 2810 2238 2875 scribimus,

647 2901 869 2970 reliquis
897 2915 1114 2969 operam
1139 2900 1569 2965 conferentibus;
1603 2901 1740 2954 Deus
1769 2915 1876 2955 uno
1895 2901 2061 2970 digito
2091 2901 2244 2955 tabu-

650 2996 732 3050 las
760 2995 996 3064 scripsit.
1025 2993 1274 3048 Vidistin’
1303 2994 1536 3063 aliquem
1559 3008 1668 3048 uno
1693 2993 1861 3063 digito
1881 2994 2244 3050 scribentem?

649 3084 788 3140 Sunt
812 3085 928 3138 haec
956 3086 1124 3153 magis
1154 3086 1461 3146 sementim,
1490 3100 1650 3154 quam
1674 3085 1858 3139 verba.

721 3182 777 3232 4.
819 3177 1000 3248 Imago
1042 3180 1135 3232 Dei
1163 3195 1357 3243 sumus,
1385 3179 1657 3247 quomodo.
1679 3207 1755 3218 —-
1779 3176 2054 3232 Faciamus
2081 3177 2246 3231 Itami-

653 3287 769 3324 ncm
792 3271 860 3324 ad
886 3271 1159 3340 imaginem
1185 3279 1429 3324 nostram.
1461 3269 1590 3324 Vult
1619 3271 1758 3324 Deus
1796 3279 1854 3324 ut
1887 3280 2149 3341 quantum
2173 3277 2240 3326 ad

652 3363 905 3417 virtutem
944 3362 1148 3415 similes
1174 3362 1275 3435 ipsi
1299 3363 1487 3416 simus.
1511 3361 1648 3427 Quid
1675 3371 1778 3427 est,
1820 3363 1903 3416 Ad
1932 3363 2242 3433 imaginem!

657 3455 798 3509 Deus
831 3465 1046 3509 sanctus
1092 3465 1208 3520 est;
1251 3455 1295 3508 si
1329 3454 1498 3508 sancti
1542 3453 1814 3519 fuerimus,
1849 3454 1916 3508 ad
1956 3454 2240 3520 imaginem

655 3545 750 3600 Dei
779 3561 982 3600 sumus.
1017 3545 1169 3610 Nam,
1210 3545 1385 3598 Estote
1418 3547 1597 3609 sancti,
1628 3548 1746 3615 quia
1774 3563 1865 3618 ego
1891 3558 2095 3600 sanctus
2132 3565 2246 3602 sum

658 3637 840 3709 (Leuit.
887 3637 974 3693 l9.
1019 3638 1100 3705 9.).
1135 3638 1274 3691 Deus
1300 3638 1479 3706 justus
1523 3645 1644 3701 est;
1687 3638 1730 3691 si
1759 3638 2020 3706 justitiam
2067 3648 2246 3694 secte-

656 3747 797 3797 mur,
833 3730 1007 3800 imago
1037 3730 1128 3783 Dei
1157 3744 1363 3784 sumus.
1409 3727 1538 3780 Nam
1567 3729 1747 3781 Justus
1773 3728 2042 3793 Dominus,
2093 3740 2140 3782 et
2155 3731 2248 3797 ju-

656 3828 846 3880 stitiam
877 3825 1053 3884 dilexit
1098 3822 1270 3891 (Psal.
1307 3823 1392 3876 10.
1422 3822 1500 3891 8).
1547 3822 1602 3877 Si
1644 3822 2027 3877 misericordes
2053 3824 2242 3889 simus,

655 3921 832 3987 imago
863 3931 1050 3971 sumus
1078 3916 1192 3970 Dei.
1217 3915 1305 3970 Ait
1331 3916 1472 3969 enim
1513 3914 1770 3970 Servatur
1799 3933 1812 3968 :
1843 3913 2019 3968 Estow
2047 3915 2247 3969 miseri-

658 4011 859 4075 σοι-ἀει,
898 4009 1025 4063 sicut
1056 4007 1214 4061 Pater
1237 4018 1398 4066 vester
1437 4007 1720 4061 misericors
1760 4018 1833 4061 est
1860 4006 2010 4078 (Luc.
2045 4009 2097 4062 6.
2130 4008 2244 4078 56).

657 4101 822 4158 Vides
867 4117 967 4171 qua
1014 4101 1067 4154 in
1094 4109 1246 4169 parte
1291 4101 1360 4154 sit
1403 4098 1621 4168 imago?
1665 4099 1913 4154 Ostendit
1955 4109 2009 4153 et
2053 4099 2250 4153 Paulus

657 4195 943 4263 imaginem
971 4209 984 4257 ;
1011 4193 1084 4246 ait
1115 4192 1260 4246 enim
1286 4209 1300 4245 :
1325 4191 1511 4246 Exuite
1551 4206 1636 4244 vos
1666 4199 1879 4243 veterem
1919 4190 2173 4243 hominem
2203 4199 2250 4244 et

656 4287 851 4343 induite
876 4302 1077 4352 novum,
1109 4285 1196 4354 qui
1212 4283 1491 4338 secundum
1521 4282 1682 4335 Deum
1704 4291 1902 4337 creatus
1923 4293 1998 4336 est
2025 4283 2076 4336 in
2103 4282 2250 4353 agni-

659 4382 794 4434 tione
834 4379 1078 4442 veritatis,
1130 4378 1410 4433 secundum
1461 4375 1729 4445 imaginem
1776 4376 1886 4442 eius
1931 4375 2018 4444 qui
2063 4374 2249 4429 creavit

658 4491 772 4528 eum
812 4472 945 4546 (Col.
978 4473 1031 4525 5.
1078 4472 1132 4525 9.
1173 4469 1286 4540 10).
1330 4467 1493 4523 Vides
1544 4466 1827 4521 virtutibus
1880 4466 2058 4532 tribui,
2106 4465 2248 4535 quod

661 4565 937 4634 Scriptura
979 4563 1130 4625 dicit,
1181 4560 1263 4614 Ad
1305 4559 1574 4629 imaginem
1614 4557 1878 4611 nostram?
1927 4557 1983 4612 In
2027 4573 2133 4626 quo
2170 4566 2253 4611 est

658 4660 796 4713 ratio
842 4655 1124 4726 imaginis?
1154 4654 1208 4708 lu
1238 4663 1500 4723 potestate
1540 4653 1666 4706 item
1693 4669 1706 4704 :
1732 4650 1988 4720 lmperent
2034 4651 2252 4720 piscibus

658 4753 838 4816 maris,
866 4761 913 4805 et
936 4748 1224 4803 volatilibus
1251 4747 1383 4811 celi,
1412 4757 1457 4800 et
1484 4745 1666 4810 bestiis,
1697 4755 1742 4797 et
1771 4743 2054 4814 reptilibus,
2087 4753 2132 4795 et
2154 4749 2250 4812 ju-

659 4845 856 4907 mentis,
886 4855 931 4895 et
975 4843 1222 4895 universa:
1249 4851 1394 4895 terra
1419 4835 1576 4907 (Gen.
1621 4839 1672 4894 1.
1714 4837 1828 4907 26).
1861 4836 1907 4891 0
1934 4837 2028 4890 Dei
2061 4851 2253 4892 Conso.

659 4945 914 5004 quentem
937 4934 1217 4988 ordinem!
1249 4947 1280 4986 ο
1309 4932 1592 4985 verborum
1619 4937 1922 4984 accuratam
1953 4928 2247 4982 rationem!

661 5027 768 5081 Cur
799 5027 933 5080 dixit
982 5025 1151 5094 prius,
1199 5022 1419 5077 Prwsiut
1459 5021 1678 5091 piscibus
1719 5020 1912 5073 maris?
1945 5018 2250 5074 Secundum

660 5119 904 5173 ordinem
962 5116 1272 5170 crcationis
1321 5122 1402 5168 cst
1461 5113 1597 5167 ordo
1650 5111 2052 5166 dominationis.
2118 5111 2250 5174 Quia

665 5209 820 5277 primi
850 5225 914 5262 ex
950 5207 1081 5260 mari
1113 5205 1237 5260 facti
1288 5213 1412 5259 sunt
1453 5208 1630 5274 pisces
1678 5213 1732 5258 et
1771 5203 2030 5267 volatilia,
2067 5211 2251 5270 postea

663 5315 793 5355 vero
835 5315 899 5353 ex
934 5309 1068 5353 terra
1101 5295 1473 5367 quadrupedes
1519 5304 1574 5349 et
1606 5294 1802 5360 reliqua
1848 5308 2060 5362 pecora,
2094 5292 2252 5345 indu-

663 5394 736 5446 cit
767 5392 912 5461 prius
951 5407 1010 5443 ca
1043 5407 1160 5460 qua:
1189 5390 1362 5458 priora
1393 5387 1528 5442 facta
1561 5397 1702 5440 sunt.
1750 5385 1972 5438 Ιλνωεὶηι
2011 5385 2252 5452 piscibus,

663 5499 708 5539 et
759 5485 1066 5551 volatilibus,
1122 5494 1168 5537 et
1218 5483 1405 5546 bestiis,
1459 5491 1506 5535 et
1572 5478 1853 5549 reptilibus,
1895 5487 1943 5531 et
1983 5477 2252 5547 jumentis.

663 5577 1021 5644 Quamobrem
1046 5584 1155 5629 tres
1181 5575 1331 5642 pueri
1366 5572 1743 5628 benedicentes
1772 5571 1822 5624 in
1857 5570 2073 5623 fornace
2101 5567 2256 5621 ordi-

666 5685 788 5726 nem
829 5675 1083 5722 servant:
1117 5684 1135 5717 t
1167 5664 1503 5728 Benedicite,
1555 5663 1720 5716 maria
1761 5669 1816 5716 et
1855 5660 2095 5723 ﬂumina,
2147 5658 2257 5713 Do-

669 5777 835 5819 tumo.
882 5761 1205 5825 Benedicitc,
1249 5768 1366 5814 cete
1413 5767 1464 5812 et
1506 5755 1685 5811 omnia
1715 5769 1834 5821 qua:
1877 5767 2162 5810 moventur
2203 5758 2253 5810 in

2111 302 2477 362 SEVERIANI

3829 335 3936 390 476

2344 416 2512 486 aquis,
2551 416 2798 472 Domino.
2825 419 3147 488 Benedicile,
3171 439 3360 481 omnes
3389 427 3634 483 volucres
3662 429 3802 495 ccli,
3833 431 3936 485 Do-

2353 509 2517 562 mino.
2551 507 2876 577 Benedicite,
2908 511 3093 568 bestia:
3134 524 3189 569 et
3229 531 3446 586 pecora.
3489 518 3818 586 Benedicite,
3849 523 3933 577 lilii

2347 600 2621 656 hominum
2648 619 2666 654 ι
2700 601 2862 675 (Dan.
2881 602 3186 677 2.78.62).
3217 609 3333 662 Alia
3351 621 3669 679 supererant
3687 613 3933 668 conside-

2344 694 2548 759 randa;
2586 694 2680 750 sed
2716 694 2784 750 ad
2822 697 3155 767 propositum
3202 709 3552 767 revertamur.
3605 701 3674 756 Et
3704 706 3938 775 formam

2345 783 2486 838 Deus
2513 785 2764 839 hominem
2791 784 2942 858 (Gen.
2965 787 3022 849 2.
3055 789 3133 858 7).
3165 789 3281 845 Non
3317 793 3636 861 simpliciter
3659 795 3818 860 dixit,
3843 794 3940 850 Fe-

2345 875 2450 937 cit;
2491 874 2606 940 sed,
2660 874 2941 930 Formavit.
2993 878 3270 936 Formatio
3302 881 3499 938 dicitur
3539 883 3606 939 de
3645 884 3845 942 decore
3889 895 3940 942 et

2345 977 2574 1025 ornatu:
2606 977 2665 1021 ut
2687 969 2900 1039 quando
2937 970 3132 1041 aliquis
3160 973 3344 1028 videns
3386 975 3680 1031 formusum
3709 977 3934 1043 vultum,

2344 1060 2468 1130 quia
2499 1061 2720 1130 pulchre
2748 1061 3085 1118 efformatum
3127 1075 3228 1132 est,
3275 1065 3423 1129 dicit,
3456 1067 3595 1124 Nihil
3624 1068 3756 1125 fecit
3802 1070 3937 1126 Deus

2348 1151 2400 1206 in
2429 1168 2655 1224 corpore
2702 1164 2898 1224 praeter
2922 1155 3199 1221 decorum,
3247 1158 3341 1212 sed
3386 1168 3444 1212 et
3482 1158 3681 1214 decoro
3726 1171 3783 1216 et
3824 1163 3935 1215 usui

2347 1250 2638 1320 prospexit.
2669 1249 2909 1321 Exempli
2933 1264 3117 1317 causa,
3147 1251 3335 1308 oculus
3361 1253 3472 1308 duo
3497 1254 3679 1322 habet,
3702 1269 3858 1310 usum
3887 1267 3936 1311 et

2345 1342 2593 1398 decorem
2626 1362 2637 1398 :
2669 1358 2791 1398 nam
2830 1353 2883 1401 et
2908 1344 3074 1409 videt,
3107 1355 3162 1400 et
3201 1355 3481 1402 venustum
3509 1347 3684 1405 reddit
3709 1349 3935 1412 vultum,

2346 1433 2641 1506 faciemque
2684 1445 2863 1501 ornat,
2909 1437 3198 1505 omniaque
3247 1438 3525 1505 conspicit.
3579 1438 3740 1492 Auris
3790 1454 3936 1495 us'lm

2347 1528 2533 1591 habet.
2568 1538 2890 1599 aspectuque
2911 1529 3146 1599 jucunda
3191 1529 3477 1599 est:quod
3519 1531 3663 1585 enim
3704 1532 3935 1585 circum-

2346 1620 2577 1689 positum
2623 1629 2706 1674 est
2731 1621 3029 1692 cymbalum
3067 1621 3262 1675 animal
3294 1630 3535 1677 exornat.
3579 1623 3939 1686 Similiterque

2348 1726 2509 1766 nasus
2556 1711 2751 1766 olfactu
2806 1712 3112 1767 necessario
3162 1711 3414 1781 praeditus
3457 1723 3568 1777 est;
3619 1712 3739 1777 sed,
3787 1727 3940 1768 secus

2346 1817 2504 1870 quam
2537 1802 2589 1856 in
2614 1803 2824 1857 caeteris
2850 1803 3192 1864 animalibus,
3225 1803 3371 1857 velut
3403 1804 3639 1858 medium
3685 1805 3940 1872 parietem

2344 1891 2509 1948 efﬁcit
2536 1893 2603 1948 ad
2629 1893 2880 1949 decorem
2909 1893 3284 1964 complendum
3313 1911 3325 1947 :
3356 1893 3408 1948 id
3435 1895 3574 1948 enim
3616 1895 3709 1950 uni
3742 1895 3940 1948 homini

2345 1987 2603 2056 competit
2633 1996 2862 2042 :cmtera
2885 1988 3082 2058 quippe
3101 1987 3348 2042 animalia
3379 2002 3562 2042 nasum
3585 2003 3693 2042 non
3720 1987 3938 2054 habent,

2346 2079 2441 2134 sed
2473 2094 2634 2143 unam
2662 2088 2865 2136 tantum
2898 2080 3104 2135 narium
3146 2079 3486 2150 positionem.
3517 2079 3630 2135 Hoc
3657 2093 3788 2134 vero
3829 2095 3941 2134 eam

2346 2171 2415 2225 ob
2436 2169 2549 2225 rem
2578 2170 2828 2225 formavit
2863 2171 3023 2226 Deus.
3054 2171 3180 2226 ldeo
3219 2170 3408 2234 David,
3444 2169 3546 2235 Qui
3569 2171 3825 2242 plantarit
3852 2188 3941 2224 au-

2346 2278 2474 2327 rem,
2497 2278 2598 2316 non
2626 2262 2845 2315 audiet?
2869 2271 2959 2315 aut
2987 2263 3073 2332 qui
3100 2263 3248 2329 ﬁnxit
3277 2262 3502 2330 oculum,
3531 2279 3630 2315 non
3657 2263 3943 2315 considerat

2351 2353 2521 2421 (Psal.
2551 2352 2638 2408 95.
2671 2354 2766 2422 9)?
2810 2353 2899 2409 Sic
2948 2367 3145 2409 terram
3191 2354 3311 2408 fecit
3359 2354 3425 2408 ad
3474 2366 3722 2407 ornatum
3776 2363 3832 2407 et
3881 2353 3944 2408 ad

2349 2459 2524 2498 nsum.
2555 2444 2634 2497 Ac
2650 2459 2716 2497 ne
2757 2443 2909 2511 plura
2951 2443 3046 2496 tibi
3082 2443 3276 2497 decem
3302 2458 3630 2506 recenseam,
3665 2452 3945 2512 postquam

2349 2551 2511 2590 unum
2538 2535 2725 2591 dixem
2753 2535 3184 2607 prastergrediar.
3219 2535 3374 2590 Dedit
3401 2536 3537 2590 Deus
3571 2535 3802 2601 homini,
3837 2537 3944 2588 vim

2348 2625 2570 2692 scilicet,
2596 2641 2718 2681 cum
2744 2626 2862 2679 aliis
2892 2627 3053 2680 etiam
3087 2625 3309 2680 uberum
3339 2625 3788 2681 concinnitatem.
3825 2625 3946 2680 Viro

2347 2731 2443 2772 cur
2467 2717 2670 2774 ubera?
2695 2717 2916 2772 Deeoris
2944 2731 3126 2772 causa.
3164 2716 3298 2772 Nam
3329 2728 3444 2773 esto
3479 2717 3690 2772 mulieri
3721 2731 3949 2771 conces-

2349 2810 2481 2865 serit
2504 2811 2666 2863 ubera
2691 2809 2760 2863 ob
2790 2819 2997 2863 naturae
3038 2810 3434 2871 necessitatem,
3466 2808 3533 2863 ad
3562 2809 3717 2862 lactis
3745 2808 3949 2862 submi-

2350 2903 2717 2960 nistrationem
2741 2919 2755 2968 ;
2780 2903 2894 2956 viro
2923 2917 3020 2957 cur
3041 2901 3240 2957 ubera?
3271 2902 3351 2956 Ad
3381 2902 3660 2967 decorum,
3687 2900 3756 2956 ad
3787 2917 3947 2954 orna-

2353 3009 2483 3052 tum.
2511 2995 2974 3064 Quemadmodum
3019 2995 3164 3050 enim
3213 2996 3263 3048 in
3296 2995 3534 3049 mdillciis
3574 2995 3678 3049 alia
3709 2994 3847 3048 llnnt
3883 2996 3950 3048 ob

2350 3091 2747 3156 necessitatem,
2774 3089 2873 3144 alia
2901 3089 2970 3148 ob
2989 3089 3243 3146 decorum
3274 3106 3290 3157 ξ,
3318 3090 3394 3143 sic
3422 3089 3561 3145 Deus
3591 3099 3644 3143 et
3678 3088 3950 3142 hominem

2350 3182 2580 3246 ornavit,
2608 3191 2663 3236 et
2684 3182 2782 3252 ipsi
2807 3180 2873 3235 ad
2902 3197 3053 3236 usum
3078 3181 3380 3236 necessaria
3401 3180 3648 3236 contulit.
3677 3179 3952 3234 ποι-πωνή

2351 3291 2475 3330 eum
2505 3284 2727 3344 accepto
2756 3273 2976 3344 pulvere
3002 3273 3068 3328 de
3107 3283 3270 3328 terra.
3301 3272 3480 3327 Beata;
3507 3273 3946 3326 Christianorum

2351 3381 2496 3434 spes,
2544 3366 2588 3419 si
2645 3365 3065 3419 intellexerimus
3114 3379 3175 3416 ea
3214 3379 3332 3432 quae
3373 3363 3640 3417 audimus.
3689 3363 3800 3418 Cur
3845 3378 3949 3416 non

2352 3457 2505 3518 dixit,
2533 3456 2754 3526 Accepit
2777 3457 2985 3525 glebam
3017 3456 3082 3509 dc
3113 3457 3289 3509 terra?
3319 3455 3545 3508 Tantum
3563 3470 3763 3525 corpus
3790 3454 3948 3508 clior-

2353 3549 2516 3604 mavit
2546 3567 2557 3601 :
2584 3563 2646 3602 ac
2691 3564 2756 3600 ne
2799 3547 2950 3617 gleba
2982 3547 3198 3617 quidem
3225 3561 3358 3617 opus
3404 3545 3610 3612 habuit,
3643 3547 3736 3600 sed
3773 3546 3952 3614 pulve-

2351 3654 2466 3696 rem
2508 3637 2751 3708 accepit?
2785 3639 2923 3691 Deus
2965 3636 3209 3706 praevidit
3253 3635 3430 3690 futura
3474 3651 3535 3689 ac
3587 3636 3628 3690 si
3666 3638 3949 3704 przescntia

2354 3740 2554 3788 essent.
2585 3731 2717 3797 Quia
2747 3730 3071 3800 prae-videbat
3101 3729 3203 3783 hoc
3223 3728 3420 3782 animal
3455 3741 3575 3783 esse
3607 3729 3951 3792 moriturum,

2355 3833 2410 3878 et
2443 3823 2494 3877 in
2525 3823 2800 3891 pulverem
2845 3821 3327 3886 transmittendum,
3374 3822 3480 3889 iam
3526 3819 3658 3874 olim
3703 3820 3756 3873 in
3801 3835 3952 3874 crea-

2356 3914 2502 3967 tione
2531 3928 2682 3981 spem
2712 3910 3120 3966 resurrectiOnis
3143 3911 3398 3965 ostendit.
3432 3911 3639 3980 Accipit
3675 3912 3953 3980 pulverem

2355 4004 2425 4061 de
2455 4015 2618 4063 terra,
2654 4012 2711 4058 ut
2739 4019 2858 4058 cum
2904 4002 3104 4057 videris
3151 4002 3202 4057 in
3244 4002 3491 4072 sepulcro
3519 4003 3821 4072 pulverem,
3862 4016 3956 4056 no-

2356 4099 2497 4152 veris
2527 4113 2670 4159 eum,
2704 4097 2790 4167 qui
2839 4095 2966 4150 illud
2998 4094 3314 4158 ell‘ormavit,
3348 4095 3448 4151 hoc
3475 4109 3688 4166 quoque
3728 4096 3954 4149 suscita-

2357 4198 2534 4244 turum
2575 4205 2715 4244 esse.
2756 4187 3021 4241 Formavit
3065 4187 3318 4240 hominem
3346 4196 3547 4256 sumpto
3578 4187 3640 4239 de
3680 4196 3818 4238 terra
3847 4187 3957 4253 pul-

2357 4297 2486 4344 vere,
2506 4289 2550 4332 et
2567 4280 2830 4350 insufﬂauit
2859 4280 2910 4332 in
2933 4280 3112 4349 {aciem
3133 4279 3240 4349 ejus
3260 4279 3568 4348 spiraculum
3592 4279 3708 4331 vitm
3729 4277 3881 4348 (Gen.
3901 4278 3951 4331 9.

2356 4372 2434 4440 7).
2471 4370 2601 4425 Vide
2639 4371 2926 4425 discrimen
2974 4371 3114 4425 inter
3143 4369 3388 4424 homines
3432 4379 3486 4423 et
3530 4369 3712 4426 bruta.
3753 4369 3958 4424 Caetera

2358 4463 2533 4518 omnia
2565 4477 2683 4516 cum
2717 4461 2915 4515 faceret
2945 4461 3106 4527 Deus,
3134 4460 3292 4514 simul
3319 4460 3495 4514 omnia
3529 4459 3806 4528 produxit,
3837 4475 3958 4513 cum

2359 4569 2584 4624 corpore
2612 4555 2862 4606 animam.
2897 4552 3294 4614 Animadverte,
3328 4565 3530 4620 quaeso.
3569 4549 3719 4605 Fecit
3758 4552 3958 4605 natati-

2362 4648 2450 4711 lia,
2481 4647 2638 4700 simul
2666 4649 2895 4700 animam
2925 4653 2979 4699 et
3015 4659 3230 4713 corpus.
3266 4644 3464 4698 Educet
3509 4655 3643 4697 terra
3673 4647 3955 4708 animalia,

2362 4739 2536 4810 prodit
2579 4739 2738 4792 simul
2786 4753 2908 4792 cum
2957 4752 3183 4806 corpore
3232 4737 3428 4791 anima.
3484 4735 3732 4789 llominis
3790 4736 3963 4805 primo

2359 4848 2553 4902 corpus
2581 4830 2725 4897 facit,
2757 4830 2950 4884 deinde
2969 4830 3223 4883 animam.
3256 4827 3419 4898 Cujus
3448 4829 3560 4896 spei
3588 4827 3796 4880 causa?
3819 4827 3963 4894 Qua-

2361 4925 2427 4978 lis
2457 4922 2727 4987 formatio,
2769 4921 2888 4975 talis
2917 4919 3136 4975 solutio.
3186 4918 3309 4974 ldeo
3339 4919 3640 4972 animantes
3688 4933 3847 4987 Spem
3877 4933 3965 4971 re-

2361 5015 2714 5071 surrectionis
2743 5029 2848 5068 non
2880 5013 3100 5077 habent,
3135 5013 3258 5081 quia
3290 5027 3396 5080 quo
3425 5009 3586 5064 modo
3629 5009 3787 5063 fact-.e
3818 5019 3963 5074 sunt,

2361 5108 2551 5163 eodem
2579 5106 2737 5160 modo
2775 5106 3090 5159 moriuntur.
3123 5103 3292 5158 Simul
3322 5116 3517 5171 corpus
3543 5110 3599 5154 et
3623 5101 3807 5154 anima
3837 5101 3963 5152 Ili)(l~

2364 5200 2560 5254 lentur.
2586 5198 2793 5267 Corpus
2815 5196 3045 5251 hominis
3067 5195 3133 5250 de
3163 5204 3302 5249 terra
3325 5194 3551 5263 accepit,
3577 5193 3821 5246 animam
3853 5193 3964 5260 ip<c

2366 5293 2548 5346 tribuit
2576 5289 2830 5353 creando,
2866 5305 2970 5341 non
3003 5304 3068 5342 ex
3096 5302 3190 5341 sua
3232 5285 3530 5341 substantia
3566 5284 3921 5354 producendo
3949 5299 3962 5336 :

2365 5393 2424 5438 ut
2464 5399 2581 5438 eum
2624 5391 2888 5435 mortuum
2935 5380 3094 5435 fuerit
3123 5394 3341 5448 corpus,
3386 5379 3498 5433 sive
3526 5377 3714 5441 homo,
3768 5392 3840 5430 ne
3870 5377 3963 5429 dc-

2365 5491 2641 5546 spcrcmus
2679 5476 2745 5530 de
2787 5474 2983 5528 anima.
3032 5472 3167 5540 Quid
3212 5473 3377 5535 enim,
3423 5471 3563 5540 quod
3610 5471 3662 5524 in
3711 5470 3963 5538 sepulcro

2367 5569 2664 5638 depositum
2690 5568 2758 5621 sit
2792 5581 2985 5635 corpus
3003 5565 3024 5617 ?
3052 5565 3125 5618 Nc
3157 5563 3422 5632 putaveris
3455 5562 3525 5616 ibi
3553 5575 3676 5616 esse
3703 5562 3958 5613 animam.

2368 5661 2481 5714 Non
2509 5661 2649 5714 enim
2681 5659 2748 5713 de
2777 5669 2914 5712 terra
2955 5665 3164 5725 sumpta
3193 5666 3297 5720 est,
3341 5670 3438 5708 nec
3467 5654 3518 5706 in
3550 5665 3749 5706 terram
3785 5664 3962 5705 rever-

2373 5772 2525 5817 lelnr,
2563 5763 2722 5832 spem
2756 5764 2884 5821 ergo
2909 5749 3109 5804 statuit.
3147 5747 3268 5803 ldeo
3295 5747 3453 5801 etiam
3504 5745 3552 5799 in
3591 5741 3844 5799 Ezechiel
3874 5755 3959 5796 rs-
