4158 6320
218 335 333 394 475

213 444 633 519 περιγράφεται.
673 446 840 500 Οὐδέν
877 447 994 500 ἐστι
1041 447 1167 518 περὶ
1206 446 1299 500 τὸν
1328 446 1491 500 Θεὸν·
1527 446 1706 501 πάντα
1735 445 1792 497 δέ

216 535 404 590 κυκλοῖ
429 537 523 588 καὶ
547 538 771 609 τειχίζει
800 541 828 592 ό
858 539 1010 603 Θεὸς.
1040 539 1102 592 Εἰ
1131 533 1223 592 οὖν
1257 539 1483 611 οὐρανὸν
1523 539 1634 608 εχει
1666 537 1792 608 θρό-

214 643 322 688 νον,
354 625 469 691 πῶς
495 629 756 699 μετρήσει
783 630 874 683 τὸν
895 631 1124 702 οὐρανὸν
1149 629 1394 703 σπιθαμῇ
1421 649 1435 696 ;
1466 629 1589 692 Πῶς
1613 629 1668 681 δὲ
1698 627 1794 681 καὶ

213 717 446 790 κάθηται
478 721 558 784 είς
591 722 680 774 τὸν
705 722 965 793 οὐρανόν;
1015 724 1076 777 '0
1111 723 1368 792 οὐρανὸς
1394 722 1525 791 ἐμοὶ
1560 721 1790 788 θρόνος.

210 816 248 883 ἡ
277 817 346 870 δὲ
373 817 450 886 τῇ
479 819 810 872 ὑποπόδιον
843 820 961 874 τῶν
986 821 1188 875 ποδῶν
1204 839 1344 889 μου,
1377 817 1489 872 Ποῦ
1515 817 1748 887 κάθηται
1773 833 1788 881 ;

211 910 302 961 ἐπὶ
347 908 438 960 τὸν
485 911 838 978 φαινόμενον;
901 912 1155 983 Ἀστέρες
1215 913 1472 965 ὑποκάτω
1525 908 1617 962 τοῦ
1675 925 1791 959 στε-

213 999 516 1070 ρεῶματος,
582 1001 723 1073 ὕδωρ
782 1004 984 1058 ἐπάνω.
1045 1005 1106 1058 Εἰ
1158 1004 1342 1057 ἐπάνω
1397 1001 1650 1072 κάθηται,
1692 1001 1791 1054 οὐκ

210 1091 394 1143 ἐπάνω
422 1091 529 1143 τῶν
563 1093 824 1162 οὐρανῶν,
860 1094 975 1147 ἀλλ’
1004 1100 1084 1159 εἰς
1112 1097 1203 1149 τὸν
1239 1094 1511 1164 ἀνώτερον
1541 1091 1787 1163 οὐρανόν.

209 1182 269 1232 Εἰ
306 1182 538 1253 κάθηται
573 1185 806 1248 πάντως,
837 1189 930 1239 καὶ
953 1188 1003 1240 οἱ
1035 1187 1194 1249 πόδες
1225 1186 1526 1256 κρέμανται
1563 1184 1667 1247 ἓως
1690 1183 1790 1253 τῆς

206 1273 328 1342 γῆς.
371 1273 623 1328 Τοιοῦτον
674 1277 857 1347 σχῆμα
907 1277 1194 1348 περιτίθης
1238 1276 1321 1346 τῷ·
1361 1275 1784 1347 ἀσχηματῖστιν;

205 1365 318 1416 Οὐκ
351 1364 498 1420 ἐστιν
532 1367 727 1431 ἀσεϐὲς
766 1371 857 1422 καὶ
885 1369 1044 1423 τοῦτο
1085 1370 1228 1422 οὕτω
1256 1369 1478 1438 νοῆσαι;
1515 1363 1657 1420 Εἶτα·
1676 1365 1784 1417 λοι-

203 1454 325 1518 πὸν,
359 1459 408 1508 εί
433 1459 483 1510 οἱ
509 1459 667 1523 πόδες
695 1460 860 1514 αὐτοῦ
893 1462 1119 1514 πατοῦσι
1141 1462 1240 1533 τὴν
1267 1461 1392 1530 γῆν,
1418 1459 1535 1521 πῶς
1563 1455 1784 1526 σπείρο-

207 1562 339 1614 μενί
367 1547 484 1610 πῶς
506 1549 791 1621 θερίζομεν
817 1569 830 1618 ;
861 1554 976 1617 πῶς
1005 1552 1330 1623 διερχόμεθα
1352 1552 1426 1622 μὴ
1455 1547 1786 1618 συγκρούον-

200 1647 290 1694 τες
324 1633 492 1686 αὐτοῦ
520 1639 632 1700 τοῖς
664 1638 851 1703 ποσίν;
884 1639 1007 1701 Πῶς
1040 1640 1094 1690 δὲ
1137 1640 1409 1710 ἐμέτρησε
1441 1636 1531 1689 τὸν
1559 1633 1786 1703 οὐρανὸν

204 1725 485 1795 σπιθαμῇ;
535 1728 651 1792 πῶς
697 1729 989 1791 δακτύλους
1037 1725 1148 1799 εἷχε
1189 1731 1456 1799 μεγάλους
1490 1726 1784 1792 ἀναλόγους

200 1817 264 1885 τῇ
323 1815 575 1889 θεότητι;
635 1825 728 1874 καὶ
783 1822 903 1884 πῶς
941 1823 996 1874 ἐν
1053 1822 1281 1884 ἐκείνοις
1334 1823 1447 1882 τοῖς
1500 1816 1782 1878 δακτύλοις

200 1906 404 1978 ἔγραψε
434 1910 643 1975 πλάκας
672 1913 872 1983 μικράς
899 1912 1180 1976 δακτύλοις
1215 1913 1479 1973 τοιούτοις
1498 1950 1510 1972 ,
1541 1909 1632 1962 καὶ
1661 1907 1782 1960 οὐδέ

199 1999 441 2066 πολλοῖςς
485 2001 673 2071 Ἡμεῖς
708 2005 852 2075 τρισὶ
889 2005 1173 2068 δακτύλοις
1210 2005 1511 2074 γράφομεν,
1542 2002 1651 2055 τῶν
1690 2001 1785 2054 ἄλ·-

199 2090 302 2142 λων
345 2094 782 2164 συνεργούντων·
832 2096 963 2160 Θεὸς
1011 2098 1091 2150 ἐνὶ
1141 2095 1386 2165 δακτύλῳ
1427 2094 1525 2157 τὰς
1569 2091 1781 2153 πλάκας

198 2183 456 2254 ἔγραψεν.
489 2183 639 2250 Εἶδες
657 2205 777 2243 τινα
805 2190 884 2243 ἐνὶ
904 2189 1152 2262 δακτύλῳ
1173 2189 1484 2261 γράφοντα;
1514 2186 1626 2256 Νοή
1637 2185 1782 2256 ματά

197 2281 310 2331 ἐστι
335 2279 514 2334 ταῦτα
549 2283 748 2351 μᾶλλον
777 2283 807 2354 ἢ
835 2285 1074 2355 ῥήματα.

263 2415 325 2472 δ’.
349 2419 704 2489 Ποιήσωμεν
741 2424 1055 2493 ἄνθρωπον
1083 2421 1207 2476 κατ’
1233 2421 1437 2475 εἰκόνα
1464 2417 1772 2488 ἡμετέραν.

198 2508 450 2562 Βούλεται
481 2515 514 2582 ἡ
522 2515 629 2582 μᾶς
654 2517 680 2566 6
693 2516 821 2577 Θεὸς
838 2514 1078 2584 μιμητὰς
1092 2513 1254 2567 αὐτοῦ
1269 2508 1404 2566 εἶναι
1423 2511 1774 2581 κατ”ἀρετήν.

197 2599 258 2653 Τί
303 2602 441 2667 ἐστι,
482 2608 619 2657 Κατ’
659 2608 899 2670 είκόνα;
940 2607 1070 2670 Θεὸς
1120 2607 1306 2676 ἅγιος·
1348 2605 1443 2658 ἐὰν
1491 2602 1777 2673 γενώμεθα

197 2695 356 2762 ἅγιοι,
401 2699 520 2752 κατ’
551 2701 734 2753 εἰκόνα
764 2701 929 2769 ἐσμὲν
968 2699 1124 2753 Θεοῦ.
1169 2700 1423 2752 Γίνεσθε
1457 2700 1565 2767 γάρ
1601 2696 1774 2762 ἅγιοι,

196 2784 281 2838 ὅτι
310 2788 428 2856 ἐγὼ
459 2788 629 2856 ἅγιός
668 2793 804 2858 εἰμι.
852 2791 982 2852 Θεὸς
1013 2789 1251 2852 δίκαιος·
1295 2788 1389 2839 ἐάν
1433 2784 1778 2853 δικαιοσύνην

198 2885 561 2954 μετέλθωμεν,
579 2885 741 2938 εἰκών
771 2891 933 2955 ἐσμεν
957 2881 1111 2939 Θεοῦ.
1137 2885 1370 2950 Δίκαιος
1409 2882 1515 2952 γάρ
1540 2880 1776 2948 Κύριος,

197 2978 287 3028 καὶ
316 2977 715 3044 δικαιοσύνην
757 2979 1090 3047 ἠγάπησεν.
1134 2975 1260 3030 Ἐάν
1295 2969 1444 3044 ὦμεν
1477 2971 1776 3043 φιλάνθρωο

197 3084 303 3128 ποι,
336 3069 628 3136 ἐλεήμονες
649 3109 663 3132 ,
702 3069 863 3122 εἰκῶν
898 3073 1064 3140 ἐσμεν
1093 3068 1182 3120 τοῦ
1214 3066 1369 3120 Θεοῦ.
1400 3066 1561 3132 Λέγει
1602 3066 1710 3133 γάρ
1751 3063 1778 3113 ὁ

198 3161 415 3230 Σωτήρ·
465 3161 717 3215 Γίνεσθε
762 3162 1148 3230 οἰκτίρμονες,
1192 3163 1271 3226 ὠς
1310 3164 1341 3214 ό
1380 3157 1578 3224 Πατὴρ
1613 3155 1778 3223 ὑμῶν

197 3254 484 3319 οὶκτείρει.
524 3248 675 3315 Εἶδες
706 3253 809 3305 ποῦ
843 3257 874 3324 ή
920 3254 1112 3317 είκώνς
1145 3255 1395 3304 Δείκνυςι
1436 3251 1528 3302 καὶ
1567 3247 1777 3307 Παῦλος

195 3346 289 3412 τὴν
331 3345 536 3396 εἰκόνα·
567 3344 713 3412 λέγει
752 3344 859 3414 γάρ
885 3363 897 3374 ·
948 3344 1355 3398 Ἀποδύσασθε
1389 3341 1494 3394 τὸν
1518 3339 1779 3392 παλαιὸν

197 3437 544 3502 ἄνθρωπον,
599 3436 694 3490 καὶ
744 3436 1083 3489 ἐνδύσασθε
1125 3436 1233 3488 τὸν
1271 3434 1449 3498 νέον,
1480 3434 1590 3486 τὸν
1629 3431 1780 3483 κατὰ

201 3529 341 3581 Θεὸν
379 3527 701 3583 κτισθέντα
724 3530 810 3594 εἰς
847 3529 1172 3598 ἐπίγνωσιν
1197 3527 1480 3593 ἀληθείας
1501 3567 1514 3588 ,
1545 3525 1670 3576 κατ’
1700 3525 1780 3576 εὶ-

199 3623 340 3675 κόνα
371 3621 480 3675 τοῦ
513 3622 832 3685 κτίσαντος
860 3621 1064 3674 αὐτόν,
1103 3615 1254 3682 Εἶδες
1284 3620 1370 3671 ὅτι
1412 3619 1532 3678 ταῖς
1560 3616 1780 3684 ἀρεταῖς

198 3717 561 3786 ἐπιγράφεται
587 3716 667 3777 τὸ,
707 3714 844 3770 Κατ’
879 3714 1080 3768 εἰκόνα
1112 3712 1444 3781 ἠμετέραν;
1496 3710 1582 3760 Ἐν
1609 3708 1714 3760 τίνι
1742 3709 1775 3776 ή

198 3807 386 3871 είκών;
459 3807 548 3858 Ἐν
599 3808 663 3875 τῇ
729 3804 945 3874 ἐξουσίᾳ
997 3803 1194 3856 πάλιν·
1258 3800 1623 3869 Ἀρχέτωσαν
1662 3798 1780 3852 τῶν

199 3903 414 3967 ἰχθύων
445 3899 554 3966 τῆς
583 3898 920 3963 θαλάσσης.
951 3896 1045 3949 καὶ
1075 3894 1193 3949 τῶν
1220 3893 1503 3947 πετεινῶν
1536 3892 1641 3946 τοῦ
1675 3893 1778 3944 οὐ·

193 3994 397 4059 ραν-οῦ,
430 3994 530 4046 καὶ
562 3991 675 4043 τῶν
696 3991 932 4060 θηρίων,
954 3987 1190 4042 καὶτῶν
1217 3986 1498 4055 ἑρπετῶν,
1533 3985 1630 4038 καί
1661 3983 1780 4037 τῶν

198 4084 446 4150 κτηνῶν,
479 4084 580 4137 καὶ
606 4085 810 4150 πάσης
834 4084 940 4149 τῆς
970 4083 1101 4151 γῆς.
1139 4083 1203 4133 Ὢ
1235 4083 1331 4150 τῆς
1367 4080 1458 4132 τοῦ
1489 4079 1622 4131 Θεοῦ
1653 4080 1780 4131 ἀκο-

197 4175 407 4238 λουθίας
427 4193 440 4206 ·
467 4175 514 4227 ῶ
535 4175 631 4244 τῆς
651 4175 756 4231 τῶν
782 4175 1040 4244 ῥημάτων
1061 4173 1364 4243 ἀκριδείας.
1387 4171 1539 4224 Διατί
1565 4171 1780 4240 πρῶτον

199 4266 621 4337 ἐμνημόνευσεν,
659 4267 1021 4336 Ἀρχέτωσαν
1045 4265 1162 4319 τῶν
1185 4265 1404 4334 ἰχθύων
1424 4262 1534 4330 τῆς
1553 4262 1781 4317 θαλάσ-

199 4375 346 4424 σης;
386 4359 547 4413 Κατὰ
573 4358 670 4430 τὴν
699 4359 849 4423 τάξιν
873 4360 971 4427 τῆς
1002 4357 1362 4428 δημιουργίας
1391 4354 1539 4427 [485]
1569 4356 1600 4425 ἠ
1628 4355 1779 4418 τάξις

200 4452 292 4521 τῆς
305 4452 643 4516 δεσποτείας.
684 4453 900 4522 Ἐπειδὴ
931 4452 1135 4522 πρῶτοι
1161 4453 1222 4504 ἐκ
1249 4452 1346 4521 τῆς
1366 4450 1637 4520 θαλάσσης
1658 4448 1777 4517 ἐγέ.

201 4562 346 4599 νοντο
375 4546 593 4616 ἰχθύες,
635 4548 727 4599 καὶ
760 4545 1010 4606 πετεινὰ,
1056 4544 1190 4614 μετά
1227 4546 1397 4598 ταῦτα
1437 4544 1493 4597 δὲ
1523 4543 1632 4596 ἀπὸ
1676 4541 1781 4611 γῆς

200 4639 265 4690 τὰ
295 4639 602 4710 τετράποδα
641 4639 735 4690 καὶ
780 4637 846 4689 τὰ
891 4637 1052 4689 λοιπά
1099 4637 1292 4706 κτήνη,
1343 4635 1552 4702 εἰσάγει
1594 4629 1686 4686 οὖν
1712 4632 1782 4684 τά

203 4733 390 4802 πρῶτα.
416 4733 704 4801 γενόμενα.
749 4730 1112 4799 Ἀρχέτωσαν
1134 4729 1249 4781 τῶν
1272 4729 1510 4795 ἰχθύων,
1541 4725 1636 4778 καὶ
1665 4726 1784 4778 τῶν

203 4824 514 4886 πετεινῶν,
545 4823 644 4877 καὶ
671 4822 789 4876 τῶν
822 4823 1070 4889 θηρίων,
1102 4821 1194 4874 καί
1226 4819 1343 4871 τῶν
1371 4816 1652 4885 ἑρπετῶν,
1683 4815 1780 4869 και

205 4915 317 4969 τῶν
342 4914 599 4983 κτηνῶν.
638 4913 802 4967 Ὅθεν
837 4915 930 4966 καὶ
954 4915 1002 4965 οἱ
1033 4915 1178 4982 τρεῖς
1215 4911 1402 4970 παῖδες
1435 4907 1783 4975 εὐλογοῦντες

207 5009 260 5058 ἐν
308 5012 371 5079 τῇ
417 5007 634 5078 καμίνῳ
684 5007 1009 5075 φυλάττουσι
1055 5008 1151 5073 τὴν
1202 5002 1390 5067 τάξιν·
1439 5001 1780 5068 Εὑλογεῖτε,

207 5098 507 5153 θάλασσαι
541 5101 636 5153 καὶ
674 5098 960 5168 ποταμοὶ,
1000 5098 1106 5150 τὸν
1143 5097 1378 5164 Κύριον.
1427 5091 1780 5160 Εὐλογεῖτε,

210 5191 356 5259 κήτη
386 5192 482 5243 καὶ
522 5189 719 5244 πάντα
751 5190 823 5243 τὰ
862 5189 1182 5257 κινούμενά
1207 5187 1277 5238 ἐν
1304 5187 1503 5247 ὕδασι,
1533 5183 1640 5236 τὸν
1669 5185 1784 5237 Κύ-

206 5298 348 5348 ριον.
380 5283 701 5348 Εὑλογεῖτε
722 5321 736 5344 ,
778 5281 975 5334 πάντα
1000 5281 1071 5333 τὰ
1098 5279 1338 5332 πετεινὰ
1373 5277 1477 5330 τοῦ
1503 5275 1781 5344 ούρανοῦ,

210 5373 312 5426 τὸν
339 5374 579 5440 Κύριον.
610 5373 945 5441 Εὐλογεῖτε.
970 5370 1040 5423 τὰ
1069 5370 1241 5438 θηρία
1267 5369 1362 5421 καὶ
1391 5368 1459 5419 τὰ
1486 5367 1677 5426 νηκτοί
1705 5369 1780 5435 (ί.

213 5468 432 5537 κτήνη).
466 5467 814 5534 Εὐλογεῖτε,
856 5467 971 5520 υἱοί
1016 5464 1133 5518 τῶν
1170 5463 1513 5529 ἀνθρώπων.
1547 5456 1654 5513 Ἦν
1685 5461 1785 5530 μὲν

213 5555 299 5612 οῦν
328 5563 419 5614 καὶ
441 5562 605 5631 ἕτερα
639 5561 1000 5631 ἐπιθεωρῆσαι
1024 5576 1036 5587 ·
1067 5559 1181 5612 ἀλλ’
1216 5559 1293 5620 είς
1326 5557 1388 5608 τὸ
1429 5557 1785 5627 προκείμενον

214 5653 613 5725 ἐπανέλθωμεν.
639 5656 748 5708 Καὶ
777 5657 1045 5709 ἔπλασεν
1075 5657 1106 5706 ό
1142 5653 1282 5718 Θεὸς
1303 5652 1409 5704 τὸν
1449 5651 1782 5716 ἄνθρωπον.

215 5742 325 5800 Οὐκ
362 5741 515 5802 εἶπεν
545 5747 750 5814 ἁπλῶς,
775 5748 1027 5816 ἐποίησεν
1047 5787 1060 5814 ,
1101 5745 1212 5800 ἀλλ’
1253 5745 1544 5801 ἔπλασεν.
1579 5742 1782 5805 Πλάσις

1248 328 1333 382 DE
1371 327 1589 384 MUNDI
1631 325 2027 383 CREATIONE
2063 325 2319 382 ORATIO
2357 324 2423 380 Υ.

3361 311 3476 370 476

1900 443 2117 513 λέγεται
2157 443 2254 495 ἐπὶ¹
2277 442 2377 513 τῆς
2401 438 2754 510 εὐπρεπείας·
2779 437 2854 500 ὡς
2878 437 3004 490 ὅταν
3030 451 3114 497 τις
3140 433 3476 503 θεασάμενος

1898 539 2197 610 πρόσωπον
2212 536 2504 607 εῦμορφον,
2533 534 2721 605 ἐπειδὴ
2738 533 2904 587 καλὸν
2925 532 3168 601 πλάσμα,
3197 531 3348 599 λέγῃ.
3374 530 3475 582 Οὐ-

1893 631 1984 685 δὲν
2013 631 2267 700 ἐποίησεν
2286 631 2314 682 6
2337 628 2470 692 Θεὸς
2494 630 2552 681 ἐν
2573 627 2652 698 τῷ
2688 626 2900 697 σώματι
2926 625 3192 696 ἀπρεπὲς,
3218 622 3354 677 ἀλλά
3379 621 3472 674 καὶ

1893 723 2030 792 πρὸς
2055 722 2156 792 τὴν
2188 721 2518 791 εὐπρέπειαν
2555 719 2650 772 καὶ.
2684 718 2820 789 πρὸς
2856 715 2954 788 τὴν
2986 717 3201 787 χρῆσιν.
3244 709 3402 780 Οἷον,
3440 713 3473 766 6

1892 814 2167 885 ὀφθαλμὸς
2199 813 2291 867 δύο
2321 813 2433 884 ἔχει
2455 855 2469 877 ,
2500 815 2592 865 καὶ
2625 813 2822 884 χρῆσιν
2855 809 2948 863 καὶ
2979 808 3344 880 εὐπρέπειαν·
3377 807 3472 860 καὶ

1890 908 2000 978 γάρ
2031 908 2236 977 βλέπει,
2263 907 2356 958 καὶ
2390 904 2669 974 φαιδρύνει
2701 905 2759 955 τὸ
2789 902 3112 973 πρόσωπον,
3150 900 3245 952 καὶ
3276 900 3472 968 κοσμεῖ

1891 1001 1988 1070 τήν
2013 1001 2156 1070 ὄψιν,
2188 1000 2279 1052 καὶ
2315 1001 2418 1070 ὁρᾷ
2443 998 2638 1051 πάντα.
2683 995 2749 1047 Ἦ
2789 995 2926 1065 ἀκοὴ
2955 995 3068 1065 ἔχει
3107 993 3205 1064 τὴν
3250 993 3467 1063 χρῆσιν,

1892 1093 2002 1164 ἔχει
2057 1095 2154 1164 τὴν
2203 1093 2376 1162 ὸιὶιιν⁸
2405 1106 2422 1124 ·
2477 1091 2538 1143 τὸ
2587 1089 2696 1160 γὰρ
2747 1087 3128 1158 περικείμενον
3193 1085 3471 1156 κύμϐαλον

1893 1193 2085 1259 κοσμεῖ
2125 1189 2187 1242 τὸ
2226 1186 2383 1252 ζῶον.
2437 1184 2668 1255 Ὁμοίως
2698 1184 2732 1252 ἡ
2767 1181 2853 1252 ῥὶς
2896 1180 3009 1250 ἔχει
3054 1181 3150 1251 τὴν
3201 1181 3469 1250 ὄσφρησιν

1890 1281 2220 1347 ἀναγκαίαν·
2255 1277 2368 1331 ἀλλ’
2395 1276 2529 1346 ἔχει,
2563 1274 2714 1344 παρὰ
2735 1272 2802 1325 τὰ
2827 1270 2960 1326 ἄλλα
2990 1269 3123 1333 ζῶα,
3152 1271 3342 1340 ὥσπερ
3379 1287 3470 1340 με·

1893 1373 2150 1442 σότοιχον,
2184 1371 2276 1424 καὶ
2304 1367 2542 1438 πληροῦν
2568 1367 2664 1436 τὴν
2692 1362 3024 1435 εὐπρέπειαν
3047 1377 3060 1391 ·
3093 1360 3251 1414 τοῦτο
3272 1359 3348 1430 τῷ
3379 1362 3467 1412 ἀν-

1890 1461 2092 1533 θρώπῳ
2137 1461 2406 1530 ὑπάρχει·
2440 1457 2508 1511 τὰ
2551 1458 2661 1526 γὰρ
2698 1455 2832 1511 ἀλλα
2879 1453 2994 1518 ζῶα
3037 1453 3318 1523 μυκτῆρας
3366 1453 3466 1504 οὐκ

1888 1554 2120 1623 ἔχουσιν,
2147 1551 2281 1604 ἀλλὰ
2322 1552 2447 1621 μίαν
2482 1549 2709 1601 καθόλου
2739 1547 2837 1616 τὴν
2877 1545 3046 1597 θέσιν.
3079 1542 3248 1597 Τοῦτο
3289 1542 3347 1596 δὲ
3377 1541 3466 1596 διὰ

1886 1645 2045 1697 τοῦτο
2083 1643 2312 1696 ἔπλασεν
2341 1645 2368 1694 6
2396 1641 2546 1702 Θεὸς.
2580 1639 2669 1690 Διὸ
2697 1638 2790 1690 καὶ
2821 1636 2980 1688 Δαυῒδ
3000 1654 3012 1665 ·
3064 1636 3125 1687 '0
3158 1635 3466 1703 φυτεύσας

1885 1735 1952 1786 τὸ
1977 1730 2105 1800 οὖς,
2140 1733 2272 1801 οὐχὶ
2310 1732 2548 1792 ἁκούει;
2585 1729 2621 1795 ἢ
2667 1732 2698 1782 ό
2733 1726 2974 1791 πλάσας
2999 1728 3104 1778 τὸν
3131 1723 3463 1794 ὀφθαλμὸν,

1885 1825 2019 1892 οὐχὶ
2064 1822 2370 1884 κατανοεῖς
2419 1820 2573 1873 υύτω
2614 1819 2707 1872 καὶ
2749 1817 2848 1885 τὴν
2887 1816 2987 1886 γῆν
3041 1815 3297 1885 ἐποίησε,
3330 1814 3464 1884 πρὸς

1884 1915 2233 1987 εὐπρέπειαν,
2258 1914 2394 1985 πρὸς
2420 1913 2632 1983 χρῆσιν.
2657 1909 2762 1962 K61
2788 1910 2875 1962 ἵνα
2905 1908 2978 1979 μὴ
3001 1904 3160 1971 δείξω
3186 1923 3266 1960 σοι
3298 1905 3465 1960 πολλά

1883 2014 2157 2084 εὐπρεπῆ,
2189 2013 2245 2064 ἐν
2269 2011 2438 2064 εἰπὼν
2475 2010 2877 2080 ὑπερϐήσομαι.
2910 2009 3150 2064 Ἔδωκεν
3171 2008 3199 2059 6
3227 2007 3358 2071 Θεὸς
3388 2006 3464 2076 τῷ

1882 2106 2175 2177 ἀνθρώπῳ,
2197 2105 2340 2173 λέγω
2362 2104 2427 2173 δὴ
2453 2101 2530 2172 τῷ
2553 2102 2726 2172 ἀνδρὶ,
2757 2101 2894 2170 μετά
2918 2101 3025 2153 τῶν
3052 2099 3223 2154 ἄλλων
3243 2100 3335 2152 καὶ
3363 2115 3465 2168 μα·-

1884 2198 2023 2250 στῶν
2050 2196 2333 2267 ἁρμονίαν.
2374 2193 2552 2264 Ἀνδρὶ
2581 2194 2783 2262 μαστὸς
2810 2193 2983 2256 διατί;
3016 2193 3114 2244 Διά
3141 2190 3238 2261 τὴν
3269 2189 3466 2259 εὐπρέ-

1881 2305 2059 2343 πειαν.
2104 2289 2284 2341 Ἐστω
2318 2286 2426 2358 γὰρ
2453 2286 2672 2353 γυναικὶ
2704 2284 2791 2336 διὰ
2816 2283 2876 2335 τὸ
2905 2285 3199 2351 ἀναγκαῖον
3232 2282 3330 2350 τῆς
3365 2280 3462 2349 φύ-

1887 2395 2046 2444 σεως,
2071 2377 2160 2432 διά
2184 2377 2280 2449 τὴν
2313 2376 2574 2446 χορηγίαν
2611 2374 2704 2428 τοῦ
2732 2374 3032 2441 γάλακτος·
3076 2371 3225 2442 ἀνδρὶ
3260 2371 3461 2441 μαστὸς

1879 2472 2021 2525 διατί
2039 2489 2052 2537 ;
2070 2469 2168 2523 Διά
2186 2472 2285 2540 τὴν
2311 2470 2662 2535 εὐπρέπειαν,
2686 2467 2879 2536 διάτὴν
2910 2464 3228 2534 εὐκοσμίαν.
3251 2465 3461 2532 Ὥσπερ

1880 2565 1988 2635 γὰρ
2033 2565 2090 2617 ἐν
2129 2567 2240 2626 τοῖς
2295 2562 2687 2630 οἰκοδομήμασι
2733 2558 2853 2610 τινὰ
2901 2556 2998 2625 μὲν
3031 2557 3239 2623 γίνεται
3277 2555 3364 2608 διά
3399 2555 3461 2607 τὸ

1879 2658 2172 2723 ἀναγκαῖον
2191 2697 2204 2719 ,
2234 2655 2355 2707 τινά
2387 2653 2440 2704 δέ
2465 2654 2552 2705 διὰ
2577 2651 2674 2720 τὴν
2700 2649 3052 2717 εὐπρέπειαν·
3080 2647 3247 2705 οὕτως
3274 2648 3301 2698 6
3331 2644 3459 2706 Θεὸς

1881 2747 1974 2799 καὶ
2019 2747 2292 2814 ἐκόσμησε
2334 2745 2425 2796 τὸν
2466 2742 2781 2811 ἄνθρωπον,
2819 2739 2913 2789 καὶ
2955 2735 3090 2804 πρὸς
3129 2737 3227 2804 τὴν
3267 2735 3460 2804 χρῆσιν

1880 2838 2199 2908 ἀπήρτισεν.
2228 2834 2498 2888 Ἐπλασεν
2525 2833 2685 2885 αὐτὸν
2715 2829 2842 2900 χοῦν
2871 2826 3051 2881 λαϐὼν
3075 2826 3183 2879 ἀπὸ
3209 2826 3307 2894 τῆς
3333 2826 3456 2895 γῆς.

1880 2930 2159 3000 Μακάριαι
2193 2931 2248 2980 αἱ
2282 2925 2621 2998 Χριστιανῶν
2652 2921 2863 2984 ἐλπίδες
2884 2960 2899 2982 ,
2942 2919 3037 2972 ἐὰν
3069 2918 3379 2987 ἐπιγνῶμεν
3425 2915 3463 2968 ἃ

1879 3019 2165 3090 ἀκούομεν.
2193 3021 2341 3072 Διατί
2368 3020 2466 3071 οὐκ
2486 3012 2605 3070 εἶπε
2627 3033 2640 3046 ·
2668 3014 2863 3066 Ἐλαὸε
2885 3013 3051 3082 βῶλον
3070 3012 3176 3064 ἀπὸ
3194 3010 3293 3078 τῆς
3321 3010 3421 3078 γῆς
3443 3025 3458 3073 ;

1880 3112 2144 3164 Τοσοῦτον
2179 3112 2335 3180 σῶμα
2384 3110 2615 3163 ἔπλασε·
2661 3108 2753 3160 καὶ
2798 3106 2858 3158 οὐ
2903 3106 3093 3176 χρείαν
3137 3102 3296 3172 ἔσχεν
3337 3100 3459 3153 οὐδὲ

1882 3203 2073 3272 βώλου,
2097 3203 2231 3255 ἀλλὰ
2258 3202 2384 3272 χοῦν
2412 3200 2709 3270 λαμϐάνει;
2753 3198 2810 3251 Ὀ
2841 3197 2972 3259 Θεὸς
2997 3195 3212 3264 προεῖδε
3243 3195 3309 3246 τά
3343 3192 3461 3262 μέλ·

1878 3294 2035 3345 λοντα
2067 3294 2139 3354 ὼς
2173 3294 2320 3344 ὄντα.
2369 3291 2584 3360 Ἐπειδὴ
2612 3289 2854 3360 προῄδει,
2884 3289 2964 3340 δτι
2995 3286 3175 3356 μέλλει
3205 3285 3459 3353 τελευτᾷν

1880 3386 1940 3438 τὸ
1972 3384 2127 3447 ζῶον,
2172 3385 2264 3435 καὶ
2298 3383 2376 3442 εἰς
2416 3381 2543 3450 χοῦν
2581 3379 3041 3450 μεταϐάλλεσθαι,
3075 3375 3362 3445 προλαϐὼν
3402 3378 3460 3427 ἐν

1881 3478 1947 3546 τῇ
1996 3473 2320 3546 δημιουργίᾳ.
2370 3471 2533 3535 ἔδειξε
2572 3471 2670 3544 τὴν
2715 3468 2906 3521 ἐλπίδα
2949 3467 3050 3536 τῆς
3090 3467 3458 3528 ἀναστάσεως.

1880 3567 2160 3636 Λαμῧάνει
2192 3564 2317 3633 χοῦν
2348 3563 2453 3616 ἀπὸ
2491 3562 2591 3629 τῆς
2618 3562 2742 3631 γῆς,
2777 3560 2843 3612 ἵν’
2887 3561 3014 3612 ὅταν
3059 3559 3173 3629 ἴδῃς
3207 3560 3262 3611 ἐν
3306 3558 3459 3625 τάφῳ

1881 3665 2030 3735 χοῦν,
2065 3663 2206 3733 γνῷς
2233 3663 2313 3715 ὅτι
2342 3660 2369 3711 6
2407 3661 2580 3712 ἐκεῖνο
2611 3658 2817 3720 πλάσας
2853 3658 2946 3709 καὶ
2970 3657 3128 3709 τοῦτο
3157 3654 3456 3723 ἀνίστησιν.

1886 3759 2158 3810 Ἕπλασε
2181 3754 2285 3807 τὸν
2310 3753 2641 3820 ἄνθρωπον,
2664 3750 2817 3818 χοῦν
2837 3748 3038 3802 λαϐὼν
3057 3747 3173 3801 ἀπὸ
3194 3745 3304 3814 τῆς
3325 3741 3457 3812 γῆς,

1881 3847 1976 3901 καί
2027 3846 2409 3912 ἐνεφύσησεν
2439 3845 2526 3908 είς
2557 3841 2621 3894 τὸ
2671 3841 2994 3908 πρόσωπον
3033 3838 3217 3892 αὑτοῦ
3261 3835 3461 3901 πνοὴν

1881 3939 2046 4006 ζωῆς.
2096 3937 2267 3989 Βλέπε
2315 3935 2578 4005 διαφοράν
2621 3933 2922 4002 ἀνθρώπων
2967 3927 3058 3983 κάὶ
3103 3930 3332 3997 ἀλόγων.
3379 3927 3460 3980 Τά

1880 4032 2013 4086 ἀλλα
2045 4031 2216 4084 πάντα
2247 4029 2413 4082 ποιῶν
2435 4029 2462 4079 6
2491 4027 2642 4090 Θεὸς,
2666 4024 2801 4095 ὁμοῦ
2834 4024 3008 4077 πάντα
3026 4024 3294 4093 ἐπήγαγε,
3320 4019 3458 4090 μετά

1880 4124 1972 4176 τοῦ
2008 4129 2254 4193 σώματος
2305 4120 2398 4173 καὶ
2431 4121 2529 4188 τὴν
2572 4119 2773 4188 ψυχήν.
2814 4119 3087 4188 Πρόσεχε,
3135 4113 3455 4186 παρακαλῶ.

1896 4220 2146 4287 Ἐποίησε
2191 4217 2257 4268 τά
2303 4215 2493 4286 νηκτὰ,
2539 4212 2675 4283 ὁμοῦ
2726 4211 2883 4282 σῶμα
2932 4209 3081 4283 [686]
3124 4210 3218 4263 καὶ
3259 4210 3454 4279 ψυχήν.

1897 4308 2260 4378 Ἐξαγαγέτω
2308 4307 2343 4373 η
2391 4305 2466 4374 γεῆ
2507 4303 2651 4365 ζῶα·
2695 4302 2959 4373 προῆλθεν
2999 4301 3133 4371 ὁμοῦ
3179 4301 3314 4369 μετά
3351 4302 3459 4354 τῶν

1887 4403 2152 4470 σωμάτων
2186 4397 2277 4450 καὶ
2302 4399 2334 4466 ή
2355 4396 2522 4466 ψυχή.
2549 4396 2651 4448 Τὸν
2670 4394 2953 4465 ἄνθρωπον
2978 4395 3120 4444 ποιεῖ
3142 4391 3218 4461 τῷ
3248 4390 3459 4461 σώματι

1887 4493 2121 4564 πρῶτον,
2160 4486 2276 4542 εἶτα
2302 4492 2366 4559 τῇ
2393 4488 2558 4557 ψυχῇ.
2589 4485 2686 4538 Διά
2712 4485 2868 4538 ποίαν
2897 4484 3115 4546 ἐλπίδα;
3143 4485 3241 4536 Οῖα
3266 4485 3298 4553 ἡ
3328 4486 3460 4537 πλά-

1886 4603 1989 4648 σις,
2024 4582 2246 4651 τοιαύτη
2284 4580 2377 4633 καὶ
2403 4581 2434 4649 ή
2473 4578 2623 4641 λύσις
2646 4594 2657 4608 ·
2684 4576 2752 4628 τά
2793 4575 2906 4641 ζῶα
2946 4576 3031 4628 διά
3055 4575 3211 4627 τοῦτο
3237 4577 3461 4628 ἀνάστα-

1887 4695 1968 4730 σιν
1991 4677 2088 4728 οὐκ
2111 4675 2244 4744 ἔχει,
2276 4671 2460 4741 ἐπειδὴ
2482 4672 2554 4733 ὡς
2577 4670 2811 4738 ἐγένετο,
2833 4667 2974 4720 οῦτω
2997 4668 3088 4720 καὶ
3108 4667 3459 4737 ἀποθνήσκει·

1884 4768 2017 4839 ὁμοῦ
2058 4768 2116 4820 τὸ
2147 4766 2303 4833 σῶμα
2347 4765 2439 4817 καὶ
2468 4765 2499 4833 ἡ
2525 4762 2670 4832 ψυχὴ
2697 4761 3037 4830 ἀφανίζεται.
3076 4759 3149 4810 Τὸ
3180 4758 3338 4827 σῶμα
3369 4757 3460 4808 τοῦ

1885 4859 2172 4930 ἀνθρώπου
2208 4857 2397 4910 ἐλαϐεν
2439 4855 2546 4906 ἀπὸ
2577 4854 2675 4921 τῆς
2710 4856 2841 4919 γῆς,
2874 4851 2971 4921 τὴν
3001 4849 3056 4902 δὲ
3091 4848 3269 4918 ψυχὴν
3302 4847 3465 4910 αὐτὸς

1884 4954 2063 5005 δίδωσι
2105 4951 2326 5012 κτίσας,
2355 4946 2786 5016 δημιουργήσας,
2822 4943 2921 4995 οὐκ
2966 4942 3029 4993 ἐκ
3063 4941 3158 5010 τῆς
3192 4940 3326 5002 ἰδίας
3371 4941 3465 4992 οὐ·

1888 5044 2005 5107 σίας
2029 5041 2291 5104 ἐκϐαλὼν,
2323 5042 2389 5092 ἵν’
2415 5042 2541 5091 ὅταν
2578 5035 2824 5105 ἀποθάνῃ
2855 5034 2915 5087 τὸ
2946 5033 3125 5102 σῶμα,
3151 5033 3184 5102 ἢ
3213 5032 3240 5082 6
3265 5032 3466 5101 ἄνθρω-

1888 5152 2008 5201 πος,
2042 5136 2116 5204 μὴ
2144 5132 2472 5200 ἀπογνῶμεν
2503 5130 2600 5200 τῆς
2627 5129 2823 5197 ψυχῆς.
2859 5126 2924 5177 Τί
2948 5125 3076 5192 γὰρ,
3102 5123 3183 5175 ὅτι
3207 5122 3378 5192 ἐτάφη
3407 5123 3466 5174 ἐν

1887 5227 2040 5296 τάφῳ
2067 5227 2127 5278 τὸ
2161 5224 2352 5294 σῶμα;
2383 5223 2471 5290 Μὴ
2501 5221 2878 5292 προσδοκήσῃς
2915 5218 3031 5270 ἐκεῖ
3069 5210 3207 5269 εἶναι
3241 5214 3338 5284 τήν
3364 5215 3466 5282 ψυ-

1886 5319 2007 5388 χήν,
2037 5315 2114 5369 Οὐ
2152 5315 2259 5385 γὰρ
2291 5313 2400 5368 ἀπὸ
2426 5314 2528 5382 γῆς
2557 5311 2785 5382 ἐλήφθη,
2826 5311 2946 5363 οὐδέ
2973 5311 3051 5372 εἰς
3090 5310 3192 5378 γῆν
3229 5307 3466 5376 ἀπέρχε-

1886 5428 1995 5464 ται.
2039 5411 2306 5478 Ἐστησεν
2337 5405 2429 5461 οὖν
2459 5409 2558 5478 τὴν
2602 5406 2810 5460 ἐλπίδα.
2848 5404 2945 5456 Διά
2977 5402 3134 5455 τοῦτο
3171 5401 3261 5454 καὶ
3300 5401 3357 5451 ἐν
3388 5398 3468 5468 τῷ

1900 5502 2155 5573 Ἰεζεκιηλ
2199 5499 2531 5569 προφητεύει
2582 5498 2678 5569 τὴν
2729 5497 3025 5550 ἀνάστασιν
3071 5493 3212 5546 οῦτω
3257 5491 3465 5558 λέγων·

1954 5681 1980 5709 ⁸
2005 5679 2262 5730 Combeﬁs.
2286 5679 2551 5739 legendum
2571 5683 2710 5740 putat
2732 5677 2854 5740 ἔχειν
2883 5675 2966 5731 τὴν
2988 5674 3166 5738 τέρψιν.
3190 5670 3292 5722 Sed
3316 5667 3472 5719 lectio

1890 5747 1944 5792 ut
1967 5748 2044 5792 est
2070 5742 2186 5791 ferri
2213 5746 2395 5803 potest.
