4110 6318
209 331 337 387 477

195 440 597 496 surreetionem
628 440 943 494 vaticinatur
971 440 1053 494 his
1095 439 1273 495 verbis
1301 458 1313 492 :
1347 443 1562 497 Mortuis
1601 445 1792 498 ossibus

195 547 398 599 corpus
422 537 609 602 factum
634 541 707 585 est
735 530 943 602 (Exerit.
978 532 1063 586 37.
1096 530 1173 600 9).
1206 531 1405 586 Deinde
1430 534 1503 585 ait
1527 551 1541 587 :
1571 533 1653 586 Ex
1672 551 1796 599 qua-

194 630 327 673 tuor
364 623 518 676 ventis
556 624 717 675 veniat
759 623 988 690 spiritus,
1038 632 1083 674 et
1122 623 1436 691 ingrediatur
1480 624 1530 676 in
1574 634 1795 678 mortuos

192 713 325 779 bos,
356 723 400 766 et
438 715 624 768 vivant.
663 714 750 766 Sic
783 723 836 766 et
869 714 1028 766 David
1061 713 1254 767 clamat
1283 731 1295 765 :
1327 715 1537 782 Auferes
1566 716 1794 784 spiritum

189 819 403 869 eorum,
446 814 495 857 et
520 804 777 871 deficient,
826 815 871 856 et
910 805 960 855 in
990 804 1242 869 pulverem
1289 820 1437 857 suum
1468 814 1792 857 revertentur.

196 891 425 947 Emitte:
457 892 705 963 Spiritum
734 904 895 958 tuum,
927 903 969 945 et
1002 895 1321 959 creabantur,
1355 905 1399 946 et
1428 895 1687 946 reuovabis
1710 893 1793 960 [a-

190 983 336 1035 ciem
361 994 505 1037 terra:
527 982 697 1054 (Psal.
734 985 855 1037 105.
887 983 975 1037 29.
1008 984 1121 1050 50).
1154 984 1338 1036 Vidisti
1364 984 1617 1053 Spiritum
1644 998 1793 1038 crea-

194 1083 382 1128 torem
405 1076 427 1125 Ἰ
455 1076 627 1127 vidisti
656 1090 773 1127 cum
810 1075 917 1129 Deo
938 1076 1289 1141 operantem‘.’

287 1165 345 1219 5.
389 1164 491 1218 Sed
531 1165 593 1217 ad
627 1166 953 1234 propositum
986 1181 1331 1218 revertamur.
1370 1164 1665 1235 lusu/ﬂavit.
1696 1166 1797 1219 Per

192 1254 378 1319 illud,
429 1254 744 1326 Insuﬂiavit,
799 1256 989 1307 aninre
1052 1256 1445 1323 simplicitatem
1498 1256 1732 1310 ostendit
1780 1276 1792 1311 :

191 1345 332 1399 ideo
359 1361 456 1398 nec
483 1347 659 1399 multis
688 1349 1056 1399 concinnatur.
1089 1346 1319 1399 Attende
1339 1346 1470 1414 jam.
1496 1346 1626 1411 Quia
1648 1362 1797 1400 crea-

192 1446 325 1493 tura
356 1438 764 1500 inveteraverat,
791 1437 935 1490 illam
962 1438 1207 1492 Christus
1232 1440 1280 1490 in
1305 1439 1699 1506 ὠδμριιδιιιίυιιθ
1723 1438 1796 1509 (ιι)

196 1528 494 1582 instaurat.
549 1530 830 1583 Formatos
871 1540 952 1583 est
998 1530 1162 1582 Adam
1211 1531 1276 1582 de
1322 1540 1459 1583 terra
1506 1530 1799 1584 :formavit

189 1620 453 1675 Christus
493 1624 619 1677 cazci
665 1623 849 1677 oculos
883 1639 946 1677 ex
977 1624 1086 1676 luto
1108 1665 1120 1687 ,
1154 1633 1208 1676 ut
1240 1623 1362 1677 hinc
1393 1627 1608 1678 noveris
1637 1641 1755 1679 cum
1781 1666 1794 1689 ,

192 1713 294 1780 qui
340 1714 544 1782 accepit
572 1714 837 1782 pulverem
865 1714 929 1766 de
961 1724 1097 1767 terra
1120 1757 1133 1775 ,
1164 1726 1216 1768 et
1248 1717 1513 1768 formavit.
1547 1716 1792 1769 lnsuftla-

189 1802 277 1854 vit
328 1804 465 1856 Deus
506 1805 559 1857 in
604 1805 787 1857 faciem
817 1804 983 1857 Adam
1034 1807 1293 1872 spiracula
1325 1808 1479 1869 Villi};
1512 1807 1793 1859 insuﬁlavit

186 1893 448 1949 Christus
500 1895 549 1948 in
590 1894 778 1950 faciem
823 1903 1218 1964 apostatarum,
1262 1907 1317 1951 et
1356 1897 1490 1951 divit
1536 1898 1798 1965 :Accipite

188 1982 458 2053 Spiritum
502 1998 729 2038 sanctum
778 1987 953 2057 (Joau.
996 1989 1084 2041 20.
1113 1989 1225 2057 22).
1258 1990 1386 2041 [iam
1418 2006 1535 2058 qua:
1567 1992 1796 2057 perierat

186 2076 396 2129 Adami
442 2076 890 2141 insulﬁationem,
939 2078 1180 2131 Christus
1233 2080 1498 2143 restituit,
1543 2092 1597 2133 et
1626 2080 1795 2133 factus

189 2174 282 2217 est
327 2180 507 2218 rursus
537 2166 695 2219 homo
723 2168 770 2219 in
795 2169 1024 2219 animam
1054 2168 1340 2222 viventem.
1376 2169 1469 2222 llic
1496 2170 1650 2222 seriei
1676 2171 1793 2222 ani-

188 2271 348 2307 mum
393 2255 605 2308 adhibe.
659 2256 879 2310 Etiamsi
927 2257 1067 2310 enim
1101 2260 1241 2313 vocis
1288 2274 1543 2327 organum
1576 2259 1787 2327 deﬁcit,

186 2357 457 2403 Consueta
508 2358 681 2402 tamen
736 2365 831 2419 spe
883 2366 1247 2419 praecurrens,
1299 2352 1629 2420 fratrumque
1672 2366 1791 2405 vota

187 2443 545 2509 accelerans,
593 2444 756 2496 credo
800 2446 1029 2497 dandum
1080 2446 1205 2498 mihi
1244 2461 1362 2500 esse
1395 2448 1609 2498 verbum
1638 2488 1650 2509 ,
1688 2463 1790 2497 non

188 2532 382 2584 meriti
432 2533 537 2587 mei
579 2549 775 2598 causa,
819 2534 911 2586 sed
954 2534 1244 2589 alacritatis
1269 2536 1571 2587 auditorum
1599 2536 1789 2603 gratia.

188 2620 426 2677 Etiamsi
454 2624 653 2677 sanctis
676 2640 779 2677 non
807 2626 973 2679 simus
1003 2627 1347 2694 comparandi
1371 2642 1384 2688 ;
1409 2636 1462 2679 at
1484 2627 1554 2678 illi
1583 2642 1793 2696 quoque

187 2714 327 2769 talia
368 2723 493 2769 sunt
532 2715 702 2784 passi,
732 2718 1081 2785 corporisque
1107 2716 1503 2771 inﬁrmitatibus
1534 2717 1792 2787 impedie-

188 2804 412 2859 bantur.
452 2806 510 2858 ld
554 2807 865 2859 testiﬁcatur
908 2808 1073 2861 David
1116 2808 1295 2861 dicens
1341 2827 1354 2861 :
1395 2808 1643 2861 Laborari
1682 2811 1789 2861 cla-

189 2914 345 2949 mans
365 2938 379 2961 ,
401 2914 569 2950 rauca:
595 2899 744 2965 [artic
772 2909 885 2950 sunt
911 2901 1083 2967 fauces
1115 2917 1236 2952 mea:
1266 2898 1435 2971 (Psat.
1470 2907 1556 2953 US.
1591 2906 1663 2970 4).
1688 2902 1791 2953 Me-

188 2990 301 3044 lius
350 3006 507 3059 porro
548 3002 627 3043 cst
667 3007 821 3043 rauca
855 3007 983 3045 Voce
1013 3002 1153 3045 recta
1184 2993 1396 3056 dicere,
1425 3011 1581 3061 quam
1604 3035 1618 3057 ,
1648 3008 1789 3046 recta

188 3098 366 3145 voce,
410 3082 589 3134 animo
624 3097 931 3151 perversum
963 3098 1098 3135 esse.
1139 3083 1391 3135 I’luntavit
1422 3082 1554 3136 Deus
1586 3085 1793 3153 paradi—

187 3190 311 3225 sum
335 3174 386 3225 in
412 3172 570 3226 Edent
595 3177 662 3227 ad
684 3176 921 3227 orien'em
950 3174 1097 3245 (Gen.
1132 3175 1185 3228 2.
1221 3176 1297 3242 8).
1325 3176 1459 3241 Quid
1482 3186 1563 3229 est
1587 3176 1789 3230 Edem?

191 3264 368 3321 Edem
398 3265 660 3335 signiﬁcat
690 3266 906 3320 delicias
935 3282 949 3330 ;
983 3282 1043 3320 ac
1074 3267 1116 3319 si
1145 3268 1260 3333 quis
1283 3266 1504 3331 diceret,
1532 3267 1791 3320 Plantavit

194 3355 509 3423 paradisum
541 3357 591 3408 in
622 3356 827 3409 deliciis
851 3400 863 3420 ,
890 3359 1001 3411 sive
1032 3359 1081 3409 in
1114 3358 1369 3411 dclicioso
1400 3359 1547 3420 loco,
1586 3359 1636 3410 in
1671 3360 1789 3427 pul-

192 3448 333 3502 chro
372 3449 510 3502 loco.
555 3449 782 3519 Ideoque
824 3450 872 3501 in
916 3452 1016 3503 ﬁne
1044 3450 1170 3503 dicit
1205 3468 1215 3501 :
1250 3448 1318 3501 Et
1344 3452 1484 3520 ejeeit
1513 3450 1712 3515 Adam,
1746 3460 1789 3503 et

194 3540 463 3591 collocavit
494 3557 609 3591 eum
635 3556 695 3592 ea:
722 3541 928 3593 adverso
956 3541 1181 3609 paradisi
1206 3538 1494 3607 voluptatis.
1528 3539 1788 3593 Plantavit

192 3628 338 3685 Dem
359 3630 651 3697 paradisum
680 3630 732 3681 in
763 3628 922 3682 Edent
951 3630 1017 3680 ad
1041 3632 1277 3682 orientem
1301 3629 1452 3700 (Gen.
1478 3632 1528 3685 5.
1552 3631 1663 3699 24).
1680 3632 1789 3685 Cur

193 3736 305 3772 non
334 3719 387 3772 in
414 3720 518 3771 alio
545 3719 778 3781 climate,
802 3718 893 3772 scd
918 3718 981 3771 ad
1004 3720 1267 3772 oriemem
1295 3720 1612 3786 paradisus?
1635 3719 1788 3773 Unde

196 3811 407 3867 initium
438 3826 626 3864 cursus
650 3810 985 3863 lumiuarium
1004 3853 1018 3874 ,
1050 3812 1171 3863 inde
1197 3811 1511 3879 principium
1544 3814 1663 3864 vita:
1689 3814 1784 3863 lio-

194 3906 421 3958 niinum.
450 3904 831 3975 Prmsigniﬁcat
863 3906 999 3959 Deus
1026 3904 1263 3959 futurum
1300 3924 1310 3958 :
1342 3906 1407 3958 ad
1440 3906 1699 3959 orientem
1734 3907 1786 3959 in

197 3996 447 4061 paradiso
496 3997 643 4063 ponit
690 3996 985 4060 hominem,
1037 4006 1092 4049 ut
1132 3998 1409 4059 ostendat,
1440 3998 1785 4065 quemadmo-

195 4086 325 4139 dum
367 4086 649 4139 luminaria
696 4087 781 4139 illa
820 4087 1045 4140 orientia
1078 4097 1297 4139 currunt
1326 4086 1391 4138 ad
1422 4086 1784 4151 occidentem,

195 4187 249 4229 et
276 4176 526 4229 occidunt
568 4194 581 4231 :
614 4176 683 4229 ita
731 4186 784 4230 et
824 4176 964 4230 hunc
1003 4188 1253 4244 Oper-tere
1282 4193 1310 4229 a
1341 4177 1442 4229 vita
1477 4177 1529 4229 in
1563 4186 1785 4230 mortem

197 4281 419 4320 currere
445 4276 497 4319 et
512 4267 777 4332 occidere,
804 4266 1564 4335 quemadmodumluminaria,
1593 4266 1787 4317 alium—

195 4372 304 4425 que
372 4373 580 4411 rursum
649 4360 908 4411 orientem
979 4372 1191 4411 sumere
1268 4374 1329 4409 ex
1401 4357 1787 4411 resurrectione

198 4456 554 4500 mortuorum.
600 4445 844 4501 Cucurrit
880 4447 1047 4500 Adam
1096 4448 1158 4499 ad
1200 4445 1565 4509 occidentem,
1597 4445 1789 4499 occidit

198 4539 252 4591 in
298 4540 597 4607 sepulcrum
646 4557 657 4592 :
705 4549 943 4607 sequuta:
990 4549 1113 4592 sunt
1155 4538 1298 4591 illum
1339 4555 1423 4590 res
1485 4547 1676 4602 terra},
1733 4546 1787 4590 et

197 4646 320 4682 eum
369 4629 459 4682 illo
498 4628 773 4681 occidente
818 4630 1038 4696 sepulta:
1077 4638 1214 4681 sunt.
1255 4628 1404 4679 Venit
1431 4626 1704 4690 Christus,
1735 4636 1789 4679 et

198 4734 322 4775 eum
347 4719 434 4785 qui
456 4718 725 4772 occiderat
749 4719 875 4770 oriri
906 4719 1127 4771 curavit.
1157 4718 1279 4771 ideo
1303 4719 1428 4770 dicit
1458 4718 1522 4769 de
1551 4718 1640 4769 illo
1668 4732 1788 4783 pro-

202 4814 361 4881 pheta
392 4828 406 4864 :
439 4810 569 4864 Ecce
591 4813 663 4864 vir
684 4852 698 4876 ,
735 4811 910 4863 Oriens
938 4826 1118 4863 nomen
1146 4811 1273 4877 ejus,
1298 4819 1344 4861 et
1370 4811 1461 4862 sub
1482 4809 1570 4860 illo
1599 4809 1788 4860 orietur

205 4904 389 4974 (Zuch.
431 4905 484 4958 6.
539 4905 625 4973 12)
653 4922 665 4965 ς
710 4919 901 4971 nempe
927 4918 989 4957 ex
1020 4901 1294 4969 sepulcris.
1328 4900 1379 4953 ln
1411 4901 1613 4954 Adamo
1642 4901 1781 4953 orci-

200 4997 278 5050 dit
318 4995 513 5055 homo,
563 4995 612 5045 in
658 4994 869 5047 Christo
907 5004 1055 5045 ortus
1077 5002 1157 5044 est
1192 5010 1203 5043 :
1235 4992 1283 5043 id
1317 4994 1626 5043 testiﬁcatur
1652 4990 1781 5042 l‘an-

204 5088 287 5141 lus
337 5104 350 5139 :
406 5105 423 5136 ε
457 5085 587 5138 Nam
630 5087 764 5139 sicut
794 5088 842 5137 in
875 5085 1041 5137 Adam
1074 5098 1261 5137 omnes
1286 5083 1602 5146 moriuntur,
1636 5082 1704 5133 ita
1732 5092 1785 5135 et

204 5180 258 5233 in
284 5178 494 5232 Christo
517 5193 701 5229 onntes
722 5177 1123 5230 viviﬁcabuntur
1154 5194 1171 5225 ι
1208 5176 1280 5245 (1.
1301 5174 1416 5229 Cor.
1443 5174 1689 5242 15.22).‹
1720 5173 1786 5225 Et

203 5270 412 5338 accepit
442 5268 579 5321 Deus
608 5268 899 5334 hominem,
929 5284 1083 5335 quem
1115 5266 1328 5329 iecerat,
1354 5276 1408 5319 et
1441 5266 1606 5333 posuit
1639 5265 1781 5316 illtnn

206 5362 254 5414 in
282 5361 525 5429 paradiso
550 5377 568 5409 ι
599 5357 747 5427 (Gen.
774 5358 953 5425 2.15).
984 5360 1161 5412 intulit
1185 5357 1330 5409 illum
1363 5358 1412 5409 in
1442 5365 1675 5424 paratam
1699 5355 1785 5405 do-

207 5469 371 5506 nmm.
405 5451 859 5518 Quemadmodum
894 5452 935 5503 is
956 5492 967 5512 ,
996 5451 1083 5517 qui
1111 5452 1336 5517 aliqui-in
1362 5452 1544 5501 invitat
1571 5448 1632 5499 ad
1657 5463 1784 5499 con-

211 5544 438 5611 mium,
485 5542 657 5611 primo
702 5550 920 5609 apparat
960 5542 1132 5605 cedes,
1174 5549 1226 5593 et
1265 5550 1385 5593 tunc
1431 5537 1631 5592 inducit
1661 5554 1780 5589 eum

267 5695 341 5753 (ιι)
374 5693 593 5749 Scilicet,
630 5692 679 5742 in
719 5691 1041 5740 incarnatione
1074 5704 1175 5740 sua.
1205 5697 1297 5738 Mos
1318 5699 1411 5753 est
1444 5688 1781 5753 Ecclesiasticis

208 5749 518 5817 acuentibus
538 5770 625 5818 per
644 5754 1061 5816 dispensationem,
1087 5752 1459 5804 iiu'arna.‘ionem
1482 5749 1775 5811 intelligere.

1301 329 1388 384 DE
1428 331 1641 388 MDNDI
1681 331 2070 388 CBEATIONE
2110 334 2363 391 ORATIO
2399 339 2456 392 \'.

3378 358 3489 413 478

1902 460 2059 513 quem
2098 447 2341 502 invitavit
2373 469 2385 503 :
2418 451 2495 505 sic
2524 463 2579 506 et
2606 454 2692 509 hic
2721 472 2935 526 quoque
2961 477 2973 513 :
3002 463 3203 529 paravit
3232 464 3309 518 illi
3339 466 3482 521 azdes

1904 538 2248 604 magniﬁcas,
2308 541 2609 609 paradisum
2641 584 2654 605 ,
2702 555 2755 598 et
2805 549 2883 601 sic
2933 549 3208 606 invitatum
3255 554 3479 612 induxit.

1904 626 2127 681 Ubinam
2177 628 2431 687 formatus
2478 636 2607 688 est?
2650 635 2706 690 in
2750 648 2885 693 terra
2912 680 2927 706 ,
2967 651 3115 697 extra
3160 647 3479 713 paradtsum.

1903 718 2366 782 Quemadmodum
2407 724 2549 777 enim
2583 727 2858 782 luminaria
2880 772 2895 793 ,
2930 732 3055 789 alibi
3084 733 3216 788 facta
3245 749 3367 791 sunt
3387 780 3402 804 ,
3430 750 3478 795 et

1905 809 2070 875 posita
2114 820 2237 863 sunt
2275 812 2328 865 in
2355 815 2488 868 caelo
2521 833 2533 869 :
2563 817 2637 869 sie
2668 827 2721 871 et
2750 819 2915 874 Adam
2942 834 3089 877 extra
3121 827 3374 882 formatus
3403 840 3481 883 est

1904 899 1953 949 in
1998 900 2097 952 alia
2150 912 2303 955 terra:
2350 914 2532 972 parte,
2573 918 2627 961 et
2666 918 2790 964 tunc
2819 912 3060 967 inductus
3087 919 3244 970 estin
3277 920 3482 987 paradi-

1902 1002 2038 1040 sum.
2084 989 2359 1045 Undenam
2408 994 2550 1049 hoc?
2596 998 2682 1051 Ait
2732 1000 3001 1069 Scriptura
3030 1004 3081 1057 in
3110 1006 3487 1076 line,quando

1901 1081 2103 1144 ejcctus
2142 1092 2224 1137 est
2264 1085 2429 1138 Adam
2461 1105 2473 1139 :
2511 1106 2527 1139 ι
2564 1088 2629 1142 Et
2659 1091 2834 1143 emisit
2867 1092 3002 1147 Deus
3031 1096 3196 1149 Adam
3230 1100 3296 1154 de
3327 1116 3485 1169 para-

1901 1172 2019 1225 diso
2050 1174 2355 1241 voluptatis,
2384 1188 2438 1230 ut
2459 1192 2769 1247 operaretur
2790 1194 3004 1251 terrain,
3024 1187 3090 1240 de
3106 1204 3207 1258 qua
3234 1206 3480 1261 sumptus

1902 1273 2002 1317 est.
2049 1264 2233 1319 Posuit
2264 1268 2407 1322 illum
2447 1271 2495 1322 in
2528 1274 2775 1339 paradiso
2804 1277 3117 1343 voluptatis,
3149 1292 3203 1334 ut
3233 1298 3486 1353 operare-

1905 1362 1988 1405 tur
2016 1363 2070 1408 et
2098 1359 2391 1412 custodiret
2423 1361 2599 1413 illtttm
2633 1362 2784 1432 (Gen.
2817 1366 2871 1419 2.
2904 1368 3017 1436 25).
3052 1369 3120 1424 Ut
3150 1386 3482 1441 operaretur.

1902 1442 2034 1506 Quid
2079 1444 2129 1497 in
2175 1448 2419 1513 paradiso
2463 1452 2900 1509 desiderabatur?
2938 1460 3016 1511 sin
3060 1464 3304 1530 operario
3349 1482 3485 1535 opus

1902 1544 2054 1599 erat,
2107 1538 2369 1590 undcnam
2414 1545 2690 1594 aratrum?
2739 1546 2877 1600 unde
2902 1550 2997 1600 alia
3032 1554 3370 1619 agricultura:
3399 1559 3485 1611 in-

1901 1628 2231 1679 strumenta?
2256 1629 2473 1695 Uperari
2504 1644 2551 1684 et
2580 1636 2847 1691 custodire
2876 1653 3193 1710 prarceptum
3221 1644 3347 1711 Dei,
3378 1648 3485 1701 illi-

1902 1731 2002 1781 ipe
2043 1717 2301 1781 credere,
2352 1721 2442 1774 Dei
2480 1738 2613 1791 opus
2659 1735 2791 1779 erat.
2834 1728 2921 1780 Ait
2946 1729 3195 1784 Servatur
3228 1752 3239 1786 :
3277 1735 3388 1788 lloc
3413 1749 3484 1791 est

1901 1821 2027 1870 opus
2050 1804 2177 1867 Dei,
2212 1818 2264 1858 ut
2294 1812 2508 1863 credatis
2534 1814 2584 1865 in
2617 1831 2756 1879 eum,
2787 1835 2928 1884 quem
2952 1821 3082 1874 misit
3107 1823 3193 1876 ille
3223 1824 3398 1894 (Joan.
3428 1830 3481 1883 6.

1900 1895 2010 1965 29).
2054 1895 2507 1962 Quemadmodum
2544 1903 2700 1970 igitur
2725 1908 2935 1962 Christo
2963 1913 3183 1967 credere
3212 1931 3344 1983 opus
3368 1929 3482 1987 est,

1899 1988 1975 2039 sic
2003 1988 2160 2039 etiam
2194 1990 2413 2045 credere
2439 2008 2701 2064 ['iricccpto
2720 2039 2733 2060 ,
2772 2000 3084 2055 moriturum
3113 2020 3230 2058 esse
3250 2046 3267 2072 ,
3292 2009 3333 2059 si
3361 2012 3483 2062 teti-

1898 2086 2066 2145 gerit;
2099 2086 2357 2135 victurum
2381 2124 2394 2146 ,
2429 2086 2471 2137 si
2505 2102 2607 2139 non
2640 2090 2885 2155 tetigerit.
2926 2096 3071 2161 Opus
3098 2105 3211 2147 erat
3236 2097 3485 2163 Spiritua-

1900 2169 2024 2222 limn
2050 2174 2330 2226 verborum
2359 2178 2677 2230 observatio.
2710 2180 2851 2233 Pauli
2874 2198 3007 2250 opus
3029 2186 3333 2252 quodnam?
3356 2206 3483 2246 num

1897 2262 2125 2329 agricola
2155 2264 2347 2318 Paulus
2380 2278 2492 2320 erat
2517 2269 2539 2320 ?
2570 2286 2696 2322 num
2724 2272 2877 2325 aliam
2904 2274 3085 2328 habuit
3110 2281 3487 2335 vocationem?

1899 2370 2075 2409 nonne
2121 2366 2285 2409 totum
2327 2359 2442 2425 ejus
2470 2376 2601 2428 opus
2630 2374 2740 2415 erat
2762 2403 2774 2427 ,
2804 2366 3023 2418 verlnun
3048 2367 3069 2418 ?
3098 2385 3269 2423 nonne
3297 2374 3487 2440 pr:edi-

1899 2450 2035 2498 ealio
2061 2448 2083 2497 ἲ
2116 2448 2249 2501 Dicit
2280 2459 2451 2504 tamen
2484 2453 2758 2522 discipulis
2781 2497 2793 2518 ,
2826 2455 2969 2524 Opus
2994 2475 3152 2510 meum
3173 2476 3255 2513 vos
3286 2464 3402 2514 estis
3429 2466 3479 2515 in

1898 2535 2114 2590 Domino
2137 2539 2343 2607 (LCor.
2374 2542 2428 2595 9.
2460 2544 2533 2606 1).
2568 2543 2633 2597 Ut
2664 2556 2978 2612 operaretur,
3012 2549 3209 2618 inquit,
3242 2562 3290 2605 et
3319 2563 3481 2607 custo-

1898 2629 2024 2680 diret
2051 2630 2216 2682 illam.
2252 2633 2295 2683 Λ
2329 2635 2598 2700 quonam?
2625 2635 2731 2688 Fur
2759 2653 2862 2689 non
2893 2648 3038 2702 erat,
3070 2643 3241 2693 viator
3270 2644 3444 2697 nullos
3467 2688 3481 2712 ,

1898 2720 2173 2774 insidiator
2200 2723 2374 2776 nullus
2403 2744 2413 2777 :
2444 2740 2471 2775 a
2502 2742 2608 2794 quo
2637 2727 2970 2782 costodiret?
3002 2728 3068 2783 Ut
3096 2732 3389 2787 custodiret
3416 2736 3480 2787 il-

1898 2811 2002 2864 lum
2046 2813 2183 2877 sibi;
2226 2830 2293 2867 ne
2324 2818 2700 2883 pr.evarieatus
2722 2819 3018 2880 amitteret;
3050 2822 3140 2874 sed
3172 2832 3225 2873 ut
3253 2824 3477 2878 manda-

1898 2916 2005 2956 tum
2050 2907 2355 2959 custodiens
2402 2918 2639 2961 servaret
2680 2908 2780 2961 sibi
2830 2911 3150 2978 paradisum.
3206 2912 3316 2967 Una
3363 2931 3481 2969 cum

1896 3012 2025 3050 voce
2055 3013 2203 3050 mens
2230 2999 2445 3052 deﬁcit:
2480 3016 2659 3053 verum
2691 3003 2968 3056 sententiis
3001 3004 3327 3059 insistamus.
3360 3007 3483 3061 Po-

1894 3089 1992 3140 suit
2032 3088 2173 3141 illum
2212 3091 2263 3141 in
2297 3091 2553 3159 paradiso.
2594 3091 2853 3161 Deinceps
2879 3093 3151 3162 Scriptura
3182 3112 3245 3149 ex
3274 3097 3338 3150 iis
3362 3114 3481 3167 qua:

1895 3191 2283 3247 praicesserunt
2326 3181 2625 3235 subindieat
2663 3182 2860 3237 futura.
2896 3184 3107 3239 Flurius
3137 3198 3303 3240 autem
3326 3205 3483 3258 egre-

1894 3269 2125 3323 diebatur
2167 3288 2229 3323 ea:
2271 3272 2458 3335 L'dcm,
2508 3274 2728 3342 irrigans
2775 3277 3063 3342 paradisum
3089 3276 3243 3345 (Cen.
3275 3279 3329 3331 2.
3366 3282 3479 3347 10).

1894 3360 1936 3413 ll
1963 3377 2027 3413 nc
2067 3361 2213 3415 disce
2244 3379 2346 3414 non
2376 3364 2644 3415 hortulum
2679 3363 2843 3418 fuisse
2874 3367 3177 3434 paradisum
3200 3408 3212 3430 ,
3244 3372 3482 3437 angustis

1895 3453 2135 3504 terminis
2162 3454 2641 3521 circumscriptum.
2674 3455 2888 3508 Fluvios
2919 3467 3093 3510 tantus
3117 3458 3401 3528 irrigabat,
3428 3472 3481 3514 ut

1893 3559 1958 3597 ex
1995 3545 2109 3613 ejus
2148 3547 2495 3598 redmidantia
2522 3556 2747 3615 quatuor
2774 3548 2915 3600 lluvii
2944 3550 3230 3603 orirentur.
3261 3550 3481 3605 Flavius

1895 3648 2062 3690 autem
2106 3639 2450 3706 egrediebatur
2488 3655 2552 3691 ea:
2602 3639 2760 3690 [idem
2782 3680 2796 3704 ,
2827 3651 2877 3690 ut
2904 3640 3136 3709 irrigaret
3163 3644 3479 3710 paradisum.

1895 3731 2095 3783 Deinde
2124 3741 2396 3797 postquam
2440 3731 2744 3797 irrigavi-rat
2765 3771 2777 3790 ,
2812 3730 3146 3783 dividebatur
3174 3734 3223 3783 in
3253 3743 3479 3801 quatuor

1892 3820 2059 3888 capita
2090 3836 2103 3883 ;
2151 3821 2198 3871 in
2250 3819 2478 3887 'l'igrim,
2530 3821 2578 3871 in
2626 3820 2835 3883 Nilum,
2872 3821 2919 3872 in
2954 3821 3310 3888 Euphratem,
3343 3834 3396 3877 et
3429 3828 3477 3877 in

1894 3912 2175 3965 l’hisoneni
2201 3954 2215 3975 ,
2257 3912 2332 3963 sic
2371 3914 2418 3963 in
2461 3912 2732 3980 Scriptura
2774 3912 3008 3979 dietum,
3038 3929 3192 3982 quem
3221 3931 3358 3967 nunc
3392 3932 3477 3968 ιυ-

1892 4013 2013 4055 Catil
2040 4002 2353 4054 Danubium.

1964 4094 2015 4146 6.
2065 4092 2168 4145 Cur
2202 4103 2301 4143 tant
2338 4093 2435 4143 [ate
2473 4103 2662 4157 pateret
2687 4094 2984 4159 paradisus,
3014 4109 3127 4144 cum
3152 4095 3312 4145 Adam
3341 4097 3482 4149 soius

1892 4186 2211 4237 inltabitaret.
2265 4185 2557 4235 Flauiorum
2581 4200 2641 4235 ea;
2664 4185 2901 4250 paradiso
2923 4186 3232 4236 mantmtium
3256 4185 3485 4254 explica-

1894 4278 1961 4328 tio
2000 4277 2293 4345 singularis.
2326 4305 2395 4313 -—-
2425 4275 2553 4328 Vide
2600 4276 3019 4343 magnitudinem
3064 4277 3205 4329 ﬂuvii
3238 4277 3390 4330 divisi
3426 4277 3480 4331 in

1893 4380 2118 4437 quatuor
2163 4368 2378 4421 ﬁumina
2429 4386 2441 4420 :
2496 4369 2684 4436 hicqne
2729 4369 2874 4420 solus
2922 4370 3103 4437 irrigat
3152 4368 3472 4437 paradisum.

1893 4469 2155 4527 Quorsum
2212 4461 2375 4513 talis?
2424 4461 2566 4513 solus
2618 4468 2736 4512 erat
2782 4460 2984 4521 Adam;
3029 4475 3145 4527 quze
3190 4457 3479 4512 necessitas

1897 4555 2026 4607 tanti
2066 4553 2250 4605 ﬂuvii?
2285 4552 2387 4605 Sed
2436 4567 2538 4603 non
2583 4552 2667 4602 nni
2715 4560 2914 4602 tantum
2964 4550 3237 4618 paradisUs
3266 4558 3479 4614 paratus

1892 4656 2037 4711 erat,
2078 4660 2261 4699 verum
2313 4643 2502 4697 ﬁnibus
2545 4654 2718 4696 terrae.
2750 4642 3080 4712 Pra‘paratus
3107 4649 3221 4693 erat
3250 4640 3476 4707 patriar-

1893 4740 2006 4791 chis
2026 4780 2042 4805 ,
2073 4736 2346 4807 prophetis
2364 4776 2381 4800 ,
2405 4736 2657 4804 apostolis
2679 4776 2691 4795 ,
2716 4732 3059 4801 evangelistis
3081 4770 3095 4794 ,
3130 4730 3473 4800 martyribus,

1893 4829 2287 4886 confessoribns
2309 4830 2526 4890 sanctis,
2560 4827 2823 4890 ﬁdelibus,
2852 4824 2934 4892 pie
2958 4823 3274 4887 viventibus,
3300 4824 3477 4875 omni-

1896 4925 1992 4976 bus
2012 4924 2191 4992 justis.
2220 4921 2274 4975 Si
2298 4921 2437 4973 enim
2467 4919 2655 4972 latroni
2684 4934 2782 4969 una
2814 4915 2941 4969 hora
2974 4914 3245 4968 conlitenti
3271 4914 3475 4982 paradi-

1892 5029 2009 5067 sum
2046 5013 2296 5066 Servator
2326 5010 2566 5078 promisit
2607 5008 2789 5061 dicens
2832 5023 2845 5058 :
2893 5004 3058 5057 llodie
3084 5021 3276 5059 mecum
3301 5004 3397 5057 eris
3426 5004 3477 5055 iu

1893 5106 2129 5176 paradiso
2176 5102 2323 5175 (Luc.
2366 5102 2456 5156 25.
2501 5102 2627 5170 45);
2656 5101 2744 5168 qui
2772 5115 2800 5151 a
2830 5099 3105 5167 juventute
3134 5098 3471 5157 laborarunt,

1895 5200 2157 5252 Abraham
2180 5238 2193 5259 ,
2243 5196 2385 5249 Isaac
2408 5236 2419 5257 ,
2460 5194 2653 5257 Jacob,
2708 5192 2862 5259 hujus
2898 5190 2987 5243 ﬁlii
3022 5187 3329 5257 patriarchae
3352 5227 3365 5248 ,
3399 5187 3473 5251 (ιι)

1894 5291 2060 5360 [.lluin
2095 5288 2275 5355 utique
2294 5297 2416 5339 sunt
2443 5282 2800 5353 consequuti.)
2832 5286 2892 5333 λι
2925 5291 3046 5333 ante
3073 5281 3168 5333 hos
3189 5292 3374 5330 omnes
3402 5280 3473 5325 la-

1894 5390 1975 5432 tro
2001 5378 2298 5445 paradisum
2323 5376 2678 5443 consequitur.
2707 5373 2875 5439 υμιῚἮ
2907 5386 3030 5436 ergo
3057 5370 3192 5422 Deus
3217 5365 3344 5424 edit,
3368 5381 3470 5417 non

1892 5473 2006 5539 ejus
2040 5486 2196 5522 eausa
2226 5469 2362 5537 quod
2397 5477 2641 5534 apparet,
2680 5468 2768 5518 sed
2797 5465 2911 5531 ejus
2943 5462 3079 5530 quod
3110 5466 3465 5524 exsliectatnr.

1892 5565 1996 5616 Cur
2037 5572 2230 5613 tantam
2276 5568 2433 5612 terra:
2462 5556 2790 5609 latitudinem
2820 5555 2970 5607 fecit?
2999 5568 3063 5603 an
3097 5556 3309 5617 propter
3331 5547 3470 5600 Ada-

1894 5670 2071 5715 mum,
2118 5668 2184 5705 an
2225 5661 2437 5719 preptcr
2478 5664 2569 5702 eos
2611 5648 2697 5716 qni
2732 5648 2872 5700 illam
2903 5660 3038 5695 nunc
3071 5639 3461 5694 inhabitabant?

1961 5748 2032 5806 (εἰ)
2068 5755 2176 5803 Cum
2204 5744 2387 5791 uotiuis
2409 5740 2710 5800 clauduntur,
2737 5739 2913 5786 desunt
2939 5736 2984 5781 in
3008 5740 3184 5780 Graeco.
