4110 6318
625 338 741 394 479

628 455 759 511 Inde
782 450 1023 506 dividitur
1049 449 1101 502 in
1130 456 1342 517 thtuor
1372 442 1647 514 principia.
1680 438 1791 494 Non
1815 437 1982 495 dixit.
2013 435 2064 488 In
2095 447 2226 504 qua-

629 559 751 603 tuor
793 557 1027 615 expansa
1066 540 1282 594 flumina
1304 577 1318 603 ,
1366 536 1460 591 sed
1507 537 1561 588 in
1593 543 1820 603 quatuor
1847 528 2104 600 principia
2132 566 2147 592 ,
2173 524 2225 580 id

634 647 718 695 est
741 678 756 704 ,
797 635 993 692 fontes.
1024 632 1227 686 Nomen
1259 627 1345 682 uni
1372 626 1605 689 Phison,
1635 638 1793 695 quem
1826 620 1984 674 modo
2014 617 2227 674 diceba-

629 747 749 786 mus
779 748 794 797 ;
830 727 1026 784 deinde
1053 724 1238 782 Gehon
1265 765 1280 788 ,
1321 721 1406 776 hic
1437 729 1514 776 est
1544 720 1713 776 Nilus.
1743 717 1931 775 Gehon
1956 725 2107 770 vetus
2134 729 2230 768 no-

629 840 750 880 men
789 822 906 892 ejus
947 829 1029 874 est
1066 836 1080 873 :
1122 817 1174 872 id
1210 815 1521 870 testificatur
1561 809 1818 866 leretnias
1839 808 2024 864 dicens
2050 827 2063 864 :
2093 808 2228 872 Quid

627 923 717 976 tibi
747 930 794 974 et
824 923 916 973 via:
940 915 1179 988 .Egypti,
1205 924 1258 967 ut
1283 912 1421 965 bibas
1448 926 1632 976 aquant
1655 907 1829 961 Gehon
1853 905 1986 979 (Jer.
2013 904 2068 958 2.
2101 903 2227 972 18)?

628 1013 724 1067 llic
771 1011 1008 1065 animum
1055 1005 1268 1061 adhibe.
1315 1003 1500 1069 Cogita
1547 999 1688 1054 hunc
1731 1012 1851 1052 esse
1896 995 2220 1066 paradisum.

631 1104 755 1157 llatc
782 1103 926 1157 enim
952 1098 1138 1153 melius
1160 1105 1377 1165 aSpectn
1399 1107 1557 1164 quam
1581 1089 1747 1145 verbo
1772 1095 2072 1144 traduntur.
2099 1087 2228 1141 Pro-

626 1195 706 1249 dit
748 1194 934 1263 ingens
975 1190 1202 1253 ﬂuvius,
1247 1188 1469 1257 copioso
1513 1183 1764 1254 pneditus
1804 1182 2069 1244 alveo,et
2095 1187 2229 1248 rigat

632 1285 956 1354 paradisum.
1008 1280 1134 1336 Inde
1183 1281 1233 1334 in
1281 1280 1687 1333 subterraneum
1713 1273 1994 1344 quemdam
2025 1273 2226 1326 hiatum

629 1375 822 1441 fertur,
853 1375 1276 1442 immensamque
1298 1371 1398 1424 sub
1427 1380 1564 1424 terra
1591 1377 1833 1439 penetrat
1854 1364 2022 1430 viam,
2048 1375 2103 1418 ut
2128 1379 2227 1419 no-

631 1474 708 1524 vit
738 1477 780 1526 is
810 1468 895 1540 qni
930 1468 1066 1521 viam
1095 1466 1280 1520 stravit
1309 1465 1563 1520 Dominus
1593 1480 1607 1515 :
1640 1461 1920 1532 ﬂuxusque
1945 1461 2038 1516 diu
2064 1461 2225 1527 latet,

626 1574 790 1634 atque
823 1564 872 1616 in
901 1562 1111 1616 diversa
1144 1561 1254 1614 loca
1283 1559 1571 1623 dividitur,
1605 1560 1974 1626 invenitnrque
2005 1555 2143 1608 alius
2176 1556 2226 1606 in

628 1657 935 1724 Ethiopia,
979 1655 1114 1709 alius
1152 1654 1202 1708 in
1244 1653 1521 1708 occidente
1543 1692 1559 1717 ,
1591 1650 1726 1705 alius
1756 1651 1806 1703 in
1839 1648 2044 1703 oriente
2069 1690 2083 1714 ,
2119 1647 2229 1701 Deo

627 1750 706 1805 sic
737 1764 824 1818 per
857 1750 1265 1803 subterraneum
1295 1745 1507 1800 alveum
1535 1744 1799 1807 trahente,
1829 1741 2110 1812 primoque
2133 1739 2229 1793 llu-

627 1856 716 1894 vto
751 1849 1035 1895 extraneos
1079 1836 1252 1892 fontes
1297 1846 1542 1892 curante.
1578 1835 1683 1891 Cur
1710 1835 1778 1888 ita
1799 1834 1823 1888 ἲ
1848 1832 1924 1887 Ne
1947 1832 2226 1887 ﬂuviorum

629 1934 855 1997 vestigia
896 1941 1216 2001 sequentes,
1262 1929 1565 2000 paradisum
1597 1927 1920 1989 invenirentt
1958 1940 2024 1980 ne
2051 1933 2229 1994 posset

632 2024 938 2078 hominibus
983 2024 1196 2092 pervius
1243 2037 1382 2077 esse.
1413 2020 1547 2076 Nam
1574 2020 1619 2075 si
1650 2034 1715 2074 eo
1745 2020 1848 2074 iter
1874 2033 1992 2074 esse
2026 2027 2224 2088 posset,

630 2131 791 2175 nemo
817 2131 939 2172 ante
966 2117 1158 2171 divites
1191 2115 1492 2186 paradisum
1527 2115 1786 2169 inveniret
1823 2130 1836 2166 :
1871 2127 2054 2167 verum
2087 2112 2227 2166 Deus

630 2212 858 2268 occlusit
880 2225 984 2265 tam
1012 2210 1334 2280 pauperibus
1359 2249 1373 2269 ,
1401 2223 1559 2278 quam
1587 2205 1858 2269 divitibus,
1890 2215 1947 2259 ut
1974 2204 2086 2258 sola
2118 2207 2228 2256 vir-

630 2315 745 2360 tute
771 2305 909 2359 viam
955 2304 1270 2358 invenirent.
1303 2303 1570 2369 Quantum
1600 2300 1797 2355 laboris
1824 2312 2108 2368 suscepere
2140 2312 2229 2366 pa-

632 2395 914 2461 triarchae,
956 2394 1260 2464 prophetas,
1309 2391 1511 2458 sancti,
1545 2401 1846 2460 qumrentes
1882 2389 2226 2459 paradisum,

632 2503 732 2543 nec
751 2487 1094 2542 invenerunt.
1119 2486 1282 2540 Latro
1304 2526 1318 2547 ,
1352 2485 1518 2555 quiin
1544 2484 1632 2538 illa
1665 2489 1744 2536 via
1778 2498 1883 2537 non
1913 2484 2226 2548 incesserat,

631 2580 725 2635 sed
773 2579 1027 2644 credidit,
1069 2594 1195 2633 vere
1227 2582 1362 2632 viam
1391 2576 1629 2642 invenit,
1661 2592 1782 2631 eum
1812 2589 2004 2644 nempe
2032 2573 2118 2644 qui
2150 2572 2230 2628 dio

632 2674 739 2737 xit,
791 2670 904 2742 Ego
947 2687 1057 2724 sunt
1088 2671 1187 2724 via.
1216 2670 1422 2726 Invenit
1453 2669 1792 2738 paradisum,
1822 2684 1979 2737 quem
2012 2667 2228 2721 inobse-

633 2765 849 2835 quentia
882 2765 1054 2833 primo
1085 2762 1287 2818 homini
1314 2761 1540 2816 occlusit
1567 2759 1746 2831 (Joan.
1779 2761 1862 2814 l4.
1893 2760 1972 2827 6).
2003 2759 2228 2812 Causam

633 2867 811 2914 autem
867 2871 1051 2927 qumro
1105 2871 1204 2910 cur
1252 2854 1756 2923 historiographus,
1810 2856 2229 2905 commemorato

635 2951 808 3020 primo
852 2947 1012 3003 ﬂuvio
1032 2988 1047 3015 ,
1072 2946 1268 3002 dixerit
1298 2965 1309 2999 :
1341 2943 1421 2998 Ibi
1447 2955 1520 3000 est
1551 2960 1735 2997 aurum
1762 2943 1975 3006 bonum,
2007 2941 2228 2994 carbun-

632 3043 775 3098 culus
814 3052 861 3096 et
899 3042 1030 3110 lapis
1055 3040 1290 3111 prasinus
1317 3038 1468 3107 (Gen.
1500 3038 1555 3091 9..
1585 3037 1697 3107 12).
1729 3037 1782 3092 Si
1817 3050 2032 3104 prorsus
2062 3043 2228 3088 terra-

635 3150 753 3190 rum
802 3133 987 3188 orbem
1029 3131 1390 3196 describeret,
1420 3137 1693 3198 Oporteret
1731 3144 1858 3183 sane
1900 3127 1949 3180 in
1992 3126 2228 3196 qualibet

635 3226 854 3296 regione
891 3223 1072 3277 dicere
1098 3238 1217 3291 qua:
1246 3222 1351 3276 illic
1384 3222 1520 3274 bona
1553 3220 1854 3284 orirentur,
1887 3215 2224 3285 smaragdos,

635 3319 981 3392 hyacinthos,
1016 3317 1102 3371 ubi
1136 3316 1426 3386 topazium,
1461 3316 1547 3369 ubi
1571 3315 1796 3370 diversa:
1821 3313 1922 3368 illa:
1949 3314 2223 3376 materias;

635 3412 730 3466 sed
759 3426 946 3465 aurum
975 3417 1179 3463 tantum
1204 3423 1266 3463 ac
1294 3409 1429 3463 duos
1459 3407 1662 3477 lapides
1689 3407 1944 3472 assumit,
1978 3404 2225 3459 sacerdo-

633 3503 691 3557 tii
721 3502 1000 3572 primitias,
1024 3505 1144 3571 quia
1174 3501 1424 3556 sacerdos
1450 3516 1664 3554 auream
1695 3501 1940 3553 laminam
1961 3498 2223 3568 gestabat,

634 3600 686 3651 in
732 3611 833 3665 qua
885 3595 980 3649 Dei
1020 3608 1215 3648 nomen
1243 3603 1357 3648 erat
1395 3593 1726 3662 inscriptum.
1755 3593 1918 3646 Erant
1945 3589 2222 3644 duodecim

634 3689 834 3758 lapides
883 3701 1042 3757 supra
1087 3685 1380 3741 sacerdotis
1423 3693 1637 3754 pectus,
1679 3684 1922 3750 sardius,
1953 3682 2224 3751 topazitts,

632 3778 944 3849 smaragdus
964 3820 978 3846 ,
1011 3778 1396 3840 carbunculus,
1425 3777 1737 3846 sapphirns,
1757 3776 1958 3846 jaspis,
1985 3774 2221 3846 ligurius,

631 3870 880 3934 achates,
926 3869 1259 3940 amethystus
1283 3912 1298 3932 ,
1346 3869 1742 3940 chrysolithos.
1781 3868 2048 3939 beryllus,
2083 3881 2224 3937 onyx

636 3959 829 4033 (Exod.
873 3959 961 4014 28.
996 3960 1205 4029 17-20).
1240 3960 1317 4012 Ex
1345 3959 1428 4012 his
1454 3958 1733 4012 duodecim
1767 3959 2028 4026 lapidibus
2059 3957 2223 4027 prasi-

633 4067 734 4108 nus
771 4062 1079 4121 segregatus
1119 4061 1199 4106 est
1231 4050 1390 4105 tribui
1414 4051 1763 4116 sacerdotali,
1795 4060 1846 4105 et
1871 4051 2226 4105 carbunculus

632 4146 812 4216 regias.
854 4144 990 4212 Quid
1029 4145 1101 4199 ita
1125 4144 1148 4197 ἲ
1174 4145 1302 4211 Quia
1333 4144 1466 4214 ignis
1494 4147 1764 4215 pr0prium
1793 4153 1874 4199 est
1902 4160 2056 4200 urere
2081 4152 2136 4198 et
2165 4145 2226 4198 il-

633 4240 892 4294 luminare
940 4257 954 4293 :
1001 4237 1244 4308 regisque
1289 4239 1562 4307 proprium
1593 4237 1904 4293 benefacere
1931 4245 1986 4293 et
2013 4239 2220 4309 punire.

633 4330 789 4386 Ponit
814 4329 1002 4384 Ruben
1032 4331 1254 4399 primam
1285 4330 1479 4383 tribum
1510 4329 1560 4381 in
1590 4329 1784 4391 sardio,
1819 4329 2139 4399 Symeonem
2169 4330 2221 4383 in

632 4421 869 4492 topazio,
904 4420 1028 4475 Levi
1058 4420 1110 4474 in
1133 4419 1305 4488 lapide
1329 4419 1543 4488 prasino
1565 4460 1579 4484 ,
1608 4418 1801 4473 Judam
1817 4461 1831 4483 ,
1855 4435 1922 4473 ex
1946 4436 2051 4488 quo
2071 4419 2226 4473 Chri-

632 4523 767 4576 stus,
799 4514 848 4566 in
877 4509 1200 4566 carbunculo
1225 4508 1536 4565 rubicundo.
1569 4509 1725 4564 Certe
1752 4508 1910 4564 Isaias
1941 4516 2058 4576 post
2083 4509 2222 4562 mul-

633 4614 683 4655 ta
732 4602 910 4670 elapsa
935 4610 1172 4672 tempora
1199 4600 1327 4655 dicit
1345 4599 1693 4670 Jerosolyma:
1722 4618 1734 4654 :
1761 4596 1826 4653 In
1849 4601 2079 4654 itionibus
2104 4600 2225 4654 meis

633 4693 840 4760 depirwi
861 4708 1028 4744 muros
1053 4701 1183 4756 tuos,
1210 4701 1257 4744 et
1281 4692 1333 4744 in
1358 4699 1623 4759 conspectu
1651 4707 1826 4745 meoes
1855 4708 2070 4761 semper.
2097 4689 2224 4745 Ecce

635 4798 866 4852 prepare
894 4782 1254 4835 carbunculum
1281 4782 1500 4850 lapidem
1524 4791 1662 4833 tuum
1680 4781 1831 4852 (Isai.
1857 4783 1945 4837 40.
1969 4784 2217 4838 16.ει54.

635 4877 724 4947 ll)
745 4917 758 4939 ,
790 4875 1126 4929 Servalorem
1156 4873 1480 4943 signiﬁcans.
1516 4871 1648 4926 Ecce
1675 4874 1805 4926 enim
1830 4913 1845 4937 ,
1893 4873 2094 4942 inquit,
2126 4891 2221 4942 po-

634 4981 750 5019 nam
778 4967 831 5018 in
861 4965 988 5019 Sion
1013 4964 1234 5035 lapidem
1268 4966 1595 5035 angularem,
1630 4965 1870 5028 electum,
1901 4965 2170 5033 pretiosum
2202 4984 2220 5019 :

631 5066 679 5110 et
726 5059 813 5126 qui
855 5057 1022 5110 credet
1050 5056 1101 5109 in
1131 5072 1276 5120 eum,
1311 5072 1412 5109 non
1438 5055 1776 5125 confundetur
1803 5052 1952 5127 (Isai.
1986 5055 2077 5110 28.
2112 5056 2219 5123 l6).

633 5148 998 5206 Carbunculus
1038 5162 1166 5216 ergo
1195 5149 1498 5217 segregatus
1524 5157 1606 5201 est
1632 5148 1791 5218 regis:
1820 5147 1977 5203 tribui
2007 5163 2021 5213 ;
2048 5147 2222 5218 prasi-

635 5256 737 5298 nus
783 5238 1097 5296 sacerdotali
1146 5254 1160 5290 :
1200 5253 1321 5292 nam
1368 5238 1645 5292 sacerdotii
1687 5247 1769 5293 est
1793 5247 1939 5296 recte
1975 5247 2217 5311 πράττιιν,

633 5349 812 5405 agere.
854 5335 895 5386 A
927 5329 1085 5386 ﬂuvio
1113 5330 1205 5386 illo
1230 5329 1552 5384 dirimuntur
1575 5340 1800 5400 quatuor
1822 5331 1993 5386 fontes
2019 5331 2221 5386 ﬂuvio—

637 5439 774 5478 rum.
803 5424 912 5478 Cur
940 5435 1068 5491 ergo
1087 5435 1222 5488 aqua
1244 5434 1427 5475 eorum
1457 5436 1561 5473 non
1583 5421 1800 5488 mqualis
1821 5432 1901 5474 est
1919 5421 1939 5473 ’Ξ
1963 5421 2221 5488 Quaerunt

636 5515 776 5570 enim
807 5514 1064 5578 studiosi,
1095 5513 1141 5567 si
1164 5511 1232 5567 ab
1256 5527 1361 5567 uno
1389 5511 1547 5564 ﬂuvio
1568 5554 1581 5577 ,
1611 5524 1696 5564 aut
1721 5512 1787 5564 ab
1809 5528 1912 5566 uno
1934 5513 2098 5577 fonte,
2124 5529 2220 5569 cur

640 5622 745 5662 non
794 5621 899 5660 una
944 5608 1179 5660 omnimn
1218 5605 1488 5675 qualitas?
1519 5604 1653 5669 Quid
1685 5619 1810 5674 ergo
1837 5605 1911 5658 rei
1939 5609 2059 5659 est?
2091 5607 2223 5660 Alli-

637 5699 852 5754 ciuntur
878 5697 1170 5751 secundum
1203 5707 1419 5761 terram,
1449 5708 1503 5752 et
1526 5696 1809 5766 qualitates
1837 5697 2093 5763 locorum,
2127 5715 2219 5766 per

635 5805 755 5862 qua:
780 5795 1073 5845 transeunt.
1097 5787 1553 5856 Quemadmodum
1582 5789 1691 5860 ipsa
1723 5803 1854 5861 aqua
1878 5806 2034 5846 unum
2063 5792 2218 5850 habet

2076 311 2441 370 SEVERIANI

3844 347 3973 402 480

2336 442 2584 491 naturam
2630 444 2685 492 et
2727 441 3038 510 qualitatem
3062 485 3076 510 ,
3130 443 3226 500 sed
3268 448 3312 500 si
3341 447 3699 512 absinthium.
3728 452 3772 508 si
3809 469 3960 510 ane-

2339 525 2520 593 thum,
2547 530 2597 584 si
2621 539 2737 584 ruta
2768 530 3075 588 infundatur
3095 576 3110 599 ,
3139 536 3297 590 aliam
3329 539 3557 609 acquirit
3579 542 3914 612 qualitatem
3938 562 3957 612 ;

2336 631 2400 672 ac
2426 627 2615 674 natura
2647 621 2858 691 quidem
2890 639 2992 679 una
3014 664 3029 690 ,
3059 625 3152 681 sed
3180 629 3416 684 materia:
3447 639 3828 690 transmutant.
3857 635 3957 692 Sic

2335 713 2496 767 etiam
2523 710 2578 768 in
2609 713 2814 781 ﬂuviis,
2838 717 2958 787 quia
2990 732 3085 788 per
3104 728 3354 776 extranea
3381 724 3491 778 loca
3519 737 3768 794 manant;
3803 728 3957 784 alius

2338 818 2433 871 per
2473 813 2699 872 terram,
2749 822 2867 878 quae
2908 808 3173 863 diversam
3215 809 3375 868 habet
3416 815 3757 884 qualitatem,
3805 819 3958 875 alius

2336 909 2434 962 per
2456 896 2612 952 aliam
2635 937 2650 962 ,
2682 913 2712 951 a
2741 900 2871 956 locis
2898 901 3219 956 inliciuntur.

2408 988 2460 1041 7.
2492 987 2589 1044 Ubi
2620 1005 2648 1042 a
2677 989 2941 1060 positione
2973 991 3212 1048 locorum
3243 994 3458 1050 ﬂumina
3488 997 3839 1067 qualitatibus
3866 1002 3950 1056 af-

2335 1082 2554 1148 fecerat,
2581 1083 2796 1139 detuum
2844 1086 2900 1140 in
2943 1088 3187 1155 paradiso
3216 1091 3339 1143 facit
3373 1088 3534 1144 Omne
3579 1091 3769 1162 lignum
3818 1094 3950 1164 pul-

2335 1176 2513 1229 chrum
2536 1177 2666 1244 visu,
2696 1186 2742 1230 et
2767 1178 2837 1230 ad
2866 1195 3029 1232 escam
3049 1196 3199 1233 suave
3225 1179 3376 1247 (Cen.
3406 1182 3458 1236 2.
3487 1180 3562 1252 9).
3593 1182 3747 1240 Prius
3765 1194 3950 1241 trans-

2334 1269 2597 1337 gressoris
2641 1271 3043 1326 excusationem
3098 1273 3332 1329 abstulit.
3377 1275 3510 1340 Quia
3540 1277 3680 1331 enim
3724 1278 3790 1333 de
3825 1294 3950 1334 mu-

2335 1360 2466 1418 liere
2493 1362 2646 1430 dixit,
2694 1363 2832 1418 Vidit
2876 1366 3058 1419 mulier
3098 1367 3311 1437 lignum,
3342 1368 3478 1437 quod
3509 1370 3779 1440 pulchrum
3829 1373 3948 1425 visu

2336 1468 2483 1526 esset,
2523 1471 2568 1514 et
2596 1459 2664 1513 ad
2693 1460 2990 1514 vescendum
3017 1477 3171 1514 suave
3200 1460 3351 1530 (Gen.
3382 1463 3434 1517 5.
3464 1462 3519 1530 6)
3548 1480 3561 1517 :
3592 1479 3658 1518 ne
3686 1465 3810 1535 quis
3844 1480 3944 1533 pu-

2338 1560 2494 1615 taret,
2519 1553 2658 1609 inter
2681 1554 2782 1608 alia
2813 1555 2950 1624 ligna
2981 1553 3081 1609 hoc
3111 1557 3282 1608 solum
3313 1556 3564 1610 decorum
3591 1555 3774 1624 fuisse,
3797 1556 3949 1614 hanc

2338 1646 2702 1714 prmstantiam
2742 1647 2989 1701 omnibus
3033 1647 3210 1702 inesse
3249 1647 3558 1704 testificatus
3586 1657 3690 1717 est,
3731 1659 3784 1706 et
3821 1651 3946 1705 visu

2334 1736 2617 1805 elegantia,
2647 1747 2701 1791 et
2727 1736 2880 1792 valde
2909 1737 3065 1803 bona,
3102 1747 3157 1792 ut
3183 1739 3354 1792 discas
3383 1755 3502 1794 eum
3537 1756 3640 1794 non
3669 1756 3735 1796 ex
3762 1758 3941 1812 penu-

2335 1829 2410 1881 ria
2459 1837 2847 1899 transgrcssum
2895 1846 3045 1894 esse,
3090 1831 3181 1885 sed
3213 1833 3261 1885 in
3309 1831 3576 1887 afﬂuentia
3623 1850 3746 1888 cum
3790 1845 3944 1890 esset

2335 1932 2657 1990 prosa-alunt
2687 1920 2869 1976 fuisse.
2893 1921 2957 1975 Et
2983 1923 3174 1993 lignum
3202 1924 3334 1988 vitm,
3364 1925 3552 1994 inquit,
3571 1927 3626 1980 in
3650 1927 3814 1979 medio
3844 1945 3940 1996 ρα-

2335 2013 2512 2076 radisi,
2544 2023 2590 2066 et
2618 2013 2810 2083 lignum
2839 2015 3059 2068 scientia:
3081 2014 3200 2068 boni
3225 2024 3272 2068 et
3297 2018 3418 2069 mali
3441 2017 3588 2088 (Gen.
3618 2018 3673 2071 2.
3703 2017 3779 2088 9).
3812 2017 3942 2072 Tria

2337 2105 2596 2173 lignorum
2642 2107 2953 2161 discrimina
2986 2126 2998 2160 :
3030 2107 3129 2161 alia
3165 2108 3237 2161 illi
3283 2109 3404 2162 data
3437 2118 3578 2174 sunt,
3609 2119 3664 2163 ut
3693 2111 3900 2166 viveret
3927 2130 3940 2176 ;

2334 2197 2456 2257 alia,
2493 2207 2547 2250 ut
2587 2197 2724 2252 bene
2765 2197 3002 2262 viveret;
3044 2201 3168 2264 alia,
3220 2211 3273 2254 ut
3304 2215 3516 2270 semper
3555 2203 3776 2258 viveret.
3805 2203 3945 2258 Erat

2336 2287 2475 2341 unde
2499 2288 2633 2342 bene
2661 2289 2881 2354 viveret,
2910 2306 2975 2344 ex
2999 2291 3192 2360 quibus
3219 2291 3379 2346 edere
3407 2293 3628 2358 licebat;
3658 2304 3769 2350 erat
3795 2296 3940 2351 unde

2336 2379 2471 2434 bene
2500 2380 2794 2441 viveret.ex
2828 2381 3126 2450 prohibitis.
3159 2383 3373 2438 Poterat
3397 2386 3538 2439 enim
3569 2386 3704 2441 bene
3728 2389 3940 2453 vivere,

2335 2471 2377 2525 si
2408 2473 2665 2542 tetigisset
2696 2488 2800 2528 non
2833 2473 3118 2543 prohibita,
3152 2487 3325 2532 etnon
3360 2480 3616 2548 tetigisset
3649 2481 3940 2549 prohibita.

2333 2562 2462 2618 illud
2496 2574 2610 2618 erat
2648 2567 2783 2621 bene
2809 2567 3008 2632 vivere,
3049 2567 3156 2623 Deo
3186 2571 3426 2640 obsequi.
3463 2571 3700 2626 Positum
3729 2584 3850 2628 erat
3883 2575 3946 2628 li-

2333 2671 2493 2725 gnum
2524 2657 2642 2709 vita:
2671 2658 2720 2710 in
2765 2659 2961 2723 medio,
2991 2659 3141 2729 quasi
3176 2663 3483 2728 prtemium;
3519 2662 3718 2732 lignum
3761 2667 3944 2720 scicn-

2337 2747 2422 2800 tia:
2447 2787 2461 2810 ,
2492 2757 2551 2802 ut
2581 2749 2848 2817 p:tl;l'Sll‘a,
2883 2759 2941 2803 ut
2985 2753 3338 2820 gymnasium.
3368 2752 3423 2806 Si
3476 2755 3782 2809 mandatum
3823 2771 3943 2810 ser-

2334 2854 2427 2893 ves
2447 2840 2586 2894 circa
2616 2841 2812 2910 lignum
2843 2841 2964 2909 hoc,
3005 2844 3204 2912 accipis
3234 2845 3533 2912 pnemium.
3565 2850 3642 2900 Ac
3671 2847 3790 2901 vide
3841 2849 3940 2902 mi-

2334 2935 2592 2988 raculum.
2628 2933 2861 2989 Paradisi
2891 2935 3030 3006 ligna
3056 2937 3254 3001 omnia,
3279 2937 3471 3007 ubique
3493 2939 3543 2991 in
3574 2939 3794 2994 circuitu
3818 2955 3942 2993 ver-

2333 3026 2545 3089 nantia,
2602 3027 2798 3096 ubique
2849 3025 3118 3083 fructifera
3168 3045 3180 3080 :
3231 3028 3336 3082 duo
3387 3039 3591 3084 tantum
3647 3032 3698 3084 in
3760 3031 3938 3086 medio

2333 3126 2501 3180 erant,
2534 3117 2599 3170 ad
2622 3119 2954 3188 gymnasium
2985 3127 3036 3172 et
3065 3119 3309 3173 stadium.
3343 3119 3471 3186 Qum
3508 3120 3558 3173 in
3589 3121 3813 3176 circuitu
3841 3122 3939 3176 ali-

2334 3217 2570 3263 mentum
2618 3209 2943 3278 prazbebant.
2996 3209 3190 3264 Verum
3244 3212 3681 3281 transgressionis
3721 3224 3774 3268 et
3810 3214 3936 3285 ligni

2331 3315 2510 3355 sermo
2551 3301 2691 3356 aliud
2721 3302 2773 3355 in
2807 3312 3016 3370 tempus
3045 3311 3375 3368 reservetur;
3401 3305 3725 3372 prepositum
3757 3315 3937 3361 autem

2334 3393 2432 3446 hoc
2455 3392 2564 3461 jam
2609 3403 2688 3446 est
2723 3410 2735 3444 :
2767 3391 2982 3446 adducit
3021 3393 3158 3447 Deus
3185 3395 3428 3448 animalia
3475 3397 3654 3450 omnia
3680 3397 3746 3451 ad
3797 3397 3936 3453 Ada-

2333 3499 2498 3538 mum.
2559 3484 2787 3538 Audiam
2816 3483 3048 3539 haeretici
3082 3502 3094 3539 :
3131 3500 3228 3540 nec
3275 3488 3484 3542 mireris
3527 3487 3572 3542 si
3611 3488 3679 3542 ad
3725 3490 3934 3560 singula

2333 3577 2472 3632 dicta
2499 3619 2513 3644 ,
2554 3577 2622 3632 ad
2667 3580 2902 3648 singulas
2948 3594 3106 3634 voces
3152 3589 3337 3636 contra
3385 3579 3664 3637 haereticos
3708 3593 3930 3654 agatur;

2332 3683 2428 3739 per
2482 3685 2697 3725 omnem
2763 3670 2904 3726 enim
2974 3673 3309 3728 occasionem
3373 3674 3836 3743 reprehenduntur
3898 3677 3932 3732 ii

2332 3761 2420 3830 qui
2478 3772 2662 3815 contra
2721 3762 3011 3832 gloriosum
3058 3779 3280 3832 regnum
3327 3764 3623 3836 insurgunt.
3665 3766 3823 3836 Lapis
3873 3785 3933 3822 es

2331 3869 2476 3906 muro
2519 3854 2705 3907 clamat
2740 3851 2964 3922 (Habac.
3008 3854 3062 3907 2.
3097 3856 3215 3926 Η);
3251 3872 3356 3911 non
3401 3857 3541 3922 dico,
3590 3859 3815 3914 verbum
3863 3875 3931 3915 ex

2333 3945 2632 4015 Scriptura,
2680 3945 2796 4000 Iota
2828 3964 3006 4014 unum,
3035 3960 3121 4002 aut
3150 3965 3276 4003 unus
3304 3967 3433 4020 apex
3459 3951 3671 4022 (Matth.
3719 3953 3773 4007 5.
3817 3952 3926 4022 {8),

2335 4039 2614 4094 hatretiws
2648 4041 2944 4111 inculpalos
2982 4059 3085 4096 non
3112 4044 3327 4106 sinunt;
3379 4044 3445 4098 ab
3485 4044 3733 4098 omnibus
3776 4060 3930 4099 accn-

2332 4140 2518 4185 santur
2563 4131 2652 4201 qui
2693 4142 2888 4202 negant
2916 4133 3150 4188 omnium
3197 4134 3499 4188 Domimnn.
3555 4135 3930 4193 Animadverte

2335 4224 2510 4293 igitur.
2541 4224 2729 4279 Videre
2754 4234 2870 4280 erat
2890 4241 3002 4280 rem
3026 4226 3367 4295 stupendam,
3390 4225 3653 4280 Adamum
3677 4237 3926 4297 stantem,

2331 4326 2386 4371 et
2425 4317 2590 4372 Deum
2637 4317 2789 4387 quasi
2818 4318 3118 4372 ministrum
3149 4317 3214 4370 ad
3245 4316 3507 4371 Adamum
3548 4317 3922 4376 adducentem.

2333 4410 2550 4462 Addunt
2579 4410 2721 4463 enim
2751 4409 2889 4462 Deus
2915 4409 3179 4462 animalia.
3211 4407 3307 4462 llic
3348 4408 3583 4477 attende,
3629 4425 3737 4466 non
3767 4412 3925 4482 dicta,

2334 4499 2425 4553 sed
2468 4500 2806 4553 sententiam.
2850 4499 3034 4568 Cogita
3065 4499 3232 4554 Deum
3262 4510 3514 4565 stantem,
3565 4509 3619 4556 et
3661 4503 3926 4558 Adamum

2333 4589 2720 4658 explorantem.
2745 4589 2978 4644 Adduxit
3007 4590 3144 4645 Deus
3169 4590 3367 4654 omnia,
3395 4590 3604 4645 Adamo
3623 4590 3764 4646 dixit
3786 4595 3928 4648 verbi

2332 4681 2499 4750 gratia
2532 4697 2545 4734 :
2578 4681 2694 4748 Quo
2730 4680 2946 4735 nomine
2977 4680 3062 4734 hic
3095 4681 3186 4734 tibi
3229 4680 3437 4736 videtur
3467 4682 3738 4738 vocandus
3767 4684 3933 4740 esse?

2335 4771 2486 4842 Isque
2515 4775 2588 4826 ait
2622 4789 2634 4824 :
2687 4771 2916 4826 Vocetur
2963 4771 3065 4826 leo.
3102 4771 3212 4826 lloc
3258 4772 3396 4826 Deus
3423 4773 3620 4827 sanxit.
3669 4773 3770 4829 Hic
3800 4789 3926 4830 vero

2333 4882 2438 4934 quo
2469 4865 2727 4920 nomine?
2755 4865 2959 4919 Taurus
2995 4874 3232 4919 vocetur.
3259 4864 3423 4920 Recte
3452 4867 3706 4922 statuisti.
3733 4867 3926 4924 Simili-

2336 4970 2518 5028 terque
2545 4958 2871 5028 singulorum
2904 4959 3119 5012 nomina
3149 4958 3288 5011 Deus
3317 4957 3635 5027 obsignavit.
3667 4961 3756 5014 Ait
3787 4962 3923 5013 enim

2331 5054 2604 5124 Scriptura
2637 5071 2650 5106 ε
2683 5052 2914 5105 Adduxit
2943 5067 3002 5104 ea
3029 5052 3095 5102 ad
3122 5049 3310 5114 Adam,
3346 5062 3398 5103 ut
3431 5052 3640 5119 videret,
3685 5053 3812 5123 quid
3839 5068 3922 5106 ro-

2333 5156 2470 5199 caret
2495 5162 2552 5199 ea
2605 5142 2672 5197 Et
2718 5159 2866 5197 omne
2901 5140 3034 5212 quod
3065 5142 3255 5195 vocavit
3283 5141 3466 5208 Adam,
3499 5142 3596 5197 hoc
3632 5155 3705 5198 est
3745 5160 3924 5198 nomen

2332 5240 2459 5306 ejus.
2499 5236 2647 5291 Vide.
2682 5235 2814 5303 Quia
2845 5234 2910 5288 ad
2959 5234 3240 5304 imaginem
3275 5234 3444 5302 ipsum
3486 5245 3790 5301 creaverat,
3834 5250 3925 5290 vo-

2332 5330 2427 5384 luit
2456 5338 2509 5385 et
2537 5328 2791 5382 honorem
2821 5327 2871 5380 in
2900 5336 3244 5395 conspectum
3273 5327 3535 5397 proferre,
3565 5338 3621 5382 et
3642 5327 3924 5382 ostendere

2331 5437 2457 5476 vere
2483 5421 2655 5492 ipsum
2684 5420 2967 5490 imaginem
2994 5421 3266 5490 sapientia:
3289 5419 3450 5474 ferre.
3489 5421 3564 5475 Ac
3595 5435 3708 5474 rem
3737 5422 3924 5475 miram

2331 5516 2471 5570 vide.
2506 5515 2644 5569 Deus
2685 5514 2786 5567 sibi
2833 5514 3046 5567 nomina
3092 5523 3217 5568 ante
3259 5512 3563 5575 delinierat,
3609 5513 3919 5582 volebatquo

2331 5624 2427 5678 per
2473 5607 2756 5678 imaginem
2803 5621 2950 5661 suam
2982 5607 3283 5668 ostendere,
3329 5604 3515 5659 Adami
3546 5603 3764 5660 decreta
3804 5621 3918 5659 cuiu

2333 5701 2426 5754 Dei
2459 5700 2726 5754 voluntate
2755 5699 3078 5753 consentire.
3115 5698 3274 5753 Certe
3299 5712 3419 5750 cum
3450 5696 3614 5749 vellet
3642 5695 3916 5751 ostendere

2330 5795 2620 5866 Scriptura,
2651 5792 2766 5848 bazc
2792 5808 2908 5865 qua:
2941 5793 3176 5850 Adamus
3204 5789 3457 5861 imposuit
3487 5791 3727 5858 nomina,
3759 5788 3915 5845 Deum
