4158 6320
219 393 338 449 479

227 509 435 582 ἀρτίως
472 509 775 580 είρηκαμεν
800 526 814 541 ·
844 507 961 565 εἶτα
981 512 1008 565 6
1035 512 1192 583 Γηών
1209 527 1224 544 ο
1257 506 1412 575 οὗτός
1454 511 1602 562 ἐστιν
1628 510 1657 562 6
1684 510 1807 562 Νεῖ-

225 592 341 656 λος.
374 591 526 661 Γηὼν
552 593 613 645 τὸ
645 593 870 662 ἀρχαῖον
898 594 1063 647 αὑτοῦ
1088 595 1280 664 ὄνομα.
1317 592 1604 662 Μαρτυρεῖ
1645 591 1809 661 Ἰερε-

229 675 365 746 μίας
409 675 609 740 λέγων’
649 676 710 729 Τί
757 690 856 729 σοι
895 677 990 730 καὶ
1048 677 1121 745 τῇ
1154 677 1272 742 ὀδῷ
1327 676 1670 744 Αίγύπτου,
1701 671 1810 726 τοῦ

226 758 390 812 ,πιεῖν
450 759 607 827 ὕδωρ
658 760 877 826 Γηών;
943 757 1204 813 Ἐνταῦθα
1262 759 1519 829 πρόσεχε.
1566 757 1807 826 Νόμισον

226 838 417 894 τοῦτον
463 835 603 894 εἶναι
633 841 724 895 τὸν
753 841 1099 915 παράδεισον.
1132 843 1199 894 'A
1236 853 1262 882 ι
1319 841 1428 912 γάρ
1455 840 1574 910 ὄψει
1609 837 1809 909 μᾶλλον

225 923 259 992 ἢ
307 921 452 994 λόγῳ
502 924 872 994 παραδίδοται.
922 925 1257 996 Προέρχεται
1314 924 1557 993 ποταμὸς
1608 921 1808 984 πολὺς,

226 1006 485 1060 πλούσιον
517 1009 662 1077 νᾶμα
691 1007 828 1078 ἔχων
856 1049 870 1070 ,
925 1007 1020 1061 καὶ
1065 1007 1282 1078 ἀρδεύει
1325 1007 1417 1059 τὸν
1459 1004 1806 1076 παράδεισον.

237 1089 480 1153 Ἐκεῖθεν
512 1089 734 1162 φέρεται
776 1093 854 1154 εἱς
892 1091 1159 1160 ὑπόνομόν
1197 1107 1249 1143 τι
1298 1089 1431 1159 χάος
1455 1130 1469 1151 ,
1522 1088 1616 1140 καὶ
1661 1084 1809 1139 δύνει

226 1173 337 1226 ὑπὸ
367 1173 472 1244 γῆν
501 1172 726 1244 ἄπειρον
748 1214 763 1238 ,
798 1175 874 1237 ὡς
903 1172 1041 1227 οἶδεν
1069 1176 1097 1226 6
1124 1173 1223 1245 τὴν
1265 1174 1382 1228 όδὸν
1433 1170 1681 1243 στρώσας
1715 1172 1811 1223 Δε-

227 1256 436 1325 σπότης
460 1273 474 1287 ’
508 1259 600 1310 καὶ
632 1256 882 1311 λανθάνει
937 1259 1028 1311 ἐπὶ
1074 1259 1208 1311 πολὺ
1243 1257 1303 1311 τὸ
1337 1257 1548 1329 ῥεῦμα.
1588 1256 1682 1307 καὶ
1728 1254 1811 1315 εἰς

223 1338 519 1408 διαφόρους
553 1340 751 1405 τόπους
785 1340 1122 1404 ἀναδίδοται,
1165 1341 1259 1394 καὶ
1298 1339 1663 1411 εὑρίσκεταιὸ
1711 1337 1811 1406 μὲν

224 1423 304 1485 είς
345 1425 444 1493 τὴν
473 1423 759 1476 Αἰθιοπίαν
782 1466 796 1489 ,
825 1426 852 1476 ό
885 1424 940 1477 δὲ
975 1426 1054 1486 εἰς
1077 1424 1247 1488 δύσιν,
1274 1426 1303 1476 6
1329 1424 1385 1477 δὲ
1417 1425 1496 1486 εἰς
1521 1421 1805 1490 ἀνατολὴν,

222 1505 318 1556 τοῦ
347 1505 482 1558 Θεοῦ
509 1506 651 1558 οὑτω
679 1507 747 1560 δι’
781 1507 1052 1576 ὑπόνομον
1097 1507 1344 1568 ἕλκοντος
1377 1506 1436 1558 τὸ
1479 1503 1684 1576 ῥεῦμα,
1714 1503 1810 1555 καὶ

225 1586 509 1651 ποιοῦντος
536 1589 691 1654 ξένας
717 1589 899 1658 πηγὰς
943 1589 1023 1660 τῷ
1064 1589 1266 1661 πρώτῳ
1297 1586 1544 1658 ποταμῷ.
1575 1587 1726 1640 Διατί
1752 1585 1808 1638 δὲ

222 1669 416 1732 τοῦτο;
444 1672 561 1726 Ἵνα
590 1672 664 1743 μὴ
692 1673 804 1736 τοῖς
832 1674 1004 1742 ἴχνεσι
1030 1672 1139 1724 τῶν
1167 1672 1426 1741 ποταμῶν
1451 1667 1808 1723 ἀκολουθοῦν-

221 1770 313 1815 τες
339 1754 542 1823 εὕρωσι
573 1755 665 1807 τὸν
692 1756 1039 1826 παράδεισον,
1070 1755 1154 1808 ἵνα
1184 1756 1259 1825 μὴ
1358 1757 1469 1817 τοίς
1503 1751 1808 1823 ἀνθρώποις

223 1836 593 1906 καταληπτός.
624 1838 685 1890 El
720 1837 826 1910 γὰρ
859 1834 929 1910 ἦν
951 1838 1187 1902 ὁδεῦσαι,
1219 1837 1397 1900 οὐδεὶς
1428 1839 1494 1890 ἂν
1539 1831 1663 1906 εὗρε
1703 1833 1810 1905 πρὸ

222 1917 332 1971 τῶν
364 1919 633 1972 πλουσίων
663 1920 754 1972 τὸν
783 1922 1110 1992 παράδεισον
1130 1937 1141 1949 ·
1171 1921 1285 1973 ἀλλ’
1310 1923 1339 1973 6
1363 1919 1492 1982 Θεὸς
1518 1917 1809 1971 ἀπέκλεισε

224 2002 318 2054 καὶ
353 2003 551 2071 πένησι
583 2003 675 2056 καὶ
706 2001 980 2066 πλουσίοις
1003 2043 1019 2069 ,
1072 2004 1158 2056 ἵνα
1193 2004 1359 2073 ἀρετῇ
1408 2001 1566 2071 μόνον
1607 1999 1808 2070 εὕρωσι

224 2086 324 2156 τὴν
351 2086 488 2139 ὁδόν.
517 2086 665 2139 Πόσα
694 2085 897 2155 ἔκαμον
921 2087 1277 2157 πατριάρχαι,
1312 2085 1609 2156 προφῆται.
1641 2084 1806 2150 ἅγιοι,

224 2166 520 2238 ζητοῦντες
546 2168 638 2220 τὸν
660 2168 1010 2238 παράδεισον,
1035 2169 1129 2221 καὶ
1161 2169 1258 2238 οὑχ
1283 2162 1475 2238 εὖρονς
1521 2168 1578 2216 ὐ
1607 2164 1810 2238 λῃστὴς

201 2245 321 2318 ἒτὴν
356 2249 476 2303 ὁδὸν
505 2251 604 2319 οὑχ
626 2251 850 2314 ὁδεύσας
876 2293 891 2315 ,
919 2251 1055 2305 ἀλλά
1078 2251 1373 2312 πιστεύσας
1399 2291 1412 2312 ,
1442 2248 1654 2318 ἀληθῶς
1680 2242 1808 2317 εὗρε

221 2334 320 2403 τὴν
348 2334 468 2387 ὁδὸν
489 2375 503 2397 ,
532 2334 622 2386 τὸν
664 2333 889 2404 λέγοντα
911 2351 924 2367 ·
971 2334 1112 2404 Ἐγὼ
1142 2337 1257 2402 ειμι
1289 2335 1326 2399 ἠ
1358 2333 1513 2398 ὁδός.
1550 2328 1689 2401 Εὗρε
1719 2330 1810 2382 τὸν

222 2418 586 2489 παράδεισον,
635 2419 694 2472 ὃν
754 2418 1075 2472 ἀπέκλεισεν
1127 2418 1442 2488 ήπαρακοὴ
1489 2415 1565 2484 τῷ
1609 2412 1811 2482 πρώτῳ

227 2499 520 2571 ἀνθρώπῳ.
551 2499 706 2572 Ζητῶ
734 2501 790 2553 δὲ
816 2501 915 2571 τὴν
935 2501 1112 2554 αἰτίαν
1135 2499 1221 2552 616
1250 2500 1300 2552 τί
1326 2501 1355 2551 6
1398 2496 1810 2566 ἱστοριογράφος

225 2584 607 2654 μνημονεύσας
635 2585 730 2638 τοῦ
777 2583 996 2657 πρώτου
1030 2581 1274 2654 ποταμοῦ
1307 2577 1460 2634 εἷπεν
1489 2621 1503 2645 ,
1533 2581 1614 2633 ὃτι
1665 2578 1817 2631 Ἐκεῖ

222 2667 447 2736 γίνεται
476 2667 540 2719 τὸ
563 2669 824 2734 χρυσίον
864 2666 932 2721 τὸ
962 2667 1173 2730 καλὸν,
1217 2666 1312 2719 καὶ
1349 2668 1381 2718 ό
1412 2663 1639 2731 ἄνθραξ
1667 2705 1680 2724 ,
1711 2662 1808 2716 καὶ

225 2753 256 2802 ό
279 2751 451 2814 λίθος
489 2753 520 2802 ὀ
551 2749 862 2816 πράσινος.
899 2749 959 2802 El
1001 2749 1138 2811 ὅλως
1170 2746 1547 2818 ἐχωρογράφει
1599 2743 1695 2814 τὴν
1734 2746 1812 2796 οἰ-

225 2833 497 2900 κουμένην
518 2869 532 2892 ,
563 2832 726 2902 ἐχρῆν
764 2835 936 2884 εἰπεῖν
968 2831 1035 2884 τά
1090 2832 1148 2881 ὲν
1198 2830 1404 2898 ἑκάστῃ
1444 2828 1598 2899 χώρᾳ
1623 2826 1809 2894 γιγνό-

228 2931 362 2982 μενα
398 2913 538 2966 καλά
564 2956 578 2979 ,
619 2915 743 2976 τοὺς
777 2913 1123 2982 σμαράγδους
1149 2951 1163 2975 ,
1190 2913 1314 2973 τοὺς
1345 2909 1635 2971 ὑακίνθους
1655 2949 1668 2971 ,
1703 2907 1808 2960 ποῦ

223 2996 514 3060 τοπάζιον,
578 2996 678 3048 ποῦ
740 2997 796 3048 αἱ
855 2997 1105 3064 διάφοραι
1171 2993 1280 3046 τῶν
1333 2991 1476 3044 ὑλῶν
1556 2991 1675 3044 ὕλαι
1735 2991 1805 3030 δ’

225 3077 340 3129 ἀλλ’
371 3077 682 3142 ἐπιλέγεται
711 3077 909 3146 χρυσὸν
933 3077 1026 3128 καὶ
1057 3074 1148 3128 δύο
1180 3073 1391 3138 λίθους,
1417 3071 1517 3134 τάς
1554 3071 1811 3143 ἀπαρχὰς

224 3160 319 3229 τῆς
353 3158 679 3230 ἱερωσύνης,
719 3159 906 3229 ἐπειδὴ
936 3159 963 3210 6
998 3158 1178 3227 ἱερεὺς
1205 3155 1392 3224 ἐφόρει
1435 3155 1664 3207 πέταλον
1686 3172 1814 3224 χρυ-

228 3241 372 3306 σοῦν,
411 3241 557 3313 [489]
585 3236 628 3306 ᾧ
663 3242 1046 3312 ἐπεγέγραπτο
1081 3239 1141 3291 τὸ
1177 3238 1272 3291 τοῦ
1301 3236 1435 3290 Θεοῦ
1481 3237 1672 3306 ὄνομα.
1699 3237 1811 3288 Δώ-

228 3327 358 3380 δεκα
382 3327 518 3380 λίθοι
542 3323 682 3396 ἦσαν
707 3327 797 3378 ἐπὶ
830 3325 923 3378 τοῦ
950 3324 1176 3394 στήθους
1194 3322 1286 3375 τοῦ
1320 3322 1509 3392 ἱερέως
1529 3337 1542 3350 ·
1569 3320 1807 3388 σάρδιον,

226 3410 479 3475 τοπάζιον
502 3451 515 3472 ,
555 3408 866 3479 σμάραγδος
891 3448 905 3469 ,
935 3405 1137 3477 ἄνθραξ
1156 3445 1170 3467 ,
1214 3406 1548 3474 σάπφειρος,
1601 3404 1803 3466 ἱάσπις,

227 3491 463 3562 λιγύριος
485 3532 498 3554 ,
536 3491 775 3562 ἀχάτης,
813 3489 1114 3558 ἀμέθυστος
1135 3528 1148 3548 ,
1200 3487 1520 3555 χρυσόλιθος
1549 3525 1562 3546 ,
1609 3486 1810 3556 βήρυλ-

227 3577 314 3640 λος
335 3618 349 3640 ,
381 3577 612 3644 ὀνύχιον.
663 3575 757 3626 Ἐκ
787 3574 892 3625 τῶν
927 3572 1131 3624 δώδεκα
1171 3571 1335 3622 λίθων
1365 3569 1570 3621 τούτων
1611 3571 1637 3621 6
1667 3569 1806 3637 πρόι-

230 3675 370 3722 σινος
408 3659 714 3728 ἀφώρισται
741 3659 806 3726 τῇ
843 3657 1090 3725 ἱερατικῇ
1127 3652 1303 3722 φυλῇ,
1334 3654 1361 3705 6
1386 3651 1591 3721 ἄνθραξ
1619 3655 1680 3718 τῇ
1717 3652 1811 3720 βα-

228 3741 426 3810 σιλικῇ.
452 3742 635 3805 Διατί;
681 3740 902 3810 Ἐπειδὴ
933 3739 1105 3810 πυρὸς
1134 3737 1266 3790 [διον
1288 3737 1349 3788 τὸ
1376 3737 1551 3789 καίειν
1580 3735 1671 3787 καὶ
1697 3753 1809 3803 φω-

227 3824 424 3887 τίζειν·
457 3824 550 3876 καὶ
596 3822 856 3892 βασιλέως
887 3821 1016 3874 ῐδιον
1063 3821 1372 3890 εὐεργετεῖν
1402 3819 1496 3871 καὶ
1541 3817 1807 3880 κολάζειν.

229 3907 418 3977 Τίθησι
457 3907 548 3960 τὸν
591 3905 832 3975 Ῥουϐὴμ
861 3905 962 3974 τὴν
1007 3902 1229 3974 πρώτην
1273 3901 1444 3971 φυλὴν
1474 3903 1530 3953 ἐν
1568 3901 1646 3970 τῷ
1679 3917 1812 3971 σαρ-

227 3991 353 4059 δίῳ,
393 3990 484 4042 τὸν
532 3986 754 4058 Συμεὼν
802 3989 860 4041 ἐν
903 3985 980 4054 τῷ
1028 3985 1272 4054 τοπαζίῳ
1297 4025 1311 4048 ,
1347 3985 1438 4037 τὸν
1488 3984 1615 4036 Λευὶ
1648 3985 1704 4035 ὲν
1733 3983 1810 4051 τῷ

231 4079 474 4149 πρασίνῳ
501 4077 664 4147 λίθῳ·
699 4075 789 4127 τὸν
842 4075 1065 4137 Ἰούδαν,
1097 4074 1155 4137 ἐξ
1185 4069 1247 4126 οὗ
1298 4077 1326 4127 6
1359 4072 1614 4144 Χριστὸς,
1645 4074 1700 4124 ὲν
1733 4072 1810 4143 τῷ

230 4159 456 4230 ἄνθρακι
490 4158 566 4226 τῷ
597 4156 848 4230 ωρῤᾠο.
895 4156 1106 4225 Ἀμέλει
1147 4156 1372 4217 Ἡσαΐας
1411 4155 1548 4224 μετά
1581 4155 1810 4217 πολλοὺς

231 4245 450 4314 χρόνους
485 4241 631 4309 λέγει
686 4243 752 4311 τῇ
799 4240 1189 4310 Ἰερουσαλήμ·
1242 4238 1366 4289 Ἐπὶ
1420 4238 1539 4289 τῶν
1598 4236 1811 4305 χειρῶν

223 4343 340 4392 μου
380 4317 764 4394 ἐζωγράφηκά
796 4339 912 4376 σου
944 4325 1014 4376 τὰ
1042 4324 1207 4390 τείχη
1225 4362 1238 4381 ,
1266 4321 1363 4374 καὶ
1391 4320 1648 4373 ἐνώπιόν
1689 4337 1809 4386 μου

228 4405 285 4459 εἴ
304 4408 402 4462 διὰ
435 4407 681 4472 παντός.
726 4405 868 4459 Ἰδοὺ
896 4404 1170 4473 ἐτοιμὰζω
1192 4404 1461 4472 ἄνθρακα
1489 4403 1594 4456 τὸν
1636 4404 1812 4455 ,λίθον

229 4505 362 4553 σου,
402 4491 493 4543 τὸν
530 4489 759 4558 Σωτῆρα
806 4489 1000 4556 λέγων.
1051 4487 1195 4541 Ἰδοὺ
1240 4487 1379 4556 γὰρ,
1416 4487 1582 4557 φησὶ,
1615 4487 1810 4554 τίθημι

228 4573 295 4623 ἐν
324 4573 474 4625 Σιὼν
501 4575 676 4625 λίθον
711 4570 1168 4640 ἀκρογωνιαῖον,
1193 4570 1484 4624 ἐκλεκτὸν
1503 4609 1516 4632 ,
1543 4569 1807 4638 ἔντιμον,

231 4656 322 4708 καὶ
378 4659 410 4707 ὀ
452 4656 750 4710 πιστεύων
799 4655 870 4706 ἐν
922 4650 1082 4718 αὺτῷ
1125 4656 1198 4707 οὐ
1231 4652 1317 4720 μὴ
1370 4651 1806 4720 καταισχυνθῇ.

239 4739 296 4791 '0
328 4738 509 4791 τοίνυν
562 4737 768 4810 ἄνθραξ
803 4736 1109 4806 ἀφώρισται
1140 4739 1206 4805 τῇ
1258 4734 1509 4804 βασιλικῇ
1546 4733 1686 4803 φυλῇ
1715 4751 1727 4763 '
1782 4733 1810 4783 6

231 4823 488 4891 πράσινος
535 4825 598 4890 τῇ
636 4823 882 4891 ἱερατικῇ
909 4840 920 4852 ο
954 4822 1015 4872 τὸ
1047 4819 1155 4887 γὰρ
1196 4819 1458 4889 πράττειν
1495 4817 1674 4879 καλῶς
1709 4816 1810 4886 τῆς

234 4904 550 4973 ἱερωσύνης.
597 4904 729 4956 Ἀπὸ
776 4904 869 4957 τοῦ
904 4901 1150 4971 ποταμοῦ
1195 4902 1405 4953 ἐκείνου
1455 4900 1810 4970 ἀφορίζονται

230 4988 488 5056 τέσσαρες
522 4987 698 5052 πηγαὶ
732 4987 1010 5056 ποταμῶν.
1050 4984 1201 5036 Διατί
1233 4980 1325 5036 οὖν
1355 4984 1415 5035 τὸ
1447 4983 1591 5052 ὕδωρ
1632 4983 1810 5035 αὐτῶν

231 5069 324 5121 οὑκ
357 5070 503 5131 tam);
547 5067 777 5136 Ζητοῦσι
811 5069 919 5138 γὰρ
952 5070 998 5120 οἱ
1036 5066 1352 5136 φιλομαθεῖς
1378 5105 1392 5128 ,
1443 5069 1489 5117 εί
1541 5065 1649 5118 ἀπὸ
1691 5066 1810 5128 ἐνὸς

232 5150 472 5222 ποταμοῦ
493 5192 506 5210 ,
540 5150 574 5219 ἢ
607 5151 736 5218 μιᾶς
771 5153 982 5221 πηγῆς,
1017 5150 1156 5203 διατί
1185 5150 1259 5220 μὴ
1296 5150 1392 5220 μία
1420 5151 1646 5218 ποιότης
1673 5152 1808 5203 πάν-

230 5249 364 5298 τωνς
389 5231 453 5285 Τί
479 5228 571 5284 οῦν
605 5234 750 5297 ἐστι;
786 5233 1278 5303 Μεταλαμϐάνουσι
1304 5233 1401 5302 τῆς
1434 5233 1566 5301 γῆς,
1592 5233 1685 5284 καὶ¹
1709 5233 1808 5301 τῆς

233 5317 509 5384 ποιότητος
533 5314 640 5366 τῶν
662 5315 862 5378 τόπων,
886 5315 954 5367 δι’
977 5311 1049 5369 ὧν
1079 5316 1462 5388 παρέρχονται.
1482 5318 1653 5369 Ὦσπε
1661 5334 1691 5386 ρ
1718 5320 1809 5368 καὶ

231 5397 357 5450 αὑτὸ
385 5397 444 5450 τὸ
474 5397 619 5469 ὕδωρ
649 5397 774 5468 μίαν
809 5398 907 5468 μὲν
937 5398 1046 5467 ἔχει
1073 5401 1233 5467 φύσιν
1264 5399 1358 5452 καὶ
1382 5399 1660 5467 ποιότητα,
1694 5397 1806 5450 ἀλλ’

291 5543 314 5605 _'
341 5542 452 5605 Sav.
476 5545 524 5592 In
546 5557 699 5604 marg.
724 5560 795 5605 γρ.
822 5543 940 5591 τινά.

290 5602 568 5680 63190513913]?
614 5602 873 5680 le‘ggil‘dum
897 5608 943 5651 αἱ
985 5605 1202 5666 διαφοραὶ
1227 5607 1322 5652 τῶν
1348 5605 1473 5652 ὑλῶν
1496 5606 1616 5651 ὅλαι.
1655 5605 1802 5652 Savil.

233 5668 792 5799 ἷθῐόξῆιξίδὲξξξξνυῗ.)βαέί
827 5729 894 5790 τῷ
918 5727 1071 5789 πυρῷ,
1111 5724 1302 5777 scilicet
1323 5727 1486 5791 πυῤῥῷ
1513 5723 1800 5775 rubicundo.

236 5783 379 5835 Savil.
403 5789 609 5848 τῷπυρί.

1238 393 1327 448 DE
1365 391 1583 449 MUNDI
1618 389 2015 449 CREATIONE
2052 394 2311 451 ORATIO
2353 395 2414 450 Υ.

3370 401 3485 457 480

1915 510 2009 562 ἐὰν
2045 512 2334 582 συμϐραχῇ
2376 509 2606 581 ἀψινθίῳ
2631 549 2645 572 ,
2686 509 2851 579 ἀλλην
2887 508 3146 576 ποιότητα
3177 508 3318 562 ποιεῖ
3339 524 3352 539 ο
3393 507 3488 560 ἐὰν

1910 594 2096 663 ἀνήθῳ
2117 635 2129 654 ,
2165 594 2362 663 ἀλλην·
2396 594 2492 646 ὲάν
2524 592 2750 662 πηγάνῳ
2776 631 2789 653 .
2830 591 2997 661 ἀλλην
3017 611 3030 623 ·
3072 591 3165 643 καὶ
3196 591 3228 659 ἡ
3263 591 3361 659 μὲν
3390 589 3490 658 φύ-

1911 694 1994 739 σις
2023 677 2136 745 μία,
2173 678 2228 728 αἱ
2259 677 2316 729 δὲ
2347 676 2469 729 ὑλαι
2506 674 2924 745 μεταποιοῦσιψ
2957 674 3099 726 οὑτω
3129 674 3222 724 καὶ
3263 673 3490 725 ἐπὶτῶν

1910 760 2171 830 ποταμῶν
2195 800 2208 819 ,
2259 759 2446 830 ἐπειδὴ
2477 759 2564 813 διά
2595 756 2762 826 ξένων
2789 758 3031 811 ὁδεύουσι
3061 757 3272 821 τόπων,
3320 759 3348 808 6
3392 756 3490 824 μὲν

1910 842 1997 896 διά
2040 846 2141 912 γῆς
2192 843 2386 915 ἑτέραν
2419 845 2649 914 ἐχούσης
2682 841 2943 912 ποιότητα
2967 882 2982 907 ,
3013 843 3040 893 6
3077 840 3133 892 δὲ
3177 840 3241 894 δι’
3277 840 3488 908 ἐτέρας.

1911 925 2188 979 ποιοῦνται
2218 929 2328 989 τοῖς
2358 927 2562 990 τόποις.

1982 1030 2045 1095 ζ’,
2067 1031 2216 1085 Ἐπεὶ
2232 1032 2287 1085 δὲ
2313 1034 2379 1102 τῇ
2409 1031 2555 1084 θέσει
2582 1028 2692 1084 τῶν
2711 1030 2891 1083 τόπων
2920 1027 3152 1081 ἐποίωσε
3178 1027 3304 1088 τοὺς
3324 1041 3494 1077 ποτα-

1914 1117 2048 1184 μοὺς
2069 1156 2081 1176 ,
2112 1115 2296 1168 λοιπὸν
2332 1117 2477 1168 ποιεῖ
2516 1115 2575 1167 ἐν
2606 1113 2683 1183 τῷ
2715 1113 3028 1182 παραδείσῳ
3069 1110 3198 1164 Πᾶν
3237 1107 3490 1174 δένδρον

1910 1199 2102 1251 καλὸν
2137 1201 2225 1263 εἰς
2264 1198 2479 1266 ὅρασιν
2500 1237 2514 1261 ,
2560 1197 2659 1251 καί
2699 1197 2918 1264 ὡραῖον
2947 1197 3034 1259 εὶς
3059 1193 3313 1261 βρῶσιν.
3349 1193 3490 1261 Προ-

1909 1282 2082 1336 ανεῖλε
2133 1281 2224 1337 τοῦ
2269 1283 2584 1353 παραόάτου
2623 1281 2720 1351 τὴν
2770 1279 3084 1346 ἀπολογίαν.
3117 1275 3333 1342 Ἐπειδὴ
3383 1273 3493 1342 γὰρ

1909 1364 2038 1435 περὶ
2071 1366 2170 1435 τῆς
2194 1364 2449 1432 γυναικὸς
2481 1361 2634 1417 εἶπεν
2654 1406 2668 1429 ,
2695 1365 2778 1416 ὅτι
2817 1357 2996 1416 Εἷδεν
3023 1360 3060 1424 ἡ
3091 1357 3245 1428 γυνὴ
3293 1355 3359 1408 τὸ
3395 1356 3494 1418 ξύ-

1908 1447 2042 1504 λον,
2076 1446 2164 1500 ὅτι
2195 1449 2388 1503 καλὸν
2420 1450 2506 1514 εἱς
2537 1447 2753 1515 ὅρασιν
2777 1486 2791 1510 ,
2832 1443 2930 1497 καὶ
2969 1443 3185 1510 ὡραῖον
3221 1443 3308 1505 είς
3333 1437 3494 1506 ,βρῶ-

1910 1545 2014 1582 σιν
2039 1547 2052 1562 ο
2087 1531 2173 1583 ἵνα
2210 1534 2284 1604 μή
2319 1550 2404 1596 τις
2435 1532 2667 1602 νομίσῃ,
2719 1530 2799 1582 δτι
2853 1526 3004 1596 παρά
3061 1525 3127 1577 τά
3175 1523 3308 1576 ἄλλα
3361 1520 3491 1585 ξύλα

1909 1615 2088 1667 ἐκεῖνο
2115 1617 2276 1686 μόνον
2307 1612 2374 1686 ἦν
2402 1615 2673 1684 εὐπρεπὲς
2697 1654 2710 1678 ,
2741 1611 2949 1680 ταύτην
2981 1609 3079 1677 τὴν
3103 1606 3301 1678 ἀρετὴν
3327 1606 3494 1674 ἐμαρ-

1907 1695 2110 1767 τύρησε
2144 1699 2340 1760 πᾶσιν,
2375 1698 2456 1751 ὃτι
2489 1697 2667 1769 ὡραία
2697 1698 2763 1766 τῇ
2807 1693 2927 1763 ὁψει
2970 1692 3065 1744 καὶ
3096 1689 3235 1758 καλὴ
3263 1686 3490 1755 σφόδρα.

1910 1778 1997 1832 ἵνα
2030 1780 2209 1852 μάθῃς
2239 1783 2319 1835 ὅτι
2350 1783 2409 1834 ού
2443 1781 2508 1834 δι’
2551 1780 2759 1833 ἔνδειαν
2796 1776 3012 1850 παρέϐη
3035 1817 3049 1840 ,
3088 1773 3201 1826 ἀλλ’
3226 1769 3492 1852 ἀφθονίαν

1909 1860 2047 1930 ἔχων
2071 1850 2366 1934 ἐξετράπη.
2405 1864 2510 1916 Kal
2549 1862 2616 1916 τὸ
2660 1863 2850 1927 ξύλον
2873 1901 2885 1920 ,
2921 1859 3074 1928 φησὶ.
3103 1855 3213 1923 τῆς
3245 1850 3392 1918 ζωῆς
3422 1851 3493 1904 έν

1900 1944 2070 2012 μέσῳ
2103 1947 2212 1999 τοῦ
2248 1947 2616 2015 παραδείσου
2644 1987 2656 2008 ,
2704 1945 2801 1998 καὶ
2840 1944 2906 1996 τὸ
2947 1943 3137 2006 ξύλον
3180 1938 3288 1992 τοῦ
3320 1934 3493 2005 γινώο

1907 2042 2082 2080 σχειν
2113 2029 2306 2083 καλὸν
2335 2030 2431 2082 καὶ
2477 2029 2766 2095 πονηρόν.
2800 2028 2958 2096 Τρεῖς
3000 2023 3250 2092 διαφοραὶ
3283 2019 3454 2082 ξύλων

1906 2110 1976 2162 τὰ
2005 2111 2102 2180 μὲν
2136 2113 2291 2183 ἐδόοη
2325 2112 2501 2182 αὐτῷ,
2553 2113 2638 2164 ἴνα
2690 2113 2797 2180 ζῇ·
2848 2110 2915 2161 τε
2949 2107 3154 2183 δεῖνα
3182 2101 3240 2156 εὖ
3279 2101 3376 2171 ζῇ·
3422 2099 3491 2151 τὰ

1907 2191 1984 2254 δὲ,
2015 2193 2101 2247 ἵνα
2135 2195 2220 2248 ἀεὶ
2377 2191 2535 2264 Εἷχεν
2572 2189 2665 2247 οὖν
2691 2193 2752 2246 16
2779 2194 2898 2262 ζῇν,
2935 2188 2994 2254 ἐξ
3041 2182 3115 2240 ὧν
3149 2185 3448 2266 ἐπέτρεψεν
3472 2198 3487 2212 ⁸

1908 2272 2017 2346 εἶχε
2046 2276 2105 2329 16
2134 2273 2192 2332 εὖ
2238 2264 2358 2348 ζῇν,
2390 2278 2447 2342 ἐξ
2477 2270 2551 2329 ὧν
2585 2274 2876 2328 ἐκώλυσεν.
2910 2269 3018 2324 Ἦν
3056 2269 3164 2339 γάρ
3207 2264 3264 2320 εὖ
3305 2267 3487 2348 ζῆσαι,

1909 2361 2214 2431 ἀπτόμενον
2251 2347 2350 2432 μὲν
2400 2354 2476 2413 ὧν
2522 2360 2621 2413 οὑκ
2664 2356 2937 2420 ἐκώλυσε,
2979 2354 3052 2425 μὴ
3095 2352 3400 2421 ἀπτόμενον
3433 2347 3491 2400 δὲ

1907 2437 1981 2496 ὧν
2011 2443 2273 2500 ἐκώλυσε.
2301 2444 2471 2497 Τοῦτο
2490 2440 2558 2515 ἦν
2593 2439 2652 2495 εὖ
2691 2442 2872 2512 ζῆσαι.
2915 2440 2994 2509 τῷ
3027 2439 3146 2509 Θεῷ
3178 2434 3486 2502 πεισθῆναι.

1912 2525 2129 2580 Ἔκειτο
2185 2527 2245 2580 τὸ
2292 2526 2448 2592 ξύλον
2483 2527 2584 2597 τῆς
2618 2526 2761 2593 ζωῆς
2805 2526 2864 2576 ἐν
2916 2523 3083 2594 μέσῳ,
3133 2520 3323 2586 ὥσπερ
3363 2516 3491 2586 βρα-

1910 2608 2090 2662 ϐεῖονο
2143 2610 2203 2662 16
2261 2610 2415 2674 ξύλον
2456 2612 2555 2680 τῆς
2608 2607 2891 2677 γνώσεως,
2928 2605 3002 2668 ὡς
3055 2604 3366 2670 πάλαισμα,
3413 2598 3488 2658 ὡς

1908 2692 2224 2761 γυμνάσιον.
2257 2693 2501 2758 Φυλάξας
2528 2692 2627 2762 τὴν
2660 2689 2875 2760 ἐντολὴν
2906 2690 2997 2741 ἐπὶ
3018 2687 3192 2756 τούτῳ
3221 2685 3298 2753 τῷ
3324 2683 3486 2748 ξύλῳ.

1908 2775 2204 2845 λαμϐάνεις
2233 2776 2294 2829 16
2321 2777 2592 2846 βραϐεῖον.
2626 2775 2736 2828 Καὶ
2763 2775 2860 2842 δρα
2890 2771 2949 2824 16
2981 2770 3316 2840 θαυμαστόν.
3351 2764 3489 2817 Ὅλα

1908 2857 1974 2909 16
2008 2858 2137 2922 ξύλα
2178 2858 2273 2911 τοῦ
2301 2857 2630 2929 παραδείσου
2671 2855 2856 2925 κύκλῳ
2895 2854 3171 2922 πανταχοῦ
3208 2849 3488 2919 κομῶντα,

1912 2940 2062 3012 [490]
2098 2943 2376 3010 πανταχοῦ
2411 2941 2642 3011 βρύοντα
2662 2956 2673 2970 ·
2704 2939 2772 2991 τά
2815 2939 2907 2990 δύο
2934 2937 3091 3006 μόνον
3123 2938 3180 2986 ὲν
3210 2933 3358 3012 μέσῳ
3393 2949 3490 2998 γυα-

1912 3011 2137 3091 μνάσιον
2172 3019 2237 3092 ἦν
2270 3025 2363 3076 καὶ
2405 3024 2637 3076 στάδιον.
2680 3021 2761 3073 T6
2785 3020 2971 3089 κύκλῳ
3010 3018 3185 3087 τροφὴ
3213 3011 3301 3084 ἦν.
3346 3013 3487 3065 Ἀλλ’

1908 3109 1935 3161 6
1969 3109 2065 3177 τῆς
2095 3110 2458 3178 παραϐάσεως
2492 3110 2585 3162 καὶ
2611 3107 2704 3160 τοῦ
2760 3106 2976 3175 δένδρου
3008 3103 3198 3174 καιρὸς
3230 3101 3256 3140 (1
3317 3099 3489 3167 ἑτέρῳ

1908 3193 2249 3262 ταμιευέοθω
2277 3194 2454 3262 καιρῷ
2477 3211 2491 3223 ο
2525 3193 2590 3244 τὸ
2622 3190 2678 3244 δὲ
2722 3189 3110 3261 προκείμενονο
3152 3187 3272 3252 ἄγει
3305 3187 3332 3236 6
3357 3183 3489 3244 Θεὸς

1908 3274 1976 3328 τὰ
2007 3276 2117 3339 ζῶα
2146 3277 2240 3329 ὅλα
2288 3277 2424 3347 πρὸς
2460 3275 2551 3328 τὸν
2594 3275 2788 3343 Ἀδάμ.
2833 3271 3208 3325 Ἀκουέτωσαν
3239 3270 3288 3320 οἱ
3332 3268 3488 3336 αἱρε-

1908 3358 2076 3409 τικοί·
2121 3359 2215 3411 καὶ
2260 3360 2336 3428 μὴ
2365 3358 2650 3428 θαυμάσῃς
2669 3400 2681 3421 ,
2720 3359 2767 3408 εί
2806 3356 2874 3408 δι’
2901 3353 3137 3420 ἑκάστης
3167 3351 3366 3414 λέξεως
3395 3348 3491 3402 καὶ

1906 3438 1971 3490 δι’
2005 3440 2242 3510 ἑκάστης
2277 3442 2509 3509 φωνῆςό
2549 3440 2685 3510 πρὸς
2723 3441 2844 3501 τοὺς
2872 3438 3179 3507 αἱρετικοὺς
3216 3432 3492 3486 ἀποτείνε-

1906 3538 1994 3575 ται
2037 3523 2223 3589 λόγος·
2269 3523 2357 3573 ὃιά
2388 3523 2567 3592 πάσης
2608 3522 2716 3591 γάρ
2757 3522 3080 3590 προφάσεως
3117 3513 3490 3584 κατηγοροῦν-

1913 3623 1994 3657 ἀι
2028 3607 2077 3657 οἱ
2109 3606 2247 3658 κοιτά
2286 3609 2380 3676 τῆς
2418 3605 2692 3674 βασιλείας
2716 3605 2812 3673 τῆς
2845 3602 3242 3669 δεδοξασμένης
3271 3597 3491 3670 ἐπαιρό-

1912 3705 2078 3756 μενοι.
2115 3689 2294 3753 Λίθος
2330 3689 2396 3741 ἐκ
2426 3688 2631 3756 τοίχου
2670 3686 2823 3754 βοᾷ·
2857 3686 2918 3738 οὐ
2965 3685 3138 3752 λέγω,
3181 3682 3337 3750 λόγος
3382 3680 3494 3733 ἀπὸ

1909 3785 2166 3854 Γραφῆς,
2214 3784 2367 3839 Ἰῶτα
2393 3785 2482 3847 ἓν,
2515 3785 2553 3850 ἣ
2579 3783 2688 3851 μία
2727 3782 2933 3848 κεραία
2977 3782 3038 3834 οὑ
3076 3778 3489 3850 παραλιμπάνει

1906 3870 2030 3930 τοὺς
2059 3870 2364 3938 αἱρετικοὸς
2388 3867 2738 3938 ἀμέμπτους·
2767 3864 2854 3918 διὰ
2884 3865 3099 3917 πάντων
3122 3860 3492 3934 κατηγοροῦν-

1908 3969 1996 4004 ται
2057 3955 2104 4005 οί
2134 3951 2224 4004 τὸν
2283 3953 2498 4004 πάντων
2529 3951 2804 4020 Δεσπότην
2862 3949 3202 4020 ἀρνούμενοι.
3250 3949 3489 4018 Ιῐρόσεχε

1907 4035 2107 4088 τοίνυν.
2135 4032 2242 4087 Ἦν
2274 4035 2400 4087 ἰδεῖν
2432 4034 2580 4098 ξένον
2601 4077 2614 4098 ,
2648 4033 2737 4086 τὸν
2775 4033 2945 4102 Ἀδὰμ
2976 4032 3184 4085 ἑστῶτα
3211 4071 3226 4094 ,
3276 4033 3369 4083 καὶ
3401 4031 3491 4081 τὸν

1907 4119 2039 4171 Θεὸν
2093 4120 2169 4182 ὡς
2214 4120 2492 4189 ὑπηρέτην
2545 4119 2886 4188 προσάγοντα
2933 4116 3010 4185 τῷ
3051 4116 3240 4184 Ἀδάμ.
3279 4116 3492 4182 "Ha-ure

1908 4202 2016 4271 γὰρ
2048 4205 2078 4254 ό
2122 4200 2265 4267 Θεὸς
2315 4202 2387 4254 τὰ
2429 4200 2557 4262 ζῶα.
2594 4197 2718 4253 Ὧδε
2781 4201 3014 4269 πρόσεχε
3040 4239 3054 4261 ,
3109 4199 3181 4270 μὴ
3221 4200 3286 4267 τῇ
3322 4197 3485 4262 λέξει,

1908 4284 2046 4336 ἀλλά
2074 4286 2140 4354 τῇ
2166 4284 2363 4351 ἐννοίᾳ..
2407 4284 2688 4354 Ἐννόησον
2715 4284 2805 4335 τὸν
2836 4283 3043 4335 ἑστῶτα
3074 4282 3205 4333 Θεὸν
3227 4321 3240 4341 ,
3274 4281 3367 4333 καὶ
3399 4281 3493 4331 τὸν

1922 4367 2090 4436 Ἀδὰμ
2113 4368 2492 4437 δοκιμάζοντα.
2533 4370 2859 4438 Παρήγαγεν
2886 4368 2913 4418 6
2934 4367 3065 4427 Θεὸς
3092 4364 3206 4429 ὅλα,
3238 4365 3385 4431 λέγει
3413 4364 3492 4434 τῷ

1923 4452 2092 4520 Ἀδάμ
2117 4465 2130 4479 ·
2170 4452 2304 4521 φέρε
2339 4453 2512 4504 εἰπεῖν
2534 4468 2547 4483 ·
2584 4452 2648 4503 Τί
2685 4468 2763 4503 σοι
2796 4451 2941 4503 δοκεῖ
2977 4448 3241 4519 κληθῆναι
3272 4449 3487 4512 τοῦτον;

1910 4533 2195 4587 Καλείσθω
2238 4535 2394 4588 λέων.
2435 4537 2496 4587 'U
2529 4533 2692 4600 Θεὸς,
2732 4535 2933 4603 φησὶν,
2988 4533 3285 4584 ὲτύπωσεν.
3334 4527 3488 4593 Εἶτα.

1908 4611 2060 4677 οὗτος
2088 4618 2172 4682 τί;
2205 4617 2416 4687 Ταῦρος
2443 4617 2734 4670 καλείσθω.
2764 4616 2957 4677 Καλῶς
2999 4614 3212 4676 ἔταξας.
3258 4614 3490 4684 Ὁμοίως

1908 4700 2015 4751 τῶν
2051 4699 2398 4768 καλουμένων
2453 4699 2679 4750 ἕκαστον
2711 4699 2739 4749 ὁ
2785 4698 2915 4760 Θεὸς
2948 4697 3299 4767 ἐσφράγισεν.
3331 4697 3490 4764 Λέγει

1908 4783 2014 4850 γὰρ
2069 4782 2100 4851 ἡ
2152 4781 2341 4850 Γραφή
2373 4795 2386 4807 ⁶
2439 4782 2691 4847 Ἦγαγεν
2729 4780 2882 4832 αὐτὰ
2944 4779 3092 4846 πρὸς
3147 4779 3253 4830 τὸν
3295 4778 3483 4846 Ἀδὰμ,

1911 4865 2057 4917 ἰδεῖν
2083 4865 2139 4917 τί
2163 4862 2406 4916 καλεσει
2429 4863 2600 4917 αὑτά.
2624 4863 2729 4916 Kal
2758 4861 2881 4916 πᾶν
2907 4860 2937 4914 6
2964 4863 3257 4914 ἐκάλεσεν
3291 4860 3486 4927 Ἀδάμ,

1909 4947 2082 5002 τοῦτο
2161 4948 2343 5015 ὄνομα
2421 4944 2599 5010 αὐτῷ.
2681 4945 2874 4998 Βλέπε.
2940 4943 3158 5014 Ἐπειδὴ
3233 4944 3486 5013 ἐποίησεν

1908 5030 2066 5082 αὑτὸν
2107 5031 2225 5081 κατ’
2259 5029 2442 5081 είκόνα
2467 5071 2480 5090 ,
2530 5028 2790 5096 ἠθέλησεν
2846 5029 2925 5089 είς
2965 5027 3085 5095 ὁψιν
3124 5026 3486 5096 προσενέγκαι

1910 5114 2000 5165 καὶ
2021 5114 2114 5182 τὴν
2137 5113 2318 5181 τιμὴν,
2348 5113 2440 5164 καὶ
2468 5112 2633 5174 δεῖξαι
2655 5110 2869 5178 ἀληθῶς
2899 5112 2981 5162 ὅτι
3007 5111 3159 5180 φέρει
3182 5111 3279 5178 τὴν
3303 5109 3486 5161 εἰκόνα

1908 5200 2006 5266 τῆς
2040 5196 2247 5263 σοφίας.
2282 5196 2390 5247 Καὶ
2426 5195 2588 5264 βλέπε
2622 5194 2682 5246 τὸ
2712 5195 3040 5264 θαυμαστόν.
3091 5195 3146 5246 'O
3181 5193 3311 5255 Θεὸς
3347 5209 3483 5262 προ-

1909 5281 2186 5332 ετύπωσεν
2216 5278 2394 5348 ἑαυτῷ
2424 5279 2490 5331 16
2531 5278 2799 5347 ὀνόματα·
2846 5278 3096 5330 ἐϐούλετο
3127 5277 3182 5330 δὲ
3208 5275 3482 5346 δειχθῆναι

1906 5361 1992 5414 διὰ
2020 5366 2118 5433 τῆς
2146 5363 2383 5425 είκόνος,
2408 5362 2487 5413 ὅτι
2520 5364 2798 5429 συμφωνεῖ
2820 5362 2913 5414 τοῦ
2948 5360 3116 5429 Ἀδὰμ
3143 5359 3213 5412 τά
3240 5359 3487 5426 δόγματα

1905 5448 2017 5507 τοῖς
2063 5442 2157 5496 τοῦ
2209 5441 2345 5496 Θεοῦ
2410 5444 2765 5513 βουλήμασιν.
2826 5443 3040 5513 Ἀμέλει
3095 5441 3387 5511 βουλομένη
3445 5442 3480 5510 ὴ

1907 5527 2096 5597 Γραφὴ
2131 5526 2319 5592 δεῖξαι,
2354 5527 2434 5579 ὅτι
2466 5525 2656 5588 ταῦτα,
2688 5525 2722 5578 ἃ
2750 5525 2932 5596 ἔθηκε,
2965 5527 2993 5577 ὁ
3034 5525 3160 5586 Θεὸς
3185 5522 3480 5593 προώρισε⁹

1968 5725 1994 5764 d
2019 5725 2166 5773 Pulat
2190 5722 2446 5773 Combeﬁs.
2484 5721 2751 5783 legendum
2785 5722 2937 5782 λόγος,
2971 5726 3108 5769 recte
3128 5719 3326 5781 quidem
3355 5720 3484 5770 ιερὰ

1908 5787 2069 5841 καιρὸς
2086 5785 2210 5834 forte
2241 5784 2357 5834 ferri
2381 5790 2544 5846 potest
2569 5786 2618 5833 in
2643 5791 2737 5833 tam
2760 5785 3034 5832 inaccuralo
3057 5784 3314 5845 scriptore.
